3806 6626
269 491 382 557 733

1042 499 1449 561 EXPOSITIU
1488 499 1568 561 IN
1604 500 1844 561 EPIST.
1883 499 1903 559 Ι
1944 500 2045 561 AD
2083 500 2250 565 COR.
2280 529 2354 541 -
2381 503 2541 565 CAP.
2583 504 2740 566 XIV.

3444 500 3555 564 734

267 611 465 680 ὥσπερ
517 612 548 666 ὁ
599 613 660 667 ὲν
699 616 880 668 σκότει
913 614 1244 688 καθήμενος,
1281 618 1386 680 ἓως
1438 617 1537 685 μὲν
1589 616 1651 671 οὐ
1689 614 1851 689 βλέπε

1982 616 2081 686 ipsi
2110 628 2238 675 tunc
2262 635 2548 676 accurram
2581 618 2786 689 maiore
2816 618 3126 692 cognitione
3163 633 3327 690 quam
3369 634 3551 675 nunc:

266 705 363 757 τὸν
397 704 588 774 ἥλιον,
614 706 715 759 οὐκ
746 706 905 770 αὐτὸς
942 709 1222 780 ἐπιτρέχει
1253 710 1330 781 τῷ
1368 709 1553 763 κάλλει
1582 709 1682 780 τῆς
1720 709 1875 763 ἀκτῖ-

266 812 382 860 νος,
435 794 565 848 ἀλλ’
613 796 796 868 ἐκείνη
846 798 1121 854 δείκνυσιν
1157 802 1355 872 ἑαυτὴν
1395 801 1618 855 ἐπειδὰν
1647 800 1871 873 λάμψῃ·

274 889 410 943 ὅταν
441 888 505 943 δὲ
535 890 717 960 αὐτῆς
742 891 962 961 δέξηται
988 893 1089 963 τὴν
1118 894 1317 965 αἴγλην
1339 895 1402 961 ι’,
1432 895 1553 948 τότε
1584 896 1679 948 καὶ
1710 892 1872 955 αὐτὸς

262 980 459 1033 διώκει
508 980 578 1033 τὸ
631 981 767 1051 φῶς.
798 981 969 1037 Τοῦτο
1012 978 1105 1038 οὖν
1150 986 1268 1038 ἐστι
1306 984 1402 1050 τὸ,
1460 1004 1478 1038 ι
1541 983 1740 1047 Καθὼς
1776 983 1872 1037 καὶ

259 1074 676 1147 ἐπεγνώσθηνο
713 1095 731 1128 ι
762 1076 861 1147 οὐχ
907 1077 988 1130 ὅτι
1036 1077 1210 1140 οὓτως
1241 1078 1682 1149 ἀπαραλλάκτως
1709 1076 1871 1131 αὑτὸν

260 1166 561 1237 εἰσόμεθα,
593 1168 711 1222 ἀλλ’
742 1170 822 1224 ὅτι
853 1170 1042 1239 ὥσπερ
1080 1169 1243 1233 αὐτος
1276 1172 1406 1241 ἡμῖν
1437 1169 1717 1239 ἐπέδραμε
1751 1168 1866 1235 νῦν,

261 1257 444 1322 οὕτως
486 1262 665 1332 ἡμεῖς
708 1261 947 1333 ἑξόμεθα
997 1262 1229 1316 autat?“
1273 1264 1424 1317 τότεο
1474 1263 1664 1334 ὥσπερ
1694 1264 1748 1318 εἴ
1786 1279 1870 1326 τις

263 1351 448 1423 εὑρὼν
472 1352 688 1424 βρέφος
719 1354 938 1423 εὐγενὲς
965 1354 1211 1422 ἐκτεθὲν,
1242 1356 1458 1410 ἀστεῖον
1481 1356 1559 1428 τῷ
1588 1357 1745 1421 εῖδει,
1775 1357 1873 1410 αὑ-

258 1447 353 1510 τὸς
390 1447 498 1517 μὲν
538 1449 804 1516 ἐπιγνοὺς
834 1449 992 1514 αὐτὸ,
1021 1449 1288 1514 ἀνέλοιτο,
1321 1451 1416 1503 καὶ
1441 1448 1673 1520 κομιδῆς
1706 1448 1868 1515 ἀξιώ-

263 1555 403 1604 cata,
435 1539 534 1593 καὶ
557 1541 804 1609 εὐγενῶς
827 1542 1171 1612 ἀνατρέφων,
1189 1542 1503 1597 τελευταῖον
1530 1542 1624 1595 καὶ
1653 1541 1869 1613 πλούτῳ

263 1629 605 1703 λαμπρύνοι
628 1674 644 1693 .
679 1634 776 1689 καὶ
815 1638 894 1697 είς
943 1636 1012 1689 τά
1050 1635 1296 1702 βασίλεια
1349 1635 1653 1706 εἰσαγάγῃ·
1678 1634 1739 1686 τὸ
1774 1634 1865 1702 δὲ,

259 1722 368 1786 ἕως
403 1724 512 1793 μὲν
559 1727 760 1796 νήπιον
809 1726 893 1797 εἴη
920 1768 935 1790 ,
969 1726 1184 1788 οὐδενὸς
1225 1726 1613 1784 ἐπαισθάνοιτο
1640 1725 1865 1791 τούτων,

257 1813 383 1867 οὐδὲ
406 1814 781 1885 ἐπιγινώσκοι
804 1819 903 1888 τὴν
929 1818 1346 1889 φιλανθρωπίαν
1376 1816 1471 1871 τοῦ
1500 1816 1829 1885 ἀνελομένου
1849 1833 1863 1847 ·

1976 713 2430 781 quemadmodum
2465 714 2555 782 qui
2585 713 2639 767 in
2677 712 2914 768 tenebris
2941 712 3116 777 sedet,
3139 710 3402 780 tantisper
3427 713 3554 767 dum

1977 817 2081 858 non
2108 804 2347 859 intuetur
2369 805 2561 871 solem,
2606 805 2721 875 ipse
2761 791 2867 859 non
2908 804 3148 859 accurrit
3189 803 3256 857 ad
3314 803 3557 872 pulchri-

1977 897 2218 952 tudinem
2244 897 2407 959 radii.
2437 897 2531 951 sed
2557 897 2681 953 luce
2712 896 2913 951 emissa
2948 896 3184 966 seipsum
3227 896 3415 950 radius
3463 897 3557 949 dc-

1975 996 2291 1043 tnonstrat:
2326 989 2543 1056 quando
2596 1002 2725 1042 vero
2759 988 2870 1056 ipse
2911 986 3048 1041 radii
3089 986 3347 1058 fulgorem
3396 1001 3555 1041 accc-

1977 1082 2136 1150 perit,
2160 1090 2272 1134 tum
2313 1090 2367 1134 et
2424 1080 2540 1147 ipse
2566 1080 2914 1148 persequitur
2943 1079 3149 1142 lumen.
3213 1078 3327 1135 Hoc
3386 1078 3554 1148 igitur

1972 1183 2055 1229 est
2077 1173 2217 1242 quod
2249 1172 2344 1239 ait,
2382 1192 2399 1225 ι
2428 1172 2892 1239 Quemadmodum
2922 1172 3174 1243 cognitus
3191 1186 3308 1226 sum
3338 1188 3353 1227 :
3391 1190 3412 1224 ι
3442 1187 3552 1226 non

1974 1266 2114 1334 quod
2151 1265 2338 1319 eodem
2380 1279 2605 1334 prorsus
2633 1262 2793 1319 modo
2832 1263 3007 1332 ipsum
3045 1277 3423 1332 agnoscemus,
3453 1278 3552 1316 ve-

1979 1372 2097 1411 rum
2136 1356 2278 1425 quod
2311 1357 2454 1412 sient
2482 1357 2594 1427 ipse
2626 1354 2692 1411 ad
2730 1370 2831 1409 nos
2871 1370 3011 1410 nunc
3033 1355 3350 1421 accesserit,
3377 1355 3456 1413 sic
3497 1364 3552 1411 et

1973 1462 2072 1502 nos
2103 1459 2230 1503 tunc
2259 1447 2619 1519 adiungentur
2652 1446 2774 1516 ipsi.
2815 1443 2995 1501 Veluti
3035 1447 3077 1501 si
3114 1444 3235 1517 quis
3266 1446 3551 1501 inveniens

1974 1542 2265 1611 ingenuum
2299 1539 2560 1595 infantem
2591 1540 2924 1609 expositum,
2970 1539 3141 1594 forma
3188 1539 3444 1593 blandum
3493 1547 3551 1595 et

1970 1635 2348 1704 conspicuum,
2373 1634 2488 1704 ipse
2516 1633 2734 1703 quidem
2760 1633 3018 1688 infantem
3041 1647 3343 1704 agnoscens
3372 1631 3545 1696 tollat,

1969 1726 2397 1794 educationeque
2427 1725 2703 1792 dignetur,
2727 1726 3010 1796 ipsumque
3027 1726 3260 1796 ingenue
3283 1729 3548 1785 educans.

1972 1807 2184 1873 tandem
2220 1820 2415 1890 opibus
2472 1820 2816 1888 splendidum
2878 1820 3087 1881 reddat,
3128 1826 3184 1874 et
3236 1818 3301 1873 ad
3337 1818 3543 1888 regiam

260 1904 498 1959 ἐπειδὰν
552 1907 614 1961 δὲ
661 1909 961 1981 ἀνδρωθείη
988 1910 1059 1975 ⁸ο,
1109 1908 1412 1980 τηνικαῦτα
1470 1907 1722 1979 ὲπιγνοίη
1772 1907 1860 1962 τὸν

1978 1910 2318 1965 iutroducat:
2350 1926 2413 1965 ac
2452 1927 2585 1981 puer
2617 1912 2855 1982 quandiu
2888 1910 3066 1965 infans
3100 1909 3382 1973 manserit,
3416 1908 3549 1962 nihil

260 1997 605 2071 εὐεργέτην,
638 2000 732 2055 καὶ
774 1999 941 2066 ἀξίως
983 2000 1147 2057 αὐτὸν
1197 2001 1561 2073 ἀγαπήσειεν.
1609 1999 1741 2053 Ἰδού
1782 2016 1860 2053 σοι

1978 2003 2161 2057 borum
2206 2003 2430 2068 sentiat,
2489 2019 2666 2073 neque
2701 2004 2939 2058 tollentis
2990 2009 3251 2072 agnoscat
3299 2000 3550 2058 humaui-

262 2089 355 2146 διά
383 2090 486 2147 τοῦ
517 2091 929 2165 ὐποδείγματος
960 2092 1300 2163 πεφώτισται
1337 2093 1398 2148 τὸ
1429 2090 1864 2163 συσκιαζόμενον

260 2182 319 2238 ἓν
350 2182 435 2254 τῷ
471 2183 657 2257 ῥητῷ.

345 2488 365 2521 ι
407 2468 563 2525 Νυνὶ
594 2468 657 2526 δὲ
706 2470 858 2543 μένει
905 2470 1112 2538 πίστις,
1146 2472 1325 2540 ἐλπὶς,
1371 2473 1588 2545 ἀγάπη,
1618 2472 1688 2528 τά
1735 2471 1863 2544 τρία

264 2559 483 2618 ταῦτα·
525 2563 736 2635 μείζων
767 2563 824 2617 δὲ
854 2563 1065 2620 τούτων
1095 2566 1128 2636 ἡ
1157 2565 1370 2637 ἀγάπη.
1409 2584 1428 2618 ι
1466 2567 1588 2620 Εἰσὶ
1630 2567 1728 2638 μὲν
1767 2565 1862 2621 οὖν

265 2653 363 2709 καὶ
388 2653 676 2723 γλῶσσαι,
704 2657 799 2710 καὶ
838 2652 1189 2728 προφητεῖαι,
1244 2658 1341 2712 καὶ
1376 2656 1629 2727 γνώσεις,
1669 2658 1720 2713 εἰ
1768 2659 1863 2713 καὶ

265 2746 517 2820 ἀμυδραί
550 2750 696 2808 εἰσιν
741 2749 881 2822 πλὴν
908 2750 1010 2821 τῆς
1042 2750 1280 2816 πίστεως
1316 2750 1572 2822 χεθείσης
1608 2753 1689 2817 είς
1719 2751 1860 2806 πάν-

262 2856 385 2906 τας,
416 2838 500 2905 ὡς
530 2841 630 2895 καὶ
661 2842 920 2912 ἀνωτέρω
947 2843 1188 2915 εἴρηται,
1218 2844 1398 2916 πάντη
1420 2844 1466 2877 ³⁸
1494 2845 1857 2916 ἀργήσουσιν·

263 2933 298 3003 ἠ
333 2931 525 3004 μέντοι
563 2933 783 2999 πίστις,
821 2936 854 3005 ὴ
906 2935 1099 3000 ἐλπὶς,
1147 2938 1180 3007 ἠ
1212 2936 1428 3009 ἀγάπη,
1483 2939 1861 3011 μονιμώτεραι

262 3023 476 3081 τούτων
520 3025 714 3098 (τοῦτο
741 3027 848 3099 γάρ
878 3028 1134 3097 σημαίνει
1170 3027 1257 3082 διά
1295 3028 1391 3083 τοῦ
1423 3029 1631 3083 εἰπεῖν’
1665 3048 1684 3082 ι
1723 3029 1861 3084 Νυνὶ

267 3116 327 3173 δὲ
368 3117 548 3188 μένει.
591 3138 612 3172 ι
642 3118 738 3191 τὴν
791 3119 1127 3190 μρνιμότητα
1163 3119 1339 3190 δηλῶν
1368 3120 1476 3175 τῶν
1504 3120 1729 3192 τριῶν),
1765 3119 1861 3176 κα)⁵

269 3208 482 3266 τούτων
511 3209 572 3267 δὲ
604 3211 790 3266 αὐτῶν
833 3212 1037 3280 μείζων
1071 3214 1105 3282 ἡ
1156 3213 1345 3284 ἀγάπη
1368 3255 1386 3284 ,
1420 3214 1612 3286 ἐπειδὴ
1646 3215 1741 3269 καὶ
1779 3215 1860 3278 είς

271 3301 366 3359 τὸν
395 3303 673 3375 μέλλοντα
695 3303 871 3359 αίῶνα
906 3303 1350 3374 παρεκτείνεται.

340 3480 394 3558 [ε
424 3483 572 3539 Νυνὶ
609 3482 667 3536 δὲ
712 3482 862 3553 μένει
895 3482 1098 3547 πίστις,
1144 3483 1324 3547 ἐλπὶς,
1359 3482 1571 3555 ἀγάπη,
1610 3483 1679 3538 τὰ
1729 3482 1859 3556 τρία

271 3577 467 3637 ταῦτα,
506 3595 527 3630 ι
572 3575 845 3634 Ἐνταῦθα
874 3575 955 3640 δὲ,
998 3576 1155 3647 φησὶ,
1207 3576 1563 3648 μονιμώτερα
1605 3577 1714 3631 είσι
1764 3575 1860 3629 πί-

274 3684 411 3732 στις,
440 3668 625 3733 ἐλπὶς,
668 3669 880 3739 ἀγάπη.
919 3667 1034 3736 Τῆς
1083 3667 1324 3733 πίστεως
1373 3668 1484 3740 γάρ
1535 3666 1634 3723 τοῦ
1685 3669 1860 3740 κηρύ-

271 3761 617 3835 γματος,·ὡς
646 3760 885 3832 εἴρηται,
938 3760 1220 3831 πανταχοῦ
1266 3760 1633 3830 διαδοθείσης,
1666 3761 1723 3815 αἱ
1757 3762 1857 3832 μὲν

182 3846 185 3849 ’
279 3850 528 3923 γλῶσσαι
588 3852 684 3907 καὶ
717 3854 773 3905 at
840 3853 1169 3923 προφητεῖαι
1214 3851 1311 3905 καὶ
1356 3851 1428 3906 τὰ
1481 3850 1646 3906 λοιπά
1694 3852 1856 3923 χαρί-

279 3959 460 4012 σματα
534 3942 929 4014 παυθήσονται.
972 3942 1038 3996 Ἦ
1101 3943 1288 4007 πίστις
1347 3941 1427 4006 δὲ,
1483 3943 1516 4013 ἡ
1561 3944 1690 4015 περὶ
1751 3944 1859 3997 τῶν

278 4033 610 4104 μελλόντων,
643 4034 743 4105 τῆς
784 4051 845 4089 τε
883 4033 1123 4107 κρίσεως
1152 4035 1249 4088 καὶ
1286 4034 1727 4098 ἀνταποδόσεως,
1764 4035 1858 4092 καὶ

276 4127 311 4198 ἡ
340 4127 499 4193 ιλπὶς
521 4126 634 4182 τῶν
660 4125 928 4199 ἀμοιὸῶν,
962 4127 1061 4181 καὶ
1093 4127 1127 4198 ἡ
1160 4125 1299 4197 πρὸς
1340 4125 1611 4197 ἀλλήλους
1640 4126 1857 4200 ἀγάπη,

281 4221 434 4289 μενεῖ
458 4219 628 4291 μέχρι
665 4218 1000 4283 συντελείας,
1029 4217 1107 4282 ὡς
1148 4218 1573 4289 χρειωδεστέρα.

350 4329 371 4366 ι
404 4312 630 4379 Μείζων
658 4311 715 4366 δὲ
737 4310 945 4375 τούτων
972 4312 1006 4380 ἡ
1050 4310 1262 4383 ἀγάπη.
1293 4329 1312 4363 ι
1351 4310 1569 4367 Τούτων
1596 4311 1654 4365 δὲ
1693 4312 1859 4366 πάλιν

278 4401 386 4458 τῶν
408 4403 805 4475 μονιμωτέρων
848 4402 1297 4473 κατορθωμάτων
1343 4402 1547 4473 μείζων
1576 4404 1610 4473 ἡ
1639 4404 1855 4474 ἀγάπη.

279 4494 393 4565 Τῆς
456 4496 774 4561 συντελείας
808 4495 919 4566 γάρ
969 4496 1314 4566 ἐλθούσης,ἡ
1352 4495 1453 4566 μὲν
1516 4495 1705 4559 πίστις
1761 4496 1857 4550 καὶ

284 4587 437 4653 tm;
470 4586 848 4659 παυθήσονται
870 4604 885 4618 ⁸
921 4588 955 4658 ἡ
986 4587 1044 4640 δὲ
1070 4586 1260 4652 ἀγάπη
1293 4588 1465 4657 μενεῖ,
1491 4587 1860 4660 κραταιοτέρα

282 4681 545 4759 γινομένη
580 4679 677 4739 καὶ
704 4679 1062 4751 σφοδροτέρα.
1098 4676 1550 4750 ϐοώΑηιηάεΜ

873 4792 1129 4849 ΚΕΦΑΛ.
1165 4791 1264 4849 ΙΔ’.

355 4925 377 4965 1
419 4906 655 4962 Διώκετε
682 4906 780 4977 τὴν
812 4906 1059 4976 ἀγάπην.
1122 4923 1140 4956 ι
1195 4903 1417 4975 Ἐπειδὴ
1482 4904 1627 4975 μέγα
1670 4905 1863 4975 χρῆμα

287 4996 533 5064 ἀπέδειξε
575 4998 800 5067 ταύτην,
856 4995 1226 5069 προτρέπεται
1277 4994 1465 5048 λοιπὸν
1512 4995 1600 5049 ἐπ’
1648 4995 1851 5065 αὑτήν.

286 5089 397 5145 Οὐκ
437 5072 560 5146 εἶπε
591 5091 669 5156 δὲ,
723 5091 805 5144 ὅτι
852 5088 1225 5144 ’Δκολουθεῖτε
1273 5088 1436 5159 αὐτῇ,
1464 5087 1623 5154 ἀλλά,
1657 5107 1677 5140 ι
1727 5087 1864 5141 Attii—

290 5198 435 5248 κετε,
474 5203 493 5237 ι
510 5182 609 5255 τὴν
631 5182 1029 5253 ἐπιτεταμένην
1053 5179 1291 5252 σπουδὴν
1317 5179 1589 5235 ἀπαιτῶν.
1641 5181 1862 5250 Πέφυγε

289 5272 394 5344 γάρ
422 5273 481 5340 ἐξ
508 5275 685 5346 ἡμῶν,
717 5274 812 5329 καὶ
839 5273 1038 5329 πολλοῦ
1066 5275 1230 5347 χρεία
1263 5273 1492 5347 δρόμου,
1521 5274 1611 5329 ἵνα
1645 5273 1861 5344 φθάσω-

298 5378 389 5431 μεν
411 5364 637 5438 ταύτην.

368 5556 386 5590 ι
420 5541 654 5611 Ζηλοῢτε
683 5541 741 5594 δὲ
766 5540 837 5596 τά
857 5542 1243 5614 πνευματικάε
1270 5542 1474 5613 μᾶλλον
1498 5543 1579 5609 δὲ,
1610 5544 1700 5599 ἵνα
1723 5562 1859 5615 προ.-

298 5631 579 5702 φητεύητε.
622 5652 642 5686 ι
678 5633 801 5688 ἰνα
829 5632 906 5704 μὴ
938 5634 1258 5703 νομίσωσιν,
1288 5636 1372 5691 ὅτι
1397 5636 1485 5691 διά
1507 5634 1669 5691 τοῦτο
1696 5637 1863 5709 ἐξῆρε

303 5718 393 5792 τὴν
412 5724 653 5797 ἀγάπην,
679 5723 768 5779 ἵνα
789 5725 958 5798 σόέσῃ
979 5724 1047 5780 τὰ
1068 5726 1405 5807 χαρίσματα,
1430 5728 1625 5798 ἐπάγει
1650 5745 1664 5760 ·
1704 5749 1723 5781 ι
1758 5732 1868 5801 Ζη-

1970 2102 2129 2148 tatem
2158 2110 2173 2146 :
2202 2093 2363 2149 simul
2390 2108 2456 2149 ac
2473 2110 2601 2150 vero
2617 2095 2941 2160 adoleverit,
2961 2093 3363 2149 henefactorem
3386 2108 3552 2163 agno-

1965 2194 2105 2253 scat,
2136 2187 2424 2258 dignisque
2458 2202 2581 2241 eum
2619 2184 2896 2241 beneficiis
2925 2191 3309 2256 prosequatur.
3346 2182 3422 2237 En
3446 2184 3548 2239 hoc

1959 2278 2073 2347 jam
2128 2277 2378 2349 exemplo
2417 2277 2749 2333 illustratum
2804 2287 2913 2345 est,
2982 2277 3125 2347 quod
3164 2275 3545 2331 adumbratum

1965 2368 2090 2425 fuit.

2034 2461 2203 2520 Vens.
2249 2462 2336 2518 15.
2364 2482 2382 2514 ‹
2414 2461 2573 2518 Nunc
2598 2468 2779 2517 autem
2813 2467 2996 2516 manet
3025 2460 3182 2527 ﬁdes,
3214 2474 3363 2530 spes,
3384 2458 3550 2530 206

1964 2555 2230 2621 Charitas,
2269 2555 2371 2609 tria
2414 2556 2549 2623 haec,
2588 2556 2682 2611 sed
2721 2554 2961 2610 maxima
2998 2553 3049 2607 iu
3085 2552 3174 2608 bis
3215 2553 3479 2608 charitas.
3520 2570 3539 2603 ι

1965 2645 2107 2699 Sunt
2151 2645 2372 2716 quidem
2428 2646 2730 2699 etiamnum
2788 2643 2985 2714 linguae
3030 2651 3086 2697 et
3139 2641 3441 2713 prophetia:
3490 2650 3546 2695 et

1962 2737 2226 2802 scientiae,
2257 2737 2366 2792 sint
2395 2736 2520 2793 licet
2579 2737 2867 2791 obscurae:
2924 2733 3073 2804 atqui
3107 2732 3212 2788 fide
3262 2733 3316 2787 in
3350 2747 3544 2787 omnes

1964 2828 2177 2895 diffusa,
2207 2837 2266 2882 ut
2293 2843 2455 2898 supra
2485 2829 2687 2883 dictum
2713 2836 2820 2894 est,
2843 2827 3066 2882 omnino
3079 2825 3370 2882 cessabunt
3392 2842 3405 2878 :
3424 2825 3541 2892 ipsa

1967 2931 2143 2976 tatnen
2188 2920 2340 2987 fides,
2398 2935 2523 2991 spes
2588 2929 2640 2974 et
2691 2919 2951 2983 charit’as,
2999 2917 3119 2971 istis
3175 2916 3543 2970 diuturniores

1964 3020 2093 3064 sunt
2145 3010 2222 3080 (id
2253 3010 2398 3064 enim
2429 3008 2705 3079 significat
2737 3024 2832 3079 per
2860 3007 2962 3064 hoc
2994 3005 3137 3075 quod
3183 3005 3282 3070 ait,
3321 3024 3342 3057 ι
3385 3004 3544 3067 Nunc

1963 3112 2142 3155 autem
2177 3110 2379 3166 manet,
2413 3119 2433 3153 ι
2473 3103 2635 3156 trium
2673 3101 2900 3156 istorum
2950 3097 3293 3153 durationem
3334 3110 3398 3150 ac
3431 3105 3544 3150 sta-

1965 3194 2228 3248 bilitatem
2253 3193 2594 3259 denuntians)
2623 3211 2639 3261 ;
2690 3202 2853 3262 atque
2878 3192 3017 3246 inter
3040 3190 3156 3246 hate
3174 3189 3274 3243 tria
3300 3187 3542 3244 cbaritas

1967 3289 2201 3344 maxima
2226 3298 2331 3355 est,
2361 3286 2800 3359 quandoquidem
2836 3294 2892 3341 et
2922 3284 2973 3339 in
3016 3283 3255 3338 futurum
3281 3280 3541 3337 saeculum

1963 3381 2314 3438 extendatur.

2040 3490 2059 3524 ι
2085 3469 2248 3526 Vens.
2267 3468 2363 3524 I5.
2399 3485 2419 3520 ι
2448 3467 2601 3523 Nunc
2616 3476 2796 3523 autem
2829 3477 3004 3521 manet
3054 3465 3209 3528 fides,
3234 3478 3379 3533 spes,
3403 3462 3540 3518 cha-

1962 3561 2121 3626 ritas,
2164 3560 2266 3615 tria
2317 3559 2454 3614 luec.
2493 3576 2511 3610 ι
2583 3556 2695 3612 Hoc
2729 3557 2782 3612 in
2848 3557 2966 3610 loco
3014 3554 3091 3609 ait
3143 3553 3325 3622 ﬁdem,
3362 3568 3535 3623 spem,

1960 3652 2283 3709 charitatem
2349 3648 2684 3704 durabiliora
2715 3662 2861 3703 esse.
2894 3645 3029 3701 Nam
3058 3646 3163 3700 fide
3196 3644 3540 3714 praedicatio-

1959 3746 2044 3801 nis
2077 3743 2278 3811 ubique
2301 3741 2679 3806 disseminata,
2709 3740 2783 3796 uti
2822 3740 3023 3795 dictum
3054 3747 3158 3804 est,
3184 3737 3387 3806 linguae
3409 3736 3536 3807 qui-

1959 3839 2080 3895 dem
2110 3848 2165 3892 et
2189 3836 2489 3906 pr0phctize
2538 3843 2852 3905 creteraque
2906 3834 3047 3887 dona
3098 3830 3408 3886 cessabunt.
3444 3826 3539 3883 Fi-

1961 3929 2056 3986 des
2087 3943 2240 3996 vero,
2266 3943 2384 4001 qum
2407 3937 2490 3983 est
2518 3928 2582 3982 de
2612 3927 2773 3981 rebus
2795 3925 2992 3979 futuris
3028 3932 3085 3979 et
3117 3923 3182 3977 de
3223 3920 3432 3993 judicio
3465 3936 3529 3974 ac

1962 4022 2342 4089 retributione,
2367 4036 2467 4076 nec
2493 4035 2597 4077 non
2625 4035 2749 4091 spes
2771 4019 2979 4090 praemii
3002 4026 3057 4073 et
3083 4025 3269 4072 mutua
3293 4014 3534 4080 dilectio,

1962 4125 2147 4187 utpote
2207 4116 2379 4186 magis
2412 4116 2744 4180 necessaria,
2782 4112 2850 4168 ad
2883 4108 3409 4166 consummationem
3443 4121 3538 4161 us-

1960 4225 2065 4287 que
2086 4210 2506 4280 permanebunt.

2033 4323 2052 4356 ι
2081 4302 2188 4358 Sed
2220 4302 2456 4357 maxima
2491 4299 2543 4354 in
2566 4300 2651 4354 his
2678 4298 2946 4353 charitas.
2991 4315 3009 4348 ι
3055 4299 3287 4350 dursum
3320 4306 3387 4346 ex
3418 4290 3540 4346 istis

1960 4394 2252 4450 virtutibus
2275 4409 2395 4463 qua:
2419 4391 2780 4446 durabiliores
2804 4398 2951 4455 sunt,
2977 4388 3148 4459 major
3171 4395 3253 4441 est
3274 4382 3538 4441 Charitas.

1961 4486 2095 4541 Nam
2137 4485 2243 4540 fine
2269 4482 2592 4538 adveniente
2646 4482 2778 4536 fides
2815 4495 2947 4537 sane
2971 4494 3034 4533 ac
3065 4492 3192 4549 spes
3225 4477 3537 4536 cessabunt,

1962 4577 2204 4634 charitas
2228 4585 2430 4641 autem,
2465 4584 2653 4644 utpote
2687 4574 2880 4630 fortior
2901 4580 2953 4628 et
2984 4568 3359 4627 vehementior
3407 4566 3532 4622 red-

1894 4675 1938 4730 D
1964 4674 2098 4736 dita.
2121 4671 2485 4744 permanebit.

2548 4781 2777 4841 CAPUT
2815 4780 2957 4838 XIV.

2039 4902 2206 4959 Vsus.
2240 4902 2293 4958 1.
2333 4920 2353 4955 ι
2393 4899 2697 4956 Sectamini
2750 4898 3101 4953 charitatem.
3156 4915 3175 4948 ι
3236 4894 3371 4961 Quia
3426 4906 3539 4947 rem

1964 5009 2085 5051 esse
2120 4994 2346 5048 arduam
2389 4988 2711 5046 charitafem
2757 4987 3176 5051 demonstravit,
3209 4984 3538 5038 adhortatur

1967 5088 2224 5157 deinceps
2252 5086 2320 5140 ad
2348 5100 2493 5140 eam.
2523 5083 2640 5140 Non
2668 5092 2848 5138 autem
2881 5081 3038 5145 dixit,
3067 5077 3365 5147 Sequimini
3394 5091 3538 5139 eam,

1968 5181 2086 5245 sed,
2107 5177 2367 5242 Διὼκετε,
2396 5176 2448 5231 id
2487 5185 2570 5232 est
2630 5167 2916 5231 sectamini
2968 5172 3084 5226 sive
3113 5166 3541 5238 persequimini;

1969 5273 2348 5328 vehementem
2387 5276 2643 5325 conatum
2691 5276 2857 5335 atque
2888 5262 3224 5329 diligentiam
3252 5269 3539 5327 expetens.

1969 5362 2167 5435 Effugit
2192 5362 2337 5418 enim
2370 5376 2399 5414 a
2428 5358 2604 5425 nobis,
2636 5371 2809 5427 quare
2841 5354 3011 5410 multo
3049 5366 3215 5409 cursu
3246 5366 3383 5420 opus
3434 5360 3541 5417 est,

1972 5465 2031 5511 ut
2053 5470 2174 5509 eam
2211 5465 2590 5520 assequamur.

2045 5564 2064 5599 ι
2096 5541 2451 5600 Ᾱῖιιιιιιιαηιὶιιί
2488 5538 2816 5611 spiritualia,
2866 5537 3041 5608 magis
3073 5544 3253 5590 autem
3304 5545 3360 5589 ut
3416 5550 3546 5601 pm-

1967 5636 2220 5709 phetetis.
2265 5652 2285 5687 i
2322 5631 2402 5688 Ne
2454 5632 2791 5687 arbitrentur
2834 5630 2979 5701 quod
3016 5637 3303 5699 propterea
3340 5626 3548 5685 chari-

1968 5737 2133 5785 tatem
2173 5725 2390 5795 extulit,
2455 5732 2515 5782 ut
2567 5723 2882 5793 eutiuguat
2941 5717 3305 5789 charismata,
3356 5720 3542 5785 infert,

1649 5848 1845 5910 Variae
1881 5847 2204 5913 lectiones.

372 5960 411 6011 i'
440 5965 611 6052 αὐγήν
633 5983 685 6027 o.
762 5969 805 6003 ¹⁹
838 5966 988 6040 αὐτῷ
1016 5984 1069 6026 o.
1146 5970 1190 6002 ²⁰
1221 5967 1509 6041 segnem,
1538 5987 1588 6026 ο.
1667 5973 1708 6004 ¹¹
1739 5972 1940 6039 πάντες
1964 5988 2021 6029 o.
