3806 6628
251 438 361 507 735

1167 433 1743 499 TIIEOPHYLACTI
1782 437 2195 499 BULGARLE
2231 438 2584 499 ARClIlEP.

3397 428 3507 496 735

258 572 282 610 ι
322 553 676 611 .Emulatniui
726 550 1050 622 spiritualia,
1099 571 1117 604 ι
1168 553 1268 607 hoc
1322 564 1426 614 est.
1462 555 1821 620 charismata,

1947 556 2082 609 ,οὗτε
2117 556 2184 610 τὰ
2218 556 2597 626 πνευματικὰ.
2654 570 2674 605 ι
2719 549 3003 611 τουτέστι,
3038 547 3106 601 τὰ
3158 545 3507 617 χαρίσματα,

251 665 365 719 ικαὶ
398 647 607 701 caeteris
648 655 828 700 autem
877 644 1242 714 pr0phetiam.
1301 644 1412 700 Hoc
1451 652 1632 705 autent
1690 647 1827 701 dixit

253 741 561 810 linguarum
635 752 822 804 causa,
897 753 1128 806 quarum
1210 738 1428 793 nomine
1504 750 1825 812 arrogantes

252 838 428 885 erant.

322 918 488 976 Vens.
511 918 566 986 2,
589 920 643 976 3.
674 938 692 971 ι
733 919 834 990 Qui
864 919 1009 974 enim
1035 920 1215 992 lingua
1234 922 1495 989 loquitur,
1514 923 1825 981 hominibus

252 1011 642 1080 nonloqnitnr,
678 1013 770 1065 sed
818 1011 949 1067 Deo.
1005 1012 1179 1067 Nemo
1211 1013 1357 1068 enim
1389 1015 1573 1071 audit:
1620 1015 1824 1083 Spiritu

252 1112 431 1157 autem
456 1101 693 1171 loquitur
724 1105 1003 1174 mysteria.
1027 1106 1128 1171 Qui
1155 1121 1280 1159 vero
1304 1108 1610 1175 prophetat,
1645 1108 1825 1163 homi-

252 1196 408 1250 nibus
440 1196 683 1262 loquitur
715 1197 1124 1252 :edilicationem
1175 1207 1230 1253 et
1274 1200 1708 1257 adhortationem
1769 1215 1826 1257 et

254 1285 698 1341 consolationem.
743 1306 760 1339 ι
819 1287 1055 1359 Linguas
1092 1303 1214 1343 cum
1258 1290 1540 1359 prephetia
1592 1290 1821 1355 confert,

252 1378 598 1447 ostenditque
665 1394 758 1433 eas
802 1395 895 1447 per
938 1394 998 1435 se
1058 1396 1237 1451 neque
1293 1385 1513 1438 omnino
1578 1385 1820 1449 inutiles,

254 1485 427 1539 neque
455 1470 676 1527 omnino
709 1473 1043 1528 commodas.
1081 1493 1101 1527 ι
1133 1473 1250 1529 Νοη
1289 1495 1307 1528 ι
1342 1478 1486 1531 enim
1523 1496 1542 1529 ι
1589 1479 1826 1533 homini-

255 1560 354 1615 hus
394 1562 706 1629 loquuntur.
740 1565 832 1616 sed
882 1564 1034 1619 Deo:
1077 1584 1096 1617 ι
1124 1566 1225 1623 hoc
1242 1578 1349 1628 est.
1391 1584 1497 1623 non
1551 1570 1825 1624 intellectu

253 1648 428 1703 lin-ilia
447 1660 499 1705 et
515 1659 695 1721 aperta
716 1652 1023 1709 hominibus
1039 1654 1255 1724 dicunt;
1274 1666 1529 1713 caeterum
1552 1659 1605 1713 in
1622 1658 1825 1727 Spiritu

254 1748 441 1793 sancto
469 1741 764 1812 loquuntur
796 1747 1073 1811 mysteria.
1097 1746 1373 1814 Quatenus
1401 1751 1583 1821 itaque
1615 1768 1682 1809 ex
1709 1752 1828 1824 Spi-

252 1831 358 1887 ritu
374 1833 679 1905 loquuntur,
698 1851 783 1890 res
798 1837 1036 1905 profecto
1052 1848 1134 1892 est
1151 1841 1316 1895 ardua
1334 1857 1346 1893 :
1361 1853 1627 1911 quatenus
1645 1857 1820 1899 autem

259 1923 569 1980 hominibus
597 1940 700 1980 non
728 1929 967 1996 prodest,
998 1928 1220 1985 inferior
1249 1940 1333 1987 est
1358 1936 1662 2005 prophetia.
1692 1935 1825 1991 Nam

256 2014 345 2070 illa
373 2027 427 2072 et
464 2032 527 2070 ex
557 2018 761 2089 Spiritu
788 2029 892 2086 est,
927 2032 983 2075 et
1038 2024 1393 2091 commodior,
1439 2042 1552 2094 eos,
1588 2029 1679 2099 qui
1722 2046 1826 2084 non

257 2117 387 2161 sunt
413 2109 661 2174 stabiliti,
690 2112 981 2179 aediﬁcans,
1002 2115 1280 2185 segniores
1304 2117 1598 2174 adhortans
1617 2121 1829 2176 etexci-

259 2208 397 2262 uuis,
451 2200 818 2268 pusillanimes
869 2203 1117 2258 animans
1167 2215 1221 2259 et
1268 2208 1572 2263 consolans.
1620 2208 1829 2281 Ubique

255 2302 384 2358 ergo
432 2286 626 2346 Paulus
656 2292 957 2361 illudponit
979 2294 1175 2365 majus,
1216 2298 1359 2366 quod
1378 2309 1463 2354 est
1492 2299 1700 2356 utilius.

329 2463 497 2520 Vens.
538 2465 591 2521 4.
624 2486 643 2519 ι
670 2466 769 2535 Qui
802 2468 1041 2539 loquitur
1064 2471 1267 2544 lingua,
1290 2474 1531 2545 seipsum
1551 2477 1783 2532 mdillcat
1812 2494 1826 2531 :

257 2559 348 2626 qui
384 2562 917 2631 autem.pr0phetat,
971 2563 1269 2620 Ecclesium
1315 2566 1569 2625 mdilicat.
1611 2588 1631 2622 ι
1679 2569 1827 2625 Multi

258 2651 454 2722 linguis
484 2652 763 2723 loquentes
834 2672 941 2712 non
990 2667 1238 2727 poterant
1299 2662 1421 2720 aliis
1474 2661 1829 2734 interpretari

258 2760 378 2813 quae
405 2746 667 2802 dicerent.
709 2747 802 2802 Isti
831 2749 996 2827 igitur
1026 2757 1268 2827 sibiipsis
1294 2758 1426 2814 solis
1466 2754 1624 2812 utiles
1650 2767 1823 2810 erant.

259 2836 360 2908 Qui
417 2844 602 2897 autem
649 2846 956 2914 prophetat,
993 2862 1183 2902 omnes
1237 2848 1520 2904 audientes
1581 2849 1827 2919 iuvabat.

261 2932 478 2999 Quanto
539 2935 704 3004 igitur
750 2939 1098 3007 prmstantius
1150 2949 1234 2996 est
1288 2940 1587 2999 Ecclesium
1637 2945 1829 3014 juVure

261 3027 441 3093 potius
466 3043 629 3098 quant
661 3046 850 3095 unum,
874 3040 1026 3088 tanto
1053 3034 1219 3088 etiam
1244 3035 1443 3107 linguis
1474 3037 1828 3093 excellentior

258 3130 343 3173 cst
372 3120 682 3190 prophetia.

1936 645 2230 716 ἐξαιρέτως
2281 645 2337 699 δὲ
2379 645 2479 716 τὴν
2518 641 2879 721 προφητείαν.
2930 637 3097 692 Τοῦτο
3131 634 3191 690 δὲ
3246 633 3395 700 εἷπε,
3429 632 3514 687 διὰ

1930 740 2029 804 τὰς
2055 739 2330 809 γλώσσας,
2364 737 2448 806 ἐφ’
2477 731 2565 801 αἷς
2598 734 2755 789 αὐτοὶ
2785 731 3203 805 ἠλαζονεύοντο.

2013 936 2032 969 ι
2088 916 2147 972 ’0
2191 916 2299 986 γὰρ
2325 914 2501 967 λαλῶν
2550 911 2794 986 γλώσσῃ,
2827 912 2925 965 οὐκ
2972 909 3293 979 ἀνθρώποις
3322 905 3516 971 λαλεῖ,

1938 1009 2074 1064 ἀλλὰ
2107 1009 2184 1080 τῷ
2219 1008 2360 1081 Θεῷ.
2399 1008 2590 1072 Οὐδεὶς
2616 1009 2726 1079 γὰρ
2754 1006 2970 1060 ἀκούει.
3024 1006 3316 1075 ιῐνεύματι
3349 1005 3407 1058 δὲ
3436 1004 3522 1056 λαο

1934 1103 2019 1157 λετ
2053 1104 2348 1173 μυστήρια.
2392 1102 2451 1156 Ὀ
2486 1101 2543 1155 δὲ
2593 1099 2983 1172 προφητεύων,
3018 1098 3342 1169 ἀνθρώποις
3372 1096 3523 1151 λαλεί

1936 1189 2226 1263 οἰκοδομὴν
2258 1192 2352 1245 καὶ
2386 1191 2736 1262 παράκλησιν
2776 1192 2871 1246 καὶ
2902 1190 3292 1259 παραμυθίαν.
3334 1207 3354 1239 ι
3388 1189 3523 1257 Συγ-

1936 1283 2112 1356 κρίνει
2145 1282 2244 1347 τὰς
2274 1282 2533 1351 γλώσσας
2566 1282 2703 1353 πρὸς
2729 1282 2830 1353 τὴν
2864 1281 3229 1353 προφητείαν,
3266 1279 3362 1334 καὶ
3402 1278 3522 1333 οὔτε

1938 1376 2115 1447 πάντη
2146 1375 2455 1446 ἀχρήστους
2485 1374 2724 1429 δείκνυσι
2743 1371 2968 1439 ταύταςι
3003 1370 3127 1427 οὔτε
3162 1372 3351 1442 πάντη
3381 1370 3524 1441 ὠφε-

1934 1467 2128 1539 λίμους
2177 1467 2302 1521 καθ’
2333 1467 2555 1531 ἑαυτάς.
2609 1468 2687 1522 Οὐ
2720 1465 2831 1539 γὰρ
2875 1463 3190 1534 ἀνθρώποις
3238 1461 3519 1527 λαλοῦσιν,

1936 1559 2075 1615 ἀλλὰ
2104 1558 2180 1630 τῷ
2206 1558 2329 1631 Θεῷ
2351 1575 2366 1591 ο
2396 1560 2702 1628 τουτέστιν,
2749 1561 2852 1614 οὐκ
2878 1558 3114 1629 εὒνόητα
3152 1556 3387 1626 λέγουσι
3411 1556 3523 1617 τοῖς

1937 1650 2249 1723 ἀνθρώποις
2275 1651 2370 1705 καὶ
2397 1653 2565 1722 σαφῆ,
2592 1652 2706 1706 ἀλλ’
2735 1653 2794 1706 ἐν
2819 1651 2959 1721 ἁγίῳ
2987 1650 3274 1721 Πνεύματι
3305 1646 3521 1704 λαλῶσι

1941 1744 2235 1815 μυστήρια.
2269 1745 2437 1799 Ὥστε
2468 1744 2605 1798 καθὸ
2658 1744 2757 1814 μὲν
2807 1744 2872 1796 ὲκ
2905 1742 3231 1812 Πνεύματος
3262 1733 3520 1805 λαλοῦσι,

1942 1837 2083 1908 μέγα
2120 1837 2181 1891 τὸ
2214 1840 2480 1908 πρᾶγμα·
2513 1837 2649 1891 καθὸ
2678 1836 2733 1890 δὲ
2777 1836 2877 1891 οὐκ
2912 1835 3244 1906 ἀνθρώπους
3288 1833 3519 1902 ὠφελεῖ,

1935 1931 2163 2000 ἡττᾶται
2198 1931 2295 1999 τῆς
2327 1930 2689 2002 προφητείας.
2734 1929 2953 1997 Ἐκείνη
2982 1929 3089 1996 γὰρ
3120 1929 3222 1981 καὶ
3249 1927 3317 1979 ἐκ
3349 1924 3520 1979 Ilvati-

1935 2037 2124 2086 ματος,
2156 2023 2248 2076 καὶ
2273 2022 2689 2094 ὠφελιμωτέρα,
2720 2024 2846 2086 τοὺς
2895 2022 3277 2091 ἀστηρίκτους
3321 2018 3521 2072 οἰκοδοο

1934 2113 2134 2184 μοῦσα.
2170 2116 2296 2178 τοὺς
2330 2116 2738 2186 ῥᾳθυμοτέρως
2765 2114 3163 2185 παρακαλοῦσα
3198 2113 3297 2165 καὶ
3322 2110 3517 2179 διεγεί-

1934 2222 2128 2276 ρουσα,
2156 2208 2283 2269 τοὺς
2306 2207 2664 2277 ὀλιγοψύχους
2695 2203 3200 2277 παραμυθουμένη.
3236 2200 3516 2271 Πανταχοῦ

1929 2299 2106 2371 τοίνυν
2154 2301 2182 2352 ό
2213 2300 2422 2363 Παῦλος
2469 2301 2645 2354 ἐκεῖνο
2683 2299 2894 2352 τίθεται
2934 2296 3140 2369 μεῖζον,
3196 2296 3261 2348 τὸ
3318 2294 3516 2364 ὡφελι-

1935 2391 2080 2461 μώτε
2091 2408 2202 2463 ρον.

2010 2503 2028 2537 ι
2087 2485 2146 2538 Ὀ
2173 2483 2351 2538 λαλῶν
2389 2482 2635 2555 γλώσσῃ.
2667 2481 2861 2536 ἑαυτὸν
2889 2480 3206 2551 οίκοδομεῖο
3240 2480 3270 2531 ὁ
3295 2478 3354 2531 δὲ
3389 2495 3517 2548 προ-

1933 2575 2208 2648 φητεύων.
2254 2575 2580 2645 Ἐκκλησίαν
2619 2575 2910 2645 οἰκοδομεῖ.
2952 2592 2971 2626 ι
3016 2572 3215 2627 Πολλοὶ
3246 2571 3515 2639 γλώσσαις

1931 2669 2220 2732 λαλοῦντες
2253 2670 2355 2723 οὐκ
2382 2670 2569 2740 ἴσχυον
2595 2668 2690 2721 καὶ
2723 2668 2932 2737 ἑτέροις
2966 2664 3314 2738 ἑρμηνεῦσαι
3346 2662 3382 2716 ἃ
3406 2663 3515 2713 ἕλε-

1929 2777 2025 2829 γον
2041 2759 2105 2815 ’⁸.
2139 2754 2297 2814 Οὗτοι
2328 2761 2505 2814 τοίνυν
2531 2761 2756 2818 ἑαυτοὺς
2793 2759 2993 2828 μόνους
3040 2756 3322 2826 ὠφέλουν.
3359 2753 3419 2805 Ὀ
3462 2752 3515 2804 δὲ

1930 2852 2311 2924 προφητεύων,
2345 2853 2554 2913 πὶντας
2584 2852 2712 2914 τοὺς
2744 2849 3043 2913 ἀκούοντας
3084 2848 3325 2917 ὠφέλει.
3357 2846 3514 2899 Ὅσον

1929 2939 2022 2998 οὖν
2066 2944 2126 2996 τὸ
2168 2943 2332 3012 μέσον
2360 2941 2454 2995 τοῦ
2497 2942 2597 2995 ἕνα
2633 2941 2982 3010 ὠφελεῖσθαι,
3016 2936 3238 2994 καὶτοῦ
3291 2937 3515 3004 Ἐκκλη-

1935 3035 2078 3102 σίαν,
2109 3036 2361 3089 τοσοῦτον
2386 3034 2446 3088 τὸ
2498 3034 2664 3108 μέσον
2690 3033 2803 3087 τῶν
2831 3033 3095 3103 γλωσσῶν
3122 3033 3217 3086 καὶ
3255 3031 3354 3102 τῆς
3382 3046 3512 3101 προ-

1931 3128 2181 3197 φητείας.

329 3209 500 3268 Vens.
532 3213 586 3268 5.
614 3233 634 3268 ι
670 3214 805 3271 Volo
840 3225 1019 3272 autem
1045 3234 1142 3275 vos
1165 3234 1355 3277 omnes
1416 3221 1617 3294 linguis
1656 3223 1824 3295 loqui,

2014 3238 2032 3271 ι
2066 3217 2219 3272 Θέλω
2250 3218 2304 3271 δὲ
2337 3218 2561 3280 πάντας,
2580 3216 2725 3287 ὑμᾶς
2756 3212 3030 3284 γλώσσαις
3056 3213 3242 3267 λαλεῖν
3264 3229 3281 3246 ο
3318 3209 3510 3281 μᾶλλον

263 3303 437 3376 magis
464 3317 645 3362 autem
664 3318 725 3362 ut
754 3311 1107 3380 prophetetis.
1139 3332 1159 3366 ι
1197 3313 1336 3382 Quia
1369 3330 1476 3372 non
1503 3319 1659 3388 pauci
1693 3321 1834 3389 apud

260 3410 357 3454 eos
390 3398 978 3475 loquebanturlinguis,
1000 3420 1065 3461 ne
1087 3406 1249 3478 207
1266 3408 1511 3465 videatur
1536 3425 1603 3476 οι
1632 3411 1833 3467 invidia

263 3486 474 3558 linguas
505 3490 744 3558 elevare,
787 3512 806 3546 ι
847 3493 1003 3562 Volo,
1046 3516 1067 3550 ι
1099 3492 1299 3569 inquit,
1339 3518 1359 3554 (
1398 3517 1588 3559 omnes
1638 3504 1836 3575 linguis

263 3580 428 3652 loqui,
465 3602 484 3636 ι
519 3601 626 3640 non
655 3603 819 3642 unum
860 3599 954 3644 aut
986 3591 1142 3659 duos,
1174 3595 1352 3661 potius
1393 3604 1577 3651 tamen
1608 3595 1732 3653 volo
1770 3606 1828 3652 ut

264 3676 619 3745 prephetetis,
651 3692 869 3750 propter
898 3682 1158 3753 majorem
1178 3685 1466 3743 utilitatem
1496 3688 1726 3744 scilicet.

342 3785 362 3818 ι
397 3768 574 3839 Major
597 3773 740 3825 enim
772 3781 853 3827 est
876 3775 967 3844 qui
994 3776 1302 3846 prophetat,
1328 3792 1492 3849 quam
1517 3780 1606 3849 qui
1637 3779 1836 3851 linguis

263 3856 521 3926 loquitur,
556 3861 662 3915 nisi
702 3863 869 3923 etiam
896 3859 1304 3935 interpretetur,
1338 3879 1396 3924 ut
1433 3869 1672 3927 Ecclesia
1704 3873 1837 3929 aedi-

263 3947 573 4005 ﬁcationem
611 3954 864 4025 accipiat.
906 3974 925 4007 ι
962 3954 1156 4025 Major,
1208 3960 1402 4029 inquit,
1434 3971 1518 4018 est
1549 3965 1832 4034 propheta,

262 4056 447 4096 verum
480 4059 545 4099 eo
575 4047 665 4115 qui
695 4057 902 4101 tantunt
935 4049 1134 4119 linguis
1160 4050 1418 4119 loquitur,
1449 4067 1547 4109 nec
1571 4056 1836 4126 interpre-

264 4135 365 4188 tari
400 4134 567 4190 novit.
616 4136 748 4192 Nam
782 4139 828 4194 si
867 4140 1017 4194 novit
1054 4141 1444 4212 interpretari,
1475 4148 1701 4216 aequalis
1754 4157 1837 4204 est

262 4225 538 4295 pr0phetaa
590 4226 638 4282 is
700 4229 792 4298 qui
830 4228 1029 4298 linguis
1074 4232 1337 4303 loquitur.
1392 4234 1652 4294 Edilicat
1688 4240 1833 4296 enim

266 4313 586 4386 Ecclesiam,
620 4319 745 4374 dum
777 4321 1170 4390 interpretatur
1207 4341 1328 4395 quae
1364 4328 1598 4386 obscure
1624 4333 1677 4386 in
1729 4334 1835 4387 lin-

265 4422 369 4474 gua
403 4408 683 4464 dicuntur.
719 4408 927 4463 Donum
956 4413 1119 4467 etiam
1167 4426 1284 4471 erat
1331 4418 1728 4490 interpretatio,
1784 4435 1837 4481 et

264 4496 387 4554 aliis
418 4499 637 4568 quidem
673 4500 925 4567 dabatur,
956 4505 1046 4574 qui
1071 4505 1272 4580 linguis
1302 4508 1686 4581 loquebantur,
1715 4515 1837 4570 aliis

263 4605 391 4646 vero
422 4606 527 4646 non
554 4592 805 4648 dabatur.

339 4680 499 4738 Vnus.
535 4684 590 4739 6.
629 4704 647 4736 ι
688 4685 841 4741 Nunc
886 4699 1086 4756 autem,
1139 4690 1369 4760 fratres,
1423 4697 1469 4752 si
1515 4714 1715 4755 venero
1767 4704 1831 4758 ad

262 4790 362 4831 vos
390 4775 586 4845 linguis
617 4776 861 4846 loquens,
896 4780 1023 4849 quid
1063 4784 1218 4840 vobis
1264 4788 1516 4856 prodere,
1553 4793 1654 4847 nisi
1682 4794 1837 4850 vobis

263 4865 459 4935 loquar
490 4868 549 4920 in
594 4868 951 4934 revelatione,
987 4882 1081 4927 aut
1115 4876 1365 4945 scientia,
1401 4890 1495 4934 aut
1530 4885 1833 4951 prophetia,

264 4968 356 5011 aut
388 4959 674 5013 doctrina?
710 4979 730 5011 ι
778 4959 949 5015 Vultis
1000 4966 1585 5025 scire‘iucolnmodum
1616 4973 1830 5043 lingua-

265 5067 381 5104 rum
413 5066 533 5120 qua‘.
578 5067 685 5106 non
719 5057 1103 5122 exponuntur?
1136 5056 1264 5113 Esto
1310 5063 1453 5129 quod
1499 5078 1598 5133 ego
1635 5064 1833 5121 Paulus

263 5141 455 5194 doctor
483 5151 661 5196 veSter
693 5142 882 5212 loquor
921 5143 1155 5214 linguis;
1182 5149 1273 5202 sed
1302 5150 1426 5206 inde
1459 5153 1525 5206 ad
1558 5155 1833 5212 auditores

262 5229 402 5285 nihil
464 5231 819 5287 emolumenti
868 5237 1165 5302 preveniet,
1209 5240 1311 5295 nisi
1358 5243 1485 5311 quid
1542 5244 1730 5300 dixero
1780 5248 1831 5301 in

262 5321 611 5388 revelatione,
653 5324 760 5379 hoc
798 5334 901 5391 est,
934 5330 1383 5395 quemadmodum
1436 5348 1832 5396 consueverunt

246 5414 443 5468 'dicere
472 5415 561 5483 qui
594 5415 987 5472 revelationetn
1018 5435 1047 5473 a
1087 5419 1197 5476 Deo
1228 5422 1405 5478 sortiti
1436 5437 1564 5480 sunt
1591 5445 1605 5482 :
1636 5444 1758 5500 qua:
1781 5443 1834 5487 et

261 5503 378 5573 ipsa
426 5514 507 5560 est
544 5508 841 5578 prophetiae
870 5510 1115 5577 species,
1158 5528 1280 5567 cum
1316 5516 1501 5571 multis
1534 5522 1834 5578 astantibus

259 5598 523 5666 cujusque
551 5613 715 5655 sensa
762 5602 1043 5670 pateﬁant.
1082 5622 1102 5657 ι
1144 5602 1240 5660 Vel
1280 5605 1332 5660 in
1365 5607 1629 5677 scientia,
1673 5631 1691 5665 ι
1726 5612 1830 5671 hoc

1937 3309 2014 3377 δὲ,
2055 3310 2142 3364 ἵνα
2175 3309 2578 3381 προφητεύητε.
2614 3329 2635 3363 ι
2680 3308 2902 3378 Ἐπειδὴ
2924 3308 3054 3378 παρ’
3079 3307 3270 3373 αὐτοῖς
3297 3303 3511 3356 ἐλάλουν

1937 3401 2211 3470 γλώσσαις
2244 3403 2453 3465 πολλοὶ,
2487 3402 2573 3456 ἵνα
2603 3402 2680 3473 μὴ
2718 3400 2844 3472 δόξῃ
2883 3400 2971 3454 διὰ
3000 3399 3197 3467 φθόνον
3238 3410 3508 3461 κατασμι-

1938 3493 2160 3565 κρύνειν
2198 3495 2296 3559 τὰς
2325 3494 2598 3563 γλώσσας,
2636 3513 2654 3546 ι
2690 3494 2858 3557 Θέλω,
2896 3513 2916 3545 ο
2941 3492 3094 3562 φησὶ,
3128 3509 3147 3542 ι
3184 3491 3396 3551 πάντας
3423 3489 3509 3540 λα-

1934 3587 2070 3654 λεῖν,
2110 3606 2129 3640 ι
2167 3588 2266 3657 οὺχ
2293 3587 2409 3654 ἕνα,
2443 3587 2476 3658 ἢ
2534 3587 2661 3641 δύο*
2694 3586 2835 3657 πλὴν
2878 3584 3103 3657 μᾶλλον,
3155 3583 3245 3638 ἵνα
3300 3596 3507 3653 προφη-

1934 3679 2152 3750 τεύητε,
2182 3677 2269 3731 διὰ
2297 3679 2359 3731 τὸ
2393 3677 2926 3748 πολυωφελέστερον.

2013 3790 2033 3824 ι
2067 3771 2282 3836 Μείζων
2303 3772 2408 3842 γὰρ
2434 3774 2460 3825 ό
2489 3770 2869 3841 προφητεύων,
2896 3771 2927 3839 ἦ
2953 3771 2980 3823 ό
3002 3770 3178 3824 λαλῶν
3205 3772 3499 3840 γλώσσαις,

1936 3863 2093 3928 ἐκτὸς
2119 3865 2168 3917 εί
2200 3865 2276 3934 μὴ
2303 3865 2378 3918 διε
2392 3862 2676 3936 ρμηνεύει,
2705 3864 2791 3916 ἵνα
2826 3864 2858 3933 ή
2898 3862 3194 3933 Ἐκκλησία
3221 3866 3504 3933 οἰκοδομὴν

1934 3956 2098 4028 λάϐῃ.
2138 3976 2157 4008 ι
2190 3954 2425 4020 Μείξων,
2458 3958 2645 4027 φησὶν,
2676 3958 2704 4009 ό
2734 3955 3020 4025 προφήτης
3044 3955 3119 3986 ’⁸ο
3149 3956 3265 4008 ἀλλ’
3300 3957 3501 4009 ἐκείνου

1936 4048 2030 4103 τοῦ
2064 4048 2227 4119 μόνον
2256 4046 2531 4117 γλώσσαις
2564 4046 2854 4101 λαλοῦντος
2875 4091 2888 4112 ,
2928 4046 3002 4118 μὴ
3038 4045 3238 4111 εἰδότος
3276 4048 3337 4101 δὲ
3366 4049 3504 4118 διερο

1940 4141 2217 4213 μηνεύειν.
2262 4140 2418 4194 Ἐπεὶ
2448 4140 2542 4193 ἐὰν
2570 4134 2679 4193 οἶδε
2708 4139 2801 4193 καὶ
2826 4137 3229 4210 διερμηνεύειν,
3252 4135 3371 4203 ῐσὸς
3396 4142 3501 4192 ἐστι

1937 4234 2016 4305 τῷ
2049 4234 2308 4305 προφήτῃ
2337 4236 2364 4286 ό
2399 4231 2676 4302 γλώσσαις
2706 4231 2905 4286 λαλῶν.
2951 4232 3241 4303 υίκοδομεῖ
3269 4232 3381 4304 γὰρ
3409 4231 3501 4302 τὴν

1904 4319 2294 4393 ”Εκκλησίαν,
2356 4324 2446 4378 διὰ
2499 4323 2593 4378 τοῦ
2659 4321 2986 4394 ἑρμηνεύειν
3036 4322 3107 4377 τὰ
3164 4324 3394 4392 ἀσαφῶς
3447 4324 3499 4375 ἐν

1936 4419 2159 4489 γλώσσῃ
2194 4417 2488 4487 λεγόμενα.
2527 4415 2790 4486 Χάρισμα
2821 4413 2878 4467 δὲ
2923 4410 2991 4486 ἦν
3021 4416 3116 4467 καὶ
3153 4416 3186 4485 ή
3219 4412 3495 4485 ἑρμηνεία,

1939 4516 2034 4568 καὶ
2078 4514 2256 4577 ἄλλοις
2295 4512 2395 4582 μὲν
2442 4510 2647 4564 ἐδίδοτο
2688 4509 2797 4563 τῶν
2844 4509 3121 4579 γλώσσαις
3178 4508 3493 4566 λαλούντων,

1868 4588 1914 4644 ῐ)
1940 4606 2119 4669 ἄλλοις
2145 4606 2200 4657 δε
2232 4606 2331 4656 οὐκ
2364 4602 2585 4655 ἐδίδοτο.

2013 4719 2033 4752 ι
2072 4699 2210 4752 Νυνὶ
2238 4698 2315 4764 δὲ,
2353 4696 2593 4764 ἀδελφοὶ,
2621 4696 2717 4749 ἐὰν
2742 4694 2881 4748 ἔλθω
2909 4694 3040 4764 πρὸς
3066 4694 3210 4763 ὑμᾶς
3234 4690 3494 4760 γλώσσαις

1937 4788 2139 4853 λαλῶν,
2172 4787 2226 4840 τί
2262 4788 2404 4856 ὑμᾶς
2451 4786 2741 4854 ὠφελήσω,
2779 4785 2874 4838 ἐὰν
2919 4784 2993 4854 μὴ
3028 4784 3158 4853 ὑμῖν
3201 4783 3416 4852 λαλήσω
3443 4783 3494 4832 ἐν

1938 4878 2279 4948 ἀποκαλύψει
2299 4921 2312 4946 ,
2342 4878 2376 4949 ἢ
2413 4881 2470 4932 ὲν
2504 4878 2724 4945 γνώσει,
2757 4877 2790 4946 ἢ
2828 4879 2887 4930 ἐν
2917 4877 3249 4947 προφητείᾳ,
3281 4877 3313 4947 ἢ
3343 4879 3399 4929 ὲν
3423 4874 3494 4925 δι-

1937 4974 2073 5041 δαχῇ
2095 4990 2111 5039 ;
2136 4991 2154 5023 ι
2182 4971 2377 5024 Θέλετε
2398 4970 2603 5038 γνῶναι
2625 4969 2684 5022 τὸ
2709 4970 2933 5039 ἀκερδὲς
2954 4969 3063 5021 τῶν
3083 4969 3488 5039 ἀνερμηνεύτων

1938 5065 2232 5133 γλωσσῶν;
2272 5061 2453 5116 Ἔστω
2481 5061 2589 5131 γὰρ
2620 5061 2703 5114 ὅτι
2736 5060 2847 5129 ἐγὼ
2880 5059 3091 5115 Παῦλος
3124 5063 3155 5113 ὁ
3184 5060 3488 5118 διδάσκαλος

1938 5157 2094 5225 ὑμῶν
2154 5155 2464 5225 φθέγγομαι
2522 5152 2833 5222 γλώσσαις’
2880 5153 2998 5206 οὐδὲ
3033 5153 3205 5216 οὕτως
3252 5153 3401 5205 ἔσται
3439 5166 3487 5200 τι

1937 5249 2098 5301 πλέον
2131 5250 2233 5310 τοῖς
2255 5238 2568 5311 ἁκούουσιν,
2593 5245 2688 5299 ἐὰν
2718 5247 2790 5317 μή
2811 5262 2864 5298 τι
2885 5247 3023 5299 εἴπω
3046 5247 3104 5297 ἐν
3121 5244 3480 5311 ἀποκαλύψει·

1935 5342 2237 5403 τουτέστιν,
2287 5334 2375 5392 οἶα
2404 5332 2628 5392 εἰώθασι
2680 5338 2858 5406 λέγειν
2905 5338 2954 5389 οἱ
3004 5336 3395 5406 ἀποκαλύψεως
3428 5336 3484 5384 ἐκ

1934 5432 2069 5485 Θεοῦ
2098 5432 2353 5501 τυχόντες
2375 5446 2389 5461 ο
2431 5430 2459 5483 ὃ
2496 5431 2590 5483 καὶ
2624 5429 2758 5484 αὐτὸ
2792 5426 2930 5492 εἶδος
2965 5429 3302 5500 προφητείας
3331 5428 3481 5485 ἐστὶν.

1932 5525 2061 5577 ὅταν
2101 5523 2405 5593 ἱσταμένων
2434 5519 2643 5574 πολλῶν
2675 5518 3135 5588 ἀποκαλύπτηται
3167 5518 3237 5570 τὰ
3271 5516 3481 5573 ἑκάστου

1932 5617 2202 5686 νοήματα.
2258 5632 2278 5666 ι
2322 5614 2395 5667 Ἦ
2437 5614 2497 5667 ὲν
2541 5610 2741 5682 γνώσει
2774 5629 2827 5664 ι·
2878 5611 3172 5677 τουτέστιν,
3192 5604 3283 5665 οἷα
3306 5609 3481 5669 δύναν-

1615 5765 1809 5829 Variaa
1858 5768 2186 5835 lectiones.

332 5873 380 5911 ”
405 5871 657 5942 λέγουσιν
680 5887 732 5931 ο.
810 5876 856 5909 ⁸³
876 5879 1237 5947 προφητεύων
1266 5899 1337 5939 nt.
