3806 6564
397 360 502 426 739

1258 363 1835 426 THEOPIIYLACTI
1867 361 2284 426 BULGARME
2312 365 2542 427 ARCHI
2559 364 2666 428 ΕΡ.

3507 369 3600 439 τω

393 474 630 544 loquenti
669 473 942 531 Barbarus
977 491 992 530 :
1032 484 1087 531 et
1133 477 1226 544 qui
1265 475 1527 545 loquitur.
1581 477 1716 530 mihi
1759 477 1947 530 Barba-

2069 495 2166 548 μαι
2209 477 2288 548 τῷ
2320 477 2568 531 λαλοῦντι
2608 478 2908 548 Βάρϐαρος,
2964 479 3058 532 καὶ
3107 481 3136 532 6
3171 477 3366 546 λαλῶν,
3398 483 3452 535 ἐν
3495 485 3602 553 ἐμοὶ

392 584 506 622 rus.
548 586 567 619 ι
596 567 650 622 Si
679 568 948 635 ignorem,
979 567 1173 637 inquit,
1202 567 1311 622 vim
1339 568 1513 631 vocis,
1543 566 1812 622 Barbarus
1832 568 1961 622 mihi

393 658 664 712 videbitur
697 659 789 728 qui
837 658 1098 728 loquitur,
1137 659 1240 712 hoc
1315 669 1401 714 est
1450 675 1556 713 non
1610 659 1962 727 intelligibilia

389 763 590 803 sonans
621 765 634 802 :
667 757 720 801 et
750 762 852 818 ego
879 748 952 802 illi
983 763 1172 803 rursus
1203 747 1478 804 Barbarus
1509 750 1798 820 censebor,
1855 765 1962 804 non

388 853 579 891 vocum
633 836 973 892 sermonisve
1023 837 1188 903 vitio,
1245 837 1342 893 sed
1396 849 1595 894 nostra:
1648 839 1964 909 ignorantia!

386 942 572 982 causa.

454 1039 620 1093 νεεδ.
671 1038 758 1092 12.
797 1057 815 1090 ι
859 1038 952 1094 Sic
1003 1050 1060 1094 et
1114 1055 1232 1106 vos,
1278 1040 1405 1110 quia
1440 1041 1786 1098 aemulatores
1832 1043 1963 1097 estis

386 1129 708 1198 spirituum,
763 1131 831 1184 ad
861 1131 1278 1187 aediﬁcationem
1330 1131 1588 1187 Ecclesia:
1638 1133 1865 1201 quaerite
1901 1142 1961 1186 ut

385 1219 718 1273 exuberctis.
757 1237 775 1270 ι
809 1217 1060 1273 Nonnulli
1089 1222 1155 1274 ad
1182 1222 1296 1274 hazc
1315 1221 1501 1287 verba,
1533 1238 1551 1270 ι
1589 1220 1680 1276 Sic
1702 1230 1756 1275 et
1785 1235 1899 1288 vos,
1937 1239 1956 1272 ι

386 1322 646 1378 punctum
681 1309 926 1378 alligunt,
960 1322 1014 1364 et
1044 1313 1183 1365 hunc
1230 1313 1296 1366 ad
1346 1314 1563 1366 modum
1597 1313 1962 1383 interpretan-

387 1414 475 1456 tur
505 1420 518 1457 :
549 1405 638 1458 Sic
665 1415 718 1458 et
743 1420 836 1459 vos
862 1404 1058 1470 linguis
1086 1404 1362 1471 loquentes
1391 1405 1600 1459 incerte
1625 1415 1676 1458 et
1706 1407 1961 1469 obscure,

385 1495 604 1548 Barbari
649 1495 908 1550 videmini
937 1495 1275 1550 auditoribus
1309 1515 1324 1550 :
1359 1496 1556 1550 deinde
1589 1497 1656 1549 ab
1685 1497 1790 1549 alio
1814 1499 1961 1565 prin-

382 1587 521 1653 cipio
549 1588 751 1657 legunt,
793 1605 811 1638 ι
845 1587 984 1652 Quia
1021 1589 1363 1642 a2mulatores
1391 1587 1544 1643 estis.
1583 1605 1603 1638 ι
1643 1587 1805 1642 Divus
1833 1604 1960 1642 vero

379 1679 615 1736 Joannes
647 1683 976 1751 coniunctim
1004 1682 1172 1752 legit:
1215 1701 1233 1733 ι
1268 1680 1334 1734 Et
1364 1696 1461 1736 vos
1487 1680 1670 1750 igitur,
1709 1700 1728 1733 ι
1764 1682 1956 1750 inquit,

385 1790 404 1823 ι
432 1774 866 1843 quandoquidem
885 1773 1216 1828 aemulamini
1237 1772 1536 1842 spiritualia
1552 1774 1906 1836 charismata,
1931 1790 1950 1823 ι

2067 569 2374 640 Βάρϐαρος.
2417 587 2435 620 t
2469 568 2613 645 βΕὰν
2660 567 2754 622 οῦν
2794 568 2869 639 μὴ
2900 569 3107 637 διαγνῶ
3133 571 3231 640 τὴν
3265 569 3484 642 δύναμιν
3519 574 3604 644 τῆς

2066 659 2283 728 φωνῆς,
2335 657 2618 729 Βάρὸαρος
2675 657 2816 722 δόξει
2873 675 2964 729 μοι
3005 659 3034 710 6
3089 659 3285 728 λαλῶν,
3335 662 3602 730 τουτέστιν,

2065 751 2270 820 ἀνόητα
2304 750 2707 820 φθεγγόμενοςο
2761 751 2924 819 κάγὼ
2977 751 3033 805 δὲ
3083 751 3276 824 ἐκείνῳ
3305 753 3522 822 ὁμοίως·
3552 759 3604 812 οὗ

2063 838 2152 892 διὰ
2184 840 2283 911 τὴν
2313 841 2424 894 τῶν
2456 841 2655 910 φωνῶν
2682 842 2904 898 κακίαν
2939 842 3078 898 ἀλλὰ
3114 843 3205 896 διὰ
3231 843 3328 898 τῖεν
3359 845 3604 900 ὑμετέραν

2064 933 2310 1002 ἄγνοιαν.

2141 1069 2160 1102 ι
2203 1050 2363 1105 Οῦτω
2389 1051 2486 1104 καὶ
2510 1050 2689 1121 ὑμεῖς,
2714 1049 2839 1102 ἐπεὶ
2863 1049 3104 1121 ζηλωταί
3131 1051 3254 1104 έστε
3285 1051 3604 1122 πνευμάτων,

2063 1143 2202 1214 πρὸς
2227 1143 2328 1214 τὴν
2355 1143 2646 1213 οἰκοδομὴν
2675 1144 2776 1214 τῆς
2802 1143 3135 1212 Ἐκκλησίας
3173 1143 3386 1214 ζητεῖτε
3415 1145 3496 1198 ἵνα
3521 1164 3605 1200 πε-

2067 1237 2378 1309 ρισσεύητε.
2421 1257 2440 1290 ι
2478 1238 2636 1301 Τινὲς
2665 1240 2745 1302 εἰς
2775 1238 2856 1303 τὸ,
2896 1257 2916 1290 ι
2950 1237 3106 1291 Οὕτω
3131 1239 3225 1290 καὶ
3251 1239 3425 1307 ὑμεῖς,
3462 1256 3480 1290 ι
3512 1238 3605 1292 στί-

2063 1330 2240 1394 ζουσι,
2273 1331 2368 1383 καὶ
2395 1329 2765 1400 έρμηνεύουσι
2802 1331 2985 1395 τοῦτο,
3022 1331 3106 1383 ὅτι
3157 1330 3315 1384 Οῦτω
3351 1333 3441 1384 καὶ
3466 1333 3602 1402 ὑμεῖς

2061 1420 2337 1489 γλώσσαις
2375 1421 2666 1484 λαλοῦντες
2707 1421 2957 1490 ἀσαφῶς,
2987 1420 3264 1492 Βάρϐαροι
3295 1421 3490 1474 δοκεῖτε
3512 1426 3604 1485 τοῖς

2061 1511 2376 1566 ἀκούουσινο
2412 1507 2533 1566 εἶτα
2563 1511 2661 1566 ἀπ’
2687 1513 2854 1582 ἄλλης
2885 1513 3060 1582 ἀρχῆς
3091 1511 3514 1580 ἀναγινώσκουσι
3535 1514 3601 1577 τὸ,

2066 1623 2085 1656 ι
2123 1605 2275 1657 Ἐπεὶ
2309 1604 2552 1675 ζηλωταί
2599 1606 2747 1660 ὲστε.
2793 1625 2812 1657 ι
2863 1604 2922 1658 'U
2965 1605 3023 1658 δὲ
3078 1605 3354 1675 μακάριος
3383 1606 3603 1676 Ἰωάννης

2062 1697 2354 1759 συναπτῶς
2389 1696 2636 1764 ἀνέγνον
2688 1697 2799 1750 Καὶ
2848 1697 3006 1767 ὑμεῖς
3035 1693 3151 1763 οὖν,
3186 1697 3369 1767 φησὶν,
3400 1699 3509 1751 ἐπεὶ
3529 1697 3604 1769 ζη-

2060 1779 2216 1834 λοῦτε
2250 1783 2319 1834 τὰ
2361 1784 2711 1852 πνευματικὰ
2761 1786 3102 1856 χαρίσματα,
3155 1786 3296 1839 θέλω
3330 1787 3491 1856 κάγὼ,
3522 1790 3603 1842 καὶ

377 1865 500 1920 volo
532 1877 586 1919 et
614 1881 736 1935 ego,
773 1866 1018 1936 adeoque
1047 1866 1253 1935 recipio
1282 1866 1416 1929 hoc,
1451 1864 1675 1933 perinde
1711 1880 1777 1918 ac
1806 1866 1947 1934 prius

2060 1873 2399 1943 ἀποδέχομαι
2432 1844 2614 1942 τοῦτο,
2649 1876 2724 1939 ώς
2756 1844 2850 1930 δαί
2897 1844 3162 1947 προεῖπον
3182 1890 3197 1906 ·
3235 1877 3372 1949 πλὴν
3410 1844 3601 1949 ’ζητεῖτε

378 1955 487 2008 dixi
523 1972 536 2008 :
582 1951 967 2009 Vertnntamen
1000 1953 1228 2023 quatrite
1266 1963 1325 2008 ut
1353 1954 1666 2009 exuberetis
1690 1955 1757 2008 ad
1785 1954 1954 2008 ωιιὶίὶ-

378 2047 646 2101 eationcm
723 2046 840 2100 sive
889 2047 1325 2101 commoditatem
1392 2045 1668 2100 Ecclesiae.
1719 2043 1952 2100 Tantum

376 2140 522 2193 enim
560 2141 715 2193 abest
747 2147 809 2192 ut
836 2153 932 2192 vos
979 2139 1293 2207 prohibeam
1345 2137 1543 2205 linguis
1573 2137 1756 2207 loqui,
1791 2146 1848 2190 ut
1897 2144 1953 2192 et

377 2231 654 2284 abundare
695 2245 790 2284 vos
821 2230 1002 2296 velim,
1036 2231 1194 2284 modo
1222 2229 1288 2284 ad
1325 2229 1593 2298 publicam
1629 2243 1722 2285 eas
1747 2229 1956 2284 utilita-

375 2329 482 2375 tam
508 2320 870 2374 transferatis.

445 2433 612 2490 Vens.
650 2437 740 2490 15.
781 2453 800 2486 ι
851 2433 1140 2502 Propterea
1170 2434 1261 2504 qui
1311 2435 1492 2504 lingua
1541 2435 1802 2505 loquitur,
1833 2445 1952 2492 oret

373 2539 432 2580 ut
483 2527 894 2597 interpretetur.
951 2544 971 2578 ι
1020 2526 1236 2581 Modum
1270 2527 1507 2597 explicat
1540 2541 1648 2596 quo
1704 2527 1949 2582 futurum

372 2616 456 2673 esl
486 2629 544 2673 ut
573 2620 842 2675 charisma
886 2619 1027 2674 istuc
1056 2619 1108 2672 in
1147 2618 1416 2689 publicam
1453 2620 1742 2674 utilitatem
1772 2622 1948 2676 cedat.

373 2712 526 2774 Uret,
554 2708 748 2777 inquit,
778 2726 795 2758 ‹
828 2712 921 2778 qui
957 2707 1142 2777 lingua
1169 2707 1432 2775 loquitur,
1464 2724 1484 2758 ι
1519 2717 1654 2762 utet
1685 2709 1952 2779 interpre-

373 2801 628 2853 tationem
661 2799 827 2870 209
853 2799 1100 2868 accipiat.
1150 2797 1382 2854 Proinde
1433 2799 1534 2868 ipsi
1568 2799 1668 2855 sibi
1705 2802 1757 2854 in
1787 2816 1950 2856 causa

371 2901 498 2946 sunt
526 2906 624 2946 cur
646 2907 754 2945 non
784 2891 1054 2954 accipiant
1088 2891 1613 2960 interpretationem,
1650 2899 1708 2945 ut
1730 2893 1823 2961 qui
1849 2891 1951 2947 hoc

371 2997 401 3036 a
445 2981 554 3036 Deo
589 2997 694 3036 non
731 2979 1026 3052 postulent.

441 3095 608 3150 Vsus.
672 3095 760 3149 u.
797 3113 816 3145 ι
861 3093 994 3149 Nam
1033 3093 1080 3148 si
1109 3108 1259 3148 orem
1299 3093 1504 3163 lingua,
1541 3095 1766 3163 spiritus
1795 3109 1949 3150 meus

2064 1965 2156 2021 ἵνα
2187 1968 2550 2039 περισσεύητε
2581 1970 2717 2040 πρὸς
2740 1971 2841 2038 τὴν
2879 1971 3193 2043 οἰκοδομὴν,
3225 1974 3343 2045 ἦτοι
3367 1972 3602 2044 ὠφέλειαν

2057 2057 2159 2128 τῆς
2209 2059 2562 2132 Ἐκκλησῖας.
2619 2063 2888 2116 Τοσοῦτον
2917 2065 3026 2135 γὰρ
3093 2066 3242 2134 ὑμᾶς
3296 2066 3356 2121 ού
3409 2067 3595 2129 κωλύω,

2061 2150 2268 2224 [φησ“ι,]
2293 2152 2566 2221 γλώσσαις
2596 2153 2798 2222 λαλεῖν,
2830 2153 2969 2210 ὥστε
3002 2157 3095 2210 καὶ
3120 2159 3458 2227 περισσεύειν
3482 2159 3601 2227 ὑμᾶς

2060 2243 2340 2314 βούλομαι,
2391 2244 2552 2315 μόνον
2583 2246 2649 2299 ἂν
2679 2245 2816 2316 πρὸς
2855 2247 2918 2301 τὸ
2966 2251 3121 2318 κοινῇ
3155 2249 3430 2320 συμφέρον
3455 2249 3600 2313 αὑτὰς

2063 2334 2542 2406 μεταχειρίζησθε.

2133 2467 2152 2500 ι
2191 2450 2395 2520 Διόπερ
2418 2451 2447 2504 6
2470 2450 2649 2504 λαλῶν
2681 2450 2926 2524 γλώσσῃ,
2961 2453 3355 2524 προσευχέσθω
3380 2454 3459 2508 ἵνα
3480 2453 3601 2525 διερ-

2061 2544 2292 2614 μηνεύῃ.
2332 2562 2350 2594 ι
2389 2543 2603 2614 Τρόπον
2629 2544 2800 2613 λέγει,
2829 2544 2896 2598 δι’
2921 2538 2984 2600 οὗ
3012 2547 3074 2600 τὸ
3102 2547 3353 2618 χάρισμα
3375 2547 3518 2600 τοῦτο
3534 2547 3600 2606 τις

2058 2633 2330 2702 ὠφέλειαν
2361 2633 2515 2688 ἔσται
2564 2635 2795 2690 πολλῶν.
2847 2636 3251 2708 Προσευχέσθω
3285 2639 3409 2706 γὰρ,
3440 2637 3596 2707 φησὶν.

2057 2725 2087 2777 6
2119 2725 2294 2778 λαλῶν
2320 2724 2566 2798 γλώσσῃ,
2601 2727 2689 2780 ῖνα
2717 2727 2811 2780 καὶ
2837 2728 3139 2799 ἑρμηνείαν
3172 2728 3334 2800 λάὸῃ.
3372 2730 3498 2800 ’Δρα
3522 2723 3600 2782 οὖν

2056 2817 2212 2868 αὐτοὶ
2245 2817 2410 2872 αἴτιοι
2446 2821 2542 2872 τοῦ
2575 2818 2652 2892 μὴ
2699 2819 3003 2891 λαμϐάνειν
3049 2823 3148 2876 καὶ
3180 2822 3281 2893 τὴν
3311 2820 3595 2893 ἑρμηνείαν,

2059 2906 2155 2960 ἅτε
2187 2909 2264 2980 μὴ
2296 2909 2579 2975 αἰτοῦντες
2604 2912 2757 2981 παρὰ
2791 2913 2948 2966 Θεοῦ.

2134 3120 2152 3152 ι
2205 3099 2328 3154 Ἐὰν
2351 3074 2460 3175 γὰρ
2495 3104 2884 3175 προσεύχωμαι
2913 3103 3156 3177 γλώσσῃ,
3183 3104 3243 3160 τὸ
3275 3106 3481 3178 πνεῦμά
3509 3122 3594 3176 μου

371 3200 512 3251 orat,
539 3202 692 3242 mens
714 3202 844 3240 vero
872 3200 989 3240 mea
1008 3187 1128 3240 sine
1148 3184 1324 3241 fructu
1346 3196 1452 3241 est.
1482 3205 1501 3237 ι
1528 3185 1781 3241 Nonnulli
1807 3187 1947 3256 apud

2059 3196 2438 3267 προσεύχεται,
2463 3201 2490 3251 6
2520 3200 2576 3252 δὲ
2602 3200 2725 3263 νοῦς
2767 3218 2870 3271 μου
2900 3201 3154 3272 ἄκαρπός
3188 3203 3352 3257 ἐστιν.
3387 3220 3406 3254 ι
3441 3195 3592 3254 Ἦσάν

375 3289 611 3346 veteres,
635 3281 834 3334 donum
855 3278 1114 3334 orationis
1133 3279 1184 3333 in
1211 3280 1390 3349 lingua
1415 3281 1761 3351 accipientes,
1789 3296 1948 3336 sona-

374 3374 503 3428 bant
524 3375 740 3442 quidem
770 3373 1058 3427 Persarum
1085 3383 1177 3426 aut
1205 3371 1576 3427 Romanorum
1611 3388 1765 3437 voce,
1794 3387 1949 3429 mens

372 3481 500 3520 vero
521 3481 707 3519 eorum
729 3467 1007 3535 ignorabat
1028 3466 1154 3533 quid
1179 3466 1474 3520 diceretur.
1493 3466 1583 3519 Ait
1605 3465 1788 3536 itaque
1811 3464 1950 3519 Pau-

372 3558 455 3611 lus
498 3576 510 3610 :
553 3576 574 3609 ι
606 3558 842 3626 Spiritus
884 3571 1036 3612 meus
1067 3568 1208 3622 orat,
1251 3557 1410 3630 rhoc
1461 3568 1545 3613 est
1576 3559 1774 3612 donum
1803 3559 1948 3628 quod

371 3656 548 3700 movet
570 3645 828 3714 linguam,
859 3663 879 3697 ‹
908 3659 1059 3700 meus
1080 3656 1262 3698 autem
1288 3660 1403 3698 mea
1445 3647 1564 3700 sine
1589 3644 1767 3700 fructu
1787 3655 1890 3710 est,
1917 3663 1939 3698 ι

369 3738 500 3790 nihil
534 3737 840 3807 intelligens
869 3752 1056 3792 eorum
1091 3752 1210 3804 qua:
1241 3735 1520 3791 dicuntur.
1552 3737 1941 3792 Animadverte

369 3835 455 3886 hie
480 3835 749 3902 quomodo
787 3831 838 3885 in
862 3831 1126 3886 orationis
1167 3844 1429 3898 procursu:
1465 3829 1942 3895 demonsuaverit,

365 3924 477 3977 sola
502 3923 679 3991 lingua
707 3922 1040 3991 loquentem,
1072 3922 1172 3975 sibi
1194 3922 1357 3975 etiam
1386 3922 1630 3976 inutilem
1654 3936 1796 3979 esse.
1826 3921 1940 3976 Hac

367 4015 577 4067 ratione
606 4026 738 4066 sane
767 4013 923 4065 divus
965 4009 1204 4066 Joannes
1230 4012 1653 4079 Chrysostomus
1676 4014 1943 4082 interpre-

367 4113 530 4178 tatur.
555 4103 785 4169 Quidam
817 4117 946 4157 vero
967 4104 1047 4156 sic
1076 4102 1383 4168 intelligunt
1408 4121 1421 4156 :
1450 4103 1506 4157 Si
1531 4102 1716 4172 loquar
1738 4103 1939 4171 lingua,

365 4211 471 4249 non
511 4205 694 4250 autem
746 4194 1093 4262 interpreter,
1122 4191 1348 4260 spiritus
1385 4205 1561 4256 meus,
1597 4191 1711 4245 sive
1755 4191 1936 4245 anima

2053 3305 2195 3354 τινες
2224 3292 2286 3344 τὸ
2317 3291 2542 3345 παλαιὸν
2577 3293 2674 3345 καὶ
2704 3295 2948 3364 χάρισμα
2975 3294 3141 3364 εὐχῆς
3181 3295 3529 3364 λαμϐάνοντες
3547 3296 3594 3346 ἐν

2051 3383 2289 3455 γλώττῃ,
2313 3385 2406 3437 καὶ
2430 3385 2759 3454 ἐφθέγγοντο
2791 3387 2890 3457 μὲν
2921 3389 2987 3456 τῇ
3019 3386 3248 3456 Περσῶν
3274 3387 3307 3458 ἢ
3343 3384 3594 3456 Ῥωμαίων

2049 3491 2224 3548 φωνῃ,
2255 3477 2283 3528 6
2311 3476 2368 3530 δὲ
2413 3477 2537 3540 νοῦς
2580 3479 2680 3531 οῦκ
2733 3477 2847 3549 ⁴ᾔδει
2887 3478 2947 3530 τὸ
2981 3478 3299 3548 λεγόμενον.
3331 3479 3488 3549 Φησὶν
3518 3475 3594 3528 οὖν

2047 3568 2075 3620 6
2102 3569 2332 3632 Παῦλος,
2363 3570 2481 3623 ὅτις
2515 3569 2590 3622 Τὸ
2619 3570 2836 3640 πνεῦμά
2869 3587 2970 3640 μου
3004 3570 3390 3642 προσεύχεται,
3413 3587 3434 3622 r
3463 3585 3591 3622 τουτο

2051 3659 2190 3727 ἐστι,
2258 3661 2319 3713 τὸ
2364 3661 2614 3731 χάρισμα
2645 3661 2706 3713 τὸ
2745 3661 2929 3715 κινοῦν
2956 3663 3058 3732 τὴν
3083 3662 3368 3731 γλῶσσανο
3403 3680 3420 3714 ι
3463 3661 3512 3716 Ὀ
3547 3660 3590 3712 δὲ

2044 3751 2168 3816 νοῦς
2198 3770 2300 3822 μου
2341 3753 2589 3823 ἄκαρπός
2629 3756 2767 3818 ἐστι,
2806 3773 2824 3806 ι
2862 3755 2938 3825 μὴ
2979 3755 3182 3818 συνιεῖς
3233 3775 3284 3809 τι
3317 3755 3420 3809 τῶν
3459 3755 3590 3823 λεγοο

2048 3843 2245 3912 μένων.
2277 3844 2421 3914 Ὅρα
2452 3845 2530 3912 δὲ,
2560 3847 2672 3908 πῶς
2702 3845 2805 3916 ὀδῷ
2829 3846 3053 3918 προῖὼν,
3091 3847 3264 3914 ἔδειξε
3291 3848 3378 3900 τὸν
3401 3843 3588 3914 γλώσσῃ

2047 3937 2181 4006 μόνη
2238 3937 2530 4000 λαλοῦντα,
2563 3941 2838 4009 ἄχρηστον
2895 3943 3025 3994 ὄντα
3077 3942 3172 3994 καὶ
3219 3941 3408 4010 ἑαυτῷ.
3454 3937 3587 3993 Οὕτω

2049 4028 2149 4097 μὲν
2193 4030 2222 4081 6
2261 4029 2321 4080 ὲν
2379 4028 2555 4097 ἁγίοις
2606 4031 2874 4102 Ἰωάννης.
2930 4032 3087 4095 Τινὲς
3139 4033 3198 4084 δὲ
3243 4031 3434 4093 οὕτως·
3487 4029 3588 4080 Ἐὰν

2043 4118 2188 4172 λαλῶ
2227 4115 2472 4190 γλώσσῃ,
2509 4121 2586 4191 μὴ
2630 4121 2973 4192 διερμηνεύω
3015 4123 3094 4187 δὲ,
3151 4124 3215 4176 τὸ
3270 4124 3367 4194 μὲν
3402 4117 3588 4188 πνεῦμά

2046 4208 2320 4284 μου,’ῆτοι
2347 4214 2379 4283 ἠ
2410 4213 2557 4283 ψυχή
2588 4230 2712 4283 μου,
2756 4215 2895 4285 αὐτὴ
2929 4214 3051 4268 καθ’
3089 4215 3262 4286 αὐτὴν
3295 4214 3584 4285 ὠφελεῖται·

365 4304 505 4353 mea,
549 4290 664 4359 ipsa
701 4302 796 4356 per
825 4289 1059 4358 seipsam
1083 4287 1303 4356 juvatur
1349 4301 1364 4338 :
1405 4299 1557 4340 mens
1589 4294 1768 4338 autem
1821 4298 1938 4338 mea

2059 4304 2068 4354 l
2097 4302 2154 4354 δὲ
2183 4301 2306 4366 νοῦς
2339 4321 2443 4372 μου
2480 4305 2728 4375 ἄκαρπός
2757 4307 2895 4371 ἐστι,
2923 4305 3001 4376 τῷ
3033 4306 3106 4376 μὴ
3141 4309 3234 4360 καὶ
3257 4306 3439 4367 ἄλλους
3467 4303 3563 4370 ὼφε

363 4384 498 4436 citra
527 4382 758 4434 fructum
801 4390 903 4446 est,
936 4395 1058 4434 cum
1093 4387 1147 4434 et
1180 4378 1302 4433 aliis
1333 4393 1436 4431 non
1477 4377 1799 4432 commodet.
1838 4379 1938 4444 Qui

362 4488 491 4527 vero
517 4475 593 4527 sic
619 4473 891 4541 accipiunt
919 4473 1061 4526 hunc
1079 4480 1306 4536 textum,
1326 4476 1657 4534 metuerunt,
1679 4483 1796 4524 mea
1811 4469 1931 4532 qui-

2040 4393 2172 4447 λεῖν.
2211 4395 2274 4447 Οἱ
2304 4395 2359 4447 δι
2413 4393 2587 4458 οὕτως
2636 4396 3109 4466 έκλαμόανόμενοι
3155 4399 3220 4450 τὸ
3267 4396 3441 4467 ῥητὸν,
3482 4391 3583 4462 ἐμοὶ

2041 4485 2239 4549 δοκεῖν,
2275 4486 2623 4558 ἐφοϐήθησαν
2657 4487 2716 4540 τὸ
2749 4487 2844 4540 τοῦ
2893 4487 3176 4542 Μοντανοῦ
3223 4485 3582 4558 παραλήρημα.

363 4566 484 4618 dem
535 4564 826 4626 sententia,
867 4563 1102 4616 Montani
1147 4561 1583 4616 deliramentum.
1617 4559 1935 4629 Httjusmodi

2059 4570 2207 4641 Ζιῦτος
2229 4578 2336 4648 γὰρ
2360 4578 2618 4649 τοιαύτην
2647 4575 2862 4649 αἵρεσιν
2887 4581 3125 4650 εἰσῆγεν,
3157 4581 3238 4632 ὅτι
3267 4581 3313 4631 οἱ
3343 4577 3581 4647 προφῆται

364 4670 601 4724 namque
651 4655 901 4709 haeresim
945 4657 1047 4708 iste
1095 4655 1426 4718 introduxit,
1469 4653 1611 4722 quod
1665 4654 1940 4722 propheta:

361 4749 586 4802 omnino
618 4763 722 4802 non
763 4748 1130 4817 intelligerent
1159 4761 1281 4817 quae
1312 4747 1581 4811 dicereut,
1612 4762 1797 4800 verum
1825 4746 1939 4814 spi-

364 4843 468 4895 ritu
487 4842 689 4896 detenti
726 4842 970 4895 dicerent
1008 4843 1278 4909 quaadatn,
1317 4855 1416 4895 nec
1451 4840 1818 4910 intelligerent
1859 4849 1937 4891 ta-

364 4953 484 4990 men
522 4951 641 5005 quze
679 4926 942 4990 dicerent.
977 4933 1048 4987 At
1086 4934 1186 4988 hoc
1240 4951 1343 4988 non
1400 4935 1563 4988 habet
1597 4934 1683 4986 hic
1736 4933 1932 4987 locum.

364 5030 476 5082 Non
525 5029 668 5083 enim
715 5030 780 5082 de
813 5026 1092 5097 prophetis
1124 5028 1223 5080 hoc
1264 5027 1400 5080 dixit
1431 5025 1742 5094 Apostolus,
1775 5023 1938 5077 nimi-

364 5139 482 5176 rum
511 5123 651 5192 quod
676 5137 780 5175 non
810 5121 1178 5190 intelligerent
1204 5134 1321 5188 qua:
1343 5134 1374 5172 a
1398 5133 1458 5172 se
1481 5121 1812 5178 dicerentur,
1838 5130 1938 5168 ca:-

361 5223 534 5268 terum
587 5215 652 5267 de
703 5213 766 5266 iis
803 5213 894 5281 qui
934 5212 1132 5281 linguis
1163 5212 1455 5280 loquuntur
1497 5224 1510 5262 :
1550 5224 1723 5276 neque
1769 5206 1834 5259 de
1876 5207 1940 5259 ils

361 5306 634 5369 omnibus,
683 5306 775 5358 sed
801 5307 864 5357 de
891 5303 1236 5376 quibusdam.

431 5422 596 5478 Vsus.
632 5423 720 5477 l5.
759 5439 778 5472 ι
816 5421 956 5488 Quid
992 5421 1157 5489 igitur
1181 5430 1262 5474 est
1283 5420 1306 5472 ?
1329 5422 1494 5475 orabo
1523 5420 1739 5490 spiritu,
1768 5420 1938 5476 orabo

359 5527 407 5570 et
436 5528 616 5569 mente
647 5535 660 5570 :
689 5515 912 5585 psallam
940 5514 1156 5584 spiritu,
1180 5513 1404 5584 psallam
1431 5525 1486 5569 et
1511 5526 1708 5570 mente.
1744 5535 1762 5567 ι
1795 5514 1934 5583 Quid

360 5609 544 5678 igitur,
576 5610 775 5677 inquit,
801 5617 884 5661 est
905 5605 1275 5660 commodius?
1301 5615 1354 5660 et
1379 5607 1508 5676 quid
1538 5623 1818 5664 uel-essum
1851 5617 1932 5663 est

357 5717 386 5755 ιι
437 5703 543 5754 Deo
587 5700 813 5769 petere?
854 5708 913 5753 ut
961 5713 1181 5753 oremus
1230 5699 1424 5766 spiritu
1479 5701 1529 5754 id
1569 5714 1672 5769 est,
1727 5706 1871 5757 don.»
1913 5719 1928 5757 :

357 5809 543 5850 vi-rum
576 5794 737 5847 etiam
805 5800 1006 5857 mente,
1066 5791 1170 5847 hoc
1204 5800 1322 5859 cst,
1371 5801 1428 5848 ut
1495 5806 1671 5850 lltt'ltlc
1739 5795 1924 5849 intelli-

2041 4669 2378 4734 ἁπαξαπλῶς
2411 4671 2471 4724 οὒ
2507 4671 2760 4724 συνίεσαν
2791 4670 2827 4726 ἃ
2863 4671 3107 4740 ἐλάλουν,
3145 4671 3283 4727 ἀλλὰ
3322 4668 3583 4738 κατεχὸμε⁸

2041 4780 2121 4814 νοι
2162 4765 2268 4815 ὑπὸ
2313 4765 2406 4817 τοῦ
2443 4763 2760 4836 Πνεύματος
2791 4747 2976 4834 ἔλεγόν
3009 4784 3153 4830 τινα,
3181 4767 3242 4832 οὑ
3269 4765 3447 4835 ᾔδεσαν
3473 4759 3521 4812 δὲ
3551 4755 3580 4808 ἃ

2039 4852 2246 4920 ἔλεγον.
2293 4854 2432 4908 Ἀλλ’
2456 4858 2554 4908 οὑκ
2579 4855 2692 4926 ἔχει
2731 4855 2916 4926 χώραν
2939 4856 3098 4910 τοῦτο
3127 4855 3375 4910 ἐνταῦθα.
3402 4849 3468 4904 Οὐ
3493 4850 3580 4916 γὰρ

2046 4945 2176 5016 περὶ
2202 4946 2309 4999 τῶν
2347 4948 2644 5017 προφητῶν
2671 4944 2793 5000 εἷπε
2828 4946 2986 5000 τοῦτο
3020 4949 3049 4999 6
3085 4947 3414 5010 ’Δπόστολος,
3437 4941 3489 4994 τὸ
3517 4937 3578 5008 μὴ

2049 5036 2310 5098 συνιέναι,
2353 5039 2517 5106 φημὶ,
2551 5039 2618 5090 τὰ
2647 5038 2939 5108 λεγόμενα,
2975 5039 3110 5093 ἀλλὰ
3143 5038 3270 5109 περὶ
3298 5036 3397 5087 τῶν
3430 5030 3576 5100 γλώσο

2045 5143 2166 5191 σαις
2225 5128 2564 5180 λαλούντωνο
2617 5130 2713 5180 καὶ
2760 5129 2882 5183 οὐδὲ
2933 5130 3138 5182 τούτων
3199 5129 3424 5190 πάντων,
3464 5118 3576 5175 ἀλλὰ

2039 5235 2220 5272 τινων.

2119 5445 2136 5476 ε
2175 5426 2239 5478 Τί
2267 5425 2360 5478 οῦν
2399 5426 2542 5493 iam;
2576 5426 2968 5498 προσεύξομαι,
2992 5427 3068 5498 τῷ
3103 5427 3385 5498 πνεύματι,
3422 5437 3565 5493 προσ·

2041 5517 2266 5589 εύξομαι
2318 5519 2376 5573 δὲ
2423 5519 2518 5572 καὶ
2561 5519 2640 5590 τῷ
2679 5521 2793 5572 νοῖ⁶
2827 5519 2983 5588 ψαλῶ
3014 5521 3092 5592 τῷ
3123 5520 3402 5588 πνεύματι,
3441 5511 3569 5585 ψαλῶ

2042 5613 2136 5664 καὶ
2164 5613 2240 5680 τῷ
2276 5613 2376 5665 νοΐ.
2415 5631 2432 5664 ι
2476 5612 2542 5666 Τί
2574 5611 2666 5665 οῦν
2695 5615 2833 5678 ἐστι,
2867 5615 3022 5682 φησὶ,
3057 5615 3119 5666 τὸ
3158 5609 3564 5682 ὠφελιμώτερονὶ

2044 5702 2138 5753 καὶ
2185 5702 2234 5753 τί
2284 5701 2390 5772 χρὴ
2441 5705 2611 5754 αἰτεῖν
2639 5702 2730 5754 τὺν
2778 5701 2944 5768 Θεόν;
2993 5703 3068 5756 T6
3109 5697 3476 5774 προσεύχεᾳθαι
3503 5691 3566 5760 τῷ

2053 5795 2343 5862 πνεύματι,
2373 5795 2642 5860 τουτέστι,
2674 5793 2752 5863 τῷ
2789 5794 3090 5867 χαρίσματι
3113 5812 3128 5827 ο
3161 5794 3292 5861 πλὴν
3329 5789 3450 5847 ἀλλὰ
3488 5786 3562 5838 καὶ
