3806 6592
255 382 342 446 "ill
983 388 1389 448 EXPOSITIO
1436 389 1513 448 IN
1548 386 1788 450 EPIST.
1831 385 1861 445 Ῑ
1896 387 1996 448 AD
2035 388 2205 450 COR.
2245 416 2315 428 —
2343 391 2504 454 CAP.
2537 392 2694 456 XIV.

3410 401 3521 465 742

252 497 321 565 τῷ
347 496 453 548 νοΐ·
482 487 758 561 τουτέστι,
794 502 864 570 τῇ
896 500 1105 572 διανοίᾳ
1138 503 1372 556 συνιέναι
1402 503 1467 556 τὰ
1499 502 1598 572 τῆς
1632 500 1817 572 εὐχῆς·

1948 518 2116 567 gamus
2142 520 2260 574 qtta-
2291 520 2533 560 oramus.
2567 503 2712 561 Idem
2743 515 2800 561 et
2828 507 2896 562 de
2943 509 3164 579 psalmis
3212 511 3515 588 intelligen-

250 591 439 661 ὁμοίως
473 592 567 643 καὶ
601 591 689 643 ἐπὶ
717 592 811 646 τοῦ
836 593 1060 663 ψάλλειν
1088 598 1154 650 ".

323 699 339 731 ι
387 677 541 734 Ἐπεὶ
574 683 666 735 ἐὰν
691 683 996 760 εὐλογήσῃς
1020 687 1097 758 τῷ
1125 687 1419 757 πνεύματι,
1446 691 1473 741 6
1499 689 1829 761 ἀναπληρῶν

253 775 335 826 τὸν
359 773 522 827 τόπον
555 775 646 828 τοῦ
675 776 907 841 ἰδιώτου,
949 779 1066 844 πῶς
1090 783 1208 850 ἐρεῖ
1237 781 1298 834 τὸ
1341 781 1514 852 Ἀμὴν
1547 782 1639 834 ἐπὶ
1665 785 1732 853 τῇ
1761 785 1826 854 σῇ

251 865 583 936 εὐχαριστίᾳ,
631 867 820 939 ἐπειδὴ
873 869 925 922 τί
982 871 1166 939 λέγεις
1211 873 1310 924 οὐκ
1360 865 1532 938 οἷδενς
1577 891 1595 925 ι
1633 874 1826 938 Ὅταν,

246 961 388 1027 φησι,
407 958 662 1032 ψάλλῃςμ
683 952 776 1014 ἐὰν
799 963 1098 1036 εὐλογήσης
1117 965 1192 1036 τῷ
1209 964 1497 1034 πνεύματι,
1514 982 1530 1016 t
1561 966 1827 1031 τουτέστι,

245 1051 315 1120 τῷ
343 1051 695 1121 πνευματικῷ
717 1054 1016 1126 χαρίσματι
1048 1056 1134 1110 διὰ
1162 1057 1258 1126 τῆς
1289 1055 1563 1128 γλώσσης,
1587 1075 1605 1109 ι
1638 1059 1666 1110 6
1694 1059 1828 1111 ἀνα-

245 1143 455 1214 πληρῶν
484 1144 578 1197 τὸν
609 1148 772 1199 τόπον
804 1146 898 1200 τοῦ
925 1147 1192 1211 ίδιώτου,ι
1231 1147 1533 1215 τουτέστιν,
1561 1150 1590 1202 6
1617 1149 1827 1217 λαῖκὸς,

251 1257 267 1288 ι
294 1237 403 1300 πῶς
430 1240 544 1307 ἐρεῖ
573 1239 631 1291 τὸ
662 1239 832 1312 Ἀμην
857 1241 950 1294 ἐπὶ
975 1244 1039 1312 τῇ
1068 1245 1132 1313 σῇ
1165 1236 1296 1312 εὐχῇ
1317 1258 1367 1308 ;t
1390 1243 1490 1296 Σοῦ
1519 1243 1626 1314 γὰρ
1646 1244 1830 1297 εἰπόν-

245 1346 327 1391 τος
359 1328 436 1391 τὸ,
484 1329 578 1391 Εἰς
618 1330 746 1393 τοὺς
791 1331 998 1395 αἰῶνας
1032 1331 1142 1384 τῶν
1186 1331 1422 1394 αἰώνων,
1471 1332 1694 1401 ἀσαφῶς
1731 1333 1828 1386 καὶ

245 1422 299 1473 ἔν
331 1419 576 1491 γλώσσῃ,
608 1420 710 1474 οὐκ
732 1421 968 1491 ἧκουσεν
990 1440 1002 1452 ·
1033 1421 1172 1475 ὥστε
1203 1419 1325 1475 οὔτε
1348 1416 1661 1491 ώφελεῖται.

315 1529 332 1562 ι
385 1512 457 1564 Σὺ
494 1512 596 1582 μὲν
641 1513 750 1584 γὰρ
797 1513 980 1577 καλῶς
1034 1514 1398 1585 εὐχαριστεῖς,
1431 1513 1546 1566 ἀλλ’
1587 1515 1615 1567 6
1641 1513 1828 1584 ἕτερος

242 1606 331 1654 οὐκ
364 1603 753 1673 οἰκοδομεῖται.
800 1624 818 1655 ι
875 1606 991 1658 ’Ίνα
1042 1605 1118 1677 μὴ
1152 1605 1280 1678 δόξῃ
1319 1605 1600 1668 παντελῶς
1634 1624 1829 1659 κατευ-

243 1693 465 1758 τελίζειν
508 1695 569 1747 τὺ
618 1697 892 1766 χάρισμα,
936 1697 1106 1768 φησί’
1140 1697 1212 1750 Σὺ
1249 1697 1350 1767 μὲν
1391 1695 1573 1762 καλῶς
1601 1699 1825 1770 εὐχαρι-

243 1789 398 1849 στεῖς,
435 1787 575 1840 ἀλλὰ
613 1789 716 1859 τῆς
747 1791 842 1844 τοῦ
896 1789 1129 1861 πλησίον
1157 1789 1430 1860 ὠφελείας
1469 1791 1545 1863 μὴ
1583 1791 1820 1864 προσοῦ·

243 1895 353 1949 σης,
389 1879 666 1952 ἄχρηστος
697 1883 730 1954 ἡ
770 1884 1114 1954 εὐχαριστία.

313 1990 330 2022 ι
365 1972 695 2044 Εὐχαριστῶ
736 1975 814 2046 τῷ
848 1976 966 2047 Θεῷ
1006 1996 1134 2049 μου,
1172 1980 1390 2034 πάντων
1434 1980 1589 2050 ὑμῶν
1623 1979 1825 2050 μᾶλλον

242 2063 504 2130 γλώσσαις
547 2066 753 2123 λαλῶν.
802 2087 820 2120 ι
861 2069 979 2124 ’Ἰνα
1013 2071 1088 2143 μὴ
1121 2072 1490 2138 ὑπολάϐωσιν,
1523 2073 1604 2126 ὅτι
1650 2073 1724 2137 ὡς
1751 2071 1827 2143 μὴ

243 2156 373 2225 ἔχων
404 2156 566 2212 τοῦτο
609 2160 670 2212 τὸ
729 2161 1000 2232 χάρισμα,
1056 2163 1144 2217 διὰ
1189 2163 1348 2218 τοῦτο
1381 2165 1645 2229 εὐτελίζει
1673 2163 1827 2229 αὐτὸ,

243 2249 419 2320 φησὶν,
449 2250 535 2303 ὅτι
574 2251 747 2306 Πλέον
778 2253 996 2308 πάντων
1025 2252 1302 2322 γλώσσαις
1347 2257 1511 2313 λαλῶ.

312 2359 330 2392 ι
374 2341 512 2394 Ἀλλ’
561 2343 623 2396 ὲν
661 2344 960 2418 Ἐκκλησία
995 2345 1134 2400 θέλω
1183 2349 1347 2401 πέντε
1376 2348 1570 2418 λόγους
1604 2349 1692 2404 διὰ
1735 2347 1826 2402 τοῦ

243 2433 351 2496 ’νοός
382 2451 480 2505 μου
510 2434 770 2508 λαλῆσαι,
802 2437 888 2491 ἵνα
924 2441 1018 2492 καὶ
1062 2440 1254 2504 ἄλλους
1301 2443 1624 2512 κατηχήσω,
1654 2443 1686 2514 ἢ
1721 2461 1825 2514 μυ-

249 2528 383 2595 ρίους
429 2527 622 2596 λόγους
667 2530 723 2581 ὲν
751 2529 988 2604 γλώσσῃ,
1033 2552 1164 2585 t—t
1201 2535 1300 2587 Διὰ
1333 2534 1426 2588 τοῦ
1498 2537 1613 2600 νοός
1674 2554 1776 2606 μου
1811 2554 1827 2570 ·

249 2640 263 2669 ι
305 2621 562 2686 τουτέστι,
593 2623 752 2680 Νοῶν
777 2624 1033 2689 mutae;
1048 2625 1250 2695 ἂλέγω,
1273 2627 1366 2681 καὶ
1389 2629 1720 2699 ἑρμηνεῦσαι
1736 2627 1829 2682 δυ-

246 2713 459 2782 νάμενος
511 2715 708 2781 ταῦτα,
746 2717 833 2770 ἴνα
867 2719 961 2770 καὶ
1009 2718 1202 2783 ἄλλους
1223 2718 1509 2791 ὠφελήσω.
1551 2739 1568 2772 ι
1614 2721 1684 2774 Ἣ
1731 2738 1832 2791 μυ·-

242 2804 380 2870 ρίους
443 2805 645 2875 λόγους
701 2810 758 2861 ὲν
799 2808 1066 2884 γλώσσῃ·
1109 2830 1128 2864 ι
1193 2812 1492 2878 τουτέστιν,
1535 2812 1704 2866 Ὅταν
1754 2814 1830 2884 μὴ

241 2895 400 2969 Ισχύω
429 2901 642 2965 αὐτοὺς
677 2902 1049 2975 ἑρμηνεῦσαι·
1091 2905 1212 2958 τότε
1250 2905 1360 2975 γὰρ
1421 2906 1501 2970 είς
1526 2907 1626 2976 ἐμὲ
1671 2909 1831 2976 μόνον

239 2991 542 3061 ήώφέλεια.
574 2998 947 3067 περιίσταται.
984 2999 1154 3051 Πέντε
1199 2998 1255 3052 δὲ
1304 2999 1497 3068 λόγους
1540 2999 1691 3068 λέγει
1723 3001 1831 3064 πᾶς

238 3087 554 3152 διδάσκαλος
580 3089 646 3155 ³⁸,
674 3091 702 3143 6
724 3089 795 3143 τὰ
831 3089 1145 3161 κατάλληλα
1185 3091 1460 3163 φάρμακα
1485 3092 1694 3166 ἑκάστῃ
1719 3091 1828 3146 τῶν

239 3181 291 3230 ὲν
321 3180 449 3250 ἡμῖν
495 3181 671 3234 πέντε
703 3182 1013 3253 αἰσθήσεων
1042 3183 1360 3254 προσάγων.

309 3291 325 3324 ι
373 3273 651 3344 Ἀδελφοὶ,
705 3275 780 3346 μὴ
824 3276 1015 3329 ’παιδία
1046 3275 1262 3344 γίνεσθε
1294 3279 1414 3342 ταῖς
1441 3279 1657 3349 φρεσὶν,
1690 3277 1830 3334 ἀλλὰ

239 3365 296 3434 τῇ
320 3365 480 3435 κακίᾳ
506 3365 846 3437 νηπιάζετεο
878 3369 996 3431 ταῖς
1019 3367 1074 3420 δὲ
1102 3369 1267 3439 φρεσὶ
1299 3369 1498 3423 τέλειοι
1527 3369 1766 3440 γίνεσθε.
1799 3389 1820 3424 ι

243 3455 382 3510 Μετὰ
402 3457 460 3510 τὸ
495 3457 680 3524 δεῖξαι
734 3459 796 3510 τὸ
839 3458 948 3511 τῶν
986 3460 1249 3529 γλωσσῶν
1289 3463 1558 3533 χάρισμα,
1593 3463 1744 3518 ποῖόν
1773 3465 1828 3519 τί

243 3547 368 3612 ἐστι,
401 3548 601 3602 λοιτ-τὺν
635 3551 1068 3624 πληκτικωτέρῳ
1103 3559 1368 3626 κέχρηται
1414 3555 1491 3627 τῷ
1535 3557 1702 3629 λόγῳ,
1733 3561 1828 3612 καὶ

244 3637 479 3704 ὀνειδίζει
527 3640 711 3705 αὐτοῖς
756 3641 830 3706 ὡς
859 3645 1088 3699 παιδικὰ
1140 3647 1418 3717 φρονοῦσι.
1459 3649 1687 3720 Νηπίων
1719 3651 1828 3722 γάρ

243 3731 377 3784 ἐστιν
405 3733 658 3804 ἀληθῶς,
694 3736 754 3789 τὸ
783 3737 852 3790 τὰ
884 3739 1060 3810 μικρὰ
1084 3739 1410 3812 θαυμάζειν,
1441 3741 1532 3796 διὰ
1564 3743 1625 3797 τὸ
1663 3744 1828 3815 τυχὸν

241 3822 583 3895 ἐκπληκτικὰ
623 3822 782 3896 εἶναι,
813 3823 925 3883 οἷαί
964 3833 1070 3886 είσι
1095 3832 1192 3887 καὶ
1233 3835 1288 3887 αῖ
1313 3833 1554 3904 γλῶσσαι
1580 3853 1595 3868 ο
1629 3836 1736 3891 τῶν
1768 3837 1828 3891 δὲ

246 3915 482 3982 μεγάλων
520 3923 904 3990 καταφρονεῖν,
934 3921 1010 3986 ὡς
1046 3923 1212 3995 μηδὲν
1243 3927 1615 3998 καινοπρεπὲς
1653 3928 1700 3960 ³¹
1730 3933 1828 4000 ἑμ-

244 4009 565 4079 φαινόντων,
595 4005 706 4066 οἷαί
751 4015 858 4067 είσι
911 4016 1006 4071 καὶ
1056 4017 1114 4070 αἱ
1171 4022 1523 4093 προφητεῖαι.
1563 4021 1826 4094 Παραινει

245 4099 410 4154 τοίνυν
463 4103 655 4168 αὐτοῖς
686 4105 732 4138 ⁸³
761 4105 1017 4175 ἐνταῦθα,
1065 4109 1152 4164 ἵνα
1177 4111 1270 4183 ,μὴ
1299 4112 1658 4184 ὲπαίρωνται,
1691 4113 1828 4186 μηδὲ

251 4191 589 4256 γινώσκωσιν
626 4197 816 4264 ἁπλῶς
864 4199 922 4253 τί
972 4203 1092 4255 ἐστι
1141 4203 1237 4257 καὶ
1282 4205 1469 4270 κακία,
1496 4205 1572 4270 ὡς
1595 4205 1716 4259 οὐδὲ
1760 4207 1828 4261 τὰ

250 4283 446 4353 νήπιαο
487 4290 610 4353 ταῖς
647 4287 704 4342 δὲ
748 4292 915 4362 φρεσὶ
964 4293 1160 4348 τέλειοι
1209 4289 1344 4349 ὧσιο
1390 4297 1693 4369 τουτέστιν,
1741 4297 1827 4353 ἵνα

249 4373 556 4448 διακρίνωσι
581 4379 711 4440 ,τίνα
746 4383 918 4453 μείζω
963 4385 1060 4438 καὶ
1102 4385 1507 4459 ὠφελιμώτερα
1539 4388 1646 4442 τῶν
1675 4407 1830 4461 χαρι-

252 4469 484 4536 σμάτων.
520 4471 635 4526 Καὶ
657 4473 830 4538 ἄλλως
856 4475 936 4539 δὲ,
961 4477 1219 4548 νηπιάζει
1242 4481 1309 4552 τῇ
1341 4481 1532 4553 κακία,
1559 4483 1587 4535 6
1621 4483 1826 4554 μηδένα

250 4564 571 4630 κακοποιῶν,
597 4565 712 4618 ἀλλ’
729 4566 916 4639 ὥσπερ
935 4569 1144 4640 νήπιον,
1168 4570 1370 4638 ἄκακος
1390 4589 1406 4606 ο
1433 4575 1553 4638 ταῖς
1576 4573 1633 4628 δὲ
1694 4593 1827 4648 φρε-

252 4653 300 4705 σὶ
333 4656 534 4717 τέλειός
562 4659 729 4724 ἐστιν,
762 4661 804 4732 6|
817 4664 858 4734 f.
875 4661 956 4737 ὃς]
983 4665 1118 4734 μετᾶ
1148 4666 1239 4719 τοῦ
1267 4666 1472 4737 μηδένα
1497 4672 1833 4737 κακοποιεῖν,

255 4747 359 4806 ἐστι
389 4753 486 4822 καὶ
512 4753 764 4823 ὠφελῶν,
796 4760 892 4812 καὶ
920 4759 978 4811 οὐ
1009 4759 1170 4830 μόνον
1200 4760 1400 4814 κακίαν
1425 4763 1664 4832 φεύγων,
1696 4763 1834 4818 ἀλλὰ

255 4843 343 4896 καὶ
369 4846 574 4920 ἀρετὴν
616 4849 847 4916 διώκων,
897 4852 992 4906 καὶ
1030 4853 1318 4923 φυλάττων
1361 4855 1550 4910 ἑαυτὸν
1598 4858 1706 4910 ἀπὸ
1736 4858 1830 4912 τοῦ

260 4939 329 5008 μὴ
364 4941 700 5011 βλάπτεσθαι
737 4947 964 5016 περὶτὰ
992 4947 1207 5018 καίρια.
1252 4949 1479 5018 Ὅμοιον
1531 4949 1703 5019 τούτῳ
1747 4951 1827 5014 τὸ,

261 5046 276 5078 ι
319 5030 534 5086 Γίνεσθε
561 5034 816 5107 φρόνιμοι
839 5035 914 5100 ώς
947 5037 994 5090 οῖ
1028 5035 1204 5108 ὄφεις,
1239 5039 1335 5093 καὶ
1366 5040 1614 5110 ἀκέραιοι
1666 5041 1740 5104 ώς
1775 5043 1832 5096 αἱ

260 5126 590 5196 περιστεραί.
636 5145 656 5178 ι

329 5318 349 5350 ι
400 5301 488 5353 Ἐν
514 5300 590 5372 τῷ
622 5303 780 5375 νόμῳ
795 5305 1126 5378 γέγραπται,
1149 5309 1233 5362 ὅτι
1268 5309 1356 5363 Ἐν
1375 5310 1828 5382 έτερογλώσσαις,

265 5393 439 5446 ratio
475 5395 708 5464 χείλεσιν
747 5398 958 5468 ἑτέροις
999 5399 1218 5472 λαλήσω
1241 5401 1319 5473 τῷ
1357 5401 1471 5472 λαῷ
1503 5401 1699 5474 τούτῳ,
1731 5404 1826 5456 καὶ

260 5483 364 5536 οὐδ’
405 5484 572 5551 οὕτως
603 5488 1014 5545 εἰσακούσονταί
1045 5509 1170 5563 μου,
1211 5491 1360 5564 λέγει
1391 5495 1616 5568 Κύριος.
1651 5514 1670 5546 ι
1711 5497 1825 5550 Ud-

335 5658 356 5685 ³
389 5651 569 5710 Matth.
612 5673 666 5721 κ,
699 5653 788 5708 19.
874 5651 1023 5709 ίῐειι.
1059 5667 1254 5718 xxvtn,
1290 5655 1380 5708 ll.

1933 599 2084 650 dum.

2007 691 2169 747 Vsus.
2212 695 2300 747 16.
2342 714 2360 746 ι
2399 695 2670 763 Quoniam
2706 701 2751 755 si
2788 701 3148 758 benedixeris
3177 701 3395 772 spiritu,
3422 702 3518 773 qui

1931 786 2146 854 supplcl
2172 787 2347 842 locum
2373 789 2577 857 idiotas,
2599 794 2872 862 quomodo
2893 796 3033 851 dicet
3060 797 3234 851 Amen
3260 797 3324 850 ad
3363 805 3514 850 luant

1931 878 2248 945 gratiarium
2291 881 2587 948 actionem,
2622 886 3060 954 quandoquidem
3084 888 3214 957 quid
3237 889 3390 944 dicas
3415 902 3513 942 nc-

1932 971 2077 1024 scit?
2119 990 2136 1023 »
2171 971 2396 1038 Quando
2446 977 2658 1047 psallis,
2703 979 2899 1048 inquit,
2956 981 2999 1034 si
3034 981 3374 1036 benedixeris
3399 981 3513 1050 spi-

1931 1063 2066 1130 ritu,
2126 1066 2225 1122 ltoc
2272 1077 2376 1134 εει,
2419 1071 2690 1140 spirituali
2733 1072 2874 1126 dono
2927 1073 3143 1143 linguaa,
3207 1092 3227 1124 ι
3266 1075 3356 1142 ιιιιί
3388 1089 3518 1142 snp-

1931 1152 2040 1218 plet
2083 1154 2260 1209 idiota:
2299 1159 2498 1225 locum,
2537 1178 2554 1210 ι
2620 1159 2674 1213 id
2709 1169 2791 1214 est
2838 1160 3030 1222 laicus,
3060 1163 3330 1230 quomodo
3371 1161 3516 1216 dicet

1930 1233 2100 1294 Amen
2136 1243 2202 1296 ad
2245 1254 2392 1298 tuam
2433 1248 2777 1304 orationem?
2815 1247 2891 1302 Te
2928 1249 3070 1302 enim
3112 1250 3402 1313 dicentem,
3455 1246 3512 1300 In

1931 1331 2126 1385 sarcula
2157 1336 2502 1404 surculorum,
2527 1339 2758 1392 obscure
2780 1348 2836 1392 ct
2874 1354 2970 1408 per
2995 1339 3234 1410 linguam
3285 1356 3389 1393 non
3419 1355 3514 1392 att-

1933 1420 2094 1487 divit,
2123 1437 2174 1480 et
2207 1429 2434 1496 proinde
2475 1445 2578 1483 non
2621 1431 2864 1498 juvatur.

2005 1519 2163 1572 Vens.
2207 1521 2291 1575 l7.
2337 1539 2355 1572 ι
2399 1521 2532 1575 Nam
2577 1532 2629 1575 tu
2673 1523 2889 1592 quidem
2948 1524 3088 1578 bene
3124 1522 3327 1594 gratias
3375 1523 3510 1591 agis,

1929 1611 2022 1665 sed
2055 1615 2196 1665 alter
2229 1630 2335 1667 non
2367 1616 2688 1669 aedificatur.
2726 1635 2744 1667 ι
2774 1607 2852 1671 Νε
2885 1617 3132 1671 videatur
3163 1617 3386 1670 omnino
3415 1620 3509 1668 do-

1931 1720 2056 1758 num
2125 1706 2254 1760 illud
2309 1703 2662 1778 vilipendere,
2705 1709 2782 1762 Tu
2827 1709 3068 1778 quidem,
3120 1709 3319 1778 inquit,
3376 1708 3512 1762 bene

1932 1798 2136 1868 gratias
2175 1801 2310 1868 agis,
2365 1800 2456 1856 sed
2504 1801 2734 1870 proximi
2786 1801 2863 1856 tui
2896 1801 3180 1856 commodo
3219 1815 3325 1855 non
3357 1813 3514 1855 acce-

1931 1889 2113 1954 do-nte,
2141 1889 2350 1944 inutilis
2381 1898 2463 1942 est
2497 1901 2582 1944 tua
2615 1891 2914 1960 gratiarum
2949 1890 3113 1946 actio.

2006 1979 2168 2034 Vsus.
2197 1979 2284 2035 l8.
2324 1999 2342 2032 ι
2366 1977 2581 2035 Gratias
2613 1997 2711 2051 ago
2736 1981 2844 2036 Deo
2873 1995 3012 2042 meo,
3043 1981 3185 2051 quod
3216 1980 3334 2050 plus
3360 1977 3511 2035 vobis

1932 2074 2188 2126 Omnibus
2214 2071 2411 2140 linguis
2443 2071 2650 2142 loquar.
2705 2091 2724 2125 ι
2762 2071 2840 2126 Ne
2873 2073 3218 2142 suspicentur
3241 2073 3382 2140 quod
3409 2086 3508 2127 ceu

1930 2177 2127 2237 carens
2146 2175 2212 2215 eo
2236 2161 2582 2228 charismate,
2621 2163 2744 2216 ideo
2767 2162 2940 2228 ipsum
2983 2161 3156 2216 elevet
3181 2176 3243 2214 ac
3276 2160 3508 2230 vilipcn-

1931 2255 2044 2318 dat,
2076 2255 2200 2309 l‘lus
2228 2271 2391 2323 quam
2419 2271 2630 2318 omnes,
2663 2256 2860 2323 inquit,
2895 2255 3091 2324 linguis
3117 2256 3309 2318 loquor

2007 2350 2172 2404 Vsus.
2209 2349 2295 2404 l9.
2337 2367 2356 2401 ι
2395 2349 2501 2404 Sed
2528 2349 2581 2402 in
2620 2349 2865 2403 Ecclesia
2903 2349 3021 2402 volo
3059 2349 3300 2417 quinque
3344 2347 3509 2400 verba

1934 2443 2098 2512 210
2131 2452 2308 2496 tuente
2338 2458 2452 2496 mea
2486 2442 2652 2511 loqui,
2680 2449 2736 2495 ut
2759 2449 2812 2496 et
2847 2441 2982 2496 alios
3014 2439 3305 2505 instruant,
3341 2453 3508 2509 quam

1931 2535 2118 2590 decent
2146 2535 2314 2588 millia
2343 2533 2632 2587 verborum
2665 2532 2715 2585 in
2741 2531 2937 2601 lingua.
2975 2549 2994 2582 ι
3036 2549 3055 2582 ι
3092 2530 3269 2585 Μειιιε
3301 2544 3456 2597 mea;
3483 2546 3504 2581 ι

1936 2625 2037 2680 Ιιοε
2059 2637 2143 2679 εει
2169 2624 2475 2694 intelligens
2528 2633 2582 2676 et
2605 2621 2786 2678 sciens
2809 2635 2930 2690 qua:
2946 2620 3090 2682 dico.
3117 2630 3176 2674 ut
3194 2619 3283 2689 qui
3308 2618 3508 2688 possint

1934 2715 2282 2788 interpretari
2319 2715 2454 2780 lucc,
2495 2723 2552 2768 ut
2589 2725 2644 2769 et
2677 2713 2809 2768 alios
2840 2713 3110 2780 adiuvem.
3149 2730 3168 2763 ι
3206 2712 3376 2778 Quam
3412 2709 3510 2765 de-

1933 2826 2051 2866 cem
2084 2810 2249 2865 millia
2281 2810 2335 2864 in
2360 2810 2562 2878 lingua,
2600 2827 2617 2859 ι
2651 2807 2866 2877 quando
2891 2808 3147 2862 nimirum
3177 2821 3284 2860 non
3309 2805 3509 2875 possim

1931 2917 1994 2958 ea
2025 2901 2371 2972 interpretari
2397 2917 2410 2955 :
2440 2910 2548 2954 tum
2571 2899 2719 2954 enim
2751 2899 2816 2951 ad
2842 2913 2926 2952 tne
2950 2897 3124 2952 solum
3154 2897 3513 2950 commoditas

1933 2996 2093 3051 redit.
2123 3014 2141 3047 ι
2168 2995 2415 3063 Quinque
2442 3013 2460 3045 ι
2490 3004 2668 3049 autem
2693 3011 2711 3046 ι
2737 2994 2901 3048 verba
2923 3011 2940 3043 ι
2963 2993 3089 3047 dicit
3116 2989 3359 3060 quisquis
3375 2988 3514 3042 alios

1934 3090 2192 3156 instituit,
2226 3090 2549 3145 medicinam
2597 3089 3015 3143 convenientem
3053 3085 3228 3140 cuivis
3276 3084 3514 3153 quinque

1849 3187 1894 3248 C
1928 3197 2187 3237 sensuum
2215 3190 2524 3235 nostrorum
2573 3179 2860 3234 adhibens.

2013 3276 2176 3331 Vens.
2205 3275 2294 3329 20.
2333 3294 2352 3328 ς
2388 3274 2628 3338 Fratres,
2661 3289 2729 3329 ne
2759 3274 2876 3329 sitis
2917 3274 3070 3343 pueri
3111 3273 3382 3338 sensibus,
3412 3271 3509 3328 sed

1932 3369 2140 3425 malitia
2211 3368 2449 3424 infantes
2502 3377 2713 3434 estote;
2773 3369 3028 3422 sensibus
3091 3382 3221 3421 vero
3284 3364 3508 3436 perfecti

1930 3473 2126 3520 estote.
2152 3481 2171 3514 ι
2208 3461 2497 3532 Postquam
2530 3460 2980 3516 commonstravit
3011 3459 3171 3528 quale
3192 3459 3266 3512 sit
3295 3459 3508 3527 lingua-

1931 3571 2052 3611 rum
2108 3556 2336 3621 donum,
2389 3553 2646 3624 deinceps
2691 3552 2968 3622 aSperiore
3021 3565 3272 3604 sermone
3317 3552 3508 3612 utitur,

1929 3650 2266 3720 exprobrans
2282 3649 2364 3704 eis
2379 3646 2534 3718 quasi
2553 3645 2776 3717 puerilia
2795 3644 3194 3700 allectantibus.
3217 3642 3508 3697 Infantiam

1929 3741 2073 3795 enim
2109 3753 2296 3794 revera
2331 3748 2436 3803 est,
2487 3752 2576 3791 res
2617 3737 2839 3806 exiguas
2889 3737 3174 3800 admirari,
3225 3747 3508 3804 promereat

1928 3832 2070 3902 quod
2119 3829 2298 3884 forsan
2343 3829 2757 3886 admirationem
2813 3837 2869 3881 et
2916 3839 3195 3896 stuporem
3246 3828 3506 3894 excitent,

1929 3924 2118 3996 quales
2160 3933 2286 3977 sunt
2328 3922 2526 3991 lingua:
2556 3937 2570 3977 :
2601 3935 2794 3990 magna
2837 3935 2966 3975 vero
3023 3931 3402 3988 contemnere,
3450 3929 3510 3974 ut

1929 4029 2052 4085 qua:
2091 4013 2226 4067 nihil
2276 4012 2472 4066 mirum
2509 4026 2620 4082 pra:
2656 4025 2716 4066 se
2746 4010 2947 4074 ferant,
2989 4010 3180 4080 quales
3221 4019 3346 4065 sunt
3379 4023 3509 4076 pro-

1930 4110 2146 4182 phetiae.
2182 4109 2514 4163 Adbortatur
2551 4107 2640 4163 bic
2673 4107 2858 4177 itaque
2890 4121 3010 4172 eos,
3046 4115 3104 4160 ttt
3137 4121 3245 4160 non
3275 4104 3509 4160 ell'erau-

1932 4213 2040 4266 tur,
2071 4216 2181 4257 non
2210 4198 2488 4265 inﬂentur,
2522 4213 2698 4269 neque
2727 4198 3048 4266 simpliciter
3076 4198 3253 4252 sciant
3286 4197 3512 4267 quidsit

1930 4294 2162 4359 malitia,
2193 4291 2482 4348 infantium
2527 4292 2698 4347 instar
2735 4309 2748 4345 :
2779 4302 2956 4346 mente
2977 4298 3157 4344 autem
3196 4291 3311 4345 sive
3338 4291 3512 4345 sensi-

1929 4389 2033 4444 bus
2074 4386 2302 4459 perfecti
2343 4391 2486 4453 sint;
2524 4385 2628 4441 hoc
2655 4393 2759 4452 est,
2797 4395 2856 4440 ut
2893 4384 3194 4455 tlijudicent
3253 4399 3372 4454 quae
3404 4384 3513 4440 sint

1941 4480 2150 4551 majora
2197 4491 2253 4534 et
2277 4477 2648 4535 commodiora
2697 4477 3050 4543 charismata.
3099 4475 3389 4543 Praeterea,
3427 4476 3513 4530 in-

1942 4569 2064 4626 fans
2091 4580 2177 4625 est
2213 4569 2441 4633 malitia,
2468 4568 2559 4640 qui
2589 4569 2793 4623 nemini
2818 4577 2900 4623 est
2927 4567 3179 4637 injurius,
3213 4583 3397 4622 verum
3432 4569 3515 4621 in-

1936 4663 2102 4718 fantis
2133 4663 2185 4717 itt
2215 4677 2424 4716 morem
2457 4661 2739 4716 innocens.
2767 4661 2944 4716 Mente
2967 4676 3093 4716 vero
3121 4662 3235 4715 sive
3261 4659 3513 4716 sensibus

1935 4755 2206 4826 perfectus
2229 4764 2333 4820 est,
2357 4755 2446 4824 qui
2475 4765 2839 4824 praeterquam
2865 4756 3006 4824 quod
3029 4753 3230 4808 nemini
3249 4753 3510 4808 damnum

1935 4849 2045 4912 det,
2077 4847 2228 4918 juvet
2251 4848 2414 4902 etiam
2441 4846 2598 4910 alios,
2619 4846 2816 4901 netlunt
2847 4846 3034 4901 vitium
3062 4845 3296 4915 fugiens,
3321 4860 3509 4899 verum

1937 4941 2194 4995 virtutem
2224 4939 2389 4994 etiam
2440 4939 2753 5008 insequens,
2801 4939 3018 5009 sibique
3069 4953 3292 5002 cavens,
3347 4951 3415 4991 ne
3456 4938 3513 4991 in

1935 5036 2120 5098 rebus,
2143 5049 2264 5103 qua:
2285 5033 2518 5104 alicujus
2541 5032 2648 5087 sint
2672 5034 2952 5096 momenti,
2977 5033 3229 5086 damnum
3255 5029 3512 5099 patiatur.

1936 5127 2074 5180 lluic
2101 5125 2260 5180 ulline
2287 5135 2370 5180 est
2425 5125 2552 5180 illttd
2581 5143 2596 5181 :
2635 5145 2655 5177 ι
2687 5126 2872 5180 Εειοιε
2915 5124 3207 5194 prudentes
3236 5123 3378 5177 sicut
3405 5137 3514 5178 scr-

1936 5230 2144 5291 peutcs,
2173 5228 2227 5274 ct
2244 5219 2516 5286 simplices
2535 5219 2676 5274 sicut
2703 5218 2966 5273 columba:
2982 5227 3028 5270 ³.
3067 5233 3086 5267 ι

2011 5311 2181 5367 Vens.
2222 5311 2312 5369 ει.
2357 5331 2374 5363 ι
2418 5310 2474 5366 In
2513 5310 2630 5382 lege
2673 5309 2816 5364 enim
2862 5310 3122 5378 scriptum
3183 5317 3316 5364 est:
3371 5308 3506 5376 Quo-

1936 5405 2079 5460 niam
2141 5404 2259 5459 aliis
2311 5404 2548 5474 linguis,
2601 5411 2654 5456 et
2694 5401 2853 5457 labiis
2903 5401 3027 5457 aliis
3078 5401 3270 5470 loquar
3316 5404 3516 5471 populo

1935 5498 2083 5565 huic,
2114 5507 2169 5553 et
2213 5511 2314 5552 nec
2351 5496 2432 5552 sic
2465 5493 2757 5552 exaudiant
2809 5507 2915 5560 me,
2946 5493 3080 5550 dicit
3134 5493 3444 5550 Dominus‘.
3486 5509 3511 5547 ι

1608 5748 1812 5810 Varia-3
1846 5748 2176 5811 lectiones.

339 5843 384 5874 as
429 5846 638 5921 ψαλμοῦ
661 5867 715 5906 ο,
792 5849 834 5881 ³ο
876 5847 1254 5912 διδασκαλικός
1303 5865 1355 5904 0.

1477 5849 1518 5881 ³⁸
1575 5849 2138 5921 καινοπρεπέστατον.
2215 5851 2260 5882 δ’
2295 5847 2492 5916 αὐτούς
2533 5863 2588 5904 ο.
