3806 6532
292 393 400 457 75.3

1180 381 1762 448 THEOPHYLACTI
1803 379 2218 443 BULGARle
2258 378 2616 447 ARClIlEP.

3461 385 3557 446 τεῑὶ

284 507 498 560 Rursus
552 500 894 574 prOphet-iam
935 515 1058 555 cum
1114 499 1312 571 linguis
1353 509 1666 569 comparat,
1713 515 1864 554 rnon-
1899 507 1940 562 Α

2013 517 2058 552 ιν
2095 501 2382 571 συγκρίνει
2437 503 2536 572 τὴν
2579 502 2921 573 προφητείαν
2969 503 3104 572 πρὸς
3155 505 3253 564 τὰς
3296 501 3562 576 γλώσσαῆ

290 611 473 652 strans
501 597 673 668 ipsam
703 611 825 652 esse
862 594 1300 650 excellentiorem
1337 613 1350 647 ε
1380 603 1432 648 et
1464 597 1734 662 quomodo
1766 597 1866 648 hoc

287 689 404 753 ﬁat,
439 702 537 757 per
569 687 849 757 sequentia
882 685 1100 754 planum
1137 687 1247 739 ﬁet.
1283 685 1481 757 Legem
1518 698 1694 740 autem
1747 687 1866 741 uni-

286 797 506 837 versum
560 779 727 835 Vetus
775 779 1181 845 Testamentum
1242 779 1512 847 appellare
1565 780 1864 833 consuevit.

286 875 578 945 Propterea
596 883 649 928 et
669 888 810 928 nunc
827 888 943 940 qua:
962 872 1016 926 in
1037 872 1169 926 Isaia
1184 871 1517 936 scribuntur,
1538 872 1589 924 in
1612 871 1725 941 lege
1744 870 1870 925 dicit

286 985 409 1025 esse
441 969 662 1037 scripta.
695 965 830 1021 Cum
864 980 992 1018 vero
1045 965 1141 1029 ait,
1177 985 1194 1016 ι
1233 964 1414 1032 Neque
1449 965 1529 1018 sic
1577 963 1871 1018 exaudiunt

291 1079 398 1125 tne,
439 1081 456 1114 ι
496 1060 698 1115 indicat
755 1060 897 1129 quod
953 1058 1097 1128 ipsos
1143 1058 1404 1112 attonitos
1439 1059 1661 1112 reddere
1701 1056 1875 1126 potuit

290 1156 614 1211 miraculum
643 1173 657 1223 ;
684 1153 830 1224 quod
859 1153 902 1208 si
934 1170 1038 1207 non
1072 1152 1316 1221 persuasi
1344 1163 1524 1215 erant,
1551 1159 1791 1221 ipsorum
1823 1148 1872 1203 id

292 1251 471 1318 talpa.
516 1251 655 1304 Deus
690 1247 834 1302 enim
871 1263 992 1316 quae
1029 1261 1122 1300 sua
1166 1256 1312 1308 sum,
1347 1261 1563 1314 semper
1615 1244 1767 1306 facit,
1810 1257 1875 1297 ac

289 1341 689 1410 providentiam
740 1356 894 1395 suam
936 1339 1193 1405 ostendit,
1225 1339 1437 1394 etiamsi
1483 1339 1617 1394 sciat
1647 1353 1741 1393 eos
1766 1352 1873 1392 non

291 1437 782 1503 obtemperaturos.
835 1445 894 1490 ut
927 1435 1038 1503 jam
1085 1432 1482 1488 inexcusabile-5
1514 1433 1644 1486 sint.

366 1525 535 1580 Vens.
565 1526 719 1582 22::
770 1526 955 1598 Itaque
989 1527 1183 1596 lingua:
1220 1544 1274 1581 Ill
1313 1525 1522 1596 signum
1578 1534 1724 1592 sttnt,
1770 1539 1876 1579 non

297 1619 568 1684 ﬁdelibus,
614 1619 707 1673 sed
771 1619 1102 1674 inlidelibus.
1141 1639 1159 1670 ι
1201 1621 1427 1688 Signum
1477 1629 1656 1673 autem
1712 1627 1880 1672 terret

293 1712 533 1777 quidem,
565 1727 670 1765 non
695 1712 850 1766 docet
874 1725 1004 1765 vero
1035 1726 1278 1780 prorsus,
1303 1726 1479 1780 neque
1501 1712 1678 1782 juvat,
1706 1727 1878 1780 quan-

293 1802 583 1869 doquidem
614 1813 668 1856 et
701 1818 844 1872 szepe
885 1813 1100 1877 noceat,
1133 1805 1586 1872 quemadmodum
1617 1813 1669 1858 et
1697 1803 1877 1872 lingua

293 1896 412 1948 sine
442 1895 909 1963 interpretatione,
937 1873 1161 1964 perinde
1186 1911 1247 1950 ac
1267 1895 1408 1950 infra
1430 1896 1582 1962 dicit,
1616 1914 1635 1947 ι
1667 1895 1876 1962 Dicent,
1911 1873 1956 1931 Β

294 1983 436 2050 quod
475 1983 746 2038 insanitis.
784 2001 803 2035 ι
846 1983 986 2050 Quin
1016 1985 1178 2039 etiam
1209 1985 1358 2054 signa
1411 1985 1719 2044 inﬁdelibus
1753 1987 1878 2042 data

295 2083 419 2127 sunt
451 2091 465 2128 :
507 2073 690 2129 ﬁdeles
727 2075 871 2129 enim
908 2090 1012 2130 non
1069 2075 1270 2130 habent
1305 2091 1442 2141 opus
1475 2077 1644 2142 hisce,
1695 2091 1753 2133 ut
1786 2080 1876 2148 qui

289 2169 400 2235 jam
443 2166 626 2223 ﬁdeles
663 2169 790 2224 sint.

371 2276 388 2308 ι
432 2257 720 2327 Propltetia
748 2259 905 2329 211
934 2268 1113 2315 autem
1144 2258 1596 2330 noninﬁdelibus,
1633 2262 1726 2318 sed
1764 2277 1881 2319 cre-

295 2349 574 2405 dentibus.
613 2368 632 2402 ›
669 2350 980 2422 Prrphetia,
1015 2353 1208 2422 inquit,
1243 2353 1466 2423 prodest
1495 2354 1763 2418 ﬁdelibus,
1791 2372 1884 2412 eos

296 2442 606 2500 instituens.
645 2442 834 2498 Nonne
870 2443 1038 2515 igitur
1064 2445 1445 2504 etinlidelibus
1464 2449 1882 2518 eStprOphetia?

294 2531 465 2603 Ecqui
517 2533 775 2604 deinceps
821 2534 974 2600 dicit,
1013 2554 1032 2586 ‹
1075 2534 1133 2590 Si
1183 2549 1374 2591 omnes
1417 2536 1878 2606 prophetaverint,

294 2625 631 2694 ingrediatur
681 2637 863 2682 autem
917 2627 1188 2697 quispiam
1231 2627 1506 2684 inﬁdelis?
1559 2647 1578 2680 ι
1631 2628 1708 2684 En
1761 2629 1884 2685 istic

297 2717 609 2773 inﬁdelibus
629 2719 910 2788 prophetia
948 2719 1197 2774 inservit.
1230 2717 1444 2774 Poteris
1477 2719 1643 2791 igitur
1677 2720 1880 2786 dicere,

299 2825 403 2861 non
458 2809 661 2863 dixisse
716 2809 1036 2879 Apostolum
1099 2810 1344 2864 inutilem
1389 2826 1511 2866 esse
1566 2812 1880 2869 inﬁdelibus

309 2901 686 2970 prophetiam;
725 2904 817 2957 sed
870 2917 980 2956 non
1022 2919 1145 2959 esse
1183 2905 1235 2957 in
1271 2904 1481 2975 signum
1516 2904 1621 2961 illis
1674 2905 1881 2974 inutile,

301 3008 360 3048 nt
387 2996 590 3065 lingua.
617 2995 884 3063 Quocirca
920 3005 979 3051 ιιι
1005 2998 1320 3052 summatim
1355 2998 1553 3065 dicam,
1585 2999 1768 3070 lingua
1799 3009 1884 3056 est

298 3087 350 3142 in
393 3089 604 3158 signum
659 3086 1001 3154 inﬁdelibus,
1068 3090 1170 3146 hoc
1219 3102 1303 3144 est
1355 3099 1416 3145 ut
1465 3091 1882 3148 admirationem

301 3191 516 3237 moveat
543 3190 774 3237 tantum.
808 3183 1100 3252 Prophetia
1127 3199 1253 3239 vero
1279 3194 1333 3239 et
1378 3182 1626 3241 ﬁdelibus
1664 3198 1745 3241 est
1775 3186 1884 3242 uti-

300 3273 370 3328 lis
399 3285 452 3330 et
485 3274 814 3345 inﬁdelibus,
847 3277 995 3348 ipsos
1024 3291 1280 3347 arguens,
1306 3279 1520 3336 etiamsi
1547 3295 1656 3337 non
1676 3281 1889 3337 dicatur

302 3366 356 3420 in
385 3365 595 3436 signum
630 3367 712 3424 eis
747 3381 887 3425 esse.

373 3540 540 3600 Vens.
571 3543 661 3600 25.
709 3543 766 3601 Si
804 3545 970 3618 igitur
998 3550 1320 3603 convenerit
1357 3548 1601 3606 Ecclesia
1637 3552 1891 3607 universa

1961 2715 1964 2718 ’
1984 2743 2068 2790 τις
2089 2726 2317 2789 ἄπιστος
2339 2741 2352 2792 ;

1978 595 2068 646 καὶ
2097 594 2370 646 δείκνυσιν
2399 594 2572 663 αὐτὴν
2602 595 2980 665 ὑπερέχουσαν
3002 612 3014 624 °
3051 595 3146 648 καὶ
3176 593 3316 656 πῶς,
3349 592 3440 646 διὰ
3461 593 3565 646 τῶν

1984 685 2111 756 ἑξῆς
2148 684 2332 755 δῆλον.
2361 686 2544 757 Νόμον
2577 687 2632 738 δὲ
2665 687 2764 757 τὴν
2796 686 3040 740 Παλαιὰν
3072 689 3251 741 πᾶσαν
3290 687 3451 740 εἴωθε
3474 705 3571 740 κα-

1977 778 2089 830 λεῖν
2117 794 2130 806 ·
2179 779 2258 829 διὸ
2287 779 2380 830 καὶ
2412 779 2506 831 νῦν
2540 779 2608 831 τά
2652 781 2710 831 ἐν
2741 779 2815 849 τῷ
2850 780 3051 849 Ἡσαΐᾳ
3083 781 3470 848 γεγραμμένα,
3512 781 3567 830 ἐν

1979 870 2055 938 τῷ
2085 870 2235 941 νόμῳ
2265 874 2395 942 φησι
2436 871 2767 942 γεγράφθαι.
2795 872 2883 924 Ἐν
2921 872 2977 924 δὲ
3040 871 3117 940 τῷ
3163 873 3355 934 εἰπεῖν,
3393 891 3410 921 ι
3447 870 3566 924 Οὐδ’

1979 963 2154 1026 οὕτως
2186 964 2600 1018 εἰσακούσονταί
2644 983 2767 1035 μου,
2815 984 2834 1016 ν
2878 965 3153 1017 δείκνυσιν
3183 964 3266 1016 ὅτι
3303 962 3566 1029 ἐκπλῆξαι

1982 1057 2180 1119 αὐτοὺς
2232 1056 2462 1126 ἠδύνατο
2513 1057 2576 1110 τὸ
2627 1056 2847 1126 Θαῦμα·
2899 1058 2946 1108 εί
2991 1056 3047 1108 δὲ
3080 1056 3180 1108 ούκ
3218 1055 3569 1124 ἐπείσθησαν,

1984 1150 2209 1202 ἐκείνων
2235 1148 2294 1201 τὸ
2319 1148 2594 1219 ἔγκλημα.
2639 1149 2700 1203 '0
2731 1150 2840 1218 γὰρ
2875 1148 3007 1211 Θεὸς
3042 1148 3112 1199 τὰ
3145 1147 3308 1199 αὑτοῦ
3343 1146 3566 1198 πάντοτε

1985 1244 2152 1305 ποιεῖ,
2181 1243 2274 1294 καὶ
2309 1243 2408 1312 τὴν
2446 1243 2705 1312 πρόνοιαν
2733 1240 2898 1294 αὐτοῦ
2925 1239 3183 1300 δεικνύει,
3219 1238 3398 1291 καίτοι
3420 1237 3564 1298 είδὼς

1985 1335 2224 1398 ἐκείνους
2280 1335 2357 1406 μὴ
2401 1334 2890 1405 πεισθησομένους,
2938 1334 3015 1396 ὡς
3065 1333 3130 1386 ἂν
3177 1331 3566 1399 ἁναπολόγητοι

1985 1421 2140 1483 ὦσιν.

2065 1538 2082 1570 ι
2125 1519 2289 1572 Ὥστε
2311 1520 2364 1572 αἱ
2393 1528 2640 1586 γλωσσαι
2672 1535 2752 1580 εις
2789 1515 3018 1588 σημεῖόν
3043 1518 3203 1581 εἰσιν,
3236 1517 3296 1568 οὐ
3329 1518 3440 1579 τοῖς
3479 1535 3564 1569 m-

1988 1613 2296 1679 στεύουσιν,
2350 1613 2488 1668 ἀλλά
2539 1615 2653 1676 τοῖς
2705 1612 2979 1674 ἀπίστοις.
3033 1629 3051 1662 ι
3107 1610 3181 1664 Τὸ
3232 1609 3287 1663 δέ
3351 1611 3565 1679 σημεῖον

1983 1706 2287 1778 ἐκπλήττει
2321 1709 2444 1776 μὲν,
2478 1706 2537 1760 ού
2581 1707 2800 1769 πάντως
2840 1705 2895 1758 δὲ
2927 1705 3171 1758 διδάσκει
3217 1703 3312 1756 καὶ
3343 1703 3562 1771 ὠφελεῖο

1989 1801 2150 1855 ὁπότε
2185 1802 2279 1855 καὶ
2315 1801 2546 1871 βλάπτει
2609 1799 2896 1865 πολλάκις,
2938 1797 3130 1870 ὥσπερ
3163 1799 3196 1868 ἡ
3248 1797 3376 1852 ἄνευ
3405 1797 3566 1867 ἐρμηο

1983 1893 2132 1957 νείας
2181 1889 2422 1961 γλῶσσα,
2467 1891 2612 1945 καθά
2656 1889 2863 1963 προϊών
2891 1907 3080 1961 φησιν,
3107 1891 3190 1943 ὅτι
3226 1908 3245 1937 r
3305 1889 3564 1958 Ἐροῦσιν,

1982 1986 2064 2040 ὅτι
2100 1985 2360 2056 μαίνεσθε
2385 2000 2398 2014 ο
2445 2003 2462 2036 ι
2485 1983 2620 2037 ἀλλά
2664 1983 2770 2054 μὴν
2801 1984 2896 2037 καὶ
2928 1987 3040 2044 τοῖς
3087 1981 3342 2043 ἀπίστοις
3371 1980 3568 2033 δέδοται

1983 2077 2052 2131 τά
2084 2079 2320 2148 σημεῖαο
2353 2077 2403 2129 οἱ
2455 2076 2564 2146 γὰρ
2610 2075 2795 2128 πιστοὶ
2839 2075 2900 2128 ού
2939 2073 3153 2128 δέονται
3201 2073 3430 2138 τούτων,
3475 2073 3568 2142 ἤδη

1986 2169 2168 2223 πιστοὶ
2196 2168 2371 2232 ὅντες.

2062 2280 2080 2313 ι
2123 2261 2188 2316 Ἢ
2221 2261 2278 2315 δέ
2312 2259 2619 2330 προφητεία
2643 2261 2706 2313 οὐ
2739 2260 2850 2323 τοῖς
2879 2259 3152 2322 ἀπίστοις,
3179 2257 3318 2311 ἀλλά
3345 2258 3458 2320 τοῖς
3495 2273 3571 2308 πι-

1988 2353 2286 2409 στεύουσιν.
2332 2373 2349 2404 ι
2405 2353 2469 2406 Ἦ
2509 2351 2841 2424 προφητεία,
2877 2354 3067 2422 φησὶν,
3101 2350 3303 2419 ὠφελεῖ
3333 2351 3460 2412 τοὺς
3492 2365 3575 2401 πι-

1990 2448 2172 2510 στοὺς,
2213 2445 2530 2516 κατηχοῦσα
2562 2444 2813 2510 τούτους.
2847 2439 2995 2515 Ἀρα
3037 2441 3130 2500 οὖν
3165 2444 3260 2497 καὶ
3285 2445 3401 2506 τοῖς
3452 2442 3574 2495 ἀπί-

1988 2540 2134 2604 στοὶς
2162 2540 2262 2593 οὐκ
2290 2539 2437 2592 ἐστιν
2464 2541 2498 2609 ὴ
2528 2539 2875 2611 προφητείας
2910 2539 3006 2592 καλ⁸
3057 2533 3176 2602 πῶς
3213 2535 3574 2609 παρακατιὼν

1985 2633 2159 2702 λέγει,
2195 2633 2278 2688 ὃτι
2314 2651 2333 2685 ι
2382 2631 2515 2686 Ἐὰν
2550 2633 2752 2698 πάντες
2781 2631 3227 2703 προφητεύωσιν,
3275 2629 3497 2701 εἰσέλθῃ
3523 2629 3575 2683 δέ

2396 2745 2413 2777 ι
2467 2726 2598 2780 Ἰδοὺ
2629 2725 2738 2797 γὰρ
2765 2726 2860 2780 καὶ
2886 2729 3000 2789 τοῖς
3031 2726 3281 2788 ἀπίστοις
3301 2726 3337 2796 ὴ
3371 2739 3577 2795 προφη-

1984 2819 2122 2873 τεία.
2165 2818 2352 2873 Ἔστιν
2375 2813 2468 2873 οὖν
2499 2821 2705 2882 εἰπεῖν,
2731 2819 2818 2872 ὄτι
2845 2819 2948 2872 οὐκ
2981 2813 3135 2872 εἷπεν
3163 2817 3192 2869 ὁ
3232 2816 3574 2879 Ἀπόστολος,

1987 2907 2070 2961 ὅτι
2103 2907 2205 2960 οὐκ
2238 2907 2354 2961 ἔστι
2383 2908 2656 2980 χρήσιμος
2686 2908 2721 2980 ἡ
2772 2909 3086 2979 προφητεία
3132 2909 3246 2972 τοῖς
3300 2907 3574 2970 ἀπίστοις,

1988 2998 2106 3052 ἀλλ’
2135 3000 2234 3052 οὐκ
2266 2998 2414 3053 ἐστιν
2453 3001 2534 3063 είς
2572 3002 2798 3071 σημεῖον
2827 2999 3124 3070 ἀνωφελὲς,
3155 3000 3233 3064 ὡς
3265 3000 3299 3071 ἡ
3335 2999 3572 3067 γλῶσσα.

1991 3091 2156 3147 Ὥστε
2188 3093 2498 3163 συλλήϐδην
2547 3093 2747 3157 εἰπεῖν,
2783 3095 2815 3166 ἡ
2849 3095 2950 3164 μὲν
2985 3093 3203 3162 γλῶττα
3246 3096 3326 3156 είς
3354 3094 3578 3162 σημεῖόν

1990 3187 2107 3240 ἐστι
2132 3189 2246 3252 τοῖς
2266 3187 2540 3251 ἀπίστοις,
2561 3187 2866 3255 τουτέστιν,
2903 3188 2982 3250 είς
3005 3187 3065 3240 τὸ
3093 3187 3365 3257 ἐκπλῆξαι
3389 3188 3577 3255 μόνον’

1999 3280 2033 3350 ἡ
2060 3279 2117 3332 δὲ
2150 3279 2480 3350 προφητεία,
2505 3279 2602 3334 καὶ
2628 3281 2740 3343 τοῖς
2771 3281 2984 3344 πιστοῖς
3009 3281 3126 3333 ἐστι
3163 3281 3457 3351 χρήσιμος,
3491 3279 3578 3332 καὶ

1997 3377 2110 3439 τοῖς
2139 3377 2412 3442 ἀπίστοις,
2477 3377 2782 3448 ἐλέγχουσα
2831 3378 3051 3442 αὐτοὺς,
3101 3377 3203 3432 κᾶν
3237 3378 3339 3432 οὐκ
3373 3379 3454 3441 είς
3484 3394 3575 3446 on-

2001 3470 2152 3540 μεῖον
2180 3470 2366 3534 αὐτοῖς
2400 3465 2542 3524 εἶναι
2568 3471 2822 3541 λέγηται.

2075 3582 2094 3614 ‹
2149 3561 2275 3614 Ἐὰν
2317 3558 2410 3617 οὖν
2456 3563 2687 3636 συνέλθῃ
2721 3565 2754 3634 ἡ
2789 3565 3090 3634 Ἐκκλησία
3124 3564 3220 3634 ὅλη
3275 3564 3578 3627 ἐπιτοαυτδ,

303 3633 356 3687 in
389 3649 576 3701 unum,
603 3647 658 3690 et
690 3650 882 3693 omnes
909 3637 1105 3709 linguis
1127 3638 1443 3710 loquantur,
1480 3641 1683 3698 intrent
1711 3655 1891 3698 autem

2011 3655 2092 3709 ita).
2121 3653 2323 3719 πάντες
2357 3654 2560 3708 λαλῶσι
2614 3633 2912 3722 γλώσσαις,
2947 3633 3235 3710 είσέλθωσι
3283 3656 3341 3710 δέ
3382 3656 3582 3710 ἰδιῶται

303 3725 490 3780 idiota:
512 3736 565 3780 et
597 3726 859 3793 inﬁdeles,
896 3744 1076 3784 nonne
1105 3730 1314 3798 dicent,
1342 3734 1486 3804 quod
1535 3733 1824 3789 insanitis?
1869 3753 1888 3787 ι

306 3816 496 3873 Tacite
529 3819 736 3874 indicat
771 3823 915 3890 quod
944 3822 1162 3876 occasio
1197 3823 1267 3878 sit
1293 3839 1446 3880 noxae
1490 3827 1652 3880 etiam
1686 3827 1891 3896 lingua,

308 3909 415 3964 nisi
447 3910 824 3980 interpretatio
877 3915 1191 3970 accesserit.
1241 3915 1352 3972 Hoc
1391 3928 1572 3973 autem
1608 3917 1761 3982 dicit,
1815 3919 1895 3973 fa-

305 4012 451 4056 stum
497 4017 683 4057 eorum
739 4004 956 4060 tollens.
1009 4006 1146 4061 Cum
1182 4009 1326 4062 enim
1369 4009 1772 4066 arbitrarentur
1835 4026 1894 4066 se

299 4095 614 4167 linguarum
671 4097 893 4152 nomine
938 4111 1061 4153 esse
1118 4100 1498 4166 admirationi,
1555 4102 1890 4156 contrarium

311 4186 494 4255 potius
507 4183 708 4242 Paulus
731 4188 987 4256 ostendit,
1013 4189 1158 4259 quod
1187 4189 1394 4246 scilicet
1447 4191 1516 4246 ad
1541 4191 1892 4262 ignominiam

303 4279 441 4348 ipsis
476 4287 626 4346 sunt,
663 4281 790 4336 dum
819 4292 948 4338 sunt
975 4283 1028 4338 in
1059 4299 1245 4349 causa,
1278 4299 1379 4338 cur
1407 4284 1650 4340 insanire
1673 4285 1897 4341 videan-

303 4379 413 4426 tur.
438 4371 516 4427 Ne
540 4381 721 4428 autem
751 4373 1036 4430 existimes
1066 4379 1209 4446 quod
1244 4377 1592 4432 cbarismatis
1628 4377 1730 4432 hoc
1759 4391 1895 4449 opus

302 4462 398 4528 sit,
430 4476 626 4532 nempe
672 4465 815 4534 quod
851 4465 1158 4533 ignominia
1214 4467 1416 4523 alliciat
1451 4469 1761 4538 habentem,
1794 4470 1892 4538 ait,

1997 3746 2030 3819 ἢ
2082 3747 2322 3811 ἄπιστοι,
2387 3748 2488 3801 οὐκ
2522 3747 2761 3816 ’ἐροῦσιν
2816 3749 2899 3802 ὅτι
2955 3747 3250 3817 μαίνεσθε;
3304 3767 3322 3800 ι
3379 3749 3582 3820 Ἠρέμα

1996 3837 2271 3892 δείκνυσιν
2297 3881 2310 3902 ,
2337 3839 2418 3893 ὅτι
2450 3840 2815 3912 καὶάφορμὴν
2834 3840 3037 3912 βλάϐης
3061 3841 3176 3912 ἔχει
3211 3840 3258 3872 ³³
3282 3844 3313 3911 ἡ
3342 3840 3579 3910 γλῶσσα.

1999 3931 2096 3984 ἐὰν
2123 3932 2198 4002 μὴ
2231 3933 2326 3985 καὶ
2361 3932 2660 4004 ἑρμηνείαν
2683 3933 2808 4003 ἔχῃ.
2833 3935 3006 3986 Τοῦτο
3033 3935 3089 3988 δέ
3118 3934 3267 4003 λέγει
3297 3933 3573 4005 καθαιρῶν

1999 4023 2180 4078 αὐτῶν
2206 4023 2268 4076 τὸ
2304 4022 2559 4094 φύσημα.
2599 4021 2751 4077 Ἐπεὶ
2776 4024 2884 4095 γάρ
2911 4015 3186 4095 ἐνόμιζον,
3221 4025 3296 4089 ὡς
3321 4026 3380 4080 αί
3408 4025 3582 4094 γλῶσο

1999 4133 2091 4169 σαι
2117 4116 2316 4179 αὐτοὺς
2344 4115 2557 4169 ποιοῦσι
2605 4116 3009 4186 θαυμάζεσθαι,
3039 4118 3355 4172 τούναντίον
3387 4117 3582 4187 μᾶλλον

1995 4206 2267 4260 δείκνυσιν
2288 4208 2316 4260 ὁ
2348 4207 2587 4272 Παῦλος,
2623 4207 2706 4261 ὃτι
2727 4210 2808 4272 είς
2847 4209 3068 4274 ἀδοξίαν
3087 4211 3271 4274 α’ὐτοῖς
3298 4211 3430 4273 εισι,
3463 4228 3580 4281 μαι-

1997 4301 2256 4373 νομένους
2285 4297 2484 4367 αὖτοὺς
2527 4302 2708 4357 δοκεῖν
2738 4303 3017 4358 ποιοῦσαι.
3052 4294 3171 4359 Ἵνα
3200 4304 3258 4358 δὲ
3307 4306 3385 4375 μὴ
3437 4303 3582 4374 νομί-

1999 4412 2100 4469 σῃς
2151 4396 2234 4449 ὅτι
2293 4393 2389 4449 τοῦ
2425 4397 2766 4467 χαρίσματός
2824 4399 2943 4452 ἐστι
2993 4397 3152 4453 τοῦτο
3193 4399 3254 4453 τὸ
3293 4399 3481 4469 ἔργον,
3526 4397 3581 4450 τὸ

1997 4486 2289 4558 δυσφημίᾳ
2335 4485 2692 4556 περιϐάλλειν
2748 4485 2840 4540 τὸν
2889 4487 3104 4557 ἔχοντα,
3156 4487 3348 4558 φησὶν,
3409 4488 3494 4540 ὃτι
3537 4489 3580 4540 el

305 4554 632 4625 insipientes
660 4555 863 4625 dicent,
899 4560 1044 4629 quod
1076 4559 1348 4616 insanitis.
1391 4579 1410 4612 ι
1448 4559 1634 4616 ldiotae
1666 4579 1685 4614 ι
1720 4564 1888 4629 enim,
1917 4589 1959 4649 Β

2011 4554 2216 4650 ὶνόητοι
2241 4554 2457 4651 ἐ-ροῦσιν
2474 4580 2556 4633 ὅτι
2583 4580 2863 4650 μαίνεσθε.
2891 4554 3180 4633 ιν-Ίδιῶται-
3197 4554 3372 4649 »νγάρ,
3396 4581 3575 4651 φησὶν,

302 4648 460 4714 dicit,
483 4664 505 4701 ι
525 4657 625 4702 aut
647 4648 911 4714 inﬁdeles.
947 4670 966 4703 ι
999 4651 1184 4721 quales
1205 4663 1364 4708 erant
1395 4653 1489 4724 qui
1521 4656 1890 4726 apostolorum

308 4740 644 4810 temporibus
675 4742 923 4796 dicebant
958 4753 1140 4799 musto
1170 4758 1264 4801 eos
1297 4760 1421 4802 esse
1466 4747 1651 4815 plenos
1678 4761 1727 4804 ιι.
1754 4748 1890 4805 Nam

305 4833 669 4901 sapient-iores
701 4849 735 4889 ο
774 4835 972 4907 linguis
1005 4839 1168 4892 etiam
1233 4840 1478 4894 nonnihil
1518 4841 1890 4899 aediﬁcationis

303 4923 611 4993 recipiunt,
695 4935 754 4980 ut
815 4928 907 4997 qui
975 4930 1346 5000 apostolorum
1413 4935 1746 5003 temporibus
1797 4951 1891 4992 eos

303 5019 734 5087 demirabantur,
768 5037 864 5076 ceu
903 5023 1170 5094 magnalia
1191 5022 1282 5079 Dei
1311 5038 1629 5082 cnarrantes
1656 5029 1723 5083 ’ν.’

377 5109 756 5175 V’sas.24,25.
797 5131 816 5165 ι
849 5112 904 5168 Si
927 5124 1107 5170 autem
1141 5131 1333 5172 omnes
1352 5119 1700 5188 prophetent,
1727 5121 1892 5175 intret

309 5214 488 5258 autem
541 5205 736 5275 aliquis
769 5207 1025 5276 inﬁdelis,
1073 5209 1158 5264 vel
1207 5210 1398 5274 idiota,
1445 5213 1786 5268 convincitur
1826 5216 1891 5269 ab

303 5297 586 5358 omnibus,
621 5299 953 5368 dijudicatur
990 5301 1058 5354 ab
1106 5302 1361 5356 omnibus
1392 5319 1406 5354 :
1454 5302 1640 5372 sicque
1679 5307 1889 5360 occulta

305 5391 486 5443 contis
515 5391 632 5460 ejus
659 5393 946 5448 manifesm
985 5394 1135 5458 ﬁunt,
1170 5406 1222 5448 et
1245 5395 1316 5448 ita
1349 5397 1548 5451 cadens
1589 5399 1640 5451 in
1693 5395 1886 5453 faciem

303 5480 558 5536 adorabit
595 5485 784 5550 Deum,
817 5486 1174 5553 pronuntians
1204 5489 1346 5556 quod
1378 5486 1517 5542 Deus
1564 5503 1687 5545 vere
1729 5490 1799 5543 sit
1836 5492 1888 5545 in

375 5652 407 5686 α
450 5643 572 5700 Act.
617 5660 679 5710 tt,
725 5646 811 5700 15.
891 5645 1070 5700 'lbid.
1102 5646 1194 5700 ll.

2005 4694 2022 4725 ι
2051 4673 2340 4744 ἣᾶπιστοι,
2369 4694 2386 4724 ι
2416 4669 2518 4726 οἶοι
2544 4674 2638 4728 καὶ
2658 4673 2877 4727 ἐπὶτῶν
2899 4672 3237 4736 ἀποστόλων,
3261 4674 3312 4726 οἱ
3338 4673 3577 4741 λέγοντες

1998 4767 2202 4830 αὐτοὺς
2229 4764 2493 4834 γλεύκους
2529 4765 2919 4836 μεμεστῶσθαι
2946 4784 2959 4798 ·
2993 4767 3116 4820 ἐπεὶ
3144 4766 3199 4819 οἴ
3215 4783 3279 4835 γε
3311 4767 3575 4837 σωφρονέο

2001 4873 2178 4926 στεροι
2209 4858 2304 4911 καὶ
2336 4858 2444 4912 ἀπὸ
2473 4858 2582 4912 τῶν
2599 4859 2860 4928 γλωσσῶν
2894 4860 3291 4931 κερδαίνουσιν,
3315 4860 3393 4924 ὡς
3421 4861 3471 4913 οἱ
3496 4859 3575 4914 ἐπὶ

1996 4947 2104 5000 τῶν
2129 4947 2446 5002 ἀποστόλων
2481 4947 2857 5019 θαυμάζοντες
2881 4951 3098 5015 αὐτοὺς,
3121 4950 3196 5015 ὡς
3218 4952 3285 5004 τὰ
3322 4953 3572 5022 μεγαλεῖα

1995 5037 2090 5091 τοῦ
2123 5039 2256 5092 Θεοῦ
2290 5041 2699 5111 διηγουμένους.

2079 5147 2097 5181 ι
2145 5129 2268 5182 Ἐὰν
2297 5130 2352 5184 δὲ
2389 5132 2591 5195 πάντες
2636 5132 3104 5202 προφητεύουσιν,
3137 5132 3360 5203 εἰσέλθῃ
3392 5134 3449 5186 δέ
3497 5148 3570 5192 τις

1999 5221 2226 5283 ἄπιστος
2261 5222 2294 5293 ἢ
2342 5221 2580 5290 ἰδιώτης,
2623 5222 2906 5292 ἐλέγχεται
2943 5224 3050 5276 ὑπὸ
3085 5224 3324 5289 πάντων,
3361 5221 3572 5292 ἀνακρί.

2001 5330 2150 5366 νεται
2173 5312 2278 5366 ὑπὸ
2307 5313 2525 5366 πάντων
2546 5331 2560 5347 ·
2593 5315 2687 5366 καὶ
2709 5313 2856 5367 οὕτω
2880 5315 2948 5369 τὰ
2981 5316 3200 5385 κρυπτὰ
3229 5314 3324 5384 τῆς
3357 5312 3568 5384 καρδίας

2001 5405 2168 5458 αὑτοῦ
2195 5406 2408 5476 φανερὰ
2438 5407 2672 5474 γίνεται,
2727 5411 2820 5461 καὶ
2843 5408 2988 5462 οὕτω
3013 5407 3195 5461 πεσὼν
3264 5408 3355 5460 ἐπὶ
3417 5406 3569 5476 πρόσ-

1993 5512 2167 5559 ωπον,
2200 5498 2576 5568 προσκυνήσει
2607 5497 2686 5568 τῷ
2712 5497 2857 5570 Θεῷ,
2887 5499 3245 5568 ἀπαγγέλλων
3276 5500 3362 5561 ὅτι,
3389 5499 3418 5550 ὁ
3448 5496 3567 5556 Θεὸς

1670 5752 1867 5814 Variae
1903 5751 2236 5817 lectiones.

376 5840 424 5874 aa
444 5839 668 5913 ἀφορμὴ
709 5838 918 5910 βλάϐης
959 5841 1107 5897 ἐστίν
1157 5860 1210 5900 0.
