3806 6598
108 383 197 450 745

805 382 1216 447 EXPOSITIO
1250 383 1335 446 IN
1372 383 1614 454 EPIST.
1656 384 1684 444 Ι
1723 383 1824 444 ΑΒ
1855 381 2023 444 COR-
2050 401 2124 422 -τ
2158 383 2318 447 CAP.
2359 382 2515 448 XIV.

3207 372 3318 439 746

103 498 242 557 ὅντως
270 493 326 548 ἐν
357 493 486 565 ὑμῖν
530 491 696 546 ἐστιν.
740 511 758 545 ι
807 491 971 567 Ὁρᾷς
1003 495 1103 566 τὴν
1147 498 1487 569 προφητείαν
1522 495 1642 560 πῶς

1762 497 1926 552 vobis.
1975 516 1993 550 ι
2037 497 2227 553 Viden’
2258 495 2619 569 prophetiam,
2643 492 2912 566 quomodo
2955 490 3030 548 sit
3074 505 3317 548 comtno~

103 585 481 656 ὠφελιμωτέρα,
529 587 647 648 πῶς
679 587 748 639 τὰ
778 587 997 657 κρυπτά
1025 589 1123 658 τῆς
1175 588 1400 660 καρδίας
1426 589 1641 643 ἀποκα-

101 677 363 739 λύπτουσα,
388 677 532 729 ποιεῖ
555 675 647 729 τὸν
676 676 906 730 ἄπιστον
949 677 1335 747 ἐπιγινώσκειν
1369 679 1459 732 τὸν
1485 677 1642 743 Θεὸν,

102 770 335 824 πίπτοντα
365 767 456 821 ἐπὶ
486 768 778 838 πρόσωπον
810 769 904 824 καὶ
935 769 1368 840 προσκυνοῦντα,
1403 771 1516 841 καις
1538 771 1642 840 ὀμ-

100 859 397 928 ολογοῦντα,
440 861 521 913 ὃτι
564 877 583 910 ι
632 859 690 914 '0
722 861 854 924 Θεδς
885 862 1053 926 ὅντως
1082 865 1139 918 έν
1199 863 1328 934 ὑμῖν
1379 865 1566 930 ὲστινς
1609 883 1628 915 ι

101 953 248 1022 ὐπερ
299 951 395 1004 καὶ
457 950 550 1004 ἐπὶ
603 950 698 1005 τοῦ
747 951 1224 1024 Ναόουχοδονόσορ
1257 953 1452 1024 γέγονε
1485 970 1499 985 ·
1547 953 1642 1008 τοῦ

99 1043 262 1113 Δανιὴλ
297 1041 406 1112 γὰρ
438 1043 891 1114 ἀποκαλύψαντος
921 1044 1069 1116 αὐτῷ
1090 1045 1150 1098 τὸ
1173 1045 1308 1116 δναρ
1346 1047 1414 1110 ³⁵,
1452 1044 1605 1099 εἶπεν
1625 1063 1640 1076 '

104 1156 117 1185 t
149 1135 249 1187 Ἐπ’
278 1125 505 1206 ἀληθείᾳ
536 1137 564 1188 ό
595 1134 725 1192 Θεὸς
749 1135 924 1202 ὑμῶν,
943 1137 1104 1200 αὑτός
1133 1140 1248 1189 ἐστι
1276 1137 1407 1200 Θεὸς
1430 1138 1645 1190 ἀποκα-

99 1230 284 1282 λύπτων
314 1229 612 1300 μυστήρια.
652 1246 672 1280 ›
702 1227 874 1282 Γνῶθι
903 1226 995 1281 οὖν
1028 1227 1302 1292 ἐντεῦθεν,
1331 1227 1384 1280 τί
1418 1224 1486 1301 ἦν
1514 1229 1543 1282 ὃ
1567 1227 1644 1282 εἴ-

101 1340 229 1395 ρηται
266 1321 556 1389 ἀνωτέρω,
589 1319 648 1374 τδ
670 1360 685 1385 ,
715 1339 734 1373 ι
777 1319 867 1374 Ἐν
900 1319 1263 1390 ἀποκαλύψει.
1304 1340 1322 1372 ι
1373 1321 1503 1375 Ἰδοὺ
1537 1321 1646 1393 γὰρ

99 1419 124 1484 ἡ
147 1413 472 1482 ἀποκάλυψις
501 1407 639 1476 εἶδος
659 1411 720 1465 ’ἐν
748 1413 1107 1484 προφητείας.
1140 1413 1454 1485 Σημείωσαι
1478 1415 1534 1468 δὲ
1553 1416 1647 1468 καὶ

99 1507 218 1568 ὅπως
246 1508 305 1556 τὸ
332 1504 578 1574 Πνε“μα,
615 1503 776 1568 Θεός·
811 1504 946 1575 φησὶ
990 1503 1125 1576 γάρ⁸
1163 1523 1180 1556 ι
1231 1505 1288 1557 '(l
1322 1505 1452 1569 Θεὸς
1479 1504 1648 1569 ὅντως

99 1598 282 1664 ὲνὺρῖν
329 1597 496 1649 ἐστιν.
538 1615 556 1648 ι
609 1594 696 1648 Ἐν
723 1594 778 1650 δὲ
827 1599 940 1660 τοῖς
972 1595 1381 1667 προφητεύουσι
1427 1601 1648 1660 πάντως

100 1687 145 1738 τὸ
169 1684 379 1752 Πνεῦμα
411 1701 425 1716 ·
459 1684 602 1738 οὕτω
638 1685 748 1756 γὰρ
801 1680 955 1740 εἶπεν
984 1686 1243 1760 ἀνωτέρω
1269 1726 1286 1753 ,
1316 1689 1400 1741 ὅτι
1433 1703 1648 1761 προφη-

98 1783 209 1830 τεῑαι
232 1779 287 1830 ὲν
311 1776 586 1848 Πνεύματι
616 1777 869 1832 δίδονται.
1660 1784 1662 1786 ⁷

1745 586 1892 652 dior,
1922 588 2193 657 quomodo
2219 588 2396 642 cordis
2413 587 2593 642 abdita
2632 585 2900 648 revelans,
2932 582 3094 638 faciat
3129 582 3323 638 inlide-

1745 677 1849 732 lem
1881 692 2172 749 agnoscere
2199 677 2387 742 Deum,
2426 687 2486 730 ut
2523 677 2575 730 in
2614 675 2803 730 facient
2853 673 3172 745 procumbat
3222 674 3319 726 ad—

1744 781 1989 840 oretque,
2015 778 2070 824 et
2100 769 2422 825 conﬁteatur
2445 767 2590 839 quod
2617 767 2762 824 Deus
2787 783 2918 823 vere
2945 767 3014 824 sit
3047 766 3101 822 in
3130 763 3321 822 vobis?

1745 863 1897 930 Quod
1928 863 1980 917 iu
2015 861 2512 917 Nabuchodonosor
2532 862 2695 916 etiam
2720 860 2964 932 contigit.
2985 846 3322 914 Pcr'Danie-

1746 957 1848 1011 lem
1877 957 2020 1012 enim
2055 957 2268 1012 somnio
2305 955 2378 1010 illi
2412 953 2705 1026 patefacto,
2741 973 2759 1006 ι
2802 955 3036 1018 Revera,
3067 951 3241 1022 inquit
3267 959 3319 1006 κ.

1748 1047 1890 1102 Deus
1921 1060 2097 1103 vester
2144 1047 2257 1116 ipse
2312 1057 2396 1103 est
2438 1045 2526 1115 qui
2579 1046 2783 1100 revelat
2810 1045 3084 1116 mysteria.
3118 1063 3138 1097 ι
3182 1044 3323 1100 illnc

1747 1139 1913 1211 igitur
1937 1154 2202 1210 cognosce
2260 1139 2388 1210 quid
2442 1140 2518 1194 sit
2563 1139 2704 1207 quod
2756 1153 2918 1206 supra
2959 1138 3163 1193 dietuin
3215 1147 3322 1202 est,

1753 1250 1772 1284 ι
1809 1231 1867 1286 In
1904 1232 2248 1287 revelatione.
2286 1250 2307 1285 ι
2344 1230 2484 1287 Ecce
2505 1231 2650 1286 enim
2682 1229 2940 1286 revelatio
2973 1231 3322 1297 estquaedam

1747 1322 2047 1394 prophetiae
2069 1325 2298 1394 species.
2323 1324 2558 1380 Observa
2593 1332 2774 1381 autem
2808 1322 2951 1393 quod
2983 1320 3220 1392 Spiritus
3255 1321 3327 1376 sit

1751 1415 1890 1469 Deus
1920 1431 1935 1469 :
1969 1415 2092 1470 dicit
2150 1415 2316 1480 enim,
2358 1435 2376 1467 ι
2417 1415 2560 1471 Deus
2609 1429 2737 1468 vere
2762 1414 2814 1466 in
2850 1412 3006 1466 vobis
3041 1420 3146 1467 est.
3187 1430 3206 1464 ι
3268 1412 3325 1467 1η

1751 1508 2196 1577 prophetantibus
2255 1518 2431 1563 autem
2489 1507 2710 1562 omnino
2761 1515 2845 1561 est
2902 1504 3164 1574 Spiritus.
3235 1506 3328 1562 Sic

1748 1602 1890 1658 enim
1915 1611 1972 1658 et
2003 1617 2166 1672 supra
2196 1601 2352 1669 dixit,
2381 1616 2576 1672 nempe
2605 1600 2749 1671 quod
2787 1600 3084 1670 prophetia:
3118 1601 3169 1654 in
3201 1600 3331 1672 Spi-

1751 1691 1856 1746 rilu
1882 1691 2098 1746 dantur.

159 1886 173 1918 t
206 1867 266 1919 Ti
293 1863 386 1920 οὖν
416 1869 585 1932 ἐστιν,
611 1867 867 1938 ἀδελφοί;
907 1869 1092 1923 Ὀτανι
1124 1869 1481 1943 συνέρχησθε,
1513 1871 1646 1925 ἔκα-

1829 1859 1996 1914 Vens.
2039 1859 2133 1916 26.
2161 1877 2183 1912 ι
2219 1859 2357 1927 Quid
2389 1876 2521 1932 ergo
2549 1871 2659 1928 est,
2698 1862 2933 1921 fratres?
2963 1863 3098 1920 Cum
3131 1879 3328 1922 convc-

100 1974 199 2022 στος
231 1958 380 2030 ὑμῶν
433 1958 648 2030 ψαλμὸν
685 1960 820 2031 ἔχει,
852 1961 1072 2033 διδαχὴν
1119 1961 1254 2034 ἔχει,
1301 1964 1647 2033 ἀποκάλυψιν

98 2051 186 2120 ἔχει
209 2092 223 2114 ,
269 2052 522 2121 γλῶσσαν
555 2053 666 2124 ἔχει
692 2095 708 2121 ,
744 2053 1043 2126 ἑρμηνείαν
1075 2053 1189 2125 ἔχει
1215 2071 1229 2086 ο
1281 2056 1460 2110 πάντα
1509 2055 1648 2127 πρὸς

95 2143 354 2215 οἰκοδομὴν
411 2144 667 2214 γινέσθω.
727 2164 746 2198 ι
817 2146 929 2200 Καὶ
998 2146 1250 2218 ψαλμοὺς
1303 2147 1365 2201 τὸ
1416 2146 1648 2201 παλαιὸν

97 2237 290 2290 ἐποίουν
319 2236 430 2290 ἀπὸ
450 2237 813 2308 χαρίσματος,
843 2237 940 2291 καὶ
961 2236 1308 2304 διδασκαλίας
1330 2241 1386 2294 δὲ
1403 2240 1649 2313 χάρισμα

95 2327 290 2384 ἐδίδοτο.
334 2329 705 2400 Ἀποκάλυψιν
731 2329 789 2383 δὲ
822 2330 920 2402 τὴν
953 2331 1294 2403 προφητείαν
1328 2333 1509 2400 καλεῖ,
1542 2333 1651 2388 ἀπὸ

95 2417 170 2471 τοῦ
193 2419 362 2483 είδους
409 2419 471 2473 τὸ
501 2420 657 2489 γένος
711 2420 1003 2488 ὀνομάσας.
1061 2421 1409 2493 Μνημονεύει
1447 2424 1504 2476 δὲ
1544 2424 1651 2496 τῆς

95 2511 344 2581 γλώσσης,
395 2511 486 2566 ἵνα
527 2514 604 2584 μὴ
650 2511 827 2582 πάντη
877 2512 1356 2585 εὐκαταφρόνητον
1408 2514 1536 2587 δόξῃ
1590 2515 1652 2569 τὸ

94 2601 261 2672 χρῆμα
283 2605 350 2668 ³⁸,
372 2603 470 2656 καὶ
489 2603 610 2656 οὐδὲ
633 2604 693 2656 ὲν
725 2602 1071 2673 χαρίσματος
1097 2604 1142 2636 ³⁸
1173 2604 1346 2672 τάξει.
1371 2624 1389 2657 ι
1419 2607 1603 2661 Πάντα
1623 2625 1643 2660 ›

93 2692 167 2746 οὖν
201 2697 384 2759 ταῦτα,
416 2697 572 2768 φησὶ,
595 2714 615 2748 t
652 2697 789 2768 πρὸς
815 2695 1106 2768 οἰκοδομὴν
1138 2697 1402 2766 γινέσθω⁶
1441 2717 1458 2749 ι
1494 2700 1653 2754 τοῦτο

93 2788 180 2857 γάρ
212 2787 303 2840 τοῦ
317 2787 648 2858 Χριστιανοῦ
680 2790 833 2856 ἴδιον,
860 2788 922 2843 τὸ
943 2789 1271 2861 οἰκοδομεῖν,
1303 2791 1362 2844 τό
1390 2791 1645 2860 ὠφελεῖν.

96 2881 200 2945 Πῶς
229 2881 287 2935 δὲ
314 2884 342 2936 ὁ
373 2881 534 2951 μόνον
573 2883 825 2952 γλῶσσαν
864 2885 1004 2957 ἔχων
1037 2886 1262 2940 δύναται
1313 2888 1648 2959 οίκοδομεῖν;

103 2974 210 3028 Ἐὰν
227 2974 558 3047 συνέρχηται
583 2975 662 3049 τῷ
691 2979 990 3049 ἑρμηνείαν
1013 2977 1212 3050 ἔχοντι,
1237 2981 1330 3036 καὶ
1357 2981 1652 3054 ήνωμένως

95 3071 148 3124 τὰ
169 3071 480 3144 χαρίσματα
506 3072 980 3129 έπιδεικνύωνται.

155 3183 170 3215 ι
203 3165 326 3220 Εἴτε
354 3164 574 3238 γλώσσῃ
607 3184 688 3230 τις
714 3166 887 3234 λαλεῖ,
922 3168 1067 3222 κατά
1096 3165 1210 3235 δύο,
1245 3165 1276 3238 ἢ
1307 3168 1367 3222 τὸ
1397 3167 1651 3224 πλεῖστον
1678 3194 1724 3254 c

1749 1953 1896 2017 uitis,
1930 1955 2302 2026 unusquisque
2349 1965 2590 2012 vestrum
2622 1957 2889 2028 psalmum
2924 1959 3122 2021 habet.
3163 1959 3326 2030 212

1750 2045 2047 2100 doctrinam
2065 2046 2249 2113 habet,
2270 2047 2651 2104 revelationem
2678 2049 2861 2112 habet,
2886 2050 3122 2121 linguam
3145 2052 3326 2116 habet,

1751 2137 2254 2209 interpretationem
2312 2141 2516 2198 habet:
2561 2144 2743 2199 omnia
2799 2145 2865 2199 ad
2915 2145 3329 2204 aedificationem

1755 2231 1904 2286 fiant.
1943 2251 1962 2286 ι
1999 2231 2239 2288 Psalmos
2275 2233 2439 2288 etiam
2470 2233 2597 2289 olim
2635 2234 2906 2291 faciebant
2937 2251 3004 2292 ex
3038 2239 3200 2304 dono,
3233 2239 3333 2294 do-

1753 2325 1940 2380 etriute
1971 2323 2174 2394 pariter
2198 2329 2397 2380 donum
2432 2326 2681 2382 dabatur.
2711 2325 3117 2385 Revelationem
3148 2341 3329 2387 autem

1753 2418 2090 2488 prophetiam
2140 2417 2409 2484 nominat,
2438 2432 2468 2472 a
2504 2418 2684 2490 specie
2711 2435 2884 2491 genus
2919 2422 3182 2478 vocando.
3221 2421 3334 2478 Me-

1755 2510 1911 2564 minit
1943 2519 2122 2566 autem
2159 2510 2376 2580 linguae,
2409 2527 2477 2566 ne
2513 2527 2599 2567 res
2630 2515 2858 2570 omnino
2900 2517 3332 2585 contemptibilis

1755 2603 2026 2669 videatur,
2061 2617 2234 2675 neque
2258 2603 2604 2660 charismatis
2629 2605 2748 2662 loco
2769 2607 2951 2678 digna.
2989 2607 3265 2676 (Cuncta,
3307 2629 3329 2662 ι

1756 2694 1956 2764 inquit,
1995 2694 2108 2750 haec
2135 2713 2153 2747 ι
2192 2696 2260 2752 ad
2307 2696 2721 2754 aedificationem
2776 2699 2930 2756 fiant.
2969 2719 2990 2754 ι
3034 2701 3332 2759 Christiani

1757 2801 1988 2854 namque
2017 2786 2120 2842 hoc
2148 2797 2225 2844 est
2247 2788 2502 2856 officium,
2527 2798 2583 2844 ut
2609 2789 2860 2857 aediﬁcet,
2887 2802 2942 2846 ut
2962 2794 3152 2864 prosit.
3185 2795 3336 2862 Quu-

1758 2878 1917 2934 modo
1941 2887 2120 2934 autem
2145 2879 2238 2951 qui
2285 2880 2524 2952 linguam
2564 2891 2770 2938 tantunt
2815 2882 3000 2948 habet.
3062 2886 3338 2942 aediﬁcare

1760 2969 1973 3036 potest?
1998 2967 2054 3023 Si
2079 2969 2470 3040 interpretandi
2487 2973 2628 3029 dono
2646 2974 2928 3044 praeditum
2952 2977 3052 3032 sibi
3074 2978 3330 3033 comitem

1759 3059 2034 3130 adhibeat,
2067 3063 2312 3138 donaque
2341 3065 2675 3135 coniunctim
2711 3068 3018 3127 ostendant.

1831 3149 1996 3210 Vnus.
2030 3154 2123 3211 27.
2159 3174 2178 3208 ι
2218 3154 2344 3212 Sive
2374 3155 2566 3228 lingua
2603 3157 2726 3228 quis
2759 3159 3019 3230 loquitur,
3069 3176 3166 3232 per
3197 3161 3339 3222 duou

93 3260 240 3327 τρεῖς,
274 3263 369 3317 καὶ
399 3260 504 3315 sva
539 3259 704 3332 μέρος
727 3301 742 3325 ,
797 3261 896 3314 καὶ
929 3254 1013 3325 εἷς
1044 3260 1474 3333 διερμηνευέτω.
1514 3282 1533 3315 ι
1575 3263 1649 3317 Ού

1762 3240 1812 3296 id
1845 3243 1958 3305 fiat,
1979 3253 2071 3298 aut
2098 3244 2162 3299 ad
2190 3245 2484 3316 plurimum
2505 3256 2636 3313 tres,
2669 3258 2724 3303 et
2748 3265 2842 3320 per
2867 3261 3100 3320 partem,
3119 3263 3175 3307 et
3195 3268 3336 3310 unus

94 3349 268 3403 κωλύω
294 3351 351 3404 τὸ
367 3349 588 3424 γλώσσῃ
621 3352 824 3417 λαλεῖν,
862 3352 1002 3406 ἀλλά
1026 3353 1106 3418 τὸ,
1138 3353 1308 3425 χωρὶς
1339 3354 1648 3426 ἑρμηνέως.

93 3439 170 3510 Μὴ
207 3440 303 3496 οὖν
342 3443 529 3497 πολλοὶ
561 3443 833 3514 γλώσσαις
871 3443 1230 3512 λαλείτωσαν,
1279 3446 1366 3499 ῖνα
1406 3447 1486 3519 μὴ
1521 3446 1653 3517 σύγ-

96 3548 236 3600 χυσις
262 3534 412 3588 ut"
435 3529 817 3592 ἀκαταστασία
845 3536 1115 3607 γίνηται.‹
1147 3538 1257 3592 Καὶ
1290 3538 1393 3592 ἀνὰ
1425 3538 1644 3610 μέρος,›

94 3627 372 3692 τουτέστιν,
427 3628 493 3680 ὲκ
538 3627 810 3700 διαδοχῆς.
869 3628 1096 3694 Πάντως
1143 3629 1330 3700 μέντοι
1378 3631 1654 3703 ἑρμηνεὺς

93 3714 237 3771 ἔστω.

158 3829 175 3860 ι
219 3811 348 3865 Ἐάν
373 3812 432 3866 δὲ
463 3811 538 3886 μὴ
616 3813 1035 3886 διερμηνευτὴς,
1097 3815 1306 3884 σιγάτω
1355 3817 1412 3870 ὲν
1453 3817 1655 3886 ἐκκλη-

95 3902 202 3973 σίᾳ·
235 3905 415 3975 ἑαυτῷ
443 3906 502 3959 δὲ
533 3907 764 3961 λαλείτω
801 3908 896 3962 καὶ
927 3907 1008 3980 τῷ
1035 3907 1173 3979 Θεῷ.
1211 3927 1229 3960 t
1278 3907 1406 3962 Ἐὰν
1440 3909 1516 3981 μὴ
1555 3909 1656 3982 ἔχῃ

95 3992 448 4069 ἑρμηνευτὴν,
481 3999 541 4052 ἐν
580 3999 880 4072 Ἐκκλησία
911 4002 986 4071 μὴ
1019 4000 1273 4067 λαλείτω,
1306 4002 1392 4055 ἴνα
1431 4004 1506 4072 μὴ
1524 4003 1653 4074 δοκῇ

94 4083 385 4161 Βάρσαρος,
413 4091 650 4146 ἀσύνετα
681 4094 774 4147 καὶ
804 4093 1106 4162 ἀδιανόητα
1138 4095 1511 4166 φθεγγόμενος
1545 4099 1658 4161 τοῖς

96 4179 316 4245 πολλοῖς.
349 4184 478 4237 Ἐὰν
495 4183 737 4249 δὲοῦτως
757 4186 842 4258 εῐη
864 4187 1158 4252 κενόδοξος,
1189 4186 1328 4241 ὥστε
1367 4187 1441 4259 μὴ
1465 4189 1657 4260 ἀνέχε-

97 4269 205 4326 σθαι
236 4277 413 4346 σιγᾷν,
447 4295 465 4328 ι
487 4277 666 4348 ἑαυτῷ
695 4277 927 4334 λαλείτω
954 4281 1049 4334 καὶ
1073 4279 1151 4352 τῷ
1172 4280 1309 4350 Θεῷ,
1336 4301 1357 4333 ι
1380 4282 1657 4338 τουτέστιν

96 4362 318 4437 ἀψοφητὶ
344 4369 437 4421 καὶ
469 4370 653 4440 ἡρέμα
681 4372 802 4430 καθῗ
833 4373 1050 4438 ἑαυτὸν,
1075 4372 1149 4436 ὡς
1188 4372 1308 4444 Θεῷ
1350 4374 1495 4444 μόνῳ
1518 4369 1658 4429 εἶναι

96 4453 321 4512 ἀκουστά
343 4460 413 4514 τὰ
437 4461 729 4532 λεγόμενα,
762 4464 863 4518 οὐκ
894 4462 1227 4536 ἀνθρώποις.
1266 4467 1408 4538 Ὅρα
1427 4466 1504 4536 δὲ,
1540 4467 1658 4534 πῶς

95 4545 252 4606 δοκῶν
279 4553 620 4625 ἐπιτρέπειν,
646 4558 969 4630 ἀποτρέπει.

161 4747 179 4780 ι
221 4731 507 4802 Προφῆται
552 4733 610 4788 δὲ
651 4734 768 4801 δύο,
809 4736 842 4808 ἢ
877 4739 1026 4808 τρεῖς
1073 4723 1440 4806 λαλείτωσαν,
1484 4739 1580 4792 καὶ
1612 4737 1664 4790 oi

94 4817 234 4875 άλλοι
259 4823 712 4897 διακρινέτωσαν.
753 4823 968 4883 »Ἦσαν
1003 4831 1062 4883 έν
1083 4833 1191 4894 τοῖς
1224 4831 1532 4902 προφήταις
1573 4829 1668 4883 καὶ

97 4913 308 4979 μάντεις
334 4916 726 4983 λανθάνοντες*
758 4921 840 4974 διό
874 4939 1076 4994 φησιν,
1109 4923 1193 4975 ὅτι
1234 4941 1252 4974 ι
1294 4921 1664 4992 Διακρινέτωο

96 5019 190 5056 σαν
217 5025 238 5058 ι
267 5011 488 5074 τούτους
522 5029 540 5063 ι
578 5013 627 5065 ol
655 5013 804 5068 ἄλλοι
832 5051 848 5076 ,
890 5033 909 5066 ι
944 5015 1128 5084 μήπου
1170 5031 1254 5076 τις
1295 5014 1490 5085 μάντις
1530 5013 1660 5065 ὀποί

93 5099 412 5172 κρύπτηται.
457 5105 723 5177 Καθάπερ
748 5107 856 5177 γὰρ
889 5109 982 5160 καὶ
1012 5107 1274 5176 ἀνωτέρω
1318 5107 1556 5177 εἴρηται,
1594 5101 1654 5176 ﬁt

94 5189 332 5262 χάρισμα
369 5195 716 5266 διακρίσεως,
763 5197 903 5253 ὥστε
939 5193 1232 5269 γινώσκειν
1271 5200 1398 5261 τοὺς
1447 5197 1665 5268 ψευδεῖς

94 5282 186 5332 καὶ
215 5286 338 5350 τοὺς
367 5287 610 5357 ἀληθεῖς.
635 5290 734 5343 Διὰ
759 5290 920 5345 τοῦτο
948 5291 1006 5346 δὲ
1048 5290 1141 5346 δύο
1168 5292 1199 5362 ἧ
1252 5294 1400 5364 τρεῖς
1449 5306 1666 5362 προφη-

95 5373 268 5429 τεύειν
292 5380 520 5446 κελεύει,
549 5383 639 5437 διά
658 5401 715 5436 τε
737 5385 799 5438 τὸ
839 5385 1257 5456 εὐτακτότερον,
1291 5387 1386 5438 καὶ
1417 5384 1478 5438 τὸ
1499 5383 1574 5453 μὴ
1605 5383 1664 5436 ἐν

94 5463 170 5534 τῷ
209 5466 398 5540 πλήθει
426 5470 709 5528 λανθάνειν
729 5474 855 5538 τοὺς
890 5473 1132 5546 μάντεις·

168 5635 193 5664 ι
223 5621 357 5680 Dan.
393 5643 453 5693 tt,
478 5627 568 5681 47.

1761 3334 2163 3405 interpretetur.
2199 3356 2217 3390 ι
2253 3337 2368 3394 Non
2402 3340 2660 3410 prohibeo
2689 3340 2869 3412 lingua
2894 3343 3063 3414 loqui.
3094 3350 3188 3404 sed
3217 3348 3338 3405 sine

1760 3427 2079 3498 interprete.
2139 3429 2217 3485 Ne
2266 3430 2430 3502 igitur
2457 3432 2613 3488 multi
2662 3433 2860 3505 linguis
2906 3435 3238 3507 loquantur,
3267 3451 3340 3498 ne

1760 3519 2006 3576 confusio
2034 3531 2090 3577 et
2119 3524 2380 3579 tumultus
2407 3522 2520 3578 fiat.
2554 3541 2576 3577 ι
2606 3523 2671 3579 Ει
2700 3540 2799 3595 per
2823 3536 3055 3597 partem,
3090 3547 3110 3581 ι
3154 3529 3206 3584 id
3254 3540 3340 3587 est

1763 3627 1859 3683 per
1878 3613 2304 3670 successionem.
2337 3611 2574 3670 Omnino
2599 3630 2728 3672 vero
2760 3616 3116 3690 interpretem
3147 3621 3342 3680 adesse

1764 3718 2048 3760 necessum
2086 3704 2268 3762 fuerit.
3148 3767 3152 3772 .

1839 3795 2002 3852 Vens.
2048 3797 2137 3853 28.
2164 3817 2183 3851 ι
2233 3800 2290 3855 Si
2324 3811 2502 3856 autem
2551 3817 2656 3857 non
2708 3801 2876 3860 fuerit
2921 3807 3218 3878 lnterpres,
3255 3816 3342 3861 ta-

1764 3898 1884 3944 ceat
1917 3889 1970 3943 in
2002 3888 2277 3950 Ecclesia.
2322 3892 2531 3964 sibiipsi
2562 3903 2740 3950 autem
2780 3897 3033 3968 loquatur
3059 3906 3114 3953 et
3146 3899 3277 3954 Deo.
3315 3917 3334 3949 ι

1766 3972 1830 4037 Si
1852 3997 1956 4037 non
1993 3982 2245 4038 habuerit
2296 3983 2671 4054 interpretem,
2711 3986 2764 4041 in
2805 3988 3044 4046 Ecclesia
3089 4005 3196 4045 non
3254 3991 3338 4044 lo-

1765 4082 1983 4145 quatur,
2030 4088 2098 4129 ne
2122 4074 2372 4130 videatur
2403 4074 2697 4144 Barbarus,
2726 4079 2866 4134 haud
2894 4080 3252 4153 iutelligibilia
3283 4094 3344 4138 et

1767 4166 1928 4222 stulta
1962 4165 2236 4238 plerisque
2257 4183 2480 4225 sonans.
2505 4168 2561 4224 Si
2584 4179 2766 4228 autem
2802 4172 2942 4228 adeo
2971 4173 3140 4230 fuerit
3165 4177 3344 4231 anthi-

1765 4260 1958 4326 tiosus,
1980 4268 2036 4315 ut
2061 4276 2164 4316 non
2195 4263 2366 4332 possit
2387 4263 2570 4330 silere,
2603 4283 2623 4317 ι
2653 4265 2753 4321 sibi
2788 4267 3041 4335 loquatur
3069 4277 3125 4325 et
3155 4270 3287 4336 Deo,
3319 4290 3338 4324 ι

1768 4353 1869 4410 hoc
1906 4365 1989 4410 est
2047 4355 2185 4410 citra
2233 4357 2554 4427 strepitum,
2595 4372 2660 4414 ac
2706 4359 2868 4414 tacite
2907 4362 3047 4429 apud
3097 4376 3242 4430 sese,
3288 4375 3349 4418 ut

1768 4451 1867 4508 soli
1897 4450 2008 4507 Deo
2034 4451 2326 4506 audiantur
2344 4467 2462 4522 qua:
2491 4455 2766 4522 dicuntur,
2801 4467 2854 4512 ct
2878 4472 2982 4512 non
3013 4458 3344 4516 hominibus.

1687 4563 1736 4620 ι)
1765 4544 2154 4600 Animadverte
2199 4553 2379 4600 autem
2410 4547 2680 4615 quomodo
2714 4547 2862 4604 visus
2891 4551 3220 4619 concedere,
3253 4553 3352 4608 de.

1764 4636 2028 4690 hortetur.

1834 4724 2001 4781 Vens.
2031 4725 2122 4781 29.
2152 4745 2171 4778 ι
2208 4725 2494 4799 Prophetas
2532 4739 2711 4786 autem
2735 4729 2842 4786 duo
2874 4741 2969 4788 aut
2998 4742 3110 4791 tres
3138 4734 3344 4801 dicant,

1762 4829 1818 4876 ct
1856 4821 2036 4876 (ταξιοιί
2077 4819 2398 4890 dijudicent.
2429 4842 2449 4875 ι
2488 4822 2806 4880 Latitahant
2849 4827 2992 4884 inter
3047 4832 3346 4900 prophetas

1762 4913 1885 4966 vani
1908 4913 2075 4968 etiam
2100 4923 2250 4968 vales
2278 4929 2432 4968 :eam
2456 4917 2524 4970 ob
2541 4931 2652 4972 rem
2677 4919 2842 4985 dicit,
2865 4921 2971 4975 Eos
2996 4940 3015 4974 ι
3049 4922 3347 4992 diiudicent

1764 5004 1876 5070 alii,
1905 5023 1921 5055 ι
1961 5019 2027 5059 ne
2052 5005 2252 5075 aliquis
2289 5015 2438 5063 vates
2464 5024 2632 5065 vanus
2661 5012 2983 5067 occultetur.
3017 5012 3083 5068 Ut
3112 5014 3254 5069 enim
3293 5015 3344 5069 in

1764 5098 2138 5166 superioribus
2169 5112 2651 5157 commemoratum
2682 5117 2785 5168 est,
2813 5105 2913 5160 fuit
2949 5107 3116 5160 etiam
3145 5111 3345 5162 donum

1766 5189 2198 5260 dijudicationis,
2229 5193 2682 5262 utdignoscerent
2707 5196 2796 5266 qui
2825 5198 3138 5262 mendaces,
3175 5209 3228 5254 et
3254 5199 3350 5270 qui

1765 5299 1989 5340 veraces
2038 5296 2242 5341 essent.
2296 5284 2503 5342 idcirco
2551 5297 2730 5343 autem
2779 5290 2912 5344 duos
2952 5299 3046 5345 aut
3079 5299 3190 5346 tres
3223 5306 3346 5361 pro-

1765 5378 1992 5447 phetare
2016 5377 2189 5448 jubet,
2224 5388 2282 5432 ut
2309 5393 2374 5436 eo
2401 5379 2592 5435 melior
2617 5381 2750 5436 ordo
2771 5381 3054 5449 consistat,
3091 5397 3266 5454 neque
3289 5384 3349 5440 in

1768 5470 2113 5526 multitudine
2151 5471 2270 5526 falsi
2301 5482 2452 5531 vates
2485 5472 2787 5529 clanculum
2817 5473 3160 5532 delitescant.

1436 5726 1641 5788 Variae
1682 5725 2012 5790 lectiones.

166 5821 213 5854 “
244 5822 484 5879 ἐνύπνιον
507 5841 558 5882 o.
638 5827 682 5861 ³⁸
715 5828 962 5899 χάρισμα
997 5841 1049 5882 ο.
1128 5827 1173 5860 ⁸⁸
1202 5827 1426 5900 χάριτος
1457 5844 1510 5885 o.
1584 5829 1634 5863 ⁸⁷
1661 5830 1945 5901 σύγχυσις,
1971 5829 2173 5895 ἀταξία
2192 5829 2286 5885 καὶ
2314 5844 2387 5886 ιιι.

375 5919 643 5983 ΡΑτιιοι..
677 5921 799 5984 GR.
843 5920 1129 5984 CXXIV.

2907 5922 2998 5991 24
