3806 6578
484 374 612 448 ’747

1351 366 1928 439 THEOPHYLACTI
1972 378 2384 441 BULGARH‘I
2419 383 2776 444 ARCIIIEP.
3626 391 3718 453 ἨΒ
3802 360 3806 363 ⁵

583 496 744 555 Vens.
770 495 861 561 ὅθ,
896 493 985 550 3|.
1026 512 1045 546 ι
1084 492 1236 561 Quod
1261 492 1307 549 si
1336 494 1427 549 alii
1462 495 1755 549 revelatum
1806 493 1967 548 fuerit
1993 508 2064 548 se-

2264 516 2279 546 ι
2314 497 2442 550 Ἐᾁν
2462 498 2516 551 δὲ
2546 498 2690 569 ἄλλῳ
2709 498 3072 572 ἀποκαλυφθῇ
3108 496 3439 572 καθημένῳ,
3477 500 3505 553 6
3536 502 3725 579 πρῶτκ

507 591 675 656 denti,
709 589 858 660 prior
879 597 1072 643 taceat.
1104 587 1338 643 Potestis
1369 588 1512 642 enim
1540 584 1854 657 singulatim
1883 600 2074 640 omnes

504 684 849 754 prophetare.
912 688 970 733 ut
1001 693 1191 734 omnes
1221 678 1467 742 discant,
1519 687 1572 733 et
1601 694 1788 734 omnes
1822 680 2073 734 consola-

504 774 703 829 tionem
737 771 1019 843 recipiant.
1058 790 1077 824 ι
1112 770 1320 826 Bonum
1357 772 1445 825 hic
1486 773 1735 826 ordinem
1763 784 1818 827 et
1852 771 2073 826 humili-

503 873 668 922 tatem
697 865 875 921 docet.
907 863 1043 921 Cum
1075 864 1221 919 enim
1252 864 1343 919 alii
1390 864 1670 933 inspirarit
1725 864 1981 935 Spiritus,
2016 874 2070 920 tu

500 958 591 1027 qui
616 959 768 1028 prior
819 971 900 1022 es,
956 964 1090 1013 tace.
1143 956 1200 1012 Si
1252 954 1396 1013 enim
1446 956 1679 1027 Spiritus
1726 967 1777 1011 te
1818 956 2073 1012 velitis-et

501 1051 671 1122 loqui,
703 1066 810 1105 non
840 1049 990 1105 illum
1025 1050 1333 1105 excitasset.
1376 1048 1581 1103 Deinde
1624 1050 1694 1105 illi
1746 1049 2072 1105 conSolatio-

502 1155 623 1195 nem
682 1138 947 1210 prabeus,
986 1157 1006 1192 ι
1057 1139 1329 1204 Potestis,
1379 1156 1398 1190 ι
1440 1139 1651 1206 inquit,
1684 1158 1703 1190 ι
1755 1138 2069 1207 singulatim

498 1246 687 1287 omnes
740 1233 1085 1301 prophetare,
1148 1249 1167 1281 ι
1212 1229 1314 1284 hoc
1346 1240 1431 1284 est
1484 1228 1562 1285 Ne
1603 1244 1861 1295 intereas,
1918 1236 2071 1298 potes

494 1325 714 1379 enimet
742 1332 819 1391 tu,
850 1333 897 1378 et
946 1322 1112 1390 alius,
1154 1330 1212 1377 et
1252 1337 1441 1377 omnes
1474 1338 1571 1392 per
1596 1335 1827 1392 partem,
1862 1322 1962 1378 hoc
1989 1331 2071 1378 est

498 1431 596 1483 per
656 1413 1055 1471 successionem
1114 1414 1466 1484 prophetare.
1502 1414 1618 1469 Non
1655 1414 1798 1468 enim
1856 1415 1908 1468 iu
1960 1429 2069 1469 uno

492 1507 615 1563 solo
642 1507 979 1563 concluditur
994 1504 1223 1571 donum,
1256 1508 1349 1562 sed
1381 1506 1630 1561 omnibus
1655 1508 1831 1570 datur,
1867 1516 1922 1561 ut
1945 1507 2067 1560 uni~

499 1612 653 1654 versa
683 1597 924 1655 Ecclesia
954 1598 1152 1663 discat,
1179 1608 1234 1654 et
1262 1597 1685 1654 consolationem
1712 1598 1778 1654 ad
1811 1596 2065 1653 virtutem

499 1690 743 1759 recipiat.

563 1781 725 1852 213
760 1781 921 1837 Vsus.
949 1780 1038 1836 52.
1087 1800 1107 1834 ι
1147 1781 1212 1836 Et
1250 1781 1474 1849 spiritus
1522 1784 1904 1852 prophetarum
1936 1795 2064 1851 pro-

495 1873 674 1941 pltctis
709 1872 938 1942 subjecti
975 1882 1122 1929 sunt.
1150 1891 1169 1924 ο
1234 1869 1347 1927 Hoc
1380 1873 1445 1927 ad
1477 1874 1907 1929 consolationem
1937 1889 2065 1944 quo-

491 1983 598 2038 que
625 1966 765 2038 eius,
792 1964 884 2035 qui
904 1964 1270 2030 conticescere
1288 1963 1473 2032 jussus
1498 1973 1602 2030 est,
1635 1965 1886 2035 pertinet.
1907 1965 2060 2032 Quod

493 2073 624 2115 vero
648 2058 801 2122 dicit,
840 2063 925 2110 est
948 2054 1285 2126 hujusmodi‘:
1317 2053 1397 2110 Ne
1421 2056 1741 2119 contendas,
1783 2070 1955 2126 neque
1973 2068 2062 2111 se-

492 2154 751 2208 ditionem
768 2152 937 2207 cieas.
995 2150 1115 2220 Ipse
1145 2165 1379 2220 namque
1407 2149 1642 2221 Spiritus
1673 2190 1689 2215 ,
1742 2153 1842 2205 hoc
1864 2160 1944 2205 est
1971 2152 2065 2207 do-

494 2260 625 2299 num
657 2244 799 2314 quod
824 2244 877 2298 in
905 2252 958 2299 te
989 2250 1072 2297 est
1094 2282 1109 2309 ,
1153 2253 1207 2297 et
1253 2243 1495 2312 operatio
1534 2241 1772 2313 Spiritus
1800 2242 1891 2309 qui
1920 2242 1974 2296 in
2012 2250 2064 2297 te

493 2347 600 2403 est,
630 2336 913 2407 subjicitur
938 2338 1082 2392 dono
1121 2336 1345 2393 alterius
1368 2376 1384 2402 ,
1424 2337 1515 2407 qui
1545 2336 1611 2391 ad
1633 2335 2061 2406 pr0pltetandum

493 2429 795 2485 concitatus
817 2436 920 2483 est.
938 2427 1092 2494 Quod
1129 2428 1173 2482 si
1205 2429 1437 2497 Spiritus
1468 2426 1769 2499 subjicitur,
1803 2436 1858 2481 tu
1896 2426 2065 2481 multo

492 2519 664 2592 magis
685 2520 774 2589 qui
804 2516 1075 2589 Spiritum
1110 2519 1377 2588 possides,
1420 2534 1526 2573 non
1575 2517 1740 2574 debes
1768 2530 1888 2572 esse
1926 2532 2061 2571 con-

492 2613 779 2669 teutiosus.
798 2611 1051 2667 Nonnulli
1069 2624 1196 2667 vero
1219 2611 1317 2666 hoc
1340 2612 1412 2666 ita
1441 2610 1822 2666 intellexerunt
1849 2624 1863 2662 :
1896 2609 2063 2664 Vates

490 2720 624 2762 sane
654 2707 795 2773 apud
817 2701 1039 2759 Graues
1067 2715 1275 2767 omnes,
1312 2702 1526 2772 quando
1548 2700 1715 2757 semel
1733 2700 1938 2769 arrepti
1972 2713 2061 2754 es-

493 2806 619 2853 seut
653 2812 683 2850 a
723 2797 989 2860 tiamne,
1020 2796 1184 2847 etiam
1220 2792 1266 2847 si
1298 2792 1609 2856 voluissent,
1635 2808 1741 2847 non
1774 2798 2064 2861 potuerunt

493 2897 676 2943 tamen
717 2888 968 2941 reticere.
1004 2884 1161 2955 Apud
1222 2899 1321 2939 nos
1368 2898 1501 2940 vero
1563 2885 1739 2939 sancti
1786 2884 2063 2955 propheta:

498 2984 641 3039 haud
674 2983 753 3038 sic
784 2983 1048 3053 agebant,
1088 2992 1275 3035 verum
1313 2979 1366 3034 iu
1406 2980 1645 3050 ipsorum
1672 2989 1755 3035 est
1778 2980 2058 3042 arbitratu,

493 3075 691 3144 inquit,
715 3073 799 3128 vel
820 3072 993 3143 loqui,
1013 3072 1096 3127 vel
1130 3058 1327 3127 tacere.
1360 3072 1532 3142 Atque
1555 3073 1656 3126 hoc
1686 3071 1935 3142 estquod
1963 3071 2059 3136 ait,

2180 588 2406 655 σιγάτω.
2437 588 2815 662 Δύνασθεγάρ
2850 590 2973 643 καθ’
2998 589 3095 644 ἕνα
3121 590 3320 655 πάντες
3360 590 3722 659 προφητεύειν.

2179 679 2265 734 ἵνα
2291 683 2487 744 πάντες
2519 679 2834 749 μανθάνωσι
2877 681 2971 735 καὶ
3002 681 3203 744 πάντες
3237 680 3678 753 παρακαλῶνται.
3707 701 3721 732 ι

2175 774 2443 841 Εύταξίαν
2497 774 2730 829 ἐνταῦθα
2789 774 2883 828 καλ⁴
2944 762 3455 847 ταπεινοφροσῶην
3485 773 3723 828 διδάσκει.

2176 863 2347 918 Ὅταν
2376 866 2485 935 γάρ
2504 863 2949 938 ἄλλῳέμπνεύσῃ
2976 866 3035 919 τὸ
3066 865 3313 934 Πνεῦμα,
3350 863 3504 934 φησι,
3532 863 3594 916 σὺ
3622 865 3726 931 σίγα

2173 956 2201 1008 6
2232 956 2482 1026 πρῶτος·
2525 958 2574 1008 εί
2606 957 2717 1028 γὰρ
2754 956 2988 1027 ὴθέλησε
3028 957 3092 1009 τὸ
3145 955 3374 1026 Πνεῦμα
3427 954 3490 1007 σὲ
3547 955 3724 1019 λαλεῖ-ι,

2174 1048 2272 1101 οὐκ
2300 1047 2365 1100 ἂν
2392 1049 2599 1101 ἐκεῖνον
2623 1048 2897 1121 ἐκίνησεν.
2924 1044 3059 1104 Εἶτα
3086 1047 3588 1119 παραμυθούμενος
3607 1049 3725 1101 ἐκεῖ·

2175 1159 2285 1208 νον,
2322 1140 2455 1213 φησι
2492 1157 2503 1171 ·
2544 1160 2562 1191 ι
2603 1140 2841 1195 Δύνασοε
2872 1141 2983 1212 γὰρ
3010 1140 3134 1195 καθ’
3168 1140 3265 1193 ἕνα
3295 1141 3496 1204 πάντες
3544 1156 3726 1212 προςη-

2171 1234 2354 1286 τεύειν
2377 1247 2391 1262 '
2425 1252 2444 1286 ι
2474 1234 2745 1300 τουτέστι,
2776 1232 2870 1305 Μὴ
2895 1232 3067 1287 λυποῦ
3087 1249 3101 1265 ⁸
3134 1232 3367 1289 δύνασαι
3400 1233 3510 1301 γάρ
3539 1232 3627 1285 καὶ
3653 1228 3722 1299 σὺ,

2172 1326 2267 1381 καὶ
2298 1327 2480 1395 ἄλλος,
2514 1327 2607 1381 καὶ
2631 1329 2834 1391 πάντες
2853 1327 2957 1381 ἀνά
2988 1327 3032 1359 ⁸⁸
3061 1326 3252 1398 μέρος,
3284 1326 3379 1378 καὶ
3413 1328 3479 1379 ἐκ
3501 1325 3723 1396 διαδοχῆς

2172 1419 2563 1491 προφητεύειν.
2604 1419 2696 1490 Μὴ
2721 1419 2829 1490 γὰρ
2863 1420 2943 1473 ἐνὶ
2985 1418 3132 1489 μόνῳ
3159 1416 3537 1488 περικλείεται
3558 1417 3616 1470 τὸ
3645 1420 3724 1487 χά·

2174 1530 2367 1585 ρισμα,
2397 1512 2532 1566 ἀλλὰ
2564 1514 2701 1584 πρὸς
2731 1515 2939 1575 πάντας
2966 1513 3190 1578 δίδοται,
3245 1512 3333 1566 ἵνα
3364 1512 3514 1564 πᾶσα
3554 1511 3586 1581 ἠ
3621 1511 3722 1563 ἐκο

2170 1605 2369 1675 κλησία
2399 1605 2671 1678 μανθάνῃ,
2716 1604 2813 1660 καὶ
2864 1602 3217 1675 παράκλησιν
3257 1603 3395 1674 πρὸς
3424 1602 3624 1673 ἀρετὴν
3655 1603 3722 1656 δέ-

2170 1714 2353 1769 χηται.
3336 1746 3347 1756 ,

2248 1808 2267 1842 ι
2304 1791 2416 1845 Καὶ
2441 1793 2728 1861 πνεύματα
2759 1787 3077 1861 προφητῶν,
3114 1788 3424 1859 προφήταις
3448 1785 3719 1841 ὑποτάσσε-

2164 1900 2274 1937 ται.
2302 1902 2321 1935 ι
2362 1884 2471 1937 Καὶ
2505 1883 2663 1936 τοῦτο
2693 1882 2829 1953 πρὸς
2858 1882 3215 1954 παραμυθίαν
3253 1881 3349 1934 τοῦ
3377 1879 3718 1949 ἐπιτρεπομέ-

2165 1993 2256 2029 νου
2280 1976 2465 2047 σιγᾷν.
2502 1976 2570 2029 '0
2601 1974 2657 2028 δὲ
2696 1975 2868 2044 λέγει,
2907 1973 3149 2028 τοιοῦτόν
3197 1975 3313 2026 ἐστι
3343 1989 3356 2003 ·
3381 1972 3475 2043 Μὴ
3507 1971 3715 2041 φιλονεί-

2165 2084 2275 2133 κει,
2309 2068 2445 2140 μηδὲ
2479 2067 2738 2133 στασίαζε
2759 2085 2773 2100 °
2812 2067 2945 2121 αὐτὸ
2982 2067 3090 2138 γάρ
3111 2066 3171 2119 τὺ
3202 2063 3449 2134 Πνεῦμα,
3474 2064 3715 2125 τουτέστι,

2164 2161 2225 2214 τὸ
2259 2161 2317 2213 ἐν
2340 2161 2424 2213 σοὶ
2443 2159 2712 2231 χάρισμα,
2752 2159 2847 2213 καὶ
2877 2159 2911 2228 ἡ
2943 2158 3195 2228 ἐνέργεια
3231 2153 3328 2210 τοῦ
3357 2157 3415 2208 ὲν
3444 2155 3532 2207 σοὶ
3572 2154 3715 2206 Ilvati-

2168 2273 2358 2327 ματος,
2403 2255 2769 2310 ὑποτάσσεται
2821 2255 2902 2326 τῷ
2956 2255 3261 2327 χαρίσματι
3292 2253 3387 2307 τοῦ
3426 2254 3611 2323 ἐτέρου
3638 2250 3713 2304 τοῦ

2164 2348 2476 2420 κινηθέντος
2512 2346 2593 2412 εἰς
2647 2348 2710 2403 τὸ
2757 2348 3125 2421 προφητεύειν
3153 2362 3165 2375 ·
3198 2350 3293 2400 καὶ
3336 2348 3385 2399 εί
3425 2346 3486 2400 τὸ
3518 2344 3713 2414 Πνεῦμα

2164 2442 2553 2510 ὑποτάσσεται,
2609 2442 2791 2513 πολλῷ
2865 2442 3067 2513 μᾶλλον
3109 2442 3275 2504 αύτδς
3308 2439 3548 2510 ὀφείλεις
3578 2438 3604 2491 6
3638 2454 3711 2490 κει

2164 2534 2436 2606 κτημένος
2472 2534 2531 2587 τὸ
2554 2533 2801 2605 Πνεῦμα,
2828 2533 2906 2606 μὴ
2936 2530 3285 2603 φιλονεικεῖν.
3318 2532 3475 2593 Τινὲς
3498 2530 3713 2592 δὲοῦτως

2165 2629 2391 2697 ἐνόησαν
2417 2626 2575 2681 τοῦτο
2601 2642 2615 2657 ·
2646 2628 2708 2681 Ol
2735 2626 2835 2698 μὲν
2861 2625 2990 2696 παρ’
3014 2624 3241 2695 Ἕλλησι
3259 2625 3501 2695 μάντεις,
3523 2620 3712 2676 ἐπειδάν

2164 2718 2313 2785 ἅπαξ
2342 2718 2789 2791 κατεσχέσθησαν
2828 2716 3113 2791 [[.-σχέθ.]
3148 2717 3253 2770 ὑπὸ
3302 2715 3399 2771 τοῦ
3462 2715 3710 2785 δαίμονος.

2163 2813 2266 2866 κᾶν
2286 2810 2590 2878 ἐϐούλοντο,
2618 2811 2718 2865 οὐκ
2737 2810 3003 2882 ἠδύναντο
3031 2810 3214 2881 σιγᾷν.
3247 2810 3311 2861 Οί
3355 2808 3413 2862 δέ
3443 2808 3573 2878 παρ’
3602 2806 3711 2875 ἡμῖν

2164 2908 2312 2974 ἆγιοι
2348 2908 2627 2978 προφῆται
2651 2905 2750 2976 οὐχ
2772 2904 2963 2968 οὕτως,
2988 2904 3125 2958 ἀλλὰ
3149 2904 3277 2975 παρ’
3300 2902 3507 2967 αὐτοῖς,
3538 2904 3708 2969 φησὶν,

2165 2996 2362 3052 ἔστιτὸ
2391 2999 2551 3068 σιγᾷν
2575 3037 2589 3060 ,
2624 2999 2657 3069 ἢ
2687 2997 2871 3050 λαλεῖν
2891 3012 2905 3026 ⁸
2940 3000 3035 3050 καὶ
3083 2995 3242 3050 τοῦτό
3278 2997 3428 3048 ἐστιν
3464 2996 3601 3065 ὅπερ
3628 3010 3707 3063 9r,-

2167 3089 2270 3153 σὶν,
2300 3089 2382 3141 ὄτι
2435 3088 2517 3140 Τὰ
2562 3086 2852 3157 πνεύματα
2881 3084 2989 3140 τῶν
3019 3084 3338 3157 προφητῶν,
3374 3083 3630 3145 τουτέστι,
3655 3081 3706 3133 τὰ

492 3165 729 3234 διιίτίιυε
752 3163 1154 3235 υτονιιείιηιτη.
1189 3163 1239 3217 id
1268 3174 1349 3219 εει
1373 3163 1534 3230 “om:
1575 3162 2059 3232 ευδίίυηιυτίρεῖδε
2090 3176 2134 3238 C
2166 3178 2506 3251 χαρίσματα,
2541 3179 2907 3233 ὑποτάσσεται
2947 3180 3153 3247 αὐτοῖς,
3187 3178 3281 3231 καὶ
3326 3176 3424 3230 ἐπὶ
3452 3175 3566 3240 τοῖς
3601 3190 3705 3243 προ-

492 3267 655 3328 stque
702 3258 756 3313 in
811 3272 968 3314 manu
1023 3259 1410 3329 prOphetarum
1459 3267 1542 3314 est
1588 3257 1769 3320 silere,
1817 3257 1900 3311 vel
1955 3271 2059 3312 non

490 3351 674 3408 silere.
699 3348 783 3407 Ne
798 3351 940 3406 enim
963 3352 1105 3406 dicat
1130 3349 1175 3405 is
1201 3351 1290 3421 qui
1322 3350 1519 3405 donum
1550 3348 1728 3413 habet,
1754 3349 1857 3417 Qui
1883 3356 2063 3405 tacere

493 3456 734 3515 possum,
774 3444 995 3514 perinde
1026 3457 1091 3497 ae
1121 3451 1174 3496 tu
1208 3443 1451 3507 mandas,
1484 3456 1604 3497 cum
1646 3456 1678 3497 a
1717 3442 1921 3511 Spiritu
1946 3443 2062 3513 agi-

493 3546 636 3593 tatus
670 3538 861 3607 loquar
884 3534 911 3590 ?
938 3534 1099 3605 Atqui
1122 3534 1382 3606 Spiritus,
1410 3534 1611 3606 inquit,
1643 3534 1732 3603 qui
1760 3543 1814 3589 te
1852 3535 2019 3605 agitat
2041 3575 2056 3597 ,

488 3630 586 3686 tibi
612 3628 883 3693 subditur,
912 3627 1077 3698 inque
1095 3636 1183 3682 tua
1216 3627 1468 3696 deinceps
1501 3635 1768 3696 potestate
1798 3633 1958 3682 situm
1980 3635 2063 3681 est

491 3731 694 3776 tacere.
740 3717 863 3775 Noli
924 3720 1104 3789 itaque
1138 3718 1399 3790 Spiritum
1432 3719 1795 3789 nequidquam
1826 3728 2063 3789 praeten-

488 3812 637 3866 dere.

565 3896 729 3956 Vens.
753 3899 843 3955 3'5.
878 3915 899 3951 ι
939 3896 1056 3953 Non
1074 3899 1216 3954 enim
1241 3907 1327 3954 est
1360 3899 1716 3956 dissensionis
1764 3898 1926 3966 Deus,
1963 3900 2058 3957 sed

489 3991 662 4061 pacis,
683 3990 1139 4060 quemadmodum
1174 3989 1229 4044 in
1260 3990 1511 4046 omnibus
1556 3989 1814 4047 Ecclesiis
1841 4000 2060 4047 sancto-

488 4098 635 4138 :um.
669 4100 689 4134 ι
729 4081 933 4139 Iudicat
962 4083 1104 4152 quod
1137 4081 1246 4138 Deo
1274 4083 1437 4137 etiam
1469 4082 1677 4152 placeat
1704 4083 1947 4154 priorem
1980 4092 2062 4137 ta-

487 4188 635 4230 cere.
668 4174 787 4229 Non
824 4175 974 4230 enim
1015 4184 1102 4231 est
1140 4173 1280 4230 Deus
1311 4176 1598 4231 seditionis
1631 4186 1684 4231 et
1726 4176 2059 4234 confusionis

490 4271 510 4335 (
537 4281 659 4337 qua!
678 4279 745 4321 ex
768 4280 835 4321 eo
861 4267 1005 4337 quod
1026 4281 1134 4323 non
1160 4266 1376 4331 sileant,
1406 4268 1500 4324 sed
1518 4281 1706 4324 omnes
1734 4271 2059 4339 prophetare

486 4356 681 4424 velint,
714 4357 1026 4429 nascitur),
1064 4373 1245 4412 rerum
1295 4359 1442 4429 pacis
1476 4366 1561 4414 est
1590 4356 1747 4415 Deus.
1794 4358 1900 4415 ista
1932 4374 2061 4416 vero

487 4465 595 4521 pax
628 4450 681 4505 in
718 4448 972 4506 omnibus
1002 4449 1253 4505 Ecclesiis
1283 4458 1616 4518 sanctorum,
1653 4451 1754 4507 hoc
1803 4462 1886 4508 est
1929 4452 2063 4507 tide-

2167 3272 2365 3343 φήταις
2395 3270 2516 3326 ἐστί⁸
2542 3272 2603 3325 τὸ
2629 3271 2852 3343 σιγῆσαι
2886 3270 2979 3327 καὶ
3007 3271 3067 3325 τὸ
3093 3270 3168 3342 μὴ
3208 3269 3458 3342 σιγῆσαι.
3489 3271 3605 3324 "Iv:
3620 3266 3704 3337 γάρ

2167 3364 2243 3437 μὴ
2268 3363 2404 3437 λέγῃ
2429 3366 2457 3418 ὁ
2482 3363 2542 3417 τὸ
2568 3363 2816 3436 χάρισμα
2841 3361 3002 3434 ἐκων,
3033 3363 3117 3417 ὅτι
3150 3362 3275 3429 Πῶς
3304 3362 3544 3433 δύναμαι
3574 3359 3703 3428 σιγῆς

2166 3473 2255 3509 σαι
2310 3455 2453 3510 καθὰ
2500 3456 2764 3519 κελεύεις,
2804 3454 2938 3508 ὅπου
2990 3471 3053 3523 γε
3087 3456 3239 3526 παρὰ
3282 3453 3374 3508 τοῦ
3412 3453 3700 3524 Πνεύματος

2163 3546 2481 3617 κινούμενος
2510 3546 2680 3611 λαλῶ;
2716 3548 2898 3619 φησιν,
2925 3547 3008 3602 ὅτι
3040 3545 3204 3600 Ἀλλά
3230 3543 3289 3599 τὸ
3308 3545 3533 3616 Πνεῦμα
3577 3543 3702 3595 τοῦτο

2162 3639 2223 3693 τὸ
2255 3638 2441 3694 κινοῦν
2478 3656 2559 3702 σε,
2595 3639 2962 3694 ὁποτάσσεταί
2995 3657 3099 3706 σοι,
3134 3639 3229 3694 καὶ
3271 3638 3330 3692 ἐν
3363 3641 3428 3708 τῇ
3462 3640 3525 3708 σῇ
3550 3634 3702 3688 λοιπὸν

2162 3731 2381 3802 ἐξουσία
2420 3733 2595 3785 κεῖται
2620 3731 2679 3786 τὺ
2711 3733 2902 3803 σιγᾷν⁹
2931 3732 3026 3785 καὶ
3054 3732 3131 3804 μὴ
3166 3730 3349 3804 μάτην
3389 3725 3698 3799 προφασίζον

2161 3825 2223 3878 τὸ
2250 3824 2495 3896 Πνεῦμα.

2238 3938 2257 3971 ι
2297 3921 2372 3973 Οὐ
2386 3920 2491 3992 γάρ
2522 3922 2668 3976 ἐστιν
2698 3920 3105 3984 ἀκαταστασίας
3127 3921 3156 3974 6
3174 3919 3326 3984 Θεὸς,
3350 3918 3470 3973 ἀλλ’
3487 3918 3695 3989 εἰρήνης.

2162 4011 2237 4076 ὡς
2259 4012 2317 4066 ἐν
2353 4013 2552 4077 πάσαις
2598 4015 2718 4077 ταῖς
2759 4013 3109 4084 Ἐκκλησίαις
3155 4013 3265 4066 τῶν
3309 4012 3501 4082 ἁγίων.
3554 4029 3571 4064 ι
3606 4007 3699 4063 Δεί-

2165 4119 2373 4171 κνυσιν,
2405 4105 2487 4158 ὅτι
2533 4105 2629 4159 καὶ
2671 4103 2749 4176 τῷ
2772 4104 2890 4176 Θεῷ
2912 4104 3068 4159 τοῦτο
3100 4105 3266 4169 δοκεῖ,
3302 4105 3361 4158 τὸ
3384 4103 3489 4157 τὸν
3521 4100 3697 4173 πριῖιτον

2164 4196 2366 4267 σιγᾷνο
2410 4195 2481 4249 οὐ
2529 4195 2637 4267 γάρ
2690 4198 2838 4251 ἐστιν
2896 4199 2925 4250 6
2978 4197 3108 4262 Θεὸς
3164 4197 3567 4259 ἀκαταστασίας
3623 4194 3697 4245 καὶ

2163 4282 2479 4354 συγχύσεως
2518 4285 2675 4357 (ἥτις
2730 4288 2794 4340 ἐκ
2832 4286 2925 4342 τοῦ
2965 4287 3039 4359 μὴ
3094 4288 3289 4360 σιγᾷν,
3333 4286 3472 4342 ἀλλὰ
3527 4284 3695 4343 πάντας

2162 4376 2553 4449 προφητεύειν,
2580 4377 2832 4448 γίνεται),
2864 4379 2980 4434 ἀλλ’
3005 4380 3227 4452 εἰρήνης
3251 4379 3370 4433 ἐστὶ
3405 4378 3554 4442 θεός.
3574 4374 3696 4443 Auri;

2163 4468 2220 4523 δέ
2253 4469 2286 4540 ἡ
2321 4469 2511 4542 εἰρήνη
2543 4470 2600 4524 ἐν
2626 4470 2829 4535 πάσαις
2857 4474 2977 4535 ταῖς
3017 4470 3370 4541 Ἐκκλησίαις
3391 4470 3503 4523 τῶν
3536 4469 3693 4536 ἁγίων,

488 4543 645 4610 lium,
672 4552 938 4600 versatur.
984 4542 1122 4598 Sunt
1153 4544 1300 4597 enim
1331 4551 1383 4598 et
1410 4542 1724 4599 Graecorum
1756 4553 1811 4600 et
1845 4541 2060 4601 Iudaeo-

2170 4562 2433 4631 τουτέστι,
2463 4563 2573 4618 τῶν
2621 4564 2851 4629 πιστῶν,
2903 4564 3285 4618 πολιτεύεται·
3316 4564 3429 4617 είσὶ
3483 4561 3581 4632 γὰρ
3622 4556 3697 4611 καὶ

487 4649 609 4690 rum
666 4635 929 4691 ecclesim.
979 4634 1179 4689 Pudeat
1207 4635 1373 4705 igitur
1422 4650 1519 4691 vos
1565 4646 1763 4706 praeter
1788 4646 1841 4693 et
1873 4647 2061 4694 contra

485 4741 680 4785 omnes
726 4724 997 4783 Ecclesiae
1034 4729 1238 4782 vivere.

565 4910 724 4968 Vnus.
752 4912 845 4968 δι.
880 4930 899 4966 ε
942 4912 1196 4969 Mulieres
1212 4925 1410 4969 vestrae
1441 4914 1495 4968 iu
1516 4913 1775 4971 Ecclesiis
1810 4924 2064 4972 taceant:

2173 4654 2446 4728 Ἐλλήνων
2466 4694 2484 4722 ,
2552 4656 2647 4710 καὶ
2697 4642 2966 4710 Ἰουδαίων
3027 4656 3336 4729 ἐκκλησίαι.
3399 4650 3697 4724 Δίσχύνθητι

2162 4741 2254 4802 οῦν
2293 4748 2451 4819 θμεϊς
2510 4747 2663 4820 παρὰ
2702 4748 2883 4812 πάσας
2933 4747 3030 4813 τάς
3068 4748 3401 4819 Ἑκκλησίας
3460 4741 3696 4800 πολιτενόο

2208 4854 2337 4893 ενοι.

2208 4854 2337 4893 ενοι.

2167 4854 2206 4908 μ
2242 4946 2262 4979 ι
2286 4930 2353 4983 Δί
2376 4930 2630 4998 γυναῖκες
2648 4930 2799 5001 ὑμῶν
2821 4930 2877 4985 ἐν
2903 4935 3024 4995 ταῖς
3058 4932 3382 5003 ἐκκλησίαις
3405 4930 3691 4999 σιγάτωσαν

489 5018 598 5061 ³³οη
651 5004 796 5060 enim
847 5005 1170 5073 Ιιθτωίδευηι
1224 5014 1310 5062 εει
1353 5006 1438 5060 eis
1467 5006 1647 5075 ιοίιυὶς
1680 5008 1776 5061 sed
1818 5009 2067 5065 δυυάὶιειε
2162 5020 2224 5075 οὗ
2255 5020 2361 5089 γὰρ
2387 5020 2784 5093 ἐπιτέτραπται
2818 5023 3009 5087 αὑταῖς
3056 5023 3265 5091 λαλεῖν,
3296 5019 3695 5079 ἁλλ’ὐποτάσσερ

489 5109 632 5161 esse,
664 5094 809 5151 sicut
840 5106 896 5151 et
917 5095 1001 5151 lex
1032 5096 1183 5152 dicit.
1214 5116 1236 5149 ι
1270 5094 1407 5152 Cum
1440 5100 1620 5153 omnia
1661 5098 1884 5167 pulchre
1909 5100 2058 5155 ordi-

2168 5116 2311 5179 σθαι,
2349 5113 2531 5178 καθὼς
2560 5113 2652 5169 καὶ
2672 5116 2701 5168 ὁ
2724 5114 2885 5185 νόμος
2910 5115 3082 5186 λέγει.
3124 5135 3144 5169 ι
3183 5114 3405 5187 Ἐπειδὴ
3436 5115 3594 5170 πάντα
3613 5124 3693 5165 καθ

493 5198 695 5255 MSS“.
723 5200 777 5243 ει
808 5202 927 5258 qua:
972 5188 1042 5244 de
1096 5188 1312 5259 ιὶιικυῑε.
1348 5198 1404 5246 ει
1432 5203 1553 5258 qna
1589 5190 1657 5245 de
1688 5192 1964 5262 ντοριιθιῖε
2010 5194 2063 5248 ill
2162 5206 2266 5267 λῶς
2296 5205 2598 5275 διετάξατο,
2633 5208 2728 5262 καὶ
2782 5208 2849 5261 τὰ
2881 5208 3008 5280 περὶ
3038 5207 3144 5262 τῶν
3194 5207 3478 5277 γλωσσῶν,
3514 5204 3594 5258 καὶ
3636 5197 3690 5251 τὰ

493 5284 849 5354 quaestionem
876 5284 1185 5366 veniebant,
1226 5297 1295 5338 ne
1327 5283 1474 5339 multi
1509 5284 1853 5353 propltetent,
1888 5297 1938 5340 et
1992 5287 2063 5340 ita

2170 5298 2295 5370 περὶ
2329 5300 2436 5353 τῶν
2481 5300 2803 5372 προφητῶν,
2834 5300 2920 5355 ἵνα
2951 5301 3027 5374 μὴ
3079 5301 3269 5355 πολλοὶ
3323 5296 3691 5373 προφητεύωσιν

488 5375 817 5437 conlusioet
851 5376 1049 5432 seditio
1081 5391 1148 5432 ex
1190 5390 1256 5433 eo
1284 5376 1648 5432 subnascatur
1675 5395 1689 5432 :
1730 5394 1872 5433 nuuc
1901 5380 2064 5435 etiam

2170 5394 2260 5445 καὶ
2308 5392 2571 5462 σύγχυσις
2633 5392 2727 5446 καὶ
2754 5393 3136 5447 ἀκαταστασία
3160 5393 3223 5447 ἐκ
3253 5392 3445 5446 τούτου
3478 5391 3553 5459 εἴη
3577 5403 3590 5417 ⁸
3616 5383 3692 5436 νῦν

494 5468 780 5525 mulierum
794 5468 1084 5523 tumultum
1112 5469 1629 5538 compescit,dicens
1648 5487 1666 5524 :
1695 5488 1713 5525 ι
1742 5469 1798 5525 lu
1829 5471 2064 5528 Ecclesia

2170 5482 2264 5534 καὶ
2294 5482 2384 5534 τὸν
2412 5483 2521 5535 ἀπὸ
2551 5484 2661 5537 τῶν
2689 5484 2960 5553 γυναικῶν
2982 5484 3207 5557 θόρυϐον
3239 5482 3589 5541 καταστέλλει,
3619 5475 3693 5530 καί

495 5568 766 5615 taceant.»
811 5557 1012 5617 Deinde
1038 5560 1180 5631 quod
1221 5560 1394 5631 majus
1427 5570 1529 5633 est,
1553 5566 1963 5622 convcuientius
1995 5569 2064 5622 ait

2170 5588 2358 5643 φησιν,
2386 5574 2467 5628 ὃτι
2501 5593 2518 5626 ι
2541 5574 2855 5647 Σιγάτωσαν
2892 5578 2947 5631 ἐν
2981 5578 3247 5650 ἐκκλησία
3266 5592 3309 5631 Ὶ
3328 5572 3446 5632 εἰτα
3465 5577 3520 5629 τὸ
3539 5568 3693 5642 μιῖξέν

1842 5726 2041 5789 Variae
2067 5726 2396 5803 lectiones,

563 5824 610 5858 ³⁸
638 5824 779 5882 κατὰ
808 5841 862 5880 o.
