3806 6572
510 380 614 458 751

1345 374 1926 439 THEOPHYLACTI
1961 372 2376 436 BULGABUE
2401 369 2759 434 ARCHIEP.

3607 371 3690 434 ’152

509 501 567 558 in
594 497 830 555 medium
873 493 1122 550 inseruit.
1147 491 1301 548 Nunc
1334 504 1518 551 autem
1555 509 1747 550 rursus
1797 493 1862 548 de
1903 491 2088 549 chari-

2206 490 2327 562 περὶ
2361 489 2469 543 τῶν
2496 486 2777 557 γυναικῶν
2811 483 2968 551 λόγον
2991 498 3004 513 ⁸
3037 480 3131 537 νῦν
3161 474 3254 536 οὖν
3298 480 3452 537 πάλιν
3475 483 3581 555 περὶ
3618 489 3697 542 τῶν

511 592 776 650 smatibus
834 587 1095 651 disserit,
1147 587 1354 658 primas
1431 587 1730 658 prophetia:
1803 586 2084 651 tribuens,

517 704 536 738 α
572 680 946 746 Λεωυιαιιιὶηἰ,
977 699 996 733 ι
1053 679 1347 750 inquiens:
1386 681 1654 735 secundas
1703 693 1835 734 vero
1865 678 2083 747 linguis.

508 770 671 838 Atqui
709 783 814 824 non
850 767 1008 832 dixit,
1040 767 1351 824 Permittite
1377 767 1545 838 loqui,
1591 768 1712 833 sed,
1743 786 1762 821 ‹
1801 767 1878 824 Ne
1904 767 2092 837 prohi-

507 865 679 918 bete:
726 881 744 913 ο
781 866 925 932 quod
977 861 1159 918 dicere
1211 861 1458 918 solemus
1494 862 1546 915 in
1597 862 1758 917 rebus
1819 876 1926 916 non
1989 876 2089 918 ne-

511 954 787 1018 cessariis,
831 967 1007 1023 neque
1042 953 1418 1019 adhortantes,
1450 967 1622 1024 neque
1649 953 2018 1009 dehortantes.

579 1134 746 1190 Vens.
779 1132 871 1188 40.
898 1151 917 1185 t
952 1131 1146 1189 Omnia
1170 1131 1370 1188 decore
1409 1146 1473 1188 ac
1510 1133 1806 1188 secundum
1843 1131 2092 1187 ordinem

511 1230 663 1285 (iant.
705 1247 725 1282 ι
763 1227 942 1283 Veluti
971 1228 1022 1281 in
1048 1241 1260 1283 summa
1284 1225 1377 1280 hic
1406 1225 1588 1280 omnia
1617 1225 1860 1294 corrigit,
1887 1235 1942 1280 et
1973 1239 2096 1296 quae

511 1323 579 1377 ad
608 1338 703 1378 eos
735 1321 827 1392 qui
858 1320 1056 1392 linguis
1093 1319 1413 1388 loquuntur,
1437 1327 1491 1374 et
1517 1333 1639 1389 quae
1665 1317 1730 1372 ad
1760 1318 2016 1373 mulieres
2039 1317 2093 1372 in

514 1413 743 1470 ecclesia
797 1412 1078 1482 loquentes
1115 1409 1281 1482 215
1306 1411 1638 1482 fpertinent:
1675 1426 1739 1466 ac
1777 1410 2097 1481 simpliciter

515 1505 721 1572 omnia,
746 1519 867 1575 qua:
884 1504 1025 1576 apud
1045 1504 1164 1558 illos
1180 1504 1320 1559 haud
1342 1501 1492 1572 justo
1505 1503 1693 1558 ordine
1719 1504 1871 1557 tiunt.
1891 1501 2096 1557 Dacore

516 1608 697 1654 autem
743 1607 798 1653 et
846 1598 1038 1653 ordine
1081 1597 1195 1652 tieri
1221 1605 1442 1667 queant,
1472 1597 1516 1652 si
1560 1596 1595 1650 ii
1638 1597 1731 1667 qui
1785 1596 1985 1664 linguis
2015 1597 2098 1652 lo-

517 1701 756 1762 quuntut‘
781 1707 902 1746 cum
937 1690 1389 1761 interpretatione
1417 1690 1730 1761 loquantur,
1763 1698 1818 1745 et
1868 1705 1974 1745 non
2012 1704 2099 1747 ve-

516 1787 618 1842 luti
648 1786 981 1841 insanientes
1001 1825 1020 1852 ,
1054 1785 1100 1839 si
1132 1783 1414 1854 propheta:
1443 1782 1547 1838 sibi
1576 1791 1761 1838 mutuo
1789 1782 2014 1847 cedant,
2052 1781 2098 1838 si

516 1878 734 1936 feminae
761 1878 1158 1936 conticescant.

1107 2025 1338 2083 CAPUT
1375 2026 1492 2082 XV.

592 2147 757 2204 Vsus.
813 2146 865 2202 1.
921 2163 940 2197 r
994 2141 1188 2200 Nolunt
1225 2152 1404 2198 autem
1456 2141 1595 2198 t‘acio
1628 2143 1820 2210 vobis,
1862 2142 2099 2208 fratres,

517 2241 870 2312 Evangelium
903 2238 1045 2310 quod
1079 2236 1368 2308 praedicavi
1404 2237 1578 2292 vobis.
1623 2256 1641 2289 ι
1684 2238 2006 2293 Sermonem
2035 2236 2102 2292 de

515 2335 918 2392 resurrectione
975 2330 1323 2402 aggreditur,
1382 2329 1473 2398 qui
1537 2339 1702 2398 caput
1755 2338 1839 2384 est
1904 2338 2101 2383 nostra:

519 2428 666 2484 ﬁdei.
704 2424 760 2482 Si
792 2427 937 2480 enim
971 2439 1075 2479 non
1122 2431 1207 2478 est
1244 2421 1598 2487 resurrectio,
1646 2437 1820 2491 neque
1851 2421 2103 2476 Christus

517 2524 788 2597 excitatus
821 2529 925 2576 est.
959 2517 1115 2586 Quod
1148 2517 1192 2572 si
1219 2533 1330 2572 non
1362 2525 1445 2571 est
1474 2515 1766 2578 excitatus,
1796 2524 1974 2583 neque
2005 2513 2101 2566 in-

517 2623 774 2695 carnatus
814 2622 898 2669 est
930 2630 944 2667 :
974 2610 1316 2680 efﬁciturque
1351 2609 1453 2676 hac
1484 2608 1714 2674 ratione,
1754 2615 1814 2660 ut
1848 2605 2102 2660 universa

518 2708 653 2764 fides
685 2716 868 2760 nostra
923 2711 1232 2758 evanescat.
1261 2699 1529 2768 Quoniam
1563 2697 1729 2768 igitur
1771 2696 2104 2753 resurrectio

520 2799 661 2870 apud
716 2795 1033 2853 Corinthios
1083 2793 1156 2848 ita
1210 2792 1551 2848 claudicabat
1610 2791 1773 2862 (nam
1827 2795 2104 2860 sapientes

521 2903 745 2949 externa
775 2887 1043 2959 sapientia
1075 2885 1248 2953 clari,
1280 2885 1462 2942 omnia
1511 2884 1884 2954 suscepissent
1926 2883 2106 2953 potius

521 3000 683 3055 quam
743 2978 1254 3049 resurrectionem),
1309 2977 1379 3032 de
1425 2976 1527 3033 hoc
1556 2977 1831 3033 contendit
1877 2975 2102 3032 Paulus.

524 3074 941 3148 Sapientissime
988 3084 1114 3128 vero
1151 3071 1284 3144 ipsis
1319 3070 1376 3126 in
1421 3071 1735 3126 memoriam
1771 3078 1994 3125 revocat
2040 3082 2105 3124 ea

524 3186 646 3242 quae
680 3170 794 3241 jam
827 3174 985 3223 antea
1017 3166 1230 3222 illorum
1269 3165 1392 3221 ﬁdei
1429 3164 1716 3220 commissa
1750 3172 1924 3218 erant.
1958 3161 2106 3218 Nihil

523 3263 668 3319 enim
717 3274 954 3325 novum,
1002 3255 1211 3328 inquit,
1263 3255 1416 3310 vobis
1460 3253 1616 3318 dico,
1671 3251 1768 3308 sed
1801 3252 1945 3322 quod
1991 3250 2103 3320 jam

525 3365 686 3413 antea
711 3351 865 3409 vobis
894 3350 1196 3421 cognitum,
1229 3347 1488 3402 oblivioni
1515 3360 1642 3402 vero
1678 3346 1932 3400 traditum
1963 3355 2102 3411 erat,

527 3445 670 3504 istud
709 3444 862 3501 vobis
914 3451 1101 3498 notum
1155 3439 1333 3506 facio,
1381 3439 1484 3493 hoc
1545 3446 1629 3494 est
1675 3437 1740 3492 ad
1787 3436 2105 3492 memoriam

526 3540 682 3596 vobis
709 3549 926 3594 revoco.
961 3532 1181 3588 Fratres
1224 3540 1408 3588 autem
1438 3544 1534 3586 eos
1561 3529 1862 3601 appellans,
1908 3527 2106 3599 partim

525 3633 796 3705 placavit,
829 3628 1025 3701 partim
1057 3626 1108 3682 in
1138 3623 1458 3680 memoriam
1492 3631 1714 3678 revocat
1738 3623 1882 3677 unde
1910 3621 2109 3675 fratres

529 3728 654 3782 facti
686 3724 878 3787 simus,
929 3719 1184 3775 nimirum
1221 3726 1332 3772 tum
1371 3716 1438 3770 ab
1467 3715 1730 3770 incarnati
1760 3712 1960 3768 Christi
1998 3710 2110 3766 ad-

524 3829 721 3884 ventu,
754 3816 909 3886 cujus
938 3812 1072 3869 ﬁdes
1105 3811 1158 3865 in
1191 3809 1492 3879 periculum
1533 3807 1899 3864 adducebatur
1927 3845 1948 3874 ,
1992 3815 2107 3862 tum

527 3931 557 3968 a
610 3910 972 3980 baptismate,
1031 3905 1175 3975 quod
1236 3903 1528 3976 sepulturas
1579 3911 1633 3958 et
1687 3900 2110 3957 resurrectionis

531 4002 740 4059 Domini
769 4007 929 4070 typus
965 4007 1069 4052 est.
1111 3993 1457 4064 Evangelium
1488 4002 1666 4047 autem
1695 3990 1907 4057 dicens,
1941 3989 2108 4045 innu-

527 4107 803 4150 merorum
838 4090 1106 4144 bonorum
1155 4085 1421 4150 meminit,
1464 4085 1662 4154 quibus
1711 4098 1807 4152 per
1842 4080 2108 4137 incarnati

526 4186 726 4243 Christi
760 4183 1046 4238 adventum
1073 4189 1128 4236 et
1158 4177 1610 4233 resurrectionem
1638 4176 1792 4248 potiti
1825 4189 2036 4232 sumus.

605 4298 624 4333 ι
670 4276 824 4345 Quod
861 4284 914 4338 et
962 4269 1272 4342 accepistis.
1317 4288 1335 4320 ι
1371 4268 1487 4324 Νοη
1517 4268 1688 4335 dixit,
1716 4265 1861 4336 quod
1899 4264 2109 4319 audivi-

523 4373 660 4440 stis,
700 4371 792 4426 sed
825 4388 838 4423 :
880 4388 897 4421 ι
935 4365 1089 4434 Ωιιοά
1127 4362 1445 4432 accepistis;
1489 4377 1508 4413 ι
1549 4375 1655 4416 non
1682 4360 1824 4415 enim
1859 4371 2112 4414 sermone

532 4441 765 4530 tantum,
797 4461 893 4518 sed
925 4475 1021 4530 per
1054 4472 1217 4528 Opera
1245 4466 1298 4512 et
1336 4452 1597 4510 miracula
1625 4451 1980 4519 Evangelium
2019 4465 2112 4506 ac-

537 4565 794 4627 ceperant
823 4572 839 4622 ;
871 4561 926 4608 et
955 4549 1113 4607 simul
1142 4557 1200 4605 ut
1229 4549 1309 4605 eis
1332 4546 1656 4619 persuadeat
1679 4555 1737 4600 ut
1765 4545 1868 4600 hoc
1893 4559 1989 4600 ceu
2016 4543 2111 4599 de-

523 4649 766 4721 positum
804 4644 1091 4701 retineant.

603 4751 644 4793 4'
677 4742 735 4796 lu
795 4752 902 4808 quo
951 4747 1005 4792 et
1049 4735 1243 4802 statis,
1293 4748 1389 4805 per
1433 4731 1580 4805 quod
1626 4741 1681 4788 et
1720 4729 2028 4787 salvamini.
2087 4746 2106 4781 ι

534 4833 763 4893 Etiamsi
801 4829 1062 4888 concussi
1099 4829 1343 4886 nonnihil
1372 4835 1558 4882 essent
1581 4867 1596 4894 ,
1630 4832 1774 4880 stare
1808 4834 1989 4879 tamen
2019 4835 2117 4877 eos

533 4911 734 4986 asserit
761 4925 813 4980 in
855 4925 978 4990 hoc,
1007 4923 1236 4977 libenter
1262 4918 1528 4974 simulans
1557 4932 1616 4972 se
1650 4917 1922 4987 ignorare,
1951 4922 2115 4983 atque

531 5026 881 5076 antevertens
901 5029 994 5070 eos
1012 5053 1028 5080 ,
1064 5023 1158 5080 ut,
1185 5011 1396 5067 etiamsi
1432 5011 1668 5066 maxime
1696 5008 1884 5071 velint,
1914 5019 2116 5078 negare

533 5121 717 5168 tamen
764 5109 905 5163 hami
949 5104 1177 5174 possint.
1209 5103 1349 5170 Quid
1383 5111 1563 5158 autem
1616 5101 1752 5156 lucri
1788 5098 1892 5155 erit
1917 5136 1932 5162 ,
1974 5099 2018 5153 si
2059 5096 2114 5151 in

533 5204 640 5260 isto
670 5199 964 5256 steteritis?
991 5198 1245 5252 nimirum
1264 5237 1280 5263 ,
1315 5204 1373 5250 ut
1400 5192 1706 5249 salvemini.

586 5287 774 5352 'Vsrts.
824 5294 876 5349 2.
938 5311 957 5345 ι
1012 5293 1127 5360 Qua
1171 5291 1382 5345 ratione
1432 5286 1839 5358 praedicaverim
1875 5283 2047 5338 vobis.
2093 5301 2110 5332 ι

535 5387 691 5455 Quod
735 5386 840 5453 ait,
892 5381 1195 5452 hujusmodi
1238 5366 1498 5450 quiddam
1549 5387 1635 5435 est
1671 5393 1685 5433 :
1715 5377 1787 5431 De
1821 5379 1922 5432 hoc
1971 5375 2114 5445 quod

535 5478 866 5535 resurrectio
899 5475 1003 5540 sit,
1043 5474 1176 5530 nihil
1211 5474 1364 5529 vobis
1404 5474 1582 5530 indico
1628 5493 1642 5529 :
1677 5472 2115 5544 quandoquidem

534 5571 639 5628 hac
669 5574 722 5626 ln
751 5583 812 5625 re
831 5584 936 5625 non
959 5569 1128 5624 eratis
1152 5567 1428 5624 concussi.
1475 5564 1644 5638 Hujus
1671 5576 1849 5622 autem
1884 5565 2117 5620 fortasse

2190 581 2550 655 χαρισμάτων
2593 579 2780 649 λέγει,
2817 576 2911 632 καὶ
2953 577 3020 648 τῇ
3063 575 3368 646 προφητείᾳ
3411 573 3474 629 τὰ
3512 583 3698 647 πρωτεῖα,

2189 676 2431 740 δίδωσιν,
2470 670 2670 726 εἰπών·
2723 690 2742 722 ι
2777 668 3014 740 Ζηλοῦτε
3037 684 3052 699 ο
3091 687 3110 721 ι
3136 669 3255 731 ταῖς
3283 667 3338 720 δὲ
3373 666 3628 736 γλώσσαις,
3651 673 3700 726 τὰ

2189 769 2493 840 δευτερεῖα.
2519 760 2781 821 Οὐκεῐπε
2817 763 2898 828 δδ,
2937 762 3296 834 Ἐπιτρέπετε
3335 761 3503 814 λαλεῖν
3523 803 3537 827 ,
3563 764 3699 832 ἀλλὰ,

2195 877 2216 911 ί
2248 859 2342 927 Μὴ
2377 857 2620 912 κωλύετε
2645 873 2660 887 ο
2697 873 2719 906 ι
2752 856 2889 926 ὅπερ
2919 852 3196 924 εἰώθαμεν
3238 851 3416 920 λέγειν
3443 852 3526 904 ἐπὶ
3548 852 3634 908 τῶν
3649 856 3699 926 μὴ

2192 950 2511 1020 ἀναγκαίων
2533 991 2550 1018 ,

2195 1058 2412 1106 ποντες.

2270 1158 2288 1193 ι
2319 1138 2506 1193 Πάντα
2541 1135 2899 1208 εὐσχημόνως
2933 1133 3030 1187 καὶ
3065 1128 3210 1186 κατὰ
3253 1127 3404 1194 τάξιν
3449 1125 3655 1194 γινέσθω.
3683 1147 3696 1178 ι

2205 1231 2296 1296 Ὠς
2331 1233 2390 1286 ὲν
2445 1229 2730 1301 κεφαλαίῳ
2762 1228 2832 1282 τὰ
2861 1228 3043 1281 πάντα
3093 1218 3426 1292 διορθοῦται,
3461 1219 3522 1272 τά
3554 1235 3603 1270 τε
3627 1219 3703 1271 τῶν

2195 1324 2468 1394 γλώσσαις
2491 1320 2909 1389 λαλούντων,ξτὰ
2929 1336 2988 1373 τε
3017 1317 3125 1372 τῶν
3163 1312 3434 1368 Μλουσῶν
3479 1312 3528 1363 ὲν
3565 1313 3706 1382 ἐκκλη-

2198 1416 2290 1489 σίᾳ
2316 1415 2591 1486 γυναικῶν
2617 1430 2632 1445 ·
2661 1415 2758 1468 καὶ
2792 1411 3000 1476 ἁπλῶς,
3038 1410 3223 1464 πάντα
3240 1407 3308 1462 τὰ
3337 1405 3461 1472 παρ’
3489 1405 3636 1466 αὐτοῖς
3653 1403 3705 1473 μὴ

2199 1508 2344 1564 κατὰ
2379 1508 2534 1574 τάξιν
2571 1507 2856 1578 γινόμενα.
2892 1490 3265 1575 Εὖσχημόνως
3286 1499 3330 1553 δ’
3363 1499 3426 1552 ἂν
3447 1497 3707 1565 γένοιτοκαὶ

2199 1604 2341 1658 κατὰ
2363 1603 2548 1670 τάξιν,
2595 1604 2646 1656 si
2693 1601 2743 1654 οἱ
2782 1600 3059 1670 γλώσσαις
3096 1594 3403 1660 λαλοῦντες,
3437 1593 3538 1664 μεθ’
3580 1593 3707 1662 ἑρμηο

2200 1697 2351 1760 νείας
2374 1697 2419 1729 ⁸³
2458 1694 2705 1761 λαλοῦσι,
2739 1693 2838 1748 καὶ⁹
2869 1692 2948 1764 μὴ
2997 1691 3071 1753 ὡς
3105 1689 3451 1760 μαινόμενον
3477 1686 3521 1738 si
3545 1687 3585 1737 ei
3616 1701 3708 1752 προ-

2129 1863 2171 1919 B
2203 1788 2373 1858 φῆται
2446 1785 2700 1860 ἀλληλοις
2783 1781 3242 1856 παραχωροῦσιν,
3307 1782 3355 1834 εἰ
3415 1782 3466 1834 αἱ
3513 1779 3706 1847 γυναῖκες

2201 1897 2418 1950 σιγωσι.

2627 950 2767 1020 μήτε
2837 946 3244 1019 προτρέποντες
3269 986 3284 1012 ,
3333 944 3463 1016 μήτε
3521 948 3702 1017 ἀποτρέ.

2803 2021 3056 2077 ΚΕΦᾹΛ.
3089 2017 3195 2075 ΙΕ’.

2279 2162 2298 2194 ι
2337 2142 2597 2214 Γνωρίζω
2649 2141 2707 2194 δὲ
2756 2140 2910 2211 ὑμῖν,
2969 2135 3216 2205 ἀδελφοὶ,
3269 2133 3330 2185 τὸ
3369 2129 3647 2198 Εἰαγγέλιον
3687 2127 3706 2178 ὃ

2203 2237 2645 2310 εὐηγγελισάμην
2677 2236 2829 2308 ὑμῖν.
2868 2253 2887 2286 ι
2920 2233 3015 2295 Εἰς
3039 2231 3134 2284 τὸν
3159 2227 3289 2299 περὶ
3315 2226 3410 2296 τῆς
3438 2226 3706 2282 ἀναστάσεως

2203 2330 2360 2398 λόγον
2391 2328 2666 2383 εἰσϐάλλει
2691 2345 2704 2359 ·
2735 2327 2795 2390 ὃς
2827 2327 2938 2380 ἐστι
2979 2325 3033 2377 τὸ
3061 2323 3360 2392 κεφάλαιον
3387 2318 3475 2387 τῆς
3497 2315 3704 2384 ἡμετέρας

2205 2425 2460 2488 πίστεως.
2493 2424 2558 2478 Ei
2587 2421 2698 2493 γὰρ
2735 2421 2836 2475 οὐκ
2874 2419 3022 2472 ἐστιν
3077 2415 3398 2477 ἀνάστασις,
3439 2409 3543 2464 οὐδὲ
3570 2409 3592 2461 ὁ
3615 2407 3707 2476 X9:-

2207 2518 2330 2582 στὸς
2381 2517 2625 2587 ἠγέρθη·
2670 2515 2721 2568 εἰ
2774 2513 2832 2568 δὲ
2881 2513 2980 2566 οὐκ
3020 2509 3261 2580 ἠγέρθη,
3297 2505 3419 2560 οὐδὲ
3457 2497 3706 2587 ἑσαρκὼθη·

2204 2609 2300 2663 καὶ
2344 2607 2518 2672 οὕτως
2558 2607 2764 2677 οἴχεται
2817 2609 2851 2676 ἠ
2887 2603 3039 2658 πᾶσα
3073 2601 3239 2673 ἡμῶν
3271 2597 3464 2659 πίστις.
3502 2585 3707 2646 Ἐπεὶοῦν

2203 2699 2377 2764 οὕτως
2427 2699 2661 2771 ὲχὼλευε
2705 2697 2858 2769 παρὰ
2905 2700 3017 2759 τοῖς
3072 2691 3384 2766 Κορινθίοις
3421 2688 3493 2758 (οἱ
3531 2680 3708 2754 γὰρέξω

2207 2792 2363 2860 σοφοὶ
2399 2791 2577 2845 πάντα
2634 2790 2701 2844 ἂν
2752 2787 3138 2855 κατεδέξαντο,
3199 2785 3234 2856 ἢ
3291 2782 3387 2852 τὴν
3424 2773 3705 2840 ἀνάστασιν),

2207 2884 2336 2956 περὶ
2365 2883 2556 2938 τούτου
2593 2880 2923 2952 ἀγωνίζεται
2968 2880 3052 2933 [ια
3065 2878 3213 2941 ὓλος.
3244 2873 3522 2942 Σοφὼτατα
3543 2867 3588 2920 δὲ
3614 2867 3708 2918 ἀνα·

2211 2976 2514 3047 μιμνήσκει
2565 2973 2763 3036 αὐτοὺς
2810 2970 2918 3025 τῶν
2968 2971 3072 3042 ήδη
3132 2968 3316 3029 αὐτοῖς
3370 2957 3707 3017 πιστευθέντων.

2207 3072 2372 3127 Οὐδὲν
2427 3070 2536 3142 γὰρ
2568 3067 2739 3133 ξένον,
2794 3065 2957 3136 φησι,
3011 3063 3161 3132 λέγω
3213 3061 3375 3130 ὑμῖν⁸
3411 3054 3532 3110 ἀλλὰ
3557 3051 3604 3104 τὸ
3639 3047 3706 3116 ἤδη

2209 3163 2513 3237 γνωρισθὲν
2545 3163 2699 3233 ὑμῖν,
2729 3159 2982 3214 διαλαθδν
3007 3159 3085 3224 δὲ,
3135 3155 3294 3210 τοῦτο
3323 3147 3568 3222 γνωρίζω,
3598 3157 3708 3237 τουτο

2211 3231 2382 3320 ἐστιν,
2406 3231 2909 3326 ἐπαναμιμνῄσκω.
2953 3248 3246 3317 Ἀδελφοὺς
3277 3246 3333 3299 δὲ
3364 3241 3544 3302 αὐτοὺς
3567 3231 3708 3326 ὀνομά-

2211 3367 2332 3415 σας,
2365 3349 2485 3420 ἅμα
2515 3323 2615 3419 μὲν
2642 3323 3042 3417 κατεπράὒνεν,
3077 3341 3198 3412 ἅμα
3233 3339 3291 3392 δὲ
3318 3335 3606 3405 ἀνέμνησεν,
3625 3323 3706 3376 ὅθεν

2209 3419 2433 3512 ἀδελφοὶ
2476 3441 2804 3510 γεγόναμεν,
2854 3437 2951 3491 καὶ⁵
2977 3437 3058 3490 ὃτι
3105 3432 3216 3486 ἁτεὺ
3237 3431 3334 3500 τῆς
3363 3427 3594 3495 ὲνσάρκου
3615 3419 3706 3512 Χριτ

2211 3535 2339 3591 στοῦ
2392 3533 2699 3605 παρουσίας
2745 3530 2850 3602 ﬁ"
2888 3525 3193 3583 κινδυνεύει
3246 3517 3607 3590 ἀπιστηθῆναι·
3646 3506 3708 3562 καὶ

2209 3630 2292 3684 ὅτι
2317 3627 2427 3682 ἀπὸ
2457 3602 2554 3680 τοῦ
2587 3625 2988 3695 βαπτίσματος,
3014 3619 3043 3674 ὃ
3071 3618 3170 3689 τῆς
3205 3615 3382 3684 ταφῆς
3411 3610 3495 3665 καὶ
3519 3609 3598 3676 τῆς
3619 3602 3709 3695 mf

2212 3721 2457 3784 στάσεως
2487 3689 2818 3788 τοῦ-Κυρίου
2849 3705 3204 3774 tari-tunae.
3247 3707 3358 3762 Καὶ
3385 3697 3656 3788 Εὐαγγέλισν

2210 3812 2404 3876 εἰπὼν,
2437 3782 2546 3866 τῶν
2584 3782 2798 3881 μυρὶων
2833 3805 3056 3876 ἀγαθῶν
3086 3801 3416 3872 ἀνέμνησεν,
3443 3788 3508 3848 ὧν
3535 3782 3708 3881 ἀπελαθ-

2213 3921 2388 3976 σαμεν
2411 3903 2501 3960 διὰ
2527 3877 2627 3975 της
2655 3877 2924 3972 ἐνσάρκου
2956 3895 3268 3969 παρουσίας
3295 3891 3386 3946 καὶ
3419 3890 3509 3958 τῆς
3533 3877 3707 3940 ἀναστά-

2213 4015 2374 4063 σεως.

2289 4286 2310 4322 ι
2352 4271 2418 4324 ’Ὀ
2445 4268 2541 4321 καὶ
2575 4265 2935 4340 παρελάϐετε.
2973 4282 2991 4315 ι
3030 4261 3146 4315 Οὐκ
3185 4255 3364 4320 εἶπεν,
3401 4253 3460 4306 Ὃ
3489 4245 3706 4340 audacis:

2213 4361 2354 4427 ἀλλ’,
2402 4379 2423 4413 ι
2461 4362 2527 4414 Ὀ
2560 4329 2921 4431 παρελάϐετε.
2958 4374 2976 4407 ι
3009 4355 3083 4408 Οὐ
3114 4352 3263 4422 λόγῳ
3303 4348 3408 4419 γὰρ
3439 4343 3592 4415 μόνον.
3617 4329 3708 4431 an?

2214 4455 2308 4510 καὶ
2338 4421 2406 4509 δι’
2454 4421 2762 4524 ἔργων’καὶ
2793 4448 3092 4520 θαυμάτων
3132 4421 3267 4499 αὐτὸ
3306 4421 3710 4524 παρέλαϐονίκαὶ

2216 4547 2335 4619 ἅμα
2365 4545 2455 4601 ἵνα
2499 4543 2667 4614 πείσῃ
2703 4544 2900 4606 αὐτοὺς
2929 4541 3004 4604 ὡς
3043 4534 3503 4610 παρακαταθήκην
3525 4521 3708 4590 κατέχειν

2141 4655 2189 4713 ι)
2214 4644 2369 4701 αὑτό.

2290 4754 2308 4788 ι
2362 4735 2450 4788 Ἐν
2479 4725 2523 4802 ᾧ
2546 4734 2642 4788 καὶ
2671 4732 2963 4802 ἑστήκατε,
2995 4725 3064 4780 δι’
3089 4718 3151 4779 οὗ
3177 4723 3270 4778 καὶ
3299 4715 3539 4784 σώζεσθε.
3569 4729 3585 4762 ι
3613 4701 3709 4802 Kl!"

2209 4846 2295 4882 τοι
2334 4798 2764 4898 σαλευομένους,
2791 4798 2968 4892 ήὸμως
3019 4818 3242 4873 ἑστάναι
3290 4817 3346 4869 ὲν
3395 4810 3550 4877 τούτῳ
3576 4798 3708 4898 μησὶν.

2213 4919 2354 4974 ἑκὼν
2381 4914 2848 4990 προσποιούμενος
2867 4912 3101 4981 ἀγνοεῖν,
3128 4909 3226 4962 καὶ
3250 4892 3708 4990 προκαταλαμῦάίίων

2213 4979 2437 5075 αὐτούς’.
2461 5010 2549 5063 ἵνα
2583 4979 2738 5079 μηδὲ,
2773 5007 2822 5060 εἰ
2849 4979 3054 5075 σφήόδρα
3083 5001 3410 5073 βουληθεῖεν,
3441 4979 3707 5079 ἀρνήσαξθίι

2213 5073 2502 5161 δύνωνται.
2541 5073 2606 5155 Ti
2646 5073 2719 5155 ’δι
2748 5099 2810 5154 τδ
2841 5073 3032 5170 κέρδος
3066 5094 3160 5150 τοῦ
3191 5096 3248 5150 έν
3297 5087 3462 5157 τούτῳ
3489 5073 3706 5138 ἵστασθαιιὶ

2218 5199 2292 5252 Τὸ
2317 5195 2606 5260 σώζεσθαι.

2296 5306 2315 5338 ι
2351 5257 2470 5340 Τίνι
2513 5285 2660 5356 λόγῳ
2703 5279 3150 5351 εὐηγγελισάμην
3198 5277 3344 5346 ὑμῖν.
3383 5291 3402 5324 ι
3452 5257 3632 5321 Τοιοῦτό

2218 5381 2395 5449 λέγει,⁹
2430 5379 2564 5448 Περὶ
2589 5346 2693 5447 μὲν
2727 5346 2984 5431 ’ποθ-εἶναι
3006 5346 3322 5431 ἀνάστασιν,
3355 5361 3495 5418 οὐδὲν

2219 5439 2381 5541 Ott-IVS
2418 5439 2522 5523 καὶ.
2549 5439 2660 5540 γαρ
2689 5465 2814 5521 οὐδὲ
2841 5459 3286 5536 παρεσαλεύθητε
3313 5457 3367 5510 ὲν
3392 5449 3560 5541 τούτῳἼ
3587 5439 3707 5541 Tltng

2218 5525 2275 5618 δέ
2307 5525 2436 5626 ἴσως
2463 5525 2642 5617 δεῖὲοὲ
2665 5559 2891 5633 μαθεῖν,
2915 5525 3023 5613 τίνι
3061 5525 3246 5628 τρόπω
3267 5545 3494 5623 γίνεσθαι
3518 5538 3600 5608 τὴν
3617 5525 3706 5585 ἀνά·

3635 5266 3707 5308 uti

1869 5720 2071 5784 Variae
2107 5718 2441 5786 lectiones.

605 5853 659 5893 ﬂ
688 5848 977 5926 ἑρμηνέως
1008 5864 1063 5907 o.
1139 5849 1185 5882 ⁸³
1207 5851 1274 5921 ἠν
1307 5863 1359 5905 0.
