3806 6574
90 440 178 504 753
806 423 1210 486 EXPOSITIO
1251 425 1334 486 i'N
1374 423 1610 484 EPIST.
1646 423 1675 483 I
1713 424 1814 485 an
1845 421 2010 485 con.
2045 445 2112 462 —-
2135 423 2292 486 CAP.
2327 418 2450 486 xv.
3179 418 3314 484 τα

90 556 248 602 στασιν
276 530 702 607 εὐηγγελισάμην
753 530 881 601 ὑμῖν
902 547 915 560 ·
954 530 1111 585 τοῦτο
1140 531 1196 584 δὲ
1227 531 1321 585 καὶ
1355 531 1593 604 γνωρίζει

1790 528 2127 599 cognitione
2168 543 2304 598 opus
2335 527 2576 590 habetis.
2620 538 2856 608 quaan
2889 504 3101 583 ratione
3141 528 3293 583 lutu-

87 637 212 708 ὑμῖνν
237 628 357 702 περὶ
377 625 472 680 τοῦ
501 624 612 689 πῶς
640 623 840 697 δηλαδὴ
869 623 1082 694 γίνεται
1109 624 1142 695 ἡ
1174 624 1502 688 ἀνάστασις.

1784 640 1827 678 m
1873 622 2329 678 resurrectionem
2387 622 2546 678 vobis
2597 620 3008 692 praedicaverim
3057 637 3074 676 :
3125 629 3287 691 atque

1710 718 1814 772 hoc
1847 716 2000 771 vobis
2030 723 2216 770 notum
2249 715 2411 780 facio,
2446 713 2716 785 quomodo
2738 712 2987 771 videlicet
3010 710 3191 770 futura
3216 713 3306 768 sit'

1711 810 2068 866 resurrectio.

143 895 244 950 tEi
286 891 562 960 κατέχετε,
605 887 764 951 me;
811 889 858 942 εί
893 887 968 959 μὴ
1003 889 1125 960 είκῆ
1163 891 1547 948 ἐπιστεύσατε.
1583 910 1606 946 ι

1789 919 1809 953 ι
1868 901 1927 956 Si
1974 903 2212 966 tenetis,
2265 900 2369 955 nisi
2428 898 2633 956 frustra
2687 899 3018 955 credidistis.
3073 916 3094 950 ι
3150 897 3285 964 Quia

85 987 268 1056 Ἐπειδὴ
294 979 464 1048 εἶπεν,
500 983 582 1035 ὅτι
639 1000 658 1033 ι
708 980 1032 1052 Ἐστήκατε,
1074 999 1092 1035 t
1120 983 1218 1036 ’ἱνα
1253 984 1329 1053 μὴ
1365 983 1588 1056 ῥᾳθυμο

1784 1001 1950 1059 terat,
1986 1011 2007 1044 ι
2047 991 2237 1058 Statis,
2277 1010 2297 1045 ι
2334 1005 2402 1046 ne
2435 991 2716 1062 segniores
2738 1006 2833 1047 eos
2863 989 3046 1056 faciat,
3077 989 3287 1062 adjicit,

83 1085 236 1152 τέρους
263 1075 452 1139 αὐτοὺς
481 1073 704 1146 ποιήσῃ,
734 1073 926 1144 φησίν·
964 1093 983 1127 ι
1014 1075 1076 1128 Εί
1107 1077 1388 1146 κατέχετε.
1413 1095 1433 1129 ι
1469 1078 1586 1131 Κατ

1786 1083 1832 1138 5i
1859 1083 2080 1138 tenetis.
2119 1101 2139 1136 ι
2173 1081 2397 1138 Tenetis
2425 1094 2604 1138 autem
2629 1082 2872 1146 omnino,
2904 1102 2923 1134 ι
2954 1082 3060 1139 nisi
3085 1089 3289 1136 temere

81 1177 201 1244 ἑχετε
222 1172 273 1224 δὲ
305 1169 539 1233 πάντως,
567 1185 586 1220 ι
617 1166 771 1230 ἐκτὸς
813 1169 858 1220 εί
903 1166 978 1237 μὴ
1023 1167 1145 1238 είκῆ
1170 1168 1526 1222 ἐπιστεύσατε
1549 1210 1564 1224 .

1784 1175 2056 1239 edidistis,
2099 1192 2119 1226 ι
2160 1189 2260 1243 pro
2285 1189 2352 1230 eo
2392 1175 2559 1246 216
2587 1174 2730 1245 quod
2771 1183 2896 1238 est,
2947 1173 3051 1228 nisi
3087 1172 3287 1228 frustra

81 1267 176 1320 ἀντὶ
214 1261 327 1326 τοῦ,
361 1261 423 1314 Εἰ
457 1259 532 1331 μὴ
575 1260 684 1331 ἄρα
710 1260 888 1329 μάτην
910 1258 1241 1330 δνομάζεσθε
1268 1261 1584 1332 Χριστιανοὶ

1790 1267 2070 1322 minamini
2109 1265 2432 1322 Christiani.
2467 1266 2873 1322 Christianismi
2906 1281 3138 1336 namque
3166 1265 3289 1320 uni-

82 1360 137 1411 Τὸ
155 1356 247 1426 γάρ
280 1355 385 1408 πᾶν
425 1351 520 1405 τοῦ
549 1352 977 1423 Χριστιανισμοῢ
1025 1353 1086 1404 ἑν
1143 1351 1223 1422 τῷ
1247 1351 1350 1422 τῆς
1372 1353 1584 1408 eum

1782 1376 1928 1419 rsum
1985 1360 2265 1432 negotium
2324 1361 2379 1418 in
2435 1345 2857 1420 resurrectionis
2908 1361 3161 1433 dogmate
3209 1361 3285 1417 si-

83 1469 187 1512 σεως
212 1449 375 1501 κεῖται
403 1446 658 1514 δόγματι.
1715 1465 1826 1510 tum
1859 1464 1966 1510 est.

139 1565 153 1596 ι
184 1542 466 1612 Παρέδωκα
503 1541 614 1611 γὰρ
639 1541 768 1611 ὑμῖν
797 1543 855 1594 ὲν
879 1539 1138 1611 πρώτοις,
1181 1539 1210 1594 δ
1249 1539 1346 1594 καὶ
1371 1541 1614 1610 παρέλα-

1784 1544 1950 1603 Vens.
1992 1548 2050 1604 3.
2101 1566 2122 1602 ι
2162 1547 2383 1604 Tradidi
2426 1545 2569 1602 enim
2609 1546 2763 1601 vobis
2795 1545 2848 1599 in
2885 1543 3111 1616 primis,
3145 1543 3286 1612 quod

81 1640 168 1691 δον.
203 1656 218 1688 ι
258 1635 342 1698 Ὠς
378 1635 520 1705 μέγα
544 1633 604 1687 ὃν
648 1633 710 1687 τὸ
742 1633 868 1701 περὶ
899 1633 997 1704 τῆς
1031 1633 1380 1698 ἀναστάσεως
1411 1633 1584 1705 δόγμα

1793 1639 2004 1711 accepi.
2053 1657 2074 1693 ι
2123 1638 2403 1710 Tanquam
2440 1639 2630 1708 ingens
2668 1637 2740 1692 sit
2785 1636 2851 1691 de
2893 1632 3287 1690 resurrectione

85 1733 156 1784 «ἐν
182 1727 398 1798 πρὺτοις
449 1726 583 1780 αὐτὸ
634 1725 960 1797 παρέδωκαο
985 1743 1004 1778 ι
1036 1725 1196 1778 οἱονεὶ
1226 1724 1335 1796 γὰρ
1363 1725 1588 1796 θεμέλιά

1788 1748 1944 1802 gma,
1983 1751 2005 1786 ι
2045 1732 2266 1789 Tradidi
2314 1731 2447 1788 illud
2504 1731 2661 1788 vobis
2713 1731 2766 1784 in
2812 1728 3021 1798 primis.
3073 1745 3090 1778 ι
3131 1723 3291 1782 Velut

82 1825 170 1874 ἐστι
197 1819 360 1885 πάσης
388 1818 491 1887 τῆς
531 1818 784 1879 πίστεως.
823 1815 1136 1885 Παρέλαϐον
1165 1816 1222 1870 δὲ
1252 1817 1384 1870 αὐτὸ
1432 1819 1585 1887 κάγὼ

1785 1821 1858 1878 im
1890 1823 2302 1879 fundamentum
2339 1833 2421 1878 est
2456 1821 2722 1875 universa:
2773 1819 2918 1872 fidei.
2966 1837 2984 1870 ι
3024 1817 3225 1887 Accepi
3265 1833 3285 1868 ι

81 1915 162 1968 ἀπὸ
186 1911 404 1982 Χριστοῦ
435 1910 663 1982 δηλαδή.
701 1909 914 1980 Ὥσπερ
944 1903 1036 1964 οῦν
1069 1908 1182 1977 ἐγὼ
1207 1909 1424 1981 κατέχω
1454 1912 1584 1964 αὐτὸ

1791 1923 1892 1968 lem
1923 1922 1978 1968 et
2005 1929 2105 1984 ego
2141 1915 2314 1984 ipsum
2335 1955 2348 1976 ,
2382 1929 2410 1966 a
2453 1911 2674 1966 Christo
2707 1906 2986 1962 nimirum.
3019 1906 3294 1972 Quemad-

80 2002 188 2054 οὕτω
210 2001 292 2053 καὶ
317 1991 488 2069 ὑμεῖς’
527 1997 774 2067 ὀφείλετε
819 1998 1076 2068 κατέχειν
1094 2013 1110 2029 ο
1136 1999 1232 2052 καὶ
1263 1999 1340 2063 ὡς
1371 2001 1428 2053 ἐν
1456 2001 1578 2072 πρῶ

1784 2005 1931 2060 idum
1957 2006 2124 2076 igitur
2148 2020 2248 2074 ego
2272 2004 2502 2069 retineo,
2528 2001 2735 2056 debetis
2758 2010 2813 2054 et
2836 2013 2934 2053 vos
2961 1997 3087 2052 illud
3115 1999 3287 2067 ipsum

79 2111 165 2156 τοις
190 2090 598 2163 παρειληφότες,
622 2088 718 2143 νῦν
742 2088 804 2142 οὐ
827 2088 1027 2144 δικαιοί
1060 2089 1186 2143 ἐστε
1219 2091 1582 2162 άμφιόάλλειν

1789 2096 1970 2150 ,inere.
2022 2092 2088 2150 Et
2133 2095 2274 2149 sicut
2324 2095 2376 2148 in
2430 2092 2628 2164 primis
2679 2089 3005 2160 accepistis,
3053 2103 3160 2142 non
3207 2097 3292 2142 est

81 2186 158 2236 κᾶν
183 2185 258 2236 διὰ
288 2183 374 2236 τὸν
406 2182 622 2254 χρόνον.

1708 2197 1924 2255 aequum
1955 2193 2016 2238 ut
2036 2181 2148 2252 iam
2181 2183 2470 2248 dubitetis,
2499 2180 2690 2236 saltem
2719 2179 2792 2236 ob
2826 2189 3059 2248 tempus.

137 2296 151 2328 ι
190 2277 299 2330 Ὅτι
358 2274 602 2343 Χριστὸς
652 2271 924 2328 ἀπέθανεν
973 2270 1116 2341 ὑπὲρ
1170 2271 1280 2323 τῶν
1324 2271 1612 2344 ἁμαρτιῶν

1787 2295 1806 2326 ι
1836 2274 1991 2342 Quod
2012 2274 2270 2331 Christus
2303 2283 2551 2329 mortuus
2575 2273 2647 2328 sit
2670 2286 2770 2342 pro
2799 2271 3034 2343 peccatis
3067 2270 3287 2332 nostris,

81 2369 224 2435 ἧμιτιν,
275 2367 407 2420 κατὰ
440 2365 544 2427 τὰς
599 2363 842 2435 Γραφάς.
883 2380 903 2414 ι
958 2361 1250 2432 Προδήλως
1280 2363 1375 2416 ταῦ
1426 2365 1486 2416 ὲν
1529 2364 1584 2434 τᾷ

1786 2369 2006 2424 :undum
2054 2367 2383 2438 Scripturas.
2418 2387 2440 2421 ι
2469 2366 2672 2423 Christi
2715 2365 3000 2436 perspicue
3031 2363 3082 2418 in
3123 2362 3289 2418 Pau.o

80 2459 240 2530 Παύλῳ
292 2457 587 2520 λαλοῦντος
649 2453 894 2527 Χριστοῦ
953 2455 1178 2526 ῥήματά
1238 2457 1356 2508 ἔστι
1419 2455 1583 2510 ταῦτα

1784 2461 1990 2532 quentis
2046 2460 2170 2516 haec
2217 2462 2378 2516 verba
2429 2469 2576 2516 sunt.
2631 2458 2767 2526 Quia
2819 2458 2964 2513 enim
3013 2455 3287 2510 Manichaei

93 2549 270 2618 Ἐπειδὴ
293 2547 399 2619 γὰρ
427 2549 476 2601 oi
499 2547 797 2616 Μανιχαϊοι
825 2545 1048 2616 ἔμελλον
1075 2546 1281 2614 λέγειν,
1310 2546 1392 2600 ὃτι
1412 2547 1441 2600 ὁ
1463 2545 1596 2600 Παῦ-

1782 2553 1911 2608 :turi
1947 2560 2128 2616 erant,
2171 2553 2312 2622 quod
2345 2552 2545 2608 Paulus
2583 2561 2814 2606 mortem
2847 2555 3068 2620 peccata
3107 2555 3285 2612 vocet,

77 2641 144 2704 io;
166 2641 373 2695 θάνατον
415 2639 574 2708 λέγει
600 2637 700 2702 τὰς
732 2637 1028 2708 ἁμαρτίας,
1059 2637 1154 2690 καὶ
1182 2636 1482 2692 ἀνάστασιν
1508 2635 1580 2709 τὴ

1797 2645 1866 2696 ab
1909 2642 1996 2697 his
2033 2642 2450 2707 liberationem,
2497 2641 2991 2706 resurrectionem,
3031 2654 3127 2708 per
3177 2638 3291 2692 hac

77 2731 241 2784 τούτων
261 2729 606 2800 ἀπαλλαγὴν,
632 2728 741 2784 ἀπὸ
762 2727 968 2782 τούτων
988 2727 1097 2780 τῶν
1123 2729 1382 2800 ῥημάτων
1410 2729 1574 2782 αὑτοῦ

1790 2733 1874 2786 rba
1921 2746 2015 2788 eos
2057 2735 2385 2804 redarguere
2439 2731 2660 2802 placuit.
2717 2729 2962 2786 Mortuus
3013 2731 3156 2784 enim
3207 2738 3293 2784 est

77 2820 342 2892 ἐλέγχεσθαι
391 2821 709 2893 εὐδόκησεν.
778 2820 1040 2873 Ἀπέθανε
1087 2819 1196 2891 γάρ
1242 2822 1271 2875 δ
1329 2821 1564 2892 Χριστός

1790 2824 1964 2879 ristus
2001 2841 2017 2879 :
2049 2840 2154 2896 qua
2191 2825 2405 2880 morte?
2425 2825 2647 2878 omnino
2673 2837 2939 2895 corporea
2960 2865 2975 2890 ,
3006 2822 3293 2890 haudqua-

79 2917 197 2967 ποῖον
223 2915 480 2981 θάνατον;
538 2911 854 2984 σωματικὸν
884 2911 1134 2975 πάντως·
1169 2911 1231 2965 ού
1282 2911 1392 2982 γὰρ
1424 2911 1488 2983 δὴ
1518 2912 1582 2965 τοι

1791 2932 1874 2972 am
1906 2917 2117 2986 peccati
2163 2935 2178 2973 :
2236 2935 2256 2969 ι
2305 2915 2590 2973 Peccatum
2633 2916 2777 2970 enim
2824 2929 2930 2970 non
2962 2913 3110 2970 fecit.
3167 2929 3189 2964 ι
3225 2915 3294 2965 At

78 3008 119 3056 ὲν
144 3005 435 3076 ἁμαρτίαιςο
469 3023 490 3056 ι
543 3003 844 3078 Ἀμαρτὶαν
869 3003 978 3073 γὰρ
1005 3003 1105 3056 οὐκ
1151 3003 1426 3074 ἐποίησεν.
1465 3023 1484 3056 ι
1544 3004 1581 3059 Ε

1788 3023 1838 3063 ro
1879 3009 1928 3065 si
1963 3008 2097 3064 adeo
2132 3008 2466 3079 impudentes
2523 3009 2649 3074 sint,
2672 3017 2731 3062 ut
2765 3007 2995 3070 audeant
3023 3005 3291 3060 aliirmare

76 3097 116 3149 Et
135 3097 644 3168 καὶάναισχυντοῐεν,
665 3097 939 3166 λέγοντες,
966 3097 1049 3150 ὅτι
1080 3095 1188 3152 Τδν
1224 3097 1282 3150 ἐν
1312 3097 1575 3170 ἁμαρτίαι

1789 3116 1886 3156 .um
1914 3099 2078 3156 etiam
2126 3110 2352 3155 mortem
2393 3115 2510 3170 quae
2555 3100 2609 3156 in
2646 3100 2884 3171 peccatis
2919 3107 3039 3158 est.
3070 3097 3292 3159 obiisse,

76 3189 260 3243 θάνατον
291 3189 537 3244 ἀπέθανε
565 3191 659 3241 καὶ
693 3187 854 3252 αὑτός
873 3205 887 3220 ·
916 3187 1034 3252 πῶς
1056 3205 1242 3258 φησιν,
1264 3189 1345 3242 ὅτι
1381 3208 1400 3242 ι
1436 3191 1579 3262 ’Υιτὲ1

1791 3193 2001 3259 nmodo,
2051 3191 2183 3248 dicit
2213 3209 2232 3244 ι
2273 3191 2376 3246 Pro
2435 3192 2669 3260 peccatis
2726 3189 2928 3244 nostris
2990 3209 3009 3243 ι
3053 3197 3294 3244 mortuus

76 3282 157 3334 τῶν
183 3282 450 3354 ἁμαρτιῶν
483 3279 684 3351 ήμῶν;
723 3281 830 3355 »ΕΙ
862 3280 972 3352 γὰρ
1004 3281 1099 3334 καὶ
1128 3281 1290 3346 αὐτὸς
1340 3283 1579 3355 ἁμαρτω

1816 3283 1840 3338 ?
1878 3282 1934 3338 Si
1969 3283 2111 3338 enim
2139 3291 2194 3336 et
2237 3281 2354 3352 ipse
2392 3289 2644 3352 peccator
2681 3289 2853 3347 esset,
2875 3281 3165 3352 ,quomodo
3195 3295 3293 3350 pro

75 3373 142 3436 λὶς
166 3371 240 3447 ἦν,
287 3376 400 3439 πῶς
435 3375 584 3446 ὑπὲρ
613 3374 722 3428 τῶν
753 3373 1042 3444 ἡμετέρων
1071 3375 1362 3446 ἁμαρτιῶν
1397 3375 1578 3430 ἀπέθαη

1784 3375 1940 3430 :catis
1994 3374 2196 3428 nostris
2251 3381 2495 3429 mortuus
2525 3381 2603 3428 est
2643 3373 2965 3428 ?Praeterea
3007 3387 3129 3428 cum
3190 3373 3287 3434 ait.

75 3483 169 3529 νενς
192 3468 341 3521 ’Δλλὰ
357 3470 453 3522 καὶ
476 3467 587 3538 τῷ,
615 3485 635 3520 ι
666 3467 822 3520 Κατὰ
848 3468 946 3530 τὰς
973 3469 1215 3538 Γραφὰς,
1241 3489 1260 3522 ι
1291 3471 1486 3532 εἰπεῖν,
1517 3470 1578 3522 ὲν

1788 3466 2062 3520 ›εειιῐιι1ιιιῐι
2100 3465 2465 3535 δαήμονες.»
2503 3465 2637 3520 istos
2659 3464 3106 3520 manifestissime
3137 3478 3291 3519 ever-

72 3558 226 3625 τρέπει
253 3560 569 3628 σαφέστατα
594 3559 838 3622 τούτους.
863 3559 1144 3629 Πανταχοῦ
1167 3561 1277 3632 γάρ
1303 3563 1360 3614 ai.
1391 3561 1575 3632 Γραφα

1788 3604 1791 3615 .
1827 3559 2104 3615 Universae
2159 3573 2398 3630 namque
2429 3555 2723 3626 Scriptura:
2775 3557 2842 3612 de
2889 3568 3151 3626 corporea
3193 3555 3291 3610 hac

74 3650 225 3704 τοῦτον
256 3653 342 3706 τὸν
363 3655 687 3723 σωματικὸν
714 3653 944 3708 θάνατον
967 3653 1045 3723 τῷ
1065 3653 1286 3724 Χριστῷ
1316 3671 1574 3725 προσμαρ

1792 3650 1906 3705 risti
1955 3657 2128 3704 morte
2167 3648 2527 3704 testimonium
2558 3646 2764 3711 dicunt,
2793 3654 2889 3701 ut'
2917 3662 2932 3702 :
2969 3663 2988 3699 ι
3021 3644 3295 3700 Foderunt

73 3742 302 3812 τυροῦσιν.
336 3763 355 3796 t
394 3745 642 3816 Ὠρυξαν
673 3765 690 3796 ι
724 3746 852 3817 γὰρ,
888 3747 1043 3817 φησι,
1085 3763 1105 3797 σ
1135 3745 1322 3818 χεῖράς
1349 3763 1471 3816 μου,
1511 3765 1576 3802 κα

1784 3741 1870 3804 im,
1900 3739 2096 3809 inquit,
2131 3755 2322 3794 manus
2352 3752 2537 3803 meas,
2571 3746 2628 3793 et
2659 3738 2826 3808 pedes
2857 3751 3008 3793 meos
3042 3754 3056 3792 :
3092 3755 3111 3790 ι
3149 3745 3201 3792 ει
3225 3736 3287 3798 δ,

74 3835 206 3899 πόδας
235 3855 328 3906 μου
349 3855 364 3870 ’
404 3858 424 3891 ι
459 3838 585 3903 καὶ,
621 3855 640 3889 ι
681 3839 940 3908 Ὄψονται
963 3840 1038 3901 είς
1068 3837 1128 3890 δν
1152 3837 1545 3910 ἐξεκέντησαν

1790 3830 2034 3886 lidebunt
2070 3831 2127 3885 in
2165 3845 2324 3902 quem
2360 3839 2700 3902 pupugerunt
2731 3846 2746 3883 :
2782 3847 2805 3882 ›
2837 3839 2892 3884 ει
2930 3839 2954 3868 ο
2978 3869 2994 3894 ,
3028 3846 3046 3880 ι
3089 3828 3293 3883 Vulne-

75 3928 163 3990 καὶ,
197 3947 213 3980 ι
265 3929 711 4002 Ἑτραυματίσθη
760 3931 849 3984 διὰ
893 3930 993 3994 τὰς
1036 3931 1313 4001 ἁμαρτίας
1350 3929 1538 4001 ἡμῶν·
1577 3976 1578 3981 η

1793 3936 1855 3974 us
1898 3928 1983 3976 est
2028 3929 2249 3992 propter
2277 3919 2597 3990 iniquitates
2645 3927 2860 3972 nostras
2893 3935 2908 3972 :
2949 3937 2968 3972 ι
3005 3929 3080 3985 ει,
3131 3936 3150 3970 ι
3189 3917 3294 3972 Pro

75 4019 166 4086 καὶ,
199 4038 214 4072 ι
261 4021 426 4093 ’Υπὲρ
454 4021 576 4075 τῶν
603 4020 886 4093 ἁμαρτιῶν
923 4019 1019 4074 τοῦ
1043 4019 1178 4075 λαοῦ
1223 4038 1324 4092 μου
1359 4021 1483 4093 ἥκει
1523 4022 1578 4075 εί

1413 4037 1483 4074 ιει
1523 4022 1604 4086 είς
1704 4013 1942 4084 peccatis
1973 4013 2156 4084 populi
2191 4013 2299 4069 mei
2329 4011 2475 4067 venit
2511 4009 2565 4066 in
2601 4019 2850 4066 mortem.
2897 4027 2916 4061 ι

76 4105 278 4166 θάνατον.
319 4128 339 4162 ι

133 4219 148 4250 ι
180 4202 278 4255 Καὶ
305 4204 384 4256 ὅτι
432 4202 641 4273 ἐτάφη.
683 4221 702 4254 ι
753 4201 963 4256 Οὐκοῦν
999 4203 1096 4257 καὶ
1145 4203 1308 4276 σῶμα
1362 4200 1509 4276 εἶχεο
1544 4205 1608 4258 τὸ

1791 4195 1952 4253 Vens.
1990 4199 2045 4253 4.
2083 4215 2104 4250 ι
2140 4196 2210 4252 Et
2245 4197 2388 4266 quod
2431 4196 2676 4266 sepultus
2704 4195 2795 4252 sit.
2835 4213 2854 4248 ι
2889 4194 3059 4266 igitur
3094 4207 3294 4264 corpus

79 4289 160 4357 γὰρ
204 4291 560 4363 θαπτόμενον,
617 4294 779 4365 σῶμά
830 4296 1002 4349 ἐστιν.
1055 4296 1129 4349 Οὐ
1179 4297 1488 4367 προσέθηκε
1525 4296 1582 4350 δὲ

1789 4305 1876 4343 am
1924 4289 2116 4345 habuit
2167 4305 2184 4345 :
2235 4288 2382 4359 quod
2429 4287 2574 4344 enim
2623 4287 2902 4358 sepelitur,
2951 4301 3144 4356 corpus
3187 4296 3291 4340 est.

85 4398 98 4428 ι
131 4382 264 4437 Κατὰ
297 4385 392 4449 τὰς
424 4385 676 4457 Γραφὰς,
715 4404 732 4437 ι
766 4385 799 4456 ἢ
829 4387 912 4440 ὅτι
940 4387 1096 4458 δῆλος
1123 4383 1189 4460 ἢν
1231 4388 1260 4440 δ
1300 4388 1468 4458 τάφος
1501 4389 1588 4444 πᾶ-

1791 4395 1834 4434 in
1860 4381 2111 4451 apposuit
2146 4389 2349 4446 autem,
2383 4398 2402 4432 ι
2439 4378 2752 4444 Secundum
2787 4377 3120 4448 Scripturas,
3156 4397 3174 4431 ι
3210 4379 3294 4434 vel

81 4471 222 4540 σινοῆ
250 4473 327 4527 ὅτι
365 4476 507 4529 κατὰ
535 4475 716 4529 κοινοῦ
749 4478 926 4530 κεῖται
961 4476 1042 4544 τὸ,
1081 4495 1100 4529 ι
1137 4478 1298 4534 Κατὰ
1328 4480 1427 4544 τὰς
1467 4479 1583 4550 Γρα

1797 4473 1847 4526 ia
1875 4472 2124 4528 omnibus
2157 4471 2431 4544 sepultura
2458 4471 2659 4527 Christi
2691 4480 2992 4536 constaret,
3027 4472 3111 4526 vel
3149 4471 3292 4542 quod

81 4560 178 4626 φάς.
212 4588 230 4616 ι
1643 4574 1690 4630 ι)
1725 4583 1744 4618 ι
1783 4564 2093 4621 Secundum
2121 4565 2432 4634 Scripturas
2452 4602 2470 4632 ,
2505 4581 2526 4620 ι
2571 4563 2932 4620 communiter
2963 4564 3030 4619 de
3059 4572 3293 4635 utroque

1713 4655 1945 4726 positum
1982 4664 2087 4712 est.

136 4757 152 4789 ι
189 4741 288 4796 Καὶ
327 4745 408 4798 ὅτι
459 4746 759 4816 ἐγήγερται
804 4747 871 4818 τῇ
899 4745 1058 4820 τρίτῃ
1096 4747 1306 4819 ἡμέρᾳ,
1346 4747 1491 4803 κατὰ
1518 4749 1618 4812 τὰς

1789 4765 1809 4800 ι
1877 4749 1945 4804 Et-
1992 4749 2134 4820 quod
2190 4748 2553 4805 resurrexerit
2599 4749 2761 4806 tertio
2815 4749 2936 4816 die,
2993 4749 3287 4804 secundum

78 4827 280 4900 Γραφάς.
322 4855 342 4890 ν
399 4838 514 4891 Καὶ
568 4837 671 4891 ποῦ
727 4839 786 4893 αἱ
831 4839 1046 4910 Γραφαί
1099 4857 1302 4910 φασιν,
1355 4843 1439 4896 ὅτι
1482 4843 1581 4895 tT“

1789 4839 2045 4910 ripturas.
2078 4858 2098 4892 ι
2129 4841 2199 4894 Δι
2227 4840 2317 4894 ubi
2347 4841 2644 4910 Scriptum
2681 4841 2980 4910 loquuntur
3004 4839 3146 4911 quod
3182 4849 3289 4894 ter-

74 4923 207 4995 τρίτῃ
229 4927 407 5000 ἡμέρᾳ
436 4931 772 5001 ἐγήγερται;
809 4949 828 4984 ι
857 4931 956 4985 Διὰ
985 4930 1080 4986 τοῦ
1133 4931 1276 4987 κατὰ
1303 4931 1394 4988 τὸν
1430 4934 1577 4988 Ἰωνᾶ

1778 4951 1786 4986 ι
1817 4933 1907 4988 die
1947 4932 2295 4988 resurrexit?
2328 4931 2432 4986 Per
2454 4930 2606 4988 Jonae
2643 4935 2915 5004 prophetae
2950 4933 3174 5002 ligurem
3207 4930 3236 4971 ἀ
3267 4951 3281 4987 :

74 5012 221 5068 τύπου
240 5033 253 5047 ο
285 5019 378 5071 καὶ
405 5020 512 5090 πρὸ
536 5021 749 5086 τούτου,
782 5021 876 5074 τοῦ
909 5021 1054 5075 κατὰ
1082 5021 1172 5077 τὸν
1198 5022 1386 5078 Ἰσαὰκ
1415 5024 1474 5078 ὲν
1495 5041 1577 5096 τρι

1810 5033 1938 5080 ante
1987 5026 2150 5092 hunc,
2196 5039 2263 5080 ex
2306 5040 2372 5080 eo
2413 5025 2557 5096 quod
2613 5023 2763 5080 lsaac
2795 5026 2953 5080 tertio
2993 5025 3079 5080 die
3122 5023 3285 5076 matri

77 5102 144 5155 civ
171 5107 392 5180 ἡμέραις
416 5109 793 5175 ἀποσωθέντος
816 5110 958 5184 [καὶ]
984 5111 1186 5177 ζῶντος
1212 5115 1280 5184 τῇ
1302 5114 1490 5184 μητρὶ,
1515 5132 1580 5168 κα

1782 5131 1864 5172 vus
1893 5118 1963 5171 sit
2007 5127 2400 5182 conservatus,
2453 5127 2508 5172 et
2562 5108 2668 5172 non
2711 5127 2981 5173 mactatus
3025 5126 3126 5172 :et
3167 5115 3285 5170 aliis

79 5194 138 5259 μὴ
157 5201 462 5268 σφαγέντος,
485 5204 581 5256 καὶ
599 5204 808 5274 μυρίων
825 5203 999 5258 ἄλλων
1022 5203 1207 5258 τύπων
1224 5222 1237 5234 ·
1259 5206 1355 5258 καὶ
1377 5206 1484 5258 ἀπὸ
1513 5209 1580 5277 ρη

1785 5208 2006 5264 numeris
2037 5208 2240 5277 ﬁguris.
2260 5207 2394 5262 Tum
2425 5223 2454 5262 a
2480 5208 2658 5264 verbis
2685 5209 2836 5264 Isaiae
2866 5220 2890 5249 ο
2926 5226 2939 5262 :
2968 5227 2989 5262 ι
3025 5208 3284 5264 Dominus

80 5284 238 5348 μάτων
278 5290 369 5343 τοῦ
418 5293 518 5361 μὲν
560 5293 812 5358 Ἡσαΐου,
855 5311 878 5348 ε
917 5293 1122 5365 Κύριος
1158 5293 1404 5365 βούλεται
1440 5295 1583 5352 καθα

1775 5299 1826 5354 ιιι
1853 5315 2086 5370 purgare
2119 5315 2243 5356 eum
2269 5315 2298 5353 a
2334 5299 2520 5371 plaga,
2545 5311 2602 5356 ut
2637 5310 2897 5356 monstret
2923 5301 2971 5356 ei
3008 5301 3219 5368 lumen;
3259 5320 3278 5352 ι

80 5377 203 5444 pint
250 5385 407 5438 αὐτὸν
451 5388 562 5441 ἀπὸ
609 5389 710 5456 τῆς
751 5389 989 5460 πληγῆς,
1016 5389 1188 5455 δεῖξαι
1213 5389 1361 5460 αὺτῷ
1395 5391 1511 5458 φῶς
1533 5407 1548 5420 ⁸

1780 5398 1894 5446 stea
1929 5392 2145 5448 Davidis
2182 5391 2197 5432 ί
2235 5409 2288 5446 :t
2321 5391 2442 5448 Non
2468 5394 2808 5463 derelinques
2835 5393 3070 5448 animam
3108 5407 3281 5448 meam

75 5466 152 5520 τοῦ
180 5471 229 5523 δὲ
255 5473 434 5540 Δαυῖδ,
474 5495 492 5527 ι
533 5478 648 5532 Οὐκ
689 5478 1102 5548 ἐγκαταλείψεις
1131 5479 1228 5549 τὴν
1278 5479 1458 5550 ψυχήν
1506 5496 1609 5550 μου
1705 5480 1764 5539 in
1793 5481 2024 5538 inierno.
2064 5503 2088 5536 ι

77 5557 140 5620 EE;
161 5560 300 5632 ᾅδηνε
339 5582 358 5616 ³

142 5651 286 5706 «Καὶ
326 5656 409 5710 ὃτι
455 5657 610 5731 ὤφθη
656 5662 844 5734 Κηφᾷ.
883 5680 903 5714 ι
951 5661 1041 5715 Ἐν
1077 5659 1314 5731 πρώτοις
1350 5660 1444 5713 τὸν
1471 5660 1615 5728 ἀξιο-

1783 5662 1942 5719 Vens.
1989 5664 2043 5720 5.
2082 5683 2102 5716 ι
2141 5664 2208 5720 Et
2229 5667 2371 5736 quod
2399 5667 2547 5724 visus
2577 5669 2646 5724 sit
2681 5668 2894 5737 Ceplize.
2936 5686 2955 5721 ι
2994 5668 3050 5723 lu
3083 5667 3275 5742 primis

136 5843 158 5873 ⁸
198 5832 328 5896 Psal.
359 5859 471 5908 xxi,
508 5847 588 5899 l7.
671 5847 693 5883 δ
723 5846 886 5902 Zach.
914 5847 1114 5911 “1,10.
1197 5860 1215 5885 ε
1245 5849 1351 5904 lsu.
1394 5807 1655 5921 un,5,6.
1733 5852 1756 5890 ἀ
1787 5853 1939 5908 Joan.
1971 5869 2032 5922 tl,
2067 5851 2156 5906 2‘2.
2241 5861 2262 5890 ε
2302 5848 2621 5920 lsa.ltlt,10.
2705 5852 2892 5910 fPsal.
2925 5869 3011 5922 xv,
3050 5852 3132 5907 l0.
