3806 6588
190 381 308 464 761'

969 405 1383 472 EXPOSITIO
1426 411 1509 474 ΙΝ
1542 412 1786 474 EPIST.
1825 413 1854 472 Ι
1885 413 1986 474 ΑΒ
2027 413 2197 475 COR.
2237 440 2305 449 —
2334 416 2494 479 CAP.
2536 416 2655 477 XV.

3339 415 3448 483 762

190 513 278 574 εἰς
301 509 506 582 ταύτην
525 511 693 582 μόνην
720 515 1126 586 περιιστάμεθα
1148 519 1198 570 οῖ
1233 520 1290 574 ἐν
1311 519 1594 592 Χριστῷ⁸ν
1621 521 1780 592 ήλπι-

1945 531 2093 577 ntum
2125 524 2442 587 extendunt,
2477 532 2642 592 atque
2663 521 2718 578 in
2746 521 2884 578 hanc
2906 523 3078 579 solem
3105 523 3474 587 incumhimus

187 605 376 670 κότε-ς,
406 605 705 671 τουτέστιν,
725 608 773 664 οἱ
801 607 901 671 τὰς
931 608 1154 672 ἐλπίδας
1177 612 1256 675 si;
1286 613 1519 684 Χριστὸν
1541 613 1777 686 ἔχοντες,

187 698 291 751 καὶ
346 699 445 751 οὐκ
488 698 635 752 ἐστιν
666 700 782 752 ἐκεῖ
813 699 948 772 άλλη
996 701 1142 772 ζωήο
1197 703 1524 776 ἀθλιώτεροι
1557 705 1780 760 πάντων

187 793 383 862 ἐσμὲν,
447 791 523 856 ὡς
583 794 792 863 μήποτε
837 795 949 848 τῶν
995 798 1282 867 παρόντων
1335 798 1781 868 ἀπολαύσαντες,

187 884 333 938 καθὸ
361 885 456 938 καὶ
493 886 752 955 ἀνωτέρω
795 889 1011 959 εἴρηται
1043 930 1058 956 ,
1115 891 1208 944 καὶ
1255 892 1323 944 τὰ
1374 890 1636 962 μέλλοντα
1685 891 1784 964 ούχ

189 977 438 1044 ἕξοντες,
467 977 604 1032 διότι
630 979 752 1032 οὐδὲ
783 979 1232 1052 ἀναστησόμεθα,
1263 983 1339 1048 ὡς
1365 983 1586 1053 λέγουσι
1615 1001 1782 1047 τινες.

198 1069 349 1122 Ἀλλ’
377 1071 511 1132 ἴσως
541 1071 686 1124 εῖποι
719 1089 826 1136 τις,
855 1074 941 1126 ὅτι
973 1076 1006 1144 ή
1033 1073 1181 1146 ψυχὴ
1217 1076 1354 1147 μόνη
1386 1075 1780 1132 ἀπολαύσεται.

185 1161 306 1216 Καὶ
338 1161 392 1215 τί
430 1161 630 1228 τοῦτο;
666 1163 742 1216 Οὐ
772 1165 881 1236 γάρ
919 1165 1056 1238 μόνη
1098 1168 1238 1240 αὕτη
1285 1170 1603 1236 ἐκοπίασεν,
1648 1169 1785 1224 ἀλλά

185 1256 286 1308 καὶ
316 1258 380 1307 τὺ
413 1255 594 1326 σῶμα.
633 1255 743 1309 Ποῦ
791 1254 884 1312 οὖν
911 1260 973 1313 τὸ
1009 1259 1244 1326 δίκαιον,
1276 1262 1371 1316 τοῦ
1422 1262 1516 1316 τὸν
1563 1261 1784 1315 πλείονα

183 1347 446 1416 κάματον
465 1349 802 1412 ὑποστάντος
825 1348 1080 1422 σώματος
1096 1354 1178 1416 είς
1196 1353 1258 1407 τὺ
1282 1353 1358 1424 μή
1375 1352 1434 1407 ὃν
1453 1350 1780 1425 χωροῦντος,

182 1440 286 1492 καὶ
347 1440 584 1511 μηδενὸς
617 1441 826 1511 ἀγαθοῦ
859 1443 1298 1511 ἀπολαύσαντος,
1334 1443 1434 1518 τὴν
1479 1444 1660 1518 ψυχὴν
1689 1445 1788 1518 μό-

184 1549 289 1602 νην
325 1532 746 1605 στεφανωθῆναι
770 1550 785 1601 ;
817 1538 826 1604 ξ

264 1727 288 1763 ι
337 1709 479 1765 Νυνὶ
507 1711 564 1765 δὲ
591 1713 831 1784 Χριστὸς
862 1714 1166 1786 ἐγήγερται
1193 1718 1259 1770 ἐκ
1289 1716 1526 1787 νεκρῶν,
1558 1717 1784 1790 ἀπαρχὴ

183 1801 302 1854 τῶν
366 1803 794 1872 κεκοιμημένων
851 1804 1090 1872 ἐγένετο.
1141 1823 1158 1858 ι
1220 1806 1413 1871 Δείξας
1464 1807 1565 1860 ὅσα
1607 1807 1784 1862 ἄτοπα

1886 627 1984 667 nos
2013 613 2103 682 qui
2139 612 2192 667 in
2225 611 2501 668 Christum
2537 628 2846 684 speramus,
2895 613 3002 670 hoc
3034 623 3144 681 est,
3179 617 3274 686 qui
3324 633 3475 688 spem

1883 703 1938 757 in
1977 703 2252 758 Christum
2285 701 2568 770 habemus,
2608 717 2707 759 nec
2737 713 2822 759 est
2850 704 2960 760 illic
2995 704 3100 760 alia
3134 707 3266 770 vita,
3318 710 3477 762 mise-

1886 797 2061 852 riores
2091 811 2279 852 sumus
2307 798 2522 852 cunctis
2554 798 2898 862 mortalibus,
2939 801 3139 870 quippe
3171 799 3260 869 qui
3296 814 3475 868 neque

1886 889 2244 958 praasentibus
2281 888 2534 954 fruimur,
2585 899 2644 942 ιιι
2673 905 2834 958 supra
2872 891 3075 944 dictum
3111 899 3215 957 est,
3256 905 3354 946 nec
3389 890 3475 944 fu-

1891 988 2010 1034 tura
2045 982 2181 1036 bona
2210 998 2406 1050 sumus.
2427 981 2592 1052 220
2619 983 2986 1045 consecuturi.
3019 993 3306 1052 propterea
3333 983 3476 1053 quod

1883 1085 2060 1141 neque
2091 1087 2453 1142 resnrgemns,
2501 1083 2560 1126 ut
2594 1073 2822 1141 quidam
2854 1073 3065 1128 dicunt.
3104 1073 3209 1128 Sed
3247 1075 3476 1130 fortasse

1885 1163 2084 1219 dixerit
2122 1165 2415 1235 quispiam,
2472 1166 2617 1236 quod
2671 1168 2852 1222 anima
2887 1167 3000 1222 sola
3042 1166 3258 1222 fruetur
3292 1168 3475 1223 bonis.

1888 1255 1960 1310 At
1989 1255 2117 1325 quid
2155 1257 2258 1312 hoc
2307 1257 2456 1312 tiet?
2499 1256 2616 1312 Non
2667 1261 2813 1313 enim
2877 1258 2979 1312 ista
3024 1259 3138 1312 sola
3189 1259 3473 1325 laboravit,

1886 1346 1985 1403 sed
2020 1363 2216 1418 corpus
2247 1347 2432 1404 etiam.
2489 1347 2718 1404 Ubinam
2752 1349 2914 1418 igitur
2938 1349 3144 1418 justum
3177 1360 3380 1418 manet,
3414 1352 3463 1405 si

1888 1454 2086 1509 corpus
2111 1440 2252 1510 quod
2285 1439 2574 1510 plurimum
2607 1440 2808 1494 laboris
2841 1441 3123 1507 sustinuit,
3159 1441 3212 1496 in
3247 1443 3476 1498 nihilum

1886 1533 2190 1604 redigatur,
2224 1546 2288 1587 ac
2333 1531 2483 1586 nullo
2524 1530 2667 1585 bono
2695 1529 3030 1601 perfruatur,
3060 1540 3116 1585 et
3153 1531 3268 1586 sola
3297 1532 3476 1586 anima

1890 1636 2186 1682 coronetur
2203 1667 2216 1680 .

1966 1718 2128 1775 Vens.
2167 1719 2260 1775 ‘20.
2303 1738 2324 1772 ι
2364 1719 2518 1774 Nunc
2552 1728 2734 1774 autem
2769 1717 3023 1774 Christus
3058 1733 3088 1772 a
3126 1718 3360 1774 mortuis
3391 1733 3477 1775 re-

1888 1812 2154 1878 surrexit,
2179 1812 2432 1882 primitia:
2475 1810 2864 1866 dormientium
2897 1809 3076 1865 factus
3103 1819 3206 1865 est.
3242 1829 3262 1863 ι
3323 1810 3479 1866 Post-

186 1897 254 1949 ἐκ
295 1893 399 1948 τοῦ
437 1895 514 1967 μὴ
550 1896 916 1950 πιστεύεσθαι
948 1898 1050 1968 τὴν
1078 1899 1397 1975 ,ἀνάστασιν
1444 1899 1687 1954 τίκτεται
1711 1899 1778 1964 ⁸⁸,

1945 1921 2049 1959 tam
2085 1901 2483 1959 demonstravit
2513 1912 2645 1974 quot
2677 1903 2910 1956 absurda
2949 1913 3246 1957 nascantur
3275 1919 3338 1956 ex
3386 1919 3471 1960 co.

187 1988 585 2059 ἀναλαμϐάνει
616 1989 709 2044 τὸν
762 1988 943 2058 λόγον,
977 1991 1072 2045 καί
1120 2009 1256 2061 φησι
1285 1992 1532 2046 τοιοῦτόν
1582 2011 1660 2059 τι,
1699 1994 1783 2048 ὅτι

187 2083 388 2139 Ταῦτα
432 2085 534 2157 μὲν
571 2085 889 2158 συμϐαίνει,
925 2088 1085 2158 εῐπερ
1123 2090 1168 2121 ⁸⁸
1198 2090 1299 2143 ούκ
1322 2089 1440 2144 ἐστι
1461 2090 1616 2162 κοινὴ
1649 2090 1780 2149 ἀνάο

189 2195 409 2243 στασις,
427 2179 502 2242 ὡς
527 2179 662 2251 μηδὲ
692 2180 788 2234 τοῦ
816 2179 1065 2250 Χριστοῦ
1084 2181 1424 2251 ἐγερθέντος.
1461 2201 1480 2234 ι
1505 2183 1642 2237 Νυνὶ
1675 2183 1729 2237 δέ
1756 2182 1785 2234 ὅ,

188 2270 437 2339 Χριστὸς
461 2272 758 2343 ἐγήγερται
777 2289 790 2304 ·
819 2290 838 2323 ι
870 2271 976 2342 ἄρα
995 2271 1090 2325 καὶ
1117 2273 1271 2342 κοινὴ
1285 2273 1580 2339 ἀνάστασις
1609 2273 1784 2338 ἐσται,

191 2365 294 2417 καὶ
330 2364 400 2415 τά
438 2365 617 2418 ἀτοπα
638 2362 816 2419 ταῦτα
849 2365 910 2417 ού
943 2365 1309 2436 συμϐήσεται.
1344 2366 1594 2436 Συνεχῶς
1627 2365 1684 2421 δὲ
1705 2366 1786 2432 τὸ,

198 2471 218 2505 ι
282 2454 385 2507 Ἐκ
419 2454 656 2525 νεκρῶν,
693 2475 712 2506 ι
751 2455 1134 2527 προστίθησιν,
1163 2458 1542 2529 ἀπορῤάπτων
1572 2457 1641 2510 τά
1677 2457 1786 2513 τῶν

191 2546 532 2616 Μανιχαῑων
562 2548 828 2618 στόματα.
861 2549 923 2604 Ei
955 2549 1182 2621 ἀπαρχὴ
1211 2549 1318 2602 τῶν
1343 2551 1785 2620 κεκοιμημένων,

189 2640 294 2693 καλ⁵
322 2639 548 2704 τούτους
577 2641 796 2704 πάντως
838 2643 1146 2699 ἀναστῆναι
1171 2641 1272 2698 δεῖ.
1313 2641 1378 2696 Ἦ
1407 2641 1515 2712 γὰρ
1538 2642 1786 2715 ἀπαρχὴ,

192 2737 292 2787 καὶ
318 2734 448 2797 τοὺς
481 2734 984 2800 ἐπακολουθοῦντας
1008 2734 1122 2806 ἔχει
1145 2753 1160 2768 ο
1189 2731 1300 2790 οἷον
1321 2737 1450 2790 ὅταν
1479 2738 1544 2790 ἐκ
1571 2736 1788 2791 πολλῶν

192 2827 413 2897 ποιήσῃ
451 2823 532 2890 εἷς
589 2827 807 2897 πρῶτος
843 2827 1176 2902 ἀρξάμενος,
1211 2827 1240 2882 ὃ
1287 2828 1546 2899 μέλλουσι
1602 2829 1698 2883 καὶ
1739 2830 1789 2882 οῖ

189 2919 384 2973 λοιποὶ
410 2922 584 2973 ποιεῖν
620 2920 840 2991 ἐφεξῆς.

273 3121 295 3155 ‹
359 3103 584 3173 Ἐπειδὴ
619 3104 730 3176 γὰρ
763 3104 831 3158 δι’
862 3103 1160 3175 ἀνθρώπου
1203 3105 1232 3158 ὁ
1289 3105 1543 3171 θάνατος,
1596 3107 1692 3161 καὶ
1725 3095 1791 3161 δι’

1870 1995 2032 2088 ⁴ιιιιοιι
2085 1995 2208 2065 quis
2248 2010 2354 2048 non
2392 1995 2580 2049 credat
2636 1993 3113 2056 resurrectionem,
3168 2008 3475 2048 sermonem

1886 2083 2106 2155 repetit,
2141 2085 2452 2154 huiusmodi
2507 2085 2764 2155 quiddam
2799 2084 2986 2140 dicens
3019 2100 3034 2138 :
3079 2083 3202 2139 llaec
3235 2101 3480 2156 sequun-

1891 2188 1996 2242 tnr,
2040 2178 2085 2232 si
2124 2185 2339 2233 nonest
2383 2177 2689 2232 communis
2718 2178 3072 2242 resurrectio,
3104 2191 3294 2246 nempe
3332 2178 3481 2248 quod

1887 2269 2140 2325 Christus
2169 2285 2276 2324 non
2308 2270 2380 2325 sit
2415 2269 2705 2324 excitatus.
2731 2270 2900 2339 Atqui
2926 2269 3180 2324 Christus
3211 2270 3480 2324 excitatus

1891 2371 1974 2417 cst
2006 2379 2020 2417 :
2055 2362 2387 2418 resurrectio
2438 2362 2602 2431 igitur
2659 2362 2964 2417 communis
3000 2363 3124 2427 erit,
3171 2369 3333 2431 atque
3364 2361 3478 2417 hac

1889 2455 2123 2510 absurda
2158 2469 2262 2510 non
2296 2455 2567 2509 evenient.
2621 2453 2890 2509 Continuo
2949 2460 3156 2518 autem,
3199 2471 3217 2504 ι
3262 2454 3306 2506 Α
3335 2468 3481 2506 mor-

1891 2548 2021 2616 tuis,
2060 2565 2078 2600 »
2116 2546 2361 2617 apponit,
2391 2545 2812 2600 Manichaeorum
2846 2559 2939 2598 ora
2974 2544 3284 2599 obstrucns.
3325 2542 3478 2610 Quod

1889 2644 1936 2699 si
2000 2659 2186 2699 eorum
2234 2641 2324 2711 qui
2376 2641 2724 2710 dormierunt]
2779 2639 3036 2711 primitim
3067 2639 3190 2706 estf,
3227 2651 3282 2692 et
3333 2638 3480 2708 ipsos

1891 2736 2114 2791 omnino
2149 2748 2435 2804 resurgere
2480 2742 2717 2803 oportet.
2777 2731 3041 2786 Primitiae
3085 2731 3230 2786 enim
3281 2730 3348 2784 ad
3389 2745 3478 2784 se-

1889 2837 2119 2900 quentes
2165 2837 2474 2898 respectum
2526 2825 2752 2890 habent,
2805 2824 2969 2878 veluti
3011 2823 3056 2878 si
3087 2823 3306 2892 quando
3342 2838 3481 2878 unus

1894 2937 1926 2976 e
1954 2921 2138 2975 multis
2168 2919 2379 2990 primus
2424 2919 2652 2989 incipiat
2688 2917 2889 2984 facere,
2923 2917 3065 2989 quod
3094 2916 3185 2971 alii
3223 2916 3482 2985 deinceps

1893 3013 2002 3070 sint
2027 3012 2246 3068 facturi.

1966 3104 2134 3161 Vens.
2164 3103 2260 3169 2i,
2290 3102 2383 3158 2‘2.
2420 3123 2438 3156 ι
2475 3103 2746 3170 Quoniam
2797 3104 3016 3172 quidem
3062 3115 3157 3170 per
3202 3101 3480 3156 hominem

191 3196 496 3267 ἀνθρώπου
544 3195 843 3259 ἀνάστασις
879 3195 1113 3267 νεκρῶν.
1179 3197 1391 3270 Ὠσπερ
1445 3198 1555 3271 γὰρ
1612 3202 1672 3253 ἐν
1710 3200 1786 3269 τῷ

1945 3213 2065 3264 ιρι-ε,
2127 3206 2182 3253 et
2235 3212 2333 3267 per
2381 3196 2656 3252 hominem
2717 3197 3046 3252 resurrectio
3113 3205 3476 3251 mortuorum.

204 3289 392 3359 ’Δδάμ
422 3290 625 3352 πάντες
653 3289 1112 3360 ἀποθνήσκουσιν,
1139 3289 1315 3354 οὕτως
1343 3293 1401 3346 ἐν
1441 3292 1518 3362 τῷ
1565 3291 1788 3364 Χριστῷ

192 3381 409 3444 πάντες
460 3381 991 3450 ζωοποιηθήσονται.
1033 3402 1052 3434 ι
1097 3384 1290 3437 Αίτίαν
1346 3384 1678 3455 προστίθησι
1726 3384 1796 3438 δι’

189 3469 262 3546 ἦς
297 3472 587 3526 πιστοῦται
619 3475 688 3526 τά
717 3475 1002 3545 εἰρημένα.
1039 3477 1190 3530 Ἔδει
1231 3476 1363 3548 γὰρ,
1395 3479 1584 3548 φησὶνν
1618 3477 1789 3550 αὐτὴν

193 3567 432 3638 νικῆσαι
481 3570 582 3637 τὴν
615 3568 948 3639 ἡττηθεῖσαν
983 3569 1170 3640 φύσιν,
1217 3573 1313 3627 καὶ
1364 3571 1457 3626 τὸν
1511 3573 1791 3642 καταϐλη-

194 3661 388 3724 θέντα,
445 3661 609 3714 αὑτὸν
663 3663 972 3733 ἐκνικῆσαι.
1025 3663 1138 3718 Καὶ
1182 3664 1290 3736 γάρ
1338 3666 1397 3719 ἐν
1453 3665 1533 3735 τῷ
1596 3665 1788 3738 Ἀδὰμ,

192 3753 471 3820 τουτέστι,
495 3754 582 3809 διὰ
618 3755 679 3808 τὸ
721 3754 818 3808 τοῦ
882 3755 1058 3828 Ἀδὰμ
1121 3759 1396 3828 πταῖσμα,
1454 3758 1657 3822 πάντες
1713 3758 1793 3829 τῷ

199 3845 429 3916 θανάτῳ
481 3846 779 3902 ὑπέπεσον.
832 3847 1023 3912 Οὕτως
1068 3843 1162 3902 οῦν
1207 3850 1265 3903 ἐν
1314 3850 1536 3921 Χριστῷ
1589 3851 1792 3916 πάντες

198 3939 615 4010 ἀναστήσονται
640 3956 654 3970 ⁸
684 3940 956 4004 τουτέστι,
984 3941 1072 3994 διά
1105 3945 1165 3996 τὸ
1201 3942 1491 4012 εὑρεθῆναι
1533 3943 1626 3997 τὸν
1649 3945 1789 4016 Χρι-

200 4030 330 4082 στὸν
383 4030 775 4102 ἀναμάρτητον
823 4032 918 4085 καὶ
963 4033 1217 4102 ἀνένοχον
1263 4032 1342 4103 τῷ
1398 4034 1639 4105 θανάτῳ,
1695 4036 1792 4089 καὶ

201 4122 404 4176 ἑκόντα
463 4121 562 4191 μὲν
608 4123 923 4189 ἀποθανεῖν,
972 4125 1273 4195 ἀναστῆναι
1315 4126 1392 4191 δὲ,
1431 4127 1565 4180 καθὸ
1603 4127 1646 4158 ⁶⁰
1690 4129 1793 4183 οὐκ

198 4211 272 4286 ἦν
304 4215 538 4269 δυνατὸν
571 4217 736 4270 αὑτὸν
777 4217 1104 4289 κρατεῖσθαι
1157 4219 1261 4272 ὑπὸ
1312 4220 1412 4290 τῆς
1448 4220 1654 4292 φθοράς
1701 4224 1794 4276 τὸν

204 4307 454 4378 ἀρχηγὸν
481 4308 584 4378 τῆς
611 4307 780 4378 ζωῆς.
817 4311 926 4363 Καὶ
954 4311 1132 4365 ταῦτα
1173 4311 1230 4364 δὲ
1259 4312 1442 4367 πάντα
1473 4313 1616 4368 κατά
1674 4315 1795 4368 Μα-

204 4401 456 4471 νιχαξων.

284 4513 302 4546 ι
369 4493 639 4556 Ἕκαστος
698 4495 754 4548 δὲ
805 4497 864 4548 ἐν
897 4496 975 4565 τῷ
1028 4496 1142 4566 ἰδίῳ
1168 4497 1430 4568 τάγματι.
1477 4519 1495 4550 ι
1532 4501 1649 4554 Ἵνα
1713 4501 1790 4570 μὴ

1893 3291 2359 3359 Quemadmodum
2403 3292 2547 3345 enim
2596 3289 2647 3346 in
2677 3290 2846 3344 Adam
2906 3303 3097 3344 omnes
3151 3290 3481 3357 moriuntur,

1893 3386 1972 3439 sic
2019 3391 2074 3439 et
2121 3383 2176 3439 in
2228 3383 2447 3438 Christo
2477 3397 2668 3438 omnes
2708 3381 3147 3436 viviﬁcabuntur.
3188 3401 3208 3434 ι
3240 3381 3477 3438 Causam

1897 3477 2078 3532 reddit
2107 3491 2202 3547 per
2224 3491 2383 3544 quam
2412 3474 2701 3531 conﬁrmat
2732 3490 2852 3544 quae
2881 3483 3306 3529 commemorata
3330 3483 3479 3530 sunt.

1893 3569 2150 3640 Oportuit
2194 3570 2338 3624 enim
2379 3567 2550 3637 ipsam
2596 3565 2796 3622 victam
2853 3576 3102 3619 naturam
3142 3565 3386 3630 vincere,
3428 3574 3484 3621 ct

1895 3678 2018 3719 eum
2045 3662 2136 3733 qui
2167 3661 2571 3732 dejectuszerat,
2601 3659 2876 3714 evincere.
2907 3658 3041 3712 Nam
3075 3658 3128 3712 in
3151 3659 3345 3721 Adam,
3381 3657 3484 3713 hoc

1894 3763 1978 3810 est
2041 3768 2137 3823 per
2187 3753 2394 3822 lapsum
2449 3750 2662 3816 Adami,
2723 3763 2914 3804 omnes
2950 3748 3110 3802 morti
3171 3747 3300 3802 facti
3354 3758 3485 3802 sunt

1896 3846 2136 3902 obnoxii.
2193 3845 2287 3900 Sic
2347 3843 2514 3913 igitur
2552 3843 2607 3898 in
2660 3841 2882 3897 Christo
2928 3855 3119 3897 omnes
3174 3847 3481 3910 resurgent,

1895 3939 1998 3995 hoc
2027 3949 2130 4005 est,
2176 3938 2302 4008 quia
2343 3935 2597 3993 Christus
2633 3935 2883 3989 inventus
2921 3943 3006 3988 est
3057 3934 3176 3988 sine
3229 3944 3481 4002 peccato,

1895 4017 1997 4090 nec
2033 4033 2222 4088 mortis
2263 4046 2406 4095 reus,
2430 4045 2484 4086 et
2512 4039 2794 4100 propterea
2839 4027 2983 4097 quod
3016 4027 3322 4082 voluntario
3354 4028 3483 4098 qui-

1892 4128 2012 4184 dem
2035 4137 2263 4181 mortem
2285 4125 2532 4190 subierit,
2568 4123 2938 4179 resurrexerit
2970 4133 3173 4188 autem,
3203 4133 3476 4192 quatenus

1898 4216 2234 4289 impossibile
2281 4225 2401 4272 erat
2432 4216 2605 4285 ipsum
2645 4214 2814 4269 teneri
2863 4228 2890 4265 a
2923 4215 3292 4283 corruptione,
3319 4213 3483 4281 prin-
3535 4217 3554 4234 ‘

1898 4313 2077 4384 cipem
2122 4311 2379 4366 nimirum
2422 4308 2569 4364 vitae.
2620 4307 2746 4362 Hac
2783 4314 2964 4360 autem
3007 4307 3188 4360 omnia
3220 4307 3484 4364 adversus

1898 4404 2247 4460 Manichaaos.

1977 4497 2142 4553 Vens.
2173 4497 2264 4553 25.
2313 4516 2333 4549 ι
2385 4495 2773 4565 Unusquisque
2823 4506 3001 4550 autem
3039 4497 3090 4550 in
3135 4498 3356 4565 proprio
3390 4511 3482 4547 or.

207 4585 474 4649 ἀκούσας,
496 4589 576 4640 ὅτι
599 4606 617 4639 ι
642 4589 842 4652 Πάντες
859 4590 1378 4662 ζωοποιηθήσονται,
1404 4611 1422 4645 ι
1450 4594 1678 4665 νομίσῃς
1701 4596 1794 4648 καὶ

1945 4591 2045 4645 ine.
2088 4609 2108 4642 ι
2155 4589 2233 4644 Ne
2261 4589 2490 4644 audiens
2522 4596 2746 4642 cunctos
2787 4588 3164 4650 vivilicandos,
3196 4587 3484 4640 arbitreris

207 4678 335 4740 τοὺς
396 4679 756 4749 ἁμαρτωλοὺς
815 4680 1119 4746 σίὶζεσθαι,
1161 4683 1464 4753 ἐπήγαγεν,
1501 4685 1667 4738 Ὅσον
1699 4686 1800 4756 μὲν

208 4770 353 4824 κατά
387 4771 451 4824 τὸ
483 4771 816 4842 ἀναστῆναι,
869 4791 887 4824 ι
945 4774 1146 4836 πάντες
1196 4775 1735 4848 ζωοποιηθήσονται·
1775 4799 1793 4830 ι

209 4862 352 4930 πλὴν
395 4881 414 4914 ι
458 4863 686 4927 ἕκαστος
727 4884 744 4916 ι
777 4865 928 4919 ἐσται
959 4886 978 4918 ι
1013 4869 1070 4920 ἐν
1100 4866 1177 4939 τῷ
1204 4868 1319 4940 ἰδίῳ
1350 4871 1592 4942 τάγματι
1657 4891 1673 4923 ι
1706 4871 1800 4925 καὶ

210 4954 269 5006 ἐν
304 4949 386 5016 οἷς
414 4955 565 5008 ἐστιν
596 4955 770 5020 ἄξιος.

291 5062 310 5096 ι
379 5045 630 5116 Ἀπαρχὴ
675 5049 931 5118 Χριστὸς,
989 5050 1182 5104 ἔπειτα
1228 5053 1276 5105 οἱ
1331 5051 1426 5105 τοῦ
1472 5055 1708 5124 Χριστοῦ
1743 5057 1800 5107 ἐν

216 5138 281 5206 τῇ
330 5138 603 5207 παρουσίᾳ
630 5139 829 5192 αύτοῦο
861 5139 1002 5206 εἷτα,
1030 5142 1092 5195 τὸ
1128 5144 1300 5206 τέλος,
1336 5163 1356 5195 ι
1411 5145 1660 5217 Ἀπαρχή
1696 5147 1792 5200 καὶ

217 5228 335 5290 ὁδὸς
385 5228 486 5298 τῆς
537 5231 890 5295 ἀναστάσεως
937 5225 1205 5300 ἐγένετο’ὁ
1237 5236 1469 5306 Χριστός
1498 5253 1510 5265 '
1549 5239 1666 5306 μετ’
1700 5239 1797 5292 αὖα

220 5319 311 5373 τὸν
339 5316 456 5385 οῦν,
483 5322 534 5374 oi
569 5322 754 5388 αὐτοῦ,
790 5325 1090 5392 τουτέστιν,
1125 5329 1174 5379 οί
1214 5329 1396 5382 πιστοὶ
1427 5332 1522 5383 καὶ
1563 5332 1612 5384 oi
1647 5333 1798 5385 εύδο-

222 5414 524 5483 κιμηκότες
565 5416 622 5469 ἐν
658 5416 806 5486 αὐτῷ
835 5419 1235 5487 ἀναστήσονται
1278 5422 1506 5490 πρῶτοι,
1547 5423 1607 5488 ἐξ
1637 5427 1800 5494 ούρα-

220 5503 327 5556 νῶν
353 5505 565 5558 ἐκείνου
585 5507 903 5577 ἐρχομένου.
935 5509 1106 5563 Τοῦτο
1136 5511 1242 5584 γάρ
1271 5513 1386 5566 ἐστι
1413 5515 1494 5578 τὸ,
1531 5534 1548 5568 ι
1599 5514 1686 5568 Ἐν
1733 5519 1797 5588 τῇ

221 5597 498 5668 παρουσίᾳ
521 5599 686 5652 αὐτοῦ
710 5618 756 5652 ο»
778 5600 860 5654 δεῖ
896 5603 1005 5656 νάο
1035 5601 1181 5673 ἔχειν
1222 5607 1515 5676 προνόμιον
1542 5626 1594 5662 τι
1625 5610 1721 5661 καὶ
1742 5611 1800 5661 ἐν

1896 4685 2057 4739 etiam
2087 4692 2404 4754 peccatores
2439 4683 2620 4738 salvos
2664 4681 2896 4750 futuros,
2935 4681 3223 4738 subintutit
3255 4699 3268 4735 :
3297 4679 3484 4746 Quan-

1899 4787 2010 4833 tum
2047 4777 2114 4831 ad
2146 4777 2598 4832 resurrectione-.11
2627 4776 2843 4842 attinet,
2873 4793 2893 4828 ι
2916 4790 3104 4830 omnes
3130 4771 3486 4827 viviﬁcabun-

1903 4881 2013 4935 tur,
2055 4854 2075 4922 ἱ
2107 4856 2483 4924 verumtamen
2517 4885 2535 4920 ι
2566 4868 2935 4939 unusquisque
2976 4868 3028 4922 in
3081 4880 3180 4922 suo
3213 4865 3420 4923 ordine,
3459 4883 3478 4916 ι

1901 4978 1955 5020 et
1981 4964 2120 5018 inter
2155 4978 2293 5033 quos
2318 4977 2438 5017 esse
2461 4963 2783 5017 merehitnr.

1977 5076 1995 5109 ι
2040 5056 2300 5112 Primitiae
2345 5054 2626 5120 Christus,
2669 5055 2863 5110 deinde
2894 5056 2927 5110 ii
2969 5055 3059 5124 qui
3092 5052 3296 5108 Christi
3335 5060 3484 5114 sunt,

1903 5150 1955 5204 in
1990 5149 2228 5203 adventu
2273 5147 2391 5217 ejus
2421 5166 2434 5202 :
2469 5158 2656 5219 postea
2691 5149 2830 5202 linis.
2871 5166 2888 5198 ι
2928 5145 3210 5209 Primitiae,
3244 5144 3486 5210 adeoque

1897 5240 1982 5294 via
2015 5240 2455 5300 resurrectionis.
2501 5240 2754 5294 Christus
2804 5247 2888 5292 est
2921 5257 2934 5291 :
2968 5246 3089 5305 post
3119 5236 3295 5305 ipsum
3325 5234 3486 5304 igitur

1899 5333 1992 5402 qui
2023 5332 2090 5388 ad
2113 5347 2234 5386 eum
2261 5333 2554 5402 pertinent,
2586 5333 2688 5386 hoc
2717 5340 2823 5396 est,
2865 5329 3074 5392 ﬁdeles,
3108 5340 3160 5382 et
3191 5326 3402 5396 probati
3431 5327 3484 5382 in

1901 5425 2038 5492 ipso,
2085 5421 2245 5493 primi
2296 5430 2596 5490 resurgent,
2639 5420 2732 5475 illo
2764 5436 2830 5475 ex
2861 5418 3014 5475 caelis
3049 5419 3324 5473 veniente.
3374 5418 3486 5474 ΙΙοο

1897 5516 2040 5570 enim
2066 5524 2151 5570 est
2180 5514 2326 5585 quod
2361 5515 2472 5567 ait:
2511 5531 2530 5564 ι
2555 5511 2613 5566 ln
2644 5511 2882 5566 adventu
2919 5511 3109 5581 ipsius.
3148 5528 3167 5564 ι
3208 5510 3305 5566 Est
3338 5509 3484 5566 enim

1901 5625 2020 5680 par,
2053 5619 2111 5664 ut
2151 5609 2284 5680 justi
2315 5607 2593 5678 privilegio
2614 5607 2870 5679 quopiam
2916 5607 3181 5679 gaudeant
3210 5607 3260 5660 in
3299 5619 3482 5661 resur-

1565 5764 1765 5828 νει-ιω
1788 5765 2120 5829 lectiones.

288 5879 336 5915 ⁸⁷
367 5879 450 5945 είς
493 5880 724 5954 Χριττὸν
776 5899 847 5938 ιιι.
924 5882 970 5916 ⁵⁸
996 5882 1204 5953 γίνεται
1246 5899 1320 5941 ιιι.
1397 5886 1442 5920 ⁸⁹
1489 5886 1584 5944 ἐὰν
1622 5903 1676 5944 o.
1753 5889 1797 5922 ⁶⁰
1842 5887 2030 5944 καθότι
2075 5901 2128 5944 ο.
