3806 6582
411 364 518 428 767
1335 365 1914 428 THEOPHYLACTI
1949 367 2360 430 BULGARIE
2400 368 2758 430 ARCHIEP.
3513 371 3606 435 768

410 493 634 550 pravam
664 477 820 532 istam
859 475 1244 546 suspicionem,
1278 490 1384 545 qua
1411 477 1679 546 suspicari
1704 477 1971 548 quisquan

2095 479 2368 544 ὑπόνοιαν,
2402 479 2468 548 ἣν
2497 477 2797 548 ὑπενόησεν
2827 475 2892 531 ἀν
2916 491 3017 541 τις,
3047 475 3130 528 ὅτι
3157 476 3184 529 6
3211 475 3335 541 Υἱὸς
3361 476 3477 542 ἴσως
3499 480 3622 553 ισχυ-

407 580 645 642 poterat,
670 567 866 624 Filium
896 568 1126 622 fortasse
1149 567 1312 622 l’atre
1333 583 1457 624 esse
1485 568 1789 631 fortiorem,
1819 578 1875 623 ut
1897 586 1966 640 qu

2095 569 2316 639 ρότερός
2362 571 2479 621 ἐστι
2523 568 2617 622 τοῦ
2665 569 2913 638 Πατρὸς,
2951 567 3044 621 ἀτε
3091 567 3328 621 τοσαῦτα
3361 572 3622 643 κατορθοῦν

410 674 558 716 tanta
594 643 894 730 trans-igere
941 659 1131 728 possit.
1163 660 1324 729 Atqui
1355 659 1648 730 Gregorius
1677 659 1973 731 Tbeologut

2089 659 2408 729 δυνάμενος.
2457 658 2517 711 ὐ
2563 657 2621 711 δὲ
2663 656 2920 724 Θεολόγος
2957 656 3257 726 Γρηγόριός
3295 673 3472 727 φησιν,
3503 660 3623 714 ὄτιό

411 755 629 818 asserit,
679 753 819 823 quod
868 752 1035 807 Filius
1081 752 1259 808 omnia
1298 759 1482 808 nostra
1530 753 1630 807 sibi
1661 755 1876 824 propria
1911 753 1973 808 fa-

2093 753 2222 814 Υἱὸς
2255 751 2432 804 πάντα
2467 749 2834 819 οἰκειούμενος
2866 749 2934 802 τὰ
2963 749 3228 820 ἡμέτερα,
3263 750 3356 803 καὶ
3387 753 3478 818 τὴν
3509 754 3623 821 ἡμε.

405 847 573 909 ciens,
604 852 846 898 nostram
887 842 1050 897 etiam
1081 842 1240 912 223
1278 842 1671 912 subjectionem
1713 845 1973 912 propriam

2088 843 2254 913 τέραν
2284 840 2561 912 ὑποταγὴν
2595 840 2804 894 οἰκείαν
2845 842 3084 909 ἡγεῖται.
3124 838 3237 891 Νῦν
3271 838 3367 908 μὲν
3397 835 3484 892 οὖν
3520 858 3625 894 στα-

407 948 640 1006 repntet.
692 935 845 989 Nune
894 949 1025 989 vero
1075 937 1395 988 seditionem
1457 936 1665 990 ciemus
1727 936 1973 989 adversus

2092 933 2351 1004 σιὰζομεν
2381 935 2518 1004 πρὸς
2549 934 2642 986 τὸν
2671 933 2831 988 Θε6ν’
2865 933 2913 984 οι
2945 933 3040 1002 μὲν
3065 932 3311 996 ἄπιστοι,
3341 932 3624 1002 ἀρνούμενοι

407 1027 573 1082 Deunt
606 1048 618 1084 :
649 1027 895 1082 infideles
923 1027 1138 1096 quidem
1163 1042 1281 1081 cum
1311 1043 1432 1080 ettm
1463 1027 1767 1094 abnegant;
1799 1025 1973 1081 fideles

2089 1025 2252 1078 αὑτόν
2272 1041 2286 1055 ·
2316 1025 2365 1077 οἱ
2387 1025 2444 1078 δὲ
2481 1025 2686 1089 πιστοὶ,
2719 1025 2828 1086 τοῖς
2853 1023 3050 1076 πάθεσι
3079 1022 3272 1075 πολλοὶ
3298 1021 3623 1095 δουλεύοντες⁸

402 1134 554 1183 vero,
579 1119 702 1172 dttm
732 1117 1016 1172 affectibus
1040 1119 1152 1174 suis
1179 1118 1486 1173 inserviunt
1519 1118 1692 1180 roulti,
1723 1127 1775 1172 et
1796 1133 1973 1172 secun-

2086 1115 2181 1169 καὶ
2204 1115 2568 1170 ἀνυπότακτοι
2599 1114 2740 1169 κατά
2773 1114 2931 1168 τοῦτό
2964 1114 3154 1184 ἐσμεν.
3191 1113 3357 1166 ὐταν
3382 1114 3436 1167 δὲ
3473 1116 3518 1167 οί
3547 1118 3625 1184 μὲν

403 1213 529 1265 dum
581 1211 685 1266 hoc
731 1211 956 1264 rebelles
1008 1225 1214 1264 sumus.
1260 1211 1392 1265 Cum
1446 1226 1574 1265 vero
1621 1210 1710 1265 alii
1761 1211 1973 1280 quidem

2083 1207 2385 1276 ὲπιγνῶσιν
2428 1207 2487 1259 ὃν
2522 1204 2616 1260 νῦν
2651 1203 2939 1275 ἀρνοῦνται
2963 1219 2977 1233 ⁸
3022 1205 3070 1258 oi
3111 1204 3170 1257 δὲ
3212 1205 3624 1276 μεταποιηθῶμεν

403 1300 723 1368 agnoverint
755 1315 914 1368 quem
958 1315 1100 1354 nunc
1134 1309 1325 1370 negant
1356 1341 1371 1366 ,
1410 1300 1499 1354 alii
1537 1315 1663 1354 vero
1709 1308 1973 1354 transmu‘

2084 1299 2191 1352 ἀπὸ
2220 1298 2330 1350 τῶν
2363 1296 2550 1351 παθῶν
2582 1299 2639 1349 ὲν
2674 1296 2751 1367 τῷ
2783 1296 2883 1366 βίῳ
2912 1295 3087 1366 τούτῳ
3108 1335 3122 1356 .
3157 1295 3377 1358 πάντως
3416 1296 3524 1348 τότε
3552 1299 3622 1350 λέ-

403 1389 500 1440 tati
534 1388 796 1442 fuerimus
830 1388 898 1442 ab
929 1387 1086 1455 hujus
1111 1389 1233 1443 vitae
1263 1389 1573 1456 affectibus;
1608 1400 1718 1443 tum
1749 1406 1875 1445 vere
1904 1391 1973 1444 di-

2085 1407 2241 1458 γεται
2269 1394 2295 1444 6
2326 1390 2455 1454 Υἱὸς
2486 1390 2856 1459 ὑποταγῆναισ
2891 1389 2952 1443 τὸ
2982 1391 3078 1461 τῆς
3105 1388 3515 1459 ἀνθρωπότητος
3537 1390 3624 1460 γὰρ

401 1481 544 1534 citur
573 1481 740 1535 Filius
764 1481 980 1551 subjici.
1006 1483 1366 1537 llmuanitatis
1381 1483 1523 1537 enim
1544 1497 1828 1554 personam
1853 1484 1974 1539 sub-

403 1571 541 1636 iens,
572 1586 668 1624 sua
699 1571 830 1625 fat-it
853 1587 972 1638 qua:
994 1580 1182 1626 nostra
1207 1583 1352 1626 sunt.

476 1683 495 1716 ι
548 1665 621 1720 Ut
651 1665 720 1718 sit
767 1666 907 1720 Deus
936 1665 1118 1720 omnia
1170 1665 1222 1719 in
1257 1664 1528 1720 omnibus.
1570 1684 1587 1716 ι
1619 1664 1732 1721 Hoc
1762 1676 1873 1732 est,
1915 1675 1974 1721 ut

2085 1481 2451 1552 ὑποδυόμενος
2476 1481 2519 1514 ⁸³
2551 1481 2865 1551 πρόσωπον,
2916 1480 3113 1534 ἑαυτοῦ
3158 1482 3390 1534 ποιεῖται
3419 1481 3483 1533 τὰ
3507 1483 3622 1552 ἡμέ-

2079 1591 2236 1628 τεοα.

2145 1592 2324 1718 ῗαἾνα
2419 1666 2446 1718 6
2475 1663 2609 1726 Θεὸς
2642 1663 2710 1717 τά
2741 1664 2922 1718 πάντα
2955 1665 3013 1716 ὲν
3059 1665 3250 1718 πᾶσιν.
3291 1682 3311 1716 ι
3345 1663 3619 1729 Τουτέστιν,

398 1755 578 1810 omnia
605 1772 629 1808 a
667 1755 829 1811 Patre
869 1757 1239 1826 dependeant,
1277 1771 1347 1812 ne
1399 1757 1523 1826 quis
1561 1757 1666 1812 duo
1710 1758 1971 1828 principia

2077 1755 2163 1810 ἵνα
2191 1757 2369 1810 πάντα
2475 1755 2570 1810 τοῦ
2602 1756 2819 1827 Πατρὸς
2865 1755 3181 1829 ἠρτημένα,
3217 1757 3306 1810 ἵνα
3352 1757 3422 1828 μὴ
3448 1756 3530 1810 δύο
3552 1775 3619 1819 τις

397 1845 518 1901 sine
549 1846 816 1916 principio
857 1846 1197 1915 suspicetur,
1227 1860 1398 1915 eaque
1429 1847 1567 1901 inter
1614 1862 1735 1902 sese
1778 1847 1968 1904 divisa.

396 1939 531 1994 Cum
564 1939 707 1992 enim
743 1939 933 1993 hostes
972 1939 1080 1993 sint
1114 1939 1213 1993 sub
1252 1939 1477 2007 pedibus
1499 1939 1642 2004 Filii,
1678 1938 1848 1993 Filius
1880 1954 1982 2008 au:

399 2039 503 2082 tem
541 2044 644 2083 non
679 2038 762 2084 est
806 2029 1095 2085 seditiosus
1124 2043 1248 2100 erga
1281 2029 1517 2093 Patrem,
1556 2043 1968 2098 verumquem-

395 2120 682 2176 admodum
763 2122 913 2176 decet
980 2121 1201 2187 ﬁlium,
1270 2124 1376 2177 Deo
1458 2121 1605 2177 Patri
1683 2122 1966 2188 subditur,

395 2213 615 2267 omnino
640 2213 780 2268 Deus
805 2212 966 2267 Pater
992 2213 1100 2269 erit
1123 2215 1300 2269 omnia
1331 2215 1381 2269 in
1411 2213 1686 2268 omnibus.
1714 2210 1964 2268 Nonnulli

394 2314 570 2358 autem
600 2305 821 2359 malitiae
855 2304 1217 2360 sublationem
1247 2306 1540 2375 significari
1569 2308 1718 2360 aiunt
1749 2322 1842 2376 per
1864 2307 1967 2360 boc

393 2396 537 2465 quod
558 2398 735 2450 omnia
769 2397 876 2451 sint
897 2397 1163 2466 subjecta.
1181 2395 1314 2452 Cum
1338 2399 1478 2452 enim
1498 2408 1776 2468 peccatum
1806 2413 1966 2467 porro

392 2502 498 2542 non
529 2486 708 2551 fuerit,
739 2488 954 2557 planum
985 2487 1226 2557 estquod
1262 2487 1402 2542 Deus
1424 2487 1602 2541 omnia
1634 2488 1687 2540 in
1711 2489 1965 2544 omnibus

392 2580 768 2650 eril,’quando
804 2595 912 2635 non
946 2581 1178 2650 amplius
1213 2581 1448 2635 motibus
1477 2590 1531 2634 ct
1557 2580 1838 2636 affectibus
1873 2583 1970 2636 de-

392 2670 486 2723 diti
536 2671 707 2724 simus
731 2710 747 2736 ,
785 2670 857 2723 ita
892 2680 951 2724 ut
983 2670 1114 2723 nihil
1149 2670 1375 2724 omnino
1407 2671 1496 2723 Dei
1525 2708 1542 2735 ,
1573 2670 1656 2724 vel
1690 2685 1878 2737 parum
1911 2673 1962 2727 in

393 2756 548 2810 nobis
585 2755 859 2811 feramus:
895 2756 990 2810 sed
1019 2757 1115 2811 toti
1144 2754 1239 2810 Dei
1273 2757 1501 2824 similes,
1531 2759 1692 2814 totius
1719 2768 1771 2813 et
1799 2760 1966 2816 solius

2076 1849 2251 1917 ἀρχὰς
2334 1848 2608 1919 ἀνάρχους
2690 1849 2971 1920 ὑποπτεύῃ
3043 1851 3142 1902 καὶ
3223 1849 3616 1920 ἀπεσχισμένας.

2079 1935 2248 1990 Ὅταν
2277 1936 2321 1970 ⁸⁸
2351 1937 2458 2006 γὰρ
2501 1940 2550 1990 οἱ
2583 1939 2679 2008 μὲν
2708 1938 2896 2009 ἐχθροὶ
2934 1938 3039 1992 ὑπὸ
3073 1939 3204 2002 τοὺς
3237 1940 3398 2002 πόδας
3429 1935 3519 1993 ὦσι
3541 1942 3617 1994 τοῦ

2075 2027 2206 2081 Υἱοῦ
2227 2045 2242 2060 ο
2271 2028 2299 2081 6
2330 2029 2386 2082 δὲ
2418 2029 2546 2093 Υἱὸς
2574 2030 2648 2101 μὴ
2681 2030 2949 2103 στασιάζῃ
2981 2030 3116 2103 πρὸς
3146 2032 3240 2084 τὸν
3267 2032 3494 2101 Πατέρα,
3520 2033 3613 2088 ἀλλ’

2087 2115 2163 2178 ὡς
2205 2117 2406 2188 πρέπει
2436 2118 2538 2188 υίῷ
2563 2160 2577 2182 ,
2609 2119 2728 2190 Θεῷ
2759 2120 3137 2191 ύποτάσσηται
3167 2122 3248 2192 τῷ
3281 2123 3450 2192 Πατρί
3468 2139 3481 2153 ·
3506 2130 3616 2177 πάν-

2030 2236 2046 2248 ~
2072 2224 2180 2272 τως
2213 2209 2240 2261 6
2283 2209 2412 2273 Θεὸς
2443 2211 2537 2263 καὶ
2565 2210 2756 2281 Πατὴρ
2789 2210 2941 2265 ἔσται
2971 2212 3039 2265 τὰ
3069 2213 3252 2266 πάντα
3280 2215 3336 2266 ὲν
3369 2215 3510 2270 πᾶσι.
3535 2215 3612 2267 Τι-

2075 2301 2164 2366 νὲς
2185 2302 2242 2354 δὲ
2266 2302 2364 2372 τὴν
2383 2302 2480 2372 τῆς
2503 2302 2700 2365 κακίας
2720 2304 3004 2374 ἀναίρεσιν
3017 2305 3102 2358 διά
3123 2305 3335 2358 τούτων
3361 2306 3612 2376 δηλοῦσθαί

2075 2411 2259 2464 φασιν,
2288 2393 2364 2456 ὡς
2394 2394 2614 2448 πάντων
2641 2396 3098 2466 ὑποτεταγμένων
3123 2415 3136 2429 ’
3169 2399 3303 2452 ὅταν
3337 2398 3437 2470 γὰρ
3462 2398 3610 2468 ἀμαρ·

2070 2489 2162 2541 τία
2194 2487 2268 2557 μὴ
2299 2481 2357 2558 ᾗ,
2386 2485 2608 2558 εὔδηλον
2630 2488 2712 2541 ὅτι
2739 2489 2766 2540 6
2791 2487 2926 2551 Θεὸς
2957 2488 3107 2543 ἔσται
3143 2489 3215 2542 τὰ
3241 2490 3413 2543 πάντα
3444 2491 3496 2541 ὲν
3527 2492 3610 2542 πᾶ·

2073 2595 2156 2630 σιν
2181 2593 2195 2607 “
2233 2579 2361 2629 ὃταν
2404 2578 2602 2649 μηκέτι
2633 2577 2818 2631 πολλοὶ
2846 2571 2996 2648 ὦμεν
3027 2581 3084 2632 ὲν
3112 2582 3230 2644 τοῖς
3265 2581 3510 2651 κινήμασι
3535 2581 3609 2632 καὶ

2067 2669 2181 2731 τοῖς
2213 2667 2433 2729 πάθεσι,
2481 2669 2646 2738 μηδὲν
2678 2668 2814 2731 ὅλως
2847 2669 2982 2722 Θεοῦ
3009 2710 3024 2734 ,
3069 2669 3104 2741 ἦ
3134 2670 3317 2739 ὀλίγον
3351 2673 3406 2724 ὲν
3433 2672 3608 2732 ἑαυτοῖς

2071 2761 2358 2830 φέροντες·
2397 2759 2512 2812 ἀλλ’
2539 2760 2651 2814 ὅλοι
2688 2760 2974 2826 θεοειδεῖς,
3008 2750 3119 2815 ὅλοι
3171 2763 3463 2833 χωρητικοὶ
3498 2760 3605 2814 Θεοῦ

393 2847 486 2901 Dei
530 2862 756 2917 capaces
803 2847 1025 2903 erimus.
1071 2845 1264 2903 Omnia
1310 2863 1443 2904 sane
1476 2858 1584 2904 tum
1623 2851 1781 2906 nobis
1823 2852 1965 2908 Deus

2073 2853 2160 2906 καὶ
2194 2852 2380 2921 μόνου.
2414 2852 2597 2906 Πάντα
2618 2852 2725 2923 γὰρ
2750 2854 2880 2924 ἡμῖν
2900 2853 2928 2904 6
2951 2853 3083 2917 Θεὸς
3104 2853 3282 2918 ἔσται,
3308 2855 3398 2908 καὶ
3421 2853 3604 2924 βρῶμα,

392 2939 516 3002 erit,
548 2951 601 2992 et
643 2938 815 3002 cibus,
850 2947 904 2993 et
935 2948 1116 3009 potus,
1146 2948 1202 2996 et
1230 2940 1482 3009 vestitus,
1519 2951 1574 2997 et
1602 2943 1878 3013 cogitatio,
1910 2955 1964 3002 et

2073 2943 2163 2996 καὶ
2193 2943 2364 3014 πόμα,
2396 2943 2493 2997 καὶ
2518 2943 2739 3016 ἔνδυμα,
2771 2945 2864 2999 καὶ
2891 2946 3070 3016 νόημα
3091 2987 3106 3012 ,
3137 2947 3239 3002 καὶ
3271 2947 3485 3016 κίνημα.

392 3037 592 3084 motus.

462 3117 627 3176 Vens.
659 3119 750 3174 29.
785 3138 804 3172 ι
845 3120 1085 3190 Alioqui,
1111 3122 1239 3192 quid
1263 3121 1462 3178 facient
1485 3124 1574 3192 qui
1612 3103 1706 3194 pi-o
1735 3125 1962 3179 mortuis
1991 3146 2034 3206 ρ

393 3211 756 3280 baptizantur,
782 3212 826 3266 si
851 3213 1072 3268 omnino
1102 3214 1299 3269 mortui
1331 3230 1434 3268 non
1481 3217 1958 3287 resnrgunt?quid

391 3317 445 3357 et
480 3304 822 3372 baptizantur
845 3320 941 3374 pro
964 3307 1225 3360 mortuis?
1259 3325 1277 3359 ι
1308 3305 1668 3362 Μαιοὶοιιὶδιαι
1697 3308 1960 3373 Ιιαετοιῖςῐ.

391 3397 434 3449 si
486 3397 609 3466 quis
652 3397 795 3466 apud
848 3411 942 3452 eos
975 3413 1080 3452 nou
1130 3400 1433 3468 baptizatus
1485 3408 1809 3465 moreretur,
1859 3403 1960 3456 sub

391 3487 586 3541 mortui
624 3487 781 3552 lecto,
819 3488 1087 3542 viventem
1118 3492 1425 3558 quempiam
1473 3490 1846 3558 occultantes,
1876 3508 1962 3546 ac-

349 3647 354 3652 _
389 3576 586 3630 cedunt
617 3575 852 3643 lectum,
891 3577 1288 3649 interrogantes
1324 3589 1630 3642 mortuum,
1668 3598 1794 3636 num
1833 3583 1958 3637 velit

390 3668 717 3737 baptismate
741 3670 893 3740 tingi.
919 3672 1094 3740 Atque
1116 3688 1180 3727 eo
1205 3675 1562 3743 respondente
1578 3676 1667 3748 qui
1690 3675 1957 3742 latitabat,

389 3758 529 3826 quod
558 3761 720 3823 velit.
757 3761 837 3815 sic
877 3761 993 3816 loco
1027 3761 1221 3816 mortul
1255 3777 1378 3817 eum
1419 3765 1710 3834 baptizant.
1757 3764 1960 3822 Deinde

388 3849 456 3904 ob
480 3850 530 3906 id
551 3854 814 3918 accusati,
840 3854 1133 3909 defendunt
1163 3871 1282 3911 sese
1309 3857 1410 3912 hoc
1440 3856 1590 3921 loco;
1631 3857 1959 3914 affirmantes

389 3941 702 4011 Apostolum
739 3944 840 3998 hoc
873 3946 1096 4011 dixisse,
1127 3957 1182 4001 et
1213 3949 1354 4002 hunc
1381 3959 1585 4003 textum
1621 3951 1799 4005 stolidi
1834 3967 1959 4020 pro-

387 4033 608 4087 ducunt.
657 4033 714 4089 ld
745 4050 874 4090 vero
925 4037 1007 4092 sic
1054 4052 1112 4091 se
1165 4053 1268 4093 non
1324 4040 1484 4094 liabet
1516 4058 1529 4094 :
1563 4050 1618 4096 at
1652 4043 1962 4109 quomodo?

387 4122 585 4179 Omnes
621 4124 716 4193 qui
754 4127 1062 4194 baptizandi
1105 4138 1252 4194 sunt,
1291 4131 1591 4200 symbolum
1640 4132 1759 4186 fidei
1792 4133 1957 4203 profl-

387 4223 588 4270 tentur.
623 4214 678 4269 ln
711 4231 776 4271 eo
804 4217 947 4272 enim
989 4220 1266 4291 symbolo,
1305 4237 1406 4275 una
1441 4238 1559 4277 cum
1598 4223 1718 4279 aliis
1759 4234 1812 4279 et
1853 4225 1956 4282 hoc

387 4307 734 4375 proponitur,
772 4328 790 4361 ι
825 4310 1000 4366 Credo
1038 4314 1492 4369 resurrectionem
1534 4324 1894 4373 mortuorum.
1928 4338 1946 4370 ι

389 4396 526 4452 Dicit
579 4397 794 4467 igitur:
849 4402 949 4470 Qui
998 4405 1344 4461 crediderunt
1401 4406 1633 4463 futuram
1686 4424 1808 4465 esse
1877 4426 1958 4466 re-

2073 4400 2442 4470 πρόκειταιπο
2497 4421 2517 4455 ι
2568 4403 2818 4456 Πιστεύω
2853 4406 2931 4467 είς
2979 4403 3278 4458 ἀνάστασιν
3327 4403 3536 4475 νεκρῶν.
3573 4419 3590 4452 ι

385 4493 775 4548 surrectionem
819 4505 1160 4552 mortuorum
1212 4515 1520 4569 corporum,
1569 4513 1625 4557 et
1653 4505 1741 4572 qui
1778 4505 1954 4575 bapti-

2073 4495 2228 4564 b-qalv
2257 4491 2372 4558 οὖν,
2394 4495 2474 4548 ὅτι
2509 4495 2575 4548 Ui
2603 4495 3011 4560 πιστεύσαντες.
3038 4501 3120 4551 ὅτι
3151 4498 3305 4552 ἔσται
3333 4499 3595 4556 ἀνάστασις

385 4582 487 4636 ιιιιί
518 4587 717 4638 suntin
755 4588 915 4643 talem
952 4605 1132 4660 spem,
1179 4594 1306 4661 quid
1341 4593 1542 4648 facient
1565 4595 1610 4649 si
1642 4595 1839 4650 fuerint
1869 4598 1962 4652 de-

2073 4587 2270 4656 νεκρῶν
2316 4588 2587 4658 σωμάτων
2611 4627 2625 4652 ,
2659 4590 2755 4641 καὶ
2796 4587 3182 4658 βαπτισθέντες
3219 4591 3315 4644 επὶ
3350 4587 3593 4647 τοιαύταις

385 4673 561 4742 cepti?
581 4675 714 4742 Quid
736 4688 915 4736 autem
935 4683 1156 4738 omnino
1181 4685 1522 4754 baptizantur
1537 4687 1781 4743 homines
1800 4703 1961 4758 super

2073 4677 2256 4742 )mfat,
2286 4677 2339 4730 τί
2386 4679 2710 4745 ποιήσουσιν
2741 4681 3143 4750 ἀπαττ,θέντες;
3177 4682 3227 4735 τί
3264 4681 3318 4736 δὲ
3349 4681 3473 4744 ὅλως
3514 4677 3590 4730 καὶ

386 4769 823 4836 resurrectione,
881 4773 983 4827 boc
1038 4783 1120 4829 est
1176 4776 1227 4828 in
1267 4779 1668 4845 exspectatione
1703 4795 1961 4836 resurre-

2073 4766 2408 4831 iantICowat
2447 4769 2726 4840 ἄνθρωποι
2753 4772 2894 4842 ὑπὲρ
2919 4774 3290 4836 ἀναστάσεως,
3326 4771 3587 4830 τουτέστιν,

2055 4860 2152 4915 ἐπὶ
2181 4860 2478 4932 προσδοκίᾳ
2512 4863 2861 4926 ἀναστάσεως
2882 4901 2898 4926 ,
2928 4866 2977 4916 εἰ
3015 4865 3203 4934 νεκροὶ
3235 4865 3334 4917 οὑκ
3380 4861 3587 4931 ὲγεέρονο

670 5003 672 5006 ,
2054 4970 2176 5020 ταις

454 5031 620 5090 Vens.
645 5036 736 5090 50.
762 5055 779 5089 ι
809 5039 943 5106 Quid
969 5051 1024 5096 et
1055 5057 1149 5096 nos
1167 5045 1533 5110 periclitamur
1555 5048 1702 5101 omni
1727 5048 1897 5102 hora?
1928 5069 1946 5100 ι

2134 5065 2154 5098 ι
2195 5045 2260 5098 Τί
2285 5047 2380 5100 καὶ
2404 5048 2565 5117 ἡμεῖς
2587 5045 2968 5116 κινδυνεύομεν
2999 5047 3177 5100 πᾶσαν
3198 5047 3343 5118 ὥραν
3367 5063 3380 5108 ;
3411 5062 3426 5096 ι
3453 5042 3506 5096 El
3533 5039 3582 5091 οὑ

384 5119 440 5176 Si
470 5138 573 5178 non
606 5127 844 5196 recipitis
869 5131 936 5183 ad
968 5131 1478 5190 demonstrationem
1512 5138 1948 5204 resurrectionis,

2073 5138 2270 5208 ἱέχεσθε
2295 5138 2432 5209 πρὸς
2459 5137 2735 5204 ἀπόδειξιν
2759 5139 2857 5209 τῆς
2906 5140 3250 5202 ἀναστάσεως
3276 5139 3370 5209 τὴν
3389 5136 3468 5189 διὰ
3492 5129 3580 5184 τῶν

381 5214 776 5274 confessionem
815 5222 1104 5277 verborum
1133 5239 1291 5292 quam
1322 5227 1523 5281 faciunt
1551 5229 1641 5297 qui
1671 5229 1956 5298 baptizan-

2073 5227 2314 5297 iqudrwv
2347 5227 2635 5295 ὁμολογίαν
2658 5266 2673 5291 ,
2709 5229 2775 5298 ῆν
2807 5230 2855 5280 οἱ
2887 5227 3276 5300 βαπτιζόμενοι
3317 5224 3580 5282 ποιοῦνται,

385 5315 494 5371 tur,
529 5311 756 5379 accipite
785 5329 911 5368 vero
948 5329 1132 5369 vocem
1165 5331 1326 5383 quam
1365 5332 1451 5372 res
1485 5318 1611 5388 ipsae
1641 5319 1953 5389 loquuntur.

2073 5319 2273 5385 ῑέξασθε
2302 5320 2394 5373 καὶ
2422 5319 2521 5390 τὴν
2548 5319 2638 5372 διὰ
2666 5320 2776 5375 τῶν
2804 5320 3146 5391 πραγμάτων
3177 5323 3380 5392 φωνήν.
3419 5315 3580 5385 Ἡμεῖς

380 5393 493 5452 Nos
537 5401 678 5455 enim
716 5405 942 5474 apostoli
990 5421 1181 5461 omnes
1226 5423 1497 5476 nunquam
1545 5423 1652 5463 non
1700 5409 1955 5478 periculis

2073 5409 2156 5477 ’ἀρ
2185 5410 2385 5473 πάντες
2414 5412 2462 5463 οἱ
2487 5411 2775 5465 ἀπόστολοι
2813 5415 2870 5465 ἐν
2895 5411 3156 5476 κινδύνοις
3187 5415 3349 5483 ἐσμὲν
3369 5408 3474 5464 ἀεί’
3503 5405 3578 5457 καὶ

381 5504 573 5546 sumus
617 5497 837 5551 obnoxii
896 5515 911 5551 :
956 5508 1008 5552 et
1061 5498 1166 5554 nisi
1212 5511 1356 5555 esset
1409 5504 1756 5567 resurrectio,
1799 5503 1953 5573 cujus

2080 5504 2096 5554 i
2130 5502 2205 5574 μὴ
2231 5497 2300 5574 ἦν
2331 5504 2647 5571 ἀνάστασις,
2675 5505 2820 5570 τίνος
2839 5505 3027 5560 ἕνεκεν
3055 5506 3481 5576 ἐκινδυνεύομενὶ
3505 5499 3574 5550 Μ

2143 3137 2164 3172 ι
2214 3120 2372 3174 Ἐπεὶ
2398 3120 2452 3174 τί
2483 3109 2801 3191 ποιήσουσιν
2833 3123 2882 3176 οἱ
2933 3123 3326 3196 βαπτιζόμενοι
3361 3125 3490 3196 ὑπὲρ
3517 3123 3602 3175 τῶν

2064 3213 2294 3284 νεκρῶν,
2319 3215 2368 3266 εἰ
2390 3213 2526 3273 ὅλως
2551 3214 2734 3284 νεκροὶ
2764 3214 2863 3267 οὑκ
2889 3215 3234 3286 ἐγείρονται;
3258 3217 3310 3269 τί
3330 3217 3418 3270 καὶ
3439 3216 3600 3286 βαπτί-

2061 3305 2246 3370 ζονται
2297 3305 2438 3375 ὑπὲρ
2480 3305 2590 3357 τῶν
2643 3307 2886 3375 νεκρῶν;
2936 3327 2954 3358 ι
2999 3309 3062 3361 Oi
3105 3309 3508 3380 Μαρκιωνισταὶ
3536 3308 3602 3359 αἱ-

2064 3398 2288 3469 ρετικοὶ,
2309 3397 2528 3451 ἐπειδάν
2548 3415 2630 3461 τις
2654 3399 2784 3468 παρ’
2806 3400 2992 3463 αὐτοῖς
3012 3400 3348 3466 ἀϐάπτιστός
3369 3401 3597 3468 ἀποθάνῃ,

2062 3491 2167 3543 ὑπὸ
2191 3490 2289 3562 τὴν
2318 3489 2504 3558 κλίνην
2529 3490 2622 3542 τοῦ
2648 3491 3097 3562 τετελευτηκότος
3116 3495 3161 3524 ⁷ο
3193 3492 3486 3564 κρύψαντές
3506 3507 3603 3542 τινα

2062 3579 2262 3644 ζῶντα,
2295 3582 2550 3651 προσίασι
2582 3584 2647 3652 τῇ
2682 3582 2857 3654 κλίνῃ.
2897 3585 2989 3636 καὶ
3023 3585 3272 3654 ἐρωτῶσι
3307 3585 3394 3637 τὸν
3422 3582 3600 3652 νεκρὸν,

2062 3677 2110 3726 εἰ
2146 3673 2388 3742 βούλοιτο
2415 3671 2800 3742 βαπτισθῆναι·
2834 3677 2928 3728 καὶ
2955 3677 3313 3747 ἀποκρίνεται
3343 3679 3370 3729 6
3401 3691 3602 3742 κεκρυμ-

2065 3757 2222 3828 μένος
2253 3758 2497 3813 κάτωθεν
2518 3801 2532 3821 ,
2562 3761 2645 3813 ὅτι
2671 3761 2918 3830 βούλεται
2937 3780 2953 3795 ο
2983 3765 3078 3817 καὶ
3103 3764 3248 3817 οὕτω
3282 3763 3600 3835 βαπτίζουσιν

2060 3852 2223 3906 αὑτὸν
2265 3853 2386 3905 ἀντὶ
2425 3853 2520 3906 τοῦ
2571 3853 2920 3919 ἀπελθόντος.
2983 3853 3113 3910 Εἶτα
3166 3857 3599 3927 κατηγορούμενα

2061 3944 2156 3997 ἐπὶ
2181 3944 2376 4015 τούτῳ,
2413 3946 2806 4015 ἀπολογοῦνται
2832 3989 2845 4011 ,
2875 3950 2955 4002 ὅτι
2981 3951 3009 4002 6
3044 3951 3367 4014 ’Λπόστολος
3401 3949 3540 4003 τοῦτο
3562 3947 3596 3977 ⁷⁸
3663 3978 3665 3980 -

2061 4031 2204 4096 εἷπε,
2230 4035 2322 4090 καὶ
2343 4039 2653 4107 παράγουσι
2664 4039 2762 4111 τὴν
2787 4040 2946 4110 ῥῆσιν
2967 4042 3172 4112 ταύτην
3191 4045 3240 4095 οξ
3266 4042 3595 4109 παράφρονες-

2060 4128 2136 4180 Τὸ
2176 4128 2233 4181 δὲ
2265 4128 2362 4198 ούχ
2414 4129 2588 4193 οὕτως
2643 4131 2790 4202 ἔχει·
2845 4132 2980 4185 ἀλλά
3021 4133 3175 4200 πῶς;
3229 4135 3295 4187 Οί
3351 4133 3598 4203 μέλλοντες

2062 4217 2423 4288 βαπτισθῆναι
2459 4219 2656 4284 πάντες
2687 4221 3092 4290 ἀπαγγέλλουσι
3131 4224 3191 4275 τὸ
3233 4222 3492 4294 σύμϐολον
3520 4221 3598 4287 τῆς

2061 4308 2326 4372 πίστεως·
2373 4309 2434 4361 ὲν
2473 4306 2567 4363 οὖν
2608 4311 2786 4381 τούτῳ
2837 4312 2974 4381 μετά
3011 4312 3120 4364 τῶν
3151 4313 3326 4367 ἀλλων
3354 4309 3597 4365 καὶτοῦτο

383 4856 611 4926 ctionis,
639 4858 685 4914 si
715 4864 906 4917 mortui
940 4879 1044 4918 non
1072 4867 1410 4921 excitantur?

1737 5657 1929 5720 Varia
1957 5659 2282 5724 lectiones.

459 5769 503 5805 θ’
536 5770 900 5840 ἀποδυόμενος
939 5789 988 5830 ο,
1071 5776 1114 5807 ‘9
1151 5779 1233 5830 ὅτι
1288 5795 1336 5833 o.
1419 5783 1461 5812 ⁷ο
1493 5782 1917 5853 τελευτήσαντος
1968 5799 2020 5838 o.
2099 5783 2140 5814 τί
2186 5785 2242 5836 ὲν
2285 5780 2460 5853 τούτῳ
2485 5799 2539 5838 o.
2613 5783 2658 5816 ⁷⁸
2697 5781 3013 5856 πρόσκειται
3049 5796 3099 5836 o.
