3806 6590
209 398 309 466 739

965 392 1370 458 EXPOSITIO
1398 390 1480 457 IN
1521 394 1763 458 EPIST.
1810 396 1838 458 ῐ
1876 400 1977 460 AD
2014 396 2182 460 COR.
2221 421 2292 432 —
2326 395 2484 457 CAP.
2523 396 2600 457 X.

3310 393 3420 460 770

200 513 335 573 τίνος
386 505 815 576 ἀπολαυσωμενς
880 504 944 559 Et
997 504 1108 574 γάρ
1153 502 1250 558 καὶ
1308 501 1399 556 διά
1452 498 1751 566 κενοδοξίαν

1879 502 1942 564 rei
1991 501 2162 569 gratia
2224 498 2462 568 pericula
2525 497 2870 553 subiremus?
2936 495 3093 567 cuitu
3161 499 3441 555 commodi

201 601 360 659 ελοιτό
387 615 472 664 τις
500 597 835 652 κινδυνεύειν
857 637 873 663 ,
903 596 1053 663 ἅπαξ
1090 597 1124 667 ἢ
1175 595 1427 667 δεύτερον
1473 593 1540 648 ἂν
1577 593 1751 646 ἕλοιτο

200 694 373 750 τοῦτο·
408 690 470 745 τδ
510 690 566 744 δὲ
608 690 791 744 πᾶσαν
842 688 1014 760 ῶραν,
1063 687 1255 760 ὥσπερ
1294 688 1477 758 ἡμεῖς,
1516 684 1746 755 μεγίστη

197 782 454 848 ἀπόδειξις
503 779 598 836 τοῦ
642 779 1166 855 πεπληροφορῆσθαι
1211 779 1471 851 περὶτῆς
1514 776 1751 832 ἀναστά-

196 889 342 936 σεως.

200 1095 205 1101 -
263 1083 279 1117 ι
312 1062 448 1118 Καθ’
469 1061 682 1134 ἡμέραν
711 1061 1059 1133 ἀποθνήσκω,
1091 1061 1159 1134 νὴ
1185 1061 1283 1131 τὴν
1311 1061 1585 1133 ὑμετέραν
1611 1059 1751 1114 καύ-

196 1173 360 1227 χησιν,
397 1155 466 1227 ἣν
493 1156 601 1227 ἔχω
635 1156 694 1207 ὲν
719 1154 939 1226 Χριστῷ
983 1153 1156 1221 Ἰησοῦ
1184 1155 1263 1225 τῷ
1290 1155 1478 1225 Κυρὶῳ
1505 1152 1682 1224 ἡμῶν.
1724 1170 1744 1204 ι

195 1247 379 1312 Εἰπὼν,
415 1249 500 1300 ὅτι
535 1265 551 1297 ι
583 1244 1030 1316 Κινδυνεύομεν,»
1068 1244 1237 1310 ἔδειξε
1266 1244 1394 1308 τοὺς
1430 1242 1747 1307 κινδύνους*

196 1339 380 1409 μᾶλλον
416 1337 472 1390 δὲ
511 1338 697 1408 μεῖζόν
730 1355 820 1403 τι,
854 1337 1114 1401 θανάτους
1156 1336 1578 1407 καθημερινοῦςο
1627 1334 1752 1400 Πῶς

192 1434 240 1486 δὲ
280 1431 399 1484 καθ’
426 1432 646 1502 ἡμέραν
693 1430 1037 1502 ἀπέθνησκε;
1084 1432 1163 1503 Τῇ
1196 1429 1484 1504 προθυμίᾳ
1504 1470 1520 1494 ,
1550 1428 1645 1482 καὶ
1671 1427 1751 1499 τῷ

191 1521 314 1592 πρὸς
340 1522 498 1577 τοῦτο
522 1523 966 1593 παρεσκευάσθαι
987 1563 1001 1586 ,
1030 1524 1124 1578 καὶ
1145 1523 1224 1593 τῷ
1245 1522 1468 1577 τοιαῦτα
1497 1521 1748 1590 πάσχειν,

191 1614 221 1668 ἀ
246 1613 466 1668 θάνατον
493 1612 683 1686 ἔφερε.
732 1633 752 1667 ι
794 1615 881 1685 Νὴ
931 1614 1031 1686 τὴν
1064 1613 1339 1684 ὑμετέραν
1385 1610 1656 1680 καύχησιν
1679 1626 1691 1639 ·
1722 1626 1741 1660 ι

186 1707 437 1772 τουτέστι,
465 1706 555 1775 Νὴ
585 1708 685 1777 τὴν
710 1707 983 1779 ὑμετέραν
1016 1706 1320 1777 προκοπὴν,
1349 1703 1435 1774 ἐφ’
1528 1699 1749 1772 καυχῶ-

195 1814 301 1868 μαι.
344 1798 631 1867 Καύχησις
660 1799 771 1869 γὰρ
795 1799 872 1868 τῷ
899 1797 1207 1868 διδασκάλῳ
1226 1837 1242 1862 ,
1276 1799 1312 1868 ή
1353 1796 1463 1850 τῶν
1493 1794 1751 1867 μαθητῶν

191 1887 447 1959 προκοπή.
483 1886 620 1942 Εἶτα
648 1890 725 1960 τῷ
753 1888 972 1961 Χριστῷ
998 1890 1272 1954 ἀνατιθεὶς
1309 1888 1466 1943 τοῦτο
1485 1928 1500 1951 ,
1534 1888 1700 1959 φησίν
1732 1902 1746 1917 '

196 2000 214 2032 r
237 1982 332 2033 Ἢν
353 1980 461 2051 ἔχω
491 1984 550 2034 ἐν
577 1980 798 2053 Χριστῷ
824 1981 1002 2052 Ἰησοῦ
1019 1998 1034 2013 ο
1060 2006 1082 2036 ι
1109 1982 1320 2036 ἐκείνου
1342 1982 1454 2054 γὰρ
1481 1981 1543 2036 τὸ
1564 1981 1751 2053 ἔργον,

190 2075 278 2128 οὑκ
304 2075 455 2145 ἐμόν.
490 2072 789 2143 Σοφώτατα
822 2073 880 2128 δὲ
923 2074 1336 2147 ὑπομιμνήσκει
1369 2073 1593 2137 τούτους
1613 2113 1628 2139 ,
1668 2074 1754 2127 ὅτι

190 2165 390 2235 Ὠσπερ
414 2165 712 2235 καυχῶμαι
751 2164 1176 2235 προκοπτόντων
1192 2165 1265 2231 ’³,
1299 2162 1472 2229 οὕτως
1514 2162 1753 2233 ἐγκαλύ-

189 2255 347 2327 ψομαι
371 2258 451 2324 ⁷δ,
483 2260 535 2311 εἰ
574 2258 704 2328 ἄχρι
732 2256 918 2321 τέλους
950 2256 1125 2321 οὕτως
1156 2256 1353 2322 ἀθλίως
1385 2256 1572 2328 ἔχετε,
1609 2255 1752 2310 ὥστε

189 2353 247 2422 τῇ
278 2351 570 2407 ἀναστάσει
599 2350 920 2405 διαπιστεῖν.

255 2653 274 2687 ι
309 2636 370 2689 Ei
406 2635 556 2689 κατὰ
584 2636 870 2708 ἄνθρωπον
892 2635 1306 2708 ἐθηριομάχησα
1336 2637 1394 2692 ὲν
1438 2637 1666 2709 Ἐφέσῳ,
1695 2638 1751 2691 τί

194 2743 283 2794 μου
312 2727 373 2779 τὸ
404 2724 633 2795 δφελοςς
693 2744 713 2778 ι
753 2727 954 2793 Ὅσον,
987 2728 1154 2799 φησὶ,
1199 2728 1262 2781 τὸ
1293 2729 1374 2792 είς
1406 2728 1752 2800 ἀνθρώπους,

191 2818 597 2890 ἐθηριομάχησα
629 2833 645 2848 ·
676 2818 730 2871 τί
766 2819 875 2890 γὰρ
906 2821 957 2874 si
995 2823 1023 2874 ὁ
1053 2821 1184 2884 Θεὸς
1224 2821 1499 2892 ὲξήρπασέ
1537 2839 1605 2893 με
1642 2822 1753 2878 τῶν

190 2908 432 2963 κινδύνων
454 2926 471 2975 ;
494 2910 552 2962 τί
577 2904 672 2963 οὖν
694 2909 884 2979 δφελός
916 2928 1030 2982 μοι,
1064 2912 1415 2977 ἀναστάσεως
1443 2913 1519 2984 μὴ
1550 2912 1752 2985 οὖσηςς

191 2997 560 3068 Θηριομαχίαν
615 2999 674 3053 δὲ
750 3001 906 3055 καλεί
966 3000 1066 3073 τὴν
1118 3001 1255 3074 πρὸς
1317 3003 1604 3068 Ἰουδαίους
1657 3006 1754 3059 καὶ

190 3092 483 3163 Δημήτριον
509 3091 609 3144 τὸν
646 3093 1029 3165 ἀργυροκόπον
1062 3094 1262 3166 μάχην.
1298 3093 1364 3146 Τί
1397 3095 1506 3167 γὰρ
1536 3090 1751 3151 οὗτοι⁷1⁸

190 3181 378 3254 θηρίων
415 3183 672 3255 διέφερον
691 3201 706 3253 ;

259 3401 277 3434 ι
333 3383 392 3436 Εἰ
424 3382 618 3455 νεκροὶ¹
665 3382 767 3437 οὑκ
810 3384 1117 3457 ἐγείρονται
1141 3425 1157 3450 ,
1192 3386 1457 3458 φάγωμεν
1488 3388 1583 3442 καὶ
1616 3387 1755 3443 πίω-

195 3491 316 3545 μενι
367 3475 563 3546 αῠριον
612 3476 723 3547 γάρ
771 3477 1210 3550 ἀποθνήσκομεν.
1253 3499 1272 3532 ι
1317 3479 1379 3535 Εἰ
1413 3482 1598 3549 νεκροὶ¹
1651 3483 1752 3536 οὐκ

190 3569 497 3643 ἐγείρονται,
523 3571 648 3624 οὐδὲ
679 3571 832 3626 ἔσται
860 3572 978 3625 tua!
999 3572 1322 3639 ἀπόλαυσις,
1351 3574 1752 3646 ἀπολαύσωμεν

190 3662 360 3715 ’τοιπδν
383 3663 491 3715 τῶν
513 3664 577 3716 ἐν
602 3661 682 3733 τῷ
714 3662 814 3733 βίῳ
844 3661 1020 3732 τούτῳ
1041 3663 1284 3731 ἀγαθῶν,
1308 3664 1403 3718 τού
1435 3667 1628 3734 φαγεῖν
1653 3666 1753 3719 καὶ

190 3753 276 3807 τοῦ
322 3757 502 3809 πιετνο
548 3754 725 3809 ταῦτα
783 3757 891 3826 γάρ
935 3755 1328 3828 κερδανοῦμεν.
1375 3757 1547 3812 Τοῦτο
1588 3758 1646 3813 δὲ
1686 3758 1755 3812 τὸ

193 3848 328 3916 ρήμα
357 3847 464 3900 ἀπὸ
515 3847 617 3901 τοῦ
671 3845 895 3902 Ἡσαΐου
940 3850 1234 3920 παρήγαγε
1256 3888 1271 3912 ,
1317 3850 1600 3920 κωμῳδῶν
1651 3850 1752 3923 τήν

191 3939 359 3994 άνοιαν
382 3939 492 3995 τῶν
530 3941 609 4013 μὴ
641 3939 910 4011 λεγόντων
938 3940 1252 3996 ἀνάστασιν.

310 4051 401 4123 Μὴ
426 4049 740 4106 ﬂuvialis-
774 4049 1091 4122 φθείρουσιν
1138 4049 1245 4121 ήθη
1285 4050 1498 4122 χρηστά
1545 4053 1752 4123 ὁμιλίαι

192 4143 364 4197 κακαί.
406 4162 425 4196 ι
470 4143 603 4197 Ἐπὶ
643 4142 963 4212 παραίνεσιν
993 4141 1184 4213 τρέπει
1211 4145 1305 4195 τὸν
1331 4143 1490 4212 λόγον
1513 4158 1529 4173 ο
1566 4143 1751 4216 ἠρέμα

191 4232 241 4286 δέ
281 4234 370 4289 καὶ
410 4235 486 4298 ὡς
522 4235 768 4304 ἀνοήτων
800 4234 981 4287 αὐτῶν
1022 4234 1116 4288 καὶ
1152 4233 1370 4302 κούφων
1413 4237 1748 4306 κατηγορεῖ·

192 4322 332 4377 τοῦτο
356 4325 465 4397 γὰρ
495 4325 652 4394 δηλοῖ
680 4324 768 4378 δά
797 4321 922 4391 τοῦ,
965 4342 985 4375 ι
1015 4323 1110 4394 Μὴ
1142 4324 1438 4380 πλανᾶσθε.
1474 4343 1494 4378 ι
1524 4325 1752 4396 Χρηστά

190 4410 241 4464 δὲ
267 4414 366 4485 ήθη
388 4455 404 4480 ,
430 4415 501 4469 τά
532 4415 915 4483 εὐεξαπάτητα
943 4414 1132 4469 καλείο
1158 4414 1310 4486 δηλοῖ
1332 4412 1515 4486 μέντοι
1544 4416 1627 4470 ὅτι
1656 4417 1752 4470 καὶ⁹

192 4502 331 4559 ἄλλοι
359 4507 561 4571 αὐτοὺς
592 4507 672 4570 εὶς
701 4506 770 4560 τά
802 4505 1025 4561 τοιαῦτα
1055 4506 1442 4578 ὑποσύρουσιν.

258 4723 278 4755 ι
324 4704 631 4776 Ἐκνήψατε
657 4702 901 4768 δικαίως,
934 4702 1028 4757 καὶ
1062 4700 1138 4774 μὴ
1171 4701 1542 4774 ἁμαρτάνετε·
1578 4704 1755 4771 ἀγνω-

197 4796 305 4850 σίαν
340 4796 448 4868 γάρ
476 4794 616 4849 Θεοῦ
654 4811 801 4859 τινες
844 4792 1080 4866 ἔχουσιν.
1117 4812 1137 4847 ι
1181 4794 1269 4857 Ὠς
1305 4793 1397 4846 ἐπὶ
1441 4793 1756 4864 μεθυόντων

194 4887 268 4953 τδ,
297 4906 315 4939 ι
337 4887 657 4959 Ἐκνήψατε’
692 4905 712 4939 ‹
734 4885 796 4939 τὸ
824 4885 905 4950 δὲ,
940 4904 959 4939 t
984 4886 1237 4951 Δικαίως,
1267 4904 1289 4939 ι
1318 4886 1504 4950 οἱονεὶ,
1543 4903 1758 4958 συμπρε-

197 4979 406 5047 ρόντως.
442 4980 565 5032 Ἐνι
588 4978 698 5050 γὰρ
731 4978 826 5032 καλ⁸
855 4975 1052 5042 ἀδίκως
1074 4977 1288 5048 νήφειν,
1312 4973 1424 5031 οἷον
1454 4979 1546 5032 ἐπὶ
1575 4979 1752 5050 κακῷ.

200 5084 223 5120 ο
248 5069 352 5124 Καὶ
389 5072 463 5142 μὴ
491 5071 861 5142 ἁμαρτάνετε,
897 5088 916 5122 ι
957 5070 1152 5142 φησιν’
1179 5072 1245 5124 ὲκ
1286 5069 1477 5125 τούτου
1507 5071 1616 5144 γάρ
1660 5073 1756 5127 καὶ

199 5160 259 5229 τῇ
289 5159 576 5216 ἀναστάσει
612 5161 916 5225 ἀπιστεῖτε.
953 5162 1019 5218 Οἱ
1058 5160 1167 5232 γὰρ
1209 5162 1422 5226 ἑαυτοῖς
1456 5162 1756 5228 συνειδότες

200 5249 359 5317 κακά,
387 5251 447 5307 οὗ
488 5250 765 5307 πείθονται
796 5248 933 5307 εἶναι
964 5253 1292 5318 ἀνάστασιν,
1328 5252 1437 5308 δέει
1462 5254 1571 5308 τῶν
1597 5255 1759 5310 κολά-

203 5356 351 5396 σεων.
396 5344 697 5413 Ἀγνωσίαν
731 5345 787 5399 δὲ
817 5343 954 5398 Θεοῦ
980 5344 1227 5416 ἔχουσιν,
1271 5347 1320 5400 ot
1352 5349 1416 5418 τῇ
1461 5349 1756 5402 ἀναστάσει

202 5432 620 5502 διαπιστοῦντες.
655 5440 729 5492 Οὐ
757 5437 866 5510 γάρ
899 5438 1046 5494 ῐσασι
1087 5439 1184 5493 τοῦ
1223 5439 1360 5494 Θεοῦ
1410 5441 1471 5494 τὸ
1503 5440 1750 5498 δυνατόν.

275 5566 294 5608 ¹
320 5567 427 5626 ιω.
449 5586 584 5638 nu,
618 5570 707 5625 l3.

1861 591 2229 662 οοοιεείιιιεηάἰ
2253 590 2466 661 gratia?
2484 589 2742 657 Quamvis
2758 589 2901 644 enim
2924 589 3122 661 aliquis
3143 589 3309 663 224
3329 605 3441 646 am-

1862 684 2066 739 bitione
2100 684 2321 749 ductus,
2352 681 2594 751 pericula
2626 682 2838 749 subeat,
2865 683 3036 740 semel
3068 683 3253 741 forsan
3277 693 3442 756 atque

1858 775 2059 832 iterum
2115 775 2416 845 periculum
2454 774 2716 845 elegerit;
2755 790 2945 830 verum
2992 775 3225 847 singulis
3269 777 3441 835 horis.

1863 865 2323 935 quemadmodum
2349 878 2469 929 nos,
2495 864 2816 933 periclitari,
2844 867 3078 921 maxima
3102 867 3443 925 demonstra-

1863 960 1940 1013 tio
1966 965 2075 1021 est,
2106 972 2207 1012 nos
2235 956 2302 1011 de
2344 956 2748 1013 resurrectione
2774 966 2955 1013 certos
2978 972 3119 1014 esse.

1940 1067 2103 1124 Vens.
2129 1069 2223 1123 51.
2260 1084 2280 1118 ι
2322 1064 2575 1133 Quotidie
2598 1064 2829 1132 morior,
2853 1079 2952 1133 per
2976 1074 3212 1120 vestram
3244 1065 3440 1137 gloria-

1864 1159 2068 1216 tionem
2089 1174 2252 1231 quam
2276 1158 2449 1213 habeo
2466 1157 2523 1211 in
2548 1155 2764 1210 Christo
2780 1155 2905 1211 Jesu
2926 1155 3154 1211 Domino
3175 1142 3385 1213 nostro.
3415 1177 3434 1209 ι

1861 1249 1996 1305 Cum
2025 1249 2274 1314 dixisset,
2300 1266 2319 1301 ι
2349 1246 2749 1312 Periclitamur,
2779 1265 2798 1299 ι
2831 1246 3065 1316 pericula
3100 1247 3186 1302 hic
3211 1261 3438 1318 expres-

1861 1349 1935 1404 sit
1970 1364 1987 1404 :
2019 1348 2129 1402 imo
2155 1345 2337 1415 potius
2368 1340 2544 1409 majus
2565 1339 2845 1410 quiddam,
2873 1337 3227 1406 quotidianus
3258 1339 3444 1393 videli-

1858 1439 1950 1496 cet
1994 1446 2220 1493 mortes.
2254 1435 2534 1503 Quomodo
2577 1442 2757 1487 autem
2807 1430 2859 1485 in
2894 1431 3139 1500 singulos
3176 1432 3292 1484 dies
3325 1447 3442 1484 mo—

1861 1526 2142 1584 riebatur?
2185 1524 2364 1579 Animi
2418 1519 2876 1593 promptitudiue,
2930 1526 2985 1575 et
3040 1521 3177 1590 quia“
3216 1521 3282 1574 ad
3339 1523 3444 1576 hoc

1862 1621 2167 1675 instructus
2199 1626 2255 1673 et
2288 1626 2510 1686 paratus
2538 1612 2727 1677 fuerit,
2759 1622 2814 1666 et
2837 1612 2962 1683 quia
2995 1612 3125 1666 talia
3161 1613 3444 1679 pertulerit

1861 1726 1983 1781 qua:
2025 1717 2252 1765 mortem
2298 1706 2617 1763 afferebaut.
2666 1723 2687 1757 ι
2738 1702 2847 1759 Per
2880 1714 3119 1759 vestram
3165 1704 3445 1774 gloriatio-

1863 1819 2007 1867 uem,
2045 1821 2063 1853 ι
2100 1801 2154 1857 id
2184 1810 2288 1867 est,
2318 1800 2423 1854 Per
2451 1806 2692 1853 vestrum
2731 1797 3052 1867 profectum,
3086 1796 3241 1867 cujus
3266 1797 3440 1866 gratia

1858 1896 2063 1965 glorior
2107 1892 2405 1966 :gloriatio
2446 1892 2590 1947 enim
2657 1889 3010 1960 praeceptoris
3055 1887 3441 1959 discipulorum

1857 1999 1943 2043 est
1993 2000 2335 2057 progressus.
2398 1982 2605 2038 Deinde
2657 1980 2881 2036 Christo
2936 1979 3083 2035 istud
3139 1978 3443 2043 ascribens,

1862 2093 1881 2127 ι
1913 2073 2086 2141 Quam
2118 2073 2311 2138 habeo,
2332 2091 2370 2126 υ»
2401 2072 2597 2142 inquit,
2637 2089 2656 2124 ι
2694 2070 2748 2126 iu
2782 2068 3154 2151 Cltt‘islo_.lesu
3182 2087 3197 2124 :
3237 2088 3257 2122 ι
3281 2069 3443 2151 ⁸ίιιίυδ

1859 2166 2008 2221 enim
2058 2180 2195 2234 opus
2241 2172 2359 2229 est,
2402 2178 2507 2218 non
2556 2175 2758 2217 meum.
2810 2146 3230 2232 Sapien'tissime
3263 2146 3441 2215 autem

1856 2273 1952 2315 eos
1985 2254 2433 2318 commonefacit,
2470 2253 2577 2321 Ut,
2615 2254 2867 2322 inquiens
2888 2294 2905 2320 ,
2929 2249 3010 2309 de'
3041 2261 3223 2308 vestro
3253 2253 3305 2307 in
3336 2251 3444 2309 fide

1856 2363 2147 2421 progressu
2180 2347 2404 2418 glorior,
2436 2347 2518 2402 sic
2552 2345 2847 2416 pudetlam,
2873 2345 3070 2415 inquit,
3104 2346 3150 2402 si
3179 2347 3245 2400 ad
3279 2345 3441 2401 finem

1860 2455 2037 2509 usque
2091 2441 2227 2494 adeo
2274 2437 2470 2492 misere
2514 2451 2613 2493 vos
2660 2437 2886 2507 geratis,
2946 2444 3006 2493 ut
3057 2436 3441 2492 resurrectioui

1857 2533 2016 2588 fidem
2054 2544 2161 2586 non
2191 2528 2521 2583 adhibeatis.
2786 2534 2793 2541 '

1929 2636 2093 2692 Vens.
2137 2636 2229 2692 52.
2279 2654 2312 2687 ι·
2342 2633 2398 2690 Si
2445 2633 2740 2689 secundum
2793 2631 3072 2688 hominem
3124 2632 3190 2685 ad
3239 2632 3443 2689 bestias

1857 2729 2090 2801 pugnavi
2122 2724 2342 2799 Ephesi,
2376 2742 2495 2797 quae
2529 2726 2661 2781 mihi
2694 2723 2941 2781 utilitas?
2973 2743 2992 2776 ι
3028 2724 3326 2792 Quatenus,
3360 2726 3444 2778 in-

1856 2823 1996 2893 quit,
2021 2822 2088 2877 ad
2113 2819 2358 2876 homines
2390 2818 2655 2889 pertinet,
2685 2832 2806 2871 cum
2839 2815 2971 2871 feris
2993 2816 3270 2871 dimicavi.
3297 2816 3441 2884 Quid

1857 2914 2002 2968 enim
2051 2913 2095 2967 si
2139 2911 2277 2966 Deus
2320 2925 2351 2964 e
2387 2909 2639 2981 periculis
2678 2923 2766 2963 me
2811 2907 3051 2977 eripuit?
3089 2906 3229 2975 Quid
3274 2909 3441 2978 igitur

1858 3004 1991 3059 mihi
2023 3003 2265 3071 prodest,
2291 3000 2336 3054 si
2364 3001 2696 3055 resurrectio
2717 3013 2821 3054 non
2852 2998 2961 3054 sit?
2984 2998 3222 3070 Pugnam
3255 3010 3436 3055 autem

1857 3111 1981 3150 cum
2009 3092 2203 3149 bestiis
2232 3090 2467 3162 appellat
2492 3090 2896 3146 contentionem
2928 3090 3191 3146 adversus
3219 3088 3440 3146 Iudaeos

1778 3185 1825 3249 C
1856 3194 1911 3242 et
1942 3184 2271 3241 Demetrium
2302 3184 2693 3254 argentarium.
2719 3182 2861 3250 Quid
2885 3181 3031 3239 enim
3060 3182 3152 3238 isti
3181 3196 3211 3236 a
3243 3182 3440 3240 belluis

1859 3277 2164 3334 distabant?

1934 3420 1955 3455 ι
1991 3402 2048 3456 Si
2093 3402 2287 3457 mortui
2320 3416 2425 3457 nou
2475 3407 2788 3471 resurgunt,
2817 3399 3042 3456 edamus
3082 3406 3138 3454 et
3168 3399 3437 3466 bibamus,

1857 3510 1980 3552 cras
2003 3494 2145 3549 enim
2172 3493 2456 3550 morimur.
2489 3511 2508 3546 ι
2543 3491 2599 3548 Si
2630 3492 2825 3547 mortui
2854 3507 2962 3547 non
2990 3493 3321 3559 excitantur,
3353 3509 3441 3548 ue-

1858 3602 1967 3660 que
1996 3586 2101 3642 erit
2132 3586 2185 3640 in
2217 3585 2398 3640 futuro
2423 3584 2670 3656 quaedam
2707 3582 2977 3654 voluptas,
3011 3583 3256 3638 fruamur
3282 3583 3442 3639 dein-

1855 3694 1984 3750 ceps
2025 3677 2253 3749 hujusce
2292 3677 2421 3732 vitae
2462 3676 2654 3740 bonis,
2704 3676 2912 3732 edendo
2962 3674 3219 3730 nimirum
3269 3685 3324 3731 et
3354 3676 3441 3730 bi-

1854 3769 2078 3826 bendo:
2123 3768 2238 3824 haec
2272 3768 2416 3823 enim
2460 3765 2671 3821 tantum
2720 3766 3020 3821 lucramur.
3068 3764 3219 3819 llauc
3255 3774 3438 3821 autem

1854 3859 2178 3916 sententiam
2212 3874 2279 3914 ex
2326 3857 2463 3913 lsaia
2511 3856 2740 3928 protulit
2767 3855 2830 3923 ι,
2880 3855 3206 3913 dementiam
3246 3869 3437 3911 eorum

1856 3959 2051 4006 taxans
2083 3949 2175 4020 qui
2205 3960 2407 4016 negant
2439 3949 2913 4004 resurrectionem.

1924 4053 2093 4111 Vsus.
2126 4055 2217 4110 55.
2263 4054 2510 4109 (Nolite
2557 4054 2742 4111 seduci
2803 4072 2817 4110 :
2869 4068 3230 4126 corrumpunt
3265 4059 3437 4114 bonos

1854 4164 2035 4206 mores
2064 4146 2330 4217 colloquia
2368 4161 2553 4217 prava.
2595 4164 2615 4198 ι
2647 4147 2729 4202 Ad
2757 4146 3189 4203 adhortationem
3234 4164 3437 4205 sermo-

1853 4255 1977 4295 nem
2002 4238 2185 4295 vertit.
2230 4236 2418 4293 Tacite
2448 4246 2628 4295 autem
2662 4223 2770 4293 ‘eos
2810 4236 2978 4293 veluti
3023 4237 3341 4308 insipientes
3381 4246 3439 4293 et

1851 4331 1997 4387 leves
2031 4339 2276 4388 accusat.
2313 4329 2425 4385 [loc
2458 4329 2605 4383 enim
2640 4329 2847 4384 indicat
2881 4344 2976 4398 per
3012 4330 3116 4385 hoc
3143 4331 3285 4399 quod
3317 4330 3433 4398 ait,

1859 4443 1878 4477 ι
1910 4423 2088 4479 Nolite
2111 4422 2322 4478 seduci.
2356 4441 2375 4474 ι
2407 4422 2585 4477 Bonos
2611 4431 2791 4476 autem
2826 4435 3005 4477 mores
3031 4431 3212 4484 vocat,
3237 4422 3436 4493 quibus

1779 4516 1826 4574 D
1857 4515 2012 4571 facile
2043 4515 2249 4583 imponi
2271 4523 2469 4584 potest.
2498 4513 2710 4569 Iudicat
2730 4527 2892 4584 porro
2917 4512 3060 4583 quod
3090 4521 3144 4569 et
3168 4512 3259 4568 alii
3290 4514 3437 4584 ipsos

1852 4612 1922 4665 ad
1951 4610 2050 4665 ista
2079 4607 2423 4664 subtraham.

1921 4712 2090 4771 Vsus.
2135 4714 2227 4769 54.
2263 4732 2283 4767 ι
2319 4714 2498 4771 Sobrii
2526 4723 2702 4771 estote
2732 4714 2915 4784 iuste,
2946 4723 3001 4771 et
3032 4730 3098 4772 ne
3127 4715 3366 4786 peccetis
3414 4732 3431 4774 :

1853 4805 2214 4878 ignorantiam
2254 4805 2399 4862 enim
2438 4805 2534 4862 Dei
2581 4806 2804 4877 quidam
2834 4807 3056 4864 habent.
3097 4827 3118 4861 ι
3150 4806 3432 4878 Tanquam

1853 4894 2133 4951 temulenti
2176 4905 2381 4964 essent,
2416 4914 2436 4949 ι
2484 4896 2697 4965 Sobrii,
2737 4916 2758 4951 ι
2798 4897 2995 4969 inquit,
3027 4915 3048 4951 ι
3087 4907 3279 4954 estote.
3315 4916 3334 4950 ι
3362 4927 3433 4940 --

1857 5006 1876 5040 ι
1910 4986 2063 5043 Juste
2092 5003 2112 5039 ι
2143 5002 2293 5054 vero,
2320 4985 2487 5043 veluti
2513 4988 2740 5044 utiliter.
2770 4987 2954 5044 Potest
2981 4988 3126 5043 enim
3156 4988 3428 5060 quispiam

1852 5076 2052 5147 injuste
2088 5076 2253 5132 etiam
2297 5077 2511 5133 sobrius
2536 5092 2657 5134 esse
2678 5119 2694 5143 ,
2725 5078 2840 5133 sive
2873 5078 3095 5148 vigilare
3116 5118 3131 5144 ,
3164 5077 3329 5134 veluti
3360 5076 3429 5133 ad

1853 5170 2078 5228 malum.
2106 5186 2125 5222 ι
2163 5170 2230 5225 Ει
2261 5183 2332 5224 ne
2371 5169 2630 5238 peccetis,
2669 5189 2688 5223 ι
2727 5170 2904 5239 inquit
2944 5187 2958 5225 :
2994 5169 3120 5225 hinc
3155 5169 3297 5225 enim
3344 5177 3431 5224 est

1853 5263 1996 5332 quod
2020 5262 2409 5319 resurrectioni
2438 5276 2546 5316 non
2577 5260 2839 5317 credatis.
2868 5259 2968 5326 Qui
2995 5259 3136 5316 enim
3166 5257 3271 5314 sibi
3300 5265 3431 5315 sunt

1853 5356 2057 5411 conscii
2092 5354 2392 5421 malorum,
2439 5369 2545 5409 non
2587 5354 2988 5425 persuadentur
3028 5366 3149 5408 esse
3181 5329 3449 5406 resurreJ’

1852 5446 2110 5513 ctionem,
2144 5456 2289 5502 metu
2339 5459 2642 5516 pinnarum.
2694 5441 3059 5515 lgnorantiam
3105 5449 3286 5499 autem
3330 5436 3429 5498 Dei

1574 5682 1773 5746 Variae
1805 5683 2133 5748 lectiones.

273 5801 319 5838 "
343 5804 672 5878 ⁸κροκύλιττων
704 5821 761 5866 ο.
834 5804 883 5840 ⁷⁸
909 5802 1382 5877 ἐγκαταλείψομαι
1414 5818 1468 5859 o.
1550 5805 1595 5838 ⁷⁵
1627 5808 1822 5861 ἐκεῖνοι
1849 5823 1902 5864 ο.
