3806 6552
175 383 269 452 773

913 381 1319 445 EXPOSITIO
1359 382 1442 445 IN
1473 382 1713 445 EPIST.
1757 383 1787 443 I
1825 385 1925 445 AD
1954 386 2121 449 COR.
2155 414 2221 425 --
2256 390 2417 450 CAP.
2460 388 2581 449 XV.

3274 388 3381 447 ΤΗ

172 508 337 579 λησεν.
373 520 390 554 ι
433 501 491 555 Ei
522 499 607 554 οὖν
642 500 670 554 ό
697 497 830 560 Θεὸς
864 497 1049 557 δίδωσι
1083 501 1264 573 σῶμα,
1298 503 1351 556 τί
1380 502 1460 556 ἔτι
1490 521 1710 576 περιερ-

1838 505 2035 559 nodum
2084 506 2272 562 voluit.
2330 527 2347 560 ι
2378 508 2433 562 Si
2481 521 2610 578 ergo
2672 503 2815 560 Deus
2863 518 3057 573 corpus
3088 502 3390 575 226m.

171 597 316 667 γάζῃ,
360 594 493 664 ποίῳ
541 591 749 663 σώματι
791 594 1147 665 ὲγειρόμεθα,
1188 596 1287 650 καὶ⁵
1329 596 1630 659 διαπιστεῖς
1654 599 1721 667 τῇ

171 688 460 752 ἀναστάσει,
496 685 703 741 ἀκούων
734 685 870 741 Θεοῦ
921 686 1154 759 δύναμιν
1201 688 1297 743 καὶ
1340 688 1600 761 Θέλησινς
1661 689 1721 743 Ὀ

169 787 263 855 γὰρ
291 783 417 846 Θεὸς
464 780 525 834 τὸ
549 779 709 834 λυθὲν
736 781 835 849 μὲν
878 780 1082 852 ἐγείρει
1117 781 1297 852 σῶμα,
1342 781 1482 853 πλὴν
1522 782 1724 852 εὐπρε-

171 873 412 944 πέστερον
442 872 536 924 καὶ
586 871 1127 943 πνευματικώτερον.
1174 872 1346 927 Τοῦτο
1374 873 1481 942 γὰρ
1509 872 1601 926 καὶ
1632 873 1725 925 ἐπὶ

167 964 265 1018 τῶν
292 963 612 1035 σπερμάτων
638 960 785 1014 ἔστιν
812 961 1014 1032 εὑρεῖν,
1045 964 1127 1016 ὅτι
1151 963 1588 1036 εὐπρεπέστερον
1626 964 1721 1017 τοῦ

170 1053 586 1124 καταϐληθέντος
620 1052 677 1104 τὸ
716 1051 1022 1125 βλαστῆσαν
1058 1054 1256 1109 ἄνεισι.

234 1256 250 1288 ι
282 1236 389 1290 Καὶ
436 1236 654 1304 ἑκάστῳ
701 1234 811 1287 τῶν
856 1236 1190 1307 σπερμάτων
1216 1237 1275 1290 τὸ
1308 1237 1436 1291 ἴδιον
1486 1239 1664 1309 σῶμα.
1700 1258 1717 1291 ι

167 1327 320 1382 Τοῦτο
345 1327 454 1380 τῶν
503 1327 794 1397 αἱρετικῶν
844 1327 1255 1400 ἀναντιρρἡως
1302 1330 1608 1400 ἐμφράττει
1658 1333 1725 1385 τὰ

168 1418 391 1487 στόματα
439 1415 552 1471 τῶν
585 1417 874 1485 λεγόντων,
907 1419 971 1471 τὸ
1004 1418 1135 1471 αὐτὸ
1181 1420 1342 1490 σῶμα
1384 1423 1440 1474 ὲν
1474 1425 1542 1492 τῇ
1589 1424 1720 1476 ἀνα-

168 1511 337 1565 στάσει
361 1509 435 1581 μὴ
457 1510 792 1580 ἐγείρεσθαι,
816 1510 931 1563 ἀλλ’
948 1509 1156 1581 ἓτερον.
1192 1511 1325 1566 Ἰδοὺ
1349 1511 1456 1585 γὰρ
1482 1514 1722 1580 ἀκούεις,

166 1601 237 1653 ὅτι
263 1599 319 1652 τὺ
348 1600 478 1653 ῐδιον
509 1600 668 1670 σῶμα
699 1600 914 1669 ἑκάστῳ
946 1598 1169 1653 δίδοται.

231 1711 248 1743 ι
285 1692 374 1755 Οὐ,
408 1693 559 1745 πᾶσα
615 1690 753 1763 σὰρξ
793 1694 827 1763 ή
865 1691 1004 1765 αὑτὴ
1054 1691 1212 1763 σάρξ,
1257 1693 1394 1747 ἀλλὰ
1436 1694 1570 1766 ἄλλη
1626 1696 1726 1763 μὲν

166 1783 471 1854 ἀνθρώπων,
527 1781 665 1856 άλλη
718 1783 774 1837 δὲ
836 1783 976 1854 σὰρξ
1024 1785 1258 1855 κτηνῶν,
1302 1785 1434 1856 άλλη
1485 1787 1541 1840 δὲ
1589 1787 1723 1859 σὰρξ

167 1873 390 1947 πτηνῶν,
419 1875 555 1947 άλλη
593 1876 647 1929 δὲ
682 1875 904 1947 ἰχθύων.
962 1894 981 1928 ι
1044 1876 1163 1930 Ἵνα
1216 1877 1293 1950 μὴ
1326 1878 1562 1943 ἀκούσας
1598 1883 1724 1950 περὶ

166 1967 245 2022 τοῦ
276 1952 455 2029 σίτου,
494 1967 751 2040 νομίσῃς,
801 1966 884 2021 ὅτι
915 1965 1105 2037 ὥσπερ
1134 1967 1229 2023 ἐπὶ
1277 1970 1492 2036 τούτου,
1524 1971 1724 2035 πάντες

166 2061 510 2130 οίξάστάχυες
561 2060 818 2131 ὁμότιμοι
872 2061 1087 2116 ἀνίασιν
1118 2062 1184 2127 ⁷³,
1234 2061 1376 2117 οὕτω
1410 2063 1506 2117 καὶ
1549 2064 1607 2115 ὲν
1652 2066 1720 2135 τῇ

169 2155 441 2207 ἀναστάσει
470 2144 678 2217 πάντες
712 2152 962 2224 ὁμότιμοι
989 2154 1223 2209 ἔσονται·
1262 2154 1433 2222 δεῖξαι
1468 2154 1610 2210 θέλει
1641 2157 1724 2210 ὅτι

167 2245 377 2316 διαφορά
404 2246 520 2299 ἐστι
552 2245 663 2298 τῶν
696 2244 1069 2316 ἀνισταμένων
1100 2246 1256 2317 (ὅπερ
1282 2248 1374 2301 καὶ
1402 2247 1727 2321 προφθάσας

168 2338 384 2409 ᾐνίξατο,
429 2336 624 2391 εἰπών·
656 2354 676 2389 ι
710 2336 978 2401 Ἕκαστος
1007 2338 1064 2390 ὲν
1091 2334 1168 2407 τῷ
1202 2336 1315 2409 ἰδίῳ
1358 2339 1597 2410 τάγματι
1640 2358 1657 2391 ι
1678 2343 1723 2410 ),

170 2428 248 2481 καί
277 2444 453 2499 φησιν,
486 2428 573 2481 ὅτι
605 2446 624 2479 ι
649 2427 723 2481 Οὐ
757 2429 906 2482 πᾶσα
931 2426 1129 2501 σάρξ”ή
1154 2428 1290 2499 αὐτὴ
1322 2430 1479 2503 σάρξ·
1511 2450 1531 2484 ι
1563 2449 1726 2487 τουτ-

175 2525 325 2587 έστιν,
358 2523 428 2575 Οὐ
471 2522 679 2585 πάντες
710 2523 767 2574 ὲν
800 2524 865 2593 τῇ
902 2522 1040 2594 αὐτῇ
1071 2525 1204 2595 τιμῇ
1241 2524 1577 2588 ἀνίστανται,
1608 2528 1724 2581 ἀλλ’

170 2614 333 2685 ἔχουσι
358 2614 650 2687 διαφορὰν,
681 2613 907 2686 πρώτην
928 2615 977 2669 οἱ
1006 2616 1203 2669 δίκαιοι
1227 2617 1363 2686 πρὸς
1392 2619 1516 2683 τοὺς
1542 2621 1727 2694 ἁμαρ-

171 2704 372 2771 τωλοίις,
422 2705 491 2774 ἢν
521 2706 711 2776 ἔχουσι
743 2704 814 2758 τὰ
847 2704 1073 2776 σώματα
1119 2707 1189 2759 τά
1221 2707 1449 2779 οὐράνια
1475 2711 1626 2782 ιπρδς
1658 2712 1729 2767 τὰ

171 2797 386 2865 ἐπίγεια·
417 2797 638 2861 ἔπειτα,
674 2797 769 2852 καὶ
803 2799 861 2851 ὲν
889 2797 1071 2862 αὐτοῖς
1098 2801 1209 2884 τρῖς
1233 2799 1462 2864 δικαίοις
1495 2803 1728 2875 διαφορά

1826 598 1952 666 quid
1976 609 2058 653 est
2099 600 2238 669 quod
2270 601 2496 670 amplius
2523 597 2735 654 curiose
2764 597 3028 666 inquiras,
3063 598 3206 667 quali
3256 610 3393 648 eor-

1829 706 1960 760 pore
2007 692 2324 757 excitemur,
2358 709 2420 745 ac
2453 691 2661 745 dillidas
2715 688 3127 756 resurrectioni,
3173 687 3396 744 audiens

1828 783 1919 837 Dei
1945 784 2235 852 potentiam
2263 794 2315 836 et
2344 783 2862 840 t’oluntatem?Deus
2889 782 3030 837 enim
3058 781 3389 838 dissolutum

1826 875 2043 945 quidem
2068 890 2265 944 corpus
2287 874 2509 939 excitat,
2547 890 2733 930 verum
2772 872 3072 943 pulchrius,
3120 872 3394 928 decentius

1827 978 1883 1022 et
1904 968 2266 1037 spiritualium
2292 965 2402 1022 lluc
2443 968 2585 1022 enim
2611 976 2666 1021 et
2698 967 2751 1023 in
2777 967 3073 1022 seminibus
3104 964 3227 1019 licet
3250 966 3394 1019 inve-

1827 1062 1963 1117 nire.
2000 1060 2130 1115 Nam
2168 1060 2466 1131 speciosius
2500 1071 2553 1114 et
2579 1057 2904 1131 elegantius,
2937 1058 3203 1115 dissoluto
3231 1058 3390 1112 serui-

1828 1170 1915 1219 ne,
1935 1154 2078 1223 quod
2111 1162 2294 1209 natum
2315 1163 2394 1207 est
2416 1168 2636 1219 germen
2661 1153 2929 1221 exstirgit.

1906 1263 1925 1296 ι
1964 1243 2340 1314 Etunicuique
2368 1245 2635 1298 seminum
2674 1244 2947 1313 proprium
2991 1259 3206 1311 corpus.
3236 1251 3256 1294 δ
3288 1243 3394 1298 Hoc

1828 1334 2204 1389 hereticorum
2236 1350 2328 1387 ora
2358 1332 2805 1402 irrelragabiliter
2834 1331 3087 1397 obstruit,
3125 1332 3395 1385 alIittnan-

1832 1424 1964 1477 tium
2012 1422 2153 1477 idem
2193 1408 2412 1492 corpus,
2456 1422 2506 1477 in
2561 1424 2960 1477 resurrectione
2998 1438 3103 1476 non
3152 1423 3398 1487 excitari,

1827 1515 1921 1570 sed
1964 1515 2259 1571 diversum.
2308 1513 2386 1571 En
2438 1516 2594 1570 audis
2654 1516 2797 1571 enim
2841 1516 2983 1586 quod
3019 1531 3176 1570 suum
3210 1515 3398 1585 cuique

1826 1621 2022 1676 corpus
2046 1607 2228 1661 datur.

1904 1695 2066 1751 Vens.
2099 1696 2190 1753 59.
2230 1715 2248 1749 ι
2281 1694 2397 1754 Non
2426 1698 2605 1753 omnis
2632 1713 2760 1753 caro
2793 1708 2877 1753 est
2906 1682 3115 1766 eadem,
3147 1698 3240 1753 sed
3300 1696 3401 1751 alia

1829 1787 2046 1856 quidem
2085 1788 2386 1856 hominum,
2423 1790 2526 1844 alia
2581 1800 2760 1845 autem
2812 1805 3090 1862 pecorum,
3122 1789 3225 1844 alia
3275 1804 3401 1843 vero

1832 1890 1959 1931 caro
1990 1876 2316 1942 volucrium,
2352 1876 2455 1930 alia
2487 1891 2616 1930 vero
2650 1878 2904 1949 piscium.
2938 1898 2956 1931 ι
2993 1877 3068 1930 Ne
3098 1893 3219 1933 cum
3247 1875 3401 1932 audis

1831 1968 1897 2023 de
1947 1966 2241 2033 frumento,
2301 1968 2605 2032 arbitreris,
2637 1970 2783 2042 quod
2841 1968 3295 2041 quemadmodum
3350 1970 3401 2021 in

1831 2059 1934 2113 hoe
1980 2074 2168 2115 omnes
2216 2061 2379 2130 spica:
2423 2060 2663 2131 arquales
2702 2063 2985 2131 prodeant.
3023 2062 3103 2117 sic
3140 2070 3195 2117 et
3230 2061 3281 2115 in
3318 2076 3400 2115 re-

1831 2152 2168 2207 surrectione
2203 2166 2395 2208 omnes
2448 2152 2563 2207 fore
2613 2154 2820 2209 honore
2873 2161 3402 2224 parcszmonstrare

1829 2241 1946 2296 vult
1988 2244 2132 2310 quod
2169 2242 2460 2298 discrimen
2500 2243 2573 2299 sit
2610 2245 3023 2315 resurgentium,
3060 2243 3109 2297 id
3144 2244 3282 2311 quod
3310 2258 3399 2296 su-

1832 2348 1930 2403 pra
1983 2333 2158 2388 innuit
2187 2376 2202 2401 ,
2230 2333 2537 2404 ¢;Quilihet,
2567 2333 2839 2405 inquiens,
2903 2335 2952 2386 in
3011 2334 3225 2403 preprio
3258 2335 3393 2387 ordi-

1833 2441 1921 2482 ne.
1964 2444 1984 2479 ι
2022 2425 2114 2480 Ait
2144 2436 2321 2482 autem
2356 2428 2494 2496 quod
2528 2446 2545 2479 ι
2582 2426 2701 2482 Νοιι
2732 2426 2908 2481 omnis
2937 2440 3065 2479 caro
3097 2425 3167 2480 sit
3216 2426 3403 2481 eadem

1831 2532 1980 2587 caro,
2022 2537 2041 2571 ι
2074 2518 2176 2574 hoc
2202 2527 2287 2573 est
2329 2533 2433 2572 non
2465 2533 2653 2573 omnes
2684 2516 2800 2588 pari
2855 2516 3058 2571 honore
3094 2529 3403 2586 resurgunt,

1832 2616 1928 2672 sed
1988 2614 2556 2671 diverso:enimvero
2606 2614 2836 2685 primam
2894 2612 3097 2668 habent
3148 2611 3404 2667 dili‘cren-

1834 2708 1963 2763 tiam
1988 2707 2122 2776 justi
2153 2707 2220 2762 ad
2256 2715 2590 2777 peccatores,
2622 2720 2782 2775 quam
2837 2705 3033 2759 habent
3078 2703 3404 2774 superemic-

1836 2799 1940 2854 stia
1970 2812 2197 2867 corpora
2236 2795 2592 2852 terrestribus
2622 2795 2840 2851 collata.
2873 2793 3075 2849 Deinde
3102 2806 3159 2850 et
3186 2797 3237 2849 in
3277 2794 3406 2862 ipsis

173 2885 375 2956 βαθμῶν
410 2885 610 2958 πολλὴ,
640 2886 715 2950 ὡς
747 2883 1107 2959 παρακατιὼν
1134 2883 1276 2958 ἐρεῖ·
1310 2889 1403 2941 καὶ
1440 2890 1499 2943 ὲν
1544 2891 1724 2955 αὐτοῖς

1838 2893 1997 2964 iustis
2028 2906 2220 2962 magna
2251 2888 2558 2945 diﬂ'erentia
2615 2890 2901 2961 graduum,
2940 2897 2997 2942 ut
3033 2888 3084 2941 in
3121 2900 3405 2956 progressu

170 2982 269 3042 τοῖς
307 2979 673 3051 ἁμαρτωλοῖς.
708 2980 819 3033 Καὶ
868 2982 997 3047 γὰρ,
1034 2980 1223 3049 φησιν,
1277 2980 1464 3053 ὥσπερ
1497 2982 1724 3054 διαφορά

1838 2985 1999 3050 dicet,
2029 2984 2271 3052 adeoque
2304 2981 2356 3036 in
2379 2980 2512 3051 ipsis
2535 2979 2927 3053 peccatoribus.
2952 2979 3043 3034 Ait
3072 2979 3250 3033 enim:
3280 2976 3407 3034 Per-

173 3072 274 3123 ἐστι
300 3073 394 3142 τῆς
437 3072 651 3144 σαρκὸς
693 3072 803 3126 τῶν
844 3071 1169 3143 ἀνθρώπων,
1212 3073 1306 3126 καὶ
1336 3073 1430 3142 τῆς
1460 3074 1569 3128 τῶν
1598 3094 1724 3147 κτη-

1838 3077 1960 3133 inde
2012 3092 2075 3131 ac
2124 3075 2417 3131 discrimen
2451 3083 2531 3130 est
2570 3075 2622 3128 in
2660 3088 2825 3128 carne
2854 3073 3128 3127 hominum
3161 3083 3213 3126 et
3249 3086 3409 3139 peco-

171 3161 285 3227 νῶν,
318 3164 407 3216 καὶ
435 3165 548 3216 τῶν
577 3164 777 3215 λοιπῶν
811 3162 985 3227 ζώων·
1020 3162 1162 3217 οὕτω
1195 3166 1289 3218 καὶ
1321 3165 1431 3219 τῶν
1465 3166 1724 3239 ἀμαρτω-

1838 3183 1954 3222 rum
1985 3176 2037 3222 et
2080 3165 2410 3237 reliquorum
2456 3163 2772 3219 animalium
2807 3180 2822 3218 :
2855 3162 2931 3217 sic
2956 3172 3012 3218 et
3062 3171 3405 3233 peccatorum

169 3251 264 3307 λῶν
290 3254 436 3309 ἔσται
462 3256 708 3327 διαιρορά
734 3255 793 3308 ὲν
820 3256 936 3319 ταῖς
967 3254 1246 3310 κολάσεσι.
1295 3256 1478 3313 Πάντα
1507 3254 1599 3313 οὖν
1624 3261 1724 3315 ὅσα

1838 3259 2126 3317 discrimen
2153 3261 2257 3315 erit
2290 3259 2342 3313 in
2386 3258 2584 3329 pennis.
2613 3255 2804 3311 Omnia
2861 3256 3028 3326 igitur
3073 3270 3406 3327 quaecunque

171 3343 360 3413 εἴρηται
386 3344 569 3414 τούτῳ
604 3344 719 3407 νῦν,
756 3345 883 3415 περὶ
910 3344 1174 3414 διαφορᾶς
1209 3345 1548 3417 ἁμαρτωλῶν
1575 3349 1724 3421 εἴρη-

1838 3367 1982 3407 nunc
2012 3348 2079 3405 ab
2108 3349 2202 3405 illo
2233 3349 2377 3405 dicta
2405 3358 2551 3415 sunt,
2582 3350 2647 3404 de
2693 3348 3007 3403 discrimine
3061 3357 3404 3418 peccatorum

168 3450 266 3488 ται.
299 3436 423 3506 Περὶ
451 3437 572 3505 γὰρ
596 3436 707 3488 τῶν
747 3435 974 3490 δικαίων
1009 3438 1368 3507 παρακατιὼν
1398 3437 1568 3508 λέγει,
1597 3441 1724 3496 ὅταν

172 3526 376 3595 οὐράνια
405 3526 688 3600 καταλέγῃ
717 3526 962 3598 σώματα.

240 3635 255 3667 ι
289 3620 393 3672 Καὶ
427 3618 661 3689 σώματα
711 3620 1031 3689 ἐπουράνια,
1079 3620 1175 3675 καὶ⁸
1220 3622 1449 3693 σώματα
1479 3624 1722 3696 ἐπίγεια·

176 3709 274 3763 ἀλλ’
302 3710 460 3781 ἑτέρα
502 3712 604 3781 μὲν
634 3712 667 3781 ἡ
710 3711 819 3764 τῶν
860 3711 1195 3782 ἐπουρανίων
1234 3712 1382 3780 δόξα,
1413 3716 1576 3787 ἑτέρα
1606 3718 1661 3771 δὲ
1691 3721 1725 3790 ἡ

174 3802 269 3854 τῶν
288 3804 563 3872 ἐπιγείων.
600 3821 620 3855 ι
658 3802 945 3869 Ἐνταῦθα,
977 3806 1111 3875 ὅπερ
1140 3806 1234 3858 καὶ
1264 3806 1520 3879 ἀνωτέρω
1548 3805 1721 3878 εἷπον,

176 3892 261 3964 τὴν
302 3894 562 3966 διαφορὰν
613 3912 723 3951 των
758 3895 981 3950 δικαίων
1026 3897 1162 3965 πρὸς
1201 3898 1326 3961 τοὺς
1368 3901 1726 3971 ἁμαρτωλοὺς

176 3980 326 4052 δηλοῖ·
356 3990 480 4050 τοὺς
513 3988 616 4058 μὲν
663 3987 846 4040 καλῶν
885 3989 1183 4058 ἐπουράνια
1231 3990 1477 4061 σώματα·
1514 3991 1641 4055 τοὺς
1670 3991 1729 4046 δέ

176 4091 229 4142 γε
266 4077 640 4147 ἁμαρτωλοὺς,
694 4076 936 4144 ἐπίγεια·
970 4077 1064 4130 καὶ
1092 4077 1254 4149 ἑτέρα
1292 4078 1388 4149 μὲν
1437 4080 1470 4149 ἠ
1502 4077 1613 4132 τῶν
1645 4079 1728 4132 δι-

175 4165 326 4220 καίων
351 4168 497 4234 δόξα,
530 4166 695 4240 ἑτέρα
721 4169 775 4221 δὲ
805 4169 838 4238 ἡ
869 4168 977 4221 τῶν
1001 4169 1359 4240 ἁμαρτωλῶν,
1387 4171 1569 4225 οὐκέτι
1597 4171 1726 4241 δόξα

176 4260 247 4326 (οὐ
275 4260 377 4332 γὰρ
403 4261 484 4315 δεῖ
517 4261 933 4315 ωνυπακοῦσαι
959 4261 1162 4332 τοῦτο),
1192 4262 1309 4316 ἀλλ’
1335 4266 1368 4335 ἠ
1400 4263 1667 4337 διαγωγή.

239 4366 257 4401 ι
296 4351 461 4421 Ἀλλη
504 4350 634 4418 δόξα
665 4352 837 4422 ἡλίου,
882 4350 978 4404 καλ⁸
1009 4351 1143 4423 ἄλλη
1178 4352 1305 4419 δόξα
1346 4353 1595 4424 σελήνης,
1632 4355 1726 4410 καὶ

173 4439 293 4509 ἀλλη
317 4442 438 4507 διὲξα
470 4443 740 4514 ἀστέρων·
789 4443 966 4513 ἀστὴρ
998 4443 1107 4514 γάρ
1134 4444 1360 4515 ἀστέρος
1391 4445 1640 4517 διαφέρει
1669 4449 1727 4501 ἐν

1836 3444 1978 3499 dicta
2016 3449 2159 3498 sunt.
2195 3441 2271 3498 De
2296 3442 2457 3512 justis
2480 3441 2623 3497 enim
2666 3439 2803 3493 infra
2836 3439 2985 3504 dicit,
3035 3442 3249 3509 quando
3296 3454 3408 3492 eoe-

1790 3612 1797 3616 ⁸
1833 3535 1990 3592 lestia
2025 3542 2271 3590 recenset
2302 3548 2552 3604 corpora.

1910 3626 2073 3681 Vens.
2110 3626 2199 3681 40.
2236 3643 2256 3676 ι
2302 3624 2365 3679 Ει
2391 3639 2614 3692 corpora
2647 3619 3072 3691 supercmlestia,
3097 3632 3151 3675 et
3180 3635 3406 3689 corpora

1840 3717 2114 3773 terrestria
2154 3735 2167 3770 :
2196 3716 2291 3771 sed
2322 3714 2427 3770 alia
2461 3715 2677 3785 quidem
2712 3714 3182 3784 supercoslesttum
3207 3711 3403 3784 gloria,

1838 3809 1942 3863 alia
1997 3822 2126 3862 vero
2173 3806 2537 3861 terrestrium.
2574 3822 2592 3855 ›
2631 3803 2730 3859 llic
2764 3813 2821 3857 ut
2851 3819 3011 3874 supra
3053 3803 3181 3867 dixi,
3226 3802 3407 3873 justo—

1841 3916 1958 3955 rutn
1987 3908 2041 3954 et
2071 3905 2415 3968 peccatorum
2448 3895 2807 3951 dim-renuant
2842 3894 3078 3949 ostendit
3109 3911 3124 3947 :
3150 3894 3268 3950 illos
3288 3893 3407 3965 qui-

1838 3994 1959 4048 dem
1988 4005 2185 4046 vocans
2214 3984 2878 4059 Superctnlestiarorpora,
2911 3988 3008 4043 hos
3038 4001 3184 4054 vero,
3217 4003 3407 4055 pecca-

1840 4095 1985 4139 tores
2043 4082 2271 4148 scilicet,
2314 4082 2596 4137 terrestria
2629 4091 2723 4136 :et
2757 4080 2857 4135 alia
2891 4081 3104 4149 quidem
3142 4080 3409 4147 iustorum

1839 4177 2031 4245 gloria,
2058 4174 2161 4229 alia
2194 4189 2322 4229 vero
2358 4182 2725 4244 peccatorum,
2752 4188 2857 4227 non
2884 4170 3067 4242 .gloria
3097 4172 3223 4235 (hoc
3255 4172 3403 4226 enim

1838 4266 2345 4339 subintelligendum
2390 4282 2496 4321 non
2546 4267 2650 4335 est)
2683 4268 2775 4321 sed
2823 4265 3181 4319 conversatio.

1910 4360 2071 4417 Vens.
2095 4362 2185 4416 41.
2221 4379 2239 4412 ι
2277 4360 2393 4414 Alia
2444 4368 2528 4413 est
2556 4358 2725 4429 gloria
2778 4359 2929 4422 solis,
2971 4369 3025 4412 et
3081 4357 3184 4412 alia
3237 4356 3404 4426 gloria

1838 4456 1996 4519 lunae,
2024 4464 2078 4508 et
2108 4453 2212 4507 alia
2267 4450 2434 4522 gloria
2466 4449 2741 4506 stellarum
2777 4468 2790 4503 :
2825 4448 2976 4505 stella
3010 4450 3150 4503 enim
3175 4465 3203 4501 a
3248 4449 3403 4504 stella

174 4529 309 4605 δόξῃ.
334 4552 351 4584 ι
386 4535 603 4605 Ὥσπερ
636 4534 816 4606 μικρῷ
838 4533 1148 4606 ἔμπροσθεν
1171 4528 1289 4587 εἷπε
1314 4534 1426 4589 τῶν
1464 4536 1723 4608 ἀμαρτω-

1838 4545 2012 4600 ιιὶίτειι
2044 4544 2099 4599 in
2131 4543 2321 4615 gloria.
2358 4560 2377 4594 ι
2407 4539 2638 4595 Perinde
2691 4556 2754 4594 ac
2785 4540 2944 4610 paulo
2970 4550 3095 4594 ante
3117 4552 3403 4609 corporum

173 4623 268 4676 λῶν
300 4626 565 4696 σωμάτων
596 4627 694 4689 τὰς
746 4627 1031 4695 διαφοράς,
1078 4626 1185 4678 tino
1226 4625 1531 4697 ἀνθρώπων
1564 4628 1734 4699 ἀρξά-

176 4731 341 4783 μενος,
369 4718 464 4781 καὶ
502 4718 633 4787 ἑξῆς
667 4716 887 4787 πτηνῶν
920 4717 1322 4788 μνημονεύσας,
1374 4721 1466 4771 καὶ
1494 4718 1733 4789 κτηνῶν,

176 4806 259 4857 καὶ
302 4808 520 4877 ἰχθύων,
563 4808 701 4861 διότι
751 4808 849 4861 καὶ
881 4808 931 4861 οἱ
979 4808 1318 4879 ἁμαρτωλοὶ,
1350 4808 1629 4880 ἄνθρωποι
1673 4807 1735 4875 ἐξ

173 4894 330 4967 ἀρχῆς
361 4901 668 4967 γεγονότες,
705 4894 827 4952 εἶτα
854 4898 947 4951 ἐπὶ
973 4899 1072 4969 τὴν
1098 4899 1206 4953 τῶν
1238 4900 1447 4967 ἀλόγων
1474 4900 1732 4969 ὁμοίωσιν

174 4989 593 5062 κατηνέχθησαν·
633 4988 777 5045 οὕτω
806 4990 903 5044 καὶ
946 4989 1055 5044 τῶν
1086 4991 1309 5044 δικαίων
1338 4992 1435 5055 τὰς
1468 4992 1732 5062 διαφορὰς

173 5076 419 5137 δείκνυσι.
466 5084 674 5147 Πάντες
717 5082 817 5152 μὲν
856 5082 1062 5153 γὰρ-ὲν
1105 5082 1254 5156 δόξῃ·
1289 5083 1447 5148 ἀλλὰ,
1494 5083 1621 5137 ἀλλο
1669 5084 1732 5137 τὸ

150 5171 281 5238 ·φῶς
303 5173 393 5227 τοῦ
420 5174 598 5244 ἡλίου,
632 5176 727 5228 καὶ
755 5173 885 5228 ἄλλο
928 5175 990 5226 τὸ
1033 5173 1132 5244 τῆς
1181 5173 1432 5244 σελήνης,
1483 5175 1575 5227 καὶ
1605 5174 1733 5246 ἄχρι

172 5262 272 5316 τῶν
294 5266 584 5335 τυχόντων.
616 5266 725 5319 Καὶ
751 5267 861 5337 γάρ
894 5267 1120 5339 ἀστέρες
1168 5266 1302 5336 πρὸς
1335 5266 1572 5336 ἀστέρας
1618 5266 1733 5318 δια-

178 5355 415 5427 φίρουσιν
444 5362 503 5414 ἐν
543 5359 689 5431 δόξῃ,
724 5359 1024 5423 τουτέστιν,
1054 5360 1111 5411 ἑν
1138 5358 1215 5428 τῷ
1259 5357 1428 5427 φωτί·
1466 5358 1591 5421 δόξα
1624 5361 1732 5430 γὰρ

174 5444 276 5497 τῶν
313 5447 577 5519 ἀστέρων,
607 5451 669 5503 τὸ
700 5449 835 5519 φῶς.
866 5448 1022 5513 Τινὲς
1052 5448 1109 5502 δὲ
1152 5447 1378 5519 σώματα
1411 5446 1729 5519 ἐπουράνια,

178 5535 295 5599 τοὺς
331 5538 593 5608 ἀγγέλους
621 5542 871 5612 ἐνόησαν,
914 5540 1015 5595 οὐκ
1047 5539 1311 5611 εὐστόχως
1347 5536 1500 5599 οἶμαι
1531 5540 1597 5573 τ’·
1637 5541 1733 5599 καὶ

1830 4646 2174 4710 peccatorum
2199 4632 2532 4691 dill'erentias
2559 4632 2715 4696 dixit,
2745 4632 2812 4687 ab
2838 4632 3146 4687 hominibus
3174 4647 3403 4687 exorsus

1830 4743 1895 4783 ac
1927 4727 2180 4798 deinceps
2212 4723 2542 4779 mentionem
2570 4722 2774 4777 faciens
2805 4722 3109 4785 volucrum,
3142 4736 3400 4791 pecorum

1828 4828 1883 4875 et
1906 4820 2157 4888 piscium,
2205 4830 2269 4870 eo
2308 4815 2450 4885 quod
2477 4823 2531 4869 et
2558 4814 2660 4884 ipsi
2692 4820 3025 4883 peceatores,
3061 4828 3181 4867 cum
3205 4813 3273 4867 ab
3296 4811 3401 4866 inl-

1829 4913 1905 4966 tio
1939 4910 2065 4964 facti
2097 4915 2279 4963 essent
2299 4905 2567 4975 homines,
2602 4916 2788 4974 postea
2816 4907 2883 4960 ad
2923 4905 3203 4959 brutorum
3247 4902 3402 4957 simi-

1827 5000 2111 5054 litudinem
2142 4999 2348 5070 delapsi
2406 4999 2565 5054 sint:
2602 4997 2676 5053 ita
2724 4996 2887 5053 etiam
2933 4996 3199 5064 iustorum
3246 4993 3400 5049 diffe-

1829 5090 2030 5145 rentias
2075 5090 2334 5144 ostendit.
2388 5087 2589 5143 Omnes
2642 5086 2786 5142 enim
2844 5086 2894 5138 in
2942 5083 3151 5155 gloria:
3212 5096 3397 5137 verum

1828 5176 1975 5232 aliud
2021 5184 2103 5232 est
2132 5176 2312 5232 lumen
2349 5176 2500 5241 solis,
2543 5175 2687 5228 aliud
2720 5176 2877 5235 lunae,
2912 5172 2979 5225 ad
3010 5170 3263 5242 vulgares
3311 5186 3399 5227 us-

1829 5286 1935 5342 que
1962 5269 2145 5325 stellas
2168 5269 2529 5339 procedendo.
2551 5264 2712 5335 227
2736 5262 2868 5318 Nam
2901 5272 2956 5316 et
2985 5262 3151 5318 stella:
3169 5277 3201 5317 a
3231 5261 3399 5317 stellis

1831 5364 2142 5431 discrepant
2194 5360 2248 5415 in
2305 5358 2497 5430 gloria,
2554 5358 2655 5411 hoc
2706 5364 2788 5410 est
2830 5352 2886 5409 in
2936 5353 3183 5409 lumine:
3228 5353 3397 5425 gloria

1831 5454 1976 5507 enim
2032 5452 2338 5517 stellarum,
2389 5451 2572 5505 lunzett
2622 5455 2724 5503 est.
2776 5445 3026 5500 Nonnulli
3075 5453 3255 5501 autem
3304 5460 3399 5513 per

1833 5557 2061 5613 corpora
2100 5541 2368 5605 coelestia,
2400 5538 2618 5611 angelos
2666 5535 3068 5604 intellexerunt,
3100 5551 3206 5595 non
3236 5548 3400 5607 appo-

1491 5701 1694 5766 Varite
1731 5699 2059 5765 lectiones.

244 5798 291 5833 "
317 5801 452 5856 τισὶν
490 5819 542 5860 o.
617 5809 659 5841 "
698 5802 833 5860 εἶναι
890 5823 942 5861 o.
