3806 6570
416 346 530 412 775

1261 340 1362 401 ΤΗ
1373 336 1842 399 EOPHYLACTI
1888 336 2001 396 BUi

2120 333 2305 394 lRI/E
2337 333 2378 392 Α
2389 332 2698 395 RCIIIEP.
3527 337 3614 403 ’Πύ

417 457 524 512 site
549 463 608 509 ut
653 451 865 526 opinor.
896 451 1072 519 Atque
1101 449 1242 506 istud
1271 449 1394 504 inde
1432 449 1651 517 planum
1710 448 1791 511 lit,
1851 447 1992 516 quod

2120 445 2256 514 μῆλον
2283 444 2347 497 ἐκ
2375 443 2467 497 τοῦ
2495 443 2800 511 ἐπαγαγεῖν
2829 439 3002 510 ἥλιον,
3034 441 3124 495 καὶ
3151 439 3392 515 σελήνην,
3420 447 3619 515 καὶτοὺς

417 549 682 622 producat
711 546 878 603 solem
930 552 987 600 et
1016 542 1195 598 lunam
1226 550 1280 597 et
1319 541 1524 596 stellas.
1551 540 1734 608 Quare
1777 540 1842 594 de
1875 537 1995 593 istis

419 653 722 696 sermonem
750 636 898 691 facit.

495 729 763 786 Venet?"
795 747 815 781 ι
854 727 948 784 Sic
985 738 1038 784 et
1061 728 1390 783 resurrectio
1422 736 1782 781 mortuorum.
1822 743 1841 776 ι
1883 720 1994 785 Sic,

420 820 804 891 quoiuodoiin
865 818 1035 874 multo
1091 833 1221 873 sane
1273 817 1611 883 discrimine,
1663 815 1883 886 perinde
1934 828 1998 867 ac

418 912 731 981 prmscripta
773 908 1148 979 patefecerunt
1182 907 1448 978 exempla.

424 1023 443 1053 ο
487 1001 800 1057 Semiuatnr
849 1002 901 1054 in
967 1001 1338 1070 corruptione,
1375 997 1608 1066 resurgit
1644 996 1699 1050 in
1753 995 2001 1049 incorru-

423 1097 628 1162 ptione.
667 1112 685 1144 ι
723 1093 897 1162 Supra
929 1106 1049 1145 cum
1086 1090 1394 1158 loqueretur
1424 1089 1490 1142 de
1525 1085 1843 1149 seminibus,
1874 1093 1994 1140 ute-

419 1189 581 1244 batur
610 1189 790 1243 verbis
838 1183 1160 1252 corporibus
1196 1180 1449 1251 propriis,
1483 1177 1648 1232 veluti
1681 1191 1802 1229 cum
1855 1175 1999 1229 dice-

422 1289 525 1341 ret,
581 1298 599 1329 ι
634 1277 754 1331 Non
809 1275 1139 1336 viviﬁcatur,
1198 1271 1298 1325 nisi
1355 1269 1619 1322 moriatur
1652 1273 1667 1318 ξ
1701 1283 1718 1316 ι
1749 1279 1894 1319 nunc
1927 1264 1994 1317 de

422 1371 739 1442 corporibus
779 1369 940 1423 verba
983 1365 1210 1426 faciens,
1247 1362 1576 1416 dictionibus
1624 1359 1796 1413 utitur
1835 1357 1999 1411 semi-

421 1465 580 1518 nibus
633 1459 1102 1517 convenientibus.
1138 1474 1157 1508 ι
1193 1455 1533 1516 Seminatur,
1576 1473 1594 1505 ι
1648 1455 1845 1522 inquit,
1877 1470 1894 1503 ‹
1941 1451 1995 1505 iu

421 1554 791 1623 corruptione.
832 1571 850 1604 ›
887 1551 1162 1606 Sationem
1215 1560 1394 1604 autem
1431 1547 1519 1601 hic
1549 1545 1704 1605 dicit,
1737 1559 1842 1598 non
1878 1557 1997 1598 eam

422 1662 543 1716 quae
573 1647 633 1700 ﬁt
673 1646 726 1698 in
756 1643 1000 1707 matrice,
1046 1656 1230 1696 verum
1282 1654 1568 1710 corporum
1621 1635 1997 1691 defunctorum

424 1739 479 1794 in
515 1750 656 1794 terra
687 1737 1100 1808 depositiouem,
1127 1735 1365 1805 iperinde
1402 1748 1464 1787 ac
1516 1731 1560 1787 si
1600 1731 1746 1784 dicat
1781 1746 1792 1781 :
1821 1726 2000 1794 Repo-

2103 537 2359 608 ἀστέρας.
2398 537 2560 589 Ὥστε
2594 533 2722 607 περὶ
2749 532 2955 587 τούτων
2981 534 3010 586 6
3038 531 3213 602 λόγος.

2179 741 2197 774 ι
2232 722 2387 776 Οὕτω
2420 720 2566 792 καὶή
2597 720 2887 784 ἀνάστασις
2917 719 3025 773 τῶν
3046 717 3253 789 νεκρῶν
3293 736 3408 772 ι-ι
3428 719 3576 789 Οὕτω,
3605 743 3622 779 ι

2105 815 2258 882 πῶς;
2291 815 2380 868 Ἐν
2395 816 2626 886 διαφορᾷ
2659 814 2848 886 πολλῇ,
2881 810 3064 875 καθὼς
3092 810 3182 864 καὶ
3197 810 3267 865 τά
3291 816 3627 885 προγραφέντα

2105 904 2342 972 ἐδήλωσε
2375 907 2821 976 παραδείγματα.

2194 1015 2213 1048 ι
2245 997 2536 1066 Σπείρεται
2577 998 2635 1051 ἐν
2671 997 2869 1069 φθορᾷ,
2910 996 3182 1069 ἐγείρεται
3230 999 3288 1052 ἐν
3317 997 3620 1069 ἀφθαρσίᾳ.»

2109 1087 2258 1139 Ἀνω
2309 1089 2441 1157 περὶ
2500 1087 2833 1157 σπερμάτων
2882 1086 3077 1156 λέγων,
3107 1087 3316 1154 λέξεσιν
3345 1091 3523 1159 ἐχρᾶτο
3548 1092 3628 1144 σὼο

2109 1195 2277 1250 μασιν
2307 1179 2572 1240 οἰκείαιςο
2612 1179 2687 1242 ὡς
2721 1181 2851 1233 ὅταν
2895 1179 3107 1249 έλεγενυ
3157 1201 3174 1229 σ
3216 1183 3288 1234 Οὐ
3313 1180 3627 1245 ζωοποιεῖται,

2106 1270 2202 1324 ἐὰν
2223 1271 2296 1341 μὴ
2327 1270 2578 1342 ἀποθάνῃ
2602 1287 2614 1299 ·
2649 1291 2667 1322 ›
2700 1270 2794 1323 νῦν
2820 1272 2947 1342 περὶ
2980 1273 3248 1342 σωμάτων
3271 1273 3455 1341 λέγων,
3477 1264 3627 1339 λέξεσι

2106 1363 2306 1432 κρᾶται
2338 1363 2651 1434 σπέρμασιν
2677 1363 2940 1427 οἶκε-,ἔοικ’
2987 1383 3004 1414 ι
3038 1365 3328 1433 Σπείρεται
3365 1383 3381 1415 ³
3406 1365 3521 1434 ’δ’ἆρν
3544 1384 3624 1436 973‘

2107 1456 2213 1517 σὶνν
2248 1472 2266 1505 ί
2297 1454 2354 1505 ἐν
2411 1454 2607 1525 φθορᾷ.
2646 1474 2662 1505 ι
2704 1455 2920 1524 Σποράν
2984 1455 3038 1507 δὲ
3067 1455 3215 1524 λέγει
3249 1455 3363 1518 νῦν,
3395 1456 3450 1508 ού
3480 1455 3560 1526 τὴν

2104 1550 2170 1620 τῇ
2234 1548 2435 1618 μήτρᾳ,
2478 1547 2614 1601 ἀλλά
2659 1547 2755 1618 τὴν
2805 1549 2863 1599 ἐν
2910 1550 2974 1618 τῇ
3007 1549 3075 1619 γῇ
3103 1548 3210 1600 τῶν
3241 1547 3444 1618 νεκρῶν
3472 1550 3626 1619 σωμά-

2105 1657 2214 1692 των
2269 1639 2550 1705 ἀπόθεσιν,
2589 1640 2722 1692 ὡσεὶ
2776 1639 2966 1708 ἐλεγεο
3005 1639 3368 1692 Κατατίθεται
3413 1641 3465 1692 ἑν
3498 1643 3552 1710 τῇ
3574 1644 3626 1712 γῇ

2106 1730 2167 1782 τὸ
2208 1730 2401 1800 νεκρὸν
2435 1733 2596 1801 σῶμα
2637 1734 2693 1785 ὲν
2731 1731 2931 1802 φθορᾷ,
2955 1733 3258 1798 τουτέστιν,
3295 1732 3426 1785 ὥστε
3455 1731 3627 1802 φθαρῆ-

425 1828 575 1882 nitur
623 1828 674 1882 in
722 1836 922 1881 terram
978 1839 1175 1894 corpus
1219 1833 1487 1877 mortuum
1529 1821 1579 1874 in
1626 1817 2001 1886 corruptione,

2120 1841 2218 1878 ut.
2281 1823 2476 1888 Καλῶς
2507 1825 2563 1878 δὲ
2619 1821 2795 1878 εἶπεν·
2844 1843 2862 1876 ι
2915 1824 3244 1896 Ἐγείρεται,
3277 1843 3294 1875 ι
3334 1827 3422 1877 καὶ
3456 1826 3526 1888 oti,
3550 1809 3629 1877 tiri-

430 1920 534 1973 hoc
583 1925 691 1984 est,
730 1928 788 1973 ut
850 1926 1251 1986 corrumpatur.
1301 1913 1532 1968 Pulchre
1598 1922 1780 1966 autem
1838 1909 1997 1972 dixit,

431 2030 450 2063 ε
489 2011 758 2080 Resurgit,
795 2029 814 2063 ι
851 2019 906 2066 et
937 2025 1066 2075 non,
1111 2007 1386 2071 Nascitur,
1417 2019 1485 2060 ne
1517 2015 1672 2059 terrae
1700 2017 1820 2058 esse
1862 2015 1999 2072 opus

422 2106 720 2160 existimes.

503 2199 661 2250 Vens.
695 2196 786 2251 45.
817 2213 836 2247 ι
873 2189 1187 2250 Seminatur
1215 2193 1267 2248 in
1302 2191 1618 2264 ignominia,
1655 2189 1891 2257 resurgit
1943 2188 1996 2246 in

423 2291 616 2360 gloria.
659 2308 678 2340 ι
714 2288 853 2357 Quid
903 2288 1045 2342 enim
1075 2295 1292 2341 mortuo
1336 2282 1673 2356 ignobilius?
1714 2283 1911 2337 etenim
1944 2281 1997 2335 in

424 2385 593 2454 gloria
647 2379 1176 2449 incorruptibilitatis
1230 2377 1525 2441 excitatur,
1609 2375 1824 2430 etiamsi
1893 2389 1998 2428 non

424 2476 611 2529 eodem
641 2486 832 2526 omnes
864 2471 1115 2523 fruantur
1152 2471 1378 2523 honore.

498 2582 520 2614 ‹
558 2561 871 2618 Seminatur
902 2562 953 2615 in
979 2560 1311 2626 inﬁrmitate,
1337 2559 1574 2628 resurgit
1599 2559 1649 2613 in
1674 2558 1936 2628 potentia.
1973 2578 1992 2612 ι

425 2654 504 2706 Ad
533 2654 741 2708 dierum
775 2652 919 2706 enim
973 2665 1143 2720 usque
1171 2651 1408 2720 quinque
1473 2651 1840 2715 intervallum,
1873 2664 2002 2706 caro

426 2763 533 2800 non
576 2752 750 2814 potest
827 2743 1121 2812 persistere
1205 2744 1464 2796 adversus
1547 2744 1995 2812 corruptionem:

428 2839 524 2894 sed
577 2838 843 2892 excitatur
890 2835 942 2887 in
1002 2834 1526 2904 incorruptibilitatis
1576 2836 1834 2903 potentia,
1867 2834 1998 2888 nulli

427 2944 590 2999 porro
619 2928 950 2998 corruptioni
997 2926 1255 2988 obnoxia,
1281 2925 1498 2980 etiamsi
1526 2926 2007 2996 incorruptibililas

429 3021 608 3091 impiis
643 3021 714 3075 sit
745 3021 810 3074 ad
840 3019 1070 3090 majores
1100 3035 1287 3089 poznas

500 3113 663 3168 Vens.
690 3112 780 3166 44.
821 3131 839 3163 ι
882 3112 1193 3167 Seminatur
1243 3127 1439 3183 corpus
1492 3113 1742 3178 animale,
1776 3115 2010 3185 resurgit

2104 1933 2244 1980 εται,
2279 1918 2366 1969 ἵνα
2395 1916 2468 1988 μὴ
2500 1917 2596 1988 τῆς
2638 1916 2741 1984 γῆς
2769 1913 2910 1971 εἶναι
2941 1917 3172 1989 νομίσῃς
3210 1917 3271 1969 τὸ
3298 1915 3468 1989 ἔργον.

2189 2217 2207 2250 ι
2235 2198 2527 2267 Σπείρεται
2581 2197 2639 2248 ἐν
2696 2194 2917 2267 ἀτιμίᾳ,
2972 2195 3252 2267 ἐγείρεται
3296 2196 3352 2250 ὲν
3375 2195 3506 2268 δόξῃ.
3537 2217 3552 2248 ι
3579 2197 3628 2252 Τί

2106 2290 2216 2361 γὰρ
2263 2288 2461 2358 νεκροῦ
2521 2287 2883 2357 ἀτιμότερον;
2919 2286 3031 2339 ἀλλ’
3065 2288 3124 2338 ὲν
3174 2289 3241 2358 τῇ
3272 2286 3395 2360 δόξῃ
3441 2289 3527 2357 τῆς
3551 2292 3630 2359 ἀφ.

2107 2380 2341 2452 θαρσίας
2367 2380 2664 2450 ἐγείρεται,
2696 2380 2744 2430 εἰ
2766 2379 2862 2433 καὶ
2904 2378 2980 2450 μὴ
3014 2379 3111 2448 τῆς
3147 2377 3322 2450 αὐτῆς
3355 2380 3506 2451 τιμῆς
3529 2382 3631 2436 ἀπο.

2107 2473 2349 2529 λαύσωσι
2381 2473 2602 2534 πάντες.

2167 2585 2202 2618 ·‹
2243 2567 2537 2636 Σπείρεται
2576 2569 2633 2617 ἐν
2681 2561 2975 2636 ἀσθενείᾳ,
3001 2564 3280 2636 ἐγείρεται
3311 2565 3365 2617 ὲν
3393 2564 3624 2632 δυνάμει.»

2080 2654 2279 2714 Ὀὔπω
2327 2658 2434 2726 γὰρ
2489 2657 2694 2728 ἡμέραι
2748 2657 2931 2723 πέντε,
2964 2657 3060 2710 καὶ
3107 2657 3213 2710 οὐκ
3247 2657 3415 2727 ἰσχύει
3453 2659 3480 2728 ή
3526 2657 3631 2728 σὰρξ

2109 2751 2381 2819 ἀντισχεῖν
2446 2749 2579 2818 πρὸς
2617 2748 2717 2821 τὴν
2770 2748 2978 2819 φθοράν
3005 2764 3019 2778 ο
3047 2747 3162 2802 ἀλλ’
3199 2748 3463 2820 ἐγείρεται
3503 2750 3550 2801 ἐν
3580 2752 3628 2817 τῇ

2108 2845 2207 2913 τῆς
2230 2842 2536 2911 ἀφθαρσίας
2561 2840 2814 2910 δυνάμει,
2852 2842 3127 2904 ἀνάλωτος
3149 2836 3290 2894 οὖσα
3312 2841 3487 2894 λοιπὸν
3516 2842 3629 2911 πάσῃ

2110 2936 2306 3006 φθορᾷ,
2325 2935 2372 2987 εἰ
2404 2935 2498 2988 καὶ
2529 2937 2562 3004 ἡ
2597 2934 2873 3004 ἀφθαρσὶα
2899 2937 3014 2998 τοῖς
3051 2935 3400 3006 ἁμαρτωλοῖς
3424 2935 3540 3006 πρδς
3566 2935 3632 2988 κὰ

2109 3023 2268 3077 λασιν
2304 3025 2475 3078 πλείω
2504 3025 2640 3080 ἐστε.
3417 3087 3422 3092 _

2194 3137 2214 3172 ι
2250 3119 2545 3190 Σπείρεται
2570 3117 2729 3189 σῶμα
2744 3117 2975 3190 ψυχικόν
2999 3135 3012 3149 ·
3038 3118 3315 3190 ἐγείρεται
3341 3120 3485 3185 σῶμα
3506 3134 3631 3170 πνευ-

428 3221 626 3277 corpus
687 3204 984 3276 spirituale.
1047 3221 1066 3256 ι
1102 3234 1173 3244 -
1220 3222 1240 3257 ι
1277 3204 1486 3274 Corpus
1556 3206 1808 3272 animale,
1847 3225 1868 3260 ι
1925 3217 2001 3262 est

2120 3213 2365 3285 ματικόν.
2391 3231 2408 3263 ι
2429 3243 2495 3254 -
2516 3231 2533 3264 ι
2559 3212 2799 3283 Ψυχικὸν
2835 3210 3014 3282 σῶμα,
3046 3229 3064 3262 ι
3097 3211 3154 3262 τό
3188 3213 3292 3264 ὑπὸ
3313 3213 3413 3266 τῶν
3433 3209 3630 3282 ψυχικῶν

428 3296 572 3368 quod
613 3298 805 3350 anima:
859 3297 1061 3350 viribus
1096 3297 1448 3366 gubernatur,
1490 3307 1545 3351 et
1579 3298 1630 3351 in
1666 3313 1772 3367 quo
1825 3300 2006 3352 anima

431 3387 764 3443 dominatum
799 3399 849 3442 et
894 3387 1179 3458 imperium
1217 3386 1394 3442 habet.
1429 3407 1448 3441 ι
1476 3387 1771 3458 Spirituale
1803 3406 1822 3439 ι
1859 3405 2008 3452 vero,

429 3482 570 3551 quod
609 3480 838 3550 Spiritus
871 3482 1044 3534 Sancti
1081 3481 1398 3550 operatione
1444 3481 1654 3534 abunde
1713 3481 1906 3546 utitur,
1954 3491 2010 3538 et

429 3573 612 3627 abillo
643 3574 694 3626 in
734 3573 984 3627 omnibus
1014 3573 1365 3640 gubernatur.
1399 3572 1625 3627 Etiamsi
1652 3575 1793 3627 enim
1837 3573 2012 3644 Spiri-

431 3675 519 3720 tus
553 3653 849 3720 etiamnum
906 3667 956 3719 in
1009 3665 1163 3720 nobis
1217 3676 1496 3736 operatur,
1553 3682 1656 3721 non
1697 3665 1777 3722 sic
1831 3676 2008 3722 tamen

432 3769 718 3830 operatur,
780 3752 958 3828 n‘eque
996 3773 1252 3830 semper:
1283 3761 1458 3813 avolat
1511 3759 1654 3814 enim
1701 3777 1728 3813 a
1759 3762 2011 3814 commit-

431 3852 668 3905 tcutihns
718 3849 1003 3921 ﬂagitium.
1062 3850 1138 3904 Ac
1195 3864 1461 3920 prasente
1509 3851 1727 3920 quidem
1781 3851 2008 3921 Spiritu,

431 3942 614 3999 anima
675 3957 874 4010 corpus
929 3941 1067 4010 regit
1100 3960 1113 3996 :
1151 3951 1261 3995 tum
1328 3957 1455 3996 vero
1495 3943 1710 4000 assidue
1778 3942 2012 4012 Spiritus

430 4033 775 4102 pcrmanebit
819 4034 872 4088 in
904 4034 1220 4108 corporibus
1243 4033 1533 4101 iustorum.
1565 4033 1660 4088 Vel
1694 4035 2012 4104 simpliciter

428 4125 718 4194 spirituale
749 4124 1164 4194 incorruptibile
1198 4125 1349 4192 dicit,
1397 4125 1563 4181 veluti
1607 4128 1802 4182 subtile
1841 4127 2012 4198 magis

426 4227 480 4271 et
509 4215 792 4281 leve,adeo
821 4225 876 4269 ut
901 4216 985 4270 vel
1018 4217 1069 4270 in
1089 4230 1217 4272 aere
1242 4217 1493 4284 vehatur,
1519 4226 1752 4272 attamen
1777 4233 1884 4272 non
1913 4218 2008 4281 ita,

433 4317 492 4361 ut
529 4307 794 4377 Origenes
824 4307 976 4374 dicit,
1013 4323 1230 4363 aereum
1263 4319 1318 4362 et
1362 4309 1680 4373 actherenm,
1723 4325 1914 4380 nempe
1943 4325 2009 4364 ex

436 4398 582 4452 aeris
632 4398 960 4467 aetherisque
1008 4399 1312 4453 substantia
1364 4402 1740 4454 constitutum.
1773 4401 1924 4467 Quod
1968 4402 2011 4458 si

2110 3309 2394 3376 δυνάμεων
2428 3307 2822 3376 διοικούμενον.
2861 3307 2954 3359 καὶ
3003 3308 3059 3358 ἐν
3091 3297 3135 3372 ᾧ
3163 3308 3201 3376 ἡ
3233 3305 3376 3376 ψυχὴ
3419 3308 3472 3357 τὸ
3501 3303 3628 3374 κῦρος

2111 3401 2206 3453 καὶ
2239 3399 2335 3470 τὴν
2371 3397 2670 3468 ἠγεμονίαν
2695 3398 2804 3467 ἔχει
2831 3413 2846 3428 ο
2889 3415 2906 3448 ι
2930 3399 3308 3467 πνευματικὸν
3329 3415 3347 3448 ι
3391 3395 3464 3459 δὲ,
3484 3396 3534 3449 τὸ
3559 3397 3629 3463 τὴν

2107 3489 2202 3544 τοῦ
2233 3491 2386 3558 ἁγίου
2433 3490 2749 3560 Πνεύματος
2794 3488 3211 3543 ναταπλουτοῦν
3244 3489 3530 3559 ἐνέργειαν,
3559 3487 3628 3540 καὶ

2111 3579 2204 3634 ὑπ’
2227 3581 2441 3634 ἐκείνου
2473 3580 2542 3633 τά
2574 3581 2751 3633 πάντα
2782 3579 3175 3647 διωκούμενον.
3223 3581 3284 3633 El
3318 3581 3421 3650 γάρ
3451 3581 3530 3632 καὶ
3560 3578 3630 3631 νῦν

2108 3673 2167 3725 ὲν
2228 3673 2360 3743 ἡμῖν
2409 3674 2627 3743 ἐνεργεῖ
2673 3673 2734 3725 τὸ
2797 3671 3045 3741 Πνεῦμα,
3075 3673 3190 3726 ἀλλ’
3214 3674 3312 3743 οὐχ
3335 3673 3511 3737 οὕτως,
3535 3669 3630 3723 οὐδὲ

2110 3762 2231 3816 ἀεί·
2257 3762 2555 3831 ἀφίπταται
2613 3762 2722 3832 γὰρ
2770 3763 2838 3825 ἀρ
2852 3765 3216 3834 αρτανόντων.
3245 3767 3350 3818 Καὶ
3379 3765 3463 3818 τοῦ
3498 3765 3630 3818 Πνεύ-

2113 3871 2282 3924 ματος
2309 3853 2365 3907 δὲ
2416 3854 2706 3928 παρόντος,
2737 3856 2770 3925 ή
2799 3855 2946 3926 ψυχὴ
2980 3857 3174 3908 διοικεῖ
3220 3857 3284 3909 τὸ
3331 3858 3478 3926 σῶμα
3497 3873 3510 3884 ο
3538 3856 3629 3906 τότε

2109 3945 2165 3998 δὲ
2195 3944 2461 4014 διηνεκῶς
2494 3945 2801 4017 παραμένει
2829 3948 2945 4011 τοῖς
2988 3947 3208 4018 σώμασι
3250 3949 3356 4002 τῶν
3375 3947 3567 4001 δικαίων
3588 3945 3631 3996 τὸ

2111 4037 2358 4107 Πνεῦμα.
2398 4037 2477 4090 ’Ἦ
2517 4039 2885 4108 πνευματικὴν
2937 4039 3124 4103 ἁπλῶς
3174 4040 3326 4109 λέγει
3362 4041 3419 4092 τὸ
3460 4038 3631 4108 690a?-

2109 4145 2224 4190 τον,
2257 4127 2332 4190 ὡς
2365 4128 2861 4201 λεπτομερέστερον
2928 4131 3017 4188 καὶ
3059 4132 3285 4200 κοῦφον,
3319 4127 3423 4185 οἷον
3451 4131 3532 4184 καὶ
3567 4127 3631 4182 ἐπ’

2110 4221 2272 4290 ἀέρος
2298 4221 2538 4290 ὀχεῖσθαι
2564 4237 2578 4251 ο
2600 4221 2737 4292 πλὴν
2760 4223 2855 4292 οὐχ
2887 4221 2961 4285 ὡς
2999 4225 3282 4296 Ὦριγένης
3310 4226 3470 4293 λέγει,
3494 4219 3631 4292 ἀερῶο

2109 4313 2198 4375 δες
2230 4312 2323 4365 καὶ
2353 4312 2617 4381 αἰθέριον,
2653 4313 2771 4382 ἦτοι
2797 4317 2856 4366 ἐν
2892 4315 2992 4384 τῆς
3023 4317 3115 4368 τοῦ
3150 4317 3315 4388 ἀέρος
3345 4316 3432 4370 καὶ
3467 4313 3547 4366 τοῦ
3569 4313 3632 4364 αἱ·

2111 4405 2269 4477 θέρος
2302 4407 2510 4469 οὐσίας.
2546 4407 2610 4460 Εἰ
2635 4408 2691 4461 δὲ
2735 4408 2990 4472 ἀπιστεῖς
3019 4411 3085 4480 τῇ
3134 4411 3429 4481 ἀφθαρσίᾳ,
3462 4410 3548 4478 ὅρα
3581 4405 3632 4458 τὰ

430 4491 495 4546 de
527 4491 1031 4561 iucorruptibilitate
1079 4490 1314 4557 haesitas,
1350 4493 1561 4548 intuere
1613 4493 1850 4549 coelestia
1883 4511 2001 4550 cor-

2120 4498 2340 4568 οὑράνια
2398 4496 2647 4567 σώματα,
2681 4498 2750 4552 τὰ
2802 4499 2938 4563 τέως
2963 4499 3159 4570 ἀγήρω
3190 4503 3288 4556 καὶ
3320 4503 3554 4573 ἀκάματα
3577 4495 3632 4548 ⁸6

431 4597 584 4652 pora,
612 4598 733 4652 quae
760 4585 1020 4638 hactenus
1045 4583 1189 4637 nullo
1220 4598 1392 4653 neque
1411 4584 1562 4639 senio
1585 4585 1827 4640 confecta
1855 4596 1999 4655 Sunt,

431 4688 602 4742 neque
637 4673 819 4728 labore
848 4673 1277 4745 defatigata.Qui
1307 4676 1452 4731 enim
1481 4690 1544 4730 ea
1577 4675 1702 4731 talia
1732 4679 2001 4748 condidit,

430 4765 940 4835 corruptibilitatem
984 4781 1208 4836 quoque
1264 4777 1504 4823 nostram
1545 4770 2005 4840 incorruptibilem

427 4856 642 4912 efﬁciet.

507 4969 524 5000 ι
586 4947 678 5004 Est
709 4964 905 5018 corpus
939 4949 1194 5004 animale.
1231 4967 1251 5002 ι
1311 4949 1464 5016 Quod
1513 4950 1622 5020 jam
1656 4952 1918 5012 habemus
1958 4957 2012 5012 in

427 5043 680 5114 prmsenti
724 5043 853 5098 vita.

507 5151 525 5183 ι
563 5132 765 5202 Estque
804 5147 1002 5202 corpus
1031 5133 1333 5202 spirituale.
1363 5151 1384 5184 ι
1413 5132 1564 5200 Quod
1590 5135 1819 5191 habituri
1849 5139 2016 5210 228

431 5239 617 5279 sumus
654 5225 703 5275 in
739 5222 942 5289 futuro,
977 5224 1117 5278 idem
1158 5236 1288 5278 sane
1321 5237 1442 5275 cum
1498 5227 1616 5288 hoc,
1643 5241 1827 5280 verum
1855 5230 2016 5296 spiri-

434 5313 598 5378 tuale,
631 5313 732 5368 hoc
761 5324 844 5368 est
879 5314 1245 5382 corruptionis
1283 5328 1499 5382 expers.

501 5408 663 5461 Vens.
695 5406 785 5462 45.
823 5425 844 5458 ‹
875 5405 968 5461 Sic
999 5415 1054 5459 et
1077 5407 1337 5475 scriptum
1370 5417 1453 5461 est
1485 5423 1498 5460 :
1533 5407 1729 5464 Factus
1773 5418 1857 5465 est
1896 5412 2006 5481 pri-

426 5515 550 5554 mus
580 5500 740 5553 homo
769 5500 944 5554 Adam
986 5498 1039 5552 in
1071 5497 1309 5552 animam
1360 5498 1663 5565 viventem;
1689 5502 2011 5558 novissimus

424 5594 596 5648 Adam
646 5593 698 5646 in
753 5592 1014 5661 Spiritum
1071 5591 1510 5648 viviﬁcantem»
1574 5591 1732 5647 Prius
1783 5595 2000 5664 quidem

424 5685 681 5753 scriptum
714 5693 816 5750 est,
847 5684 1118 5755 posterius
1148 5688 1326 5737 autem
1369 5699 1471 5739 non
1530 5684 1656 5740 item
1684 5704 1698 5752 ;
1722 5702 1902 5741 verum
1934 5703 2000 5742 cx

427 5792 606 5833 rerum
634 5777 1016 5833 consccutione
1043 5778 1184 5847 quod
1215 5778 1416 5842 evenit,
1445 5778 1705 5845 scriptum
1734 5793 1854 5836 esse
1883 5780 1958 5835 ait
1985 5798 1997 5833 :

2113 4590 2224 4660 γὰρ
2275 4587 2449 4643 ταῦτα
2495 4589 2720 4644 τοιαῦτα
2753 4593 3008 4663 ποιήσας,
3045 4594 3142 4647 καὶ⁵
3184 4593 3253 4649 τά
3283 4593 3485 4666 φθαρτά
3511 4587 3632 4664 ἡμῶν

2114 4681 2464 4752 ἀφθαρτίσει.

2179 4973 2197 5000 ι
2244 4949 2398 5002 Ἔστι
2457 4949 2615 5020 σῶμα
2653 4950 2904 5023 ψυχικόν.
2939 4973 2958 5005 ι
3005 4955 3068 5009 ’Ὀ
3100 4955 3209 5026 ,νῦν
3260 4957 3446 5029 ἔχομεν
3488 4959 3538 5010 έν
3579 4959 3628 5026 τῇ

2115 5040 2366 5112 παρούσῃ
2392 5039 2528 5112 ζωῇ.

2183 5152 2200 5182 ι
2238 5133 2346 5186 Καὶ
2404 5133 2520 5214 ἔστι
2580 5151 2740 5204 σωμα
2788 5142 3182 5209 πνευματικόν,
3230 5162 3249 5195 ι
3298 5146 3362 5198 Ὃ
3406 5143 3629 5214 μέλλομεν

2113 5221 2253 5288 ἕξειν
2282 5227 2337 5276 ἐν
2373 5213 2461 5290 et];
2484 5227 2755 5294 μέλλοντι,
2787 5232 2847 5284 τὺ
2886 5233 3020 5285 αὐτὸ
3052 5233 3153 5302 μὲν
3189 5235 3266 5301 ὃν,
3311 5213 3627 5308 πνευματικὸν

2109 5317 2169 5370 δὲ
2197 5357 2211 5380 ,
2238 5319 2535 5385 τουτέστιν,
2565 5320 2860 5393 ἄφθαρτον.

2186 5429 2204 5461 ‹
2247 5411 2406 5465 Οὕτω
2467 5415 2563 5466 καὶ
2625 5415 2962 5486 γέγραπται·
3013 5420 3256 5488 Ἐγένετο
3284 5425 3310 5476 6
3344 5421 3533 5492 πρῶτος
3557 5417 3629 5472 ἄν·

2110 5502 2329 5572 θρωπος
2365 5505 2535 5576 Ἀδὰμ
2592 5508 2672 5570 εις
2719 5509 2916 5582 ψυχὴν.
2949 5510 3132 5577 ζῶσαν
3151 5533 3164 5547 ·
3194 5519 3220 5570 ὁ
3249 5516 3460 5586 ἔσχατος
3491 5510 3627 5578 ’Δδὰμ

2110 5599 2189 5658 εἰς
2249 5597 2472 5665 Πνεῦμα
2517 5597 2836 5662 ζωοποιοῦν.
2877 5623 2896 5656 ι
2925 5607 3035 5659 Καὶ
3091 5609 3200 5680 μὴν
3227 5609 3282 5662 τὸ
3334 5610 3427 5677 μὲν
3455 5605 3624 5675 γέγρα-

2109 5706 2264 5754 πται,
2315 5691 2376 5742 τὺ
2430 5691 2488 5744 δὲ
2547 5693 2776 5766 ὕστερον
2810 5697 2870 5749 ού
2919 5700 3250 5770 γέγραπται.
3301 5701 3408 5752 ἀλλ’
3446 5703 3500 5751 ἐκ
3547 5697 3622 5762 τῆς

2111 5782 2436 5848 ἀκολουθίας
2464 5786 2572 5840 τῶν
2625 5791 2972 5861 πραγμάτων
3001 5794 3062 5847 τὸ
3115 5795 3424 5866 ἐκϐεϐηκὸς,
3452 5784 3620 5858 γεγρά-
