3806 6584
129 371 221 436 777

868 358 1274 423 ΕΧΓΟΞΙΤΙΟ
1315 357 1392 418 ΙΝ
1432 354 1674 417 EPIST.
1714 352 1743 412 Ι
1783 353 1882 414 AD
1923 353 2088 414 COR.
2123 378 2190 390 -
2216 351 2374 413 CAP.
2417 352 2538 414 XV.

3246 348 3352 410 778

126 491 241 561 φθαι
265 482 419 556 φησίν
449 481 494 514 u
523 477 711 547 ὥσπερ
743 477 837 530 καὶ
867 477 894 530 6
919 476 1212 547 προφήτης
1241 474 1340 544 τὴν
1381 473 1656 561 Ἰερουσᾳ,

1823 467 2218 524 temadmodum
2271 469 2532 540 propheta
2610 466 2742 522 dixit
2791 464 3087 523 Jerusalem
3153 481 3356 523 vocan-

124 560 219 650 λὴμ
242 572 354 629 εἷπε
410 566 778 641 κληθήσεσθαι
806 567 960 619 πόλιν
1011 563 1386 633 δικαιοσύνης,
1413 563 1508 616 καὶ
1562 560 1663 613 οὐκ

121 670 300 738 ἰκλήθη
331 661 502 736 ῥητῶς
526 675 541 690 ⁸
578 659 673 712 καὶ
704 658 796 710 τὸν
818 657 1025 729 Κύριον
1043 657 1107 710 τὸ
1137 654 1497 724 Ενῦαγγέλιον,
1527 652 1666 722 Ἑμ-

125 756 340 830 μανουήλ
363 773 375 786 ο
407 755 498 808 καὶ
537 752 640 805 ούκ
659 751 704 783 ⁸¹
733 749 895 813 αὐτὸς
925 748 1100 812 οὕτως
1141 748 1370 819 ἐκλήθη,
1411 745 1548 800 ἀλλὰ
1602 743 1672 798 τὰ

99 853 404 924 ίπράγματα
457 845 663 916 ταύτην
691 844 913 914 ἀφῆκαν
935 844 1034 915 τὴν
1085 843 1292 913 φωνήν.
1337 841 1399 896 Ὀ
1432 840 1532 911 μὲν
1580 837 1675 892 οὖν

123 943 315 1016 πρῶτος
350 939 518 1009 Ἀδὰμ
549 937 778 1008 ψυχικὸς
804 934 873 1008 ῆν
926 935 1238 1006 ἄνθρωπος,
1265 933 1539 994 τουτέστι,
1569 930 1672 1000 ψυ-

1775 560 1900 614 άςιηὶ
1933 579 1952 612 ι
1987 561 2412 633 urbemjustitize
2442 573 2482 602 ω
2519 580 2537 614 ›
2573 575 2711 616 :nec
2736 570 2913 616 tamen
2943 568 3129 632 aperte
3163 571 3353 616 vocata

1773 663 1879 709 est.
1917 654 1994 708 Ac
2047 653 2395 726 Evangelium
2444 653 2730 709 Dominum
2801 671 2820 706 ‹
2859 653 3267 708 Emmanuelem
3323 670 3344 706 ι

1777 744 2076 797 vocandum
2115 743 2211 810 ait,
2240 758 2361 798 cum
2395 753 2575 799 tamen
2612 744 2725 814 ipse
2761 744 2833 798 ita
2879 758 2986 798 non
3014 744 3086 800 sit
3113 743 3358 814 appella-

1780 845 1885 899 tus,
1927 838 2020 890 sed
2056 851 2140 892 res
2166 837 2294 907 ipsa:
2318 836 2458 890 hanc
2485 851 2668 892 vocem
2695 837 2998 894 emiserint.
3023 836 3235 894 Primus
3257 837 3360 891 ita-

1777 943 1883 998 que
1915 927 2086 983 Adam
2127 930 2374 987 animalis
2407 938 2524 986 erat
2558 931 2740 996 homo,
2774 930 2826 986 id
2857 939 2960 997 est,
2995 930 3188 986 animae
3225 931 3361 985 viri-

123 1037 284 1108 χικαῖς
301 1032 556 1102 δυνάμεσι
578 1028 947 1100 διοικούμενον
967 1027 1125 1099 σῶμα
1147 1022 1294 1098 εἶχεν
1309 1042 1323 1056 '
1348 1043 1368 1078 ι
1389 1024 1418 1078 6
1439 1024 1494 1078 δὲ
1510 1023 1674 1094 ἔσχα-

1820 1037 1880 1076 us
1915 1023 2271 1092 gubernatum
2325 1039 2522 1094 corpus
2555 1023 2787 1080 habebat
2821 1041 2835 1078 :
2871 1035 3178 1093 postremus
3225 1038 3361 1081 vero

121 1143 197 1188 τος
220 1123 402 1193 Ἀδὰμ,
426 1140 444 1173 ι
473 1121 501 1173 6
531 1119 753 1192 Κύριος,
784 1137 804 1172 t
826 1122 906 1184 είς
929 1119 1145 1188 πνεῦμα
1168 1116 1487 1182 ζωοποιοῦν.
1513 1133 1531 1166 ι
1555 1114 1670 1167 Οὐκ

120 1215 270 1280 εἶπεν,
294 1216 382 1279 Εἰς
400 1213 612 1284 πνεῦμα
629 1213 758 1278 ζῶν,
785 1211 941 1278 ἀλλὰ,
969 1229 988 1263 ι
1015 1209 1376 1274 Ζωοποιοῦν,›
1395 1206 1454 1261 τδ
1482 1205 1668 1277 μεῖζον

124 1309 291 1365 εἰπών.
313 1306 415 1361 Καὶ
432 1307 540 1378 γὰρ
566 1308 594 1360 6
613 1305 817 1377 Κύριος
841 1301 954 1378 εἶχε
984 1305 1044 1359 τὸ
1069 1302 1344 1365 οὐσιωδῶς
1366 1300 1514 1371 αύτῷ
1542 1315 1672 1353 συν-

126 1403 174 1455 ὸν
228 1401 285 1454 τὸ
325 1399 481 1469 ἆγιον
535 1398 784 1464 Πνεῦμα,
824 1398 890 1452 δι’
921 1393 983 1454 οὗ
1027 1399 1122 1452 καὶ
1166 1396 1266 1469 τὴν
1314 1395 1448 1449 ἰδίαν
1499 1394 1678 1466 σάρκα

124 1494 401 1558 ὲζωοποίει,
433 1490 530 1545 καὶ
567 1494 702 1562 ἡμῖν
731 1491 801 1544 δι’
833 1491 1000 1545 αὐτοῦ
1048 1490 1148 1561 τὴν
1184 1488 1495 1560 ἀφθαρσίαν
1545 1489 1676 1555 ἐχα-

129 1585 314 1656 ρίσατο.
341 1583 510 1636 Ὥστε
544 1583 647 1654 τῆς
676 1585 776 1654 μὲν
803 1581 1052 1654 φθαρτῆς
1073 1580 1280 1644 ταύτης
1313 1581 1459 1649 ζωῆς
1491 1579 1558 1632 τὰ
1593 1579 1679 1630 ὲν-

130 1680 280 1748 έχυρα
324 1678 378 1729 ὲν
407 1675 487 1746 τῷ
541 1676 747 1748 πρώτῳ
789 1677 962 1747 ’Δδὰμ
1013 1675 1280 1746 ἔσχομεν·
1309 1672 1412 1743 τῆς
1440 1671 1497 1724 δὲ
1555 1670 1680 1742 μελ-

128 1767 323 1836 λούσης,
349 1767 406 1820 ὲν
437 1764 684 1838 Χριστῷ.

189 1878 205 1910 ι
255 1833 385 1912 ίΑλλ’
420 1833 504 1912 ού-
525 1833 742 1928 πρῶτον
771 1858 832 1912 τὺ
863 1857 1258 1928 πνευματικὸν,
1295 1855 1433 1910 ἀλλὰ
1462 1853 1524 1908 τδ
1562 1852 1669 1924 ψυ-
1713 1833 1757 1888 Β

131 1953 282 2023 χικδν,
312 1952 501 2006 ἔπειτα
527 1953 590 2005 τὸ
630 1952 1025 2023 πνευματικόν.
1059 1969 1078 2004 ο
1114 1951 1233 2004 Ἵνα
1284 1950 1359 2021 μή
1397 1966 1482 2013 τις
1513 1947 1640 2018 εἴπῃ
1663 1961 1678 1976 ⁸

130 2043 213 2097 Διὰ
234 2045 284 2096 τί
311 2044 369 2098 τὸ
398 2043 633 2114 ψυχικὸν
680 2043 838 2116 σῶμα
882 2045 978 2097 καὶ
1028 2044 1210 2114 χεῖρον
1242 2041 1337 2097 νῦν
1367 2041 1585 2112 ἔχομεν,
1619 2037 1682 2091 τὸ

132 2137 179 2192 δι
211 2137 571 2206 πνευματικὸν
598 2136 785 2207 μέλλει
815 2154 828 2201 ;
855 2135 1042 2207 φησὶν,
1066 2135 1266 2190 ὃτικαϊ
1281 2135 1334 2187 al
1360 2133 1526 2205 ἀρχαὶ
1553 2133 1680 2186 ἑκα-

133 2229 283 2300 τέρων
318 2228 460 2282 οὕτω
491 2229 852 2300 διετάγησαν.
888 2230 999 2282 Καὶ
1049 2229 1078 2282 ὁ
1116 2228 1215 2298 μὲν
1266 2225 1440 2296 Ἀδὰμ
1484 2224 1684 2296 πρότε-

135 2337 228 2390 ρος,
258 2323 284 2376 6
325 2320 381 2374 δὲ
407 2321 649 2393 Χριστὸς
709 2320 961 2392 ὕστερος.
996 2321 1164 2375 Ὥστε
1203 2321 1297 2374 ἐπὶ
1361 2320 1422 2372 τὸ
1470 2318 1682 2390 βέλτιον

133 2414 206 2466 ἀεὶ
232 2414 295 2468 τὰ
331 2413 579 2485 ἡμέτερα
610 2412 862 2484 πρόεισι⁶
897 2411 995 2467 καὶ
1037 2412 1300 2480 πίστευε,
1335 2412 1420 2466 ὅτι
1469 2412 1565 2465 καὶ
1611 2411 1682 2464 τὰ

132 2504 210 2558 νῦν
243 2507 294 2560 ὲν
331 2509 412 2559 σοὶ
443 2505 666 2577 φθαρτὶι
692 2507 786 2559 καὶ
815 2505 986 2577 χείρω
1044 2505 1138 2558 ἐπὶ
1175 2503 1236 2558 τὸ
1263 2502 1543 2574 ἄφθαρτον
1587 2502 1682 2556 καὶ

136 2598 355 2666 κρεῖττον
387 2597 1074 2670 μεταστοιχειωθήσονται.

199 2803 215 2835 ι
257 2784 314 2838 ’0
345 2783 565 2856 πρῶτος
602 2781 890 2856 ἄνθρωπος
917 2783 983 2836 ἐκ
1007 2781 1112 2852 γῆς
1138 2782 1326 2853 χοϊκός
1348 2799 1361 2812 ·
1388 2783 1415 2835 6
1435 2778 1688 2849 δεύτερος

140 2875 416 2947 ἄνθρωπος,
445 2877 474 2930 6
505 2875 718 2947 Κύριος
743 2874 804 2940 ἐξ
829 2872 1084 2945 ούρανοῦ.
1117 2893 1137 2927 ι
1176 2874 1292 2929 Ἵνα
1324 2872 1690 2945 μὴὰμελίῖσιν

141 2966 338 3037 ἀρίστου
369 2967 510 3038 βίου,
548 2967 736 3039 μέλλει
763 2969 1054 3038 παραινεῖν
1103 2965 1291 3020 λοιπὸν
1351 2967 1480 3036 περὶ
1534 2963 1690 3018 πολι·

140 3060 266 3124 τείας
293 3059 614 3128 θεαρὲστου,
651 3059 744 3114 καί
772 3077 958 3132 φησιν,
989 3059 1071 3113 ὅτι
1107 3077 1126 3111 ι
1159 3059 1220 3112 Ὀ
1274 3057 1446 3128 Ἀδὰμ
1487 3058 1551 3110 ἐκ
1587 3056 1693 3127 γῆς

143 3147 229 3222 ἦν·
269 3171 287 3205 t
337 3153 639 3226 τοιγαροῦν
696 3155 790 3209 καὶ
827 3153 1000 3218 οὕτως
1061 3153 1414 3223 ὠνόμασταιο
1444 3152 1506 3204 τὸ
1562 3150 1691 3220 γὰρ,

147 3263 162 3296 t
193 3247 369 3317 Ἀδὰμ,
407 3267 426 3301 ι
458 3250 654 3320 γήϊνον
688 3247 785 3300 καὶ
837 3247 1027 3318 χοῖκὸν
1067 3246 1238 3317 δηλοῖ.
1280 3264 1297 3297 t
1324 3245 1381 3299 '0
1416 3245 1471 3299 δὲ
1513 3244 1695 3296 δεύτε-

147 3355 222 3406 ρος
255 3340 548 3412 ἅνθρωπος,
576 3339 606 3392 6
646 3338 849 3410 Κύριος
883 3338 941 3404 ἐξ
971 3337 1202 3409 ούρανοῦ
1239 3356 1256 3389 ι
1305 3331 1394 3406 ἦν.
1441 3335 1554 3388 Καὶ
1604 3333 1697 3387 τὸν

149 3429 232 3498 μὲν
257 3432 314 3483 ὲκ
338 3431 431 3484 τοῦ
465 3431 716 3502 χείρονος
749 3429 1010 3500 ὀνομάζει
1039 3445 1050 3458 ·
1089 3428 1178 3483 τὸν
1225 3428 1281 3482 δὲ
1319 3427 1598 3498 δεύτερον,
1631 3427 1694 3479 ἐκ

145 3520 224 3574 τοῦ
258 3523 559 3594 κρείττονος
579 3541 594 3555 ·
624 3522 722 3593 ούχ
751 3523 832 3576 ὅτι
875 3521 932 3575 δὲ
956 3521 985 3574 6
1023 3520 1332 3591 ἄνθρωπος,
1361 3519 1484 3590 ἢτοι
1511 3520 1572 3572 τὸ
1603 3519 1696 3572 ἁν-

148 3609 389 3681 θρὼπινον
439 3614 806 3686 πρόσλημμα,
837 3613 895 3681 te
936 3612 1169 3684 οὐρανοῦ
1201 3608 1288 3684 ῆν,
1321 3612 1396 3676 ὡς
1430 3613 1459 3664 6
1507 3611 1698 3682 ἄφρων

158 3705 536 3778 Ἀπολλινάριος
589 3707 820 3777 ἐλήρειο
856 3705 973 3760 ἀλλ’
1025 3706 1108 3759 ὅτι
1161 3703 1219 3758 ἓν
1272 3708 1564 3774 πρόσωπον
1603 3701 1697 3755 τοῦ

151 3798 246 3861 ἑνὸς
281 3801 532 3872 Χριστοῦ,
577 3801 674 3855 xz‘t
721 3800 750 3852 6
815 3799 1101 3871 ἄνθρωπος
1157 3797 1216 3864 ἐξ
1270 3795 1502 3866 οὐρανοῦ
1560 3791 1698 3849 εἶναι

149 3892 221 3945 διὰ
260 3894 350 3965 τὴν
387 3895 587 3949 ἕνωσιν
639 3894 886 3962 λέγεται,
931 3891 1024 3945 καὶ
1057 3893 1086 3945 6
1116 3889 1250 3954 Θεὸς
1285 3887 1697 3961 σταυρωθῆναι,

150 3981 222 4037 διὰ
245 3985 332 4057 τὴν
363 3987 529 4058 αὐτὴν
563 3985 770 4041 αἰτίαν.

215 4097 230 4128 ι
263 4077 376 4140 Οἷος
401 4083 429 4134 6
459 4080 669 4152 χοϊκός,
717 4075 953 4131 τοιοῦτοι
1001 4077 1097 4131 καὶ
1126 4075 1175 4129 οἱ
1205 4073 1402 4147 χοϊκοί.
1439 4092 1459 4126 ι
1525 4073 1695 4126 Τουτ-

155 4170 298 4237 έστιν,
320 4172 455 4226 οὕτω
474 4171 806 4226 ἀπολοῦνται
827 4169 922 4224 κα)¹
938 4168 1352 4240 τελευτήσουσιν
1371 4181 1385 4195 ⁸
1412 4164 1468 4235 ἢ,
1507 4165 1589 4218 δτι
1611 4162 1702 4218 τὸν

152 4261 233 4331 τῆς
261 4265 523 4334 ἁμαρτίας
550 4263 792 4318 θάνατον
824 4261 1230 4317 ἀποθανοῦνται
1254 4261 1302 4314 οἱ
1338 4261 1405 4330 τῇ
1430 4259 1501 4329 γῇ
1532 4272 1703 4328 προσ.

155 4353 414 4425 ηλωμένοι.

218 4460 234 4490 ι
268 4444 368 4497 Καὶ
395 4442 502 4509 οἷος
527 4446 558 4497 6
597 4443 944 4514 ἐπουράνιος,
987 4443 1225 4498 τοιοῦτοι
1260 4445 1352 4500 καὶ
1373 4446 1422 4499 οἱ
1461 4445 1702 4518 ἐπουρά-

156 4548 258 4586 νιοι.
293 4553 310 4586 ι
343 4535 656 4600 ’Ῑουτέστιν,
687 4537 834 4590 οὓτω
867 4535 1122 4607 μενοῦσιν
1148 4537 1407 4593 ἀθάνατοι
1431 4540 1524 4592 καὶ
1554 4540 1696 4608 λάμ-

158 4641 343 4691 ποντες.
375 4630 434 4682 El.
465 4630 576 4701 γὰρ
607 4629 698 4684 καὶ
735 4632 762 4683 ὁ
796 4628 1048 4700 δεύτερος
1087 4629 1260 4700 Ἀδὰμ
1280 4629 1569 4696 ἀπέθανεν,
1587 4632 1701 4685 ἀλλ’

159 4717 231 4772 ἵνα
259 4723 528 4796 καταλύσῃ
557 4723 649 4776 τὸν
680 4724 915 4776 θάνατον
942 4737 956 4751 ·
987 4722 1020 4791 ἢ
1054 4722 1138 4775 ὅτι
1177 4721 1325 4776 οὕτω
1352 4723 1706 4794 δοξασθήσον-

161 4815 345 4866 ταικα“ι
400 4816 556 4869 αὑτοὶ
606 4812 863 4876 emerso;
917 4811 1336 4882 βιώσαντες,ὼς
1375 4815 1443 4867 τὰ
1481 4815 1705 4886 οὐράνια

162 4905 476 4970 φρονοῦντες.

228 5010 245 5043 ι
279 4995 380 5048 Καὶ
407 4997 588 5062 καθὼς
618 4997 964 5069 ὲφορέσαμεν
1000 4997 1101 5068 τὴν
1139 4995 1324 5050 εἰκόνα
1365 4995 1458 5049 τοῦ
1494 4996 1703 5066 χοϊκοῦ,

165 5083 440 5154 φορέσομεν
469 5087 514 5119 δ’
541 5087 638 5142 καὶ
667 5089 766 5160 τὴν
803 5087 989 5142 εἰκόνα
1009 5087 1105 5142 τοῦ
1135 5088 1487 5160 ἐπουρανίου.
1527 5107 1546 5140 ι
1595 5089 1712 5142 Ἐν-

169 5175 319 5229 ταῦθα
357 5181 684 5252 γυμνότερον
718 5181 1095 5235 ἀποκαλύπτει
1141 5181 1187 5214 ⁸³
1223 5183 1284 5234 τὸ
1325 5181 1714 5253 παραινετικδν

171 5266 333 5337 σχῆμα
350 5272 438 5326 τοῦ
457 5274 636 5340 λόγου.
660 5275 888 5329 «Είκόνα
904 5275 960 5328 δὲ
973 5273 1164 5345 χοϊκοῦ
1191 5295 1210 5328 ›
1231 5277 1327 5338 τὰς
1343 5275 1552 5344 φαύλας
1573 5275 1716 5347 πρά-

171 5357 264 5423 ξεις
278 5361 419 5431 λέγει
443 5381 457 5396 '
489 5385 508 5418 ‹
532 5367 712 5421 εἰκόνα
741 5367 795 5420 δὲ
816 5368 908 5420 τοῦ
942 5367 1287 5438 ἐπουρανίου,
1309 5386 1327 5420 ι
1352 5367 1450 5431 τὰς
1481 5369 1714 5436 ἀγαθάς.

171 5445 360 5526 Ὠσπερ
391 5452 482 5510 οῦν
511 5459 568 5510 ἔν
593 5457 761 5530 κακία
783 5457 1111 5528 διεζήσαμεν
1145 5455 1221 5521 ὡς
1245 5457 1350 5529 τοῦ,
1368 5459 1553 5528 χοϊκοῦ
1585 5459 1715 5522 υίοὶ,

235 5594 445 5652 I'Zach.
483 5613 598 5666 vttt,
638 5600 692 5654 3'
784 5608 810 5636 π
843 5599 1008 5654 Math.
1047 5616 1086 5667 ι,
1123 5600 1214 5654 2'5.

1781 1114 1974 1180 Adam,
2011 1117 2128 1187 ipse
2162 1118 2419 1173 nimirum
2455 1118 2737 1182 Dominus,
2775 1117 2828 1171 in
2873 1116 3131 1187 Spiritum
3185 1117 3364 1172 viviti-

1783 1216 2019 1262 eautcm.
2049 1210 2160 1264 Non
2203 1211 2358 1276 dixit,
2397 1213 2448 1265 in
2477 1211 2739 1281 Spiritum
2772 1211 3066 1277 viventem,
3093 1211 3186 1265 sed
3219 1210 3361 1280 quod

1785 1303 1960 1372 majus
1998 1313 2099 1368 est,
2147 1322 2166 1354 ι
2209 1302 2604 1358 Vivilicantem.
2647 1323 2666 1356 ι
2705 1302 2913 1358 Etenim
2952 1303 3211 1357 Dominus
3236 1303 3365 1356 sult-

1788 1394 2114 1450 stantialiter
2148 1397 2380 1450 habebat
2423 1397 2684 1467 Spiritum
2723 1407 2968 1452 sanctum
2999 1395 3101 1451 sibi
3131 1396 3364 1457 unitum,

1788 1503 1882 1557 per
1912 1503 2071 1557 quem
2102 1498 2153 1543 et
2186 1491 2458 1558 propriam
2493 1505 2712 1545 carnem
2743 1490 3074 1552 vivificabat,
3102 1489 3368 1554 nobisth

1788 1597 1884 1652 per
1950 1584 2123 1651 ipsum
2184 1583 2750 1652 inrorrttptibilitatem
2827 1583 3067 1637 donavit.
3135 1581 3370 1636 Proinde

1790 1673 2154 1743 corruptibilis
2187 1673 2346 1743 hujus
2373 1675 2499 1728 vitae
2535 1674 2759 1745 pignora
2795 1675 2847 1729 in
2876 1675 3052 1745 primo
3074 1675 3243 1728 Adam
3277 1680 3370 1728 ha-

1792 1767 2032 1829 bttimus,
2069 1766 2260 1820 futurae
2302 1777 2482 1824 autem
2508 1769 2560 1822 in
2585 1769 2831 1824 Christo.

1865 1859 2026 1914 Vsus.
2051 1858 2187 1918 Μία
2218 1858 2322 1913 Sed
2361 1875 2465 1914 non
2496 1861 2727 1928 primum
2763 1859 2906 1930 quod
2935 1860 3234 1930 Spiritnale,
3277 1861 3368 1913 sed

1790 1954 1932 2020 quod
1970 1951 2221 2017 animale,
2277 1952 2470 2006 deinde
2519 1953 2660 2023 quod
2715 1954 3015 2022 spirituale.
3062 1972 3080 2006 ι
3119 1951 3196 2007 Ne
3249 1953 3373 2022 quis

1794 2048 1958 2110 dicat,
2022 2047 2134 2102 Cur
2163 2047 2274 2118 jam
2315 2048 2550 2103 animale
2586 2063 2784 2118 corpus
2811 2048 3093 2111 habemus,
3131 2049 3374 2118 adeoque

1795 2140 2053 2206 deterius,
2094 2141 2371 2211 spirituale
2404 2156 2532 2194 vero
2567 2141 2745 2196 adhuc
2789 2140 3029 2195 futurum
3070 2141 3189 2194 est?
3227 2140 3375 2208 Quo-

1795 2230 1961 2295 niam,
2020 2231 2214 2299 inquit,
2275 2230 2539 2300 principia
2601 2240 2956 2299 utrorumque
3007 2231 3086 2286 sic
3123 2231 3373 2285 ordinata

1798 2323 2035 2378 fuerunt.
2079 2323 2212 2377 Nam
2255 2325 2422 2378 Adam
2463 2333 2548 2379 est
2581 2324 2751 2394 prior,
2783 2324 3032 2379 Christus
3059 2323 3373 2396 l,postcrinr.

1798 2413 1980 2480 Quare
2013 2427 2096 2467 res
2132 2423 2331 2468 nostra:
2369 2429 2584 2483 semper
2613 2413 2663 2469 in
2696 2414 2890 2469 melius
2934 2415 3375 2485 progrediuntur.

1797 2507 1972 2562 Crede
2003 2507 2183 2575 itaque
2211 2506 2353 2574 quod
2392 2515 2446 2560 et
2478 2521 2598 2577 quae
2637 2521 2779 2561 nunc
2815 2506 2866 2560 in
2923 2516 2975 2561 te
3034 2515 3161 2560 sunt
3191 2521 3378 2560 corru-

1803 2598 2015 2666 ptiliilia
2103 2600 2506 2669 deterioraquc,
2542 2600 2595 2654 in
2635 2598 3062 2670 incorruptibilia
3134 2599 3381 2670 adeoque

1800 2692 2020 2746 meliora
2058 2692 2697 2748 trauselemenlaliuntur.

1876 2783 2035 2839 Vsus.
2075 2786 2162 2840 47.
2228 2804 2246 2836 ι
2303 2785 2516 2839 Primus
2577 2785 2740 2840 homo
2789 2785 2856 2842 de
2904 2795 3046 2841 terra
3101 2793 3375 2849 terrenus,

1803 2879 2072 2933 secundus
2137 2879 2296 2932 homo
2333 2878 2593 2931 Dominus
2634 2893 2698 2932 ex
2730 2878 2904 2932 caelis.
2945 2896 2963 2930 ι
2997 2876 3090 2949 Ne:
3115 2877 3382 2950 Optimum

1807 2970 2024 3026 vivendi
2057 2985 2225 3040 genus
2260 2969 2556 3040 negligant,
2600 2969 2654 3024 in
2686 2979 2965 3040 posterum
2997 2984 3090 3026 eos
3121 2969 3384 3025 adhorta-

1809 3073 1961 3117 tnrus
1998 3069 2081 3116 est
2117 3062 2180 3116 ad
2229 3061 2392 3116 vitam
2450 3062 2558 3116 Deo
2593 3062 2926 3132 placentem;
2959 3081 2977 3114 ‹
3014 3062 3208 3128 Adam,
3246 3081 3265 3114 ι
3299 3061 3386 3116 ln-

1806 3153 2020 3223 quiens,
2061 3171 2078 3204 t
2115 3153 2182 3207 de
2218 3163 2359 3206 terra
2392 3163 2548 3219 erat;
2585 3171 2602 3204 ι
2640 3165 2926 3222 propterea
2955 3161 3010 3209 et
3036 3153 3115 3208 sic
3147 3153 3386 3222 appella-

1809 3255 1895 3300 tus
1932 3257 2014 3301 est
2049 3263 2061 3300 :
2095 3246 2264 3299 Adam
2325 3246 2466 3301 enim
2499 3257 2726 3299 terreum
2765 3255 2818 3301 et
2848 3245 3148 3316 pulvereum
3177 3247 3388 3318 signiti-

1807 3346 1918 3394 cat.
1951 3357 1969 3390 ι
2009 3337 2178 3392 llomo
2210 3355 2339 3392 vero
2373 3340 2664 3405 secundus,
2700 3338 2814 3409 ipse
2842 3340 3118 3406 Dominus,
3152 3355 3217 3395 ex
3243 3340 3390 3396 caelo

1809 3439 1950 3486 erat.
2003 3451 2022 3484 ι
2058 3431 2133 3487 Ac
2166 3431 2321 3486 alteri
2377 3430 2595 3503 quidem
2626 3446 2656 3486 a
2688 3432 2941 3488 deteriori
2993 3448 3187 3487 nomen
3226 3434 3388 3499 indit,

1808 3523 1964 3578 alteri
2018 3539 2144 3578 vero
2178 3539 2204 3576 a
2239 3524 2648 3592 przestantiori:
2707 3540 2811 3579 non
2847 3526 2989 3594 quod
3043 3525 3225 3590 homo,
3296 3525 3384 3581 vel

1810 3595 2116 3669 humanitas
2151 3629 2179 3668 a
2213 3615 2430 3670 Christo
2491 3625 2790 3684 assumpta,
2830 3616 2896 3671 de
2924 3615 3077 3671 cmlis
3131 3626 3297 3682 esset,
3329 3627 3392 3671 ttt

1811 3709 2036 3764 demens
2067 3711 2432 3780 Apollinarius
2462 3711 2746 3779 delirabat,
2795 3723 3048 3768 caeterum
3083 3713 3226 3782 quod
3284 3729 3388 3768 una

1807 3816 2038 3872 persona
2089 3802 2247 3857 unius
2277 3802 2500 3870 Christi,
2532 3814 2585 3859 et
2627 3805 2787 3860 homo
2821 3820 2883 3859 ex
2917 3805 3058 3860 caelo
3091 3819 3212 3859 esse
3242 3804 3391 3860 dica-

1810 3903 1899 3948 tur
1925 3902 2143 3964 propter
2172 3893 2449 3960 uniouem,
2503 3910 2567 3950 ac
2617 3894 2760 3951 Deus
2794 3895 2943 3951 cruci
3000 3895 3193 3952 allixus
3244 3912 3388 3961 esse.

1813 3984 1882 4040 ob
1907 3984 2154 4039 eamdem
2194 3999 2438 4041 causam.

1887 4077 2050 4133 Vens.
2085 4076 2176 4133 48.
2205 4096 2224 4130 t
2261 4077 2446 4144 Qualis
2495 4087 2764 4143 terrenus,
2815 4080 2950 4136 tales
2987 4091 3044 4136 et
3101 4081 3323 4136 terreni.
3364 4097 3390 4134 ι

1809 4170 1924 4228 Hoc
1951 4181 2056 4237 εει,
2087 4172 2166 4226 sic
2196 4171 2450 4242 peribunt
2483 4182 2538 4229 et
2573 4174 2873 4230 morientur
2907 4192 2922 4228 :
2951 4174 3032 4228 vel
3077 4175 3222 4244 quod
3270 4189 3390 4246 pec-

1810 4263 1917 4318 cati
1953 4270 2126 4319 morte
2155 4262 2478 4331 morientur,
2517 4265 2609 4336 qui
2651 4272 2810 4320 terrae
2848 4273 2978 4320 sunt
3010 4263 3176 4321 aﬂixi.

1901 4461 1920 4495 ι
1962 4442 2148 4510 Qualis
2172 4441 2436 4508 cmlestis,
2468 4442 2599 4499 tales
2632 4451 2685 4500 et
2707 4443 2982 4508 cmlestes.
3017 4463 3038 4496 t
3067 4444 3125 4500 Id
3186 4456 3292 4515 est,
3323 4447 3394 4503 ita

1729 4568 1774 4625 Β
1811 4538 2205 4606 permanebunt
2255 4535 2583 4590 immortales
2637 4545 2692 4592 et
2740 4535 3028 4608 fulgentes.
3087 4538 3199 4595 Etsi
3251 4542 3393 4597 enim

1811 4627 2080 4682 secundus
2107 4626 2278 4680 Adam
2313 4633 2558 4682 mortuus
2588 4635 2691 4692 est,
2743 4627 2863 4682 ideo
2896 4639 3144 4686 mortuus
3192 4642 3296 4696 est,
3342 4641 3394 4686 ul

1814 4733 2041 4778 mortem
2091 4723 2409 4779 dissolveret
2444 4741 2458 4777 :
2518 4722 2601 4777 vel
2638 4723 2781 4794 quod
2812 4723 2886 4778 ita
2953 4723 3394 4794 gloriﬁcabuulul

1815 4811 1980 4884 229
2009 4811 2082 4866 illi
2141 4814 2231 4882 qui
2265 4812 2429 4867 vitam
2457 4811 2698 4866 divinam
2753 4810 3029 4877 duxerint,
3085 4813 3251 4867 veluti
3287 4827 3394 4868 cm-

1821 4903 1976 4958 lestia
2013 4913 2286 4974 saperent.

1887 4995 2162 5052 Vsas.49.
2201 5014 2220 5048 ‹
2262 4995 2329 5050 Ει
2381 4996 2840 5067 quemadmodum
2875 4999 3205 5071 gestavimus
3259 4999 3395 5054 ima-

1818 5091 1997 5160 ginem
2064 5091 2288 5155 terreni,
2357 5092 2690 5160 gestabimus
2737 5093 2902 5148 etiam
2961 5093 3245 5164 imaginem
3286 5107 3404 5149 cm-

1821 5184 1994 5238 lestis.
2038 5201 2056 5235 ι
2116 5181 2338 5237 Planius
2378 5183 2464 5238 hic
2510 5183 2947 5238 adhortatorium
3008 5184 3276 5238 sermonis
3308 5185 3395 5237 ha-

1819 5272 1989 5326 bitum
2025 5273 2246 5326 revelat.
2271 5272 2565 5344 Imaginem
2587 5284 2767 5327 autem
2813 5273 3010 5327 terreni
3041 5286 3205 5342 prava
3235 5286 3396 5342 opera

1823 5369 1952 5424 dicit
1995 5387 2006 5422 :
2059 5369 2348 5442 imaginem
2387 5386 2518 5426 vero
2549 5370 2806 5434 ccelestis,
2842 5369 3003 5424 bona.
3052 5367 3123 5424 Ut
3151 5370 3315 5441 igitur
3346 5370 3396 5426 in

1826 5463 1975 5518 vitiis
2032 5463 2286 5530 viximus,
2350 5479 2450 5521 ceu
2503 5463 2701 5520 terreni
2751 5461 2986 5520 hominis
3029 5457 3237 5524 ﬁlii.'et
3281 5476 3400 5535 qua

1434 5693 1633 5756 Variae
1679 5695 2012 5760 lectiones.

239 5817 279 5849 "
318 5818 459 5887 λέγει
505 5835 559 5876 ο.
630 5821 827 5875 "066.1:
885 5835 938 5876 o.
1017 5818 1064 5852 "
1114 5821 1436 5895 φορέσωμεν
1485 5838 1536 5879 ο.
1616 5823 1662 5856 ⁸³

1820 5823 2086 5882 καλύπτει
2117 5843 2168 5882 ο.

364 5913 627 5977 ΡΑτιιυι.
664 5915 783 5977 Gn.
830 5913 1066 5978 CXXIV

3039 5925 3210 5987 25-
