  <div class='ocr_page' id='page_1' title='image "/cluster/home/n/w/nwhite01/storage/ocr_20150623/124/hvd.32044019208206/419.png"; bbox 0 0 3806 6592; ppageno 0'>
   <div class='ocr_carea' id='block_1_1' title="bbox 468 395 585 466">
    <p class='ocr_par' dir='ltr' id='par_1_1' title="bbox 468 395 585 466">
     <span class='ocr_line' id='line_1_1' title="bbox 468 395 585 466; baseline -0.043 0"><span class='ocrx_word' id='word_1_1' title='bbox 468 395 585 466; x_wconf 77' lang='lat'><strong>779</strong></span> 
     </span>
    </p>
   </div>
   <div class='ocr_carea' id='block_1_2' title="bbox 1356 397 3654 487">
    <p class='ocr_par' dir='ltr' id='par_1_2' title="bbox 1356 397 3654 487">
     <span class='ocr_line' id='line_1_2' title="bbox 1356 397 3654 487; baseline 0.005 -27"><span class='ocrx_word' id='word_1_2' title='bbox 1356 397 1456 461; x_wconf 84' lang='lat' dir='ltr'><strong>TI]</strong></span> <span class='ocrx_word' id='word_1_3' title='bbox 1466 398 1937 465; x_wconf 80' lang='lat' dir='ltr'><strong>EOPHYLACTI</strong></span> <span class='ocrx_word' id='word_1_4' title='bbox 1986 401 2399 467; x_wconf 64' lang='lat' dir='ltr'><strong>BULGARME</strong></span> <span class='ocrx_word' id='word_1_5' title='bbox 2445 404 2800 468; x_wconf 80' lang='lat' dir='ltr'><strong>ARCHIEP.</strong></span> <span class='ocrx_word' id='word_1_6' title='bbox 3574 420 3654 487; x_wconf 76' lang='lat'><strong>730</strong></span> 
     </span>
    </p>
   </div>
   <div class='ocr_carea' id='block_1_3' title="bbox 471 508 2030 610">
    <p class='ocr_par' dir='ltr' id='par_1_3' title="bbox 471 508 2023 592">
     <span class='ocr_line' id='line_1_3' title="bbox 471 508 2023 592; baseline 0.001 -21"><span class='ocrx_word' id='word_1_7' title='bbox 471 526 632 571; x_wconf 66' lang='lat' dir='ltr'><strong>terra:</strong></span> <span class='ocrx_word' id='word_1_8' title='bbox 664 521 793 570; x_wconf 87' lang='lat' dir='ltr'><strong>sunt</strong></span> <span class='ocrx_word' id='word_1_9' title='bbox 829 508 1143 571; x_wconf 79' lang='lat' dir='ltr'><strong>aﬁ&#39;eclautes</strong></span> <span class='ocrx_word' id='word_1_10' title='bbox 1181 531 1195 569; x_wconf 90' lang='lat'><strong>:</strong></span> <span class='ocrx_word' id='word_1_11' title='bbox 1231 515 1310 570; x_wconf 78' lang='lat' dir='ltr'><strong>sic</strong></span> <span class='ocrx_word' id='word_1_12' title='bbox 1341 516 1544 572; x_wconf 82' lang='lat' dir='ltr'><strong>virtute</strong></span> <span class='ocrx_word' id='word_1_13' title='bbox 1592 533 1783 574; x_wconf 83' lang='lat' dir='ltr'><strong>rursus</strong></span> <span class='ocrx_word' id='word_1_14' title='bbox 1835 520 2023 592; x_wconf 87' lang='lat' dir='ltr'><strong>conspi</strong></span> 
     </span>
    </p>
   </div>
   <div class='ocr_carea' id='block_1_4' title="bbox 2166 508 3655 610">
    <p class='ocr_par' dir='ltr' id='par_1_4' title="bbox 2166 524 3655 610">
     <span class='ocr_line' id='line_1_4' title="bbox 2166 524 3655 610; baseline 0.006 -34"><span class='ocrx_word' id='word_1_15' title='bbox 2166 526 2256 578; x_wconf 80' lang='grc' dir='ltr'><strong>καὶ</strong></span> <span class='ocrx_word' id='word_1_16' title='bbox 2297 525 2368 579; x_wconf 84' lang='grc' dir='ltr'><strong>τά</strong></span> <span class='ocrx_word' id='word_1_17' title='bbox 2394 525 2495 594; x_wconf 83' lang='grc' dir='ltr'><strong>τῆς</strong></span> <span class='ocrx_word' id='word_1_18' title='bbox 2527 525 2631 597; x_wconf 81' lang='grc' dir='ltr'><strong>γῆς</strong></span> <span class='ocrx_word' id='word_1_19' title='bbox 2666 524 2994 595; x_wconf 75' lang='grc' dir='ltr'><strong>φρονοῦντες</strong></span> <span class='ocrx_word' id='word_1_20' title='bbox 3018 542 3033 559; x_wconf 75' lang='grc' dir='ltr'><strong>ο</strong></span> <span class='ocrx_word' id='word_1_21' title='bbox 3069 525 3208 583; x_wconf 78' lang='grc' dir='ltr'>οὕτω</span> <span class='ocrx_word' id='word_1_22' title='bbox 3237 530 3325 585; x_wconf 67' lang='grc' dir='ltr'><strong>καὶ</strong></span> <span class='ocrx_word' id='word_1_23' title='bbox 3351 532 3401 587; x_wconf 79' lang='grc' dir='ltr'>ὲν</span> <span class='ocrx_word' id='word_1_24' title='bbox 3420 532 3560 610; x_wconf 80' lang='grc' dir='ltr'>ἀρετῇ</span> <span class='ocrx_word' id='word_1_25' title='bbox 3583 536 3655 595; x_wconf 70' lang='grc' dir='ltr'><strong>αὖ,</strong></span> 
     </span>
    </p>
   </div>
   <div class='ocr_carea' id='block_1_5' title="bbox 469 608 2058 681">
    <p class='ocr_par' dir='ltr' id='par_1_5' title="bbox 469 608 2058 681">
     <span class='ocr_line' id='line_1_5' title="bbox 469 608 2058 681; baseline 0.001 -15"><span class='ocrx_word' id='word_1_26' title='bbox 469 624 626 666; x_wconf 74' lang='lat' dir='ltr'><strong>ruam</strong></span> <span class='ocrx_word' id='word_1_27' title='bbox 655 623 797 664; x_wconf 87' lang='lat' dir='ltr'><strong>nunc</strong></span> <span class='ocrx_word' id='word_1_28' title='bbox 834 609 1000 664; x_wconf 81' lang='lat' dir='ltr'><strong>vitam</strong></span> <span class='ocrx_word' id='word_1_29' title='bbox 1048 608 1316 676; x_wconf 74' lang='lat' dir='ltr'><strong>vivamus,</strong></span> <span class='ocrx_word' id='word_1_30' title='bbox 1350 618 1612 681; x_wconf 87' lang='lat' dir='ltr'><strong>tanquam</strong></span> <span class='ocrx_word' id='word_1_31' title='bbox 1648 611 1887 668; x_wconf 75' lang='lat' dir='ltr'><strong>cmlestis</strong></span> <span class='ocrx_word' id='word_1_32' title='bbox 1920 613 2058 667; x_wconf 89' lang='lat' dir='ltr'><strong>ima-</strong></span> 
     </span>
    </p>
   </div>
   <div class='ocr_carea' id='block_1_6' title="bbox 465 701 2054 777">
    <p class='ocr_par' dir='ltr' id='par_1_6' title="bbox 465 701 2054 777">
     <span class='ocr_line' id='line_1_6' title="bbox 465 701 2054 777; baseline 0.003 -21"><span class='ocrx_word' id='word_1_33' title='bbox 465 705 643 773; x_wconf 73' lang='lat' dir='ltr'><strong>ginem</strong></span> <span class='ocrx_word' id='word_1_34' title='bbox 673 711 729 759; x_wconf 89' lang='lat' dir='ltr'><strong>et</strong></span> <span class='ocrx_word' id='word_1_35' title='bbox 783 701 1143 758; x_wconf 66' lang='lat' dir='ltr'><strong>imitationem</strong></span> <span class='ocrx_word' id='word_1_36' title='bbox 1203 703 1613 760; x_wconf 78' lang='lat' dir='ltr'><strong>conservantes.</strong></span> <span class='ocrx_word' id='word_1_37' title='bbox 1658 704 1840 777; x_wconf 84' lang='lat' dir='ltr'><strong>Imago</strong></span> <span class='ocrx_word' id='word_1_38' title='bbox 1888 707 2054 761; x_wconf 83' lang='lat' dir='ltr'><strong>etiam</strong></span> 
     </span>
    </p>
   </div>
   <div class='ocr_carea' id='block_1_7' title="bbox 468 795 2049 862">
    <p class='ocr_par' dir='ltr' id='par_1_7' title="bbox 468 795 2049 862">
     <span class='ocr_line' id='line_1_7' title="bbox 468 795 2049 862; baseline 0.001 -12"><span class='ocrx_word' id='word_1_39' title='bbox 468 795 664 853; x_wconf 87' lang='lat' dir='ltr'><strong>terreni</strong></span> <span class='ocrx_word' id='word_1_40' title='bbox 698 804 785 851; x_wconf 89' lang='lat' dir='ltr'><strong>est</strong></span> <span class='ocrx_word' id='word_1_41' title='bbox 829 796 951 862; x_wconf 92' lang='lat' dir='ltr'><strong>hoc,</strong></span> <span class='ocrx_word' id='word_1_42' title='bbox 990 813 1011 848; x_wconf 78' lang='grc' dir='ltr'><strong>ι</strong></span> <span class='ocrx_word' id='word_1_43' title='bbox 1049 795 1217 851; x_wconf 83' lang='lat' dir='ltr'><strong>Terra</strong></span> <span class='ocrx_word' id='word_1_44' title='bbox 1253 811 1335 859; x_wconf 90' lang='lat' dir='ltr'><strong>es,</strong></span> <span class='ocrx_word' id='word_1_45' title='bbox 1370 796 1502 852; x_wconf 85' lang='lat' dir='ltr'><strong>etin</strong></span> <span class='ocrx_word' id='word_1_46' title='bbox 1532 804 1736 853; x_wconf 88' lang='lat' dir='ltr'><strong>terram</strong></span> <span class='ocrx_word' id='word_1_47' title='bbox 1799 798 1994 855; x_wconf 85' lang='lat' dir='ltr'><strong>abibis.</strong></span> <span class='ocrx_word' id='word_1_48' title='bbox 2029 818 2049 852; x_wconf 73' lang='grc' dir='ltr'><strong>ι</strong></span> 
     </span>
    </p>
   </div>
   <div class='ocr_carea' id='block_1_8' title="bbox 463 887 2058 959">
    <p class='ocr_par' dir='ltr' id='par_1_8' title="bbox 463 887 2058 959">
     <span class='ocr_line' id='line_1_8' title="bbox 463 887 2058 959; baseline 0.003 -17"><span class='ocrx_word' id='word_1_49' title='bbox 463 887 646 959; x_wconf 74' lang='lat' dir='ltr'><strong>Imago</strong></span> <span class='ocrx_word' id='word_1_50' title='bbox 694 897 876 944; x_wconf 90' lang='lat' dir='ltr'><strong>autem</strong></span> <span class='ocrx_word' id='word_1_51' title='bbox 926 889 1194 954; x_wconf 75' lang='lat' dir='ltr'><strong>ccelestis,</strong></span> <span class='ocrx_word' id='word_1_52' title='bbox 1241 906 1271 945; x_wconf 90' lang='lat' dir='ltr'><strong>a</strong></span> <span class='ocrx_word' id='word_1_53' title='bbox 1336 891 1564 947; x_wconf 78' lang='lat' dir='ltr'><strong>mortuis</strong></span> <span class='ocrx_word' id='word_1_54' title='bbox 1629 893 1957 948; x_wconf 77' lang='lat' dir='ltr'><strong>resurrectio</strong></span> <span class='ocrx_word' id='word_1_55' title='bbox 2000 901 2058 947; x_wconf 92' lang='lat' dir='ltr'><strong>et</strong></span> 
     </span>
    </p>
   </div>
   <div class='ocr_carea' id='block_1_9' title="bbox 465 978 2055 1054">
    <p class='ocr_par' dir='ltr' id='par_1_9' title="bbox 465 978 2055 1054">
     <span class='ocr_line' id='line_1_9' title="bbox 465 978 2055 1054; baseline 0.003 -21"><span class='ocrx_word' id='word_1_56' title='bbox 465 978 977 1050; x_wconf 81' lang='lat' dir='ltr'><strong>incorruptibilitas.</strong></span> <span class='ocrx_word' id='word_1_57' title='bbox 1025 980 1262 1036; x_wconf 81' lang='lat' dir='ltr'><strong>Proinde</strong></span> <span class='ocrx_word' id='word_1_58' title='bbox 1305 981 1351 1036; x_wconf 88' lang='lat' dir='ltr'><strong>si</strong></span> <span class='ocrx_word' id='word_1_59' title='bbox 1394 981 1511 1037; x_wconf 64' lang='lat' dir='ltr'><strong>haec</strong></span> <span class='ocrx_word' id='word_1_60' title='bbox 1556 982 1907 1054; x_wconf 81' lang='lat' dir='ltr'><strong>intelligenda</strong></span> <span class='ocrx_word' id='word_1_61' title='bbox 1943 984 2055 1038; x_wconf 89' lang='lat' dir='ltr'><strong>sint</strong></span> 
     </span>
    </p>
   </div>
   <div class='ocr_carea' id='block_1_10' title="bbox 462 1071 2057 1137">
    <p class='ocr_par' dir='ltr' id='par_1_10' title="bbox 462 1071 2057 1137">
     <span class='ocr_line' id='line_1_10' title="bbox 462 1071 2057 1137; baseline 0.001 -10"><span class='ocrx_word' id='word_1_62' title='bbox 462 1086 563 1127; x_wconf 89' lang='lat' dir='ltr'><strong>ceu</strong></span> <span class='ocrx_word' id='word_1_63' title='bbox 597 1073 661 1127; x_wconf 90' lang='lat' dir='ltr'><strong>de</strong></span> <span class='ocrx_word' id='word_1_64' title='bbox 699 1071 1096 1128; x_wconf 76' lang='lat' dir='ltr'><strong>resurrectione</strong></span> <span class='ocrx_word' id='word_1_65' title='bbox 1123 1072 1390 1137; x_wconf 81' lang='lat' dir='ltr'><strong>dicantur.</strong></span> <span class='ocrx_word' id='word_1_66' title='bbox 1422 1083 1606 1129; x_wconf 88' lang='lat' dir='ltr'><strong>etnon</strong></span> <span class='ocrx_word' id='word_1_67' title='bbox 1637 1075 1706 1129; x_wconf 89' lang='lat' dir='ltr'><strong>de</strong></span> <span class='ocrx_word' id='word_1_68' title='bbox 1740 1074 1847 1130; x_wconf 81' lang='lat' dir='ltr'><strong>vita</strong></span> <span class='ocrx_word' id='word_1_69' title='bbox 1889 1075 2057 1129; x_wconf 84' lang='lat' dir='ltr'><strong>mori-</strong></span> 
     </span>
    </p>
   </div>
   <div class='ocr_carea' id='block_1_11' title="bbox 465 1163 2054 1234">
    <p class='ocr_par' dir='ltr' id='par_1_11' title="bbox 465 1163 2054 1234">
     <span class='ocr_line' id='line_1_11' title="bbox 465 1163 2054 1234; baseline 0.003 -16"><span class='ocrx_word' id='word_1_70' title='bbox 465 1164 671 1229; x_wconf 83' lang='lat' dir='ltr'><strong>busve,</strong></span> <span class='ocrx_word' id='word_1_71' title='bbox 713 1164 875 1219; x_wconf 82' lang='lat' dir='ltr'><strong>etiam</strong></span> <span class='ocrx_word' id='word_1_72' title='bbox 910 1163 1036 1218; x_wconf 83' lang='lat' dir='ltr'><strong>illud</strong></span> <span class='ocrx_word' id='word_1_73' title='bbox 1075 1166 1217 1234; x_wconf 90' lang='lat' dir='ltr'><strong>quod</strong></span> <span class='ocrx_word' id='word_1_74' title='bbox 1255 1164 1428 1229; x_wconf 87' lang='lat' dir='ltr'><strong>addit,</strong></span> <span class='ocrx_word' id='word_1_75' title='bbox 1468 1183 1487 1217; x_wconf 77' lang='grc' dir='ltr'><strong>ι</strong></span> <span class='ocrx_word' id='word_1_76' title='bbox 1537 1165 1885 1222; x_wconf 81' lang='lat' dir='ltr'><strong>Gestabimus</strong></span> <span class='ocrx_word' id='word_1_77' title='bbox 1912 1166 2054 1222; x_wconf 88' lang='lat' dir='ltr'><strong>ima-</strong></span> 
     </span>
    </p>
   </div>
   <div class='ocr_carea' id='block_1_12' title="bbox 464 1255 2054 1328">
    <p class='ocr_par' dir='ltr' id='par_1_12' title="bbox 464 1255 2054 1328">
     <span class='ocr_line' id='line_1_12' title="bbox 464 1255 2054 1328; baseline 0.004 -19"><span class='ocrx_word' id='word_1_78' title='bbox 464 1257 644 1323; x_wconf 80' lang='lat' dir='ltr'><strong>ginem</strong></span> <span class='ocrx_word' id='word_1_79' title='bbox 692 1255 955 1322; x_wconf 72' lang='lat' dir='ltr'><strong>cmlestis,</strong></span> <span class='ocrx_word' id='word_1_80' title='bbox 1000 1275 1018 1311; x_wconf 77' lang='grc' dir='ltr'><strong>ι</strong></span> <span class='ocrx_word' id='word_1_81' title='bbox 1066 1272 1170 1311; x_wconf 90' lang='lat' dir='ltr'><strong>non</strong></span> <span class='ocrx_word' id='word_1_82' title='bbox 1219 1266 1306 1313; x_wconf 87' lang='lat' dir='ltr'><strong>est</strong></span> <span class='ocrx_word' id='word_1_83' title='bbox 1355 1258 1763 1328; x_wconf 77' lang='lat' dir='ltr'><strong>intelligendum</strong></span> <span class='ocrx_word' id='word_1_84' title='bbox 1793 1270 1884 1313; x_wconf 90' lang='lat' dir='ltr'><strong>aut</strong></span> <span class='ocrx_word' id='word_1_85' title='bbox 1915 1260 2054 1315; x_wconf 85' lang='lat' dir='ltr'><strong>scri-</strong></span> 
     </span>
    </p>
   </div>
   <div class='ocr_carea' id='block_1_13' title="bbox 464 1348 2054 1419">
    <p class='ocr_par' dir='ltr' id='par_1_13' title="bbox 464 1348 2054 1419">
     <span class='ocr_line' id='line_1_13' title="bbox 464 1348 2054 1419; baseline 0.001 -15"><span class='ocrx_word' id='word_1_86' title='bbox 464 1348 701 1404; x_wconf 85' lang='lat' dir='ltr'><strong>bendum</strong></span> <span class='ocrx_word' id='word_1_87' title='bbox 726 1360 985 1419; x_wconf 87' lang='lat' dir='ltr'><strong>tauquam</strong></span> <span class='ocrx_word' id='word_1_88' title='bbox 1008 1348 1369 1416; x_wconf 89' lang='lat' dir='ltr'><strong>consulentis,</strong></span> <span class='ocrx_word' id='word_1_89' title='bbox 1393 1349 1510 1405; x_wconf 84' lang='lat' dir='ltr'><strong>sive</strong></span> <span class='ocrx_word' id='word_1_90' title='bbox 1531 1350 1870 1405; x_wconf 74' lang='lat' dir='ltr'><strong>adhortantis</strong></span> <span class='ocrx_word' id='word_1_91' title='bbox 1903 1365 2054 1406; x_wconf 87' lang='lat' dir='ltr'><strong>more</strong></span> 
     </span>
    </p>
   </div>
   <div class='ocr_carea' id='block_1_14' title="bbox 464 1441 2051 1510">
    <p class='ocr_par' dir='ltr' id='par_1_14' title="bbox 464 1441 2051 1510">
     <span class='ocr_line' id='line_1_14' title="bbox 464 1441 2051 1510; baseline -0.001 -13"><span class='ocrx_word' id='word_1_92' title='bbox 464 1443 541 1497; x_wconf 85' lang='lat' dir='ltr'><strong>sit</strong></span> <span class='ocrx_word' id='word_1_93' title='bbox 565 1443 790 1507; x_wconf 86' lang='lat' dir='ltr'><strong>dictum,</strong></span> <span class='ocrx_word' id='word_1_94' title='bbox 826 1442 918 1498; x_wconf 90' lang='lat' dir='ltr'><strong>sed</strong></span> <span class='ocrx_word' id='word_1_95' title='bbox 945 1451 1005 1497; x_wconf 94' lang='lat' dir='ltr'><strong>ut</strong></span> <span class='ocrx_word' id='word_1_96' title='bbox 1034 1443 1350 1498; x_wconf 68' lang='lat' dir='ltr'><strong>obventurae</strong></span> <span class='ocrx_word' id='word_1_97' title='bbox 1373 1443 1526 1497; x_wconf 88' lang='lat' dir='ltr'><strong>nobis</strong></span> <span class='ocrx_word' id='word_1_98' title='bbox 1552 1442 1633 1498; x_wconf 88' lang='lat' dir='ltr'><strong>rei</strong></span> <span class='ocrx_word' id='word_1_99' title='bbox 1665 1442 1737 1498; x_wconf 89' lang='lat' dir='ltr'><strong>sit</strong></span> <span class='ocrx_word' id='word_1_100' title='bbox 1764 1441 2051 1510; x_wconf 89' lang='lat' dir='ltr'><strong>indicium,</strong></span> 
     </span>
    </p>
   </div>
   <div class='ocr_carea' id='block_1_15' title="bbox 463 1531 1601 1604">
    <p class='ocr_par' dir='ltr' id='par_1_15' title="bbox 463 1531 1601 1604">
     <span class='ocr_line' id='line_1_15' title="bbox 463 1531 1601 1604; baseline 0.002 -16"><span class='ocrx_word' id='word_1_101' title='bbox 463 1535 515 1588; x_wconf 85' lang='lat' dir='ltr'><strong>id</strong></span> <span class='ocrx_word' id='word_1_102' title='bbox 546 1545 629 1589; x_wconf 87' lang='lat' dir='ltr'><strong>est</strong></span> <span class='ocrx_word' id='word_1_103' title='bbox 662 1532 803 1604; x_wconf 86' lang='lat' dir='ltr'><strong>quod</strong></span> <span class='ocrx_word' id='word_1_104' title='bbox 851 1531 1094 1590; x_wconf 81' lang='lat' dir='ltr'><strong>futurum</strong></span> <span class='ocrx_word' id='word_1_105' title='bbox 1116 1534 1188 1589; x_wconf 86' lang='lat' dir='ltr'><strong>sit</strong></span> <span class='ocrx_word' id='word_1_106' title='bbox 1219 1544 1279 1589; x_wconf 91' lang='lat' dir='ltr'><strong>ut</strong></span> <span class='ocrx_word' id='word_1_107' title='bbox 1307 1543 1601 1603; x_wconf 80' lang='lat' dir='ltr'><strong>gestemus.</strong></span> 
     </span>
    </p>
   </div>
   <div class='ocr_carea' id='block_1_16' title="bbox 537 1626 2054 1698">
    <p class='ocr_par' dir='ltr' id='par_1_16' title="bbox 537 1626 2054 1698">
     <span class='ocr_line' id='line_1_16' title="bbox 537 1626 2054 1698; baseline 0.001 -16"><span class='ocrx_word' id='word_1_108' title='bbox 537 1629 701 1684; x_wconf 75' lang='lat' dir='ltr'><strong>Vens.</strong></span> <span class='ocrx_word' id='word_1_109' title='bbox 740 1629 862 1686; x_wconf 64' lang='lat'><strong>50.4</strong></span> <span class='ocrx_word' id='word_1_110' title='bbox 900 1627 1015 1685; x_wconf 79' lang='lat' dir='ltr'><strong>Hoc</strong></span> <span class='ocrx_word' id='word_1_111' title='bbox 1038 1638 1223 1683; x_wconf 87' lang='lat' dir='ltr'><strong>autem</strong></span> <span class='ocrx_word' id='word_1_112' title='bbox 1258 1628 1400 1694; x_wconf 84' lang='lat' dir='ltr'><strong>dico,</strong></span> <span class='ocrx_word' id='word_1_113' title='bbox 1423 1626 1640 1695; x_wconf 81' lang='lat' dir='ltr'><strong>fratres,</strong></span> <span class='ocrx_word' id='word_1_114' title='bbox 1673 1628 1816 1698; x_wconf 89' lang='lat' dir='ltr'><strong>quod</strong></span> <span class='ocrx_word' id='word_1_115' title='bbox 1843 1643 1971 1685; x_wconf 81' lang='lat' dir='ltr'><strong>caro</strong></span> <span class='ocrx_word' id='word_1_116' title='bbox 1998 1638 2054 1683; x_wconf 87' lang='lat' dir='ltr'><strong>et</strong></span> 
     </span>
    </p>
   </div>
   <div class='ocr_carea' id='block_1_17' title="bbox 460 1720 2051 1795">
    <p class='ocr_par' dir='ltr' id='par_1_17' title="bbox 460 1720 2051 1795">
     <span class='ocr_line' id='line_1_17' title="bbox 460 1720 2051 1795; baseline -0.004 -15"><span class='ocrx_word' id='word_1_117' title='bbox 460 1724 686 1795; x_wconf 74' lang='lat' dir='ltr'><strong>sanguis</strong></span> <span class='ocrx_word' id='word_1_118' title='bbox 722 1737 947 1794; x_wconf 77' lang='lat' dir='ltr'><strong>regnum</strong></span> <span class='ocrx_word' id='word_1_119' title='bbox 983 1721 1077 1781; x_wconf 80' lang='lat' dir='ltr'><strong>Dei</strong></span> <span class='ocrx_word' id='word_1_120' title='bbox 1113 1721 1391 1793; x_wconf 70' lang='lat' dir='ltr'><strong>pOSsitlcre</strong></span> <span class='ocrx_word' id='word_1_121' title='bbox 1426 1736 1531 1775; x_wconf 89' lang='lat' dir='ltr'><strong>non</strong></span> <span class='ocrx_word' id='word_1_122' title='bbox 1571 1731 1818 1791; x_wconf 82' lang='lat' dir='ltr'><strong>possunt.</strong></span> <span class='ocrx_word' id='word_1_123' title='bbox 1865 1739 1883 1772; x_wconf 75' lang='grc' dir='ltr'><strong>ι</strong></span> <span class='ocrx_word' id='word_1_124' title='bbox 1917 1720 2051 1787; x_wconf 83' lang='lat' dir='ltr'><strong>Quia</strong></span> 
     </span>
    </p>
   </div>
   <div class='ocr_carea' id='block_1_18' title="bbox 462 1813 2050 1885">
    <p class='ocr_par' dir='ltr' id='par_1_18' title="bbox 462 1813 2050 1885">
     <span class='ocr_line' id='line_1_18' title="bbox 462 1813 2050 1885; baseline -0.006 -11"><span class='ocrx_word' id='word_1_125' title='bbox 462 1820 697 1885; x_wconf 77' lang='lat' dir='ltr'><strong>dixerat,</strong></span> <span class='ocrx_word' id='word_1_126' title='bbox 740 1836 759 1869; x_wconf 79' lang='grc' dir='ltr'><strong>ι</strong></span> <span class='ocrx_word' id='word_1_127' title='bbox 793 1817 1085 1885; x_wconf 81' lang='lat' dir='ltr'><strong>imaginem</strong></span> <span class='ocrx_word' id='word_1_128' title='bbox 1124 1813 1349 1880; x_wconf 86' lang='lat' dir='ltr'><strong>terreni,</strong></span> <span class='ocrx_word' id='word_1_129' title='bbox 1389 1832 1408 1866; x_wconf 76' lang='grc' dir='ltr'><strong>ι</strong></span> <span class='ocrx_word' id='word_1_130' title='bbox 1453 1818 1611 1885; x_wconf 78' lang='lat' dir='ltr'><strong>quasi</strong></span> <span class='ocrx_word' id='word_1_131' title='bbox 1666 1814 1777 1882; x_wconf 87' lang='lat' dir='ltr'><strong>jam</strong></span> <span class='ocrx_word' id='word_1_132' title='bbox 1818 1816 1933 1869; x_wconf 66' lang='lat' dir='ltr'><strong>hinc</strong></span> <span class='ocrx_word' id='word_1_133' title='bbox 1963 1814 2050 1867; x_wconf 80' lang='lat' dir='ltr'><strong>in-</strong></span> 
     </span>
    </p>
   </div>
   <div class='ocr_carea' id='block_1_19' title="bbox 464 1904 2030 1982">
    <p class='ocr_par' dir='ltr' id='par_1_19' title="bbox 464 1907 2026 1980">
     <span class='ocr_line' id='line_1_19' title="bbox 464 1907 2026 1980; baseline -0.006 -15"><span class='ocrx_word' id='word_1_134' title='bbox 464 1920 812 1980; x_wconf 77' lang='lat' dir='ltr'><strong>terpretetur,</strong></span> <span class='ocrx_word' id='word_1_135' title='bbox 841 1909 938 1976; x_wconf 85' lang='lat' dir='ltr'><strong>ait,</strong></span> <span class='ocrx_word' id='word_1_136' title='bbox 991 1907 1132 1964; x_wconf 86' lang='lat' dir='ltr'><strong>Caro</strong></span> <span class='ocrx_word' id='word_1_137' title='bbox 1162 1917 1214 1961; x_wconf 91' lang='lat' dir='ltr'><strong>et</strong></span> <span class='ocrx_word' id='word_1_138' title='bbox 1256 1908 1476 1978; x_wconf 82' lang='lat' dir='ltr'><strong>sanguis</strong></span> <span class='ocrx_word' id='word_1_139' title='bbox 1497 1917 1582 1961; x_wconf 87' lang='lat' dir='ltr'><strong>est</strong></span> <span class='ocrx_word' id='word_1_140' title='bbox 1622 1907 1798 1977; x_wconf 76' lang='lat' dir='ltr'><strong>imago</strong></span> <span class='ocrx_word' id='word_1_141' title='bbox 1831 1908 2026 1961; x_wconf 85' lang='lat' dir='ltr'><strong>terreni</strong></span> 
     </span>
    </p>
   </div>
   <div class='ocr_carea' id='block_1_20' title="bbox 2166 1904 3761 1982">
    <p class='ocr_par' dir='ltr' id='par_1_20' title="bbox 2166 1907 3761 1982">
     <span class='ocr_line' id='line_1_20' title="bbox 2166 1907 3761 1982; baseline 0.001 -20"><span class='ocrx_word' id='word_1_142' title='bbox 2166 1909 2387 1979; x_wconf 81' lang='grc' dir='ltr'>ταύτην,</span> <span class='ocrx_word' id='word_1_143' title='bbox 2423 1910 2591 1980; x_wconf 70' lang='grc' dir='ltr'>φησὶν</span> <span class='ocrx_word' id='word_1_144' title='bbox 2621 1910 2704 1965; x_wconf 83' lang='grc' dir='ltr'>ὅτι</span> <span class='ocrx_word' id='word_1_145' title='bbox 2730 1910 2868 1982; x_wconf 74' lang='grc' dir='ltr'>σὰρξ</span> <span class='ocrx_word' id='word_1_146' title='bbox 2901 1912 2998 1965; x_wconf 71' lang='grc' dir='ltr'><strong>καὶ</strong></span> <span class='ocrx_word' id='word_1_147' title='bbox 3030 1907 3178 1982; x_wconf 78' lang='grc' dir='ltr'>αἷμά</span> <span class='ocrx_word' id='word_1_148' title='bbox 3215 1913 3348 1965; x_wconf 72' lang='grc' dir='ltr'>εἰσιν</span> <span class='ocrx_word' id='word_1_149' title='bbox 3378 1912 3409 1981; x_wconf 79' lang='grc' dir='ltr'>ἡ</span> <span class='ocrx_word' id='word_1_150' title='bbox 3437 1910 3576 1963; x_wconf 80' lang='grc' dir='ltr'>εἰκὼν</span> <span class='ocrx_word' id='word_1_151' title='bbox 3598 1910 3664 1965; x_wconf 81' lang='grc' dir='ltr'>τοῦ</span> 
     </span>
    </p>
   </div>
   <div class='ocr_carea' id='block_1_21' title="bbox 462 2000 2050 2071">
    <p class='ocr_par' dir='ltr' id='par_1_21' title="bbox 462 2000 2050 2071">
     <span class='ocr_line' id='line_1_21' title="bbox 462 2000 2050 2071; baseline -0.005 -10"><span class='ocrx_word' id='word_1_152' title='bbox 462 2007 567 2062; x_wconf 91' lang='lat' dir='ltr'><strong>hoc</strong></span> <span class='ocrx_word' id='word_1_153' title='bbox 598 2016 702 2069; x_wconf 87' lang='lat' dir='ltr'><strong>est,</strong></span> <span class='ocrx_word' id='word_1_154' title='bbox 726 2003 977 2060; x_wconf 84' lang='lat' dir='ltr'><strong>carnales</strong></span> <span class='ocrx_word' id='word_1_155' title='bbox 1022 2003 1388 2071; x_wconf 88' lang='lat' dir='ltr'><strong>operationcs,</strong></span> <span class='ocrx_word' id='word_1_156' title='bbox 1422 2000 1668 2069; x_wconf 85' lang='lat' dir='ltr'><strong>corporis</strong></span> <span class='ocrx_word' id='word_1_157' title='bbox 1697 2001 1859 2056; x_wconf 88' lang='lat' dir='ltr'><strong>etiam</strong></span> <span class='ocrx_word' id='word_1_158' title='bbox 1895 2014 2050 2055; x_wconf 84' lang='lat' dir='ltr'><strong>cras-</strong></span> 
     </span>
    </p>
   </div>
   <div class='ocr_carea' id='block_1_22' title="bbox 462 2092 2053 2169">
    <p class='ocr_par' dir='ltr' id='par_1_22' title="bbox 462 2092 2053 2169">
     <span class='ocr_line' id='line_1_22' title="bbox 462 2092 2053 2169; baseline -0.004 -16"><span class='ocrx_word' id='word_1_159' title='bbox 462 2099 602 2154; x_wconf 83' lang='lat' dir='ltr'><strong>sitiei</strong></span> <span class='ocrx_word' id='word_1_160' title='bbox 661 2096 914 2169; x_wconf 78' lang='lat' dir='ltr'><strong>propriae,</strong></span> <span class='ocrx_word' id='word_1_161' title='bbox 967 2110 1089 2166; x_wconf 68' lang='lat' dir='ltr'><strong>quae</strong></span> <span class='ocrx_word' id='word_1_162' title='bbox 1121 2093 1274 2164; x_wconf 76' lang='lat' dir='ltr'><strong>regni</strong></span> <span class='ocrx_word' id='word_1_163' title='bbox 1328 2092 1419 2149; x_wconf 90' lang='lat' dir='ltr'><strong>Dei</strong></span> <span class='ocrx_word' id='word_1_164' title='bbox 1475 2093 1846 2149; x_wconf 70' lang='lat' dir='ltr'><strong>hmreditatcm</strong></span> <span class='ocrx_word' id='word_1_165' title='bbox 1899 2093 2053 2148; x_wconf 88' lang='lat' dir='ltr'><strong>adire</strong></span> 
     </span>
    </p>
   </div>
   <div class='ocr_carea' id='block_1_23' title="bbox 461 2197 838 2261">
    <p class='ocr_par' dir='ltr' id='par_1_23' title="bbox 461 2197 838 2261">
     <span class='ocr_line' id='line_1_23' title="bbox 461 2197 838 2261; baseline -0.005 -16"><span class='ocrx_word' id='word_1_166' title='bbox 461 2206 569 2245; x_wconf 84' lang='lat' dir='ltr'><strong>non</strong></span> <span class='ocrx_word' id='word_1_167' title='bbox 590 2197 838 2261; x_wconf 89' lang='lat' dir='ltr'><strong>possunt.</strong></span> 
     </span>
    </p>
   </div>
   <div class='ocr_carea' id='block_1_24' title="bbox 539 2278 2046 2352">
    <p class='ocr_par' dir='ltr' id='par_1_24' title="bbox 539 2278 2046 2352">
     <span class='ocr_line' id='line_1_24' title="bbox 539 2278 2046 2352; baseline -0.003 -16"><span class='ocrx_word' id='word_1_168' title='bbox 539 2302 560 2336; x_wconf 74' lang='grc' dir='ltr'><strong>ι</strong></span> <span class='ocrx_word' id='word_1_169' title='bbox 584 2282 766 2352; x_wconf 84' lang='lat' dir='ltr'><strong>Neque</strong></span> <span class='ocrx_word' id='word_1_170' title='bbox 794 2280 1068 2351; x_wconf 84' lang='lat' dir='ltr'><strong>corruptio</strong></span> <span class='ocrx_word' id='word_1_171' title='bbox 1088 2278 1654 2351; x_wconf 88' lang='lat' dir='ltr'><strong>incorruptibilitatem</strong></span> <span class='ocrx_word' id='word_1_172' title='bbox 1685 2279 1998 2337; x_wconf 64' lang='lat' dir='ltr'><strong>hmreditat.</strong></span> <span class='ocrx_word' id='word_1_173' title='bbox 2028 2299 2046 2332; x_wconf 73' lang='grc' dir='ltr'><strong>ι</strong></span> 
     </span>
    </p>
   </div>
   <div class='ocr_carea' id='block_1_25' title="bbox 446 2364 2051 2444">
    <p class='ocr_par' dir='ltr' id='par_1_25' title="bbox 446 2364 2051 2444">
     <span class='ocr_line' id='line_1_25' title="bbox 446 2364 2051 2444; baseline 0.001 -16"><span class='ocrx_word' id='word_1_174' title='bbox 446 2364 576 2431; x_wconf 70' lang='grc' dir='ltr'>ἰΙοε</span> <span class='ocrx_word' id='word_1_175' title='bbox 600 2385 703 2444; x_wconf 80' lang='grc' dir='ltr'>εει,</span> <span class='ocrx_word' id='word_1_176' title='bbox 729 2374 932 2430; x_wconf 89' lang='lat' dir='ltr'><strong>malitia</strong></span> <span class='ocrx_word' id='word_1_177' title='bbox 955 2373 1149 2430; x_wconf 67' lang='lat' dir='ltr'><strong>animae</strong></span> <span class='ocrx_word' id='word_1_178' title='bbox 1172 2373 1510 2430; x_wconf 84' lang='lat' dir='ltr'><strong>nobilitatem</strong></span> <span class='ocrx_word' id='word_1_179' title='bbox 1562 2388 1918 2444; x_wconf 83' lang='lat' dir='ltr'><strong>corrumpens</strong></span> <span class='ocrx_word' id='word_1_180' title='bbox 1947 2391 2051 2429; x_wconf 90' lang='lat' dir='ltr'><strong>non</strong></span> 
     </span>
    </p>
   </div>
   <div class='ocr_carea' id='block_1_26' title="bbox 459 2466 2053 2539">
    <p class='ocr_par' dir='ltr' id='par_1_26' title="bbox 459 2466 2053 2539">
     <span class='ocr_line' id='line_1_26' title="bbox 459 2466 2053 2539; baseline -0.001 -15"><span class='ocrx_word' id='word_1_181' title='bbox 459 2478 642 2539; x_wconf 79' lang='lat' dir='ltr'><strong>potest</strong></span> <span class='ocrx_word' id='word_1_182' title='bbox 681 2483 806 2526; x_wconf 87' lang='lat' dir='ltr'><strong>esse</strong></span> <span class='ocrx_word' id='word_1_183' title='bbox 835 2468 1013 2525; x_wconf 66' lang='lat' dir='ltr'><strong>haeres</strong></span> <span class='ocrx_word' id='word_1_184' title='bbox 1053 2468 1240 2538; x_wconf 71' lang='lat' dir='ltr'><strong>gloriae</strong></span> <span class='ocrx_word' id='word_1_185' title='bbox 1289 2466 1433 2523; x_wconf 88' lang='lat' dir='ltr'><strong>illius</strong></span> <span class='ocrx_word' id='word_1_186' title='bbox 1463 2475 1518 2522; x_wconf 87' lang='lat' dir='ltr'><strong>ct</strong></span> <span class='ocrx_word' id='word_1_187' title='bbox 1559 2467 2053 2538; x_wconf 90' lang='lat' dir='ltr'><strong>incorruptibilium</strong></span> 
     </span>
    </p>
   </div>
   <div class='ocr_carea' id='block_1_27' title="bbox 458 2560 2055 2617">
    <p class='ocr_par' dir='ltr' id='par_1_27' title="bbox 458 2560 2055 2617">
     <span class='ocr_line' id='line_1_27' title="bbox 458 2560 2055 2617; baseline -0.001 0"><span class='ocrx_word' id='word_1_188' title='bbox 458 2562 754 2617; x_wconf 83' lang='lat' dir='ltr'><strong>bonorum.</strong></span> <span class='ocrx_word' id='word_1_189' title='bbox 798 2560 1015 2616; x_wconf 83' lang='lat' dir='ltr'><strong>Poteris</strong></span> <span class='ocrx_word' id='word_1_190' title='bbox 1037 2571 1219 2616; x_wconf 89' lang='lat' dir='ltr'><strong>autem</strong></span> <span class='ocrx_word' id='word_1_191' title='bbox 1261 2560 1375 2616; x_wconf 68' lang='lat' dir='ltr'><strong>hmc</strong></span> <span class='ocrx_word' id='word_1_192' title='bbox 1406 2560 1588 2614; x_wconf 87' lang='lat' dir='ltr'><strong>omnia</strong></span> <span class='ocrx_word' id='word_1_193' title='bbox 1642 2576 1747 2616; x_wconf 92' lang='lat' dir='ltr'><strong>non</strong></span> <span class='ocrx_word' id='word_1_194' title='bbox 1796 2560 1944 2615; x_wconf 79' lang='lat' dir='ltr'><strong>velut</strong></span> <span class='ocrx_word' id='word_1_195' title='bbox 1985 2560 2055 2616; x_wconf 89' lang='lat' dir='ltr'><strong>de</strong></span> 
     </span>
    </p>
   </div>
   <div class='ocr_carea' id='block_1_28' title="bbox 459 2651 2054 2723">
    <p class='ocr_par' dir='ltr' id='par_1_28' title="bbox 459 2651 2054 2723">
     <span class='ocr_line' id='line_1_28' title="bbox 459 2651 2054 2723; baseline 0.002 -19"><span class='ocrx_word' id='word_1_196' title='bbox 459 2652 571 2706; x_wconf 73' lang='lat' dir='ltr'><strong>vita</strong></span> <span class='ocrx_word' id='word_1_197' title='bbox 620 2653 761 2707; x_wconf 89' lang='lat' dir='ltr'><strong>dicta</strong></span> <span class='ocrx_word' id='word_1_198' title='bbox 801 2651 936 2718; x_wconf 84' lang='lat' dir='ltr'><strong>sint,</strong></span> <span class='ocrx_word' id='word_1_199' title='bbox 966 2652 1062 2706; x_wconf 88' lang='lat' dir='ltr'><strong>sed</strong></span> <span class='ocrx_word' id='word_1_200' title='bbox 1094 2651 1160 2707; x_wconf 90' lang='lat' dir='ltr'><strong>de</strong></span> <span class='ocrx_word' id='word_1_201' title='bbox 1188 2652 1614 2716; x_wconf 87' lang='lat' dir='ltr'><strong>resurrectione,</strong></span> <span class='ocrx_word' id='word_1_202' title='bbox 1665 2651 1935 2723; x_wconf 70' lang='lat' dir='ltr'><strong>accipzre,</strong></span> <span class='ocrx_word' id='word_1_203' title='bbox 1997 2662 2054 2707; x_wconf 93' lang='lat' dir='ltr'><strong>ut</strong></span> 
     </span>
    </p>
   </div>
   <div class='ocr_carea' id='block_1_29' title="bbox 463 2744 2055 2821">
    <p class='ocr_par' dir='ltr' id='par_1_29' title="bbox 463 2744 2055 2821">
     <span class='ocr_line' id='line_1_29' title="bbox 463 2744 2055 2821; baseline -0.001 -20"><span class='ocrx_word' id='word_1_204' title='bbox 463 2744 619 2809; x_wconf 89' lang='lat' dir='ltr'><strong>illud,</strong></span> <span class='ocrx_word' id='word_1_205' title='bbox 654 2744 796 2800; x_wconf 83' lang='lat' dir='ltr'><strong>Caro</strong></span> <span class='ocrx_word' id='word_1_206' title='bbox 819 2753 875 2799; x_wconf 91' lang='lat' dir='ltr'><strong>et</strong></span> <span class='ocrx_word' id='word_1_207' title='bbox 900 2744 1160 2813; x_wconf 74' lang='lat' dir='ltr'><strong>sanguis;</strong></span> <span class='ocrx_word' id='word_1_208' title='bbox 1192 2744 1347 2821; x_wconf 85' lang='lat' dir='ltr'><strong>quasi</strong></span> <span class='ocrx_word' id='word_1_209' title='bbox 1382 2744 1546 2811; x_wconf 85' lang='lat' dir='ltr'><strong>dicat,</strong></span> <span class='ocrx_word' id='word_1_210' title='bbox 1574 2744 1935 2814; x_wconf 80' lang='lat' dir='ltr'><strong>Corruptibile</strong></span> <span class='ocrx_word' id='word_1_211' title='bbox 1956 2746 2055 2800; x_wconf 87' lang='lat' dir='ltr'><strong>hu-</strong></span> 
     </span>
    </p>
   </div>
   <div class='ocr_carea' id='block_1_30' title="bbox 455 2835 2050 2907">
    <p class='ocr_par' dir='ltr' id='par_1_30' title="bbox 455 2835 2050 2907">
     <span class='ocr_line' id='line_1_30' title="bbox 455 2835 2050 2907; baseline 0.001 -17"><span class='ocrx_word' id='word_1_212' title='bbox 455 2835 697 2905; x_wconf 76' lang='lat' dir='ltr'><strong>iusmodi</strong></span> <span class='ocrx_word' id='word_1_213' title='bbox 733 2849 955 2904; x_wconf 88' lang='lat' dir='ltr'><strong>corpus,</strong></span> <span class='ocrx_word' id='word_1_214' title='bbox 1003 2849 1073 2888; x_wconf 81' lang='lat' dir='ltr'><strong>ex</strong></span> <span class='ocrx_word' id='word_1_215' title='bbox 1102 2850 1268 2889; x_wconf 87' lang='lat' dir='ltr'><strong>carne</strong></span> <span class='ocrx_word' id='word_1_216' title='bbox 1298 2845 1353 2890; x_wconf 90' lang='lat' dir='ltr'><strong>ct</strong></span> <span class='ocrx_word' id='word_1_217' title='bbox 1398 2836 1669 2907; x_wconf 78' lang='lat' dir='ltr'><strong>sanguine</strong></span> <span class='ocrx_word' id='word_1_218' title='bbox 1716 2838 2050 2903; x_wconf 86' lang='lat' dir='ltr'><strong>consistens,</strong></span> 
     </span>
    </p>
   </div>
   <div class='ocr_carea' id='block_1_31' title="bbox 462 2926 2052 3001">
    <p class='ocr_par' dir='ltr' id='par_1_31' title="bbox 462 2926 2052 3001">
     <span class='ocr_line' id='line_1_31' title="bbox 462 2926 2052 3001; baseline -0.001 -14"><span class='ocrx_word' id='word_1_219' title='bbox 462 2930 520 2987; x_wconf 81' lang='lat' dir='ltr'><strong>in</strong></span> <span class='ocrx_word' id='word_1_220' title='bbox 565 2928 747 2984; x_wconf 81' lang='lat' dir='ltr'><strong>futuro</strong></span> <span class='ocrx_word' id='word_1_221' title='bbox 772 2929 974 2985; x_wconf 65' lang='lat' dir='ltr'><strong>saeculo</strong></span> <span class='ocrx_word' id='word_1_222' title='bbox 1000 2928 1146 2983; x_wconf 82' lang='lat' dir='ltr'><strong>haud</strong></span> <span class='ocrx_word' id='word_1_223' title='bbox 1180 2926 1389 2983; x_wconf 76' lang='lat' dir='ltr'><strong>fruetur</strong></span> <span class='ocrx_word' id='word_1_224' title='bbox 1418 2944 1608 3001; x_wconf 80' lang='lat' dir='ltr'><strong>regno.</strong></span> <span class='ocrx_word' id='word_1_225' title='bbox 1643 2928 1758 2983; x_wconf 83' lang='lat' dir='ltr'><strong>Non</strong></span> <span class='ocrx_word' id='word_1_226' title='bbox 1793 2941 1877 2985; x_wconf 89' lang='lat' dir='ltr'><strong>est</strong></span> <span class='ocrx_word' id='word_1_227' title='bbox 1905 2931 2052 2986; x_wconf 90' lang='lat' dir='ltr'><strong>enim</strong></span> 
     </span>
    </p>
   </div>
   <div class='ocr_carea' id='block_1_32' title="bbox 462 3018 2054 3089">
    <p class='ocr_par' dir='ltr' id='par_1_32' title="bbox 462 3018 2054 3089">
     <span class='ocr_line' id='line_1_32' title="bbox 462 3018 2054 3089; baseline -0.003 -12"><span class='ocrx_word' id='word_1_228' title='bbox 462 3020 577 3077; x_wconf 92' lang='lat' dir='ltr'><strong>illic</strong></span> <span class='ocrx_word' id='word_1_229' title='bbox 608 3020 761 3074; x_wconf 86' lang='lat' dir='ltr'><strong>cibus</strong></span> <span class='ocrx_word' id='word_1_230' title='bbox 801 3028 857 3074; x_wconf 83' lang='lat' dir='ltr'><strong>et</strong></span> <span class='ocrx_word' id='word_1_231' title='bbox 884 3026 1066 3088; x_wconf 89' lang='lat' dir='ltr'><strong>potus,</strong></span> <span class='ocrx_word' id='word_1_232' title='bbox 1095 3018 1295 3088; x_wconf 78' lang='lat' dir='ltr'><strong>quibus</strong></span> <span class='ocrx_word' id='word_1_233' title='bbox 1330 3018 1556 3073; x_wconf 89' lang='lat' dir='ltr'><strong>omnino</strong></span> <span class='ocrx_word' id='word_1_234' title='bbox 1586 3018 1895 3089; x_wconf 87' lang='lat' dir='ltr'><strong>hujusmodi</strong></span> <span class='ocrx_word' id='word_1_235' title='bbox 1931 3034 2054 3074; x_wconf 89' lang='lat' dir='ltr'><strong>cor-</strong></span> 
     </span>
    </p>
   </div>
   <div class='ocr_carea' id='block_1_33' title="bbox 462 3107 2054 3182">
    <p class='ocr_par' dir='ltr' id='par_1_33' title="bbox 462 3107 2054 3182">
     <span class='ocr_line' id='line_1_33' title="bbox 462 3107 2054 3182; baseline -0.003 -15"><span class='ocrx_word' id='word_1_236' title='bbox 462 3125 568 3182; x_wconf 86' lang='lat' dir='ltr'><strong>pus</strong></span> <span class='ocrx_word' id='word_1_237' title='bbox 586 3110 841 3166; x_wconf 86' lang='lat' dir='ltr'><strong>nutritur.</strong></span> <span class='ocrx_word' id='word_1_238' title='bbox 870 3127 891 3162; x_wconf 83' lang='grc' dir='ltr'><strong>ι</strong></span> <span class='ocrx_word' id='word_1_239' title='bbox 917 3107 1104 3179; x_wconf 80' lang='lat' dir='ltr'><strong>Neque</strong></span> <span class='ocrx_word' id='word_1_240' title='bbox 1124 3108 1420 3179; x_wconf 88' lang='lat' dir='ltr'><strong>corruptio,</strong></span> <span class='ocrx_word' id='word_1_241' title='bbox 1449 3125 1466 3162; x_wconf 72' lang='grc' dir='ltr'><strong>ι</strong></span> <span class='ocrx_word' id='word_1_242' title='bbox 1494 3108 1547 3163; x_wconf 79' lang='grc' dir='ltr'><strong>ἱιΙ</strong></span> <span class='ocrx_word' id='word_1_243' title='bbox 1571 3118 1652 3163; x_wconf 89' lang='lat' dir='ltr'><strong>est</strong></span> <span class='ocrx_word' id='word_1_244' title='bbox 1702 3108 2054 3179; x_wconf 82' lang='lat' dir='ltr'><strong>corruptibile</strong></span> 
     </span>
    </p>
   </div>
   <div class='ocr_carea' id='block_1_34' title="bbox 463 3197 2055 3272">
    <p class='ocr_par' dir='ltr' id='par_1_34' title="bbox 463 3197 2055 3272">
     <span class='ocr_line' id='line_1_34' title="bbox 463 3197 2055 3272; baseline -0.001 -16"><span class='ocrx_word' id='word_1_245' title='bbox 463 3216 688 3272; x_wconf 88' lang='lat' dir='ltr'><strong>corpus,</strong></span> <span class='ocrx_word' id='word_1_246' title='bbox 724 3199 1220 3272; x_wconf 81' lang='lat' dir='ltr'><strong>irrcorruptibilium</strong></span> <span class='ocrx_word' id='word_1_247' title='bbox 1270 3199 1644 3256; x_wconf 69' lang='lat' dir='ltr'><strong>haereditatem</strong></span> <span class='ocrx_word' id='word_1_248' title='bbox 1700 3199 1892 3255; x_wconf 83' lang='lat' dir='ltr'><strong>adibit.</strong></span> <span class='ocrx_word' id='word_1_249' title='bbox 1949 3197 2055 3254; x_wconf 81' lang='lat' dir='ltr'><strong>Ne-</strong></span> 
     </span>
    </p>
   </div>
   <div class='ocr_carea' id='block_1_35' title="bbox 463 3287 2050 3363">
    <p class='ocr_par' dir='ltr' id='par_1_35' title="bbox 463 3287 2050 3363">
     <span class='ocr_line' id='line_1_35' title="bbox 463 3287 2050 3363; baseline -0.003 -15"><span class='ocrx_word' id='word_1_250' title='bbox 463 3306 619 3348; x_wconf 87' lang='lat' dir='ltr'><strong>cesse</strong></span> <span class='ocrx_word' id='word_1_251' title='bbox 659 3300 742 3346; x_wconf 90' lang='lat' dir='ltr'><strong>est</strong></span> <span class='ocrx_word' id='word_1_252' title='bbox 773 3289 937 3363; x_wconf 80' lang='lat' dir='ltr'><strong>igitur</strong></span> <span class='ocrx_word' id='word_1_253' title='bbox 990 3288 1277 3362; x_wconf 88' lang='lat' dir='ltr'><strong>spirituale</strong></span> <span class='ocrx_word' id='word_1_254' title='bbox 1312 3287 1431 3345; x_wconf 82' lang='lat' dir='ltr'><strong>fore</strong></span> <span class='ocrx_word' id='word_1_255' title='bbox 1468 3303 1663 3360; x_wconf 88' lang='lat' dir='ltr'><strong>corpus</strong></span> <span class='ocrx_word' id='word_1_256' title='bbox 1716 3300 1960 3345; x_wconf 86' lang='lat' dir='ltr'><strong>nostrum</strong></span> <span class='ocrx_word' id='word_1_257' title='bbox 1994 3299 2050 3345; x_wconf 93' lang='lat' dir='ltr'><strong>et</strong></span> 
     </span>
    </p>
   </div>
   <div class='ocr_carea' id='block_1_36' title="bbox 464 3376 2047 3456">
    <p class='ocr_par' dir='ltr' id='par_1_36' title="bbox 464 3376 2047 3456">
     <span class='ocr_line' id='line_1_36' title="bbox 464 3376 2047 3456; baseline -0.001 -16"><span class='ocrx_word' id='word_1_258' title='bbox 464 3384 898 3456; x_wconf 87' lang='lat' dir='ltr'><strong>incorruptibile.</strong></span> <span class='ocrx_word' id='word_1_259' title='bbox 924 3376 1168 3439; x_wconf 16' lang='lat' dir='ltr'><strong>’Noveris</strong></span> <span class='ocrx_word' id='word_1_260' title='bbox 1207 3393 1387 3439; x_wconf 89' lang='lat' dir='ltr'><strong>autem</strong></span> <span class='ocrx_word' id='word_1_261' title='bbox 1438 3383 1584 3455; x_wconf 87' lang='lat' dir='ltr'><strong>quod</strong></span> <span class='ocrx_word' id='word_1_262' title='bbox 1627 3382 2047 3456; x_wconf 84' lang='lat' dir='ltr'><strong>Chrysostomus</strong></span> 
     </span>
    </p>
   </div>
   <div class='ocr_carea' id='block_1_37' title="bbox 466 3473 2044 3546">
    <p class='ocr_par' dir='ltr' id='par_1_37' title="bbox 466 3473 2044 3546">
     <span class='ocr_line' id='line_1_37' title="bbox 466 3473 2044 3546; baseline -0.002 -14"><span class='ocrx_word' id='word_1_263' title='bbox 466 3479 582 3534; x_wconf 55' lang='lat' dir='ltr'><strong>haec</strong></span> <span class='ocrx_word' id='word_1_264' title='bbox 617 3477 685 3532; x_wconf 82' lang='lat' dir='ltr'><strong>ab</strong></span> <span class='ocrx_word' id='word_1_265' title='bbox 729 3474 994 3545; x_wconf 85' lang='lat' dir='ltr'><strong>Apostolo</strong></span> <span class='ocrx_word' id='word_1_266' title='bbox 1041 3490 1139 3546; x_wconf 90' lang='lat' dir='ltr'><strong>per</strong></span> <span class='ocrx_word' id='word_1_267' title='bbox 1189 3473 1589 3531; x_wconf 86' lang='lat' dir='ltr'><strong>adhortationis</strong></span> <span class='ocrx_word' id='word_1_268' title='bbox 1622 3475 1838 3533; x_wconf 89' lang='lat' dir='ltr'><strong>modum</strong></span> <span class='ocrx_word' id='word_1_269' title='bbox 1877 3476 2044 3541; x_wconf 88' lang='lat' dir='ltr'><strong>dicta,</strong></span> 
     </span>
    </p>
   </div>
   <div class='ocr_carea' id='block_1_38' title="bbox 463 3563 1930 3641">
    <p class='ocr_par' dir='ltr' id='par_1_38' title="bbox 463 3563 1930 3641">
     <span class='ocr_line' id='line_1_38' title="bbox 463 3563 1930 3641; baseline 0.003 -20"><span class='ocrx_word' id='word_1_270' title='bbox 463 3563 570 3641; x_wconf 85' lang='lat' dir='ltr'><strong>qua</strong></span> <span class='ocrx_word' id='word_1_271' title='bbox 604 3571 669 3625; x_wconf 85' lang='lat' dir='ltr'><strong>ad</strong></span> <span class='ocrx_word' id='word_1_272' title='bbox 699 3570 958 3641; x_wconf 87' lang='lat' dir='ltr'><strong>optimam</strong></span> <span class='ocrx_word' id='word_1_273' title='bbox 1000 3568 1166 3622; x_wconf 81' lang='lat' dir='ltr'><strong>vitam</strong></span> <span class='ocrx_word' id='word_1_274' title='bbox 1201 3567 1543 3633; x_wconf 85' lang='lat' dir='ltr'><strong>adhortetur,</strong></span> <span class='ocrx_word' id='word_1_275' title='bbox 1576 3569 1868 3639; x_wconf 84' lang='lat' dir='ltr'><strong>acceperit.</strong></span> <span class='ocrx_word' id='word_1_276' title='bbox 1912 3586 1930 3602; x_wconf 74' lang='grc' dir='ltr'><strong>ο</strong></span> 
     </span>
    </p>
   </div>
   <div class='ocr_carea' id='block_1_39' title="bbox 540 3656 2045 3729">
    <p class='ocr_par' dir='ltr' id='par_1_39' title="bbox 540 3656 2045 3729">
     <span class='ocr_line' id='line_1_39' title="bbox 540 3656 2045 3729; baseline 0.001 -16"><span class='ocrx_word' id='word_1_277' title='bbox 540 3659 701 3716; x_wconf 77' lang='lat' dir='ltr'><strong>Vsus.</strong></span> <span class='ocrx_word' id='word_1_278' title='bbox 745 3659 835 3715; x_wconf 80' lang='grc'><strong>51.</strong></span> <span class='ocrx_word' id='word_1_279' title='bbox 881 3676 902 3711; x_wconf 79' lang='grc' dir='ltr'><strong>ι</strong></span> <span class='ocrx_word' id='word_1_280' title='bbox 937 3657 1075 3712; x_wconf 86' lang='lat' dir='ltr'><strong>Ecce</strong></span> <span class='ocrx_word' id='word_1_281' title='bbox 1122 3656 1439 3729; x_wconf 82' lang='lat' dir='ltr'><strong>mysterium</strong></span> <span class='ocrx_word' id='word_1_282' title='bbox 1490 3658 1644 3714; x_wconf 82' lang='lat' dir='ltr'><strong>vobis</strong></span> <span class='ocrx_word' id='word_1_283' title='bbox 1703 3661 1844 3715; x_wconf 90' lang='lat' dir='ltr'><strong>dico.</strong></span> <span class='ocrx_word' id='word_1_284' title='bbox 1914 3678 1934 3713; x_wconf 74' lang='grc' dir='ltr'><strong>ι</strong></span> <span class='ocrx_word' id='word_1_285' title='bbox 1966 3659 2045 3714; x_wconf 84' lang='lat' dir='ltr'><strong>Ad</strong></span> 
     </span>
    </p>
   </div>
   <div class='ocr_carea' id='block_1_40' title="bbox 461 3746 2045 3818">
    <p class='ocr_par' dir='ltr' id='par_1_40' title="bbox 461 3746 2045 3818">
     <span class='ocr_line' id='line_1_40' title="bbox 461 3746 2045 3818; baseline -0.003 -10"><span class='ocrx_word' id='word_1_286' title='bbox 461 3765 771 3808; x_wconf 62' lang='lat' dir='ltr'><strong>so-rmoncm</strong></span> <span class='ocrx_word' id='word_1_287' title='bbox 794 3750 860 3805; x_wconf 90' lang='lat' dir='ltr'><strong>de</strong></span> <span class='ocrx_word' id='word_1_288' title='bbox 890 3747 1292 3803; x_wconf 86' lang='lat' dir='ltr'><strong>resurrectione</strong></span> <span class='ocrx_word' id='word_1_289' title='bbox 1318 3746 1478 3813; x_wconf 89' lang='lat' dir='ltr'><strong>redit,</strong></span> <span class='ocrx_word' id='word_1_290' title='bbox 1502 3748 1687 3818; x_wconf 88' lang='lat' dir='ltr'><strong>aitque</strong></span> <span class='ocrx_word' id='word_1_291' title='bbox 1708 3751 2045 3805; x_wconf 84' lang='lat' dir='ltr'><strong>tremendum</strong></span> 
     </span>
    </p>
   </div>
   <div class='ocr_carea' id='block_1_41' title="bbox 462 3839 2048 3915">
    <p class='ocr_par' dir='ltr' id='par_1_41' title="bbox 462 3839 2048 3915">
     <span class='ocr_line' id='line_1_41' title="bbox 462 3839 2048 3915; baseline 0.001 -18"><span class='ocrx_word' id='word_1_292' title='bbox 462 3844 719 3915; x_wconf 88' lang='lat' dir='ltr'><strong>quiddam</strong></span> <span class='ocrx_word' id='word_1_293' title='bbox 743 3851 798 3898; x_wconf 88' lang='lat' dir='ltr'><strong>et</strong></span> <span class='ocrx_word' id='word_1_294' title='bbox 820 3848 1091 3897; x_wconf 90' lang='lat' dir='ltr'><strong>secretum</strong></span> <span class='ocrx_word' id='word_1_295' title='bbox 1117 3854 1176 3895; x_wconf 90' lang='lat' dir='ltr'><strong>se</strong></span> <span class='ocrx_word' id='word_1_296' title='bbox 1200 3839 1459 3897; x_wconf 77' lang='lat' dir='ltr'><strong>illis’esse</strong></span> <span class='ocrx_word' id='word_1_297' title='bbox 1501 3839 1799 3898; x_wconf 91' lang='lat' dir='ltr'><strong>dicturum.</strong></span> <span class='ocrx_word' id='word_1_298' title='bbox 1842 3842 2048 3898; x_wconf 89' lang='lat' dir='ltr'><strong>Indicat</strong></span> 
     </span>
    </p>
   </div>
   <div class='ocr_carea' id='block_1_42' title="bbox 461 3929 2044 4003">
    <p class='ocr_par' dir='ltr' id='par_1_42' title="bbox 461 3929 2044 4003">
     <span class='ocr_line' id='line_1_42' title="bbox 461 3929 2044 4003; baseline -0.004 -11"><span class='ocrx_word' id='word_1_299' title='bbox 461 3943 642 3992; x_wconf 88' lang='lat' dir='ltr'><strong>autem</strong></span> <span class='ocrx_word' id='word_1_300' title='bbox 664 3948 758 4003; x_wconf 90' lang='lat' dir='ltr'><strong>per</strong></span> <span class='ocrx_word' id='word_1_301' title='bbox 785 3931 889 3987; x_wconf 91' lang='lat' dir='ltr'><strong>hoc</strong></span> <span class='ocrx_word' id='word_1_302' title='bbox 917 3946 974 3986; x_wconf 88' lang='lat' dir='ltr'><strong>se</strong></span> <span class='ocrx_word' id='word_1_303' title='bbox 997 3943 1194 4000; x_wconf 80' lang='lat' dir='ltr'><strong>magno</strong></span> <span class='ocrx_word' id='word_1_304' title='bbox 1213 3929 1335 3984; x_wconf 89' lang='lat' dir='ltr'><strong>illos</strong></span> <span class='ocrx_word' id='word_1_305' title='bbox 1361 3929 1568 3986; x_wconf 90' lang='lat' dir='ltr'><strong>honore</strong></span> <span class='ocrx_word' id='word_1_306' title='bbox 1596 3930 1832 4002; x_wconf 77' lang='lat' dir='ltr'><strong>dignari,</strong></span> <span class='ocrx_word' id='word_1_307' title='bbox 1863 3940 1922 3985; x_wconf 89' lang='lat' dir='ltr'><strong>ut</strong></span> <span class='ocrx_word' id='word_1_308' title='bbox 1951 3932 2044 4001; x_wconf 83' lang='lat' dir='ltr'><strong>qui</strong></span> 
     </span>
    </p>
   </div>
   <div class='ocr_carea' id='block_1_43' title="bbox 463 4025 1046 4084">
    <p class='ocr_par' dir='ltr' id='par_1_43' title="bbox 463 4025 1046 4084">
     <span class='ocr_line' id='line_1_43' title="bbox 463 4025 1046 4084; baseline -0.007 0"><span class='ocrx_word' id='word_1_309' title='bbox 463 4039 677 4084; x_wconf 84' lang='lat' dir='ltr'><strong>secreta</strong></span> <span class='ocrx_word' id='word_1_310' title='bbox 710 4027 792 4082; x_wconf 87' lang='lat' dir='ltr'><strong>eis</strong></span> <span class='ocrx_word' id='word_1_311' title='bbox 822 4025 1046 4082; x_wconf 83' lang='lat' dir='ltr'><strong>revelct.</strong></span> 
     </span>
    </p>
   </div>
   <div class='ocr_carea' id='block_1_44' title="bbox 539 4100 2042 4187">
    <p class='ocr_par' dir='ltr' id='par_1_44' title="bbox 539 4100 2042 4187">
     <span class='ocr_line' id='line_1_44' title="bbox 539 4100 2042 4187; baseline 0.002 -18"><span class='ocrx_word' id='word_1_312' title='bbox 539 4137 559 4169; x_wconf 71' lang='grc' dir='ltr'><em>α</em></span> <span class='ocrx_word' id='word_1_313' title='bbox 593 4114 710 4172; x_wconf 85' lang='grc' dir='ltr'>Νοιι</span> <span class='ocrx_word' id='word_1_314' title='bbox 745 4100 936 4172; x_wconf 80' lang='lat' dir='ltr'><strong>omnes</strong></span> <span class='ocrx_word' id='word_1_315' title='bbox 968 4111 1185 4187; x_wconf 85' lang='lat' dir='ltr'><strong>quidem</strong></span> <span class='ocrx_word' id='word_1_316' title='bbox 1226 4113 1585 4182; x_wconf 77' lang='lat' dir='ltr'><strong>&#39;dormiemus,</strong></span> <span class='ocrx_word' id='word_1_317' title='bbox 1635 4119 1829 4173; x_wconf 87' lang='lat' dir='ltr'><strong>omnes</strong></span> <span class='ocrx_word' id='word_1_318' title='bbox 1865 4126 2042 4172; x_wconf 90' lang='lat' dir='ltr'><strong>tamen</strong></span> 
     </span>
    </p>
   </div>
   <div class='ocr_carea' id='block_1_45' title="bbox 463 4203 2042 4279">
    <p class='ocr_par' dir='ltr' id='par_1_45' title="bbox 463 4203 2042 4279">
     <span class='ocr_line' id='line_1_45' title="bbox 463 4203 2042 4279; baseline -0.001 -16"><span class='ocrx_word' id='word_1_319' title='bbox 463 4205 896 4264; x_wconf 81' lang='lat' dir='ltr'><strong>lmmutabintur.</strong></span> <span class='ocrx_word' id='word_1_320' title='bbox 936 4224 956 4261; x_wconf 74' lang='grc' dir='ltr'><strong>ι</strong></span> <span class='ocrx_word' id='word_1_321' title='bbox 1013 4203 1133 4262; x_wconf 83' lang='grc' dir='ltr'>Νοη</span> <span class='ocrx_word' id='word_1_322' title='bbox 1196 4222 1389 4262; x_wconf 92' lang='lat' dir='ltr'><strong>omnes</strong></span> <span class='ocrx_word' id='word_1_323' title='bbox 1443 4206 1659 4279; x_wconf 88' lang='lat' dir='ltr'><strong>quidem</strong></span> <span class='ocrx_word' id='word_1_324' title='bbox 1719 4207 2042 4272; x_wconf 90' lang='lat' dir='ltr'><strong>morientur,</strong></span> 
     </span>
    </p>
   </div>
   <div class='ocr_carea' id='block_1_46' title="bbox 464 4299 2042 4373">
    <p class='ocr_par' dir='ltr' id='par_1_46' title="bbox 464 4299 2042 4373">
     <span class='ocr_line' id='line_1_46' title="bbox 464 4299 2042 4373; baseline -0.001 -17"><span class='ocrx_word' id='word_1_325' title='bbox 464 4302 663 4373; x_wconf 87' lang='lat' dir='ltr'><strong>inquit,</strong></span> <span class='ocrx_word' id='word_1_326' title='bbox 706 4305 897 4356; x_wconf 86' lang='lat' dir='ltr'><strong>omnes</strong></span> <span class='ocrx_word' id='word_1_327' title='bbox 927 4304 1104 4356; x_wconf 91' lang='lat' dir='ltr'><strong>tamen</strong></span> <span class='ocrx_word' id='word_1_328' title='bbox 1137 4299 1596 4368; x_wconf 82' lang='lat' dir='ltr'><strong>immutabuntur,</strong></span> <span class='ocrx_word' id='word_1_329' title='bbox 1628 4300 1793 4356; x_wconf 90' lang='lat' dir='ltr'><strong>etiam</strong></span> <span class='ocrx_word' id='word_1_330' title='bbox 1818 4300 1909 4371; x_wconf 90' lang='lat' dir='ltr'><strong>qui</strong></span> <span class='ocrx_word' id='word_1_331' title='bbox 1937 4316 2042 4355; x_wconf 89' lang='lat' dir='ltr'><strong>non</strong></span> 
     </span>
    </p>
   </div>
   <div class='ocr_carea' id='block_1_47' title="bbox 462 4390 2043 4464">
    <p class='ocr_par' dir='ltr' id='par_1_47' title="bbox 462 4390 2043 4464">
     <span class='ocr_line' id='line_1_47' title="bbox 462 4390 2043 4464; baseline 0 -17"><span class='ocrx_word' id='word_1_332' title='bbox 462 4393 793 4459; x_wconf 89' lang='lat' dir='ltr'><strong>moriuntur,</strong></span> <span class='ocrx_word' id='word_1_333' title='bbox 821 4391 923 4447; x_wconf 90' lang='lat' dir='ltr'><strong>hoc</strong></span> <span class='ocrx_word' id='word_1_334' title='bbox 957 4400 1063 4460; x_wconf 87' lang='lat' dir='ltr'><strong>est,</strong></span> <span class='ocrx_word' id='word_1_335' title='bbox 1103 4390 1169 4447; x_wconf 88' lang='lat' dir='ltr'><strong>ad</strong></span> <span class='ocrx_word' id='word_1_336' title='bbox 1198 4391 1768 4464; x_wconf 87' lang='lat' dir='ltr'><strong>incorruptibilitatem</strong></span> <span class='ocrx_word' id='word_1_337' title='bbox 1807 4390 2043 4447; x_wconf 80' lang='lat' dir='ltr'><strong>transfe-</strong></span> 
     </span>
    </p>
   </div>
   <div class='ocr_carea' id='block_1_48' title="bbox 462 4478 2042 4557">
    <p class='ocr_par' dir='ltr' id='par_1_48' title="bbox 462 4478 2042 4557">
     <span class='ocr_line' id='line_1_48' title="bbox 462 4478 2042 4557; baseline 0.001 -18"><span class='ocrx_word' id='word_1_338' title='bbox 462 4478 785 4539; x_wconf 63' lang='lat' dir='ltr'><strong>rentur.&#39;Ne</strong></span> <span class='ocrx_word' id='word_1_339' title='bbox 826 4478 1010 4556; x_wconf 81' lang='lat' dir='ltr'><strong>igitur,</strong></span> <span class='ocrx_word' id='word_1_340' title='bbox 1049 4484 1302 4555; x_wconf 89' lang='lat' dir='ltr'><strong>quoniam</strong></span> <span class='ocrx_word' id='word_1_341' title='bbox 1352 4484 1628 4552; x_wconf 85' lang='lat' dir='ltr'><strong>moriaris,</strong></span> <span class='ocrx_word' id='word_1_342' title='bbox 1662 4494 1870 4541; x_wconf 88' lang='lat' dir='ltr'><strong>metuas</strong></span> <span class='ocrx_word' id='word_1_343' title='bbox 1898 4485 2042 4557; x_wconf 88' lang='lat' dir='ltr'><strong>quod</strong></span> 
     </span>
    </p>
   </div>
   <div class='ocr_carea' id='block_1_49' title="bbox 2164 615 3655 704">
    <p class='ocr_par' dir='ltr' id='par_1_49' title="bbox 2164 615 3655 704">
     <span class='ocr_line' id='line_1_49' title="bbox 2164 615 3655 704; baseline 0.01 -34"><span class='ocrx_word' id='word_1_344' title='bbox 2164 615 2247 681; x_wconf 87' lang='grc' dir='ltr'><strong>θις</strong></span> <span class='ocrx_word' id='word_1_345' title='bbox 2289 616 2568 689; x_wconf 75' lang='grc' dir='ltr'><strong>ζήσωμεν,</strong></span> <span class='ocrx_word' id='word_1_346' title='bbox 2600 620 2677 681; x_wconf 80' lang='grc' dir='ltr'>ὡς</span> <span class='ocrx_word' id='word_1_347' title='bbox 2715 618 2808 672; x_wconf 78' lang='grc' dir='ltr'>τοῦ</span> <span class='ocrx_word' id='word_1_348' title='bbox 2834 619 3158 689; x_wconf 72' lang='grc' dir='ltr'><strong>ἐπουρανίου</strong></span> <span class='ocrx_word' id='word_1_349' title='bbox 3185 621 3280 691; x_wconf 69' lang='grc' dir='ltr'>τὴν</span> <span class='ocrx_word' id='word_1_350' title='bbox 3304 624 3466 680; x_wconf 73' lang='grc' dir='ltr'>εἰκόνα</span> <span class='ocrx_word' id='word_1_351' title='bbox 3491 629 3655 704; x_wconf 75' lang='grc' dir='ltr'>καὶτὴν</span> 
     </span>
    </p>
   </div>
   <div class='ocr_carea' id='block_1_50' title="bbox 2164 709 3656 795">
    <p class='ocr_par' dir='ltr' id='par_1_50' title="bbox 2164 709 3656 795">
     <span class='ocr_line' id='line_1_50' title="bbox 2164 709 3656 795; baseline 0.008 -33"><span class='ocrx_word' id='word_1_352' title='bbox 2164 709 2399 782; x_wconf 82' lang='grc' dir='ltr'><strong>μίμησιν</strong></span> <span class='ocrx_word' id='word_1_353' title='bbox 2427 710 2737 782; x_wconf 76' lang='grc' dir='ltr'>τηροῦντες.</span> <span class='ocrx_word' id='word_1_354' title='bbox 2776 709 2954 764; x_wconf 84' lang='grc' dir='ltr'>Είκὼν</span> <span class='ocrx_word' id='word_1_355' title='bbox 2969 711 3026 765; x_wconf 85' lang='grc' dir='ltr'><strong>δὲ</strong></span> <span class='ocrx_word' id='word_1_356' title='bbox 3053 711 3143 765; x_wconf 81' lang='grc' dir='ltr'>τοῦ</span> <span class='ocrx_word' id='word_1_357' title='bbox 3170 715 3346 784; x_wconf 82' lang='grc' dir='ltr'>χοϊκοῦ</span> <span class='ocrx_word' id='word_1_358' title='bbox 3374 716 3458 770; x_wconf 74' lang='grc' dir='ltr'><strong>καὶ</strong></span> <span class='ocrx_word' id='word_1_359' title='bbox 3476 718 3546 784; x_wconf 79' lang='grc' dir='ltr'><strong>τὺ,</strong></span> <span class='ocrx_word' id='word_1_360' title='bbox 3567 740 3582 773; x_wconf 82' lang='grc' dir='ltr'><strong>ι</strong></span> <span class='ocrx_word' id='word_1_361' title='bbox 3601 722 3656 795; x_wconf 77' lang='grc' dir='ltr'><strong>Γῇ</strong></span> 
     </span>
    </p>
   </div>
   <div class='ocr_carea' id='block_1_51' title="bbox 2159 798 3656 882">
    <p class='ocr_par' dir='ltr' id='par_1_51' title="bbox 2159 798 3656 882">
     <span class='ocr_line' id='line_1_51' title="bbox 2159 798 3656 882; baseline 0.007 -28"><span class='ocrx_word' id='word_1_362' title='bbox 2159 798 2233 867; x_wconf 75' lang='grc' dir='ltr'><strong>εἴ,</strong></span> <span class='ocrx_word' id='word_1_363' title='bbox 2278 803 2373 856; x_wconf 76' lang='grc' dir='ltr'><strong>καὶ</strong></span> <span class='ocrx_word' id='word_1_364' title='bbox 2430 804 2510 867; x_wconf 86' lang='grc' dir='ltr'><strong>είς</strong></span> <span class='ocrx_word' id='word_1_365' title='bbox 2541 804 2646 873; x_wconf 67' lang='grc' dir='ltr'><strong>γῆν</strong></span> <span class='ocrx_word' id='word_1_366' title='bbox 2684 803 2963 877; x_wconf 79' lang='grc' dir='ltr'>ἀπελεύσῃ</span> <span class='ocrx_word' id='word_1_367' title='bbox 2987 820 3002 835; x_wconf 79' lang='grc'><em>’</em></span> <span class='ocrx_word' id='word_1_368' title='bbox 3036 824 3055 858; x_wconf 70' lang='grc' dir='ltr'><strong>ι</strong></span> <span class='ocrx_word' id='word_1_369' title='bbox 3093 806 3253 860; x_wconf 77' lang='grc' dir='ltr'>είκὼν</span> <span class='ocrx_word' id='word_1_370' title='bbox 3279 806 3330 859; x_wconf 83' lang='grc' dir='ltr'><strong>δὲ</strong></span> <span class='ocrx_word' id='word_1_371' title='bbox 3364 808 3447 860; x_wconf 79' lang='grc' dir='ltr'><strong>τοῦ</strong></span> <span class='ocrx_word' id='word_1_372' title='bbox 3474 810 3656 882; x_wconf 82' lang='grc' dir='ltr'>ἐπουρα-</span> 
     </span>
    </p>
   </div>
   <div class='ocr_carea' id='block_1_52' title="bbox 2159 894 3655 969">
    <p class='ocr_par' dir='ltr' id='par_1_52' title="bbox 2159 894 3655 969">
     <span class='ocr_line' id='line_1_52' title="bbox 2159 894 3655 969; baseline 0.006 -19"><span class='ocrx_word' id='word_1_373' title='bbox 2159 896 2296 963; x_wconf 84' lang='grc' dir='ltr'>νίου,</span> <span class='ocrx_word' id='word_1_374' title='bbox 2327 896 2360 968; x_wconf 84' lang='grc' dir='ltr'><strong>ή</strong></span> <span class='ocrx_word' id='word_1_375' title='bbox 2393 897 2456 950; x_wconf 74' lang='grc' dir='ltr'>ἐκ</span> <span class='ocrx_word' id='word_1_376' title='bbox 2476 894 2690 969; x_wconf 82' lang='grc' dir='ltr'>νεκρῶν</span> <span class='ocrx_word' id='word_1_377' title='bbox 2713 896 3008 960; x_wconf 82' lang='grc' dir='ltr'>ἀνάστασις</span> <span class='ocrx_word' id='word_1_378' title='bbox 3040 900 3131 952; x_wconf 67' lang='grc' dir='ltr'><strong>καὶ</strong></span> <span class='ocrx_word' id='word_1_379' title='bbox 3160 897 3440 968; x_wconf 71' lang='grc' dir='ltr'>ἀφθαρσία.</span> <span class='ocrx_word' id='word_1_380' title='bbox 3463 902 3594 955; x_wconf 83' lang='grc' dir='ltr'>Ὥστε</span> <span class='ocrx_word' id='word_1_381' title='bbox 3621 908 3655 959; x_wconf 84' lang='grc' dir='ltr'><strong>εί</strong></span> 
     </span>
    </p>
   </div>
   <div class='ocr_carea' id='block_1_53' title="bbox 2158 989 3654 1063">
    <p class='ocr_par' dir='ltr' id='par_1_53' title="bbox 2158 989 3654 1063">
     <span class='ocr_line' id='line_1_53' title="bbox 2158 989 3654 1063; baseline 0.002 -19"><span class='ocrx_word' id='word_1_382' title='bbox 2158 991 2233 1053; x_wconf 76' lang='grc' dir='ltr'>ὡς</span> <span class='ocrx_word' id='word_1_383' title='bbox 2262 989 2393 1060; x_wconf 82' lang='grc' dir='ltr'>περὶ</span> <span class='ocrx_word' id='word_1_384' title='bbox 2423 990 2773 1054; x_wconf 82' lang='grc' dir='ltr'><strong>ἀναστάσεως</strong></span> <span class='ocrx_word' id='word_1_385' title='bbox 2824 989 3118 1061; x_wconf 81' lang='grc' dir='ltr'>λεγόμενα,</span> <span class='ocrx_word' id='word_1_386' title='bbox 3167 991 3226 1044; x_wconf 77' lang='grc' dir='ltr'><strong>οὐ</strong></span> <span class='ocrx_word' id='word_1_387' title='bbox 3276 991 3395 1063; x_wconf 80' lang='grc' dir='ltr'>περὶ</span> <span class='ocrx_word' id='word_1_388' title='bbox 3439 993 3654 1059; x_wconf 69' lang='grc' dir='ltr'>πολιτείας</span> 
     </span>
    </p>
   </div>
   <div class='ocr_carea' id='block_1_54' title="bbox 2157 1081 3659 1156">
    <p class='ocr_par' dir='ltr' id='par_1_54' title="bbox 2157 1081 3659 1156">
     <span class='ocr_line' id='line_1_54' title="bbox 2157 1081 3659 1156; baseline 0.002 -19"><span class='ocrx_word' id='word_1_389' title='bbox 2157 1082 2332 1137; x_wconf 79' lang='grc' dir='ltr'>ταῦτα</span> <span class='ocrx_word' id='word_1_390' title='bbox 2372 1081 2457 1136; x_wconf 82' lang='grc' dir='ltr'><strong>δεῖ</strong></span> <span class='ocrx_word' id='word_1_391' title='bbox 2487 1082 2701 1152; x_wconf 84' lang='grc' dir='ltr'>νοῆσαι,</span> <span class='ocrx_word' id='word_1_392' title='bbox 2753 1084 2851 1136; x_wconf 69' lang='grc' dir='ltr'><strong>καὶ</strong></span> <span class='ocrx_word' id='word_1_393' title='bbox 2899 1081 2982 1146; x_wconf 71' lang='grc' dir='ltr'>τὸ,</span> <span class='ocrx_word' id='word_1_394' title='bbox 3022 1101 3039 1133; x_wconf 82' lang='grc' dir='ltr'><strong>ι</strong></span> <span class='ocrx_word' id='word_1_395' title='bbox 3079 1083 3376 1153; x_wconf 72' lang='grc' dir='ltr'>Φορέσομεν</span> <span class='ocrx_word' id='word_1_396' title='bbox 3420 1084 3507 1156; x_wconf 77' lang='grc' dir='ltr'>τὴν</span> <span class='ocrx_word' id='word_1_397' title='bbox 3522 1087 3659 1141; x_wconf 74' lang='grc' dir='ltr'>εἰκόνα</span> 
     </span>
    </p>
   </div>
   <div class='ocr_carea' id='block_1_55' title="bbox 2155 1174 3658 1247">
    <p class='ocr_par' dir='ltr' id='par_1_55' title="bbox 2155 1174 3658 1247">
     <span class='ocr_line' id='line_1_55' title="bbox 2155 1174 3658 1247; baseline 0.003 -18"><span class='ocrx_word' id='word_1_398' title='bbox 2155 1174 2251 1229; x_wconf 79' lang='grc' dir='ltr'>τοῦ</span> <span class='ocrx_word' id='word_1_399' title='bbox 2283 1174 2609 1247; x_wconf 72' lang='grc' dir='ltr'>ἐπουρανίου</span> <span class='ocrx_word' id='word_1_400' title='bbox 2631 1214 2647 1239; x_wconf 90' lang='grc'><strong>,</strong></span> <span class='ocrx_word' id='word_1_401' title='bbox 2688 1193 2706 1226; x_wconf 85' lang='grc'><strong>›</strong></span> <span class='ocrx_word' id='word_1_402' title='bbox 2741 1175 2839 1246; x_wconf 66' lang='grc' dir='ltr'>οὐχ</span> <span class='ocrx_word' id='word_1_403' title='bbox 2876 1174 2951 1238; x_wconf 80' lang='grc' dir='ltr'>ὡς</span> <span class='ocrx_word' id='word_1_404' title='bbox 2980 1175 3439 1246; x_wconf 79' lang='grc' dir='ltr'>συμόουλευτικῶς</span> <span class='ocrx_word' id='word_1_405' title='bbox 3483 1177 3658 1247; x_wconf 74' lang='grc' dir='ltr'>λεγόμε-</span> 
     </span>
    </p>
   </div>
   <div class='ocr_carea' id='block_1_56' title="bbox 2156 1258 3661 1344">
    <p class='ocr_par' dir='ltr' id='par_1_56' title="bbox 2156 1258 3661 1344">
     <span class='ocr_line' id='line_1_56' title="bbox 2156 1258 3661 1344; baseline -0.004 -23"><span class='ocrx_word' id='word_1_406' title='bbox 2156 1284 2248 1321; x_wconf 87' lang='grc' dir='ltr'><strong>νον</strong></span> <span class='ocrx_word' id='word_1_407' title='bbox 2279 1268 2363 1322; x_wconf 80' lang='grc' dir='ltr'><strong>δεῖ</strong></span> <span class='ocrx_word' id='word_1_408' title='bbox 2411 1268 2601 1337; x_wconf 80' lang='grc' dir='ltr'>νοῆσαι</span> <span class='ocrx_word' id='word_1_409' title='bbox 2639 1267 2673 1338; x_wconf 82' lang='grc' dir='ltr'>ἢ</span> <span class='ocrx_word' id='word_1_410' title='bbox 2737 1266 2971 1340; x_wconf 67' lang='grc' dir='ltr'>γράψαι,</span> <span class='ocrx_word' id='word_1_411' title='bbox 3018 1267 3134 1324; x_wconf 81' lang='grc' dir='ltr'>ἀλλ’</span> <span class='ocrx_word' id='word_1_412' title='bbox 3158 1258 3233 1332; x_wconf 70' lang='grc' dir='ltr'>ὥς</span> <span class='ocrx_word' id='word_1_413' title='bbox 3260 1267 3515 1340; x_wconf 64' lang='grc' dir='ltr'>μέλλοντος</span> <span class='ocrx_word' id='word_1_414' title='bbox 3554 1273 3661 1344; x_wconf 77' lang='grc' dir='ltr'>πρά.</span> 
     </span>
    </p>
   </div>
   <div class='ocr_carea' id='block_1_57' title="bbox 2154 1357 3663 1432">
    <p class='ocr_par' dir='ltr' id='par_1_57' title="bbox 2154 1357 3663 1432">
     <span class='ocr_line' id='line_1_57' title="bbox 2154 1357 3663 1432; baseline 0.001 -22"><span class='ocrx_word' id='word_1_415' title='bbox 2154 1374 2368 1429; x_wconf 86' lang='grc' dir='ltr'>γματος</span> <span class='ocrx_word' id='word_1_416' title='bbox 2423 1357 2779 1424; x_wconf 79' lang='grc' dir='ltr'>ἐνδεικτικὸν,</span> <span class='ocrx_word' id='word_1_417' title='bbox 2830 1358 3136 1428; x_wconf 76' lang='grc' dir='ltr'><strong>τουτέστιν,</strong></span> <span class='ocrx_word' id='word_1_418' title='bbox 3171 1360 3254 1414; x_wconf 82' lang='grc' dir='ltr'>ὅτι</span> <span class='ocrx_word' id='word_1_419' title='bbox 3312 1360 3550 1432; x_wconf 79' lang='grc' dir='ltr'>μέλλομεν</span> <span class='ocrx_word' id='word_1_420' title='bbox 3596 1382 3663 1432; x_wconf 63' lang='grc' dir='ltr'><strong>φο.</strong></span> 
     </span>
    </p>
   </div>
   <div class='ocr_carea' id='block_1_58' title="bbox 2159 1451 2335 1524">
    <p class='ocr_par' dir='ltr' id='par_1_58' title="bbox 2159 1451 2335 1524">
     <span class='ocr_line' id='line_1_58' title="bbox 2159 1451 2335 1524; baseline 0.011 -18"><span class='ocrx_word' id='word_1_421' title='bbox 2159 1451 2335 1524; x_wconf 85' lang='grc' dir='ltr'>ρέσαι.</span> 
     </span>
    </p>
   </div>
   <div class='ocr_carea' id='block_1_59' title="bbox 2233 1624 3761 1709">
    <p class='ocr_par' dir='ltr' id='par_1_59' title="bbox 2233 1624 3761 1709">
     <span class='ocr_line' id='line_1_59' title="bbox 2233 1624 3761 1709; baseline 0.003 -21"><span class='ocrx_word' id='word_1_422' title='bbox 2233 1655 2251 1688; x_wconf 80' lang='grc' dir='ltr'><strong>ι</strong></span> <span class='ocrx_word' id='word_1_423' title='bbox 2295 1628 2547 1691; x_wconf 81' lang='grc' dir='ltr'>Τοῦτοδέ</span> <span class='ocrx_word' id='word_1_424' title='bbox 2577 1654 2744 1709; x_wconf 85' lang='grc' dir='ltr'>φημι,</span> <span class='ocrx_word' id='word_1_425' title='bbox 2777 1635 3025 1706; x_wconf 78' lang='grc' dir='ltr'>ἀδελφοὶ,</span> <span class='ocrx_word' id='word_1_426' title='bbox 3053 1636 3138 1690; x_wconf 86' lang='grc' dir='ltr'>ὅτι</span> <span class='ocrx_word' id='word_1_427' title='bbox 3177 1634 3312 1707; x_wconf 78' lang='grc' dir='ltr'>σάρξ</span> <span class='ocrx_word' id='word_1_428' title='bbox 3349 1638 3435 1690; x_wconf 74' lang='grc' dir='ltr'>καὶ</span> <span class='ocrx_word' id='word_1_429' title='bbox 3455 1631 3570 1707; x_wconf 72' lang='grc' dir='ltr'>αἷμα</span> <span class='ocrx_word' id='word_1_430' title='bbox 3594 1637 3664 1707; x_wconf 65' lang='grc' dir='ltr'><strong>βαη</strong></span> 
     </span>
    </p>
   </div>
   <div class='ocr_carea' id='block_1_60' title="bbox 2157 1724 3761 1799">
    <p class='ocr_par' dir='ltr' id='par_1_60' title="bbox 2157 1724 3761 1799">
     <span class='ocr_line' id='line_1_60' title="bbox 2157 1724 3761 1799; baseline 0.002 -21"><span class='ocrx_word' id='word_1_431' title='bbox 2157 1724 2366 1779; x_wconf 86' lang='grc' dir='ltr'>σιλείαν</span> <span class='ocrx_word' id='word_1_432' title='bbox 2393 1724 2528 1779; x_wconf 83' lang='grc' dir='ltr'>Θεοῦ</span> <span class='ocrx_word' id='word_1_433' title='bbox 2560 1725 2975 1797; x_wconf 80' lang='grc' dir='ltr'>κληρονομῆσαι</span> <span class='ocrx_word' id='word_1_434' title='bbox 3012 1726 3074 1779; x_wconf 76' lang='grc' dir='ltr'><strong>οὐ</strong></span> <span class='ocrx_word' id='word_1_435' title='bbox 3118 1725 3385 1780; x_wconf 80' lang='grc' dir='ltr'>δύνανται.</span> <span class='ocrx_word' id='word_1_436' title='bbox 3423 1744 3443 1778; x_wconf 77' lang='grc' dir='ltr'><strong>ι</strong></span> <span class='ocrx_word' id='word_1_437' title='bbox 3497 1728 3663 1799; x_wconf 77' lang='grc' dir='ltr'><strong>Ἐπειδὴ</strong></span> 
     </span>
    </p>
   </div>
   <div class='ocr_carea' id='block_1_61' title="bbox 2156 1810 3663 1888">
    <p class='ocr_par' dir='ltr' id='par_1_61' title="bbox 2156 1810 3663 1888">
     <span class='ocr_line' id='line_1_61' title="bbox 2156 1810 3663 1888; baseline 0.003 -21"><span class='ocrx_word' id='word_1_438' title='bbox 2156 1810 2333 1882; x_wconf 78' lang='grc' dir='ltr'>εἶπεν,</span> <span class='ocrx_word' id='word_1_439' title='bbox 2374 1834 2393 1868; x_wconf 83' lang='lat' dir='ltr'><strong>t</strong></span> <span class='ocrx_word' id='word_1_440' title='bbox 2433 1816 2636 1871; x_wconf 84' lang='grc' dir='ltr'>Εἰκόνα</span> <span class='ocrx_word' id='word_1_441' title='bbox 2662 1816 2756 1870; x_wconf 78' lang='grc' dir='ltr'><strong>τοῦ</strong></span> <span class='ocrx_word' id='word_1_442' title='bbox 2790 1818 2975 1888; x_wconf 75' lang='grc' dir='ltr'>χοϊκοῦ</span> <span class='ocrx_word' id='word_1_443' title='bbox 3001 1857 3017 1882; x_wconf 93' lang='grc'><strong>,</strong></span> <span class='ocrx_word' id='word_1_444' title='bbox 3053 1836 3071 1868; x_wconf 78' lang='grc' dir='ltr'><strong>ι</strong></span> <span class='ocrx_word' id='word_1_445' title='bbox 3128 1816 3325 1871; x_wconf 70' lang='grc' dir='ltr'>ὡσανεὶ</span> <span class='ocrx_word' id='word_1_446' title='bbox 3348 1819 3663 1888; x_wconf 73' lang='grc' dir='ltr'>ὲφερμηνεύων</span> 
     </span>
    </p>
   </div>
   <div class='ocr_carea' id='block_1_62' title="bbox 2157 2000 3663 2073">
    <p class='ocr_par' dir='ltr' id='par_1_62' title="bbox 2157 2000 3663 2073">
     <span class='ocr_line' id='line_1_62' title="bbox 2157 2000 3663 2073; baseline 0.002 -20"><span class='ocrx_word' id='word_1_447' title='bbox 2157 2000 2345 2071; x_wconf 82' lang='grc' dir='ltr'>χοϊκοῦ</span> <span class='ocrx_word' id='word_1_448' title='bbox 2375 2018 2389 2033; x_wconf 74' lang='grc' dir='ltr'><strong>ο</strong></span> <span class='ocrx_word' id='word_1_449' title='bbox 2420 2001 2721 2069; x_wconf 80' lang='grc' dir='ltr'>τουτέστιν,</span> <span class='ocrx_word' id='word_1_450' title='bbox 2761 2003 2819 2055; x_wconf 88' lang='grc' dir='ltr'><strong>αί</strong></span> <span class='ocrx_word' id='word_1_451' title='bbox 2852 2004 3120 2073; x_wconf 79' lang='grc' dir='ltr'>σαρκικαὶ</span> <span class='ocrx_word' id='word_1_452' title='bbox 3153 2001 3373 2073; x_wconf 84' lang='grc' dir='ltr'>πράξεις</span> <span class='ocrx_word' id='word_1_453' title='bbox 3404 2004 3487 2054; x_wconf 78' lang='grc' dir='ltr'>καὶ</span> <span class='ocrx_word' id='word_1_454' title='bbox 3511 2003 3563 2070; x_wconf 80' lang='grc' dir='ltr'>τῇ</span> <span class='ocrx_word' id='word_1_455' title='bbox 3587 2019 3663 2056; x_wconf 73' lang='grc' dir='ltr'><strong>πσ-</strong></span> 
     </span>
    </p>
   </div>
   <div class='ocr_carea' id='block_1_63' title="bbox 2156 2090 3665 2164">
    <p class='ocr_par' dir='ltr' id='par_1_63' title="bbox 2156 2090 3665 2164">
     <span class='ocr_line' id='line_1_63' title="bbox 2156 2090 3665 2164; baseline -0.001 -18"><span class='ocrx_word' id='word_1_456' title='bbox 2156 2092 2349 2163; x_wconf 79' lang='grc' dir='ltr'>χύτητι</span> <span class='ocrx_word' id='word_1_457' title='bbox 2369 2092 2462 2147; x_wconf 77' lang='grc' dir='ltr'>τοῦ</span> <span class='ocrx_word' id='word_1_458' title='bbox 2492 2093 2742 2164; x_wconf 82' lang='grc' dir='ltr'>σώματος</span> <span class='ocrx_word' id='word_1_459' title='bbox 2758 2094 2978 2158; x_wconf 77' lang='grc' dir='ltr'><strong>οἰκεῖαι,</strong></span> <span class='ocrx_word' id='word_1_460' title='bbox 3002 2093 3207 2157; x_wconf 75' lang='grc' dir='ltr'>αἵτινες</span> <span class='ocrx_word' id='word_1_461' title='bbox 3243 2110 3263 2144; x_wconf 82' lang='lat' dir='ltr'><strong>t</strong></span> <span class='ocrx_word' id='word_1_462' title='bbox 3305 2090 3551 2163; x_wconf 81' lang='grc' dir='ltr'>βασιλείαν</span> <span class='ocrx_word' id='word_1_463' title='bbox 3570 2091 3665 2145; x_wconf 81' lang='grc' dir='ltr'><strong>Θεοῦ</strong></span> 
     </span>
    </p>
   </div>
   <div class='ocr_carea' id='block_1_64' title="bbox 2156 2184 3028 2257">
    <p class='ocr_par' dir='ltr' id='par_1_64' title="bbox 2156 2184 3028 2257">
     <span class='ocr_line' id='line_1_64' title="bbox 2156 2184 3028 2257; baseline 0 -18"><span class='ocrx_word' id='word_1_464' title='bbox 2156 2185 2567 2257; x_wconf 77' lang='grc' dir='ltr'>κληρονομῆσαι</span> <span class='ocrx_word' id='word_1_465' title='bbox 2608 2185 2670 2239; x_wconf 85' lang='grc' dir='ltr'><strong>οὐ</strong></span> <span class='ocrx_word' id='word_1_466' title='bbox 2701 2184 2979 2239; x_wconf 80' lang='grc' dir='ltr'>δύνανται.</span> <span class='ocrx_word' id='word_1_467' title='bbox 3008 2203 3028 2239; x_wconf 75' lang='grc' dir='ltr'><strong>ι</strong></span> 
     </span>
    </p>
   </div>
   <div class='ocr_carea' id='block_1_65' title="bbox 2234 2274 3667 2351">
    <p class='ocr_par' dir='ltr' id='par_1_65' title="bbox 2234 2274 3667 2351">
     <span class='ocr_line' id='line_1_65' title="bbox 2234 2274 3667 2351; baseline -0.004 -20"><span class='ocrx_word' id='word_1_468' title='bbox 2234 2298 2253 2331; x_wconf 78' lang='grc' dir='ltr'><strong>ι</strong></span> <span class='ocrx_word' id='word_1_469' title='bbox 2289 2279 2468 2350; x_wconf 82' lang='grc' dir='ltr'><strong>Οὐδὲὴ</strong></span> <span class='ocrx_word' id='word_1_470' title='bbox 2494 2277 2669 2351; x_wconf 78' lang='grc' dir='ltr'>φθορὰ</span> <span class='ocrx_word' id='word_1_471' title='bbox 2692 2276 2792 2350; x_wconf 78' lang='grc' dir='ltr'><strong>τὴν</strong></span> <span class='ocrx_word' id='word_1_472' title='bbox 2816 2278 3127 2347; x_wconf 74' lang='grc' dir='ltr'>ἀφθαρσίαν</span> <span class='ocrx_word' id='word_1_473' title='bbox 3158 2275 3491 2348; x_wconf 83' lang='grc' dir='ltr'>κληρονομεῖ.</span> <span class='ocrx_word' id='word_1_474' title='bbox 3513 2291 3530 2326; x_wconf 75' lang='lat' dir='ltr'><strong>t</strong></span> <span class='ocrx_word' id='word_1_475' title='bbox 3550 2274 3667 2327; x_wconf 77' lang='grc' dir='ltr'>Τουτ-</span> 
     </span>
    </p>
   </div>
   <div class='ocr_carea' id='block_1_66' title="bbox 2156 2363 3666 2439">
    <p class='ocr_par' dir='ltr' id='par_1_66' title="bbox 2156 2363 3666 2439">
     <span class='ocr_line' id='line_1_66' title="bbox 2156 2363 3666 2439; baseline -0.005 -16"><span class='ocrx_word' id='word_1_476' title='bbox 2156 2371 2331 2434; x_wconf 87' lang='grc' dir='ltr'>έστιν,</span> <span class='ocrx_word' id='word_1_477' title='bbox 2396 2371 2430 2439; x_wconf 84' lang='grc' dir='ltr'>ἡ</span> <span class='ocrx_word' id='word_1_478' title='bbox 2467 2369 2660 2435; x_wconf 81' lang='grc' dir='ltr'>κακία,</span> <span class='ocrx_word' id='word_1_479' title='bbox 2707 2369 2744 2438; x_wconf 77' lang='grc' dir='ltr'><strong>ἡ</strong></span> <span class='ocrx_word' id='word_1_480' title='bbox 2778 2367 3233 2438; x_wconf 84' lang='grc' dir='ltr'>καταφθείρουσα</span> <span class='ocrx_word' id='word_1_481' title='bbox 3284 2365 3378 2437; x_wconf 75' lang='grc' dir='ltr'>τὴν</span> <span class='ocrx_word' id='word_1_482' title='bbox 3414 2364 3501 2435; x_wconf 84' lang='grc' dir='ltr'><strong>τῆς</strong></span> <span class='ocrx_word' id='word_1_483' title='bbox 3538 2363 3666 2434; x_wconf 66' lang='grc' dir='ltr'>ψυχῆς</span> 
     </span>
    </p>
   </div>
   <div class='ocr_carea' id='block_1_67' title="bbox 2155 2456 3666 2532">
    <p class='ocr_par' dir='ltr' id='par_1_67' title="bbox 2155 2456 3666 2532">
     <span class='ocr_line' id='line_1_67' title="bbox 2155 2456 3666 2532; baseline -0.006 -15"><span class='ocrx_word' id='word_1_484' title='bbox 2155 2461 2441 2530; x_wconf 78' lang='grc' dir='ltr'>εὐγένειαν</span> <span class='ocrx_word' id='word_1_485' title='bbox 2468 2502 2485 2528; x_wconf 90' lang='grc'><strong>,</strong></span> <span class='ocrx_word' id='word_1_486' title='bbox 2516 2461 2579 2517; x_wconf 76' lang='grc' dir='ltr'><strong>οὐ</strong></span> <span class='ocrx_word' id='word_1_487' title='bbox 2617 2459 2843 2515; x_wconf 76' lang='grc' dir='ltr'>δύναται</span> <span class='ocrx_word' id='word_1_488' title='bbox 2884 2459 3256 2532; x_wconf 70' lang='grc' dir='ltr'>κληρονομεῖν</span> <span class='ocrx_word' id='word_1_489' title='bbox 3282 2457 3377 2529; x_wconf 71' lang='grc' dir='ltr'>τὴν</span> <span class='ocrx_word' id='word_1_490' title='bbox 3405 2456 3541 2523; x_wconf 78' lang='grc' dir='ltr'>δόξαν</span> <span class='ocrx_word' id='word_1_491' title='bbox 3565 2457 3666 2509; x_wconf 78' lang='grc' dir='ltr'>ὲκεί-</span> 
     </span>
    </p>
   </div>
   <div class='ocr_carea' id='block_1_68' title="bbox 2156 2548 3761 2627">
    <p class='ocr_par' dir='ltr' id='par_1_68' title="bbox 2156 2548 3761 2627">
     <span class='ocr_line' id='line_1_68' title="bbox 2156 2548 3761 2627; baseline -0.007 -16"><span class='ocrx_word' id='word_1_492' title='bbox 2156 2574 2257 2627; x_wconf 86' lang='grc' dir='ltr'><strong>νην</strong></span> <span class='ocrx_word' id='word_1_493' title='bbox 2315 2555 2408 2611; x_wconf 69' lang='grc' dir='ltr'><strong>καὶ</strong></span> <span class='ocrx_word' id='word_1_494' title='bbox 2455 2554 2524 2609; x_wconf 84' lang='grc' dir='ltr'>τὰ</span> <span class='ocrx_word' id='word_1_495' title='bbox 2583 2555 2843 2626; x_wconf 75' lang='grc' dir='ltr'>ἄφθαρτα</span> <span class='ocrx_word' id='word_1_496' title='bbox 2913 2554 3117 2622; x_wconf 85' lang='grc' dir='ltr'>ἀγαθά.</span> <span class='ocrx_word' id='word_1_497' title='bbox 3177 2550 3408 2607; x_wconf 82' lang='grc' dir='ltr'>Δύνασαι</span> <span class='ocrx_word' id='word_1_498' title='bbox 3451 2550 3500 2604; x_wconf 86' lang='grc' dir='ltr'><strong>δὲ</strong></span> <span class='ocrx_word' id='word_1_499' title='bbox 3544 2549 3667 2603; x_wconf 79' lang='grc' dir='ltr'>ταῦτα</span> 
     </span>
    </p>
   </div>
   <div class='ocr_carea' id='block_1_69' title="bbox 2156 2632 3668 2720">
    <p class='ocr_par' dir='ltr' id='par_1_69' title="bbox 2156 2632 3668 2720">
     <span class='ocr_line' id='line_1_69' title="bbox 2156 2632 3668 2720; baseline -0.007 -16"><span class='ocrx_word' id='word_1_500' title='bbox 2156 2652 2357 2714; x_wconf 80' lang='grc' dir='ltr'>πάντα,</span> <span class='ocrx_word' id='word_1_501' title='bbox 2415 2650 2514 2720; x_wconf 83' lang='grc' dir='ltr'>οὐχ</span> <span class='ocrx_word' id='word_1_502' title='bbox 2562 2648 2637 2711; x_wconf 75' lang='grc' dir='ltr'>ὡς</span> <span class='ocrx_word' id='word_1_503' title='bbox 2694 2632 2825 2718; x_wconf 70' lang='grc' dir='ltr'>περὶ</span> <span class='ocrx_word' id='word_1_504' title='bbox 2873 2646 3159 2710; x_wconf 80' lang='grc' dir='ltr'>πολιτείας</span> <span class='ocrx_word' id='word_1_505' title='bbox 3189 2646 3465 2717; x_wconf 75' lang='grc' dir='ltr'>εἰρημένα,</span> <span class='ocrx_word' id='word_1_506' title='bbox 3498 2641 3589 2697; x_wconf 81' lang='grc' dir='ltr'>ἀλλ’</span> <span class='ocrx_word' id='word_1_507' title='bbox 3617 2642 3668 2703; x_wconf 73' lang='grc' dir='ltr'><strong>ὡς</strong></span> 
     </span>
    </p>
   </div>
   <div class='ocr_carea' id='block_1_70' title="bbox 2155 2732 3665 2807">
    <p class='ocr_par' dir='ltr' id='par_1_70' title="bbox 2155 2732 3665 2807">
     <span class='ocr_line' id='line_1_70' title="bbox 2155 2732 3665 2807; baseline -0.007 -12"><span class='ocrx_word' id='word_1_508' title='bbox 2155 2759 2223 2795; x_wconf 81' lang='grc' dir='ltr'>πε</span> <span class='ocrx_word' id='word_1_509' title='bbox 2232 2742 2286 2805; x_wconf 74' lang='lat' dir='ltr'><strong>pl</strong></span> <span class='ocrx_word' id='word_1_510' title='bbox 2301 2742 2649 2803; x_wconf 80' lang='grc' dir='ltr'>ἀναστάσεως</span> <span class='ocrx_word' id='word_1_511' title='bbox 2665 2739 2938 2805; x_wconf 73' lang='grc' dir='ltr'>ἐκλαϐεῖν,</span> <span class='ocrx_word' id='word_1_512' title='bbox 2956 2732 3067 2792; x_wconf 81' lang='grc' dir='ltr'>οἷον</span> <span class='ocrx_word' id='word_1_513' title='bbox 3081 2740 3170 2803; x_wconf 63' lang='grc' dir='ltr'>τὸ,</span> <span class='ocrx_word' id='word_1_514' title='bbox 3205 2756 3227 2790; x_wconf 78' lang='lat' dir='ltr'><strong>t</strong></span> <span class='ocrx_word' id='word_1_515' title='bbox 3256 2736 3397 2807; x_wconf 79' lang='grc' dir='ltr'>Σάρξ</span> <span class='ocrx_word' id='word_1_516' title='bbox 3413 2737 3492 2789; x_wconf 74' lang='grc' dir='ltr'>καὶ</span> <span class='ocrx_word' id='word_1_517' title='bbox 3508 2732 3616 2803; x_wconf 69' lang='grc' dir='ltr'>αἷμα</span> <span class='ocrx_word' id='word_1_518' title='bbox 3631 2749 3665 2785; x_wconf 84' lang='lat' dir='ltr'><strong>&#39;I</strong></span> 
     </span>
    </p>
   </div>
   <div class='ocr_carea' id='block_1_71' title="bbox 2155 2829 3668 2905">
    <p class='ocr_par' dir='ltr' id='par_1_71' title="bbox 2155 2829 3668 2905">
     <span class='ocr_line' id='line_1_71' title="bbox 2155 2829 3668 2905; baseline -0.006 -17"><span class='ocrx_word' id='word_1_519' title='bbox 2155 2829 2288 2900; x_wconf 80' lang='grc' dir='ltr'>οἷον,</span> <span class='ocrx_word' id='word_1_520' title='bbox 2320 2836 2401 2889; x_wconf 84' lang='grc' dir='ltr'>ὅτι</span> <span class='ocrx_word' id='word_1_521' title='bbox 2432 2834 2507 2889; x_wconf 83' lang='grc' dir='ltr'><strong>Οὐ</strong></span> <span class='ocrx_word' id='word_1_522' title='bbox 2540 2834 2703 2905; x_wconf 81' lang='grc' dir='ltr'>σῶμα</span> <span class='ocrx_word' id='word_1_523' title='bbox 2738 2834 2987 2888; x_wconf 83' lang='grc' dir='ltr'>τοιοῦτον</span> <span class='ocrx_word' id='word_1_524' title='bbox 3018 2834 3085 2887; x_wconf 71' lang='grc' dir='ltr'>ἐκ</span> <span class='ocrx_word' id='word_1_525' title='bbox 3115 2832 3325 2905; x_wconf 77' lang='grc' dir='ltr'>σαρκὸς</span> <span class='ocrx_word' id='word_1_526' title='bbox 3378 2833 3466 2885; x_wconf 84' lang='grc' dir='ltr'>καὶ</span> <span class='ocrx_word' id='word_1_527' title='bbox 3498 2829 3668 2898; x_wconf 74' lang='grc' dir='ltr'>αἵματος</span> 
     </span>
    </p>
   </div>
   <div class='ocr_carea' id='block_1_72' title="bbox 2157 2921 3668 2997">
    <p class='ocr_par' dir='ltr' id='par_1_72' title="bbox 2157 2921 3668 2997">
     <span class='ocr_line' id='line_1_72' title="bbox 2157 2921 3668 2997; baseline -0.003 -16"><span class='ocrx_word' id='word_1_528' title='bbox 2157 2925 2450 2992; x_wconf 78' lang='grc' dir='ltr'>συνεστὼς.</span> <span class='ocrx_word' id='word_1_529' title='bbox 2484 2928 2544 2982; x_wconf 82' lang='grc' dir='ltr'><strong>έν</strong></span> <span class='ocrx_word' id='word_1_530' title='bbox 2570 2924 2650 2997; x_wconf 80' lang='grc' dir='ltr'>τῷ</span> <span class='ocrx_word' id='word_1_531' title='bbox 2684 2925 2938 2997; x_wconf 86' lang='grc' dir='ltr'>μέλλοντι</span> <span class='ocrx_word' id='word_1_532' title='bbox 2970 2925 3131 2979; x_wconf 84' lang='grc' dir='ltr'>αίῶνι</span> <span class='ocrx_word' id='word_1_533' title='bbox 3163 2923 3456 2978; x_wconf 79' lang='grc' dir='ltr'>ἀπολαύσει</span> <span class='ocrx_word' id='word_1_534' title='bbox 3493 2924 3573 2992; x_wconf 79' lang='grc' dir='ltr'>τῆς</span> <span class='ocrx_word' id='word_1_535' title='bbox 3602 2921 3668 2989; x_wconf 75' lang='grc' dir='ltr'><strong>βι-</strong></span> 
     </span>
    </p>
   </div>
   <div class='ocr_carea' id='block_1_73' title="bbox 2156 3003 3669 3089">
    <p class='ocr_par' dir='ltr' id='par_1_73' title="bbox 2156 3003 3669 3089">
     <span class='ocr_line' id='line_1_73' title="bbox 2156 3003 3669 3089; baseline -0.005 -17"><span class='ocrx_word' id='word_1_536' title='bbox 2156 3017 2381 3082; x_wconf 86' lang='grc' dir='ltr'>σιλείας.</span> <span class='ocrx_word' id='word_1_537' title='bbox 2421 3017 2538 3071; x_wconf 84' lang='grc' dir='ltr'>Οὐκ</span> <span class='ocrx_word' id='word_1_538' title='bbox 2582 3016 2700 3071; x_wconf 77' lang='grc' dir='ltr'>ἔστι</span> <span class='ocrx_word' id='word_1_539' title='bbox 2754 3015 2866 3089; x_wconf 82' lang='grc' dir='ltr'><strong>γὰρ</strong></span> <span class='ocrx_word' id='word_1_540' title='bbox 2900 3003 3043 3070; x_wconf 65' lang='grc' dir='ltr'>ἐκεί</span> <span class='ocrx_word' id='word_1_541' title='bbox 3080 3014 3292 3088; x_wconf 84' lang='grc' dir='ltr'>βρῶσις</span> <span class='ocrx_word' id='word_1_542' title='bbox 3319 3015 3411 3069; x_wconf 81' lang='grc' dir='ltr'>καὶ</span> <span class='ocrx_word' id='word_1_543' title='bbox 3456 3013 3601 3078; x_wconf 72' lang='grc' dir='ltr'>πόσις,</span> <span class='ocrx_word' id='word_1_544' title='bbox 3629 3009 3669 3074; x_wconf 73' lang='grc' dir='ltr'>ἐξ</span> 
     </span>
    </p>
   </div>
   <div class='ocr_carea' id='block_1_74' title="bbox 2153 3105 3667 3181">
    <p class='ocr_par' dir='ltr' id='par_1_74' title="bbox 2153 3105 3667 3181">
     <span class='ocr_line' id='line_1_74' title="bbox 2153 3105 3667 3181; baseline -0.005 -17"><span class='ocrx_word' id='word_1_545' title='bbox 2153 3106 2229 3165; x_wconf 80' lang='grc' dir='ltr'>ὧν</span> <span class='ocrx_word' id='word_1_546' title='bbox 2271 3111 2489 3174; x_wconf 87' lang='grc' dir='ltr'>πάντως</span> <span class='ocrx_word' id='word_1_547' title='bbox 2544 3109 2607 3164; x_wconf 82' lang='grc' dir='ltr'><strong>τὸ</strong></span> <span class='ocrx_word' id='word_1_548' title='bbox 2657 3108 2903 3163; x_wconf 80' lang='grc' dir='ltr'>τοιοῦτον</span> <span class='ocrx_word' id='word_1_549' title='bbox 2947 3107 3108 3179; x_wconf 82' lang='grc' dir='ltr'>σῶμα</span> <span class='ocrx_word' id='word_1_550' title='bbox 3161 3109 3435 3181; x_wconf 84' lang='grc' dir='ltr'>τρέφεται.</span> <span class='ocrx_word' id='word_1_551' title='bbox 3471 3126 3488 3160; x_wconf 79' lang='grc' dir='ltr'><strong>ι</strong></span> <span class='ocrx_word' id='word_1_552' title='bbox 3526 3105 3667 3171; x_wconf 73' lang='grc' dir='ltr'><strong>Οὐδὲή</strong></span> 
     </span>
    </p>
   </div>
   <div class='ocr_carea' id='block_1_75' title="bbox 2156 3196 3761 3283">
    <p class='ocr_par' dir='ltr' id='par_1_75' title="bbox 2156 3196 3761 3283">
     <span class='ocr_line' id='line_1_75' title="bbox 2156 3196 3761 3283; baseline -0.006 -28"><span class='ocrx_word' id='word_1_553' title='bbox 2156 3202 2359 3274; x_wconf 77' lang='grc' dir='ltr'>φθορὰ,</span> <span class='ocrx_word' id='word_1_554' title='bbox 2390 3220 2412 3256; x_wconf 81' lang='grc'>›</span> <span class='ocrx_word' id='word_1_555' title='bbox 2456 3202 2731 3266; x_wconf 80' lang='grc' dir='ltr'>τουτέστι,</span> <span class='ocrx_word' id='word_1_556' title='bbox 2764 3201 2830 3254; x_wconf 80' lang='grc' dir='ltr'><strong>τὸ</strong></span> <span class='ocrx_word' id='word_1_557' title='bbox 2860 3199 3107 3272; x_wconf 79' lang='grc' dir='ltr'>φθαρτὸν</span> <span class='ocrx_word' id='word_1_558' title='bbox 3124 3200 3314 3272; x_wconf 82' lang='grc' dir='ltr'>σῶμα,</span> <span class='ocrx_word' id='word_1_559' title='bbox 3341 3196 3667 3271; x_wconf 67' lang='grc' dir='ltr'>κληρονομήσει</span> 
     </span>
    </p>
   </div>
   <div class='ocr_carea' id='block_1_76' title="bbox 2156 3291 3670 3368">
    <p class='ocr_par' dir='ltr' id='par_1_76' title="bbox 2156 3291 3670 3368">
     <span class='ocr_line' id='line_1_76' title="bbox 2156 3291 3670 3368; baseline -0.006 -18"><span class='ocrx_word' id='word_1_560' title='bbox 2156 3296 2223 3350; x_wconf 82' lang='grc' dir='ltr'>τὰ</span> <span class='ocrx_word' id='word_1_561' title='bbox 2256 3295 2543 3368; x_wconf 75' lang='grc' dir='ltr'>ἄφθαρτα·</span> <span class='ocrx_word' id='word_1_562' title='bbox 2578 3293 2722 3348; x_wconf 82' lang='grc' dir='ltr'>ὥστε</span> <span class='ocrx_word' id='word_1_563' title='bbox 2752 3294 2969 3367; x_wconf 76' lang='grc' dir='ltr'>ἀνάγκη</span> <span class='ocrx_word' id='word_1_564' title='bbox 3017 3293 3394 3367; x_wconf 72' lang='grc' dir='ltr'>πνευματικὸν</span> <span class='ocrx_word' id='word_1_565' title='bbox 3421 3292 3556 3362; x_wconf 75' lang='grc' dir='ltr'>ἡμῶν</span> <span class='ocrx_word' id='word_1_566' title='bbox 3577 3291 3670 3342; x_wconf 73' lang='grc' dir='ltr'>ἔσει·</span> 
     </span>
    </p>
   </div>
   <div class='ocr_carea' id='block_1_77' title="bbox 2159 3382 3671 3461">
    <p class='ocr_par' dir='ltr' id='par_1_77' title="bbox 2159 3382 3671 3461">
     <span class='ocr_line' id='line_1_77' title="bbox 2159 3382 3671 3461; baseline -0.005 -16"><span class='ocrx_word' id='word_1_567' title='bbox 2159 3389 2284 3445; x_wconf 84' lang='grc' dir='ltr'>σθαι</span> <span class='ocrx_word' id='word_1_568' title='bbox 2304 3390 2364 3443; x_wconf 83' lang='grc' dir='ltr'><strong>τὸ</strong></span> <span class='ocrx_word' id='word_1_569' title='bbox 2402 3388 2561 3459; x_wconf 84' lang='grc' dir='ltr'>σῶμα</span> <span class='ocrx_word' id='word_1_570' title='bbox 2579 3388 2676 3444; x_wconf 77' lang='grc' dir='ltr'>καὶ</span> <span class='ocrx_word' id='word_1_571' title='bbox 2699 3389 3001 3460; x_wconf 79' lang='grc' dir='ltr'>ἄφθαρτον.</span> <span class='ocrx_word' id='word_1_572' title='bbox 3036 3388 3182 3443; x_wconf 84' lang='grc' dir='ltr'>ἰσθι</span> <span class='ocrx_word' id='word_1_573' title='bbox 3218 3389 3402 3461; x_wconf 85' lang='grc' dir='ltr'>μέντοι</span> <span class='ocrx_word' id='word_1_574' title='bbox 3424 3386 3491 3447; x_wconf 79' lang='grc' dir='ltr'>ὡς</span> <span class='ocrx_word' id='word_1_575' title='bbox 3515 3382 3671 3455; x_wconf 62' lang='grc' dir='ltr'>Χρυσί·</span> 
     </span>
    </p>
   </div>
   <div class='ocr_carea' id='block_1_78' title="bbox 2158 3477 3671 3555">
    <p class='ocr_par' dir='ltr' id='par_1_78' title="bbox 2158 3477 3671 3555">
     <span class='ocr_line' id='line_1_78' title="bbox 2158 3477 3671 3555; baseline -0.005 -18"><span class='ocrx_word' id='word_1_576' title='bbox 2158 3499 2356 3554; x_wconf 83' lang='grc' dir='ltr'>στομος</span> <span class='ocrx_word' id='word_1_577' title='bbox 2390 3481 2798 3555; x_wconf 84' lang='grc' dir='ltr'>παραινετικῶς</span> <span class='ocrx_word' id='word_1_578' title='bbox 2829 3481 3004 3538; x_wconf 83' lang='grc' dir='ltr'>ταῦτα</span> <span class='ocrx_word' id='word_1_579' title='bbox 3037 3481 3300 3554; x_wconf 76' lang='grc' dir='ltr'>εἰρῆσθαι</span> <span class='ocrx_word' id='word_1_580' title='bbox 3321 3480 3398 3554; x_wconf 81' lang='grc' dir='ltr'>τῷ</span> <span class='ocrx_word' id='word_1_581' title='bbox 3430 3477 3671 3545; x_wconf 79' lang='grc' dir='ltr'>’Δποστόλῳ</span> 
     </span>
    </p>
   </div>
   <div class='ocr_carea' id='block_1_79' title="bbox 2155 3573 2969 3647">
    <p class='ocr_par' dir='ltr' id='par_1_79' title="bbox 2155 3573 2969 3647">
     <span class='ocr_line' id='line_1_79' title="bbox 2155 3573 2969 3647; baseline -0.001 -17"><span class='ocrx_word' id='word_1_582' title='bbox 2155 3576 2286 3646; x_wconf 81' lang='grc' dir='ltr'>περὶ</span> <span class='ocrx_word' id='word_1_583' title='bbox 2315 3576 2433 3647; x_wconf 78' lang='grc' dir='ltr'>βίον</span> <span class='ocrx_word' id='word_1_584' title='bbox 2464 3576 2690 3647; x_wconf 83' lang='grc' dir='ltr'>ἀρίστου</span> <span class='ocrx_word' id='word_1_585' title='bbox 2726 3573 2969 3641; x_wconf 76' lang='grc' dir='ltr'>ἐδέξατο.</span> 
     </span>
    </p>
   </div>
   <div class='ocr_carea' id='block_1_80' title="bbox 2230 3662 3761 3743">
    <p class='ocr_par' dir='ltr' id='par_1_80' title="bbox 2230 3662 3761 3743">
     <span class='ocr_line' id='line_1_80' title="bbox 2230 3662 3761 3743; baseline -0.001 -21"><span class='ocrx_word' id='word_1_586' title='bbox 2230 3687 2249 3722; x_wconf 81' lang='grc' dir='ltr'><strong>ι</strong></span> <span class='ocrx_word' id='word_1_587' title='bbox 2299 3669 2428 3724; x_wconf 77' lang='grc' dir='ltr'>Ἰδοὺ</span> <span class='ocrx_word' id='word_1_588' title='bbox 2492 3670 2799 3743; x_wconf 83' lang='grc' dir='ltr'>μυστήριον</span> <span class='ocrx_word' id='word_1_589' title='bbox 2854 3670 2985 3735; x_wconf 80' lang='grc' dir='ltr'>ὑμῖν</span> <span class='ocrx_word' id='word_1_590' title='bbox 3026 3668 3195 3739; x_wconf 85' lang='grc' dir='ltr'>λέγω.</span> <span class='ocrx_word' id='word_1_591' title='bbox 3238 3688 3259 3723; x_wconf 72' lang='grc' dir='ltr'><strong>ι</strong></span> <span class='ocrx_word' id='word_1_592' title='bbox 3308 3667 3470 3723; x_wconf 85' lang='grc' dir='ltr'>Πάλιν</span> <span class='ocrx_word' id='word_1_593' title='bbox 3510 3667 3575 3730; x_wconf 78' lang='grc' dir='ltr'>εἰς</span> <span class='ocrx_word' id='word_1_594' title='bbox 3605 3662 3669 3715; x_wconf 72' lang='grc' dir='ltr'><strong>τὸν</strong></span> 
     </span>
    </p>
   </div>
   <div class='ocr_carea' id='block_1_81' title="bbox 2156 3757 3761 3849">
    <p class='ocr_par' dir='ltr' id='par_1_81' title="bbox 2156 3757 3761 3849">
     <span class='ocr_line' id='line_1_81' title="bbox 2156 3757 3761 3849; baseline -0.007 -29"><span class='ocrx_word' id='word_1_595' title='bbox 2156 3765 2286 3837; x_wconf 76' lang='grc' dir='ltr'>περὶ</span> <span class='ocrx_word' id='word_1_596' title='bbox 2342 3766 2697 3829; x_wconf 83' lang='grc' dir='ltr'>ἀναστάσεως</span> <span class='ocrx_word' id='word_1_597' title='bbox 2743 3765 2904 3835; x_wconf 84' lang='grc' dir='ltr'>λόγον</span> <span class='ocrx_word' id='word_1_598' title='bbox 2941 3764 3218 3830; x_wconf 70' lang='grc' dir='ltr'>ἐπάνεισι,</span> <span class='ocrx_word' id='word_1_599' title='bbox 3274 3763 3369 3818; x_wconf 88' lang='grc' dir='ltr'><strong>καί</strong></span> <span class='ocrx_word' id='word_1_600' title='bbox 3408 3778 3571 3834; x_wconf 82' lang='grc' dir='ltr'>φησιν,</span> <span class='ocrx_word' id='word_1_601' title='bbox 3614 3757 3670 3811; x_wconf 82' lang='grc' dir='ltr'>ὅτι</span> 
     </span>
    </p>
   </div>
   <div class='ocr_carea' id='block_1_82' title="bbox 2154 3849 3761 3928">
    <p class='ocr_par' dir='ltr' id='par_1_82' title="bbox 2154 3849 3761 3928">
     <span class='ocr_line' id='line_1_82' title="bbox 2154 3849 3761 3928; baseline -0.006 -19"><span class='ocrx_word' id='word_1_602' title='bbox 2154 3856 2384 3927; x_wconf 82' lang='grc' dir='ltr'>φρικτόν</span> <span class='ocrx_word' id='word_1_603' title='bbox 2408 3855 2458 3888; x_wconf 71' lang='grc'><strong>⁸⁵</strong></span> <span class='ocrx_word' id='word_1_604' title='bbox 2489 3872 2543 3910; x_wconf 90' lang='grc' dir='ltr'><strong>τι</strong></span> <span class='ocrx_word' id='word_1_605' title='bbox 2586 3856 2683 3912; x_wconf 82' lang='grc' dir='ltr'><strong>καὶ</strong></span> <span class='ocrx_word' id='word_1_606' title='bbox 2727 3855 3044 3928; x_wconf 77' lang='grc' dir='ltr'>ἀπόρρητον</span> <span class='ocrx_word' id='word_1_607' title='bbox 3072 3854 3263 3917; x_wconf 78' lang='grc' dir='ltr'>αὐτοῖς</span> <span class='ocrx_word' id='word_1_608' title='bbox 3301 3851 3476 3924; x_wconf 83' lang='grc' dir='ltr'>μέλλει</span> <span class='ocrx_word' id='word_1_609' title='bbox 3522 3849 3667 3914; x_wconf 79' lang='grc' dir='ltr'>λέγειν.</span> <span class='ocrx_word' id='word_1_610' title='bbox 3760 3864 3761 3928; x_wconf 50' lang='lat'>1</span> 
     </span>
    </p>
   </div>
   <div class='ocr_carea' id='block_1_83' title="bbox 2165 3936 3671 4016">
    <p class='ocr_par' dir='ltr' id='par_1_83' title="bbox 2165 3936 3671 4016">
     <span class='ocr_line' id='line_1_83' title="bbox 2165 3936 3671 4016; baseline -0.009 -14"><span class='ocrx_word' id='word_1_611' title='bbox 2165 3939 2536 4003; x_wconf 81' lang='grc' dir='ltr'>Ἐνδείκνυται</span> <span class='ocrx_word' id='word_1_612' title='bbox 2574 3948 2633 4002; x_wconf 83' lang='grc' dir='ltr'><strong>δὲ</strong></span> <span class='ocrx_word' id='word_1_613' title='bbox 2686 3946 2779 4002; x_wconf 80' lang='grc' dir='ltr'><strong>διὰ</strong></span> <span class='ocrx_word' id='word_1_614' title='bbox 2824 3946 3017 4002; x_wconf 82' lang='grc' dir='ltr'>τούτου</span> <span class='ocrx_word' id='word_1_615' title='bbox 3055 3946 3153 4000; x_wconf 70' lang='grc' dir='ltr'><strong>καὶ</strong></span> <span class='ocrx_word' id='word_1_616' title='bbox 3181 3944 3384 4016; x_wconf 76' lang='grc' dir='ltr'>πολλὴν</span> <span class='ocrx_word' id='word_1_617' title='bbox 3407 3941 3497 4016; x_wconf 82' lang='grc' dir='ltr'>τὴν</span> <span class='ocrx_word' id='word_1_618' title='bbox 3524 3942 3587 4003; x_wconf 80' lang='grc' dir='ltr'>εἰς</span> <span class='ocrx_word' id='word_1_619' title='bbox 3608 3936 3671 3989; x_wconf 71' lang='lat' dir='ltr'><strong>ati-</strong></span> 
     </span>
    </p>
   </div>
   <div class='ocr_carea' id='block_1_84' title="bbox 2150 4035 3480 4111">
    <p class='ocr_par' dir='ltr' id='par_1_84' title="bbox 2150 4035 3480 4111">
     <span class='ocr_line' id='line_1_84' title="bbox 2150 4035 3480 4111; baseline -0.005 -17"><span class='ocrx_word' id='word_1_620' title='bbox 2150 4040 2280 4105; x_wconf 76' lang='grc' dir='ltr'>τοὺς</span> <span class='ocrx_word' id='word_1_621' title='bbox 2306 4038 2495 4111; x_wconf 82' lang='grc' dir='ltr'>τιμὴν,</span> <span class='ocrx_word' id='word_1_622' title='bbox 2527 4037 2604 4104; x_wconf 76' lang='grc' dir='ltr'>ὡς</span> <span class='ocrx_word' id='word_1_623' title='bbox 2628 4038 2698 4092; x_wconf 80' lang='grc' dir='ltr'>τὰ</span> <span class='ocrx_word' id='word_1_624' title='bbox 2729 4038 3021 4109; x_wconf 79' lang='grc' dir='ltr'>ἀπόρρητα</span> <span class='ocrx_word' id='word_1_625' title='bbox 3058 4036 3270 4100; x_wconf 33' lang='grc' dir='ltr'>αὐτοῖς,</span> <span class='ocrx_word' id='word_1_626' title='bbox 3291 4035 3480 4103; x_wconf 75' lang='grc' dir='ltr'>λέγων.</span> 
     </span>
    </p>
   </div>
   <div class='ocr_carea' id='block_1_85' title="bbox 2229 4117 3668 4203">
    <p class='ocr_par' dir='ltr' id='par_1_85' title="bbox 2229 4117 3668 4203">
     <span class='ocr_line' id='line_1_85' title="bbox 2229 4117 3668 4203; baseline -0.013 -16"><span class='ocrx_word' id='word_1_627' title='bbox 2229 4152 2249 4187; x_wconf 75' lang='grc' dir='ltr'><strong>ι</strong></span> <span class='ocrx_word' id='word_1_628' title='bbox 2286 4132 2494 4197; x_wconf 83' lang='grc' dir='ltr'>Πάντες</span> <span class='ocrx_word' id='word_1_629' title='bbox 2525 4131 2622 4203; x_wconf 78' lang='grc' dir='ltr'><strong>μὲν</strong></span> <span class='ocrx_word' id='word_1_630' title='bbox 2655 4130 2715 4184; x_wconf 84' lang='grc' dir='ltr'><strong>οὐ</strong></span> <span class='ocrx_word' id='word_1_631' title='bbox 2751 4126 3239 4201; x_wconf 79' lang='grc' dir='ltr'>κοιμηθησόμεθα,</span> <span class='ocrx_word' id='word_1_632' title='bbox 3275 4125 3467 4187; x_wconf 84' lang='grc' dir='ltr'>πάντες</span> <span class='ocrx_word' id='word_1_633' title='bbox 3494 4117 3668 4175; x_wconf 67' lang='lat' dir='ltr'><strong>statu-</strong></span> 
     </span>
    </p>
   </div>
   <div class='ocr_carea' id='block_1_86' title="bbox 2150 4211 3761 4299">
    <p class='ocr_par' dir='ltr' id='par_1_86' title="bbox 2150 4211 3761 4299">
     <span class='ocr_line' id='line_1_86' title="bbox 2150 4211 3761 4299; baseline -0.019 -9"><span class='ocrx_word' id='word_1_634' title='bbox 2150 4223 2458 4299; x_wconf 81' lang='grc' dir='ltr'>γησόμεθα.</span> <span class='ocrx_word' id='word_1_635' title='bbox 2511 4241 2530 4275; x_wconf 71' lang='grc' dir='ltr'>ι</span> <span class='ocrx_word' id='word_1_636' title='bbox 2566 4222 2641 4275; x_wconf 77' lang='grc' dir='ltr'><strong>Οὐ</strong></span> <span class='ocrx_word' id='word_1_637' title='bbox 2671 4222 2872 4284; x_wconf 76' lang='grc' dir='ltr'>πάντες</span> <span class='ocrx_word' id='word_1_638' title='bbox 2920 4220 3042 4292; x_wconf 80' lang='grc' dir='ltr'>μὲν,</span> <span class='ocrx_word' id='word_1_639' title='bbox 3090 4219 3285 4288; x_wconf 75' lang='grc' dir='ltr'>φησιν,</span> <span class='ocrx_word' id='word_1_640' title='bbox 3319 4211 3671 4272; x_wconf 61' lang='grc' dir='ltr'>ἀποθανοῦνται,</span> <span class='ocrx_word' id='word_1_641' title='bbox 3760 4252 3761 4299; x_wconf 33' lang='lat'>1</span> 
     </span>
    </p>
   </div>
   <div class='ocr_carea' id='block_1_87' title="bbox 2150 4300 3672 4387">
    <p class='ocr_par' dir='ltr' id='par_1_87' title="bbox 2150 4300 3672 4387">
     <span class='ocr_line' id='line_1_87' title="bbox 2150 4300 3672 4387; baseline -0.014 -16"><span class='ocrx_word' id='word_1_642' title='bbox 2150 4318 2300 4386; x_wconf 78' lang='grc' dir='ltr'>ὅμως</span> <span class='ocrx_word' id='word_1_643' title='bbox 2331 4314 2517 4387; x_wconf 82' lang='grc' dir='ltr'>μέντοι</span> <span class='ocrx_word' id='word_1_644' title='bbox 2550 4314 2757 4376; x_wconf 82' lang='grc' dir='ltr'>πάντες</span> <span class='ocrx_word' id='word_1_645' title='bbox 2798 4310 3228 4382; x_wconf 78' lang='grc' dir='ltr'>ἀλλαγήσονται,</span> <span class='ocrx_word' id='word_1_646' title='bbox 3268 4307 3363 4361; x_wconf 75' lang='grc' dir='ltr'>καὶ</span> <span class='ocrx_word' id='word_1_647' title='bbox 3390 4306 3441 4359; x_wconf 75' lang='grc' dir='ltr'>οἱ</span> <span class='ocrx_word' id='word_1_648' title='bbox 3468 4301 3537 4374; x_wconf 82' lang='grc' dir='ltr'><strong>μὴ</strong></span> <span class='ocrx_word' id='word_1_649' title='bbox 3573 4300 3672 4353; x_wconf 66' lang='lat' dir='ltr'><strong>dxe-</strong></span> 
     </span>
    </p>
   </div>
   <div class='ocr_carea' id='block_1_88' title="bbox 2151 4391 3672 4480">
    <p class='ocr_par' dir='ltr' id='par_1_88' title="bbox 2151 4391 3672 4480">
     <span class='ocr_line' id='line_1_88' title="bbox 2151 4391 3672 4480; baseline -0.014 -17"><span class='ocrx_word' id='word_1_650' title='bbox 2151 4409 2499 4480; x_wconf 84' lang='grc' dir='ltr'>θνήσκοντες,</span> <span class='ocrx_word' id='word_1_651' title='bbox 2517 4404 2819 4471; x_wconf 81' lang='grc' dir='ltr'>τουτέστιν,</span> <span class='ocrx_word' id='word_1_652' title='bbox 2839 4403 2918 4466; x_wconf 80' lang='grc' dir='ltr'><strong>είς</strong></span> <span class='ocrx_word' id='word_1_653' title='bbox 2945 4400 3267 4472; x_wconf 75' lang='grc' dir='ltr'>ἀφθαρσίαν</span> <span class='ocrx_word' id='word_1_654' title='bbox 3281 4391 3672 4480; x_wconf 73' lang='grc' dir='ltr'>μεταπεσοῦνται.</span> 
     </span>
    </p>
   </div>
   <div class='ocr_carea' id='block_1_89' title="bbox 2150 4479 3761 4572">
    <p class='ocr_par' dir='ltr' id='par_1_89' title="bbox 2150 4479 3761 4572">
     <span class='ocr_line' id='line_1_89' title="bbox 2150 4479 3761 4572; baseline -0.012 -16"><span class='ocrx_word' id='word_1_655' title='bbox 2150 4479 2245 4572; x_wconf 75' lang='grc' dir='ltr'><strong>Μή</strong></span> <span class='ocrx_word' id='word_1_656' title='bbox 2271 4501 2475 4567; x_wconf 81' lang='grc' dir='ltr'>τοίνυν,</span> <span class='ocrx_word' id='word_1_657' title='bbox 2514 4497 2704 4568; x_wconf 80' lang='grc' dir='ltr'>ἐπειδὴ</span> <span class='ocrx_word' id='word_1_658' title='bbox 2757 4494 3153 4566; x_wconf 75' lang='grc' dir='ltr'>ἀποθνήσκεις,</span> <span class='ocrx_word' id='word_1_659' title='bbox 3195 4490 3442 4563; x_wconf 75' lang='grc' dir='ltr'>φοϐηθῇς</span> <span class='ocrx_word' id='word_1_660' title='bbox 3482 4488 3554 4540; x_wconf 83' lang='grc' dir='ltr'>ὅτι</span> <span class='ocrx_word' id='word_1_661' title='bbox 3601 4479 3672 4534; x_wconf 73' lang='grc' dir='ltr'>οὐκ</span> <span class='ocrx_word' id='word_1_662' title='bbox 3760 4479 3761 4537; x_wconf 62' lang='lat'>1</span> 
     </span>
    </p>
   </div>
   <div class='ocr_carea' id='block_1_90' title="bbox 462 4568 2030 4670">
    <p class='ocr_par' dir='ltr' id='par_1_90' title="bbox 462 4568 2030 4653">
     <span class='ocr_line' id='line_1_90' title="bbox 462 4568 2030 4653; baseline 0.001 -22"><span class='ocrx_word' id='word_1_663' title='bbox 462 4594 568 4631; x_wconf 86' lang='lat' dir='ltr'><strong>non</strong></span> <span class='ocrx_word' id='word_1_664' title='bbox 608 4591 882 4647; x_wconf 79' lang='lat' dir='ltr'><strong>resurgas.</strong></span> <span class='ocrx_word' id='word_1_665' title='bbox 916 4576 1055 4632; x_wconf 88' lang='lat' dir='ltr'><strong>Ecce</strong></span> <span class='ocrx_word' id='word_1_666' title='bbox 1070 4574 1222 4633; x_wconf 83' lang='lat' dir='ltr'><strong>enim</strong></span> <span class='ocrx_word' id='word_1_667' title='bbox 1256 4576 1379 4633; x_wconf 92' lang='lat' dir='ltr'><strong>dico</strong></span> <span class='ocrx_word' id='word_1_668' title='bbox 1405 4568 1714 4653; x_wconf 58' lang='lat' dir='ltr'><strong>230nm,</strong></span> <span class='ocrx_word' id='word_1_669' title='bbox 1735 4578 1878 4648; x_wconf 83' lang='lat' dir='ltr'><strong>quod</strong></span> <span class='ocrx_word' id='word_1_670' title='bbox 1912 4593 2030 4632; x_wconf 84' lang='lat' dir='ltr'><strong>non-</strong></span> 
     </span>
    </p>
   </div>
   <div class='ocr_carea' id='block_1_91' title="bbox 2166 4568 3761 4670">
    <p class='ocr_par' dir='ltr' id='par_1_91' title="bbox 2166 4568 3761 4670">
     <span class='ocr_line' id='line_1_91' title="bbox 2166 4568 3761 4670; baseline -0.008 -24"><span class='ocrx_word' id='word_1_671' title='bbox 2166 4568 2456 4664; x_wconf 65' lang='grc' dir='ltr'>ἱναστήσῃ.</span> <span class='ocrx_word' id='word_1_672' title='bbox 2517 4590 2654 4644; x_wconf 78' lang='grc' dir='ltr'>Ἰδοὺ</span> <span class='ocrx_word' id='word_1_673' title='bbox 2681 4588 2790 4658; x_wconf 79' lang='grc' dir='ltr'><strong>γὰρ</strong></span> <span class='ocrx_word' id='word_1_674' title='bbox 2815 4585 2960 4656; x_wconf 81' lang='grc' dir='ltr'>λέγω</span> <span class='ocrx_word' id='word_1_675' title='bbox 2994 4603 3102 4649; x_wconf 85' lang='grc' dir='ltr'>σοι,</span> <span class='ocrx_word' id='word_1_676' title='bbox 3137 4586 3222 4639; x_wconf 83' lang='grc' dir='ltr'>ὅτι</span> <span class='ocrx_word' id='word_1_677' title='bbox 3274 4583 3418 4646; x_wconf 83' lang='grc' dir='ltr'>τινὲς</span> <span class='ocrx_word' id='word_1_678' title='bbox 3442 4580 3498 4633; x_wconf 76' lang='grc' dir='ltr'>οὐ</span> 
     </span>
    </p>
   </div>
   <div class='ocr_carea' id='block_1_92' title="bbox 461 4662 2030 4752">
    <p class='ocr_par' dir='ltr' id='par_1_92' title="bbox 461 4663 2030 4735">
     <span class='ocr_line' id='line_1_92' title="bbox 461 4663 2030 4735; baseline 0.001 -12"><span class='ocrx_word' id='word_1_679' title='bbox 461 4667 594 4729; x_wconf 83' lang='lat' dir='ltr'><strong>nulli</strong></span> <span class='ocrx_word' id='word_1_680' title='bbox 621 4683 727 4723; x_wconf 89' lang='lat' dir='ltr'><strong>non</strong></span> <span class='ocrx_word' id='word_1_681' title='bbox 760 4666 1081 4735; x_wconf 86' lang='lat' dir='ltr'><strong>morientur,</strong></span> <span class='ocrx_word' id='word_1_682' title='bbox 1117 4666 1497 4723; x_wconf 74' lang='lat' dir='ltr'><strong>attamen&#39;hoc</strong></span> <span class='ocrx_word' id='word_1_683' title='bbox 1530 4684 1635 4724; x_wconf 91' lang='lat' dir='ltr'><strong>non</strong></span> <span class='ocrx_word' id='word_1_684' title='bbox 1670 4670 1802 4725; x_wconf 88' lang='lat' dir='ltr'><strong>satis</strong></span> <span class='ocrx_word' id='word_1_685' title='bbox 1832 4678 1918 4725; x_wconf 88' lang='lat' dir='ltr'><strong>est</strong></span> <span class='ocrx_word' id='word_1_686' title='bbox 1965 4663 2030 4725; x_wconf 72' lang='lat' dir='ltr'><strong>ei:</strong></span> 
     </span>
    </p>
   </div>
   <div class='ocr_carea' id='block_1_93' title="bbox 2166 4662 3761 4752">
    <p class='ocr_par' dir='ltr' id='par_1_93' title="bbox 2166 4662 3761 4752">
     <span class='ocr_line' id='line_1_93' title="bbox 2166 4662 3761 4752; baseline -0.011 -13"><span class='ocrx_word' id='word_1_687' title='bbox 2166 4662 2359 4751; x_wconf 73' lang='grc' dir='ltr'>Ξονται,</span> <span class='ocrx_word' id='word_1_688' title='bbox 2393 4662 2488 4738; x_wconf 73' lang='grc' dir='ltr'>καὶ</span> <span class='ocrx_word' id='word_1_689' title='bbox 2518 4683 2667 4752; x_wconf 81' lang='grc' dir='ltr'>ὅμως</span> <span class='ocrx_word' id='word_1_690' title='bbox 2697 4680 2801 4734; x_wconf 86' lang='grc' dir='ltr'><strong>οὐκ</strong></span> <span class='ocrx_word' id='word_1_691' title='bbox 2853 4679 3016 4752; x_wconf 80' lang='grc' dir='ltr'>ἀρκεῖ</span> <span class='ocrx_word' id='word_1_692' title='bbox 3054 4677 3241 4739; x_wconf 68' lang='grc' dir='ltr'>αὐτοῖς</span> <span class='ocrx_word' id='word_1_693' title='bbox 3286 4673 3442 4728; x_wconf 81' lang='grc' dir='ltr'>τοῦτο</span> <span class='ocrx_word' id='word_1_694' title='bbox 3472 4668 3586 4737; x_wconf 71' lang='grc' dir='ltr'>πρὸς</span> <span class='ocrx_word' id='word_1_695' title='bbox 3604 4662 3674 4731; x_wconf 68' lang='grc' dir='ltr'><strong>τὴν</strong></span> 
     </span>
    </p>
   </div>
   <div class='ocr_carea' id='block_1_94' title="bbox 462 4757 2030 4848">
    <p class='ocr_par' dir='ltr' id='par_1_94' title="bbox 462 4761 2030 4827">
     <span class='ocr_line' id='line_1_94' title="bbox 462 4761 2030 4827; baseline 0.003 -16"><span class='ocrx_word' id='word_1_696' title='bbox 462 4762 529 4814; x_wconf 81' lang='lat' dir='ltr'><strong>ad</strong></span> <span class='ocrx_word' id='word_1_697' title='bbox 572 4761 1030 4816; x_wconf 85' lang='lat' dir='ltr'><strong>resurrectionem</strong></span> <span class='ocrx_word' id='word_1_698' title='bbox 1082 4761 1250 4827; x_wconf 85' lang='lat' dir='ltr'><strong>illam,</strong></span> <span class='ocrx_word' id='word_1_699' title='bbox 1312 4762 1413 4816; x_wconf 83' lang='lat' dir='ltr'><strong>nisi</strong></span> <span class='ocrx_word' id='word_1_700' title='bbox 1460 4762 1819 4817; x_wconf 88' lang='lat' dir='ltr'><strong>immutentur</strong></span> <span class='ocrx_word' id='word_1_701' title='bbox 1857 4762 2030 4816; x_wconf 54' lang='lat' dir='ltr'><strong>etiam.</strong></span> 
     </span>
    </p>
   </div>
   <div class='ocr_carea' id='block_1_95' title="bbox 2166 4757 3761 4848">
    <p class='ocr_par' dir='ltr' id='par_1_95' title="bbox 2166 4757 3761 4848">
     <span class='ocr_line' id='line_1_95' title="bbox 2166 4757 3761 4848; baseline -0.013 -17"><span class='ocrx_word' id='word_1_702' title='bbox 2166 4779 2447 4833; x_wconf 88' lang='grc' dir='ltr'>ινάστασιν</span> <span class='ocrx_word' id='word_1_703' title='bbox 2475 4775 2716 4848; x_wconf 71' lang='grc' dir='ltr'>ἑκείνην,</span> <span class='ocrx_word' id='word_1_704' title='bbox 2756 4772 2856 4826; x_wconf 77' lang='grc' dir='ltr'><strong>ἐὰν</strong></span> <span class='ocrx_word' id='word_1_705' title='bbox 2888 4770 2965 4843; x_wconf 81' lang='grc' dir='ltr'><strong>μὴ</strong></span> <span class='ocrx_word' id='word_1_706' title='bbox 2995 4768 3302 4837; x_wconf 83' lang='grc' dir='ltr'>ἀλλαγῶσι,</span> <span class='ocrx_word' id='word_1_707' title='bbox 3336 4766 3430 4820; x_wconf 72' lang='grc' dir='ltr'>καὶ</span> <span class='ocrx_word' id='word_1_708' title='bbox 3449 4762 3597 4821; x_wconf 77' lang='grc' dir='ltr'>οὕτως</span> <span class='ocrx_word' id='word_1_709' title='bbox 3620 4757 3674 4848; x_wconf 50' lang='grc' dir='ltr'><strong>εἰς</strong></span> 
     </span>
    </p>
   </div>
   <div class='ocr_carea' id='block_1_96' title="bbox 460 4841 2030 4935">
    <p class='ocr_par' dir='ltr' id='par_1_96' title="bbox 460 4851 2030 4908">
     <span class='ocr_line' id='line_1_96' title="bbox 460 4851 2030 4908; baseline -0.003 0"><span class='ocrx_word' id='word_1_710' title='bbox 460 4861 516 4908; x_wconf 85' lang='lat' dir='ltr'><strong>et</strong></span> <span class='ocrx_word' id='word_1_711' title='bbox 547 4852 625 4907; x_wconf 83' lang='lat' dir='ltr'><strong>sic</strong></span> <span class='ocrx_word' id='word_1_712' title='bbox 664 4852 730 4905; x_wconf 81' lang='lat' dir='ltr'><strong>ad</strong></span> <span class='ocrx_word' id='word_1_713' title='bbox 752 4852 1214 4908; x_wconf 87' lang='lat' dir='ltr'><strong>immortalitatem</strong></span> <span class='ocrx_word' id='word_1_714' title='bbox 1242 4852 1464 4908; x_wconf 82' lang='lat' dir='ltr'><strong>veniant</strong></span> <span class='ocrx_word' id='word_1_715' title='bbox 1509 4869 1538 4907; x_wconf 91' lang='lat' dir='ltr'><strong>a</strong></span> <span class='ocrx_word' id='word_1_716' title='bbox 1594 4851 1923 4908; x_wconf 90' lang='lat' dir='ltr'><strong>mortalitate</strong></span> <span class='ocrx_word' id='word_1_717' title='bbox 1954 4851 2030 4906; x_wconf 67' lang='lat' dir='ltr'><strong>in:</strong></span> 
     </span>
    </p>
   </div>
   <div class='ocr_carea' id='block_1_97' title="bbox 2166 4841 3674 4935">
    <p class='ocr_par' dir='ltr' id='par_1_97' title="bbox 2166 4841 3674 4935">
     <span class='ocr_line' id='line_1_97' title="bbox 2166 4841 3674 4935; baseline -0.017 -8"><span class='ocrx_word' id='word_1_718' title='bbox 2166 4871 2447 4927; x_wconf 85' lang='grc' dir='ltr'>ιθανασίαν</span> <span class='ocrx_word' id='word_1_719' title='bbox 2485 4841 2716 4922; x_wconf 75' lang='grc' dir='ltr'>ἔλθωσιν</span> <span class='ocrx_word' id='word_1_720' title='bbox 2766 4841 3010 4935; x_wconf 23' lang='grc' dir='ltr'>ἀπδντῆς</span> <span class='ocrx_word' id='word_1_721' title='bbox 3044 4862 3374 4935; x_wconf 82' lang='grc' dir='ltr'>θνητότητος</span> <span class='ocrx_word' id='word_1_722' title='bbox 3401 4856 3584 4923; x_wconf 79' lang='grc' dir='ltr'>ταύτης</span> <span class='ocrx_word' id='word_1_723' title='bbox 3622 4841 3674 4900; x_wconf 74' lang='grc' dir='ltr'>ὧν</span> 
     </span>
    </p>
   </div>
   <div class='ocr_carea' id='block_1_98' title="bbox 461 4938 2030 5038">
    <p class='ocr_par' dir='ltr' id='par_1_98' title="bbox 461 4942 2030 5029">
     <span class='ocr_line' id='line_1_98' title="bbox 461 4942 2030 5029; baseline -0.003 -32"><span class='ocrx_word' id='word_1_724' title='bbox 461 4958 627 5015; x_wconf 86' lang='lat' dir='ltr'><strong>quam</strong></span> <span class='ocrx_word' id='word_1_725' title='bbox 667 4943 887 5010; x_wconf 86' lang='lat' dir='ltr'><strong>habent,</strong></span> <span class='ocrx_word' id='word_1_726' title='bbox 943 4957 1254 5013; x_wconf 89' lang='lat' dir='ltr'><strong>corporum.</strong></span> <span class='ocrx_word' id='word_1_727' title='bbox 1284 4942 1355 4999; x_wconf 85' lang='lat' dir='ltr'><strong>Ut</strong></span> <span class='ocrx_word' id='word_1_728' title='bbox 1391 4943 1562 5016; x_wconf 82' lang='lat' dir='ltr'><strong>igitur</strong></span> <span class='ocrx_word' id='word_1_729' title='bbox 1609 4944 1859 5029; x_wconf 83' lang='lat' dir='ltr'><strong>illos&#39;nou</strong></span> <span class='ocrx_word' id='word_1_730' title='bbox 1888 4942 2030 5014; x_wconf 58' lang='lat' dir='ltr'><strong>juvat</strong></span> 
     </span>
    </p>
   </div>
   <div class='ocr_carea' id='block_1_99' title="bbox 2166 4938 3675 5038">
    <p class='ocr_par' dir='ltr' id='par_1_99' title="bbox 2166 4938 3675 5038">
     <span class='ocr_line' id='line_1_99' title="bbox 2166 4938 3675 5038; baseline -0.008 -21"><span class='ocrx_word' id='word_1_731' title='bbox 2166 4968 2329 5038; x_wconf 62' lang='grc' dir='ltr'>ἐχουσι</span> <span class='ocrx_word' id='word_1_732' title='bbox 2362 4961 2655 5033; x_wconf 84' lang='grc' dir='ltr'>σωμάτων.</span> <span class='ocrx_word' id='word_1_733' title='bbox 2681 4959 2898 5029; x_wconf 80' lang='grc' dir='ltr'>Ὠσπερ</span> <span class='ocrx_word' id='word_1_734' title='bbox 2926 4954 3022 5010; x_wconf 75' lang='grc' dir='ltr'><strong>οὖν</strong></span> <span class='ocrx_word' id='word_1_735' title='bbox 3046 4955 3149 5009; x_wconf 85' lang='grc' dir='ltr'><strong>οὐκ</strong></span> <span class='ocrx_word' id='word_1_736' title='bbox 3174 4953 3380 5025; x_wconf 82' lang='grc' dir='ltr'>ὠφελεῖ</span> <span class='ocrx_word' id='word_1_737' title='bbox 3405 4938 3675 5038; x_wconf 49' lang='grc' dir='ltr'>ἐκείνους-τδ</span> 
     </span>
    </p>
   </div>
   <div class='ocr_carea' id='block_1_100' title="bbox 459 5033 2030 5129">
    <p class='ocr_par' dir='ltr' id='par_1_100' title="bbox 459 5034 2030 5119">
     <span class='ocr_line' id='line_1_100' title="bbox 459 5034 2030 5119; baseline -0.001 -27"><span class='ocrx_word' id='word_1_738' title='bbox 459 5036 605 5108; x_wconf 86' lang='lat' dir='ltr'><strong>quod</strong></span> <span class='ocrx_word' id='word_1_739' title='bbox 656 5048 765 5090; x_wconf 92' lang='lat' dir='ltr'><strong>nou</strong></span> <span class='ocrx_word' id='word_1_740' title='bbox 826 5034 1149 5119; x_wconf 80' lang='lat' dir='ltr'><strong>moriantur,</strong></span> <span class='ocrx_word' id='word_1_741' title='bbox 1187 5035 1266 5093; x_wconf 87' lang='lat' dir='ltr'><strong>sic</strong></span> <span class='ocrx_word' id='word_1_742' title='bbox 1301 5036 1462 5096; x_wconf 83' lang='lat' dir='ltr'><strong>nobis</strong></span> <span class='ocrx_word' id='word_1_743' title='bbox 1495 5051 1604 5094; x_wconf 91' lang='lat' dir='ltr'><strong>non</strong></span> <span class='ocrx_word' id='word_1_744' title='bbox 1650 5036 1860 5093; x_wconf 81' lang='lat' dir='ltr'><strong>nocebit</strong></span> <span class='ocrx_word' id='word_1_745' title='bbox 1899 5051 2030 5108; x_wconf 67' lang='lat' dir='ltr'><strong>quoe</strong></span> 
     </span>
    </p>
   </div>
   <div class='ocr_carea' id='block_1_101' title="bbox 2166 5033 3672 5129">
    <p class='ocr_par' dir='ltr' id='par_1_101' title="bbox 2166 5033 3672 5129">
     <span class='ocr_line' id='line_1_101' title="bbox 2166 5033 3672 5129; baseline -0.016 -17"><span class='ocrx_word' id='word_1_746' title='bbox 2250 5054 2548 5111; x_wconf 82' lang='grc' dir='ltr'>ἀποθανεῖν</span> <span class='ocrx_word' id='word_1_747' title='bbox 2574 5066 2590 5081; x_wconf 75' lang='grc' dir='ltr'><strong>ο</strong></span> <span class='ocrx_word' id='word_1_748' title='bbox 2609 5048 2783 5115; x_wconf 73' lang='grc' dir='ltr'>οὕτως</span> <span class='ocrx_word' id='word_1_749' title='bbox 2811 5047 2934 5102; x_wconf 83' lang='grc' dir='ltr'>οὐδὲ</span> <span class='ocrx_word' id='word_1_750' title='bbox 2950 5047 3099 5117; x_wconf 82' lang='grc' dir='ltr'>ἡμᾶς</span> <span class='ocrx_word' id='word_1_751' title='bbox 3125 5043 3396 5118; x_wconf 71' lang='grc' dir='ltr'>βλάψειτὸ</span> <span class='ocrx_word' id='word_1_752' title='bbox 3415 5033 3672 5129; x_wconf 64' lang='grc' dir='ltr'>ἀποθανεῖν.</span> 
     </span>
    </p>
   </div>
   <div class='ocr_carea' id='block_1_102' title="bbox 459 5123 2030 5217">
    <p class='ocr_par' dir='ltr' id='par_1_102' title="bbox 459 5123 2030 5198">
     <span class='ocr_line' id='line_1_102' title="bbox 459 5123 2030 5198; baseline 0.001 -15"><span class='ocrx_word' id='word_1_753' title='bbox 459 5130 787 5189; x_wconf 84' lang='lat' dir='ltr'><strong>moriamur.</strong></span> <span class='ocrx_word' id='word_1_754' title='bbox 850 5123 991 5184; x_wconf 79' lang='lat' dir='ltr'><strong>Nam</strong></span> <span class='ocrx_word' id='word_1_755' title='bbox 1043 5139 1100 5198; x_wconf 81' lang='lat' dir='ltr'><strong>et</strong></span> <span class='ocrx_word' id='word_1_756' title='bbox 1146 5129 1256 5187; x_wconf 74' lang='lat' dir='ltr'><strong>illis</strong></span> <span class='ocrx_word' id='word_1_757' title='bbox 1309 5132 1539 5188; x_wconf 86' lang='lat' dir='ltr'><strong>mutatio</strong></span> <span class='ocrx_word' id='word_1_758' title='bbox 1588 5146 1737 5187; x_wconf 79' lang='lat' dir='ltr'><strong>mors</strong></span> <span class='ocrx_word' id='word_1_759' title='bbox 1805 5130 2030 5187; x_wconf 82' lang='lat' dir='ltr'><strong>est.Mo-</strong></span> 
     </span>
    </p>
   </div>
   <div class='ocr_carea' id='block_1_103' title="bbox 2166 5123 3675 5217">
    <p class='ocr_par' dir='ltr' id='par_1_103' title="bbox 2166 5123 3675 5217">
     <span class='ocr_line' id='line_1_103' title="bbox 2166 5123 3675 5217; baseline -0.015 -17"><span class='ocrx_word' id='word_1_760' title='bbox 2166 5123 2263 5206; x_wconf 68' lang='grc' dir='ltr'><strong>Καὶ</strong></span> <span class='ocrx_word' id='word_1_761' title='bbox 2284 5145 2394 5217; x_wconf 75' lang='grc' dir='ltr'><strong>γὰρ</strong></span> <span class='ocrx_word' id='word_1_762' title='bbox 2433 5142 2708 5203; x_wconf 84' lang='grc' dir='ltr'>κάκείνοις</span> <span class='ocrx_word' id='word_1_763' title='bbox 2739 5140 2772 5209; x_wconf 81' lang='grc' dir='ltr'>ὴ</span> <span class='ocrx_word' id='word_1_764' title='bbox 2810 5136 3022 5207; x_wconf 83' lang='grc' dir='ltr'>ἀλλαγὴ</span> <span class='ocrx_word' id='word_1_765' title='bbox 3082 5134 3316 5200; x_wconf 69' lang='grc' dir='ltr'>θάνατός</span> <span class='ocrx_word' id='word_1_766' title='bbox 3371 5133 3536 5186; x_wconf 77' lang='grc' dir='ltr'>ἐστιν·</span> <span class='ocrx_word' id='word_1_767' title='bbox 3577 5125 3675 5217; x_wconf 50' lang='grc' dir='ltr'><strong>ἀφ’</strong></span> 
     </span>
    </p>
   </div>
   <div class='ocr_carea' id='block_1_104' title="bbox 457 5211 2030 5307">
    <p class='ocr_par' dir='ltr' id='par_1_104' title="bbox 457 5222 2030 5298">
     <span class='ocr_line' id='line_1_104' title="bbox 457 5222 2030 5298; baseline 0 -19"><span class='ocrx_word' id='word_1_768' title='bbox 457 5225 597 5281; x_wconf 88' lang='lat' dir='ltr'><strong>ritur</strong></span> <span class='ocrx_word' id='word_1_769' title='bbox 624 5225 767 5280; x_wconf 87' lang='lat' dir='ltr'><strong>enim</strong></span> <span class='ocrx_word' id='word_1_770' title='bbox 797 5222 855 5279; x_wconf 92' lang='lat' dir='ltr'><strong>in</strong></span> <span class='ocrx_word' id='word_1_771' title='bbox 878 5222 1012 5298; x_wconf 83' lang='lat' dir='ltr'><strong>ipsis</strong></span> <span class='ocrx_word' id='word_1_772' title='bbox 1037 5223 1317 5298; x_wconf 85' lang='lat' dir='ltr'><strong>corruptio</strong></span> <span class='ocrx_word' id='word_1_773' title='bbox 1356 5232 1664 5297; x_wconf 82' lang='lat' dir='ltr'><strong>permutata</strong></span> <span class='ocrx_word' id='word_1_774' title='bbox 1710 5225 1766 5283; x_wconf 89' lang='lat' dir='ltr'><strong>in</strong></span> <span class='ocrx_word' id='word_1_775' title='bbox 1799 5228 2030 5281; x_wconf 88' lang='lat' dir='ltr'><strong>incorru-</strong></span> 
     </span>
    </p>
   </div>
   <div class='ocr_carea' id='block_1_105' title="bbox 2166 5211 3674 5307">
    <p class='ocr_par' dir='ltr' id='par_1_105' title="bbox 2166 5211 3674 5307">
     <span class='ocr_line' id='line_1_105' title="bbox 2166 5211 3674 5307; baseline -0.013 -17"><span class='ocrx_word' id='word_1_776' title='bbox 2166 5211 2378 5307; x_wconf 71' lang='grc' dir='ltr'>Ξνήσκει</span> <span class='ocrx_word' id='word_1_777' title='bbox 2411 5234 2519 5304; x_wconf 85' lang='grc' dir='ltr'>γὰρ</span> <span class='ocrx_word' id='word_1_778' title='bbox 2563 5233 2623 5285; x_wconf 78' lang='grc' dir='ltr'>ὲν</span> <span class='ocrx_word' id='word_1_779' title='bbox 2658 5231 2841 5294; x_wconf 80' lang='grc' dir='ltr'>αὐτοῖς</span> <span class='ocrx_word' id='word_1_780' title='bbox 2883 5231 2918 5298; x_wconf 81' lang='grc' dir='ltr'><strong>ἡ</strong></span> <span class='ocrx_word' id='word_1_781' title='bbox 2956 5226 3133 5301; x_wconf 75' lang='grc' dir='ltr'>φθορὰ</span> <span class='ocrx_word' id='word_1_782' title='bbox 3157 5268 3172 5294; x_wconf 90' lang='grc'><strong>,</strong></span> <span class='ocrx_word' id='word_1_783' title='bbox 3218 5220 3578 5293; x_wconf 82' lang='grc' dir='ltr'>ἀλλαττομένη</span> <span class='ocrx_word' id='word_1_784' title='bbox 3616 5211 3674 5271; x_wconf 72' lang='grc' dir='ltr'><strong>εἰς</strong></span> 
     </span>
    </p>
   </div>
   <div class='ocr_carea' id='block_1_106' title="bbox 457 5312 2030 5401">
    <p class='ocr_par' dir='ltr' id='par_1_106' title="bbox 457 5312 833 5387">
     <span class='ocr_line' id='line_1_106' title="bbox 457 5312 833 5387; baseline 0.008 -19"><span class='ocrx_word' id='word_1_785' title='bbox 457 5312 833 5387; x_wconf 81' lang='lat' dir='ltr'><strong>ptibilitatem.</strong></span> 
     </span>
    </p>
   </div>
   <div class='ocr_carea' id='block_1_107' title="bbox 2166 5312 2486 5401">
    <p class='ocr_par' dir='ltr' id='par_1_107' title="bbox 2166 5328 2486 5401">
     <span class='ocr_line' id='line_1_107' title="bbox 2166 5328 2486 5401; baseline -0.003 -17"><span class='ocrx_word' id='word_1_786' title='bbox 2166 5328 2486 5401; x_wconf 77' lang='grc' dir='ltr'>ίφθαρσίαν.</span> 
     </span>
    </p>
   </div>
   <div class='ocr_carea' id='block_1_108' title="bbox 536 5396 2030 5498">
    <p class='ocr_par' dir='ltr' id='par_1_108' title="bbox 536 5408 2030 5485">
     <span class='ocr_line' id='line_1_108' title="bbox 536 5408 2030 5485; baseline 0.001 -16"><span class='ocrx_word' id='word_1_787' title='bbox 536 5408 700 5470; x_wconf 72' lang='lat' dir='ltr'><strong>Vens.</strong></span> <span class='ocrx_word' id='word_1_788' title='bbox 741 5415 831 5470; x_wconf 69' lang='lat'><strong>52.</strong></span> <span class='ocrx_word' id='word_1_789' title='bbox 867 5433 887 5467; x_wconf 80' lang='grc' dir='ltr'><strong>ι</strong></span> <span class='ocrx_word' id='word_1_790' title='bbox 932 5414 991 5470; x_wconf 82' lang='grc' dir='ltr'>1η</span> <span class='ocrx_word' id='word_1_791' title='bbox 1024 5422 1323 5481; x_wconf 89' lang='lat' dir='ltr'><strong>momento,</strong></span> <span class='ocrx_word' id='word_1_792' title='bbox 1355 5413 1411 5469; x_wconf 88' lang='lat' dir='ltr'><strong>in</strong></span> <span class='ocrx_word' id='word_1_793' title='bbox 1444 5413 1551 5470; x_wconf 89' lang='lat' dir='ltr'><strong>ictu</strong></span> <span class='ocrx_word' id='word_1_794' title='bbox 1581 5414 1747 5485; x_wconf 90' lang='lat' dir='ltr'><strong>oculi,</strong></span> <span class='ocrx_word' id='word_1_795' title='bbox 1773 5414 1825 5470; x_wconf 92' lang='lat' dir='ltr'><strong>in</strong></span> <span class='ocrx_word' id='word_1_796' title='bbox 1861 5414 2030 5471; x_wconf 75' lang='lat' dir='ltr'><strong>noris-</strong></span> 
     </span>
    </p>
   </div>
   <div class='ocr_carea' id='block_1_109' title="bbox 2166 5396 3674 5498">
    <p class='ocr_par' dir='ltr' id='par_1_109' title="bbox 2199 5396 3674 5498">
     <span class='ocr_line' id='line_1_109' title="bbox 2199 5396 3674 5498; baseline 0.019 -28"><span class='ocrx_word' id='word_1_797' title='bbox 2199 5396 2247 5471; x_wconf 74' lang='grc' dir='ltr'><strong>ἰ</strong></span> <span class='ocrx_word' id='word_1_798' title='bbox 2300 5396 2390 5473; x_wconf 53' lang='grc' dir='ltr'>ξεν</span> <span class='ocrx_word' id='word_1_799' title='bbox 2427 5417 2639 5487; x_wconf 74' lang='grc' dir='ltr'><strong>ἀτόμῳ,</strong></span> <span class='ocrx_word' id='word_1_800' title='bbox 2690 5416 2749 5469; x_wconf 77' lang='grc' dir='ltr'><strong>ιν</strong></span> <span class='ocrx_word' id='word_1_801' title='bbox 2786 5415 2918 5485; x_wconf 73' lang='grc' dir='ltr'><strong>ῥιπῇ</strong></span> <span class='ocrx_word' id='word_1_802' title='bbox 2969 5409 3277 5482; x_wconf 69' lang='grc' dir='ltr'>ὀφθαλμοῦι</span> <span class='ocrx_word' id='word_1_803' title='bbox 3306 5409 3364 5461; x_wconf 71' lang='grc' dir='ltr'>έν</span> <span class='ocrx_word' id='word_1_804' title='bbox 3408 5408 3471 5476; x_wconf 63' lang='grc' dir='ltr'><strong>τῇ</strong></span> <span class='ocrx_word' id='word_1_805' title='bbox 3517 5396 3674 5498; x_wconf 58' lang='grc' dir='ltr'><strong>ἴσκάτξ</strong></span> 
     </span>
    </p>
   </div>
   <div class='ocr_carea' id='block_1_110' title="bbox 461 5495 2030 5580">
    <p class='ocr_par' dir='ltr' id='par_1_110' title="bbox 461 5505 2030 5579">
     <span class='ocr_line' id='line_1_110' title="bbox 461 5505 2030 5579; baseline -0.001 -17"><span class='ocrx_word' id='word_1_806' title='bbox 461 5507 604 5562; x_wconf 78' lang='lat' dir='ltr'><strong>sima</strong></span> <span class='ocrx_word' id='word_1_807' title='bbox 626 5507 778 5563; x_wconf 84' lang='lat' dir='ltr'><strong>tuba.</strong></span> <span class='ocrx_word' id='word_1_808' title='bbox 820 5526 840 5559; x_wconf 74' lang='grc' dir='ltr'><strong>ι</strong></span> <span class='ocrx_word' id='word_1_809' title='bbox 876 5505 934 5565; x_wconf 88' lang='lat' dir='ltr'><strong>lu</strong></span> <span class='ocrx_word' id='word_1_810' title='bbox 964 5506 1333 5562; x_wconf 88' lang='lat' dir='ltr'><strong>minutissimo</strong></span> <span class='ocrx_word' id='word_1_811' title='bbox 1365 5515 1418 5563; x_wconf 90' lang='lat' dir='ltr'><strong>et</strong></span> <span class='ocrx_word' id='word_1_812' title='bbox 1449 5505 1759 5563; x_wconf 85' lang='lat' dir='ltr'><strong>indivisibili</strong></span> <span class='ocrx_word' id='word_1_813' title='bbox 1786 5508 2030 5579; x_wconf 72' lang='lat' dir='ltr'><strong>temporis</strong></span> 
     </span>
    </p>
   </div>
   <div class='ocr_carea' id='block_1_111' title="bbox 2166 5495 3674 5580">
    <p class='ocr_par' dir='ltr' id='par_1_111' title="bbox 2166 5495 3674 5580">
     <span class='ocr_line' id='line_1_111' title="bbox 2166 5495 3674 5580; baseline -0.014 -15"><span class='ocrx_word' id='word_1_814' title='bbox 2166 5511 2436 5580; x_wconf 74' lang='grc' dir='ltr'>τάλπιγγι.</span> <span class='ocrx_word' id='word_1_815' title='bbox 2489 5528 2508 5562; x_wconf 74' lang='grc' dir='ltr'><strong>ι</strong></span> <span class='ocrx_word' id='word_1_816' title='bbox 2552 5508 2640 5562; x_wconf 83' lang='grc' dir='ltr'>Ἐν</span> <span class='ocrx_word' id='word_1_817' title='bbox 2670 5505 2948 5578; x_wconf 83' lang='grc' dir='ltr'>ἀκαριαίῳ</span> <span class='ocrx_word' id='word_1_818' title='bbox 2995 5503 3174 5575; x_wconf 81' lang='grc' dir='ltr'>χρόνῳ</span> <span class='ocrx_word' id='word_1_819' title='bbox 3220 5502 3312 5556; x_wconf 76' lang='grc' dir='ltr'>καὶ</span> <span class='ocrx_word' id='word_1_820' title='bbox 3363 5495 3563 5568; x_wconf 80' lang='grc' dir='ltr'>ἀμερεῖ,</span> <span class='ocrx_word' id='word_1_821' title='bbox 3606 5495 3674 5539; x_wconf 63' lang='lat' dir='ltr'><strong>mi</strong></span> 
     </span>
    </p>
   </div>
   <div class='ocr_carea' id='block_1_112' title="bbox 460 5583 2030 5675">
    <p class='ocr_par' dir='ltr' id='par_1_112' title="bbox 460 5600 2030 5674">
     <span class='ocr_line' id='line_1_112' title="bbox 460 5600 2030 5674; baseline 0.002 -19"><span class='ocrx_word' id='word_1_822' title='bbox 460 5602 660 5669; x_wconf 77' lang='lat' dir='ltr'><strong>SpaliO,</strong></span> <span class='ocrx_word' id='word_1_823' title='bbox 712 5617 777 5657; x_wconf 88' lang='lat' dir='ltr'><strong>ac</strong></span> <span class='ocrx_word' id='word_1_824' title='bbox 817 5600 981 5658; x_wconf 81' lang='lat' dir='ltr'><strong>veluti</strong></span> <span class='ocrx_word' id='word_1_825' title='bbox 1031 5602 1305 5674; x_wconf 71' lang='lat' dir='ltr'><strong>palpebrae</strong></span> <span class='ocrx_word' id='word_1_826' title='bbox 1350 5609 1689 5667; x_wconf 90' lang='lat' dir='ltr'><strong>motu,tanta</strong></span> <span class='ocrx_word' id='word_1_827' title='bbox 1721 5600 1851 5658; x_wconf 88' lang='lat' dir='ltr'><strong>Iieut</strong></span> <span class='ocrx_word' id='word_1_828' title='bbox 1884 5620 1898 5657; x_wconf 92' lang='lat'><strong>:</strong></span> <span class='ocrx_word' id='word_1_829' title='bbox 1927 5619 2030 5674; x_wconf 87' lang='lat' dir='ltr'><strong>qua</strong></span> 
     </span>
    </p>
   </div>
   <div class='ocr_carea' id='block_1_113' title="bbox 2166 5583 3671 5675">
    <p class='ocr_par' dir='ltr' id='par_1_113' title="bbox 2166 5583 3671 5675">
     <span class='ocr_line' id='line_1_113' title="bbox 2166 5583 3671 5675; baseline -0.013 -17"><span class='ocrx_word' id='word_1_830' title='bbox 2166 5607 2281 5658; x_wconf 74' lang='grc' dir='ltr'>ὅσον</span> <span class='ocrx_word' id='word_1_831' title='bbox 2343 5602 2514 5675; x_wconf 73' lang='grc' dir='ltr'>μύσαι</span> <span class='ocrx_word' id='word_1_832' title='bbox 2562 5598 2829 5672; x_wconf 79' lang='grc' dir='ltr'>βλέφαρον</span> <span class='ocrx_word' id='word_1_833' title='bbox 2857 5638 2873 5667; x_wconf 91' lang='grc'><strong>,</strong></span> <span class='ocrx_word' id='word_1_834' title='bbox 2910 5598 3233 5669; x_wconf 74' lang='grc' dir='ltr'>γενήσονται</span> <span class='ocrx_word' id='word_1_835' title='bbox 3279 5593 3349 5648; x_wconf 82' lang='grc' dir='ltr'>τὰ</span> <span class='ocrx_word' id='word_1_836' title='bbox 3384 5583 3671 5662; x_wconf 61' lang='grc' dir='ltr'>τηλικαῦτω</span> 
     </span>
    </p>
   </div>
   <div class='ocr_carea' id='block_1_114' title="bbox 1762 5758 2325 5828">
    <p class='ocr_par' dir='ltr' id='par_1_114' title="bbox 1762 5758 2325 5828">
     <span class='ocr_line' id='line_1_114' title="bbox 1762 5758 2325 5828; baseline 0 -4"><span class='ocrx_word' id='word_1_837' title='bbox 1762 5758 1968 5825; x_wconf 66' lang='lat' dir='ltr'><strong>Variae</strong></span> <span class='ocrx_word' id='word_1_838' title='bbox 1990 5759 2325 5828; x_wconf 86' lang='lat' dir='ltr'><strong>lectiones.</strong></span> 
     </span>
    </p>
   </div>
   <div class='ocr_carea' id='block_1_115' title="bbox 532 5886 955 5960">
    <p class='ocr_par' dir='ltr' id='par_1_115' title="bbox 532 5886 955 5960">
     <span class='ocr_line' id='line_1_115' title="bbox 532 5886 955 5960; baseline 0.009 -20"><span class='ocrx_word' id='word_1_839' title='bbox 532 5886 582 5922; x_wconf 70' lang='lat'>”</span> <span class='ocrx_word' id='word_1_840' title='bbox 612 5887 874 5960; x_wconf 72' lang='grc' dir='ltr'>φορτικὸν</span> <span class='ocrx_word' id='word_1_841' title='bbox 901 5902 955 5944; x_wconf 83' lang='grc' dir='ltr'>ο.</span> 
     </span>
    </p>
   </div>
  </div>
