3806 6574
517 394 631 463 783

1470 398 2048 460 THEOPHYLACTI
2093 397 2502 463 BULGARLE
2548 404 2902 466 ARCHIEP.
3618 411 3701 476 781

521 515 619 577 ait,
661 533 678 565 ι
718 509 1096 575 iuvictoriam,
1131 527 1149 562 ι
1196 509 1297 566 hoc
1327 519 1408 567 est
1464 513 1515 567 in
1557 513 1715 568 linem
1743 521 1798 566 et
1827 512 2002 582 plene,
2037 519 2084 565 ul

2201 512 2364 567 θέντα
2398 517 2619 580 τελείως
2655 507 3040 586 ἀφανισθῆναι,
3093 517 3187 570 καὶ
3225 515 3356 587 μηδι
3394 515 3564 572 ιλπίδα
3603 521 3706 575 ὕπο-

520 609 660 661 vieta
686 605 923 676 perfecte
945 603 1355 670 exterminetur,
1387 611 1446 658 ut
1468 605 1610 658 nulla
1631 620 1752 675 spes
1771 605 1816 658 ei
1842 606 1893 659 in
1915 614 2090 674 poste-

522 715 640 753 rum
675 698 833 754 ullius
867 698 1123 770 potentia:
1154 697 1509 768 relinquatur.

591 789 755 845 Vens.
789 790 880 846 55.
913 809 931 842 ι
977 789 1098 857 Ubi,
1133 805 1165 844 ο
1214 805 1388 852 mors,
1437 789 1692 846 stimulus
1722 789 1881 843 tuus?
1913 788 2024 853 ubi,
2059 800 2094 843 ο

519 881 745 947 inferne,
772 882 996 937 victoria
1044 882 1169 936 tua?
1207 899 1226 932 ι
1264 880 1492 936 Perinde
1528 895 1592 936 ac
1624 895 1710 936 res
1746 890 1928 951 gestas
1957 893 2092 935 con—

515 975 802 1044 spexissct,
833 975 1034 1043 impetu
1081 974 1266 1030 divino
1303 975 1560 1041 agitatus,
1618 972 1902 1027 victoriam
1945 972 2092 1026 canit

513 1072 568 1120 et
635 1064 890 1128 exsultat,
959 1065 1126 1119 veluti
1193 1073 1480 1134 prostratae
1555 1061 1714 1116 morti
1783 1061 2076 1126 insultans,

515 1172 746 1227 eamque
789 1159 1016 1228 pedibus
1045 1157 1393 1213 conculcans.
1425 1153 1669 1209 anenire
1702 1163 1883 1208 autem
1923 1168 2094 1223 queas

517 1251 810 1306 discrimen
865 1249 1134 1319 quoddam
1190 1251 1332 1304 inter
1387 1247 1655 1302 infernum
1707 1259 1762 1300 et
1815 1257 2090 1300 mortem:

519 1342 774 1396 nimirum
799 1341 942 1411 quod
962 1339 1204 1395 infernus
1235 1340 1444 1394 animas
1462 1340 1760 1403 contineat,
1788 1353 1935 1392 mors
1965 1352 2094 1394 vero

511 1448 736 1502 corpora
769 1450 782 1500 ;
825 1447 946 1487 nam
987 1432 1181 1486 anima:
1213 1442 1338 1487 sunt
1371 1431 1724 1486 immortales.

587 1525 747 1581 Vens.
775 1526 863 1581 56.
907 1545 925 1578 ι
964 1525 1229 1581 Stimulos
1256 1539 1385 1578 vero
1415 1525 1605 1578 mortis
1627 1534 1906 1594 peccatum
1939 1511 2044 1576 est.
2069 1542 2086 1575 ι

511 1617 614 1671 Per
635 1615 761 1672 illud
788 1616 932 1670 enim
961 1626 1152 1686 potens
1170 1615 1288 1680 fuit,
1317 1615 1434 1683 ipso
1457 1629 1552 1668 ceu
1574 1613 1740 1668 armis
1767 1614 2093 1683 quibusdam

509 1716 564 1762 et
607 1707 826 1762 stimulo
861 1717 1038 1763 utens.
1075 1707 1306 1762 Perinde
1334 1721 1569 1776 namque
1602 1712 1659 1758 ut
1691 1705 1940 1770 scorpius
1973 1705 2093 1758 ani-

509 1801 800 1856 malculum
820 1808 900 1854 est
929 1800 1204 1871 exiguum,
1232 1799 1281 1852 in
1306 1798 1492 1854 aculeo
1508 1809 1684 1852 autem
1710 1798 1874 1852 robur
1898 1795 2088 1850 habet:

507 1892 844 1948 consimilem
875 1891 938 1946 ad
964 1870 1233 1946 rationem
1261 1905 1407 1946 mors
1433 1905 1527 1960 per
1555 1899 1835 1960 peccatum
1867 1889 2090 1942 robusta
2121 1870 2167 1932 Β

509 1986 634 2053 fuit,
662 1986 797 2040 alias
852 1983 1120 2040 ineﬂicav.
1158 1985 1496 2054 Argumento
1545 1993 1628 2038 est
1687 1981 1951 2036 Dominus
1996 1994 2092 2033 no-

507 2086 622 2132 ster
657 2094 671 2131 :
707 2092 829 2131 cum
860 2077 1003 2131 enim
1039 2090 1188 2130 mors
1219 2074 1415 2145 injpso
1451 2082 1734 2146 peccatum
1765 2087 1867 2128 non
1889 2072 2092 2127 inveni-

511 2177 617 2233 ret,
647 2167 891 2223 inell‘tcax
920 2167 1144 2224 mansit.

587 2277 608 2314 ι
637 2259 826 2317 Virtus
851 2272 1032 2316 autem
1057 2260 1263 2332 peccati
1293 2260 1402 2316 lex.
1438 2277 1454 2312 ι
1480 2259 1796 2327 Quomodo?
1819 2257 2086 2325 Quoniam

507 2353 551 2405 si
598 2351 683 2407 lex
735 2368 841 2408 non
879 2360 1046 2418 esset,
1084 2369 1179 2424 per
1207 2354 1574 2424 ignorantiam
1627 2362 1922 2422 peccantes
1967 2367 2078 2404 non

506 2445 586 2500 sic
613 2446 1124 2502 coudemnaremur.
1154 2446 1259 2500 Lex
1295 2454 1473 2501 autem
1505 2449 1681 2516 ipsum
1706 2444 2084 2508 manifestans,

507 2551 609 2592 nos
645 2538 820 2608 magis
849 2538 1256 2600 condemnavit,
1297 2538 1496 2607 quippe
1526 2538 1616 2606 qui
1644 2538 1879 2593 scienter
1907 2535 2087 2590 delin-

505 2646 735 2700 quamus
769 2647 784 2684 :
824 2629 1072 2699 forteque
1105 2640 1384 2700 peccatum
1438 2630 1589 2694 fecit,
1636 2644 1740 2684 non
1776 2643 1873 2699 per
1920 2627 2086 2697 ipsius

507 2734 780 2789 naturam,
815 2724 908 2779 sed
929 2724 997 2777 ob
1029 2733 1269 2776 nostram
1307 2722 1640 2787 socordiam,
1672 2722 1760 2791 qui
1798 2737 1906 2775 non
1939 2730 2085 2775 recte

507 2815 589 2867 nsi
618 2829 806 2870 sumus
834 2815 962 2868 dato
992 2814 1150 2868 nobis
1183 2813 1444 2877 remedio,
1475 2814 1622 2868 sicut
1653 2821 1708 2867 ct
1738 2813 1790 2866 itt
1845 2811 2080 2881 Epistula

508 2907 573 2962 ad
612 2905 884 2962 Romanos
927 2906 1092 2962 latius
1127 2918 1179 2962 et
1217 2907 1386 2962 fusius
1431 2907 1633 2960 dictum
1669 2915 1770 2961 est.
1807 2903 1886 2959 Ne
1922 2905 2089 2976 igitur

508 2995 728 3051 dubites
764 2997 831 3050 de
866 3001 1288 3063 resurrectione,
1319 3014 1351 3052 ο
1385 2998 1566 3064 Ιιοηιο,
1593 3013 1715 3052 cum
1754 2998 1937 3051 videas
1962 3011 2088 3066 pec-

508 3099 688 3141 eatum
736 3087 1004 3142 sublatum
1064 3090 1206 3160 quod
1249 3091 1437 3145 mortis
1469 3098 1589 3144 erat
1625 3103 1798 3152 arma,
1854 3103 2085 3156 cumque

507 3179 594 3232 lex
621 3181 694 3232 sit
719 3177 919 3234 abolita
941 3195 1062 3250 qua:
1091 3192 1210 3236 erat
1255 3197 1318 3234 ex
1346 3192 1539 3236 eventu
1577 3183 1738 3235 robur
1759 3187 1814 3234 et
1846 3181 2085 3250 potentia

510 3272 740 3340 peccati.
781 3269 914 3324 Nam
940 3272 1158 3343 planum
1190 3282 1271 3327 est
1315 3275 1458 3344 qttod
1490 3288 1636 3328 tnors
1666 3282 1942 3328 exarmata
1975 3288 2082 3327 nun

507 3378 668 3433 porro
705 3365 778 3419 sit
830 3364 1027 3421 valida.

583 3552 742 3609 Vens.
779 3552 870 3608 57.
904 3569 925 3606 ι
985 3553 1092 3608 Deo
1134 3561 1311 3608 autem
1354 3554 1547 3622 gratia,
1587 3553 1676 3622 qui
1730 3553 1878 3608 dedit
1927 3555 2082 3608 nobis

504 3645 787 3700 victoriam
812 3659 908 3715 per
931 3643 1216 3698 Dominum
1244 3653 1488 3699 nostrum
1516 3644 1698 3700 Jesutn
1723 3642 2026 3701 Christum.
2055 3664 2078 3699 ι

509 3740 718 3793 Domini
753 3736 882 3794 Jesu
937 3739 1154 3809 quidem
1214 3748 1298 3794 est
1344 3749 1665 3806 certamen;
1701 3739 1855 3794 nobis
1901 3749 2082 3794 autem

505 3832 736 3886 victoria
795 3833 919 3886 data
954 3842 1037 3886 est
1069 3848 1083 3884 :
1124 3846 1227 3886 non
1260 3846 1326 3886 ex
1362 3832 1746 3896 retributione,
1783 3846 1956 3901 neque
2014 3847 2081 3884 ex

508 3923 708 3988 debito,
736 3937 920 3976 verum
943 3938 1036 3991 per
1059 3922 1287 3992 gratiam
1309 3934 1362 3977 et
1390 3923 1733 3977 clementiam
1767 3923 1858 3976 Dei
1883 3923 2081 3988 Patris,

506 4019 599 4087 qui
635 4015 761 4071 fecit
788 4032 884 4071 nos
911 4017 1128 4072 vincere
1159 4032 1254 4086 per
1302 4027 1576 4072 certamen
1613 4016 1734 4071 Filii
1761 4019 1866 4071 sui.

583 4109 848 4165 Vens.58.
882 4127 901 4161 ι
934 4109 1140 4179 Itaque,
1169 4109 1366 4165 fratres
1404 4110 1610 4175 dilecti,
1644 4108 1868 4165 stabiles
1889 4119 2082 4176 estote,

510 4201 839 4266 immobiles,
898 4201 1303 4256 abundantesitt
1339 4217 1500 4270 opere
1535 4202 1748 4256 Domini
1781 4216 2016 4271 semper.
2060 4220 2078 4252 ι

511 4295 956 4362 Qttandoquidettt
980 4294 1170 4357 nostis,
1193 4293 1353 4364 232
1383 4295 1574 4363 inquit,
1595 4294 1735 4362 quod
1757 4292 2084 4346 resurrectio

512 4385 581 4440 sit
607 4387 808 4450 futura,
828 4394 879 4440 et
907 4387 1275 4454 compensatio
1295 4390 1555 4439 bonorum
1591 4395 1645 4438 et
1672 4384 1957 4448 malorum,
1981 4394 2085 4437 sta-

511 4479 644 4533 biles
679 4485 874 4533 estote.
905 4477 1523 4533 Concutiebanturenim
1543 4477 1885 4532 sermonibus
1907 4477 1972 4531 de
1997 4492 2084 4532 rc-

2196 603 2486 675 λειιρθῆναι
2513 607 2559 638 ⁸⁸
2595 606 2745 677 αὑτῷ
2777 606 2869 660 τοῦ
2893 608 3028 672 ὅλως
3065 607 3281 679 ίοχῦσαι
3305 609 3392 661 τοῦ
3421 609 3608 664 λοιποῦ.

2275 803 2294 837 ι
2329 785 2438 840 Ποῦ
2467 803 2583 850 σου,
2613 786 2834 852 θάνατε,
2865 787 2925 840 τὸ
2965 787 3189 858 κέντρον
3214 805 3229 854 ;
3268 787 3366 842 ποῦ
3415 807 3522 855 σου,
3544 791 3643 863 ᾁδη,
3663 797 3708 849 τὺ

2195 881 2385 943 νῖκοςς
2430 898 2448 930 ι
2495 880 2711 933 Ὠσανεὶ
2745 879 3016 950 γενόμενα
3063 879 3186 934 ίδὼν
3207 882 3276 933 τὰ
3314 880 3609 951 πρᾶγματα,
3643 889 3707 938 ἐν.

2197 971 2409 1044 θουσιᾷ,
2445 973 2539 1025 καὶ
2559 973 2827 1027 ἐπινίκιον
2860 973 2980 1044 βοᾷ,
3019 975 3112 1026 καὶ
3147 975 3421 1040 ἀλαλάζει,
3449 977 3589 1029 οἱονεὶ
3620 997 3706 1032 κει·

2201 1064 2346 1134 μένῳ
2375 1064 2454 1134 τῷ
2479 1066 2696 1134 θανάτῳ
2735 1066 3105 1134 ἐπεμϐαίνων,
3162 1068 3258 1120 καὶ
3299 1070 3599 1122 καταπατῶν
3635 1073 3707 1123 αὖ·

2195 1157 2309 1209 τόν.
2346 1155 2541 1227 Εὖροις
2569 1156 2614 1209 δ’
2646 1157 2713 1210 ἂν
2750 1157 3018 1228 διαφοράν
3048 1175 3168 1210 τινα
3206 1159 3330 1230 ᾂίου
3371 1161 3460 1212 καὶ
3501 1161 3704 1228 θανάτου,

2195 1245 2272 1315 τῷ
2303 1247 2394 1298 τὸν
2428 1247 2528 1315 μὲν
2552 1246 2686 1318 ᾅδην
2717 1248 2812 1310 τὰς
2855 1247 3036 1317 ψυχὰς
3069 1249 3322 1318 κατέχειν
3345 1264 3357 1276 ·
3393 1248 3475 1301 τὸν
3499 1250 3549 1303 δὲ
3577 1251 3704 1304 θάνα-

2195 1355 2309 1403 τον,
2357 1340 2424 1416 τᾷ
2461 1337 2692 1411 σώματα
2714 1357 2725 1365 ·
2757 1341 2816 1393 αἱ
2847 1342 2953 1412 γὰρ
2976 1341 3147 1410 ψυχαὶ
3186 1342 3456 1396 ἀθάνατοι.

2274 1543 2292 1576 ‹
2327 1524 2400 1578 Τὸ
2437 1524 2493 1578 δὲ
2543 1525 2768 1594 κέντρον
2809 1524 2903 1577 τοῦ
2957 1524 3212 1589 θανάτου,
3253 1529 3284 1596 ἡ
3327 1527 3570 1598 ἁμαρτία.
3607 1537 3704 1586 ιΔι*

2197 1615 2369 1686 αὐτῆς
2394 1615 2502 1686 γὰρ
2525 1617 2706 1684 ἴσχυεν
2737 1617 2805 1679 ⁹¹,
2843 1617 2992 1686 ὅπλῳ
3035 1619 3142 1670 τινὶ
3197 1619 3292 1672 καὶ
3349 1620 3543 1690 κέντρῳ
3573 1624 3704 1694 ταύτῃ

2197 1705 2504 1779 χρώμενος.
2546 1707 2758 1776 Ὥσπερ
2785 1707 2894 1775 γὰρ
2927 1709 2955 1760 6
2992 1710 3257 1778 σκορπίος
3323 1711 3475 1774 αὐτὸς
3518 1714 3703 1781 μένέστι

2199 1793 2440 1864 ζωΰφιὸν
2470 1812 2519 1847 τι
2553 1796 2770 1866 μικρὸν,
2806 1798 2862 1849 ἐν
2892 1797 2948 1849 δὲ
2975 1797 3051 1866 τῷ
3086 1801 3296 1870 κέντρῳ
3325 1801 3416 1869 τὴν
3443 1802 3577 1870 ἰσχὺν
3601 1805 3699 1872 ἔχει·

2195 1885 2336 1939 οὕτω
2363 1887 2456 1941 καὶ
2495 1889 2523 1941 6
2555 1887 2782 1952 θάνατος
2804 1890 2890 1942 διὰ
2916 1890 3013 1959 τῆς
3049 1892 3326 1962 ἁμαρτίας
3351 1893 3539 1962 ῖσχυεν,
3570 1897 3700 1957 ἄλλως

2197 1978 2558 2052 ἀνενέργητος
2589 1979 2684 2033 ὢν.
2722 1982 2883 2053 Δηλοῖ
2921 1983 2978 2034 δὲ
3010 1985 3101 2035 καὶ
3136 1984 3198 2034 τὸ
3247 1984 3338 2035 τοῦ
3384 1986 3566 2054 Κυρίου
3590 2003 3602 2017 ·
3636 2000 3700 2039 χιι

2197 2069 2306 2140 γὰρ
2360 2071 2418 2122 ὲν
2467 2071 2639 2139 τούτῳ
2684 2073 2960 2143 ἁμαρτίαν
3021 2073 3096 2143 μὴ
3149 2075 3344 2144 εὑρὼν,
3409 2078 3698 2150 ἀνενέργητκ

2197 2161 2429 2229 ἔμεινεν.

2273 2271 2290 2304 ι
2340 2253 2404 2306 ἸΙ
2434 2255 2490 2306 δὲ
2523 2255 2749 2326 δύναμις
2787 2258 2884 2326 τῆς
2935 2259 3238 2330 ἁμαρτίας,
3281 2263 3307 2314 ὁ
3333 2261 3500 2331 νόμος.
3531 2283 3545 2315 ι
3575 2263 3695 2327 Πῶς;

2198 2344 2323 2397 ’Ότι
2351 2345 2444 2398 τοῦ
2471 2347 2636 2417 νόμου
2668 2349 2766 2419 μὲν
2803 2351 2876 2421 μὴ
2903 2351 3074 2417 ὄντος,
3131 2354 3191 2405 ὲν
3218 2355 3403 2426 ἀγνοίᾳ
3429 2355 3696 2426 ἁμαρτάνον.

2195 2455 2309 2502 τες,
2339 2439 2438 2508 οὐχ
2471 2439 2613 2493 οὕτω
2641 2444 3084 2513 κατεκρινόμεθα
3112 2461 3129 2477 ⁸
3161 2446 3190 2498 6
3224 2447 3280 2500 δὲ
3317 2449 3470 2517 νόμος
3505 2449 3693 2517 φανερῶς

2201 2546 2299 2595 σας
2333 2533 2523 2601 αὐτὴν,
2556 2535 2851 2606 κατέκρινε
2897 2539 3099 2607 μᾶλλον
3145 2541 3316 2610 ἡμᾶς,
3363 2542 3432 2604 ὡς
3461 2543 3510 2594 ὲν
3549 2542 3692 2609 γνώσει

2193 2621 2611 2691 ἁμαρτάνοντας
2633 2641 2646 2655 ·
2669 2629 2764 2678 καὶ
2782 2629 3012 2698 ἰσχυρὰν
3040 2631 3212 2702 αὐτὴν
3237 2631 3497 2703 ἐποίησεν,
3515 2633 3564 2685 οὐ
3583 2632 3690 2701 παρὰ

2191 2712 2290 2782 τὴν
2322 2714 2489 2767 αὐτοῦ
2524 2716 2707 2785 φύσιν,
2761 2720 2896 2772 ἀλλὰ
2943 2723 3096 2791 παρὰ
3145 2723 3246 2795 τὴν
3293 2725 3544 2795 ἡμετέραν
3573 2725 3689 2796 ρᾳθυ-

2194 2806 2347 2874 μίαν,
2382 2806 2491 2860 τῶν
2520 2809 2596 2880 μὴ
2636 2810 2816 2876 καλῶς
2857 2814 3225 2884 χρησαμένων
3262 2817 3338 2885 τῷ
3375 2815 3556 2869 δοθέντι
3587 2832 3688 2884 capo

2196 2898 2380 2970 μάκῳ,
2407 2899 2484 2963 ὡς
2539 2904 2634 2956 καὶ
2665 2904 2724 2956 ὲν
2761 2907 2826 2974 τῇ
2883 2907 3015 2977 πρὸς
3074 2907 3380 2976 Ῥωμαίους
3425 2908 3688 2975 πλατύτερον

2191 2995 2286 3045 καὶ
2312 2991 2399 3048 διὰ
2426 2994 2688 3049 πλειόνων
2723 2997 2959 3067 εἴρηται.
2991 2990 3081 3067 Μὴ
3115 2996 3211 3053 οὖν
3236 3000 3542 3069 ἀμφίϐαλλε,
3567 2993 3603 3052 ὦ
3625 3001 3688 3054 ἆν-

2192 3085 2402 3156 θρωπε,
2440 3089 2564 3158 περὶ
2594 3089 2690 3156 τῆς
2718 3090 3086 3154 ἀναστάσεως,
3121 3093 3265 3162 ὁρῶν
3290 3094 3368 3146 ὅτι
3397 3095 3482 3146 καὶ
3505 3093 3532 3162 ή
3559 3095 3685 3162 ἁμαρ-

2189 3181 2282 3233 τία
2312 3179 2578 3251 ἀνῃρέθη.
2617 3181 2739 3251 ἥτις
2771 3177 2838 3252 ἦν
2867 3183 2960 3236 τοῦ
3003 3184 3239 3239 Θανάτου
3268 3186 3424 3238 ὅπλον
3446 3202 3459 3216 ο
3487 3187 3562 3238 καὶ
3585 3186 3605 3237 6
3627 3185 3684 3234 νίν

2192 3289 2290 3341 μσς
2316 3273 2641 3343 κατηργήοη
2676 3275 2742 3337 ⁸⁸,
2777 3275 2834 3337 ὃς
2857 3270 2926 3346 ἦν
2962 3276 3019 3342 ἐξ
3055 3277 3489 3347 ἀποτελέσματος
3515 3277 3681 3343 δύναμις

2185 3364 2287 3433 τῆς
2319 3364 2612 3435 ἁμαρτίας.
2641 3367 2911 3438 Πρόδηλον
2951 3368 3080 3438 γὰρ,
3115 3369 3199 3423 ὅτι
3236 3366 3683 3439 ἀςοπλισθειςδοά-

2187 3473 2344 3514 varo;
2381 3457 2566 3512 οὐκέτι
2597 3459 2791 3529 ἰσχύει.

2263 3565 2280 3598 ⁸
2314 3547 2404 3617 Τῷ
2432 3549 2487 3602 δὲ
2525 3549 2644 3621 θεῷ
2680 3552 2839 3623 Χάρις
2891 3555 2971 3624 τῷ
2999 3555 3201 3611 διδόντι
3240 3559 3369 3629 ἡμῖν
3403 3559 3457 3612 τὸ
3481 3560 3598 3620 νῖκος
3619 3555 3677 3608 διὰ

2184 3638 2277 3691 τοῦ
2303 3640 2508 3710 Κυρίου
2539 3643 2699 3714 ἡμῶν
2735 3646 2908 3717 Ἰησοῦ
2941 3652 3207 3721 Χριστοῦ.
3239 3671 3256 3704 ι
3287 3653 3388 3706 Τοῦ
3423 3652 3511 3723 μὲν
3533 3652 3679 3718 Κυρίου

2197 3731 2371 3801 Ἰησοῦ
2399 3734 2428 3786 6
2461 3735 2631 3803 ἀγὼν,
2685 3739 2820 3810 ἡμῖν
2868 3741 2926 3794 δὲ
2974 3743 3036 3796 τὸ
3086 3747 3240 3809 νῖκος
3274 3746 3505 3799 δέδοται’
3546 3739 3679 3802 οὐκέξ

2183 3821 2442 3893 ἀμοιϐῆς,
2479 3827 2597 3880 οὐδὲ
2643 3831 2787 3884 κατὰ
2835 3831 3078 3904 ὀφειλὴν,
3115 3837 3253 3890 ἀλλὰ
3294 3839 3427 3890 κατά
3459 3837 3591 3907 χάριν
3616 3833 3679 3885 tal-

2185 3914 2598 3985 φιλανθρωπίαν
2660 3921 2757 3974 τοῦ
2837 3923 2971 3977 Θεοῦ
3030 3929 3125 3980 καὶ
3178 3929 3405 3999 Πατρὸς,
3466 3928 3517 3989 ὃς
3579 3926 3677 3995 tui;

2185 4007 2410 4076 ἐποίησε
2443 4013 2600 4083 νικᾷν
2621 4012 2708 4067 διὰ
2737 4014 2832 4067 τοῦ
2861 4017 3073 4084 ἀγῶνος
3101 4019 3199 4072 τοῦ
3234 4021 3358 4072 Υἱοῦ
3392 4018 3557 4072 αὑτοῦ.

2261 4118 2280 4152 ι
2321 4103 2511 4171 Ὥστε,
2543 4105 2760 4176 ἀδελφοί
2795 4127 2896 4180 μου
2920 4112 3222 4182 ἀγαπητοὶ,
3271 4113 3461 4184 ἑδραῖοι
3502 4106 3676 4179 γίνεσθε,

2185 4192 2599 4266 ἀμετακίνητοι,
2629 4202 3049 4270 περισσεύοντες
3081 4208 3140 4257 ἐν
3169 4205 3246 4276 τῷ
3272 4207 3410 4276 ἔργῳ
3428 4204 3509 4257 τοῦ
3534 4201 3677 4270 Κυρίου
3751 4221 3753 4235 ι

2186 4285 2442 4340 πάντοτε.
2484 4308 2502 4339 ι
2547 4291 2702 4344 Ἐπεὶ
2735 4293 2781 4324 ³⁵
2831 4293 3054 4361 ἔγνωτε,
3107 4300 3300 4367 φησὶν,
3330 4299 3407 4350 ὅτι
3453 4295 3675 4349 ἀνάστασις
3749 4319 3751 4327 -

2183 4375 2358 4442 ἔσται,
2374 4381 2465 4432 καὶ
2487 4381 2686 4453 ἀμοιϐὴ
2709 4382 2889 4437 καλῶν
2909 4387 3270 4456 καὶ,φαύλων,
3301 4391 3487 4460 ἑδραῖοι
3503 4383 3675 4452 γίνεσθε.

2196 4470 2551 4526 Ἐσαλεύοντο
2579 4474 2688 4546 γὰρ
2713 4478 2771 4530 ἐν
2827 4482 2939 4542 τοῖς
2985 4483 3113 4550 περὶ
3172 4484 3502 4542 ἀναστάσεως
3529 4480 3673 4545 λόγοις.

506 4569 860 4624 surrectione.
875 4570 1074 4624 Atcum
1096 4569 1421 4640 negligerent
1442 4570 1563 4623 vitae
1582 4569 1943 4631 honestatem,
1964 4579 2084 4622 tan-

2199 4562 2350 4616 Ἐπεὶ
2375 4564 2430 4617 δὲ
2463 4567 2700 4636 ἠμέλουν
2751 4573 2845 4624 καὶ
2897 4571 3016 4640 βίου
3068 4575 3299 4642 ἀγαθοῦ,
3334 4576 3404 4637 ὡς
3435 4575 3520 4626 οὔκ
3559 4571 3674 4634 οὔσης

507 4678 668 4734 quam
697 4678 800 4718 non
822 4673 964 4718 esset
994 4662 1342 4725 resurrectio,
1369 4663 1564 4732 inquit,
1607 4681 1624 4714 ι
1659 4660 2008 4716 Abundantes
2030 4663 2079 4713 in

504 4771 670 4826 Opere
702 4755 908 4810 Domini
935 4769 1167 4820 semper,
1200 4773 1219 4806 ›
1257 4769 1358 4808 non
1389 4754 1565 4808 solum
1601 4757 1772 4823 ipsum
1800 4751 2081 4818 facientes,

506 4865 692 4904 verum
717 4849 878 4903 etiam
907 4846 1122 4904 abunde
1154 4847 1327 4918 ipsum
1359 4846 1673 4902 efﬁcientes.
1724 4847 1869 4916 Opus
1903 4856 2080 4900 autem

509 4939 743 5005 Domini,
812 4940 916 4995 hoc
949 4947 1053 5005 est,
1104 4939 1248 5008 quod
1285 4938 1458 5008 diligit
1516 4937 1792 5006 Dominus,
1835 4949 1890 4994 et
1939 4940 2081 5009 quod

508 5032 745 5104 postulat
779 5049 807 5084 a
860 5033 1037 5096 nobis,
1073 5033 1190 5100 ipsa
1218 5032 1392 5085 virtus
1419 5040 1522 5085 est.

583 5145 602 5178 ι
639 5125 888 5180 Scicntes
921 5126 1063 5193 quod
1103 5123 1252 5178 labor
1290 5135 1472 5179 vester
1521 5139 1628 5178 non
1676 5135 1759 5178 est
1807 5123 1984 5178 inanis
2028 5123 2080 5178 in

510 5217 759 5271 Domino.
803 5234 821 5266 ι
865 5215 976 5270 lloc
1027 5223 1129 5278 est,
1168 5215 1400 5268 futuram
1453 5215 1906 5269 resurrectionem
1960 5230 2084 5283 spe-

508 5318 712 5374 rantes,
742 5307 1134 5374 credentesque
1169 5320 1267 5359 vos
1294 5321 1400 5358 non
1431 5305 1730 5360 amissuros
1747 5322 2082 5377 quascunque

508 5401 594 5454 lttc
635 5399 1032 5457 laboraveritis.
1070 5398 1202 5452 Nam
1231 5399 1459 5451 antehac
1477 5399 1691 5466 quidem
1727 5399 2084 5469 negligebatis

507 5492 782 5554 virtutem,
812 5491 1008 5559 quippe
1033 5490 1123 5558 qui
1157 5505 1260 5543 non
1297 5489 1594 5543 crederetis
1631 5491 2080 5544 resurrectionem

507 5599 648 5648 esse,
667 5596 840 5651 neque
859 5581 1065 5636 velletis
1085 5591 1285 5634 temere
1324 5579 1567 5648 adeoque
1584 5577 1779 5634 frustra
1801 5581 2046 5634 laborare
2071 5599 2083 5634 :

2187 4651 2348 4720 δῆθεν
2405 4655 2780 4722 ἀναστάσεως,
2825 4662 2992 4730 φησί·
3044 4681 3062 4714 ι
3135 4664 3530 4735 Περισσεύοντες
3562 4661 3604 4712 ἓν
3624 4655 3674 4722 τῷ

2189 4743 2336 4815 ἔργῳ
2365 4745 2460 4799 τοῦ
2503 4748 2713 4819 Κυρίου
2759 4752 2989 4806 πάντοτε
3017 4770 3032 4785 ·
3081 4773 3100 4805 ι
3135 4757 3196 4808 οὐ
3228 4757 3381 4826 μόνον
3408 4756 3523 4808 αὐτὸ
3557 4753 3672 4818 ἐργα-

2189 4834 2428 4904 ζόμενοι,
2465 4835 2601 4891 ἀλλὰ
2621 4839 2716 4891 καὶ
2747 4841 2810 4894 ἐκ
2841 4845 3159 4912 περιουσίας
3196 4847 3325 4899 αὐτὸ
3347 4843 3602 4900 ποιοῦντες.
3624 4836 3670 4887 Τὸ

2187 4925 2243 4978 δὲ
2273 4926 2435 4996 ἔργον
2464 4929 2558 4981 τοῦ
2589 4930 2816 5001 Κυρίου,
2849 4936 3148 4998 τουτέστιν,
3185 4937 3212 4988 δ
3245 4938 3422 5006 ἀγαπᾷ
3453 4936 3477 4986 6
3507 4931 3666 4999 Κύριος,

2192 5017 2285 5070 καὶ
2327 5018 2355 5069 6
2382 5019 2607 5072 ἀπαιτεῖ
2632 5022 2764 5092 παρ’
2791 5025 2968 5094 ἡμῶν,
3005 5028 3039 5098 ή
3071 5029 3238 5099 ἀρετή
3270 5032 3427 5081 ἐστιν.

2268 5132 2286 5165 ι
2331 5115 2564 5180 Είδότες,
2596 5118 2678 5170 ὅτι
2714 5120 2808 5171 καὶ
2855 5123 2882 5173 6
2910 5121 3079 5185 κόπος
3133 5124 3284 5194 ὑμῶν
3320 5124 3411 5174 οὐκ
3437 5121 3532 5172 ἔστι
3561 5114 3664 5170 κεν’ς

2187 5206 2246 5258 ὲν
2273 5207 2485 5277 Κυρίῳ.
2546 5227 2564 5260 ι
2606 5211 2922 5275 Τουτὲστιν,
2971 5214 3299 5278 ἐλπίζοντες,
3334 5215 3410 5268 ὅτι
3445 5210 3663 5264 ἀνάστασις

2189 5298 2364 5364 ἔσται,
2399 5304 2492 5355 καὶ
2535 5303 2637 5358 ὅσα
2692 5303 2758 5357 ἂν
2813 5306 3136 5377 κοπιάσητε,
3196 5310 3256 5362 οὐ
3303 5307 3372 5376 μὴ
3416 5301 3659 5362 ἀπολέσητε.

2189 5393 2388 5464 Πρώην
2424 5395 2524 5464 μὲν
2551 5396 2661 5471 γᾴρ
2691 5398 2948 5467 ἠμελεῖτε
2994 5403 3092 5470 τῆς
3143 5400 3356 5471 ἀρετῆς,
3399 5397 3465 5459 ὡς
3506 5390 3565 5462 μὴ
3598 5402 3659 5436 πι-
3725 5417 3727 5441 ε

2191 5487 2474 5552 στεύοντες
2501 5493 2800 5545 ἀνάστασιν
2821 5489 2980 5560 εἶναι,
3010 5497 3102 5548 καὶ
3125 5495 3209 5548 διὰ
3230 5495 3374 5548 τοῦτο
3395 5493 3460 5562 μὴ
3482 5486 3656 5540 θέλοντες

2190 5580 2361 5644 κενῶς
2398 5586 2596 5654 κοπιᾷν
2627 5599 2641 5616 ⁸
2675 5585 2776 5639 νῦν
2802 5585 2855 5638 δὲ
2890 5587 3088 5652 οἴδατε,
3121 5591 3220 5655 ὅτι,
3260 5588 3309 5641 εἰ
3342 5603 3389 5639 τι
3411 5580 3654 5642 tramam“:

1779 5741 1980 5804 Variae
2013 5740 2337 5805 lectiones.

579 5871 627 5907 ὀ
649 5871 1046 5943 ἀπολειφθῆναι
1076 5887 1130 5928 o.
1204 5872 1246 5907 ⁹¹
1275 5872 1498 5944 ἴσχυσεν
1533 5887 1604 5927 nt.

1682 5872 1727 5905 ⁹²
1767 5871 2050 5945 καθῃρέθη
2080 5888 2134 5930 o.

2216 5875 2262 5908 ’³
2302 5873 2502 5929 δίδοται
2535 5891 2606 5930 tu.
2682 5878 2728 5910 "
2757 5878 2944 5950 ἐπειδὴ
2968 5895 3019 5932 o.
