3806 6596
182 432 266 496 785

886 414 1294 477 EXPOSITIO
1333 415 1416 478 ΙΝ
1455 416 1695 476 EPIST.
1736 416 1762 474 Ι
1798 417 1898 475 AD
1935 418 2102 481 COR.
2128 422 2357 482 -CAP
2416 422 2568 483 XVI.

3280 412 3385 479 756

181 546 260 599 οὐκ
276 538 407 592 ἔσται
430 527 597 585 κενόν.
621 529 695 582 Τδ
734 528 813 596 δι,
849 547 867 579 ι
890 529 979 582 Ἐν
1012 526 1223 599 Κυρίῳ,
1267 546 1286 581 ι
1317 527 1374 597 ἢ,
1397 527 1479 581 δτι
1517 526 1575 580 '0
1600 524 1695 580 κά.

1840 539 1945 579 unc
1996 536 2178 584 autem
2234 533 2489 599 novistis,
2536 534 2678 605 quod
2734 533 2778 589 si
2815 532 2943 601 quid
2979 528 3379 586 labors-veritis.

180 652 261 698 πος
282 629 414 702 ὑμῶν
437 626 463 679 δ
486 625 543 677 ὲν
577 622 791 694 Κυρίῳ,
825 621 1135 689 τουτέστιν,
1167 623 1195 675 δ
1218 622 1315 676 καὶ
1353 621 1454 691 τὴν
1480 619 1691 675 ἀνωθεν

183 724 391 800 βοήθειαν
422 714 669 795 ἐχων,ὡς
698 715 793 769 ἐπὶ
817 714 1133 786 θεαρέστοις
1160 712 1345 784 ἔργοις
1382 714 1692 782 γινόμενος

181 820 231 890 ἢ,
254 818 324 869 δτι
348 810 486 883 Παρὰ
514 809 702 880 Κυρίῳ
724 809 784 862 ού
806 808 1254 880 ματαιωθήσεται
1274 809 1302 861 ὁ
1343 807 1534 874 κόπος,
1561 803 1700 861 ἀλλά

178 904 373 980 λήψεσθε
400 901 517 974 παρ’
544 898 756 953 ἐκείνου
784 898 885 963 τάς
925 895 1180 968 ἀμοιϐάς.

707 1126 1115 1196 ΚΕΦΑΑ.ιςη

237 1270 253 1302 ι
283 1246 404 1318 Περὶ
428 1245 480 1299 δὲ
512 1244 611 1314 τῆς
639 1242 828 1313 λογίας
862 1244 964 1314 τῆς
1004 1242 1086 1306 εἰς
1118 1239 1243 1304 τοὺς
1276 1238 1488 1308 ἁγίους,
1514 1235 1707 1302 ῶσπερ

172 1342 355 1408 διέταξα
380 1342 494 1403 ταῖς
554 1336 911 1408 Ἐκκλησίαις
951 1334 1051 1405 τῆς
1102 1331 1396 1398 Γαλατίας,
1432 1328 1577 1384 οὕτω
1610 1329 1707 1383 καὶ

172 1433 301 1502 ὑμεῖς
325 1427 598 1499 ποιήσατε.
639 1445 660 1479 ι
710 1425 1053 1497 Ἀπαρτίσας
1097 1422 1192 1478 τδν
1248 1421 1378 1495 περί
1434 1420 1544 1475 τῶν
1585 1420 1707 1486 δογ-

172 1523 328 1593 μάτων
363 1520 537 1587 λόγον,
570 1519 649 1582 εἰς
672 1519 720 1553 ’⁸
749 1517 810 1572 τδ
856 1516 1155 1586 κεφάλαιον
1186 1515 1298 1570 τῶν
1345 1513 1558 1586 ἀρετῶν
1605 1513 1707 1584 τὴν

170 1612 499 1686 ἐλεημοσύνην
528 1607 685 1682 ἦλθε.
718 1607 997 1679 Λογίανδὲ
1020 1608 1180 1665 καλεῖ
1209 1608 1256 1640 ⁸⁸
1285 1606 1386 1678 τὴν
1416 1604 1703 1673 συλλογὴν,

172 1707 339 1775 κοῦφον
373 1704 529 1766 εὐθὺς
581 1703 644 1757 τὸ
693 1703 929 1774 πρᾶγμα
959 1700 1135 1756 ποιῶν
1164 1701 1229 1755 ἐκ
1266 1699 1591 1771 προοιμίων.
1633 1697 1707 1749 Τὸ

168 1800 256 1871 γάρ
275 1801 331 1852 ἐκ
352 1797 553 1852 πολλῶν
582 1796 1082 1866 συνεισφερόμενον
1141 1792 1344 1863 κοῦφον
1363 1786 1432 1864 ἦν
1463 1790 1702 1861 ἑκάστῳ.

173 1891 281 1949 Εἶτα
304 1894 377 1955 εἰς
397 1891 557 1962 ζῆλον
593 1890 794 1954 αὐτοὺς
824 1889 949 1959 ἄγει
975 1889 1019 1921 ⁸⁷
1053 1890 1120 1960 τῇ
1153 1886 1410 1958 διηγήσει
1449 1883 1559 1937 τῶν
1586 1882 1708 1936 ἐτέ-

174 2003 267 2058 ροις
292 1982 761 2055 κατορθωθέντων.
791 1984 966 2036 Ὣσπε
977 1999 1006 2053 ρ
1027 1979 1156 2050 γάρ,
1174 1980 1364 2051 φησὶν,
1386 1979 1436 2032 οἰ
1469 1975 1710 2030 Γαλάται
1762 1970 1765 1971 ν

169 2076 516 2148 πεποιήκασιν.
543 2076 661 2130 Ούκ
692 2072 813 2129 εἰπε
858 2075 937 2140 δὲ,
990 2074 1303 2146 Παρῂνεσα,
1351 2071 1509 2139 ἀλλὰ,
1560 2091 1580 2125 ι
1621 2074 1712 2125 Δι-

169 2170 325 2236 έταξα,
359 2188 378 2223 ι
408 2170 544 2240 ὅπερ
593 2169 1085 2240 αύθεντικώτερον,
1129 2167 1218 2221 ἵνα
1261 2166 1461 2239 μάθῃς,
1518 2166 1601 2220 ὅτι
1632 2166 1713 2221 δι-

169 2264 359 2333 άταγμα
402 2260 684 2334 βασιλικόν
726 2262 866 2327 ἐστι,
899 2262 995 2316 καὶ
1044 2260 1120 2334 μὴ
1161 2260 1585 2333 καταφρονήσῃς
1615 2258 1712 2314 τοῦ

168 2356 479 2426 πράγματος.

229 2467 246 2501 ι
278 2449 423 2503 Κατά
451 2450 584 2520 μίαν
611 2448 906 2503 Σαϐϐάτων
933 2448 1166 2512 ἕκαστος
1194 2449 1222 2502 ύ
1232 2447 1350 2519 μῶν
1383 2447 1511 2518 παρ’
1535 2445 1715 2515 ἑαυτῷ

164 2540 351 2608 τιθέτω,
374 2540 721 2611 θησαυρίζων
752 2540 781 2595 ὅ
810 2557 865 2593 τι
906 2539 974 2594 ἂν
1009 2539 1292 2593 εὐοδῶται.
1334 2559 1353 2592 ι
1387 2539 1534 2592 Μίαν
1575 2537 1716 2592 Σασ-

166 2632 321 2688 6άτων
354 2634 451 2705 τὴν
496 2634 796 2705 Κυριακὴν
824 2633 981 2688 καλεῖ
1007 2633 1078 2699 ⁸⁸,
1108 2634 1232 2688 ἀντὶ
1261 2632 1382 2696 τοῦ,
1411 2632 1510 2703 τὴν
1558 2631 1716 2703 πρώ-

164 2742 249 2797 την
272 2724 375 2779 τῶν
407 2724 503 2780 τοῦ
546 2726 835 2782 Σαϐϐάτου
863 2725 984 2796 ἦτοι
1009 2725 1107 2797 τῆς
1138 2723 1434 2795 ἑϐδομάδος
1467 2723 1713 2796 ἡμερῶν.

166 2819 259 2873 Καὶ
286 2820 386 2873 ἀπὸ
426 2820 526 2893 τῆς
551 2821 787 2893 -ὴμέρας
844 2820 902 2874 δὲ
951 2819 1048 2874 ἐπὶ
1103 2818 1476 2890 ἐλεημοσύνην
1519 2818 1719 2882 αὐτοὺς

164 2914 524 2986 προτρέπεται,
546 2915 659 2968 τῶν
676 2917 735 2971 ὲν
754 2915 894 2987 αύτῇ
922 2913 1239 2986 μυστηρίων
1260 2913 1715 2984 ὑπομιμνήσκων.

165 3005 517 3077 Προνοητικῶς
548 3007 610 3063 δὲ
641 3005 763 3064 λίαν
804 3005 1021 3061 κελεύει
1067 3004 1422 3076 θησαυρίζειν
1462 3003 1717 3068 ἕκαστον,

163 3096 280 3168 ὅπερ
305 3100 366 3153 ἀν
391 3098 682 3166 εὐοδῶται,
712 3098 1018 3158 τουτέστιν.
1041 3097 1177 3169 ὅπερ
1198 3097 1266 3152 ἂν
1295 3098 1323 3151 ὁ
1349 3094 1481 3159 Θεδς
1505 3094 1717 3168 πέμψῃ,

1802 631 1906 670 non
1923 616 1996 672 sit
2017 617 2256 676 futurum
2279 640 2497 680 vanmn.
2520 625 2674 693 Quod
2693 640 2823 680 vero
2842 628 2939 691 ait,
2964 643 2982 677 ι
3015 624 3068 678 in
3087 621 3335 683 Domino,
3359 636 3377 669 ι

1802 706 1884 762 νει
1915 709 2060 778 quod
2089 710 2242 767 labor
2266 724 2448 771 vester
2471 718 2562 786 qui
2597 728 2679 771 est
2715 718 2766 772 in
2804 717 3053 780 Domino,
3089 716 3193 770 hoc
3224 724 3329 780 est,
3352 729 3381 764 a

1804 803 2058 870 supernis
2099 808 2361 864 auxilium
2395 811 2625 879 habens,
2658 822 2716 867 ut
2744 812 2837 883 qui
2875 813 3055 866 tiatob
3079 825 3244 880 opera
3278 807 3388 862 Deo

1804 902 2001 961 grata:
2049 898 2158 966 vel,
2193 902 2332 971 apud
2376 903 2665 960 Dominum
2719 921 2825 959 non
2878 918 3050 960 vanus
3096 903 3189 957 lict
3235 902 3386 955 labor

1809 994 2009 1055 vester,
2038 1005 2224 1048 verum
2260 994 2540 1066 accipietis
2577 999 2646 1052 ab
2674 996 2765 1052 illo
2797 996 3321 1067 compensationem;

2355 1122 2615 1214 fCAPUT
2668 1134 2806 1193 XVL

1886 1240 2048 1300 Vens.
2097 1244 2145 1301 l.
2193 1265 2212 1301 ι
2265 1247 2341 1302 De
2361 1246 2591 1303 collecta
2645 1262 2775 1304 vero
2803 1263 2923 1318 quae
2957 1248 3093 1302 litin
3142 1256 3385 1310 sanctos,

1809 1335 1951 1391 sicut
1979 1337 2224 1394 ordinavi
2262 1340 2316 1394 in
2361 1339 2904 1405 EcclesiislGalatiae,
2936 1341 3016 1395 sic
3055 1351 3111 1397 et
3142 1342 3266 1395 ’vos
3304 1340 3387 1395 l'a-

1810 1426 1939 1482 cite.
1966 1450 1985 1481 ι
2012 1429 2275 1485 Absoluta
2293 1432 2358 1486 de
2374 1432 2716 1500 dOgmatibus
2736 1448 3008 1500 sermone,
3035 1432 3101 1487 ad
3123 1447 3387 1487 summam

1815 1518 2076 1576 virtutum
2107 1520 2526 1593 eleemosymam
2561 1527 2729 1580 venit.
2759 1524 2964 1594 Λογίαν
2999 1533 3178 1579 autem
3226 1523 3393 1579 colle-

1814 1612 2051 1668 Ctiouem
2084 1624 2265 1682 vocat,
2289 1616 2475 1673 statim
2495 1615 2563 1671 ab
2582 1617 2805 1672 exordio
2832 1632 2945 1671 rem
2966 1616 3136 1672 levem
3161 1614 3391 1671 faciens.

1815 1703 1949 1760 Nam
1976 1708 2119 1777 quod
2140 1724 2170 1763 a
2200 1712 2384 1768 multis
2409 1712 2855 1769 contribuebatnr
2877 1713 2993 1769 leve
3016 1711 3389 1784 eratsingulis.

1741 1823 1784 1882 Β
1818 1799 2017 1855 Deinde
2049 1800 2117 1856 ad
2150 1802 2546 1858 aemulationem
2576 1819 2672 1858 eos
2707 1803 2857 1859 ducit
2879 1802 3395 1858 coruutemoratione

1811 1907 2000 1948 eorum
2031 1909 2150 1965 qua:
2187 1895 2275 1950 alii
2308 1907 2612 1966 gesserant,
2645 1896 2815 1953 Sicuti
2858 1897 3085 1963 Galatae,
3118 1896 3393 1968 inquiens,

1813 1983 2084 2045 fecerunt.
2127 1988 2246 2044 Non
2283 1991 2420 2047 dixit
2449 2002 2654 2056 autem,
2694 1990 2954 2046 Hortalus
2994 2006 3137 2057 sum,
3181 2004 3391 2056 verum,

1821 2098 1840 2133 ι
1886 2081 2160 2149 ordinavi,
2204 2102 2224 2135 ι
2292 2085 2437 2154 quod
2483 2094 2604 2143 erat
2651 2086 2877 2158 majoris
2921 2084 3282 2146 auctoritatis.
3332 2090 3392 2139 ut

1813 2171 1994 2229 discas
2014 2175 2425 2233 ordinationem
2447 2192 2570 2236 esse
2595 2178 2823 2251 regiam,
2865 2190 3040 2248 neque
3072 2191 3190 2233 rem
3218 2175 3391 2247 ipsam

1813 2269 2146 2339 asperneris.

1880 2448 2134 2513 Vens}.
2177 2474 2196 2508 ι
2242 2456 2302 2512 In
2366 2471 2471 2511 una
2507 2455 2864 2512 Sabbatornm
2911 2452 3398 2523 unusquisquevc-

1817 2556 1989 2602 Sll‘llln
2026 2549 2167 2617 apud
2193 2562 2254 2603 se
2291 2557 2519 2619 seponat
2550 2549 2855 2603 recondens
2887 2546 3030 2615 quod
3078 2558 3397 2617 prosperum

1816 2637 2001 2694 fuerit.
2034 2656 2054 2690 ι
2096 2636 2271 2694 Unam
2308 2637 2668 2697 Sabbatorum
2721 2636 3059 2693 Dominicam
3085 2644 3264 2703 vocat,
3298 2635 3400 2689 hoc

1818 2740 1903 2787 est
1944 2730 2173 2801 primam
2219 2727 2437 2787 Sabbati
2498 2730 2580 2785 vel
2634 2730 2988 2786 hebdomadis
3048 2728 3284 2785 dierum.
3318 2726 3399 2782 Ab

1821 2825 1938 2895 ipso
1964 2831 2145 2879 autem
2166 2823 2252 2880 die
2280 2823 2347 2880 ad
2375 2824 2775 2895 eleemosynam
2794 2838 2889 2879 eos
2915 2822 3183 2889 hortatur,
3204 2829 3404 2893 myste-

1822 2918 2026 2974 riorum
2058 2933 2179 2989 qua:
2235 2918 2290 2974 in
2334 2932 2399 2972 eo
2433 2925 2764 2988 peraguntur
2796 2916 3125 2971 mentionem
3170 2912 3395 2969 faciens.

1825 3008 1994 3066 Valde
2046 3018 2225 3066 autem
2254 3006 2556 3083 prudenter
2593 3007 2750 3078 jubet
2790 3007 3088 3078 quemlibet
3144 3004 3399 3076 colligere

1821 3102 1966 3173 quod
1991 3103 2335 3169 successerit,
2371 3103 2473 3158 hoc
2506 3110 2612 3165 est,
2643 3100 2905 3172 quidquid
2942 3100 3082 3156 Deus
3105 3099 3309 3155 dederit
3336 3114 3401 3154 ac

163 3189 243 3242 καὶ
269 3190 295 3244 ὃ
322 3192 542 3263 εὐχερὲς
569 3192 692 3266 ἔχῃ.
728 3192 802 3247 υύ
852 3192 961 3263 γάρ
997 3189 1174 3254 εἶπεν,
1219 3190 1395 3254 Εὐθὺς
1440 3189 1594 3262 φέρε,
1633 3190 1715 3243 ἵνα

1833 3195 2056 3260 miserit,
2084 3205 2140 3250 et
2161 3195 2309 3267 quod
2337 3193 2492 3249 facile
2524 3203 2727 3262 putest.
2765 3191 2880 3248 Non
2911 3192 3055 3247 enim
3090 3190 3246 3251 dixit.
3274 3184 3400 3245 Sta-

163 3279 228 3352 ιιὴ
250 3280 422 3354 ὀλίγον
452 3302 541 3348 τις
580 3283 719 3356 ἔχων
745 3283 1094 3355 αἰσχύνηται,
1126 3281 1284 3347 ἀλλὰ,
1318 3279 1475 3353 Παρά
1507 3281 1722 3353 σεαυτῷ

163 3371 365 3445 σύναγε,
388 3381 483 3434 καὶ
512 3376 649 3430 ὅταν
678 3375 957 3446 ἀξιόλογον
981 3376 1027 3409 ⁸⁸
1062 3374 1316 3447 γένηται,
1342 3373 1465 3427 τότε
1492 3373 1648 3446 φέρε.

223 3576 240 3610 ι
278 3560 392 3615 Ἵνα
422 3559 499 3632 μὴ
527 3561 664 3615 ὅταν
694 3558 854 3625 ἔλθω,
877 3558 1000 3613 τότε
1034 3556 1215 3627 λογίαι
1236 3556 1518 3625 γίνωνται.
1558 3576 1578 3611 ι
1604 3558 1722 3613 Ἵνα

163 3651 247 3725 μὴ.
298 3655 483 3727 φησιν,
523 3657 660 3710 ὅταν
715 3652 812 3728 δέῃ
859 3652 1195 3717 ἀναλίσκειν,
1247 3652 1369 3707 τότε
1425 3654 1721 3726 συνάγητε.

158 3747 322 3801 Εἰπὼν
353 3749 431 3816 δὲ,
471 3769 491 3801 ι
534 3748 712 3803 Ὅταν
749 3746 912 3815 ἔλθω,
952 3767 971 3801 ι
1012 3745 1460 3818 προθυμοτέρους
1524 3748 1725 3812 αὐτοὺς

160 3839 280 3909 πρὸς
307 3840 406 3912 τὴν
436 3838 713 3914 συλλογὴν
744 3842 913 3905 ποιεῖ,
937 3839 1012 3903 ὡς
1044 3839 1131 3892 ἐπ’
1162 3839 1352 3911 ὄψεσιν
1389 3839 1557 3894 αὐτοῦ
1593 3840 1725 3912 μελ-

158 3929 335 4002 λούσης
361 3932 591 3987 ἐσεσθαι
627 3932 727 4003 τῆς
756 3932 1142 4002 συνεισφορᾶς.

222 4042 241 4077 ι
279 4026 443 4081 Ὅταν
463 4026 525 4082 δὲ
556 4024 984 4096 παραγένωμαι,
1007 4023 1107 4088 οὒς
1128 4025 1225 4078 saw
1252 4024 1712 4097 δοκιμάσητε,’δι⁹

158 4120 456 4187 ἐπιστολῶν,
501 4121 735 4183 τούτους
803 4118 1006 4191 πέμψω
1059 4119 1389 4189 ἀπενεγκεῖν
1432 4118 1532 4190 τὴν
1565 4120 1726 4192 χάριν

158 4210 295 4281 ὑμῶν
357 4216 437 4277 εἰς
481 4212 870 4284 Ἰερουσαλήμ.
909 4230 929 4264 ι
964 4211 1164 4276 Καλῶς
1190 4211 1280 4278 τὸ,
1316 4230 1335 4265 ι
1371 4210 1481 4276 Οὓς
1516 4213 1611 4266 ὲάν
1642 4213 1729 4266 δο-

158 4305 434 4376 κιμάσητε,
466 4324 487 4358 ι
523 4305 795 4371 τέθεικεν,
816 4303 1145 4376 ἀποφεύγων
1170 4304 1449 4375 πανταχοῦ
1467 4305 1535 4360 τά
1564 4307 1731 4360 σκάν-

155 4395 293 4462 δαλα,
322 4399 412 4453 ἵνα
446 4398 526 4470 μὴ
572 4397 991 4452 ύποπτεύωσσιν
1035 4398 1112 4462 ὡς
1166 4398 1330 4463 αὑτός
1366 4415 1421 4451 τι
1475 4397 1726 4467 βούλεται

154 4491 495 4560 νοσφίζεσθαι
523 4494 594 4544 ἐκ
618 4489 728 4544 τῶν
757 4490 1166 4561 συναγομένων.
1200 4490 1390 4556 Στίξον
1413 4485 1507 4545 οὖν
1537 4492 1617 4555 είς
1644 4490 1724 4554 τὸ,

161 4604 177 4633 ι
202 4583 573 4656 Δοκιμάσητε·
606 4602 625 4635 ι
654 4577 774 4636 εἷτα
801 4581 1096 4650 ἀνάγνωθι,
1116 4600 1135 4633 ι
1159 4580 1237 4635 Δι’
1267 4581 1569 4636 ἐπιστολῶν
1596 4581 1722 4636 τού-

151 4689 266 4740 τους
303 4675 531 4747 πέμψω⁹
587 4693 606 4726 ι
639 4674 781 4728 ὥστε
807 4670 948 4728 εἶναι
974 4673 1037 4727 τὸ
1077 4673 1205 4745 ἑξῆς
1226 4672 1486 4727 τοιοῦτον
1526 4672 1634 4737 Οὓς
1653 4673 1722 4728 ἂν

151 4764 502 4840 δοκιμάσητε,
554 4766 781 4829 τούτους
813 4764 1017 4836 πέμψω
1065 4764 1153 4819 διά
1214 4764 1326 4818 τῶν
1377 4766 1728 4836 γραμμάτων

153 4876 246 4929 μου
271 4876 285 4891 ·
309 4861 520 4916 ὡσανεί
544 4860 725 4930 λέγων
754 4875 769 4891 ⁸
801 4859 911 4912 Καὶ
946 4857 1111 4921 αὐτὸς
1139 4856 1437 4925 συνέσομαι
1469 4858 1487 4888 ί
1519 4857 1727 4924 αὐτοῖς,

150 4950 237 5005 καὶ
258 4956 587 5026 κοινωνήσω
647 4952 745 5023 τῆς
792 4950 1069 5013 διακονίας
1094 4947 1182 5002 διά
1223 4948 1332 5002 τῶν
1358 4949 1728 5019 γραμμάτων.

148 5040 316 5111 Χάριν
347 5044 408 5097 δὲ
447 5044 509 5097 τὸ
541 5043 777 5114 πρᾶγμα
799 5039 1052 5102 ἐκάλεσε,
1076 5037 1328 5092 τουτέστι
1382 5036 1725 5106 φιλοτιμίαν,

153 5131 236 5188 ἶνα
264 5134 418 5209 δείξῃ
448 5136 651 5199 αὐτοὺς
682 5135 827 5204 μέγα
852 5150 905 5187 τι
943 5131 1257 5196 ποιοῦντας,
1288 5130 1386 5185 καὶ
1405 5132 1507 5185 οὐκ
1537 5133 1603 5185 ὲκ
1627 5130 1729 5186 λύ-

150 5242 277 5298 πης,
306 5229 342 5300 ἢ
366 5230 431 5297 ἐξ
462 5230 713 5300 ἀνάγκης
737 5245 752 5261 ·
779 5227 1025 5282 τοιοῦτον
1067 5226 1176 5298 γὰρ
1207 5226 1241 5296 ὴ
1288 5225 1472 5297 χάρις.
1498 5225 1574 5279 To
1617 5226 1730 5296 γάρ

152 5316 528 5393 ἐλεημοσύνην
556 5324 753 5389 εἰπεῖν,
781 5321 998 5389 ἀνάξιον
1021 5314 1090 5393 ἦν
1111 5319 1222 5373 τῶν
1245 5317 1552 5390 μελλόντων
1585 5318 1731 5391 λαμ-

151 5410 333 5467 6άνειν
363 5414 568 5482 ἁγίων.

223 5522 244 5557 ι
298 5505 433 5560 Ἔάν
465 5505 528 5560 δὲ
554 5502 588 5582 ᾗ
612 5507 764 5571 ἀξιον
794 5504 889 5561 τοῦ
920 5504 1069 5575 κάμὲ
1099 5491 1450 5576 πορεύεσθαι,
1476 5504 1574 5557 σὺν
1604 5502 1730 5574 ἐμοὶ

152 5595 541 5666 πορεύσονται.
580 5617 600 5652 ι
645 5598 771 5653 Ἐἀν
803 5594 863 5673 ᾖ,
894 5597 1052 5669 φησὶ,
1084 5596 1146 5651 τὸ
1208 5596 1585 5667 συναγόμενον
1635 5612 1727 5650 το-

1822 3286 1920 3342 tim
1955 3286 2066 3353 fer,
2097 3301 2165 3342 ne
2191 3286 2314 3356 quis
2345 3300 2532 3356 parum
2564 3286 2772 3341 habens
2798 3282 3048 3355 {pudeﬁat
3076 3299 3093 3340 :
3132 3282 3227 3339 sed
3251 3282 3397 3337 enim

1823 3380 1965 3452 apud
1984 3378 2211 3450 teipsum
2224 3379 2442 3451 collige,
2461 3387 2516 3435 et
2534 3377 2747 3449 quando
2768 3392 2947 3448 opem
2963 3376 3196 3447 pretium
3217 3375 3373 3430 luerit
3386 3416 3405 3441 ,

1824 3481 1940 3532 tum
1971 3471 2127 3531 aifer.

1904 3584 1924 3619 ι
1965 3565 2039 3623 Ut
2068 3581 2199 3632 non,
2249 3580 2371 3621 cum
2402 3578 2629 3631 venero,
2672 3572 2781 3619 tum
2816 3560 3166 3618 collectiones
3196 3560 3346 3615 (iant.
3380 3578 3399 3611 ι

1826 3656 1899 3717 Ut
1933 3672 2039 3714 non
2076 3671 2198 3715 cum
2233 3672 2368 3728 opus
2403 3656 2567 3712 fuerit
2598 3654 2922 3727 expendere,
2965 3662 3075 3708 tum
3115 3651 3402 3722 colligatis.

1826 3750 2068 3808 Dicendo
2098 3760 2303 3816 autem,
2342 3769 2361 3803 ι
2386 3748 2523 3806 Cum
2564 3762 2784 3814 venero,
2825 3766 2845 3801 ι
2885 3761 2981 3802 eos
3036 3745 3405 3818 promptiores

1824 3844 1958 3901 facit
2006 3844 2075 3900 ad
2118 3842 2694 3913 collectionem,quasi
2743 3839 3076 3898 contributio
3105 3838 3174 3894 ad
3214 3836 3405 3893 oculos

1828 3937 1998 4009 ipsius
2029 3946 2358 4007 perventura
2394 3937 2485 3991 sit.
3050 3975 3056 3981 .

1899 4029 2060 4101 233
2090 4028 2251 4083 \‘ens.
2283 4027 2338 4087 5.
2376 4046 2396 4080 ι
2432 4027 2656 4095 Quando
2677 4034 2857 4081 autem
2912 4024 3204 4087 advenero,
3267 4039 3406 4094 quos

1829 4123 2190 4192 probaveritis
2218 4137 2314 4194 per
2349 4121 2609 4191 epistolas
2637 4121 2735 4175 hos
2768 4121 2979 4175 mittam
3014 4118 3260 4191 perferre
3281 4132 3408 4188 διτο-

1832 4218 1959 4273 tiam
2028 4226 2261 4272 vestram
2324 4215 2378 4270 in
2435 4212 2759 4271 Jerusalem.
2821 4234 2842 4270 ι
2903 4214 3134 4271 Pulchre
3204 4232 3224 4271 ι
3260 4211 3407 4281 Quos

1831 4308 2187 4380 probaveritis
2218 4327 2238 4363 ι
2291 4308 2494 4379 posuit,
2550 4308 2749 4377 ubique
2799 4307 3054 4362 scandala
3102 4305 3409 4376 aufugiens,

1831 4416 1900 4477 ne
1939 4402 2283 4470 suspicentur
2306 4401 2501 4470 {ipsum
2551 4399 2689 4455 velle
2721 4399 3014 4469 quidquam
3046 4396 3333 4477 sublegere
3376 4413 3423 4453 ιι.

1831 4474 2091 4546 collectis.
2174 4490 2397 4547 Comma
2478 4489 2644 4561 igitur
2710 4497 2831 4560 post
2888 4508 2907 4542 ι
2968 4473 3335 4546 Probaveritis
3380 4508 3403 4542 ι

1829 4583 2009 4653 adiice
2043 4581 2280 4638 :deinde
2317 4582 2456 4650 lege,
2512 4599 2531 4634 ι
2572 4579 2678 4637 Per
2715 4581 2975 4652 epistolas
3014 4582 3114 4637 hos
3143 4583 3353 4636 mittam
3384 4601 3402 4635 ι

1832 4687 1890 4731 ut
1924 4675 2235 4746 hujusmodi
2272 4675 2394 4730 inde
2414 4689 2606 4730 sensus
2653 4675 3011 4729 conciunetur
3042 4688 3058 4729 :
3090 4674 3238 4744 Quos
3276 4690 3409 4746 pro-

1834 4749 2114 4837 baueritis,
2146 4772 2248 4831 hos
2299 4771 2512 4825 mittam
2546 4784 2642 4839 per
2675 4770 2888 4825 litteras
2942 4785 3133 4836 meas;
3188 4771 3413 4840 perinde

1833 4880 1898 4921 ac
1928 4865 1972 4920 si
2005 4863 2208 4919 diceret
2241 4875 2257 4921 :
2289 4862 2410 4931 Ipse
2442 4862 2606 4917 etiam
2634 4876 2757 4915 cum
2799 4861 2906 4918 illis
2959 4876 3307 4926 concurram,
3357 4871 3412 4916 et

1836 4973 1932 5029 per
1958 4957 2167 5013 litteras
2206 4954 2476 5026 particeps
2509 4968 2602 5010 ero
2628 4953 2937 5011 ministerii.
2962 4953 3202 5009 Gratiam
3231 4961 3411 5009 autem

1837 5063 1950 5103 rem
1988 5048 2156 5116 ipsam
2190 5044 2426 5110 vocavit,
2445 5045 2498 5099 id
2523 5053 2608 5100 est
2648 5043 3052 5112 liberalitatem,
3079 5052 3134 5098 ut
3161 5044 3413 5099 Ostendat

1827 5120 1921 5194 eos
1948 5152 2202 5207 magnum
2225 5135 2354 5205 quid
2379 5146 2660 5204 praestare.
2693 5145 2748 5190 et
2779 5151 2885 5190 non
2919 5152 2987 5193 ex
3040 5149 3275 5192 mmrore
3328 5136 3409 5191 vel

1828 5226 2171 5281 necessitate.
2199 5222 2333 5279 Tale
2361 5224 2507 5279 enim
2536 5225 2790 5295 quiddam
2816 5234 2899 5279 est
2933 5226 3130 5295 gratia,
3190 5223 3325 5280 Nam
3358 5227 3407 5281 ei

1828 5318 2057 5374 dixisset
2083 5318 2506 5390 eleemosynam,
2531 5316 2809 5391 indignum
2844 5315 3035 5372 fuisset
3085 5317 3288 5373 sanctis
3317 5318 3408 5385 qui

1830 5410 2104 5481 accepturi
2134 5419 2313 5467 erant.

1908 5502 2076 5560 Vens.
2105 5503 2160 5558 4.
2196 5523 2215 5556 ι
2251 5502 2307 5558 Si
2331 5512 2509 5559 autem
2531 5500 2751 5575 dignum
2777 5501 2938 5556 fuerit
2968 5509 3025 5554 ut
3055 5514 3110 5556 et
3141 5517 3240 5569 ego
3264 5517 3407 5566 ram,

1835 5612 2049 5655 mecum
2079 5597 2250 5653 ibunt.
2273 5613 2293 5648 ›
2322 5594 2402 5661 Si,
2418 5594 2766 5667 inquit,quod
2783 5592 3066 5650 collectum
3081 5605 3183 5662 est,
3203 5605 3415 5655 tantum

1443 5738 1662 5802 Variae
1706 5738 2034 5802 lectiones.

218 5861 263 5893 ”
297 5863 440 5933 πρὸς
470 5880 529 5921 ο.
605 5866 648 5897 ’⁸
673 5866 824 5937 λέγει
858 5880 912 5923 o.
988 5867 1035 5900 ’⁷
1062 5865 1275 5937 εἰσάγει
1305 5882 1356 5925 ο.
1434 5868 1480 5901 ⁸⁸
1508 5865 1680 5931 δηλοῖ,
1712 5866 1804 5923 καί
1836 5882 1971 5945 φησι.
2001 5880 2057 5922 o.
2133 5864 2178 5896 ⁸⁸
2216 5860 2535 5931 ἀξιόπιστον
2574 5876 2629 5920 o.
2711 5863 2727 5893 ³
2751 5859 3045 5933 ἐλεύσομαι
3078 5878 3139 5923 ο.
