3806 6578
418 398 524 484 ιρι

1265 420 1849 486 THEOPHYLACTI‘
1884 420 2303 485 BULGARl/E
2341 422 2698 484 ARCHIEP.
3557 424 3642 488 788

421 538 512 597 sit,
544 540 604 586 ut
633 543 752 587 meo
780 531 849 587 sit
886 531 1189 588 ministerio
1223 532 1464 605 dignum,
1496 542 1596 604 ego
1627 532 1788 589 simul
1812 533 1993 586 abibo.

2107 531 2297 585 σοῦτον
2338 530 2381 597 ¹,
2413 531 2556 587 ὥστε
2586 529 2682 583 καὶ
2702 527 2807 599 τῆς
2848 530 2988 600 ἐμῆς
3013 521 3164 597 ἀξιον
3202 522 3345 583 εἶναι
3383 529 3643 598 διακονίας,

421 621 525 679 Per
549 624 657 679 hoc
683 632 864 680 autem
891 639 985 680 eos
1014 624 1080 680 ad
1105 624 1482 681 liberalitatem
1509 624 1776 682 hortatur.
1806 614 1999 680 Testes

418 725 597 771 autem
630 716 831 772 habere
860 717 993 783 vult,
1027 718 1171 787 quod
1196 719 1309 790 ipse
1343 719 1484 774 nihil
1532 719 1603 775 sit
1652 728 1998 788 accepturus,

420 812 705 881 propterea
740 810 874 866 dicit
906 828 920 865 :
965 822 991 863 c‘
1025 808 1237 867 necum
1261 811 1435 867 ibunt‘.
1486 822 1507 866 ι

490 989 659 1045 Vens.
689 989 802 1045 5-7.
835 1009 855 1043 ι
891 988 1123 1045 Veniam
1147 999 1323 1045 autem
1353 992 1421 1045 ad
1450 1000 1565 1056 vos,
1599 994 1722 1049 cum
1756 984 2001 1047 Macedo-

418 1083 564 1137 niam
589 1082 961 1153 pertransicro
1002 1084 1150 1153 (nam
1173 1079 1542 1138 Macedoniam
1599 1085 1994 1155 pertransiho).

416 1178 573 1247 Apud
599 1192 693 1234 vos
718 1185 897 1233 autem
932 1176 1115 1233 forsan
1142 1179 1487 1249 permanebo,
1509 1187 1601 1232 aut
1630 1180 1793 1233 etiam
1819 1178 2002 1234 hiber-

420 1270 583 1337 nabo,
618 1280 674 1326 ut
701 1287 798 1327 vos
838 1274 923 1326 me
976 1270 1260 1327 deducatis
1316 1287 1640 1342 quocunque
1676 1272 1810 1327 iero.
1864 1270 2000 1327 Nolo

418 1363 566 1419 enim
588 1379 682 1419 vos
712 1364 872 1419 modo
906 1366 956 1418 i'n
986 1348 1217 1418 transitu
1251 1363 1453 1425 videre.
1489 1362 1662 1434 Spero
1689 1377 1871 1419 autem
1904 1365 2001 1418 ali-

417 1463 677 1523 quantum
709 1456 966 1525 temporis
1017 1471 1103 1511 me
1155 1470 1571 1522 permansurum
1628 1456 1766 1527 apud
1803 1472 1915 1519 vos,
1952 1457 1997 1511 si

419 1546 682 1603 Dominus
717 1547 1043 1618 permiserit.
1086 1567 1104 1599 ι
1160 1532 1277 1603 Non
1323 1549 1487 1614 dixit,
1516 1547 1573 1604 in
1625 1545 1995 1605 Macedoniam

419 1638 759 1705 proﬁciscor,
812 1657 880 1695 ne
934 1640 1219 1708 objiciunt,
1277 1640 1447 1698 Nobis
1500 1657 1629 1713 ergo
1678 1627 2000 1698 Macedones

421 1730 644 1797 praefers
683 1750 696 1787 :
735 1734 852 1797 sed,
896 1752 915 1785 ι
966 1733 1211 1790 Transeo
1244 1730 1643 1798 Macedoniam,
1694 1758 1714 1788 ο
1766 1734 1868 1790 hoc
1892 1743 1995 1799 est,

418 1808 784 1889 FeStinanter,
832 1840 895 1879 ac
925 1824 1089 1881 veluti
1150 1825 1205 1881 in
1256 1835 1567 1881 transcursu
1637 1842 1732 1881 eos
1781 1826 1938 1881 video
1977 1844 1988 1879 :

2101 623 2260 693 κάγὼ
2288 622 2693 693 ἀπελεύσομαι.
2740 618 2843 675 ᾶιὰ
2896 620 3090 676 τούτου
3143 620 3203 677 δὲ
3266 623 3351 685 είς
3402 621 3645 691 δαψίλειαν

2102 717 2303 782 αὐτοὺς
2325 716 2720 789 προτρέπεται.
2753 710 3062 787 Μάρτυρες
3088 712 3145 768 δὲ
3178 716 3279 769 καὶ.
3317 712 3495 779 οὕτως
3529 711 3647 783 ἔχειν

2102 810 2371 882 βούλεται,
2404 808 2480 872 ὡς
2506 804 2662 863 οὐδὲν
2695 807 2860 872 αύτδς
2879 808 3109 879 λήψεται
3128 806 3172 843 ³’·
3195 808 3277 863 διδ
3298 822 3437 882 φησι
3459 825 3485 840 ο·
3508 825 3531 861 ‹
3552 810 3640 863 Σὺν

2100 902 2228 973 ἐμοὶ
2255 902 2645 974 πορεύσονται.

2177 1013 2196 1047 ι
2245 993 2571 1065 Ἐλεύσομαι
2614 994 2672 1048 δὲ
2724 993 2864 1066 πρὸς
2920 993 3106 1064 ὑμᾶς,
3153 994 3282 1046 ὅταν
3336 991 3646 1046 Μακεδονίαν

2100 1086 2294 1140 διέλθω
2351 1087 2718 1158 (Μακεδονίαν
2755 1086 2867 1157 γὰρ
2893 1082 3231 1157 διέρχομαι).
3265 1083 3409 1155 Πρδς
3447 1084 3579 1153 ὑμᾶς
3603 1085 3647 1137 δὲ

2099 1180 2263 1250 τυχὸν
2285 1181 2378 1233 καὶ
2408 1180 2735 1251 παραμενῶ,
2762 1178 2796 1250 ἦ
2821 1179 2917 1235 καὶ
2950 1176 3377 1250 παραχειμάσω,
3399 1176 3488 1229 ἵνα
3518 1175 3646 1245 ὑμεῖς

2105 1289 2172 1344 με
2204 1273 2592 1344 προπέμψητε,
2641 1263 2704 1327 οὗ
2756 1272 2824 1326 ἂν
2876 1270 3236 1340 πορεύωμαι.
3271 1269 3347 1322 Οὐ
3400 1264 3532 1321 θέλω
3562 1266 3649 1338 γάρ

2100 1364 2247 1437 ὑμᾶς
2279 1365 2404 1437 ἄρτι
2434 1368 2493 1420 έν
2527 1365 2748 1437 παρόδῳ
2781 1363 2912 1418 ίδεῑν
2935 1379 2950 1395 ο
2985 1357 3192 1427 ἐλπίζω
3234 1360 3292 1415 δὲ
3340 1357 3527 1430 χρόνον
3548 1360 3649 1411 τινὰ

2100 1459 2381 1528 ἐπιμεῖναι
2408 1458 2544 1530 πρὸς
2568 1459 2734 1529 ὑμᾶς,
2758 1456 2854 1509 ἐὰν
2886 1444 2914 1509 δ
2943 1455 3148 1525 Κύριος
3170 1446 3468 1523 ἐπιτρέπῃ.
3505 1469 3523 1502 ι
3555 1449 3649 1503 Οὐκ

2100 1549 2275 1618 εἶπεν,
2311 1552 2395 1607 ὅτι
2424 1552 2517 1616 Εἰς
2545 1539 2892 1606 Μακεδονίαν
2917 1538 3254 1619 ἀπέρχομαι,
3287 1545 3377 1599 ῖνα
3412 1541 3485 1614 μὴ
3506 1542 3651 1596 εἴπω-

2102 1665 2207 1713 σιν,
2240 1649 2323 1701 δτι
2358 1647 2647 1719 Προτιμᾷςη
2694 1646 2853 1717 ἡμῶν
2878 1642 3200 1705 Μακεδόνας
3227 1658 3243 1675 ·
3275 1639 3434 1706 ἀλλὰ,
3465 1659 3483 1691 ι
3516 1639 3647 1708 Διέρ-

2100 1759 2267 1812 χομαι
2311 1740 2678 1806 Μακεδονίαν,
2713 1758 2731 1792 ι
2760 1739 3063 1799 τουτέστιν,
3114 1737 3209 1798 Ὠς
3248 1734 3394 1787 κατά
3443 1730 3647 1801 σπουδὴν

2101 1835 2195 1889 καὶ
2218 1834 2277 1887 ἐν
2302 1833 2526 1906 παρόδῳ
2571 1834 2770 1896 αύτοὺς
2814 1831 3000 1903 βλέπω
3023 1846 3036 1861 ⁸
3068 1828 3199 1897 παρ’
3234 1828 3365 1897 ὑμῖν
3411 1824 3467 1878 δὲ
3495 1841 3647 1895 παρα-

417 1914 565 1984 ιιριιιί
605 1920 702 1971 vos"
742 1927 920 1971 autem
948 1918 1313 2000 permanebo.
1346 1916 1452 1972 Per
1490 1917 1594 1973 hoc
1639 1928 1819 1973 autem
1851 1918 1991 1973 iudi-

2108 1927 2274 2001 μενῶ.
2307 1927 2409 1982 Διὰ
2434 1926 2625 1981 τούτου
2665 1922 2722 1980 δὲ
2765 1925 3007 1980 δείκνυσι
3050 1921 3150 1993 μὲν
3189 1921 3285 1975 καὶ
3325 1920 3407 1973 ὃτι
3442 1914 3647 1988 προτιμᾷ

417 2012 530 2071 eat,
578 2010 720 2077 quod
769 2024 864 2064 eos
904 1996 1293 2065 Macedonibus
1333 2016 1649 2086 anteponat,
1693 2024 1788 2066 ceu
1835 2010 1997 2065 disci-

418 2097 575 2171 pulqu
623 2098 794 2171 magis
832 2100 1097 2171 genuinos
1124 2108 1188 2155 ac
1227 2099 1499 2171 digniores
1545 2117 1559 2156 :
1616 2108 1739 2156 nam
1798 2117 1995 2170 magna

421 2192 706 2264 δέοιθ’ρὶιά
765 2182 1082 2250 Corinthios
1138 2182 1408 2251 Ecclesia.
1469 2185 1757 2251 Terrorem
1813 2196 1995 2251 autem

334 2284 347 2293 ’
419 2288 618 2343 incutit
668 2288 1038 2358 peccantibus,
1095 2304 1215 2343 cum
1249 2286 1449 2359 inquit,
1489 2305 1509 2340 ι
1571 2286 1925 2344 Per’nianebo.
1972 2307 1990 2339 ι

413 2379 578 2435 Addit
601 2390 803 2447 autem,
836 2401 855 2434 ι
880 2377 1085 2437 Forsan
1114 2398 1130 2449 ;
1153 2399 1171 2432 ι
1197 2382 1319 2451 quia
1341 2381 1485 2437 haud
1506 2382 1641 2438 satis
1658 2394 1839 2438 certus
1856 2392 1994 2437 erat.

418 2464 535 2529 Non
570 2472 715 2529 enim
761 2480 1095 2545 cumpertum
1126 2475 1378 2541 habebat,
1410 2474 1890 2545 permitt’er‘e’turne
1945 2474 1993 2529 ei

423 2562 524 2621 hoc
548 2582 588 2631 β
631 2560 841 2635 Spiritu
874 2557 1091 2632 sancto,
1116 2582 1183 2620 an
1220 2566 1400 2625 secus.
1429 2567 1471 2621 Α
1506 2565 1707 2637 Spiritu
1733 2565 1877 2621 enim
1900 2568 1998 2621 du-

416 2659 663 2724 cebatur,
700 2674 1025 2731 quocunque
1055 2661 1170 2731 ipse
1196 2659 1428 2714 volebat.
1461 2657 1532 2712 At
1554 2660 1683 2713 vero
1700 2660 1821 2713 cum
1850 2660 1999 2714 esset

416 2732 641 2825 Ephesi,
671 2752 1017 2825 profecturus
1044 2762 1163 2808 erat
1188 2752 1242 2806 lu
1275 2742 1664 2817 Macedoniam,
1686 2762 1845 2820 atque
1872 2766 1992 2807 eam

418 2845 750 2902 transiturus
772 2843 1042 2910 celeriter,
1065 2843 1259 2899 deinde
1283 2844 1349 2898 ad
1365 2858 1460 2900 eos
1489 2843 1683 2898 iturus.
1715 2842 1996 2914 Plerisque

419 2947 600 2993 autem
637 2932 971 3006 argumentis
995 2951 1151 2991 suum
1180 2943 1414 2991 testatur
1440 2936 1568 3006 erga
1600 2949 1694 2990 eos
1719 2938 1993 3000 allectum,

415 3037 470 3082 et
496 3026 641 3098 quod
693 3025 829 3082 nolit
851 3039 945 3082 eos
975 3026 1028 3081 in
1063 3032 1380 3082 transcursu
1407 3033 1464 3081 et
1502 3025 1682 3082 obiter
1712 3025 1916 3093 videre,
1943 3034 1997 3080 et

420 3117 562 3188 quod
598 3117 666 3172 ab
692 3118 772 3173 eis
805 3117 995 3172 deduci
1026 3115 1174 3173 velit.

2101 2021 2305 2086 αὐτοὺς
2363 2014 2718 2087 Μακεδόνων,
2766 2018 2841 2082 ὡς
2867 2016 3279 2087 γνησιωτέρους
3310 2010 3547 2083 μαθητὰς
3572 2013 3645 2066 καὶ

2100 2113 2564 2184 ἀξιολογωτέρους
2585 2129 2597 2142 ·
2630 2110 2848 2182 μεγάλη
2878 2110 3043 2181 γάρὴ
3073 2110 3131 2161 ὲν
3156 2105 3410 2177 Κορίνθῳ
3450 2104 3648 2173 Ἐκκλη-

2102 2209 2224 2263 σίαο
2259 2207 2415 2277 φοϐεῖ
2437 2206 2494 2260 δὲ
2536 2205 2771 2265 καὶτοὺς
2794 2204 3212 2275 ἁμαρτάνοντας
3243 2199 3332 2252 διὰ
3356 2196 3475 2261 τοῦ,
3509 2216 3525 2248 ι
3560 2197 3649 2249 Πα-

2100 2301 2347 2373 ραμενῶ.
2397 2318 2416 2351 ι
2475 2294 2812 2369 Προστίθησι
2860 2297 2919 2350 δὲ
2965 2296 3066 2359 τὸ,
3107 2312 3127 2345 ι
3168 2291 3370 2362 Τυχδν,
3416 2310 3434 2343 ι
3472 2280 3559 2344 διὰ
3603 2288 3650 2341 τὸ

2099 2395 2321 2467 ἄδηλον.
2376 2394 2451 2449 Οὐ
2503 2394 2615 2465 γάρ
2649 2392 2768 2464 ᾔδει
2818 2391 2927 2446 εἴτε
2956 2386 3289 2458 ἐπιτραπείη
3329 2380 3488 2438 τοῦτο
3525 2382 3651 2453 πειρᾶ

2097 2487 2193 2544 τοῦ
2226 2487 2569 2558 Πνεύματος,
2612 2485 2721 2539 εἴτε
2758 2484 2833 2555 μή
2861 2497 2875 2511 ⁸
2914 2481 3021 2536 ὑπὸ
3053 2478 3147 2535 τοῦ
3204 2476 3525 2545 Πνεύματος
3564 2474 3652 2543 τὰρ

2097 2583 2283 2655 ἤγετο,
2319 2579 2448 2634 ἔνθα
2476 2579 2657 2633 έκεῖνο
2682 2576 2898 2650 ἢθελεν.
2944 2575 3033 2628 Ἐν
3069 2572 3282 2644 Ἐφέσῳ
3307 2570 3366 2624 δὲ
3408 2569 3503 2633 ὢν,
3548 2567 3653 2620 τότε

2099 2676 2329 2748 ἔμελλεν
2363 2673 2628 2729 ἀπελθεῖν
2661 2674 2741 2737 είς
2774 2668 3145 2735 Μακεδονίαν,
3175 2668 3270 2722 καὶ
3298 2665 3525 2721 διελθεῖν
3544 2659 3657 2716 ταύ-

2096 2789 2199 2842 την
2229 2771 2437 2842 τάχιον,
2464 2763 2585 2822 εἷτα
2634 2769 2717 2831 εἰς
2761 2766 2962 2828 αὐτοὺς
3016 2763 3295 2817 ἀπελθεῖν.
3333 2760 3424 2843 Ἐν
3462 2756 3657 2816 πολλοῖς

2096 2864 2156 2919 δὲ
2176 2861 2426 2917 δείκνυσι
2463 2860 2565 2931 τὴν
2603 2859 2739 2927 πρὸς
2773 2856 2974 2919 αὐτοὺς
3018 2852 3282 2917 διάθεσιν,
3313 2849 3390 2922 τῷ
3404 2867 3464 2903 τε
3485 2846 3557 2919 μὴ
3578 2846 3654 2898 θέ-

2097 2955 2212 3009 λειν
2238 2955 2301 3008 έν
2324 2951 2548 3025 παρόδῳ
2572 2950 2725 3018 ίδιῖν,
2756 2949 2848 3004 καὶ
2892 2946 2970 3018 τῷ
3002 2945 3095 2999 ὑπ’
3128 2942 3310 2998 αὐτῶν
3341 2936 3517 2995 θέλειν
3538 2948 3654 3009 προ·

2099 3045 2445 3119 πεμφθῆναι.

495 3202 658 3264 Vsus.
689 3207 743 3264 8.
786 3227 805 3261 ι
843 3204 1185 3263 Permauebo
1206 3212 1385 3263 autem
1414 3205 1615 3280 Ephesi
1638 3207 1705 3265 ad
1730 3206 1992 3264 Penteco-

2175 3250 2194 3284 ι
2244 3225 2522 3299 Ἐπιμενῶ
2546 3226 2602 3280 δὲ
2630 3225 2689 3280 ὲν
2730 3224 2941 3294 Ἐφέσῳ
2963 3222 3069 3286 ἕως
3083 3222 3181 3292 τῆς
3215 3210 3642 3306 Πεντηκοστῆςοι

420 3302 541 3360 s'ten
571 3307 759 3373 usque.
801 3320 820 3354 ι
855 3296 1009 3358 istud
1033 3316 1247 3372 quoque
1278 3302 1523 3373 impense
1582 3301 1856 3373 diligentis
1911 3309 1993 3356 est

2104 3314 2216 3379 Kal
2271 3296 2434 3374 τοῦτο
2491 3316 2701 3388 σφόδρα
2756 3314 3105 3385 ἀγαπῶντος,
3135 3312 3198 3366 τό
3233 3328 3295 3365 τε
3349 3311 3517 3365 είιτεῖν
3557 3304 3644 3360 ποῦ

419 3390 708 3460 indicium,
728 3397 941 3466 nempe,
971 3388 1153 3450 dicere
1173 3392 1269 3449 ubi
1307 3392 1617 3464 et-quandiu
1646 3393 1715 3450 sit
1741 3396 1998 3465 pet-maii-

421 3502 584 3543 surus
626 3487 779 3543 :imo
834 3500 966 3543 vero
1022 3486 1194 3555 ipsam
1247 3500 1470 3543 causam
1504 3490 1795 3557 apponere.
1831 3482 1998 3542 lnl‘et‘l

415 3574 559 3634 enim
584 3595 599 3633 :
1982 3644 1987 3650 '

494 3668 657 3729 Vens.
678 3658 731 3729 9.
759 3693 778 3725 ι
807 3670 1016 3730 O'stium
1040 3673 1183 3731 enim
1207 3675 1339 3729 mihi
1361 3678 1606 3745 apertum
1631 3681 1713 3729 est
1739 3670 1992 3742 magnum

414 3774 472 3824 et
500 3760 708 3832 efficax,
744 3776 799 3823 et
834 3766 1129 3823 adversarii
1162 3767 1337 3823 multi.
1368 3786 1387 3820 ι
1426 3758 1539 3823 [loc
1562 3774 1666 3833 est,
1708 3765 1860 3820 multi
1896 3780 1995 3821 ac-

419 3860 630 3916 cessuri
664 3870 786 3923 sunt
811 3858 877 3915 ad
915 3860 1099 3928 ﬁdem,
1132 3836 1187 3917 εί
1229 3849 1372 3920 latus
1399 3860 1469 3918 ad
1526 3862 1659 3918 istos
1682 3862 1817 3917 tnihi
1845 3866 1995 3933 patet

417 3951 696 4019 introitus,
747 3953 911 4027 234
958 3958 1354 4012 maturescente
1403 3955 1661 4011 nimirum
1714 3954 1780 4010 ad
1832 3954 1989 4011 (idem

417 4059 610 4102 eorum
676 4047 1001 4103 ministerio.
1068 4048 1398 4120 Praaceptori
1451 4064 1684 4121 namque
1741 4048 1991 4119 angustia

417 4149 524 4206 est,
552 4155 674 4197 cum
702 4154 810 4196 non
854 4138 1049 4196 habeat
1096 4150 1374 4211 promptos
1400 4141 1695 4213 discipulos
1749 4159 1763 4197 :
1819 4141 1989 4196 latum

416 4244 548 4289 vero
570 4233 827 4304 spatium,
875 4236 1000 4288 cum
1025 4238 1242 4303 paratos
1272 4249 1367 4290 eos
1396 4234 1684 4291 invenerit.
1718 4236 1992 4291 Adversa-

416 4325 483 4379 rii
520 4330 699 4380 autem
735 4324 910 4393 multi,
941 4334 1161 4396 propter
1192 4325 1294 4383 hoc
1325 4326 1522 4398 ipsum.
1552 4326 1785 4383 Satanas
1842 4326 1988 4383 enim

417 4416 607 4471 videns
629 4430 747 4472 sese
767 4415 880 4484 jam
906 4415 1167 4471 nudatum
1198 4432 1263 4473 ac
1316 4417 1661 4484 derelictum,
1694 4418 1988 4474 vehemen-

417 4502 528 4559 tius
558 4492 931 4575 perturbatur,
957 4504 1414 4578 adversariosque
1440 4508 1665 4565 excitat.

493 4682 659 4745 Vens.
699 4688 788 4744 Ιθ.
814 4707 834 4741 ι
888 4687 945 4744 Si
977 4698 1158 4746 autem
1201 4691 1413 4747 venerit
1441 4688 1784 4758 Timotheus,
1818 4694 1995 4749 videte

416 4785 476 4833 ut
504 4778 624 4834 sine
658 4778 850 4853 timore
869 4779 943 4835 sit
965 4781 1107 4849 apud
1137 4792 1252 4835 vos.
1285 4799 1305 4833 ι
1341 4780 1477 4847 Quia
1535 4783 1830 4837 verisimile
1875 4792 1998 4839 erat

415 4868 556 4936 fore,
590 4880 649 4926 ut
673 4868 997 4928 Timotheus
1035 4882 1325 4943 postquam
1360 4871 1681 4929 Corinthum
1723 4875 1989 4943 venisset,

411 4972 661 5035 carperet
707 4962 1078 5032 delinquentes
1128 4976 1291 5036 atque
1349 4962 1680 5037 obiurgaret,
1726 4968 1990 5024 certiores

414 5059 565 5131 ipsos
592 5055 794 5113 facitet
826 5057 1135 5128 praemunit,
1167 5072 1235 5114 ne
1261 5057 1458 5113 divites
1480 5058 1760 5129 sapientes
1811 5058 1989 5115 insur—

414 5160 544 5216 aaut
567 5149 832 5206 adversus
873 5166 996 5206 eum
1037 5164 1051 5204 :
1114 5165 1217 5206 non
1253 5151 1410 5220 quasi
1462 5150 1817 5208 meticulosus
1844 5162 1990 5209 esset

409 5240 728 5300 Timotheus
799 5242 1148 5313 animumque
1226 5242 1609 5314 desponderet,
1696 5242 1790 5299 sed
1844 5244 1988 5313 quod

407 5340 671 5397 damnum
708 5340 833 5395 inde
861 5340 961 5411 ipsi
1018 5342 1381 5410 reportarem.
1413 5334 1552 5394 Nam
1577 5337 1667 5395 ille
1700 5341 1988 5395 admodum

409 5434 630 5490 fortiter
659 5433 921 5488 adversus
948 5431 1192 5503 pericula
1249 5430 1555 5487 instructus
1594 5442 1733 5486 erat.
1763 5422 1992 5487 Pulchre

2100 3416 2425 3489 προσμενεῖ,
2461 3411 2557 3466 καὶ
2580 3412 2685 3475 ἕως
2710 3410 2842 3464 πότε
2866 3423 2879 3438 ⁸
2911 3406 3049 3464 ἀλλά
3094 3406 3190 3463 καὶ
3233 3406 3297 3461 τὸ
3345 3407 3443 3479 τὴν
3492 3402 3645 3458 αἰτίαν

2102 3508 2445 3582 προσθεῖναι.
2486 3505 2715 3575 Ἐπάγει
2744 3504 2854 3574 γάρ
2877 3519 2894 3537 ο

2177 3704 2197 3739 ι
2230 3680 2385 3756 Θύρα
2413 3685 2523 3755 γάρ
2558 3700 2650 3755 μοι
2678 3680 2965 3752 ἀνέῳκται
3027 3674 3241 3751 μεγάλη
3288 3674 3382 3731 καὶ
3422 3672 3642 3746 ἐνεργὴς,

2100 3776 2195 3831 καί¹
2224 3778 2271 3829 oi
2299 3775 2668 3846 ἀντικείμενοι
2689 3768 2893 3827 πολλοί.
2930 3791 2949 3824 ι
2989 3767 3275 3835 Τουτέστι,
3320 3758 3505 3821 Πολλοὶ
3537 3764 3643 3835 μέλ·

2099 3871 2285 3925 λουσιν
2308 3871 2389 3932 είς
2447 3866 2546 3938 τὴν
2594 3864 2779 3920 πίστιν
2828 3860 3171 3935 προσελθεῖν,
3202 3859 3298 3915 καὶ
3330 3859 3547 3913 πλατεῖα
3569 3858 3643 3909 ἀν-

2097 3959 2301 4033 έῳκταί
2357 3975 2448 4027 μοι
2507 3958 2590 4021 είς
2634 3952 2859 4018 τούτους
2899 3950 3128 4017 εἴσοδος,
3167 3948 3261 4005 ἅτε
3317 3944 3642 4019 ἀκμαζούσης

2095 4048 2198 4126 τῆς
2251 4050 2531 4116 διακονίας
2559 4049 2581 4083 δ
2609 4047 2790 4104 αὐτῶν
2836 4046 2916 4112 είς
2968 4045 3069 4116 τὴν
3105 4044 3313 4097 πίστιν.
3338 4041 3428 4112 Τῷ
3451 4038 3552 4111 γάρ
3576 4037 3645 4092 δι-

2094 4136 2351 4218 δασκάλῳ
2406 4140 2745 4216 στενοχωρία
2780 4139 2901 4213 μὲν,
2929 4140 3059 4194 ὅταν
3094 4137 3168 4209 μὴ
3213 4137 3313 4208 ἔχῃ
3361 4132 3647 4205 προθύμους

2093 4244 2222 4306 τοὺς
2245 4237 2497 4313 μαθητάς
2522 4253 2536 4269 ο
2567 4233 2878 4307 εὐρυχωρία
2907 4233 2985 4299 δὲ,
3016 4230 3141 4286 ὅταν
3167 4228 3401 4302 εὑρίσκῃ
3445 4226 3644 4286 τούτους

2099 4330 2675 4404 συγκεκροτημένως.
2727 4329 2790 4382 Oi
2834 4324 3204 4397 ἀντικείμενοι
3254 4323 3313 4377 δὲ
3356 4321 3557 4389 πολλοὶ,
3593 4312 3651 4372 δι’

2094 4425 2228 4481 αὐτὸ
2250 4423 2427 4479 τοῦτο.
2462 4422 2524 4476 '0
2557 4419 2667 4492 γάρ
2691 4417 2938 4480 διάϐολος
2966 4415 3181 4488 βλέπων
3210 4415 3402 4468 ἑαυτὸν
3436 4408 3652 4483 γυμνούο

2102 4536 2284 4592 μενον,
2316 4515 2503 4571 πλεῖον
2541 4510 2896 4586 ταράττεται,
2922 4511 3017 4565 καὶ
3049 4510 3176 4575 τοὺς
3221 4507 3649 4577 ἐναντιουμένους

2024 4612 2069 4672 Β
2100 4613 2379 4682 διεγείρει.

2169 4727 2188 4761 ι
2240 4707 2369 4762 Ἐὰν
2396 4704 2455 4761 δὲ
2476 4703 2609 4776 ἔλθῃ
2631 4698 2922 4773 Τιμόθεος,
2958 4699 3189 4771 βλέπετε
3222 4688 3313 4751 ἵνα
3345 4691 3543 4767 ἄφοδος
3569 4690 3653 4759 γέο

2096 4819 2258 4874 νηται
2273 4800 2407 4871 πρὸς
2423 4797 2590 4870 ὑμᾶς.
2621 4816 2640 4850 ι
2679 4784 2899 4867 Ἐπειδὴ
2927 4795 3071 4858 είκδς
3084 4784 3149 4867 ἦν
3164 4790 3432 4864 Τιμόθεον
3454 4787 3654 4844 ἐλθόντα

2098 4895 2236 4967 πρὸς
2268 4894 2290 4926 ³
2322 4891 2612 4962 Κόρινθον,
2643 4886 3024 4944 καθάπτεσθαι
3057 4876 3168 4941 τῶν
3224 4883 3650 4967 ἁμαρτανόντων,

2099 4966 2198 5042 καὶ
2246 4984 2510 5055 ἐπιτιμᾷν
2559 4980 2763 5044 αὐτοῖς,
2794 4970 3154 5047 ἀσφαλίζεται
3211 4974 3432 5039 αὐτοὺς,
3479 4972 3559 5025 ῖνα
3588 4966 3652 5038 μὴ

2098 5068 2483 5133 ἐπαναστῶσιν
2526 5071 2675 5144 αύτῷ
2704 5072 2756 5125 οἱ
2784 5070 3029 5124 πλούσιοι
3054 5062 3208 5138 σοφοί
3235 5082 3250 5097 ’
3290 5058 3388 5139 ούχ
3411 5064 3652 5120 δτιάναν·

2097 5173 2226 5245 δρος
2251 5172 2326 5226 ῶν
2360 5171 2388 5224 ὁ
2442 5168 2710 5240 Τιμόθεος
2767 5164 2966 5237 ἔμελλε
3029 5161 3423 5226 καταπίπτειν,
3451 5146 3649 5212 ἀλλ’ὅτι

2103 5244 2257 5321 αὐτοὶ
2289 5261 2515 5331 ἔμελλον
2574 5257 2862 5330 βλαϐῆναι.
2904 5257 3146 5319 Ἐκεῖνος
3180 5255 3292 5327 γάρ
3319 5251 3413 5306 καὶ
3466 5244 3649 5317 οφόδρα

2098 5354 2519 5429 παρεσκεύαστο
2545 5351 2681 5422 πρὸς
2712 5350 3013 5414 κινδύνους.
3037 5346 3237 5410 Καλῶς
3281 5346 3339 5400 δὲ
3368 5338 3446 5411 τὸ,
3477 5362 3495 5395 ι
3523 5335 3646 5409 Πρὸς

2096 5450 2262 5521 ὑμᾶς,
2289 5468 2307 5501 ι
2329 5444 2472 5502 εἷπε.
2493 5444 2586 5514 Μὴ
2610 5444 2721 5514 γάρ
2753 5460 2842 5515 μοι
2862 5443 2990 5506 τοὺς
3017 5439 3287 5510 Ἕλληνας
3316 5438 3511 5502 εἴποις,
3527 5430 3647 5489 τέως

406 5544 540 5583 \ero
583 5527 738 5590 ditit,
803 5543 820 5577 ι
863 5524 1013 5593 Apud
1044 5541 1192 5596 ,vos.
1230 5543 1249 5578 ι
1292 5522 1371 5578 Ne
1426 5525 1568 5577 enim
1620 5522 1753 5578 mihi
1790 5522 1993 5581 dixeris

2104 5543 2160 5596 τὰ
2183 5542 2311 5612 παρ’
2346 5537 2503 5611 ὑμῶν
2539 5535 2707 5606 ζητῶ.

408 5618 652 5681 Gnaeos,
685 5614 812 5671 dum
851 5616 904 5672 id
934 5615 1151 5672 interim
1201 5631 1229 5670 a
1265 5614 1421 5671 vobis
1457 5613 1730 5684 requiram
1758 5623 1815 5668 ut
1848 5622 1992 5671 tutus

408 5711 500 5766 sit.

1760 5805 1845 5867 Va
1856 5805 1959 5868 ι’ἱιε
1977 5804 2307 5870 lectiones.

475 5903 501 5941 ⁸
531 5906 774 5965 τοιοῦτον
801 5924 851 5964 ο.
930 5910 949 5941 ⁹
992 5908 1102 5980 ἔχει
1136 5907 1368 5979 λήεξνεθαι
1397 5924 1448 5965 0.
1528 5908 1549 5940 "
1585 5908 1670 5963 ἵσ.
1702 5908 1940 5972 διανοίας
1972 5926 2020 5964 ο.

2098 5913 2118 5941 ⁵
2144 5908 2223 5971 εἰς
2250 5923 2303 5962 0.
