3806 6578
167 397 269 471 περ.
360 440 361 443 γ
882 389 1294 471 EXPQSITIO
1331 392 1415 456 IN
1451 385 1696 458 EPIST.

1832 399 1899 458 ιι)
1929 397 2097 462 COR.
2134 426 2203 439 -
2225 402 2382 463 CAP.
2422 393 2578 474 χνι.
3256 401 3367 473 790

226 513 328 573 (Τὸ
356 510 455 583 γὰρ
483 509 637 580 ἔργον
661 506 865 579 Κυρίου
905 509 1225 579 ἐργάζεται,
1266 508 1343 574 ὡς
1373 508 1532 576 κάγώ’
1554 523 1569 539 ’
1609 509 1684 580 μή

1864 531 1883 565 ι
1921 513 2067 584 Opus
2103 515 2247 571 enim
2282 516 2490 572 Domini
2510 523 2787 586 operatur,
2843 514 2984 570 sicut
3017 524 3071 570 et
3118 531 3238 586 ego,
3301 533 3370 572 tto

163 628 236 674 ⁸ιςις
287 603 374 661 οὖν
429 602 586 670 αὑτὸν
629 599 981 672 ἐξουθενήσῃ.
1015 621 1033 653 ι
1068 601 1352 663 Τουτέστι,
1405 601 1692 673 Κηρύσσει

1832 606 1913 663 nis
1962 624 2091 679 ergo
2148 609 2299 679 illum,
2356 619 2596 681 spernat.
2642 628 2659 662 ι
2701 609 2814 667 Hoc
2860 618 2966 675 est,
3018 594 3271 680 praedicat
3317 622 3373 664 ct

164 702 241 756 καὶ
294 697 553 751 διδάσκει’
595 692 687 745 καὶ
733 691 833 765 οὐχ
899 690 1129 755 ἁπλῶς..
1179 690 1296 745 ἀλλ’
1324 691 1515 762 ὥσπερ
1556 692 1690 761 ἐγώ.

1832 709 1969 764 ocet,
2019 715 2118 757 nec
2165 701 2501 770 simpliciter,
2536 700 2630 765 sed
2662 704 2802 760 sicut
2828 701 2968 779 ego.‘
2993 699 3124 768 Qua:
3175 718 3371 775 tttagtta

165 794 315 859 Ὅπερ
360 786 524 857 μέγας
576 782 829 853 Τιμοθέῳ
880 782 1125 848 ἔπαινος.
1156 785 1311 838 Ἐπεὶ
1336 782 1430 839 οὖν
1453 786 1694 851 τοιοῦτός

1832 808 1923 848 sne
1958 793 2230 848 Timothei
2254 794 2371 849 laus
2400 803 2505 849 est.
2537 794 2670 852 Cum
2702 793 2868 859 igitur
2918 793 2991 848 sit
3041 793 3369 862 huiusmodi,

160 884 271 941 ἐστι.
307 896 323 928 ι
361 876 430 945 μή
458 891 538 937 τις
565 872 726 926 αὐτὸν
754 873 1081 947 ἐξουθενήσῃ
1103 890 1117 905 ⁸
1154 894 1172 927 ι
1203 876 1321 940 νέος
1353 876 1458 947 γὰρ
1481 871 1570 947 ἦν.
1597 876 1695 930 καὶ
1799 905 1817 938 ι
1850 884 2019 940 Nemo
2074 887 2251 947 ipsum
2289 887 2600 947 vilipeudat.
2630 904 2648 939 ι
2688 885 2909 941 Juvenis
2940 887 3084 941 enim
3118 896 3254 947 erat,
3317 864 3383 939 et.

161 971 312 1041 μόνος,
343 968 431 1021 καὶ
454 965 705 1019 τοσούτου
743 966 918 1037 δήμου
986 966 1083 1019 καὶ
1127 966 1301 1031 οὕτως
1340 968 1694 1042 ὑπέρφρονος

159 1060 381 1134 φροντίδα
403 1059 794 1129 ἐπετέτραπτο,
822 1060 915 1113 καὶ
944 1060 1092 1123 εἰκὸς
1117 1055 1186 1132 ἦν
1216 1060 1380 1114 αὑτὸν
1406 1078 1688 1134 καταφρο-

156 1155 380 1225 νηθῆναι.
612 1173 617 1181 ’

208 1266 225 1298 ι
255 1246 606 1317 Προπέμψστε
638 1246 694 1300 δὲ
718 1246 881 1300 αὑτὸν
905 1248 964 1303 ὲν
983 1248 1201 1322 εἰρήνῃ,
1237 1248 1328 1302 ἵνα
1376 1246 1504 1321 ἔλθῃ
1560 1248 1696 1330 πρός

1870 1251 2036 1311 Vens.
2078 1253 2163 1308 ll.
2196 1271 2216 1305 ι
2254 1251 2515 1307 Deducite
2564 1260 2743 1305 autem
2793 1249 2969 1318 ipsum
3005 1248 3056 1301 in
3114 1261 3265 1316 pace,
3316 1255 3376 1300 ut

161 1357 217 1412 με
233 1356 247 1372 ο
275 1339 556 1409 ἐκδέχομαι
579 1340 689 1410 γάρ
711 1340 875 1394 αὐτὸν
898 1341 1040 1407 μετά
1060 1340 1169 1396 τῶν
1188 1341 1452 1411 ἀδελφῶν.
1488 1360 1507 1394 ι
1542 1342 1696 1396 Μᾶλ-

1833 1347 1980 1402 eniat
2004 1346 2070 1401 ad
2104 1361 2190 1402 me
2223 1364 2237 1401 :
2265 1354 2521 1414 exspecto
2539 1344 2685 1401 enim
2708 1343 3021 1414 ipsumcnm
3039 1339 3315 1407 fratribus.
3348 1358 3367 1390 ι

152 1433 229 1486 λον
252 1427 354 1497 οὖν,
389 1433 541 1502 φησι,
581 1432 678 1491 καὶ
709 1433 985 1503 τιμήσατε
1017 1434 1181 1487 αὐτόν
1209 1449 1224 1465 ⁸
1252 1434 1314 1488 τὸ
1352 1433 1482 1506 γάρ,
1510 1453 1528 1487 ι
1556 1436 1696 1507 Upo-

1832 1440 1982 1493 ’otius
2009 1437 2192 1507 igitur,
2222 1435 2419 1505 inquit,
2455 1434 2721 1489 honorate
2742 1418 2892 1488 eum.
2940 1430 3055 1486 Hoc
3103 1430 3245 1486 enim
3285 1430 3373 1483 hic

152 1523 392 1597 πέμψατε,
425 1541 442 1575 ι
469 1523 628 1577 τοῦτο
650 1525 819 1594 δηλοῖ.
863 1544 881 1577 t
906 1526 995 1579 Ἐν
1026 1526 1220 1598 εἰρήνῃ
1252 1526 1331 1593 δὲ,
1367 1544 1388 1578 ι
1415 1526 1696 1581 τουτέστιν

1855 1529 2110 1599 Deducite
2141 1547 2160 1582 ι
2197 1526 2485 1600 signiﬁcat.
2525 1544 2542 1579 ι
2572 1527 2629 1579 In
2678 1540 2810 1595 pace
2846 1543 2864 1576 ι
2902 1534 3109 1587 autem,
3145 1524 3243 1576 hoc
3271 1531 3376 1586 est,

151 1617 363 1683 ἀφόϐως,
391 1615 560 1687 χωρὶς
599 1617 781 1688 μάχης
809 1617 900 1671 καὶ
943 1618 1304 1688 φιλονεικίας,
1344 1619 1482 1691 μετά
1514 1620 1696 1690 πάσης

1839 1621 2227 1693 utrepidc.sine
2248 1635 2426 1691 pugna
2455 1627 2509 1676 et
2532 1618 2897 1684 contentione,
2924 1632 3042 1670 cum
3072 1615 3221 1673 omni
3247 1614 3379 1669 obe-

155 1709 423 1778 ὑποταγῆς.
456 1710 528 1762 Τὸ
559 1709 642 1772 δὲ,
676 1729 696 1763 ι
744 1711 1069 1783 Ἔκδέχομαι
1102 1712 1285 1777 αὑτὸν,
1340 1730 1359 1764 ›
1401 1712 1696 1783 φοϐοῦντός

1837 1716 2021 1770 icntia.
2048 1714 2139 1779 At,
2177 1732 2195 1766 ι
2251 1712 2520 1782 Exspecto
2576 1711 2770 1781 ipsum,
2808 1728 2826 1763 ι
2854 1709 3051 1781 partim
3121 1706 3379 1763 terrentis

1799 905 1817 938 ι
1850 884 2019 940 Nemo
2074 887 2251 957 ipsum
2289 887 2600 955 vilipeudat.
2630 904 2648 939 ι
2688 885 2909 941 Juvenis
2940 887 3084 941 enim
3118 896 3254 952 erat,
3317 896 3373 939 et

1793 979 1961 1046 solus,
1991 993 2056 1036 ac
2081 980 2216 1034 tanti
2238 987 2497 1049 tanquam
2530 979 2749 1051 superbi
2778 976 2960 1048 populi
2985 992 3113 1037 cura
3146 978 3194 1030 ci
3220 993 3372 1031 com-

1796 1070 1961 1143 missa
2010 1078 2147 1138 erat,
2199 1070 2587 1142 probabileque
2650 1082 2769 1125 erat
2820 1072 2995 1143 ipsum
3047 1069 3368 1140 vilipensum

150 1803 292 1865 ἐστιν,
312 1801 391 1854 ἵνα
416 1801 618 1865 εἰδότες
650 1802 733 1855 ὅτι
768 1804 948 1858 πάντα
982 1803 1132 1873 αὐτῷ
1162 1805 1485 1874 ἀπαγγελεῖ,
1527 1807 1695 1878 μηδὲν

1833 1817 1903 1870 st,
1936 1813 1998 1869 ut
2024 1807 2262 1862 scientes
2289 1805 2431 1876 quod
2456 1803 2640 1859 omnia
2668 1804 2715 1857 ei
2733 1801 3198 1865 sitenarraturns,
3234 1798 3379 1853 nulla

149 1891 287 1947 αὐτὸν
322 1891 580 1962 θλίψωσιν
601 1909 616 1924 ο
638 1894 757 1965 ἅμα
815 1895 872 1948 δὲ
923 1897 1018 1950 καὶ
1076 1896 1504 1969 αἰδεσιμὼτερον
1533 1900 1695 1954 αὐτὸν

1832 1919 1853 1954 n
1889 1916 1945 1956 re
1963 1904 2137 1971 ipsum
2157 1897 2417 1970 alﬂigant,
2453 1898 2649 1968 partim
2703 1905 2761 1951 ut
2812 1894 3216 1950 honoratiorem
3250 1905 3373 1943 eum

150 1985 293 2040 ποιῶν
324 1987 366 2055 ⁸,
413 1986 537 2055 εἴγε
597 1986 777 2055 οὕτως
827 1989 1127 2059 ἀναγκαῖον
1171 1987 1362 2043 τοῦτον
1382 1990 1518 2061 ἔχει,
1555 1990 1696 2046 ὥστε

1832 1991 2009 2059 eddat,
2034 1992 2301 2062 siquidem
2334 1990 2471 2046 adeo
2490 1997 2575 2044 est
2600 1987 2676 2055 illi
2701 2001 2835 2058 opus
2862 1999 3027 2057 opera
3077 1980 3370 2047 Timothei,

149 2078 432 2150 ἐκδέχεσθαι
462 2080 655 2135 αὐτόν.

200 2187 217 2220 ι
254 2169 379 2240 Περὶ
423 2170 480 2224 δὲ
529 2170 778 2229 Ἀπολλὼ
810 2171 906 2226 τοῦ
950 2173 1207 2247 ἀδελφοῦ,
1240 2175 1415 2230 πολλὰ
1445 2175 1698 2248 παρεκά-

149 2259 257 2314 λεσα
283 2261 458 2327 αὐτὸν,
489 2262 583 2317 ἵνα
607 2263 736 2334 ἔλθῃ
775 2264 913 2336 πρὸς
940 2266 1087 2336 ὑμᾶς
1109 2268 1250 2338 μετά
1268 2267 1379 2321 τῶν
1407 2268 1655 2339 ἀδελφῶν
1679 2286 1695 2302 ·

150 2356 228 2407 καὶ
274 2354 482 2420 πάντως
520 2356 629 2411 οὐκ
676 2353 747 2437 ἦν
779 2357 994 2430 θέλημα
1026 2360 1115 2413 ἵνα
1144 2359 1239 2414 νῦν
1266 2359 1417 2434 ἔλθῃ.
1447 2381 1467 2413 ι
1513 2361 1571 2416 'O
1612 2362 1701 2416 Ἀ-

150 2445 327 2509 πολλὼς
368 2448 458 2500 καὶ
511 2449 896 2521 πρεσϐύτερος
940 2447 1009 2523 ἦν
1061 2453 1353 2523 Τιμοθέου,
1395 2454 1493 2508 καὶ
1520 2454 1701 2524 λόγιος

150 2540 284 2608 ἀνήρ,
308 2538 417 2592 "Iw:
436 2535 533 2596 οὖν
563 2541 643 2613 μὴ
667 2541 891 2610 λέγωσι,
918 2544 970 2596 τί
995 2543 1196 2613 δήποτε
1220 2544 1383 2600 αὑτὸν
1409 2546 1507 2600 οὐκ
1529 2546 1623 2600 ἕπε
1635 2566 1701 2616 μ-

148 2629 250 2700 ψεν,
299 2631 428 2693 ἀλλὰ
487 2632 584 2686 τὸν
646 2631 953 2705 νεῶτερον;
1017 2635 1194 2706 φησί’
1231 2655 1249 2688 ι
1304 2636 1483 2691 Πολλά
1540 2639 1701 2693 αὺτὲν

150 2725 491 2793 παρεκάλεσα.
533 2743 551 2776 ι
591 2726 703 2780 Καὶ
729 2725 791 2785 οὐ
817 2725 989 2795 λέγει,
1016 2726 1100 2780 ὃτι
1141 2727 1400 2799 Ἀντέστη
1433 2746 1545 2800 μοι,
1566 2729 1704 2786 ἀλλά

150 2816 367 2871 κάκεῖνον
414 2816 681 2872 ἀπολύων
741 2818 1023 2889 μέμψεως,
1072 2821 1244 2889 φησι·
1284 2838 1302 2872 ι
1334 2821 1556 2884 Πάντως
1602 2823 1704 2877 οὐκ

147 2899 203 2977 ἦν
229 2907 455 2980 θέλημα·
489 2927 508 2962 ι
545 2908 855 2973 τουτέστιν,
896 2912 924 2964 ὁ
944 2910 1078 2975 Θεὸς
1108 2910 1449 2984 οὐκξὴθελεν.
1477 2913 1595 2969 Ἵνα
1645 2915 1705 2970 δὲ

152 3002 215 3071 μὴ
249 3001 523 3145 ίλέγωσιν,
587 3004 670 3058 ὅτι
733 3003 934 3076 σκῆψις
996 3004 1172 3060 ταῦτα
1233 3007 1330 3061 καὶ
1384 3008 1699 3081 πρόφασις,

152 3109 330 3145 enov-

152 3109 292 3162 φησιν
316 3110 330 3126 ο

1797 2095 1851 2140 ιιι
1888 2085 2064 2154 ipsum
2097 2084 2260 2145 etiam
2297 2090 2598 2152 exspectet.

1867 2177 2034 2233 Vens.
2072 2177 2162 2233 12.
2206 2196 2226 2231 ι
2266 2176 2342 2232 De
2373 2176 2565 2247 Apollo
2588 2183 2769 2230 autem
2790 2174 2982 2237 fratre,
3017 2169 3244 2225 multum
3278 2169 3377 2223 ads

1797 2271 2048 2328 hortatus
2071 2286 2193 2327 sum
2220 2269 2393 2340 ipsum
2428 2278 2485 2323 ut
2517 2267 2706 2321 veniat
2739 2266 2805 2320 ad
2834 2279 2930 2321 vos
2953 2277 3074 2327 cum
3092 2259 3380 2325 fratribus,

1797 2362 2088 2431 etjomnino
2117 2377 2222 2416 non
2252 2371 2370 2416 erat
2395 2360 2650 2414 voluntas
2673 2368 2887 2417 utnunc
2903 2354 3131 2410 veniret.
3156 2372 3175 2405 ι
3196 2350 3383 2419 Apollo

1801 2452 2061 2524 grandior
2080 2461 2199 2508 erat
2232 2461 2360 2506 natu
2395 2449 2705 2514 Timotheo,
2742 2457 2796 2503 et
2828 2446 2911 2503 vir
2964 2432 3248 2500 facun'dus.
3306 2441 3384 2496 Ne

1801 2544 1968 2616 igitur
2006 2543 2211 2607 dicant,
2244 2541 2353 2598 Cur
2376 2542 2547 2609 ipsum
2581 2555 2688 2595 non
2712 2537 2945 2617 miserit,
2975 2536 3070 2591 sed
3117 2549 3240 2590 eum
3289 2536 3383 2601 qui

1796 2636 1985 2708 iunior
2010 2636 2193 2693 esset?
2227 2655 2247 2689 ι
2284 2633 2531 2699 Multum,
2566 2654 2585 2685 ι
2625 2633 2822 2703 inquit,
2860 2650 2878 2684 ι
2916 2631 3091 2698 ipsum
3122 2627 3382 2701 adhorta-

1807 2739 1896 2786 tus
1927 2745 2069 2786 sum.
2109 2748 2129 2783 ι
2163 2728 2274 2784 Nec
2302 2727 2457 2793 dicit,
2493 2726 2712 2783 Restitit
2737 2724 2893 2792 mihi,
2932 2730 3186 2779 caeterum
3232 2719 3381 2774 illmn

1805 2826 1873 2879 ab
1906 2822 2253 2879 accusatione
2282 2820 2540 2887 liberans,
2582 2836 2601 2872 t
2644 2816 2898 2882 Omnino,
2932 2833 2951 2866 ι
2994 2811 3185 2883 inquit,
3224 2830 3244 2864 ι
3277 2825 3382 2864 non

1806 2926 1927 2972 erat
1952 2915 2229 2983 voluntas,
2262 2933 2282 2968 ι
2339 2916 2442 2971 hoc
2480 2921 2587 2976 est,
2638 2911 2785 2969 Deus
2830 2907 3024 2965 noluit.
3076 2904 3155 2962 Ne
3204 2914 3383 2959 autem

1807 3007 1952 3063 hunc
2011 3006 2197 3063 fucum
2249 3020 2371 3064 esse
2423 3005 2608 3061 dicant
2659 3001 2988 3073 inanemque
3040 3007 3382 3072 praetextum,

1806 3100 2022 3157 subdit:

205 3202 221 3235 ι
269 3186 580 3242 Ἐλεύσεται
643 3187 722 3254 δὲ,
783 3189 914 3243 ὅταν
967 3189 1297 3262 εὐκαιρήσῄ.
1327 3210 1345 3243 ι
1388 3192 1541 3263 ’Ᾱμα
1601 3194 1696 3247 καὶ

1883 3209 1903 3244 ι
1940 3190 2132 3248 Veniet
2160 3197 2363 3266 autem,
2399 3204 2523 3245 cum
2566 3172 3020 3259 opportunitatem
3050 3188 3241 3237 nactus
3271 3178 3388 3234 fuca-

150 3275 269 3348 ὑπὲρ
293 3278 498 3332 ἐκείνου
528 3283 562 3334 ἀ
579 3279 1004 3349 πολογούμενος,
1030 3283 1127 3334 καὶ
1175 3281 1377 3347 αὐτοὺς
1404 3284 1696 3357 ποθοῦντας

1832 3282 2113 3340 'it.tCum
2170 3279 2515 3339 Timethcum
2577 3275 2839 3343 defendit,
2906 3282 3024 3328 tum
3075 3268 3387 3327 Corinthios

150 3367 291 3476 at'izbv
324 3370 448 3424 ἰδεῖν
492 3370 1008 3443 παραμυθούμενος
1050 3375 1119 3446 τῇ
1163 3374 1465 3447 ὲλπίδιτῆς
1496 3393 1704 3467 παροιιι

151 3460 271 3525 σίας.
1640 3450 1653 3467 ”

220 3575 237 3606 ι
268 3556 619 3629 Γρηγορεῖτε.
659 3577 676 3610 ι
717 3557 887 3615 Πάλιν
911 3563 1177 3629 παραινεῖ
1209 3561 1348 3634 πρὸς
1392 3557 1471 3635 τῷ
1527 3565 1705 3620 τέλει’

152 3639 362 3710 δεικνὺς,
393 3647 476 3699 ὅτι
512 3648 613 3700 οὐκ
638 3647 734 3700 ἐπὶ
778 3650 893 3712 τοῖς
936 3648 1286 3716 διδασκάλοις
1330 3652 1430 3716 τὰς
1487 3655 1712 3721 ἐλπίδας

154 3733 279 3805 ἔχειν
312 3737 407 3802 δεῖ,
445 3738 584 3793 ἀλλὰ
607 3741 705 3793 καὶ
756 3742 813 3793 ὲν
839 3742 1079 3818 ἑαυτοῖςΑ
1116 3763 1135 3796 ι
1171 3744 1527 3818 Γρηγορεῖτε,
1564 3767 1585 3801 ι
1619 3749 1709 3804 διὰ

153 3828 261 3957 τρῦς
284 3830 610 3897 ἀπατῶντας
640 3849 655 3863 ο
689 3833 765 3897 ὡς
787 3804 1167 3901 νυσταζόνττων
1196 3837 1252 3891 δὲ
1282 3839 1492 3907 ,αὐτῶν
1550 3841 1712 3897 τοῦτο

154 3935 277 3974 ε.πε.

215 4030 233 4063 ι
259 3994 494 4085 Στήθκατε
524 4018 585 4071 ὲν
615 4018 683 4089 τῇ
711 4017 914 4073 πίστει.
953 4038 972 4070 ι
1015 4020 1131 4075 Οὐκ
1177 4023 1235 4074 ὲν
1268 4025 1334 4095 τῇ
1368 4022 1473 4093 ἔξω
1507 4025 1708 4098 σοφῖαο

154 4102 203 4154 ὲν
223 4105 390 4180 ἐκείνῃ
416 4109 524 4180 γὰρ
553 4112 660 4164 οὐκ
687 4110 831 4179 ἔστιν
859 4112 1105 4181 ἑστάναι,
1128 4114 1267 4169 ἀλλά
1291 4117 1708 4191 περιφέρεσθαιο

152 4197 217 4263 ὡς
243 4202 618 4276 σαλευομένων
647 4206 704 4260 δὲ
730 4207 889 4261 τοῦτο
924 4204 1099 4265 εἶπεν.

213 4313 240 4342 α
272 4294 637 4368 ’Δνδρὶζεσθε,
685 4300 1068 4369 κραταιοῦσθε.
1114 4322 1132 4353 ι
1173 4303 1274 4358 Διά
1309 4305 1435 4368 τοὺς
1487 4302 1714 4360 ἐπιϐου-

153 4382 381 4457 λεύοντας
409 4407 422 4421 ο
463 4391 541 4457 ὡς
576 4392 673 4445 ἐπὶ
703 4393 1158 4467 μαλακιζομένων
1191 4397 1249 4453 δὲ
1284 4398 1439 4453 τοῦτο
1470 4395 1611 4456 εἶπε.

1811 3374 1961 3431 illum
1994 3382 2308 3447 expetentes
2334 3370 2535 3438 videre,
2564 3383 2659 3440 spe
2692 3369 2960 3437 adventus
2981 3363 3315 3421 consolatur.

1882 3558 2044 3619 Vens.
2068 3558 2157 3614 15.
2195 3576 2213 3610 ι
2233 3554 2483 3629 Vigilate.
2508 3572 2527 3606 ι
2558 3550 2833 3609 Rursusin
2858 3548 2964 3605 ﬁne
2982 3560 3076 3603 eos
3107 3537 3384 3608 admonet,

1810 3654 2101 3711 ostendens
2130 3648 2274 3724 quod
2296 3663 2403 3705 non
2435 3653 2683 3719 oporteat
2733 3659 2881 3717 spem
2913 3641 3178 3699 collocare
3206 3638 3259 3694 in
3289 3636 3389 3693 dos

1811 3746 2072 3813 ctoribus,
2108 3743 2202 3800 sed
2233 3743 2289 3798 in
2319 3740 2530 3811 seipsis.
2559 3737 2720 3815 235
2757 3759 2776 3790 ι
2822 3734 3075 3807 Vigilate,
3113 3752 3134 3788 ι
3169 3738 3391 3815 propter

1814 3810 2135 3911 deceptores
2179 3854 2194 3891 :
2249 3834 2409 3906 quasi
2459 3810 2651 3903 autem
2699 3830 3058 3888 dormitarent
3109 3810 3232 3896 ipsi,
3288 3823 3391 3879 hoc

1815 3933 1974 3988 dixit.

1891 4044 1910 4080 ι
1954 4025 2105 4082 State
2136 4024 2186 4080 in
2213 4024 2337 4081 fide.
2380 4044 2399 4077 ι
2432 4016 2549 4079 Non
2576 4022 2633 4077 in
2657 4027 2881 4089 externa
2899 4014 3162 4088 sapientia
3195 4028 3211 4068 :
3245 4011 3297 4066 in
3331 4024 3394 4066 ea

1816 4122 1958 4178 enim
1988 4121 2188 4177 nemini
2211 4131 2357 4176 stare
2395 4115 2549 4180 licet.
2593 4113 2689 4170 sed
2748 4107 3044 4179 circumagi
3073 4121 3138 4163 ac
3200 4104 3390 4161 rotari.

1817 4216 1953 4282 Hoc,
1975 4215 2127 4286 quasi
2166 4210 2535 4273 vacillassent,
2571 4207 2669 4262 ait.

1894 4326 1913 4360 ι
1959 4306 2201 4362 \‘iriliter
2232 4303 2397 4376 agite,
2432 4308 2608 4357 estote
2636 4297 2825 4354 fortes.
2866 4313 2885 4348 ι
2920 4293 3149 4362 Propter
3178 4302 3272 4344 eos
3303 4286 3395 4356 qui

1818 4401 2044 4459 insidias
2071 4405 2311 4454 struunt.
2347 4394 2499 4453 istud
2522 4401 2705 4448 autem
2735 4389 2871 4445 dixit
2899 4396 3155 4456 tanquam
3179 4381 3245 4442 de
3270 4377 3402 4434 επε-

1819 4491 2058 4547 mittatis.

217 4592 235 4627 ι
269 4575 450 4632 Πάντα
482 4578 646 4651 ὑμῶν
684 4578 742 4634 ὲν
781 4580 974 4654 ἀγάπῃ
1013 4580 1268 4650 γινέσθω.
1298 4601 1317 4635 ι
1353 4583 1524 4638 Τοῦτο
1576 4587 1696 4657 πρὸς

1897 4583 2175 4640 Vana”.
2237 4600 2256 4634 ι
2300 4579 2493 4637 Omnia
2546 4587 2723 4633 vestra
2760 4574 2811 4629 in
2882 4572 3149 4628 charitate
3186 4569 3344 4625 ﬁant.
3378 4585 3398 4621 ι

150 4665 262 4730 τοὺς
290 4668 692 4737 στασιάζοντας
718 4672 814 4726 καὶ
838 4672 1191 4738 διασπῶντας
1218 4676 1316 4746 τὴν
1357 4675 1712 4748 Ἐκκλησίαν.

151 4756 263 4813 Εἴτε
285 4760 412 4834 γὰρ,
464 4764 628 4835 φησὶ,
671 4763 914 4819 διδάσκει
959 4782 1063 4833 τις,
1120 4767 1232 4823 εἴτε
1286 4767 1573 4836 μανθάνει,
1605 4772 1715 4826 εἴτε

152 4846 382 4924 ἐπιτιμᾷ,
420 4853 606 4908 πάντα
665 4855 724 4907 ὲν
780 4856 973 4928 ἀγάπῃ
1013 4855 1154 4914 ἔστω
1190 4858 1210 4889 ⁷
1233 4873 1247 4889 ο
1279 4858 1374 4914 καὶ
1423 4861 1524 4914 οὐκ
1561 4861 1717 4919 ἔσται

152 4942 419 5013 φυσίωσις,
446 4946 572 5003 οὐδὲ
601 4946 902 5015 διάστασις,
932 4949 1149 5021 ἀγάπης
1184 4953 1599 5026 μεσιτευούσης.

221 5054 239 5086 ι
271 5037 591 5111 Παρακαλῶ
639 5040 696 5094 δὲ
735 5040 904 5111 ὑμᾶς,
932 5041 1169 5112 ἀδελφοί.
1207 5062 1227 5095 ι
1262 5043 1434 5099 Τοῦτο
1477 5047 1718 5120 ὑπερσα-

152 5123 252 5190 τδν,
303 5144 321 5178 ι
355 5129 674 5202 Παρακαλῶ
719 5130 886 5202 ὑμᾶς,
935 5131 1025 5184 ἵνα
1072 5132 1167 5186 καὶ
1201 5132 1358 5205 ὑμεῖς
1406 5136 1722 5213 ὑποτάσση-

156 5216 237 5270 σθε
259 5223 366 5284 τοῖς
394 5222 659 5287 τοιούτοις
679 5236 696 5256 ⁵
730 5244 749 5277 ι
783 5225 850 5280 τὰ
884 5224 943 5278 δὲ
975 5223 1110 5280 ἄλλα
1136 5226 1606 5303 παρεμᾶσληται.

188 5328 243 5411 ,ι
273 5312 463 5411 ora”;
508 5314 612 5386 τὴν
640 5316 821 5370 οἰκίαν
867 5317 1141 5386 Στεφανᾶ,
1185 5318 1268 5373 ὅτι
1317 5319 1463 5375 ἔστιν
1494 5324 1718 5399 ἀπαρχὴ

157 5404 249 5469 τῆς
296 5404 542 5476 Ἀχαΐας.
585 5426 604 5459 ι
653 5407 842 5478 Ὑμεῖς
873 5410 915 5473 ⁸,
974 5410 1130 5480 φησι,
1153 5410 1473 5480 γινώσκετε,
1526 5421 1620 5471 καὶ
1659 5421 1720 5472 οὐ

158 5484 319 5582 δεῖσθε
366 5500 499 5570 παρ’
540 5500 678 5570 ἐμοῦ
726 5499 938 5569 μαθεῖν.
998 5501 1283 5575 Ἀπαρχὴν
1331 5504 1387 5558 δὲ
1436 5508 1594 5562 καλεῖ
1621 5511 1722 5582 τῆς

171 5578 381 5657 Ἀχαΐας
410 5592 537 5654 τοὺς
562 5590 657 5645 τοῦ
682 5593 957 5662 Στεφανᾶ,
984 5593 1016 5665 ἦ
1040 5593 1126 5648 διά
1153 5596 1215 5649 τὸ
1245 5594 1497 5668 πρώτους
1523 5578 1723 5669 αὐτοθς

1822 4676 1937 4733 lloc
1950 4677 2015 4732 ad
2036 4674 2365 4732 dissidentes
2414 4680 2467 4728 et
2484 4668 2790 4729 Ecclesiam
2810 4664 3125 4722 divellentes
3147 4661 3402 4735 pertinet.

1825 4770 1951 4826 Sive
1976 4770 2119 4824 enim
2156 4769 2313 4822 docet
2340 4760 2764 4836 quispiam,sive
2789 4756 2969 4823 discit,
2995 4756 3113 4812 sive
3132 4753 3402 4824 obiurgat,

1825 4859 2007 4915 omnia
2047 4859 2101 4913 in
2138 4856 2429 4912 dilectione
2460 4854 2593 4908 fiant
2632 4844 2725 4908 :et
2748 4866 2854 4907 non
2881 4848 2985 4903 erit
3014 4845 3218 4904 inﬂatio
3267 4846 3403 4900 inter

1826 4968 1945 5017 vos,
1970 4964 2147 5019 neque
2189 4945 2481 5012 dissensio,
2514 4944 2781 5000 charitate
2804 4940 3191 4996 intercedente.

1899 5043 2067 5100 Vens.
2095 5040 2185 5096 15.
2211 5058 2230 5093 ι
2266 5037 2508 5095 Obsecro
2535 5047 2713 5095 autem
2740 5050 2856 5102 vos,
2892 5032 3108 5088 fratres.
3142 5048 3161 5083 ι
3196 5026 3401 5098 Hyper—

1827 5141 1990 5196 baton
2016 5145 2121 5200 est,
2184 5153 2205 5188 ι
2243 5131 2484 5190 Obsecro
2522 5147 2643 5199 vos,
2679 5150 2698 5184 ι
2731 5129 2987 5185 nimirum
3016 5137 3074 5181 ut
3096 5133 3263 5180 etvos
3288 5121 3402 5177 tali-

1826 5234 1927 5289 bus
1947 5230 2148 5303 geratis
2170 5241 2402 5284 morem.
2434 5225 2643 5283 Caetera
2673 5235 2853 5279 autem
2904 5218 3225 5297 interposita
3258 5223 3405 5270 sunt.

1904 5345 1922 5379 ι
1961 5324 2143 5380 Nostis
2199 5323 2417 5378 domum
2472 5318 2783 5389 Stephanaa,
2838 5314 2981 5383 quod
3031 5311 3101 5367 sit
3154 5307 3405 5378 primitim

1828 5417 2062 5473 Achaize.
2097 5435 2115 5468 ι
2146 5411 2275 5480 Vos,
2303 5412 2500 5485 inquit,
2531 5408 2752 5475 tenetis,
2784 5419 2882 5473 nec
2928 5401 3138 5469 habetis
3181 5412 3403 5456 necesse

1826 5522 1935 5566 uta
1987 5524 2071 5566 me
2132 5505 2373 5575 discatis.
2419 5500 2696 5571 Primitias
2752 5505 2932 5567 autem
2968 5493 3187 5556 Achaiae
3247 5500 3405 5557 vocat

1830 5602 2159 5673 Stephanam
2184 5615 2305 5656 cum
2329 5596 2459 5653 suis.
2484 5593 2564 5651 vel
2582 5590 2725 5663 quod
2749 5589 2908 5662 primi
2931 5588 3030 5660 ipsi
3050 5584 3406 5673 crediderint,

1491 5740 1686 5806 Variae
1742 5743 2074 5808 lectiones.

229 5848 250 5883 ⁸
281 5853 424 5908 ποιεῖ
449 5870 522 5908 m.
600 5857 619 5887 ⁷
662 5855 895 5925 γινέσθω
926 5872 996 5911 m.
1074 5858 1093 5887 "
1128 5857 1282 5912 αὐτοὶ
1324 5874 1399 5914 nt.
