3806 6620
210 462 310 527 793

995 462 1404 525 EXPOSITIO
1435 463 1518 526 IN
1558 461 1807 527 EPIST.
1842 462 1872 523 Ι
1901 464 2005 525 AD
2044 465 2311 528 COR.'—
2331 465 2492 533 CAP.
2525 466 2683 530 XVI.

3366 457 3475 525 ’194

288 601 307 631 ι
336 574 508 639 Eiet;
531 575 597 630 οὐ
621 573 765 645 φιλεῖ
779 574 870 628 τὸν
885 575 1094 647 Κύριον
1114 574 1276 647 ἡμῶν
1291 577 1502 646 Ἰησοῦν
1523 576 1785 645 Χριστὸν,

1964 574 2128 631 Vens.
2154 575 2247 630 2%.
2289 595 2309 629 ι
2350 576 2408 632 Si
2437 576 2559 646 quis
2586 590 2691 631 non
2726 581 2874 630 amat
2899 571 3185 628 Dominum
3230 580 3475 627 nostrum

207 673 321 745 ἤτω
344 668 518 726 ἀνάθε
528 686 626 739 μα.
654 687 674 720 ι
698 666 789 738 Τῷ
809 667 892 722 ἑνὶ
910 668 1087 738 τούτῳ
1113 668 1260 740 λόγῳ
1289 667 1506 732 πάντας
1539 666 1797 738 ἐφόϐησε,

206 766 331 828 τοὺς
356 762 621 834 πόρνους,
643 760 766 825 τοὺς
791 760 1191 832 διχονοοῦντας,
1217 762 1344 826 τοὺς
1371 763 1441 816 τά
1472 745 1800 815 εἰδωλόθυτα

207 855 508 918 ἐσθίοντας,
538 853 667 917 τοὺς
695 854 763 924 τῇ
794 854 1088 908 ἀναστάσει
1119 855 1514 920 ἀπιστοῦντας,
1554 854 1645 907 καὶ
1669 853 1802 907 πάν-

206 964 303 1011 τας
329 944 523 1008 ἁπλῶς
554 947 684 1009 τοὺς
711 943 841 1017 παρ⁹
871 944 1055 1009 αὐτοῖς
1096 945 1201 1011 ἔξω
1225 946 1325 1015 τῆς
1353 945 1520 1000 αὐτοῦ
1546 945 1801 998 διδασκαο

206 1039 323 1101 λίας
369 1039 472 1090 καὶ
532 1036 891 1107 παραδόσεως
932 1036 1243 1106 διάγοντας.
1291 1038 1354 1091 Οἰ
1397 1037 1507 1107 γὰρ
1564 1033 1803 1089 τοιοῦτοι

206 1130 407 1193 πάντες
445 1128 512 1182 οὐ
542 1128 764 1197 φιλοῦσι
792 1129 884 1182 τὸν
914 1129 1144 1202 Κύριον.

277 1242 295 1275 ι
329 1219 670 1292 Μαραναθά.
697 1240 716 1273 ι
752 1221 1065 1289 Τουτέστιν,
1105 1224 1139 1276 ὁ
1170 1221 1388 1289 Κύριος
1416 1216 1588 1292 ἦλθε.
1625 1217 1798 1272 Τοῦτο

205 1313 258 1366 δὲ
277 1310 451 1378 εἶπεν,
481 1311 608 1383 ἅμα
634 1313 733 1383 μὲν
756 1306 857 1366 τὸν
875 1313 974 1382 τῆς
995 1314 1318 1382 οἰκονομίας
1344 1314 1506 1383 λόγον
1537 1312 1796 1384 βεϐαιῶν,

206 1406 296 1459 καὶ
325 1405 415 1459 διὰ
454 1404 627 1459 τοῦτο
656 1405 755 1475 τὴν
784 1404 1085 1459 ἀνάστασιν
1107 1422 1119 1435 ’
1155 1405 1271 1476 ἅμα
1301 1404 1357 1459 δὲ
1388 1406 1483 1459 καὶ
1518 1406 1798 1475 ἐντρέπων

206 1498 421 1565 αὖτοὺς,
456 1498 547 1551 ὅτι
601 1499 664 1551 ὐ
716 1497 996 1569 Δεσπότης
1036 1498 1175 1569 ὑπὲρ
1207 1498 1364 1569 ἡμῶν
1410 1498 1591 1551 πάντα
1633 1513 1799 1550 κατε-

204 1589 417 1654 δέξατο·
452 1588 622 1657 ὑμεῖς
674 1588 731 1641 δὲ
784 1589 1153 1660 παροργίζετε
1198 1589 1385 1653 αὑτὸν,
1435 1589 1486 1642 οἰ
1541 1588 1640 1659 μὲν
1689 1586 1799 1642 ἀπὸ

206 1681 511 1753 ἀνθρώπων
545 1680 896 1751 καλούμενοι,
927 1682 977 1735 οἰ
1014 1682 1072 1735 δὲ
1104 1683 1438 1753 πράττοντες
1473 1682 1543 1736 τά
1592 1682 1795 1751 φαῦλα.

207 1773 315 1825 Οὐκ
342 1774 632 1843 ἐχρήσατο
656 1772 714 1826 δὲ
753 1771 1022 1843 Ἑλληνίδι
1048 1774 1335 1844 διαλέκτῳ,
1367 1772 1483 1827 ἀλλ’
1506 1772 1794 1844 ηἚϐραῖδι,

211 1864 401 1934 μᾶλλον
427 1865 489 1919 δὲ
517 1868 590 1937 τῇ
620 1865 692 1920 Σύ
704 1884 811 1938 ρων
835 1866 1074 1938 γλώττῃ,
1098 1867 1286 1935 ἐπειδὴ
1311 1865 1447 1936 πρὸς
1471 1865 1795 1937 Κορινθίους

208 1959 376 2027 ἔλεγε,
408 1960 542 2023 τοὺς
579 1961 675 2012 ἐπὶ
703 1963 768 2031 τῇ
799 1958 903 2025 ἔξω
936 1961 1101 2031 σοφίᾳ
1132 1961 1277 2030 μέγα
1312 1958 1667 2030 φρονοῦνταῖ,
1701 1959 1793 2013 καὶ

206 2053 268 2120 τῇ
299 2050 549 2123 κομψείᾳ
582 2052 689 2121 τῆς
730 2051 1038 2121 Ἑλληνίδος
1089 2052 1399 2116 διαλέκτου,
1446 2052 1662 2115 δεικνὺς
1712 2052 1793 2107 ὅτι

206 2138 454 2194 τοσοῦτον
488 2141 556 2194 οὐ
617 2142 789 2195 δεῖται
827 2141 988 2205 αὐτὸς
1020 2141 1249 2210 ταύτης,
1287 2141 1421 2194 ἀλλά
1453 2143 1519 2212 τῇ
1557 2142 1796 2212 ἰδιωτείᾳ

204 2232 572 2303 ὲγκαυχᾶται,
597 2231 740 2286 ῶστε
762 2233 855 2287 καὶ
878 2214 1143 2306 βαρϐάρῳ
1165 2232 1382 2306 γλώττῃ
1403 2235 1704 2306 φθέγγεται
1726 2235 1789 2289 ⁸⁸.

285 2427 305 2459 ι
354 2406 423 2461 Ἦ
446 2408 621 2479 χάρις
644 2407 738 2463 τοῦ
764 2408 969 2480 Κυρίου
998 2409 1157 2480 ἡμῶν
1197 2409 1376 2480 Ἰησοῦ
1401 2410 1637 2483 Χριστοῦ
1672 2403 1790 2481 μεθ’

213 2499 376 2568 ὑμῶν.
413 2518 433 2551 ι
470 2497 658 2553 Τοῦτο
689 2499 1037 2564 διδασκάλου,
1070 2501 1130 2554 τὸ
1170 2501 1245 2570 μὴ
1280 2502 1441 2572 μόνον
1485 2507 1790 2574 παραινεῖν,

210 2589 338 2644 ἀλλά
364 2590 459 2643 καὶ
486 2588 777 2661 εὔχεσθαι,
809 2592 904 2645 καὶ
933 2592 1095 2664 διπλῇ
1130 2593 1433 2664 στηρίζειν,
1467 2596 1534 2666 τῇ
1563 2611 1623 2646 τε
1646 2594 1791 2657 διδα-

212 2681 421 2753 σκαλίᾳ,
445 2681 549 2738 καὶ
590 2686 660 2756 τῇ
690 2683 793 2754 τῆς
834 2682 1040 2739 ἀνωθεν
1069 2683 1324 2755 βοηθείας
1354 2684 1445 2738 διά
1474 2685 1585 2739 τῶν
1619 2685 1794 2756 εὐχῶν

211 2774 566 2848 ἱπιχορηγίᾳ.

283 2887 302 2919 ‹
351 2869 417 2921 Ἦ
445 2870 651 2940 ἀγάπη
687 2886 790 2940 μου
824 2868 966 2941 μετά
1004 2869 1225 2923 πάντων
1260 2870 1417 2942 ὑμῶν
1454 2873 1513 2926 ὲν
1565 2870 1792 2943 Χριστῷ

222 2960 419 3029 Ἰησοῦ.
443 2962 651 3034 ’Δμήν.
682 2980 702 3014 ι
753 2961 976 3033 Ἐπειδὴ
1007 2963 1283 3032 διεστήκει
1305 2964 1379 3036 τῷ
1398 2965 1572 3038 τόπῳ,
1595 2965 1796 3020 ὡσανεὶ

214 3052 383 3118 δεξιᾶς
413 3070 570 3118 τινος
604 3053 861 3119 ἐκτάσει,
890 3056 1010 3118 ταῖς
1039 3054 1138 3124 τῆς
1171 3055 1390 3126 ἀγάπης
1428 3059 1586 3128 χερσὶ
1631 3073 1794 3131 περι·

212 3144 473 3216 λαμϐάνει
523 3145 752 3211 αὐτοὺς,
804 3144 1013 3216 λέγων·
1067 3165 1089 3199 ς
1150 3148 1218 3200 Ἦ
1265 3148 1456 3218 ἀγάπη
1516 3166 1617 3219 μου
1670 3140 1793 3219 μεθ’

1903 666 2087 724 Jesum
2130 667 2428 735 Christum,
2464 669 2754 723 anathema
2803 667 2895 722 sit.
2925 684 2945 718 ι
3007 663 3126 721 Uno
3173 664 3278 720 hoc
3313 663 3476 718 verbo

1900 770 2130 816 cunctos
2190 760 2407 827 terruit,
2459 758 2844 825 fornicatores,
2883 755 3230 812 dissidiorum
3274 755 3476 812 excita-

1901 865 2070 921 tores,
2095 852 2396 926 idolothyta
2456 852 2871 916 manducantes,
2927 848 3313 905 resurrectioni
3369 863 3476 903 non

1900 948 2204 1011 credentes,
2229 947 2474 1015 adeoque
2506 959 2696 1001 omnes
2723 943 3068 1015 simpliciter,
3093 945 3185 1011 qui
3213 941 3352 1012 apud
3382 954 3477 995 eos

1898 1047 2054 1094 extra
2087 1037 2260 1110 ipsius
2285 1037 2685 1093 institutionem
2716 1045 2771 1090 et
2809 1034 3153 1090 traditionem
3203 1029 3473 1101 agebant:

1902 1132 2205 1203 huiusmodi
2227 1131 2370 1186 etaim
2399 1146 2590 1186 omnes
2615 1144 2724 1185 non
2748 1135 2931 1184 amant
2953 1126 3260 1182 Dominum.

1978 1245 1999 1280 ι
2037 1225 2378 1281 Maranatba.
2418 1242 2438 1277 ι
2470 1224 2581 1280 Hoc
2612 1232 2717 1288 est,
2742 1221 3000 1276 Dominus
3023 1218 3190 1273 venit.
3226 1214 3342 1269 Hoc
3373 1228 3475 1268 au-

1902 1331 2008 1376 tem
2031 1318 2191 1383 dixit,
2217 1317 2415 1389 partim
2434 1318 2508 1387 ut}
2535 1315 2781 1372 stabiliat
2830 1310 3247 1383 dispensationis
3288 1318 3344 1363 et
3392 1307 3478 1361 in-

1899 1412 2235 1469 carnationis
2256 1411 2505 1475 verbum,
2542 1424 2606 1466 ac
2664 1423 2762 1480 per
2823 1407 2928 1462 hoc
2982 1401 3474 1466 resurrectionem;

1899 1503 2096 1575 partim
2130 1511 2189 1557 ut
2237 1502 2552 1573 pudefaciat
2599 1515 2717 1564 eos,
2769 1500 3025 1570 quoniam
3078 1494 3338 1550 Dominus
3379 1507 3477 1561 pro

1901 1596 2058 1651 nobis
2085 1594 2265 1649 omnia
2310 1593 2533 1664 pertulit
2556 1607 2620 1648 ac
2647 1592 2902 1661 suscepit.
2930 1590 3038 1645 Vos
3066 1596 3244 1642 autem
3278 1598 3477 1654 provo.

1898 1687 2035 1742 catis
2069 1701 2216 1752 eum,
2264 1684 2354 1739 alii
2394 1682 2612 1752 quidem
2648 1682 2717 1738 ab
2770 1681 3081 1738 hominibus
3140 1674 3341 1738 vocati,
3383 1672 3475 1727 alii

1899 1794 2027 1835 vero
2057 1777 2201 1834 mala
2227 1778 2627 1848 per‘petrantes.
2672 1774 2791 1830 Non
2821 1787 2954 1828 usus
2970 1780 3052 1827 est
3080 1779 3258 1825 autem
3288 1766 3476 1822 Graeca

1905 1870 2156 1933 dialecto,
2194 1869 2287 1923 sed
2322 1868 2569 1930 llehraza,
2603 1867 2711 1920 imo
2734 1866 2993 1936 Syrorum
3044 1860 3221 1930 potius
3253 1858 3473 1927 lingua;

1898 1961 2023 2031 quia
2057 1961 2262 2017 scilicet
2282 1960 2350 2014 ad
2380 1957 2695 2015 Corinthios
2723 1957 2886 2011 verba
2910 1954 3134 2019 faceret,
3171 1951 3261 2023 qui
3290 1951 3360 2005 ob
3389 1964 3476 2003 ex-

1894 2064 2103 2110 ternam
2166 2053 2490 2122 sapientiam
2548 2060 2601 2105 et
2655 2049 2857 2105 Graeca:
2907 2048 3102 2116 lingua:
3147 2041 3473 2114 elegantiam

1896 2146 2123 2201 multum
2157 2147 2521 2216 superbirent,
2549 2142 2844 2198 OStendens
2870 2140 3012 2210 quod
3051 2138 3186 2193 adeo
3241 2151 3347 2189 non
3385 2133 3472 2187 in-

1895 2238 2073 2307 digeat
2106 2236 2221 2305 ipse
2256 2235 2521 2306 sapientia
2554 2235 2677 2301 hac,
2736 2244 2796 2287 ut
2823 2244 2878 2288 et
2917 2232 2983 2286 de
3031 2227 3238 2298 vulgari
3268 2234 3323 2281 et
3380 2220 3474 2279 vili

1893 2329 2073 2397 lingua
2101 2328 2384 2399 glorietur,
2410 2328 2543 2381 adeo
2578 2337 2639 2381 ut
2667 2336 2719 2379 et
2737 2324 2964 2379 barbara
2994 2322 3171 2392 lingua
3196 2319 3468 2386 loquatur.

1964 2420 2133 2476 Vens.
2166 2420 2256 2476 25.
2301 2438 2318 2472 ι
2358 2419 2540 2476 Gratia
2605 2417 2813 2472 Domini
2881 2415 3054 2471 nostri
3111 2411 3235 2467 Jesu
3268 2407 3470 2466 Christi

1895 2516 2193 2570 vobiscum.
2231 2532 2252 2568 ι
2285 2512 2532 2568 Doctoris
2564 2510 2796 2567 oﬂicium
2832 2509 2937 2564 hoc
2988 2515 3090 2571 est,
3139 2520 3246 2559 non
3299 2501 3471 2558 solum

1893 2608 2195 2671 adhortari,
2242 2621 2431 2662 verum
2458 2604 2623 2660 etiam
2654 2617 2835 2668 orare,
2864 2615 2927 2656 ac
2973 2598 3223 2654 bifariam
3258 2594 3470 2657 fulcire,

1895 2711 2006 2756 tum
2029 2698 2285 2755 doctrina
2315 2707 2432 2752 tum
2459 2694 2676 2766 superni
2705 2690 2895 2746 auxilii
2920 2706 3017 2763 per
3049 2687 3325 2744 orationes
3353 2698 3476 2754 sup-

1893 2791 2243 2866 peditatione.

1969 2886 2131 2942 Vens.
2151 2885 2243 2940 24.
2272 2902 2291 2937 ι
2358 2881 2584 2939 Dilectio
2632 2894 2750 2936 mea
2775 2892 2897 2933 cum
2922 2873 3175 2931 omnibus
3202 2872 3357 2927 vobis
3417 2870 3472 2925 in

1893 2979 2112 3037 Christo
2145 2976 2296 3032 Jesu.
2322 2976 2517 3030 Amen.
2555 2992 2574 3026 ι
2610 2971 2749 3040 Quia
2785 2971 2905 3026 loco
2936 2967 3192 3032 distabat,
3217 2981 3315 3022 ceu
3339 2964 3472 3020 dex-

1896 3083 2025 3128 terae
2057 3069 2357 3141 cujuspiam
2397 3067 2737 3128 extensione.
2785 3062 2947 3133 237
2979 3058 3266 3116 charitatis
3297 3056 3474 3112 mani-

1893 3162 1992 3235 bus
2011 3176 2103 3217 eos
2137 3157 2535 3227 complectitur,
2563 3154 2815 3227 inquiens
2845 3171 2860 3208 :
2905 3170 2924 3205 ι
2957 3149 3184 3206 Dilectio
3212 3161 3333 3202 mea
3373 3158 3474 3200 vo-

214 3237 391 3309 ὑμῶν’
427 3257 447 3291 ι
474 3239 502 3293 ὃ
527 3240 673 3303 ὲστι,
704 3237 859 3293 Μετά
882 3239 1100 3295 πάντων
1121 3239 1275 3310 ὑμῶν
1297 3240 1438 3309 ἐγώ·
1468 3238 1563 3295 οὐκ
1592 3243 1790 3311 ἄπειμι

1904 3254 2111 3310 bisc‘um
2144 3270 2158 3307 :
2203 3269 2222 3303 ι
2248 3249 2390 3319 quod
2417 3257 2524 3315 est,
2550 3246 2686 3302 Cum
2721 3244 2973 3302 omnibus
3002 3241 3156 3297 vobis
3179 3254 3280 3311 ego
3329 3252 3470 3294 sum.

214 3327 347 3400 γάρ,
376 3329 427 3383 εἰ
460 3331 564 3383 καὶ
594 3328 673 3399 τῷ
705 3331 858 3401 τόπῳ
896 3329 1179 3400 διέστηκα.
1216 3331 1316 3384 Διά
1363 3331 1569 3386 τούτων
1596 3333 1653 3387 δὲ
1683 3333 1792 3388 δεί-

216 3434 415 3485 κνυσιν,
445 3423 528 3477 ὅτι
557 3423 619 3476 οὐ
648 3421 844 3493 θυμοῦ.
878 3422 1001 3476 οὐδὲ
1030 3422 1203 3494 όργῆς
1229 3419 1371 3495 ἦσαν
1397 3423 1465 3478 τά
1485 3426 1789 3495 γραφέντα,

217 3513 321 3568 ἀλλ’
350 3515 578 3584 ἀγάπης
603 3515 696 3568 καὶ
729 3514 1057 3586 κηδεμονίας
1078 3555 1093 3581 ,
1123 3515 1173 3569 εἰ
1205 3517 1300 3570 καὶ
1327 3519 1555 3590 πικρίαν
1594 3519 1792 3589 ἐνέφα-

219 3618 302 3658 νον
422 3637 492 3649 -—
524 3604 769 3679 φαινον].
805 3607 922 3660 ’Ὶνα
953 3607 1011 3662 δὲ
1037 3608 1465 3681 μὴῦνομίσωσιν,
1508 3613 1590 3664 ἔτι
1632 3613 1795 3666 κολα·-

219 3696 387 3749 κεὺων
432 3698 641 3762 αὐτοὺς
688 3698 862 3753 ταῦτα
910 3699 1097 3768 λέγει,
1131 3701 1327 3772 φησίν·
1383 3719 1400 3754 ι
1463 3704 1523 3756 ἐν
1571 3704 1793 3777 Χριστῷ

232 3786 399 3857 Ἰησοῦ
420 3804 435 3819 ·
475 3807 497 3842 ι
528 3792 836 3857 τουτέστιν,
864 3793 1031 3847 Οὐδὲν
1059 3793 1421 3865 ἀνθρώπινον,
1463 3796 1496 3869 ἢ
1527 3797 1793 3869 σαρκικὸν

221 3875 253 3945 ὴ
297 3876 486 3953 ἀγάπη
523 3897 632 3951 μου
668 3880 812 3954 ἔχει,
850 3882 988 3936 ἀλλά
1037 3887 1385 3959 πνευματική
1436 3889 1553 3942 ἐστι
1610 3888 1705 3942 καὶ
1737 3890 1795 3943 ἐν

223 3966 455 4043 Χριστῷ.
504 3972 813 4043 Εὺξώμεθα
845 3968 939 4028 οῦν
973 3976 1067 4029 καὶ
1096 3979 1260 4048 ἡμεῖς
1300 3979 1387 4032 ἵνα
1431 3980 1697 4051 ἀλλήλους
1736 3983 1794 4037 έν

225 4059 434 4133 Χριστῷ
457 4064 817 4134 ἀγαπῶντες,
857 4066 1151 4138 μηδὲντῆς
1180 4072 1452 4141 κοσμικῆς
1481 4073 1703 4143 ἀγάπης
1737 4077 1795 4128 ὲν

225 4151 426 4219 ἑαυτοῖς
453 4157 872 4229 περιφέρωμεν,
893 4159 1015 4230 ἥτις
1038 4158 1209 4232 ἔχθρα
1240 4162 1390 4216 ἐστιν
1417 4163 1497 4228 εἰς
1519 4163 1611 4218 τὸν
1637 4164 1791 4222 Θεόν.

228 4243 371 4299 Οῦτω
407 4248 522 4320 γὰρ
571 4251 667 4304 καὶ
710 4250 819 4304 τῶν
857 4253 1156 4322 ἀγαπητῶν
1198 4253 1292 4308 τοῦ
1328 4254 1465 4309 Θεοῦ
1496 4258 1541 4288 ¹⁶
1579 4274 1796 4327 σκηνωο

149 4391 159 4403 ,
232 4333 403 4402 μάτων
432 4338 965 4412 καταξιωθησόμεθα
1003 4344 1061 4397 ὲν
1088 4343 1309 4416 Χριστῷ
1352 4346 1524 4415 Ἰησοῦ
1557 4349 1634 4421 τῷ
1682 4351 1795 4405 Κυ-

233 4424 323 4496 ρίῳ
366 4429 530 4501 ἡμῶν
579 4435 931 4504 ἀγαπήσαντι
985 4436 1133 4508 ἡμᾶς
1159 4452 1174 4468 ο
1225 4432 1270 4508 ᾧ
1322 4440 1353 4511 ἡ
1393 4440 1521 4509 δόξα
1554 4445 1635 4507 είς
1668 4445 1795 4510 τοὺς

229 4518 417 4588 αἰῶνας
447 4524 563 4580 τῶν
592 4524 823 4582 αἰώνων.
864 4526 1058 4602 Ἀμήν.

1896 3343 2013 3401 Νοη
2036 3345 2180 3399 enim
2211 3357 2242 3397 a
2265 3341 2418 3397 vobis
2444 3341 2659 3404 absum,
2712 3337 2925 3392 etiamsi
2958 3334 3078 3389 loco
3101 3332 3317 3387 distent.
3369 3329 3475 3385 Per

1897 3439 2014 3494 haec
2043 3445 2223 3492 autem
2246 3428 2795 3501 commonstratquod
2814 3429 2929 3483 haec
2955 3442 3075 3496 quae
3097 3425 3298 3493 scripta
3324 3433 3473 3488 sunt,

1893 3543 2070 3598 neque
2096 3525 2484 3597 indignationis
2514 3537 2686 3593 neque
2730 3519 3025 3575 iracundiae
3048 3516 3212 3571 verba
3240 3513 3469 3578 fuerint,

1893 3620 1987 3677 sed
2019 3619 2298 3675 cbaritatis
2321 3628 2376 3674 et
2403 3632 2574 3681 cura,
2604 3614 2819 3671 etiarnsi
2875 3610 3248 3667 amsrulentia:
3278 3607 3475 3663 nonni-

1896 3712 1972 3769 hil
2005 3727 2115 3783 prae
2141 3726 2202 3767 se
2232 3709 2457 3766 ferrent.
2507 3707 2586 3764 Ne
2617 3721 2748 3764 vero
2801 3715 3134 3762 arbitrentur
3185 3702 3330 3772 quod
3358 3701 3476 3757 hac

1893 3820 1960 3860 ex
1992 3802 2596 3873 adulationeloquatur,
2627 3799 2831 3870 adjicit,
2869 3818 2889 3852 ι
2925 3795 2981 3851 In
3002 3796 3219 3851 Christo
3244 3792 3372 3850 Iesu
3399 3811 3414 3849 :
3446 3810 3469 3848 ι
3507 3844 3513 3850 .

1895 3898 1999 3953 hoc
2030 3905 2131 3963 θεῖ,
2159 3895 2316 3950 Nihil
2357 3895 2651 3949 humanum
2684 3902 2778 3947 aut
2818 3888 3036 3946 carnale
3064 3887 3300 3942 charitas
3353 3900 3473 3940 mea

1896 3990 2083 4056 habet,
2118 3987 2213 4045 sed
2247 3986 2542 4059 Spiritualis
2571 3992 2675 4052 est,
2710 3993 2767 4040 et
2813 3983 2867 4038 in
2898 3968 3137 4037 Christo.
3185 3978 3475 4034 Precemur

1898 4084 2062 4153 igitur
2090 4092 2145 4138 et
2171 4096 2291 4147 nos,
2336 4089 2393 4135 ut
2414 4095 2511 4135 nos
2546 4089 2736 4133 mutuo
2780 4078 2920 4132 inter
2948 4091 3049 4131 nos
3095 4073 3385 4143 diligentes
3418 4068 3472 4125 in

1896 4174 2139 4242 Christo,
2175 4174 2311 4230 nihil
2342 4176 2627 4228 mundanae
2656 4170 2940 4226 charitatis
2967 4169 3021 4223 in
3050 4167 3205 4222 nobis
3233 4179 3471 4221 circum-

1897 4268 2158 4334 feramus,
2191 4280 2310 4336 qua:
2349 4266 2567 4320 inimica
2599 4274 2681 4319 est
2714 4263 2847 4318 Deo.
2882 4260 2973 4316 Sic
3010 4261 3156 4315 enim
3186 4267 3241 4314 et
3265 4256 3472 4312 amabi—

1897 4362 2041 4417 libus
2074 4360 2166 4416 Dei
2225 4357 2587 4415 tabernaculis
2617 4358 2758 4428 digni
2785 4354 3151 4427 judicabimur
3208 4352 3264 4407 in
3315 4349 3475 4407 Chri-

1898 4463 1983 4510 sto
2011 4451 2136 4509 Jesu
2168 4450 2395 4506 Domino
2433 4460 2639 4516 nostro,
2680 4449 2772 4519 qui
2802 4447 2990 4505 dilexit
3014 4461 3113 4504 nos
3140 4463 3156 4503 :
3184 4444 3271 4502 cui
3299 4442 3472 4518 gloria

1900 4546 1953 4601 in
1981 4544 2178 4602 saecula
2202 4542 2548 4601 saeculorum.
2576 4542 2772 4598 Amen.

1544 4720 1746 4785 Variae
1776 4723 2111 4790 lectiones.

300 4828 341 4864 “
360 4832 699 4906 φθέγγεσθαι
733 4851 807 4890 m.
888 4835 933 4868 “
961 4834 1201 4907 Χριστοῦ
1224 4852 1278 4894 o.
