3806 6588
364 421 471 484 799

1277 417 1852 478 THEOPHYLACTI
1895 415 2305 477 BULGARI/E
2348 417 2680 479 ARCHIEP
3236 373 3245 381 ἡ
3487 417 3578 483 διο

366 535 487 596 dem
521 543 572 588 et
603 533 759 586 nidus
779 531 977 588 Christi
1003 573 1017 597 ,
1057 533 1355 587 secundum
1403 534 1794 588 humanitatem
1817 533 1940 604 qui-

2064 533 2304 603 (ριστοῦ,
2347 535 2488 588 κατά
2541 536 2638 606 μὲν
2687 535 2746 589 τδ
2779 535 3143 607 ἀνθρώπινον,
3187 533 3352 598 Θεός·
3384 535 3514 589 κατά
3537 537 3581 590 δὲ

365 628 486 679 dem
520 624 690 690 Deus;
724 623 1016 677 secundum
1052 637 1182 676 vero
1219 623 1581 690 divinitatem,
1613 623 1794 680 Pater.

440 734 464 771 ι
511 715 670 771 Pater
705 716 1241 778 n'tisericordiarutn’,
1276 731 1340 770 ac
1371 715 1510 770 Dens
1542 717 1709 770 totius
1747 731 1940 770 conso-

371 808 605 860 ‘ationis.
645 825 661 858 ι
697 805 807 860 Hoc
852 815 965 866 est,
1001 807 1091 874 qui
1126 815 1200 859 tot
1233 817 1522 877 tantasque
1559 808 1938 862 miserationes

383 898 608 951 'xbihuit
633 938 648 963 ,
686 908 745 952 ut
781 914 843 951 ex
885 898 1017 965 ipsis
1053 914 1150 952 nos
1187 899 1376 952 mortis
1425 899 1591 966 portis
1626 897 1937 964 reduxerit,

370 1002 429 1040 ac
461 988 713 1056 dignatus
744 989 815 1044 sit
844 1004 941 1044 nos
974 991 1120 1044 ontni
1153 990 1522 1046 consolatione
1558 991 1608 1043 in
1636 987 1938 1044 amictioni-

369 1082 488 1134 hus.
535 1081 886 1136 Consuetudo
917 1093 1096 1137 autem
1133 1092 1251 1137 erat
1286 1084 1510 1147 sanctis,
1549 1084 1713 1137 Deum
1749 1099 1814 1138 ex
1846 1084 1939 1137 be-

367 1173 575 1229 tteliciis
626 1191 746 1244 qua:
791 1175 858 1230 ab
899 1190 964 1230 eo
1018 1176 1389 1245 accipiebant.
1446 1176 1724 1230 nominare
1772 1193 1789 1234 :
1845 1191 1942 1246 pro

367 1268 597 1323 victoria
628 1270 847 1338 quidem
881 1269 933 1322 in
977 1269 1158 1334 bello,
1207 1287 1225 1320 ι
1272 1268 1498 1339 Diligam
1537 1281 1620 1333 te,
1674 1287 1692 1320 ι
1734 1269 1940 1338 inquit,

373 1382 392 1416 ι
431 1365 676 1425 Domine,
701 1363 863 1416 robur
892 1379 1066 1417 meum
1089 1375 1110 1403 ε
1139 1383 1150 1417 :
1185 1383 1202 1416 ι
1235 1373 1306 1425 et,
1341 1383 1358 1416 ι
1392 1365 1647 1418 Dominus
1673 1374 1946 1433 protector

369 1451 591 1508 mensd.
634 1472 652 1506 ›
688 1454 821 1509 Cum
868 1471 996 1508 vero
1037 1471 1064 1507 a
1099 1455 1328 1522 caligine
1359 1466 1415 1510 et
1447 1457 1827 1509 obscuratione
1861 1469 1948 1507 ra-

371 1546 566 1610 tionis,
619 1556 673 1600 et
712 1561 741 1599 a
789 1561 1024 1600 mon-ore
1061 1547 1234 1612 erepti
1283 1545 1484 1601 fuerint
1535 1564 1548 1601 :
1599 1565 1617 1599 ι
1679 1547 1942 1601 Dominus

369 1638 692 1692 illutninatio
737 1654 852 1690 mea
888 1649 935 1692 ο.
989 1659 1008 1690 ι
1059 1639 1210 1692 llaud
1247 1639 1494 1693 dissimili
1545 1638 1755 1692 ratione
1803 1652 1946 1693 nunc

369 1743 585 1796 quoque
609 1728 806 1782 Paulus
833 1747 850 1780 t
882 1729 1096 1783 Patrem
1125 1729 1556 1793 miseratiouum,
1592 1748 1611 1781 ι
1639 1745 1702 1783 ac
1725 1748 1744 1780 ι
1778 1729 1943 1782 Deutn

371 1818 755 1872 consolationis
786 1837 804 1870 ι
836 1819 1008 1887 ipsum
1031 1821 1299 1886 nominat,
1319 1820 1386 1874 ab
1409 1820 1689 1874 accidente
1713 1821 1941 1874 seilicct.

378 1907 508 1961 Vide
536 1917 715 1960 autem
751 1908 869 1978 ejus
914 1909 1296 1964 humilitatem.
1332 1909 1611 1979 Siquidem
1660 1921 1879 1979 ereptus
1912 1927 1941 1964 a

373 2002 765 2057 teutationibus
806 2003 1004 2072 quibus
1050 2003 1121 2057 ob
1173 2002 1450 2073 Evangelii
1501 2004 1940 2072 prmdicationem

371 2093 761 2162 excipiebatur,
791 2108 892 2148 non
915 2095 1063 2161 dicit,
1096 2095 1200 2150 Pro
1229 2095 1486 2166 dignitate
1513 2095 1772 2151 liberatus
1800 2109 1941 2162 sum,

370 2191 624 2238 caeterum
663 2199 756 2252 per
783 2185 1159 2242 miserationes
1199 2187 1313 2242 Dei.

444 2274 608 2331 Vens.
654 2279 707 2332 4.
746 2297 764 2330 ι
818 2279 917 2345 Qui
952 2281 1266 2335 consolatur
1301 2297 1398 2336 nos
1449 2282 1501 2336 itt
1537 2281 1682 2336 omni
1715 2281 1943 2335 tribula-

373 2368 520 2423 tione
551 2380 752 2424 nostra.
789 2388 806 2422 ι
835 2370 951 2424 Νοιι
981 2371 1136 2433 dixit,
1191 2372 1293 2438 Qui
1328 2388 1434 2427 non
1467 2373 1596 2428 sinit
1628 2389 1723 2427 nos
1750 2372 1906 2443 amigi
1931 2413 1947 2439 ,

374 2460 466 2513 sed
487 2503 501 2526 ,
533 2479 552 2510 ι
582 2461 681 2527 Qui
709 2464 1023 2517 consolatur
1050 2481 1146 2518 nos
1168 2464 1220 2518 itt
1243 2463 1551 2520 aﬂlictione.
1580 2485 1598 2517 δ
1630 2465 1770 2519 Sinit
1798 2466 1944 2520 enim

374 2566 474 2606 nos
500 2551 658 2622 aﬂligi
680 2594 695 2617 ,
721 2564 777 2608 ut
805 2569 902 2623 per
929 2555 1244 2625 patientiam
1281 2558 1586 2612 mercedem
1613 2557 1904 2612 habeamus
1931 2575 1946 2612 :

374 2652 431 2696 et
467 2645 682 2713 quando
728 2660 829 2700 nos
871 2645 1116 2702 labantes
1166 2647 1399 2711 viderit,
1448 2647 1764 2703 consolatur
1798 2665 1894 2703 nos
1931 2667 1946 2703 :

375 2734 540 2804 idque
570 2753 784 2807 semper
809 2737 958 2793 facit.
991 2739 1220 2808 Ideoque
1253 2741 1450 2795 Paulus
1479 2757 1587 2795 non
1629 2742 1764 2795 dixit
1785 2782 1799 2803 ,
1841 2742 1943 2808 Qui

377 2826 687 2880 consolatus
718 2837 800 2881 est
828 2827 1012 2890 semel,
1043 2830 1170 2894 sed,
1220 2848 1240 2882 ι
1283 2827 1382 2895 Qui
1437 2830 1764 2893 consolatur,
1794 2850 1814 2884 ι
1851 2834 1952 2887 hoc

377 2924 496 2980 est,
544 2931 777 2983 semper.
817 2917 935 2972 Non
980 2919 1032 2972 itt
1089 2919 1192 2975 hac
1228 2919 1313 2976 vel
1347 2920 1435 2976 illa
1466 2918 1786 2988 aﬂlictioue,
1819 2924 1912 2977 sed
1935 2961 1951 2989 ,

383 3023 404 3056 ι
440 3022 493 3062 Ill
525 3023 694 3061 omnt.
728 3027 747 3060 ι

459 3115 478 3150 ι
517 3097 584 3153 Ut
614 3099 885 3168 possimus
916 3117 1013 3156 nos
1042 3102 1310 3159 consolari
1340 3118 1434 3159 eos
1462 3103 1552 3173 qui
1576 3113 1700 3160 sunt
1726 3105 1776 3160 in
1805 3107 1950 3161 omni

2041 625 2142 695 τὴν
2169 624 2417 695 θεότητα,
2445 627 2656 698 Πατήρ.

2122 735 2140 768 ι
2193 716 2250 770 '0
2283 719 2472 790 Πατὴρ
2499 720 2610 772 τῶν
2638 722 2961 791 οίκτιρμῶν,
2997 720 3096 773 καὶ
3127 718 3259 780 Θεὸς
3293 719 3463 787 πάσης
3494 736 3582 772 πα-

2047 810 2383 880 ρακλήσεως.
2444 830 2462 863 ι
2523 812 2838 874 Τουτέστιν,
2893 813 2920 864 ό
2972 811 3299 881 οἰκτιρμοὺς
3332 809 3588 872 τοσούτους

2046 901 2480 972 ἐπιδειξάμενος,
2515 904 2590 967 ὡς
2615 904 2674 968 ἐξ
2699 904 2880 957 αὐτῶν
2903 904 3009 957 τῶν
3034 902 3132 956 τοῦ
3167 901 3397 955 θανάτου
3427 903 3590 956 πυλῶν

2047 995 2194 1064 ἡμᾶς
2228 997 2550 1064 ἀναγαγεῖν,
2593 997 2691 1050 καὶ
2741 997 3147 1066 παρακλήσεως
3179 995 3360 1062 πάσης
3392 995 3592 1058 ἀξιῶσαι

2046 1087 2105 1139 ἐν
2134 1089 2254 1151 ταῖς
2306 1087 2570 1157 θλίψεσιν.
2613 1091 2776 1154 Ἐθος
2810 1090 2868 1142 δὲ
2917 1093 3028 1152 τοῖς
3060 1087 3262 1156 ἁγίοις,
3315 1088 3376 1139 ὲκ
3405 1087 3503 1140 τῶν
3533 1091 3596 1150 είς

2047 1180 2244 1243 αὐτοὺς
2305 1180 2638 1248 εὐεργεσιῶν
2683 1182 2971 1250 ὀνομάζειν
3016 1180 3109 1233 τὸν
3151 1179 3320 1232 Θεόψ
3379 1180 3466 1231 ἐπὶ
3517 1180 3598 1248 μὲν

2047 1273 2203 1344 νίκης
2257 1275 2535 1343 πολέμων,
2579 1295 2597 1326 ι
2640 1275 2942 1343 Ἀγαπήσω
2971 1275 3052 1328 ’σε
3080 1316 3096 1339 ,
3144 1272 3346 1344 Κύριε,
3397 1274 3430 1343 ὴ
3468 1273 3598 1343 luxti;

2051 1383 2176 1434 μου,
2207 1385 2225 1416 ι
2261 1366 2426 1434 φησί·
2453 1367 2568 1429 καὶ,
2600 1385 2618 1418 ι
2668 1366 2726 1419 '0
2762 1367 2965 1436 Κύριος
2992 1366 3412 1436 ὑπερασπιστής
3445 1381 3553 1433 μου·
3580 1385 3594 1414 ι

2045 1457 2176 1510 ὅταν
2209 1457 2266 1510 δὲ
2300 1457 2488 1526 ζόφου,
2519 1459 2614 1510 καὶ
2646 1459 2969 1520 σκοτώσεως
2998 1456 3294 1526 λογισμοῦ,
3328 1455 3419 1509 καὶ
3446 1457 3598 1524 λύπης

2052 1548 2407 1618 λυτρωθῶσιο
2459 1567 2476 1599 ι
2517 1549 2723 1620 Κύριος
2764 1548 3046 1619 φωτισμός
3087 1564 3218 1617 μου.
3268 1565 3286 1598 ι
3325 1546 3501 1608 Οὕτως
3524 1543 3602 1599 οὖν

2051 1641 2147 1694 καὶ
2208 1640 2302 1692 νῦν
2345 1641 2372 1692 ὁ
2418 1640 2627 1704 Παῦλος
2697 1641 2920 1710 Πατέρα
2967 1637 3279 1708 οἰκτιρμῶν
3333 1638 3426 1691 καὶ
3487 1637 3598 1690 Θείον

2057 1738 2462 1810 παρακλήσεως
2503 1737 2668 1790 αὐτὸν
2705 1735 2986 1805 ὀνομάζει,
3012 1736 3124 1788 ἀπὸ
3153 1733 3252 1786 τοῦ
3285 1732 3598 1802 συμϐεϐηκός

2051 1851 2164 1895 τος.
2196 1833 2338 1904 Ὅρα
2371 1831 2428 1885 δὲ
2455 1829 2980 1899 ταπεινοφροσύνην.
3021 1827 3342 1897 Aut-prel;
3387 1825 3488 1896 γὰρ
3513 1826 3603 1878 τῶν

2052 1924 2142 1978 διὰ
2186 1924 2247 1977 τὸ
2299 1925 2563 1994 κήρυγμα
2609 1919 2957 1992 πειρασμῶν,
3023 1920 3084 1973 οὑ
3140 1919 3318 1986 λέγει,
3369 1919 3445 1970 ὅτι
3488 1916 3602 1970 Κατ’

2053 2018 2209 2083 ἀξίαν
2264 2017 2561 2090 ὲρῤόσθην,
2605 2016 2763 2081 ἀλλά,
2813 2015 2911 2067 Διά
2971 2013 3100 2076 τοὺς
3163 2011 3478 2082 οίκτιρμοὺς
3518 2007 3596 2061 τοῦ

2054 2111 2214 2166 Θεοῦ.

2132 2318 2151 2350 ι
2197 2299 2255 2354 '0
2282 2297 2618 2368 παρακαλῶν
2641 2298 2788 2372 ἡμᾶς
2821 2296 2912 2350 ἐπὶ
2943 2296 3090 2366 πάσῃ
3113 2295 3180 2363 τῇ
3209 2290 3384 2359 θλίψει
3404 2288 3563 2360 ἡμῶν.
3582 2311 3598 2338 ο

2054 2389 2170 2444 Οὐκ
2220 2384 2394 2455 εἶπεν,
2447 2389 2504 2444 '0
2545 2388 2620 2460 μὴ
2665 2389 2768 2441 ὲῶν
2810 2389 2958 2458 ἡμᾶς
2993 2386 3269 2454 θλιδῆναι,
3299 2380 3430 2445 ἀλλ’,
3467 2379 3523 2434 '0
3555 2378 3601 2430 ἐν

2055 2481 2136 2552 τῷ
2190 2480 2469 2534 θλίϐεσθαι
2500 2477 2860 2550 παρακαλῶν.
2909 2479 3004 2547 Ἐᾷ
3033 2477 3147 2547 γάρ
3181 2475 3329 2544 ἡμᾶς
3361 2471 3601 2538 θλιόἧναι,
3637 2498 3650 2508 -

2058 2575 2148 2627 ἵνα
2193 2572 2284 2626 διὰ
2329 2573 2431 2641 τῆς
2461 2572 2739 2642 ὑπομονῆς
2798 2569 2989 2640 μισθὸν
3023 2568 3298 2638 σχοίημεν
3323 2582 3338 2596 ο
3370 2560 3599 2616 κάπειδάν

2058 2665 2389 2730 όκλάζοντας
2439 2665 2544 2734 ἴδῃ,
2581 2665 2928 2734 παρακαλεῖ’
2971 2664 3065 2716 καὶ
3119 2663 3210 2715 ἀεὶ
3265 2659 3420 2712 τοῦτο
3463 2656 3597 2708 ποιεῖ.

2067 2755 2158 2809 Διὸ
2193 2757 2286 2809 καὶ
2314 2756 2343 2808 ό
2388 2754 2599 2816 Παῦλος
2630 2754 2729 2807 οὐκ
2781 2747 2960 2817 εἶπεν,
3013 2754 3096 2806 ὅτι
3133 2753 3162 2804 ὁ
3194 2749 3344 2812 ἅπαξ
3384 2761 3602 2816 παρακα-

2061 2846 2243 2912 λέσας,
2294 2845 2433 2912 ἀλλ’,
2498 2863 2516 2898 ι
2566 2844 2626 2898 Ὀ
2683 2842 3040 2914 παρακαλῶν,
3093 2859 3114 2894 ι
3171 2839 3462 2901 τουτέστιν,
3514 2835 3598 2888 ἀεί.

2061 2939 2170 2992 Καὶ
2218 2940 2318 2992 οὐκ
2364 2939 2422 2991 ὲν
2469 2937 2594 3008 τῇδε
2650 2936 2684 3008 ἢ
2731 2936 2859 3007 τῇδε
2901 2938 2966 3007 τῇ
3013 2933 3220 3004 θλίψει,
3269 2932 3404 2996 ἀλλ’,
3461 2947 3479 2980 ι
3530 2927 3602 2980 Ἐν

2064 3045 2232 3098 πασῃ.
2277 3047 2297 3081 ι

2141 3137 2160 3169 ι
2194 3119 2286 3180 Εἰς
2319 3117 2378 3170 τὸ
2406 3116 2666 3170 δύνασθαι
2691 3116 2838 3185 ἡμᾶς
2874 3115 3224 3185 παρακαλεῖν
3253 3115 3374 3175 τοὺς
3402 3114 3456 3165 ὲν
3479 3110 3600 3177 πάσῃ

381 3191 705 3259 amictione,
741 3208 835 3262 per
865 3195 1292 3252 consolationem
1333 3212 1439 3267 qua
1467 3198 1722 3268 nosipsos
1764 3214 1931 3254 conso

2066 3210 2263 3288 θλίψει,
2305 3209 2394 3262 διὰ
2438 3210 2538 3278 τῆς
2601 3208 3002 3279 παρακλήσεως
3045 3203 3116 3280 ἦς
3172 3203 3601 3279 παρακαλούμεθα

381 3287 528 3342 latur
555 3289 714 3344 Deus.
747 3308 766 3341 ι
801 3290 917 3345 Νοιι
947 3293 1088 3362 quod
1119 3293 1263 3364 digiti
1286 3295 1457 3349 simus
1482 3335 1496 3360 ,
1529 3296 1739 3359 inquit,
1765 3311 1943 3350 conso-

2064 3287 2216 3357 αὐτοὶ
2251 3303 2357 3356 ὑπὸ
2387 3301 2483 3356 τοῦ
2515 3301 2674 3356 Θεοῦ.
2737 3321 2755 3353 t
2807 3302 2918 3370 Οὐχ
2945 3302 3049 3363 ὃτι,
3078 3303 3271 3369 φησὶν,
3307 3299 3440 3364 ἄξιοί
3466 3299 3600 3364 ἐσμεν

382 3380 639 3436 latimtent
669 3383 915 3451 accipere
935 3425 949 3446 ,
992 3396 1277 3454 propterea
1306 3387 1625 3441 consolatur
1654 3403 1751 3440 nos
1779 3386 1918 3440 Deus

2064 3395 2533 3464 παρακαλεῖσθαι,
2566 3394 2655 3447 διὰ
2693 3393 2852 3447 τοῦτο
2886 3394 3204 3462 παρακαλεῖ
3234 3394 3378 3463 ἡμᾶς
3413 3392 3438 3444 ό
3463 3389 3598 3450 Θεός’

383 3489 571 3528 verum
606 3484 664 3528 ιιι
686 3474 754 3528 ab
781 3477 1031 3544 exemplo
1060 3478 1449 3534 consolationis
1489 3494 1610 3548 quae
1642 3475 1773 3532 milti
1799 3477 1943 3531 obve-

2066 3487 2184 3542 ἀλλ’
2217 3489 2306 3541 ἴνα
2333 3489 2396 3540 ἐκ
2422 3490 2517 3540 τοῦ
2545 3484 2946 3555 ὑποδείγματος
2973 3487 3074 3554 τῆς
3109 3487 3194 3548 είς
3228 3485 3329 3555 ἐμὲ
3359 3479 3602 3552 παρακλή-

385 3565 494 3630 ιιίι,
543 3566 678 3620 alios
727 3568 887 3622 etiam
933 3569 1202 3624 consolari
1255 3571 1503 3634 valeam,
1555 3570 1601 3625 si
1652 3571 1866 3639 quando
1908 3570 1942 3623 it

2066 3597 2206 3642 σεως
2236 3579 2334 3632 καὶ
2373 3578 2565 3641 ἄλλους
2589 3577 2804 3648 δυνηθῶ
2829 3578 3219 3649 παρακαλέσαι
3240 3578 3296 3630 ἐν
3319 3573 3603 3645 πειρασμοῖς

384 3659 774 3715 tentationibus
809 3660 1028 3715 fuerint.
1060 3660 1291 3717 Proinde
1321 3673 1375 3718 et
1419 3678 1516 3716 vos
1564 3662 1943 3731 conspiciente:

2067 3671 2253 3733 ὄντας.
2294 3671 2459 3724 Ὠστε
2508 3669 2606 3724 καὶ
2635 3671 2793 3740 ὑμεῖς
2847 3669 2950 3739 ἐμὲ
2979 3670 3227 3737 ὁρῶντες
3287 3667 3423 3720 οὕτω
3453 3678 3602 3731 παρα·

385 3767 470 3806 me
498 3754 631 3806 adeo
657 3753 1014 3807 confortatum
1035 3793 1050 3818 ,
1078 3755 1128 3807 in
1157 3752 1539 3809 afﬂictionibus
1565 3755 1762 3809 vestris
1783 3753 1943 3808 animi

2068 3759 2359 3829 κληθέντα,
2423 3760 2497 3830 μὴ
2528 3759 2906 3814 καταπίπτετε
2955 3763 3012 3813 ὲν
3057 3759 3310 3828 θλίψεσιν
3339 3757 3496 3818 ὄντες.
3525 3748 3602 3804 Διὰ

385 3857 454 3897 ne
497 3844 814 3898 concidatis.
897 3844 1000 3899 Per
1052 3846 1151 3900 hoc
1193 3856 1374 3900 autem
1423 3847 1788 3916 apostolorum
1829 3861 1943 3914 0pm

2066 3851 2260 3905 τούτου
2301 3852 2357 3906 δὲ
2383 3852 2625 3907 δείκνυσι
2680 3853 2773 3907 καὶ
2816 3853 2875 3907 τὸ
2920 3853 3082 3924 ἔργον
3133 3853 3250 3905 τῶν
3299 3847 3599 3905 ἀποστόλων.

387 3933 625 3997 indicat,
677 3950 899 4004 nempe,
954 3937 1097 4006 quod
1144 3938 1426 3992 constituti
1464 3947 1585 3992 sunt
1624 3948 1681 3992 ut
1730 3937 1864 3991 alios
1894 3954 1943 3992 at

2069 3945 2164 3996 mi.
2197 3943 2280 3997 ὅτι
2329 3945 2409 4008 είς
2438 3945 2497 3998 τδ
2533 3945 2755 4015 ἐτέρους
2803 3946 3048 4014 ἀλείφειν
3100 3963 3161 3998 τε
3211 3945 3311 3999 καὶ
3357 3940 3602 4010 διεγείρειν

389 4033 665 4078 certamen
692 4026 856 4079 veluti
883 4028 1150 4096 inungunt
1181 4037 1234 4082 et
1258 4029 1499 4082 excitent
1533 4046 1547 4082 :
1577 4039 1631 4083 et
1655 4030 1804 4098 quod
1833 4044 1936 4082 non

2068 4035 2310 4086 κεῖνται·
2342 4035 2437 4086 καὶ
2482 4034 2580 4105 οὐχ
2610 4034 2799 4107 ῶσπερ
2827 4037 2876 4088 οί
2896 4034 3346 4105 ψευδαπόστολοι,
3373 4029 3600 4103 τρυφῶσι.

388 4115 614 4184 perinde
640 4132 702 4170 ac
731 4117 1153 4186 psendapostoli,
1186 4118 1396 4172 deliciis
1423 4119 1695 4183 studeant,
1732 4134 1796 4172 ac
1819 4120 1940 4172 dom

2069 4125 2162 4178 καὶ
2193 4125 2331 4178 οἴκοι
2366 4124 2670 4195 καθήμενοι
2721 4125 3022 4198 περιορῶσι
3062 4127 3188 4189 τοὺς
3222 4123 3495 4194 δεομένους
3523 4134 3602 4170 παν

389 4207 726 4275 desidentes,
764 4209 1039 4279 negligant
1069 4225 1163 4265 eos
1196 4211 1287 4281 qui
1321 4210 1693 4266 consolatione
1726 4221 1779 4267 et
1813 4211 1943 4266 exci'

2071 4216 2247 4289 ρακλή
2257 4233 2394 4280 σεως
2423 4215 2520 4270 καὶ
2564 4215 2708 4284 διεγε
2720 4232 2748 4286 ρ
2756 4214 2879 4288 μοῦ.

389 4299 598 4354 tatione
625 4313 760 4368 Opus
791 4299 1011 4354 habent.

467 4389 630 4445 Vsus.
672 4390 726 4444 5.
785 4410 804 4444 ι
851 4391 1116 4458 Quoniam
1173 4393 1317 4447 sicut
1369 4393 1644 4449 abundant
1689 4394 1943 4464 passione:

2148 4414 2166 4447 ι
2206 4395 2331 4449 Ὀτι
2379 4395 2564 4459 καθὼς
2611 4393 2929 4466 περισσεύει
2959 4395 3025 4448 τά
3065 4394 3160 4447 τοῦ
3197 4392 3431 4464 Χριστοῦ
3459 4388 3602 4455 παθή-

390 4481 592 4536 Christi
613 4483 664 4536 in
689 4483 865 4549 nobis,
892 4485 964 4538 ita
991 4500 1085 4554 per
1113 4486 1388 4540 Christum
1426 4487 1663 4540 abundat
1685 4497 1737 4540 et
1768 4501 1943 4541 conso‘

2076 4504 2221 4556 ματα
2271 4489 2352 4550 εἰς
2404 4489 2572 4557 ἡμᾶς,
2632 4487 2776 4540 οὕτω
2804 4487 2891 4540 διὰ
2918 4486 3010 4540 τοῦ
3053 4486 3294 4556 Χριστοῦ
3329 4478 3602 4555 περισσεύει

392 4573 523 4628 latio
543 4584 746 4632 nostra.
778 4594 797 4627 ι
826 4575 904 4632 Ne
927 4577 1265 4647 despondeas
1285 4579 1523 4632 animum
1548 4579 1794 4648 quisquis
1811 4580 1943 4633 audi:

2072 4549 2164 4631 καὶ
2206 4579 2239 4649 ἠ
2277 4549 2622 4648 παράκλησις
2662 4576 2840 4648 ἡμῶν.
2883 4595 2902 4629 ι
2940 4577 3030 4646 Μὴ
3081 4549 3416 4647 καταπέσῃς,
3446 4571 3598 4641 φησὶν.

393 4667 716 4724 aillictiones
736 4680 788 4724 et
811 4672 971 4734 mala,
1001 4673 1208 4741 inquit:
1235 4683 1442 4742 quanto
1467 4675 1609 4728 enim
1639 4675 1738 4728 ista
1766 4675 1940 4730 exube

2071 4663 2116 4722 ὦ
2146 4669 2415 4739 ἀκροατά,
2448 4667 2654 4736 θλίψεις
2705 4669 2799 4720 καὶ
2847 4667 2994 4738 πάθη
3043 4667 3278 4722 ἀκούων.
3335 4667 3474 4734 ’Όσῳ
3513 4661 3600 4729 γὰρ

394 4769 535 4823 rant,
563 4770 711 4815 tanto
727 4763 1024 4817 exuberant
1049 4764 1472 4820 consolationes.
1506 4765 1620 4819 Non
1652 4767 1936 4836 simplicite

2070 4761 2463 4831 περισσεύουσι
2502 4758 2698 4821 ταῦτα,
2747 4758 2989 4828 τοσούτῳ
3025 4758 3410 4828 περισσεύουσι
3452 4751 3598 4806 καὶαι

393 4860 573 4906 autem
598 4852 752 4916 dixit,
784 4871 802 4904 ι
835 4853 1132 4924 passiones,
1194 4872 1212 4906 ι
1252 4855 1369 4922 sed,
1409 4874 1427 4907 ι
1459 4855 1658 4910 Christi
1694 4873 1707 4910 :
1740 4875 1758 4908 ι
1793 4867 1849 4909 ιιι
1885 4871 1943 4910 ve

2069 4852 2462 4922 παρακλήσεις.
2496 4850 2606 4920 Οὐχ
2631 4849 2818 4912 ἁπλῶς
2845 4850 2901 4903 δὲ
2925 4847 3070 4914 εἷπε,
3123 4851 3446 4921 Παθήματα,
3471 4841 3598 4902 ibi.

393 4944 520 4997 inde
545 4943 784 4997 animum
817 4945 1114 5000 Corinthiis
1143 4945 1303 5017 243
1341 4947 1523 5001 addat.
1552 4947 1758 5002 ChriSIi
1784 4948 1926 5002 enim

2071 4958 2090 4992 ι
2131 4941 2240 4994 Τοῦ
2274 4939 2530 5012 Χριστοῦ,
2571 4957 2588 4992 ι
2617 4939 2704 4992 ἵνα
2744 4939 2840 4992 καὶ
2870 4938 3098 4992 αὐτόθεν
3139 4937 3594 5009 παραμυθήσηται.

395 5033 591 5103 inquit,
616 5037 899 5102 passiones
921 5038 1185 5092 sunt'ista:
1203 5053 1338 5108 quas
1360 5053 1458 5092 nos
1481 5039 1741 5106 patimur,
1765 5054 1943 5108 nosqul

2071 5032 2179 5086 Τοῦ
2208 5031 2443 5103 Χριστοῦ
2479 5033 2589 5102 γάρ
2627 5031 2744 5084 ἐστι
2797 5029 3099 5103 παθήματα
3164 5030 3335 5084 ταῦτα
3394 5029 3428 5083 ἀ
3465 5023 3596 5095 ἡμεῖς

396 5125 666 5180 efﬁcimur
727 5127 1018 5196 participes
1089 5125 1440 5183 aﬂlictionunt
1499 5127 1692 5196 ipsius.
1750 5129 1932 5194 Quare

2074 5125 2381 5195 πάσχομεν,
2435 5125 2530 5176 καὶ
2574 5122 2826 5177 κοινωνοὶ
2859 5122 3009 5192 αὑτῷ
3039 5121 3304 5193 γινόμεθα
3330 5121 3429 5174 τῶν
3450 5113 3592 5181 mer.-

398 5234 612 5273 summo
640 5218 779 5274 istud
798 5219 868 5273 sit
891 5218 987 5274 tibi
1013 5218 1234 5286 solatio,
1259 5219 1402 5287 quod
1424 5218 1625 5274 Christi
1649 5217 1940 5275 afﬂictione

2079 5218 2300 5288 μάτων·
2351 5217 2491 5270 ὥστε
2543 5217 2778 5288 μεγίστη
2848 5233 2930 5270 σοι
2969 5216 3110 5271 ἔστω
3156 5215 3478 5288 παράκλησις
3521 5205 3594 5259 καὶ

391 5308 669 5364 sustineas
703 5328 717 5363 :
764 5309 1023 5376 itnojvero
1059 5325 1163 5364 non
1199 5309 1316 5365 illas
1359 5309 1542 5377 solas,
1581 5325 1770 5364 verum
1804 5311 1943 5365 etiam

2075 5311 2207 5363 αὐτὸ
2236 5309 2415 5374 τοῦτο,
2459 5309 2540 5362 ὅτι
2573 5309 2671 5371 τὰς
2690 5309 2784 5362 τοῦ
2810 5308 3048 5380 Χριστοῦ
3079 5309 3293 5379 θλίψεις
3324 5305 3592 5375 ὑφίστασαι·

399 5399 603 5470 plures.
653 5419 674 5453 ι
714 5400 1008 5456 Abundant
1044 5421 1063 5454 ι
1117 5402 1301 5467 enim,
1356 5402 1570 5473 inquit,
1616 5420 1635 5454 ι
1690 5404 1942 5473 passione

2081 5401 2282 5472 μᾶλλον
2334 5401 2411 5465 δὲ,
2445 5400 2546 5454 οὐκ
2597 5399 2812 5463 ὲκείνας
2863 5402 3053 5471 μόνας,
3082 5401 3218 5454 ἀλλά
3254 5399 3345 5454 καὶ
3395 5391 3590 5448 πλείους-

399 5491 600 5546 Christi
632 5493 683 5546 itt
711 5492 890 5555 nobis,
930 5512 950 5546 ι
977 5494 1080 5548 hoc
1103 5503 1205 5556 est,
1233 5493 1414 5562 plures
1435 5493 1782 5564 perferimus,
1807 5511 1943 5566 quan

2083 5512 2099 5544 t
2144 5494 2468 5563 Περισσεύει
2517 5513 2534 5546 ι
2570 5492 2701 5566 γὰρ,
2734 5495 2890 5566 φησὶ,
2923 5513 2942 5547 ι
2981 5496 3046 5548 τά
3074 5493 3168 5548 τοῦ
3199 5487 3422 5563 Χριστοῦ
3451 5479 3592 5547 meti-

401 5583 650 5638 Christus
699 5585 1007 5652 pertulerit.
1063 5585 1316 5640 Sentiens
1367 5595 1548 5641 autem
1601 5597 1863 5655 quantum
1919 5597 1972 5640 et

402 5691 566 5746 quam
585 5692 833 5747 magnum
855 5678 1090 5743 dixerat,
1110 5694 1297 5733 rursus
1315 5678 1445 5732 illud
1471 5679 1734 5750 reprimit,
1763 5697 1782 5730 ι
1807 5677 1919 5746 Sic,
1947 5697 1966 5731 ι

508 5843 532 5875 α
561 5831 703 5890 Psal.
737 5849 871 5900 xvn,
912 5833 962 5888 i.
1037 5832 1062 5873 ἀ
1091 5833 1232 5890 Psal.
1268 5835 1493 5900 χιι-ιβ..
1577 5832 1768 5890 °Psal.
1811 5850 1960 5901 xxvi,
2002 5835 2052 5890 l.

2083 5603 2227 5656 ματα
2258 5587 2337 5651 είς
2366 5587 2549 5658 ἡμᾶς’
2601 5605 2620 5639 ι
2659 5587 2934 5652 τουτέστι,
2976 5587 3204 5640 Πλείονα
3242 5581 3314 5641 ὧν
3347 5579 3521 5635 ἔπαθεν
3567 5569 3590 5620 ὗ

2080 5679 2122 5732 Χ
2132 5681 2337 5751 ριστῢς,
2361 5679 3019 5754 πάσχομεν..Αίσθόμενος
3043 5678 3095 5732 δὲ
3115 5676 3302 5748 ἡλίκον
3319 5666 3585 5743 ἐφθέγξατο»
