3806 6564
175 335 257 398 80]
923 336 1324 398 EXPOSlTlO
1363 335 1441 397 IN
1481 336 1713 396 EPIST.
1753 336 1814 397 II
1855 338 1954 397 AD
1993 339 2252 398 (20R..—
2290 340 2444 400 CAP.
2488 338 2537 398 Ι.

3305 338 3413 406 8θέ

172 455 253 506 mi
290 452 365 503 ὃτι
421 450 591 518 μέγα,
645 447 806 500 πάλιν
867 451 1146 505 συστέλλει
1212 452 1254 484 ⁸⁸
1293 452 1445 516 αὑτὸ,
1501 452 1715 520 λέγων·

1863 453 2098 520 ιριιίειιε,
2125 471 2142 503 ι
2167 469 2260 523 per
2279 453 2552 508 Christum
2571 453 2810 510 abundat
2831 456 3131 511 consolatio
3149 468 3360 513 nostra.
3383 477 3404 510 ι

175 563 190 595 ι
227 542 370 596 Οὑτω
406 543 491 594 δια
542 539 636 593 τοῦ
671 542 910 613 Χριστοῦ
946 544 1268 614 περισσεύει
1326 547 1422 598 καὶ
1453 546 1486 615 ἡ
1545 547 1719 614 παράο

167 638 342 704 χλησις
373 636 546 704 ἡμῶν.
593 654 610 686 ι
658 634 730 688 Τὸ
775 639 882 691 πᾶν
931 639 1041 710 γὰρ
1087 637 1236 710 αύτῷ
1265 637 1576 707 ἀνατίθησι.
1611 639 1720 692 Καὶ

168 731 220 783 οὑ
242 731 403 796 λέγει,
433 730 513 781 ὅτι
546 729 838 802 ίσόμετρος
867 735 986 795 ταῖς
1013 731 1314 802 θλίψεσινή
1349 732 1718 802 παράκλησις,

167 821 305 886 ἀλλὰ,
347 839 364 871 ι
424 822 764 888 Περισσεύει,
809 841 826 874 ι
866 825 958 876 καὶ
993 823 1172 894 πολλῷ
1203 825 1404 895 μείζων
1437 822 1577 894 αὕτη
1607 823 1722 875 ἐστὶ

167 914 260 966 τῶν
287 913 534 982 θλίψεων.

231 1025 249 1058 ι
289 1008 408 1060 Εἴτε
451 1007 749 1077 θλιϐόμεθα
795 1007 936 1078 ὑπὲρ
969 1009 1068 1078 τῆς
1105 1009 1260 1078 ὑμῶν
1318 1008 1722 1081 παρακλήσεως

165 1097 252 1150 καὶ
297 1099 588 1167 σωτηρίας.
634 1116 652 1148 ι
719 1098 818 1152 Διὰ
862 1099 1044 1156 τοῦτο.
1101 1101 1289 1170 φησὶν,
1344 1101 1406 1152 οὑ
1463 1100 1544 1152 δεῖ
1579 1100 1725 1169 ὑμᾶς

166 1189 498 1260 θορυϐεῖσθαι
533 1189 626 1242 ἐπὶ
665 1193 783 1253 ταῖς
837 1189 1052 1260 θλίψεσί
1092 1209 1216 1260 μου,
1269 1192 1404 1244 διότι
1452 1191 1592 1262 ὑπὲρ
1628 1193 1726 1260 τῆς

165 1281 304 1351 ὑμῶν
335 1281 606 1349 σωτηρίας
638 1283 732 1334 καὶ
756 1283 1160 1354 παρακλήσεως
1198 1283 1520 1352 θλιϐόμεθα.
1568 1283 1726 1351 Ἐξῆν

165 1373 260 1442 γὰρ
291 1373 419 1442 ἡμῖν
451 1376 509 1424 ἐν
543 1373 817 1445 ἀσφαλείᾳ
845 1374 1053 1442 διάγειν
1095 1376 1168 1444 μὴ
1216 1375 1555 1446 κηρύσσουσι
1582 1392 1594 1405 ·
1631 1375 1727 1427 νῦν

164 1465 213 1517 δὲ
268 1464 659 1534 κηρύσσοντες,
702 1467 789 1519 ἵνα
830 1468 1050 1530 πάντως
1099 1468 1245 1536 ὑμᾶς
1284 1469 1569 1538 σώσωμεν,
1633 1469 1728 1520 καὶ

167 1559 630 1629 παρακαλέσωμεν
652 1559 753 1620 τὰς
792 1559 970 1630 ψυχὰς
1003 1559 1158 1630 ὑμῶν
1191 1561 1279 1613 διὰ
1308 1560 1403 1613 τοῦ
1437 1561 1730 1630 κηρύγμαο

164 1668 265 1712 τος,
299 1651 390 1702 καὶ
422 1651 535 1702 τῶν
590 1651 841 1704 ἐντεῦθεν
871 1652 1176 1722 γινομένων
1221 1653 1468 1720 ἀγαθῶν,
1515 1653 1728 1721 θλίψεσι

166 1745 576 1816 περιπίπτομεν.
610 1745 820 1800 Οὐκοῦν
847 1747 945 1808 τὰς
975 1746 1184 1815 θλίψεις
1209 1748 1555 1816 ὑπομένομεν
1588 1747 1730 1817 ὑπὲρ

1830 542 1938 610 ipsi
1981 546 2126 598 enim
2161 555 2331 599 totum
2370 545 2557 602 refert.
2596 548 2705 602 Nec
2747 549 2877 604 dicit
2921 551 3064 620 quod
3113 550 3414 606 consolatio

1835 635 2154 692 aﬂlictiones
2197 637 2542 708 |acquiparet,
2595 655 2809 707 verum,
2847 645 3110 699 exuberat
3153 654 3208 699 et
3255 643 3416 715 longe

1836 729 2008 800 major
2031 739 2112 785 est
2140 729 2270 800 ipsis
2301 729 2703 789 afﬂictionibus.

1909 1007 2072 1061 Vens.
2110 1005 2164 1062 6.
2203 1025 2222 1059 ι
2270 1005 2398 1062 Sive
2447 1015 2626 1060 autem
2686 1007 3031 1076 lribulamur,
3083 1027 3182 1079 pro
3235 1025 3414 1068 vestra

1837 1100 2213 1156 consolatione
2253 1115 2315 1156 ac
2347 1099 2542 1154 salute.
2600 1118 2618 1151 ι
2675 1099 2988 1168 PrOpterca,
3053 1104 3247 1170 inquit,
3309 1122 3413 1159 nou

1839 1206 2054 1267 oportet
2088 1210 2183 1250 vos
2236 1194 2442 1248 turbari
2503 1193 2572 1246 ob
2622 1209 2796 1248 meam
2835 1194 3231 1251 afllictioncm:
3291 1215 3415 1252 nam

1839 1301 1937 1356 pro
1974 1295 2152 1340 vestra
2180 1282 2550 1338 consolatione
2581 1292 2634 1337 ct
2663 1283 2837 1338 salute
2869 1283 3177 1354 affligimur.
3204 1285 3416 1340 Potuis-

1837 1394 2023 1433 semus
2064 1378 2209 1432 enim
2247 1392 2343 1430 nos
2375 1377 2428 1429 in
2480 1386 2594 1430 tuto
2630 1393 2810 1444 agerc,
2861 1377 2904 1430 si
2947 1393 3051 1432 non
3093 1381 3416 1446 praedicare-

1842 1487 1962 1526 mus
1993 1487 2008 1525 :
2046 1484 2188 1523 nunc
2213 1479 2390 1522 autem
2421 1484 2541 1522 cum
2570 1471 2952 1537 praedicamus,
3000 1481 3056 1523 ut
3082 1472 3301 1525 omnino
3329 1488 3419 1524 vus

1842 1564 2020 1617 salvos
2061 1563 2365 1625 faciamus,
2426 1563 2881 1632 censolemurque
2937 1563 3150 1617 animas
3210 1573 3419 1617 vestras

1842 1673 1939 1726 per
1978 1655 2439 1726 prmdicntionem,
2469 1665 2514 1708 et
2543 1670 2639 1724 per
2673 1655 2800 1708 inde
2842 1656 3122 1708 nascentia
3174 1657 3334 1718 bona,
3367 1658 3416 1708 in

1845 1749 2227 1801 tribulationes
2263 1747 2572 1802 incidimus.
2611 1748 2798 1816 Itaque
2826 1745 3145 1801 afﬂictioncs
3183 1748 3419 1802 sustine-

165 1839 252 1906 τῆς
283 1831 436 1910 ὑμῶν
493 1843 802 1909 σωτηρίας*
841 1841 938 1894 καὶ⁹
991 1840 1178 1893 λοιπὸν
1216 1841 1276 1893 οὑ
1314 1841 1393 1893 δεῖ
1445 1841 1590 1911 ὑμᾶς
1633 1858 1729 1892 τα-

1861 1855 1955 1893 nus
1986 1855 2081 1908 pro
2121 1849 2297 1895 vestra
2353 1839 2551 1895 salute.
2609 1839 2846 1894 Proinde
2908 1855 3011 1895 non
3043 1850 3126 1894 est
3177 1839 3320 1909 quod
3363 1840 3416 1892 in

168 1932 465 2001 ράττεσθαι.

229 2042 246 2076 ι
289 2025 399 2087 Τῆς
434 2025 846 2095 ἐνεργουμένης
877 2026 933 2078 ὲν
993 2027 1239 2098 ὑπομονῇ
1273 2027 1381 2079 τῶν
1415 2025 1596 2079 αὑτῶν
1624 2043 1730 2080 πα-

171 2121 436 2190 θημάτων,
479 2112 559 2172 ὧν
592 2121 685 2172 καὶ
734 2119 895 2189 ἡμεῖς
950 2119 1256 2189 πάσχομεν.
1303 2137 1320 2169 ›
1369 2120 1727 2188 Ἑνεργεῖται,

166 2217 334 2283 φησὶν,
365 2215 398 2284 ὴ
437 2211 688 2283 σωτηρία
726 2211 886 2282 αὕτη,
912 2213 971 2264 οὑ
1013 2213 1172 2281 μόνον
1205 2213 1296 2265 διὰ
1324 2213 1422 2283 τῆς
1454 2213 1732 2282 ἡμετέρας

167 2307 444 2376 ὑπυμονῆς,
479 2305 622 2360 ἀλλὰ
663 2306 758 2356 καὶ
802 2304 892 2357 διὰ
932 2306 1032 2374 τῆς
1082 2305 1393 2377 ὑμετέρας·
1428 2305 1728 2367 τουτέστιν,

166 2402 268 2453 υὺκ
316 2397 449 2468 ἐμοῦ
502 2397 672 2466 μόνου
709 2397 938 2468 ἔργονὴ
991 2397 1236 2467 ὑμετέρα
1271 2397 1544 2466 σωτηρία,
1598 2397 1734 2449 ἀλλὰ

167 2494 249 2545 καὶ
281 2491 430 2560 ὑμῶν
477 2487 685 2543 αὑτῶν.
731 2488 946 2558 Ὥσπερ
990 2491 1101 2559 γὰρ
1140 2487 1252 2554 ἐγὼ
1302 2487 1590 2558 κηρύττων
1623 2487 1734 2539 θλί-

168 2585 336 2654 ϐομαι,
383 2581 531 2659 οὑτω
558 2584 658 2644 ,καὶ
697 2582 856 2652 ὑμεῖς
897 2581 1177 2651 δεχόμενοι
1225 2580 1287 2632 τὸ
1343 2583 1630 2650 κήρυγμα,
1667 2581 1734 2634 τὰ

167 2677 290 2730 αὐτὰ
327 2676 635 2746 παθήματα
684 2675 983 2745 ὑπομένετε
1018 2674 1052 2727 ἃ
1088 2675 1183 2726 καὶ
1239 2672 1371 2742 ἐγώ.
1420 2674 1628 2744 Πολλὴν
1681 2672 1734 2726 δὲ

167 2771 350 2841 ἀρετὴν
375 2772 566 2834 αὑτοῖς
603 2771 1048 2841 προσμαρτυρεῖ,
1098 2768 1180 2821 ὅτι
1217 2769 1355 2839 μετὰ
1411 2767 1736 2838 πειρασμῶν

169 2863 392 2934 ἐδέχοντο
421 2861 484 2914 τὸ
516 2863 802 2932 κηρυγμα.

236 2972 255 3007 ι
290 2955 394 3008 Καὶ
431 2956 464 3024 ὴ
503 2954 664 3015 ἐλπὶς
695 2951 852 3023 ἡμῶν
886 2950 1082 3022 βεϐαία
1111 2951 1251 3021 ὑπὲρ
1286 2951 1463 3022 ὑμῶν.
1511 2969 1530 3002 ι
1567 2952 1740 3004 Τουτ-

169 3049 290 3112 ἐστι,
325 3046 660 3119 Θαρῤοὖμεν
719 3046 804 3114 ἐφ’
832 3045 962 3114 ὑμῖν
990 3044 1348 3115 βεϐαίως,ὄτι
1381 3045 1443 3097 οὑ
1477 3061 1739 3116 περιτρα-

172 3139 395 3211 πήσεσθε
427 3138 539 3192 ὑπὸ
577 3138 688 3190 τῶν
719 3136 1176 3207 προσπιπτόντων
1213 3135 1342 3204 ὑμῖν
1375 3134 1698 3204 πειρασμῶν
1720 3149 1734 3163 ⁶

172 3233 335 3304 πολλῷ
359 3229 454 3288 οὖν
514 3231 718 3301 μᾶλλον
750 3231 810 3283 οὑ
859 3227 1278 3301 ταραχθήσεσθε
1316 3227 1401 3297 ἐφ’
1447 3223 1528 3290 οἷς
1574 3227 1737 3297 ὁρᾶτε

173 3325 303 3396 ἡμᾶς
332 3325 672 3394 πάσχοντας.

239 3432 255 3464 ι
289 3413 408 3466 Εἴτε
441 3411 919 3484 παρακαλούμεθα
946 3412 1086 3483 ὑπὲρ
1125 3411 1222 3481 τῆς
1253 3410 1408 3481 ὑμῶν
1453 3412 1737 3483 παρακλή-

175 3520 295 3568 σεως
317 3506 411 3558 καὶ
444 3504 754 3575 σωτηρίας.
808 3522 826 3555 ι
861 3502 1046 3555 Είπὼν
1071 3503 1349 3573 ἀνωτέρω,
1384 3504 1464 3556 ὃτι
1493 3503 1570 3555 Δι’
1595 3503 1739 3573 ὑμᾶς

175 3596 452 3666 θλιῦὁμεθα
488 3598 557 3662 ⁸³,
601 3597 687 3648 ἵνα
720 3595 793 3667 μὴ
821 3595 949 3668 δόξῃ
985 3595 1122 3666 βαρύ
1149 3613 1202 3648 τι
1225 3598 1422 3661 εἰπεῖν,
1445 3595 1593 3661 λέγει
1620 3595 1736 3656 νῦν,

174 3689 244 3741 δτι
289 3691 395 3743 Καὶ
446 3689 518 3743 δι’
555 3690 700 3759 ὑμᾶς
755 3689 1258 3758 παρακαλούμεθα·
1321 3689 1622 3752 τουτέστιν,
1672 3689 1738 3740 'll

174 3782 398 3852 ἡμετέρα
445 3781 798 3853 παράκλησις
846 3781 1088 3852 ὑμετέρα
1161 3781 1459 3855 παραψυχὴ
1501 3780 1735 3850 γίνεται.

185 3873 298 3925 Ἐὰν
323 3875 429 3946 γὰρ
469 3874 673 3945 μικρὸν
707 3873 1144 3944 ἀναπνεύσωμεν
1171 3876 1354 3945 ἡμεῖς,
1387 3877 1551 3944 ἀρκεῖ
1579 3873 1736 3928 τοῦτο

174 3966 245 4027 είς
293 3967 658 4038 παραμυθίαν
711 3968 862 4038 ὑμῖν.
919 3969 1247 4021 Κοινωνεῖτε
1294 3967 1403 4039 γὰρ
1449 3968 1590 4037 ἡμῖν.
1637 3967 1738 4038 τῆς

177 4057 370 4130 ἡδονῆς.

241 4170 259 4204 ι
297 4155 520 4218 Εἰδότες
548 4155 631 4207 ὅτι
669 4153 857 4226 ὥσπερ
893 4152 1145 4207 κοινωνοί
1179 4155 1302 4207 ἐστε
1337 4154 1447 4209 τῶν
1482 4155 1740 4226 παθημάο

177 4259 290 4314 των,
317 4245 458 4299 οὑτω
489 4249 588 4299 καὶ
623 4247 722 4317 τῆς
755 4246 1160 4316 παρακλήσεως
1208 4247 1386 4318 ἡμῶν.
1425 4265 1445 4299 ›
1503 4247 1735 4318 Ὠσπερ,

177 4340 314 4404 φησὶ,
348 4338 704 4408 διωκομένων
738 4340 896 4409 ἡμῶν
935 4339 1173 4408 ἀλγείτε,
1215 4339 1290 4402 ὡς
1315 4340 1467 4394 αὑτοὶ
1501 4341 1739 4412 πάσχον-

176 4441 256 4489 τες
283 4429 472 4483 τοῦτο·
513 4429 686 4494 οὑτως
723 4431 903 4502 ἴσμεν,
937 4433 1019 4485 ὅτι
1071 4433 1164 4486 καὶ
1201 4434 1734 4506 παρακαλουμένων,

180 4518 320 4576 αὐτοὶ
342 4523 437 4593 τῆς
472 4523 876 4594 παρακλήσεως
911 4525 1211 4579 ἀπολαύειν
1238 4526 1511 4597 νομίζετε.

249 4813 267 4847 ι
309 4796 381 4850 Οὑ
431 4797 544 4870 γὰρ
579 4798 805 4868 θέλομεν
835 4798 982 4868 ὑμᾶς
1023 4799 1259 4868 ἀγνοεῖν,
1307 4801 1549 4870 ἀδελφοὶ,
1601 4803 1740 4874 ὑπὲρ

182 4888 271 4956 τῆς
308 4889 541 4962 θλίψεως
581 4892 681 4962 τῆς
733 4893 1036 4964 γενομένης
1077 4895 1210 4964 ἡμῖν
1247 4896 1305 4946 ὲν
1349 4897 1415 4965 τῇ
1447 4895 1625 4966 Ἀσίᾳ,
1658 4897 1740 4948 ὅτι

184 4980 296 5032 καθ’
345 4982 652 5054 ὑπερϐολὴν
691 4983 1075 5055 ἐϐαρύνθημεν
1108 4985 1249 5056 ὑπὲρ
1300 4985 1553 5057 δύναμιν,
1602 4986 1742 5040 ὥστε

185 5070 581 5146 ἐξαπορηθῆναι
613 5079 763 5145 ἡμᾶς
799 5079 894 5129 καὶ
925 5077 1018 5130 τοῦ
1045 5077 1165 5148 ζῇν.
1205 5097 1222 5128 ι
1273 5078 1492 5148 Ἐπειδὴ
1528 5081 1739 5150 ἀπροσ-

186 5161 455 5235 διορίστως
491 5167 725 5237 θλίψεως
775 5169 1075 5239 ἐμέμνητο,
1120 5168 1214 5222 νῦν
1256 5169 1405 5238 λέγει
1456 5171 1522 5235 ⁸ο,
1569 5170 1746 5234 ποίας.

1837 1944 2114 2004 posterum
2150 1933 2464 1988 turbernini.

1913 2046 1931 2079 ι
1972 2027 2102 2094 Qua:
2133 2026 2363 2081 eflicitur
2385 2026 2438 2080 in
2474 2024 2734 2096 patientia
2767 2023 3078 2078 earumdem
3106 2025 3416 2094 passionum

1837 2135 1972 2190 quas
2008 2129 2061 2174 et
2093 2134 2192 2173 nos
2225 2119 2483 2189 patimur.
2526 2136 2544 2168 ι
2585 2117 2847 2181 Eflicitur,
2883 2117 3076 2186 inquit,
3130 2117 3278 2171 salus
3309 2117 3414 2171 ista

1838 2227 1947 2266 non
1982 2219 2189 2264 tantum
2230 2225 2324 2280 per
2354 2217 2596 2263 nostram
2622 2209 2961 2279 patientiam,
2999 2208 3091 2260 sed
3124 2208 3287 2261 etiam
3323 2223 3422 2278 per

1839 2314 2072 2357 Vestram
2111 2319 2125 2358 :
2167 2303 2265 2355 boe
2299 2313 2406 2366 est,
2469 2320 2572 2355 non
2615 2303 2715 2356 mei
2765 2303 2931 2356 solius
2959 2319 3093 2372 opus
3147 2313 3227 2358 est
3275 2304 3423 2358 salus

1841 2405 2044 2457 vestra,
2071 2395 2166 2449 sed
2196 2404 2250 2448 et
2280 2397 2447 2448 vestri
2490 2396 2753 2463 ipsorum.
2785 2392 2854 2447 Ut
2893 2396 3034 2448 cnim
3091 2409 3190 2464 ego
3227 2395 3422 2464 prtedi-

1845 2504 1976 2543 cans
2043 2487 2270 2542 verbum
2313 2486 2543 2556 afﬂigur,
2603 2487 2680 2540 sic
2731 2496 2783 2539 et
2836 2501 2930 2540 vos
2981 2487 3421 2556 prmdicationem

1841 2579 2224 2650 suscipientes,
2265 2580 2484 2632 easdem
2532 2577 2914 2632 tribulationes
2964 2580 3247 2634 sustinetis
3283 2595 3422 2650 quas

1841 2679 1896 2726 et
1923 2687 2043 2741 ego.
2078 2670 2232 2724 llnud
2268 2672 2477 2740 exigute
2526 2681 2708 2724 autem
2751 2672 2994 2740 ipsorum
3038 2672 3226 2726 virtuti
3271 2673 3426 2728 testi-

1845 2765 2084 2817 monium
2119 2763 2270 2826 dicit,
2301 2765 2443 2831 quod
2471 2777 2593 2815 cum
2651 2762 3044 2818 tentatiouibus
3081 2765 3420 2834 prmdicatio-

1844 2871 1964 2910 nem
1995 2857 2325 2926 reciperent.

1917 2965 1936 2998 ε
1993 2947 2058 3001 Et
2085 2962 2208 3016 spes
2239 2957 2422 3002 nostra
2449 2947 2602 3001 firma
2639 2956 2722 3003 est
2751 2963 2849 3019 pro
2880 2949 3052 3004 vobis.
3095 2968 3112 3001 ι
3157 2948 3270 3005 lloc
3308 2959 3424 3012 est,

1845 3039 2077 3094 firmiter
2124 3039 2190 3095 de
2219 3040 2372 3093 vobis
2405 3041 2750 3106 confidimus,
2803 3043 2946 3112 quod
2995 3043 3064 3096 ob
3109 3040 3428 3097 aﬂlictiones

1845 3135 2133 3189 adversum
2188 3147 2284 3188 vos
2353 3135 2691 3203 ingruentes,
2756 3149 2863 3188 non
2925 3135 3346 3190 itnmutabimini
3408 3152 3424 3190 :

1853 3225 2020 3280 multo
2051 3226 2216 3296 igitur
2255 3225 2436 3281 minus
2467 3225 2820 3302 turbabimini
2847 3225 2918 3280 ob
2950 3241 3012 3280 ea
3042 3241 3160 3296 quae
3189 3242 3287 3282 nos
3315 3227 3428 3298 pati

1849 3319 2098 3374 cernitis.

1928 3431 1947 3464 ι
2019 3412 2145 3468 Sive
2213 3413 2640 3469 consolationem
2717 3411 3045 3482 accipimus,
3097 3429 3197 3483 pro
3249 3421 3428 3468 vestra

1849 3507 2223 3562 consolatione
2266 3516 2318 3562 et
2345 3506 2540 3564 salute.
2575 3525 2593 3558 ι
2627 3505 2764 3572 Quia
2817 3505 3032 3560 dixerat
3074 3519 3259 3574 supra,
3292 3503 3428 3557 Pro-

1848 3611 1972 3670 pter
2017 3616 2112 3654 vos
2159 3600 2470 3670 afﬂigimur,
2530 3606 2597 3655 tie
2642 3599 2894 3654 videatur
2957 3611 3118 3668 grave
3171 3597 3427 3666 quiddam

1849 3696 2050 3761 dicere,
2084 3694 2159 3748 ait
2189 3695 2325 3764 jam,
2360 3693 2425 3748 Et
2454 3703 2673 3764 propter
2702 3708 2798 3746 vos
2833 3691 3255 3746 consolationem
3287 3691 3430 3746 acci-

1848 3787 2048 3856 pimus,
2085 3785 2134 3839 id
2158 3795 2262 3850 est,
2294 3794 2477 3840 nostra
2528 3783 2831 3839 consolatio
2879 3792 3054 3838 vestra
3090 3792 3173 3837 est
3208 3781 3430 3837 refucil-

1850 3877 2000 3931 latio.
2035 3876 2093 3932 Si
2129 3877 2270 3931 enim
2299 3892 2490 3946 parum
2524 3891 2622 3931 nos
2650 3875 3125 3946 respiraveritnus,
3160 3875 3292 3928 satis
3326 3876 3430 3932 hoc

1850 3979 1934 4024 est
1965 3969 2031 4024 ad
2064 3968 2491 4024 consolationem
2545 3967 2720 4022 vobis.
2772 3965 3109 4035 Voluptatem
3151 3966 3295 4021 enim
3330 3981 3428 4022 no-

1849 4063 2060 4117 hiscum
2097 4060 2458 4130 participatis.

1924 4156 2092 4211 Vens.
2132 4155 2186 4209 7.
2229 4173 2247 4206 ι
2305 4153 2556 4208 Scientcs
2594 4151 2734 4222 quod
2777 4143 3238 4219 quemadmodum
3293 4150 3429 4205 estis

1849 4249 2144 4319 participes
2161 4245 2536 4310 afllictionmu,
2567 4245 2646 4299 sic
2664 4255 2717 4298 et
2739 4243 3130 4299 consolationis
3160 4254 3382 4297 nostrae.
3403 4259 3425 4294 ι

1851 4342 2339 4410 Quemadmodum,
2403 4338 2599 4407 inquit,
2661 4338 2784 4391 dum
2854 4351 2953 4390 nos
2995 4336 3425 4402 pcrsccutioucm

1851 4437 2108 4506 patimur,
2145 4449 2243 4488 vos
2287 4431 2505 4496 doletis,
2563 4439 2820 4498 tanquam
2880 4429 3030 4484 istud
3068 4444 3163 4482 vos
3200 4429 3298 4494 ipsi
3341 4443 3433 4498 pa-

1771 4535 1826 4596 D
1855 4525 2103 4582 teremini
2139 4542 2153 4579 :
2193 4524 2272 4578 sic
2310 4523 2548 4586 scimus,
2603 4521 2746 4590 quod
2809 4535 2932 4574 cum
2996 4518 3428 4574 consplationcm

1851 4618 2205 4686 accipiamus,
2243 4630 2339 4670 vos
2369 4626 2488 4669 eam
2540 4613 2964 4668 consolationem
3023 4622 3259 4666 vestram
3309 4625 3430 4667 esse

1864 4713 2085 4768 ducitis.

1924 4803 2088 4876 2M
2111 4802 2278 4858 Vsus.
2312 4801 2362 4857 8.
2402 4819 2420 4853 ι
2454 4799 2571 4854 Non
2603 4801 2747 4853 cnim
2777 4798 3024 4854 volumus
3045 4814 3139 4852 vos
3161 4799 3430 4868 ignorare,

1853 4893 2074 4962 fratres,
2103 4895 2168 4949 de
2199 4892 2548 4948 tribulatione
2572 4906 2690 4960 quae
2711 4891 2866 4946 nobis
2884 4891 3023 4945 facta
3055 4901 3135 4943 cst
3168 4891 3220 4943 in
3255 4890 3383 4942 Asia
3409 4905 3423 4942 :

1853 4989 2113 5059 quoniam
2174 5001 2340 5057 supra
2397 4985 2612 5038 modum
2673 4984 2882 5054 gravati
2940 4998 3128 5037 sumus
3176 4992 3228 5036 et
3262 4995 3424 5048 supra

1851 5081 2020 5144 vires,
2055 5078 2128 5133 ita
2160 5086 2221 5132 ut
2252 5091 2349 5130 uos
2383 5075 2852 5144 dcsperaverimus
2907 5073 3072 5128 etiam
3113 5072 3179 5126 de
3229 5071 3356 5123 vita.
3403 5087 3423 5121 ι

1847 5171 1982 5240 Quia
2043 5171 2324 5227 indefinite
2359 5168 2670 5223 afﬂictionis
2737 5167 3081 5230 meminerat,
3146 5163 3427 5233 speciatim

187 5255 274 5307 Διὰ
296 5257 482 5311 τούτου
514 5259 572 5312 δὴ
599 5260 694 5312 καὶ
725 5260 825 5331 τὴν
857 5261 994 5330 πρὸς
1049 5261 1250 5324 αὑτοὺς
1282 5261 1504 5332 ἀγάπην
1535 5261 1733 5316 δείκνυ-

1861 5281 1954 5318 ηαηι
1992 5262 2168 5334 qualis
2205 5261 2371 5316 fuerit
2398 5261 2653 5331 explicat.
2685 5259 3020 5314 Cltaritatem
3066 5267 3244 5312 autem
3276 5271 3426 5310 suam

192 5359 284 5397 σιν.
322 5345 564 5417 Ἀγάπης
594 5351 702 5420 γὰρ
735 5349 795 5401 τὸ
820 5349 888 5402 τὰ
920 5349 1303 5420 συμπίπτοντα
1330 5351 1582 5420 ἀλλήλοις
1609 5353 1748 5405 ἁπο-

1851 5374 1949 5429 per
1983 5359 2088 5413 hoe
2132 5357 2358 5412 indicat.
2381 5353 2682 5410 Cbaritatis
2710 5353 2854 5408 enim
2889 5360 2993 5417 est,
3031 5365 3093 5406 ea
3127 5365 3246 5420 qua:
3276 5350 3427 5404 acci-

191 5439 417 5506 γυμνοῦν
443 5460 456 5473 ο
490 5445 585 5496 καὶ
627 5444 746 5513 ἅμα
773 5445 866 5496 καὶ
896 5443 1192 5512 ἀπολογίαν
1239 5445 1456 5513 ὑφαίνει
1483 5446 1622 5518 ὑπὲρ
1652 5449 1733 5516 τῆ.

1861 5451 2056 5514 derint,
2096 5459 2287 5504 mutuo
2325 5446 2658 5518 patefacere.
2695 5443 2871 5499 Simul
2905 5454 3090 5499 autem
3124 5443 3424 5515 apologiam

195 5527 533 5606 βραδύτητος.
563 5539 655 5590 Ἐν
686 5541 752 5608 τῇ
784 5538 942 5610 Ἀσίᾳ
970 5537 1028 5590 δέ
1077 5556 1242 5609 φησιν
1288 5539 1438 5611 αὑτῴ
1495 5541 1756 5609 γενέσθαι

1866 5543 2005 5599 texit
2061 5556 2162 5612 pro
2203 5541 2455 5596 tarditate
2493 5551 2610 5596 sua.
2669 5535 2728 5591 ln
2760 5534 2890 5591 Asia
2939 5544 3120 5592 autem
3171 5531 3432 5605 obtigisse

1546 5681 1751 5743 Variae
1775 5681 2103 5746 lectiones.

262 5805 306 5841 ³⁸
341 5810 651 5868 ἀναστέλλει
683 5829 736 5870 0.

818 5814 862 5846 "
894 5811 1150 5878 θλίδομαι
1175 5823 1227 5866 o.
1304 5809 1352 5841 ’θ
1385 5804 1740 5878 μνημονεύει.
1772 5823 1829 5865 o.
