3806 6556
155 362 251 425 805

917 350 1326 415 EXPOSITIO
1369 351 1450 413 ΙΝ
1488 349 1726 412 EPIST.
1768 351 1829 410 II
1868 347 2171 412 A’D'COR.
2203 351 2455 412 -ΟΛῬ,
2500 350 2552 412 ῐ.

3289 355 3410 418 '806

157 473 206 524 ῑὲ
241 464 494 521 ἐντεῦθεν
526 463 614 516 καὶ
641 459 1166 530 ταπεινοφροσύνην,
1195 457 1249 512 si
1283 475 1346 526 γε
1373 455 1580 519 Παῦλος
1627 457 1721 526 τῆς

1857 456 2066 511 durans.
2132 457 2400 513 Dncemur
2457 471 2640 514 amem
2696 457 2832 514 hinc
2896 468 2950 515 et
3011 461 3409 531 humilitatem,

150 562 249 627 τῶν
279 556 578 626 Κορινθίων
613 553 780 624 εὐχῆς
811 540 982 605 ἐδεῖτο
1000 566 1012 580 °
1043 550 1141 605 καὶ
1169 550 1268 619 τὴν
1293 549 1523 619 δύναμιν
1546 549 1718 616 αὐτῆς

151 655 241 722 τῆς
273 649 457 718 εὐχῆς.
494 645 670 700 Πολλέι
709 645 820 715 γὰρ
846 641 1070 696 δύναται
1101 642 1135 712 ἡ
1167 640 1319 708 παρὰ
1349 639 1448 709 τῆς
1487 637 1716 706 Ἐκκλη-

151 745 282 804 σίαςν
310 740 382 802 ὡς
406 740 509 803 δεῖ,
553 736 832 806 γινομένη,
861 735 938 797 ὡς
969 733 1063 788 καὶ
1101 731 1317 786 Παῦλον
1350 729 1552 802 ταύτης
1581 727 1721 798 χρῄ-

151 837 274 902 ζειν.

223 940 241 971 ι
277 920 400 972 Ἵνα
427 919 503 970 ἐκ
558 915 768 969 πολλῶν
828 913 1138 986 προσώπων
1191 913 1255 967 τὸ
1310 915 1391 977 είς
1423 915 1571 984 ἡμᾶς
1624 914 1724 984 χά-

151 1031 309 1088 ρισμα
333 1012 423 1065 διὰ
440 1009 650 1064 πολλῶν
673 1007 1038 1079 εὐχαριστηθῇ
1069 1007 1210 1078 ὑπὲρ
1236 1007 1413 1077 ἡμῶν,
1429 1025 1446 1058 ι
1479 1025 1576 1057 -ι
1598 1007 1722 1078 Ἐρ-

149 1106 360 1177 ρύσατο,
394 1121 414 1154 ι
452 1102 651 1172 φησιν,
693 1119 712 1152 ι
745 1103 772 1154 6
819 1100 953 1162 Θεὸς
977 1101 1145 1170 ἡμᾶς,
1188 1101 1281 1152 καὶ
1322 1099 1546 1171 ῥύσεται
1582 1117 1601 1150 ι
1635 1099 1723 1152 διὰ

145 1201 246 1252 τῶν
271 1197 559 1268 ὑμετέρων
591 1197 768 1267 εὐχῶν
796 1237 810 1262 ,
861 1196 949 1249 ἵνα
975 1196 1036 1248 τὸ
1064 1195 1144 1258 είς
1176 1195 1324 1265 ἡμᾶς
1349 1194 1614 1264 χάρισμα,
1658 1192 1721 1245 τὸ

147 1291 226 1343 διὰ
258 1289 504 1351 πολλῶν·
534 1290 834 1355 τουτέστιν,
887 1289 929 1356 ηή
970 1289 1050 1351 είς
1101 1286 1204 1357 ἐμὲ
1239 1286 1507 1357 γενομένη
1557 1286 1718 1356 χάρις

148 1384 225 1438 διὰ
267 1383 511 1435 πολλῶν·
541 1383 840 1446 τουτέστιν,
894 1381 1049 1452 ὐμῶν
1103 1378 1564 1452 ὐπερευξαμένων
1591 1394 1716 1446 μου,

146 1478 204 1528 ὲκ
226 1472 431 1526 πολλῶν
487 1473 798 1544 προσώπων
855 1472 1245 1542 εὐχαριστηθῇ,
1301 1471 1490 1540 ἧγουν,
1540 1468 1717 1537 ὑμῶν.

147 1567 248 1638 Τὴν
282 1563 560 1636 σωτηρίαν
612 1566 718 1636 γὰρ
768 1563 867 1635 τὴν
903 1564 1041 1634 ἐμὴν
1071 1563 1160 1617 διὰ
1202 1562 1309 1616 τῶν
1359 1561 1534 1631 εὐχῶν
1563 1560 1718 1630 ὐμῶν

148 1658 427 1728 γινομένην
460 1658 631 1710 πᾶσιν
650 1658 776 1726 ὐμῖν
795 1655 1109 1726 ἐχαρίσατο,
1131 1654 1221 1707 ἵνα
1251 1653 1421 1707 πολλὰ
1450 1653 1720 1724 πρόσωπα

149 1749 284 1820 αὐτῷ
327 1749 704 1821 εὐχαριστήσῃ
746 1747 888 1818 ὑπὲρ
936 1747 1110 1817 ὐμῶν.
1149 1747 1512 1815 Μανθάνομεν
1545 1744 1602 1796 δὲ
1633 1745 1719 1796 ὲν-

148 1817 347 1904 τεῦθεν,
469 1817 645 1911 μόνον
676 1817 818 1910 ὐπὲρ
849 1817 1095 1909 αλλήλων
1121 1837 1400 1908 εὔχεσθαι,
1454 1836 1590 1890 ἀλλὰ
1627 1838 1722 1889 καὶ
1749 1817 1797 1878 Β

151 1937 277 2006 ὑπὲρ
301 1934 552 2004 ἀλλήλων
581 1933 944 2004 εὐχαριστεῖν.
981 1932 1123 2002 Ὅρα
1155 1931 1232 1996 δὲ,
1272 1931 1392 1993 πῶς
1418 1931 1722 2000 ἀρχόμενος

153 2025 260 2094 μὲν,
291 2023 378 2076 διὰ
416 2023 552 2086 τούς
575 2023 898 2093 οἰκτιρμοὺς
943 2021 1038 2075 τοῦ
1092 2021 1229 2074 Θεοῦ
1263 2021 1503 2091 σωθῆναί
1551 2036 1720 2091 φησιο

150 2115 234 2170 νῦν
254 2117 309 2169 δὲ
333 2117 456 2178 ταῖς
478 2116 668 2186 εὐχαῖς
688 2115 896 2170 τούτων
914 2115 1012 2186 τὴν
1037 2115 1310 2187 σωτηρίαν
1332 2115 1720 2186 ἐπιγράφεται.

153 2211 231 2262 Δεῖ
261 2210 365 2280 γὰρ
397 2208 541 2279 μετὰ
572 2208 666 2261 τοῦ
696 2209 841 2262 θείου
887 2209 1069 2272 ἐλέους
1120 2209 1216 2263 καὶ⁵
1258 2208 1328 2262 τὰ
1373 2208 1504 2279 παρ’
1562 2207 1722 2278 ἡμῶν

154 2301 512 2371 συνεισφέρειν
550 2301 616 2356 ’⁸.
666 2302 778 2355 Καὶ
800 2300 1033 2354 ἐνταῦθα
1066 2301 1123 2354 δὲ
1173 2303 1201 2354 ὁ
1232 2301 1443 2364 Παῦλος
1479 2299 1604 2352 οὐτε
1660 2299 1723 2352 τὸ

153 2393 248 2446 πᾶν
273 2390 363 2443 τοῦ
409 2389 844 2461 κατορθώματος
888 2392 1004 2454 τοῖς
1038 2389 1349 2460 Κορινθίοις
1378 2388 1600 2452 ἔδωκεν,
1636 2389 1724 2442 ἵνα

155 2484 220 2557 μὴ
247 2484 442 2548 αὐτοὺς
472 2485 658 2556 ἐπάρῃ
684 2499 698 2514 ⁶
747 2483 874 2536 οὐτε
919 2483 1094 2552 πάντη
1135 2481 1495 2553 ἠλλοτρίωσεν
1524 2481 1722 2544 αὐτοὺς

151 2579 344 2642 τούτου,
377 2579 463 2632 ἵνα
487 2579 568 2649 μὴ
595 2577 1005 2650 ρᾳθυμοτέρους
1031 2575 1352 2647 ἐργάσηται.
1392 2593 1410 2627 ι
1434 2575 1715 2628 Ῥύσεταιι

153 2671 269 2740 γὰρ,
299 2675 485 2740 φησιν,
519 2687 540 2721 ι
582 2671 609 2721 6
630 2669 760 2732 Θεὸς
795 2670 885 2720 καὶ
923 2668 1078 2738 ὑμῶν
1107 2659 1628 2738 συνυπουργούντων
1653 2667 1719 2736 τῇ

152 2763 313 2831 δεήσει
339 2777 352 2791 ·
380 2781 399 2813 ι
433 2761 708 2826 τουτέστι,
739 2759 808 2812 τὰ
833 2759 962 2830 παρ’
996 2758 1611 2829 ἑαυτῶνξείσφερόντων.

220 2871 238 2905 ι
283 2853 344 2906 Ἡ
372 2853 481 2923 γὰρ
513 2850 793 2921 καύχησις
821 2851 977 2920 ἡμῶν
1007 2849 1145 2917 αὕτη
1174 2851 1311 2916 ἐστὶ,
1334 2849 1394 2902 τὸ
1419 2847 1722 2920 μαρτύριον

154 2945 238 3014 τῆς
269 2945 626 3014 συνειδήσεως
657 2942 834 3012 ἡμῶν.
861 2961 878 2994 ι
915 2943 1025 2994 Καὶ
1053 2939 1230 3005 τοῦτο,
1266 2939 1422 3012 φησι,
1460 2953 1722 3009 παραμυ-

156 3036 260 3098 θίας
293 3038 420 3105 ἡμῖν
449 3037 678 3106 ἀφορμή
707 3037 874 3099 ἐστιν,
941 3036 974 3103 ἡ
1010 3033 1310 3101 συνείδησις
1362 3032 1522 3102 ἡμῶν
1581 3047 1723 3101 μαρ-

156 3127 374 3200 τυροῦσα
421 3127 584 3197 ἡμῖν,
615 3126 698 3178 ὅτι
726 3125 824 3195 οὐχ
867 3125 941 3187 ώς
972 3123 1066 3175 ἐπὶ
1099 3123 1355 3191 πονηροῖς
1399 3119 1723 3189 πράγμασιν

157 3221 355 3284 ἁλόντες
393 3218 738 3289 ὲλαυνόμεθα
767 3219 861 3270 καὶ
889 3214 1220 3284 διωκόμεθα,
1242 3212 1378 3266 ἀλλὰ
1428 3211 1495 3263 δι’
1524 3209 1723 3281 ἀρετὴν

159 3311 241 3362 καὶ
266 3310 356 3380 τὴν
381 3310 488 3365 τῶν
530 3309 740 3362 πολλῶν
777 3305 1072 3375 σωτηρίαν.
1126 3303 1190 3356 Ἥ
1225 3305 1324 3373 μὲν
1357 3302 1448 3356 οῦν
1479 3304 1722 3372 προτέρα

159 3405 480 3476 παράκλησις
516 3405 582 3456 ἐκ
611 3401 748 3456 Θεοῦ
773 3397 841 3473 ἦν
861 3416 877 3430 ο
902 3398 1043 3466 αὐτη
1074 3398 1154 3463 δὲ,
1201 3398 1267 3450 ὲκ
1297 3399 1396 3468 τῆς
1421 3397 1514 3450 τοῦ
1544 3413 1721 3450 συνει-

158 3497 288 3562 δότος
316 3515 414 3570 μου
446 3496 846 3568 καθαρότητος,
880 3491 1043 3562 φησί·
1081 3491 1162 3544 διὸ
1197 3494 1293 3545 καὶ
1323 3491 1592 3561 καύχησιν
1624 3490 1723 3544 αὐ-

159 3591 243 3660 τὴν
270 3591 548 3662 ὀνομάζει,
593 3591 690 3659 τὴν
724 3587 923 3656 πολλὴν
969 3583 1230 3640 δεικνύων
1261 3585 1604 3654 πεποίθησιν,
1656 3583 1724 3655 ἣν

159 3679 284 3753 εἶχεν
309 3684 396 3737 ἐπὶ
426 3683 509 3754 τῷ
543 3680 767 3753 καθαρῷ
802 3678 1083 3732 συνειδότι.

227 3777 388 3829 «Ὅτι
419 3777 477 3828 ὲν
518 3774 785 3843 ἁπλότητι
841 3771 938 3825 καὶ
989 3769 1314 3840 είλικρινεία
1365 3769 1522 3824 Θεοῦ.
1554 3788 1572 3820 ι
1636 3769 1722 3830 Τί,

162 3869 298 3940 φησι,
333 3868 607 3939 μαρτυρεῖ
652 3867 784 3936 ἡμῖν
814 3863 874 3917 τὸ
915 3863 1188 3928 συνειδόςς
1240 3865 1338 3916 καὶ
1385 3863 1474 3916 διὰ
1508 3863 1560 3915 τί
1591 3879 1725 3915 καυ-

159 3960 398 4031 χώμεθα;
440 3979 458 4010 ι
495 3961 624 4011 ’Ὁτι
656 3962 713 4011 ἐν
761 3956 1048 4025 ἁπλότητι,
1093 3973 1110 4006 ι
1167 3954 1469 4020 τουτέστιν,
1505 3954 1563 4007 ἐν
1587 3954 1724 4006 ἁπο-

161 4056 292 4126 νήρῳ
321 4053 523 4125 γνώμῃ
543 4070 555 4083 ·
593 4069 610 4103 ι
649 4051 742 4103 καὶ
776 4050 1117 4120 εἰλικρινείᾳ,
1151 4068 1169 4100 ι
1199 4047 1471 4113 τουτέστι,
1490 4046 1725 4118 καθαρόπ

161 4161 270 4214 τητι
305 4146 546 4208 διανοίας
577 4146 671 4197 καὶ
705 4143 1004 4213 ἁδολότητι,
1035 4141 1185 4194 οὐδὲν
1212 4139 1410 4209 ἐχούσῃ
1437 4155 1726 4191 συνεσκια-

163 4236 338 4306 σμένον
379 4238 476 4291 καὶ
533 4234 784 4296 ὓπουλον,
815 4233 932 4286 οἵαν
961 4233 990 4283 6
1019 4229 1149 4293 Θεὸς
1169 4229 1510 4301 ἀποδέχεται.
1543 4228 1726 4282 Ταῦτα

164 4326 213 4380 δὲ
234 4328 372 4397 λέγει
401 4329 491 4382 διὰ
531 4327 656 4389 τούς
689 4325 896 4388 δολίους
921 4323 1408 4392 ψευδαποστόλους.

229 4437 248 4470 ι
283 4421 390 4474 Οὐκ
419 4422 476 4473 ὲν
523 4418 684 4488 σοφία
707 4419 997 4487 σαρκικῇ.»
1027 4413 1342 4479 Τουτέστιν,
1379 4415 1436 4467 ἐν
1461 4413 1726 4482 δεινότητι

165 4512 320 4580 λόγων
343 4515 432 4565 καὶ
460 4513 641 4582 πλοκῇ
671 4507 1044 4579 σοφισμάτων.
1079 4505 1230 4576 Αὐτη
1260 4507 1391 4598 γὰρ
1420 4506 1453 4575 ἡ
1491 4507 1730 4578 σαρκικὴ
1761 4544 1806 4598 D

168 4605 332 4674 σοφία,
359 4606 441 4674 ἐφ’
541 4603 765 4656 ἐκείνων
803 4599 1302 4668 ἀλαζονευομένων,
1335 4597 1496 4661 αὐτὸς
1525 4596 1729 4667 ταύτην

168 4698 392 4768 ἀρνεῖται
421 4700 520 4751 καὶ
549 4696 848 4750 διωθεῖται.

234 4809 252 4842 ι
293 4790 426 4843 Ἀλλ’
494 4792 554 4842 ὲν
618 4789 801 4858 χάριτι
868 4785 1005 4838 Θεοῦ
1071 4782 1496 4855 ἀνεστράφημεν
1560 4783 1616 4835 ἐν
1653 4779 1731 4852 τῶ

173 4881 364 4955 κόσμῳ.
399 4902 418 4936 ι
480 4883 802 4940 Τουτὲστιν.
857 4881 914 4930 ὲν
942 4880 1008 4948 τῇ
1057 4877 1186 4946 παρ’
1216 4876 1380 4928 αὐτοῦ
1415 4873 1736 4948 χαρισθείση

176 4975 323 5046 σοφίᾳ
364 4976 456 5028 καὶ
517 4977 574 5028 ὲν
609 4975 720 5036 τοῖς
753 4969 1000 5042 σημείοις
1057 4969 1153 5022 καὶ
1201 4968 1441 5038 τέρασιν,
1491 4966 1528 5021 ἃ
1569 4956 1737 5037 χάρις

175 5062 296 5117 Θεοῦ
324 5060 480 5136 ἦσαν.
515 5064 764 5133 Μεγίστη
823 5063 879 5116 δὲ
908 5060 1276 5132 παράκλησις,
1331 5059 1392 5112 τὸ
1435 5058 1736 5112 συνειδέναι

176 5156 284 5208 τινὰ
314 5158 508 5229 ἑαυτῷ,
546 5159 628 5210 ὅτι
681 5157 781 5207 οὐκ
809 5153 1130 5224 ἀνθρωπίνῃ
1157 5151 1406 5222 δυνάμει,
1441 5149 1577 5227 ἀλλᾲ
1599 5148 1734 5221 θεία

179 5247 342 5318 χάριτι
374 5253 548 5304 πάντα
576 5251 620 5282 ³⁸
658 5251 821 5304 ποιεῖ.
855 5248 962 5301 Καὶ
1000 5247 1101 5300 οὐκ
1150 5247 1208 5300 ὲν
1241 5243 1490 5316 Κορίνθῳ
1549 5244 1729 5315 μόνον,

179 5341 298 5394 ολλὰ
327 5345 414 5396 καὶ
437 5347 492 5398 ἐν
522 5344 682 5396 παντὶ
716 5341 795 5410 τῷ
823 5342 1034 5412 κόσμῳ.

247 5451 264 5484 ι
291 5435 693 5507 ῐιερισσοτέρως
727 5435 781 5487 δὲ
818 5432 953 5503 πρὸς
982 5433 1148 5508 ὐμᾶς.
1184 5451 1203 5483 ›
1237 5433 1399 5496 Πῶς;
1444 5432 1564 5486 Ὀτι
1600 5430 1739 5502 μετὰ

181 5527 276 5578 *ὼν
305 5534 554 5600 σημείων,
587 5533 664 5584 ἔτι
690 5531 780 5584 καὶ
807 5528 1082 5582 ἀδάπανον
1112 5525 1240 5594 παρ’
1259 5526 1440 5590 αὐτοῖς
1473 5526 1535 5580 τδ
1563 5527 1742 5594 Εὐαγ-

1829 549 2096 617 siquidem
2126 548 2322 604 Paulus
2360 551 2767 606 Corinthi-iram
2811 555 3060 622 precibus
3103 556 3407 626 indigebat,

1829 651 1883 693 et
1909 641 2076 708 ipsius
2103 642 2368 696 orationis
2405 643 2534 696 vim.
2571 641 2795 696 Multum
2826 644 2969 698 enim
3005 645 3144 700 valet
3169 649 3420 715 precatio.

1829 730 2104 798 Ecclesiae,
2139 735 2180 787 si
2207 734 2299 786 tiat
2325 744 2638 804 tit-Oportet,
2661 737 2796 790 adeo
2830 747 2885 792 ut
2909 739 2994 791 vel
3014 739 3215 795 Paulus
3234 740 3417 798 istha'c-

1826 840 1961 893 opus
2002 826 2220 880 habent.

1907 936 1927 968 ι
1961 916 2039 972 ’Ut
2076 935 2138 973 ex
2167 919 2346 973 multis
2368 921 2636 990 personis,
2657 935 2767 990 'pro
2791 922 2952 976 dono
2979 923 3031 977 in
3065 939 3163 978 nos
3191 925 3415 991 collato,

1825 1011 2342 1082 per-multosgratix
2369 1024 2597 1081 agantur
2622 1027 2717 1080 pro
2741 1012 2913 1068 nobis.
2937 1031 2956 1066 ι
2982 1043 3053 1053 -
3087 1033 3105 1066 ι
3131 1014 3404 1086 Eripuit,»

1831 1103 2024 1172 inquit,
2055 1121 2073 1154 ι
2109 1119 2208 1158 nos
2248 1103 2410 1169 Deus,
2450 1115 2501 1158 et
2541 1105 2735 1173 eripiet
2789 1123 2807 1156 ι
2859 1120 2957 1174 per
2984 1115 3193 1160 vestras
3222 1123 3412 1177 preca-

1829 1196 2031 1260 tiones,
2073 1203 2131 1250 ut
2172 1197 2368 1251 donum
2411 1198 2463 1252 in
2489 1213 2588 1250 nos
2637 1197 2913 1262 collatum,
2948 1216 2966 1249 ι
3004 1213 3100 1266 per
3127 1200 3348 1264 mullos,
3373 1219 3406 1251 'I

1825 1289 1928 1343 hoc
1955 1289 2244 1354 esuivobis
2277 1303 2376 1358 pro
2401 1303 2484 1343 me
2511 1289 2814 1356 orantibus,
2852 1304 2914 1343 ex
2944 1291 3129 1344 multis
3163 1293 3410 1360 personis

1827 1390 2033 1448 gratum
2075 1383 2186 1446 tiat,
2232 1381 2488 1435 nimirum
2519 1384 2733 1435 vestris.
2763 1380 3004 1436 Salutem
3040 1383 3184 1436 enim
3233 1399 3406 1438 meam

1829 1486 1923 1542 per
1967 1473 2244 1527 orationes
2274 1472 2735 1536 vestras-factam,
2768 1474 3020 1528 omnibus
3054 1476 3210 1528 vobis
3237 1479 3409 1530 dona-

1827 1567 1926 1630 vit,
1953 1576 2011 1619 ut
2049 1566 2233 1620 multae
2265 1581 2508 1636 personae
2539 1567 2637 1636 ipsi
2662 1567 2867 1636 gratias
2909 1577 3070 1637 agant
3099 1569 3410 1636 probabis.

1828 1657 1968 1713 lline
2017 1669 2196 1713 autem
2225 1659 2486 1713 discimus
2514 1673 2620 1713 non
2661 1660 2822 1712 modo
2854 1671 2911 1712 ιιι
2941 1660 3080 1713 alter
3106 1675 3204 1728 pro
3243 1661 3413 1716 altero

1827 1751 2147 1818 intercedat,
2182 1765 2364 1805 verum
2391 1750 2554 1804 etiam
2585 1760 2642 1803 ut
2681 1749 2821 1804 alter
2857 1765 2954 1819 pro
2986 1749 3160 1805 altero
3204 1751 3420 1821 gratias

1828 1848 1971 1911 agat.
2003 1839 2242 1895 Observa
2284 1851 2464 1895 autem
2502 1845 2772 1910 quomodo
2813 1842 2864 1894 in
2899 1841 3144 1906 exordio,
3181 1856 3279 1910 per
3307 1843 3412 1896 ini-

1826 1935 2129 1988 serationes
2151 1933 2244 1988 Dei
2278 1950 2338 1989 se
2367 1945 2644 1989 servatum
2684 1948 2803 1988 esse
2835 1933 3036 1987 dixerit
3072 1952 3085 1988 :
3117 1950 3262 1989 nunc
3285 1949 3413 1988 vero

1826 2042 2014 2082 eorum
2054 2029 2394 2083 orationibus
2437 2027 2665 2083 salutem
2709 2026 2955 2081 ascribit.
3008 2027 3232 2096 Oportet
3266 2029 3410 2081 enim

1827 2131 1884 2174 ut
1918 2137 2025 2175 una
2050 2136 2173 2175 eum
2209 2120 2390 2174 divina
2423 2119 2795 2174 misericordia
2819 2127 3004 2173 nostra
3039 2120 3247 2187 pariter
3281 2132 3412 2172 eon-

1827 2211 2088 2266 feramus‘.
2116 2213 2293 2281 Atque
2319 2212 2404 2266 bie
2435 2210 2636 2265 Paulus
2675 2226 2855 2280 neque
2886 2219 3058 2264 totum
3085 2208 3407 2264 beneficium

1829 2305 2131 2361 Corinthiis
2174 2306 2388 2368 tribuit,
2425 2319 2495 2358 ne
2531 2304 2677 2372 ipsos
2703 2301 2892 2357 etierat
2924 2321 2937 2357 :
2969 2317 3147 2371 neque
3189 2299 3420 2355 cumino

1827 2414 1922 2455 eos
1941 2397 2171 2468 privavit
2208 2399 2332 2460 hoc,
2366 2412 2433 2450 ne
2457 2395 2736 2463 segniores
2768 2394 2978 2449 reddat.
3006 2393 3210 2461 Eripiet
3233 2391 3405 2454 enim,

1829 2495 2026 2563 inquit,
2057 2493 2219 2557 Deus,
2255 2490 2609 2546 vobis-etiam
2642 2489 3061 2559 coo’perantibus
3096 2502 3409 2558 perpreca-

1828 2588 2052 2653 tionem,
2083 2586 2186 2642 hoc
2217 2595 2322 2653 est,
2352 2593 2531 2640 vestra
2568 2584 2731 2639 etiam
2755 2581 3128 2638 aﬂerentibus.

1902 2862 2063 2916 Vsus.
2099 2859 2187 2912 12.
2229 2876 2246 2908 ι
2283 2855 2416 2910 Nam
2450 2854 2622 2925 gloria
2653 2861 2838 2909 nostra
2874 2852 2986 2906 haec
3018 2860 3119 2914 est,
3161 2851 3408 2905 testimo-

1831 2955 1979 3010 nium
2026 2950 2373 3007 conscientiae
2408 2958 2628 3002 ηοειιτε.
2666 2966 2681 2999 ι
2725 2945 2789 2999 Et
2832 2947 2955 3011 hoc,
2997 2945 3191 3014 inquit,
3233 2942 3411 2998 solatii

1832 3046 1988 3101 nobis
2027 3053 2111 3098 est
2159 3043 2400 3105 occasio,
2455 3039 2784 3094 conscientia
2828 3049 3013 3092 nostra
3047 3038 3420 3092 testimonium.

1831 3138 1986 3191 nobis
2012 3135 2298 3198 exhibens,
2331 3133 2473 3201 quod
2523 3147 2627 3184 non
2661 3139 2917 3198 tanquam
2952 3131 3002 3183 in
3039 3130 3220 3198 pravis
3246 3129 3408 3184 rebus

1831 3227 2152 3296 deprehensi
2186 3225 2455 3291 agitantur
2495 3231 2548 3275 et
2581 3223 3013 3288 persecutionem
3039 3221 3294 3287 patimur,
3321 3220 3420 3275 sed

1831 3318 2047 3374 virtutis
2091 3317 2491 3384 multorumque
2533 3313 2724 3367 salutis
2797 3327 2982 3366 causa.
3029 3310 3186 3365 Prior
3215 3312 3418 3381 itaque

1831 3410 2127 3468 consolatio
2176 3424 2240 3462 ex
2278 3408 2387 3461 Deo
2416 3416 2568 3470 erat;
2601 3407 2730 3460 huic
2781 3420 2908 3458 vero
2947 3420 3012 3457 ex
3061 3405 3419 3459 eoiiseientitn

1835 3518 1966 3558 mea:
1999 3505 2258 3570 puritate,
2296 3499 2491 3568 inquit.
2538 3497 2666 3550 Eam
2693 3497 2910 3550 ob-rem
2948 3503 3001 3548 et
3033 3494 3412 3563 gloriationem

1833 3597 2002 3666 ipsam
2038 3594 2300 3657 nominat,
2341 3592 2563 3644 multam
2617 3587 2911 3642 ostendens
2961 3587 3212 3641 ﬁduciam
3248 3601 3422 3656 quam

1833 3688 1884 3740 in
1915 3701 2045 3756 pura
2075 3683 2402 3737 conscientia
2429 3681 2679 3734 habebat.

1911 3798 1927 3829 ι
1969 3776 2210 3843 Qnrulin
2250 3773 2597 3843 simplicitate
2630 3770 3030 3825 et-sinceritate
3071 3769 3185 3824 Dei.
3219 3787 3238 3820 ›
3275 3765 3422 3833 Quid.

1834 3881 2084 3932 testatur,
2134 3868 2332 3936 inquit,
2371 3864 2532 3920 nobis
2572 3863 2946 3918 conscientia?
2983 3873 3037 3917 et
3085 3878 3185 3916 cur
3209 3861 3410 3929 gloria-

1836 3962 1989 4018 mur?
2021 3980 2038 4012 ι
2079 3959 2344 4028 Quoniam
2381 3957 2436 4011 in
2467 3956 2833 4026 simplicitate,
2875 3974 2894 4007 ι
2932 3956 3032 4010 hoc
3063 3965 3167 4019 est,
3199 3963 3416 4008 senten-

1836 4058 1910 4108 tia
1939 4054 2167 4108 minime
2196 4065 2388 4122 prava,
2449 4066 2470 4101 ι
2517 4047 2580 4102 Ει
2619 4047 3014 4112 sinceritate.)
3053 4047 3154 4102 hoc
3181 4056 3285 4120 est,
3314 4061 3415 4116 pii-

1797 4149 1995 4201 -.ritate
2027 4145 2226 4199 mentis
2256 4153 2310 4196 et
2333 4141 2569 4197 candore
2609 4138 2840 4194 fallacia:
2862 4149 3108 4204 experte,
3141 4153 3259 4207 quae
3283 4134 3420 4189 nihil

1813 4235 1997 4289 habet
2019 4235 2395 4293 obscurat-um,
2420 4239 2515 4284 aut
2546 4229 2875 4292 ulcerosum,
2908 4226 3122 4296 qualem
3156 4227 3295 4281 Dens
3342 4241 3416 4280 re-

1836 4328 1986 4396 cipit.
2017 4323 2142 4379 llch
2171 4336 2352 4378 autem
2388 4322 2518 4375 dicit
2557 4321 2626 4375 ob
2670 4319 2889 4373 fallaces
2914 4315 3382 4388 pseudapostolos.

1914 4438 1932 4470 ι
1972 4416 2088 4472 Non
2121 4417 2173 4470 in
2205 4415 2470 4482 sapientia
2507 4412 2735 4466 carnali.
2775 4430 2797 4464 ι
2828 4409 2937 4464 lloc
2973 4418 3055 4464 est
3094 4409 3145 4462 in
3179 4406 3420 4476 potentia

1837 4521 1891 4566 et
1929 4512 2130 4564 virtute
2181 4507 2490 4572 verborum,
2533 4520 2597 4559 ac
2643 4519 2782 4558 nexu
2809 4500 2972 4575 246
3001 4499 3417 4569 sopbisniatum.

1840 4602 1966 4656 [late
1987 4601 2132 4656 enim
2158 4597 2396 4654 carnalis
2415 4595 2806 4664 estsapieutia,
2821 4595 2974 4662 cujus
2991 4608 3150 4648 causa
3169 4607 3288 4646 Clltll
3319 4590 3417 4659 ipsi

1836 4693 2182 4757 eﬁ‘errentur,
2226 4688 2620 4757 eamdenripse
2651 4697 2812 4756 negat
2843 4697 3006 4755 atque
3037 4685 3274 4754 repellit.

1917 4806 1936 4838 ι
1970 4785 2076 4841 Sed
2107 4787 2159 4838 in
2189 4785 2362 4854 gratia
2382 4780 2474 4836 Dei
2499 4780 2805 4836 conversati
2833 4793 3024 4834 sumus
3057 4776 3111 4831 in
3141 4776 3357 4830 mundo.
3393 4792 3412 4826 ι

1832 4880 1946 4936 Hoc
1971 4887 2063 4933 est
2081 4877 2133 4930 in
2160 4877 2426 4946 sapientia
2451 4887 2576 4944 qua:
2597 4873 2739 4936 mihi.
2753 4887 2849 4944 per
2873 4873 3049 4941 ipsqu
3080 4882 3161 4924 est
3193 4871 3418 4933 donata,

1832 4983 1883 5026 et
1932 4971 1984 5023 in
2025 4966 2198 5039 signis
2230 4965 2611 5036 etprodigiis
2656 4980 2778 5034 qua:
2825 4963 3000 5034 gratia
3049 4961 3138 5015 Dei
3171 4959 3414 5013 fuerunt.

1834 5064 2062 5119 Maxima
2096 5071 2276 5115 autem
2321 5058 2623 5114 consolatio
2664 5066 2772 5121 est,
2813 5054 3121 5126 quempiam
3155 5052 3258 5107 sibi
3289 5068 3415 5105 con-

1830 5157 2002 5212 Scium
2025 5169 2171 5220 esse,
2215 5151 2357 5222 quod
2392 5151 2574 5204 omnia
2626 5165 2731 5202 non
2778 5148 3010 5202 humana
3048 5144 3273 5208 virtute,
3316 5143 3416 5198 sed

1832 5248 2015 5304 divina
2043 5246 2218 5316 gratia
2244 5245 2428 5301 faciat.
2459 5243 2524 5298 Et
2547 5259 2653 5297 non
2681 5241 2821 5311 apud
2845 5237 3158 5295 Corinthios
3183 5245 3415 5302 tantum,

1834 5355 2020 5394 verum
2055 5339 2217 5393 etiam
2251 5337 2303 5392 in
2343 5344 2456 5393 toto
2488 5335 2708 5390 mundo.

1913 5449 1931 5480 ι
1969 5428 2347 5485 Abundantius
2377 5437 2560 5482 autem
2589 5426 2656 5479 ad
2703 5437 2818 5478 vos.
2859 5439 2879 5476 ι
2921 5419 3240 5488 Quomodo?
3271 5419 3419 5486 Quo-

1842 5522 1986 5577 niam
2018 5535 2140 5577 cum
2160 5519 2352 5591 signis,
2382 5529 2545 5588 atque
2572 5517 2738 5574 etiam
2767 5515 2902 5571 citra
2933 5521 3206 5582 sumptum
3240 5516 3417 5572 Evan-

1498 5665 1696 5729 Varite
1738 5663 2073 5730 lectiones.

249 5790 291 5827 “
319 5795 441 5867 ἡμῖν
467 5796 797 5868 προσφέρειν
823 5809 876 5851 0.
953 5796 998 5828 "
1034 5791 1209 5848 ταῦτα
1233 5807 1287 5848 0.
