3806 6578
384 331 494 399 επ

1287 317 1869 384 THEOPHYLACTI
1906 313 2322 379 BUI.GARI)E
2363 310 2723 373 ARCHIEP.

3542 302 3642 367 808

388 452 591 523 gelium
625 449 706 506 eis
745 443 1075 521 praedicavit.
1118 438 1357 498 Observa
1404 448 1611 505 autem,
1643 434 1787 508 quod
1817 448 1973 491 suum
2004 431 2056 496 Α
2078 430 2134 501 γὲ

2118 430 2260 483 έλιον
2294 424 2587 499 ἐκήρυξεν.
2619 424 2763 491 Ὅρα
2786 419 2864 485 δὲ,
2885 419 2967 474 δτι
2995 417 3135 488 ὅπερ
3154 408 3222 488 ἦν
3254 410 3421 469 αὑτοῦ
3441 407 3502 467 τδ
3531 428 3660 469 κατ-

388 560 526 616 opus
562 544 747 616 gratia:
781 541 874 597 Dei
908 535 1153 593 ascribit.

461 639 627 696 Vens.
651 637 740 691 15.
776 653 795 686 ι
831 630 947 688 Non
978 630 1125 687 enim
1152 627 1256 682 alia
1286 625 1580 683 scribimus
1602 621 1778 688 vobis,
1809 632 1974 692 quam

390 747 510 804 quae
559 729 761 801 legitis,
812 735 907 780 aut
955 732 1011 780 et
1066 721 1382 794 agnoscitis.
1431 738 1451 773 ι
1496 717 1632 786 Quia
1681 716 1749 771 de
1800 713 1979 782 seipso

392 840 582 896 magna
603 824 749 877 visus
767 829 850 876 est
871 819 1079 881 dicere,
1107 830 1176 872 ne
1201 815 1326 885 quis
1347 814 1496 869 dicat
1523 812 1660 865 hanc
1686 805 1978 864 verbosam

389 916 866 987 essejactantiam,
890 912 991 978 ait,
1024 912 1118 966 llla
1148 909 1442 965 scribimus
1469 905 1623 960 vobis
1653 916 1773 972 quae
1800 897 1979 969 legitis

390 1015 442 1068 iu
478 1012 672 1067 litteris
699 1009 872 1073 hisce,
900 1005 1199 1077 agnoscitis
1224 1012 1406 1057 autem
1441 1009 1497 1055 et
1522 1012 1617 1053 vos
1639 993 1981 1068 praevenien-

390 1114 493 1161 tes.
520 1102 637 1158 Non
659 1102 805 1157 enim
833 1102 1156 1155 adversatur
1180 1095 1378 1151 litteris
1405 1092 1546 1148 meis
1578 1099 1759 1144 vestra
1790 1083 1982 1155 cogni-

391 1200 486 1262 tio,
518 1212 679 1267 quam
716 1194 869 1265 prius
914 1200 1232 1259 conceptam
1276 1188 1344 1244 de
1385 1203 1472 1242 me
1505 1180 1812 1239 habebatis.
1844 1176 1982 1245 Qui-

390 1292 514 1345 dam
543 1303 674 1342 vero
708 1287 812 1341 hoc
853 1286 926 1339 ita
965 1285 1348 1338 intellexerunt
1390 1297 1405 1334 :
1438 1292 1633 1348 nempe
1670 1276 1757 1331 illa
1788 1273 1982 1329 scribi-

391 1397 514 1437 mus
545 1381 702 1436 vobis
732 1395 851 1449 quae
900 1376 1104 1446 legitis,
1131 1376 1232 1429 hoc
1282 1382 1388 1438 est,
1437 1385 1670 1443 quorum
1717 1366 1981 1422 memoria

388 1477 545 1530 vobis
575 1482 887 1528 renovatur.
918 1468 1106 1525 Lectio
1135 1467 1279 1522 enim
1308 1474 1392 1521 est
1430 1460 1734 1534 suggestio,
1769 1458 1850 1515 vel
1884 1472 1980 1514 su-

390 1567 577 1639 perior
609 1565 853 1635 quaedam
884 1561 1147 1633 cognitio.
1177 1558 1243 1612 Et
1271 1558 1400 1627 quid
1432 1557 1575 1621 dico,
1619 1553 1813 1623 inquit,
1839 1565 1986 1626 quo-

395 1676 517 1719 rum
576 1655 842 1713 memoria
904 1653 1060 1710 vobis
1114 1658 1432 1713 renovatur,
1492 1662 1616 1701 cum
1674 1642 1985 1716 agnoscatis

393 1750 568 1807 nostri
597 1764 720 1805 esse
752 1747 992 1818 propria,
1024 1758 1201 1814 neque
1224 1729 1590 1813 opus'habere
1616 1736 1981 1810 suggestione,

392 1864 460 1903 eo
488 1845 631 1917 quod
664 1846 773 1899 sint
811 1838 1137 1913 perspicua?

470 1941 634 1995 Vsus.
656 1938 746 2003 15,
771 1935 856 1991 14.
891 1953 908 1986 ι
942 1933 1114 2003 Spero
1141 1939 1322 1985 autem
1350 1926 1494 1998 quod
1519 1924 1585 1980 ad
1620 1923 1781 1979 linem
1812 1934 1984 1992 usque

396 2029 745 2103 agnoscatis;
820 2022 1284 2097 quemadmodum
1365 2018 1666 2090 agnovistis
1742 2031 1839 2070 nos
1919 2029 1987 2069 ex

399 2137 577 2196 parte.
622 2141 641 2175 ι
694 2121 890 2176 Totum
931 2117 1041 2172 Deo
1089 2124 1373 2184 acceptum
1428 2112 1614 2167 refert.
1679 2129 1697 2162 ι
1742 2108 1914 2179 Spero
1963 2125 1982 2160 ι

396 2218 566 2280 enim,
607 2215 803 2284 inquit,
856 2212 908 2266 iu
970 2212 1135 2265 Deum
1182 2206 1457 2269 videlicet,
1504 2204 1648 2273 quod
1703 2203 1837 2257 tales
1887 2216 1989 2255 nos

397 2306 730 2380 ignoscetis,
768 2302 956 2373 quales
989 2310 1043 2355 et.
1080 2297 1324 2369 epistolas
1360 2305 1563 2350 nostra:
1618 2294 1882 2359 indicant,
1924 2306 1989 2345 ac

398 2400 671 2475 praeterita
703 2407 886 2453 nostra
930 2395 1037 2448 vita
1074 2391 1324 2462 spondet.
1369 2407 1390 2441 ‹
1433 2389 1511 2443 Ex
1557 2396 1714 2457 parte
1756 2399 1990 2455 namque

400 2513 499 2550 nos
524 2491 845 2565 aguovistis,
881 2507 899 2542 ι
932 2488 1034 2542 hoc
1064 2492 1169 2552 εει,
1200 2480 1412 2553 experti
1442 2480 1600 2544 estis,
1636 2493 1760 2533 cum
1796 2492 1892 2531 nos
1922 2491 1989 2530 ex

400 2600 551 2657 parte
599 2584 752 2640 vobis
788 2576 1285 2635 demonstravimus
1327 2571 1576 2642 quaedam
1629 2570 1753 2622 vitae
1791 2569 1989 2623 virtute

400 2691 692 2736 transacta:
728 2674 949 2730 indicia.
998 2669 1144 2725 Istud
1186 2676 1367 2723 autem
1409 2680 1480 2721 ex
1520 2664 1704 2717 animo
1746 2661 1990 2715 modesto

397 2775 616 2829 lor-atus
643 2779 746 2827 est.

476 2887 496 2921 ι
532 2868 666 2935 Quia
700 2862 869 2933 gloria
907 2868 1091 2914 vestra
1127 2871 1342 2922 sumus,
1380 2854 1523 2910 sicut
1562 2859 1618 2907 et
1647 2866 1743 2904 vos
1783 2858 1990 2915 nostra,

2078 522 2332 595 όρθωμα,
2363 527 2524 575 τοῦτο
2544 519 2612 589 τῇ
2642 513 2738 569 τοῦ
2769 511 2904 568 Θεοῦ
2944 508 3235 580 άνατίθησι
3261 507 3464 579 χάριτι.

2141 610 2175 668 ἰ
2212 615 2287 670 Οὑ
2311 613 2419 683 γὰρ
2444 611 2581 666 ἄλλα
2614 608 2905 680 γράφομεν
2944 605 3098 676 ὑμῖν,
3129 599 3247 656 ἀλλ’
3280 600 3315 673 ἢ
3348 597 3386 653 ἃ.
3416 596 3661 666 ἀναγινώ-

2081 725 2267 773 σκετε,
2291 706 2324 779 ἢ
2351 705 2447 759 καὶ
2473 698 2894 772 ἐπιγινώσκετε.
2935 716 2954 750 ι
3023 692 3247 765 Ἐπειδὴ
3274 689 3487 764 μεγάλα
3521 688 3662 755 εδοξε

2079 802 2265 872 λέγειν
2293 798 2424 871 περὶ
2451 794 2674 859 ἑαυτοῦ,
2707 794 2797 849 ῖνα
2843 792 2919 864 μή
2972 807 3059 855 τις
3088 788 3229 859 εἴπῃ
3254 787 3466 858 κόμπον
3493 785 3666 857 ῥημά-

2080 913 2191 950 των
2217 890 2358 948 εἶναι
2395 890 2590 957 ταῦτα,
2620 889 2805 961 φησὶν,
2842 887 2926 941 ὅτι
2959 884 3177 939 Ἐκεῖνα
3209 881 3497 954 γράφομεν
3523 878 3667 949 ὑμῖν,

2080 989 2118 1044 ἃ
2143 985 2555 1057 ἀναγινώσκετε
2582 983 2682 1051 μὲν
2712 984 2770 1036 ὲν
2797 983 2913 1045 τοῖς
2950 978 3247 1047 γράμμασι
3308 972 3542 1037 τούτοις,
3584 988 3670 1040 γι-

2089 1081 2332 1138 νώσκετε
2365 1080 2423 1134 δὲ
2459 1076 2876 1150 προφθάσαντες
2910 1075 3008 1128 καὶ
3035 1073 3217 1141 ὑμεῖς.
3250 1068 3325 1123 Ού
3370 1067 3481 1139 γὰρ
3523 1068 3671 1121 ὲνανο

2084 1176 2299 1230 τιοῦται
2361 1175 2476 1237 τοῖς
2522 1169 2818 1244 γράμμασι
2850 1167 2969 1239 Ιμου
3001 1168 3035 1235 ἡ
3074 1163 3316 1235 ὑμετέρα
3350 1160 3571 1229 γνῶσις,
3605 1159 3668 1232 ἢν

2085 1268 2239 1340 ἔχετε
2274 1264 2647 1339 προλαϐόντες
2698 1260 2831 1335 περὶ
2877 1259 3042 1331 ἐμοῦ.
3080 1257 3239 1320 Τινὲς
3273 1254 3331 1309 δὲ
3365 1252 3539 1315 οὓτως
3565 1253 3672 1305 ἑνό-

2082 1379 2227 1429 ησαν
2262 1360 2443 1426 τοῦτο,
2494 1359 2578 1413 ὅτι
2619 1357 2836 1410 Ἐκεῖνα
2869 1354 3157 1425 γράφομεν
3194 1351 3349 1419 ὑμῖν,
3406 1347 3442 1401 a
3482 1346 3671 1413 ἀναγι-

2090 1454 2374 1509 νώσκετε·
2430 1450 2732 1512 τουτέστιν,
2784 1442 3315 1516 ὑπομιμνήσκεσθε·
3374 1438 3671 1507 ἀνάγνωσις

2085 1550 2195 1619 γάρ
2224 1547 2436 1617 ἐστινὴ
2471 1546 2804 1617 ὑπόμνησις,
2862 1540 2895 1612 ἢ
2929 1526 3139 1595 ἄνωθεν
3189 1533 3419 1603 γνῶσις.
3465 1532 3579 1586 Καὶ
3622 1531 3670 1585 τί

2087 1640 2253 1711 λέγω,
2286 1639 2473 1709 φησιν,
2504 1636 2664 1691 ἆτινα
2696 1629 3192 1703 ύπομιμνήσκεσθε
3221 1644 3235 1692 ;
3268 1626 3429 1685 ἅτινα
3457 1625 3554 1694 μὲν
3589 1621 3674 1676 οὖν

2088 1732 2491 1802 ἐπιγινώσκετε
2542 1724 2685 1783 εἶναι
2740 1728 2876 1797 ἡμῖν
2943 1725 3073 1786 ῖδια,
3125 1720 3263 1793 μηδὲ
3317 1718 3671 1789 ὑπομνήσεως

2019 1807 2060 1863 Β
2087 1825 2342 1897 δεόμενα,
2375 1822 2467 1878 διὰ
2495 1822 2554 1876 τδ
2586 1821 2829 1892 πρόδηλα
2855 1813 3018 1873 εἶναι.

2161 1936 2181 1970 ι
2206 1916 2442 1982 Ἐλπίζω
2475 1915 2532 1969 δὲ
2553 1915 2635 1968 ὅτι
2671 1914 2766 1966 καὶ
2794 1912 2902 1976 ἕως
2937 1910 3121 1973 τέλους
3154 1905 3552 1977 ἐπιγνώσεσθε,
3580 1921 3672 1957 κα-

2088 2015 2199 2080 θὼς
2228 2015 2324 2070 καὶ
2378 2013 2656 2081 ἐπέγνωτε
2709 2010 2857 2081 ἡμᾶς
2886 2006 2995 2062 ἀπὺ
3027 2008 3263 2079 μέρους.
3294 2024 3314 2059 ι
3352 2004 3443 2075 Τῷ
3475 2002 3595 2074 Θεῷ
3618 2001 3671 2054 τὸ

2068 2106 2197 2164 ,πᾶν
2233 2101 2575 2172 ἀνατίθησιν.
2618 2119 2637 2152 ι
2689 2097 2929 2163 Ἐλπίζω
2961 2116 2980 2150 ι
3015 2096 3146 2167 γὰρ,
3203 2096 3395 2167 φησὶν,
3453 2094 3537 2158 εἰς
3591 2093 3671 2147 τὸν

2085 2195 2219 2250 Θεὸν
2249 2194 2473 2267 δηλαδὴ.
2511 2193 2593 2247 ὅτι
2620 2193 2899 2256 τοιούτους
2928 2193 3077 2264 ἡμᾶς
3109 2191 3510 2258 ἐπιγνώσεσθε,
3540 2189 3672 2254 οῖους

2087 2291 2183 2343 καὶ
2212 2291 2268 2343 αἱ
2292 2288 2575 2341 ἐπιστολαὶ
2602 2287 2760 2359 ἡμῶν
2788 2286 3035 2357 δηλοῦσι,
3067 2289 3162 2340 καί
3190 2286 3220 2340 ό
3251 2284 3537 2358 παρελθὸν
3572 2282 3674 2354 βίος

2087 2383 2373 2451 ἐγγυᾶται.
2417 2399 2436 2432 ι
2479 2382 2576 2435 Ἐκ
2629 2380 2831 2451 μέρους
2868 2399 2887 2432 ι
2926 2380 3035 2451 γὰρ
3067 2396 3087 2432 ι
3118 2380 3400 2449 ἐπέγνωτε
3439 2380 3621 2450 ἡμεῖς·
3649 2395 3665 2428 ι

2087 2476 2392 2543 τουτέστιν,
2444 2474 2828 2546 Ἐπειράθητε,
2882 2475 3042 2546 ἡμῶν
3090 2473 3525 2545 ἐπιδειξαμένων
3559 2470 3672 2541 ὑμῖν

2087 2572 2155 2622 ὲκ
2197 2568 2401 2639 μέρους
2429 2568 2552 2621 τινὰ
2582 2567 2842 2639 ἐναρέτου
2876 2567 2993 2639 βίου
3012 2567 3312 2639 τεκμήρια.
3342 2566 3672 2638 Μετριοφρο-

2090 2661 2200 2715 νῶν
2220 2660 2278 2715 δὲ
2310 2658 2470 2714 τοῦτο
2500 2655 2678 2714 εἶπεν.

2168 2866 2188 2900 ι
2226 2847 2351 2902 Ὅτι
2382 2845 2646 2918 καύχημα
2678 2847 2834 2919 ὑμῶν
2862 2850 3053 2920 ἐσμεν,
3106 2846 3366 2919 καθάπερ
3409 2847 3510 2900 καὶ
3533 2845 3671 2917 ὑμεῖς

401 2963 452 3033 in
502 2961 588 3013 die
639 2953 851 3010 Domini
902 2950 1031 3005 Jesu
1090 2948 1316 3003 Christi.
1367 2965 1386 2999 ι
1448 2945 1589 3013 Quid
1646 2941 1993 3015 agnoscelis?
2091 2943 2127 3014 ἡ

2116 2941 2273 3014 ιμῶν,
2307 2942 2364 2993 ὲν
2397 2943 2464 3013 τῇ
2506 2941 2690 3015 ἡμέρᾳ
2721 2942 2813 2995 τοῦ
2849 2942 3055 3015 Κυρίου
3088 2939 3299 3014 [ἡμῶν]
3339 2940 3521 3014 Ἰησοῦ
3552 2941 3670 3013 Χρι-

400 3032 555 3119 Quod
605 3045 776 3118 gloria
831 3052 1012 3096 vestra
1031 3054 1174 3101 sum,
1202 3040 1301 3092 hoc
1317 3036 1543 3092 esttalis
1565 3049 1706 3100 sum,
1734 3033 1825 3104 qui
1845 3032 1997 3088 vobis
2095 3052 2134 3088 cr

2116 3034 2249 3092 ιτοῦ.
2287 3053 2306 3086 ι
2354 3035 2421 3088 Τί
2448 3035 2823 3105 ἐπιγνώσεσθε
2850 3044 2875 3102 ς’
2904 3036 3029 3089 "Ott
3059 3034 3323 3106 καύχημα
3356 3035 3518 3106 ὑμῶν
3537 3035 3669 3106 εἰμι’

403 3143 751 3199 occasionem
782 3135 853 3191 de
888 3150 973 3190 me
1005 3132 1271 3207 gloriandi
1302 3130 1543 3203 praebere
1575 3144 1819 3200 possum,
1845 3126 1989 3197 quod
2021 3159 2068 3221 ο
2095 3146 2134 3182 τι

2116 3129 2367 3193 τουτέστι,
2396 3128 2657 3193 Τοιοῦτός
2693 3131 2832 3201 εἰμι,
2879 3124 2992 3196 οἷος
3023 3128 3226 3183 διδόναι
3275 3129 3406 3199 ὑμῖν
3431 3128 3670 3200 ἀφορμὴν

399 3235 565 3290 talem
615 3231 825 3287 habetis
864 3228 1170 3291 doctorem,
1213 3225 1303 3295 qui
1349 3222 1483 3279 nihil
1541 3238 1638 3276 vos
1674 3224 1989 3285 humanum,
2101 3242 2134 3279 κ

2116 3226 2430 3296 ιαυχὴσεως
2474 3225 2563 3278 ἐπ’
2592 3224 2737 3294 ἐμοὶ,
2767 3224 2849 3277 ὅτι
2895 3222 3142 3277 τοιοῦτον
3166 3223 3319 3294 ἔχετε
3347 3221 3670 3286 διδάσκαλον,

400 3328 477 3383 nil
518 3327 854 3388 simulatum,
908 3320 982 3375 nil
1021 3317 1309 3376 subdolum
1367 3316 1640 3371 docuerit.
1688 3314 1892 3369 Deinde
1929 3327 1996 3369 ne
2097 3335 2134 3371 οε

2116 3316 2250 3371 mea.
2279 3313 2623 3389 ἀνθρώπινον
2652 3316 2966 3382 διδάξαντα,
3022 3318 3122 3387 οὐχ
3153 3314 3410 3379 ὓπουλον,
3441 3315 3509 3369 οὗ
3544 3314 3673 3368 δολεο

401 3419 545 3477 istud
574 3418 640 3473 de
666 3434 726 3471 se
752 3414 1083 3484 jactabunde
1114 3410 1318 3466 dixisse
1343 3410 1615 3475 videatur,
1648 3420 1993 3463 ccuimuuem
2101 3427 2133 3483 ρ

2116 3410 2218 3467 σόν.
2255 3404 2388 3464 Εἶτα
2424 3410 2511 3463 ἵνα
2568 3409 2644 3482 μὴ
2695 3410 2821 3481 δόξῃ
2861 3410 2992 3481 περὶ
3050 3408 3244 3463 ἑαυτοῦ
3298 3408 3485 3478 λέγειν
3524 3424 3673 3479 μεγα-

402 3511 534 3568 facit
563 3509 963 3582 gloriatiouem,
1005 3503 1262 3574 inquiens
1292 3518 1308 3556 :
1346 3500 1451 3556 Vos
1489 3501 1655 3553 etiam
1691 3513 1809 3552 mea
1840 3496 1996 3552 eritis

399 3605 671 3675 gloriatio.
715 3600 1007 3657 Gloriabor
1056 3598 1202 3654 enim
1252 3595 1396 3666 quod
1442 3591 1755 3660 huiusmodi
1806 3600 1996 3646 nactus

400 3701 501 3756 siut
534 3694 853 3765 discipulos,
878 3692 970 3763 qui
997 3705 1174 3761 neque
1206 3685 1618 3749 concutiantur,
1649 3698 1827 3754 neque
1855 3681 1998 3736 deci-

399 3794 614 3862 piantur
658 3805 688 3842 a
735 3782 1198 3857 pseudapostolis.
1249 3778 1480 3847 Quando
1527 3791 1659 3832 vero
1703 3776 1847 3830 inter
1895 3790 1997 3829 nos

402 3896 590 3939 mutuo
623 3876 1024 3953 gloriabimur?
1057 3874 1376 3930 Etiamnum
1407 3871 1649 3941 quidem,
1681 3868 1778 3924 sed
1822 3868 1994 3939 palis—

402 3978 602 4032 simum
637 3976 690 4028 in
716 3972 803 4025 die
827 3971 941 4024 illa.
975 3967 1146 4022 Hodie
1176 3980 1411 4035 namque
1441 3963 1583 4018 haud
1615 3961 1773 4033 pauci
1809 3959 1997 4015 eonvi-

404 4070 489 4124 cia
521 4078 577 4124 et
623 4063 914 4137 opprobria
962 4075 1083 4130 qua:
1127 4076 1227 4115 nos
1275 4059 1631 4121 sustinemus,
1686 4054 1894 4118 vident,
1931 4066 1997 4107 ac

405 4163 638 4219 fortasse
671 4155 1083 4213 calumniantur
1142 4166 1243 4208 nos
1277 4167 1297 4208 :
1340 4159 1455 4204 tum
1498 4162 1650 4215 vero,
1681 4147 1772 4202 ubi
1800 4155 1994 4202 cuncta

406 4255 644 4311 revelata
673 4250 898 4315 fuerint,
928 4244 1156 4301 videbor
1180 4254 1235 4299 et
1263 4240 1424 4315 24⁸1
1448 4255 1571 4312 ego,
1594 4239 1735 4308 quod
1761 4254 1866 4294 non
1894 4239 1995 4295 sim

408 4350 556 4411 talis,
586 4344 803 4415 qualem
844 4336 1253 4413 pseudapostoli
1297 4334 1722 4392 calumniantur.
1759 4333 1869 4389 Vos
1897 4348 1997 4386 au-

406 4448 517 4497 tem
566 4438 817 4511 gloriatio
852 4444 1039 4490 nostra
1074 4432 1250 4499 eritis,
1290 4427 1435 4499 quod
1471 4426 1859 4497 impostoribus
1887 4441 1995 4481 non

407 4533 680 4603 conjuncti
728 4529 929 4587 fuistis.

484 4627 645 4681 Vens.
680 4624 768 4679 15.
808 4640 827 4674 ι
865 4623 931 4677 Et
972 4620 1076 4677 hac
1109 4616 1302 4675 ﬁducia
1340 4614 1480 4673 volui
1522 4615 1675 4686 prius
1712 4614 1899 4671 venire
1931 4613 2001 4669 ad

408 4733 526 4773 vos.
565 4736 584 4771 ι
625 4716 810 4784 Quali,
844 4729 1050 4785 quaeso,
1092 4709 1330 4767 ﬁducia?
1366 4708 1519 4778 Quod
1549 4709 1684 4766 nihil
1715 4708 1846 4765 mihi
1876 4707 2001 4763 mali

409 4811 665 4867 conscius
698 4810 826 4877 sim,
879 4806 1024 4879 quod
1073 4804 1329 4877 gloriatio
1368 4814 1550 4861 vestra
1597 4804 1726 4868 sint,
1757 4801 1901 4872 quod
1947 4798 2001 4854 in

409 4902 613 4959 carnali
655 4901 921 4972 sapientia
972 4912 1078 4953 non
1131 4897 1234 4952 sim
1277 4906 1555 4962 versatus,
1591 4893 1687 4951 sed
1737 4893 1791 4949 iu
1826 4890 2002 4962 gratia

414 4996 531 5061 Dei,
567 4996 822 5066 quodque
868 5009 968 5050 vos
999 4993 1195 5049 horum
1244 4991 1491 5047 omnium
1532 4998 1699 5044 testes
1747 4985 2000 5041 habeam.

358 5142 362 5148 .
409 5091 643 5161 Propter
674 5090 790 5144 haec
817 5088 1001 5158 igitur,
1039 5084 1242 5156 inquit,
1282 5102 1301 5136 ι
1345 5082 1492 5140 volui
1523 5084 1715 5137 venire
1742 5080 1808 5136 ad
1834 5093 1950 5134 vos.
1983 5095 2005 5131 ι

422 5270 423 5273 “
487 5291 507 5327 ι
559 5271 631 5328 ιιι
685 5271 982 5328 secundam
1027 5267 1259 5339 gratiam
1299 5264 1599 5321 haberetis.
1654 5283 1674 5318 ι
1731 5261 1861 5319 “ac
1904 5271 2009 5330 est,

411 5366 607 5436 duplex
638 5364 918 5435 gaudium,
952 5371 1067 5417 tum
1107 5360 1162 5417 id
1195 5360 1341 5430 quod
1376 5357 1606 5427 contigit
1647 5372 1746 5425 per
1775 5348 2035 5425 priorem"

408 5456 735 5526 Epistolalu,
767 5464 878 5509 tum
910 5454 1037 5509 illud
1061 5456 1204 5524 quod
1229 5448 1510 5522 accepturi
1542 5449 1674 5505 estis
1698 5460 1792 5518 per
1814 5446 2011 5502 adven-

412 5556 529 5605 tum
560 5563 760 5603 meum.

2022 4512 2079 4574 D

2104 3503 2323 3573 λαυχῶν
2355 3504 2423 3566 ³⁷,
2459 3505 2924 3558 κοινοποιείταιτδ
2950 3504 3233 3575 καύχημα,
3268 3502 3362 3555 καί
3392 3520 3579 3573 φησιν,
3602 3503 3669 3555 ὅτι

2104 3596 2216 3649 Καὶ
2243 3594 2404 3666 ὑμεῖς
2438 3594 2701 3668 καύχημα
2736 3596 2925 3651 ἔσεσθε
2954 3598 3108 3666 ἐμόν.
3161 3596 3533 3665 Καυχήσομαι
3560 3595 3669 3664 γὰρ,

2098 3689 2181 3742 ὅτι
2204 3688 2464 3744 τοιούτων
2486 3689 2678 3761 ἔτυχον
2709 3690 2993 3762 μαθητῶν,
3027 3690 3102 3761 μὴ
3136 3690 3537 3760 σαλευομένων,
3556 3688 3669 3760 μηδὲ

2099 3780 2624 3853 παραλογιζομένων
2670 3783 2774 3836 ὑπὸ
2811 3783 2921 3835 τῶν
2947 3782 3423 3852 ψευδαποστόλων.
3454 3783 3591 3839 Πότε
3622 3777 3669 3833 δὲ

2099 3876 2185 3928 ἐπ’
2207 3875 2460 3946 ἀλλήλοις
2484 3876 2915 3946 καυχησόμεθας
2949 3877 3059 3929 Καὶ
3091 3874 3186 3929 νῦν
3219 3874 3342 3945 μὲν,
3373 3874 3603 3944 μάλιστα
3624 3871 3670 3925 ιδ

2099 3968 2159 4023 ιν
2181 3968 2247 4037 τῇ
2279 3968 2466 4037 ἡμέρᾳ
2501 3967 2709 4039 ἐκείνῃ.
2739 3966 2853 4019 Νῦν
2885 3968 2984 4037 μὲν
3013 3966 3124 4037 γὰρ
3154 3968 3203 4019 οἱ
3229 3964 3418 4018 πολλοὶ
3454 3965 3526 4017 τὶ
3553 3962 3671 4017 ὀνεί-

2099 4058 2164 4131 δη
2185 4061 2284 4112 καὶ⁵
2310 4061 2381 4113 τὰ
2411 4058 2746 4131 σκώμματα,
2775 4059 2810 4115 ἃ
2827 4059 3369 4131 ύφιστάμεθαήμεῖς,
3386 4057 3575 4131 ὁρῶσι,
3596 4056 3674 4111 καὶ

2103 4152 2234 4217 ἴσως
2276 4152 2662 4207 διαϐάλλουσιν
2689 4154 2873 4226 ἡμᾶς’
2905 4154 3028 4207 τότε
3056 4154 3136 4220 δὲ,
3170 4155 3394 4209 πάντων
3426 4151 3673 4208 ἀνακαλυο

2101 4246 2367 4318 φοέντων,
2404 4247 2719 4318 φανήσομαι
2758 4247 2854 4301 καὶ
2887 4245 3022 4316 ἐγὼ,
3068 4247 3152 4301 ὅτι
3181 4246 3243 4300 οὑ
3272 4245 3537 4312 τοιοῦτος,
3579 4240 3672 4299 οἷον

2099 4343 2149 4395 οἱ
2182 4341 2614 4412 ψευδαπόστολοι
2643 4340 2993 4395 διαϐάλλουσι
3010 4356 3025 4371 ⁸
3056 4341 3152 4394 καὶ
3170 4341 3333 4412 ὑμεῖς
3351 4341 3409 4395 δὲ
3434 4340 3670 4410 καύχημα

2101 4433 2259 4504 ἡμῶν
2289 4431 2501 4499 ἔσεσθε,
2523 4433 2606 4487 ὅτι
2634 4433 2696 4487 ού
2729 4434 2843 4498 τοῖς
2876 4432 3159 4488 ἀπατεῶσι
3194 4433 3580 4507 προσετέθητε.

2185 4633 2204 4667 ι
2235 4615 2344 4668 Καὶ
2367 4612 2543 4687 ταύτῃ
2570 4608 2636 4687 τῇ
2666 4612 2993 4684 πεποιθήσει
3016 4613 3326 4687 ἐϐουλόμην
3356 4615 3528 4670 ἐλθεῖν
3555 4613 3672 4687 πρὸς

2106 4707 2253 4777 ὑμᾶς
2305 4707 2367 4760 τὸ
2394 4707 2684 4779 πρότερον.
2722 4727 2742 4761 ι
2797 4708 2934 4779 Ποία
2968 4707 3336 4779 πεποιθήσει;
3396 4709 3486 4781 Τῷ
3527 4707 3671 4779 μηδὲν

2105 4798 2332 4869 ἐμαυτῷ
2363 4798 2669 4853 συνειδέναι
2705 4799 2965 4872 πονηρὸν,
3009 4799 3090 4871 τῷ
3117 4803 3387 4873 καύχημα
3439 4799 3583 4871 ὑμῶν
3608 4795 3671 4851 εἴ·

2106 4906 2217 4951 ναι,
2255 4889 2335 4961 τῷ
2360 4889 2497 4962 μηδὲ
2527 4892 2585 4944 ὲν
2611 4895 2848 4963 σαρκικῇ
2882 4892 3306 4964 ἀναστραφῆναι
3356 4893 3533 4965 σοφίᾳ.
3555 4888 3670 4944 ἀλλὰ

2106 4984 2166 5035 ὲν
2196 4981 2379 5054 χάριτι
2404 4982 2499 5036 τοῦ
2521 4981 2684 5048 Θεοῦ,
2718 4984 2809 5039 καὶ
2838 4984 2985 5056 ὑμᾶς
3015 4985 3300 5057 μάρτυρας
3322 4986 3464 5058 ἔχειν
3491 4985 3668 5039 τούτων

2106 5076 2348 5129 πάντων.
2385 5076 2486 5130 Διὰ
2513 5075 2693 5130 ταῦτα
2725 5073 2851 5144 οῦν,
2898 5080 3086 5149 φησὶν,
3123 5098 3143 5132 ι
3187 5078 3487 5150 ὲὸουλόμην
3517 5077 3666 5132 ἐλθεῖν

2111 5168 2250 5239 πρὸς
2271 5167 2437 5237 ὑμᾶς.
2479 5186 2499 5221 t

2183 5281 2202 5315 ι
2243 5264 2363 5318 Ἵνα
2396 5262 2661 5336 δευτέραν
2685 5263 2849 5336 χάριν
2890 5263 3076 5337 ἔχητε.
3111 5283 3131 5316 ι
3176 5265 3454 5327 Τουτέστι,
3493 5258 3664 5328 διπλῆν

2108 5356 2304 5428 χαρὰν,
2337 5357 2438 5430 τήν
2473 5373 2533 5410 τε
2560 5357 2651 5412 διὰ
2674 5357 2776 5429 τῆς
2803 5359 3079 5434 προτέρας
3107 5358 3446 5431 Ἐπιστολῆς,
3471 5355 3562 5410 καὶ
3581 5351 3663 5422 τὴν

2107 5449 2196 5503 διὰ
2228 5452 2327 5521 τῆς
2348 5450 2654 5522 παρουσίας
2685 5468 2810 5524 μου.

1781 5680 1987 5746 Variae
2011 5680 2345 5751 lectiones.

484 5815 538 5851 ⁸⁷
572 5812 793 5880 ἀλαζὼν
834 5813 962 5890 περὶ
1009 5812 1206 5870 ἑαυτοῦ
1252 5810 1619 5886 μεγαλαυγῶν
1654 5826 1708 5869 ο.
