3806 6564
437 366 541 430 ει]

1359 369 1932 432 TIIEOPHYLACTI
1975 373 2382 436 BULGARIE
2425 376 2773 441 ARCHIEP.

3551 389 3634 456 812

444 479 721 534 dicturqu
754 477 1084 549 quempiam,
1117 476 1174 533 Si
1204 491 1323 548 qua:
1355 479 1490 533 dicis
1549 494 1652 533 non
1690 491 1815 534 sunt
1849 481 1998 534 ﬁrma

2132 487 2238 539 εἰσὶ
2266 485 2456 551 βέϐαια
2477 528 2493 551 ,
2535 489 2669 541 ἀλλὰ
2714 489 2970 553 πολλάκις
2993 489 3167 560 λέγεις
3194 493 3298 556 ναὶ,
3323 495 3410 547 καὶ
3435 497 3636 566 εὖρίσκε.

436 573 531 627 Sed
583 585 726 640 smpe
769 571 902 624 diris
965 585 1070 635 nar,
1136 578 1191 624 et
1257 570 1530 624 invenitur
1602 588 1730 637 non,
1820 573 2017 626 metui-

441 677 558 715 mus
587 675 653 716 ne
679 677 784 730 quo
817 661 971 716 modo
1007 671 1063 716 et
1093 675 1274 717 sermo
1305 672 1427 716 tuus
1450 670 1504 716 et
1549 665 1861 732 pra=dicatio
1896 666 2020 720 talis

439 754 529 818 sit,
570 768 762 820 nempe
801 768 881 805 nae
919 761 1128 817 etnon,
1179 753 1283 806 hoc
1324 763 1428 820 est,
1484 754 1799 809 inconstans
1847 770 1901 809 et
1932 757 2016 809 in-

437 843 664 896 suahilis.
698 841 847 897 lianc
893 844 1054 914 igitur
1095 843 1415 911 dissolvens,
1456 843 1607 911 Quod
1637 847 2017 915 promiseram,

435 936 630 1003 inquit,
665 938 849 989 venire
881 937 946 990 ad
988 951 1108 1000 vos,
1151 951 1328 990 meum
1373 949 1514 997 erat,
1553 939 1693 992 unde
1731 947 1786 992 et
1827 953 1854 991 a
1889 954 2016 1008 pro-

436 1030 610 1096 posito
639 1029 832 1082 decidi.
857 1029 1182 1083 Przedicatio
1204 1038 1382 1082 autem
1421 1028 1513 1083 Dei
1539 1039 1642 1091 est,
1676 1038 1730 1083 et
1764 1044 1887 1098 qua:
1924 1030 2014 1084 Dei

434 1130 557 1174 sunt
588 1119 774 1176 fallere
815 1135 920 1175 non
957 1130 1182 1190 possunt
1217 1138 1231 1174 ε
1265 1131 1547 1191 pr0pterea
1597 1122 1761 1175 etiam
1820 1123 2014 1192 inquit,

439 1232 456 1264 ι
505 1213 705 1269 Fidelis
746 1223 829 1268 est
865 1215 1024 1277 Dens,
1062 1233 1079 1264 ι
1117 1215 1216 1267 hoc
1246 1222 1350 1279 est,
1383 1228 1566 1268 verus.
1596 1212 1854 1279 Proinde,
1887 1213 2014 1283 quia

435 1312 592 1362 verus
619 1316 720 1372 est,
762 1321 936 1376 neque
965 1307 1184 1360 verbum
1227 1306 1395 1374 ipsius
1425 1322 1548 1374 erga
1583 1321 1702 1372 vos,
1736 1308 1879 1376 quod
1919 1321 2018 1362 nos

433 1403 863 1472 prmdicavimus,
894 1403 1210 1457 inconstans
1245 1411 1298 1458 et
1337 1402 1588 1457 instabile
1625 1403 1750 1467 erit,
1793 1411 1850 1457 ut
1881 1401 2016 1457 alias

429 1491 648 1562 quidem
681 1492 752 1546 sit
781 1506 884 1556 me,
916 1491 1050 1546 alias
1088 1504 1214 1546 vero
1245 1507 1373 1546 non.

504 1579 670 1636 Vrsas.
697 1582 783 1638 19.
837 1601 856 1634 ι
897 1582 988 1636 Dei
1034 1583 1182 1637 enim
1216 1583 1385 1638 Filius
1421 1581 1578 1637 Jesus
1607 1582 1879 1648 Christus,
1921 1584 2010 1654 qui

431 1675 485 1729 lu
521 1676 673 1730 vobis
697 1685 776 1730 est
809 1690 905 1746 per
929 1689 1026 1730 nos
1049 1676 1392 1746 praedicatus,
1417 1690 1512 1746 per
1538 1691 1622 1730 me
1651 1685 1704 1732 et
1733 1677 2011 1731 Silvanum

429 1780 484 1820 et
525 1767 894 1833 Timotheum,
937 1781 1040 1822 non
1076 1766 1178 1822 fuit
1213 1784 1294 1822 na:
1333 1778 1387 1821 et
1435 1782 1564 1834 non,
1601 1769 1692 1822 sed
1737 1783 1821 1823 nas
1855 1770 1906 1824 in
1949 1783 2013 1824 eo

2127 593 2216 629 ται
2249 577 2331 644 οὒ,
2376 579 2696 650 δεδοίκαμεν
2739 583 2938 652 μήπως
2992 583 3084 636 καὶ
3116 584 3144 635 6
3171 583 3322 651 λόγος
3361 603 3446 639 σου
3486 592 3562 643 καὶ
3595 594 3639 647 τὺ

2129 673 2390 740 κήρυγμα
2424 671 2662 726 τοιοῦτόν
2687 674 2822 740 ἐστι,
2861 674 2949 725 ναὶ
2994 676 3082 727 καὶ
3107 674 3166 727 οῦ
3187 691 3202 706 ο
3233 677 3490 732 τουτέστιν
3509 682 3637 738 ἄστει.

2126 777 2217 814 τον
2247 763 2339 814 εεαὶ
2366 762 2641 819 ἀϐέϐαιον.
2668 765 2836 832 Φησὶν
2862 761 2954 818 οὖν
2976 765 3114 819 λύων
3140 767 3360 837 ταύτην,
3389 771 3462 822 ὁτι
3487 772 3539 824 τδ
3565 776 3638 842 μὲν

2127 855 2557 922 ἐπαγγείλασθαι
2612 855 2784 909 ἐλθεῖν
2841 858 2972 928 ἐμὸν
3011 854 3099 925 ἦν,
3128 861 3209 912 δι’)
3254 861 3344 913 καὶ
3384 862 3637 934 ἀπέτυχον⁸

2125 946 2189 998 τὸ
2218 946 2273 998 δὲ
2321 947 2583 1018 κήρυγμα
2641 950 2735 1002 τοῦ
2787 950 2923 1002 Θεοῦ
2955 951 3090 1015 ἐστι,
3150 952 3243 1004 καὶ
3273 955 3526 1023 ἀμήχανον
3556 957 3640 1010 tita-

2123 1037 2428 1105 ψεύσασθαι
2453 1039 2522 1091 τὰ
2542 1038 2632 1092 τοῦ
2649 1039 2784 1092 Θεοῦ
2805 1041 2908 1106 ’,διὸ
2934 1042 3024 1094 καὶ
3045 1043 3147 1113 ἔφη
3175 1060 3185 1069 ·
3218 1062 3234 1092 ι
3249 1044 3431 1107 Πιστὸς
3453 1046 3640 1112 ὁΘεδς,ιι

2125 1128 2429 1193 τουτέστιν,
2460 1128 2688 1199 ἀληθής.
2723 1131 2909 1193 Ὥστε,
2937 1134 3057 1184 ἐπεὶ
3089 1133 3294 1203 ἁληῡής
3320 1136 3474 1198 ἐστιν,
3499 1137 3596 1189 οὒδέ
3619 1140 3641 1191 6

2124 1216 2278 1285 λόγος
2324 1220 2489 1272 αὑτοῦ
2541 1221 2568 1272 6
2613 1222 2750 1290 πρὸς
2799 1223 2965 1292 ὑμᾶς,
3013 1222 3070 1276 δν
3121 1226 3279 1294 ἡμεῖς
3329 1227 3642 1299 ἐκηρύξαμεν,

2124 1309 2353 1375 data-:6;
2384 1313 2501 1365 ἐστι
2537 1312 2633 1365 καὶ
2663 1313 2941 1381 ἀϐέϐαιος,
2976 1317 3072 1370 καὶ
3100 1319 3230 1369 ποτέ
3269 1319 3383 1386 μὲν,
3419 1318 3516 1384 ναὶ,
3545 1325 3644 1376 ποτέ

2123 1400 2199 1464 δὲ,
2233 1399 2313 1455 οὔ.

2199 1598 2217 1631 ι
2262 1581 2320 1633 '0
2349 1580 2458 1652 γὰρ
2485 1581 2577 1635 τοῦ
2607 1581 2744 1636 Θεοῦ
2777 1584 2901 1646 Υίὸς
2941 1583 3146 1654 Ἰησοῦς
3176 1585 3464 1655 Χριστὸς,ὁ
3483 1589 3530 1642 ἐν
3545 1590 3645 1659 ὑμῖν

2121 1672 2190 1724 δι’
2217 1672 2374 1743 ἡμῶν
2395 1675 2711 1745 κηρυχθείς,
2747 1675 2814 1729 δι’
2841 1675 2973 1745 ἐμοῦ
3007 1678 3101 1730 καὶ
3149 1676 3436 1732 Σιλουανοῦ
3465 1683 3545 1735 καὶ
3571 1683 3644 1736 Τι-

2127 1761 2347 1831 μοθέου,
2379 1763 2480 1816 οὐκ
2509 1765 2725 1832 ἐγένετο
2755 1765 2842 1818 ναὶ
2895 1766 2989 1820 καὶ
3019 1763 3102 1833 οὒ,
3158 1767 3294 1822 ἀλλὰ
3318 1770 3402 1821 ναὶ
3440 1770 3490 1822 ἐν
3528 1771 3644 1840 αὐτῷ

432 1857 550 1912 fuit.
583 1877 602 1911 ι
635 1858 898 1929 Deinceps
930 1860 1062 1914 dicit
1096 1860 1270 1925 qualis
1302 1875 1483 1916 sermo
1516 1875 1623 1914 non
1655 1859 1817 1915 fuerit
1854 1877 1936 1915 na:
1964 1869 2007 1918 el

2123 1857 2366 1924 γέγονεν.
2401 1874 2419 1910 ι
2471 1858 2672 1912 Λοιπὸν
2693 1858 2845 1925 λέγει
2879 1862 3030 1923 ποῖος
3058 1860 3218 1928 λόγος
3246 1861 3344 1915 οὐκ
3369 1861 3557 1931 ἐγένετο
3579 1865 3644 1916 νεὶ

434 1968 561 2005 non.
590 1970 610 2004 ι
645 1951 745 2019 Qui
793 1953 844 2006 in
891 1951 1045 2008 vobis
1071 1953 1400 2023 praedicatus
1429 1961 1532 2019 est,
1569 1969 1674 2006 non
1712 1952 1812 2008 fuit
1841 1969 1924 2009 na:
1968 1967 2021 2011 et

433 2060 561 2109 non,
601 2064 620 2098 ι
654 2047 752 2100 hoc
779 2055 880 2112 est,
915 2061 1024 2101 non
1053 2047 1153 2100 hoc
1179 2047 1395 2116 quidem
1420 2061 1562 2100 nunc
1595 2047 2016 2117 praedicabatur,

431 2151 576 2190 nunc
622 2151 750 2191 vero
780 2137 922 2192 aliud
957 2153 972 2190 :
1014 2151 1203 2192 verum
1239 2153 1320 2190 me
1351 2136 1474 2202 fuit,
1515 2139 1616 2191 hoc
1644 2149 1749 2202 cst,
1785 2137 2020 2194 ﬁrmiter

427 2238 481 2279 et
519 2229 842 2282 inconcusse
892 2227 1218 2298 praedicatus
1267 2236 1370 2282 est.
1425 2225 1692 2282 Recensct
1737 2237 1914 2282 autem
1962 2238 2018 2283 et

431 2319 824 2374 nmltitudinem
843 2333 1028 2374 eorum
1050 2319 1139 2390 qui
1165 2321 1617 2389 praedicaverunt,
1643 2321 2014 2375 testimonium

434 2412 539 2464 ﬁde
581 2413 802 2477 dignum
845 2411 1074 2478 faciens,
1122 2427 1184 2466 ac
1219 2412 1579 2467 luimilitatem
1623 2415 1845 2479 docens,
1889 2429 2012 2468 cum

428 2517 558 2557 suos
590 2503 887 2574 discipulos
928 2504 1291 2559 comlomores
1321 2502 1509 2560 faciat.

504 2597 664 2652 Vsus.
709 2597 800 2652 20.
861 2614 880 2648 ι
941 2595 1217 2667 Quotquot
1261 2599 1404 2652 enim
1451 2610 1575 2653 sunt
1618 2600 2011 2669 promissiones

430 2688 548 2754 Dei,
579 2690 630 2742 in
668 2690 783 2758 ipso
813 2699 938 2744 sunt
966 2703 1068 2755 me,
1096 2698 1150 2742 et
1183 2691 1233 2742 in
1260 2689 1378 2760 ipso
1418 2693 1613 2756 Amen,
1664 2694 1770 2748 Deo
1803 2695 1868 2747 ad
1895 2695 2007 2764 glo-

429 2782 562 2834 riam
597 2796 690 2851 per
719 2796 837 2836 nos.
883 2800 906 2833 ι
961 2782 1018 2835 In
1073 2784 1462 2847 praedicatione
1506 2785 1670 2838 multa
1721 2796 1852 2840 sunt
1895 2802 2014 2855 qua:

428 2874 839 2940 proinittuutur,
915 2875 1245 2928 resurrectio
1323 2885 1703 2940 mortuorum,
1777 2876 2011 2931 ﬁliorum

429 2965 670 3034 adeptio,
702 2981 766 3019 ac
809 2963 1130 3033 simpliciter
1183 2980 1308 3034 spes
1332 2965 1496 3020 futuri
1531 2968 1731 3022 saeculi.
1759 2968 1851 3022 Ait
1881 2984 2011 3040 ergo

425 3059 568 3128 quod
606 3074 712 3112 non
743 3057 917 3112 solum
951 3059 1100 3112 verbi
1138 3059 1500 3116 ministerium
1535 3061 1777 3129 adeoque
1813 3060 2010 3130 praedi-

426 3151 570 3205 catio
628 3150 881 3205 similiter
921 3151 1138 3214 habeat,
1181 3165 1247 3205 ac
1300 3151 1531 3205 ﬁrmiter
1582 3153 1869 3221 praedicata
1915 3152 2007 3218 sit,

2126 1947 2219 2000 καὶ
2241 1947 2301 2000 οὗ
2331 1949 2400 2005 ³⁸.
2427 1968 2446 2002 ι
2491 1941 2550 2004 '0
2571 1951 2628 2004 ἐν
2659 1950 2785 2021 ὑμῖν
2808 1952 3099 2022 κηρυχθεὶς
3119 1953 3221 2006 οὐκ
3245 1954 3450 2022 ἐγένετο
3470 1956 3546 2008 ναὶ
3573 1959 3643 2009 καὶ

2121 2037 2182 2091 οῦ
2207 2054 2222 2069 °
2247 2042 2548 2107 τουτέστιν,
2581 2043 2641 2096 οὐ
2672 2041 2769 2095 νῦν
2805 2045 2905 2112 μὲν
2941 2043 3098 2096 τοῦτο
3138 2043 3476 2116 ὲκηρύττετο,
3503 2045 3579 2098 νῦν
3601 2046 3642 2099 δὲ

2120 2131 2278 2186 τοῦτο
2299 2149 2311 2162 ·
2348 2133 2484 2189 ἀλλὰ
2518 2137 2606 2189 ναὶ
2656 2137 2892 2205 ἐγένετο,
2945 2136 3219 2202 τουτέστι,
3267 2136 3485 2208 βεϐαίως
3513 2137 3548 2168 ³¹
3574 2139 3643 2190 καὶ

2120 2224 2589 2294 ἀπαρασαλεύτως
2613 2227 2914 2299 ἐκηρύχθη.
2943 2226 3255 2296 Καταλέγει
3282 2226 3338 2279 δὲ
3374 2225 3459 2280 καὶ
3486 2227 3538 2278 τὸ
3561 2226 3642 2282 τῶν

2120 2315 2476 2386 κηρυξάντων
2510 2318 2735 2390 πλῆθος,
2778 2319 3097 2381 ἀξιόπιστόν
3152 2336 3215 2372 τε
3265 2317 3360 2389 την
3393 2318 3643 2390 μαρτυρίαν

2119 2408 2312 2475 ποιῶν,
2345 2412 2435 2462 καὶ
2468 2412 2968 2484 ταπεινοφροσύνην
3003 2412 3294 2478 διδάσκων,
3324 2412 3401 2465 ὅτι
3427 2411 3534 2474 τοὺς
3550 2412 3644 2464 ἐαυ-

2117 2500 2210 2552 τοῦ
2245 2500 2494 2572 μαθητὰς
2527 2502 2981 2567 συνδιδασκάλους
3007 2507 3273 2558 ποιεῖται.

2196 2609 2221 2666 ι
2245 2591 2406 2643 Ὅσαι
2434 2593 2540 2662 γὰρ
2571 2592 2893 2661 ἐπαγγελίαι
2925 2592 3083 2658 Θεοῦ,
3109 2596 3168 2647 ὲν
3205 2594 3352 2666 αὑτῷ
3379 2594 3436 2648 τὸ
3461 2596 3555 2661 ναί,
3578 2597 3646 2651 καὶ

2117 2683 2175 2736 ἐν
2204 2683 2352 2753 αὐτῷ
2382 2684 2443 2736 τὸ
2487 2684 2680 2756 Ἀμην,
2729 2685 2806 2755 τῷ
2837 2685 2952 2755 Θεῷ
2979 2686 3116 2756 πρὸς
3149 2687 3316 2752 δόξαν
3363 2689 3426 2742 δι’
3454 2690 3597 2759 ἡμῶν.
3626 2707 3640 2739 i

2129 2776 2216 2827 ’Ev
2239 2775 2315 2844 τῷ
2345 2775 2666 2847 κηρύγματι
2702 2778 2875 2830 πολλά
2934 2781 3051 2832 ἐστι
3105 2780 3174 2833 τὰ
3236 2781 3640 2850 ἐπαγγελλόμενα,

2114 2865 2409 2927 ἀνάστασις
2444 2866 2676 2937 νεκρῶν,
2711 2868 2974 2934 υἱοθεσία,
3011 2870 3102 2922 καὶ
3131 2870 3344 2938 ἁπλῶς,
3371 2871 3557 2935 ἐλπίδες
3573 2875 3642 2924 τοῦ

2117 2957 2404 3027 μέλλοντος
2430 2959 2646 3024 αἰῶνος.
2673 2961 2842 3031 Φησὶν
2870 2961 2984 3029 οὖν,
3017 2963 3099 3016 ὅτι
3139 2963 3205 3016 οὐ
3245 2964 3401 3034 μόνον
3431 2963 3484 3016 τὺ
3506 2964 3641 3035 adigu-

2113 3066 2231 3120 γμα
2252 3053 2340 3107 ἀεὶ
2375 3051 2639 3117 ὡσαύτως
2665 3053 2800 3124 ἔχει,
2826 3056 2919 3109 καὶ
2951 3054 3187 3126 βεϐαίως
3225 3056 3511 3127 ἐκηρύχθη,
3535 3056 3639 3110 ἀλλά

2113 3141 2208 3194 καὶ
2228 3144 2284 3194 αί
2311 3144 2368 3196 ὲν
2396 3143 2545 3213 αὐτῷ
2580 3146 2903 3214 ἐπαγγελίαι
2926 3163 2938 3176 ·
2967 3146 3060 3200 τοῦ
3077 3147 3222 3200 Θεοῦ
3254 3147 3361 3219 γάρ
3382 3148 3638 3202 eice/30:1

425 3257 614 3295 verum
643 3244 804 3296 etiam
839 3256 958 3311 quae
1007 3242 1061 3296 in
1118 3242 1231 3314 ipsa
1279 3252 1405 3298 sunt
1459 3245 1862 3314 promissioiies.
1915 3243 2006 3299 Dei

2120 3232 2168 3286 se
2197 3234 2462 3306 ὑπέσχετο
2493 3205 2750 3305 δ’Θεδς-,ι
2773 3242 2832 3293 ἐν
2863 3240 3013 3311 αὑτῷ
3045 3240 3105 3293 τὸ
3120 3241 3238 3307 ναὶ,
3267 3205 3364 3294 ζωὶι
3388 3242 3442 3294 τὸ
3467 3241 3635 3311 ’Λμὴνι

426 3335 573 3389 enim
599 3345 725 3388 sunt
760 3352 774 3387 :
822 3348 1157 3404 quacunque
1201 3345 1376 3388 autem
1404 3336 1656 3406 promisit
1699 3334 1859 3401 Deus,
1897 3355 1915 3389 ι
1954 3339 2007 3392 in

426 3429 542 3497 ipso
569 3443 670 3492 nar,
708 3436 760 3482 et
803 3431 974 3483 Amen
1015 3446 1035 3480 ι
1089 3428 1309 3492 habent,
1345 3429 1394 3483 id
1425 3437 1533 3492 est,
1565 3431 1728 3483 robur
1755 3440 1811 3485 et
1835 3431 2010 3486 stabi-

425 3523 654 3576 litatem.
686 3519 802 3576 Non
831 3521 974 3574 enim
1009 3521 1061 3575 in
1109 3521 1326 3576 homine
1359 3525 1614 3590 quopiam
1649 3523 2007 3593 complentur,

424 3614 516 3664 sed
536 3613 588 3665 iu
613 3613 729 3683 ipso
748 3612 878 3668 Deo.
895 3612 1123 3668 Slabiles
1142 3611 1307 3685 249
1326 3615 1508 3684 itaque
1537 3627 1682 3670 sunt.
1705 3613 2008 3682 Quinetiam

425 3706 491 3758 ad
517 3704 743 3775 gloriam
783 3704 898 3774 eius
928 3705 1154 3760 faciunt.
1181 3705 1401 3760 Etiamsi
1437 3707 1580 3759 enim
1605 3708 1672 3762 ob
1707 3707 1836 3762 nihil
1864 3708 2010 3764 aliud

427 3814 674 3864 prorsus,
718 3799 788 3853 ob
830 3814 984 3853 suam
1022 3807 1200 3852 tamen
1240 3799 1407 3867 ipsius
1442 3799 1670 3867 gloriam
1707 3801 1842 3855 Deus
1883 3817 2010 3871 pro-

425 3891 715 3946 missioues
740 3905 865 3945 suas
886 3889 1200 3960 complebit.
1234 3889 1515 3955 Quomodo
1557 3907 1684 3946 vero
1717 3891 2012 3960 complebit

425 3985 556 4038 eas?
588 4001 608 4035 ι
638 3982 744 4037 Per
773 3997 890 4044 nos,
924 3999 942 4034 ι
979 3983 1081 4038 Ιιοε
1109 3993 1212 4050 est,
1247 3999 1340 4052 per
1372 3984 1636 4039 beneﬁcia
1658 4000 1776 4054 qua-
1812 3983 1865 4037 in
1915 4000 2014 4041 nos

426 4079 515 4134 ille
542 4076 770 4133 coulert.
811 4075 923 4132 Nos
969 4075 1112 4131 enim
1143 4077 1242 4148 ipsi
1282 4094 1466 4131 sumus
1512 4079 1726 4133 occasio
1767 4094 1867 4134 sua
1914 4079 2015 4132 im-

431 4171 612 4240 plendi
655 4169 944 4240 promissa,
983 4170 1073 4238 qui
1109 4170 1368 4240 promissa
1401 4170 1719 4239 aceipimus.
1768 4170 1921 4237 Quod
1965 4171 2011 4226 si

433 4265 826 4330 prom’issiones
860 4260 954 4316 Dei
993 4260 1161 4314 [inme
1193 4271 1339 4319 sunt.
1381 4260 1549 4313 multo
1591 4260 1760 4328 magis
1794 4260 1930 4330 ipse,
1960 4268 2016 4314 et

428 4359 519 4426 qui
582 4356 648 4410 de
701 4359 818 4426 ipso
877 4364 962 4411 est
1013 4368 1213 4416 sermo,
1265 4353 1369 4406 erit
1423 4354 1632 4407 ﬁrmus.
1673 4350 1789 4418 Vel,
1847 4370 1867 4404 ι
1917 4368 2015 4425 per

429 4463 550 4514 nos,
592 4468 611 4500 ι
655 4448 812 4502 aliter
848 4457 933 4503 est
975 4445 1372 4514 accipiendum,
1423 4445 1524 4500 hoc
1551 4455 1655 4510 est,
1684 4447 1750 4500 ad
1785 4446 2011 4517 gloriam

2109 3325 2329 3396 ἔχουσι·
2367 3330 2648 3396 τουτέστι,
2699 3330 2760 3383 τὸ
2797 3330 3036 3402 βέϐαιον.
3065 3333 3142 3386 Οὐ
3197 3336 3308 3406 γὰρ
3344 3335 3398 3386 έν
3441 3351 3531 3387 τινι
3559 3332 3638 3386 τῶν

2109 3421 2412 3492 ἀνθρώπων
2447 3423 2804 3494 πληροῦνται,
2831 3425 2946 3479 ἀλλ’
2982 3428 3042 3480 ἐν
3072 3427 3228 3498 αὑτῷ
3257 3428 3334 3500 τῷ
3363 3427 3503 3498 Θεῷ·
3531 3425 3637 3479 ὥστε

2111 3511 2304 3577 βέϐαιά
2333 3516 2492 3569 είσιν.
2543 3516 2702 3570 Ἀλλὰ
2733 3518 2826 3570 καὶ
2859 3517 2993 3589 πρὸς
3022 3517 3180 3583 δόξαν
3215 3519 3382 3574 αὑτοῦ
3419 3521 3541 3573 εἱσι·
3571 3517 3637 3570 καὶ

2111 3605 2350 3669 πάντως,
2383 3607 2430 3658 εἰ
2458 3607 2550 3660 καὶ
2583 3607 2658 3680 μὴ
2693 3609 2782 3662 διά
2804 3627 2854 3662 τι
2881 3611 3031 3672 ἄλλο,
3063 3611 3148 3664 διὰ
3181 3611 3320 3680 γοῦν
3346 3613 3437 3682 τὴν
3475 3612 3637 3665 οίκείαν

2109 3695 2266 3759 δόξαν
2304 3697 2333 3750 6
2363 3697 2495 3762 Θεὸς
2521 3701 2619 3763 τὰς
2667 3701 2836 3754 αὑτοῦ
2901 3703 3242 3771 ἐπαγγελίας
3304 3703 3554 3774 πληρώσει
3585 3701 3634 3752 ³¹.

2113 3787 2238 3852 Πῶς
2261 3788 2316 3841 δὲ
2351 3791 2630 3862 πληρώσει
2673 3793 2911 3860 ταύτας;
2963 3813 2981 3846 ι
3006 3795 3086 3847 Δι’
3115 3796 3280 3865 ἡμῶν
3303 3813 3315 3828 ·
3347 3815 3366 3849 ι
3417 3795 3635 3853 τουτέστι,

2109 3877 2198 3934 διὰ
2235 3881 2345 3935 τῶν
2375 3884 2511 3953 πρὸς
2544 3884 2691 3952 ἡμᾶς
2739 3885 3094 3954 εὐεργεσιῶν.
3162 3886 3361 3956 Ἡμεῖς
3386 3885 3486 3955 γάρ
3511 3887 3637 3952 ἐσμεν

2111 3971 2258 4044 αὐτῷ
2283 3973 2557 4045 πρόφασις
2591 3975 2685 4028 τοῦ
2719 3975 2960 4046 πληροῦν
2999 3977 3097 4041 τὰς
3127 3979 3476 4046 ἐπαγγελίας,
3503 3977 3545 4028 οί
3574 3974 3638 4026 δε-

2110 4067 2333 4136 χόμενοι
2359 4068 2426 4120 τὰ
2455 4068 2928 4138 ἐπαγγελλόμενα.
2962 4068 3022 4120 Εί
3069 4071 3250 4122 τοίνυν
3293 4072 3347 4124 αἱ
3369 4066 3638 4136 ἐπαγγελίαι

2110 4160 2204 4213 τοῦ
2223 4160 2361 4212 Θεοῦ
2385 4159 2600 4231 βέϐαιαί
2615 4162 2740 4221 είσι,
2769 4159 2949 4231 πολλῷ
2973 4159 3174 4230 μᾶλλον
3195 4162 3361 4224 αὐτὸς
3388 4161 3474 4214 καὶ
3502 4152 3641 4226 ὅπερ.

2111 4257 2276 4311 αὑτοῦ
2300 4256 2456 4326 λόγος
2484 4257 2636 4312 ἔσται
2683 4256 2920 4328 βέϐαιος.
2958 4257 3027 4309 Ἦ
3059 4255 3139 4319 τὸ,
3173 4273 3192 4306 ι
3216 4257 3300 4308 Δι’
3342 4255 3543 4325 mtiliti,»
3570 4247 3640 4302 xxi

2113 4349 2285 4414 ἄλλως
2319 4350 2620 4414 ἐκληπτέον
2645 4366 2659 4380 ο
2709 4349 2982 4413 τουτέστι,
3015 4347 3152 4416 πρὸς
3189 4345 3352 4411 δόξαν
3378 4344 3521 4410 Θεοῦ,
3565 4339 3639 4409 τὴν

2112 4443 2178 4498 δι’
2226 4445 2386 4516 ἡμῶν
2445 4443 2594 4514 αὐτῷ
2651 4441 3070 4516 προσαγομένην
3096 4440 3142 4474 ³⁸
3170 4457 3183 4471 ·
3224 4440 3295 4494 δι’
3370 4442 3515 4512 ἡμῶν
3556 4435 3638 4503 γὰρ

433 4543 548 4608 Dei,
619 4555 734 4610 quae
783 4555 880 4610 per
917 4555 1015 4594 nos
1069 4539 1168 4608 ipsi
1197 4546 1279 4593 est
1306 4539 1482 4592 oblata
1509 4557 1527 4592 ι
1568 4553 1666 4608 per
1725 4553 1824 4594 nos
1864 4540 2007 4594 enim

2120 4537 2416 4604 δοξάζεται.

425 4631 776 4704 glorificatur.

509 4730 671 4783 Vens.
704 4727 796 4792 2t,
855 4726 948 4781 22.
995 4743 1014 4778 ι
1061 4725 1161 4793 Qui
1209 4734 1385 4779 autem
1431 4723 1718 4780 conﬁrmat
1769 4739 1867 4780 nos
1911 4739 2009 4780 vo—

427 4823 638 4877 biscum
690 4821 743 4874 in
787 4819 1088 4883 Christum,
1130 4829 1185 4872 et
1231 4817 1324 4886 qui
1369 4817 1522 4870 unxit
1549 4831 1666 4882 nos,
1715 4815 1855 4870 Deus
1881 4824 2005 4870 est:

425 4918 517 4985 qui
564 4925 616 4968 et
643 4913 874 4982 signavit
904 4927 1022 4976 nos,
1051 4921 1104 4964 et
1133 4909 1280 4964 dedit
1313 4911 1506 4978 pignus
1532 4907 1768 4976 Spiritus
1800 4909 1850 4962 in
1880 4922 2006 4962 cor-

427 5010 587 5062 dibus
611 5007 830 5061 nostris.
867 5023 886 5057 ι
926 5005 1101 5074 Supra
1130 5003 1272 5059 dixit
1295 5003 1435 5072 quod
1467 5000 1606 5056 Deus
1643 5001 1858 5070 impleat
1886 5015 2008 5069 pro-

430 5102 747 5155 missiones:
773 5099 884 5170 jam
909 5099 1198 5153 confirmat
1244 5097 1366 5158 hoc,
1393 5094 1542 5159 Quod
1586 5109 1702 5157 vos,
1730 5094 2003 5163 inquiens,

427 5205 480 5248 et
521 5206 619 5262 ego
657 5192 846 5246 doctor
870 5199 1072 5255 vester,
1116 5190 1345 5242 tirmiter
1386 5195 1588 5239 stemus
1629 5184 1681 5236 in
1731 5184 1835 5237 [ide
1874 5199 2004 5253 erga

426 5261 728 5354 Chi-istum,
770 5290 883 5355 ipse
924 5286 1090 5350 dedit,
1128 5284 1220 5354 qui
1252 5289 1306 5336 et
1336 5280 1490 5335 unxit
1517 5294 1617 5332 nos
1647 5288 1701 5332 et
1727 5279 2000 5346 signavit:

428 5385 532 5437 hoc
577 5393 678 5443 est,
723 5381 1040 5452 prophetas,
1079 5375 1394 5432 sacerdotes
1428 5384 1482 5426 et
1529 5385 1679 5440 reges
1718 5385 1818 5425 nos
1853 5369 1998 5426 fecit.

427 5473 575 5529 Talis
625 5475 770 5529 enim
826 5483 909 5526 est
955 5469 1329 5539 unusquisque
1379 5465 1468 5534 qui
1527 5464 1834 5533 baptizatus
1870 5479 1998 5519 eSI:

427 5582 623 5637 nempe
655 5564 936 5637 propheta,
966 5562 1162 5634 quippe
1189 5558 1279 5630 qui
1311 5557 1502 5610 viderit
1532 5570 1649 5624 quae
1675 5556 1861 5611 oculus
1893 5571 2000 5610 non

2183 4739 2203 4772 ι
2239 4719 2300 4774 Ὀ
2329 4719 2386 4774 δέ
2439 4716 2674 4791 βεϐαιῶν
2707 4720 2856 4791 ἡμᾶς
2893 4720 2991 4774 σὺν
3017 4718 3146 4790 ὑμῖν
3188 4717 3270 4779 είς
3311 4710 3544 4786 Χριστὸν,
3565 4701 3638 4759 καὶ

2108 4813 2301 4885 χρίσας
2337 4814 2521 4884 ἡμᾶς,
2579 4813 2750 4878 Θεόςθ
2793 4813 2822 4866 6
2871 4813 2967 4866 ml.
3019 4810 3455 4882 σφραγισάμενος
3503 4800 3636 4872 ἡμᾶς.

2107 4908 2202 4961 καὶ
2227 4905 2348 4970 δοὺς
2371 4907 2462 4959 τὸν
2491 4905 2786 4978 ἀρραϐῶνα
2817 4904 2912 4959 τοῦ
2945 4903 3263 4975 Πνεῦματος
3307 4903 3364 4953 ἐν
3399 4899 3508 4958 ταῖς
3533 4908 3638 4960 καΡ·

2105 4999 2244 5061 δίαις
2273 5000 2449 5069 ἡμῖλν.
2480 5016 2500 5050 ι
2546 4996 2729 5052 Εἰπὼν
2759 4997 3134 5068 ἀνωτέρω,ὃτι
3175 4993 3338 5057 αὐτὸς
3366 4988 3546 5060 πληροῖ
3562 4983 3639 5042 τὰς

2105 5088 2459 5158 ἐπαγγελίας,
2491 5088 2890 5150 κατασκευάζει
2918 5087 3012 5141 νῦν
3041 5086 3219 5151 τοῦτο,
3254 5083 3346 5136 καί
3368 5096 3538 5152 φησιν,
3573 5074 3635 5124 ὅτι

2109 5186 2203 5237 καὶ
2237 5183 2370 5236 αῦτό
2418 5183 2478 5235 τὸ
2533 5180 2766 5252 βεϐαίως
2806 5181 3030 5233 ἑστάναι
3061 5181 3119 5231 ἐν
3171 5180 3239 5248 τῇ
3286 5177 3456 5230 πίστει
3499 5164 3636 5237 τῇεξς

2109 5278 2345 5345 Χριστὸν
2376 5278 2540 5346 ὑμᾶς,
2597 5278 2690 5328 καὶ
2724 5275 2826 5343 ἐμὲ
2849 5273 3013 5328 αὑτὸν
3032 5274 3121 5326 τὸν
3153 5269 3468 5351 διδάσκαλον
3491 5257 3633 5331 ὑμῶν.

2109 5370 2270 5434 αὐτὸς
2303 5369 2505 5435 δίδωσι,
2525 5371 2620 5422 καὶ
2639 5369 2800 5431 αὐτὸς
2829 5367 3046 5438 ἔχρισεν
3069 5368 3216 5436 ἡμᾶς
3235 5367 3326 5418 καὶ
3344 5356 3604 5428 ἐσφράγισε
3620 5363 3632 5376 ⁸

2107 5462 2374 5524 τουτέστι,
2411 5461 2716 5532 προφήτας,
2755 5459 2848 5512 καὶ
2882 5457 3142 5530 βασιλεῖς,
3176 5457 3271 5510 καὶ
3301 5454 3452 5525 ἱερεῖς
3477 5438 3633 5516 εἰργά-

2112 5572 2264 5609 σατο.
2297 5553 2547 5618 Τοιοῦτος
2577 5555 2686 5625 γὰρ
2705 5555 2812 5617 πᾶς
2861 5551 3177 5623 βαπτισθείς
3199 5567 3213 5581 θ
3255 5547 3536 5620 προφήτης,
3574 5533 3632 5593 ibi

1780 5648 1978 5710 Variae
2009 5647 2339 5712 lectiones.

497 5761 544 5793 ³³
575 5761 662 5813 ναὶ
695 5762 786 5813 καὶ
835 5757 896 5812 οὔ
925 5775 934 5787 ·
966 5759 993 5812 ὁ
1039 5756 1148 5827 γὰρ
1181 5752 1306 5816 Υἱὸς
1364 5750 1520 5822 φησὶ,
1577 5751 1670 5804 τοῦ
1707 5752 1866 5818 Θεοῦ,
1915 5754 1942 5804 ὁ
1990 5755 2046 5806 ἐν
2088 5770 2160 5808 ιιι.
2238 5751 2278 5782 ⁸⁸
2318 5749 2582 5820 γενναίως
2613 5764 2664 5806 o.
2744 5749 2788 5780 "
2825 5747 3169 5819 ἐκπληρώσει
3225 5761 3298 5800 ιιι.

429 5835 662 5903 νομένην
698 5847 777 5886 ιιι.

3381 5741 3633 5806 “amne
