3806 6562
106 491 197 555 813
851 485 1261 548 EXPOSITIO
1299 483 1381 546 IN
1416 483 1657 546 EPIST.
1702 482 1766 543 II
1800 483 1897 543 AD
1933 481 2106 545 COR.
2136 507 2200 519 —
2231 481 2391 545 CAP.
2433 480 2482 543 Ι.
3223 478 3331 543 ειι

106 605 212 661 ίδὼν
240 600 270 657 ἃ
293 596 560 670 ὀφθαλμὸς
589 595 688 652 οὐκ
716 590 876 660 εἶδεν,
908 598 1003 651 καὶ
1027 592 1119 661 οῦς
1142 597 1243 651 οὐκ
1270 597 1503 667 ἤκουσεν
1526 612 1538 624 ·
1571 595 1609 647 ίι

1834 593 1918 657 lit,
1978 609 2078 649 nec
2114 593 2262 649 auris
2306 593 2530 651 audivit.
2585 594 2853 652 Sacerdos
2888 593 3073 661 etiam,
3132 605 3190 649 ut
3240 590 3330 666 qui

105 698 231 768 ρεὺς,
263 693 333 756 ὡς
360 691 590 761 ὀφείλων
621 689 814 743 ἑαυτὸν
861 690 1162 760 προσάγειν
1213 687 1408 742 θυσίαν
1439 687 1608 752 ζῶσαι

1828 682 1951 739 beat
1980 684 2216 755 seipsum
2247 684 2443 742 olfcrre
2474 687 2702 744 hostiam
2740 688 3033 753 viventem,
3065 694 3330 756 sanctam,

105 788 263 858 ἁγίαν,
298 782 588 853 εύάρεστον
636 779 715 851 τῷ
746 778 900 851 Θεῷ’
943 780 1037 834 καὶ
1084 779 1364 850 βασιλεὺς,
1407 778 1483 842 ὡς
1511 778 1608 832 Θεο

1832 778 2199 847 neplacentem
2232 777 2363 831 Deo.
2393 776 2529 832 Tum
2568 794 2683 845 rex,
2716 794 2814 835 ceu
2844 780 2937 836 Dei
2964 780 3160 836 summi
3194 781 3335 851 regis

72 910 75 917 ε
102 880 178 933 τοῦ
202 874 578 947 παμϐασιλέως
621 872 735 937 υίὸς
779 872 1041 942 γεγονὼς,
1095 871 1193 926 καὶ
1217 871 1317 939 τῆς
1346 869 1575 940 μελλούσ

1845 868 2188 937 imperatoris
2238 868 2379 923 ﬁlius
2417 867 2615 934 factus,
2648 870 2922 942 t‘uturique
2955 873 3103 943 regni
3138 873 3330 938 hmrcs,

103 968 405 1041 κληρονόμος
441 965 741 1037 βασιλείας,
788 964 884 1018 καὶ
932 964 1010 1028 ὡς
1057 962 1154 1018 νῦν
1186 961 1488 1034 βασιλεύων
1535 961 1606 1014 τῶ

1839 960 1928 1027 qui
1962 974 2105 1014 nunc
2157 970 2345 1031 regnet
2382 962 2799 1033 domineturque
2840 965 2893 1018 in
2920 980 3107 1021 omnes
3142 966 3334 1022 absur-

102 1063 289 1117 ἀτόπων
309 1057 601 1127 λογισμῶν,
626 1056 721 1109 καὶ
742 1053 836 1109 τοῦ
858 1056 1067 1126 κόσμου
1092 1055 1291 1118 παντὸς
1321 1055 1423 1107 ύπε
1434 1053 1605 1124 ρκιίμι

1832 1066 1859 1104 s
1892 1052 2266 1118 cogitationes,
2303 1054 2742 1123 constitutusque
2789 1059 2860 1111 sit
2897 1070 3059 1127 supra
3115 1060 3332 1114 univer-

100 1174 192 1219 νος.
216 1153 415 1222 Ὠσπερ
447 1146 541 1204 οὖν
585 1150 647 1203 τὸ
693 1148 921 1203 παλαιὸν
962 1150 1011 1202 οί
1066 1148 1233 1216 ἱερεῖς
1279 1146 1374 1200 καὶ
1410 1145 1603 1216 paco:

1833 1158 1880 1196 m
1914 1144 2195 1198 minutum.
2235 1143 2466 1201 Perinde
2498 1146 2663 1218 igitur
2707 1159 2761 1202 ut
2795 1149 2935 1219 apud
2985 1150 3212 1219 priscos,
3246 1167 3335 1208 sa-

102 1250 317 1320 ὲχρίοντο
352 1244 427 1315 τῷ
472 1244 669 1314 ὲλαίῳ“
709 1240 852 1295 οὕτω
896 1241 992 1294 καὶ
1038 1240 1133 1293 νῦν
1165 1240 1325 1310 ἡμεῖς
1366 1238 1444 1309 τῷ
1485 1240 1605 1291 Πνει

1831 1235 2006 1290 rdotes
2033 1246 2087 1290 et
2123 1252 2277 1307 rcges
2318 1238 2716 1309 inungebantur
2738 1240 2897 1295 oleo:
2932 1242 3004 1296 ita
3036 1243 3334 1299 etiamnum

106 1357 214 1413 ματι
261 1336 612 1408 ἐχρίσθημεν,
643 1334 825 1397 δόντος
865 1331 962 1386 τοῦ
984 1332 1121 1385 Θεοῦ
1165 1332 1224 1384 ὲν
1252 1332 1373 1393 ταῖς
1402 1328 1609 1398 κα(δίαε

1835 1339 1861 1378 s
1890 1322 2095 1395 Spiritu
2128 1326 2337 1382 inuueti
2375 1342 2565 1383 sumus
2627 1331 2788 1385 dante
2836 1329 2943 1387 Deo
2975 1331 3335 1388 arrhabonem

102 1429 235 1501 ἡμῶν
286 1428 373 1479 τὸν
425 1424 727 1496 ὰρραὃῶνα
778 1423 875 1477 τοῦ
945 1414 1305 1494 Πνεύμστος·
1364 1424 1414 1476 εί
1449 1420 1508 1475 δὲ
1557 1420 1605 1473 τί

1835 1415 1994 1471 iritus
2034 1418 2086 1471 in
2129 1419 2388 1474 cordibus
2422 1423 2643 1476 nostris.
2692 1421 2847 1489 Quod
2888 1426 2933 1479 si
2972 1425 3334 1481 arrhabonem

103 1521 367 1595 ἀρῤαὸὦνα
414 1518 606 1581 ἔδωκε,
636 1515 821 1570 καὶτὸ
867 1516 977 1569 πᾶν
1020 1513 1180 1569 δώσει
1218 1514 1460 1578 πάντως.
1518 1513 1606 1585 Ἀῤ

1835 1512 1929 1576 dit,
1964 1520 2131 1564 tutum
2161 1513 2383 1568 oumino
2410 1514 2574 1568 etiam
2607 1516 2777 1570 dabit.
2829 1516 3205 1573 Arrhabonem
3238 1535 3338 1573 au-

106 1613 296 1687 ραδῶνα
347 1612 403 1666 δὲ
459 1610 613 1678 λέγει
678 1608 748 1661 τὰ
796 1606 892 1661 νῦν
948 1606 1264 1678 χαρίσματα
1328 1606 1424 1660 τοῦ
1474 1605 1609 1660 Πνεύ

1834 1621 1866 1660 u
1896 1605 2131 1677 appellat
2161 1622 2282 1677 quae
2311 1623 2453 1664 nunc
2478 1610 2676 1664 dantur
2706 1611 3040 1667 charismata
3076 1611 3337 1684 Spiritus.

107 1722 268 1778 ματος.
316 1703 408 1757 Ἐκ
470 1703 674 1771 μέρους
728 1700 840 1769 γὰρ
884 1700 1249 1768 γινώσκομεν,
1297 1700 1392 1753 καὶ
1435 1700 1501 1752 ἐκ
1547 1697 1610 1768 μέ

1876 1708 2030 1766 parte
2058 1698 2207 1753 enim
2239 1700 2638 1771 cognoscimus,
2686 1711 2740 1757 et
2778 1718 2843 1758 ex
2874 1716 3027 1774 parte
3056 1704 3343 1776 propheta-

108 1814 208 1869 ρους
236 1791 646 1866 προφητεύομεν
676 1808 691 1822 °
718 1792 839 1846 τότε
862 1790 920 1845 δὲ
961 1790 1021 1844 τὸ
1062 1789 1266 1844 τέλειον
1293 1790 1339 1823 ⁸⁵
1376 1790 1611 1859 ἀποληψί

1840 1804 1884 1842 Is
1922 1805 1934 1841 :
1968 1797 2080 1845 tum
2118 1805 2247 1846 vero
2278 1790 2575 1862 perfectum
2622 1793 3040 1866 absolutumque
3079 1798 3343 1869 percipie-

108 1890 247 1962 μιθα,
293 1890 378 1940 ὅτε
430 1886 882 1956 φανερωθήσεται
936 1885 966 1939 ό
1015 1884 1251 1953 Χριστὸς
1307 1883 1367 1936 ὲν
1411 1884 1483 1960 τῇ.
1524 1882 1611 1947 δόξ

1837 1893 1906 1944 ts,
1940 1880 2158 1949 quando
2184 1882 2623 1939 manifestabitur
2656 1884 2909 1944 Christus
2940 1887 2994 1943 in
3022 1889 3190 1961 gloria
3221 1905 3340 1947 sua.

108 1980 374 2051 αὖτοῦ.Μὴ
396 1979 581 2033 τοίνυν
603 1978 878 2049 νομίζετε,
909 1979 991 2032 ὅτι
1017 1979 1180 2049 ἡμεῖς
1216 1979 1384 2048 ἐσμεν
1409 1977 1459 2029 οί
1491 1977 1611 2041 ἐπαγ

1837 1993 1841 2021 ε
1887 1971 2052 2042 igitur
2099 1974 2438 2030 arbitremini
2493 1992 2591 2033 nos
2646 1992 2766 2033 esse
2813 1979 2906 2050 qui
2967 1981 3340 2050 polliceamur,

106 2074 390 2143 γελλόμενοι
426 2072 580 2141 ὑμῖν,
630 2072 724 2124 καὶ
775 2070 907 2134 ἴσως
951 2068 1289 2139 ψευσόμεθα.
1335 2067 1470 2122 οὐδὲ
1517 2067 1609 2137 γὰρ

1837 2063 2013 2134 inceps
2046 2064 2227 2121 forsan
2265 2068 2554 2124 mendaces
2580 2068 2914 2126 inveniendi.
2948 2072 3167 2130 Minime
3196 2075 3340 2130 enim

110 2165 207 2220 οδδὲ
233 2168 383 2236 ἡμεῖς
417 2167 590 2235 ἐσμεν
631 2163 682 2215 el
724 2162 1076 2233 στηρίζοντες
1120 2162 1287 2233 ὑμᾶς,
1320 2159 1434 2215 ἀλλ’
1468 2162 1497 2214 ὀ
1521 2160 1613 2214 Θεέ

1843 2156 1999 2211 Itium
2045 2172 2143 2212 nos
2169 2172 2358 2213 sumus
2384 2159 2478 2229 qui
2513 2158 2772 2217 fulcimus
2797 2177 2893 2218 vos
2926 2182 2938 2216 :
2988 2179 3174 2220 vermn
3208 2166 3346 2222 Deus

110 2259 188 2312 καὶ
216 2256 626 2325 ὲπαγγέλλεται,
657 2257 751 2310 καὶ
782 2255 1051 2325 στηρίξει,
1080 2256 1177 2307 καὶ
1206 2254 1328 2325 ἐμὲ,
1351 2255 1446 2307 καὶ
1490 2254 1613 2324 ὑμᾶς

1840 2287 1867 2312 η,
1914 2249 2006 2320 qui
2051 2258 2107 2306 et
2155 2251 2445 2322 promittit,
2487 2262 2541 2308 et
2574 2253 2896 2310 ﬁrmatoum
2941 2274 3025 2313 me
3085 2268 3196 2316 tum
3229 2277 3343 2317 vos.

112 2350 253 2414 Δύτὸς
281 2347 369 2402 οῦν
418 2348 606 2419 μέλλει
638 2350 709 2402 τὰ
748 2347 924 2400 πάντα
959 2343 1222 2417 πληροῦν.
1264 2344 1504 2412 Ἔξωθεν
1542 2345 1615 2414 γᾶ

1843 2357 1884 2397 se
1914 2342 2059 2398 enim
2112 2344 2296 2399 omnia
2350 2345 2684 2415 adimplebit.
2740 2348 3048 2405 Subaudire
3095 2353 3239 2408 enim
3294 2366 3346 2410 te

110 2442 311 2509 ὀφείλεις
355 2438 792 2506 συνυπακοῦσαι,
823 2440 907 2493 δτι
939 2438 996 2491 ὐ
1042 2437 1172 2491 τάδε
1212 2436 1309 2492 καὶ
1334 2437 1459 2491 τάδε
1491 2437 1613 2507 ποιή

1842 2442 2002 2498 ortet,
2031 2436 2172 2503 quod
2204 2433 2346 2490 Deus
2385 2435 2498 2490 haec
2530 2447 2585 2491 et
2619 2436 2705 2490 illa
2743 2438 2968 2505 faciens,
3018 2439 3131 2510 ipse
3182 2443 3345 2497 etiam

119 2550 199 2597 σας
225 2533 367 2597 Θεὶς,
419 2533 586 2595 αὐτὸς
618 2531 816 2602 πληροῖ
840 2532 935 2595 τὰς
963 2528 1169 2593 οἰκείας
1199 2527 1543 2598 ὑποσχέσεις.

1199 2527 1543 2598 ὑποσχέσεις.
1766 2524 1994 2594 complet
2026 2527 2270 2597 proprias
2294 2527 2699 2595 promissioues.

175 2642 191 2675 ι
250 2622 380 2690 Ἐγὼ
406 2623 463 2675 δὲ
495 2622 754 2693 μάρτυρα
777 2620 869 2674 τὸν
889 2620 1024 2674 θεὸν
1044 2616 1307 2672 ἱπικαλοῦ
1318 2634 1415 2687 μαι
1440 2618 1532 2670 ἐπὶ
1557 2617 1657 2687 τὴν

1842 2615 2006 2674 Vens.
2041 2616 2134 2672 ‘23.
2199 2634 2220 2668 ι
2252 2616 2365 2687 Ego
2396 2627 2575 2673 autem
2609 2628 2799 2674 testem
2851 2620 3016 2676 Deum
3058 2621 3252 2679 invoco
3292 2624 3345 2681 in

115 2714 230 2788 ἐμὴν
256 2714 448 2787 ψυχὴν,
475 2715 560 2768 ὅτι
610 2714 923 2785 φειδόμενος
964 2712 1135 2784 ὑμῶν,
1167 2710 1351 2765 ούκέτι
1383 2705 1547 2780 ἦλθον
1580 2711 1618 2763 εἰ

1845 2708 2009 2763 imam
2041 2722 2241 2777 meam,
2270 2710 2413 2780 quod
2443 2725 2671 2781 parcens
2707 2713 2882 2778 vobis,
2914 2716 3152 2770 nondum
3183 2731 3348 2774 vene-

117 2806 367 2878 Κόρινθον.
409 2826 429 2860 ι
468 2807 582 2860 Καὶ
629 2804 735 2876 μὴν
757 2805 1017 2875 ἀνωτέρω
1059 2799 1234 2868 εἶπεν,
1266 2804 1348 2858 ὅτι
1382 2803 1481 2856 Διὰ
1505 2802 1620 2859 τοῦτ

1844 2814 1872 2853 n
1902 2797 2248 2854 Corinthum.
2286 2818 2306 2852 ι
2336 2798 2499 2870 Atqui
2532 2814 2694 2870 supra
2726 2801 2886 2868 dixit,
2916 2803 3210 2877 Propterea
3237 2823 3347 2865 non

117 2898 198 2952 sint
232 2894 404 2971 ἦλθον,
457 2899 542 2951 ὅτι
594 2898 697 2950 οὐκ
757 2892 904 2966 εἶχον
942 2894 1196 2959 ἐξουσίαν
1248 2893 1511 2966 ἐμαυτοῦ,
1547 2893 1620 2944 ἀλῖ

1847 2889 1914 2954 ni,
1948 2889 2074 2959 quia
2111 2904 2214 2943 non
2241 2890 2520 2946 habuerim
2552 2893 2655 2948 mei
2686 2893 2858 2964 ipsius
2879 2906 3222 2966 potestatem,
3252 2901 3350 2956 sed

119 2989 205 3042 ὑπὸ
226 2988 312 3043 τοῦ
350 2988 674 3060 Πνεύματος
721 2988 1028 3059 ἐκωλύθην.
1079 2988 1205 3051 Πῶς
1251 2983 1461 3043 οὖννῦν
1493 2986 1614 3056 λέγε

1849 2979 2053 3052 Spiritu
2082 2982 2186 3038 sim
2236 2984 2560 3053 prohibitus.
2609 2984 2710 3052 Qui
2753 2987 2919 3057 igitur
2961 3005 3105 3046 nunc
3149 2993 3246 3059 ait,
3280 2990 3352 3049 Ut

117 3080 184 3135 ὅτι
229 3083 318 3135 Διὰ
368 3081 430 3136 τὸ
484 3081 770 3152 φείδεσθαι
828 3081 983 3152 ὑμῶν
1032 3081 1134 3133 οὐκ
1191 3076 1395 3151 ἦλθον;
1448 3080 1517 3134 Ἦ
1572 3097 1620 3134 κε

1847 3089 2055 3130 rcerem
2083 3075 2239 3131 vobis
2282 3089 2391 3131 non
2422 3077 2585 3133 veni?
2612 3075 2708 3133 Vel
2741 3080 2843 3134 hoe
2872 3082 3046 3152 ipsum
3078 3098 3107 3138 ιι
3141 3083 3349 3157 Spiritu

122 3172 256 3226 τοῦτο
307 3174 433 3227 αὐτὸ
480 3173 578 3227 τοῦ
639 3173 953 3243 Πνεύματος
1016 3169 1102 3243 ἦν.
1162 3172 1235 3225 Τὸ
1277 3173 1386 3243 γὰρ
1445 3171 1625 3241 Πνεῦμ

1847 3176 1934 3220 at:
1969 3167 2203 3238 Spiritus
2226 3170 2371 3225 enim
2400 3169 2450 3225 ei
2482 3171 2749 3243 suggessit
2787 3189 2854 3227 ne
2888 3176 3113 3244 veniret,
3151 3194 3350 3252 propo-

123 3261 357 3317 ύπέὗαλεν
400 3264 549 3335 αὐτῷ
596 3265 673 3335 μὴ
727 3263 1159 3334 παραγενέσθαι,
1213 3265 1312 3335 τὴν
1355 3265 1524 3334 φειδὼ
1568 3266 1626 3335 τίς

1847 3277 1907 3314 ns
1937 3260 2193 3316 nimirum
2225 3271 2281 3317 et
2308 3262 2597 3319 consulens
2622 3281 2730 3335 quo
2756 3266 2838 3322 eis
2868 3280 3054 3337 parcat
3080 3289 3093 3326 :
3118 3272 3203 3328 vel
3225 3277 3350 3345 quia

122 3354 274 3408 αὐτῶν
307 3356 762 3429 προϐαλλόμενον.
824 3357 895 3408 "il
945 3356 1027 3409 ὃτι
1070 3355 1212 3437 κατὰ
1274 3356 1374 3428 μὲν
1407 3355 1506 3428 τὴν
1558 3358 1625 3428 ἀρ

1854 3351 2013 3406 iritus
2040 3353 2273 3422 primum
2302 3354 2615 3419 iuhibuerit,
2654 3369 2777 3427 post
2816 3374 2944 3414 vero
2966 3361 3130 3434 250
3157 3375 3210 3420 et
3237 3365 3353 3437 ipse

121 3443 206 3515 χὴν
226 3447 278 3499 τὸ
304 3447 520 3519 Πνεῦμα
566 3447 829 3514 ἐκώλυεν,
860 3448 985 3501 ῦστε
998 3465 1089 3517 ρον
1126 3433 1191 3502 δὲ
1233 3448 1326 3502 καὶ
1362 3449 1523 3511 αὐτὸς
1547 3450 1618 3503 ἐπ

1845 3460 1955 3499 eum
1980 3446 2312 3515 reputaverit
2330 3447 2408 3502 sic
2432 3447 2623 3503 melius
2644 3463 2785 3517 esse,
2808 3451 3035 3521 ideoque
3068 3433 3348 3514 manserit.

123 3536 476 3611 λογισάμενος,
513 3541 604 3595 ὅτι
648 3539 809 3594 τοῦτο
857 3540 1090 3611 βέλτιον,
1128 3540 1364 3612 ἔμεινεν.
1420 3543 1562 3613 Ὅρα
1611 3542 1626 3595 ί

1853 3537 2108 3607 pientiam
2155 3538 2246 3593 hic
2288 3538 2463 3608 ipsius
2510 3540 2899 3597 animadverte.
2934 3543 3070 3600 Cum
3101 3547 3243 3602 enim
3274 3549 3351 3606 illi

127 3631 209 3699 τὴν
236 3635 415 3703 σοφίαν
446 3634 619 3688 αὐτοῦ
644 3651 658 3665 ⁸
712 3633 934 3705 Ἐπειδὴ
957 3634 1066 3704 γὰρ
1094 3636 1295 3688 ἐκεῖνοι
1325 3634 1535 3704 ἔλεγον,
1584 3635 1630 3688 6-.

1847 3637 2042 3693 :erent,
2087 3626 2381 3698 Propterea
2410 3645 2517 3685 non
2552 3632 2768 3699 venisti,
2803 3635 2969 3704 quod,
3010 3645 3071 3692 ut
3113 3639 3350 3711 videtur,

129 3723 210 3775 Διὰ
246 3726 392 3779 τοῦτο
436 3729 536 3780 οὐκ
587 3722 791 3797 ἦλθες,
837 3726 997 3791 διότι,
1035 3725 1109 3790 ὡς
1141 3726 1341 3790 ἔοικεν,
1396 3727 1632 3797 ἐμίσησα

1847 3720 1956 3775 eris
1983 3734 2112 3787 nos,
2175 3720 2288 3790 ipse
2332 3724 2667 3777 contrarium
2711 3725 2807 3790 ait,
2859 3725 2990 3782 Eam
3020 3730 3092 3784 oh
3131 3746 3350 3788 causam

127 3814 250 3882 ἡμᾶς
271 3832 283 3844 ·
330 3818 485 3882 αὐτὸς
528 3818 849 3872 τούναντίον
894 3819 1085 3890 φησιν,
1117 3819 1201 3872 ὅτι
1236 3818 1335 3872 Διὰ
1367 3819 1527 3873 τοῦτο
1568 3821 1629 3874 ού

1849 3827 1881 3866 n
1915 3811 2037 3867 veni
2070 3811 2137 3866 ad
2170 3827 2288 3873 vos.
2321 3813 2461 3881 quod
2495 3813 2652 3870 vobis
2682 3830 2979 3885 parcerem.
3030 3818 3141 3877 lloe
3172 3832 3350 3879 autem

126 3898 281 3974 ἦλθον,
326 3910 404 3963 ὅτι
451 3910 714 3979 φείδομαι
762 3908 935 3980 ὑμῶν.
982 3909 1153 3964 Τοῦτο
1195 3911 1252 3965 δὲ
1299 3910 1484 3979 λέγει,
1532 3910 1629 3965 διόπ

1853 3901 1965 3967 fert,
1992 3903 2120 3972 quia
2152 3903 2393 3958 nonnulli
2440 3906 2581 3975 apud
2605 3923 2701 3963 eos
2738 3907 2940 3965 fuerint
2969 3926 3261 3983 peccantes
3298 3925 3356 3973 et

128 3988 243 4062 ἦσαν
268 4015 400 4063 τινες
432 4000 561 4073 παρ’
598 4000 784 4064 αὐτοῖς
809 4001 1216 4071 ἁμαρτάνοντες
1244 4001 1312 4066 ³⁵,
1339 4001 1435 4055 καὶ
1463 4004 1537 4072 μὴ
1571 4019 1631 4072 με

1852 3994 2199 4063 poenitenies,
2231 3997 2298 4053 de
2345 3998 2544 4068 quibus
2578 4002 2898 4071 supplicium
2930 4008 3274 4076 sumpsisset,
3306 4011 3352 4067 si

130 4092 481 4158 τανοήσαντες,
528 4087 617 4158 οἷς
641 4092 688 4124 ³⁸
722 4090 1019 4164 ἐπεξῆλθεν
1073 4092 1165 4158 ἂν,
1204 4095 1253 4147 εί
1297 4095 1631 4165 παρεγένετο

1855 4101 1881 4139 n
1910 4086 2233 4142 reformatus
2279 4088 2599 4147 invenisset.
2645 4093 2990 4164 Exspectavit
3029 4099 3193 4168 igitur
3235 4108 3358 4159 tau-

131 4178 210 4231 καὶ
247 4175 395 4252 εὗρεν
444 4183 834 4255 ἀδιορθώτους.
889 4183 1222 4256 Περιὲμενεν
1255 4184 1369 4251 οῦν,
1414 4185 1503 4239 ἴνα
1538 4186 1634 4240 ὅτα

1939 4195 1942 4208 ·
1972 4179 2096 4233 dum
2138 4182 2482 4237 correxerint
2510 4198 2689 4240 mores
2714 4201 2864 4254 suos,
2908 4203 2974 4245 ac
3004 4198 3113 4244 tum
3150 4194 3354 4261 veniat,
3438 4212 3442 4219 ·

134 4266 533 4340 διορθὼσωνται,
564 4275 693 4328 τότε
729 4273 890 4348 ἔλθῃ,
938 4274 1037 4331 καὶ
1072 4276 1148 4349 μὴ
1203 4275 1338 4350 εὕρῃ
1393 4276 1637 4332 κολὰσεω

1332 4297 1338 4350 ι
1393 4276 1668 4343 κολάσεως
1781 4283 1879 4325 nec
1910 4270 2167 4341 puniendi
2200 4272 2541 4333 occasionem
2576 4276 2835 4335 inveniat.

134 4360 372 4435 ἀφορμήν.
1897 4415 1910 4427 .

196 4472 212 4506 ι
247 4458 350 4529 Οὐχ
389 4460 470 4513 ὅτι
510 4459 845 4531 κυριεύομεν
879 4461 1035 4532 ὑμῶν
1072 4463 1169 4533 τῆς
1218 4464 1485 4531 πίστεως,
1532 4464 1669 4519 ἀλλᾶ

1853 4453 2014 4508 Vens.
2055 4453 2145 4509 24.
2195 4473 2213 4506 ι
2268 4455 2384 4511 Non
2429 4460 2574 4528 quod
2605 4460 2948 4519 dominemur
2986 4466 3110 4523 lidei
3139 4480 3356 4541 vestrae,

137 4554 355 4618 συνεργοί
382 4554 551 4624 ἐσμεν
600 4555 699 4624 τῆς
727 4556 903 4626 χαρᾶς
934 4555 1113 4622 ὑμῶν.
1150 4576 1168 4610 ι
1215 4555 1433 4628 Ἐπειδὴ
1470 4559 1637 4613 αύθεν

1854 4544 1874 4599 l
1908 4544 2186 4615 adjutores
2214 4563 2405 4603 sumus
2431 4552 2615 4620 gaudii
2647 4553 2836 4609 vestri.
2887 4575 2907 4609 ι
2948 4557 3083 4624 Quia
3134 4561 3357 4620 videba-

135 4638 600 4714 τικὼτερον“ὲδόκει
623 4646 652 4700 ὃ
683 4644 836 4702 εἶπεν
863 4647 882 4718 (
907 4647 1132 4702 ἐκείνων
1160 4649 1266 4721 γάρ
1297 4667 1377 4714 τις
1406 4651 1638 4720 φείδεται

1854 4653 1871 4689 r
1918 4639 2140 4707 majoris
2183 4643 2524 4697 auctoritatis
2589 4646 2734 4715 quod
2782 4647 2994 4704 dixerat
3039 4652 3166 4713 (illis
3213 4657 3357 4712 euiut

135 4729 211 4796 οὓς
240 4736 450 4793 κολάσαι
495 4739 687 4810 κύριός
720 4743 873 4811 ἐστι)
902 4785 918 4810 ,
951 4742 1247 4815 θεραπεύει
1292 4745 1353 4797 τὸ
1390 4745 1485 4797 τοῦ
1520 4744 1638 4812 λόγο

1859 4729 2050 4799 ispiam
2081 4734 2274 4800 parcit,
2325 4733 2378 4787 in
2403 4749 2540 4804 quos
2566 4739 2822 4807 puniendi
2843 4739 2932 4810 jus
2968 4743 3171 4817 habet),
3197 4762 3358 4818 προ.

138 4827 302 4896 τραχὺ,
348 4830 439 4883 καί
465 4849 652 4903 φησιν,
677 4834 761 4887 ὅτι
791 4829 979 4899 Εἶπον,
1008 4832 1287 4903 φείδεσθαι
1310 4835 1483 4904 ὑμῶν,
1507 4836 1569 4888 ού
1593 4836 1641 4888 δι

1855 4829 1995 4874 atem
2024 4820 2135 4891 jam
2185 4823 2452 4880 orationis
2482 4836 2641 4881 curat
2672 4837 2727 4882 et
2775 4830 2987 4899 mitigat
3033 4834 3188 4890 :Non
3222 4838 3355 4899 dixi,

139 4912 190 4965 τὸ
215 4916 446 4981 ἐξουσίαν
470 4922 616 4994 ἔχειν
636 4925 735 4996 τῆς
758 4925 994 4989 πίστεως
1018 4925 1172 4995 ὑμῶν
1194 4927 1587 4997 (προαιρέσεως
1609 4929 1642 4960 ³⁴

1852 4912 2054 4978 quiens,
2087 4929 2174 4969 me
2205 4915 2357 4971 vobis
2384 4932 2631 4987 parcere,
2654 4934 2722 4975 eo
2749 4926 2892 4991 quod
2921 4925 2993 4980 sit
3026 4928 3156 4981 mihi
3182 4928 3273 4998 jus
3304 4932 3355 4985 in

141 5006 231 5077 γάρ
254 5011 391 5065 ἐστιν
417 5017 450 5086 ἠ
482 5017 690 5082 πίστις,
730 5018 826 5070 καὶ
855 5016 1030 5079 οὐδεὶς
1055 5019 1356 5086 ἀναγκάζει
1384 5019 1644 5074 πιστεῦσα

1856 5018 1942 5058 em
1977 5013 2212 5059 vestram
2244 5007 2461 5078 (libera:
2512 5027 2746 5081 namque
2776 5014 3063 5075 voluntatis
3094 5018 3224 5074 ﬁdes
3253 5030 3356 5084 cst,

144 5096 217 5150 τὸν
248 5102 317 5174 μὴ
361 5107 751 5180 βουλόμενον),
804 5108 942 5163 ἀλλὰ
974 5109 1115 5165 διότι
1162 5111 1196 5181 ἡ
1247 5110 1489 5183 ὑμετέρα
1536 5130 1644 5183 χαρ

1853 5112 1965 5163 εσιυο
2005 5097 2292 5167 quisquam
2335 5102 2481 5171 cogit
2536 5103 2808 5160 uolentem
2857 5108 3141 5178 credere);
3170 5125 3356 5167 verum

147 5187 236 5261 ἐμή
260 5193 413 5261 ἐστιν,
447 5200 546 5253 ούκ
578 5196 766 5271 ἦλθον,
813 5201 897 5254 τνα
930 5201 1006 5273 μὴ
1042 5202 1265 5272 ἐμϐάλω
1291 5203 1436 5274 ὑμᾶς
1466 5205 1545 5268 είς
1584 5204 1645 5258 λύ

1859 5188 1908 5243 ia
1940 5199 2115 5246 vestra
2147 5191 2328 5246 laetitia
2376 5207 2495 5249 mea
2522 5206 2628 5259 est,
2661 5212 2765 5251 non
2797 5202 2939 5266 veni,
2976 5215 3043 5254 ne
3071 5203 3356 5273 conjiciunt

149 5293 256 5347 πην,
280 5288 367 5339 καὶ
393 5288 616 5362 λυπηοῶ
648 5292 825 5361 κάγώ.
857 5294 1043 5348 Πάντα
1073 5296 1181 5366 γὰρ
1207 5296 1513 5366 ἐργάζομαι
1540 5298 1641 5351 ύπὲ

1855 5295 1882 5335 s
1934 5282 1987 5336 iu
2040 5297 2355 5348 maerorem,
2404 5299 2470 5340 ac
2534 5286 2695 5343 simul
2749 5290 3021 5346 vol-iscum
3078 5308 3356 5360 mmream,

149 5371 230 5440 τῆς
259 5382 417 5449 χαρᾶς
447 5382 621 5453 ὑμῶν,
651 5386 743 5437 καὶ
776 5385 865 5437 διὰ
892 5386 1050 5439 τοῦτο
1088 5387 1280 5455 ἔμεινα
1301 5406 1314 5418 ο
1347 5388 1435 5441 ἵνα
1456 5390 1652 5459 ὁιορθω

1857 5376 1982 5427 nnia
2015 5375 2158 5428 enim
2203 5373 2344 5430 facio
2391 5391 2488 5446 pro
2532 5380 2729 5447 gaudio
2774 5391 2974 5449 vestro,
3022 5397 3252 5456 eamque
3290 5391 3360 5443 oh

155 5462 315 5549 θέντας
335 5474 438 5527 ἀπὸ
460 5476 555 5547 τῆς
584 5475 819 5547 ἀπειλῆς
851 5476 1020 5547 μόνης
1052 5476 1250 5550 εὑρὼν,
1271 5478 1513 5542 ἀλύπους
1544 5481 1657 5550 ὑμᾶ

1859 5481 2007 5521 usam
2039 5469 2329 5522 adventum
2359 5483 2538 5523 meum
2567 5462 2774 5537 distuli,
2806 5481 2863 5525 ut
2892 5489 2988 5542 per
3020 5475 3163 5532 solas
3185 5479 3362 5536 minas

156 5553 453 5633 διατηρήσω,
1786 5574 1883 5612 vos
1930 5558 1994 5608 ad
2030 5560 2306 5614 meliorem
2336 5568 2533 5616 statum
2566 5562 2857 5621 translatos
2886 5566 3188 5637 inveniens,
3224 5585 3363 5628 ma:-

1789 5648 1932 5702 ruris
1966 5660 2217 5717 expertes
2244 5663 2577 5707 conservent.

1466 5780 1663 5843 Varia:
1689 5782 2018 5846 lectiones.

224 5879 263 5913 ³³
282 5887 610 5965 συνάλλαγμα
638 5911 692 5952 o.
768 5898 814 5932 ³⁸
845 5898 1184 5971 ἁμαρτόντες
1226 5916 1277 5957 o.
1358 5904 1403 5936 ³⁸
1435 5904 1530 5970 οὓς
1565 5925 1617 5965 ο.
1698 5910 1764 5943 ³³·
1815 5910 2139 5982 προαίρεσις
2162 5925 2216 5967 ο.
