3806 6568
429 291 534 356 819

1358 291 1941 355 THEOPHYLACTI
1978 292 2396 354 BULGARI/E
2436 289 2799 352 ARCHIEP.

3553 294 3639 360 820

428 405 614 459 Stimet
649 401 758 458 sibi
809 403 1094 458 remissam
1133 416 1354 466 noxam,
1399 403 1524 472 quia
1563 405 1696 459 satis
1729 404 2021 461 confessus
2058 415 2099 468 Α

2131 404 2637 475 ὁμολογησάμενος.
2693 403 2789 458 καὶ
2818 403 3153 474 μετανοήσας
3196 401 3522 476 ἀρκούντως·
3564 410 3650 465 δεῖ.

431 495 524 558 sit,
575 501 631 550 et
653 491 981 548 sufﬁcienter
1007 493 1322 562 pmnitentia
1358 494 1575 560 ductus,
1602 497 1838 551 ostendit
1879 499 2021 565 quod

437 604 546 643 non
573 598 778 642 tantum
814 602 877 641 ex
900 588 1219 657 paenitentia
1251 603 1369 654 sua,
1411 599 1672 658 quantum
1705 606 1771 646 ex
1804 590 2020 645 illorum

429 678 782 747 Indulgentia,
815 679 1188 734 dimissionem
1222 681 1470 749 recipiat.

504 787 524 821 ι
551 768 630 825 Ne
656 785 763 838 quo
795 769 953 824 modo
982 769 1362 826 abundantiori
1391 771 1611 826 tristitia
1663 771 2021 827 absorbeatur

432 861 524 930 qni
581 861 892 930 hujusntodi
943 871 1053 918 est.
1113 881 1131 915 ι
1183 861 1434 931 Oportet,
1482 862 1680 934 inquit,
1731 872 1787 916 ut
1842 863 2018 931 ipsum

429 955 610 1008 denuo
635 954 952 1018 assumatis,
997 954 1354 1010 consolentini
1385 965 1442 1010 et
1489 955 1714 1019 curetis,
1751 971 1819 1010 ne
1848 970 1876 1008 a
1919 955 2019 1009 tri-

425 1046 571 1100 stitia
625 1045 777 1100 velut
809 1061 838 1100 a
873 1045 1050 1100 bellua
1083 1048 1342 1116 quadam,
1393 1047 1478 1101 vel
1527 1061 1558 1101 a
1606 1056 1929 1117 tempestate
1964 1057 2018 1103 et

431 1137 672 1208 procella
709 1137 1093 1207 absorbeatur,
1125 1139 1209 1194 vel
1259 1139 1326 1194 ad
1369 1141 1858 1210 strangulationcm
1897 1157 2018 1211 per-

428 1231 635 1296 veniat,
687 1231 855 1287 velnti
890 1231 1082 1294 ludas,
1131 1247 1241 1302 pra:
1278 1233 1700 1304 desperatione;
1744 1234 1826 1288 vel
1881 1234 2017 1290 resi-

427 1325 547 1393 liat,
600 1335 656 1379 ut
705 1335 832 1396 puta
879 1342 986 1382 non
1034 1325 1215 1383 ferens
1244 1341 1309 1382 ex
1347 1327 1706 1383 immoderata
1761 1327 2018 1398 objurga-

421 1419 571 1474 tione
587 1417 848 1484 dolorem,
873 1428 925 1474 ιιι
951 1419 1015 1472 ad
1042 1419 1298 1489 majorem
1323 1421 1582 1475 malitiam
1615 1421 2008 1490 praecipitetur.

418 1508 813 1564 Animadverte
846 1519 1026 1564 autem
1058 1511 1332 1581 quomodo
1383 1511 1546 1566 istum
1586 1512 1637 1565 in
1671 1509 1848 1565 oilicio
1883 1525 2018 1564 con-

423 1601 620 1662 tineat,
657 1615 724 1655 ne
755 1610 874 1671 post
904 1601 1274 1656 dimissionem
1324 1602 1546 1671 segnior
1577 1601 1692 1656 fiat.
1721 1600 1839 1656 Non
1867 1603 2011 1656 enim

423 1691 547 1746 adeo
569 1701 621 1746 te
642 1692 881 1762 suscepi,
914 1693 1108 1763 inquit,
1138 1693 1282 1762 quod
1314 1693 1554 1763 perfecte
1575 1694 1764 1749 sordes
1790 1692 2015 1758 elueris,

2129 513 2320 550 κνυσιν
2347 497 2428 550 ὅτι
2463 496 2526 549 οὐ
2557 495 2814 550 τοσοῦτον
2843 495 2952 549 ἀπὸ
2978 495 3078 564 τῆς
3105 494 3406 566 μετανοίας,
3435 498 3543 553 ὅσον
3568 503 3650 558 ἀπὺ

2126 589 2226 660 τῆς
2251 589 2434 644 αὐτῶν
2463 588 2710 661 χάριτος,
2746 587 3015 660 λαμϐάνει
3042 589 3143 661 τὴν
3173 588 3383 658 ἄφεσιν.

2203 787 2222 820 ι
2285 771 2502 840 Μήπως
2560 772 2625 842 τῇ
2688 776 3058 842 περισσοτέρᾳ
3116 768 3264 844 λῦπῃ
3328 776 3582 849 καταποθῇ
3631 783 3652 835 ὁ

2125 861 2392 926 τοιοῦτος.
2438 883 2456 914 ι
2493 865 2585 916 Δεῖ
2627 863 2793 916 αὑτὸν
2823 862 3250 935 προσλαϐέσθαι,
3293 865 3439 932 φησὶ,
3467 867 3547 920 καὶ
3570 887 3653 925 πα.

2128 955 2455 1024 ρακαλέσαι,
2484 954 2578 1006 καὶ
2609 952 2974 1025 θεραπεῦσαι,
3000 954 3088 1009 ἵνα
3111 953 3188 1026 μὴ
3212 956 3482 1028 καταποθῇ
3503 959 3654 1031 ὥσπερ

2136 1048 2242 1100 ὑπὸ
2287 1045 2480 1117 θηρίου
2531 1047 2698 1111 τινος,
2755 1047 2787 1117 ἢ
2840 1047 2950 1100 ὑπὸ
2979 1047 3244 1118 χειμῶνος
3279 1051 3370 1102 καὶ
3411 1051 3651 1120 κλύδωνος,

2123 1137 2225 1202 τῆς
2274 1134 2452 1200 λύπης
2485 1152 2498 1166 ·
2551 1135 2646 1188 uel.
2691 1135 2723 1206 ἢ
2755 1137 2836 1199 είς
2873 1135 3116 1206 ἀγχόνην
3150 1137 3278 1207 ῆξῃ,
3318 1137 3390 1202 ὡς
3415 1141 3440 1192 ὁ
3474 1140 3651 1210 Ἰούδας,

2122 1225 2189 1291 τῇ
2234 1222 2586 1290 ἀπογνώσει·
2630 1222 2661 1294 ἢ
2706 1222 3114 1294 ἀποσκιρτήσῃ,
3165 1224 3242 1296 μὴ
3290 1224 3460 1296 φέρων
3498 1228 3580 1297 τὴν
3606 1231 3654 1284 ἐκ

2122 1315 2220 1383 τῆς
2251 1315 2493 1384 ἀμέτρου
2539 1315 2914 1386 ἐπιτιμήσεως
2978 1315 3197 1386 ὀδύνην,
3229 1316 3325 1371 καὶ
3365 1319 3439 1382 είς
3474 1320 3653 1390 μείζονα

2122 1405 2327 1459 κακίαν
2373 1407 2805 1478 ἐκτραχηλισθῇ.
2858 1391 3003 1480 Ὅρα
3051 1409 3133 1474 δὲ,
3189 1409 3306 1473 πῶς
3344 1409 3434 1463 καὶ
3485 1412 3653 1468 ἐκεῖνον

2124 1499 2506 1562 καταστέλλει,
2538 1500 2625 1552 ἵνα
2657 1501 2732 1570 μὴ
2767 1500 3148 1572 ρᾳθυμὸτερος
3178 1503 3402 1573 γένηται
3439 1506 3558 1573 μετὰ
3577 1509 3652 1577 τὴν

2122 1591 2347 1661 ἄφεσιν.
2383 1593 2458 1647 Οὐ
2491 1593 2603 1664 γὰρ
2627 1591 2921 1664 ἐδεξάμην,
2959 1595 3116 1664 φησὶ,
3153 1594 3288 1648 διότι
3332 1597 3555 1666 ἀπενίψω
3583 1616 3652 1652 τε-

2122 1683 2282 1747 λείως
2315 1684 2406 1738 τὸν
2432 1683 2624 1756 ῥύπον,
2657 1686 2775 1740 ἀλλ’
2809 1686 2898 1740 ἵνα
2933 1687 3010 1756 μὴ
3035 1686 3413 1758 χαλεπώτερόν
3438 1707 3484 1742 τι
3507 1691 3650 1766 πάθῃς

419 1783 518 1837 ενα
561 1797 632 1838 ne
663 1785 792 1852 quid
820 1785 1039 1856 gravius
1070 1784 1301 1854 patiaris
1332 1786 1401 1840 ob
1434 1784 1804 1840 infirmitatem
1843 1793 2012 1838 tuam.
2048 1764 2091 1820 Β

2122 1776 2208 1830 διὰ
2241 1776 2338 1847 τὴν
2370 1776 2656 1832 ἀσθένειάν
2701 1795 2816 1831 σου.
2856 1779 3179 1849 Σημείωσαι
3224 1779 3304 1843 δὲ,
3341 1781 3418 1834 ὅτι
3463 1781 3517 1834 οὐ
3547 1764 3651 1855 πρθς

421 1871 813 1930 Animadverte
841 1885 1024 1929 autem
1059 1873 1204 1945 quod
1239 1890 1347 1929 non
1380 1876 1444 1932 ad
1479 1884 1728 1929 naturam
1759 1885 2012 1944 peccato-

425 1980 568 2029 rum,
592 1977 847 2020 creterum
880 1968 947 2020 ad
981 1965 1326 2022 aﬂccliouem
1373 1967 1715 2036 peccantium
1760 1969 2010 2038 increpa-

425 2060 602 2114 tiones
623 2059 734 2114 sint
766 2060 1132 2114 moderandae.

495 2150 664 2206 Vens.
703 2151 758 2206 8.
801 2170 819 2202 ι
855 2151 1086 2219 Pmpter
1133 2150 1279 2219 quod
1328 2151 1560 2206 obsecro
1594 2164 1692 2206 vos
1723 2157 1780 2205 ut
1811 2148 2014 2206 confir-

420 2245 584 2299 metis
616 2243 668 2298 in
710 2235 861 2296 illum
903 2243 1249 2298 charitatcm.
1294 2261 1313 2296 ι
1367 2241 1484 2298 Νοη
1521 2242 1634 2314 jam
1667 2242 1832 2297 veluti
1879 2257 2012 2313 prae-

417 2345 609 2405 ceptor
637 2337 892 2406 imperat,
918 2337 1013 2391 sed
1045 2336 1206 2391 veluti
1235 2347 1497 2404 patronus
1519 2336 1731 2406 judices
1750 2345 2008 2405 precatur

419 2429 773 2494 confirmare,
807 2430 908 2486 hoc
946 2438 1030 2485 est
1076 2430 1324 2485 stabilire
1351 2429 1720 2495 dilectionem,
1754 2445 1852 2484 nec
1869 2434 2004 2484 sim-

418 2522 636 2594 plicilcr
676 2532 769 2577 aut
799 2523 1092 2594 vulgariter
1123 2523 1302 2593 ipsum
1333 2535 1634 2576 assumere.
1667 2519 1829 2591 253
1858 2520 2008 2574 Indi-

419 2625 508 2669 (τοι
542 2626 723 2670 autem
747 2630 935 2671 eorum
965 2616 1129 2670 etiam
1157 2616 1450 2681 virtutem;
1477 2613 1568 2682 qui
1593 2628 1717 2668 cum
1748 2624 1902 2666 antea
1926 2611 2007 2666 sic

419 2716 673 2762 amaram
722 2706 1018 2774 hominem,
1055 2716 1114 2760 ut
1143 2707 1192 2761 ei
1217 2706 1623 2776 applauderent,
1648 2719 1794 2758 nunc
1835 2719 2005 2772 usque

419 2801 556 2854 adeo
575 2799 750 2868 ipsqu
785 2798 1180 2853 aversabantur
1203 2798 1411 2866 peccati
1438 2797 1594 2853 istius
1623 2811 1809 2861 causa,
1835 2805 1893 2850 ut
1925 2795 2008 2850 vel

424 2892 624 2947 l’anlus
663 2892 780 2962 ipse
805 2906 901 2960 pro
925 2906 991 2946 eo
1016 2890 1402 2945 intercederet.

491 2983 660 3038 Vsus.
688 2985 742 3040 9.
784 3004 802 3036 ι
839 2982 966 3040 Ideo
993 2983 1140 3038 enim
1176 2984 1371 3053 scripsi
1398 2983 1578 3048 vobis,
1604 2992 1662 3036 ut
1686 2998 2006 3053 cognosram

416 3076 854 3146 experimentum
902 3085 1166 3140 vestrum,
1202 3091 1334 3130 num
1368 3077 1434 3132 ad
1472 3076 1653 3130 omnia
1694 3075 2007 3130 obedientes

416 3171 559 3226 sitis.
597 3189 616 3222 ›
653 3170 1031 3226 Perterrefacit
1073 3184 1189 3232 eos.
1261 3178 1320 3223 ut
1368 3179 1677 3225 metuentes
1716 3185 1782 3222 ne
1821 3169 2009 3224 inobe-

420 3265 639 3320 uientize
689 3266 1146 3334 condemnentur,
1199 3263 1356 3320 facile
1402 3267 1712 3320 condonent
1773 3265 2003 3319 homini.

425 3377 444 3410 ι
477 3357 602 3413 Ideo
627 3357 771 3412 enim
797 3357 1018 3426 scripsi,
1063 3378 1082 3410 ι
1111 3359 1311 3428 inquit,
1348 3375 1367 3408 ι
1398 3366 1452 3411 ιιι
1483 3371 1809 3426 cognoscant
1841 3371 2009 3425 evpe-

425 3451 716 3503 rimentum
757 3459 1016 3514 vestrum,
1052 3467 1070 3500 ι
1108 3450 1208 3506 huc
1241 3459 1346 3514 est,
1372 3447 1699 3505 obedientia:
1726 3447 2007 3511 virtutem,

425 3560 493 3596 an
526 3543 988 3612 quemadmodum
1020 3542 1310 3597 audivistis
1350 3558 1438 3598 me
1466 3541 1534 3596 ad
1563 3557 1686 3597 eum
1717 3541 2009 3607 increpan-

417 3639 566 3701 dum,
597 3640 674 3692 sic
697 3637 831 3692 mihi
857 3651 1002 3692 nunc
1031 3637 1320 3700 obediatis,
1351 3638 1416 3690 ad
1440 3651 1562 3690 eum
1584 3635 2001 3691 consolandum.

422 3729 475 3784 Id
503 3733 646 3786 enim
674 3730 816 3786 valet
843 3730 986 3801 quod
1016 3730 1112 3797 ait,
1161 3749 1180 3782 ‹
1211 3745 1342 3786 nnm
1369 3729 1436 3784 ad
1468 3730 1650 3784 omnia
1687 3729 2006 3788 ohedientes

416 3824 557 3881 sitis.
590 3843 610 3876 ι
657 3824 820 3894 Atqui
858 3838 965 3880 nou
999 3832 1285 3893 propterea
1313 3822 1555 3892 scripsit,
1603 3821 1696 3878 sed
1739 3821 1810 3879 ob
1857 3821 2002 3876 illius

417 3919 646 3973 salutem
706 3937 720 3972 :
777 3925 1017 3972 attamen
1072 3916 1161 3985 ubi
1225 3916 1359 3971 nihil
1412 3915 1646 3982 lmditur,
1681 3915 1846 3971 simul
1899 3914 2005 3970 illis

420 4010 656 4064 amicum
689 4023 810 4064 sese
839 4009 1081 4064 exhibet.
1527 4009 1544 4012 “

494 4100 662 4157 Vens.
720 4101 810 4156 10.
855 4119 874 4154 ι
933 4100 1030 4157 Cui
1084 4110 1264 4158 autem
1311 4101 1603 4172 quidquam
1655 4100 1892 4166 donatis,
1949 4109 2006 4154 et

419 4210 542 4266 ego.
571 4212 589 4246 ι
625 4193 731 4250 Per
764 4195 880 4249 haec
917 4202 1227 4249 nascentem
1260 4193 1498 4264 ipsorum
1521 4194 1919 4248 contentionem
1948 4204 2004 4247 et

419 4284 798 4352 leriiuaclam.
835 4298 941 4353 qua
985 4283 1190 4338 homini
1231 4283 1586 4338 condonaturi
1663 4297 1768 4336 non
1822 4293 2001 4346 erant,

421 4376 646 4446 mitigat.
683 4375 822 4430 Ecce
867 4378 1012 4430 enim
1063 4375 1184 4431 illos
1226 4375 1447 4445 quidem
1487 4375 1675 4444 gratia:
1710 4373 1872 4444 hujus
1901 4389 2003 4428 au-

2119 1869 2220 1940 τὴν
2269 1869 2382 1925 τῶν
2428 1871 2851 1942 ἁμαρτημάτων
2882 1871 3068 1941 φύσιν,
3105 1872 3246 1926 ἀλλὰ
3285 1873 3416 1942 πρὸς
3460 1874 3545 1946 τὴν
3568 1877 3650 1930 τῶν

2117 1961 2548 2032 ἁμαρτανόντων
2575 1963 2817 2018 διάθεσιν
2848 1964 2916 2018 τὰ
2949 1965 3212 2034 ἐπιτίμια
3233 1964 3314 2018 δεῖ
3340 1965 3540 2035 ὁρίζειν.

2194 2166 2212 2200 ι
2258 2147 2350 2202 Διὸ
2397 2148 2706 2220 παρακαλῶ
2746 2148 2892 2219 ὑμᾶς
2938 2149 3196 2222 κυρῶσαι
3245 2151 3323 2214 είς
3355 2151 3504 2204 αὑτὸν
3542 2153 3647 2222 ἀγά-

2113 2257 2243 2310 πην,
2304 2259 2323 2293 ι
2365 2241 2565 2296 Οὐκέτι
2621 2242 2698 2306 ὼς
2747 2242 3072 2307 διδάσκαλος
3113 2243 3415 2310 ἐπιτάττει,
3456 2243 3554 2298 ἀλλ’
3591 2246 3648 2310 ὡς

2110 2336 2433 2405 συνήγορος,
2461 2335 2730 2400 δικαστὰς
2768 2336 3084 2408 παρακαλεῖ
3116 2337 3388 2408 κυρῶσαι,
3427 2338 3644 2402 τουτέστι,

2112 2426 2418 2498 βεϐαιῶσαι
2468 2427 2716 2497 ἀγάπην,
2753 2427 2849 2482 καὶ
2899 2430 2974 2500 μή
3003 2429 3217 2494 ἁπλῶς,
3261 2431 3354 2483 καὶ
3385 2430 3454 2493 ὡς
3482 2430 3644 2500 ἔτυχεν,

2111 2519 2280 2574 αὑτὸν
2336 2520 2772 2590 παραδέξασθαι.
2827 2523 3079 2575 Δείκνυσι
3125 2522 3182 2576 δὲ
3237 2523 3329 2576 καὶ
3371 2523 3463 2590 τὴν
3507 2521 3645 2574 αὐτῶν

2109 2615 2336 2687 ἀρετὴν,
2372 2613 2427 2668 εἴ
2469 2631 2533 2683 γε
2567 2613 2714 2668 οὕτω
2747 2614 3017 2686 πρότερον
3058 2615 3345 2686 φιλοῦντες
3374 2617 3456 2670 τὸν
3482 2615 3645 2686 ἄνθρω-

2112 2727 2232 2773 πον,
2276 2709 2352 2773 ώς
2397 2708 2494 2762 καὶ
2544 2711 2871 2778 συγκροτεῖν
2922 2711 3112 2775 αὑτὸν,
3160 2709 3304 2764 οὕτω
3341 2709 3430 2762 νῦν
3473 2709 3546 2762 διὰ
3569 2707 3643 2778 τὴν

2113 2800 2394 2871 ἁμαρτίαν
2423 2799 2861 2870 ἀπεστρέφοντο,
2893 2799 3034 2854 ὥστε
3069 2803 3166 2855 καὶ
3199 2801 3404 2856 Παῦλον
3429 2800 3550 2870 ὑπὲρ
3571 2799 3642 2850 αὑ-

2113 2893 2208 2947 τοῦ
2249 2893 2613 2964 παρακαλεῖν.

2195 3005 2212 3038 ι
2279 2989 2371 3050 Εἰς
2406 2985 2567 3040 τοῦτο
2601 2985 2712 3058 γὰρ
2743 2987 2838 3041 καὶ
2880 2985 3122 3057 ἔγραψα,
3164 2987 3254 3040 ἳνα
3287 2985 3396 3054 γνῶ
3424 2985 3508 3053 τὴν
3529 2984 3642 3036 δοκι·

2122 3081 2230 3151 μὴν
2264 3080 2440 3151 ὑμῶν,
2489 3083 2539 3132 εἰ
2571 3083 2652 3144 είς
2695 3081 2874 3134 πάντα
2913 3081 3146 3151 ὑπήκοοί
3197 3081 3340 3133 ὲστε.
3382 3098 3399 3130 ι
3442 3075 3640 3145 Ἐκφοὸεί

2119 3174 2340 3238 αὐτοὺς,
2384 3173 2470 3226 ’ίνα
2514 3172 2796 3236 δείσαντες
2843 3172 2905 3225 τὸ
2951 3173 3278 3244 κατάκριμα
3311 3171 3354 3203 ⁵⁸
3390 3171 3478 3240 τῆς
3501 3184 3637 3238 παρα-

2119 3270 2269 3338 κοῆς,
2314 3266 2552 3330 εὐκόλως
2603 3269 2681 3338 τῷ
2729 3265 3002 3338 ἀνθρώπῳ
3054 3266 3464 3339 συγχωρήσωσι.
3506 3281 3522 3315 ι
3565 3259 3638 3312 Διὰ

2117 3358 2276 3412 τοῦτο
2311 3357 2441 3429 γὰρ,
2483 3377 2501 3409 ι
2534 3360 2723 3428 φησιν,
2761 3379 2778 3410 ι
2821 3359 3060 3430 ἔγραψα,
3089 3361 3180 3413 ἵνα
3205 3358 3317 3427 γνῶ
3343 3358 3436 3427 τὴν
3459 3350 3637 3423 δοκιμὴν

2117 3453 2307 3524 ὑμῶν’
2350 3472 2368 3504 ι
2413 3454 2684 3519 τουτέστι,
2719 3452 2833 3524 Τὴν
2867 3453 3070 3524 ἀρετὴν
3101 3452 3204 3524 τὴν
3247 3455 3304 3507 ἐν
3343 3453 3404 3520 τῇ
3447 3447 3634 3512 ὑπακοῇ,

2117 3545 2212 3597 ἐὰν
2258 3543 2448 3613 ῶσπερ
2477 3544 2754 3613 ἠκούσατέ
2797 3563 2898 3613 μου
2932 3545 3013 3609 εἰς
3047 3545 3108 3598 τὸ
3160 3543 3472 3614 ἐπιτιμῆσαι
3506 3535 3634 3605 αὐτῷ.

2112 3639 2254 3691 οὕτω
2299 3639 2396 3691 καὶ
2446 3637 2542 3691 νῦν
2585 3637 2936 3710 ὑπακούσητε
2981 3637 3118 3709 πρὸς
3167 3639 3233 3691 τὸ
3279 3633 3632 3708 παρακαλέσαι*

2113 3728 2272 3782 τοῦτο
2301 3730 2409 3798 γάρ
2438 3729 2552 3781 ἐστι
2581 3729 2662 3794 τὸ,
2719 3748 2736 3780 ι
2782 3729 2848 3783 El.
2886 3732 2963 3793 είς
2992 3731 3171 3784 πάντα
3217 3727 3439 3800 ὑπήκοοί
3468 3728 3583 3779 ἐστε.
3615 3737 3630 3770 t

2113 3821 2309 3876 Καίτοι
2339 3823 2399 3875 οὒ
2444 3821 2535 3874 διὰ
2567 3820 2725 3875 τοῦτο
2757 3822 3022 3894 ἔγραψεν,
3063 3823 3198 3877 ἀλλὰ
3227 3824 3314 3877 διὰ
3346 3821 3438 3892 τὴν
3471 3815 3632 3871 ἐκείνου

2113 3916 2392 3988 σωτηρίαν
2421 3932 2436 3947 °
2476 3917 2627 3986 ὅμως
2665 3916 2795 3971 ἔνθα
2836 3918 3004 3990 μηδὲν
3047 3917 3366 3989 βλάπτεται,
3405 3909 3632 3984 χαρίζεται

2015 4054 2025 4074 ,
2112 4013 2407 4073 κάκείνοις.

2190 4125 2208 4158 ί
2244 4101 2315 4178 Ὦ
2353 4106 2410 4159 δέ
2453 4125 2507 4160 τι
2561 4103 2876 4178 Χαρίζεσθε,
2904 4104 2998 4156 καὶ
3031 4102 3162 4171 ἐγώ.
3209 4122 3228 4154 ι
3279 4097 3530 4156 Μαλάττει
3567 4088 3630 4142 διὰ

2107 4196 2314 4252 τούτων
2338 4197 2436 4269 τὴν
2457 4199 2842 4267 ἀνακύψουσαν
2865 4199 2996 4259 ίσως
3027 4194 3361 4265 φιλονεικίαν
3381 4186 3536 4245 αὐτῶν
3559 4180 3630 4235 καὶ

2108 4289 2383 4358 ἔνστασιν,
2421 4291 2562 4347 ὥστε
2607 4291 2683 4363 μὴ
2716 4289 3076 4362 συγχωρῆσαι
3105 4286 3184 4358 τῷ
3215 4282 3490 4355 ἀνθρώπῳ.
3530 4272 3628 4330 Ἰδοὺ

2109 4387 2217 4456 γὰρ
2275 4385 2523 4450 ἐκείνους
2587 4387 2689 4457 μὲν
2746 4385 3234 4456 προκατάρχοντας
3283 4380 3380 4450 τῆς
3431 4375 3628 4447 χάριτος,

417 4477 597 4523 (tores
635 4467 927 4538 primarios
977 4467 1125 4534 facit,
1177 4469 1415 4534 seipsunt
1462 4481 1594 4522 vero
1651 4468 1994 4538 subsequen-
2023 4478 2120 4551 Dg

2122 4477 2292 4531 ιαυτδν
2323 4476 2380 4531 δὲ
2422 4479 2690 4548 ἑπόμενον
2732 4477 2936 4548 τίθησι,
2965 4476 3160 4544 λέγων,
3199 4475 3286 4527 ὅτι
3321 4491 3339 4524 ι
3366 4463 3429 4542 ᾯ
3457 4459 3627 4539 χαρίζε-

419 4571 570 4614 tem:
609 4577 629 4612 ι
670 4559 795 4627 Cui,
852 4579 871 4613 ι
923 4561 1195 4630 inquiens,
1262 4578 1281 4611 ι
1351 4559 1569 4615 donatis
1617 4574 1737 4625 vos,
1795 4569 1850 4616 et
1895 4573 1996 4629 ego

416 4651 686 4707 condono.
729 4670 748 4703 ι

493 4763 513 4797 ‹
551 4743 684 4799 Nam
723 4752 777 4799 et
809 4759 932 4815 ego,
979 4745 1025 4800 si
1071 4745 1199 4815 quid
1240 4745 1458 4811 donavi,
1491 4745 1575 4800 cui
1622 4745 1842 4810 donavi,
1879 4758 2004 4812 pro-

418 4846 540 4904 pter
564 4852 662 4892 vos
688 4837 741 4890 in
772 4851 1003 4905 persona
1025 4838 1252 4893 Christi.
1296 4857 1316 4890 ι
1351 4836 1428 4892 Ne
1459 4838 1772 4893 existiment
1803 4853 1863 4893 se
1883 4854 2004 4895 esse

415 4931 666 4985 dominos
697 4929 1029 4996 dimittendi,
1066 4938 1120 4984 et
1153 4947 1282 4995 non,
1317 4946 1379 4985 ac
1410 4944 1692 5001 prepterea
1728 4932 2004 5000 negligant

419 5022 698 5077 hominem
731 5021 1034 5086 absolvere,
1067 5023 1272 5077 indicat
1304 5023 1384 5078 eis
1415 5025 1560 5093 quod
1598 5024 1712 5094 jam
1759 5024 1875 5093 ipse
1907 5024 2001 5080 tali

415 5115 725 5180 donaverit,
761 5125 819 5170 ut
849 5131 958 5170 non
991 5117 1203 5185 possint
1229 5131 1352 5172 sese
1387 5133 1550 5185 porro
1582 5118 1680 5187 ipsi
1706 5134 1998 5188 opponere.

414 5205 496 5262 Ne
543 5219 726 5264 autem
797 5209 1148 5264 vulnerentur
1207 5223 1305 5264 ceu
1380 5210 1702 5278 contempti,
1771 5211 2001 5280 Propter

418 5317 534 5369 vos,
588 5302 782 5372 inquit,
833 5303 1014 5357 remisi
1044 5305 1092 5357 ei
1121 5320 1134 5355 :
1169 5319 1357 5359 noram
1397 5303 1542 5358 enim
1591 5301 1736 5372 quod
1767 5304 1868 5358 hoc
1903 5319 1998 5359 vo-

420 5393 506 5448 bis
532 5403 746 5463 gratnm
773 5393 847 5448 sit
868 5392 1138 5449 futurum.
1173 5394 1397 5461 Deinde,
1427 5409 1493 5450 ne
1515 5394 1797 5450 hominum
1827 5397 2000 5464 gratia

418 5484 630 5540 veniam
663 5473 741 5540 illi
781 5488 1118 5543 concessisse
1149 5487 1418 5555 videatur,
1452 5485 1672 5557 adjecit,
1721 5505 1739 5539 ι
1783 5489 1836 5540 in
1871 5502 1999 5556 per-

2105 4569 2196 4622 σθε
2236 4590 2253 4622 ι
2292 4571 2470 4640 ὑμεῖς,
2497 4571 2674 4642 τούτῳ
2706 4590 2724 4621 ι
2757 4571 2855 4625 καὶ
2881 4567 2992 4638 ἐγὼ
3030 4589 3049 4621 ι
3083 4567 3398 4639 χαρίζομαι.

2183 4770 2201 4802 ι
2243 4752 2354 4805 Καὶ
2389 4751 2495 4822 γὰρ
2540 4749 2652 4819 ἐγὼ
2685 4750 2817 4804 εἴτι
2851 4751 3204 4822 κεχάρισμαι,
3241 4742 3285 4816 ᾧ
3323 4746 3622 4817 κεχάρισμαι.

2099 4845 2170 4899 δι’
2197 4845 2342 4915 ὑμᾶς
2367 4845 2424 4896 ὲν
2451 4843 2732 4916 προσώπῳ
2758 4843 3021 4916 Χριστοῦ.
3044 4862 3062 4896 ι
3104 4844 3221 4898 ἰνα
3249 4842 3322 4915 μὴ
3345 4835 3542 4897 ἑαυτοὺς
3561 4847 3623 4883 νο-

2103 4938 2308 5008 μίσωσι
2347 4935 2576 5007 κυρίους
2603 4934 2700 4988 τοῦ
2739 4935 2981 5004 ἀφιέναι,
3007 4936 3104 4990 καὶ⁵
3147 4936 3246 5006 μὴ,
3286 4934 3374 4989 καί⁵
3396 4930 3473 4985 διὰ
3499 4922 3620 4979 τοῦτο

2100 5031 2415 5100 ἀμελήσωσι
2454 5027 2546 5082 τοῦ
2590 5029 2860 5082 ἀπολῦσαι
2890 5030 2982 5082 τὸν
3028 5029 3314 5099 ἄνθρωπον
3339 5043 3352 5057 ο
3397 5023 3619 5078 δείκνυσιν

2101 5122 2287 5184 αὐτοῖς
2315 5122 2399 5175 ὅτι
2447 5121 2550 5192 ἤδη
2590 5121 2754 5184 αὐτὸς
2800 5122 3095 5192 ἐχαρίσατο
3126 5118 3206 5189 τῷ
3252 5115 3479 5184 τοιούτῳ,
3510 5108 3617 5161 ὥστε

2103 5216 2299 5286 μηκέτι
2325 5213 2585 5268 δύνασθαι
2623 5213 2824 5278 αὐτοὺς
2855 5211 3330 5277 άντιδιατάξασθαι
3349 5204 3500 5274 αὐτῷ.
3527 5199 3617 5250 Ἵνα

2098 5306 2155 5360 δὲ
2193 5305 2267 5377 μὴ
2301 5305 2584 5376 πληγῶσιν
2635 5305 2712 5370 ὼς
2762 5305 3154 5377 παροφθέντες,
3199 5302 3367 5376 φησί·
3406 5297 3475 5353 Δι’
3506 5288 3616 5362 ὑμᾶς

2100 5396 2448 5467 ἐχαρισάμην
2498 5395 2684 5468 αὐτῷ·
2733 5396 2881 5468 ᾔδειν
2918 5397 3027 5467 γὰρ
3074 5398 3157 5450 ὅτι
3199 5388 3474 5450 άποδεκτὺν
3515 5379 3614 5450 ὑμῖν

2100 5491 2218 5542 ὲστι
2249 5489 2431 5544 τοῦτο.
2476 5485 2611 5544 Εἶτα
2642 5489 2730 5544 ἵνα
2773 5490 2850 5562 μὴ
2893 5489 3016 5560 δόξῃ
3061 5488 3127 5542 δι’
3173 5485 3470 5559 ἀνθρώπους
3513 5487 3612 5538 συγ-

1768 5623 1966 5685 Varite
2002 5622 2324 5686 lectiones.

493 5753 536 5787 ⁸ο
583 5758 757 5826 κρῖμα
795 5772 848 5813 ο.
