3806 6582
111 370 187 433 821

772 360 1179 429 EXPOSITIO
1217 367 1300 430 IN
1336 367 1579 431 EPIST.
1623 365 1685 427 II
1714 367 1818 430 AD
1856 369 2030 437 COR.
2062 360 2135 411 λέ
2162 374 2323 436 CAP.
2362 374 2447 437 II.

3178 370 3286 433 89.2

111 482 442 558 κεχωρηκέναι,
483 477 854 551 προσέθηκενο
919 501 937 534 ι
992 483 1082 537 ‘Ev
1143 484 1426 555 προσώπῳ
1472 485 1668 555 Χρι-Α

1735 501 1848 540 ιοιιο
1878 487 2104 553 Christi,
2160 508 2178 541 ι
2212 490 2314 544 huc
2345 498 2428 545 est
2470 489 2767 545 secundum
2801 487 2991 553 Deum,
3021 496 3079 542 et
3104 502 3287 544 eoram

111 580 208 637 στοῦ
229 594 241 609 ·
276 596 293 629 ι
321 573 570 639 τουτέστι,
601 573 764 628 Κατά
794 574 948 637 Θεὸν,
980 575 1075 628 καὶ
1103 574 1333 629 ἐνώπιον
1353 576 1443 629 τοῦ
1474 578 1605 647 Χρι-

111 671 226 734 στοῦ,
267 666 351 721 καὶ
378 663 569 720 ὡσανεὶ
616 662 828 718 ἐκείνου
866 665 1027 719 τοῦτο
1058 665 1101 698 ⁸⁸
1139 667 1475 732 κελεύοντος,
1510 668 1606 722 καὶ

108 763 164 825 ὡς
187 760 560 828 ἀντιπρόσωπος
592 753 668 810 ὢν
707 755 941 824 ἐκείνου,
985 758 1343 831 συνεχώρησα
1374 775 1387 788 ·
1423 760 1478 829 ἦ,
1526 762 1605 824 είς

106 851 225 914 δόξαν
242 847 324 901 τοῦ
355 845 600 918 Χριστοῦ.
632 846 694 899 El
716 840 812 900 οὖν
838 848 917 910 εἰς
946 847 1102 913 δόξαν
1129 849 1367 921 Χριστοῦ
1398 849 1607 919 γίνεται

107 937 466 1012 ήσυγχὼρησις,
492 937 608 1003 πῶς
632 939 693 993 οὐ
720 938 803 993 δεῖ
830 940 1257 1012 συγχωρηθῆναι
1281 942 1491 1011 τοῦτον,
1519 941 1607 997 ἵνα

104 1030 284 1100 δοξασθῇ
316 1028 538 1100 Χριστός
554 1045 570 1096 ;

159 1140 175 1176 ι
209 1121 310 1176 Ἱνα
339 1119 410 1191 μή
450 1120 938 1194 πλεονεκτηθῶμεν
977 1123 1083 1179 ὑπὸ
1115 1125 1209 1181 τοῦ
1257 1128 1473 1183 Σατανᾶ
1499 1143 1513 1158 ·
1545 1128 1615 1205 ού

104 1217 185 1285 γὰρ
219 1211 366 1266 αὑτοῦ
391 1212 456 1267 τὰ
484 1214 733 1285 νοήματα
763 1214 1093 1289 ἀγνοοῦμεν.
1133 1238 1151 1271 ι
1190 1218 1307 1273 Ἵνα
1341 1219 1418 1291 μὴ
1449 1220 1612 1290 γένη-

103 1323 186 1369 ται,
216 1305 350 1376 φησὶ,
384 1306 534 1375 κοινὴ
562 1307 597 1377 ή
632 1305 833 1377 βλάϐη,
858 1310 954 1362 καὶ
977 1309 1255 1383 ὲλαττωθῇ
1283 1313 1381 1381 τῆς
1405 1312 1610 1385 ἀγέλης

102 1394 173 1449 τοῦ
205 1392 419 1464 Χριστοῦ
459 1395 487 1446 ὁ
531 1395 784 1466 ἀριθμός.
839 1398 1032 1463 Καλῶς
1080 1402 1138 1457 δὲ
1187 1402 1503 1469 πλεονεξίαν
1551 1405 1612 1458 τὸ

104 1486 290 1556 πρᾶγμα
324 1483 602 1555 ὠνόμασεν
627 1502 643 1518 ⁸
676 1488 705 1540 ὁ
745 1488 854 1560 γὰρ
892 1489 1139 1555 διάϐολος
1179 1494 1302 1564 οὐχὶ
1344 1495 1414 1549 τά
1462 1496 1612 1569 αύτῷ

101 1577 366 1647 διαφέροντα
391 1576 675 1647 λαμϐάνει,
702 1579 838 1634 ἀλλά
862 1582 1045 1636 καὶτὰ
1073 1584 1315 1657 ήμέτερα
1339 1587 1578 1658 ἁρπάζει
1593 1602 1609 1618 ·

101 1668 175 1722 καὶ
200 1667 426 1735 μάλιστα,
465 1670 513 1722 εί
543 1670 639 1722 καὶ
680 1669 770 1724 διά
828 1671 1053 1742 μεθόδου
1115 1676 1413 1747 ἡμετέρας,
1452 1695 1611 1733 τουτ-

102 1758 207 1826 έστι,
231 1759 317 1830 τῆς
343 1761 627 1830 μετανοίας
659 1762 702 1794 ⁸³
740 1763 985 1835 ἀμέτρου
1038 1766 1352 1838 γινομένης.
1389 1769 1482 1822 Διδ
1517 1769 1611 1823 καὶ⁸

1713 576 1954 645 Christo,
2014 589 2070 634 et
2128 591 2382 650 tanquam
2434 582 2526 636 illo
2581 582 2682 636 hoc
2720 579 2964 645 jubcnte,
3012 594 3076 632 ac
3121 579 3288 633 veluti

1714 670 1830 736 ejus
1854 670 2025 725 vicem
2070 685 2283 742 gerens.
2335 674 2545 737 dimisi;
2586 672 2674 727 vel
2715 674 2766 725 in
2801 672 3029 742 gloriam
3059 670 3286 732 Christi.

1716 763 1867 828 Quod
1920 763 1965 819 si
2016 765 2071 818 in
2126 765 2350 835 gloriam
2403 764 2606 820 Christi
2649 765 2790 819 cedit
2842 763 3111 825 dimissio.
3156 779 3293 826 nuo-

1716 856 1876 910 tnodo
1916 870 2022 910 non
2057 866 2209 913 esset
2251 858 2379 913 huic
2413 857 2826 929 ignoscendum,
2861 866 2917 910 ut
2956 854 3291 925 gloriﬁcetnr

1715 946 1964 1001 Christus
1985 947 2011 1002 ἓ

1791 1133 1955 1191 Vsus.
1995 1132 2080 1190 If.
2118 1153 2137 1186 ι
2192 1133 2263 1191 Ut
2310 1149 2417 1189 non
2464 1133 2954 1188 circmuveniainur
2985 1149 3012 1188 a
3047 1132 3289 1189 Satana:

1719 1242 1825 1283 non
1853 1228 1996 1282 enim
2024 1228 2336 1297 ignoramus
2376 1226 2546 1295 ipsius
2587 1226 2964 1295 cogitationes.
3007 1245 3026 1279 ι
3075 1224 3175 1293 Nc,
3210 1226 3293 1280 in-

1719 1317 1858 1388 quit,
1894 1319 1989 1372 fiat
2017 1332 2304 1373 commune
2349 1318 2630 1383 damnum,
2671 1318 3135 1388 imminuaturqne
3172 1333 3296 1386 grc-

1719 1408 1800 1477 gis
1828 1408 2029 1462 Christi
2085 1421 2364 1461 numerus.
2415 1406 2703 1477 Eieganter
2743 1415 2923 1461 autem
2963 1421 3076 1460 rem
3124 1407 3294 1476 ipsam

1719 1498 2234 1554 circumventionem
2255 1498 2573 1553 nominavit.
2604 1497 2720 1552 Non
2754 1498 2924 1554 solum
2958 1499 3102 1553 cnint
3134 1497 3200 1552 ad
3239 1512 3298 1552 se

1722 1592 2048 1664 pertinentia
2075 1589 2309 1647 Satanas
2335 1590 2552 1660 accipit,
2582 1604 2769 1645 verum
2815 1599 2870 1645 et
2901 1599 3085 1645 nostra
3115 1589 3251 1660 rapit
3279 1607 3293 1643 :

1721 1701 1785 1741 ac
1810 1686 2041 1740 maxime
2060 1699 2157 1755 per
2178 1685 2487 1740 methodum
2508 1694 2774 1749 nostram,
2807 1683 2859 1738 id
2881 1692 2984 1751 est,
3006 1699 3100 1755 per
3118 1684 3295 1753 pmoi-

1725 1778 1944 1835 tentiam
1979 1776 2414 1832 immoderatam.
2444 1776 2737 1847 Pmpterea
2777 1776 2977 1831 diaboli
3015 1775 3299 1848 cogitatio-

102 1854 295 1923 νοήματα
336 1853 557 1907 ἐκάλεσε
616 1855 710 1909 τοῦ
767 1856 1039 1926 διαϐόλου,
1110 1859 1213 1931 τὴν
1274 1846 1668 1933 κακουργίανῙ

1735 1887 1818 1927 tes
1854 1871 2116 1925 malitiam
2147 1870 2267 1939 ejus
2310 1877 2365 1926 ct
2406 1871 2762 1940 imposturam
2795 1870 3033 1936 vocarit,
3077 1846 3130 1925 et
3160 1885 3298 1938 quo-

103 1945 228 2000 ιιὺτοῦ
252 1946 337 2001 καὶ
371 1947 466 2019 τὴν
506 1947 814 2020 δολιότητα,
852 1953 947 2004 καὶ
980 1953 1130 2016 ὅπως
1171 1954 1230 2005 ὲν
1261 1955 1613 2025 προσχήματι

102 2039 334 2104 εὐλαϐείας
369 2039 410 2073 ’⁵³
448 2041 768 2096 ἀπόλλυσιν.
807 2044 883 2096 Ού
918 2046 1029 2114 γὰρ
1072 2046 1231 2116 μόνον
1265 2047 1328 2099 ἐκ
1360 2047 1614 2117 πορνείας

103 2133 411 2201 ὑποσκελίζει,
475 2136 772 2189 ἀλλάοκαλ⁸
824 2137 883 2203 ἐξ
935 2139 1180 2210 ἀμέτρου
1232 2140 1431 2211 λύπης.
1490 2141 1617 2206 Πῶς

101 2225 170 2282 οὖν
195 2231 246 2283 ού
277 2227 571 2298 πλεονεξία,
607 2233 735 2287 ὃταν
778 2234 874 2288 καὶ
926 2236 992 2291 ἐκ
1027 2236 1137 2291 τῶν
1165 2238 1452 2310 ἡμετέρων
1496 2239 1617 2293 ἀλί-

102 2338 177 2394 σκιι
198 2324 352 2392 ἡμεῖς

154 2429 170 2463 ι
206 2412 384 2466 Ἐλθὼν
433 2414 490 2469 δὲ
539 2418 622 2481 είς
659 2419 891 2490 Τρωάδα
930 2421 1013 2484 είς
1054 2421 1115 2475 τὸ
1155 2423 1489 2492 Εὖαγγέλιον
1524 2444 1617 2481 του

101 2501 311 2573 Χριστοῦ,
345 2507 434 2559 καὶ
462 2508 643 2580 θύρας
677 2528 768 2581 μοι
793 2512 1151 2587 ἀνεῳγμένης
1183 2518 1248 2568 ἐν
1273 2517 1483 2589 Κυρίῳ,
1517 2520 1620 2575 οὐκ

1718 1966 1878 2020 modo
1912 1964 1964 2019 in
2014 1964 2231 2033 pietatis
2281 1965 2463 2029 specie
2513 1964 2726 2035 perdat.
2779 1961 2896 2018 Non
2941 1963 3118 2019 solum
3152 1961 3297 2016 enim

1718 2072 1814 2127 per
1846 2057 2262 2112 fornicationem
2288 2057 2623 2125 supplantat,
2659 2071 2846 2111 vermn
2875 2055 3040 2109 etiam
3068 2069 3168 2124 per
3196 2053 3299 2108 im-

1721 2148 1991 2202 modicum
2039 2161 2349 2202 mmrorem.
2399 2145 2680 2213 Quomodo
2728 2145 2891 2215 igitur
2919 2159 3026 2199 non
3057 2152 3141 2199 est
3193 2142 3304 2197 cir-

1719 2240 2055 2306 cnmventio,
2084 2255 2208 2295 cum
2238 2238 2322 2295 vel
2354 2254 2450 2311 per
2484 2248 2670 2294 nostra
2702 2253 2799 2293 nos
2829 2236 3040 2309 capiat?

1792 2423 1958 2479 Vens.
1993 2422 2079 2489 12,
2122 2422 2210 2477 15.
2246 2439 2265 2473 t
2306 2421 2477 2476 Porro
2508 2434 2628 2475 cum
2655 2419 2929 2474 venissem
2953 2415 3220 2471 Troadem
3247 2415 3301 2470 in

1725 2516 2072 2586 Evangelium
2105 2514 2332 2578 Christi,
2371 2525 2425 2569 et
2453 2512 2651 2568 ostium
2696 2510 2836 2565 mihi
2861 2518 3106 2581 apertum
3138 2507 3305 2582 254.

99 2595 263 2664 ἔσχηκα
288 2598 460 2653 ἀνεσιν
496 2599 583 2670 τῷ
624 2601 896 2671 πνεύματί
962 2621 1090 2675 μου,
1119 2606 1197 2678 τῷ
1231 2606 1305 2678 μὴ
1335 2609 1517 2679 εὑρεῖν
1552 2628 1620 2679 με

1735 2621 1877 2666 esset
1913 2610 1966 2664 in
1999 2609 2249 2673 Domino,
2276 2608 2393 2661 'non
2432 2605 2594 2662 habui
2633 2603 2876 2673 requiem
2906 2602 3120 2673 spiritui
3158 2618 3300 2661 meo.

100 2687 221 2741 Τίτον
264 2689 348 2742 τὸν
401 2690 640 2762 ἀδελφόν
704 2712 828 2765 μου.
901 2716 921 2749 ι
980 2694 1152 2752 Εἶπεν
1202 2700 1484 2771 ἀνωτέρω,
1541 2702 1622 2756 ὃτι

1735 2717 1791 2757 eo
1820 2700 1964 2772 quod
2014 2716 2122 2754 non
2174 2698 2476 2755 invenerim
2528 2697 2712 2752 Titum
2750 2695 2973 2750 fratrem
3029 2708 3231 2750 meum.
3279 2712 3301 2746 ι

98 2776 235 2846 vlidi;
266 2780 405 2851 αύτῴ
447 2783 673 2851 ἐγένετο
725 2786 784 2838 ἐν
829 2788 896 2857 τῇ
951 2787 1127 2859 Ἀσίᾳ,
1163 2791 1256 2842 καὶ
1301 2790 1470 2857 ἔδειξε
1506 2792 1625 2857 πῶς

1735 2794 1904 2865 Supra
1938 2795 2381 2849 commemoravit
2422 2790 2564 2860 quod
2591 2789 2940 2845 afllictionem
2972 2787 3223 2843 habuerit
3246 2788 3300 2841 in

100 2870 338 2945 ἀπηλλάγη
363 2876 573 2948 ταύτης
597 2893 611 2908 ⁸
650 2877 748 2933 νῦν
777 2879 940 2934 πάλιν
977 2879 1221 2935 διδάσκει
1251 2884 1333 2937 ὃτι
1380 2886 1474 2938 καὶ
1508 2885 1623 2938 ἐτέ-

1735 2888 1875 2953 Asia,
1914 2885 2342 2954 monstravitque
2379 2882 2653 2953 quomodo
2699 2881 2957 2936 liberatus
2988 2881 3060 2935 sit
3100 2881 3168 2935 ab
3201 2894 3301 2933 ea:

101 2979 181 3030 ρως
206 2966 373 3040 ὲθλίϐη
406 2970 483 3041 τῷ
511 2970 595 3043 μὴ
627 2973 810 3043 εὑρεῖν
833 2973 1014 3029 Τίτον.
1044 2975 1216 3029 Ὀταν
1243 2976 1352 3048 γὰρ
1385 2978 1414 3030 ὁ
1442 2995 1623 3048 παρα-

1735 2980 1836 3051 iam
1867 2994 2010 3035 nunc
2055 2993 2247 3034 rursus
2290 2978 2448 3033 docet
2481 2975 2626 3045 quod
2655 2982 2705 3028 et
2744 2974 2905 3028 aliter
2934 2972 3164 3027 afﬂictus
3188 2969 3307 3025 fue-

101 3053 384 3127 μυθούμενος
416 3061 491 3133 μὴ
530 3058 598 3137 ᾖ,
626 3063 930 3136 δεινότερος
952 3066 981 3119 ὁ
1007 3068 1341 3138 πειρασμός.
1373 3069 1539 3123 Ὥστε
1571 3070 1626 3124 τί

1735 3074 1819 3137 rit,
1850 3087 1915 3127 co
1950 3073 2097 3141 quod
2127 3085 2236 3125 non
2288 3069 2559 3125 invenerit
2606 3065 2815 3121 Titum.
2850 3065 2983 3122 Cum
3019 3068 3163 3121 enim
3197 3082 3304 3120 non

100 3163 166 3211 μοι
194 3149 593 3255 μέμιρεσθεπῆς
640 3155 982 3228 βραδύτητος
1019 3158 1313 3224 τοσαύταις
1355 3161 1668 3252 ἀνάγκαις1

1735 3161 1968 3217 adfuerit
1995 3160 2085 3230 qui
2116 3160 2450 3223 consoletur,
2484 3158 2705 3228 gravior
2735 3157 3095 3227 esttentatio.
3127 3156 3308 3221 Quare

96 3242 396 3307 περιπεσόντι
425 3246 526 3299 οὐκ
571 3247 775 3312 ἐώσαις
810 3251 982 3320 ἡμᾶς,
1017 3252 1092 3317 ὡς
1126 3250 1452 3324 βουλόμεθα,
1488 3256 1626 3309 ἀπο·
1657 3242 1668 3252 ’

1735 3255 1896 3325 igitur
1926 3268 2011 3308 me
2044 3250 2312 3307 tarditatis
2335 3250 2629 3311 accusatis.
2651 3250 2740 3317 qui
2772 3250 2825 3303 in
2851 3257 2930 3302 tot
2967 3244 3307 3303 calamitates

94 3328 275 3400 δημεῖν;
339 3337 447 3408 Ούχ
516 3338 717 3404 ἅπλῶς
784 3340 839 3395 δέ
896 3360 1083 3412 φησιν,
1153 3345 1492 3418 ἐπιδημῆσαι
1554 3350 1621 3420 τῇ

1735 3345 2044 3410 inciderint,
2080 3358 2198 3414 quae
2231 3358 2337 3397 nou
2366 3342 2550 3399 sinunt
2579 3358 2678 3396 nos
2699 3355 2798 3410 pro
2831 3347 3018 3396 nostro
3038 3340 3302 3395 arbitratu

94 3421 285 3490 Τρωάδι,
332 3428 468 3496 ἀλλ’,
522 3448 554 3482 α
598 3431 697 3492 Ei;
742 3431 805 3485 τὸ
858 3434 1214 3503 Εὑαγγέλιον,
1255 3455 1274 3487 ι
1324 3437 1624 3501 τουτέστιν,

1735 3436 2040 3510 proﬁcisci?
2095 3439 2208 3491 Non
2248 3434 2571 3506 simpliciter
2611 3444 2792 3490 autent
2836 3432 2988 3498 dicit,
3021 3430 3303 3488 Profectus

93 3512 201 3568 ὥστε
230 3519 469 3591 κηρύξαι.
501 3522 640 3587 Πῶς
669 3523 764 3579 οὖν
794 3526 897 3580 οὐκ
930 3526 1225 3597 ὲκήρυξας,
1256 3529 1352 3581 καὶ
1381 3527 1554 3584 ταῦτα
1578 3529 1627 3563 ⁸⁵

1735 3547 1847 3588 sum
1875 3531 2169 3593 Troadem,
2200 3543 2408 3590 verum,
2449 3543 2468 3576 t
2498 3525 2576 3578 Ad
2600 3523 2974 3595 Evangelium,
3009 3541 3029 3577 ι
3064 3524 3165 3577 hoc
3199 3533 3305 3589 est,

93 3606 229 3677 θύρας
262 3629 337 3666 σοι
391 3616 762 3688 ἀνεῳγμένης
778 3636 792 3684 ς
865 3619 1147 3691 Ἐκὴρυξα
1204 3620 1327 3691 μὲν,
1380 3622 1482 3675 οὐκ
1533 3622 1626 3677 ἐπὶ

1735 3634 1794 3679 ιιι
1810 3622 2184 3694 praedicarem.
2210 3618 2378 3687 Ecqui
2398 3617 2562 3687 igitur
2585 3633 2693 3671 non
2711 3615 3044 3687 prrcdicasti,
3073 3616 3307 3670 maxime

91 3699 197 3754 πολὺ
220 3702 291 3768 δὲ,
330 3705 461 3762 διότι
491 3709 603 3779 οὐχ
631 3702 793 3782 εὗρον
818 3711 1002 3766 Τίτον.
1058 3731 1077 3765 t
1119 3713 1234 3767 Οὐκ
1272 3713 1482 3785 ἔσχηκα
1517 3717 1628 3788 γὰρ

1735 3731 1858 3772 cum
1887 3715 2052 3786 janua
2086 3714 2181 3767 tibi
2214 3710 2494 3782 pate-factas
2511 3710 2709 3765 fuerit?
2739 3708 3038 3764 Praedicavi
3063 3707 3302 3776 quidem,

96 3792 241 3848 ἄνεσιν
263 3813 275 3826 ⁸
312 3817 335 3850 ι
357 3802 643 3855 τουτέστιν
669 3842 685 3866 ,
737 3803 1011 3876 Ἑθλίϐην,
1043 3804 1329 3878 ὠδυνήθην
1386 3807 1476 3862 διὰ
1528 3808 1629 3881 τὴν

1735 3806 1830 3862 sed
1862 3821 1966 3860 non
1996 3803 2243 3868 multum,
2275 3817 2342 3857 eo
2357 3802 2498 3872 quod
2529 3816 2634 3857 non
2672 3803 2852 3869 reperi
2884 3799 3089 3855 Titum.
3125 3817 3144 3850 t
3185 3795 3303 3851 Non

97 3884 318 3944 ἀπουσίαν
347 3891 537 3947 τούτου
572 3894 641 3948 ⁸⁵.
666 3890 813 3966 Ἆρα
850 3891 945 3951 οὖν
983 3897 1071 3952 διὰ
1104 3898 1264 3953 τοῦτο
1296 3899 1519 3971 ἀφῆκας
1565 3901 1628 3955 τὸ

1735 3898 1897 3955 habui
1927 3897 2071 3953 enim
2105 3896 2366 3967 quietem,
2400 3912 2419 3945 ι
2458 3894 2561 3949 hoc
2593 3903 2698 3958 est,
2737 3891 3036 3963 amigebar,
3068 3890 3307 3961 angebar

98 3977 225 4046 ἔργον
254 3984 343 4037 τοῦ
369 3985 536 4055 Θεοῦ;
587 3987 666 4041 Οὐ
709 3987 796 4042 διὰ
841 3989 1023 4057 τοῦτο,
1067 3990 1203 4045 ἀλλά
1250 3991 1386 4045 διότι
1430 3993 1625 4047 ἐνεπορ

1736 3989 2151 4061 ριόριοιιλίρείιιε
2176 3987 2503 4042 absentiam.
2538 3986 2619 4040 Att
2648 3985 2771 4040 ideo
2807 3984 3147 4039 intermisisti
3172 3997 3308 4050 Opus

95 4069 239 4136 δίζετο
263 4076 319 4130 τὸ
358 4078 545 4151 ἔργον,
582 4081 799 4135 ἐκείνου
845 4082 1082 4148 ἀπόντος
1112 4084 1178 4139 ⁸⁸.
1220 4083 1362 4154 Ἐγὼ
1392 4086 1490 4157 μὲν
1518 4086 1629 4158 γὰρ

1736 4085 1865 4141 Dei?
1903 4084 2023 4140 Non
2051 4097 2183 4137 sane
2210 4089 2428 4150 propter
2454 4080 2579 4145 hoc,
2619 4083 2715 4135 sed
2745 4079 2872 4150 quia
2919 4078 3311 4147 impediebatur

95 4165 206 4220 πάνυ
253 4172 557 4244 ἐπεθύμουν
612 4172 873 4247 κηρύξαι,
924 4176 1041 4230 ἀλλ’
1090 4179 1123 4248 ή
1173 4178 1415 4233 ἀπουσία
1463 4179 1631 4234 Τίτου

1735 4193 1871 4250 opus
1896 4177 1985 4232 illo
2013 4176 2258 4231 absente.
2288 4171 2422 4226 Nam
2450 4184 2549 4239 ego
2588 4171 2907 4241 pradicare'
2929 4169 3084 4224 valde
3122 4169 3307 4238 cupie-

95 4256 317 4328 ἐμπόδιον
343 4266 539 4334 γᾶγονε
568 4282 585 4299 ο
623 4267 837 4338 μεγάλα
866 4270 977 4338 γὰρ
1012 4271 1273 4342 συνήργει
1306 4272 1519 4345 παρών.

1738 4276 1884 4340 bam,
1913 4270 2008 4326 sed
2038 4267 2146 4323 Titi
2175 4266 2420 4321 absentia
2471 4265 2858 4334 impedimento
2892 4262 2990 4317 fuit
3018 4280 3032 4317 :
3079 4263 3306 4316 multum

1468 4338 1482 4353 ’
1739 4367 1882 4422 enim
1914 4361 2312 4433 conperabatur
2339 4373 2464 4415 cum
2500 4370 2739 4428 praesens
2758 4364 2916 4413 esset.

152 4460 170 4495 t
213 4443 343 4500 Ἀλλ’
387 4448 811 4520 ἀποταξάμενος
850 4451 1037 4516 αὐτοῖς
1078 4451 1413 4524 ὲξῆλθονείς
1447 4458 1634 4512 Μακε-

1817 4476 1840 4512 t
1870 4456 2064 4512 Verum
2091 4452 2198 4509 illis
2213 4451 2392 4507 valere
2410 4449 2602 4520 jussis,
2620 4446 2896 4518 profectus
2923 4463 3039 4501 smn
3064 4446 3116 4500 iu
3138 4446 3312 4502 Mace-

93 4531 287 4593 δονίαν.ι
325 4541 647 4607 Τουτέστιν,
675 4543 752 4597 Ού
782 4541 1030 4613 διέτριψα
1049 4543 1269 4598 πλείονα
1299 4547 1489 4616 χρόνον
1517 4550 1634 4603 ἐκεῖ
1658 4550 1668 4611 Ἰ

1740 4552 1980 4608 deuiam.
2008 4566 2028 4600 ι
2064 4545 2178 4600 lloc
2202 4554 2307 4610 est,
2339 4559 2444 4598 non
2479 4542 2705 4597 multum
2740 4541 3000 4611 temporis
3031 4540 3307 4605 illictriri.
3396 4577 3401 4581 -

95 4632 593 4704 στενοχωρούμενος.
636 4633 789 4706 Θύρα
823 4635 923 4705 μὲν
973 4637 1080 4707 γὰρ
1108 4637 1348 4707 ἀνέῳκτο
1398 4640 1634 4711 μεγάλη,

1735 4647 1787 4701 ἰιι
1838 4641 2122 4713 angustias
2167 4637 2424 4692 nimirum
2464 4637 2735 4690 redactus.
2784 4632 2992 4689 Ostiqu
3031 4633 3177 4688 cnint
3230 4635 3313 4688 ἰιι-

1734 4751 1867 4809 gens
1918 4742 2167 4803 apertum
2217 4740 2359 4795 erat,
2411 4728 2463 4782 id
2493 4737 2599 4794 est,
2636 4726 2864 4782 multum
2917 4729 3098 4793 Operis
3139 4735 3312 4781 resta-

1738 4830 1867 4882 bat:
1916 4839 2101 4880 verum
2154 4831 2377 4893 propter
2413 4821 2786 4891 cooperatoris
2812 4819 3113 4874 absentiam
3144 4818 3313 4887 impe-

1738 4918 2008 4976 diebatur.

1815 5010 1982 5066 Vsus.
2012 5007 2098 5062 ιι.
2131 5024 2152 5058 ι
2179 5006 2291 5061 Deo
2316 5014 2497 5061 autem
2526 5006 2723 5075 gratia,
2751 5003 2840 5073 qui
2873 5018 3090 5074 semper
3122 5003 3313 5058 trium-

1742 5106 1874 5175 phat
1903 5118 2004 5159 nos
2042 5103 2095 5157 in
2137 5101 2382 5158 Christo.
2434 5118 2452 5153 ι
2499 5098 2636 5156 Cum
2678 5099 2875 5153 multos
2918 5097 3134 5152 dolores
3162 5112 3313 5149 com-

1738 5206 2114 5258 memorasset,
2181 5209 2340 5264 quem
2412 5192 2464 5249 io
2522 5193 2673 5258 Asia,
2737 5208 2895 5260 quem
2958 5193 3008 5243 in
3076 5189 3309 5251 Troade,

1739 5304 1899 5358 quem
1964 5302 2031 5342 eo
2094 5287 2245 5357 quod
2299 5286 2364 5340 ad
2425 5300 2521 5341 eos
2580 5300 2687 5340 non
2755 5291 3082 5345 accesserat,
3129 5293 3314 5352 pertu-

88 5366 511 5444 ἀπαριθμείσθαι,
548 5376 738 5448 φησὶν,
774 5377 859 5431 ὅτι
901 5376 1228 5450 Εὐχαριστῶ
1270 5377 1347 5449 τῷ
1386 5378 1524 5450 Θεῷ,
1556 5380 1643 5434 ὅτι

1739 5382 1899 5449 lerat,
1955 5396 2031 5435 ne.
2064 5380 2313 5434 videatur
2353 5380 2455 5433 ista
2502 5379 2695 5449 lugens
2740 5393 3047 5442 recensere,
3091 5376 3310 5446 inquit:

94 5477 110 5509 ι
133 5464 343 5522 πάντοτε
370 5468 915 5542 θριαμϐεύειήμᾶς,ι
946 5472 1640 5544 τουτέστιπεριφανεῐςδει-

1748 5488 1767 5522 ι
1803 5469 2023 5527 Gratias
2059 5486 2161 5541 ago
2195 5470 2328 5536 Deo,
2372 5468 2515 5539 quod
2561 5481 2774 5537 semper
2806 5467 3102 5537 triumphat
3135 5481 3254 5531 nos,
3291 5484 3309 5517 ι

90 5568 239 5612 κνυσι.
267 5559 549 5633 Θρίαμϐος
582 5560 692 5632 γὰρ
719 5562 956 5635 λέγεταιξ
977 5563 1012 5634 vi)
1041 5559 1180 5634 μετὰ
1207 5562 1363 5633 νίκης
1385 5561 1480 5616 καὶ
1507 5579 1633 5632 τρο*

1742 5563 1848 5618 hoc
1878 5570 1984 5629 est,
2014 5563 2340 5635 conspicuos
2382 5560 2536 5618 facit.
2574 5559 2906 5630 Triumphus
2939 5560 3082 5614 enim
3118 5560 3316 5615 dicitur

91 4722 333 4777 τουτέστιν
385 4726 548 4797 ἔργον
592 4727 729 4782 πολύ
757 4744 770 4759 ⁸
804 4728 951 4799 πλὴν
994 4732 1061 4802 τῇ
1101 4731 1343 4803 ἀπουσίᾳ
1374 4731 1471 4786 τοῦ
1509 4750 1638 4789 συν-

90 4813 222 4882 εργοῦ
249 4817 607 4886 ὲνεποδίξετο.

154 5018 171 5051 ι
200 5001 283 5073 Τῷ
326 5005 383 5059 δὲ
432 5006 555 5078 Θεῷ
597 5007 780 5079 χάρις,
822 5006 900 5077 τῷ
960 5006 1192 5061 πάντοτε
1248 5007 1641 5080 θριαμϐεύοντι

91 5090 216 5158 ἡμᾶς
248 5096 303 5147 ὲν
339 5099 420 5170 τῷ
464 5098 712 5170 Χριστῷ.
754 5117 773 5151 ι
842 5099 1067 5171 Ἐπειδὴ
1114 5100 1319 5165 πολλὰς
1374 5102 1636 5169 κατέλεξε

90 5180 259 5250 λύπας.
289 5190 388 5262 τὴν
416 5193 478 5246 ἐν
528 5193 710 5264 Ἀσίᾳ,
743 5192 843 5263 τὴν
871 5195 929 5246 ἐν
962 5192 1202 5265 Τρωάδι,
1235 5195 1335 5265 τὴν
1362 5194 1451 5249 διά
1467 5196 1529 5248 τὸ
1559 5197 1635 5267 μὴ

90 5276 203 5346 πρὸς
233 5282 422 5347 αὐτοὺς
453 5284 666 5339 ἑλθεῐνο
698 5285 789 5340 ἵνα
822 5287 898 5356 μὴ
928 5284 1057 5357 δόξῃ
1087 5285 1164 5352 ὡς
1196 5285 1413 5358 θρηνῶν
1432 5287 1636 5353 ταύτας

1426 5704 1627 5767 Variae
1660 5702 1992 5767 lectiones.

147 5827 187 5864 δ’
211 5830 381 5888 ταῦτα
422 5846 500 5889 ιιι.
575 5834 620 5870 δ’
673 5832 918 5902 διανοίας
954 5849 1009 5893 o.
1082 5835 1436 5903 δ³εδσεϐείας
1458 5852 1531 5895 m.
1608 5837 1653 5871 “
1677 5830 1919 5894 ὶνταῦθοὶ
1959 5851 2034 5895 tn.
2109 5834 2156 5870 ⁸⁸
2198 5834 2360 5890 Τίτου
2390 5848 2445 5892 o.
2523 5832 2569 5866 “
2627 5824 3040 5904 ἀποδημοῦντος
3084 5842 3139 5885 o.
