3806 6616
325 366 431 430 827
483 406 495 420 ι

1254 370 1831 432 THEOPIIYLACTI
1869 373 2273 435 BULGARL‘E
2319 375 2682 438 ARCHIEP.

3469 373 3566 438 828

325 478 428 534 bus
482 477 867 536 denuntiantes
899 479 1156 534 virtutem
1197 490 1462 536 vestram.
1505 480 1742 535 Proinde
1777 497 1900 536 cum
1934 531 1939 544 ,

2035 501 2227 554 χομεν,
2285 485 2380 538 καὶ
2442 487 2606 540 πᾶσιν
2667 485 3092 557 ὑποδεικνύομεν
3154 484 3257 554 τὴν
3321 485 3572 556 ὑμετέραν

326 585 426 626 vos
487 571 711 626 habeam
765 572 1045 640 epistolam
1107 587 1190 627 nte
1240 573 1360 626 aliis
1407 577 1901 638 commendantem,

328 678 434 718 non
490 664 704 734 indigeo
759 665 986 718 aliorum
1043 665 1286 732 epistolis
1331 680 1362 719 a
1416 665 1590 732 vobis,
1632 681 1727 735 per
1769 680 1903 734 quas

329 755 664 813 innotescam
720 757 1095 826 ignorantibus
1152 773 1258 813 me.
1305 756 1476 813 Porro
1529 774 1652 812 cum
1699 774 1793 813 vos
1853 759 1903 812 in

332 859 510 903 mente
565 865 680 922 mea
738 851 880 916 sitis,
916 865 1022 905 n0n
1065 866 1202 921 opus
1256 850 1432 906 habeo
1470 860 1528 907 ut
1555 853 1771 922 quidam
1813 851 1904 905 alii

333 957 418 998 nte
443 921 603 998 vobis
634 944 949 1014 prtedicent.
1001 945 1081 1000 Ad
1117 945 1330 1014 ignotos
1367 946 1514 1000 enim
1552 945 1906 1000 commenda-

337 1032 471 1089 titiis
507 1034 703 1088 litteris
727 1050 864 1105 opus
892 1045 998 1100 est,
1035 1052 1140 1090 non
1173 1039 1237 1090 ad
1267 1036 1536 1109 cognitos.
1575 1035 1682 1092 Vos
1721 1046 1904 1092 autem

327 1122 403 1179 ita
451 1126 617 1180 menti
677 1144 810 1184 mea:
864 1129 1113 1198 inscripti
1179 1132 1332 1197 estis,
1380 1140 1437 1184 ut
1490 1130 1744 1186 excidere
1798 1146 1904 1186 non

330 1215 570 1284 possitis.
616 1214 714 1271 llic
763 1229 943 1273 autem
984 1220 1351 1274 testimonium
1398 1220 1526 1274 dicit
1571 1235 1677 1274 non
1731 1219 1906 1274 solum

330 1322 515 1361 eorum
549 1311 826 1376 charitati,
863 1313 1220 1366 verumetiam
1260 1313 1535 1382 operibus.
1567 1312 1636 1368 Ut
1668 1313 1758 1382 qui
1797 1312 1910 1368 suf-

330 1397 576 1455 ﬁcientes
607 1400 809 1456 fuerint
846 1406 1057 1457 cunctis
1086 1406 1406 1459 mortalibus
1448 1406 1794 1475 praeceptoris
1824 1406 1906 1461 sui

334 1489 650 1559 dignitatem
697 1507 1149 1551 commcnsttare.
1201 1497 1602 1569 Discipulorutn
1671 1514 1910 1570 namque

331 1583 505 1638 virtus
533 1597 916 1656 praeceptorem
977 1599 1156 1644 ornat.
1404 1596 1424 1601 “

405 1674 573 1732 Vens.
603 1678 656 1733 5.
696 1698 715 1731 ι
755 1679 1086 1737 Manifestati
1135 1683 1280 1754 quod
1313 1684 1446 1741 estis
1485 1685 1712 1755 epistola
1752 1685 1912 1742 Citri-

333 1769 426 1827 sti.
459 1787 478 1818 ι
521 1769 622 1836 Qui
659 1771 797 1827 istuc
843 1773 1091 1829 ratione?
1121 1774 1276 1841 Quod
1303 1777 1386 1832 lex
1433 1778 1637 1834 Christi
1667 1789 1722 1834 et
1758 1795 1912 1834 mane

335 1860 460 1914 data
495 1861 633 1931 ejus,
678 1863 980 1919 litterarum
1013 1868 1204 1935 instar,
1243 1871 1384 1940 apud
1429 1885 1526 1926 vos
1557 1882 1810 1928 maneant
1859 1883 1914 1928 et

334 1950 676 2004 Custodiauttt
687 1968 730 2005 r.

415 2059 434 2092 ι
475 2042 637 2114 257
669 2044 972 2100 Ministrata
1020 2063 1049 2101 a
1091 2049 1269 2116 nobis,
1297 2052 1556 2122 inscripta
1597 2069 1706 2109 non
1767 2063 1914 2110 atra-

338 2143 542 2198 mento,
599 2136 693 2189 sed
725 2135 930 2205 Spiritu
969 2138 1060 2194 Dei
1093 2142 1324 2198 viventis
1358 2159 1373 2197 :
1413 2160 1519 2199 non
1558 2145 1752 2202 tabulis
1785 2146 1918 2216 lapi-

337 2223 499 2288 deis,
561 2227 654 2280 sed
714 2228 914 2284 tabulis
975 2234 1159 2288 cordis
1213 2236 1452 2291 carneis.
1518 2256 1536 2290 ι
1615 2235 1916 2298 Occasione

337 2318 676 2387 apprehensa
709 2325 1056 2391 comparandi
1086 2325 1256 2395 legem
1312 2343 1434 2383 cum
1485 2328 1800 2402 Evangelia,
1829 2348 1917 2388 or-

338 2407 487 2460 ditur
509 2409 654 2475 hiuc,
687 2410 937 2481 inquiens
955 2434 964 2466 :
981 2412 1449 2480 Quemadmodum
1473 2419 1647 2476 Moses
1673 2421 1919 2479 minister

340 2497 443 2554 fuit
469 2501 626 2569 legis,
662 2503 744 2558 sic
769 2514 939 2561 etnos
963 2519 1157 2562 vestrae
1187 2510 1238 2564 in
1272 2513 1493 2566 verbum
1529 2514 1650 2568 Iidei
1683 2515 1916 2571 ministri

337 2593 667 2649 exstitimus.
700 2595 762 2650 Et
789 2599 1009 2664 perinde
1037 2585 1164 2656 ut‘ls
1188 2604 1398 2659 tabulas
1428 2604 1669 2674 lapideas
1699 2606 1912 2676 incidit,

341 2683 423 2738 sic
441 2696 495 2740 et
524 2702 622 2741 nos
655 2699 836 2744 vestra
875 2696 1061 2748 corda.
1101 2693 1212 2749 Lex
1238 2711 1399 2765 porro
1431 2708 1749 2756 atramento
1777 2703 1921 2757 scri-

343 2775 610 2847 bebatur;
648 2780 1000 2853 Erangelium
1051 2796 1230 2840 autem
1267 2788 1320 2842 in
1350 2789 1504 2844 vobis
1538 2807 1631 2859 per
1658 2793 1920 2862 Spiritum

342 2874 608 2943 scriptum
642 2885 746 2930 est.
782 2876 996 2942 Quanto
1040 2879 1209 2948 igitur
1257 2881 1544 2939 intervallo
1588 2885 1824 2955 Spiritus
1856 2889 1923 2944 ab

341 2981 649 3026 atramento
697 2973 881 3040 distat,
911 2985 963 3030 et
1023 2991 1117 3030 cor
1149 2992 1178 3032 a
1206 2977 1402 3047 lapide,
1443 2990 1591 3036 tanto
1620 2992 1675 3038 et
1713 2981 1922 3039 Novum

344 3060 753 3119 Testamentum
783 3080 811 3119 a
841 3065 955 3136 lege
989 3067 1286 3137 discrepat.
1324 3070 1476 3136 Quod
1510 3089 1636 3130 vero
1678 3075 1776 3142 ait,
1811 3095 1830 3129 ι
1868 3078 1921 3131 in

347 3155 544 3213 tabulis
589 3157 772 3213 cordis
825 3161 1061 3226 carneis,
1103 3179 1121 3212 ι
1159 3162 1237 3218 sic
1267 3163 1382 3234 lege
1433 3181 1527 3234 per
1558 3167 1919 3238 hyperbaton,

350 3267 373 3302 ε
422 3249 474 3303 in
526 3248 722 3304 tabulis
770 3251 986 3306 carneis
1029 3271 1042 3307 :
1097 3273 1116 3306 ι
1167 3254 1366 3310 deinde
1401 3256 1578 3327 adjice
1629 3260 1771 3328 quod
1828 3277 1925 3331 per

348 3339 583 3394 medium
638 3340 951 3410 impositum
999 3353 1100 3409 est,
1149 3342 1253 3400 hoc
1299 3356 1402 3412 est,
1449 3367 1467 3400 ι
1504 3349 1706 3404 cordis.
1759 3369 1777 3404 ι
1816 3356 1926 3407 Aut

348 3429 476 3499 quia
539 3431 704 3486 corda
753 3425 889 3487 sunt'
913 3432 1144 3503 lapidea,
1198 3437 1574 3492 induratornm
1642 3441 1925 3511 nimirum,

350 3534 470 3574 eam
514 3522 584 3576 ob
618 3537 733 3576 rem
785 3526 1123 3580 crcdentimn
1171 3527 1335 3582 corda
1372 3544 1574 3585 carnea
1620 3548 1739 3588 esse
1766 3535 1924 3602 dixit,

349 3615 548 3684 quippe
577 3629 696 3685 quze
727 3626 854 3672 sunt
886 3620 1105 3688 capacia
1134 3619 1308 3676 verbi.

429 3705 582 3762 Vers.
614 3709 668 3774 4,
699 3709 752 3764 5.
809 3729 828 3762 ι
877 3709 1153 3767 Fiduciam
1211 3724 1393 3770 autem
1445 3715 1708 3772 habemus
1767 3719 1924 3774 talem

348 3813 445 3868 per
500 3798 780 3856 Christum
835 3804 902 3856 ad
962 3804 1159 3872 Deum,
1221 3823 1330 3862 non
1403 3809 1545 3878 quod
1599 3811 1928 3869 sumcientes

349 3890 521 3947 simus
570 3893 816 3964 cogitare
875 3895 1078 3966 aliquid
1133 3912 1164 3951 a
1221 3899 1397 3965 nobis,
1429 3901 1586 3970 quasi
1648 3917 1715 3956 ex
1770 3906 1930 3961 nobis

354 3981 508 4049 ipsis.
550 4001 568 4035 ι
605 3980 741 4050 Quia
785 3987 1234 4041 comtnonstravit
1284 3986 1490 4043 Novum
1521 3989 1928 4048 Testamentum

355 4073 548 4130 Vetere
579 4089 701 4131 esse
750 4076 946 4146 majus,
976 4092 1318 4148 consequens
1360 4090 1538 4136 autem
1581 4093 1701 4138 erat
1752 4086 1930 4139 ratio-

353 4166 548 4232 cinari,
581 4171 721 4238 quod
749 4178 801 4222 et
836 4183 935 4223 nos
981 4171 1237 4241 deinceps
1277 4173 1505 4241 apostoli
1556 4173 1691 4230 Novi
1742 4175 1932 4231 Testa-

356 4258 524 4313 menti
581 4258 818 4314 ministri
881 4258 1119 4327 majores
1165 4277 1355 4319 sumus
1405 4264 1571 4332 Mose,
1611 4267 1704 4336 qui
1751 4265 1931 4323 Veteri

354 4347 705 4404 Testamento
761 4351 1005 4406 inserviit
1055 4371 1069 4407 :
1123 4353 1175 4407 id
1238 4364 1416 4410 autem
1486 4371 1750 4426 arrogans
1812 4373 1934 4415 esse

352 4443 692 4501 videbatur:
738 4442 906 4510 Nihil,
975 4445 1193 4517 inquit,
1255 4458 1524 4514 nostrum,
1583 4450 1676 4504 sed
1737 4450 1929 4506 fiducia

2007 579 2229 648 ἀρετήν.
2262 579 2426 632 Ὥστε
2464 579 2656 648 ἐπειδὴ
2697 579 2843 648 ὑμᾶς
2875 577 2983 648 ἔχω
3010 577 3308 649 ἐπιστολὴν
3335 581 3578 632 συνιστῶ-

2009 670 2108 724 σάν
2161 688 2227 739 με
2279 671 2413 742 πρὸς
2465 671 2680 736 ἄλλους,
2719 671 2780 724 οὐ
2828 673 3018 741 δέομαι
3075 671 3259 724 ἄλλων
3300 671 3578 724 ἐπιστολῶν

2007 762 2139 833 παρ’
2168 763 2405 833 ὑμῶν’ί,
2434 765 2520 818 ἵνα
2540 765 2608 818 δι’
2629 766 2857 818 ἐκείνων
2885 764 3178 834 γνωρισθῶ
3204 766 3316 826 τοῖς
3341 764 3580 831 ἀγνοοῦσί

2011 871 2101 924 με.
2148 856 2312 909 Ἀλλὰ
2362 856 2458 910 καὶ
2499 857 2686 927 ἐπειδὴ
2729 857 2788 910 ὲν
2834 858 2900 927 τῇ
2951 855 3166 926 διανοίᾳ
3198 855 3302 925 μού
3349 857 3487 917 ὲστε,
3528 856 3580 907 οὗ

2005 941 2200 1012 δέομαι
2243 943 2330 997 ἴνα
2373 962 2440 1015 με
2481 945 2824 1015 συστήσωσιν
2865 945 3017 999 ἄλλοι
3065 944 3218 1009 τινὲς
3268 945 3405 1016 πρὸς
3432 945 3581 1015 ὑμᾶς.

2009 1034 2152 1104 Πρὸς
2191 1035 2298 1106 γὰρ
2351 1037 2478 1101 τοὺς
2506 1036 2756 1106 ἀγνῶτας
2799 1037 2972 1092 δεῖταί
2997 1055 3083 1102 τις
3127 1038 3494 1108 γραμμάτων,
3529 1040 3584 1092 οὐ

2009 1125 2148 1196 πρὸς
2183 1129 2310 1191 τοὺς
2350 1128 2560 1192 εἰδότας
2579 1145 2595 1163 ο
2629 1129 2786 1200 ὑμεῖς
2812 1129 2868 1183 δὲ
2891 1130 2949 1183 ὲν
2976 1133 3042 1203 τῇ
3070 1129 3292 1202 διανοίᾳ
3345 1131 3444 1201 μού
3478 1135 3586 1186 ἐστε

2009 1218 2472 1291 ἐγγεγραμμένοι,
2503 1220 2647 1274 ὥστε
2679 1221 2814 1293 μηδὲ
2844 1225 3146 1276 ἀποπεσεῖν
3174 1221 3460 1276 δύνασθαι.
3490 1223 3589 1276 'Ev-

2009 1311 2187 1366 ταῦθα
2235 1313 2292 1366 δὲ
2332 1317 2607 1384 μαρτυρεῖ
2657 1315 2842 1379 αὐτοῖς
2889 1315 2950 1369 οὐ
2995 1315 3160 1386 μόνον
3193 1316 3439 1388 ἀγάπην,
3467 1317 3589 1372 ἀλλὰ

2011 1401 2106 1454 καὶ
2129 1401 2560 1471 κατορθώματα’
2591 1403 2728 1471 εἴγε
2761 1403 2937 1457 ἱκανοὶ
2959 1398 3103 1473 ἦσαν
3135 1402 3411 1457 δεικνύειν
3441 1406 3587 1459 πᾶσιν

2012 1491 2322 1564 ἀνθρώποις
2351 1495 2446 1547 τοῦ
2479 1494 2802 1549 διδασκάλου
2833 1495 2895 1548 τὺ
2937 1495 3183 1566 ἀξίωμα.
3217 1495 3342 1550 Τῶν
3371 1495 3474 1568 γὰρ
3502 1515 3589 1568 μα-

2014 1585 2196 1656 Θητῶν
2224 1586 2258 1656 ἡ
2293 1585 2488 1656 ἀρετὴ,
2529 1586 2618 1639 τὸν
2641 1586 2958 1641 διδάσκαλον
2989 1590 3213 1658 κοσμεῖ.

2089 1695 2108 1728 ι
2137 1677 2560 1748 Φανερούμενοι,
2579 1678 2662 1731 ὅτι
2683 1679 2804 1732 ἐστὲ
2834 1677 3094 1749 ἐπιστολὴ
3119 1679 3384 1751 Χριστοῦ.
3412 1698 3431 1733 ι
3452 1680 3585 1748 Πῶς;

2015 1769 2106 1841 Τῷ
2132 1771 2223 1823 τὸν
2247 1771 2412 1842 νόμον
2451 1771 2544 1824 τοῦ
2576 1771 2838 1843 Χριστοῦ,
2872 1772 2965 1825 καὶ
3007 1773 3114 1836 τὰς
3152 1772 3379 1836 ἐντολὰς
3419 1775 3588 1838 αὐτοῦ,

2015 1867 2362 1933 γραμμάτων
2383 1863 2540 1932 δίκην
2563 1863 2747 1934 μένειν
2766 1868 2895 1936 παρ’
2922 1865 3049 1937 ὑμῖν
3099 1868 3199 1919 καὶ
3223 1865 3585 1936 φυλάττεσθαι.

2093 2063 2112 2097 ι
2155 2045 2548 2116 Διακονηθεῖσα
2582 2037 2675 2115 ὑφ⁶
2723 2045 2902 2116 ἡμῶν,
2937 2045 3378 2117 ἐγγεγραμμένη
3411 2048 3468 2099 οὐ
3502 2048 3582 2116 μέ.

2017 2138 2161 2206 λανι,
2193 2139 2332 2194 ἀλλὰ
2383 2138 2665 2210 Πνεύματι
2701 2139 2837 2194 Θεοῦ
2869 2139 3090 2206 ζῶντος,
3122 2140 3229 2193 οὐκ
3256 2141 3314 2192 ἐν
3345 2139 3496 2204 πλαξὶ
3521 2139 3588 2192 λιι

2019 2233 2218 2297 θίναις,
2251 2232 2367 2285 ἀλλ’
2402 2233 2462 2286 ὲν
2506 2232 2670 2297 πλαξὶ
2705 2231 2937 2302 καρδίας
2978 2233 3296 2304 σαρκίναις.
3342 2250 3360 2283 ι
3416 2231 3586 2302 Ἀφορ-

2023 2325 2129 2396 μῆς
2175 2325 2513 2396 δραξάμενος
2543 2323 2637 2378 τοῦ
2688 2326 2781 2378 τὸν
2826 2325 2993 2395 νόμον
3046 2324 3348 2394 συγκρῖναι
3377 2323 3506 2392 πρὸς
3535 2324 3586 2376 τὸ

2019 2413 2376 2482 Εὑαγγέλιον,
2402 2413 2626 2482 ἄρχεται
2657 2412 2925 2475 ἐντεῦθεν,
2953 2413 3046 2464 καί
3072 2429 3265 2482 φησιν,
3293 2413 3375 2464 ὅτι
3398 2412 3584 2480 Ὠσπερ

2020 2505 2277 2576 όΜωσῆς
2329 2505 2575 2568 διάκονος
2636 2504 2732 2558 τοῦ
2791 2505 2958 2576 νόμου
3017 2506 3262 2572 ἐγένετο,
3318 2503 3454 2558 οὕτω
3505 2506 3582 2557 καὶ

2022 2602 2184 2671 ἡμεῖς
2218 2601 2317 2670 τῆς
2353 2599 2624 2669 ὑμετέρας
2657 2600 2738 2661 εἰς
2765 2598 2826 2651 τὸ
2857 2599 3124 2669 κήρυγμα
3153 2597 3390 2660 πίστεως
3430 2597 3584 2650 διάκοο

2023 2710 2103 2746 νοι
2135 2691 2468 2762 ὲγενόμεθω
2502 2691 2600 2744 καὶ
2633 2690 2824 2760 ὥσπερ
2865 2693 3074 2751 ἐκεῖνος
3096 2692 3200 2754 τας
3231 2690 3440 2752 πλάκας
3478 2689 3581 2741 ἑλά-

2025 2783 2234 2851 ξευσεν,
2264 2783 2407 2837 οὓτω
2449 2783 2546 2837 καὶ
2577 2785 2739 2853 ἡμεῖς
2768 2782 2866 2846 τὰς
2913 2783 3187 2852 ὑμετέρας
3222 2781 3459 2852 καρδίας.
3493 2781 3581 2834 Καὶ

2025 2877 2054 2930 ὁ
2091 2877 2192 2946 μὲν
2239 2876 2403 2946 νόμος
2441 2875 2630 2944 μέλανι
2682 2873 2900 2944 ἐγράφη
2924 2891 2937 2906 ο
2985 2875 3045 2926 τδ
3095 2873 3154 2926 δὲ
3189 2873 3504 2942 Εὑαγγὲλιον
3535 2873 3580 2923 ὲν

2027 2971 2158 3039 ὑμῖν
2235 2967 2518 3037 Πνεῦματι
2584 2968 2916 3039 γέγραπται.
2987 2967 3142 3037 Ὅσῳ
3212 2965 3304 3019 οὖν
3368 2965 3582 3034 διαφέρει

2029 3063 2257 3133 Πνεῦμα
2291 3063 2540 3133 μέλανος,
2593 3063 2688 3115 καὶ
2731 3061 2930 3132 καρδία
2962 3060 3136 3124 λίθου,
3183 3060 3416 3128 τοσούτῳ
3452 3059 3579 3126 καὶὴ

1948 3183 1993 3248 C
2029 3156 2207 3226 Καινὴ
2245 3153 2338 3208 τοῦ
2379 3156 2566 3225 νόμου.
2603 3153 2676 3207 Τδ
2710 3153 2787 3218 δὲ,
2830 3173 2848 3206 ι
2898 3153 2988 3208 Ἐν
3027 3154 3196 3220 πλαξὶ
3233 3154 3449 3225 καρδίας
3477 3168 3584 3220 σαρ-

2030 3249 2229 3314 κίναις,
2283 3268 2311 3296 ι
2360 3246 2534 3311 οὕτως
2574 3246 2847 3314 ἀνάγνωθι
2889 3247 3012 3300 καθ’
3066 3246 3413 3318 ὑπερϐατόν·
3445 3262 3463 3296 ι
3521 3244 3579 3297 Εν

2033 3336 2194 3403 πλαξὶ
2265 3336 2581 3410 σαρκίναιςο
2640 3355 2658 3389 ι
2738 3333 2859 3390 εἶτα
2933 3337 3022 3391 διὰ
3096 3338 3289 3408 μέσου,
3345 3335 3578 3396 τουτέστι,

2038 3447 2058 3481 ι
2099 3430 2365 3500 Καρδίας.
2392 3449 2411 3482 ι
2455 3431 2526 3482 Ἦ
2564 3430 2658 3482 καὶ
2698 3428 2885 3500 ἐπειδὴ
2915 3430 3133 3500 καρδίαι
3194 3430 3298 3482 eici
3327 3427 3506 3481 λίθιναι
3534 3427 3578 3479 αἱ

2031 3523 2142 3576 τῶν
2171 3523 2620 3594 πεπωρωμένων,
2653 3521 2739 3574 διὰ
2769 3519 2926 3574 τοῦτο
2955 3522 3053 3585 τὰς
3080 3524 3192 3576 τῶν
3232 3520 3430 3575 πιστῶν
3460 3533 3579 3586 ιιαρ⁴

2034 3616 2152 3680 δίας
2179 3616 2442 3688 σαρκίνας
2469 3610 2645 3680 εἶπεν,
2673 3615 2748 3679 ὠς
2782 3616 3037 3678 δεκτικὰς
3075 3615 3169 3668 τοῦ
3211 3614 3386 3682 λόγου.

2113 3728 2132 3762 ι
2171 3708 2506 3780 Πεποίθησιν
2530 3708 2586 3762 δὲ
2625 3709 2884 3779 τοιαύτην
2923 3709 3119 3778 ἔχομεν
3142 3709 3232 3761 διὰ
3265 3707 3355 3760 τοῦ
3377 3700 3576 3773 Χριστοῦ

2039 3798 2178 3871 πρὸς
2198 3798 2289 3852 τὸν
2319 3799 2453 3851 Θεόν
2477 3814 2493 3831 ⁸
2517 3798 2615 3868 οὐχ
2641 3797 2723 3850 ὃτι
2759 3799 2931 3850 ἱκανοί
2967 3799 3135 3868 ἐσμεν
3159 3797 3258 3866 ἀφ’
3295 3794 3485 3849 ἑαυτῶν
3509 3793 3576 3843 lo-

2037 3891 2298 3962 γίσασοαί
2326 3907 2401 3956 τι,
2434 3890 2509 3954 ῶς
2539 3891 2598 3957 ἐξ
2637 3891 2867 3945 ἑαυτῶν.
2902 3909 2920 3942 ο
2974 3890 3192 3961 Ἐπειδὴ
3219 3891 3381 3954 ἔδειξε
3409 3887 3470 3940 τὰ
3500 3884 3577 3952 τῆς

2038 3983 2183 4047 Νέας
2218 3983 2392 4054 μείζω
2421 3982 2526 4036 τῶν
2554 3983 2652 4052 τῆς
2684 3981 2957 4045 Παλαιᾶς·
2990 3981 3284 4035 ἀκόλουθον
3312 3979 3366 4033 δὲ
3395 3973 3454 4048 ἦν
3476 3974 3575 4028 συλ-

2036 4075 2380 4146 λογίσασθαι,
2412 4075 2496 4129 ὃτι
2537 4075 2648 4128 Καὶ
2691 4076 2853 4145 ἡμεῖς
2903 4074 3090 4127 λοιπὸν
3121 4076 3169 4127 οἱ
3221 4070 3508 4130 ἀπόστολοι,
3536 4066 3576 4118 οι

2038 4169 2276 4224 διάκονοι
2305 4170 2405 4238 τῆς
2431 4169 2598 4233 Νέας,
2627 4167 2871 4239 μείζονές
2893 4168 3062 4236 ἐσμεν
3089 4166 3356 4228 Μωσέως,
3380 4161 3462 4215 τοῦ
3483 4160 3576 4213 δια·

2042 4262 2375 4329 κονήσαντος
2404 4264 2468 4331 τῇ
2503 4261 2748 4331 Παλαιᾷο
2785 4259 2960 4313 ἐδόκει
2985 4259 3042 4312 δὲ
3063 4257 3226 4312 τοῦτο
3262 4253 3542 4319 ἀλαζονείας
3561 4263 3573 4278 ’

2043 4354 2227 4423 φησιν,
2261 4355 2342 4407 ὅτι
2373 4352 2542 4406 Οὐδὲν
2568 4353 2860 4422 ἡμέτερον,
2887 4352 3002 4405 ἀλλ’
3028 4354 3062 4424 ἡ
3083 4349 3400 4419 πεποίθησις
3426 4342 3573 4415 ἡμῶν.

2036 4446 2286 4500 τουτέστι
2333 4446 2393 4498 τὸ
2440 4445 2700 4516 καύχημα
2740 4446 2916 4516 ἡμῶν,
2955 4446 3041 4499 διὰ
3087 4446 3182 4500 τοῦ
3232 4438 3453 4514 Χριστοῦ
3483 4439 3574 4489 ἐστι

355 4543 564 4603 nostra,
603 4537 652 4590 id
701 4548 783 4592 est
843 4538 1090 4609 gloriatio
1141 4551 1349 4608 nostra,
1381 4556 1480 4611 pcr
1519 4541 1793 4597 Christum
1849 4554 1929 4598 est

2038 4538 2173 4611 πρὺς
2207 4539 2300 4593 τὸν
2333 4537 2488 4591 Θεόν.
2535 4537 2594 4590 Ὀ
2625 4539 2731 4609 γὰρ
2766 4538 2998 4608 Χριστὸς
3034 4538 3207 4600 αἴτιος
3252 4539 3379 4609 ἡμῖν
3423 4529 3501 4586 τοῦ
3528 4530 3574 4578 ἐν

355 4627 423 4680 ad
452 4627 642 4682 Deum.
677 4629 930 4687 Christus
985 4632 1128 4686 enim
1157 4634 1315 4688 nobis
1346 4646 1432 4690 est
1464 4635 1514 4688 in
1549 4649 1714 4690 causa
1752 4650 1850 4690 cur
1883 4636 1936 4691 iu

2035 4629 2154 4702 Θεῷ
2183 4629 2513 4701 καυχᾶσθαι,
2551 4631 2645 4683 καὶ
2677 4629 2828 4684 οὐδὲν
2861 4630 3151 4702 ἡμέτερον,
3181 4632 3301 4684 οὐδὲ
3328 4627 3385 4680 τδ
3425 4621 3573 4691 ἐλάχι-

358 4721 469 4776 ιὶυο
515 4720 834 4792 gloriemur,
888 4724 1132 4796 nihilth
1166 4725 1327 4796 plane
1374 4737 1618 4782 nostrum
1683 4735 1808 4795 cst,
1869 4745 1939 4785 ne

2039 4740 2182 4778 στον.
2231 4723 2405 4776 Τοῦτο
2455 4723 2566 4792 γὰρ
2597 4722 2750 4792 δηλοῖ
2787 4722 2877 4775 διὰ
2929 4722 3022 4776 τοῦ
3070 4724 3247 4775 εἰπεῖν
3272 4738 3284 4750 ·
3328 4738 3345 4772 ι
3385 4716 3449 4770 Οὐ
3489 4711 3583 4780 γάρ.

356 4814 641 4869 minimum
695 4816 937 4886 quidem.
995 4818 1111 4873 Hoc
1160 4820 1304 4874 enim
1362 4821 1587 4885 indicat,
1637 4835 1762 4876 cum
1810 4822 1939 4878 ait:

360 4927 378 4956 ι
436 4905 550 4962 Non
601 4924 790 4964 sumus
843 4909 1170 4968 sumcientes
1217 4913 1460 4984 cogitare
1509 4913 1713 4984 aliquid
1772 4913 1935 4970 veluti

352 5017 419 5058 ex
445 5002 757 5072 nobisipsis.
804 5021 824 5057 ι

426 5092 596 5150 Vens.
627 5092 680 5148 6.
745 5112 764 5146 ι
807 5093 912 5150 Sed
959 5093 1279 5152 sumcientia
1333 5106 1517 5152 nostra
1569 5111 1635 5152 ex
1685 5097 1794 5151 Deo
1829 5105 1934 5161 est,

355 5187 446 5256 qui
472 5195 526 5244 et
553 5203 650 5244 nos
669 5189 894 5245 idoneos
919 5189 1046 5248 fecit
1065 5188 1342 5246 ministros
1365 5188 1498 5246 Novi
1519 5188 1881 5244 Testamenti.
1913 5206 1932 5242 ι

358 5280 633 5345 Potentia,
682 5281 880 5353 inquit,
930 5292 1114 5338 nostra
1175 5296 1243 5338 ex
1296 5282 1408 5338 Deo
1461 5291 1547 5337 est
1581 5297 1597 5337 :
1633 5281 1748 5351 ipse
1793 5279 1937 5334 enim

2035 4821 2202 4890 ἐσμεν
2233 4817 2411 4872 ἱκανοὶ
2433 4815 2750 4886 λογίσασθαί
2775 4833 2824 4869 τι
2852 4815 2926 4880 ὡς
2957 4815 3018 4882 ἐξ
3039 4815 3268 4870 ἑαυτῶν.
3303 4832 3322 4868 ι

2121 5109 2140 5144 ι
2186 5089 2328 5144 Ἀλλ’
2385 5090 2419 5161 ή
2465 5087 2721 5157 ἱκανότης
2765 5089 2922 5160 ἡμῶν
2961 5090 3025 5143 ἐκ
3062 5089 3158 5145 τοῦ
3210 5088 3361 5154 Θεοῦ,
3404 5084 3455 5148 ὃς
3496 5079 3568 5133 καὶ

2044 5183 2314 5239 ἱκάνωσεν
2360 5182 2508 5253 ἡμᾶς
2537 5180 2819 5243 διακόνους
2846 5181 3078 5252 (Καινῆς
3128 5183 3414 5254 Διαθήκης.
3459 5193 3474 5226 ι
3519 5169 3567 5223 Ἦ

2042 5277 2293 5348 δύναμις,
2313 5277 2500 5347 φησιν,
2523 5277 2556 5346 ἡ
2567 5274 2682 5346 μῶν
2706 5277 2769 5328 ἐκ
2795 5275 2930 5328 Θεοῦ
2967 5278 3114 5330 ἐστιν
3135 5293 3150 5308 ·
3178 5277 3336 5338 αὐτὸς
3362 5273 3456 5340 γὰρ
3475 5263 3568 5319 lxi-

358 5377 584 5430 iloneos
639 5391 742 5432 nos
786 5377 1038 5444 reddidit,
1076 5378 1180 5433 hoc
1232 5385 1318 5433 est
1373 5374 1674 5441 roboravit,
1715 5374 1939 5430 idoneos

2045 5388 2216 5426 νωσεν
2265 5371 2434 5440 ἡμᾶς,
2473 5368 2752 5422 τουτέστιν
2802 5367 3231 5439 ὲνεδυνάμωσεν,
3284 5357 3566 5433 ἐπιτηδείους

362 5467 490 5522 fecit
514 5469 791 5525 ministros
815 5486 1022 5542 magna:
1051 5485 1116 5527 ac
1146 5470 1342 5528 divinae
1364 5467 1592 5539 hujusce
1615 5467 1715 5534 rei,
1745 5480 1939 5538 nempe

2045 5463 2343 5537 εἰργάσατο
2389 5461 2672 5524 διακόνους
2702 5459 2794 5514 τοῦ
2833 5460 3070 5530 μεγάλου
3104 5462 3296 5516 τούτου
3343 5457 3423 5511 καὶ
3454 5446 3566 5502 θείου

363 5559 495 5617 Novi
532 5562 882 5620 Testamenti.

2047 5557 2374 5629 πράγματος
2407 5555 2504 5626 τῆς
2533 5555 2741 5624 Καινῆς
2762 5553 3055 5624 Διαθήκης.

1727 5701 1928 5769 Varia)
1960 5700 2288 5767 lectiones.

453 5837 496 5867 "
530 5835 663 5906 πρὸς
700 5835 840 5906 ὃμᾶς
871 5851 921 5891 ο.
