3806 6564
133 332 228 398 829

849 329 1270 390 EXPOSITIO
1310 331 1391 391 IN
1433 329 1672 390 EPIST.
1720 330 1781 389 lI
1825 330 1924 390 AD
1957 329 2126 390 COB.
2157 355 2225 366 ·-
2257 329 2417 391 CAP.
2459 329 2578 392 III.

3273 324 3380 395 830

201 459 218 492 ι
247 439 316 494 Οὐ
342 437 684 508 γράμματος,
716 436 853 490 ἀλλὰ
883 438 1218 510 Πνεῦματος.
1254 458 1272 492 t
1310 439 1420 493 Καὶ
1453 441 1480 492 6
1538 440 1698 510 νόμος

1885 459 1902 491 ι
1956 439 2072 495 Non
2101 440 2427 506 litterae,sed
2475 440 2730 511 Spiritus.
2774 455 2793 490 ι
2822 435 2933 492 Lex
2978 435 3193 506 quidem
3223 439 3381 503 spiri-

136 534 223 606 μὲν
250 529 610 600 πνευματικὸς
637 524 726 600 ἦν,
770 531 1071 596 τουτέστιν,
1103 531 1206 584 ὑπὸ
1248 529 1566 601 Πνεῦματος
1614 531 1700 584 δο-

135 627 264 688 θείςο
302 623 360 676 οὐ
390 622 499 694 μὴν
534 621 760 694 Πνεῦμα
795 624 1073 695 ἐχορήγει,
1109 624 1185 689 ὡς
1218 627 1250 694 ὴ
1285 625 1484 695 Καινή.
1530 623 1701 678 Τοῦτο

133 715 479 784 οὖνλέγει,ὃτι
513 716 701 787 Ἦμεῐς
728 734 749 769 ι
775 717 836 770 οὐ
873 718 1201 790 γράμματος
1228 737 1246 770 t
1274 717 1698 787 έπιστεύθημεν,

132 811 194 874 ὡς
207 813 231 864 6
245 809 463 879 Μωσῆς,
489 826 509 861 ι
538 809 672 863 ἀλλὰ
691 811 1003 877 Πνεῦματος
1042 830 1064 865 ι
1083 811 1368 883 χορηγίαν.
1387 811 1494 865 Καὶ
1512 810 1620 881 γὰρ
1637 811 1697 863 o6

137 901 280 972 μόνον
302 901 649 971 πνευματικὰ
673 902 768 956 καὶ
786 905 831 936 ⁵³
855 903 974 958 θεῖα
1000 903 1278 958 ἐδίδασκον
1309 906 1356 958 οί
1385 903 1696 970 ἀπόστολοι,

130 996 252 1052 ἀλλὰ
281 994 500 1060 καὶτὰς
521 997 713 1069 χεῖρας
743 995 1105 1063 ἐπιτιθέντες,
1143 995 1369 1066 Πνεῦμα
1399 996 1662 1050 ἐδίδοσαν.

199 1121 216 1154 ι
262 1102 333 1155 Τὸ
384 1102 498 1174 γὰρ
561 1103 797 1174 γράμμα
861 1103 1196 1170 ἀποκτείνει,
1254 1103 1318 1157 τὸ
1368 1104 1427 1158 δὲ
1475 1104 1701 1176 Πνεῦμα

131 1198 382 1262 ζωοποιεῖ.
420 1215 438 1246 ι
497 1196 558 1248 '0
607 1195 792 1266 νόμος,
834 1196 1018 1266 φησὶν,
1047 1194 1142 1248 ἐὰν
1183 1195 1323 1266 λάϐῃ
1364 1195 1484 1249 τινὰ
1515 1196 1698 1265 ἁμαρ-

129 1286 273 1339 τόντα
316 1286 457 1338 κατὰ
491 1283 555 1338 τὸ
576 1284 768 1339 δοκοῦν
805 1285 1112 1356 ἐλάχιστον,
1152 1286 1229 1349 ὡς
1256 1287 1349 1339 τὸν
1377 1287 1445 1340 τὰ
1480 1287 1613 1352 ξύλα
1643 1287 1700 1338 έν

113 1373 367 1444 ’Σαϐϐάτῳ
401 1374 759 1442 συλλέξαντα,
792 1376 1008 1446 ἀναιρεῖ
1030 1391 1044 1405 ·
1077 1377 1136 1429 τὸ
1177 1376 1236 1428 δὲ
1269 1377 1426 1444 ἅγιον
1453 1375 1698 1448 Πνεῦμα,

129 1468 240 1530 τοὺς
270 1466 438 1537 μυρία
483 1469 636 1524 κακὰ
687 1467 1228 1540 πεπλημμεληκότας
1281 1469 1700 1540 ὑποδεχόμενον,

132 1563 180 1615 ὲν
204 1564 262 1633 τῇ
293 1561 657 1634 κολυμϐήθρᾳ
693 1561 788 1615 τοῦ
821 1545 1196 1633 βαπτίσματος
1225 1563 1446 1631 δικαιοῖ,
1481 1563 1574 1616 καὶ
1616 1581 1704 1617 νε-

132 1653 490 1724 νεκρωμένους
526 1657 596 1724 τῇ
626 1653 876 1726 ἁμαρτίᾳ
910 1653 1186 1718 ζωοποιεῖ.

1805 534 1965 590 tualis
2025 544 2129 601 εει,
2163 535 2262 589 hoc
2314 545 2399 589 est
2458 550 2488 588 a
2544 532 2750 604 Spiritu
2810 532 2982 587 data:
3033 545 3142 584 non
3204 537 3382 582 tamen

1805 626 2071 694 Spiritum
2111 627 2518 696 suppeditabat,
2544 628 2856 681 utNovum.
2886 623 3000 678 Hoc
3029 621 3194 694 igitur
3211 619 3376 674 dicit:

1802 717 1970 775 Nobis
2002 733 2106 775 n0u
2142 719 2335 774 littera:
2369 720 2511 775 sicut
2568 719 2758 790 Moysi,
2793 719 2897 780 sed.
2913 717 3150 786 Spiritus
3183 725 3384 781 suppe-

1802 811 1992 867 ditatio
2011 813 2300 868 commissa
2325 823 2431 868 est.
2468 813 2678 866 Etenim
2710 827 2820 866 non
2851 819 3059 865 tantum
3080 805 3381 877 spiritualia

1801 906 2056 960 etdivina
2114 906 2382 961 docebant
2433 905 2684 976 apostoli,
2741 904 3098 959 verumetiam
3157 914 3382 954 manum

1802 999 2164 1069 imponentes,
2197 999 2460 1068 Spiritum
2488 998 2710 1052 dabant.

1878 1131 1897 1164 ι
1935 1111 2140 1166 Littera
2173 1110 2316 1164 enim
2347 1108 2568 1172 occidit,
2590 1107 2830 1176 Spiritus
2851 1113 3030 1160 autem
3067 1101 3323 1156 viviﬁcat.
3358 1117 3377 1151 ι

1805 1205 1939 1268 Lex,
1994 1204 2196 1274 inquit,
2253 1203 2296 1258 si
2355 1201 2630 1272 acerperit
2676 1198 2987 1269 quempiam
3040 1204 3382 1267 peccantem,

1807 1298 1969 1351 etiam
2014 1297 2066 1350 iu
2112 1311 2177 1350 eo
2206 1295 2350 1364 quod
2395 1294 2676 1348 minimum
2711 1291 3013 1353 videretur,
3067 1287 3230 1341 veluti
3287 1286 3378 1352 qui

1804 1390 1856 1444 in
1902 1389 2139 1443 Sabbato
2185 1386 2329 1457 ligna
2377 1385 2710 1454 collegisset,
2742 1396 2864 1435 eum
2911 1378 3049 1432 tollit
3104 1392 3135 1432 e
3186 1374 3382 1428 medio.

1805 1481 2040 1550 Spiritus
2082 1489 2261 1535 autem
2297 1487 2520 1533 sanctus
2549 1491 2644 1532 eos
2697 1474 2790 1544 qui
2848 1473 3133 1526 innumera
3181 1466 3384 1537 ﬂagitia

1803 1573 2189 1630 commiserunt
2260 1569 2581 1639 suscipiens,
2635 1568 2688 1621 in
2734 1567 2956 1621 lavacro
3043 1558 3386 1630 baptistnatis

1808 1665 2075 1738 justilicat
2133 1673 2486 1731 mortuosque
2510 1667 2734 1730 peccato
2771 1655 3034 1710 viviﬁcat.

196 1781 213 1814 ι
245 1762 304 1816 Εἰ
331 1761 389 1815 δὲ
426 1763 461 1834 ἠ
493 1761 742 1818 διακονία
774 1763 870 1818 τοῦ
900 1765 1133 1818 θανάτου
1161 1766 1218 1818 έν
1243 1765 1566 1836 γράμμασιν
1609 1765 1696 1818 ἐν-

1871 1775 2036 1845 258
2063 1773 2228 1828 Vens.
2257 1772 2310 1825 ’1.
2343 1770 2524 1837 «ρυοά
2555 1770 2600 1823 si
2620 1765 2947 1822 ministratio
2967 1762 3158 1818 mortis
3191 1759 3385 1814 litteris

129 1853 466 1924 τετυπωμένη
507 1855 570 1908 ἐν
593 1854 762 1918 λίθοις
787 1856 1023 1926 ἐγενήθη
1057 1859 1114 1908 ὲν
1147 1855 1293 1930 δόξῃ.
1329 1875 1347 1908 ι
1385 1855 1613 1920 Διδάξας
1638 1858 1696 1908 ἐν
1731 1873 1743 1885 '

132 1953 226 2012 τοῖς
241 1950 347 2004 ἄνω
371 1947 469 2018 τὴν
481 1948 752 2020 διαφορὰν
776 1949 874 2018 τῆς
894 1948 1040 2012 Νέας
1055 1949 1130 2009 ὡς
1154 1949 1287 2019 πρὸς
1307 1948 1406 2020 τὴν
1428 1947 1697 2013 Παλαιὰν,

131 2039 196 2106 τῷ
227 2039 438 2109 ἐκείνην
485 2040 592 2108 μὲν
633 2040 692 2092 έν
724 2037 935 2109 μέλανι,
960 2039 1169 2110 ταύτην
1205 2037 1260 2091 δὲ
1303 2039 1361 2092 ὲν
1411 2037 1696 2105 Πνεῦματι

133 2130 451 2201 γεγρὲφθαι·
492 2128 761 2200 κάκείνην
789 2131 846 2181 ὲν
884 2128 1075 2194 λίθοις,
1126 2127 1328 2200 ταύτην
1369 2128 1425 2182 δὲ
1461 2129 1519 2182 ὲν
1563 2147 1702 2200 καρο

133 2223 285 2284 δίαις·
337 2222 433 2275 καλ⁸
506 2221 858 2274 ἀποκτείνειν
928 2220 1028 2290 μὲν
1087 2219 1327 2290 ἐκείνην,
1378 2217 1585 2288 ταύτην
1644 2218 1702 2272 δὲ

135 2313 428 2378 ζωοποιεῖν
459 2313 565 2367 νῦν
592 2311 840 2384 βούλεται
877 2311 1070 2378 δεῖξαι,
1119 2311 1203 2365 ὅτι
1235 2310 1329 2364 καὶ
1370 2313 1402 2381 ἡ
1435 2310 1565 2375 δόξα
1601 2307 1696 2364 τοῦ

137 2407 448 2476 Εὐαγγελίου
481 2407 714 2477 μείζων.
750 2405 905 2459 Ἐπεὶ
929 2404 986 2458 δὲ
1009 2405 1038 2456 6
1066 2403 1228 2474 νόμος
1256 2402 1520 2474 αἰσθητὴν
1541 2403 1699 2467 δόξαν

137 2498 264 2569 ἔσχε,
284 2498 378 2569 τὴν
395 2497 488 2552 τοῦ
516 2495 816 2568 προσώπου
834 2495 1079 2557 Μωσέως
1096 2513 1109 2526 ·
1132 2496 1164 2565 ὴ
1185 2495 1243 2548 δὲ
1266 2493 1462 2566 Καινὴ,
1478 2493 1696 2564 νοητὴν,

136 2591 193 2662 ἦν
210 2591 371 2656 οὐδεὶς
403 2591 689 2663 αἰσθητῶς
718 2592 820 2662 ὁρᾷ
843 2605 859 2622 ⁸
899 2589 1008 2644 ἀπὸ
1036 2587 1298 2659 λογισμοῦ
1337 2587 1382 2620 ⁵³
1404 2587 1502 2659 τὴν
1533 2589 1703 2658 ὑπερ-

139 2684 250 2754 οχὴν
273 2684 369 2753 τῆς
404 2683 502 2737 τοῦ
549 2681 885 2751 Εὑαγγελίου
925 2681 1084 2751 δόξης
1111 2681 1372 2746 δείκνυσι,
1401 2679 1495 2734 καί
1516 2697 1701 2750 φησιν,

137 2775 206 2828 ὅτι
251 2777 278 2829 6
310 2775 474 2846 νόμος
527 2774 777 2838 διάκονος
833 2768 902 2845 ἦν
962 2774 1217 2830 θανάτου.
1278 2773 1394 2826 Οὐκ
1445 2769 1567 2826 εἷπε
1621 2772 1699 2836 δὲ,

146 2865 429 2934 Ποιητικδς,
461 2864 560 2920 ἵνα
592 2867 668 2936 μη
714 2863 790 2934 δῷ
816 2863 1002 2934 χώραν
1048 2866 1162 2926 τοῖς
1195 2865 1513 2934 αἱρετικοῖς,
1552 2861 1696 2930 ἀλλ’,

148 2955 456 3028 Ὗπουργός.
506 2959 578 3012 Ἠ
628 2958 737 3029 γὰρ
770 2957 1012 3029 ἁμαρτία
1044 2952 1112 3028 ἦν
1151 2956 1413 3026 ποιητικὴ
1449 2955 1703 3020 θανάτου,

142 3047 274 3117 οὗτος
299 3053 355 3107 δὲ
382 3052 482 3124 τὴν
512 3052 744 3106 κόλασιν
775 3052 1004 3122 ἐπῆγεν.
1059 3049 1222 3105 Ἀλλὰ
1271 3050 1368 3103 καὶ
1399 3048 1708 3120 γράμματα

1803 1867 2101 1922 delormata
2137 1865 2190 1918 in
2222 1862 2487 1931 lapidibus
2533 1858 2634 1914 fuit
2669 1860 2723 1913 in
2768 1857 2964 1926 gloria.
3004 1873 3023 1906 ι
3057 1854 3190 1908 Cum
3220 1864 3386 1919 supra

1805 1958 2082 2014 docuisset
2135 1956 2427 2010 discrimen
2465 1952 2601 2007 Novi
2645 1963 2701 2006 et
2747 1948 2960 2004 Veteris
3023 1944 3382 2009 Testameuti,

1804 2052 1948 2121 quod
1975 2050 2105 2104 illud
2135 2049 2353 2118 quidem
2386 2054 2712 2107 atramento,
2741 2044 2843 2098 hoc
2869 2055 2997 2095 vero
3022 2039 3224 2106 Spiritu
3246 2037 3387 2090 scri-

1805 2144 1951 2200 bitur
1981 2160 1996 2196 :
2028 2150 2082 2196 et
2101 2140 2234 2195 illud
2263 2139 2476 2208 quidem
2504 2138 2557 2191 iu
2583 2135 2872 2205 lapidibus,
2898 2132 3002 2186 hoc
3021 2145 3147 2185 vero
3183 2129 3234 2182 in
3265 2143 3386 2182 cor-

1804 2234 1962 2289 dibus
1991 2231 2263 2288 scribatur
2300 2246 2312 2282 :
2348 2237 2459 2281 tum
2503 2225 2646 2296 quod
2691 2223 2820 2276 illud
2861 2221 3093 2285 occidat,
3116 2219 3217 2273 hoc
3254 2232 3385 2272 vero

1806 2325 2240 2380 viviﬁcetznunc
2285 2319 2571 2374 ostendere
2610 2317 2746 2381 vult,
2787 2313 2930 2384 quod
2962 2313 3133 2383 gloria
3169 2325 3385 2380 quoque

1805 2415 2086 2484 Evangelii
2117 2412 2287 2481 major
2311 2411 2404 2466 sit.
2437 2408 2574 2476 Quia
2605 2423 2734 2462 vero
2760 2407 2841 2460 lex
2887 2405 3116 2476 gloriam
3150 2403 3387 2457 sensibi-

1806 2511 1910 2564 lem
1950 2508 2159 2571 habuit,
2199 2505 2342 2560 illam
2372 2503 2584 2558 scilicet
2609 2516 2732 2570 quae
2773 2500 2826 2554 in
2859 2498 3008 2552 vultu
3044 2485 3207 2550 hiosis
3240 2494 3388 2548 reui-

1805 2604 1973 2666 tebat,
2035 2600 2241 2654 Novum
2293 2612 2422 2651 vero
2471 2593 2878 2649 Testamentum
2927 2587 3378 2650 intellectualem,

1806 2709 1967 2764 quam
2009 2706 2168 2748 nemo
2200 2689 2530 2745 sensibiliter
2561 2687 2738 2752 videt;
2773 2700 2802 2738 a
2847 2681 3261 2738 ratiocinatione
3287 2693 3386 2731 ex-

1809 2783 2126 2838 cellentiam
2177 2778 2506 2848 evangelicae
2559 2775 2742 2845 gloria:
2802 2772 3062 2834 ostendit,
3109 2767 3386 2835 inquiens,

1809 2876 1915 2931 Lex
1952 2876 2195 2930 ministra
2217 2881 2334 2929 erat
2369 2871 2579 2926 mortis.
2610 2867 2726 2923 Non
2774 2865 2909 2920 dixit
2942 2872 3120 2918 autem
3172 2859 3390 2914 Factrix

1809 2970 2022 3035 uortis,
2053 2982 2120 3022 ne
2147 2969 2236 3022 det
2255 2966 2430 3021 locum
2472 2960 2762 3024 haereticis,
2794 2958 2909 3023 sed,
2940 2953 3213 3025 Adjutrix.
3251 2951 3389 3006 Pec-

1813 3072 1994 3117 catum
2016 3074 2250 3128 namque
2275 3065 2506 3112 mortem
2533 3053 2802 3118 iaciebat;
2839 3050 2925 3104 lex
2956 3057 3136 3102 autem
3175 3057 3390 3116 ptenam

145 3143 265 3210 μόνα
292 3137 380 3212 ἦν,
413 3144 476 3196 οὑ
513 3141 774 3213 βοήθειάν
811 3157 934 3194 τινα
982 3139 1240 3212 παρέχων
1277 3141 1390 3202 τοῖς
1435 3138 1704 3206 ἀγωνιζο-

1826 3153 2047 3208 induxit.
2107 3149 2376 3204 Praeterea
2437 3147 2630 3200 litterae
2700 3151 2907 3196 tantum
2965 3141 3050 3194 lex
3095 3137 3216 3202 fuit,
3284 3149 3391 3190 non

147 3233 328 3302 μένοις,
352 3235 488 3306 ὅπερ
526 3235 622 3288 ἐπὶ
646 3233 742 3288 τοῦ
776 3233 1154 3303 βαπτίσματος
1188 3232 1422 3300 γίνεται,
1448 3230 1585 3283 ἀλλὰ
1613 3227 1708 3281 καὶ

145 3325 230 3389 τὰς
263 3329 540 3398 τιμωρίας
578 3325 1000 3392 ἀνεξαλείπτους
1047 3323 1436 3378 ὑποδεικνύων.
1491 3321 1583 3374 Ἐν
1623 3320 1707 3372 λί-

147 3419 246 3484 θοις
265 3421 388 3493 γὰρ,
422 3421 620 3491 φησιν,
657 3419 1082 3490 ἐντετυπωμένη
1133 3414 1202 3489 ἦν
1251 3418 1285 3486 ἡ
1335 3414 1582 3469 διακονία
1613 3411 1708 3466 τοῦ

148 3512 352 3566 θανάτου
375 3513 547 3585 αῦτη.
573 3514 634 3567 Et
653 3512 830 3567 τοίνυν
847 3513 876 3564 6
898 3511 1062 3581 νόμος
1088 3511 1330 3572 τοιοῦτος
1351 3505 1449 3573 ὢν,
1477 3505 1708 3578 ἐγενήθη

148 3607 197 3658 ὲν
252 3607 394 3680 δόξῃ,
445 3608 608 3678 πόσῳ
676 3607 877 3678 μᾶλλον
929 3608 964 3675 ἡ
1029 3605 1229 3678 χάρις,
1279 3607 1314 3678 ἠ
1361 3605 1710 3678 ἀσυγκρίτως

150 3696 466 3770 ὑπερέχουσα
493 3714 518 3765 ;

215 3823 233 3858 ί
267 3807 425 3860 Ὥστε
458 3805 543 3877 μὴ
585 3803 846 3859 δύνασθαι
877 3803 1120 3858 ἀτενίσαι
1145 3806 1270 3869 τοὺς
1304 3805 1454 3868 υἱοὺς
1499 3804 1715 3876 Ἰσραὴλ

152 3898 220 3960 είς
255 3897 313 3952 τό
356 3899 656 3970 πρόσωπον
685 3897 952 3964 Μωσέως,
975 3897 1063 3952 διὰ
1091 3897 1189 3969 τὴν
1217 3897 1374 3965 δόξαν
1416 3896 1512 3950 τοῦ
1547 3914 1718 3968 προσ-

152 3988 284 4042 ώπου
311 3991 503 4056 αὐτοῦ,
537 3991 638 4059 τὴν
666 3989 1143 4060 καταργουμένην.
1175 4007 1195 4042 ι
1225 3990 1540 4060 Κατηγορεῖ
1557 3987 1717 4059 λελησ-

157 4085 308 4151 θότως
329 4089 434 4142 τῶν
466 4087 768 4142 Ἰουδαίων.
787 4085 945 4140 Οὕτω
964 4087 1095 4157 γὰρ,
1123 4086 1312 4157 φησὶν,
1334 4081 1476 4157 ἦσαν
1501 4087 1718 4156 παχεῖς,

158 4175 223 4244 ὥς
267 4183 394 4252 μηδὲ
450 4181 719 4253 αἰσθητὴν
765 4181 924 4247 δόξαν
957 4179 1219 4234 δύνασθαι
1261 4180 1416 4251 ὁρᾷν.
1448 4179 1562 4233 Οὐκ
1596 4176 1718 4231 εἷπε

158 4273 225 4333 δὲ.
253 4274 332 4328 ὅτι
361 4277 390 4328 6
411 4276 582 4346 νόμος
610 4275 708 4327 καὶ
731 4273 789 4327 αἱ
828 4273 1034 4336 πλάκες
1066 4268 1210 4342 εἶχον
1236 4271 1331 4341 τὴν
1365 4271 1549 4338 δόξαν,
1579 4269 1720 4324 ἀλλὰ

161 4367 213 4420 τὸ
231 4369 463 4434 Μωσέως
487 4369 781 4440 πρόσωπον
807 4385 821 4400 ·
847 4370 875 4421 6
902 4367 1011 4438 γὰρ
1034 4367 1240 4438 Μωσῆς
1267 4361 1334 4438 ἦν
1361 4365 1590 4431 ἔνδοξος,
1617 4365 1718 4434 οὐχ

1817 3246 2078 3302 auxilium
2129 3251 2398 3314 praestans
2440 3236 2797 3299 certantibus,
2827 3232 2967 3301 quod
3006 3233 3064 3285 iit
3103 3231 3155 3284 in
3189 3227 3394 3297 baptis-

1821 3348 1984 3404 mate,
2039 3336 2134 3392 sed
2197 3345 2252 3389 et
2307 3329 2568 3402 supplicia
2639 3324 2952 3382 imlelebilia
3013 3321 3389 3377 subimlicans.

1821 3427 2112 3499 Lapidibus
2135 3425 2277 3480 enim
2306 3424 2625 3490 impressmn
2667 3416 2764 3470 fuit
2792 3417 2894 3468 hoc
2927 3413 3116 3466 mortis
3144 3411 3400 3464 ministe-

1821 3523 1983 3580 rium.
2009 3521 2065 3576 Si
2087 3521 2249 3590 igitur
2273 3517 2382 3581 lex,
2404 3531 2525 3570 cum
2552 3510 2857 3583 hujusmodi
2882 3509 2973 3573 sit,
3003 3507 3103 3560 fuit
3121 3507 3173 3558 in
3196 3503 3392 3574 gloria,

1821 3627 2024 3687 quanto
2065 3614 2242 3684 potius
2295 3610 2490 3684 gratia,
2529 3622 2648 3676 qua:
2697 3604 2850 3659 illam
2906 3597 3398 3668 incomparabiliter

1821 3708 2035 3764 excellit
2060 3709 2084 3762 ἳ

1901 3837 1919 3870 ι
1957 3817 2032 3872 lta
2059 3812 2126 3871 'ut
2149 3831 2256 3870 non
2308 3819 2528 3880 possent
2558 3810 2794 3880 deligere
2833 3805 3020 3861 oculos
3061 3802 3152 3856 lilii
3181 3799 3399 3856 lsraelis

1825 3911 1878 3964 in
1904 3908 2096 3964 faciem
2136 3905 2306 3977 Moysi
2355 3913 2574 3974 propter
2611 3902 2837 3973 gloriam
2879 3896 3060 3952 vultus
3114 3893 3232 3964 ejus
3283 3906 3400 3960 quae

1827 4001 2092 4057 aboletur.
2124 4017 2142 4051 ι
2178 3996 2492 4053 Clanculum
2528 3993 2743 4050 Iudaeos
2780 3997 3025 4046 accusat.
3068 3987 3217 4042 Adeo
3249 4000 3402 4038 nam-

1827 4107 1934 4166 que
1999 4090 2184 4156 rudes,
2240 4089 2438 4158 inquit,
2476 4086 2714 4153 fuerunt,
2757 4094 2815 4140 ut
2859 4097 3033 4153 neque
3093 4077 3400 4135 sensibilem

1829 4185 2056 4258 gloriam
2079 4183 2276 4240 intueri
2297 4191 2533 4252 possent.
2560 4178 2676 4235 Non
2717 4179 2854 4233 dixit
2884 4187 3085 4240 autem,
3115 4171 3256 4241 quod
3315 4169 3398 4222 lex

1827 4290 1882 4334 et
1913 4277 2107 4333 tabulae
2129 4275 2417 4331 habuerint
2442 4273 2696 4343 gloriam,
2729 4271 2822 4324 sed
2855 4268 3035 4323 vultus
3068 4264 3251 4318 Musis.
3284 4259 3402 4314 Mo-

1826 4385 1915 4426 ses
1937 4371 2084 4427 enim
2114 4367 2344 4424 celebris
2367 4374 2512 4428 erat,
2548 4377 2654 4417 non
2691 4359 2882 4414 tabula:
2915 4357 3065 4427 legis.
3095 4353 3401 4420 Quinetiam

161 4461 209 4558 αἱ
230 4459 426 4525 πλάκες
450 4460 550 4514 τοῦ
576 4460 765 4530 νόμου.
807 4459 970 4513 Ἀλλὰ
992 4459 1089 4514 καὶ
1113 4458 1284 4530 αὐτὴν
1306 4457 1405 4529 τὴν
1434 4455 1592 4522 δόξαν
1625 4453 1708 4509 τοῖ

1830 4465 2000 4532 ipsam
2031 4461 2195 4516 Mosis
2221 4459 2448 4530 gloriam
2509 4453 2668 4519 tollit,
2707 4451 2962 4506 abolitam
3009 4447 3155 4501 illam
3191 4443 3400 4507 dicens,

163 4551 387 4616 Μωσέως
436 4553 719 4623 καθαιρεῖ,
767 4551 1222 4622 καταργουμένην
1265 4551 1438 4616 λέγων
1493 4547 1723 4618 ταύτην,

163 4643 271 4696 ἀντὶ
299 4643 411 4711 τοῦ,
461 4644 805 4715 παυομένην.
845 4643 986 4714 Ὅρα
1028 4641 1108 4705 δὲ,
1147 4643 1230 4695 ὅτι
1282 4641 1382 4694 οὐκ
1431 4636 1572 4705 εἷπε,
1615 4639 1727 4706 Τὴν

167 4735 414 4834 πονηρὰν,
459 4735 620 4802 ἀλλὰ,
689 4736 802 4806 Τὴν
831 4733 985 4798 τέλος
1031 4732 1438 4804 λαμϐάνουσαν,
1493 4732 1586 4785 καὶ
1628 4729 1730 4801 ἀρ·-

166 4839 374 4891 γουσαν.

236 4954 254 4988 ι
291 4938 410 5001 Πῶς
459 4940 586 5008 οὐχὶ
622 4937 824 5008 μᾶλλον
875 4938 909 5006 ἡ
955 4934 1204 4990 διακονία
1261 4932 1356 4986 τοῦ
1410 4931 1727 5000 Πνεύματος

171 5026 312 5081 ἔσται
352 5032 409 5083 ὲν
463 5030 628 5103 δόξῃς
669 5049 686 5081 ι
729 5030 942 5100 ’Ὠσπερ
970 5025 1092 5080 εἷπε
1137 5027 1228 5080 τὸν
1263 5025 1426 5093 νόμον
1452 5022 1732 5077 διακονίαν

173 5115 406 5187 θανάτου,
435 5123 728 5175 ἀκόλουθον
764 5116 831 5191 ἦν
863 5123 1038 5173 εἰπεῖν
1085 5119 1146 5172 τὸ
1192 5117 1524 5186 Εὑαγγέλιον
1554 5117 1736 5169 διακο-

173 5208 280 5262 νίαν
322 5211 465 5280 ζωῆς
493 5228 508 5242 ⁸
544 5213 574 5266 ὃ
620 5213 676 5266 δὲ
725 5212 786 5266 τὸ
842 5212 1028 5282 μεῖζον
1070 5207 1215 5276 εἷπε,
1255 5230 1273 5262 r
1327 5209 1670 5278 Πνεῦματος.
1711 5227 1729 5258 ι

185 5298 244 5352 ΊΙ
271 5303 370 5374 γὰρ
391 5306 566 5376 Καινὴ
592 5307 836 5376 Διαθήκη
857 5305 1118 5376 χορηγίαν
1142 5304 1256 5375 ἔχει
1281 5305 1339 5358 οὐ
1366 5305 1509 5374 ζωῆς
1539 5303 1720 5372 μόνον,

178 5391 305 5448 ἀλλὰ
340 5399 397 5448 τὸ
424 5399 632 5469 μεῖζον,
663 5399 758 5453 καὶ
802 5399 1142 5470 Πείεύματος,
1179 5396 1272 5450 τοῦ
1316 5395 1412 5466 τὴν
1461 5395 1607 5466 ζωὴν
1644 5411 1732 5464 χο·

1831 4558 1934 4612 hoc
1975 4563 2058 4611 est
2103 4553 2493 4624 quiescentem.
2543 4545 2680 4601 Vide
2743 4553 2924 4597 autem
2985 4538 3256 4608 quomodo
3297 4551 3402 4589 nou

1832 4647 2062 4709 dixerit,
2106 4659 2363 4716 pravam,
2409 4639 2540 4704 sed,
2584 4637 2744 4692 linem
2787 4633 3142 4704 accipientem
3186 4640 3240 4686 et
3284 4643 3406 4683 ces-

1833 4743 2065 4792 santem.

1913 4927 2076 4982 Vens.
2109 4925 2162 4980 8.
2199 4944 2219 4978 ι
2256 4923 2536 4992 Quomodo
2566 4935 2674 4975 non
2717 4918 2888 4988 magis
2937 4910 3259 4970 ministratio
3290 4909 3407 4979 Spi-

1839 5024 1977 5077 ritus
2017 5021 2119 5075 erit
2149 5019 2202 5072 in
2239 5015 2450 5087 gloria?
2487 5033 2504 5066 l
2549 5009 3015 5079 Quemadmodum
3067 5005 3234 5074 legem
3260 5003 3412 5056 dixe-

1835 5125 1922 5170 rat
1951 5112 2312 5169 miuisterium
2345 5108 2557 5172 mortis,
2592 5107 2665 5160 ita
2695 5118 3036 5173 consequens
3059 5106 3177 5154 erat
3197 5097 3443 5159 dicere“

1843 5206 2195 5277 Evangeliutn
2226 5218 2350 5258 esse
2383 5197 2744 5253 ministerium
2769 5197 2890 5249 vitae
2933 5211 2945 5247 :
2981 5203 3032 5245 at
3066 5190 3206 5260 quod
3239 5185 3413 5254 majus

1836 5309 1920 5352 est.
1977 5299 2132 5362 dixit,
2187 5295 2466 5357 nimirum,
2535 5308 2554 5341 ι
2609 5289 2862 5357 Spiritus.
2925 5304 2944 5337 ›
2998 5283 3204 5338 Novum
3265 5280 3409 5333 cuim

1839 5391 2252 5445 Testamentum
2298 5384 2680 5458 Sttppeditandi
2715 5380 3026 5436 facultatem
3079 5376 3262 5443 habet,
3298 5389 3404 5428 non

1471 5571 1675 5635 Variis
1707 5569 2040 5632 lectiones.

247 5738 288 5768 "
312 5741 424 5794 τινὰ
455 5757 502 5796 0.
582 5743 626 5774 ⁵³
656 5739 1020 5814 συλλογισμοῦ
1040 5756 1091 5796 o.
