3806 6568
173 465 261 529 833

879 454 1289 516 EXposrrto
1330 453 1413 513 IN
1448 416 1689 513 1111151:
1731 454 1783 512 ιι
1824 455 1924 513 AD
1956 452 2126 513 con.
2154 424 2397 514 —CAP.
2435 452 2553 512 111.

3299 447 3405 511 834

177 592 254 647 μα
280 567 362 624 τοῦ
399 565 529 619 Θεοῦ
567 566 634 628 ⁸⁸,
667 565 834 633 ἤγουν
887 564 946 617 τὸ
993 563 1351 632 Εύαγγέλιον,
1389 566 1483 617 καὶ
1534 564 1592 616 οὐ
1633 563 1715 616 δε-

1880 564 1988 615 eri:
2024 562 2136 627 Dei,
2173 579 2366 632 nempe
2404 562 2751 633 Evangelitm
2782 576 2797 626 ;
2844 575 3018 629 neque
3046 575 3182 629 opus
3220 570 3304 614 est
3341 574 3403 614 ea

171 664 319 736 όμεθα
347 657 711 728 ἀποκρύπτειν
739 656 914 709 ταῦτα
951 657 1101 728 ὑμῖν,
1131 655 1323 725 ὥσπερ
1364 656 1471 709 τινὶ
1503 656 1713 725 καλύμ-

175 772 304 829 ματι,
332 755 393 823 τῇ
427 750 686 821 ἀσαψείᾳ.
730 751 792 803 Ol
833 750 888 802 δὲ
931 749 1265 821 Ἰσραηλῖται
1305 752 1500 821 παχεῖς
1532 748 1709 814 ὅντες,

170 852 254 904 οὐκ
277 844 524 917 ἠδύναντο
569 842 718 907 ἰδεῖν,
747 845 829 896 ὅτι
862 843 1015 903 τέλος
1054 842 1168 912 ἔχει
1204 845 1232 896 ὀ
1268 842 1455 911 νόμος,
1504 843 1598 895 καὶ
1629 843 1713 895 ὅτι

171 938 616 1008 καταργηθήσεται
643 954 656 969 ο
684 938 742 989 τὸ
770 936 1173 1008 γὰρ’κάλυμμα
1227 935 1325 1006 τὴν
1355 936 1586 1005 παχεῖαν
1615 936 1717 988 αὐ·-

168 1036 259 1087 τών
283 1030 508 1085 διάνοιαν
545 1028 694 1100 δηλοί
746 1029 914 1093 ⁸⁷,ώς
969 1029 1097 1098 ἑξῆς
1150 1027 1393 1099 μαθήσῃ.
1454 1027 1611 1090 Τινὲς
1659 1026 1717 1079 δὲ

170 1127 318 1187 οὔτως
349 1120 591 1188 ἐνόησαν,
628 1121 712 1173 ὅτι
739 1120 870 1174 αὐτὸ
896 1120 1054 1173 τοῦτο
1086 1120 1145 1174 τὸ
1182 1120 1256 1190 μὴ
1280 1120 1545 1174 δύνασθαι
1573 1119 1720 1171 ἐκείο

167 1236 271 1282 νους
291 1217 550 1282 ἀτενίσαι,
578 1214 823 1266 ἐδείκνυε
848 1213 945 1284 τὴν
970 1214 1131 1281 δόξαν
1160 1214 1314 1276 τέλος
1335 1213 1594 1284 ἔχουσαν.
1624 1212 1718 1283 Μὴ

173 1309 396 1379 ὁρωμένη
448 1308 577 1378 γὰρ,
620 1306 740 1360 οὐδὲ
794 1305 920 1371 δόξα
944 1302 1050 1378 ἦν·
1079 1308 1173 1360 καὶ
1216 1306 1391 1370 οὕτως
1436 1306 1717 1375 ἐδηλοῦτο,

167 1406 236 1457 ὅτι
275 1402 629 1473 ὀλιγοχρόνιος
670 1401 846 1467 ἔσται,
897 1404 960 1455 ὲκ
1021 1402 1114 1455 τοῦ
1172 1402 1307 1473 μηδὲ
1372 1401 1528 1467 δόξαν
1592 1402 1720 1472 φαίσ

167 1497 346 1551 νεσθαι.

232 1704 249 1736 1
288 1683 418 1737 Ἀλλ’
447 1682 827 1754 ἐπωρώθησαν
848 1682 917 1736 τά
945 1682 1197 1753 νοήματα
1220 1681 1400 1736 αὐτῶν
1421 1697 1436 1713 ο
1460 1682 1587 1753 ἄχρι
1616 1680 1726 1753 γὰρ

165 1781 246 1850 τῆς
278 1778 512 1848 σήμερον
570 1776 631 1830 τὸ
682 1776 813 1830 αύτδ
846 1775 1109 1846 κάλυμμα
1140 1775 1232 1828 ἐπὶ
1288 1778 1353 1845 τῇ
1416 1775 1726 1843 ἀναγνώσει

165 1873 246 1941 τῆς
270 1871 508 1934 Παλαιᾶς
546 1869 827 1941 Διαθήκης
867 1870 1040 1939 μένει,
1073 1869 1148 1941 μὴ
1177 1869 1723 1938 ἀνακαλυπτόμενον,

1822 657 1973 710 Vobis
2007 655 2341 710 obscuritate
2390 665 2644 725 tauquam
2697 652 2965 708 velamine
3010 653 3263 723 quopiam
3309 666 3408 707 oc:

1820 750 2045 805 culture.
2083 749 2340 804 Israelitre
2386 758 2589 809 autem,
2640 757 2822 816 utpote
2866 748 3049 810 rudes,
3095 761 3203 798 11011
3253 753 3410 814 pote-

1824 854 1946 898 rant
1980 845 2164 898 videre
2204 844 2343 913 quod
2383 841 2540 896 linem
2577 841 2824 895 habitura
2863 848 2982 893 erat
3014 840 3117 903 lex,
3156 837 3409 907 quodque

1823 937 2132 1009 abroganda
2162 935 2322 990 foret.
2353 933 2538 988 V'elum
2561 935 2704 986 enim
2737 932 2986 1000 pinguem
3015 946 3222 983 necnon
3258 945 3411 982 cras-

1825 1047 1941 1088 sam
1976 1048 2161 1087 eorum
2194 1041 2425 1084 mentem
2463 1030 2755 1099 signilicat,
2784 1036 2841 1080 ιιι
2877 1026 3013 1079 infra
3042 1026 3236 1080 dis.es.
3269 1023 3415 1077 Nou-

1827 1123 1957 1177 nulli
1993 1139 2119 1177 vero
2153 1122 2225 1176 ita
2263 1121 2670 1181 intellexerunt,
2699 1118 2845 1189 quod
2873 1116 2998 1170 illud
3031 1117 3237 1186 ipsum,
3269 1114 3412 1185 quod

1826 1217 2030 1272 vultum
2065 1215 2183 1284 ejus
2223 1203 2419 1267 intueri
2460 1229 2566 1266 non
2603 1219 2915 1280 potuerunt,
2949 1209 3261 1262 oslendcrel
3294 1207 3414 1278 glo-

1825 1310 1961 1363 riam
1999 1308 2157 1361 istam
2195 1309 2353 1359 linem
2393 1305 2612 1359 habere.
2641 1302 2772 1357 Cum
2807 1305 2947 1354 enim
2984 1315 3085 1353 110:1
3118 1300 3412 1360 videretur,

1828 1400 1994 1470 gloria
2046 1415 2151 1452 non
2206 1406 2323 1450 erat
2370 1407 2579 1465 :atque
2619 1396 2719 1449 hac
2765 1396 2975 1447 ratione
3009 1390 3418 1461 signiﬁcabatur

1829 1506 1949 1545 eam
1986 1506 2091 1543 nou
2125 1489 2228 1568 ‘diu
2273 1491 2617 1551 duraturam,
2664 1485 3105 1557 quandoquidem
3150 1496 3215 1534 ne
3247 1480 3416 1549 gloria

1833 1588 2048 1656 quidem
2083 1593 2393 1654 appareret.

1903 1679 2067 1751 250
2108 1678 2273 1733 Vens.
2309 1677 2396 1732 Ill.
2431 1697 2448 1730 1
2483 1677 2588 1732 Sed
2618 1677 2795 1729 obtusi
2828 1682 2952 1727 sunt
2986 1688 3178 1728 sensus
3208 1687 3417 1729 eorum.

1835 1771 1965 1825 Nam
2021 1771 2075 1825 ill
2116 1771 2439 1823 hodiernum
2490 1784 2662 1837 usque
2706 1768 2848 1819 diem
2902 1765 3043 1818 idem
3085 1763 3329 1819 \elamen
3364 1764 3418 1817 iu

1837 1864 2067 1919 lectione
2093 1862 2306 1918 Veteris
2351 1860 2688 1916 Testameuti
2736 1866 2919 1913 manet
2954 1874 3061 1912 non
3097 1856 3417 1920 revelatum,

165 1938 255 2017 ὅτι
283 1965 335 2014 ἐν
368 1960 591 2033 Χριστῷ
619 1938 1015 2033 καταργεῖται.·
1047 1979 1066 2013 1
1119 1938 1446 2031 Ἐπωρώθη,
1478 1959 1666 2028 φησὶν,
1698 1961 1726 2013 ὁ

1887 1958 1971 2011 10d
2017 1959 2067 2009 in
2099 1956 2318 2010 Christo
2356 1953 2623 2019 aboletur.
2665 1971 2683 2004 1
2724 1951 3008 2006 Excmeata
3055 1960 3160 2017 est,
3213 1950 3413 2020 inquit,

166 2055 272 2119 νοῦς
312 2053 509 2120 αὐτῶν,
548 2053 778 2108 καὶ-διά
831 2051 992 2107 τοῦτο
1048 2050 1173 2107 οὔτε
1205 2053 1254 2105 ot
1309 2053 1431 2105 τότε
1473 2052 1724 2117 ἔϐλεπον,

166 2148 268 2202 οὔτε
291 2148 337 2200 οἱ
366 2147 479 2212 νῦν,
510 2146 588 2211 ὡς
619 2148 1044 2220 πεπωρωμένοε,
1078 2146 1173 2200 καὶ
1200 2146 1261 2199 τὸ
1283 2146 1416 2199 αὐτὸ
1461 2146 1727 2217 κάλυμμα

167 2241 354 2309 ἔχοντες
386 2241 443 2292 ἓν
471 2236 552 2309 τῷ
578 2236 860 2310 προσώπῳ
898 2238 993 2291 τοῦ
1046 2238 1312 2304 Μωσέως,
1356 2238 1638 2292 τουτέστιν
1671 2239 1727 2292 ὲν

166 2335 222 2401 τῇ
249 2331 540 2403 ἐπιειτολαίῳ
580 2329 891 2400 ἀναγνώσει
919 2330 1014 2384 τοῦ
1062 2332 1228 2401 νόμου
1267 2330 1314 2370 ⁸³
1360 2330 1589 2401 (Μωσέα
1617 2331 1729 2401 γὰρ

167 2421 244 2473 τὸν
264 2421 420 2490 νᾶμον
449 2421 712 2490 ὀνομάζει
751 2421 1011 2493 Χριστὸς,
1044 2421 1119 2486 ὡς
1151 2421 1233 2487 τὸ,
1284 2439 1302 2474 1
1346 2422 1571 2493 Ἔχουσι
1597 2423 1731 2477 Μω-

170 2513 251 2565 σέα
271 2514 359 2565 καὶ
389 2513 515 2577 τοὺς
552 2514 849 2583 προφήτας
883 2518 956 2580 1),
982 2514 1077 2568 καὶ
1123 2515 1243 2569 οὐδὲ
1286 2516 1729 2571 ἀνακαλύπτεται

168 2606 348 2669 αὐτοῖς,
397 2605 517 2658 οὐδὲ
552 2605 1007 2673 διαγινώσκεται,
1062 2608 1145 2660 ὅτι
1177 2610 1204 2661 ὁ
1250 2608 1487 2680 Χριστὸς
1533 2608 1730 2687 ἔμελλε

170 2698 493 2769 καταργῆσαι
516 2698 618 2770 τὴν
650 2699 920 2753 Παλαιὰν.
946 2699 1113 2753 Ὥστε
1148 2700 1264 2769 τῆς
1297 2701 1480 2756 αὐτῶν
1503 2703 1732 2774 γνώμης

170 2793 222 2845 τὸ
243 2796 515 2864 πταῖσμα·
553 2795 591 2866 ἡ
633 2793 743 2866 γάρ
805 2793 1085 2863 πώρωσις,
1123 2795 1350 2869 γνώμης
1395 2797 1730 2869 ἁμάρτημα.

168 2884 247 2954 Μὴ
265 2884 455 2947 τοίνυν,
487 2886 647 2956 φησὶ,
676 2884 1010 2957 θαυμάζετε,
1066 2887 1114 2939 εί
1164 2886 1238 2958 μὴ
1285 2887 1543 2942 δύνανται
1604 2889 1733 2943 ἰδεῖν

169 2978 253 3047 τὴν
286 2978 440 3043 δόξαν
464 2979 559 3033 τοῦ
587 2978 832 3049 Χριστοῦ
850 2982 916 3043 ⁵⁸,
943 2979 1039 3033 καὶ
1067 2980 1361 3033 πιστεῦσαι
1385 2983 1433 3034 οἱ
1467 2983 1732 3037 Ἰουδαῖοι·

171 3069 278 3122 οὐδὲ
306 3071 411 3141 γάρ
445 3070 543 3141 τὴν
587 3070 686 3125 τοῦ
748 3071 940 3142 νόμου,
972 3070 1073 3143 τὴν
1132 3073 1417 3139 ἐλάττονα,
1466 3075 1736 3145 ἠδύναντο

173 3162 306 3218 ἰδεῖν.
330 3164 392 3216 Et
417 3163 528 3234 γάρ
561 3164 783 3235 ἐκείνην
819 3160 981 3230 εῐδον,
1011 3165 1231 3229 πάντως
1262 3166 1327 3219 ἂν
1356 3166 1451 3220 καὶ
1488 3167 1587 3238 τὴν
1640 3167 1734 3221 τοῦ

1829 2066 1981 2104 mens
2009 2066 2195 2102 eorum
2233 2065 2245 2101 :
2279 2065 2340 2101 ac
2377 2056 2663 2117 propterea
2713 2059 2888 2114 neque
2923 2042 3015 2113 qui
3055 2052 3167 2096 tum
3239 2043 3423 2095 vixere

1832 2141 2100 2206 ridebant,
2164 2154 2337 2208 neque
2414 2137 2503 2207 qui
2548 2137 2707 2191 hodie
2774 2144 3066 2204 supersunt
3117 2144 3351 2188 cernunt
3403 2150 3417 2188 :

1830 2235 2023 2302 quippe
2064 2232 2318 2286 excantati
2361 2232 2502 2293 sint,
2538 2228 2786 2298 idemque
2834 2228 3201 2281 velamentum
3253 2224 3421 2278 habe-

1831 2334 1926 2380 aut
1960 2328 2011 2379 in
2051 2322 2193 2379 [acie
2218 2322 2404 2387 M0sis,
2448 2324 2551 2377 hoc
2583 2331 2690 2384 est.
2720 2323 2772 2374 in
2805 2318 3136 2389 superﬁciali
3184 2316 3420 2371 lectione

1834 2419 1988 2488 legis.
2025 2415 2161 2471 Nam
2205 2416 2387 2470 Mosen
2438 2415 2692 2471 Christus
2753 2415 2923 2484 legem
2971 2413 3236 2476 nominat,
3280 2421 3337 2464 ut
3370 2413 3421 2463 in

1832 2528 1897 2568 eo
1943 2512 2062 2566 loco
2093 2527 2106 2566 :
2155 2529 2173 2563 1
2219 2509 2431 2565 llabent
2465 2508 2648 2564 Mosen
2677 2518 2726 2563 et
2760 2505 3052 2576 prophetas
3092 2504 3141 2559 ιι.
3182 2522 3202 2557 1
3237 2502 3423 2571 Neque

1836 2606 2109 2662 revelatur
2156 2607 2258 2668 eis,
2325 2619 2500 2674 neque
2550 2602 2910 2671 dignoscitur,
2967 2598 3114 2671 quod
3173 2598 3423 2655 Christus

1835 2710 1983 2755 esset
2051 2701 2445 2769 an‘tiqualurus
2506 2694 2675 2751 Vetus
2743 2693 3170 2748 Testamentum.
3236 2689 3426 2760 Itaque

1838 2794 2033 2848 mentis
2054 2809 2243 2847 eorum
2273 2807 2427 2846 error
2453 2798 2531 2844 est
2571 2806 2585 2843 :
2629 2787 2896 2855 siquidem
2928 2784 3222 2841 exerecatio
3275 2798 3430 2838 men-

1839 2891 1907 2943 tis
1935 2897 2015 2941 est
2050 2895 2356 2958 peccatum.
2383 2881 2461 2937 Ne
2488 2883 2653 2954 igitur
2681 2879 2874 2933 mirum
2910 2877 2981 2933 sit
3012 2877 3187 2944 vobis,
3220 2876 3422 2946 inquit,

1837 2982 1881 3034 si
1910 2996 2016 3034 non
2051 2978 2263 3050 possint
2292 2977 2491 3030 intueri
2527 2976 2577 3027 in
2603 2973 2825 3043 gloriam
2860 2972 3084 3034 Christi,
3117 2979 3171 3024 et
3204 2970 3426 3024 credere

1837 3072 2008 3129 Jndtei
2045 3089 2061 3130 :
2098 3084 2273 3139 neque
2301 3068 2705 3138 eninngloriarn
2744 3066 2898 3135 legis.
2931 3080 3049 3134 quae
3081 3062 3256 3117 minor
3289 3071 3428 3128 erat,

1840 3165 2160 3237 conspicere
2196 3170 2467 3233 poterant.
2513 3158 2568 3213 Si
2612 3157 2755 3212 enim
2808 3157 2939 3226 legis
2985 3155 3212 3224 gloriam
3262 3153 3430 3208 vidis-

171 3253 404 3323 Χριστοῦ.
439 3256 581 3321 Δόξα
611 3257 721 3328 γὰρ
742 3259 911 3327 νόμου
952 3256 1012 3310 τὸ
1054 3258 1190 3329 πρδς
1218 3258 1308 3312 τὸν
1339 3260 1576 3330 Χριστὸν
1612 3261 1733 3312 ἐπι-

1880 3266 1989 3322 cut,
2027 3255 2232 3311 Christi
2267 3253 2428 3307 etiam
2473 3250 2697 3319 gloriam
2737 3249 3017 3301 vidissent.
3062 3246 3246 3302 Gloria
3283 3246 3428 3301 enim

174 3346 403 3417 στρέψαι.
441 3348 551 3403 Ποῦ
577 3348 636 3402 δὲ
660 3346 811 3403 εἶπεν
836 3351 917 3404 ὅτι
946 3350 975 3402 ὁ
1004 3351 1168 3419 νόμος
1196 3350 1242 3381 ⁸⁸
1271 3351 1329 3403 ὲν
1348 3351 1571 3422 Χριστῷ
1606 3353 1735 3422 μέλ-

172 3442 242 3496 λει
298 3442 763 3515 καταργηθῆναι;
813 3444 922 3497 Καὶ
951 3444 1009 3496 ὲν
1052 3441 1150 3514 τῷ,
1207 3462 1225 3496 1
1287 3445 1581 3516 Προφήτην
1611 3446 1738 3517 ὑμῖν

173 3533 444 3606 ἀναστήσει
488 3534 699 3606 Κύριος
728 3537 756 3588 ὁ
815 3536 981 3598 Θεός·
1030 3535 1195 3590 αὑτοῦ
1233 3536 1537 3590 ἀκούσεσθε
1603 3538 1743 3592 κατὰ

176 3625 353 3681 πάντα,
393 3646 412 3680 1
450 3628 622 3681 Ὥστε
648 3628 772 3680 ἐπεὶ
807 3629 1250 3697 προσετάσσοντο
1274 3628 1440 3683 αὐτοῦ
1481 3630 1738 3693 ἀκοῦσαι,

174 3719 319 3783 αὐτὸς
349 3720 405 3773 δὲ
431 3721 528 3773 καὶ
555 3720 628 3773 τὰ
653 3720 910 3775 Σάϐὄατα
944 3721 1371 3788 παρέλυσε,κκα“ι
1395 3722 1490 3791 τὴν
1525 3739 1744 3794 περιτο-

176 3810 291 3881 μὴν,
322 3814 411 3865 καὶ
458 3814 636 3868 τᾶλλα
673 3812 889 3867 ἅπαντα
912 3830 926 3843 ·
971 3816 998 3866 ὁ
1057 3814 1220 3882 νόμος
1260 3816 1368 3885 ἄρα
1403 3816 1743 3887 προσέτασσε

171 3904 259 3973 τὴν
280 3904 485 3959 οἰκείαν
528 3904 860 3959 κατάλυσιν.
900 3905 1065 3958 Ἀλλὰ
1100 3907 1194 3960 καὶ
1223 3907 1281 3959 ὲν
1304 3906 1380 3977 τῷ
1420 3908 1519 3970 τάς
1556 3907 1745 3972 θυσίας

173 3998 457 4066 προστάξαι
489 3998 748 4069 γίνεσθαι
783 3999 882 4069 μὲν
912 4000 970 4052 ὲν
996 3999 1078 4069 ἐν).
1105 3999 1240 4071 ναῷ,
1286 4000 1475 4054 τοῦτον
1504 3999 1561 4054 δὲ
1583 4000 1745 4054 αὑτὸν

173 4088 322 4145 πάλιν
346 4092 622 4159 καθελεῖν,
647 4091 708 4146 ού
741 4093 839 4156 τὰς
882 4090 1075 4157 θυσίας
1105 4091 1298 4163 ἀνῄρει
1347 4093 1626 4157 παντελῶς
1659 4094 1702 4125 ⁶¹
1731 4113 1746 4160 ;

173 4177 291 4244 Καὶ,
325 4198 342 4231 1
396 4182 471 4234 Σὺ
509 4182 695 4254 ἱερεὺς
753 4183 834 4246 είς
882 4181 973 4235 τὸν
1020 4183 1194 4235 αἰῶνα
1240 4184 1379 4236 κατά
1436 4183 1537 4255 τὴν
1592 4183 1747 4250 τάξιν

172 4267 525 4344 Μελχισεδέχ·
577 4291 598 4325 1
652 4274 769 4337 καὶ,
808 4290 827 4326 1
883 4273 1090 4329 Θυσίαν
1144 4276 1239 4328 καὶ⁸
1274 4278 1595 4346 προσφορὰν
1648 4279 1750 4331 οὐκ

173 4360 455 4435 ἠθέλησας.
494 4385 516 4420 1
546 4364 739 4420 Ταῦτα
762 4366 870 4438 γὰρ
907 4368 1087 4422 πάντα
1111 4367 1267 4433 λύσις
1298 4368 1393 4423 τοῦ
1423 4369 1591 4440 νόμου

242 4564 261 4596 1
308 4546 449 4601 Ἀλλ’
471 4548 583 4612 ἕως
611 4549 854 4620 σήμερον
869 4548 1035 4617 ἡνίκα
1057 4546 1494 4618 ἀναγινώσκεται
1518 4552 1747 4621 Μωσῆς,

1847 3351 1982 3421 legis
2017 3358 2121 3415 est,
2174 3347 2239 3402 ad
2271 3344 2549 3400 Christum
2583 3341 2851 3396 converti.
2905 3338 3005 3395 Ubi
3050 3349 3231 3395 autem
3264 3340 3427 3404 dixit,

1846 3443 1988 3511 quod
2019 3441 2099 3496 lex
2138 3454 2233 3509 per
2263 3438 2538 3493 Ch1istum
2571 3436 2641 3489 sit
2666 3431 3019 3503 abroganda?
3046 3431 3159 3486 Illic
3186 3431 3276 3485 uhi
3304 3432 3378 3486 ait
3410 3447 3426 3487 :

1849 3554 1867 3587 1
1918 3533 2240 3604 l’ropltetam
2299 3530 2454 3586 vobis
2513 3529 2774 3583 excitabit
2855 3526 3112 3581 Dominus
3179 3526 3324 3579 Deus
3358 3522 3430 3580 1:

1844 3629 2020 3697 ipsum
2052 3642 2146 3695 per
2180 3626 2358 3679 omnia
2389 3624 2637 3677 audietis.
2678 3640 2696 3673 1
2735 3620 2926 3690 Itaque
2958 3635 3078 3672 cum
3107 3618 3431 3685 iuberentur

1847 3721 2020 3790 ipsum
2062 3716 2272 3783 audire,
2323 3717 2434 3784 ipse
2466 3728 2595 3770 vero
2645 3724 2698 3768 et
2731 3712 2967 3767 Sabbata
3006 3709 3346 3774 dissolveret.
3378 3717 3435 3764 et

1847 3808 2323 3864 circumcisionem
2368 3807 2581 3875 aliaque
2611 3806 2795 3859 omnia
2839 3823 2852 3860 :
2898 3803 2985 3859 lex
3050 3802 3214 3873 igitur
3257 3800 3430 3870 impe-

1847 3903 1999 3958 rabat
2032 3902 2304 3972 propriam
2337 3902 2417 3955 sui
2459 3899 2902 3953 dissolutionem.
2938 3894 3162 3962 Insuper
3192 3908 3287 3963 per
3328 3895 3432 3947 hoc

1847 3995 1990 4066 quod
2016 3994 2271 4065 praecepit
2317 4007 2472 4048 saera
2515 3994 2633 4045 fieri
2665 3992 2715 4044 in
2761 4006 2868 4045 uno
2906 3990 3126 4058 templo,
3150 4003 3211 4042 ac
3239 4001 3430 4042 rursus

1851 4088 1978 4142 illud
2010 4087 2184 4155 ipsum
2221 4086 2513 4151 desmn‘it,
2541 4100 2718 4139 nonne
2770 4084 3037 4138 saerilieia
3072 4082 3295 4136 omnino
3326 4094 3428 4134 au-

1851 4180 2098 4237 ferebat?
2168 4179 2268 4243 Et.
2313 4199 2331 4231 1
2391 4177 2497 4232 Tu‘
2528 4194 2587 4232 es
2634 4176 2889 4231 sacerdos
2932 4176 2983 4227 in
3020 4183 3307 4235 aeternum,
3348 4187 3435 4227 se-

1851 4275 2087 4330 cundum
2123 4275 2366 4328 ordinem
2419 4272 2812 4328 Melchisedech
2841 4280 2921 4331 ως
2961 4286 2979 4319 1
3033 4277 3107 4331 et,
3156 4283 3175 4317 1
3214 4263 3436 4320 Sacriﬁ-

1851 4367 1994 4421 cium
2047 4376 2101 4421 et
2148 4366 2474 4420 oblationem
2514 4364 2732 4419 noluisti
2761 4371 2819 4416 ιι.
2852 4378 2871 4411 1
2905 4358 3030 4414 llwc
3068 4358 3213 4413 enim
3254 4357 3437 4412 omnia

1852 4457 1986 4527 legis
2016 4467 2139 4511 sunt
2174 4457 2395 4510 solutio.

1930 4550 2095 4605 Vens.
2130 4550 2215 4605 15.
2246 4568 2263 4601 1
2309 4547 2415 4602 Sed
2449 4560 2619 4616 u3que
2670 4545 2721 4599 in
2764 4545 3085 4598 hodiernum
3120 4542 3263 4599 diem
3307 4557 3431 4597 cum

174 4636 429 4710 κάλυμμα
457 4642 553 4694 ἐπὶ
597 4640 698 4712 τὴν
733 4642 964 4712 καρδίαν
995 4642 1178 4696 αὐτῶν
1219 4644 1421 4696 κεῖται.
1461 4661 1479 4696 1
1528 4644 1734 4698 Ἐπειδί

1880 4646 2055 4713 egitur
2117 4642 2328 4707 Moses,
2392 4643 2633 4692 velamen
2686 4640 2922 4704 positum
2981 4648 3067 4690 est
3124 4650 3289 4702 super
3343 4647 3436 4687 cor

175 4728 422 4802 ἀνωτέρω
453 4728 637 4796 εἶπεν,
670 4733 751 4786 ὅτι
776 4731 1039 4804 κάλυμμα
1079 4736 1171 4789 ἐπὶ
1205 4738 1271 4807 τῇ
1304 4734 1612 4805 ἀναγνώσει
1650 4736 1751 4806 τῆς

177 4818 410 4887 Παλαιὰ
442 4827 628 4878 κεῖται
655 4838 669 4853 ’
707 4823 796 4879 ἵνα
852 4826 926 4897 μή
959 4841 1043 4889 τις
1094 4827 1316 4898 νομίσῃ,
1360 4828 1441 4880 ὅτι
1485 4826 1752 4896 κάλυμμα

177 4910 318 4981 λέγει
347 4917 446 4985 τὴν
479 4916 581 4970 τοῦ
618 4915 785 4986 νόμου
828 4917 1121 4985 ἀσάφειαν,
1174 4917 1330 4986 Ούχὶ,
1375 4919 1560 4988 φησιν,
1616 4919 1752 4971 ἀλλὰ

180 5005 272 5076 τὴν
298 5006 563 5081 πώρωσιν
599 5011 694 5063 καὶ
738 5011 1029 5081 παχύτητα
1062 5009 1162 5080 τῆς
1201 5010 1383 5064 αὐτῶν
1428 5010 1652 5081 καρδίας
1685 5013 1752 5077 δ’,

180 5099 375 5169 ταύτην
399 5105 546 5173 φημι
575 5103 872 5175 κάλυμμα’
897 5106 1021 5159 ἐπεὶ
1055 5105 1150 5157 καὶ
1166 5105 1225 5157 ὲν
1247 5106 1312 5173 τῇ
1342 5104 1462 5173 ὕψει
1486 5105 1753 5169 Μωσέως,

182 5189 237 5241 οὐ
267 5190 331 5244 δι’
365 5195 575 5247 ἐκεῖνον
604 5194 803 5262 ἔκειτο,
832 5196 968 5250 ἀλλὰ
988 5198 1075 5251 διὰ
1101 5195 1200 5266 τὴν
1230 5196 1437 5250 τούτων
1467 5196 1753 5267 παχύτητα

186 5289 273 5338 καὶ
301 5288 690 5356 ἀμὸλυωπίαν.

258 5486 276 5518 1
319 5468 515 5523 Ἢνίκα
549 5469 592 5522 δ’
624 5469 691 5523 ἂν
718 5469 1025 5541 ἐπιστρέψῃ
1067 5469 1206 5542 πρὸς
1252 5470 1483 5541 Κύριον,
1538 5487 1757 5542 περιαι-

294 5604 319 5645 ι
352 5605 483 5662 Luc.
524 5622 637 5676 xvi,
666 5607 757 5662 29.
877 5606 895 5648 ι
930 5608 1088 5665 Deut.
1127 5624 1281 5677 xvm,
1333 5608 1418 5663 I8.

1538 5617 1574 5639 "'
1632 5607 1772 5663 Psal.
1809 5624 1920 5673 (ιιι,
1954 5609 2010 5664 4.

1858 4751 2066 4788 eorum.
2123 4752 2141 4784 1
2187 4731 2324 4798 Quin
2372 4745 2538 4797 supra
2619 4732 2856 4791 dixerat.
2903 4728 3045 4797 quod
3101 4726 3152 4779 in
3208 4724 3438 4778 lectione

1859 4827 2059 4879 veteris
2098 4825 2228 4894 legis
2274 4822 2518 4876 velamen
2554 4821 2626 4875 sit
2667 4823 2900 4890 positum
2933 4860 2948 4885 ,
2995 4833 3063 4873 ne
3087 4820 3207 4889 quis
3243 4814 3435 4871 existi-

1866 4930 1972 4973 met
2025 4921 2168 4985 quod
2231 4920 2594 4971 vclamentum
2649 4913 2783 4984 legis
2827 4912 3215 4967 obscuritatem
3268 4907 3435 4970 dicat,

1863 5013 2318 5079 Ilaudquaquam,
2376 5008 2583 5078 inquit,
2616 5008 2710 5062 sed
2743 5007 3037 5061 caecitatem
3084 5011 3137 5057 et
3179 5000 3439 5055 crassitu-

1860 5108 2041 5160 dinem
2098 5103 2277 5157 cordis
2342 5115 2569 5166 eorum,
2619 5100 2760 5154 hanc
2824 5098 2944 5151 dico
3002 5095 3364 5148 velamentum
3418 5108 3432 5145 :

1863 5195 2303 5267 quandoquidem
2349 5194 2402 5247 in
2443 5191 2582 5246 facie
2624 5189 2808 5257 Musis,
2851 5206 2954 5245 non
2987 5197 3204 5257 propter
3235 5184 3436 5255 ipsum,

1854 5291 1948 5343 sed
1982 5298 2204 5357 promer
2240 5301 2427 5341 eorum
2463 5285 2770 5339 erassitiem
2820 5280 3314 5348 hebetudinemque
3351 5275 3436 5329 vi-

1854 5395 1948 5434 sus
1975 5379 2209 5448 positum
2237 5386 2373 5432 erat.

1928 5469 2093 5526 Vens.
2133 5468 2221 5525 16.
2263 5487 2281 5521 1
2330 5467 2555 5535 Quando
2593 5475 2774 5521 autem
2816 5477 3115 5521 conversus
3163 5461 3326 5519 fuerit
3366 5456 3437 5514 ad

2125 5617 2153 5645 ιι
2204 5606 2345 5662 l‘Sal.
2402 5621 2594 5671 sunt,
2627 5605 2678 5659 7.

1569 5726 1764 5790 Variae
1804 5725 2133 5790 lectiones.

268 5852 312 5882 “
344 5852 523 5915 καλῶς
554 5852 644 5908 τοῦ
682 5853 1004 5922 εὐαγγελίου
1032 5868 1087 5908 o.
1164 5853 1207 5885 ⁸⁷
1233 5851 1390 5906 καλεῖ
1421 5870 1471 5908 o.

212 5916 252 5947 ⁸³
284 5926 523 5985 φανερῶς
557 5942 606 5981 o.
684 5926 727 5958 ⁶¹
759 5916 999 5988 διανοίας
1033 5939 1087 5980 0.

1551 5854 1595 5888 ⁸⁸
1624 5852 1721 5923 τῆς
1751 5851 1988 5917 παλαιᾶς
2020 5852 2285 5925 διαθήκης
2311 5866 2365 5907 0.

2442 5848 2486 5882 '9
2516 5847 2609 5903 τοῦ
2635 5846 2770 5902 Θεοῦ
2802 5863 2856 5905 o.
2933 5848 2977 5882 ”
3004 5848 3031 5903 ὁ
3070 5847 3234 5920 νόμος
3267 5845 3351 5902 δτι
3378 5861 3433 5903 ο.
