  <div class='ocr_page' id='page_1' title='image "/cluster/home/n/w/nwhite01/storage/ocr_20150623/124/hvd.32044019208206/447.png"; bbox 0 0 3806 6568; ppageno 0'>
   <div class='ocr_carea' id='block_1_1' title="bbox 410 398 516 462">
    <p class='ocr_par' dir='ltr' id='par_1_1' title="bbox 410 398 516 462">
     <span class='ocr_line' id='line_1_1' title="bbox 410 398 516 462; baseline 0.038 -4"><span class='ocrx_word' id='word_1_1' title='bbox 410 398 516 462; x_wconf 75' lang='grc'><strong>835</strong></span> 
     </span>
    </p>
   </div>
   <div class='ocr_carea' id='block_1_2' title="bbox 1328 408 3620 498">
    <p class='ocr_par' dir='ltr' id='par_1_2' title="bbox 1328 408 3620 498">
     <span class='ocr_line' id='line_1_2' title="bbox 1328 408 3620 498; baseline 0.012 -29"><span class='ocrx_word' id='word_1_2' title='bbox 1328 409 1905 471; x_wconf 80' lang='lat' dir='ltr'><strong>TiIEOPIIYLACTI</strong></span> <span class='ocrx_word' id='word_1_3' title='bbox 1942 411 2351 473; x_wconf 59' lang='lat' dir='ltr'><strong>BULGARIJE</strong></span> <span class='ocrx_word' id='word_1_4' title='bbox 2391 414 2746 479; x_wconf 85' lang='lat' dir='ltr'><strong>ARCHIEP.</strong></span> <span class='ocrx_word' id='word_1_5' title='bbox 2945 408 2951 412; x_wconf 57' lang='grc'><em>’</em></span> <span class='ocrx_word' id='word_1_6' title='bbox 2995 465 3012 482; x_wconf 90' lang='grc'><strong>.</strong></span> <span class='ocrx_word' id='word_1_7' title='bbox 3535 433 3620 498; x_wconf 80' lang='lat'><strong>836</strong></span> 
     </span>
    </p>
   </div>
   <div class='ocr_carea' id='block_1_3' title="bbox 409 511 1971 612">
    <p class='ocr_par' dir='ltr' id='par_1_3' title="bbox 409 511 1971 582">
     <span class='ocr_line' id='line_1_3' title="bbox 409 511 1971 582; baseline 0.011 -19"><span class='ocrx_word' id='word_1_8' title='bbox 409 511 730 578; x_wconf 86' lang='lat' dir='ltr'><strong>Dominum,</strong></span> <span class='ocrx_word' id='word_1_9' title='bbox 787 517 1067 573; x_wconf 87' lang='lat' dir='ltr'><strong>auferetur</strong></span> <span class='ocrx_word' id='word_1_10' title='bbox 1127 523 1394 580; x_wconf 81' lang='lat' dir='ltr'><strong>velamen.</strong></span> <span class='ocrx_word' id='word_1_11' title='bbox 1461 527 1724 582; x_wconf 84' lang='lat' dir='ltr'><strong>Dominus</strong></span> <span class='ocrx_word' id='word_1_12' title='bbox 1816 538 1971 582; x_wconf 88' lang='lat' dir='ltr'><strong>auten</strong></span> 
     </span>
    </p>
   </div>
   <div class='ocr_carea' id='block_1_4' title="bbox 2086 511 3618 612">
    <p class='ocr_par' dir='ltr' id='par_1_4' title="bbox 2111 530 3618 612">
     <span class='ocr_line' id='line_1_4' title="bbox 2111 530 3618 612; baseline 0.015 -33"><span class='ocrx_word' id='word_1_13' title='bbox 2111 530 2285 595; x_wconf 85' lang='grc' dir='ltr'>ρεῖται</span> <span class='ocrx_word' id='word_1_14' title='bbox 2315 530 2376 583; x_wconf 85' lang='grc' dir='ltr'><strong>τὸ</strong></span> <span class='ocrx_word' id='word_1_15' title='bbox 2399 530 2666 604; x_wconf 78' lang='grc' dir='ltr'><strong>κάλυμμα</strong></span> <span class='ocrx_word' id='word_1_16' title='bbox 2692 551 2707 567; x_wconf 81' lang='grc' dir='ltr'><strong>ο</strong></span> <span class='ocrx_word' id='word_1_17' title='bbox 2739 536 2768 589; x_wconf 83' lang='grc' dir='ltr'><strong>ό</strong></span> <span class='ocrx_word' id='word_1_18' title='bbox 2796 534 2851 588; x_wconf 81' lang='grc' dir='ltr'><strong>δὲ</strong></span> <span class='ocrx_word' id='word_1_19' title='bbox 2892 535 3096 610; x_wconf 89' lang='grc' dir='ltr'>Κύριος</span> <span class='ocrx_word' id='word_1_20' title='bbox 3125 537 3186 592; x_wconf 75' lang='grc' dir='ltr'>τὸ</span> <span class='ocrx_word' id='word_1_21' title='bbox 3217 538 3433 612; x_wconf 83' lang='grc' dir='ltr'>Πνεῦμά</span> <span class='ocrx_word' id='word_1_22' title='bbox 3457 545 3573 602; x_wconf 75' lang='grc' dir='ltr'>ἔστι.</span> <span class='ocrx_word' id='word_1_23' title='bbox 3603 573 3618 602; x_wconf 78' lang='grc' dir='ltr'><strong>ι</strong></span> 
     </span>
    </p>
   </div>
   <div class='ocr_carea' id='block_1_5' title="bbox 411 603 1989 690">
    <p class='ocr_par' dir='ltr' id='par_1_5' title="bbox 411 603 1989 690">
     <span class='ocr_line' id='line_1_5' title="bbox 411 603 1989 690; baseline 0.01 -30"><span class='ocrx_word' id='word_1_24' title='bbox 411 603 646 674; x_wconf 80' lang='lat' dir='ltr'><strong>Spiritus</strong></span> <span class='ocrx_word' id='word_1_25' title='bbox 693 621 796 662; x_wconf 88' lang='lat' dir='ltr'><strong>est.</strong></span> <span class='ocrx_word' id='word_1_26' title='bbox 848 629 866 660; x_wconf 77' lang='grc' dir='ltr'>ι</span> <span class='ocrx_word' id='word_1_27' title='bbox 919 609 1136 667; x_wconf 82' lang='lat' dir='ltr'><strong>Modum</strong></span> <span class='ocrx_word' id='word_1_28' title='bbox 1187 615 1272 670; x_wconf 85' lang='lat' dir='ltr'><strong>hic</strong></span> <span class='ocrx_word' id='word_1_29' title='bbox 1317 619 1451 672; x_wconf 91' lang='lat' dir='ltr'><strong>dicit</strong></span> <span class='ocrx_word' id='word_1_30' title='bbox 1502 635 1608 687; x_wconf 90' lang='lat' dir='ltr'><strong>quo</strong></span> <span class='ocrx_word' id='word_1_31' title='bbox 1653 620 1770 675; x_wconf 86' lang='lat' dir='ltr'><strong>ﬁeri</strong></span> <span class='ocrx_word' id='word_1_32' title='bbox 1819 623 1989 690; x_wconf 88' lang='lat' dir='ltr'><strong>possit</strong></span> 
     </span>
    </p>
   </div>
   <div class='ocr_carea' id='block_1_6' title="bbox 409 696 1986 770">
    <p class='ocr_par' dir='ltr' id='par_1_6' title="bbox 409 696 1986 770">
     <span class='ocr_line' id='line_1_6' title="bbox 409 696 1986 770; baseline 0.013 -23"><span class='ocrx_word' id='word_1_33' title='bbox 409 703 466 748; x_wconf 92' lang='lat' dir='ltr'><strong>ut</strong></span> <span class='ocrx_word' id='word_1_34' title='bbox 500 696 841 764; x_wconf 84' lang='lat' dir='ltr'><strong>corrigantur</strong></span> <span class='ocrx_word' id='word_1_35' title='bbox 876 697 1134 756; x_wconf 69' lang='lat' dir='ltr'><strong>Israelita:</strong></span> <span class='ocrx_word' id='word_1_36' title='bbox 1164 721 1178 758; x_wconf 89' lang='lat'>:</span> <span class='ocrx_word' id='word_1_37' title='bbox 1222 723 1240 755; x_wconf 83' lang='grc' dir='ltr'><strong>ι</strong></span> <span class='ocrx_word' id='word_1_38' title='bbox 1275 706 1505 770; x_wconf 80' lang='lat' dir='ltr'><strong>Quando</strong></span> <span class='ocrx_word' id='word_1_39' title='bbox 1536 724 1832 766; x_wconf 87' lang='lat' dir='ltr'><strong>conversus</strong></span> <span class='ocrx_word' id='word_1_40' title='bbox 1869 712 1986 767; x_wconf 85' lang='lat' dir='ltr'><strong>fue-</strong></span> 
     </span>
    </p>
   </div>
   <div class='ocr_carea' id='block_1_7' title="bbox 407 784 1986 876">
    <p class='ocr_par' dir='ltr' id='par_1_7' title="bbox 407 784 1986 876">
     <span class='ocr_line' id='line_1_7' title="bbox 407 784 1986 876; baseline 0.016 -41"><span class='ocrx_word' id='word_1_41' title='bbox 407 784 477 836; x_wconf 91' lang='lat' dir='ltr'><strong>rit</strong></span> <span class='ocrx_word' id='word_1_42' title='bbox 503 785 569 838; x_wconf 88' lang='lat' dir='ltr'><strong>ad</strong></span> <span class='ocrx_word' id='word_1_43' title='bbox 604 785 916 854; x_wconf 89' lang='lat' dir='ltr'><strong>Dominum,</strong></span> <span class='ocrx_word' id='word_1_44' title='bbox 963 810 980 843; x_wconf 73' lang='grc' dir='ltr'>ι</span> <span class='ocrx_word' id='word_1_45' title='bbox 1019 792 1195 864; x_wconf 91' lang='lat' dir='ltr'><strong>inquit</strong></span> <span class='ocrx_word' id='word_1_46' title='bbox 1227 813 1240 849; x_wconf 91' lang='lat'>:</span> <span class='ocrx_word' id='word_1_47' title='bbox 1275 798 1377 851; x_wconf 85' lang='lat' dir='ltr'><strong>hoc</strong></span> <span class='ocrx_word' id='word_1_48' title='bbox 1411 809 1515 863; x_wconf 88' lang='lat' dir='ltr'><strong>est,</strong></span> <span class='ocrx_word' id='word_1_49' title='bbox 1559 803 1775 869; x_wconf 80' lang='lat' dir='ltr'><strong>quando</strong></span> <span class='ocrx_word' id='word_1_50' title='bbox 1807 819 1837 858; x_wconf 87' lang='lat' dir='ltr'><strong>a</strong></span> <span class='ocrx_word' id='word_1_51' title='bbox 1871 803 1986 876; x_wconf 88' lang='lat' dir='ltr'><strong>lege</strong></span> 
     </span>
    </p>
   </div>
   <div class='ocr_carea' id='block_1_8' title="bbox 404 875 1986 963">
    <p class='ocr_par' dir='ltr' id='par_1_8' title="bbox 404 875 1986 963">
     <span class='ocr_line' id='line_1_8' title="bbox 404 875 1986 963; baseline 0.014 -33"><span class='ocrx_word' id='word_1_52' title='bbox 404 875 683 941; x_wconf 77' lang='lat' dir='ltr'><strong>defecerit,</strong></span> <span class='ocrx_word' id='word_1_53' title='bbox 739 885 1138 953; x_wconf 81' lang='lat' dir='ltr'><strong>accesseritque</strong></span> <span class='ocrx_word' id='word_1_54' title='bbox 1190 889 1458 956; x_wconf 87' lang='lat' dir='ltr'><strong>spirituali</strong></span> <span class='ocrx_word' id='word_1_55' title='bbox 1499 892 1812 963; x_wconf 87' lang='lat' dir='ltr'><strong>Evangelio,</strong></span> <span class='ocrx_word' id='word_1_56' title='bbox 1860 905 1986 952; x_wconf 91' lang='lat' dir='ltr'><strong>tunc</strong></span> 
     </span>
    </p>
   </div>
   <div class='ocr_carea' id='block_1_9' title="bbox 405 967 1986 1056">
    <p class='ocr_par' dir='ltr' id='par_1_9' title="bbox 405 967 1986 1056">
     <span class='ocr_line' id='line_1_9' title="bbox 405 967 1986 1056; baseline 0.016 -37"><span class='ocrx_word' id='word_1_57' title='bbox 405 967 686 1024; x_wconf 70' lang='lat' dir='ltr'><strong>auferetur</strong></span> <span class='ocrx_word' id='word_1_58' title='bbox 747 973 1135 1032; x_wconf 89' lang='lat' dir='ltr'><strong>velamentum.</strong></span> <span class='ocrx_word' id='word_1_59' title='bbox 1191 979 1326 1035; x_wconf 89' lang='lat' dir='ltr'><strong>Nam</strong></span> <span class='ocrx_word' id='word_1_60' title='bbox 1385 985 1601 1053; x_wconf 80' lang='lat' dir='ltr'><strong>quando</strong></span> <span class='ocrx_word' id='word_1_61' title='bbox 1661 987 1872 1056; x_wconf 82' lang='lat' dir='ltr'><strong>Moses,</strong></span> <span class='ocrx_word' id='word_1_62' title='bbox 1930 1000 1986 1044; x_wconf 88' lang='grc' dir='ltr'><strong>ιιι</strong></span> 
     </span>
    </p>
   </div>
   <div class='ocr_carea' id='block_1_10' title="bbox 404 1061 1988 1146">
    <p class='ocr_par' dir='ltr' id='par_1_10' title="bbox 404 1061 1988 1146">
     <span class='ocr_line' id='line_1_10' title="bbox 404 1061 1988 1146; baseline 0.014 -32"><span class='ocrx_word' id='word_1_63' title='bbox 404 1061 629 1116; x_wconf 79' lang='lat' dir='ltr'><strong>historia</strong></span> <span class='ocrx_word' id='word_1_64' title='bbox 672 1065 866 1132; x_wconf 80' lang='lat' dir='ltr'><strong>habet,</strong></span> <span class='ocrx_word' id='word_1_65' title='bbox 906 1069 971 1122; x_wconf 88' lang='lat' dir='ltr'><strong>ad</strong></span> <span class='ocrx_word' id='word_1_66' title='bbox 1023 1068 1313 1128; x_wconf 88' lang='lat' dir='ltr'><strong>Dominum</strong></span> <span class='ocrx_word' id='word_1_67' title='bbox 1359 1079 1800 1146; x_wconf 85' lang='lat' dir='ltr'><strong>convertebatur,</strong></span> <span class='ocrx_word' id='word_1_68' title='bbox 1851 1091 1988 1136; x_wconf 88' lang='lat' dir='ltr'><strong>rete-</strong></span> 
     </span>
    </p>
   </div>
   <div class='ocr_carea' id='block_1_11' title="bbox 404 1158 1986 1236">
    <p class='ocr_par' dir='ltr' id='par_1_11' title="bbox 404 1158 1986 1236">
     <span class='ocr_line' id='line_1_11' title="bbox 404 1158 1986 1236; baseline 0.015 -31"><span class='ocrx_word' id='word_1_69' title='bbox 404 1164 523 1209; x_wconf 88' lang='lat' dir='ltr'><strong>ctus</strong></span> <span class='ocrx_word' id='word_1_70' title='bbox 546 1165 687 1210; x_wconf 90' lang='lat' dir='ltr'><strong>erat.</strong></span> <span class='ocrx_word' id='word_1_71' title='bbox 725 1158 781 1212; x_wconf 84' lang='lat' dir='ltr'><strong>ltl</strong></span> <span class='ocrx_word' id='word_1_72' title='bbox 813 1174 940 1215; x_wconf 88' lang='lat' dir='ltr'><strong>vero</strong></span> <span class='ocrx_word' id='word_1_73' title='bbox 969 1159 1134 1216; x_wconf 87' lang='lat' dir='ltr'><strong>futuri</strong></span> <span class='ocrx_word' id='word_1_74' title='bbox 1172 1175 1329 1236; x_wconf 85' lang='lat' dir='ltr'><strong>typus</strong></span> <span class='ocrx_word' id='word_1_75' title='bbox 1355 1180 1472 1222; x_wconf 91' lang='lat' dir='ltr'><strong>erat</strong></span> <span class='ocrx_word' id='word_1_76' title='bbox 1502 1188 1516 1224; x_wconf 85' lang='lat'><strong>:</strong></span> <span class='ocrx_word' id='word_1_77' title='bbox 1544 1186 1664 1226; x_wconf 88' lang='lat' dir='ltr'><strong>nam</strong></span> <span class='ocrx_word' id='word_1_78' title='bbox 1697 1187 1819 1228; x_wconf 88' lang='lat' dir='ltr'><strong>cum</strong></span> <span class='ocrx_word' id='word_1_79' title='bbox 1854 1190 1986 1228; x_wconf 89' lang='lat' dir='ltr'><strong>con-</strong></span> 
     </span>
    </p>
   </div>
   <div class='ocr_carea' id='block_1_12' title="bbox 403 1249 1982 1332">
    <p class='ocr_par' dir='ltr' id='par_1_12' title="bbox 403 1249 1982 1332">
     <span class='ocr_line' id='line_1_12' title="bbox 403 1249 1982 1332; baseline 0.017 -38"><span class='ocrx_word' id='word_1_80' title='bbox 403 1258 600 1301; x_wconf 88' lang='lat' dir='ltr'><strong>versus</strong></span> <span class='ocrx_word' id='word_1_81' title='bbox 635 1250 908 1318; x_wconf 85' lang='lat' dir='ltr'><strong>quispiam</strong></span> <span class='ocrx_word' id='word_1_82' title='bbox 943 1249 1107 1308; x_wconf 88' lang='lat' dir='ltr'><strong>fuerit</strong></span> <span class='ocrx_word' id='word_1_83' title='bbox 1138 1256 1202 1309; x_wconf 93' lang='lat' dir='ltr'><strong>ad</strong></span> <span class='ocrx_word' id='word_1_84' title='bbox 1235 1255 1495 1326; x_wconf 91' lang='lat' dir='ltr'><strong>Spiritum</strong></span> <span class='ocrx_word' id='word_1_85' title='bbox 1530 1262 1599 1332; x_wconf 90' lang='lat' dir='ltr'><strong>(is</strong></span> <span class='ocrx_word' id='word_1_86' title='bbox 1624 1265 1767 1318; x_wconf 92' lang='lat' dir='ltr'><strong>enim</strong></span> <span class='ocrx_word' id='word_1_87' title='bbox 1800 1265 1982 1320; x_wconf 83' lang='lat' dir='ltr'><strong>Domi-</strong></span> 
     </span>
    </p>
   </div>
   <div class='ocr_carea' id='block_1_13' title="bbox 403 1339 1984 1426">
    <p class='ocr_par' dir='ltr' id='par_1_13' title="bbox 403 1339 1984 1426">
     <span class='ocr_line' id='line_1_13' title="bbox 403 1339 1984 1426; baseline 0.015 -36"><span class='ocrx_word' id='word_1_88' title='bbox 403 1353 506 1392; x_wconf 91' lang='lat' dir='ltr'><strong>nus</strong></span> <span class='ocrx_word' id='word_1_89' title='bbox 549 1339 704 1411; x_wconf 88' lang='lat' dir='ltr'><strong>est),</strong></span> <span class='ocrx_word' id='word_1_90' title='bbox 744 1352 869 1398; x_wconf 89' lang='lat' dir='ltr'><strong>tunc</strong></span> <span class='ocrx_word' id='word_1_91' title='bbox 919 1346 1116 1401; x_wconf 89' lang='lat' dir='ltr'><strong>nudam</strong></span> <span class='ocrx_word' id='word_1_92' title='bbox 1162 1351 1363 1405; x_wconf 80' lang='lat' dir='ltr'><strong>videbit</strong></span> <span class='ocrx_word' id='word_1_93' title='bbox 1412 1352 1600 1408; x_wconf 81' lang='lat' dir='ltr'><strong>faciem</strong></span> <span class='ocrx_word' id='word_1_94' title='bbox 1635 1355 1984 1426; x_wconf 63' lang='lat' dir='ltr'><strong>legislatoris,</strong></span> 
     </span>
    </p>
   </div>
   <div class='ocr_carea' id='block_1_14' title="bbox 404 1429 1986 1510">
    <p class='ocr_par' dir='ltr' id='par_1_14' title="bbox 404 1429 1986 1510">
     <span class='ocr_line' id='line_1_14' title="bbox 404 1429 1986 1510; baseline 0.014 -28"><span class='ocrx_word' id='word_1_95' title='bbox 404 1429 513 1484; x_wconf 92' lang='lat' dir='ltr'><strong>imo</strong></span> <span class='ocrx_word' id='word_1_96' title='bbox 564 1431 678 1500; x_wconf 91' lang='lat' dir='ltr'><strong>ipse</strong></span> <span class='ocrx_word' id='word_1_97' title='bbox 708 1437 810 1489; x_wconf 87' lang='lat' dir='ltr'><strong>erit</strong></span> <span class='ocrx_word' id='word_1_98' title='bbox 850 1437 904 1490; x_wconf 92' lang='lat' dir='ltr'><strong>in</strong></span> <span class='ocrx_word' id='word_1_99' title='bbox 943 1435 1111 1495; x_wconf 78' lang='lat' dir='ltr'><strong>Mosis</strong></span> <span class='ocrx_word' id='word_1_100' title='bbox 1149 1443 1339 1498; x_wconf 78' lang='lat' dir='ltr'><strong>ordine</strong></span> <span class='ocrx_word' id='word_1_101' title='bbox 1384 1456 1438 1497; x_wconf 91' lang='lat' dir='ltr'><strong>et</strong></span> <span class='ocrx_word' id='word_1_102' title='bbox 1484 1446 1625 1510; x_wconf 90' lang='lat' dir='ltr'><strong>loco,</strong></span> <span class='ocrx_word' id='word_1_103' title='bbox 1671 1459 1727 1503; x_wconf 90' lang='lat' dir='ltr'><strong>et</strong></span> <span class='ocrx_word' id='word_1_104' title='bbox 1775 1451 1986 1505; x_wconf 79' lang='lat' dir='ltr'><strong>fruetur</strong></span> 
     </span>
    </p>
   </div>
   <div class='ocr_carea' id='block_1_15' title="bbox 405 1520 1982 1613">
    <p class='ocr_par' dir='ltr' id='par_1_15' title="bbox 405 1520 1982 1613">
     <span class='ocr_line' id='line_1_15' title="bbox 405 1520 1982 1613; baseline 0.017 -41"><span class='ocrx_word' id='word_1_105' title='bbox 405 1520 594 1589; x_wconf 79' lang='lat' dir='ltr'><strong>gloria,</strong></span> <span class='ocrx_word' id='word_1_106' title='bbox 647 1523 779 1593; x_wconf 87' lang='lat' dir='ltr'><strong>legis</strong></span> <span class='ocrx_word' id='word_1_107' title='bbox 827 1529 1078 1597; x_wconf 82' lang='lat' dir='ltr'><strong>gloriam,</strong></span> <span class='ocrx_word' id='word_1_108' title='bbox 1122 1544 1383 1602; x_wconf 87' lang='lat' dir='ltr'><strong>quantum</strong></span> <span class='ocrx_word' id='word_1_109' title='bbox 1426 1539 1624 1593; x_wconf 89' lang='lat' dir='ltr'><strong>dictum</strong></span> <span class='ocrx_word' id='word_1_110' title='bbox 1671 1553 1776 1609; x_wconf 91' lang='lat' dir='ltr'><strong>est,</strong></span> <span class='ocrx_word' id='word_1_111' title='bbox 1822 1560 1982 1613; x_wconf 82' lang='lat' dir='ltr'><strong>snpe-</strong></span> 
     </span>
    </p>
   </div>
   <div class='ocr_carea' id='block_1_16' title="bbox 407 1617 1986 1706">
    <p class='ocr_par' dir='ltr' id='par_1_16' title="bbox 407 1617 1986 1706">
     <span class='ocr_line' id='line_1_16' title="bbox 407 1617 1986 1706; baseline 0.016 -39"><span class='ocrx_word' id='word_1_112' title='bbox 407 1624 584 1668; x_wconf 84' lang='lat' dir='ltr'><strong>rante.</strong></span> <span class='ocrx_word' id='word_1_113' title='bbox 637 1617 796 1688; x_wconf 76' lang='lat'><strong>261</strong></span> <span class='ocrx_word' id='word_1_114' title='bbox 845 1619 997 1676; x_wconf 83' lang='lat' dir='ltr'><strong>Hauc</strong></span> <span class='ocrx_word' id='word_1_115' title='bbox 1031 1625 1175 1677; x_wconf 84' lang='lat' dir='ltr'><strong>enim</strong></span> <span class='ocrx_word' id='word_1_116' title='bbox 1220 1627 1444 1682; x_wconf 83' lang='lat' dir='ltr'><strong>d0ttabit</strong></span> <span class='ocrx_word' id='word_1_117' title='bbox 1498 1629 1753 1701; x_wconf 88' lang='lat' dir='ltr'><strong>Spiritus,</strong></span> <span class='ocrx_word' id='word_1_118' title='bbox 1799 1646 1986 1706; x_wconf 84' lang='lat' dir='ltr'><strong>utpote</strong></span> 
     </span>
    </p>
   </div>
   <div class='ocr_carea' id='block_1_17' title="bbox 405 1705 1150 1782">
    <p class='ocr_par' dir='ltr' id='par_1_17' title="bbox 405 1705 1150 1782">
     <span class='ocr_line' id='line_1_17' title="bbox 405 1705 1150 1782; baseline 0.016 -22"><span class='ocrx_word' id='word_1_119' title='bbox 405 1705 666 1764; x_wconf 88' lang='lat' dir='ltr'><strong>Dominus</strong></span> <span class='ocrx_word' id='word_1_120' title='bbox 701 1721 755 1764; x_wconf 90' lang='lat' dir='ltr'><strong>et</strong></span> <span class='ocrx_word' id='word_1_121' title='bbox 783 1715 1150 1782; x_wconf 89' lang='lat' dir='ltr'><strong>omnipotens.</strong></span> 
     </span>
    </p>
   </div>
   <div class='ocr_carea' id='block_1_18' title="bbox 476 1799 1986 1886">
    <p class='ocr_par' dir='ltr' id='par_1_18' title="bbox 476 1799 1986 1886">
     <span class='ocr_line' id='line_1_18' title="bbox 476 1799 1986 1886; baseline 0.017 -33"><span class='ocrx_word' id='word_1_122' title='bbox 476 1799 642 1855; x_wconf 74' lang='lat' dir='ltr'><strong>Vens.</strong></span> <span class='ocrx_word' id='word_1_123' title='bbox 678 1802 764 1857; x_wconf 84' lang='lat' dir='ltr'><strong>l7.</strong></span> <span class='ocrx_word' id='word_1_124' title='bbox 824 1823 843 1855; x_wconf 87' lang='grc' dir='ltr'>ι</span> <span class='ocrx_word' id='word_1_125' title='bbox 890 1805 985 1860; x_wconf 87' lang='lat' dir='ltr'><strong>Ubi</strong></span> <span class='ocrx_word' id='word_1_126' title='bbox 1038 1819 1215 1864; x_wconf 85' lang='lat' dir='ltr'><strong>autem</strong></span> <span class='ocrx_word' id='word_1_127' title='bbox 1251 1809 1490 1883; x_wconf 89' lang='lat' dir='ltr'><strong>Spiritus</strong></span> <span class='ocrx_word' id='word_1_128' title='bbox 1538 1817 1774 1886; x_wconf 88' lang='lat' dir='ltr'><strong>Domini,</strong></span> <span class='ocrx_word' id='word_1_129' title='bbox 1819 1822 1889 1878; x_wconf 90' lang='lat' dir='ltr'><strong>ibi</strong></span> <span class='ocrx_word' id='word_1_130' title='bbox 1923 1823 1986 1878; x_wconf 93' lang='lat' dir='ltr'><strong>li-</strong></span> 
     </span>
    </p>
   </div>
   <div class='ocr_carea' id='block_1_19' title="bbox 405 1891 1987 1986">
    <p class='ocr_par' dir='ltr' id='par_1_19' title="bbox 405 1891 1987 1986">
     <span class='ocr_line' id='line_1_19' title="bbox 405 1891 1987 1986; baseline 0.018 -42"><span class='ocrx_word' id='word_1_131' title='bbox 405 1891 609 1947; x_wconf 89' lang='lat' dir='ltr'><strong>bertas.</strong></span> <span class='ocrx_word' id='word_1_132' title='bbox 645 1912 664 1946; x_wconf 77' lang='grc' dir='ltr'><strong><em>ι</em></strong></span> <span class='ocrx_word' id='word_1_133' title='bbox 704 1894 762 1950; x_wconf 83' lang='lat' dir='ltr'><strong>In</strong></span> <span class='ocrx_word' id='word_1_134' title='bbox 798 1895 910 1968; x_wconf 79' lang='lat' dir='ltr'><strong>lege</strong></span> <span class='ocrx_word' id='word_1_135' title='bbox 932 1899 1118 1968; x_wconf 74' lang='lat' dir='ltr'><strong>jugutu</strong></span> <span class='ocrx_word' id='word_1_136' title='bbox 1159 1916 1276 1959; x_wconf 82' lang='lat' dir='ltr'><strong>erat</strong></span> <span class='ocrx_word' id='word_1_137' title='bbox 1319 1921 1372 1961; x_wconf 86' lang='lat' dir='ltr'><strong>et</strong></span> <span class='ocrx_word' id='word_1_138' title='bbox 1406 1911 1638 1966; x_wconf 76' lang='lat' dir='ltr'><strong>servitus</strong></span> <span class='ocrx_word' id='word_1_139' title='bbox 1671 1931 1686 1969; x_wconf 88' lang='lat'>:</span> <span class='ocrx_word' id='word_1_140' title='bbox 1722 1914 1773 1968; x_wconf 88' lang='lat' dir='ltr'><strong>in</strong></span> <span class='ocrx_word' id='word_1_141' title='bbox 1812 1915 1987 1986; x_wconf 89' lang='lat' dir='ltr'><strong>Spiri-</strong></span> 
     </span>
    </p>
   </div>
   <div class='ocr_carea' id='block_1_20' title="bbox 403 1984 1984 2066">
    <p class='ocr_par' dir='ltr' id='par_1_20' title="bbox 403 1984 1984 2066">
     <span class='ocr_line' id='line_1_20' title="bbox 403 1984 1984 2066; baseline 0.02 -34"><span class='ocrx_word' id='word_1_142' title='bbox 403 1989 488 2034; x_wconf 88' lang='lat' dir='ltr'><strong>tus</strong></span> <span class='ocrx_word' id='word_1_143' title='bbox 520 1994 698 2037; x_wconf 90' lang='lat' dir='ltr'><strong>autem</strong></span> <span class='ocrx_word' id='word_1_144' title='bbox 747 1984 862 2055; x_wconf 86' lang='lat' dir='ltr'><strong>lege</strong></span> <span class='ocrx_word' id='word_1_145' title='bbox 904 1999 958 2042; x_wconf 90' lang='lat' dir='ltr'><strong>et</strong></span> <span class='ocrx_word' id='word_1_146' title='bbox 1005 1988 1315 2060; x_wconf 81' lang='lat' dir='ltr'><strong>Evangelio,</strong></span> <span class='ocrx_word' id='word_1_147' title='bbox 1349 1997 1587 2066; x_wconf 87' lang='lat' dir='ltr'><strong>libertas,</strong></span> <span class='ocrx_word' id='word_1_148' title='bbox 1631 2013 1686 2055; x_wconf 86' lang='lat' dir='ltr'><strong>ut</strong></span> <span class='ocrx_word' id='word_1_149' title='bbox 1716 1984 1867 2059; x_wconf 78' lang='lat' dir='ltr'><strong>citra</strong></span> <span class='ocrx_word' id='word_1_150' title='bbox 1885 2008 1984 2062; x_wconf 89' lang='lat' dir='ltr'><strong>ob-</strong></span> 
     </span>
    </p>
   </div>
   <div class='ocr_carea' id='block_1_21' title="bbox 403 2075 1696 2158">
    <p class='ocr_par' dir='ltr' id='par_1_21' title="bbox 403 2075 1696 2158">
     <span class='ocr_line' id='line_1_21' title="bbox 403 2075 1696 2158; baseline 0.016 -30"><span class='ocrx_word' id='word_1_151' title='bbox 403 2075 670 2129; x_wconf 87' lang='lat' dir='ltr'><strong>staculum</strong></span> <span class='ocrx_word' id='word_1_152' title='bbox 697 2086 751 2131; x_wconf 91' lang='lat' dir='ltr'><strong>et</strong></span> <span class='ocrx_word' id='word_1_153' title='bbox 789 2077 958 2136; x_wconf 88' lang='lat' dir='ltr'><strong>libere</strong></span> <span class='ocrx_word' id='word_1_154' title='bbox 991 2083 1426 2158; x_wconf 80' lang='lat' dir='ltr'><strong>videatur&#39;gloria</strong></span> <span class='ocrx_word' id='word_1_155' title='bbox 1463 2093 1696 2152; x_wconf 87' lang='lat' dir='ltr'><strong>Domini.</strong></span> 
     </span>
    </p>
   </div>
   <div class='ocr_carea' id='block_1_22' title="bbox 476 2252 1982 2338">
    <p class='ocr_par' dir='ltr' id='par_1_22' title="bbox 476 2252 1982 2338">
     <span class='ocr_line' id='line_1_22' title="bbox 476 2252 1982 2338; baseline 0.021 -32"><span class='ocrx_word' id='word_1_156' title='bbox 476 2252 642 2310; x_wconf 75' lang='lat' dir='ltr'><strong>Vens.</strong></span> <span class='ocrx_word' id='word_1_157' title='bbox 705 2257 791 2314; x_wconf 83' lang='lat' dir='ltr'><strong>l8.</strong></span> <span class='ocrx_word' id='word_1_158' title='bbox 855 2279 873 2312; x_wconf 82' lang='grc' dir='ltr'>ι</span> <span class='ocrx_word' id='word_1_159' title='bbox 931 2261 1042 2318; x_wconf 85' lang='lat' dir='ltr'><strong>Nos</strong></span> <span class='ocrx_word' id='word_1_160' title='bbox 1104 2281 1233 2321; x_wconf 90' lang='lat' dir='ltr'><strong>vero</strong></span> <span class='ocrx_word' id='word_1_161' title='bbox 1297 2285 1486 2327; x_wconf 90' lang='lat' dir='ltr'><strong>omnes</strong></span> <span class='ocrx_word' id='word_1_162' title='bbox 1544 2275 1780 2332; x_wconf 87' lang='lat' dir='ltr'><strong>revelata</strong></span> <span class='ocrx_word' id='word_1_163' title='bbox 1844 2279 1982 2338; x_wconf 89' lang='lat' dir='ltr'><strong>facie</strong></span> 
     </span>
    </p>
   </div>
   <div class='ocr_carea' id='block_1_23' title="bbox 401 2345 1969 2440">
    <p class='ocr_par' dir='ltr' id='par_1_23' title="bbox 401 2345 1969 2440">
     <span class='ocr_line' id='line_1_23' title="bbox 401 2345 1969 2440; baseline 0.02 -43"><span class='ocrx_word' id='word_1_164' title='bbox 401 2345 627 2413; x_wconf 79' lang='lat' dir='ltr'><strong>gloriam</strong></span> <span class='ocrx_word' id='word_1_165' title='bbox 665 2347 880 2406; x_wconf 88' lang='lat' dir='ltr'><strong>Domini</strong></span> <span class='ocrx_word' id='word_1_166' title='bbox 907 2355 1270 2422; x_wconf 87' lang='lat' dir='ltr'><strong>speculantes,</strong></span> <span class='ocrx_word' id='word_1_167' title='bbox 1301 2362 1366 2415; x_wconf 87' lang='lat' dir='ltr'><strong>ad</strong></span> <span class='ocrx_word' id='word_1_168' title='bbox 1399 2367 1643 2421; x_wconf 79' lang='lat' dir='ltr'><strong>eamdem</strong></span> <span class='ocrx_word' id='word_1_169' title='bbox 1679 2369 1969 2440; x_wconf 79' lang='lat' dir='ltr'><strong>imaginem</strong></span> 
     </span>
    </p>
   </div>
   <div class='ocr_carea' id='block_1_24' title="bbox 403 2437 1980 2531">
    <p class='ocr_par' dir='ltr' id='par_1_24' title="bbox 403 2437 1980 2531">
     <span class='ocr_line' id='line_1_24' title="bbox 403 2437 1980 2531; baseline 0.019 -43"><span class='ocrx_word' id='word_1_170' title='bbox 403 2437 880 2508; x_wconf 78' lang='lat' dir='ltr'><strong>transformamur,</strong></span> <span class='ocrx_word' id='word_1_171' title='bbox 929 2459 958 2497; x_wconf 90' lang='lat' dir='ltr'><strong>a</strong></span> <span class='ocrx_word' id='word_1_172' title='bbox 1021 2446 1190 2514; x_wconf 81' lang='lat' dir='ltr'><strong>gloria</strong></span> <span class='ocrx_word' id='word_1_173' title='bbox 1235 2450 1286 2503; x_wconf 90' lang='lat' dir='ltr'><strong>in</strong></span> <span class='ocrx_word' id='word_1_174' title='bbox 1331 2453 1582 2522; x_wconf 81' lang='lat' dir='ltr'><strong>gloriam,</strong></span> <span class='ocrx_word' id='word_1_175' title='bbox 1640 2437 1894 2531; x_wconf 73' lang='lat' dir='ltr'><strong>tauquam</strong></span> <span class='ocrx_word' id='word_1_176' title='bbox 1949 2480 1980 2520; x_wconf 84' lang='lat' dir='ltr'><strong>a</strong></span> 
     </span>
    </p>
   </div>
   <div class='ocr_carea' id='block_1_25' title="bbox 399 2524 1981 2627">
    <p class='ocr_par' dir='ltr' id='par_1_25' title="bbox 399 2524 1981 2627">
     <span class='ocr_line' id='line_1_25' title="bbox 399 2524 1981 2627; baseline 0.02 -48"><span class='ocrx_word' id='word_1_177' title='bbox 399 2524 612 2583; x_wconf 92' lang='lat' dir='ltr'><strong>Domini</strong></span> <span class='ocrx_word' id='word_1_178' title='bbox 651 2530 876 2602; x_wconf 87' lang='lat' dir='ltr'><strong>Spiritu.</strong></span> <span class='ocrx_word' id='word_1_179' title='bbox 923 2554 941 2608; x_wconf 68' lang='grc' dir='ltr'>ι</span> <span class='ocrx_word' id='word_1_180' title='bbox 977 2537 1172 2605; x_wconf 86' lang='lat' dir='ltr'><strong>Tanta,</strong></span> <span class='ocrx_word' id='word_1_181' title='bbox 1211 2542 1418 2612; x_wconf 85' lang='lat' dir='ltr'><strong>inquit,</strong></span> <span class='ocrx_word' id='word_1_182' title='bbox 1458 2546 1705 2605; x_wconf 85' lang='lat' dir='ltr'><strong>libertate</strong></span> <span class='ocrx_word' id='word_1_183' title='bbox 1740 2564 1794 2606; x_wconf 93' lang='lat' dir='ltr'><strong>et</strong></span> <span class='ocrx_word' id='word_1_184' title='bbox 1832 2555 1981 2627; x_wconf 85' lang='lat' dir='ltr'><strong>inge-</strong></span> 
     </span>
    </p>
   </div>
   <div class='ocr_carea' id='block_1_26' title="bbox 399 2620 1979 2715">
    <p class='ocr_par' dir='ltr' id='par_1_26' title="bbox 399 2620 1979 2715">
     <span class='ocr_line' id='line_1_26' title="bbox 399 2620 1979 2715; baseline 0.021 -44"><span class='ocrx_word' id='word_1_185' title='bbox 399 2620 607 2677; x_wconf 86' lang='lat' dir='ltr'><strong>nuitate</strong></span> <span class='ocrx_word' id='word_1_186' title='bbox 648 2623 901 2695; x_wconf 79' lang='lat' dir='ltr'><strong>fruimur,</strong></span> <span class='ocrx_word' id='word_1_187' title='bbox 938 2639 999 2684; x_wconf 92' lang='lat' dir='ltr'><strong>ut</strong></span> <span class='ocrx_word' id='word_1_188' title='bbox 1035 2646 1228 2689; x_wconf 85' lang='lat' dir='ltr'><strong>amnes</strong></span> <span class='ocrx_word' id='word_1_189' title='bbox 1259 2651 1358 2691; x_wconf 92' lang='lat' dir='ltr'><strong>nos</strong></span> <span class='ocrx_word' id='word_1_190' title='bbox 1390 2638 1596 2706; x_wconf 80' lang='lat' dir='ltr'><strong>ﬁdeles,</strong></span> <span class='ocrx_word' id='word_1_191' title='bbox 1641 2659 1746 2698; x_wconf 90' lang='lat' dir='ltr'><strong>non</strong></span> <span class='ocrx_word' id='word_1_192' title='bbox 1785 2663 1979 2715; x_wconf 91' lang='lat' dir='ltr'><strong>quem-</strong></span> 
     </span>
    </p>
   </div>
   <div class='ocr_carea' id='block_1_27' title="bbox 397 2712 1973 2806">
    <p class='ocr_par' dir='ltr' id='par_1_27' title="bbox 397 2712 1973 2806">
     <span class='ocr_line' id='line_1_27' title="bbox 397 2712 1973 2806; baseline 0.02 -42"><span class='ocrx_word' id='word_1_193' title='bbox 397 2712 687 2769; x_wconf 83' lang='lat' dir='ltr'><strong>admodum</strong></span> <span class='ocrx_word' id='word_1_194' title='bbox 713 2733 852 2773; x_wconf 91' lang='lat' dir='ltr'><strong>unus</strong></span> <span class='ocrx_word' id='word_1_195' title='bbox 880 2720 990 2776; x_wconf 93' lang='lat' dir='ltr'><strong>illic</strong></span> <span class='ocrx_word' id='word_1_196' title='bbox 1019 2721 1224 2790; x_wconf 84' lang='lat' dir='ltr'><strong>Moses,</strong></span> <span class='ocrx_word' id='word_1_197' title='bbox 1257 2737 1462 2784; x_wconf 89' lang='lat' dir='ltr'><strong>retecta</strong></span> <span class='ocrx_word' id='word_1_198' title='bbox 1499 2733 1635 2789; x_wconf 85' lang='lat' dir='ltr'><strong>facie</strong></span> <span class='ocrx_word' id='word_1_199' title='bbox 1665 2735 1796 2806; x_wconf 91' lang='lat' dir='ltr'><strong>(non</strong></span> <span class='ocrx_word' id='word_1_200' title='bbox 1827 2742 1973 2796; x_wconf 93' lang='lat' dir='ltr'><strong>enim</strong></span> 
     </span>
    </p>
   </div>
   <div class='ocr_carea' id='block_1_28' title="bbox 397 2808 1977 2894">
    <p class='ocr_par' dir='ltr' id='par_1_28' title="bbox 397 2808 1977 2894">
     <span class='ocr_line' id='line_1_28' title="bbox 397 2808 1977 2894; baseline 0.021 -38"><span class='ocrx_word' id='word_1_201' title='bbox 397 2811 484 2859; x_wconf 84' lang='lat' dir='ltr'><strong>est</strong></span> <span class='ocrx_word' id='word_1_202' title='bbox 530 2808 670 2875; x_wconf 87' lang='lat' dir='ltr'><strong>apttd</strong></span> <span class='ocrx_word' id='word_1_203' title='bbox 715 2810 1002 2868; x_wconf 83' lang='lat' dir='ltr'><strong>credentes</strong></span> <span class='ocrx_word' id='word_1_204' title='bbox 1051 2817 1441 2893; x_wconf 85' lang='lat' dir='ltr'><strong>velamentum)</strong></span> <span class='ocrx_word' id='word_1_205' title='bbox 1494 2824 1719 2894; x_wconf 82' lang='lat' dir='ltr'><strong>gloriam</strong></span> <span class='ocrx_word' id='word_1_206' title='bbox 1767 2831 1977 2889; x_wconf 88' lang='lat' dir='ltr'><strong>Domini</strong></span> 
     </span>
    </p>
   </div>
   <div class='ocr_carea' id='block_1_29' title="bbox 394 2898 1976 2994">
    <p class='ocr_par' dir='ltr' id='par_1_29' title="bbox 394 2898 1976 2994">
     <span class='ocr_line' id='line_1_29' title="bbox 394 2898 1976 2994; baseline 0.021 -46"><span class='ocrx_word' id='word_1_207' title='bbox 394 2898 762 2965; x_wconf 85' lang='lat' dir='ltr'><strong>speculantes,</strong></span> <span class='ocrx_word' id='word_1_208' title='bbox 793 2903 858 2955; x_wconf 87' lang='lat' dir='ltr'><strong>ad</strong></span> <span class='ocrx_word' id='word_1_209' title='bbox 889 2904 1136 2961; x_wconf 86' lang='lat' dir='ltr'><strong>eamdem</strong></span> <span class='ocrx_word' id='word_1_210' title='bbox 1181 2909 1466 2980; x_wconf 76' lang='lat' dir='ltr'><strong>imaginem</strong></span> <span class='ocrx_word' id='word_1_211' title='bbox 1501 2918 1976 2994; x_wconf 87' lang='lat' dir='ltr'><strong>transformemur,</strong></span> 
     </span>
    </p>
   </div>
   <div class='ocr_carea' id='block_1_30' title="bbox 400 2987 1973 3087">
    <p class='ocr_par' dir='ltr' id='par_1_30' title="bbox 400 2987 1973 3087">
     <span class='ocr_line' id='line_1_30' title="bbox 400 2987 1973 3087; baseline 0.021 -46"><span class='ocrx_word' id='word_1_212' title='bbox 400 2987 506 3044; x_wconf 89' lang='lat' dir='ltr'><strong>hoc</strong></span> <span class='ocrx_word' id='word_1_213' title='bbox 557 3001 668 3058; x_wconf 89' lang='lat' dir='ltr'><strong>est,</strong></span> <span class='ocrx_word' id='word_1_214' title='bbox 723 2996 967 3050; x_wconf 85' lang='lat' dir='ltr'><strong>eamdem</strong></span> <span class='ocrx_word' id='word_1_215' title='bbox 1002 2999 1226 3066; x_wconf 75' lang='lat' dir='ltr'><strong>gloriam</strong></span> <span class='ocrx_word' id='word_1_216' title='bbox 1261 3007 1602 3076; x_wconf 85' lang='lat' dir='ltr'><strong>recipiamus,</strong></span> <span class='ocrx_word' id='word_1_217' title='bbox 1638 3023 1690 3068; x_wconf 89' lang='lat' dir='ltr'><strong>et</strong></span> <span class='ocrx_word' id='word_1_218' title='bbox 1722 3024 1973 3087; x_wconf 81' lang='lat' dir='ltr'><strong>tanquam</strong></span> 
     </span>
    </p>
   </div>
   <div class='ocr_carea' id='block_1_31' title="bbox 399 3071 1974 3168">
    <p class='ocr_par' dir='ltr' id='par_1_31' title="bbox 399 3071 1974 3168">
     <span class='ocr_line' id='line_1_31' title="bbox 399 3071 1974 3168; baseline 0.023 -36"><span class='ocrx_word' id='word_1_219' title='bbox 399 3080 698 3150; x_wconf 83' lang='lat' dir='ltr'><strong>speculum,</strong></span> <span class='ocrx_word' id='word_1_220' title='bbox 733 3071 1092 3156; x_wconf 74' lang='lat' dir='ltr'><strong>splendorem</strong></span> <span class='ocrx_word' id='word_1_221' title='bbox 1153 3098 1476 3167; x_wconf 86' lang='lat' dir='ltr'><strong>recipientcs</strong></span> <span class='ocrx_word' id='word_1_222' title='bbox 1531 3118 1596 3160; x_wconf 89' lang='lat' dir='ltr'><strong>ac</strong></span> <span class='ocrx_word' id='word_1_223' title='bbox 1649 3123 1837 3164; x_wconf 82' lang='lat' dir='ltr'><strong>rursus</strong></span> <span class='ocrx_word' id='word_1_224' title='bbox 1891 3129 1974 3168; x_wconf 91' lang='lat' dir='ltr'><strong>re-</strong></span> 
     </span>
    </p>
   </div>
   <div class='ocr_carea' id='block_1_32' title="bbox 395 3171 2048 3295">
    <p class='ocr_par' dir='ltr' id='par_1_32' title="bbox 395 3171 2048 3295">
     <span class='ocr_line' id='line_1_32' title="bbox 395 3171 2048 3295; baseline 0.013 -55"><span class='ocrx_word' id='word_1_225' title='bbox 395 3171 768 3240; x_wconf 60' lang='lat' dir='ltr'><strong>sDie-micantes.</strong></span> <span class='ocrx_word' id='word_1_226' title='bbox 817 3180 896 3237; x_wconf 84' lang='lat' dir='ltr'><strong>Ac</strong></span> <span class='ocrx_word' id='word_1_227' title='bbox 936 3189 1391 3254; x_wconf 85' lang='lat' dir='ltr'><strong>quemadmodum</strong></span> <span class='ocrx_word' id='word_1_228' title='bbox 1443 3210 1723 3268; x_wconf 79' lang='lat' dir='ltr'><strong>argentum</strong></span> <span class='ocrx_word' id='word_1_229' title='bbox 1764 3205 1866 3260; x_wconf 89' lang='lat' dir='ltr'><strong>soli</strong></span> <span class='ocrx_word' id='word_1_230' title='bbox 1908 3222 1976 3261; x_wconf 83' lang='lat' dir='ltr'><strong>ex</strong></span> <span class='ocrx_word' id='word_1_231' title='bbox 2005 3237 2048 3295; x_wconf 64' lang='grc' dir='ltr'><strong>ρ</strong></span> 
     </span>
     <span class='ocr_line' id='line_1_33' title="bbox 397 3263 1568 3295; baseline 0 0"><span class='ocrx_word' id='word_1_232' title='bbox 397 3263 627 3295; x_wconf 68' lang='grc' dir='ltr'><strong>αιΙιηιιιιςη</strong></span> <span class='ocrx_word' id='word_1_233' title='bbox 656 3271 886 3295; x_wconf 55' lang='grc' dir='ltr'><strong>...ηειημ</strong></span> <span class='ocrx_word' id='word_1_234' title='bbox 969 3293 1008 3295; x_wconf 93' lang='lat'><strong>__</strong></span> <span class='ocrx_word' id='word_1_235' title='bbox 1047 3278 1106 3295; x_wconf 49' lang='grc' dir='ltr'><strong>ιη</strong></span> <span class='ocrx_word' id='word_1_236' title='bbox 1338 3285 1350 3295; x_wconf 91' lang='grc'>.</span> <span class='ocrx_word' id='word_1_237' title='bbox 1556 3290 1568 3295; x_wconf 87' lang='grc'><strong>-</strong></span> 
     </span>
    </p>
   </div>
   <div class='ocr_carea' id='block_1_33' title="bbox 397 3263 1979 3366">
    <p class='ocr_par' dir='ltr' id='par_1_33' title="bbox 397 3263 1979 3366">
     <span class='ocr_line' id='line_1_34' title="bbox 397 3263 1979 3366; baseline 0.025 -51"><span class='ocrx_word' id='word_1_238' title='bbox 397 3263 628 3321; x_wconf 83' lang='lat' dir='ltr'><strong>adverso</strong></span> <span class='ocrx_word' id='word_1_239' title='bbox 655 3271 889 3337; x_wconf 89' lang='lat' dir='ltr'><strong>positum</strong></span> <span class='ocrx_word' id='word_1_240' title='bbox 967 3278 1146 3334; x_wconf 88' lang='lat' dir='ltr'><strong>radios</strong></span> <span class='ocrx_word' id='word_1_241' title='bbox 1179 3285 1440 3351; x_wconf 90' lang='lat' dir='ltr'><strong>quosdam</strong></span> <span class='ocrx_word' id='word_1_242' title='bbox 1473 3263 1534 3343; x_wconf 71' lang='lat' dir='ltr'><strong>et</strong></span> <span class='ocrx_word' id='word_1_243' title='bbox 1555 3290 1728 3359; x_wconf 89' lang='lat' dir='ltr'><strong>ipsum</strong></span> <span class='ocrx_word' id='word_1_244' title='bbox 1753 3297 1979 3366; x_wconf 87' lang='lat' dir='ltr'><strong>appulsu</strong></span> 
     </span>
    </p>
   </div>
   <div class='ocr_carea' id='block_1_34' title="bbox 397 3356 1978 3456">
    <p class='ocr_par' dir='ltr' id='par_1_34' title="bbox 397 3356 1978 3456">
     <span class='ocr_line' id='line_1_35' title="bbox 397 3356 1978 3456; baseline 0.023 -47"><span class='ocrx_word' id='word_1_245' title='bbox 397 3356 532 3411; x_wconf 89' lang='lat' dir='ltr'><strong>solis</strong></span> <span class='ocrx_word' id='word_1_246' title='bbox 563 3363 811 3432; x_wconf 86' lang='lat' dir='ltr'><strong>remittit,</strong></span> <span class='ocrx_word' id='word_1_247' title='bbox 840 3367 919 3423; x_wconf 91' lang='lat' dir='ltr'><strong>sic</strong></span> <span class='ocrx_word' id='word_1_248' title='bbox 944 3379 998 3424; x_wconf 93' lang='lat' dir='ltr'><strong>et</strong></span> <span class='ocrx_word' id='word_1_249' title='bbox 1029 3387 1126 3426; x_wconf 91' lang='lat' dir='ltr'><strong>nos</strong></span> <span class='ocrx_word' id='word_1_250' title='bbox 1155 3374 1210 3430; x_wconf 88' lang='lat' dir='ltr'><strong>in</strong></span> <span class='ocrx_word' id='word_1_251' title='bbox 1239 3356 1689 3452; x_wconf 69' lang='lat' dir='ltr'><strong>baptisuratepcr</strong></span> <span class='ocrx_word' id='word_1_252' title='bbox 1711 3386 1978 3456; x_wconf 86' lang='lat' dir='ltr'><strong>Spiritum</strong></span> 
     </span>
    </p>
   </div>
   <div class='ocr_carea' id='block_1_35' title="bbox 399 3453 1977 3550">
    <p class='ocr_par' dir='ltr' id='par_1_35' title="bbox 399 3453 1977 3550">
     <span class='ocr_line' id='line_1_36' title="bbox 399 3453 1977 3550; baseline 0.024 -48"><span class='ocrx_word' id='word_1_253' title='bbox 399 3453 612 3521; x_wconf 83' lang='lat' dir='ltr'><strong>purgati</strong></span> <span class='ocrx_word' id='word_1_254' title='bbox 680 3457 929 3530; x_wconf 85' lang='lat' dir='ltr'><strong>illiusque</strong></span> <span class='ocrx_word' id='word_1_255' title='bbox 977 3465 1146 3521; x_wconf 88' lang='lat' dir='ltr'><strong>radiis</strong></span> <span class='ocrx_word' id='word_1_256' title='bbox 1179 3469 1461 3537; x_wconf 89' lang='lat' dir='ltr'><strong>illustrati,</strong></span> <span class='ocrx_word' id='word_1_257' title='bbox 1505 3475 1668 3546; x_wconf 87' lang='lat' dir='ltr'><strong>jnbar</strong></span> <span class='ocrx_word' id='word_1_258' title='bbox 1706 3453 1977 3550; x_wconf 83' lang='lat' dir='ltr'><strong>quoddam</strong></span> 
     </span>
    </p>
   </div>
   <div class='ocr_carea' id='block_1_36' title="bbox 396 3543 1979 3630">
    <p class='ocr_par' dir='ltr' id='par_1_36' title="bbox 396 3543 1979 3630">
     <span class='ocr_line' id='line_1_37' title="bbox 396 3543 1979 3630; baseline 0.023 -36"><span class='ocrx_word' id='word_1_259' title='bbox 396 3543 679 3610; x_wconf 90' lang='lat' dir='ltr'><strong>spirituale</strong></span> <span class='ocrx_word' id='word_1_260' title='bbox 724 3553 1070 3623; x_wconf 84' lang='lat' dir='ltr'><strong>remittimus,</strong></span> <span class='ocrx_word' id='word_1_261' title='bbox 1133 3574 1196 3613; x_wconf 86' lang='lat' dir='ltr'><strong>ac</strong></span> <span class='ocrx_word' id='word_1_262' title='bbox 1247 3565 1700 3624; x_wconf 86' lang='lat' dir='ltr'><strong>transformamur</strong></span> <span class='ocrx_word' id='word_1_263' title='bbox 1728 3572 1794 3625; x_wconf 87' lang='lat' dir='ltr'><strong>ad</strong></span> <span class='ocrx_word' id='word_1_264' title='bbox 1837 3589 1979 3630; x_wconf 89' lang='lat' dir='ltr'><strong>eam-</strong></span> 
     </span>
    </p>
   </div>
   <div class='ocr_carea' id='block_1_37' title="bbox 393 3633 1977 3728">
    <p class='ocr_par' dir='ltr' id='par_1_37' title="bbox 393 3633 1977 3728">
     <span class='ocr_line' id='line_1_38' title="bbox 393 3633 1977 3728; baseline 0.021 -41"><span class='ocrx_word' id='word_1_265' title='bbox 393 3633 516 3688; x_wconf 90' lang='lat' dir='ltr'><strong>dem</strong></span> <span class='ocrx_word' id='word_1_266' title='bbox 565 3637 881 3710; x_wconf 83' lang='lat' dir='ltr'><strong>imaginem,</strong></span> <span class='ocrx_word' id='word_1_267' title='bbox 919 3660 948 3698; x_wconf 87' lang='lat' dir='ltr'><strong>a</strong></span> <span class='ocrx_word' id='word_1_268' title='bbox 991 3648 1158 3716; x_wconf 85' lang='lat' dir='ltr'><strong>gloria</strong></span> <span class='ocrx_word' id='word_1_269' title='bbox 1204 3651 1438 3722; x_wconf 87' lang='lat' dir='ltr'><strong>Spiritus</strong></span> <span class='ocrx_word' id='word_1_270' title='bbox 1478 3657 1544 3711; x_wconf 85' lang='lat' dir='ltr'><strong>ad</strong></span> <span class='ocrx_word' id='word_1_271' title='bbox 1583 3660 1809 3728; x_wconf 86' lang='lat' dir='ltr'><strong>gloriam</strong></span> <span class='ocrx_word' id='word_1_272' title='bbox 1876 3680 1977 3719; x_wconf 88' lang='lat' dir='ltr'><strong>no-</strong></span> 
     </span>
    </p>
   </div>
   <div class='ocr_carea' id='block_1_38' title="bbox 394 3735 1971 3813">
    <p class='ocr_par' dir='ltr' id='par_1_38' title="bbox 394 3735 1971 3813">
     <span class='ocr_line' id='line_1_39' title="bbox 394 3735 1971 3813; baseline 0.02 -35"><span class='ocrx_word' id='word_1_273' title='bbox 394 3735 564 3781; x_wconf 75' lang='lat' dir='ltr'><strong>stram</strong></span> <span class='ocrx_word' id='word_1_274' title='bbox 597 3745 612 3782; x_wconf 90' lang='lat'><strong>:</strong></span> <span class='ocrx_word' id='word_1_275' title='bbox 650 3744 883 3801; x_wconf 87' lang='lat' dir='ltr'><strong>eamque</strong></span> <span class='ocrx_word' id='word_1_276' title='bbox 926 3736 1106 3802; x_wconf 89' lang='lat' dir='ltr'><strong>talem,</strong></span> <span class='ocrx_word' id='word_1_277' title='bbox 1133 3742 1346 3810; x_wconf 84' lang='lat' dir='ltr'><strong>qualem</strong></span> <span class='ocrx_word' id='word_1_278' title='bbox 1377 3761 1471 3813; x_wconf 89' lang='lat' dir='ltr'><strong>par</strong></span> <span class='ocrx_word' id='word_1_279' title='bbox 1504 3758 1586 3801; x_wconf 88' lang='lat' dir='ltr'><strong>est</strong></span> <span class='ocrx_word' id='word_1_280' title='bbox 1618 3749 1820 3806; x_wconf 84' lang='lat' dir='ltr'><strong>habere</strong></span> <span class='ocrx_word' id='word_1_281' title='bbox 1849 3768 1971 3808; x_wconf 92' lang='lat' dir='ltr'><strong>eum</strong></span> 
     </span>
    </p>
   </div>
   <div class='ocr_carea' id='block_1_39' title="bbox 395 3815 1972 3910">
    <p class='ocr_par' dir='ltr' id='par_1_39' title="bbox 395 3815 1972 3910">
     <span class='ocr_line' id='line_1_40' title="bbox 395 3815 1972 3910; baseline 0.022 -44"><span class='ocrx_word' id='word_1_282' title='bbox 395 3815 486 3882; x_wconf 91' lang='lat' dir='ltr'><strong>qui</strong></span> <span class='ocrx_word' id='word_1_283' title='bbox 527 3831 556 3870; x_wconf 89' lang='lat' dir='ltr'><strong>a</strong></span> <span class='ocrx_word' id='word_1_284' title='bbox 589 3815 796 3888; x_wconf 89' lang='lat' dir='ltr'><strong>Spiritu</strong></span> <span class='ocrx_word' id='word_1_285' title='bbox 838 3822 1076 3894; x_wconf 87' lang='lat' dir='ltr'><strong>Domini,</strong></span> <span class='ocrx_word' id='word_1_286' title='bbox 1113 3832 1204 3899; x_wconf 91' lang='lat' dir='ltr'><strong>qui</strong></span> <span class='ocrx_word' id='word_1_287' title='bbox 1239 3833 1368 3888; x_wconf 92' lang='lat' dir='ltr'><strong>nulli</strong></span> <span class='ocrx_word' id='word_1_288' title='bbox 1401 3845 1486 3890; x_wconf 89' lang='lat' dir='ltr'><strong>est</strong></span> <span class='ocrx_word' id='word_1_289' title='bbox 1519 3839 1811 3910; x_wconf 87' lang='lat' dir='ltr'><strong>subjectus,</strong></span> <span class='ocrx_word' id='word_1_290' title='bbox 1849 3844 1972 3899; x_wconf 85' lang='lat' dir='ltr'><strong>illu-</strong></span> 
     </span>
    </p>
   </div>
   <div class='ocr_carea' id='block_1_40' title="bbox 397 3913 1967 3993">
    <p class='ocr_par' dir='ltr' id='par_1_40' title="bbox 397 3913 1967 3993">
     <span class='ocr_line' id='line_1_41' title="bbox 397 3913 1967 3993; baseline 0.022 -34"><span class='ocrx_word' id='word_1_291' title='bbox 397 3916 600 3963; x_wconf 87' lang='lat' dir='ltr'><strong>stratus</strong></span> <span class='ocrx_word' id='word_1_292' title='bbox 645 3921 748 3968; x_wconf 87' lang='lat' dir='ltr'><strong>est.</strong></span> <span class='ocrx_word' id='word_1_293' title='bbox 791 3913 924 3969; x_wconf 87' lang='lat' dir='ltr'><strong>Nam</strong></span> <span class='ocrx_word' id='word_1_294' title='bbox 969 3933 1090 3974; x_wconf 91' lang='lat' dir='ltr'><strong>cum</strong></span> <span class='ocrx_word' id='word_1_295' title='bbox 1142 3921 1401 3982; x_wconf 91' lang='lat' dir='ltr'><strong>Dominus</strong></span> <span class='ocrx_word' id='word_1_296' title='bbox 1433 3929 1526 3993; x_wconf 90' lang='lat' dir='ltr'><strong>sit,</strong></span> <span class='ocrx_word' id='word_1_297' title='bbox 1565 3933 1764 3990; x_wconf 87' lang='lat' dir='ltr'><strong>heriles</strong></span> <span class='ocrx_word' id='word_1_298' title='bbox 1805 3938 1967 3992; x_wconf 81' lang='lat' dir='ltr'><strong>etiam</strong></span> 
     </span>
    </p>
   </div>
   <div class='ocr_carea' id='block_1_41' title="bbox 394 4000 1969 4092">
    <p class='ocr_par' dir='ltr' id='par_1_41' title="bbox 394 4000 1969 4092">
     <span class='ocr_line' id='line_1_42' title="bbox 394 4000 1969 4092; baseline 0.022 -43"><span class='ocrx_word' id='word_1_299' title='bbox 394 4000 541 4054; x_wconf 89' lang='lat' dir='ltr'><strong>taces</strong></span> <span class='ocrx_word' id='word_1_300' title='bbox 570 4000 758 4058; x_wconf 79' lang='lat' dir='ltr'><strong>habet.</strong></span> <span class='ocrx_word' id='word_1_301' title='bbox 790 4007 1070 4076; x_wconf 87' lang='lat' dir='ltr'><strong>Siquidem</strong></span> <span class='ocrx_word' id='word_1_302' title='bbox 1112 4027 1303 4071; x_wconf 87' lang='lat' dir='ltr'><strong>omnes</strong></span> <span class='ocrx_word' id='word_1_303' title='bbox 1336 4015 1519 4075; x_wconf 82' lang='lat' dir='ltr'><strong>fideles</strong></span> <span class='ocrx_word' id='word_1_304' title='bbox 1549 4020 1750 4092; x_wconf 89' lang='lat' dir='ltr'><strong>Spiritu</strong></span> <span class='ocrx_word' id='word_1_305' title='bbox 1782 4037 1969 4083; x_wconf 87' lang='lat' dir='ltr'><strong>sancto</strong></span> 
     </span>
    </p>
   </div>
   <div class='ocr_carea' id='block_1_42' title="bbox 395 4087 1963 4187">
    <p class='ocr_par' dir='ltr' id='par_1_42' title="bbox 395 4087 1963 4187">
     <span class='ocr_line' id='line_1_43' title="bbox 395 4087 1963 4187; baseline 0.022 -49"><span class='ocrx_word' id='word_1_306' title='bbox 395 4087 675 4154; x_wconf 82' lang='lat' dir='ltr'><strong>replentur</strong></span> <span class='ocrx_word' id='word_1_307' title='bbox 704 4108 801 4162; x_wconf 91' lang='lat' dir='ltr'><strong>per</strong></span> <span class='ocrx_word' id='word_1_308' title='bbox 831 4098 1098 4166; x_wconf 84' lang='lat' dir='ltr'><strong>baptisma</strong></span> <span class='ocrx_word' id='word_1_309' title='bbox 1160 4106 1450 4177; x_wconf 88' lang='lat' dir='ltr'><strong>animaque</strong></span> <span class='ocrx_word' id='word_1_310' title='bbox 1503 4087 1743 4180; x_wconf 82' lang='lat' dir='ltr'><strong>ipsorum</strong></span> <span class='ocrx_word' id='word_1_311' title='bbox 1780 4116 1963 4187; x_wconf 83' lang='lat' dir='ltr'><strong>fulget,</strong></span> 
     </span>
    </p>
   </div>
   <div class='ocr_carea' id='block_1_43' title="bbox 393 4183 1968 4276">
    <p class='ocr_par' dir='ltr' id='par_1_43' title="bbox 393 4183 1968 4276">
     <span class='ocr_line' id='line_1_44' title="bbox 393 4183 1968 4276; baseline 0.023 -46"><span class='ocrx_word' id='word_1_312' title='bbox 393 4183 831 4254; x_wconf 86' lang='lat' dir='ltr'><strong>quandoquidem</strong></span> <span class='ocrx_word' id='word_1_313' title='bbox 874 4190 1037 4246; x_wconf 88' lang='lat' dir='ltr'><strong>etiam</strong></span> <span class='ocrx_word' id='word_1_314' title='bbox 1082 4192 1257 4253; x_wconf 80' lang='lat' dir='ltr'><strong>Moses</strong></span> <span class='ocrx_word' id='word_1_315' title='bbox 1301 4199 1538 4258; x_wconf 83' lang='lat' dir='ltr'><strong>divinam</strong></span> <span class='ocrx_word' id='word_1_316' title='bbox 1569 4203 1792 4276; x_wconf 87' lang='lat' dir='ltr'><strong>gloriam</strong></span> <span class='ocrx_word' id='word_1_317' title='bbox 1837 4183 1968 4265; x_wconf 40' lang='lat' dir='ltr'><strong>c‘ou;</strong></span> 
     </span>
    </p>
   </div>
   <div class='ocr_carea' id='block_1_44' title="bbox 390 4271 1963 4367">
    <p class='ocr_par' dir='ltr' id='par_1_44' title="bbox 390 4271 1963 4367">
     <span class='ocr_line' id='line_1_45' title="bbox 390 4271 1963 4367; baseline 0.022 -43"><span class='ocrx_word' id='word_1_318' title='bbox 390 4271 651 4343; x_wconf 82' lang='lat' dir='ltr'><strong>spicatas,</strong></span> <span class='ocrx_word' id='word_1_319' title='bbox 683 4281 1101 4340; x_wconf 86' lang='lat' dir='ltr'><strong>transformatus</strong></span> <span class='ocrx_word' id='word_1_320' title='bbox 1122 4297 1207 4344; x_wconf 89' lang='lat' dir='ltr'><strong>est</strong></span> <span class='ocrx_word' id='word_1_321' title='bbox 1229 4299 1282 4344; x_wconf 91' lang='lat' dir='ltr'><strong>et</strong></span> <span class='ocrx_word' id='word_1_322' title='bbox 1313 4290 1429 4362; x_wconf 87' lang='lat' dir='ltr'><strong>ipse</strong></span> <span class='ocrx_word' id='word_1_323' title='bbox 1451 4293 1504 4349; x_wconf 91' lang='lat' dir='ltr'><strong>in</strong></span> <span class='ocrx_word' id='word_1_324' title='bbox 1539 4271 1696 4365; x_wconf 67' lang='lat' dir='ltr'><strong>hanc,</strong></span> <span class='ocrx_word' id='word_1_325' title='bbox 1733 4299 1838 4356; x_wconf 87' lang='lat' dir='ltr'><strong>hoc</strong></span> <span class='ocrx_word' id='word_1_326' title='bbox 1861 4310 1963 4367; x_wconf 89' lang='lat' dir='ltr'><strong>est,</strong></span> 
     </span>
    </p>
   </div>
   <div class='ocr_carea' id='block_1_45' title="bbox 389 4368 1963 4464">
    <p class='ocr_par' dir='ltr' id='par_1_45' title="bbox 389 4368 1963 4464">
     <span class='ocr_line' id='line_1_46' title="bbox 389 4368 1963 4464; baseline 0.023 -49"><span class='ocrx_word' id='word_1_327' title='bbox 389 4368 684 4435; x_wconf 75' lang='lat' dir='ltr'><strong>assumpsit</strong></span> <span class='ocrx_word' id='word_1_328' title='bbox 715 4380 771 4425; x_wconf 90' lang='lat' dir='ltr'><strong>et</strong></span> <span class='ocrx_word' id='word_1_329' title='bbox 803 4373 916 4442; x_wconf 90' lang='lat' dir='ltr'><strong>ipse</strong></span> <span class='ocrx_word' id='word_1_330' title='bbox 956 4373 1243 4449; x_wconf 87' lang='lat' dir='ltr'><strong>fulgorem,</strong></span> <span class='ocrx_word' id='word_1_331' title='bbox 1273 4380 1517 4456; x_wconf 81' lang='lat' dir='ltr'><strong>luxitque</strong></span> <span class='ocrx_word' id='word_1_332' title='bbox 1548 4388 1727 4447; x_wconf 81' lang='lat' dir='ltr'><strong>vultus</strong></span> <span class='ocrx_word' id='word_1_333' title='bbox 1769 4392 1963 4464; x_wconf 82' lang='lat' dir='ltr'><strong>ipsius,</strong></span> 
     </span>
    </p>
   </div>
   <div class='ocr_carea' id='block_1_46' title="bbox 388 4456 1312 4537">
    <p class='ocr_par' dir='ltr' id='par_1_46' title="bbox 388 4456 1312 4537">
     <span class='ocr_line' id='line_1_47' title="bbox 388 4456 1312 4537; baseline 0.03 -29"><span class='ocrx_word' id='word_1_334' title='bbox 388 4456 586 4527; x_wconf 85' lang='lat' dir='ltr'><strong>quippe</strong></span> <span class='ocrx_word' id='word_1_335' title='bbox 617 4462 708 4532; x_wconf 89' lang='lat' dir='ltr'><strong>qui</strong></span> <span class='ocrx_word' id='word_1_336' title='bbox 739 4464 910 4537; x_wconf 82' lang='lat' dir='ltr'><strong>ﬁgura</strong></span> <span class='ocrx_word' id='word_1_337' title='bbox 939 4475 1113 4531; x_wconf 88' lang='lat' dir='ltr'><strong>nostri</strong></span> <span class='ocrx_word' id='word_1_338' title='bbox 1145 4486 1312 4535; x_wconf 82' lang='lat' dir='ltr'><strong>esset.</strong></span> 
     </span>
    </p>
   </div>
   <div class='ocr_carea' id='block_1_47' title="bbox 976 4766 1346 4831">
    <p class='ocr_par' dir='ltr' id='par_1_47' title="bbox 976 4766 1346 4831">
     <span class='ocr_line' id='line_1_48' title="bbox 976 4766 1346 4831; baseline 0.016 -6"><span class='ocrx_word' id='word_1_339' title='bbox 976 4766 1208 4828; x_wconf 86' lang='lat' dir='ltr'><strong>CAPUT</strong></span> <span class='ocrx_word' id='word_1_340' title='bbox 1253 4772 1346 4831; x_wconf 84' lang='lat' dir='ltr'><strong>IV.</strong></span> 
     </span>
    </p>
   </div>
   <div class='ocr_carea' id='block_1_48' title="bbox 455 4864 1954 4966">
    <p class='ocr_par' dir='ltr' id='par_1_48' title="bbox 455 4864 1954 4966">
     <span class='ocr_line' id='line_1_49' title="bbox 455 4864 1954 4966; baseline 0.022 -43"><span class='ocrx_word' id='word_1_341' title='bbox 455 4864 621 4926; x_wconf 73' lang='lat' dir='ltr'><strong>Vrsas.</strong></span> <span class='ocrx_word' id='word_1_342' title='bbox 665 4870 716 4927; x_wconf 82' lang='lat' dir='ltr'><strong>l.</strong></span> <span class='ocrx_word' id='word_1_343' title='bbox 765 4890 784 4925; x_wconf 84' lang='grc' dir='ltr'>ι</span> <span class='ocrx_word' id='word_1_344' title='bbox 830 4873 958 4932; x_wconf 86' lang='lat' dir='ltr'><strong>Ideo</strong></span> <span class='ocrx_word' id='word_1_345' title='bbox 991 4878 1252 4940; x_wconf 87' lang='lat' dir='ltr'><strong>habentes</strong></span> <span class='ocrx_word' id='word_1_346' title='bbox 1297 4886 1436 4944; x_wconf 86' lang='lat' dir='ltr'><strong>hanc</strong></span> <span class='ocrx_word' id='word_1_347' title='bbox 1473 4890 1954 4966; x_wconf 83' lang='lat' dir='ltr'><strong>ministrationcm,</strong></span> 
     </span>
    </p>
   </div>
   <div class='ocr_carea' id='block_1_49' title="bbox 379 4964 1954 5058">
    <p class='ocr_par' dir='ltr' id='par_1_49' title="bbox 379 4964 1954 5058">
     <span class='ocr_line' id='line_1_50' title="bbox 379 4964 1954 5058; baseline 0.023 -46"><span class='ocrx_word' id='word_1_348' title='bbox 379 4964 832 5030; x_wconf 84' lang='lat' dir='ltr'><strong>quemadmodum</strong></span> <span class='ocrx_word' id='word_1_349' title='bbox 892 4969 1322 5031; x_wconf 89' lang='lat' dir='ltr'><strong>misericordiam</strong></span> <span class='ocrx_word' id='word_1_350' title='bbox 1385 4987 1668 5041; x_wconf 90' lang='lat' dir='ltr'><strong>consecuti</strong></span> <span class='ocrx_word' id='word_1_351' title='bbox 1728 5003 1954 5058; x_wconf 89' lang='lat' dir='ltr'><strong>sumus,</strong></span> 
     </span>
    </p>
   </div>
   <div class='ocr_carea' id='block_1_50' title="bbox 379 5053 1956 5141">
    <p class='ocr_par' dir='ltr' id='par_1_50' title="bbox 379 5053 1956 5141">
     <span class='ocr_line' id='line_1_51' title="bbox 379 5053 1956 5141; baseline 0.021 -36"><span class='ocrx_word' id='word_1_352' title='bbox 379 5065 487 5107; x_wconf 89' lang='lat' dir='ltr'><strong>non</strong></span> <span class='ocrx_word' id='word_1_353' title='bbox 514 5053 814 5113; x_wconf 86' lang='lat' dir='ltr'><strong>deficimus.</strong></span> <span class='ocrx_word' id='word_1_354' title='bbox 850 5077 871 5112; x_wconf 77' lang='grc' dir='ltr'>ι</span> <span class='ocrx_word' id='word_1_355' title='bbox 917 5061 1054 5130; x_wconf 84' lang='lat' dir='ltr'><strong>Quia</strong></span> <span class='ocrx_word' id='word_1_356' title='bbox 1089 5067 1256 5123; x_wconf 89' lang='lat' dir='ltr'><strong>multa</strong></span> <span class='ocrx_word' id='word_1_357' title='bbox 1297 5085 1360 5125; x_wconf 89' lang='lat' dir='ltr'><strong>ac</strong></span> <span class='ocrx_word' id='word_1_358' title='bbox 1391 5087 1582 5140; x_wconf 82' lang='lat' dir='ltr'><strong>magna</strong></span> <span class='ocrx_word' id='word_1_359' title='bbox 1608 5077 1838 5141; x_wconf 80' lang='lat' dir='ltr'><strong>dixerat.</strong></span> <span class='ocrx_word' id='word_1_360' title='bbox 1869 5053 1956 5137; x_wconf 51' lang='lat' dir='ltr'><strong>ni;</strong></span> 
     </span>
    </p>
   </div>
   <div class='ocr_carea' id='block_1_51' title="bbox 384 5145 998 5222">
    <p class='ocr_par' dir='ltr' id='par_1_51' title="bbox 384 5145 998 5222">
     <span class='ocr_line' id='line_1_52' title="bbox 384 5145 998 5222; baseline 0.021 -24"><span class='ocrx_word' id='word_1_361' title='bbox 384 5145 605 5214; x_wconf 86' lang='lat' dir='ltr'><strong>mirum,</strong></span> <span class='ocrx_word' id='word_1_362' title='bbox 638 5149 746 5204; x_wconf 85' lang='lat' dir='ltr'><strong>Nos</strong></span> <span class='ocrx_word' id='word_1_363' title='bbox 775 5157 998 5222; x_wconf 86' lang='lat' dir='ltr'><strong>apostoli</strong></span> 
     </span>
    </p>
   </div>
   <div class='ocr_carea' id='block_1_52' title="bbox 376 5331 1948 5416">
    <p class='ocr_par' dir='ltr' id='par_1_52' title="bbox 376 5331 1948 5416">
     <span class='ocr_line' id='line_1_53' title="bbox 376 5331 1948 5416; baseline 0.017 -34"><span class='ocrx_word' id='word_1_364' title='bbox 376 5331 544 5386; x_wconf 89' lang='lat' dir='ltr'><strong>mittit</strong></span> <span class='ocrx_word' id='word_1_365' title='bbox 589 5343 852 5392; x_wconf 89' lang='lat' dir='ltr'><strong>tumorem</strong></span> <span class='ocrx_word' id='word_1_366' title='bbox 888 5339 1074 5408; x_wconf 91' lang='lat' dir='ltr'><strong>istum,</strong></span> <span class='ocrx_word' id='word_1_367' title='bbox 1121 5342 1216 5397; x_wconf 88' lang='lat' dir='ltr'><strong>Dei</strong></span> <span class='ocrx_word' id='word_1_368' title='bbox 1266 5353 1370 5412; x_wconf 91' lang='lat' dir='ltr'><strong>est,</strong></span> <span class='ocrx_word' id='word_1_369' title='bbox 1411 5346 1683 5416; x_wconf 88' lang='lat' dir='ltr'><strong>inquiens,</strong></span> <span class='ocrx_word' id='word_1_370' title='bbox 1729 5353 1948 5409; x_wconf 89' lang='lat' dir='ltr'><strong>univer-</strong></span> 
     </span>
    </p>
   </div>
   <div class='ocr_carea' id='block_1_53' title="bbox 378 5605 1945 5682">
    <p class='ocr_par' dir='ltr' id='par_1_53' title="bbox 378 5605 1945 5682">
     <span class='ocr_line' id='line_1_54' title="bbox 378 5605 1945 5682; baseline 0.017 -25"><span class='ocrx_word' id='word_1_371' title='bbox 378 5605 691 5674; x_wconf 88' lang='lat' dir='ltr'><strong>adtnodum,</strong></span> <span class='ocrx_word' id='word_1_372' title='bbox 726 5628 744 5662; x_wconf 74' lang='grc' dir='ltr'>ι</span> <span class='ocrx_word' id='word_1_373' title='bbox 787 5611 982 5682; x_wconf 87' lang='lat' dir='ltr'><strong>inquit,</strong></span> <span class='ocrx_word' id='word_1_374' title='bbox 1024 5634 1042 5667; x_wconf 87' lang='grc' dir='ltr'>ι</span> <span class='ocrx_word' id='word_1_375' title='bbox 1079 5618 1504 5675; x_wconf 89' lang='lat' dir='ltr'><strong>misericordiam</strong></span> <span class='ocrx_word' id='word_1_376' title='bbox 1537 5630 1810 5682; x_wconf 85' lang='lat' dir='ltr'><strong>consecuti</strong></span> <span class='ocrx_word' id='word_1_377' title='bbox 1857 5646 1945 5682; x_wconf 89' lang='lat' dir='ltr'><strong>su-</strong></span> 
     </span>
    </p>
   </div>
   <div class='ocr_carea' id='block_1_54' title="bbox 2088 624 3620 712">
    <p class='ocr_par' dir='ltr' id='par_1_54' title="bbox 2088 624 3620 712">
     <span class='ocr_line' id='line_1_55' title="bbox 2088 624 3620 712; baseline 0.014 -35"><span class='ocrx_word' id='word_1_378' title='bbox 2088 625 2248 693; x_wconf 80' lang='grc' dir='ltr'>Λέγει</span> <span class='ocrx_word' id='word_1_379' title='bbox 2280 626 2373 680; x_wconf 88' lang='grc' dir='ltr'><strong>νῦν</strong></span> <span class='ocrx_word' id='word_1_380' title='bbox 2396 629 2619 696; x_wconf 88' lang='grc' dir='ltr'>τρόπον,</span> <span class='ocrx_word' id='word_1_381' title='bbox 2653 630 2721 684; x_wconf 77' lang='grc' dir='ltr'>δι’</span> <span class='ocrx_word' id='word_1_382' title='bbox 2753 624 2815 684; x_wconf 75' lang='grc' dir='ltr'>οὗ</span> <span class='ocrx_word' id='word_1_383' title='bbox 2837 632 3059 687; x_wconf 83' lang='grc' dir='ltr'>δυνατόν</span> <span class='ocrx_word' id='word_1_384' title='bbox 3084 635 3200 690; x_wconf 78' lang='grc' dir='ltr'>ἐστι</span> <span class='ocrx_word' id='word_1_385' title='bbox 3227 629 3558 712; x_wconf 78' lang='grc' dir='ltr'>διοροωθῆναι</span> <span class='ocrx_word' id='word_1_386' title='bbox 3582 648 3620 679; x_wconf 78' lang='grc'><strong>⁸³</strong></span> 
     </span>
    </p>
   </div>
   <div class='ocr_carea' id='block_1_55' title="bbox 2087 715 3618 804">
    <p class='ocr_par' dir='ltr' id='par_1_55' title="bbox 2087 715 3618 804">
     <span class='ocr_line' id='line_1_56' title="bbox 2087 715 3618 804; baseline 0.014 -36"><span class='ocrx_word' id='word_1_387' title='bbox 2087 715 2218 778; x_wconf 76' lang='grc' dir='ltr'>τοὺς</span> <span class='ocrx_word' id='word_1_388' title='bbox 2246 718 2609 790; x_wconf 79' lang='grc' dir='ltr'><strong>Ἰσραηλίτας.</strong></span> <span class='ocrx_word' id='word_1_389' title='bbox 2659 741 2676 773; x_wconf 87' lang='grc' dir='ltr'>ι</span> <span class='ocrx_word' id='word_1_390' title='bbox 2710 723 2878 776; x_wconf 88' lang='grc' dir='ltr'>Ὅταν</span> <span class='ocrx_word' id='word_1_391' title='bbox 2903 724 3208 798; x_wconf 77' lang='grc' dir='ltr'><strong>ἐπιστρέψῃ</strong></span> <span class='ocrx_word' id='word_1_392' title='bbox 3227 729 3359 797; x_wconf 73' lang='grc' dir='ltr'>πρὸς</span> <span class='ocrx_word' id='word_1_393' title='bbox 3387 732 3618 804; x_wconf 75' lang='grc' dir='ltr'>Κύριον,›</span> 
     </span>
    </p>
   </div>
   <div class='ocr_carea' id='block_1_56' title="bbox 2091 808 3626 899">
    <p class='ocr_par' dir='ltr' id='par_1_56' title="bbox 2091 808 3626 899">
     <span class='ocr_line' id='line_1_57' title="bbox 2091 808 3626 899; baseline 0.015 -40"><span class='ocrx_word' id='word_1_394' title='bbox 2091 808 2226 877; x_wconf 79' lang='grc' dir='ltr'><strong>φησί</strong></span> <span class='ocrx_word' id='word_1_395' title='bbox 2249 825 2261 836; x_wconf 83' lang='lat'>&#39;</span> <span class='ocrx_word' id='word_1_396' title='bbox 2295 811 2593 876; x_wconf 82' lang='grc' dir='ltr'>τουτέστιν,</span> <span class='ocrx_word' id='word_1_397' title='bbox 2625 813 2794 868; x_wconf 88' lang='grc' dir='ltr'>Ὅταν</span> <span class='ocrx_word' id='word_1_398' title='bbox 2815 817 3026 888; x_wconf 77' lang='grc' dir='ltr'>ἀποστῇ</span> <span class='ocrx_word' id='word_1_399' title='bbox 3048 817 3142 871; x_wconf 90' lang='grc' dir='ltr'><strong>τοῦ</strong></span> <span class='ocrx_word' id='word_1_400' title='bbox 3164 819 3349 888; x_wconf 81' lang='grc' dir='ltr'>νόμον,</span> <span class='ocrx_word' id='word_1_401' title='bbox 3372 826 3457 876; x_wconf 76' lang='grc' dir='ltr'><strong>καὶ</strong></span> <span class='ocrx_word' id='word_1_402' title='bbox 3487 845 3626 899; x_wconf 78' lang='grc' dir='ltr'>προσ·</span> 
     </span>
    </p>
   </div>
   <div class='ocr_carea' id='block_1_57' title="bbox 2088 898 3625 989">
    <p class='ocr_par' dir='ltr' id='par_1_57' title="bbox 2088 898 3625 989">
     <span class='ocr_line' id='line_1_58' title="bbox 2088 898 3625 989; baseline 0.014 -39"><span class='ocrx_word' id='word_1_403' title='bbox 2088 898 2220 971; x_wconf 83' lang='grc' dir='ltr'>έλθῃ</span> <span class='ocrx_word' id='word_1_404' title='bbox 2263 899 2342 970; x_wconf 86' lang='grc' dir='ltr'>τῷ</span> <span class='ocrx_word' id='word_1_405' title='bbox 2400 905 2762 976; x_wconf 79' lang='grc' dir='ltr'>πνευματικῷ</span> <span class='ocrx_word' id='word_1_406' title='bbox 2806 907 3147 978; x_wconf 81' lang='grc' dir='ltr'>Εύατγελίῳ,</span> <span class='ocrx_word' id='word_1_407' title='bbox 3196 911 3318 965; x_wconf 86' lang='grc' dir='ltr'>τότε</span> <span class='ocrx_word' id='word_1_408' title='bbox 3362 898 3625 989; x_wconf 83' lang='grc' dir='ltr'>περιαιρεῖ-</span> 
     </span>
    </p>
   </div>
   <div class='ocr_carea' id='block_1_58' title="bbox 2091 989 3621 1075">
    <p class='ocr_par' dir='ltr' id='par_1_58' title="bbox 2091 989 3621 1075">
     <span class='ocr_line' id='line_1_59' title="bbox 2091 989 3621 1075; baseline 0.016 -35"><span class='ocrx_word' id='word_1_409' title='bbox 2091 1006 2180 1042; x_wconf 83' lang='grc' dir='ltr'><strong>ται</strong></span> <span class='ocrx_word' id='word_1_410' title='bbox 2203 989 2264 1042; x_wconf 73' lang='grc' dir='ltr'>τὸ</span> <span class='ocrx_word' id='word_1_411' title='bbox 2286 992 2576 1062; x_wconf 84' lang='grc' dir='ltr'>κάλυμμα.</span> <span class='ocrx_word' id='word_1_412' title='bbox 2613 996 2719 1047; x_wconf 77' lang='grc' dir='ltr'>Καὶ</span> <span class='ocrx_word' id='word_1_413' title='bbox 2751 997 2858 1068; x_wconf 81' lang='grc' dir='ltr'><strong>γὰρ</strong></span> <span class='ocrx_word' id='word_1_414' title='bbox 2903 999 3000 1052; x_wconf 78' lang='grc' dir='ltr'>καὶ</span> <span class='ocrx_word' id='word_1_415' title='bbox 3032 1002 3124 1055; x_wconf 77' lang='grc' dir='ltr'><strong>ἐπὶ</strong></span> <span class='ocrx_word' id='word_1_416' title='bbox 3153 1002 3250 1072; x_wconf 80' lang='grc' dir='ltr'>τῆς</span> <span class='ocrx_word' id='word_1_417' title='bbox 3279 1005 3523 1075; x_wconf 80' lang='grc' dir='ltr'><strong>ἱστορίας,</strong></span> <span class='ocrx_word' id='word_1_418' title='bbox 3549 1013 3621 1065; x_wconf 75' lang='grc' dir='ltr'>ὅτε</span> 
     </span>
    </p>
   </div>
   <div class='ocr_carea' id='block_1_59' title="bbox 2094 1081 3627 1170">
    <p class='ocr_par' dir='ltr' id='par_1_59' title="bbox 2094 1081 3627 1170">
     <span class='ocr_line' id='line_1_60' title="bbox 2094 1081 3627 1170; baseline 0.015 -38"><span class='ocrx_word' id='word_1_419' title='bbox 2094 1081 2230 1150; x_wconf 78' lang='grc' dir='ltr'>πρὸς</span> <span class='ocrx_word' id='word_1_420' title='bbox 2254 1082 2346 1135; x_wconf 84' lang='grc' dir='ltr'><strong>τὸν</strong></span> <span class='ocrx_word' id='word_1_421' title='bbox 2375 1085 2507 1138; x_wconf 76' lang='grc' dir='ltr'>Θεὸν</span> <span class='ocrx_word' id='word_1_422' title='bbox 2531 1087 2836 1158; x_wconf 76' lang='grc' dir='ltr'>ἐπέστρεψε</span> <span class='ocrx_word' id='word_1_423' title='bbox 2883 1093 3111 1163; x_wconf 82' lang='grc' dir='ltr'><strong>Μωσῆς,</strong></span> <span class='ocrx_word' id='word_1_424' title='bbox 3147 1095 3627 1170; x_wconf 78' lang='grc' dir='ltr'>ἀνακεκαλυμμένος</span> 
     </span>
    </p>
   </div>
   <div class='ocr_carea' id='block_1_60' title="bbox 2090 1167 3626 1258">
    <p class='ocr_par' dir='ltr' id='par_1_60' title="bbox 2090 1167 3626 1258">
     <span class='ocr_line' id='line_1_61' title="bbox 2090 1167 3626 1258; baseline 0.017 -35"><span class='ocrx_word' id='word_1_425' title='bbox 2090 1167 2176 1242; x_wconf 85' lang='grc' dir='ltr'><strong>ἦν.</strong></span> <span class='ocrx_word' id='word_1_426' title='bbox 2219 1174 2392 1228; x_wconf 86' lang='grc' dir='ltr'>Τοῦτο</span> <span class='ocrx_word' id='word_1_427' title='bbox 2421 1177 2477 1230; x_wconf 85' lang='grc' dir='ltr'>δὲ</span> <span class='ocrx_word' id='word_1_428' title='bbox 2512 1178 2606 1231; x_wconf 81' lang='grc' dir='ltr'><strong>τοῦ</strong></span> <span class='ocrx_word' id='word_1_429' title='bbox 2635 1181 2924 1248; x_wconf 83' lang='grc' dir='ltr'>μέλλοντος</span> <span class='ocrx_word' id='word_1_430' title='bbox 2951 1185 3122 1249; x_wconf 83' lang='grc' dir='ltr'>τύπος</span> <span class='ocrx_word' id='word_1_431' title='bbox 3149 1182 3243 1258; x_wconf 76' lang='grc' dir='ltr'><strong>ἦν,</strong></span> <span class='ocrx_word' id='word_1_432' title='bbox 3271 1188 3350 1243; x_wconf 84' lang='grc' dir='ltr'>ὅτι</span> <span class='ocrx_word' id='word_1_433' title='bbox 3387 1167 3507 1245; x_wconf 76' lang='grc' dir='ltr'>ὅταν</span> <span class='ocrx_word' id='word_1_434' title='bbox 3524 1167 3626 1250; x_wconf 57' lang='grc' dir='ltr'>ἱπιέ-</span> 
     </span>
    </p>
   </div>
   <div class='ocr_carea' id='block_1_61' title="bbox 2096 1267 3624 1358">
    <p class='ocr_par' dir='ltr' id='par_1_61' title="bbox 2096 1267 3624 1358">
     <span class='ocr_line' id='line_1_62' title="bbox 2096 1267 3624 1358; baseline 0.016 -43"><span class='ocrx_word' id='word_1_435' title='bbox 2096 1269 2311 1336; x_wconf 78' lang='grc' dir='ltr'>στραφῇ</span> <span class='ocrx_word' id='word_1_436' title='bbox 2338 1285 2420 1327; x_wconf 86' lang='grc' dir='ltr'><strong>τις</strong></span> <span class='ocrx_word' id='word_1_437' title='bbox 2450 1270 2587 1340; x_wconf 69' lang='grc' dir='ltr'>πρὸς</span> <span class='ocrx_word' id='word_1_438' title='bbox 2619 1273 2678 1324; x_wconf 83' lang='grc' dir='ltr'><strong>τὸ</strong></span> <span class='ocrx_word' id='word_1_439' title='bbox 2727 1273 2953 1343; x_wconf 83' lang='grc' dir='ltr'>Πνεῦμα</span> <span class='ocrx_word' id='word_1_440' title='bbox 2978 1267 3158 1343; x_wconf 83' lang='grc' dir='ltr'>(τοῦτο</span> <span class='ocrx_word' id='word_1_441' title='bbox 3187 1281 3295 1351; x_wconf 72' lang='grc' dir='ltr'>γὰρ</span> <span class='ocrx_word' id='word_1_442' title='bbox 3338 1285 3365 1336; x_wconf 84' lang='grc' dir='ltr'>ὁ</span> <span class='ocrx_word' id='word_1_443' title='bbox 3411 1285 3624 1358; x_wconf 83' lang='grc' dir='ltr'>Κύριος),</span> 
     </span>
    </p>
   </div>
   <div class='ocr_carea' id='block_1_62' title="bbox 2088 1355 3627 1447">
    <p class='ocr_par' dir='ltr' id='par_1_62' title="bbox 2088 1355 3627 1447">
     <span class='ocr_line' id='line_1_63' title="bbox 2088 1355 3627 1447; baseline 0.018 -41"><span class='ocrx_word' id='word_1_444' title='bbox 2088 1355 2209 1408; x_wconf 80' lang='grc' dir='ltr'>τότε</span> <span class='ocrx_word' id='word_1_445' title='bbox 2263 1359 2470 1428; x_wconf 76' lang='grc' dir='ltr'>γυμνὸν</span> <span class='ocrx_word' id='word_1_446' title='bbox 2513 1361 2702 1432; x_wconf 64' lang='grc' dir='ltr'>ὄψεται</span> <span class='ocrx_word' id='word_1_447' title='bbox 2751 1366 2808 1418; x_wconf 85' lang='grc' dir='ltr'><strong>τὸ</strong></span> <span class='ocrx_word' id='word_1_448' title='bbox 2867 1368 3162 1438; x_wconf 87' lang='grc' dir='ltr'>πρόσωπον</span> <span class='ocrx_word' id='word_1_449' title='bbox 3203 1372 3296 1426; x_wconf 89' lang='grc' dir='ltr'><strong>τοῦ</strong></span> <span class='ocrx_word' id='word_1_450' title='bbox 3344 1355 3627 1447; x_wconf 22' lang='grc' dir='ltr'>νομοθνέτουο</span> 
     </span>
    </p>
   </div>
   <div class='ocr_carea' id='block_1_63' title="bbox 2092 1447 3626 1543">
    <p class='ocr_par' dir='ltr' id='par_1_63' title="bbox 2092 1447 3626 1543">
     <span class='ocr_line' id='line_1_64' title="bbox 2092 1447 3626 1543; baseline 0.017 -46"><span class='ocrx_word' id='word_1_451' title='bbox 2092 1447 2294 1514; x_wconf 77' lang='grc' dir='ltr'>μᾶλλον</span> <span class='ocrx_word' id='word_1_452' title='bbox 2322 1448 2379 1501; x_wconf 85' lang='grc' dir='ltr'>δὲ</span> <span class='ocrx_word' id='word_1_453' title='bbox 2414 1450 2578 1516; x_wconf 76' lang='grc' dir='ltr'>αὐτὸς</span> <span class='ocrx_word' id='word_1_454' title='bbox 2628 1455 2780 1508; x_wconf 80' lang='grc' dir='ltr'>ἔσται</span> <span class='ocrx_word' id='word_1_455' title='bbox 2827 1458 2885 1510; x_wconf 81' lang='grc' dir='ltr'>ἐν</span> <span class='ocrx_word' id='word_1_456' title='bbox 2917 1459 3068 1524; x_wconf 80' lang='grc' dir='ltr'>τάξει</span> <span class='ocrx_word' id='word_1_457' title='bbox 3118 1463 3391 1531; x_wconf 82' lang='grc' dir='ltr'><strong>Μωσέως,</strong></span> <span class='ocrx_word' id='word_1_458' title='bbox 3443 1469 3626 1543; x_wconf 76' lang='grc' dir='ltr'>καὶτῆς</span> 
     </span>
    </p>
   </div>
   <div class='ocr_carea' id='block_1_64' title="bbox 2088 1538 3625 1633">
    <p class='ocr_par' dir='ltr' id='par_1_64' title="bbox 2088 1538 3625 1633">
     <span class='ocr_line' id='line_1_65' title="bbox 2088 1538 3625 1633; baseline 0.017 -42"><span class='ocrx_word' id='word_1_459' title='bbox 2088 1538 2248 1608; x_wconf 79' lang='grc' dir='ltr'>δόξης</span> <span class='ocrx_word' id='word_1_460' title='bbox 2287 1543 2590 1598; x_wconf 77' lang='grc' dir='ltr'><strong>ἀπολαύσει</strong></span> <span class='ocrx_word' id='word_1_461' title='bbox 2620 1547 2722 1617; x_wconf 83' lang='grc' dir='ltr'>τῆς</span> <span class='ocrx_word' id='word_1_462' title='bbox 2757 1549 3212 1626; x_wconf 72' lang='grc' dir='ltr'>ὑπερϐαλλούσης</span> <span class='ocrx_word' id='word_1_463' title='bbox 3252 1557 3346 1627; x_wconf 82' lang='grc' dir='ltr'><strong>τὴν</strong></span> <span class='ocrx_word' id='word_1_464' title='bbox 3379 1559 3466 1613; x_wconf 88' lang='grc' dir='ltr'><strong>τοῦ</strong></span> <span class='ocrx_word' id='word_1_465' title='bbox 3490 1538 3625 1633; x_wconf 54' lang='grc' dir='ltr'>νόμον</span> 
     </span>
    </p>
   </div>
   <div class='ocr_carea' id='block_1_65' title="bbox 2087 1631 3626 1723">
    <p class='ocr_par' dir='ltr' id='par_1_65' title="bbox 2087 1631 3626 1723">
     <span class='ocr_line' id='line_1_66' title="bbox 2087 1631 3626 1723; baseline 0.019 -40"><span class='ocrx_word' id='word_1_466' title='bbox 2087 1631 2270 1698; x_wconf 79' lang='grc' dir='ltr'>δόξαν,</span> <span class='ocrx_word' id='word_1_467' title='bbox 2314 1636 2437 1687; x_wconf 83' lang='grc' dir='ltr'>ὅσον</span> <span class='ocrx_word' id='word_1_468' title='bbox 2473 1638 2721 1709; x_wconf 72' lang='grc' dir='ltr'>εἴρηται·</span> <span class='ocrx_word' id='word_1_469' title='bbox 2773 1644 2977 1716; x_wconf 84' lang='grc' dir='ltr'>ταύτην</span> <span class='ocrx_word' id='word_1_470' title='bbox 3012 1646 3121 1716; x_wconf 83' lang='grc' dir='ltr'><strong>γάρ</strong></span> <span class='ocrx_word' id='word_1_471' title='bbox 3175 1664 3259 1703; x_wconf 91' lang='grc' dir='ltr'><strong>σοι</strong></span> <span class='ocrx_word' id='word_1_472' title='bbox 3294 1631 3554 1723; x_wconf 78' lang='grc' dir='ltr'>χαρίσεται</span> <span class='ocrx_word' id='word_1_473' title='bbox 3578 1657 3626 1712; x_wconf 81' lang='grc' dir='ltr'>τὸ</span> 
     </span>
    </p>
   </div>
   <div class='ocr_carea' id='block_1_66' title="bbox 2091 1723 3285 1810">
    <p class='ocr_par' dir='ltr' id='par_1_66' title="bbox 2091 1723 3285 1810">
     <span class='ocr_line' id='line_1_67' title="bbox 2091 1723 3285 1810; baseline 0.017 -34"><span class='ocrx_word' id='word_1_474' title='bbox 2091 1723 2335 1794; x_wconf 82' lang='grc' dir='ltr'>Πνεῦμα,</span> <span class='ocrx_word' id='word_1_475' title='bbox 2365 1727 2439 1790; x_wconf 79' lang='grc' dir='ltr'>ὡς</span> <span class='ocrx_word' id='word_1_476' title='bbox 2471 1729 2676 1800; x_wconf 86' lang='grc' dir='ltr'>Κύριος</span> <span class='ocrx_word' id='word_1_477' title='bbox 2702 1735 2797 1788; x_wconf 78' lang='grc' dir='ltr'><strong>καὶ</strong></span> <span class='ocrx_word' id='word_1_478' title='bbox 2844 1739 3285 1810; x_wconf 87' lang='grc' dir='ltr'>παντοδύναμος.</span> 
     </span>
    </p>
   </div>
   <div class='ocr_carea' id='block_1_67' title="bbox 2165 1813 3624 1910">
    <p class='ocr_par' dir='ltr' id='par_1_67' title="bbox 2165 1813 3624 1910">
     <span class='ocr_line' id='line_1_68' title="bbox 2165 1813 3624 1910; baseline 0.02 -43"><span class='ocrx_word' id='word_1_479' title='bbox 2165 1834 2184 1867; x_wconf 85' lang='grc' dir='ltr'>ι</span> <span class='ocrx_word' id='word_1_480' title='bbox 2225 1813 2300 1873; x_wconf 80' lang='grc' dir='ltr'><strong>Οῦ</strong></span> <span class='ocrx_word' id='word_1_481' title='bbox 2330 1819 2386 1872; x_wconf 87' lang='grc' dir='ltr'><strong>δὲ</strong></span> <span class='ocrx_word' id='word_1_482' title='bbox 2412 1821 2474 1874; x_wconf 81' lang='grc' dir='ltr'>τὸ</span> <span class='ocrx_word' id='word_1_483' title='bbox 2505 1823 2728 1896; x_wconf 84' lang='grc' dir='ltr'>Πνεῦμα</span> <span class='ocrx_word' id='word_1_484' title='bbox 2763 1829 2988 1898; x_wconf 81' lang='grc' dir='ltr'>Κυρίου,</span> <span class='ocrx_word' id='word_1_485' title='bbox 3031 1833 3154 1886; x_wconf 75' lang='grc' dir='ltr'>ἐκεῖ</span> <span class='ocrx_word' id='word_1_486' title='bbox 3179 1835 3474 1910; x_wconf 69' lang='grc' dir='ltr'>ἐλευθερία.</span> <span class='ocrx_word' id='word_1_487' title='bbox 3509 1858 3525 1892; x_wconf 77' lang='grc' dir='ltr'><strong>ι</strong></span> <span class='ocrx_word' id='word_1_488' title='bbox 3555 1843 3624 1897; x_wconf 82' lang='grc' dir='ltr'>Ἑν</span> 
     </span>
    </p>
   </div>
   <div class='ocr_carea' id='block_1_68' title="bbox 2089 1907 3626 2000">
    <p class='ocr_par' dir='ltr' id='par_1_68' title="bbox 2089 1907 3626 2000">
     <span class='ocr_line' id='line_1_69' title="bbox 2089 1907 3626 2000; baseline 0.02 -42"><span class='ocrx_word' id='word_1_489' title='bbox 2089 1907 2167 1978; x_wconf 81' lang='grc' dir='ltr'><strong>τῷ</strong></span> <span class='ocrx_word' id='word_1_490' title='bbox 2193 1912 2343 1980; x_wconf 79' lang='grc' dir='ltr'>νόμῳ</span> <span class='ocrx_word' id='word_1_491' title='bbox 2375 1911 2538 1980; x_wconf 80' lang='grc' dir='ltr'>ζυγὸς</span> <span class='ocrx_word' id='word_1_492' title='bbox 2569 1912 2640 1987; x_wconf 76' lang='grc' dir='ltr'>ἦν</span> <span class='ocrx_word' id='word_1_493' title='bbox 2678 1921 2772 1973; x_wconf 72' lang='grc' dir='ltr'><strong>καὶ</strong></span> <span class='ocrx_word' id='word_1_494' title='bbox 2803 1921 3018 1978; x_wconf 82' lang='grc' dir='ltr'>δουλεία</span> <span class='ocrx_word' id='word_1_495' title='bbox 3038 1941 3051 1954; x_wconf 92' lang='grc'><strong>·</strong></span> <span class='ocrx_word' id='word_1_496' title='bbox 3087 1928 3148 1980; x_wconf 76' lang='grc' dir='ltr'>ὲν</span> <span class='ocrx_word' id='word_1_497' title='bbox 3180 1927 3238 1980; x_wconf 82' lang='grc' dir='ltr'>δὲ</span> <span class='ocrx_word' id='word_1_498' title='bbox 3272 1929 3349 2000; x_wconf 82' lang='grc' dir='ltr'>τῷ</span> <span class='ocrx_word' id='word_1_499' title='bbox 3369 1907 3455 1986; x_wconf 83' lang='grc' dir='ltr'><strong>τοῦ</strong></span> <span class='ocrx_word' id='word_1_500' title='bbox 3488 1935 3626 1990; x_wconf 83' lang='grc' dir='ltr'>Πνεύ-</span> 
     </span>
    </p>
   </div>
   <div class='ocr_carea' id='block_1_69' title="bbox 2094 2004 3624 2094">
    <p class='ocr_par' dir='ltr' id='par_1_69' title="bbox 2094 2004 3624 2094">
     <span class='ocr_line' id='line_1_70' title="bbox 2094 2004 3624 2094; baseline 0.022 -45"><span class='ocrx_word' id='word_1_501' title='bbox 2094 2015 2263 2068; x_wconf 82' lang='grc' dir='ltr'>ματος</span> <span class='ocrx_word' id='word_1_502' title='bbox 2298 2004 2448 2073; x_wconf 85' lang='grc' dir='ltr'>νόμῳ</span> <span class='ocrx_word' id='word_1_503' title='bbox 2503 2009 2598 2060; x_wconf 75' lang='grc' dir='ltr'><strong>καὶ</strong></span> <span class='ocrx_word' id='word_1_504' title='bbox 2646 2010 2724 2081; x_wconf 81' lang='grc' dir='ltr'>τῷ</span> <span class='ocrx_word' id='word_1_505' title='bbox 2774 2013 3130 2088; x_wconf 78' lang='grc' dir='ltr'>Βύαγγελίῳ,</span> <span class='ocrx_word' id='word_1_506' title='bbox 3173 2020 3481 2094; x_wconf 77' lang='grc' dir='ltr'>ἐλευθερία,</span> <span class='ocrx_word' id='word_1_507' title='bbox 3511 2028 3624 2085; x_wconf 79' lang='grc' dir='ltr'>ὥστε</span> 
     </span>
    </p>
   </div>
   <div class='ocr_carea' id='block_1_70' title="bbox 2090 2090 3622 2185">
    <p class='ocr_par' dir='ltr' id='par_1_70' title="bbox 2090 2090 3622 2185">
     <span class='ocr_line' id='line_1_71' title="bbox 2090 2090 3622 2185; baseline 0.023 -44"><span class='ocrx_word' id='word_1_508' title='bbox 2090 2090 2390 2156; x_wconf 73' lang='grc' dir='ltr'><strong>ἀκωλύτως</strong></span> <span class='ocrx_word' id='word_1_509' title='bbox 2452 2098 2547 2151; x_wconf 71' lang='grc' dir='ltr'>καὶ</span> <span class='ocrx_word' id='word_1_510' title='bbox 2594 2099 2897 2176; x_wconf 78' lang='grc' dir='ltr'>ἐλευθέρως</span> <span class='ocrx_word' id='word_1_511' title='bbox 2939 2107 3164 2179; x_wconf 84' lang='grc' dir='ltr'>βλέπειν</span> <span class='ocrx_word' id='word_1_512' title='bbox 3215 2113 3314 2185; x_wconf 79' lang='grc' dir='ltr'><strong>τὴν</strong></span> <span class='ocrx_word' id='word_1_513' title='bbox 3364 2090 3509 2183; x_wconf 83' lang='grc' dir='ltr'>δόξαν</span> <span class='ocrx_word' id='word_1_514' title='bbox 3550 2123 3622 2176; x_wconf 79' lang='grc' dir='ltr'><strong>τοῦ</strong></span> 
     </span>
    </p>
   </div>
   <div class='ocr_carea' id='block_1_71' title="bbox 2092 2183 2320 2254">
    <p class='ocr_par' dir='ltr' id='par_1_71' title="bbox 2092 2183 2320 2254">
     <span class='ocr_line' id='line_1_72' title="bbox 2092 2183 2320 2254; baseline 0.022 -20"><span class='ocrx_word' id='word_1_515' title='bbox 2092 2183 2320 2254; x_wconf 82' lang='grc' dir='ltr'>Κυρίου.</span> 
     </span>
    </p>
   </div>
   <div class='ocr_carea' id='block_1_72' title="bbox 2172 2279 3622 2376">
    <p class='ocr_par' dir='ltr' id='par_1_72' title="bbox 2172 2279 3622 2376">
     <span class='ocr_line' id='line_1_73' title="bbox 2172 2279 3622 2376; baseline 0.023 -50"><span class='ocrx_word' id='word_1_516' title='bbox 2172 2294 2190 2326; x_wconf 83' lang='grc' dir='ltr'>ι</span> <span class='ocrx_word' id='word_1_517' title='bbox 2241 2279 2432 2350; x_wconf 84' lang='grc' dir='ltr'>Ἡμεῖς</span> <span class='ocrx_word' id='word_1_518' title='bbox 2481 2282 2538 2336; x_wconf 87' lang='grc' dir='ltr'>δὲ</span> <span class='ocrx_word' id='word_1_519' title='bbox 2573 2285 2774 2351; x_wconf 83' lang='grc' dir='ltr'>πάντες</span> <span class='ocrx_word' id='word_1_520' title='bbox 2829 2289 3342 2368; x_wconf 79' lang='grc' dir='ltr'>ἀνακεκαλυμμένῳ</span> <span class='ocrx_word' id='word_1_521' title='bbox 3389 2304 3622 2376; x_wconf 76' lang='grc' dir='ltr'>προσώπῳ</span> 
     </span>
    </p>
   </div>
   <div class='ocr_carea' id='block_1_73' title="bbox 2095 2369 3621 2465">
    <p class='ocr_par' dir='ltr' id='par_1_73' title="bbox 2095 2369 3621 2465">
     <span class='ocr_line' id='line_1_74' title="bbox 2095 2369 3621 2465; baseline 0.021 -45"><span class='ocrx_word' id='word_1_522' title='bbox 2095 2369 2196 2440; x_wconf 83' lang='grc' dir='ltr'>τὴν</span> <span class='ocrx_word' id='word_1_523' title='bbox 2215 2371 2373 2437; x_wconf 81' lang='grc' dir='ltr'>δόξαν</span> <span class='ocrx_word' id='word_1_524' title='bbox 2402 2375 2604 2447; x_wconf 79' lang='grc' dir='ltr'>Κυρίου</span> <span class='ocrx_word' id='word_1_525' title='bbox 2633 2386 3144 2456; x_wconf 78' lang='grc' dir='ltr'>κατοπτριζόμενοι,</span> <span class='ocrx_word' id='word_1_526' title='bbox 3166 2389 3265 2462; x_wconf 81' lang='grc' dir='ltr'>τὴν</span> <span class='ocrx_word' id='word_1_527' title='bbox 3291 2395 3453 2465; x_wconf 82' lang='grc' dir='ltr'>αὐτὴν</span> <span class='ocrx_word' id='word_1_528' title='bbox 3474 2400 3621 2453; x_wconf 77' lang='grc' dir='ltr'>εἰκόνα</span> 
     </span>
    </p>
   </div>
   <div class='ocr_carea' id='block_1_74' title="bbox 2090 2465 3622 2558">
    <p class='ocr_par' dir='ltr' id='par_1_74' title="bbox 2090 2465 3622 2558">
     <span class='ocr_line' id='line_1_75' title="bbox 2090 2465 3622 2558; baseline 0.023 -48"><span class='ocrx_word' id='word_1_529' title='bbox 2090 2465 2594 2536; x_wconf 72' lang='grc' dir='ltr'>μεταμορφούμεθα</span> <span class='ocrx_word' id='word_1_530' title='bbox 2627 2471 2734 2524; x_wconf 81' lang='grc' dir='ltr'><strong>ἀπὺ</strong></span> <span class='ocrx_word' id='word_1_531' title='bbox 2763 2473 2923 2546; x_wconf 72' lang='grc' dir='ltr'>δόξης</span> <span class='ocrx_word' id='word_1_532' title='bbox 2953 2479 3031 2542; x_wconf 78' lang='grc' dir='ltr'><strong>εἰς</strong></span> <span class='ocrx_word' id='word_1_533' title='bbox 3061 2479 3244 2546; x_wconf 81' lang='grc' dir='ltr'>δόξαν,</span> <span class='ocrx_word' id='word_1_534' title='bbox 3278 2473 3512 2558; x_wconf 84' lang='grc' dir='ltr'>καθάπερ</span> <span class='ocrx_word' id='word_1_535' title='bbox 3538 2491 3622 2544; x_wconf 71' lang='grc' dir='ltr'><strong>ἀπὺ</strong></span> 
     </span>
    </p>
   </div>
   <div class='ocr_carea' id='block_1_75' title="bbox 2086 2553 3622 2647">
    <p class='ocr_par' dir='ltr' id='par_1_75' title="bbox 2086 2553 3622 2647">
     <span class='ocr_line' id='line_1_76' title="bbox 2086 2553 3622 2647; baseline 0.021 -44"><span class='ocrx_word' id='word_1_536' title='bbox 2086 2553 2294 2620; x_wconf 78' lang='grc' dir='ltr'>Κυρίου</span> <span class='ocrx_word' id='word_1_537' title='bbox 2331 2559 2670 2630; x_wconf 85' lang='grc' dir='ltr'>Πνεύματος.</span> <span class='ocrx_word' id='word_1_538' title='bbox 2715 2583 2734 2616; x_wconf 77' lang='grc' dir='ltr'>ι</span> <span class='ocrx_word' id='word_1_539' title='bbox 2773 2566 3040 2624; x_wconf 89' lang='grc' dir='ltr'>Τοσοῦτον</span> <span class='ocrx_word' id='word_1_540' title='bbox 3070 2573 3418 2647; x_wconf 82' lang='grc' dir='ltr'>ἀπολαύομεν</span> <span class='ocrx_word' id='word_1_541' title='bbox 3445 2553 3622 2635; x_wconf 74' lang='grc' dir='ltr'>ἔλευθιο</span> 
     </span>
    </p>
   </div>
   <div class='ocr_carea' id='block_1_76' title="bbox 2086 2641 3620 2742">
    <p class='ocr_par' dir='ltr' id='par_1_76' title="bbox 2086 2641 3620 2742">
     <span class='ocr_line' id='line_1_77' title="bbox 2086 2641 3620 2742; baseline 0.023 -50"><span class='ocrx_word' id='word_1_542' title='bbox 2086 2641 2208 2710; x_wconf 75' lang='lat' dir='ltr'><strong>piat;</strong></span> <span class='ocrx_word' id='word_1_543' title='bbox 2253 2647 2348 2699; x_wconf 73' lang='grc' dir='ltr'><strong>καὶ</strong></span> <span class='ocrx_word' id='word_1_544' title='bbox 2398 2650 2702 2718; x_wconf 76' lang='grc' dir='ltr'>εὐγενείας,</span> <span class='ocrx_word' id='word_1_545' title='bbox 2744 2661 2933 2726; x_wconf 66' lang='grc' dir='ltr'>φησιν,</span> <span class='ocrx_word' id='word_1_546' title='bbox 2983 2661 3124 2716; x_wconf 83' lang='grc' dir='ltr'>ὥστε</span> <span class='ocrx_word' id='word_1_547' title='bbox 3168 2641 3366 2733; x_wconf 81' lang='grc' dir='ltr'>πάντες</span> <span class='ocrx_word' id='word_1_548' title='bbox 3416 2672 3556 2742; x_wconf 89' lang='grc' dir='ltr'>ἡμεῖς</span> <span class='ocrx_word' id='word_1_549' title='bbox 3580 2675 3620 2728; x_wconf 86' lang='lat' dir='ltr'><strong>ol</strong></span> 
     </span>
    </p>
   </div>
   <div class='ocr_carea' id='block_1_77' title="bbox 2083 2737 3620 2828">
    <p class='ocr_par' dir='ltr' id='par_1_77' title="bbox 2083 2737 3620 2828">
     <span class='ocr_line' id='line_1_78' title="bbox 2083 2737 3620 2828; baseline 0.023 -43"><span class='ocrx_word' id='word_1_550' title='bbox 2083 2737 2288 2802; x_wconf 77' lang='grc' dir='ltr'>πιστοὶ,</span> <span class='ocrx_word' id='word_1_551' title='bbox 2332 2742 2430 2811; x_wconf 76' lang='grc' dir='ltr'>οὐχ</span> <span class='ocrx_word' id='word_1_552' title='bbox 2463 2743 2652 2816; x_wconf 78' lang='grc' dir='ltr'>ὥσπερ</span> <span class='ocrx_word' id='word_1_553' title='bbox 2697 2750 2814 2804; x_wconf 75' lang='grc' dir='ltr'>ἐκεῖ</span> <span class='ocrx_word' id='word_1_554' title='bbox 2846 2746 2927 2815; x_wconf 76' lang='grc' dir='ltr'>εἷς</span> <span class='ocrx_word' id='word_1_555' title='bbox 2970 2755 2999 2806; x_wconf 89' lang='grc' dir='ltr'><strong>ό</strong></span> <span class='ocrx_word' id='word_1_556' title='bbox 3035 2757 3244 2828; x_wconf 84' lang='grc' dir='ltr'>Μωσῆς</span> <span class='ocrx_word' id='word_1_557' title='bbox 3276 2760 3341 2826; x_wconf 69' lang='grc'><strong>⁸⁸,</strong></span> <span class='ocrx_word' id='word_1_558' title='bbox 3393 2765 3620 2821; x_wconf 83' lang='grc' dir='ltr'>ἀνακεκα-</span> 
     </span>
    </p>
   </div>
   <div class='ocr_carea' id='block_1_78' title="bbox 2079 2823 3620 2922">
    <p class='ocr_par' dir='ltr' id='par_1_78' title="bbox 2079 2823 3620 2922">
     <span class='ocr_line' id='line_1_79' title="bbox 2079 2823 3620 2922; baseline 0.025 -46"><span class='ocrx_word' id='word_1_559' title='bbox 2079 2823 2340 2900; x_wconf 81' lang='grc' dir='ltr'>λυμμένῳ</span> <span class='ocrx_word' id='word_1_560' title='bbox 2379 2835 2656 2907; x_wconf 82' lang='grc' dir='ltr'>προσώπῳ</span> <span class='ocrx_word' id='word_1_561' title='bbox 2689 2841 2788 2908; x_wconf 84' lang='grc' dir='ltr'>(ού</span> <span class='ocrx_word' id='word_1_562' title='bbox 2823 2844 2933 2916; x_wconf 86' lang='grc' dir='ltr'>γάρ</span> <span class='ocrx_word' id='word_1_563' title='bbox 2963 2846 3079 2900; x_wconf 80' lang='grc' dir='ltr'>ἐστι.</span> <span class='ocrx_word' id='word_1_564' title='bbox 3114 2823 3270 2922; x_wconf 73' lang='grc' dir='ltr'>παρὰ</span> <span class='ocrx_word' id='word_1_565' title='bbox 3303 2823 3410 2918; x_wconf 82' lang='grc' dir='ltr'>τοῖς</span> <span class='ocrx_word' id='word_1_566' title='bbox 3438 2861 3620 2913; x_wconf 82' lang='grc' dir='ltr'>πιστεύ-</span> 
     </span>
    </p>
   </div>
   <div class='ocr_carea' id='block_1_79' title="bbox 2082 2922 3619 3021">
    <p class='ocr_par' dir='ltr' id='par_1_79' title="bbox 2082 2922 3619 3021">
     <span class='ocr_line' id='line_1_80' title="bbox 2082 2922 3619 3021; baseline 0.024 -51"><span class='ocrx_word' id='word_1_567' title='bbox 2082 2936 2208 2973; x_wconf 88' lang='grc' dir='ltr'>σασι</span> <span class='ocrx_word' id='word_1_568' title='bbox 2234 2922 2533 2996; x_wconf 83' lang='grc' dir='ltr'>κάλυμμα)</span> <span class='ocrx_word' id='word_1_569' title='bbox 2557 2931 2654 3002; x_wconf 84' lang='grc' dir='ltr'>τὴν</span> <span class='ocrx_word' id='word_1_570' title='bbox 2677 2933 2834 3001; x_wconf 70' lang='grc' dir='ltr'>δόξαν</span> <span class='ocrx_word' id='word_1_571' title='bbox 2866 2937 2958 2990; x_wconf 77' lang='grc' dir='ltr'><strong>τοῦ</strong></span> <span class='ocrx_word' id='word_1_572' title='bbox 2990 2940 3200 3010; x_wconf 80' lang='grc' dir='ltr'>Κυρίου</span> <span class='ocrx_word' id='word_1_573' title='bbox 3231 2947 3274 2978; x_wconf 64' lang='grc'><strong>(⁵</strong></span> <span class='ocrx_word' id='word_1_574' title='bbox 3299 2954 3619 3021; x_wconf 72' lang='grc' dir='ltr'>καταπτριξόο</span> 
     </span>
    </p>
   </div>
   <div class='ocr_carea' id='block_1_80' title="bbox 2086 3017 3617 3106">
    <p class='ocr_par' dir='ltr' id='par_1_80' title="bbox 2086 3017 3617 3106">
     <span class='ocr_line' id='line_1_81' title="bbox 2086 3017 3617 3106; baseline 0.024 -44"><span class='ocrx_word' id='word_1_575' title='bbox 2086 3027 2258 3080; x_wconf 86' lang='grc' dir='ltr'>μενοι,</span> <span class='ocrx_word' id='word_1_576' title='bbox 2283 3017 2380 3084; x_wconf 80' lang='grc' dir='ltr'><strong>τὴν</strong></span> <span class='ocrx_word' id='word_1_577' title='bbox 2409 3019 2580 3091; x_wconf 81' lang='grc' dir='ltr'>αὐτὴν</span> <span class='ocrx_word' id='word_1_578' title='bbox 2606 3024 2792 3079; x_wconf 69' lang='grc' dir='ltr'>εἰκόνα</span> <span class='ocrx_word' id='word_1_579' title='bbox 2825 3034 3355 3106; x_wconf 78' lang='grc' dir='ltr'>μεταμορφούμεθα.</span> <span class='ocrx_word' id='word_1_580' title='bbox 3388 3047 3617 3106; x_wconf 75' lang='grc' dir='ltr'>τουτέστι.</span> 
     </span>
    </p>
   </div>
   <div class='ocr_carea' id='block_1_81' title="bbox 2082 3102 3619 3207">
    <p class='ocr_par' dir='ltr' id='par_1_81' title="bbox 2082 3102 3619 3207">
     <span class='ocr_line' id='line_1_82' title="bbox 2082 3102 3619 3207; baseline 0.024 -53"><span class='ocrx_word' id='word_1_581' title='bbox 2082 3102 2181 3173; x_wconf 83' lang='grc' dir='ltr'><strong>τὴν</strong></span> <span class='ocrx_word' id='word_1_582' title='bbox 2225 3107 2396 3178; x_wconf 80' lang='grc' dir='ltr'>αὐτὴν</span> <span class='ocrx_word' id='word_1_583' title='bbox 2442 3111 2602 3177; x_wconf 79' lang='grc' dir='ltr'>δόξαν</span> <span class='ocrx_word' id='word_1_584' title='bbox 2645 3118 3160 3193; x_wconf 78' lang='grc' dir='ltr'>μεταλαμϐάνομεν,</span> <span class='ocrx_word' id='word_1_585' title='bbox 3198 3123 3319 3184; x_wconf 78' lang='grc' dir='ltr'>οἷον</span> <span class='ocrx_word' id='word_1_586' title='bbox 3357 3133 3619 3207; x_wconf 80' lang='grc' dir='ltr'>κάτοπτρον</span> 
     </span>
    </p>
   </div>
   <div class='ocr_carea' id='block_1_82' title="bbox 2081 3193 3617 3290">
    <p class='ocr_par' dir='ltr' id='par_1_82' title="bbox 2081 3193 3617 3290">
     <span class='ocr_line' id='line_1_83' title="bbox 2081 3193 3617 3290; baseline 0.026 -44"><span class='ocrx_word' id='word_1_587' title='bbox 2081 3193 2232 3260; x_wconf 75' lang='grc' dir='ltr'>ὀντες</span> <span class='ocrx_word' id='word_1_588' title='bbox 2265 3201 2360 3253; x_wconf 82' lang='grc' dir='ltr'>καὶ</span> <span class='ocrx_word' id='word_1_589' title='bbox 2386 3203 2664 3275; x_wconf 85' lang='grc' dir='ltr'>δεχόμενοι</span> <span class='ocrx_word' id='word_1_590' title='bbox 2693 3209 2790 3280; x_wconf 82' lang='grc' dir='ltr'>τὴν</span> <span class='ocrx_word' id='word_1_591' title='bbox 2818 3213 3183 3290; x_wconf 76' lang='grc' dir='ltr'>λαμπρότητα</span> <span class='ocrx_word' id='word_1_592' title='bbox 3208 3263 3226 3286; x_wconf 89' lang='grc'><strong>,</strong></span> <span class='ocrx_word' id='word_1_593' title='bbox 3265 3226 3356 3278; x_wconf 66' lang='grc' dir='ltr'><strong>καὶ</strong></span> <span class='ocrx_word' id='word_1_594' title='bbox 3382 3222 3520 3290; x_wconf 85' lang='grc' dir='ltr'>αὖθις</span> <span class='ocrx_word' id='word_1_595' title='bbox 3544 3193 3617 3285; x_wconf 68' lang='grc' dir='ltr'>άν-</span> 
     </span>
    </p>
   </div>
   <div class='ocr_carea' id='block_1_83' title="bbox 2084 3290 3615 3393">
    <p class='ocr_par' dir='ltr' id='par_1_83' title="bbox 2084 3290 3615 3393">
     <span class='ocr_line' id='line_1_84' title="bbox 2084 3290 3615 3393; baseline 0.026 -55"><span class='ocrx_word' id='word_1_596' title='bbox 2084 3290 2470 3358; x_wconf 72' lang='grc' dir='ltr'>τιστίλϐοντες.</span> <span class='ocrx_word' id='word_1_597' title='bbox 2533 3299 2644 3352; x_wconf 77' lang='grc' dir='ltr'>Καὶ</span> <span class='ocrx_word' id='word_1_598' title='bbox 2689 3300 2878 3376; x_wconf 81' lang='grc' dir='ltr'>ὥσπερ</span> <span class='ocrx_word' id='word_1_599' title='bbox 2934 3310 3175 3382; x_wconf 81' lang='grc' dir='ltr'>ἄργυρος</span> <span class='ocrx_word' id='word_1_600' title='bbox 3235 3317 3452 3391; x_wconf 81' lang='grc' dir='ltr'>ἄντικρυ</span> <span class='ocrx_word' id='word_1_601' title='bbox 3494 3323 3615 3393; x_wconf 86' lang='grc' dir='ltr'>ἡλίου</span> 
     </span>
    </p>
   </div>
   <div class='ocr_carea' id='block_1_84' title="bbox 2083 3381 3612 3487">
    <p class='ocr_par' dir='ltr' id='par_1_84' title="bbox 2083 3381 3612 3487">
     <span class='ocr_line' id='line_1_85' title="bbox 2083 3381 3612 3487; baseline 0.028 -59"><span class='ocrx_word' id='word_1_602' title='bbox 2083 3381 2371 3449; x_wconf 82' lang='grc' dir='ltr'>κείμενος,</span> <span class='ocrx_word' id='word_1_603' title='bbox 2409 3388 2747 3462; x_wconf 79' lang='grc' dir='ltr'>ἀντιπέμπει</span> <span class='ocrx_word' id='word_1_604' title='bbox 2787 3399 2938 3463; x_wconf 71' lang='grc' dir='ltr'>τινὰς</span> <span class='ocrx_word' id='word_1_605' title='bbox 2987 3381 3221 3470; x_wconf 79' lang='grc' dir='ltr'>ἀκτῖνας</span> <span class='ocrx_word' id='word_1_606' title='bbox 3265 3409 3358 3464; x_wconf 83' lang='grc' dir='ltr'>καὶ</span> <span class='ocrx_word' id='word_1_607' title='bbox 3393 3381 3540 3478; x_wconf 62' lang='grc' dir='ltr'>αὐτός</span> <span class='ocrx_word' id='word_1_608' title='bbox 3563 3421 3612 3487; x_wconf 76' lang='grc' dir='ltr'>τῇ</span> 
     </span>
    </p>
   </div>
   <div class='ocr_carea' id='block_1_85' title="bbox 2081 3473 3614 3576">
    <p class='ocr_par' dir='ltr' id='par_1_85' title="bbox 2081 3473 3614 3576">
     <span class='ocr_line' id='line_1_86' title="bbox 2081 3473 3614 3576; baseline 0.027 -54"><span class='ocrx_word' id='word_1_609' title='bbox 2081 3473 2356 3548; x_wconf 82' lang='grc' dir='ltr'>προσϐολῇ</span> <span class='ocrx_word' id='word_1_610' title='bbox 2410 3479 2504 3533; x_wconf 88' lang='grc' dir='ltr'><strong>τοῦ</strong></span> <span class='ocrx_word' id='word_1_611' title='bbox 2538 3484 2688 3553; x_wconf 78' lang='grc' dir='ltr'>ἡλίου</span> <span class='ocrx_word' id='word_1_612' title='bbox 2708 3502 2722 3517; x_wconf 84' lang='grc'>⁶</span> <span class='ocrx_word' id='word_1_613' title='bbox 2755 3487 2901 3543; x_wconf 78' lang='grc' dir='ltr'>οὕτω</span> <span class='ocrx_word' id='word_1_614' title='bbox 2931 3495 3027 3546; x_wconf 72' lang='grc' dir='ltr'><strong>καὶ</strong></span> <span class='ocrx_word' id='word_1_615' title='bbox 3073 3497 3241 3566; x_wconf 87' lang='grc' dir='ltr'>ἡμεῖς</span> <span class='ocrx_word' id='word_1_616' title='bbox 3273 3503 3330 3556; x_wconf 85' lang='grc' dir='ltr'>ὲν</span> <span class='ocrx_word' id='word_1_617' title='bbox 3358 3504 3432 3576; x_wconf 84' lang='grc' dir='ltr'>τῷ</span> 
     </span>
    </p>
   </div>
   <div class='ocr_carea' id='block_1_86' title="bbox 2081 3572 3612 3666">
    <p class='ocr_par' dir='ltr' id='par_1_86' title="bbox 2081 3572 3612 3666">
     <span class='ocr_line' id='line_1_87' title="bbox 2081 3572 3612 3666; baseline 0.024 -49"><span class='ocrx_word' id='word_1_618' title='bbox 2081 3581 2250 3635; x_wconf 89' lang='grc' dir='ltr'>σματι</span> <span class='ocrx_word' id='word_1_619' title='bbox 2295 3572 2686 3647; x_wconf 72' lang='grc' dir='ltr'>καθαιρόμενοι</span> <span class='ocrx_word' id='word_1_620' title='bbox 2739 3581 2825 3636; x_wconf 85' lang='grc' dir='ltr'><strong>διά</strong></span> <span class='ocrx_word' id='word_1_621' title='bbox 2878 3585 2973 3638; x_wconf 85' lang='grc' dir='ltr'><strong>τοῦ</strong></span> <span class='ocrx_word' id='word_1_622' title='bbox 3008 3588 3360 3662; x_wconf 83' lang='grc' dir='ltr'>Πνεύματος,</span> <span class='ocrx_word' id='word_1_623' title='bbox 3397 3601 3482 3654; x_wconf 79' lang='grc' dir='ltr'><strong>καὶ</strong></span> <span class='ocrx_word' id='word_1_624' title='bbox 3519 3604 3612 3666; x_wconf 81' lang='grc' dir='ltr'>ταῖς</span> 
     </span>
    </p>
   </div>
   <div class='ocr_carea' id='block_1_87' title="bbox 2077 3657 3614 3765">
    <p class='ocr_par' dir='ltr' id='par_1_87' title="bbox 2077 3657 3614 3765">
     <span class='ocr_line' id='line_1_88' title="bbox 2077 3657 3614 3765; baseline 0.025 -56"><span class='ocrx_word' id='word_1_625' title='bbox 2077 3657 2289 3714; x_wconf 77' lang='grc' dir='ltr'>ἐκείνου</span> <span class='ocrx_word' id='word_1_626' title='bbox 2323 3665 2506 3720; x_wconf 85' lang='grc' dir='ltr'>ἀκτῖσι</span> <span class='ocrx_word' id='word_1_627' title='bbox 2543 3674 3039 3746; x_wconf 73' lang='grc' dir='ltr'>καταυγαζόμενοι,</span> <span class='ocrx_word' id='word_1_628' title='bbox 3078 3657 3280 3758; x_wconf 44' lang='grc' dir='ltr'>αῐίλην</span> <span class='ocrx_word' id='word_1_629' title='bbox 3313 3657 3425 3746; x_wconf 76' lang='grc' dir='ltr'>τινὰ</span> <span class='ocrx_word' id='word_1_630' title='bbox 3451 3657 3614 3765; x_wconf 60' lang='grc' dir='ltr'>νοητὴν</span> 
     </span>
    </p>
   </div>
   <div class='ocr_carea' id='block_1_88' title="bbox 2077 3752 3610 3857">
    <p class='ocr_par' dir='ltr' id='par_1_88' title="bbox 2077 3752 3610 3857">
     <span class='ocr_line' id='line_1_89' title="bbox 2077 3752 3610 3857; baseline 0.023 -54"><span class='ocrx_word' id='word_1_631' title='bbox 2077 3752 2174 3804; x_wconf 83' lang='grc' dir='ltr'>καὶ</span> <span class='ocrx_word' id='word_1_632' title='bbox 2208 3755 2364 3810; x_wconf 72' lang='grc' dir='ltr'>αὐτοὶ</span> <span class='ocrx_word' id='word_1_633' title='bbox 2394 3759 2837 3835; x_wconf 82' lang='grc' dir='ltr'>ἀντιπέμπομεν,</span> <span class='ocrx_word' id='word_1_634' title='bbox 2871 3771 2969 3825; x_wconf 83' lang='grc' dir='ltr'>καὶ</span> <span class='ocrx_word' id='word_1_635' title='bbox 3019 3752 3610 3857; x_wconf 26' lang='grc' dir='ltr'>μεταμοτρφούμεθαίτὴν</span> 
     </span>
    </p>
   </div>
   <div class='ocr_carea' id='block_1_89' title="bbox 2075 3844 3610 3946">
    <p class='ocr_par' dir='ltr' id='par_1_89' title="bbox 2075 3844 3610 3946">
     <span class='ocr_line' id='line_1_90' title="bbox 2075 3844 3610 3946; baseline 0.026 -51"><span class='ocrx_word' id='word_1_636' title='bbox 2075 3844 2246 3917; x_wconf 79' lang='grc' dir='ltr'>αὐτὴν</span> <span class='ocrx_word' id='word_1_637' title='bbox 2284 3851 2502 3915; x_wconf 85' lang='grc' dir='ltr'>εἰκόνα,</span> <span class='ocrx_word' id='word_1_638' title='bbox 2538 3856 2648 3910; x_wconf 81' lang='grc' dir='ltr'><strong>ἀπὸ</strong></span> <span class='ocrx_word' id='word_1_639' title='bbox 2695 3859 2854 3932; x_wconf 81' lang='grc' dir='ltr'>δόξης</span> <span class='ocrx_word' id='word_1_640' title='bbox 2901 3863 3000 3935; x_wconf 84' lang='grc' dir='ltr'>τῆς</span> <span class='ocrx_word' id='word_1_641' title='bbox 3025 3844 3141 3922; x_wconf 86' lang='grc' dir='ltr'><strong>τοῦ</strong></span> <span class='ocrx_word' id='word_1_642' title='bbox 3166 3844 3520 3946; x_wconf 36' lang='grc' dir='ltr'>’Πνεύματοῇ</span> 
     </span>
    </p>
   </div>
   <div class='ocr_carea' id='block_1_90' title="bbox 2073 3934 3610 4041">
    <p class='ocr_par' dir='ltr' id='par_1_90' title="bbox 2073 3934 3610 4041">
     <span class='ocr_line' id='line_1_91' title="bbox 2073 3934 3610 4041; baseline 0.024 -55"><span class='ocrx_word' id='word_1_643' title='bbox 2073 3934 2234 4002; x_wconf 79' lang='grc' dir='ltr'>δόξαν</span> <span class='ocrx_word' id='word_1_644' title='bbox 2271 3941 2372 4011; x_wconf 75' lang='grc' dir='ltr'><strong>τὴν</strong></span> <span class='ocrx_word' id='word_1_645' title='bbox 2416 3945 2714 4020; x_wconf 74' lang='grc' dir='ltr'>ἡμετέραν,</span> <span class='ocrx_word' id='word_1_646' title='bbox 2746 3953 2840 4006; x_wconf 64' lang='grc' dir='ltr'><strong>καὶ⁵</strong></span> <span class='ocrx_word' id='word_1_647' title='bbox 2871 3934 3148 4029; x_wconf 85' lang='grc' dir='ltr'>τοιαύτην,</span> <span class='ocrx_word' id='word_1_648' title='bbox 3185 3965 3308 4021; x_wconf 80' lang='grc' dir='ltr'>οἷαν</span> <span class='ocrx_word' id='word_1_649' title='bbox 3334 3934 3610 4041; x_wconf 32' lang='grc' dir='ltr'>είκὸςυέχειν</span> 
     </span>
    </p>
   </div>
   <div class='ocr_carea' id='block_1_91' title="bbox 2071 4025 3608 4128">
    <p class='ocr_par' dir='ltr' id='par_1_91' title="bbox 2071 4025 3608 4128">
     <span class='ocr_line' id='line_1_92' title="bbox 2071 4025 3608 4128; baseline 0.023 -51"><span class='ocrx_word' id='word_1_650' title='bbox 2071 4025 2161 4080; x_wconf 84' lang='grc' dir='ltr'><strong>τὸν</strong></span> <span class='ocrx_word' id='word_1_651' title='bbox 2196 4028 2300 4083; x_wconf 79' lang='grc' dir='ltr'><strong>ὑπὸ</strong></span> <span class='ocrx_word' id='word_1_652' title='bbox 2333 4031 2428 4086; x_wconf 86' lang='grc' dir='ltr'><strong>τοῦ</strong></span> <span class='ocrx_word' id='word_1_653' title='bbox 2488 4036 2809 4108; x_wconf 75' lang='grc' dir='ltr'>Πνεύματος</span> <span class='ocrx_word' id='word_1_654' title='bbox 2863 4044 2958 4098; x_wconf 87' lang='grc' dir='ltr'><strong>τοῦ</strong></span> <span class='ocrx_word' id='word_1_655' title='bbox 3013 4025 3262 4120; x_wconf 32' lang='grc' dir='ltr'>Κῦρ-ίου,</span> <span class='ocrx_word' id='word_1_656' title='bbox 3317 4059 3408 4111; x_wconf 78' lang='grc' dir='ltr'>καὶ</span> <span class='ocrx_word' id='word_1_657' title='bbox 3451 4025 3608 4128; x_wconf 67' lang='grc' dir='ltr'>μηδενὶ</span> 
     </span>
    </p>
   </div>
   <div class='ocr_carea' id='block_1_92' title="bbox 2071 4117 3608 4218">
    <p class='ocr_par' dir='ltr' id='par_1_92' title="bbox 2071 4117 3608 4218">
     <span class='ocr_line' id='line_1_93' title="bbox 2071 4117 3608 4218; baseline 0.021 -47"><span class='ocrx_word' id='word_1_658' title='bbox 2071 4117 2436 4192; x_wconf 81' lang='grc' dir='ltr'>ὑποκειμένου</span> <span class='ocrx_word' id='word_1_659' title='bbox 2475 4132 2976 4205; x_wconf 76' lang='grc' dir='ltr'>καταυγαζόμενον.</span> <span class='ocrx_word' id='word_1_660' title='bbox 3010 4117 3217 4212; x_wconf 81' lang='grc' dir='ltr'>Κύριος</span> <span class='ocrx_word' id='word_1_661' title='bbox 3247 4117 3376 4218; x_wconf 23' lang='grc' dir='ltr'><strong>νγᾶρ</strong></span> <span class='ocrx_word' id='word_1_662' title='bbox 3404 4117 3608 4214; x_wconf 48' lang='grc' dir='ltr'>ὢν,.Δε-</span> 
     </span>
    </p>
   </div>
   <div class='ocr_carea' id='block_1_93' title="bbox 2070 4218 3607 4310">
    <p class='ocr_par' dir='ltr' id='par_1_93' title="bbox 2070 4218 3607 4310">
     <span class='ocr_line' id='line_1_94' title="bbox 2070 4218 3607 4310; baseline 0.019 -46"><span class='ocrx_word' id='word_1_663' title='bbox 2070 4218 2337 4280; x_wconf 72' lang='grc' dir='ltr'>σποτικὲις</span> <span class='ocrx_word' id='word_1_664' title='bbox 2369 4219 2484 4292; x_wconf 78' lang='grc' dir='ltr'>ἔχει</span> <span class='ocrx_word' id='word_1_665' title='bbox 2517 4224 2612 4276; x_wconf 80' lang='grc' dir='ltr'><strong>καὶ</strong></span> <span class='ocrx_word' id='word_1_666' title='bbox 2664 4226 2763 4290; x_wconf 83' lang='grc' dir='ltr'>τὰς</span> <span class='ocrx_word' id='word_1_667' title='bbox 2796 4227 3168 4301; x_wconf 79' lang='grc' dir='ltr'>λαμπηδόνας.</span> <span class='ocrx_word' id='word_1_668' title='bbox 3221 4238 3425 4304; x_wconf 85' lang='grc' dir='ltr'>Πάντες</span> <span class='ocrx_word' id='word_1_669' title='bbox 3451 4241 3545 4310; x_wconf 79' lang='grc' dir='ltr'><strong>γὰρ</strong></span> <span class='ocrx_word' id='word_1_670' title='bbox 3567 4241 3607 4292; x_wconf 73' lang='grc' dir='ltr'>οἱ</span> 
     </span>
    </p>
   </div>
   <div class='ocr_carea' id='block_1_94' title="bbox 2069 4307 3604 4403">
    <p class='ocr_par' dir='ltr' id='par_1_94' title="bbox 2069 4307 3604 4403">
     <span class='ocr_line' id='line_1_95' title="bbox 2069 4307 3604 4403; baseline 0.021 -47"><span class='ocrx_word' id='word_1_671' title='bbox 2069 4307 2292 4373; x_wconf 77' lang='grc' dir='ltr'>πιστοὶ,</span> <span class='ocrx_word' id='word_1_672' title='bbox 2328 4310 2647 4383; x_wconf 87' lang='grc' dir='ltr'>Πνεύματος</span> <span class='ocrx_word' id='word_1_673' title='bbox 2691 4319 2848 4388; x_wconf 79' lang='grc' dir='ltr'>ἁγίου</span> <span class='ocrx_word' id='word_1_674' title='bbox 2901 4324 3236 4394; x_wconf 81' lang='grc' dir='ltr'>πληροῦνται</span> <span class='ocrx_word' id='word_1_675' title='bbox 3281 4331 3368 4384; x_wconf 74' lang='grc' dir='ltr'>διὰ</span> <span class='ocrx_word' id='word_1_676' title='bbox 3396 4332 3482 4386; x_wconf 86' lang='grc' dir='ltr'><strong>τοῦ</strong></span> <span class='ocrx_word' id='word_1_677' title='bbox 3520 4307 3604 4403; x_wconf 36' lang='grc' dir='ltr'><strong>’βαο</strong></span> 
     </span>
    </p>
   </div>
   <div class='ocr_carea' id='block_1_95' title="bbox 2067 4399 3605 4496">
    <p class='ocr_par' dir='ltr' id='par_1_95' title="bbox 2067 4399 3605 4496">
     <span class='ocr_line' id='line_1_96' title="bbox 2067 4399 3605 4496; baseline 0.018 -46"><span class='ocrx_word' id='word_1_678' title='bbox 2067 4399 2397 4479; x_wconf 79' lang='grc' dir='ltr'>πτίσματος,</span> <span class='ocrx_word' id='word_1_679' title='bbox 2451 4406 2547 4459; x_wconf 80' lang='grc' dir='ltr'><strong>καὶ</strong></span> <span class='ocrx_word' id='word_1_680' title='bbox 2578 4407 2783 4479; x_wconf 86' lang='grc' dir='ltr'>λάμπει</span> <span class='ocrx_word' id='word_1_681' title='bbox 2817 4414 2998 4469; x_wconf 81' lang='grc' dir='ltr'>αὐτῶν</span> <span class='ocrx_word' id='word_1_682' title='bbox 3045 4420 3076 4489; x_wconf 82' lang='grc' dir='ltr'><strong>ἡ</strong></span> <span class='ocrx_word' id='word_1_683' title='bbox 3116 4419 3299 4496; x_wconf 73' lang='grc' dir='ltr'>ψυχή’</span> <span class='ocrx_word' id='word_1_684' title='bbox 3330 4427 3444 4480; x_wconf 71' lang='grc' dir='ltr'>ἐπεὶ</span> <span class='ocrx_word' id='word_1_685' title='bbox 3467 4399 3550 4481; x_wconf 63' lang='grc' dir='ltr'><strong>καῖ</strong></span> <span class='ocrx_word' id='word_1_686' title='bbox 3581 4429 3605 4478; x_wconf 82' lang='grc'>6</span> 
     </span>
    </p>
   </div>
   <div class='ocr_carea' id='block_1_96' title="bbox 2067 4469 3604 4591">
    <p class='ocr_par' dir='ltr' id='par_1_96' title="bbox 2067 4469 3604 4591">
     <span class='ocr_line' id='line_1_97' title="bbox 2067 4469 3604 4591; baseline 0.017 -45"><span class='ocrx_word' id='word_1_687' title='bbox 2067 4469 2274 4563; x_wconf 64' lang='grc' dir='ltr'>Μωσῆς</span> <span class='ocrx_word' id='word_1_688' title='bbox 2329 4495 2454 4549; x_wconf 83' lang='grc' dir='ltr'>ἰδὼν</span> <span class='ocrx_word' id='word_1_689' title='bbox 2502 4498 2603 4570; x_wconf 80' lang='grc' dir='ltr'><strong>τὴν</strong></span> <span class='ocrx_word' id='word_1_690' title='bbox 2650 4469 2808 4558; x_wconf 58' lang='grc' dir='ltr'>δείαν</span> <span class='ocrx_word' id='word_1_691' title='bbox 2858 4469 3484 4591; x_wconf 50' lang='grc' dir='ltr'>δόξαν,.μῐετέμορφώθη</span> <span class='ocrx_word' id='word_1_692' title='bbox 3528 4524 3604 4574; x_wconf 74' lang='grc' dir='ltr'>καὶ</span> 
     </span>
    </p>
   </div>
   <div class='ocr_carea' id='block_1_97' title="bbox 1989 4578 3598 4676">
    <p class='ocr_par' dir='ltr' id='par_1_97' title="bbox 1989 4578 3598 4676">
     <span class='ocr_line' id='line_1_98' title="bbox 1989 4578 3598 4676; baseline 0.022 -43"><span class='ocrx_word' id='word_1_693' title='bbox 1989 4578 2037 4634; x_wconf 85' lang='lat' dir='ltr'><strong>D</strong></span> <span class='ocrx_word' id='word_1_694' title='bbox 2069 4583 2230 4649; x_wconf 81' lang='grc' dir='ltr'>αὐτὸς</span> <span class='ocrx_word' id='word_1_695' title='bbox 2264 4586 2400 4656; x_wconf 72' lang='grc' dir='ltr'>πρὸς</span> <span class='ocrx_word' id='word_1_696' title='bbox 2429 4590 2633 4662; x_wconf 83' lang='grc' dir='ltr'>ταύτην</span> <span class='ocrx_word' id='word_1_697' title='bbox 2655 4634 2669 4658; x_wconf 89' lang='grc'><strong>,</strong></span> <span class='ocrx_word' id='word_1_698' title='bbox 2707 4607 2977 4670; x_wconf 77' lang='grc' dir='ltr'>τουτέστι,</span> <span class='ocrx_word' id='word_1_699' title='bbox 3015 4578 3282 4676; x_wconf 65' lang='grc' dir='ltr'>μετέλαέε</span> <span class='ocrx_word' id='word_1_700' title='bbox 3307 4578 3413 4668; x_wconf 49' lang='grc' dir='ltr'>’καὶ</span> <span class='ocrx_word' id='word_1_701' title='bbox 3443 4578 3598 4676; x_wconf 62' lang='grc' dir='ltr'>αύτὺς.</span> 
     </span>
    </p>
   </div>
   <div class='ocr_carea' id='block_1_98' title="bbox 2056 4676 3351 4773">
    <p class='ocr_par' dir='ltr' id='par_1_98' title="bbox 2056 4676 3351 4773">
     <span class='ocr_line' id='line_1_99' title="bbox 2056 4676 3351 4773; baseline 0.025 -47"><span class='ocrx_word' id='word_1_702' title='bbox 2056 4676 2151 4729; x_wconf 79' lang='grc' dir='ltr'>καὶ</span> <span class='ocrx_word' id='word_1_703' title='bbox 2181 4676 2393 4749; x_wconf 75' lang='grc' dir='ltr'>ἔλαμπε</span> <span class='ocrx_word' id='word_1_704' title='bbox 2431 4683 2492 4736; x_wconf 84' lang='grc' dir='ltr'>τὺ</span> <span class='ocrx_word' id='word_1_705' title='bbox 2525 4687 2833 4758; x_wconf 90' lang='grc' dir='ltr'>πρόσωπον,</span> <span class='ocrx_word' id='word_1_706' title='bbox 2865 4693 3036 4760; x_wconf 84' lang='grc' dir='ltr'>τύπος</span> <span class='ocrx_word' id='word_1_707' title='bbox 3068 4696 3144 4753; x_wconf 88' lang='grc' dir='ltr'>ὣν</span> <span class='ocrx_word' id='word_1_708' title='bbox 3174 4702 3351 4773; x_wconf 86' lang='grc' dir='ltr'>ἡμῶν.</span> 
     </span>
    </p>
   </div>
   <div class='ocr_carea' id='block_1_99' title="bbox 2653 4800 3033 4864">
    <p class='ocr_par' dir='ltr' id='par_1_99' title="bbox 2653 4800 3033 4864">
     <span class='ocr_line' id='line_1_100' title="bbox 2653 4800 3033 4864; baseline 0.026 -10"><span class='ocrx_word' id='word_1_709' title='bbox 2653 4800 2908 4862; x_wconf 75' lang='grc' dir='ltr'><strong>ΚΕΦΑΔ.</strong></span> <span class='ocrx_word' id='word_1_710' title='bbox 2957 4808 3033 4864; x_wconf 87' lang='grc' dir='ltr'><strong>Δ’.</strong></span> 
     </span>
    </p>
   </div>
   <div class='ocr_carea' id='block_1_100' title="bbox 2134 4908 3597 5005">
    <p class='ocr_par' dir='ltr' id='par_1_100' title="bbox 2134 4908 3597 5005">
     <span class='ocr_line' id='line_1_101' title="bbox 2134 4908 3597 5005; baseline 0.02 -47"><span class='ocrx_word' id='word_1_711' title='bbox 2134 4924 2155 4958; x_wconf 79' lang='grc' dir='ltr'>ι</span> <span class='ocrx_word' id='word_1_712' title='bbox 2192 4908 2290 4962; x_wconf 82' lang='grc' dir='ltr'><strong>Διὰ</strong></span> <span class='ocrx_word' id='word_1_713' title='bbox 2319 4910 2479 4966; x_wconf 84' lang='grc' dir='ltr'>τοῦτο</span> <span class='ocrx_word' id='word_1_714' title='bbox 2505 4912 2721 4988; x_wconf 81' lang='grc' dir='ltr'>ἔχοντες</span> <span class='ocrx_word' id='word_1_715' title='bbox 2753 4919 2852 4993; x_wconf 81' lang='grc' dir='ltr'>τὴν</span> <span class='ocrx_word' id='word_1_716' title='bbox 2881 4923 3157 4985; x_wconf 81' lang='grc' dir='ltr'>διακονίαν</span> <span class='ocrx_word' id='word_1_717' title='bbox 3187 4932 3408 5005; x_wconf 86' lang='grc' dir='ltr'>ταύτην,</span> <span class='ocrx_word' id='word_1_718' title='bbox 3443 4933 3597 4996; x_wconf 83' lang='grc' dir='ltr'>καθὼς</span> 
     </span>
    </p>
   </div>
   <div class='ocr_carea' id='block_1_101' title="bbox 2056 4992 3595 5092">
    <p class='ocr_par' dir='ltr' id='par_1_101' title="bbox 2056 4992 3595 5092">
     <span class='ocr_line' id='line_1_102' title="bbox 2056 4992 3595 5092; baseline 0.018 -47"><span class='ocrx_word' id='word_1_719' title='bbox 2056 4992 2401 5067; x_wconf 74' lang='grc' dir='ltr'>ἠλεήθημεν,</span> <span class='ocrx_word' id='word_1_720' title='bbox 2431 5001 2532 5056; x_wconf 85' lang='grc' dir='ltr'><strong>οὐκ</strong></span> <span class='ocrx_word' id='word_1_721' title='bbox 2563 4992 2932 5079; x_wconf 80' lang='grc' dir='ltr'>ἑκκακοῦμεν.</span> <span class='ocrx_word' id='word_1_722' title='bbox 2990 5030 3012 5066; x_wconf 71' lang='grc' dir='ltr'>ι</span> <span class='ocrx_word' id='word_1_723' title='bbox 3065 5014 3285 5092; x_wconf 84' lang='grc' dir='ltr'>Ἐπειδὴ</span> <span class='ocrx_word' id='word_1_724' title='bbox 3316 4992 3474 5075; x_wconf 73' lang='grc' dir='ltr'>πολλὰ</span> <span class='ocrx_word' id='word_1_725' title='bbox 3516 4992 3595 5072; x_wconf 58' lang='grc' dir='ltr'><strong>καῖ</strong></span> 
     </span>
    </p>
   </div>
   <div class='ocr_carea' id='block_1_102' title="bbox 2062 5084 3590 5182">
    <p class='ocr_par' dir='ltr' id='par_1_102' title="bbox 2062 5084 3590 5182">
     <span class='ocr_line' id='line_1_103' title="bbox 2062 5084 3590 5182; baseline 0.018 -47"><span class='ocrx_word' id='word_1_726' title='bbox 2062 5085 2272 5154; x_wconf 87' lang='grc' dir='ltr'>μεγάλα</span> <span class='ocrx_word' id='word_1_727' title='bbox 2322 5084 2500 5159; x_wconf 76' lang='grc' dir='ltr'>εἶπεν,</span> <span class='ocrx_word' id='word_1_728' title='bbox 2555 5096 2637 5148; x_wconf 80' lang='grc' dir='ltr'><strong>ὅτι</strong></span> <span class='ocrx_word' id='word_1_729' title='bbox 2685 5097 2794 5152; x_wconf 80' lang='grc' dir='ltr'>Καὶ</span> <span class='ocrx_word' id='word_1_730' title='bbox 2826 5102 3066 5171; x_wconf 83' lang='grc' dir='ltr'>Μωσέως</span> <span class='ocrx_word' id='word_1_731' title='bbox 3108 5084 3330 5178; x_wconf 74' lang='grc' dir='ltr'>μείζους</span> <span class='ocrx_word' id='word_1_732' title='bbox 3362 5113 3513 5182; x_wconf 80' lang='grc' dir='ltr'>ὲσρὲν</span> <span class='ocrx_word' id='word_1_733' title='bbox 3551 5112 3590 5163; x_wconf 80' lang='grc' dir='ltr'><strong>οῖ</strong></span> 
     </span>
    </p>
   </div>
   <div class='ocr_carea' id='block_1_103' title="bbox 1048 5155 1971 5272">
    <p class='ocr_par' dir='ltr' id='par_1_103' title="bbox 1048 5155 1948 5272">
     <span class='ocr_line' id='line_1_104' title="bbox 1048 5155 1948 5241; baseline 0.022 -31"><span class='ocrx_word' id='word_1_734' title='bbox 1048 5155 1198 5215; x_wconf 80' lang='lat' dir='ltr'><strong>Mose</strong></span> <span class='ocrx_word' id='word_1_735' title='bbox 1228 5163 1461 5230; x_wconf 89' lang='lat' dir='ltr'><strong>majores</strong></span> <span class='ocrx_word' id='word_1_736' title='bbox 1494 5183 1682 5225; x_wconf 87' lang='lat' dir='ltr'><strong>sumus</strong></span> <span class='ocrx_word' id='word_1_737' title='bbox 1733 5173 1878 5241; x_wconf 87' lang='lat' dir='ltr'><strong>(nam</strong></span> <span class='ocrx_word' id='word_1_738' title='bbox 1903 5177 1948 5230; x_wconf 92' lang='lat' dir='ltr'><strong>si</strong></span> 
     </span>
     <span class='ocr_line' id='line_1_105' title="bbox 1050 5249 1888 5272; baseline 0.021 0"><span class='ocrx_word' id='word_1_739' title='bbox 1050 5249 1138 5272; x_wconf 57' lang='grc' dir='ltr'><strong>...τι</strong></span> <span class='ocrx_word' id='word_1_740' title='bbox 1203 5264 1348 5272; x_wconf 66' lang='grc' dir='ltr'><strong>--μ---</strong></span> <span class='ocrx_word' id='word_1_741' title='bbox 1391 5271 1412 5272; x_wconf 52' lang='grc' dir='ltr'>μ</span> <span class='ocrx_word' id='word_1_742' title='bbox 1517 5271 1522 5272; x_wconf 55' lang='grc' dir='ltr'><em>ν</em></span> <span class='ocrx_word' id='word_1_743' title='bbox 1642 5259 1653 5272; x_wconf 87' lang='grc'><strong>¹</strong></span> <span class='ocrx_word' id='word_1_744' title='bbox 1875 5264 1888 5272; x_wconf 84' lang='grc'><strong>“</strong></span> 
     </span>
    </p>
   </div>
   <div class='ocr_carea' id='block_1_104' title="bbox 2086 5155 3586 5272">
    <p class='ocr_par' dir='ltr' id='par_1_104' title="bbox 2086 5155 3586 5272">
     <span class='ocr_line' id='line_1_106' title="bbox 2086 5155 3586 5272; baseline 0.024 -45"><span class='ocrx_word' id='word_1_745' title='bbox 2086 5179 2340 5233; x_wconf 84' lang='grc' dir='ltr'>,πόστολοι</span> <span class='ocrx_word' id='word_1_746' title='bbox 2395 5155 2495 5252; x_wconf 14' lang='lat' dir='ltr'><strong>(ei?</strong></span> <span class='ocrx_word' id='word_1_747' title='bbox 2529 5185 2638 5258; x_wconf 77' lang='grc' dir='ltr'><strong>γὰρ</strong></span> <span class='ocrx_word' id='word_1_748' title='bbox 2690 5190 2910 5260; x_wconf 81' lang='grc' dir='ltr'>πάντες,</span> <span class='ocrx_word' id='word_1_749' title='bbox 2957 5155 3374 5272; x_wconf 33' lang='grc' dir='ltr'><strong>ὲξὶλὲἶνμέλίον</strong></span> <span class='ocrx_word' id='word_1_750' title='bbox 3405 5155 3586 5262; x_wconf 57' lang='grc' dir='ltr'>οῦτοι).</span> 
     </span>
    </p>
   </div>
   <div class='ocr_carea' id='block_1_105' title="bbox 374 5243 1971 5352">
    <p class='ocr_par' dir='ltr' id='par_1_105' title="bbox 374 5243 1954 5332">
     <span class='ocr_line' id='line_1_107' title="bbox 374 5243 1954 5332; baseline 0.02 -43"><span class='ocrx_word' id='word_1_751' title='bbox 374 5253 586 5305; x_wconf 85' lang='lat' dir='ltr'><strong>omnes,</strong></span> <span class='ocrx_word' id='word_1_752' title='bbox 619 5243 789 5298; x_wconf 90' lang='lat' dir='ltr'><strong>multo</strong></span> <span class='ocrx_word' id='word_1_753' title='bbox 820 5247 991 5317; x_wconf 88' lang='lat' dir='ltr'><strong>magis</strong></span> <span class='ocrx_word' id='word_1_754' title='bbox 1029 5249 1161 5320; x_wconf 91' lang='lat' dir='ltr'><strong>isti),</strong></span> <span class='ocrx_word' id='word_1_755' title='bbox 1198 5264 1353 5306; x_wconf 87' lang='lat' dir='ltr'><strong>curat</strong></span> <span class='ocrx_word' id='word_1_756' title='bbox 1389 5271 1553 5320; x_wconf 90' lang='lat' dir='ltr'><strong>nunc,</strong></span> <span class='ocrx_word' id='word_1_757' title='bbox 1589 5259 1832 5332; x_wconf 89' lang='lat' dir='ltr'><strong>adeoque</strong></span> <span class='ocrx_word' id='word_1_758' title='bbox 1857 5264 1954 5321; x_wconf 89' lang='lat' dir='ltr'><strong>de-</strong></span> 
     </span>
    </p>
   </div>
   <div class='ocr_carea' id='block_1_106' title="bbox 2086 5243 2898 5352">
    <p class='ocr_par' dir='ltr' id='par_1_106' title="bbox 2091 5269 2898 5352">
     <span class='ocr_line' id='line_1_108' title="bbox 2091 5269 2898 5352; baseline 0.022 -33"><span class='ocrx_word' id='word_1_759' title='bbox 2091 5269 2245 5322; x_wconf 81' lang='grc' dir='ltr'>οιπὸν</span> <span class='ocrx_word' id='word_1_760' title='bbox 2271 5269 2568 5342; x_wconf 86' lang='grc' dir='ltr'>θεραπεύει</span> <span class='ocrx_word' id='word_1_761' title='bbox 2597 5279 2688 5331; x_wconf 81' lang='grc' dir='ltr'><strong>τὸν</strong></span> <span class='ocrx_word' id='word_1_762' title='bbox 2714 5281 2898 5352; x_wconf 68' lang='grc' dir='ltr'>ὄγκον,</span> 
     </span>
    </p>
   </div>
   <div class='ocr_carea' id='block_1_107' title="bbox 2053 5359 2417 5421">
    <p class='ocr_par' dir='ltr' id='par_1_107' title="bbox 2053 5359 2417 5421">
     <span class='ocr_line' id='line_1_109' title="bbox 2053 5359 2417 5421; baseline 0.027 -11"><span class='ocrx_word' id='word_1_763' title='bbox 2053 5359 2167 5413; x_wconf 80' lang='grc' dir='ltr'>ἐστι</span> <span class='ocrx_word' id='word_1_764' title='bbox 2194 5361 2256 5416; x_wconf 79' lang='grc' dir='ltr'>τὸ</span> <span class='ocrx_word' id='word_1_765' title='bbox 2287 5367 2417 5421; x_wconf 80' lang='grc' dir='ltr'>πᾶν.</span> 
     </span>
    </p>
   </div>
   <div class='ocr_carea' id='block_1_108' title="bbox 374 5424 1971 5515">
    <p class='ocr_par' dir='ltr' id='par_1_108' title="bbox 374 5424 1950 5515">
     <span class='ocr_line' id='line_1_110' title="bbox 374 5424 1950 5515; baseline 0.018 -41"><span class='ocrx_word' id='word_1_766' title='bbox 374 5435 517 5478; x_wconf 88' lang='lat' dir='ltr'><strong>sum.</strong></span> <span class='ocrx_word' id='word_1_767' title='bbox 540 5424 650 5481; x_wconf 85' lang='lat' dir='ltr'><strong>Nos</strong></span> <span class='ocrx_word' id='word_1_768' title='bbox 674 5430 818 5482; x_wconf 91' lang='lat' dir='ltr'><strong>enim</strong></span> <span class='ocrx_word' id='word_1_769' title='bbox 848 5433 1081 5487; x_wconf 87' lang='lat' dir='ltr'><strong>ministri</strong></span> <span class='ocrx_word' id='word_1_770' title='bbox 1114 5440 1490 5492; x_wconf 88' lang='lat' dir='ltr'><strong>tantummodo</strong></span> <span class='ocrx_word' id='word_1_771' title='bbox 1517 5456 1702 5496; x_wconf 90' lang='lat' dir='ltr'><strong>sumus</strong></span> <span class='ocrx_word' id='word_1_772' title='bbox 1729 5461 1742 5496; x_wconf 90' lang='lat'><strong>:</strong></span> <span class='ocrx_word' id='word_1_773' title='bbox 1776 5460 1950 5515; x_wconf 87' lang='lat' dir='ltr'><strong>neque</strong></span> 
     </span>
    </p>
   </div>
   <div class='ocr_carea' id='block_1_109' title="bbox 2086 5424 2463 5515">
    <p class='ocr_par' dir='ltr' id='par_1_109' title="bbox 2086 5451 2463 5513">
     <span class='ocr_line' id='line_1_111' title="bbox 2086 5451 2463 5513; baseline 0.034 -12"><span class='ocrx_word' id='word_1_774' title='bbox 2086 5451 2170 5504; x_wconf 78' lang='grc' dir='ltr'>ὑδὲ</span> <span class='ocrx_word' id='word_1_775' title='bbox 2205 5455 2364 5510; x_wconf 86' lang='grc' dir='ltr'>τοῦτο</span> <span class='ocrx_word' id='word_1_776' title='bbox 2401 5460 2463 5513; x_wconf 86' lang='grc' dir='ltr'>τὸ</span> 
     </span>
    </p>
   </div>
   <div class='ocr_carea' id='block_1_110' title="bbox 374 5512 1971 5619">
    <p class='ocr_par' dir='ltr' id='par_1_110' title="bbox 374 5512 1950 5604">
     <span class='ocr_line' id='line_1_112' title="bbox 374 5512 1950 5604; baseline 0.016 -39"><span class='ocrx_word' id='word_1_777' title='bbox 374 5512 506 5568; x_wconf 88' lang='lat' dir='ltr'><strong>illud</strong></span> <span class='ocrx_word' id='word_1_778' title='bbox 538 5517 699 5570; x_wconf 85' lang='lat' dir='ltr'><strong>etiam</strong></span> <span class='ocrx_word' id='word_1_779' title='bbox 731 5519 1093 5577; x_wconf 89' lang='lat' dir='ltr'><strong>ministerium</strong></span> <span class='ocrx_word' id='word_1_780' title='bbox 1129 5537 1375 5581; x_wconf 89' lang='lat' dir='ltr'><strong>nostrum</strong></span> <span class='ocrx_word' id='word_1_781' title='bbox 1411 5542 1516 5595; x_wconf 92' lang='lat' dir='ltr'><strong>est,</strong></span> <span class='ocrx_word' id='word_1_782' title='bbox 1553 5533 1668 5598; x_wconf 88' lang='lat' dir='ltr'><strong>sed,</strong></span> <span class='ocrx_word' id='word_1_783' title='bbox 1711 5552 1732 5586; x_wconf 86' lang='grc' dir='ltr'>ι</span> <span class='ocrx_word' id='word_1_784' title='bbox 1763 5551 1950 5604; x_wconf 83' lang='lat' dir='ltr'><strong>quent-</strong></span> 
     </span>
    </p>
   </div>
   <div class='ocr_carea' id='block_1_111' title="bbox 2086 5512 2469 5619">
    <p class='ocr_par' dir='ltr' id='par_1_111' title="bbox 2087 5542 2469 5619">
     <span class='ocr_line' id='line_1_113' title="bbox 2087 5542 2469 5619; baseline 0.021 -25"><span class='ocrx_word' id='word_1_785' title='bbox 2087 5542 2184 5609; x_wconf 87' lang='grc' dir='ltr'>ὼς,</span> <span class='ocrx_word' id='word_1_786' title='bbox 2229 5565 2248 5599; x_wconf 83' lang='grc'>›</span> <span class='ocrx_word' id='word_1_787' title='bbox 2285 5551 2469 5619; x_wconf 72' lang='grc' dir='ltr'>φησὶν,</span> 
     </span>
    </p>
   </div>
   <div class='ocr_carea' id='block_1_112' title="bbox 2929 5288 3588 5361">
    <p class='ocr_par' dir='ltr' id='par_1_112' title="bbox 2929 5288 3588 5361">
     <span class='ocr_line' id='line_1_114' title="bbox 2929 5288 3588 5361; baseline 0.008 -21"><span class='ocrx_word' id='word_1_788' title='bbox 2929 5288 3023 5340; x_wconf 82' lang='grc' dir='ltr'><strong>καί</strong></span> <span class='ocrx_word' id='word_1_789' title='bbox 3052 5308 3238 5361; x_wconf 82' lang='grc' dir='ltr'>φησιν,</span> <span class='ocrx_word' id='word_1_790' title='bbox 3262 5295 3338 5348; x_wconf 83' lang='grc' dir='ltr'>ὅτι</span> <span class='ocrx_word' id='word_1_791' title='bbox 3362 5295 3448 5347; x_wconf 82' lang='grc' dir='ltr'><strong>τοῦ</strong></span> <span class='ocrx_word' id='word_1_792' title='bbox 3474 5291 3588 5346; x_wconf 77' lang='grc' dir='ltr'>Θεοῦ</span> 
     </span>
    </p>
   </div>
   <div class='ocr_carea' id='block_1_113' title="bbox 2467 5369 3587 5456">
    <p class='ocr_par' dir='ltr' id='par_1_113' title="bbox 2467 5369 3587 5456">
     <span class='ocr_line' id='line_1_115' title="bbox 2467 5369 3587 5456; baseline 0.013 -35"><span class='ocrx_word' id='word_1_793' title='bbox 2467 5369 2658 5440; x_wconf 85' lang='grc' dir='ltr'>Ἡμεῖς</span> <span class='ocrx_word' id='word_1_794' title='bbox 2687 5375 2796 5447; x_wconf 77' lang='grc' dir='ltr'><strong>γὰρ</strong></span> <span class='ocrx_word' id='word_1_795' title='bbox 2833 5377 3072 5435; x_wconf 84' lang='grc' dir='ltr'>διάκονοι</span> <span class='ocrx_word' id='word_1_796' title='bbox 3109 5383 3274 5453; x_wconf 88' lang='grc' dir='ltr'>μόνον</span> <span class='ocrx_word' id='word_1_797' title='bbox 3311 5386 3482 5456; x_wconf 82' lang='grc' dir='ltr'>ἐσμὲν,</span> <span class='ocrx_word' id='word_1_798' title='bbox 3510 5385 3587 5437; x_wconf 78' lang='grc' dir='ltr'><strong>καὶ</strong></span> 
     </span>
    </p>
   </div>
   <div class='ocr_carea' id='block_1_114' title="bbox 2503 5462 3585 5545">
    <p class='ocr_par' dir='ltr' id='par_1_114' title="bbox 2503 5462 3585 5545">
     <span class='ocr_line' id='line_1_116' title="bbox 2503 5462 3585 5545; baseline -0.004 -28"><span class='ocrx_word' id='word_1_799' title='bbox 2503 5462 2602 5530; x_wconf 84' lang='grc' dir='ltr'><strong>τῆς</strong></span> <span class='ocrx_word' id='word_1_800' title='bbox 2640 5464 2914 5533; x_wconf 81' lang='grc' dir='ltr'>διακονίας</span> <span class='ocrx_word' id='word_1_801' title='bbox 2957 5472 3245 5545; x_wconf 63' lang='grc' dir='ltr'>ἡμέτερον,</span> <span class='ocrx_word' id='word_1_802' title='bbox 3278 5476 3404 5531; x_wconf 70' lang='grc' dir='ltr'><strong>ἀλλὰ</strong></span> <span class='ocrx_word' id='word_1_803' title='bbox 3445 5495 3462 5527; x_wconf 62' lang='grc' dir='ltr'><em>ς</em></span> <span class='ocrx_word' id='word_1_804' title='bbox 3501 5492 3585 5528; x_wconf 79' lang='grc' dir='ltr'><strong>κα-</strong></span> 
     </span>
    </p>
   </div>
   <div class='ocr_carea' id='block_1_115' title="bbox 2507 5554 3583 5639">
    <p class='ocr_par' dir='ltr' id='par_1_115' title="bbox 2507 5554 3583 5639">
     <span class='ocr_line' id='line_1_117' title="bbox 2507 5554 3583 5639; baseline 0.022 -35"><span class='ocrx_word' id='word_1_805' title='bbox 2507 5572 2524 5604; x_wconf 82' lang='grc' dir='ltr'>ι</span> <span class='ocrx_word' id='word_1_806' title='bbox 2560 5554 2872 5628; x_wconf 76' lang='grc' dir='ltr'>ἠλεήθημεν</span> <span class='ocrx_word' id='word_1_807' title='bbox 2895 5578 2908 5591; x_wconf 89' lang='grc'><strong>·</strong></span> <span class='ocrx_word' id='word_1_808' title='bbox 2948 5581 2967 5615; x_wconf 78' lang='grc' dir='ltr'>ι</span> <span class='ocrx_word' id='word_1_809' title='bbox 3001 5565 3097 5618; x_wconf 84' lang='grc' dir='ltr'><strong>τοῦ</strong></span> <span class='ocrx_word' id='word_1_810' title='bbox 3130 5567 3278 5622; x_wconf 85' lang='grc' dir='ltr'>Θείου</span> <span class='ocrx_word' id='word_1_811' title='bbox 3305 5569 3403 5639; x_wconf 76' lang='grc' dir='ltr'>γὰρ</span> <span class='ocrx_word' id='word_1_812' title='bbox 3426 5568 3583 5628; x_wconf 79' lang='grc' dir='ltr'>ἐλέους</span> 
     </span>
    </p>
   </div>
   <div class='ocr_carea' id='block_1_116' title="bbox 2055 5637 3578 5721">
    <p class='ocr_par' dir='ltr' id='par_1_116' title="bbox 2055 5637 3578 5721">
     <span class='ocr_line' id='line_1_118' title="bbox 2055 5637 3578 5721; baseline 0.014 -33"><span class='ocrx_word' id='word_1_813' title='bbox 2055 5637 2151 5688; x_wconf 64' lang='grc' dir='ltr'><strong>καὶ</strong></span> <span class='ocrx_word' id='word_1_814' title='bbox 2191 5638 2367 5695; x_wconf 90' lang='grc' dir='ltr'>τοῦτο.</span> <span class='ocrx_word' id='word_1_815' title='bbox 2411 5643 2482 5696; x_wconf 76' lang='grc' dir='ltr'><strong>Τὸ</strong></span> <span class='ocrx_word' id='word_1_816' title='bbox 2507 5644 2564 5698; x_wconf 72' lang='grc' dir='ltr'>δὲ</span> <span class='ocrx_word' id='word_1_817' title='bbox 2596 5646 2925 5721; x_wconf 78' lang='grc' dir='ltr'>ὑπερϐατὸν,</span> <span class='ocrx_word' id='word_1_818' title='bbox 2961 5673 2982 5708; x_wconf 81' lang='grc' dir='ltr'>ι</span> <span class='ocrx_word' id='word_1_819' title='bbox 3018 5657 3116 5713; x_wconf 81' lang='grc' dir='ltr'><strong>Διὰ</strong></span> <span class='ocrx_word' id='word_1_820' title='bbox 3145 5637 3418 5714; x_wconf 72' lang='grc' dir='ltr'>τοῦτοούκ</span> <span class='ocrx_word' id='word_1_821' title='bbox 3440 5661 3578 5711; x_wconf 82' lang='grc' dir='ltr'>ἑκκα-</span> 
     </span>
    </p>
   </div>
   <div class='ocr_carea' id='block_1_117' title="bbox 1731 5743 2303 5814">
    <p class='ocr_par' dir='ltr' id='par_1_117' title="bbox 1731 5743 2303 5814">
     <span class='ocr_line' id='line_1_119' title="bbox 1731 5743 2303 5814; baseline 0.016 -12"><span class='ocrx_word' id='word_1_822' title='bbox 1731 5743 1927 5806; x_wconf 64' lang='lat' dir='ltr'><strong>Variae</strong></span> <span class='ocrx_word' id='word_1_823' title='bbox 1972 5746 2303 5814; x_wconf 84' lang='lat' dir='ltr'><strong>lectiones.</strong></span> 
     </span>
    </p>
   </div>
   <div class='ocr_carea' id='block_1_118' title="bbox 457 5843 2544 5946">
    <p class='ocr_par' dir='ltr' id='par_1_118' title="bbox 457 5843 2544 5946">
     <span class='ocr_line' id='line_1_120' title="bbox 457 5843 2544 5946; baseline 0.02 -50"><span class='ocrx_word' id='word_1_824' title='bbox 457 5843 504 5876; x_wconf 75' lang='lat'>&quot;</span> <span class='ocrx_word' id='word_1_825' title='bbox 530 5848 968 5920; x_wconf 68' lang='grc' dir='ltr'>κατορθωθῆναι.</span> <span class='ocrx_word' id='word_1_826' title='bbox 1000 5868 1054 5909; x_wconf 94' lang='lat' dir='ltr'><strong>o.</strong></span> <span class='ocrx_word' id='word_1_827' title='bbox 1135 5855 1178 5889; x_wconf 69' lang='lat'>“</span> <span class='ocrx_word' id='word_1_828' title='bbox 1205 5861 1382 5915; x_wconf 76' lang='grc' dir='ltr'>ἐκεισε</span> <span class='ocrx_word' id='word_1_829' title='bbox 1411 5877 1437 5915; x_wconf 91' lang='grc' dir='ltr'><strong>ο</strong></span> <span class='ocrx_word' id='word_1_830' title='bbox 1465 5863 1536 5916; x_wconf 85' lang='grc' dir='ltr'><strong>Μ.</strong></span> <span class='ocrx_word' id='word_1_831' title='bbox 1564 5881 1616 5919; x_wconf 95' lang='lat' dir='ltr'><strong>o.</strong></span> <span class='ocrx_word' id='word_1_832' title='bbox 1698 5869 1741 5899; x_wconf 77' lang='grc'><strong>⁸⁵</strong></span> <span class='ocrx_word' id='word_1_833' title='bbox 1773 5870 2108 5942; x_wconf 85' lang='grc' dir='ltr'>πνεύματος,</span> <span class='ocrx_word' id='word_1_834' title='bbox 2134 5877 2225 5929; x_wconf 69' lang='grc' dir='ltr'>καὶ</span> <span class='ocrx_word' id='word_1_835' title='bbox 2248 5882 2452 5946; x_wconf 83' lang='grc' dir='ltr'>πατρὸς</span> <span class='ocrx_word' id='word_1_836' title='bbox 2490 5901 2544 5941; x_wconf 92' lang='lat' dir='ltr'><strong>o.</strong></span> 
     </span>
    </p>
   </div>
  </div>
