  <div class='ocr_page' id='page_1' title='image "/cluster/home/n/w/nwhite01/storage/ocr_20150623/124/hvd.32044019208206/449.png"; bbox 0 0 3806 6560; ppageno 0'>
   <div class='ocr_carea' id='block_1_1' title="bbox 360 382 3608 459">
    <p class='ocr_par' dir='ltr' id='par_1_1' title="bbox 360 382 3608 459">
     <span class='ocr_line' id='line_1_1' title="bbox 360 382 3608 459; baseline -0.002 0"><span class='ocrx_word' id='word_1_1' title='bbox 360 395 469 459; x_wconf 79' lang='lat'><strong>839</strong></span> <span class='ocrx_word' id='word_1_2' title='bbox 1293 386 1875 454; x_wconf 83' lang='lat' dir='ltr'><strong>THEOPHYLAC&#39;I‘I</strong></span> <span class='ocrx_word' id='word_1_3' title='bbox 1913 382 2327 445; x_wconf 64' lang='lat' dir='ltr'><strong>BULGARIE</strong></span> <span class='ocrx_word' id='word_1_4' title='bbox 2353 385 2720 449; x_wconf 79' lang='lat' dir='ltr'><strong>ARCHIEP.</strong></span> <span class='ocrx_word' id='word_1_5' title='bbox 3510 387 3608 451; x_wconf 63' lang='lat'><strong>810</strong></span> 
     </span>
    </p>
   </div>
   <div class='ocr_carea' id='block_1_2' title="bbox 355 490 1971 574">
    <p class='ocr_par' dir='ltr' id='par_1_2' title="bbox 355 494 1971 574">
     <span class='ocr_line' id='line_1_2' title="bbox 355 494 1971 574; baseline -0.008 -8"><span class='ocrx_word' id='word_1_6' title='bbox 355 509 492 566; x_wconf 90' lang='lat' dir='ltr'><strong>duli.</strong></span> <span class='ocrx_word' id='word_1_7' title='bbox 525 507 729 561; x_wconf 70' lang='lat' dir='ltr'><strong>Horum</strong></span> <span class='ocrx_word' id='word_1_8' title='bbox 766 502 931 574; x_wconf 85' lang='lat' dir='ltr'><strong>igitur</strong></span> <span class='ocrx_word' id='word_1_9' title='bbox 962 519 980 554; x_wconf 84' lang='grc' dir='ltr'><strong>ι</strong></span> <span class='ocrx_word' id='word_1_10' title='bbox 1026 510 1238 557; x_wconf 87' lang='lat' dir='ltr'><strong>mentes</strong></span> <span class='ocrx_word' id='word_1_11' title='bbox 1261 502 1557 556; x_wconf 62' lang='lat' dir='ltr'><strong>excascavit</strong></span> <span class='ocrx_word' id='word_1_12' title='bbox 1583 500 1722 555; x_wconf 88' lang='lat' dir='ltr'><strong>Deus</strong></span> <span class='ocrx_word' id='word_1_13' title='bbox 1750 494 1932 555; x_wconf 67' lang='lat' dir='ltr'><strong>smcult</strong></span> <span class='ocrx_word' id='word_1_14' title='bbox 1961 536 1971 553; x_wconf 61' lang='grc' dir='ltr'><strong><em>ε</em></strong></span> 
     </span>
    </p>
   </div>
   <div class='ocr_carea' id='block_1_3' title="bbox 2077 490 3617 574">
    <p class='ocr_par' dir='ltr' id='par_1_3' title="bbox 2078 490 3617 566">
     <span class='ocr_line' id='line_1_3' title="bbox 2078 490 3617 566; baseline 0.006 -22"><span class='ocrx_word' id='word_1_15' title='bbox 2078 492 2137 545; x_wconf 75' lang='grc' dir='ltr'><strong>αἱ</strong></span> <span class='ocrx_word' id='word_1_16' title='bbox 2169 493 2474 566; x_wconf 71' lang='grc' dir='ltr'><strong>διαφόροις,</strong></span> <span class='ocrx_word' id='word_1_17' title='bbox 2512 495 2619 549; x_wconf 74' lang='grc' dir='ltr'>εἰσὶ</span> <span class='ocrx_word' id='word_1_18' title='bbox 2646 495 2741 549; x_wconf 72' lang='grc' dir='ltr'><strong>καὶ</strong></span> <span class='ocrx_word' id='word_1_19' title='bbox 2777 495 2825 550; x_wconf 85' lang='lat' dir='ltr'><strong>oi</strong></span> <span class='ocrx_word' id='word_1_20' title='bbox 2866 495 3121 549; x_wconf 79' lang='grc' dir='ltr'><strong>ἄπιστοι·</strong></span> <span class='ocrx_word' id='word_1_21' title='bbox 3151 496 3360 550; x_wconf 78' lang='grc' dir='ltr'>τούτων</span> <span class='ocrx_word' id='word_1_22' title='bbox 3380 490 3472 551; x_wconf 80' lang='grc' dir='ltr'><strong>οὖν</strong></span> <span class='ocrx_word' id='word_1_23' title='bbox 3504 517 3522 549; x_wconf 79' lang='grc' dir='ltr'><strong>ι</strong></span> <span class='ocrx_word' id='word_1_24' title='bbox 3556 499 3617 554; x_wconf 72' lang='grc' dir='ltr'>τὰ</span> 
     </span>
    </p>
   </div>
   <div class='ocr_carea' id='block_1_4' title="bbox 355 589 1971 679">
    <p class='ocr_par' dir='ltr' id='par_1_4' title="bbox 355 600 1953 679">
     <span class='ocr_line' id='line_1_4' title="bbox 355 600 1953 679; baseline -0.004 -16"><span class='ocrx_word' id='word_1_25' title='bbox 355 608 542 679; x_wconf 84' lang='lat' dir='ltr'><strong>hujus.</strong></span> <span class='ocrx_word' id='word_1_26' title='bbox 598 625 616 658; x_wconf 75' lang='grc' dir='ltr'><strong>ι</strong></span> <span class='ocrx_word' id='word_1_27' title='bbox 671 604 767 658; x_wconf 89' lang='lat' dir='ltr'><strong>llic</strong></span> <span class='ocrx_word' id='word_1_28' title='bbox 818 606 1086 674; x_wconf 87' lang='lat' dir='ltr'><strong>prodeunt</strong></span> <span class='ocrx_word' id='word_1_29' title='bbox 1137 600 1523 668; x_wconf 72' lang='lat' dir='ltr'><strong>Marcionismr,</strong></span> <span class='ocrx_word' id='word_1_30' title='bbox 1576 612 1953 657; x_wconf 76' lang='lat' dir='ltr'><strong>asseverantes</strong></span> 
     </span>
    </p>
   </div>
   <div class='ocr_carea' id='block_1_5' title="bbox 2077 589 3616 679">
    <p class='ocr_par' dir='ltr' id='par_1_5' title="bbox 2077 589 3616 659">
     <span class='ocr_line' id='line_1_5' title="bbox 2077 589 3616 659; baseline 0.003 -19"><span class='ocrx_word' id='word_1_31' title='bbox 2077 589 2303 658; x_wconf 71' lang='grc' dir='ltr'>νοήματα</span> <span class='ocrx_word' id='word_1_32' title='bbox 2351 589 2666 659; x_wconf 77' lang='grc' dir='ltr'><strong>ἐτύφλωσεν</strong></span> <span class='ocrx_word' id='word_1_33' title='bbox 2704 590 2732 642; x_wconf 84' lang='grc' dir='ltr'>ὁ</span> <span class='ocrx_word' id='word_1_34' title='bbox 2790 589 2924 655; x_wconf 68' lang='grc' dir='ltr'>Θεὸς</span> <span class='ocrx_word' id='word_1_35' title='bbox 2961 590 3056 644; x_wconf 85' lang='grc' dir='ltr'><strong>τοῦ</strong></span> <span class='ocrx_word' id='word_1_36' title='bbox 3103 590 3301 654; x_wconf 88' lang='grc' dir='ltr'>αίῶνος</span> <span class='ocrx_word' id='word_1_37' title='bbox 3346 590 3552 645; x_wconf 82' lang='grc' dir='ltr'>τούτου.</span> <span class='ocrx_word' id='word_1_38' title='bbox 3599 612 3616 645; x_wconf 78' lang='grc' dir='ltr'><strong>ι</strong></span> 
     </span>
    </p>
   </div>
   <div class='ocr_carea' id='block_1_6' title="bbox 358 696 1953 767">
    <p class='ocr_par' dir='ltr' id='par_1_6' title="bbox 358 696 1953 767">
     <span class='ocr_line' id='line_1_6' title="bbox 358 696 1953 767; baseline -0.004 -8"><span class='ocrx_word' id='word_1_39' title='bbox 358 706 427 758; x_wconf 86' lang='lat' dir='ltr'><strong>de</strong></span> <span class='ocrx_word' id='word_1_40' title='bbox 465 701 728 757; x_wconf 88' lang='lat' dir='ltr'><strong>Creatore</strong></span> <span class='ocrx_word' id='word_1_41' title='bbox 762 700 876 753; x_wconf 64' lang='lat' dir='ltr'><strong>haec</strong></span> <span class='ocrx_word' id='word_1_42' title='bbox 904 713 1025 753; x_wconf 69' lang='lat' dir='ltr'><strong>esse</strong></span> <span class='ocrx_word' id='word_1_43' title='bbox 1061 699 1228 761; x_wconf 87' lang='lat' dir='ltr'><strong>dicta,</strong></span> <span class='ocrx_word' id='word_1_44' title='bbox 1260 712 1421 767; x_wconf 82' lang='lat' dir='ltr'><strong>quem</strong></span> <span class='ocrx_word' id='word_1_45' title='bbox 1445 696 1652 765; x_wconf 83' lang='lat' dir='ltr'><strong>justum</strong></span> <span class='ocrx_word' id='word_1_46' title='bbox 1685 697 1874 751; x_wconf 87' lang='lat' dir='ltr'><strong>dicunt</strong></span> <span class='ocrx_word' id='word_1_47' title='bbox 1899 706 1953 752; x_wconf 82' lang='lat' dir='ltr'><strong>ct</strong></span> 
     </span>
    </p>
   </div>
   <div class='ocr_carea' id='block_1_7' title="bbox 355 793 1949 863">
    <p class='ocr_par' dir='ltr' id='par_1_7' title="bbox 355 793 1949 863">
     <span class='ocr_line' id='line_1_7' title="bbox 355 793 1949 863; baseline -0.006 -11"><span class='ocrx_word' id='word_1_48' title='bbox 355 798 557 852; x_wconf 81' lang='lat' dir='ltr'><strong>bonum</strong></span> <span class='ocrx_word' id='word_1_49' title='bbox 587 813 601 850; x_wconf 91' lang='lat'><strong>:</strong></span> <span class='ocrx_word' id='word_1_50' title='bbox 632 795 918 850; x_wconf 73' lang='lat' dir='ltr'><strong>Manicluei</strong></span> <span class='ocrx_word' id='word_1_51' title='bbox 954 811 1086 849; x_wconf 76' lang='lat' dir='ltr'><strong>vero</strong></span> <span class='ocrx_word' id='word_1_52' title='bbox 1113 799 1181 849; x_wconf 86' lang='lat' dir='ltr'><strong>de</strong></span> <span class='ocrx_word' id='word_1_53' title='bbox 1211 795 1449 859; x_wconf 86' lang='lat' dir='ltr'><strong>diabolo,</strong></span> <span class='ocrx_word' id='word_1_54' title='bbox 1496 810 1656 863; x_wconf 74' lang='lat' dir='ltr'><strong>quem</strong></span> <span class='ocrx_word' id='word_1_55' title='bbox 1684 802 1737 848; x_wconf 83' lang='lat' dir='ltr'><strong>et</strong></span> <span class='ocrx_word' id='word_1_56' title='bbox 1768 793 1949 845; x_wconf 90' lang='lat' dir='ltr'><strong>mundi</strong></span> 
     </span>
    </p>
   </div>
   <div class='ocr_carea' id='block_1_8' title="bbox 362 884 1954 954">
    <p class='ocr_par' dir='ltr' id='par_1_8' title="bbox 362 884 1954 954">
     <span class='ocr_line' id='line_1_8' title="bbox 362 884 1954 954; baseline -0.005 -12"><span class='ocrx_word' id='word_1_57' title='bbox 362 887 525 954; x_wconf 84' lang='lat' dir='ltr'><strong>hujus</strong></span> <span class='ocrx_word' id='word_1_58' title='bbox 557 886 895 941; x_wconf 72' lang='lat' dir='ltr'><strong>conditorem</strong></span> <span class='ocrx_word' id='word_1_59' title='bbox 950 894 1223 941; x_wconf 81' lang='lat' dir='ltr'><strong>asserunt.</strong></span> <span class='ocrx_word' id='word_1_60' title='bbox 1262 886 1327 938; x_wconf 81' lang='lat' dir='ltr'><strong>At</strong></span> <span class='ocrx_word' id='word_1_61' title='bbox 1378 902 1507 938; x_wconf 56' lang='lat' dir='ltr'><strong>vero</strong></span> <span class='ocrx_word' id='word_1_62' title='bbox 1544 896 1798 938; x_wconf 66' lang='lat' dir='ltr'><strong>neutrum</strong></span> <span class='ocrx_word' id='word_1_63' title='bbox 1852 884 1954 936; x_wconf 91' lang='lat' dir='ltr'><strong>ho-</strong></span> 
     </span>
    </p>
   </div>
   <div class='ocr_carea' id='block_1_9' title="bbox 360 978 1954 1049">
    <p class='ocr_par' dir='ltr' id='par_1_9' title="bbox 360 978 1954 1049">
     <span class='ocr_line' id='line_1_9' title="bbox 360 978 1954 1049; baseline -0.004 -15"><span class='ocrx_word' id='word_1_64' title='bbox 360 995 482 1034; x_wconf 83' lang='lat' dir='ltr'><strong>rum</strong></span> <span class='ocrx_word' id='word_1_65' title='bbox 518 980 804 1032; x_wconf 87' lang='lat' dir='ltr'><strong>dicendum</strong></span> <span class='ocrx_word' id='word_1_66' title='bbox 855 987 958 1043; x_wconf 85' lang='lat' dir='ltr'><strong>est,</strong></span> <span class='ocrx_word' id='word_1_67' title='bbox 995 989 1254 1032; x_wconf 69' lang='lat' dir='ltr'><strong>cteternm</strong></span> <span class='ocrx_word' id='word_1_68' title='bbox 1309 984 1376 1033; x_wconf 87' lang='lat' dir='ltr'><strong>de</strong></span> <span class='ocrx_word' id='word_1_69' title='bbox 1419 978 1579 1049; x_wconf 77' lang='lat'><strong>263</strong></span> <span class='ocrx_word' id='word_1_70' title='bbox 1626 978 1733 1032; x_wconf 86' lang='lat' dir='ltr'><strong>Deo</strong></span> <span class='ocrx_word' id='word_1_71' title='bbox 1768 987 1954 1031; x_wconf 87' lang='lat' dir='ltr'><strong>nostro</strong></span> 
     </span>
    </p>
   </div>
   <div class='ocr_carea' id='block_1_10' title="bbox 361 1071 1951 1139">
    <p class='ocr_par' dir='ltr' id='par_1_10' title="bbox 361 1071 1951 1139">
     <span class='ocr_line' id='line_1_10' title="bbox 361 1071 1951 1139; baseline -0.004 -10"><span class='ocrx_word' id='word_1_72' title='bbox 361 1074 465 1129; x_wconf 84' lang='lat' dir='ltr'><strong>hoc</strong></span> <span class='ocrx_word' id='word_1_73' title='bbox 493 1072 696 1127; x_wconf 68' lang='lat' dir='ltr'><strong>dictum</strong></span> <span class='ocrx_word' id='word_1_74' title='bbox 735 1081 838 1127; x_wconf 90' lang='lat' dir='ltr'><strong>est.</strong></span> <span class='ocrx_word' id='word_1_75' title='bbox 868 1072 937 1126; x_wconf 84' lang='lat' dir='ltr'><strong>At</strong></span> <span class='ocrx_word' id='word_1_76' title='bbox 971 1074 1018 1126; x_wconf 77' lang='lat' dir='ltr'><strong>si</strong></span> <span class='ocrx_word' id='word_1_77' title='bbox 1046 1073 1229 1126; x_wconf 71' lang='lat' dir='ltr'><strong>smcttli</strong></span> <span class='ocrx_word' id='word_1_78' title='bbox 1266 1072 1422 1139; x_wconf 73' lang='lat' dir='ltr'><strong>hujJs</strong></span> <span class='ocrx_word' id='word_1_79' title='bbox 1453 1073 1593 1126; x_wconf 68' lang='grc' dir='ltr'>υιτιιε</span> <span class='ocrx_word' id='word_1_80' title='bbox 1618 1086 1740 1126; x_wconf 85' lang='lat' dir='ltr'><strong>esse</strong></span> <span class='ocrx_word' id='word_1_81' title='bbox 1771 1071 1951 1139; x_wconf 86' lang='lat' dir='ltr'><strong>perhi-</strong></span> 
     </span>
    </p>
   </div>
   <div class='ocr_carea' id='block_1_11' title="bbox 362 1166 1953 1231">
    <p class='ocr_par' dir='ltr' id='par_1_11' title="bbox 362 1166 1953 1231">
     <span class='ocr_line' id='line_1_11' title="bbox 362 1166 1953 1231; baseline -0.002 -9"><span class='ocrx_word' id='word_1_82' title='bbox 362 1168 579 1231; x_wconf 79' lang='lat' dir='ltr'><strong>beatur,</strong></span> <span class='ocrx_word' id='word_1_83' title='bbox 615 1167 749 1220; x_wconf 90' lang='lat' dir='ltr'><strong>nihil</strong></span> <span class='ocrx_word' id='word_1_84' title='bbox 782 1181 981 1221; x_wconf 84' lang='lat' dir='ltr'><strong>novum</strong></span> <span class='ocrx_word' id='word_1_85' title='bbox 1009 1176 1114 1229; x_wconf 88' lang='lat' dir='ltr'><strong>est,</strong></span> <span class='ocrx_word' id='word_1_86' title='bbox 1146 1182 1265 1218; x_wconf 79' lang='lat' dir='ltr'><strong>cum</strong></span> <span class='ocrx_word' id='word_1_87' title='bbox 1301 1175 1351 1219; x_wconf 85' lang='lat' dir='ltr'><strong>et</strong></span> <span class='ocrx_word' id='word_1_88' title='bbox 1382 1166 1519 1219; x_wconf 84' lang='lat' dir='ltr'><strong>Deus</strong></span> <span class='ocrx_word' id='word_1_89' title='bbox 1545 1166 1666 1219; x_wconf 64' lang='lat' dir='ltr'><strong>caeli</strong></span> <span class='ocrx_word' id='word_1_90' title='bbox 1698 1166 1911 1218; x_wconf 82' lang='lat' dir='ltr'><strong>dicatur</strong></span> <span class='ocrx_word' id='word_1_91' title='bbox 1938 1181 1953 1219; x_wconf 92' lang='lat'><strong>:</strong></span> 
     </span>
    </p>
   </div>
   <div class='ocr_carea' id='block_1_12' title="bbox 363 1258 1954 1331">
    <p class='ocr_par' dir='ltr' id='par_1_12' title="bbox 363 1258 1954 1331">
     <span class='ocr_line' id='line_1_12' title="bbox 363 1258 1954 1331; baseline -0.003 -15"><span class='ocrx_word' id='word_1_92' title='bbox 363 1275 468 1317; x_wconf 86' lang='lat' dir='ltr'><strong>nec</strong></span> <span class='ocrx_word' id='word_1_93' title='bbox 514 1260 674 1331; x_wconf 84' lang='lat' dir='ltr'><strong>hujus</strong></span> <span class='ocrx_word' id='word_1_94' title='bbox 711 1270 917 1314; x_wconf 83' lang='lat' dir='ltr'><strong>tantum</strong></span> <span class='ocrx_word' id='word_1_95' title='bbox 954 1261 1094 1314; x_wconf 86' lang='lat' dir='ltr'><strong>Deus</strong></span> <span class='ocrx_word' id='word_1_96' title='bbox 1140 1272 1245 1315; x_wconf 75' lang='lat' dir='ltr'><strong>est.</strong></span> <span class='ocrx_word' id='word_1_97' title='bbox 1278 1260 1409 1313; x_wconf 82' lang='lat' dir='ltr'><strong>item</strong></span> <span class='ocrx_word' id='word_1_98' title='bbox 1468 1258 1608 1312; x_wconf 59' lang='lat' dir='ltr'><strong>Dens</strong></span> <span class='ocrx_word' id='word_1_99' title='bbox 1655 1258 1954 1312; x_wconf 75' lang='lat' dir='ltr'><strong>Alirahanii</strong></span> 
     </span>
    </p>
   </div>
   <div class='ocr_carea' id='block_1_13' title="bbox 365 1351 1956 1410">
    <p class='ocr_par' dir='ltr' id='par_1_13' title="bbox 365 1351 1956 1410">
     <span class='ocr_line' id='line_1_13' title="bbox 365 1351 1956 1410; baseline -0.004 0"><span class='ocrx_word' id='word_1_100' title='bbox 365 1362 420 1410; x_wconf 87' lang='lat' dir='ltr'><strong>et</strong></span> <span class='ocrx_word' id='word_1_101' title='bbox 452 1351 605 1409; x_wconf 81' lang='lat' dir='ltr'><strong>Isaae</strong></span> <span class='ocrx_word' id='word_1_102' title='bbox 643 1362 698 1407; x_wconf 90' lang='lat' dir='ltr'><strong>et</strong></span> <span class='ocrx_word' id='word_1_103' title='bbox 743 1351 913 1407; x_wconf 83' lang='lat' dir='ltr'><strong>Jacob</strong></span> <span class='ocrx_word' id='word_1_104' title='bbox 944 1353 1146 1407; x_wconf 86' lang='lat' dir='ltr'><strong>dicitur</strong></span> <span class='ocrx_word' id='word_1_105' title='bbox 1180 1370 1195 1409; x_wconf 88' lang='lat'>:</span> <span class='ocrx_word' id='word_1_106' title='bbox 1236 1369 1343 1406; x_wconf 91' lang='lat' dir='ltr'><strong>non</strong></span> <span class='ocrx_word' id='word_1_107' title='bbox 1377 1361 1558 1406; x_wconf 82' lang='lat' dir='ltr'><strong>tamen</strong></span> <span class='ocrx_word' id='word_1_108' title='bbox 1593 1352 1807 1406; x_wconf 74' lang='lat' dir='ltr'><strong>illorum</strong></span> <span class='ocrx_word' id='word_1_109' title='bbox 1836 1362 1956 1405; x_wconf 80' lang='lat' dir='ltr'><strong>tan-</strong></span> 
     </span>
    </p>
   </div>
   <div class='ocr_carea' id='block_1_14' title="bbox 370 1444 1955 1517">
    <p class='ocr_par' dir='ltr' id='par_1_14' title="bbox 370 1444 1955 1517">
     <span class='ocr_line' id='line_1_14' title="bbox 370 1444 1955 1517; baseline -0.001 -16"><span class='ocrx_word' id='word_1_110' title='bbox 370 1456 481 1501; x_wconf 84' lang='lat' dir='ltr'><strong>tum</strong></span> <span class='ocrx_word' id='word_1_111' title='bbox 524 1446 667 1502; x_wconf 86' lang='lat' dir='ltr'><strong>Deus</strong></span> <span class='ocrx_word' id='word_1_112' title='bbox 698 1457 803 1514; x_wconf 89' lang='lat' dir='ltr'><strong>est,</strong></span> <span class='ocrx_word' id='word_1_113' title='bbox 835 1444 932 1501; x_wconf 90' lang='lat' dir='ltr'><strong>scd</strong></span> <span class='ocrx_word' id='word_1_114' title='bbox 969 1446 1132 1500; x_wconf 89' lang='lat' dir='ltr'><strong>etiam</strong></span> <span class='ocrx_word' id='word_1_115' title='bbox 1164 1449 1427 1501; x_wconf 89' lang='lat' dir='ltr'><strong>omnium.</strong></span> <span class='ocrx_word' id='word_1_116' title='bbox 1465 1446 1602 1514; x_wconf 84' lang='lat' dir='ltr'><strong>Quid</strong></span> <span class='ocrx_word' id='word_1_117' title='bbox 1641 1446 1805 1517; x_wconf 86' lang='lat' dir='ltr'><strong>igitur</strong></span> <span class='ocrx_word' id='word_1_118' title='bbox 1833 1446 1955 1500; x_wconf 73' lang='lat' dir='ltr'><strong>novi</strong></span> 
     </span>
    </p>
   </div>
   <div class='ocr_carea' id='block_1_15' title="bbox 367 1538 1955 1610">
    <p class='ocr_par' dir='ltr' id='par_1_15' title="bbox 367 1538 1955 1610">
     <span class='ocr_line' id='line_1_15' title="bbox 367 1538 1955 1610; baseline -0.003 -13"><span class='ocrx_word' id='word_1_119' title='bbox 367 1553 475 1608; x_wconf 88' lang='lat' dir='ltr'><strong>est,</strong></span> <span class='ocrx_word' id='word_1_120' title='bbox 511 1541 556 1598; x_wconf 89' lang='lat' dir='ltr'><strong>si</strong></span> <span class='ocrx_word' id='word_1_121' title='bbox 597 1541 797 1597; x_wconf 85' lang='lat' dir='ltr'><strong>Paulus</strong></span> <span class='ocrx_word' id='word_1_122' title='bbox 851 1552 1155 1610; x_wconf 75' lang='lat' dir='ltr'><strong>Opportune</strong></span> <span class='ocrx_word' id='word_1_123' title='bbox 1196 1540 1308 1608; x_wconf 82' lang='lat' dir='ltr'><strong>jam</strong></span> <span class='ocrx_word' id='word_1_124' title='bbox 1366 1556 1507 1593; x_wconf 85' lang='lat' dir='ltr'><strong>nunc</strong></span> <span class='ocrx_word' id='word_1_125' title='bbox 1560 1541 1732 1608; x_wconf 87' lang='lat' dir='ltr'><strong>ipsum</strong></span> <span class='ocrx_word' id='word_1_126' title='bbox 1786 1538 1955 1593; x_wconf 84' lang='lat' dir='ltr'><strong>Deum</strong></span> 
     </span>
    </p>
   </div>
   <div class='ocr_carea' id='block_1_16' title="bbox 369 1632 1959 1706">
    <p class='ocr_par' dir='ltr' id='par_1_16' title="bbox 369 1632 1959 1706">
     <span class='ocr_line' id='line_1_16' title="bbox 369 1632 1959 1706; baseline -0.003 -16"><span class='ocrx_word' id='word_1_127' title='bbox 369 1633 535 1706; x_wconf 86' lang='lat' dir='ltr'><strong>hujus</strong></span> <span class='ocrx_word' id='word_1_128' title='bbox 565 1634 749 1689; x_wconf 70' lang='lat' dir='ltr'><strong>saeculi</strong></span> <span class='ocrx_word' id='word_1_129' title='bbox 780 1634 1040 1704; x_wconf 82' lang='lat' dir='ltr'><strong>appellat,</strong></span> <span class='ocrx_word' id='word_1_130' title='bbox 1074 1649 1181 1703; x_wconf 80' lang='lat' dir='ltr'><strong>quo</strong></span> <span class='ocrx_word' id='word_1_131' title='bbox 1214 1633 1385 1702; x_wconf 83' lang='lat' dir='ltr'><strong>magis</strong></span> <span class='ocrx_word' id='word_1_132' title='bbox 1421 1634 1671 1685; x_wconf 66' lang='lat' dir='ltr'><strong>Ostendat</strong></span> <span class='ocrx_word' id='word_1_133' title='bbox 1700 1632 1959 1686; x_wconf 84' lang='lat' dir='ltr'><strong>incredu-</strong></span> 
     </span>
    </p>
   </div>
   <div class='ocr_carea' id='block_1_17' title="bbox 370 1723 1958 1797">
    <p class='ocr_par' dir='ltr' id='par_1_17' title="bbox 370 1723 1958 1797">
     <span class='ocr_line' id='line_1_17' title="bbox 370 1723 1958 1797; baseline -0.003 -17"><span class='ocrx_word' id='word_1_134' title='bbox 370 1726 461 1788; x_wconf 82' lang='lat' dir='ltr'><strong>lis.</strong></span> <span class='ocrx_word' id='word_1_135' title='bbox 510 1726 656 1797; x_wconf 80' lang='lat' dir='ltr'><strong>quod</strong></span> <span class='ocrx_word' id='word_1_136' title='bbox 689 1727 853 1781; x_wconf 84' lang='lat' dir='ltr'><strong>etiam</strong></span> <span class='ocrx_word' id='word_1_137' title='bbox 896 1741 961 1780; x_wconf 88' lang='lat' dir='ltr'><strong>ea</strong></span> <span class='ocrx_word' id='word_1_138' title='bbox 994 1742 1112 1795; x_wconf 76' lang='lat' dir='ltr'><strong>qua:</strong></span> <span class='ocrx_word' id='word_1_139' title='bbox 1156 1726 1428 1786; x_wconf 64' lang='lat' dir='ltr'><strong>ridentur,</strong></span> <span class='ocrx_word' id='word_1_140' title='bbox 1465 1724 1580 1794; x_wconf 84' lang='lat' dir='ltr'><strong>ipse</strong></span> <span class='ocrx_word' id='word_1_141' title='bbox 1633 1723 1958 1788; x_wconf 88' lang='lat' dir='ltr'><strong>condiderit,</strong></span> 
     </span>
    </p>
   </div>
   <div class='ocr_carea' id='block_1_18' title="bbox 370 1817 1960 1889">
    <p class='ocr_par' dir='ltr' id='par_1_18' title="bbox 370 1817 1960 1889">
     <span class='ocr_line' id='line_1_18' title="bbox 370 1817 1960 1889; baseline -0.004 -14"><span class='ocrx_word' id='word_1_142' title='bbox 370 1834 436 1875; x_wconf 78' lang='lat' dir='ltr'><strong>ex</strong></span> <span class='ocrx_word' id='word_1_143' title='bbox 470 1820 665 1889; x_wconf 85' lang='lat' dir='ltr'><strong>quibus</strong></span> <span class='ocrx_word' id='word_1_144' title='bbox 701 1819 804 1889; x_wconf 84' lang='lat' dir='ltr'><strong>ipsi</strong></span> <span class='ocrx_word' id='word_1_145' title='bbox 857 1818 1188 1887; x_wconf 76' lang='lat' dir='ltr'><strong>Voluptatem</strong></span> <span class='ocrx_word' id='word_1_146' title='bbox 1236 1817 1513 1886; x_wconf 76' lang='lat' dir='ltr'><strong>capientes</strong></span> <span class='ocrx_word' id='word_1_147' title='bbox 1543 1818 1721 1886; x_wconf 88' lang='lat' dir='ltr'><strong>ipsum</strong></span> <span class='ocrx_word' id='word_1_148' title='bbox 1767 1817 1960 1871; x_wconf 91' lang='lat' dir='ltr'><strong>condi-</strong></span> 
     </span>
    </p>
   </div>
   <div class='ocr_carea' id='block_1_19' title="bbox 372 1908 1957 1977">
    <p class='ocr_par' dir='ltr' id='par_1_19' title="bbox 372 1908 1957 1977">
     <span class='ocr_line' id='line_1_19' title="bbox 372 1908 1957 1977; baseline -0.003 -10"><span class='ocrx_word' id='word_1_149' title='bbox 372 1924 547 1968; x_wconf 87' lang='lat' dir='ltr'><strong>torem</strong></span> <span class='ocrx_word' id='word_1_150' title='bbox 579 1911 718 1966; x_wconf 86' lang='lat' dir='ltr'><strong>nihil</strong></span> <span class='ocrx_word' id='word_1_151' title='bbox 748 1911 991 1966; x_wconf 82' lang='lat' dir='ltr'><strong>faciunt?</strong></span> <span class='ocrx_word' id='word_1_152' title='bbox 1019 1908 1157 1977; x_wconf 82' lang='lat' dir='ltr'><strong>Quin</strong></span> <span class='ocrx_word' id='word_1_153' title='bbox 1189 1919 1241 1963; x_wconf 89' lang='lat' dir='ltr'><strong>et</strong></span> <span class='ocrx_word' id='word_1_154' title='bbox 1275 1912 1341 1962; x_wconf 86' lang='lat' dir='ltr'><strong>ad</strong></span> <span class='ocrx_word' id='word_1_155' title='bbox 1368 1910 1512 1962; x_wconf 84' lang='lat' dir='ltr'><strong>hunc</strong></span> <span class='ocrx_word' id='word_1_156' title='bbox 1542 1911 1705 1964; x_wconf 89' lang='lat' dir='ltr'><strong>etiam</strong></span> <span class='ocrx_word' id='word_1_157' title='bbox 1740 1912 1957 1965; x_wconf 90' lang='lat' dir='ltr'><strong>modum</strong></span> 
     </span>
    </p>
   </div>
   <div class='ocr_carea' id='block_1_20' title="bbox 375 2001 1960 2076">
    <p class='ocr_par' dir='ltr' id='par_1_20' title="bbox 375 2001 1960 2076">
     <span class='ocr_line' id='line_1_20' title="bbox 375 2001 1960 2076; baseline -0.004 -13"><span class='ocrx_word' id='word_1_158' title='bbox 375 2007 465 2063; x_wconf 89' lang='lat' dir='ltr'><strong>hic</strong></span> <span class='ocrx_word' id='word_1_159' title='bbox 525 2007 676 2061; x_wconf 74' lang='lat' dir='ltr'><strong>locus</strong></span> <span class='ocrx_word' id='word_1_160' title='bbox 727 2014 810 2060; x_wconf 90' lang='lat' dir='ltr'><strong>est</strong></span> <span class='ocrx_word' id='word_1_161' title='bbox 858 2004 1120 2076; x_wconf 83' lang='lat' dir='ltr'><strong>legendus</strong></span> <span class='ocrx_word' id='word_1_162' title='bbox 1161 2022 1174 2058; x_wconf 89' lang='lat'><strong>:</strong></span> <span class='ocrx_word' id='word_1_163' title='bbox 1220 2001 1519 2056; x_wconf 84' lang='lat' dir='ltr'><strong>lnlideliuin</strong></span> <span class='ocrx_word' id='word_1_164' title='bbox 1572 2001 1730 2072; x_wconf 84' lang='lat' dir='ltr'><strong>hujus</strong></span> <span class='ocrx_word' id='word_1_165' title='bbox 1778 2003 1960 2058; x_wconf 60' lang='lat' dir='ltr'><strong>sa&#39;culi</strong></span> 
     </span>
    </p>
   </div>
   <div class='ocr_carea' id='block_1_21' title="bbox 376 2094 1963 2165">
    <p class='ocr_par' dir='ltr' id='par_1_21' title="bbox 376 2094 1963 2165">
     <span class='ocr_line' id='line_1_21' title="bbox 376 2094 1963 2165; baseline -0.003 -11"><span class='ocrx_word' id='word_1_166' title='bbox 376 2108 588 2154; x_wconf 86' lang='lat' dir='ltr'><strong>mentes</strong></span> <span class='ocrx_word' id='word_1_167' title='bbox 615 2098 935 2165; x_wconf 65' lang='lat' dir='ltr'><strong>excmcavit,</strong></span> <span class='ocrx_word' id='word_1_168' title='bbox 969 2094 1214 2150; x_wconf 88' lang='lat' dir='ltr'><strong>futurum</strong></span> <span class='ocrx_word' id='word_1_169' title='bbox 1250 2096 1395 2149; x_wconf 90' lang='lat' dir='ltr'><strong>enim</strong></span> <span class='ocrx_word' id='word_1_170' title='bbox 1427 2095 1684 2149; x_wconf 67' lang='lat' dir='ltr'><strong>saeculum</strong></span> <span class='ocrx_word' id='word_1_171' title='bbox 1721 2095 1963 2150; x_wconf 83' lang='lat' dir='ltr'><strong>infideles</strong></span> 
     </span>
    </p>
   </div>
   <div class='ocr_carea' id='block_1_22' title="bbox 379 2185 1962 2256">
    <p class='ocr_par' dir='ltr' id='par_1_22' title="bbox 379 2185 1962 2256">
     <span class='ocr_line' id='line_1_22' title="bbox 379 2185 1962 2256; baseline -0.003 -11"><span class='ocrx_word' id='word_1_172' title='bbox 379 2207 484 2246; x_wconf 89' lang='lat' dir='ltr'><strong>non</strong></span> <span class='ocrx_word' id='word_1_173' title='bbox 519 2191 700 2246; x_wconf 81' lang='lat' dir='ltr'><strong>habet.</strong></span> <span class='ocrx_word' id='word_1_174' title='bbox 739 2188 877 2256; x_wconf 82' lang='lat' dir='ltr'><strong>Quid</strong></span> <span class='ocrx_word' id='word_1_175' title='bbox 925 2204 1050 2242; x_wconf 73' lang='grc' dir='ltr'>νει-υ</span> <span class='ocrx_word' id='word_1_176' title='bbox 1077 2198 1163 2242; x_wconf 81' lang='grc' dir='ltr'>εει</span> <span class='ocrx_word' id='word_1_177' title='bbox 1200 2205 1219 2240; x_wconf 87' lang='grc' dir='ltr'><strong>ι</strong></span> <span class='ocrx_word' id='word_1_178' title='bbox 1261 2185 1614 2243; x_wconf 69' lang='lat' dir='ltr'><strong>Excaacavlt?</strong></span> <span class='ocrx_word' id='word_1_179' title='bbox 1655 2205 1673 2239; x_wconf 80' lang='grc' dir='ltr'><strong>ι</strong></span> <span class='ocrx_word' id='word_1_180' title='bbox 1709 2186 1822 2243; x_wconf 82' lang='lat' dir='ltr'><strong>lloc</strong></span> <span class='ocrx_word' id='word_1_181' title='bbox 1858 2198 1962 2255; x_wconf 89' lang='lat' dir='ltr'><strong>est,</strong></span> 
     </span>
    </p>
   </div>
   <div class='ocr_carea' id='block_1_23' title="bbox 379 2280 1963 2352">
    <p class='ocr_par' dir='ltr' id='par_1_23' title="bbox 379 2280 1963 2352">
     <span class='ocr_line' id='line_1_23' title="bbox 379 2280 1963 2352; baseline 0 -19"><span class='ocrx_word' id='word_1_182' title='bbox 379 2284 624 2352; x_wconf 82' lang='lat' dir='ltr'><strong>permisit</strong></span> <span class='ocrx_word' id='word_1_183' title='bbox 660 2282 741 2337; x_wconf 88' lang='lat' dir='ltr'><strong>eis</strong></span> <span class='ocrx_word' id='word_1_184' title='bbox 783 2281 947 2336; x_wconf 68' lang='lat' dir='ltr'><strong>caecis</strong></span> <span class='ocrx_word' id='word_1_185' title='bbox 990 2295 1131 2345; x_wconf 90' lang='lat' dir='ltr'><strong>esse,</strong></span> <span class='ocrx_word' id='word_1_186' title='bbox 1182 2280 1642 2350; x_wconf 79' lang='lat' dir='ltr'><strong>quemadmodum</strong></span> <span class='ocrx_word' id='word_1_187' title='bbox 1698 2289 1755 2334; x_wconf 91' lang='lat' dir='ltr'><strong>et</strong></span> <span class='ocrx_word' id='word_1_188' title='bbox 1809 2281 1963 2345; x_wconf 90' lang='lat' dir='ltr'><strong>illud,</strong></span> 
     </span>
    </p>
   </div>
   <div class='ocr_carea' id='block_1_24' title="bbox 389 2368 1959 2441">
    <p class='ocr_par' dir='ltr' id='par_1_24' title="bbox 389 2368 1959 2441">
     <span class='ocr_line' id='line_1_24' title="bbox 389 2368 1959 2441; baseline -0.002 -15"><span class='ocrx_word' id='word_1_189' title='bbox 389 2391 407 2426; x_wconf 84' lang='grc' dir='ltr'><strong>ι</strong></span> <span class='ocrx_word' id='word_1_190' title='bbox 462 2370 712 2426; x_wconf 74' lang='lat' dir='ltr'><strong>Tradidit</strong></span> <span class='ocrx_word' id='word_1_191' title='bbox 761 2388 862 2426; x_wconf 83' lang='lat' dir='ltr'><strong>eos</strong></span> <span class='ocrx_word' id='word_1_192' title='bbox 916 2372 1057 2427; x_wconf 85' lang='lat' dir='ltr'><strong>Deus</strong></span> <span class='ocrx_word' id='word_1_193' title='bbox 1105 2372 1157 2423; x_wconf 92' lang='lat' dir='ltr'><strong>in</strong></span> <span class='ocrx_word' id='word_1_194' title='bbox 1205 2368 1435 2425; x_wconf 78' lang='lat' dir='ltr'><strong>aﬂ&#39;ectus</strong></span> <span class='ocrx_word' id='word_1_195' title='bbox 1481 2369 1791 2441; x_wconf 65' lang='lat' dir='ltr'><strong>ignominiae</strong></span> <span class='ocrx_word' id='word_1_196' title='bbox 1834 2370 1879 2426; x_wconf 69' lang='grc' dir='ltr'>θ.</span> <span class='ocrx_word' id='word_1_197' title='bbox 1939 2389 1959 2423; x_wconf 76' lang='grc' dir='ltr'><strong>ι</strong></span> 
     </span>
    </p>
   </div>
   <div class='ocr_carea' id='block_1_25' title="bbox 381 2464 1965 2537">
    <p class='ocr_par' dir='ltr' id='par_1_25' title="bbox 381 2464 1965 2537">
     <span class='ocr_line' id='line_1_25' title="bbox 381 2464 1965 2537; baseline -0.003 -14"><span class='ocrx_word' id='word_1_198' title='bbox 381 2467 751 2537; x_wconf 79' lang='lat' dir='ltr'><strong>Posteaquam</strong></span> <span class='ocrx_word' id='word_1_199' title='bbox 784 2466 930 2519; x_wconf 90' lang='lat' dir='ltr'><strong>enim</strong></span> <span class='ocrx_word' id='word_1_200' title='bbox 985 2465 1296 2520; x_wconf 85' lang='lat' dir='ltr'><strong>resilierunt</strong></span> <span class='ocrx_word' id='word_1_201' title='bbox 1344 2468 1412 2519; x_wconf 89' lang='lat' dir='ltr'><strong>ab</strong></span> <span class='ocrx_word' id='word_1_202' title='bbox 1461 2479 1549 2528; x_wconf 86' lang='lat' dir='ltr'><strong>eo,</strong></span> <span class='ocrx_word' id='word_1_203' title='bbox 1595 2464 1806 2519; x_wconf 78' lang='lat' dir='ltr'><strong>dimisit</strong></span> <span class='ocrx_word' id='word_1_204' title='bbox 1850 2480 1965 2529; x_wconf 89' lang='lat' dir='ltr'><strong>eos,</strong></span> 
     </span>
    </p>
   </div>
   <div class='ocr_carea' id='block_1_26' title="bbox 393 2557 1968 2632">
    <p class='ocr_par' dir='ltr' id='par_1_26' title="bbox 393 2557 1968 2632">
     <span class='ocr_line' id='line_1_26' title="bbox 393 2557 1968 2632; baseline -0.004 -15"><span class='ocrx_word' id='word_1_205' title='bbox 393 2561 613 2632; x_wconf 77' lang='lat' dir='ltr'><strong>reliquit</strong></span> <span class='ocrx_word' id='word_1_206' title='bbox 651 2573 786 2625; x_wconf 89' lang='lat' dir='ltr'><strong>eos;</strong></span> <span class='ocrx_word' id='word_1_207' title='bbox 821 2575 924 2613; x_wconf 89' lang='lat' dir='ltr'><strong>non</strong></span> <span class='ocrx_word' id='word_1_208' title='bbox 968 2561 1113 2615; x_wconf 87' lang='lat' dir='ltr'><strong>enim</strong></span> <span class='ocrx_word' id='word_1_209' title='bbox 1151 2560 1296 2628; x_wconf 75' lang='lat' dir='ltr'><strong>cogit</strong></span> <span class='ocrx_word' id='word_1_210' title='bbox 1326 2558 1392 2611; x_wconf 92' lang='lat' dir='ltr'><strong>ad</strong></span> <span class='ocrx_word' id='word_1_211' title='bbox 1428 2558 1678 2613; x_wconf 84' lang='lat' dir='ltr'><strong>salutem.</strong></span> <span class='ocrx_word' id='word_1_212' title='bbox 1728 2557 1968 2613; x_wconf 76' lang='lat' dir='ltr'><strong>Observa</strong></span> 
     </span>
    </p>
   </div>
   <div class='ocr_carea' id='block_1_27' title="bbox 385 2649 1968 2719">
    <p class='ocr_par' dir='ltr' id='par_1_27' title="bbox 385 2649 1968 2719">
     <span class='ocr_line' id='line_1_27' title="bbox 385 2649 1968 2719; baseline -0.003 -13"><span class='ocrx_word' id='word_1_213' title='bbox 385 2660 566 2707; x_wconf 89' lang='lat' dir='ltr'><strong>autem</strong></span> <span class='ocrx_word' id='word_1_214' title='bbox 595 2650 741 2719; x_wconf 87' lang='lat' dir='ltr'><strong>quod</strong></span> <span class='ocrx_word' id='word_1_215' title='bbox 770 2665 874 2705; x_wconf 91' lang='lat' dir='ltr'><strong>non</strong></span> <span class='ocrx_word' id='word_1_216' title='bbox 903 2650 1122 2715; x_wconf 70' lang='lat' dir='ltr'><strong>dixerit,</strong></span> <span class='ocrx_word' id='word_1_217' title='bbox 1151 2649 1457 2704; x_wconf 71' lang='lat' dir='ltr'><strong>Excaecavit</strong></span> <span class='ocrx_word' id='word_1_218' title='bbox 1487 2659 1549 2704; x_wconf 92' lang='lat' dir='ltr'><strong>ut</strong></span> <span class='ocrx_word' id='word_1_219' title='bbox 1581 2664 1688 2704; x_wconf 91' lang='lat' dir='ltr'><strong>non</strong></span> <span class='ocrx_word' id='word_1_220' title='bbox 1722 2651 1968 2716; x_wconf 86' lang='lat' dir='ltr'><strong>credant,</strong></span> 
     </span>
    </p>
   </div>
   <div class='ocr_carea' id='block_1_28' title="bbox 389 2723 1973 2812">
    <p class='ocr_par' dir='ltr' id='par_1_28' title="bbox 389 2723 1973 2812">
     <span class='ocr_line' id='line_1_28' title="bbox 389 2723 1973 2812; baseline -0.001 -15"><span class='ocrx_word' id='word_1_221' title='bbox 389 2742 509 2809; x_wconf 87' lang='lat' dir='ltr'><strong>sed,</strong></span> <span class='ocrx_word' id='word_1_222' title='bbox 547 2723 609 2796; x_wconf 73' lang='lat' dir='ltr'><strong>ut</strong></span> <span class='ocrx_word' id='word_1_223' title='bbox 639 2742 852 2810; x_wconf 89' lang='lat' dir='ltr'><strong>profani</strong></span> <span class='ocrx_word' id='word_1_224' title='bbox 884 2740 1025 2795; x_wconf 86' lang='lat' dir='ltr'><strong>oeuli</strong></span> <span class='ocrx_word' id='word_1_225' title='bbox 1057 2756 1165 2793; x_wconf 89' lang='lat' dir='ltr'><strong>non</strong></span> <span class='ocrx_word' id='word_1_226' title='bbox 1198 2742 1412 2795; x_wconf 62' lang='lat' dir='ltr'><strong>iideaut</strong></span> <span class='ocrx_word' id='word_1_227' title='bbox 1464 2741 1804 2810; x_wconf 80' lang='lat' dir='ltr'><strong>Splendorem</strong></span> <span class='ocrx_word' id='word_1_228' title='bbox 1854 2742 1973 2812; x_wconf 88' lang='lat' dir='ltr'><strong>glo-</strong></span> 
     </span>
    </p>
   </div>
   <div class='ocr_carea' id='block_1_29' title="bbox 387 2831 1973 2904">
    <p class='ocr_par' dir='ltr' id='par_1_29' title="bbox 387 2831 1973 2904">
     <span class='ocr_line' id='line_1_29' title="bbox 387 2831 1973 2904; baseline -0.001 -15"><span class='ocrx_word' id='word_1_229' title='bbox 387 2835 483 2890; x_wconf 70' lang='lat' dir='ltr'><strong>ria:</strong></span> <span class='ocrx_word' id='word_1_230' title='bbox 548 2833 781 2889; x_wconf 72' lang='lat' dir='ltr'><strong>Chrisﬁ.</strong></span> <span class='ocrx_word' id='word_1_231' title='bbox 834 2831 1101 2902; x_wconf 82' lang='lat' dir='ltr'><strong>Splendor</strong></span> <span class='ocrx_word' id='word_1_232' title='bbox 1153 2844 1331 2886; x_wconf 88' lang='lat' dir='ltr'><strong>autem</strong></span> <span class='ocrx_word' id='word_1_233' title='bbox 1385 2843 1490 2896; x_wconf 89' lang='lat' dir='ltr'><strong>est,</strong></span> <span class='ocrx_word' id='word_1_234' title='bbox 1543 2833 1770 2888; x_wconf 87' lang='lat' dir='ltr'><strong>credere</strong></span> <span class='ocrx_word' id='word_1_235' title='bbox 1829 2833 1973 2904; x_wconf 87' lang='lat' dir='ltr'><strong>quod</strong></span> 
     </span>
    </p>
   </div>
   <div class='ocr_carea' id='block_1_30' title="bbox 386 2926 1974 2997">
    <p class='ocr_par' dir='ltr' id='par_1_30' title="bbox 386 2926 1974 2997">
     <span class='ocr_line' id='line_1_30' title="bbox 386 2926 1974 2997; baseline 0.001 -17"><span class='ocrx_word' id='word_1_236' title='bbox 386 2926 684 2981; x_wconf 79' lang='lat' dir='ltr'><strong>cruciﬁxus</strong></span> <span class='ocrx_word' id='word_1_237' title='bbox 715 2926 805 2991; x_wconf 76' lang='lat' dir='ltr'><strong>sit,</strong></span> <span class='ocrx_word' id='word_1_238' title='bbox 838 2927 981 2996; x_wconf 90' lang='lat' dir='ltr'><strong>quod</strong></span> <span class='ocrx_word' id='word_1_239' title='bbox 1011 2926 1062 2978; x_wconf 90' lang='lat' dir='ltr'><strong>in</strong></span> <span class='ocrx_word' id='word_1_240' title='bbox 1099 2927 1294 2980; x_wconf 65' lang='lat' dir='ltr'><strong>malum</strong></span> <span class='ocrx_word' id='word_1_241' title='bbox 1328 2935 1577 2995; x_wconf 79' lang='lat' dir='ltr'><strong>receptus</strong></span> <span class='ocrx_word' id='word_1_242' title='bbox 1609 2927 1706 2991; x_wconf 87' lang='lat' dir='ltr'><strong>sit,</strong></span> <span class='ocrx_word' id='word_1_243' title='bbox 1754 2936 1806 2983; x_wconf 90' lang='lat' dir='ltr'><strong>et</strong></span> <span class='ocrx_word' id='word_1_244' title='bbox 1831 2927 1974 2997; x_wconf 83' lang='lat' dir='ltr'><strong>quod</strong></span> 
     </span>
    </p>
   </div>
   <div class='ocr_carea' id='block_1_31' title="bbox 393 3018 1975 3090">
    <p class='ocr_par' dir='ltr' id='par_1_31' title="bbox 393 3018 1975 3090">
     <span class='ocr_line' id='line_1_31' title="bbox 393 3018 1975 3090; baseline 0.001 -17"><span class='ocrx_word' id='word_1_245' title='bbox 393 3019 576 3073; x_wconf 83' lang='lat' dir='ltr'><strong>futura</strong></span> <span class='ocrx_word' id='word_1_246' title='bbox 620 3018 778 3073; x_wconf 85' lang='lat' dir='ltr'><strong>nobis</strong></span> <span class='ocrx_word' id='word_1_247' title='bbox 823 3019 1049 3072; x_wconf 88' lang='lat' dir='ltr'><strong>daturus</strong></span> <span class='ocrx_word' id='word_1_248' title='bbox 1089 3019 1181 3072; x_wconf 90' lang='lat' dir='ltr'><strong>sit.</strong></span> <span class='ocrx_word' id='word_1_249' title='bbox 1233 3018 1697 3085; x_wconf 88' lang='lat' dir='ltr'><strong>Quemadmodum</strong></span> <span class='ocrx_word' id='word_1_250' title='bbox 1748 3021 1792 3073; x_wconf 85' lang='lat' dir='ltr'><strong>si</strong></span> <span class='ocrx_word' id='word_1_251' title='bbox 1850 3021 1975 3090; x_wconf 87' lang='lat' dir='ltr'><strong>quis</strong></span> 
     </span>
    </p>
   </div>
   <div class='ocr_carea' id='block_1_32' title="bbox 386 3109 1974 3179">
    <p class='ocr_par' dir='ltr' id='par_1_32' title="bbox 386 3109 1974 3179">
     <span class='ocr_line' id='line_1_32' title="bbox 386 3109 1974 3179; baseline 0.001 -14"><span class='ocrx_word' id='word_1_252' title='bbox 386 3109 686 3179; x_wconf 87' lang='lat' dir='ltr'><strong>ophtalmia</strong></span> <span class='ocrx_word' id='word_1_253' title='bbox 722 3110 1057 3165; x_wconf 83' lang='lat' dir='ltr'><strong>laborantem</strong></span> <span class='ocrx_word' id='word_1_254' title='bbox 1088 3110 1362 3176; x_wconf 78' lang='lat' dir='ltr'><strong>excludat,</strong></span> <span class='ocrx_word' id='word_1_255' title='bbox 1405 3120 1462 3163; x_wconf 91' lang='grc' dir='ltr'><strong>ιιι</strong></span> <span class='ocrx_word' id='word_1_256' title='bbox 1495 3112 1624 3166; x_wconf 90' lang='lat' dir='ltr'><strong>solis</strong></span> <span class='ocrx_word' id='word_1_257' title='bbox 1659 3113 1840 3168; x_wconf 84' lang='lat' dir='ltr'><strong>radios</strong></span> <span class='ocrx_word' id='word_1_258' title='bbox 1870 3128 1974 3167; x_wconf 87' lang='lat' dir='ltr'><strong>non</strong></span> 
     </span>
    </p>
   </div>
   <div class='ocr_carea' id='block_1_33' title="bbox 2052 682 3625 756">
    <p class='ocr_par' dir='ltr' id='par_1_33' title="bbox 2052 682 3625 756">
     <span class='ocr_line' id='line_1_33' title="bbox 2052 682 3625 756; baseline 0.003 -21"><span class='ocrx_word' id='word_1_259' title='bbox 2052 682 2327 736; x_wconf 76' lang='grc' dir='ltr'>Ἐνταῦθα</span> <span class='ocrx_word' id='word_1_260' title='bbox 2378 683 2479 754; x_wconf 80' lang='grc' dir='ltr'>μὲν</span> <span class='ocrx_word' id='word_1_261' title='bbox 2521 687 2571 737; x_wconf 79' lang='lat' dir='ltr'><strong>ot</strong></span> <span class='ocrx_word' id='word_1_262' title='bbox 2621 684 3050 754; x_wconf 74' lang='grc' dir='ltr'>Μαρκιωνισταὶ</span> <span class='ocrx_word' id='word_1_263' title='bbox 3099 683 3324 753; x_wconf 77' lang='grc' dir='ltr'>λέγουσι</span> <span class='ocrx_word' id='word_1_264' title='bbox 3370 686 3499 756; x_wconf 71' lang='grc' dir='ltr'>περὶ</span> <span class='ocrx_word' id='word_1_265' title='bbox 3539 687 3625 740; x_wconf 85' lang='grc' dir='ltr'>τοῦ</span> 
     </span>
    </p>
   </div>
   <div class='ocr_carea' id='block_1_34' title="bbox 2054 776 3628 849">
    <p class='ocr_par' dir='ltr' id='par_1_34' title="bbox 2054 776 3628 849">
     <span class='ocr_line' id='line_1_34' title="bbox 2054 776 3628 849; baseline 0.003 -22"><span class='ocrx_word' id='word_1_266' title='bbox 2054 776 2404 846; x_wconf 76' lang='grc' dir='ltr'>Δημιουργοῦ</span> <span class='ocrx_word' id='word_1_267' title='bbox 2430 777 2607 830; x_wconf 86' lang='grc' dir='ltr'>ταῦτα</span> <span class='ocrx_word' id='word_1_268' title='bbox 2637 777 2913 849; x_wconf 75' lang='grc' dir='ltr'>εἰρῆσθαι,</span> <span class='ocrx_word' id='word_1_269' title='bbox 2948 776 3008 829; x_wconf 76' lang='grc' dir='ltr'>ὃν</span> <span class='ocrx_word' id='word_1_270' title='bbox 3041 776 3256 831; x_wconf 70' lang='grc' dir='ltr'>δίκατον</span> <span class='ocrx_word' id='word_1_271' title='bbox 3279 776 3502 846; x_wconf 78' lang='grc' dir='ltr'>λέγουσι</span> <span class='ocrx_word' id='word_1_272' title='bbox 3541 781 3628 832; x_wconf 71' lang='grc' dir='ltr'>καὶ</span> 
     </span>
    </p>
   </div>
   <div class='ocr_carea' id='block_1_35' title="bbox 2057 863 3629 941">
    <p class='ocr_par' dir='ltr' id='par_1_35' title="bbox 2057 863 3629 941">
     <span class='ocr_line' id='line_1_35' title="bbox 2057 863 3629 941; baseline 0.004 -22"><span class='ocrx_word' id='word_1_273' title='bbox 2057 870 2259 935; x_wconf 61' lang='grc' dir='ltr'>ἀγαθόν</span> <span class='ocrx_word' id='word_1_274' title='bbox 2282 886 2295 899; x_wconf 79' lang='grc' dir='ltr'>ο</span> <span class='ocrx_word' id='word_1_275' title='bbox 2328 871 2378 922; x_wconf 87' lang='grc' dir='ltr'>οἱ</span> <span class='ocrx_word' id='word_1_276' title='bbox 2413 869 2470 923; x_wconf 79' lang='grc' dir='ltr'><strong>δὲ</strong></span> <span class='ocrx_word' id='word_1_277' title='bbox 2504 863 2807 941; x_wconf 79' lang='grc' dir='ltr'>’Μανιχαῖοι</span> <span class='ocrx_word' id='word_1_278' title='bbox 2845 870 2975 941; x_wconf 71' lang='grc' dir='ltr'>περὶ</span> <span class='ocrx_word' id='word_1_279' title='bbox 3005 869 3100 923; x_wconf 87' lang='grc' dir='ltr'><strong>τοῦ</strong></span> <span class='ocrx_word' id='word_1_280' title='bbox 3131 869 3412 932; x_wconf 73' lang='grc' dir='ltr'><strong>διαϐόλου,</strong></span> <span class='ocrx_word' id='word_1_281' title='bbox 3445 869 3504 925; x_wconf 71' lang='grc' dir='ltr'>ὃν</span> <span class='ocrx_word' id='word_1_282' title='bbox 3544 873 3629 925; x_wconf 70' lang='grc' dir='ltr'><strong>καὶ</strong></span> 
     </span>
    </p>
   </div>
   <div class='ocr_carea' id='block_1_36' title="bbox 2056 964 3629 1036">
    <p class='ocr_par' dir='ltr' id='par_1_36' title="bbox 2056 964 3629 1036">
     <span class='ocr_line' id='line_1_36' title="bbox 2056 964 3629 1036; baseline 0.003 -23"><span class='ocrx_word' id='word_1_283' title='bbox 2056 964 2393 1033; x_wconf 74' lang='grc' dir='ltr'>δημιουργὸν</span> <span class='ocrx_word' id='word_1_284' title='bbox 2428 964 2583 1017; x_wconf 76' lang='grc' dir='ltr'>τοῦδε</span> <span class='ocrx_word' id='word_1_285' title='bbox 2624 964 2720 1017; x_wconf 89' lang='grc' dir='ltr'><strong>τοῦ</strong></span> <span class='ocrx_word' id='word_1_286' title='bbox 2749 965 2960 1033; x_wconf 74' lang='grc' dir='ltr'>κόσμου</span> <span class='ocrx_word' id='word_1_287' title='bbox 2994 964 3148 1033; x_wconf 73' lang='grc' dir='ltr'>φασί.</span> <span class='ocrx_word' id='word_1_288' title='bbox 3179 964 3328 1036; x_wconf 61' lang='grc' dir='ltr'>Πλὴν</span> <span class='ocrx_word' id='word_1_289' title='bbox 3361 964 3629 1035; x_wconf 50' lang='grc' dir='ltr'>ούδέτεῷν</span> 
     </span>
    </p>
   </div>
   <div class='ocr_carea' id='block_1_37' title="bbox 2058 1056 3629 1129">
    <p class='ocr_par' dir='ltr' id='par_1_37' title="bbox 2058 1056 3629 1129">
     <span class='ocr_line' id='line_1_37' title="bbox 2058 1056 3629 1129; baseline 0.003 -23"><span class='ocrx_word' id='word_1_290' title='bbox 2058 1058 2172 1107; x_wconf 76' lang='grc' dir='ltr'>ἐστι</span> <span class='ocrx_word' id='word_1_291' title='bbox 2225 1056 2452 1119; x_wconf 76' lang='grc' dir='ltr'>τούτων,</span> <span class='ocrx_word' id='word_1_292' title='bbox 2512 1057 2648 1110; x_wconf 77' lang='grc' dir='ltr'>ἀλλὰ</span> <span class='ocrx_word' id='word_1_293' title='bbox 2702 1060 2831 1129; x_wconf 73' lang='grc' dir='ltr'>περὶ</span> <span class='ocrx_word' id='word_1_294' title='bbox 2882 1056 2977 1111; x_wconf 81' lang='grc' dir='ltr'><strong>τοῦ</strong></span> <span class='ocrx_word' id='word_1_295' title='bbox 3031 1056 3168 1110; x_wconf 77' lang='grc' dir='ltr'>Θεοῦ</span> <span class='ocrx_word' id='word_1_296' title='bbox 3220 1058 3380 1128; x_wconf 74' lang='grc' dir='ltr'>ἡμῶν</span> <span class='ocrx_word' id='word_1_297' title='bbox 3426 1057 3629 1127; x_wconf 68' lang='grc' dir='ltr'>εἴρητςι</span> 
     </span>
    </p>
   </div>
   <div class='ocr_carea' id='block_1_38' title="bbox 2057 1148 3632 1220">
    <p class='ocr_par' dir='ltr' id='par_1_38' title="bbox 2057 1148 3632 1220">
     <span class='ocr_line' id='line_1_38' title="bbox 2057 1148 3632 1220; baseline 0.001 -19"><span class='ocrx_word' id='word_1_298' title='bbox 2057 1148 2237 1201; x_wconf 78' lang='grc' dir='ltr'>τοῦτο.</span> <span class='ocrx_word' id='word_1_299' title='bbox 2288 1150 2351 1202; x_wconf 85' lang='grc' dir='ltr'><strong>Εἰ</strong></span> <span class='ocrx_word' id='word_1_300' title='bbox 2384 1149 2438 1202; x_wconf 80' lang='grc' dir='ltr'><strong>δὲ</strong></span> <span class='ocrx_word' id='word_1_301' title='bbox 2466 1150 2664 1203; x_wconf 84' lang='grc' dir='ltr'>τούτου</span> <span class='ocrx_word' id='word_1_302' title='bbox 2694 1150 2788 1203; x_wconf 84' lang='grc' dir='ltr'><strong>τοῦ</strong></span> <span class='ocrx_word' id='word_1_303' title='bbox 2816 1150 3011 1213; x_wconf 74' lang='grc' dir='ltr'>αἰῶνος</span> <span class='ocrx_word' id='word_1_304' title='bbox 3045 1150 3178 1214; x_wconf 75' lang='grc' dir='ltr'>Θεὸς</span> <span class='ocrx_word' id='word_1_305' title='bbox 3210 1150 3450 1220; x_wconf 79' lang='grc' dir='ltr'>εἴρηται,</span> <span class='ocrx_word' id='word_1_306' title='bbox 3495 1150 3632 1203; x_wconf 63' lang='grc' dir='ltr'>οῦδὲν</span> 
     </span>
    </p>
   </div>
   <div class='ocr_carea' id='block_1_39' title="bbox 2060 1243 3633 1315">
    <p class='ocr_par' dir='ltr' id='par_1_39' title="bbox 2060 1243 3633 1315">
     <span class='ocr_line' id='line_1_39' title="bbox 2060 1243 3633 1315; baseline 0.002 -19"><span class='ocrx_word' id='word_1_307' title='bbox 2060 1244 2271 1309; x_wconf 72' lang='grc' dir='ltr'>καινὸν,</span> <span class='ocrx_word' id='word_1_308' title='bbox 2304 1243 2492 1313; x_wconf 69' lang='grc' dir='ltr'>ἐπειδὴ</span> <span class='ocrx_word' id='word_1_309' title='bbox 2535 1245 2630 1296; x_wconf 82' lang='grc' dir='ltr'><strong>καὶ</strong></span> <span class='ocrx_word' id='word_1_310' title='bbox 2673 1244 2809 1303; x_wconf 66' lang='grc' dir='ltr'>Θεὸς</span> <span class='ocrx_word' id='word_1_311' title='bbox 2844 1243 3081 1315; x_wconf 78' lang='grc' dir='ltr'>ούρανοῦ</span> <span class='ocrx_word' id='word_1_312' title='bbox 3122 1243 3382 1311; x_wconf 75' lang='grc' dir='ltr'>λέγεται·</span> <span class='ocrx_word' id='word_1_313' title='bbox 3418 1246 3633 1299; x_wconf 73' lang='grc' dir='ltr'>κα“ιόὖκ</span> 
     </span>
    </p>
   </div>
   <div class='ocr_carea' id='block_1_40' title="bbox 2060 1333 3634 1405">
    <p class='ocr_par' dir='ltr' id='par_1_40' title="bbox 2060 1333 3634 1405">
     <span class='ocr_line' id='line_1_40' title="bbox 2060 1333 3634 1405; baseline 0.002 -20"><span class='ocrx_word' id='word_1_314' title='bbox 2060 1333 2179 1385; x_wconf 80' lang='grc' dir='ltr'>ἔστι</span> <span class='ocrx_word' id='word_1_315' title='bbox 2228 1336 2422 1386; x_wconf 89' lang='grc' dir='ltr'>τούτου</span> <span class='ocrx_word' id='word_1_316' title='bbox 2483 1336 2647 1404; x_wconf 82' lang='grc' dir='ltr'>μόνου</span> <span class='ocrx_word' id='word_1_317' title='bbox 2702 1336 2870 1397; x_wconf 77' lang='grc' dir='ltr'>Θεόςο</span> <span class='ocrx_word' id='word_1_318' title='bbox 2932 1334 3029 1388; x_wconf 78' lang='grc' dir='ltr'><strong>καὶ</strong></span> <span class='ocrx_word' id='word_1_319' title='bbox 3078 1334 3211 1399; x_wconf 81' lang='grc' dir='ltr'>Θεὸς</span> <span class='ocrx_word' id='word_1_320' title='bbox 3257 1334 3515 1405; x_wconf 72' lang='grc' dir='ltr'>Ἀϐραὰμ</span> <span class='ocrx_word' id='word_1_321' title='bbox 3552 1338 3634 1388; x_wconf 67' lang='grc' dir='ltr'><strong>καὶ</strong></span> 
     </span>
    </p>
   </div>
   <div class='ocr_carea' id='block_1_41' title="bbox 2060 1426 3634 1497">
    <p class='ocr_par' dir='ltr' id='par_1_41' title="bbox 2060 1426 3634 1497">
     <span class='ocr_line' id='line_1_41' title="bbox 2060 1426 3634 1497; baseline 0.002 -18"><span class='ocrx_word' id='word_1_322' title='bbox 2060 1427 2251 1481; x_wconf 75' lang='grc' dir='ltr'>Ἰσαὰκ</span> <span class='ocrx_word' id='word_1_323' title='bbox 2279 1427 2373 1479; x_wconf 76' lang='grc' dir='ltr'><strong>καὶ</strong></span> <span class='ocrx_word' id='word_1_324' title='bbox 2396 1426 2596 1481; x_wconf 76' lang='grc' dir='ltr'>Ἰακώϐ</span> <span class='ocrx_word' id='word_1_325' title='bbox 2618 1444 2630 1457; x_wconf 73' lang='grc' dir='ltr'>ο</span> <span class='ocrx_word' id='word_1_326' title='bbox 2664 1427 2759 1481; x_wconf 75' lang='grc' dir='ltr'><strong>καὶ</strong></span> <span class='ocrx_word' id='word_1_327' title='bbox 2784 1428 2884 1481; x_wconf 74' lang='grc' dir='ltr'><strong>οὐκ</strong></span> <span class='ocrx_word' id='word_1_328' title='bbox 2907 1427 3135 1481; x_wconf 75' lang='grc' dir='ltr'>ἐκείνων</span> <span class='ocrx_word' id='word_1_329' title='bbox 3162 1428 3362 1497; x_wconf 80' lang='grc' dir='ltr'>μόνων,</span> <span class='ocrx_word' id='word_1_330' title='bbox 3393 1427 3531 1481; x_wconf 77' lang='grc' dir='ltr'>ἀλλὰ</span> <span class='ocrx_word' id='word_1_331' title='bbox 3555 1429 3634 1482; x_wconf 77' lang='grc' dir='ltr'>καὶ</span> 
     </span>
    </p>
   </div>
   <div class='ocr_carea' id='block_1_42' title="bbox 2063 1519 3635 1589">
    <p class='ocr_par' dir='ltr' id='par_1_42' title="bbox 2063 1519 3635 1589">
     <span class='ocr_line' id='line_1_42' title="bbox 2063 1519 3635 1589; baseline -0.001 -16"><span class='ocrx_word' id='word_1_332' title='bbox 2063 1522 2302 1575; x_wconf 82' lang='grc' dir='ltr'>πάντων.</span> <span class='ocrx_word' id='word_1_333' title='bbox 2328 1522 2393 1574; x_wconf 88' lang='grc' dir='ltr'>Τί</span> <span class='ocrx_word' id='word_1_334' title='bbox 2425 1521 2519 1574; x_wconf 80' lang='grc' dir='ltr'><strong>οὖν</strong></span> <span class='ocrx_word' id='word_1_335' title='bbox 2544 1522 2755 1581; x_wconf 77' lang='grc' dir='ltr'>καινὸν.</span> <span class='ocrx_word' id='word_1_336' title='bbox 2782 1523 2830 1574; x_wconf 85' lang='grc' dir='ltr'><strong>εί</strong></span> <span class='ocrx_word' id='word_1_337' title='bbox 2855 1523 2950 1574; x_wconf 72' lang='grc' dir='ltr'>καὶ</span> <span class='ocrx_word' id='word_1_338' title='bbox 2975 1521 3070 1574; x_wconf 87' lang='grc' dir='ltr'><strong>νῦν</strong></span> <span class='ocrx_word' id='word_1_339' title='bbox 3092 1522 3119 1574; x_wconf 80' lang='grc' dir='ltr'>ὁ</span> <span class='ocrx_word' id='word_1_340' title='bbox 3143 1519 3354 1583; x_wconf 78' lang='grc' dir='ltr'>Παῦλος</span> <span class='ocrx_word' id='word_1_341' title='bbox 3378 1520 3635 1589; x_wconf 78' lang='grc' dir='ltr'>εὐκαίρως</span> 
     </span>
    </p>
   </div>
   <div class='ocr_carea' id='block_1_43' title="bbox 2062 1612 3638 1687">
    <p class='ocr_par' dir='ltr' id='par_1_43' title="bbox 2062 1612 3638 1687">
     <span class='ocr_line' id='line_1_43' title="bbox 2062 1612 3638 1687; baseline -0.003 -17"><span class='ocrx_word' id='word_1_342' title='bbox 2062 1616 2346 1687; x_wconf 80' lang='grc' dir='ltr'><strong>ὠνόμασεν</strong></span> <span class='ocrx_word' id='word_1_343' title='bbox 2377 1615 2539 1668; x_wconf 77' lang='grc' dir='ltr'>αὐτὸν</span> <span class='ocrx_word' id='word_1_344' title='bbox 2573 1616 2709 1668; x_wconf 73' lang='grc' dir='ltr'>Θεὸν</span> <span class='ocrx_word' id='word_1_345' title='bbox 2738 1613 2933 1668; x_wconf 87' lang='grc' dir='ltr'>τούτου</span> <span class='ocrx_word' id='word_1_346' title='bbox 2984 1612 3079 1668; x_wconf 85' lang='grc' dir='ltr'><strong>τοῦ</strong></span> <span class='ocrx_word' id='word_1_347' title='bbox 3120 1614 3340 1681; x_wconf 83' lang='grc' dir='ltr'>αἰῶνος,</span> <span class='ocrx_word' id='word_1_348' title='bbox 3390 1614 3481 1668; x_wconf 81' lang='grc' dir='ltr'>ἵνα</span> <span class='ocrx_word' id='word_1_349' title='bbox 3518 1617 3638 1683; x_wconf 69' lang='grc' dir='ltr'>μᾶ).-</span> 
     </span>
    </p>
   </div>
   <div class='ocr_carea' id='block_1_44' title="bbox 2068 1707 3636 1780">
    <p class='ocr_par' dir='ltr' id='par_1_44' title="bbox 2068 1707 3636 1780">
     <span class='ocr_line' id='line_1_44' title="bbox 2068 1707 3636 1780; baseline 0.001 -18"><span class='ocrx_word' id='word_1_350' title='bbox 2068 1709 2161 1762; x_wconf 89' lang='grc' dir='ltr'><strong>λον</strong></span> <span class='ocrx_word' id='word_1_351' title='bbox 2196 1708 2345 1780; x_wconf 76' lang='grc' dir='ltr'>δείξῃ</span> <span class='ocrx_word' id='word_1_352' title='bbox 2387 1712 2502 1772; x_wconf 84' lang='grc' dir='ltr'>τοῖς</span> <span class='ocrx_word' id='word_1_353' title='bbox 2538 1708 2811 1771; x_wconf 77' lang='grc' dir='ltr'><strong>ἀπίστοις,</strong></span> <span class='ocrx_word' id='word_1_354' title='bbox 2848 1709 2932 1762; x_wconf 82' lang='grc' dir='ltr'><strong>ὅτι</strong></span> <span class='ocrx_word' id='word_1_355' title='bbox 2977 1707 3073 1762; x_wconf 80' lang='grc' dir='ltr'><strong>καὶ</strong></span> <span class='ocrx_word' id='word_1_356' title='bbox 3102 1707 3275 1762; x_wconf 84' lang='grc' dir='ltr'>ταῦτα</span> <span class='ocrx_word' id='word_1_357' title='bbox 3303 1707 3372 1761; x_wconf 72' lang='grc' dir='ltr'><strong>τὰ</strong></span> <span class='ocrx_word' id='word_1_358' title='bbox 3400 1708 3636 1778; x_wconf 77' lang='grc' dir='ltr'><strong>ὁρώμενα</strong></span> 
     </span>
    </p>
   </div>
   <div class='ocr_carea' id='block_1_45' title="bbox 2063 1796 3633 1872">
    <p class='ocr_par' dir='ltr' id='par_1_45' title="bbox 2063 1796 3633 1872">
     <span class='ocr_line' id='line_1_45' title="bbox 2063 1796 3633 1872; baseline -0.001 -16"><span class='ocrx_word' id='word_1_359' title='bbox 2063 1803 2229 1866; x_wconf 75' lang='grc' dir='ltr'>αὐτὸς</span> <span class='ocrx_word' id='word_1_360' title='bbox 2267 1803 2549 1872; x_wconf 74' lang='grc' dir='ltr'>ἐποίησεν,</span> <span class='ocrx_word' id='word_1_361' title='bbox 2585 1796 2668 1865; x_wconf 77' lang='grc' dir='ltr'>οἷς</span> <span class='ocrx_word' id='word_1_362' title='bbox 2697 1801 3075 1872; x_wconf 64' lang='grc' dir='ltr'>ἐντρυφῶντες</span> <span class='ocrx_word' id='word_1_363' title='bbox 3096 1844 3112 1868; x_wconf 96' lang='grc'><strong>,</strong></span> <span class='ocrx_word' id='word_1_364' title='bbox 3160 1802 3330 1856; x_wconf 75' lang='grc' dir='ltr'>αὑτὸν</span> <span class='ocrx_word' id='word_1_365' title='bbox 3360 1800 3633 1867; x_wconf 76' lang='grc' dir='ltr'>ἀθετοῦσις</span> 
     </span>
    </p>
   </div>
   <div class='ocr_carea' id='block_1_46' title="bbox 2067 1894 3635 1965">
    <p class='ocr_par' dir='ltr' id='par_1_46' title="bbox 2067 1894 3635 1965">
     <span class='ocr_line' id='line_1_46' title="bbox 2067 1894 3635 1965; baseline -0.002 -13"><span class='ocrx_word' id='word_1_366' title='bbox 2067 1899 2176 1952; x_wconf 75' lang='grc' dir='ltr'>Καὶ</span> <span class='ocrx_word' id='word_1_367' title='bbox 2211 1896 2355 1950; x_wconf 76' lang='grc' dir='ltr'>οὕτω</span> <span class='ocrx_word' id='word_1_368' title='bbox 2403 1897 2462 1951; x_wconf 78' lang='grc' dir='ltr'><strong>δὲ</strong></span> <span class='ocrx_word' id='word_1_369' title='bbox 2509 1895 2913 1965; x_wconf 77' lang='grc' dir='ltr'>ἀναγνωστέον,</span> <span class='ocrx_word' id='word_1_370' title='bbox 2959 1897 3044 1949; x_wconf 83' lang='grc' dir='ltr'><strong>ὅτι</strong></span> <span class='ocrx_word' id='word_1_371' title='bbox 3092 1896 3215 1951; x_wconf 89' lang='grc' dir='ltr'><strong>Τῶν</strong></span> <span class='ocrx_word' id='word_1_372' title='bbox 3262 1895 3512 1949; x_wconf 84' lang='grc' dir='ltr'>ἀπίστων</span> <span class='ocrx_word' id='word_1_373' title='bbox 3554 1894 3635 1949; x_wconf 73' lang='grc' dir='ltr'><strong>τοῦ</strong></span> 
     </span>
    </p>
   </div>
   <div class='ocr_carea' id='block_1_47' title="bbox 2073 1971 3632 2060">
    <p class='ocr_par' dir='ltr' id='par_1_47' title="bbox 2073 1971 3632 2060">
     <span class='ocr_line' id='line_1_47' title="bbox 2073 1971 3632 2060; baseline -0.003 -15"><span class='ocrx_word' id='word_1_374' title='bbox 2073 1991 2267 2054; x_wconf 80' lang='grc' dir='ltr'>αἰῶνος</span> <span class='ocrx_word' id='word_1_375' title='bbox 2294 1991 2490 2043; x_wconf 89' lang='grc' dir='ltr'>τούτου</span> <span class='ocrx_word' id='word_1_376' title='bbox 2526 1989 2806 2059; x_wconf 74' lang='grc' dir='ltr'>ἐτύφλωσε</span> <span class='ocrx_word' id='word_1_377' title='bbox 2839 1990 2908 2042; x_wconf 81' lang='grc' dir='ltr'><strong>τὰ</strong></span> <span class='ocrx_word' id='word_1_378' title='bbox 2930 1990 3024 2060; x_wconf 83' lang='grc' dir='ltr'>νοή</span> <span class='ocrx_word' id='word_1_379' title='bbox 3036 1971 3208 2060; x_wconf 59' lang='lat' dir='ltr'><strong>pater</strong></span> <span class='ocrx_word' id='word_1_380' title='bbox 3231 1992 3259 2043; x_wconf 80' lang='grc' dir='ltr'><strong><em>ὁ</em></strong></span> <span class='ocrx_word' id='word_1_381' title='bbox 3282 1989 3391 2059; x_wconf 75' lang='grc' dir='ltr'>γὰρ</span> <span class='ocrx_word' id='word_1_382' title='bbox 3420 1989 3632 2058; x_wconf 79' lang='grc' dir='ltr'>μέλλων,</span> 
     </span>
    </p>
   </div>
   <div class='ocr_carea' id='block_1_48' title="bbox 2069 2078 3631 2150">
    <p class='ocr_par' dir='ltr' id='par_1_48' title="bbox 2069 2078 3631 2150">
     <span class='ocr_line' id='line_1_48' title="bbox 2069 2078 3631 2150; baseline -0.001 -14"><span class='ocrx_word' id='word_1_383' title='bbox 2069 2083 2337 2145; x_wconf 81' lang='grc' dir='ltr'><strong>ἀπίστους</strong></span> <span class='ocrx_word' id='word_1_384' title='bbox 2370 2081 2469 2134; x_wconf 81' lang='grc' dir='ltr'><strong>ούκ</strong></span> <span class='ocrx_word' id='word_1_385' title='bbox 2500 2079 2633 2150; x_wconf 75' lang='grc' dir='ltr'>ἔχει.</span> <span class='ocrx_word' id='word_1_386' title='bbox 2668 2079 2734 2133; x_wconf 85' lang='grc' dir='ltr'>Τί</span> <span class='ocrx_word' id='word_1_387' title='bbox 2774 2080 2832 2135; x_wconf 82' lang='grc' dir='ltr'><strong>δέ</strong></span> <span class='ocrx_word' id='word_1_388' title='bbox 2860 2081 2976 2133; x_wconf 75' lang='grc' dir='ltr'>ἐστι</span> <span class='ocrx_word' id='word_1_389' title='bbox 3008 2080 3107 2146; x_wconf 79' lang='grc' dir='ltr'>τὸ,</span> <span class='ocrx_word' id='word_1_390' title='bbox 3162 2098 3180 2131; x_wconf 81' lang='grc' dir='ltr'><strong>ι</strong></span> <span class='ocrx_word' id='word_1_391' title='bbox 3228 2078 3574 2149; x_wconf 79' lang='grc' dir='ltr'>Ἐτύφλωσες</span> <span class='ocrx_word' id='word_1_392' title='bbox 3615 2100 3631 2134; x_wconf 79' lang='grc' dir='ltr'><strong>ι</strong></span> 
     </span>
    </p>
   </div>
   <div class='ocr_carea' id='block_1_49' title="bbox 2069 2169 3633 2246">
    <p class='ocr_par' dir='ltr' id='par_1_49' title="bbox 2069 2169 3633 2246">
     <span class='ocr_line' id='line_1_49' title="bbox 2069 2169 3633 2246; baseline -0.002 -18"><span class='ocrx_word' id='word_1_393' title='bbox 2069 2175 2344 2237; x_wconf 74' lang='grc' dir='ltr'><strong>τουτέστι,</strong></span> <span class='ocrx_word' id='word_1_394' title='bbox 2381 2172 2735 2245; x_wconf 77' lang='grc' dir='ltr'><strong>συνεχώρησε</strong></span> <span class='ocrx_word' id='word_1_395' title='bbox 2765 2173 3001 2241; x_wconf 78' lang='grc' dir='ltr'>τυφλοὺς</span> <span class='ocrx_word' id='word_1_396' title='bbox 3026 2169 3167 2226; x_wconf 72' lang='grc' dir='ltr'>εἶναι</span> <span class='ocrx_word' id='word_1_397' title='bbox 3188 2189 3201 2203; x_wconf 91' lang='grc'><strong>·</strong></span> <span class='ocrx_word' id='word_1_398' title='bbox 3238 2171 3427 2246; x_wconf 81' lang='grc' dir='ltr'>ὥσπερ</span> <span class='ocrx_word' id='word_1_399' title='bbox 3452 2173 3544 2226; x_wconf 75' lang='grc' dir='ltr'><strong>καὶ</strong></span> <span class='ocrx_word' id='word_1_400' title='bbox 3566 2175 3633 2237; x_wconf 74' lang='grc' dir='ltr'>τὸ,</span> 
     </span>
    </p>
   </div>
   <div class='ocr_carea' id='block_1_50' title="bbox 2077 2267 3634 2341">
    <p class='ocr_par' dir='ltr' id='par_1_50' title="bbox 2077 2267 3634 2341">
     <span class='ocr_line' id='line_1_50' title="bbox 2077 2267 3634 2341; baseline 0.001 -20"><span class='ocrx_word' id='word_1_401' title='bbox 2077 2289 2095 2321; x_wconf 82' lang='grc' dir='ltr'><strong>ι</strong></span> <span class='ocrx_word' id='word_1_402' title='bbox 2135 2270 2461 2340; x_wconf 80' lang='grc' dir='ltr'>Παρέδωκεν</span> <span class='ocrx_word' id='word_1_403' title='bbox 2507 2268 2709 2332; x_wconf 79' lang='grc' dir='ltr'>αὐτοὺς</span> <span class='ocrx_word' id='word_1_404' title='bbox 2748 2270 2831 2332; x_wconf 80' lang='grc' dir='ltr'>εἰς</span> <span class='ocrx_word' id='word_1_405' title='bbox 2879 2267 3027 2340; x_wconf 82' lang='grc' dir='ltr'>πάθη</span> <span class='ocrx_word' id='word_1_406' title='bbox 3076 2267 3324 2336; x_wconf 83' lang='grc' dir='ltr'>ἀτιμίας.</span> <span class='ocrx_word' id='word_1_407' title='bbox 3369 2286 3388 2320; x_wconf 75' lang='grc' dir='ltr'><strong>ι</strong></span> <span class='ocrx_word' id='word_1_408' title='bbox 3436 2268 3634 2341; x_wconf 68' lang='grc' dir='ltr'><strong>Ἐπειδὴ</strong></span> 
     </span>
    </p>
   </div>
   <div class='ocr_carea' id='block_1_51' title="bbox 2071 2360 3637 2433">
    <p class='ocr_par' dir='ltr' id='par_1_51' title="bbox 2071 2360 3637 2433">
     <span class='ocr_line' id='line_1_51' title="bbox 2071 2360 3637 2433; baseline -0.001 -18"><span class='ocrx_word' id='word_1_409' title='bbox 2071 2364 2181 2433; x_wconf 76' lang='grc' dir='ltr'>γὰρ</span> <span class='ocrx_word' id='word_1_410' title='bbox 2211 2362 2578 2431; x_wconf 71' lang='grc' dir='ltr'>ἀπεπήδησαν</span> <span class='ocrx_word' id='word_1_411' title='bbox 2602 2362 2646 2394; x_wconf 79' lang='grc'><strong>⁸⁷</strong></span> <span class='ocrx_word' id='word_1_412' title='bbox 2670 2360 2862 2428; x_wconf 74' lang='grc' dir='ltr'>αὐτοῦ,</span> <span class='ocrx_word' id='word_1_413' title='bbox 2890 2361 3074 2415; x_wconf 74' lang='grc' dir='ltr'>εἴασεν</span> <span class='ocrx_word' id='word_1_414' title='bbox 3098 2363 3316 2426; x_wconf 69' lang='grc' dir='ltr'>αὐτοὺς,</span> <span class='ocrx_word' id='word_1_415' title='bbox 3346 2361 3637 2431; x_wconf 76' lang='grc' dir='ltr'>ἐγκατέλειο</span> 
     </span>
    </p>
   </div>
   <div class='ocr_carea' id='block_1_52' title="bbox 2071 2454 3634 2533">
    <p class='ocr_par' dir='ltr' id='par_1_52' title="bbox 2071 2454 3634 2533">
     <span class='ocr_line' id='line_1_52' title="bbox 2071 2454 3634 2533; baseline -0.001 -25"><span class='ocrx_word' id='word_1_416' title='bbox 2071 2454 2203 2525; x_wconf 83' lang='grc' dir='ltr'>ψεν·</span> <span class='ocrx_word' id='word_1_417' title='bbox 2231 2456 2293 2509; x_wconf 86' lang='grc' dir='ltr'><strong>ού</strong></span> <span class='ocrx_word' id='word_1_418' title='bbox 2318 2456 2429 2527; x_wconf 73' lang='grc' dir='ltr'><strong>γὰρ</strong></span> <span class='ocrx_word' id='word_1_419' title='bbox 2467 2455 2716 2533; x_wconf 68' lang='grc' dir='ltr'><strong>βιρζεται</strong></span> <span class='ocrx_word' id='word_1_420' title='bbox 2763 2457 2901 2528; x_wconf 79' lang='grc' dir='ltr'>πρὸς</span> <span class='ocrx_word' id='word_1_421' title='bbox 2936 2455 3035 2527; x_wconf 74' lang='grc' dir='ltr'><strong>τὴν</strong></span> <span class='ocrx_word' id='word_1_422' title='bbox 3067 2456 3362 2527; x_wconf 87' lang='grc' dir='ltr'>σωτηρίαν.</span> <span class='ocrx_word' id='word_1_423' title='bbox 3395 2455 3535 2526; x_wconf 83' lang='grc' dir='ltr'>Ὅρα</span> <span class='ocrx_word' id='word_1_424' title='bbox 3570 2455 3634 2522; x_wconf 78' lang='grc' dir='ltr'><strong>δὲ,</strong></span> 
     </span>
    </p>
   </div>
   <div class='ocr_carea' id='block_1_53' title="bbox 2072 2546 3633 2622">
    <p class='ocr_par' dir='ltr' id='par_1_53' title="bbox 2072 2546 3633 2622">
     <span class='ocr_line' id='line_1_53' title="bbox 2072 2546 3633 2622; baseline -0.002 -18"><span class='ocrx_word' id='word_1_425' title='bbox 2072 2551 2156 2604; x_wconf 84' lang='grc' dir='ltr'><strong>ὅτι</strong></span> <span class='ocrx_word' id='word_1_426' title='bbox 2187 2551 2287 2604; x_wconf 82' lang='grc' dir='ltr'><strong>οὐκ</strong></span> <span class='ocrx_word' id='word_1_427' title='bbox 2319 2546 2495 2616; x_wconf 77' lang='grc' dir='ltr'>εἶπεν,</span> <span class='ocrx_word' id='word_1_428' title='bbox 2532 2552 2614 2604; x_wconf 85' lang='grc' dir='ltr'><strong>ὄτι</strong></span> <span class='ocrx_word' id='word_1_429' title='bbox 2655 2550 2937 2620; x_wconf 75' lang='grc' dir='ltr'>ἐτύφλωσε</span> <span class='ocrx_word' id='word_1_430' title='bbox 2975 2551 3114 2622; x_wconf 68' lang='grc' dir='ltr'>προς</span> <span class='ocrx_word' id='word_1_431' title='bbox 3154 2553 3215 2604; x_wconf 86' lang='grc' dir='ltr'>τὸ</span> <span class='ocrx_word' id='word_1_432' title='bbox 3261 2549 3557 2620; x_wconf 75' lang='grc' dir='ltr'>ἀπιστῆσαι</span> <span class='ocrx_word' id='word_1_433' title='bbox 3577 2548 3633 2615; x_wconf 70' lang='grc'><strong>⁵⁸,</strong></span> 
     </span>
    </p>
   </div>
   <div class='ocr_carea' id='block_1_54' title="bbox 2075 2642 3635 2716">
    <p class='ocr_par' dir='ltr' id='par_1_54' title="bbox 2075 2642 3635 2716">
     <span class='ocr_line' id='line_1_54' title="bbox 2075 2642 3635 2716; baseline -0.002 -17"><span class='ocrx_word' id='word_1_434' title='bbox 2075 2644 2213 2699; x_wconf 79' lang='grc' dir='ltr'>ἀλλὰ</span> <span class='ocrx_word' id='word_1_435' title='bbox 2266 2645 2403 2715; x_wconf 60' lang='grc' dir='ltr'>πρὸς</span> <span class='ocrx_word' id='word_1_436' title='bbox 2450 2643 2514 2697; x_wconf 85' lang='grc' dir='ltr'>τὸ</span> <span class='ocrx_word' id='word_1_437' title='bbox 2556 2643 2632 2715; x_wconf 80' lang='grc' dir='ltr'>μὴ</span> <span class='ocrx_word' id='word_1_438' title='bbox 2670 2643 2806 2697; x_wconf 84' lang='grc' dir='ltr'>ίδεϊν</span> <span class='ocrx_word' id='word_1_439' title='bbox 2852 2644 2978 2707; x_wconf 75' lang='grc' dir='ltr'>τοὺς</span> <span class='ocrx_word' id='word_1_440' title='bbox 3032 2642 3295 2716; x_wconf 76' lang='grc' dir='ltr'><strong>βεϐήλους</strong></span> <span class='ocrx_word' id='word_1_441' title='bbox 3344 2643 3635 2714; x_wconf 62' lang='grc' dir='ltr'>ὀφθαλμῦς</span> 
     </span>
    </p>
   </div>
   <div class='ocr_carea' id='block_1_55' title="bbox 2075 2735 3635 2810">
    <p class='ocr_par' dir='ltr' id='par_1_55' title="bbox 2075 2735 3635 2810">
     <span class='ocr_line' id='line_1_55' title="bbox 2075 2735 3635 2810; baseline -0.003 -17"><span class='ocrx_word' id='word_1_442' title='bbox 2075 2740 2168 2793; x_wconf 71' lang='grc' dir='ltr'>τὸν</span> <span class='ocrx_word' id='word_1_443' title='bbox 2201 2738 2486 2810; x_wconf 79' lang='grc' dir='ltr'>φωτισμὸν</span> <span class='ocrx_word' id='word_1_444' title='bbox 2517 2741 2616 2807; x_wconf 81' lang='grc' dir='ltr'>τῆς</span> <span class='ocrx_word' id='word_1_445' title='bbox 2648 2737 2807 2808; x_wconf 78' lang='grc' dir='ltr'>δόξης</span> <span class='ocrx_word' id='word_1_446' title='bbox 2851 2737 2946 2791; x_wconf 89' lang='grc' dir='ltr'><strong>τοῦ</strong></span> <span class='ocrx_word' id='word_1_447' title='bbox 2976 2735 3240 2808; x_wconf 78' lang='grc' dir='ltr'>Χριστοῦ.</span> <span class='ocrx_word' id='word_1_448' title='bbox 3273 2738 3551 2807; x_wconf 70' lang='grc' dir='ltr'>Φωτισμδς</span> <span class='ocrx_word' id='word_1_449' title='bbox 3587 2736 3635 2788; x_wconf 67' lang='grc' dir='ltr'>δέ</span> 
     </span>
    </p>
   </div>
   <div class='ocr_carea' id='block_1_56' title="bbox 2078 2825 3633 2899">
    <p class='ocr_par' dir='ltr' id='par_1_56' title="bbox 2078 2825 3633 2899">
     <span class='ocr_line' id='line_1_56' title="bbox 2078 2825 3633 2899; baseline -0.005 -15"><span class='ocrx_word' id='word_1_450' title='bbox 2078 2834 2194 2885; x_wconf 72' lang='grc' dir='ltr'>ἐστι</span> <span class='ocrx_word' id='word_1_451' title='bbox 2236 2830 2298 2884; x_wconf 79' lang='grc' dir='ltr'>τὸ</span> <span class='ocrx_word' id='word_1_452' title='bbox 2345 2828 2638 2884; x_wconf 84' lang='grc' dir='ltr'>πιστεῦσαι</span> <span class='ocrx_word' id='word_1_453' title='bbox 2699 2830 2783 2883; x_wconf 86' lang='grc' dir='ltr'>ὅτι</span> <span class='ocrx_word' id='word_1_454' title='bbox 2838 2826 3189 2899; x_wconf 76' lang='grc' dir='ltr'>ἐσταυρώθη,</span> <span class='ocrx_word' id='word_1_455' title='bbox 3232 2828 3315 2881; x_wconf 86' lang='grc' dir='ltr'>ὃτι</span> <span class='ocrx_word' id='word_1_456' title='bbox 3359 2825 3633 2898; x_wconf 70' lang='grc' dir='ltr'>ἀνελήφῦη,</span> 
     </span>
    </p>
   </div>
   <div class='ocr_carea' id='block_1_57' title="bbox 2078 2918 3638 2992">
    <p class='ocr_par' dir='ltr' id='par_1_57' title="bbox 2078 2918 3638 2992">
     <span class='ocr_line' id='line_1_57' title="bbox 2078 2918 3638 2992; baseline -0.003 -16"><span class='ocrx_word' id='word_1_457' title='bbox 2078 2924 2161 2976; x_wconf 85' lang='grc' dir='ltr'>ὅτι</span> <span class='ocrx_word' id='word_1_458' title='bbox 2194 2925 2263 2977; x_wconf 82' lang='grc' dir='ltr'>τὰ</span> <span class='ocrx_word' id='word_1_459' title='bbox 2299 2923 2565 2992; x_wconf 74' lang='grc' dir='ltr'>μέλλοντα</span> <span class='ocrx_word' id='word_1_460' title='bbox 2603 2919 2786 2975; x_wconf 83' lang='grc' dir='ltr'>δώσει.</span> <span class='ocrx_word' id='word_1_461' title='bbox 2828 2920 3039 2990; x_wconf 81' lang='grc' dir='ltr'>Ὠσπερ</span> <span class='ocrx_word' id='word_1_462' title='bbox 3068 2920 3122 2972; x_wconf 84' lang='grc' dir='ltr'><strong>εί</strong></span> <span class='ocrx_word' id='word_1_463' title='bbox 3141 2937 3226 2984; x_wconf 83' lang='grc' dir='ltr'>τις</span> <span class='ocrx_word' id='word_1_464' title='bbox 3267 2918 3638 2989; x_wconf 71' lang='grc' dir='ltr'>ὀφθαλμιῶντὲ</span> 
     </span>
    </p>
   </div>
   <div class='ocr_carea' id='block_1_58' title="bbox 2078 3011 3635 3085">
    <p class='ocr_par' dir='ltr' id='par_1_58' title="bbox 2078 3011 3635 3085">
     <span class='ocr_line' id='line_1_58' title="bbox 2078 3011 3635 3085; baseline -0.006 -16"><span class='ocrx_word' id='word_1_465' title='bbox 2078 3034 2201 3070; x_wconf 84' lang='grc' dir='ltr'>τινα</span> <span class='ocrx_word' id='word_1_466' title='bbox 2227 3016 2575 3070; x_wconf 80' lang='grc' dir='ltr'>ἀποκλείσειε</span> <span class='ocrx_word' id='word_1_467' title='bbox 2595 3013 2690 3068; x_wconf 91' lang='grc' dir='ltr'><strong>τοῦ</strong></span> <span class='ocrx_word' id='word_1_468' title='bbox 2719 3014 2795 3085; x_wconf 83' lang='grc' dir='ltr'><strong>μὴ</strong></span> <span class='ocrx_word' id='word_1_469' title='bbox 2826 3013 2926 3077; x_wconf 74' lang='grc' dir='ltr'><strong>τὰς</strong></span> <span class='ocrx_word' id='word_1_470' title='bbox 2949 3014 3179 3075; x_wconf 83' lang='grc' dir='ltr'>ἀκτῖνας</span> <span class='ocrx_word' id='word_1_471' title='bbox 3203 3011 3299 3065; x_wconf 88' lang='grc' dir='ltr'>τοῦ</span> <span class='ocrx_word' id='word_1_472' title='bbox 3323 3011 3479 3084; x_wconf 69' lang='grc' dir='ltr'>ἡλίου</span> <span class='ocrx_word' id='word_1_473' title='bbox 3508 3011 3635 3073; x_wconf 81' lang='grc' dir='ltr'>ἰδεῖν,</span> 
     </span>
    </p>
   </div>
   <div class='ocr_carea' id='block_1_59' title="bbox 2083 3096 3637 3181">
    <p class='ocr_par' dir='ltr' id='par_1_59' title="bbox 2083 3096 3637 3181">
     <span class='ocr_line' id='line_1_59' title="bbox 2083 3096 3637 3181; baseline -0.006 -17"><span class='ocrx_word' id='word_1_474' title='bbox 2083 3110 2172 3164; x_wconf 76' lang='grc' dir='ltr'><strong>ἵνα</strong></span> <span class='ocrx_word' id='word_1_475' title='bbox 2223 3108 2297 3181; x_wconf 79' lang='grc' dir='ltr'>μὴ</span> <span class='ocrx_word' id='word_1_476' title='bbox 2334 3110 2429 3162; x_wconf 72' lang='grc' dir='ltr'><strong>καὶ</strong></span> <span class='ocrx_word' id='word_1_477' title='bbox 2483 3106 2895 3180; x_wconf 73' lang='grc' dir='ltr'>προσϐλαὸείη·</span> <span class='ocrx_word' id='word_1_478' title='bbox 2946 3105 3091 3159; x_wconf 75' lang='grc' dir='ltr'>οὕτω</span> <span class='ocrx_word' id='word_1_479' title='bbox 3139 3105 3322 3157; x_wconf 88' lang='grc' dir='ltr'>τοίνυν</span> <span class='ocrx_word' id='word_1_480' title='bbox 3371 3106 3471 3157; x_wconf 74' lang='grc' dir='ltr'>καὶ</span> <span class='ocrx_word' id='word_1_481' title='bbox 3515 3096 3637 3157; x_wconf 81' lang='grc' dir='ltr'>οὗτοι</span> 
     </span>
    </p>
   </div>
   <div class='ocr_carea' id='block_1_60' title="bbox 387 3196 1971 3280">
    <p class='ocr_par' dir='ltr' id='par_1_60' title="bbox 387 3200 1971 3266">
     <span class='ocr_line' id='line_1_60' title="bbox 387 3200 1971 3266; baseline 0.002 -12"><span class='ocrx_word' id='word_1_482' title='bbox 387 3203 590 3266; x_wconf 74' lang='lat' dir='ltr'><strong>videat,</strong></span> <span class='ocrx_word' id='word_1_483' title='bbox 625 3217 691 3255; x_wconf 91' lang='lat' dir='ltr'><strong>ne</strong></span> <span class='ocrx_word' id='word_1_484' title='bbox 723 3201 788 3255; x_wconf 89' lang='lat' dir='ltr'><strong>iis</strong></span> <span class='ocrx_word' id='word_1_485' title='bbox 834 3200 1135 3256; x_wconf 85' lang='lat' dir='ltr'><strong>ollendatur</strong></span> <span class='ocrx_word' id='word_1_486' title='bbox 1174 3219 1190 3259; x_wconf 92' lang='lat'><strong>:</strong></span> <span class='ocrx_word' id='word_1_487' title='bbox 1229 3204 1371 3257; x_wconf 87' lang='lat' dir='ltr'><strong>hanc</strong></span> <span class='ocrx_word' id='word_1_488' title='bbox 1403 3204 1472 3258; x_wconf 83' lang='lat' dir='ltr'><strong>ad</strong></span> <span class='ocrx_word' id='word_1_489' title='bbox 1507 3206 1769 3258; x_wconf 83' lang='lat' dir='ltr'><strong>rationein</strong></span> <span class='ocrx_word' id='word_1_490' title='bbox 1812 3216 1865 3258; x_wconf 88' lang='lat' dir='ltr'><strong>et</strong></span> <span class='ocrx_word' id='word_1_491' title='bbox 1900 3204 1971 3257; x_wconf 91' lang='lat' dir='ltr'><strong>illi</strong></span> 
     </span>
    </p>
   </div>
   <div class='ocr_carea' id='block_1_61' title="bbox 2077 3196 3633 3280">
    <p class='ocr_par' dir='ltr' id='par_1_61' title="bbox 2083 3196 3633 3272">
     <span class='ocr_line' id='line_1_61' title="bbox 2083 3196 3633 3272; baseline -0.004 -15"><span class='ocrx_word' id='word_1_492' title='bbox 2083 3204 2304 3257; x_wconf 75' lang='grc' dir='ltr'>ἄπιστοι</span> <span class='ocrx_word' id='word_1_493' title='bbox 2350 3201 2450 3272; x_wconf 79' lang='grc' dir='ltr'><strong>μὲν</strong></span> <span class='ocrx_word' id='word_1_494' title='bbox 2507 3201 2758 3269; x_wconf 78' lang='grc' dir='ltr'>ἐγένοντο</span> <span class='ocrx_word' id='word_1_495' title='bbox 2803 3199 2899 3267; x_wconf 72' lang='grc' dir='ltr'><strong>ἀφ’</strong></span> <span class='ocrx_word' id='word_1_496' title='bbox 2952 3199 3195 3253; x_wconf 79' lang='grc' dir='ltr'>ἑαυτῶν·</span> <span class='ocrx_word' id='word_1_497' title='bbox 3232 3199 3542 3269; x_wconf 77' lang='grc' dir='ltr'><strong>γενομένοις</strong></span> <span class='ocrx_word' id='word_1_498' title='bbox 3588 3196 3633 3251; x_wconf 81' lang='grc' dir='ltr'><strong>δὲ</strong></span> 
     </span>
    </p>
   </div>
   <div class='ocr_carea' id='block_1_62' title="bbox 390 3293 1971 3366">
    <p class='ocr_par' dir='ltr' id='par_1_62' title="bbox 390 3293 1971 3366">
     <span class='ocr_line' id='line_1_62' title="bbox 390 3293 1971 3366; baseline 0.004 -19"><span class='ocrx_word' id='word_1_499' title='bbox 390 3293 652 3347; x_wconf 71' lang='lat' dir='ltr'><strong>increduli</strong></span> <span class='ocrx_word' id='word_1_500' title='bbox 687 3294 817 3348; x_wconf 81' lang='lat' dir='ltr'><strong>facti</strong></span> <span class='ocrx_word' id='word_1_501' title='bbox 853 3302 981 3349; x_wconf 83' lang='lat' dir='ltr'><strong>sunt</strong></span> <span class='ocrx_word' id='word_1_502' title='bbox 1007 3309 1036 3347; x_wconf 86' lang='lat' dir='ltr'><strong>a</strong></span> <span class='ocrx_word' id='word_1_503' title='bbox 1068 3296 1263 3366; x_wconf 35' lang='lat' dir='ltr'><strong>teipsis</strong></span> <span class='ocrx_word' id='word_1_504' title='bbox 1298 3314 1311 3349; x_wconf 90' lang='lat'><strong>:</strong></span> <span class='ocrx_word' id='word_1_505' title='bbox 1347 3308 1633 3366; x_wconf 85' lang='lat' dir='ltr'><strong>postquam</strong></span> <span class='ocrx_word' id='word_1_506' title='bbox 1676 3295 1804 3352; x_wconf 53' lang='lat' dir='ltr'><strong>iero</strong></span> <span class='ocrx_word' id='word_1_507' title='bbox 1836 3301 1971 3353; x_wconf 75' lang='lat' dir='ltr'><strong>tali-s</strong></span> 
     </span>
    </p>
   </div>
   <div class='ocr_carea' id='block_1_63' title="bbox 393 3386 1969 3461">
    <p class='ocr_par' dir='ltr' id='par_1_63' title="bbox 393 3386 1969 3461">
     <span class='ocr_line' id='line_1_63' title="bbox 393 3386 1969 3461; baseline 0.003 -22"><span class='ocrx_word' id='word_1_508' title='bbox 393 3386 520 3439; x_wconf 84' lang='lat' dir='ltr'><strong>facti</strong></span> <span class='ocrx_word' id='word_1_509' title='bbox 553 3396 733 3451; x_wconf 84' lang='lat' dir='ltr'><strong>erant,</strong></span> <span class='ocrx_word' id='word_1_510' title='bbox 779 3387 1013 3441; x_wconf 74' lang='lat' dir='ltr'><strong>exclusit</strong></span> <span class='ocrx_word' id='word_1_511' title='bbox 1056 3388 1194 3441; x_wconf 90' lang='lat' dir='ltr'><strong>Deus</strong></span> <span class='ocrx_word' id='word_1_512' title='bbox 1232 3391 1412 3445; x_wconf 85' lang='lat' dir='ltr'><strong>radios</strong></span> <span class='ocrx_word' id='word_1_513' title='bbox 1454 3390 1637 3460; x_wconf 72' lang='lat' dir='ltr'><strong>gloriae</strong></span> <span class='ocrx_word' id='word_1_514' title='bbox 1671 3390 1969 3461; x_wconf 78' lang='lat' dir='ltr'><strong>Evangelii,</strong></span> 
     </span>
    </p>
   </div>
   <div class='ocr_carea' id='block_1_64' title="bbox 388 3475 1973 3547">
    <p class='ocr_par' dir='ltr' id='par_1_64' title="bbox 388 3475 1973 3547">
     <span class='ocr_line' id='line_1_64' title="bbox 388 3475 1973 3547; baseline 0.004 -15"><span class='ocrx_word' id='word_1_515' title='bbox 388 3492 543 3545; x_wconf 60' lang='lat' dir='ltr'><strong>autne</strong></span> <span class='ocrx_word' id='word_1_516' title='bbox 568 3488 728 3547; x_wconf 84' lang='lat' dir='ltr'><strong>atque</strong></span> <span class='ocrx_word' id='word_1_517' title='bbox 754 3475 1009 3533; x_wconf 80' lang='lat' dir='ltr'><strong>Israelitis</strong></span> <span class='ocrx_word' id='word_1_518' title='bbox 1044 3478 1204 3534; x_wconf 76' lang='lat' dir='ltr'><strong>Musis</strong></span> <span class='ocrx_word' id='word_1_519' title='bbox 1240 3479 1433 3536; x_wconf 80' lang='lat' dir='ltr'><strong>faciem</strong></span> <span class='ocrx_word' id='word_1_520' title='bbox 1467 3482 1759 3537; x_wconf 80' lang='lat' dir='ltr'><strong>obvelavit.</strong></span> <span class='ocrx_word' id='word_1_521' title='bbox 1794 3483 1885 3537; x_wconf 87' lang='lat' dir='ltr'><strong>Sic</strong></span> <span class='ocrx_word' id='word_1_522' title='bbox 1919 3494 1973 3538; x_wconf 77' lang='grc' dir='ltr'><strong>ιι</strong></span> 
     </span>
    </p>
   </div>
   <div class='ocr_carea' id='block_1_65' title="bbox 390 3570 1974 3645">
    <p class='ocr_par' dir='ltr' id='par_1_65' title="bbox 390 3570 1974 3645">
     <span class='ocr_line' id='line_1_65' title="bbox 390 3570 1974 3645; baseline 0.003 -19"><span class='ocrx_word' id='word_1_523' title='bbox 390 3570 548 3626; x_wconf 88' lang='lat' dir='ltr'><strong>nobis</strong></span> <span class='ocrx_word' id='word_1_524' title='bbox 579 3572 632 3625; x_wconf 90' lang='lat' dir='ltr'><strong>in</strong></span> <span class='ocrx_word' id='word_1_525' title='bbox 664 3572 935 3627; x_wconf 82' lang='lat' dir='ltr'><strong>mandatis</strong></span> <span class='ocrx_word' id='word_1_526' title='bbox 964 3573 1129 3638; x_wconf 89' lang='lat' dir='ltr'><strong>dedit,</strong></span> <span class='ocrx_word' id='word_1_527' title='bbox 1162 3590 1229 3628; x_wconf 88' lang='lat' dir='ltr'><strong>ne</strong></span> <span class='ocrx_word' id='word_1_528' title='bbox 1259 3575 1612 3645; x_wconf 81' lang='lat' dir='ltr'><strong>projiciamus</strong></span> <span class='ocrx_word' id='word_1_529' title='bbox 1650 3576 1974 3644; x_wconf 75' lang='lat' dir='ltr'><strong>margaritas</strong></span> 
     </span>
    </p>
   </div>
   <div class='ocr_carea' id='block_1_66' title="bbox 389 3664 1968 3740">
    <p class='ocr_par' dir='ltr' id='par_1_66' title="bbox 389 3664 1968 3740">
     <span class='ocr_line' id='line_1_66' title="bbox 389 3664 1968 3740; baseline -0.001 -17"><span class='ocrx_word' id='word_1_530' title='bbox 389 3677 606 3723; x_wconf 86' lang='lat' dir='ltr'><strong>nostras</strong></span> <span class='ocrx_word' id='word_1_531' title='bbox 630 3667 696 3721; x_wconf 91' lang='lat' dir='ltr'><strong>ad</strong></span> <span class='ocrx_word' id='word_1_532' title='bbox 722 3683 921 3737; x_wconf 90' lang='lat' dir='ltr'><strong>porcos</strong></span> <span class='ocrx_word' id='word_1_533' title='bbox 948 3677 995 3722; x_wconf 73' lang='grc' dir='ltr'>Ρ.</span> <span class='ocrx_word' id='word_1_534' title='bbox 1038 3664 1185 3721; x_wconf 84' lang='lat' dir='ltr'><strong>Bene</strong></span> <span class='ocrx_word' id='word_1_535' title='bbox 1207 3678 1385 3723; x_wconf 88' lang='lat' dir='ltr'><strong>autem</strong></span> <span class='ocrx_word' id='word_1_536' title='bbox 1415 3669 1569 3732; x_wconf 80' lang='lat' dir='ltr'><strong>dixit,</strong></span> <span class='ocrx_word' id='word_1_537' title='bbox 1608 3687 1628 3722; x_wconf 81' lang='grc' dir='ltr'><strong>ι</strong></span> <span class='ocrx_word' id='word_1_538' title='bbox 1658 3667 1915 3740; x_wconf 81' lang='lat' dir='ltr'><strong>Fulgeat;</strong></span> <span class='ocrx_word' id='word_1_539' title='bbox 1948 3687 1968 3721; x_wconf 78' lang='grc' dir='ltr'><strong>ι</strong></span> 
     </span>
    </p>
   </div>
   <div class='ocr_carea' id='block_1_67' title="bbox 391 3761 1971 3832">
    <p class='ocr_par' dir='ltr' id='par_1_67' title="bbox 391 3761 1971 3832">
     <span class='ocr_line' id='line_1_67' title="bbox 391 3761 1971 3832; baseline 0 -16"><span class='ocrx_word' id='word_1_540' title='bbox 391 3762 721 3818; x_wconf 86' lang='lat' dir='ltr'><strong>mediocrem</strong></span> <span class='ocrx_word' id='word_1_541' title='bbox 766 3762 911 3816; x_wconf 88' lang='lat' dir='ltr'><strong>enim</strong></span> <span class='ocrx_word' id='word_1_542' title='bbox 954 3776 1097 3816; x_wconf 90' lang='lat' dir='ltr'><strong>nunc</strong></span> <span class='ocrx_word' id='word_1_543' title='bbox 1140 3761 1404 3816; x_wconf 84' lang='lat' dir='ltr'><strong>habemus</strong></span> <span class='ocrx_word' id='word_1_544' title='bbox 1453 3761 1828 3832; x_wconf 86' lang='lat' dir='ltr'><strong>splendorem,</strong></span> <span class='ocrx_word' id='word_1_545' title='bbox 1862 3777 1971 3817; x_wconf 85' lang='lat' dir='ltr'><strong>non</strong></span> 
     </span>
    </p>
   </div>
   <div class='ocr_carea' id='block_1_68' title="bbox 394 3855 1976 3927">
    <p class='ocr_par' dir='ltr' id='par_1_68' title="bbox 394 3855 1976 3927">
     <span class='ocr_line' id='line_1_68' title="bbox 394 3855 1976 3927; baseline 0.003 -19"><span class='ocrx_word' id='word_1_546' title='bbox 394 3865 563 3909; x_wconf 85' lang='lat' dir='ltr'><strong>tetam</strong></span> <span class='ocrx_word' id='word_1_547' title='bbox 613 3855 1113 3922; x_wconf 88' lang='lat' dir='ltr'><strong>illuminationem;</strong></span> <span class='ocrx_word' id='word_1_548' title='bbox 1163 3856 1212 3910; x_wconf 88' lang='lat' dir='ltr'><strong>id</strong></span> <span class='ocrx_word' id='word_1_549' title='bbox 1258 3856 1402 3926; x_wconf 87' lang='lat' dir='ltr'><strong>quod</strong></span> <span class='ocrx_word' id='word_1_550' title='bbox 1445 3872 1611 3927; x_wconf 80' lang='lat' dir='ltr'><strong>supra</strong></span> <span class='ocrx_word' id='word_1_551' title='bbox 1652 3858 1874 3913; x_wconf 89' lang='lat' dir='ltr'><strong>odorem</strong></span> <span class='ocrx_word' id='word_1_552' title='bbox 1920 3868 1976 3913; x_wconf 90' lang='lat' dir='ltr'><strong>et</strong></span> 
     </span>
    </p>
   </div>
   <div class='ocr_carea' id='block_1_69' title="bbox 391 3947 1972 4019">
    <p class='ocr_par' dir='ltr' id='par_1_69' title="bbox 391 3947 1972 4019">
     <span class='ocr_line' id='line_1_69' title="bbox 391 3947 1972 4019; baseline 0.003 -18"><span class='ocrx_word' id='word_1_553' title='bbox 391 3947 760 4002; x_wconf 84' lang='lat' dir='ltr'><strong>arrhabonem</strong></span> <span class='ocrx_word' id='word_1_554' title='bbox 814 3948 976 4013; x_wconf 88' lang='lat' dir='ltr'><strong>dixit,</strong></span> <span class='ocrx_word' id='word_1_555' title='bbox 1017 3947 1316 4004; x_wconf 86' lang='lat' dir='ltr'><strong>ostendens</strong></span> <span class='ocrx_word' id='word_1_556' title='bbox 1360 3950 1505 4019; x_wconf 88' lang='lat' dir='ltr'><strong>quod</strong></span> <span class='ocrx_word' id='word_1_557' title='bbox 1553 3949 1666 4006; x_wconf 89' lang='lat' dir='ltr'><strong>illic</strong></span> <span class='ocrx_word' id='word_1_558' title='bbox 1718 3951 1972 4019; x_wconf 85' lang='lat' dir='ltr'><strong>quiddam</strong></span> 
     </span>
    </p>
   </div>
   <div class='ocr_carea' id='block_1_70' title="bbox 393 4038 846 4108">
    <p class='ocr_par' dir='ltr' id='par_1_70' title="bbox 393 4038 846 4108">
     <span class='ocr_line' id='line_1_70' title="bbox 393 4038 846 4108; baseline 0 -15"><span class='ocrx_word' id='word_1_559' title='bbox 393 4038 626 4108; x_wconf 85' lang='lat' dir='ltr'><strong>amplius</strong></span> <span class='ocrx_word' id='word_1_560' title='bbox 657 4048 846 4093; x_wconf 84' lang='lat' dir='ltr'><strong>restat.</strong></span> 
     </span>
    </p>
   </div>
   <div class='ocr_carea' id='block_1_71' title="bbox 468 4129 1977 4202">
    <p class='ocr_par' dir='ltr' id='par_1_71' title="bbox 468 4129 1977 4202">
     <span class='ocr_line' id='line_1_71' title="bbox 468 4129 1977 4202; baseline 0.007 -21"><span class='ocrx_word' id='word_1_561' title='bbox 468 4148 488 4181; x_wconf 77' lang='grc' dir='ltr'><strong>ι</strong></span> <span class='ocrx_word' id='word_1_562' title='bbox 526 4129 628 4198; x_wconf 87' lang='lat' dir='ltr'><strong>Qui</strong></span> <span class='ocrx_word' id='word_1_563' title='bbox 657 4141 742 4185; x_wconf 91' lang='lat' dir='ltr'><strong>est</strong></span> <span class='ocrx_word' id='word_1_564' title='bbox 787 4130 970 4202; x_wconf 88' lang='lat' dir='ltr'><strong>imago</strong></span> <span class='ocrx_word' id='word_1_565' title='bbox 1011 4129 1106 4188; x_wconf 84' lang='lat' dir='ltr'><strong>Dei</strong></span> <span class='ocrx_word' id='word_1_566' title='bbox 1158 4132 1470 4189; x_wconf 82' lang='lat' dir='ltr'><strong>invisibilis.</strong></span> <span class='ocrx_word' id='word_1_567' title='bbox 1518 4152 1538 4187; x_wconf 73' lang='grc' dir='ltr'><strong>ι</strong></span> <span class='ocrx_word' id='word_1_568' title='bbox 1594 4133 1853 4189; x_wconf 81' lang='lat' dir='ltr'><strong>Monstrat</strong></span> <span class='ocrx_word' id='word_1_569' title='bbox 1888 4137 1977 4191; x_wconf 92' lang='lat' dir='ltr'><strong>hic</strong></span> 
     </span>
    </p>
   </div>
   <div class='ocr_carea' id='block_1_72' title="bbox 395 4223 1975 4297">
    <p class='ocr_par' dir='ltr' id='par_1_72' title="bbox 395 4223 1975 4297">
     <span class='ocr_line' id='line_1_72' title="bbox 395 4223 1975 4297; baseline 0.007 -25"><span class='ocrx_word' id='word_1_570' title='bbox 395 4224 539 4292; x_wconf 87' lang='lat' dir='ltr'><strong>quod</strong></span> <span class='ocrx_word' id='word_1_571' title='bbox 580 4239 689 4278; x_wconf 90' lang='lat' dir='ltr'><strong>non</strong></span> <span class='ocrx_word' id='word_1_572' title='bbox 720 4223 897 4279; x_wconf 89' lang='lat' dir='ltr'><strong>solum</strong></span> <span class='ocrx_word' id='word_1_573' title='bbox 930 4225 1136 4281; x_wconf 90' lang='lat' dir='ltr'><strong>Christi</strong></span> <span class='ocrx_word' id='word_1_574' title='bbox 1187 4226 1416 4296; x_wconf 81' lang='lat' dir='ltr'><strong>gloriam</strong></span> <span class='ocrx_word' id='word_1_575' title='bbox 1468 4227 1738 4297; x_wconf 85' lang='lat' dir='ltr'><strong>ignorent,</strong></span> <span class='ocrx_word' id='word_1_576' title='bbox 1788 4244 1975 4283; x_wconf 84' lang='lat' dir='ltr'><strong>verum</strong></span> 
     </span>
    </p>
   </div>
   <div class='ocr_carea' id='block_1_73' title="bbox 397 4313 1976 4392">
    <p class='ocr_par' dir='ltr' id='par_1_73' title="bbox 397 4313 1976 4392">
     <span class='ocr_line' id='line_1_73' title="bbox 397 4313 1976 4392; baseline 0.005 -21"><span class='ocrx_word' id='word_1_577' title='bbox 397 4315 558 4371; x_wconf 88' lang='lat' dir='ltr'><strong>etiam</strong></span> <span class='ocrx_word' id='word_1_578' title='bbox 587 4313 794 4374; x_wconf 86' lang='lat' dir='ltr'><strong>Patris.</strong></span> <span class='ocrx_word' id='word_1_579' title='bbox 829 4317 965 4373; x_wconf 90' lang='lat' dir='ltr'><strong>Cum</strong></span> <span class='ocrx_word' id='word_1_580' title='bbox 1004 4320 1148 4375; x_wconf 90' lang='lat' dir='ltr'><strong>enim</strong></span> <span class='ocrx_word' id='word_1_581' title='bbox 1175 4318 1427 4377; x_wconf 84' lang='lat' dir='ltr'><strong>Christus</strong></span> <span class='ocrx_word' id='word_1_582' title='bbox 1466 4321 1538 4377; x_wconf 92' lang='lat' dir='ltr'><strong>sit</strong></span> <span class='ocrx_word' id='word_1_583' title='bbox 1569 4322 1747 4392; x_wconf 81' lang='lat' dir='ltr'><strong>imago</strong></span> <span class='ocrx_word' id='word_1_584' title='bbox 1775 4320 1976 4389; x_wconf 80' lang='lat' dir='ltr'><strong>Patris,</strong></span> 
     </span>
    </p>
   </div>
   <div class='ocr_carea' id='block_1_74' title="bbox 395 4410 1605 4484">
    <p class='ocr_par' dir='ltr' id='par_1_74' title="bbox 395 4410 1605 4484">
     <span class='ocr_line' id='line_1_74' title="bbox 395 4410 1605 4484; baseline 0.007 -23"><span class='ocrx_word' id='word_1_585' title='bbox 395 4412 488 4479; x_wconf 88' lang='lat' dir='ltr'><strong>qui</strong></span> <span class='ocrx_word' id='word_1_586' title='bbox 521 4410 662 4465; x_wconf 87' lang='lat' dir='ltr'><strong>hunc</strong></span> <span class='ocrx_word' id='word_1_587' title='bbox 697 4427 801 4465; x_wconf 93' lang='lat' dir='ltr'><strong>non</strong></span> <span class='ocrx_word' id='word_1_588' title='bbox 838 4412 1008 4478; x_wconf 87' lang='lat' dir='ltr'><strong>videt,</strong></span> <span class='ocrx_word' id='word_1_589' title='bbox 1045 4429 1222 4484; x_wconf 89' lang='lat' dir='ltr'><strong>neque</strong></span> <span class='ocrx_word' id='word_1_590' title='bbox 1254 4414 1403 4477; x_wconf 84' lang='lat' dir='ltr'><strong>illum</strong></span> <span class='ocrx_word' id='word_1_591' title='bbox 1435 4417 1605 4471; x_wconf 84' lang='lat' dir='ltr'><strong>novit.</strong></span> 
     </span>
    </p>
   </div>
   <div class='ocr_carea' id='block_1_75' title="bbox 474 4502 1975 4580">
    <p class='ocr_par' dir='ltr' id='par_1_75' title="bbox 474 4502 1975 4580">
     <span class='ocr_line' id='line_1_75' title="bbox 474 4502 1975 4580; baseline 0.009 -25"><span class='ocrx_word' id='word_1_592' title='bbox 474 4502 634 4558; x_wconf 71' lang='lat' dir='ltr'><strong>Vens.</strong></span> <span class='ocrx_word' id='word_1_593' title='bbox 665 4503 721 4558; x_wconf 86' lang='lat'><strong>5.</strong></span> <span class='ocrx_word' id='word_1_594' title='bbox 757 4523 776 4556; x_wconf 86' lang='grc' dir='ltr'><strong>ι</strong></span> <span class='ocrx_word' id='word_1_595' title='bbox 827 4504 946 4560; x_wconf 87' lang='lat' dir='ltr'><strong>Non</strong></span> <span class='ocrx_word' id='word_1_596' title='bbox 977 4508 1123 4562; x_wconf 87' lang='lat' dir='ltr'><strong>enim</strong></span> <span class='ocrx_word' id='word_1_597' title='bbox 1169 4509 1418 4579; x_wconf 88' lang='lat' dir='ltr'><strong>nosipsos</strong></span> <span class='ocrx_word' id='word_1_598' title='bbox 1463 4511 1842 4580; x_wconf 68' lang='lat' dir='ltr'><strong>praedicamus,</strong></span> <span class='ocrx_word' id='word_1_599' title='bbox 1880 4512 1975 4568; x_wconf 76' lang='lat' dir='ltr'><strong>sed</strong></span> 
     </span>
    </p>
   </div>
   <div class='ocr_carea' id='block_1_76' title="bbox 398 4585 2062 4664">
    <p class='ocr_par' dir='ltr' id='par_1_76' title="bbox 398 4585 2062 4664">
     <span class='ocr_line' id='line_1_76' title="bbox 398 4585 2062 4664; baseline 0.009 -14"><span class='ocrx_word' id='word_1_600' title='bbox 398 4595 675 4652; x_wconf 76' lang='lat' dir='ltr'><strong>Christum</strong></span> <span class='ocrx_word' id='word_1_601' title='bbox 706 4595 892 4654; x_wconf 80' lang='lat' dir='ltr'><strong>Jesum</strong></span> <span class='ocrx_word' id='word_1_602' title='bbox 938 4600 1229 4657; x_wconf 90' lang='lat' dir='ltr'><strong>Dominum</strong></span> <span class='ocrx_word' id='word_1_603' title='bbox 1266 4621 1282 4658; x_wconf 91' lang='lat'><strong>:</strong></span> <span class='ocrx_word' id='word_1_604' title='bbox 1334 4620 1432 4661; x_wconf 88' lang='lat' dir='ltr'><strong>nos</strong></span> <span class='ocrx_word' id='word_1_605' title='bbox 1461 4615 1639 4659; x_wconf 86' lang='lat' dir='ltr'><strong>autem</strong></span> <span class='ocrx_word' id='word_1_606' title='bbox 1674 4622 1860 4662; x_wconf 65' lang='lat' dir='ltr'><strong>serios</strong></span> <span class='ocrx_word' id='word_1_607' title='bbox 1889 4624 1980 4664; x_wconf 71' lang='grc' dir='ltr'><strong>γε·</strong></span> <span class='ocrx_word' id='word_1_608' title='bbox 2006 4585 2062 4647; x_wconf 78' lang='lat' dir='ltr'><strong><em>D</em></strong></span> 
     </span>
    </p>
   </div>
   <div class='ocr_carea' id='block_1_77' title="bbox 398 4691 1985 4768">
    <p class='ocr_par' dir='ltr' id='par_1_77' title="bbox 398 4691 1985 4768">
     <span class='ocr_line' id='line_1_77' title="bbox 398 4691 1985 4768; baseline 0.008 -26"><span class='ocrx_word' id='word_1_609' title='bbox 398 4699 565 4752; x_wconf 84' lang='lat' dir='ltr'><strong>stros,</strong></span> <span class='ocrx_word' id='word_1_610' title='bbox 594 4697 816 4759; x_wconf 82' lang='lat' dir='ltr'><strong>propter</strong></span> <span class='ocrx_word' id='word_1_611' title='bbox 847 4691 1154 4750; x_wconf 87' lang='lat' dir='ltr'><strong>Christum.</strong></span> <span class='ocrx_word' id='word_1_612' title='bbox 1188 4714 1208 4748; x_wconf 74' lang='grc' dir='ltr'><strong>ι</strong></span> <span class='ocrx_word' id='word_1_613' title='bbox 1246 4695 1418 4768; x_wconf 87' lang='lat' dir='ltr'><strong>Supra</strong></span> <span class='ocrx_word' id='word_1_614' title='bbox 1452 4697 1615 4766; x_wconf 80' lang='lat' dir='ltr'><strong>dixit,</strong></span> <span class='ocrx_word' id='word_1_615' title='bbox 1642 4695 1758 4751; x_wconf 83' lang='lat' dir='ltr'><strong>Non</strong></span> <span class='ocrx_word' id='word_1_616' title='bbox 1792 4700 1985 4754; x_wconf 76' lang='grc' dir='ltr'>ιιιιιιιιι-</span> 
     </span>
    </p>
   </div>
   <div class='ocr_carea' id='block_1_78' title="bbox 399 4778 1984 4860">
    <p class='ocr_par' dir='ltr' id='par_1_78' title="bbox 399 4778 1984 4860">
     <span class='ocr_line' id='line_1_78' title="bbox 399 4778 1984 4860; baseline 0.008 -24"><span class='ocrx_word' id='word_1_617' title='bbox 399 4778 580 4836; x_wconf 89' lang='lat' dir='ltr'><strong>lamus</strong></span> <span class='ocrx_word' id='word_1_618' title='bbox 639 4781 695 4836; x_wconf 93' lang='lat' dir='ltr'><strong>in</strong></span> <span class='ocrx_word' id='word_1_619' title='bbox 740 4783 970 4848; x_wconf 85' lang='lat' dir='ltr'><strong>astutia,</strong></span> <span class='ocrx_word' id='word_1_620' title='bbox 1029 4786 1225 4845; x_wconf 89' lang='lat' dir='ltr'><strong>deinde</strong></span> <span class='ocrx_word' id='word_1_621' title='bbox 1275 4790 1474 4860; x_wconf 82' lang='lat' dir='ltr'><strong>adjecit</strong></span> <span class='ocrx_word' id='word_1_622' title='bbox 1529 4790 1599 4846; x_wconf 86' lang='lat' dir='ltr'><strong>de</strong></span> <span class='ocrx_word' id='word_1_623' title='bbox 1643 4791 1984 4859; x_wconf 85' lang='lat' dir='ltr'><strong>infidelibus,</strong></span> 
     </span>
    </p>
   </div>
   <div class='ocr_carea' id='block_1_79' title="bbox 399 4874 1984 4957">
    <p class='ocr_par' dir='ltr' id='par_1_79' title="bbox 399 4874 1984 4957">
     <span class='ocr_line' id='line_1_79' title="bbox 399 4874 1984 4957; baseline 0.008 -25"><span class='ocrx_word' id='word_1_624' title='bbox 399 4874 675 4945; x_wconf 86' lang='lat' dir='ltr'><strong>quomodo</strong></span> <span class='ocrx_word' id='word_1_625' title='bbox 727 4878 838 4935; x_wconf 90' lang='lat' dir='ltr'><strong>sint</strong></span> <span class='ocrx_word' id='word_1_626' title='bbox 909 4883 1168 4939; x_wconf 86' lang='lat' dir='ltr'><strong>contecti.</strong></span> <span class='ocrx_word' id='word_1_627' title='bbox 1234 4887 1327 4939; x_wconf 82' lang='lat' dir='ltr'><strong>Ait</strong></span> <span class='ocrx_word' id='word_1_628' title='bbox 1398 4887 1562 4957; x_wconf 87' lang='lat' dir='ltr'><strong>igitur</strong></span> <span class='ocrx_word' id='word_1_629' title='bbox 1625 4903 1804 4955; x_wconf 90' lang='lat' dir='ltr'><strong>nunc,</strong></span> <span class='ocrx_word' id='word_1_630' title='bbox 1854 4889 1984 4945; x_wconf 76' lang='lat' dir='ltr'><strong>Pro-</strong></span> 
     </span>
    </p>
   </div>
   <div class='ocr_carea' id='block_1_80' title="bbox 400 4971 1985 5052">
    <p class='ocr_par' dir='ltr' id='par_1_80' title="bbox 400 4971 1985 5052">
     <span class='ocr_line' id='line_1_80' title="bbox 400 4971 1985 5052; baseline 0.01 -29"><span class='ocrx_word' id='word_1_631' title='bbox 400 4980 585 5039; x_wconf 76' lang='lat' dir='ltr'><strong>pterea</strong></span> <span class='ocrx_word' id='word_1_632' title='bbox 637 4971 1011 5029; x_wconf 82' lang='lat' dir='ltr'><strong>fraudulenter</strong></span> <span class='ocrx_word' id='word_1_633' title='bbox 1076 4991 1183 5031; x_wconf 88' lang='lat' dir='ltr'><strong>non</strong></span> <span class='ocrx_word' id='word_1_634' title='bbox 1250 4977 1509 5049; x_wconf 81' lang='lat' dir='ltr'><strong>agimus,</strong></span> <span class='ocrx_word' id='word_1_635' title='bbox 1563 4980 1689 5050; x_wconf 83' lang='lat' dir='ltr'><strong>quia</strong></span> <span class='ocrx_word' id='word_1_636' title='bbox 1738 4982 1985 5052; x_wconf 65' lang='lat' dir='ltr'><strong>nosipsos</strong></span> 
     </span>
    </p>
   </div>
   <div class='ocr_carea' id='block_1_81' title="bbox 401 5062 1981 5140">
    <p class='ocr_par' dir='ltr' id='par_1_81' title="bbox 401 5062 1981 5140">
     <span class='ocr_line' id='line_1_81' title="bbox 401 5062 1981 5140; baseline 0.01 -25"><span class='ocrx_word' id='word_1_637' title='bbox 401 5062 541 5115; x_wconf 79' lang='lat' dir='ltr'><strong>haud</strong></span> <span class='ocrx_word' id='word_1_638' title='bbox 596 5062 981 5130; x_wconf 67' lang='lat' dir='ltr'><strong>praedicamus,</strong></span> <span class='ocrx_word' id='word_1_639' title='bbox 1043 5081 1306 5122; x_wconf 79' lang='lat' dir='ltr'><strong>vanorum</strong></span> <span class='ocrx_word' id='word_1_640' title='bbox 1356 5070 1726 5140; x_wconf 88' lang='lat' dir='ltr'><strong>apostolorum</strong></span> <span class='ocrx_word' id='word_1_641' title='bbox 1788 5075 1981 5131; x_wconf 85' lang='lat' dir='ltr'><strong>instar.</strong></span> 
     </span>
    </p>
   </div>
   <div class='ocr_carea' id='block_1_82' title="bbox 396 5151 1986 5229">
    <p class='ocr_par' dir='ltr' id='par_1_82' title="bbox 396 5151 1986 5229">
     <span class='ocr_line' id='line_1_82' title="bbox 396 5151 1986 5229; baseline 0.009 -21"><span class='ocrx_word' id='word_1_642' title='bbox 396 5151 533 5208; x_wconf 88' lang='lat' dir='ltr'><strong>Nam</strong></span> <span class='ocrx_word' id='word_1_643' title='bbox 576 5154 651 5209; x_wconf 92' lang='lat' dir='ltr'><strong>illi</strong></span> <span class='ocrx_word' id='word_1_644' title='bbox 687 5159 1086 5224; x_wconf 85' lang='lat' dir='ltr'><strong>persuadebant</strong></span> <span class='ocrx_word' id='word_1_645' title='bbox 1123 5161 1403 5229; x_wconf 80' lang='lat' dir='ltr'><strong>discipulis</strong></span> <span class='ocrx_word' id='word_1_646' title='bbox 1432 5164 1546 5219; x_wconf 86' lang='lat' dir='ltr'><strong>suis</strong></span> <span class='ocrx_word' id='word_1_647' title='bbox 1599 5173 1659 5220; x_wconf 89' lang='lat' dir='ltr'><strong>ut</strong></span> <span class='ocrx_word' id='word_1_648' title='bbox 1700 5181 1729 5220; x_wconf 86' lang='lat' dir='ltr'><strong>a</strong></span> <span class='ocrx_word' id='word_1_649' title='bbox 1783 5182 1843 5221; x_wconf 88' lang='lat' dir='ltr'><strong>se</strong></span> <span class='ocrx_word' id='word_1_650' title='bbox 1883 5169 1986 5222; x_wconf 81' lang='lat' dir='ltr'><strong>sibi</strong></span> 
     </span>
    </p>
   </div>
   <div class='ocr_carea' id='block_1_83' title="bbox 399 5244 1985 5326">
    <p class='ocr_par' dir='ltr' id='par_1_83' title="bbox 399 5244 1985 5326">
     <span class='ocr_line' id='line_1_83' title="bbox 399 5244 1985 5326; baseline 0.011 -30"><span class='ocrx_word' id='word_1_651' title='bbox 399 5244 620 5299; x_wconf 83' lang='lat' dir='ltr'><strong>nomina</strong></span> <span class='ocrx_word' id='word_1_652' title='bbox 655 5246 925 5316; x_wconf 88' lang='lat' dir='ltr'><strong>inderent,</strong></span> <span class='ocrx_word' id='word_1_653' title='bbox 957 5258 1016 5303; x_wconf 92' lang='grc' dir='ltr'><strong>ιιι</strong></span> <span class='ocrx_word' id='word_1_654' title='bbox 1082 5251 1134 5305; x_wconf 91' lang='lat' dir='ltr'><strong>in</strong></span> <span class='ocrx_word' id='word_1_655' title='bbox 1186 5253 1370 5323; x_wconf 87' lang='lat' dir='ltr'><strong>priore</strong></span> <span class='ocrx_word' id='word_1_656' title='bbox 1414 5253 1651 5325; x_wconf 64' lang='lat' dir='ltr'><strong>ElliaIOIa</strong></span> <span class='ocrx_word' id='word_1_657' title='bbox 1704 5260 1985 5326; x_wconf 74' lang='lat' dir='ltr'><strong>indicavit,</strong></span> 
     </span>
    </p>
   </div>
   <div class='ocr_carea' id='block_1_84' title="bbox 400 5334 1987 5420">
    <p class='ocr_par' dir='ltr' id='par_1_84' title="bbox 400 5334 1987 5420">
     <span class='ocr_line' id='line_1_84' title="bbox 400 5334 1987 5420; baseline 0.013 -31"><span class='ocrx_word' id='word_1_658' title='bbox 400 5334 525 5392; x_wconf 83' lang='lat' dir='ltr'><strong>aliis</strong></span> <span class='ocrx_word' id='word_1_659' title='bbox 551 5338 884 5405; x_wconf 87' lang='lat' dir='ltr'><strong>dicentibus,</strong></span> <span class='ocrx_word' id='word_1_660' title='bbox 917 5360 936 5392; x_wconf 80' lang='grc' dir='ltr'><strong>ι</strong></span> <span class='ocrx_word' id='word_1_661' title='bbox 972 5341 1083 5414; x_wconf 82' lang='lat' dir='ltr'><strong>Ego</strong></span> <span class='ocrx_word' id='word_1_662' title='bbox 1104 5346 1322 5413; x_wconf 82' lang='lat' dir='ltr'><strong>quidem</strong></span> <span class='ocrx_word' id='word_1_663' title='bbox 1356 5364 1475 5402; x_wconf 87' lang='lat' dir='ltr'><strong>sum</strong></span> <span class='ocrx_word' id='word_1_664' title='bbox 1500 5351 1709 5420; x_wconf 83' lang='lat' dir='ltr'><strong>Apollo,</strong></span> <span class='ocrx_word' id='word_1_665' title='bbox 1736 5365 1837 5420; x_wconf 77' lang='lat' dir='ltr'><strong>ego</strong></span> <span class='ocrx_word' id='word_1_666' title='bbox 1857 5369 1987 5409; x_wconf 81' lang='lat' dir='ltr'><strong>vero</strong></span> 
     </span>
    </p>
   </div>
   <div class='ocr_carea' id='block_1_85' title="bbox 397 5427 1983 5511">
    <p class='ocr_par' dir='ltr' id='par_1_85' title="bbox 397 5427 1983 5511">
     <span class='ocr_line' id='line_1_85' title="bbox 397 5427 1983 5511; baseline 0.01 -26"><span class='ocrx_word' id='word_1_667' title='bbox 397 5427 676 5501; x_wconf 61' lang='lat' dir='ltr'><strong>Cepha&#39;tt;</strong></span> <span class='ocrx_word' id='word_1_668' title='bbox 720 5452 741 5485; x_wconf 73' lang='grc' dir='ltr'>υ</span> <span class='ocrx_word' id='word_1_669' title='bbox 776 5443 892 5500; x_wconf 82' lang='lat' dir='ltr'><strong>aut,</strong></span> <span class='ocrx_word' id='word_1_670' title='bbox 941 5450 1008 5488; x_wconf 88' lang='lat' dir='ltr'><strong>ne</strong></span> <span class='ocrx_word' id='word_1_671' title='bbox 1033 5451 1127 5492; x_wconf 77' lang='lat' dir='ltr'><strong>vos</strong></span> <span class='ocrx_word' id='word_1_672' title='bbox 1168 5439 1509 5507; x_wconf 65' lang='lat' dir='ltr'><strong>existimetis,</strong></span> <span class='ocrx_word' id='word_1_673' title='bbox 1564 5444 1653 5511; x_wconf 89' lang='lat' dir='ltr'><strong>qui</strong></span> <span class='ocrx_word' id='word_1_674' title='bbox 1702 5445 1983 5501; x_wconf 79' lang='lat' dir='ltr'><strong>adversum</strong></span> 
     </span>
    </p>
   </div>
   <div class='ocr_carea' id='block_1_86' title="bbox 401 5526 1976 5605">
    <p class='ocr_par' dir='ltr' id='par_1_86' title="bbox 401 5526 1976 5605">
     <span class='ocr_line' id='line_1_86' title="bbox 401 5526 1976 5605; baseline 0.013 -30"><span class='ocrx_word' id='word_1_675' title='bbox 401 5536 501 5575; x_wconf 88' lang='lat' dir='ltr'><strong>nos</strong></span> <span class='ocrx_word' id='word_1_676' title='bbox 526 5526 801 5592; x_wconf 82' lang='lat' dir='ltr'><strong>pugnatis,</strong></span> <span class='ocrx_word' id='word_1_677' title='bbox 833 5527 976 5595; x_wconf 86' lang='lat' dir='ltr'><strong>quod</strong></span> <span class='ocrx_word' id='word_1_678' title='bbox 1007 5528 1290 5584; x_wconf 88' lang='lat' dir='ltr'><strong>uobiscum</strong></span> <span class='ocrx_word' id='word_1_679' title='bbox 1332 5534 1529 5588; x_wconf 86' lang='lat' dir='ltr'><strong>bellum</strong></span> <span class='ocrx_word' id='word_1_680' title='bbox 1561 5539 1768 5605; x_wconf 65' lang='lat' dir='ltr'><strong>geritis.</strong></span> <span class='ocrx_word' id='word_1_681' title='bbox 1810 5560 1828 5592; x_wconf 80' lang='grc' dir='ltr'><strong>ι</strong></span> <span class='ocrx_word' id='word_1_682' title='bbox 1861 5539 1976 5596; x_wconf 68' lang='lat' dir='ltr'><strong>Non</strong></span> 
     </span>
    </p>
   </div>
   <div class='ocr_carea' id='block_1_87' title="bbox 504 5688 1535 5759">
    <p class='ocr_par' dir='ltr' id='par_1_87' title="bbox 504 5688 1535 5759">
     <span class='ocr_line' id='line_1_87' title="bbox 504 5688 1535 5759; baseline 0.008 -19"><span class='ocrx_word' id='word_1_683' title='bbox 504 5703 529 5727; x_wconf 78' lang='grc' dir='ltr'><strong>ο</strong></span> <span class='ocrx_word' id='word_1_684' title='bbox 576 5688 735 5742; x_wconf 74' lang='lat' dir='ltr'><strong>Boni.</strong></span> <span class='ocrx_word' id='word_1_685' title='bbox 780 5704 818 5755; x_wconf 90' lang='grc' dir='ltr'><strong>ι,</strong></span> <span class='ocrx_word' id='word_1_686' title='bbox 866 5690 959 5747; x_wconf 72' lang='lat'><strong>28.</strong></span> <span class='ocrx_word' id='word_1_687' title='bbox 1069 5704 1097 5743; x_wconf 72' lang='grc' dir='ltr'><strong>ιι</strong></span> <span class='ocrx_word' id='word_1_688' title='bbox 1136 5695 1321 5750; x_wconf 76' lang='lat' dir='ltr'><strong>Matth.</strong></span> <span class='ocrx_word' id='word_1_689' title='bbox 1358 5710 1447 5759; x_wconf 79' lang='lat' dir='ltr'><strong>ru,</strong></span> <span class='ocrx_word' id='word_1_690' title='bbox 1483 5695 1535 5749; x_wconf 91' lang='lat'><strong>6.</strong></span> 
     </span>
    </p>
   </div>
   <div class='ocr_carea' id='block_1_88' title="bbox 1647 5699 2079 5765">
    <p class='ocr_par' dir='ltr' id='par_1_88' title="bbox 1647 5699 2079 5765">
     <span class='ocr_line' id='line_1_88' title="bbox 1647 5699 2079 5765; baseline 0.005 -12"><span class='ocrx_word' id='word_1_691' title='bbox 1647 5707 1674 5747; x_wconf 71' lang='grc' dir='ltr'>ει</span> <span class='ocrx_word' id='word_1_692' title='bbox 1708 5699 1724 5753; x_wconf 91' lang='grc' dir='ltr'><strong>Ι</strong></span> <span class='ocrx_word' id='word_1_693' title='bbox 1759 5700 1888 5757; x_wconf 71' lang='lat' dir='ltr'><strong>(lor.</strong></span> <span class='ocrx_word' id='word_1_694' title='bbox 1924 5718 1960 5765; x_wconf 92' lang='lat' dir='ltr'><strong>I,</strong></span> <span class='ocrx_word' id='word_1_695' title='bbox 1992 5702 2079 5755; x_wconf 73' lang='grc'><strong>12.</strong></span> 
     </span>
    </p>
   </div>
   <div class='ocr_carea' id='block_1_89' title="bbox 2085 3289 3635 3358">
    <p class='ocr_par' dir='ltr' id='par_1_89' title="bbox 2085 3289 3635 3358">
     <span class='ocr_line' id='line_1_89' title="bbox 2085 3289 3635 3358; baseline 0 -14"><span class='ocrx_word' id='word_1_696' title='bbox 2085 3292 2349 3355; x_wconf 80' lang='grc' dir='ltr'>τοιούτοις</span> <span class='ocrx_word' id='word_1_697' title='bbox 2389 3291 2714 3345; x_wconf 80' lang='grc' dir='ltr'><strong>ἀπέκλεισεν</strong></span> <span class='ocrx_word' id='word_1_698' title='bbox 2742 3292 2770 3344; x_wconf 84' lang='grc' dir='ltr'>ὁ</span> <span class='ocrx_word' id='word_1_699' title='bbox 2809 3292 2943 3355; x_wconf 74' lang='grc' dir='ltr'>Θεὸς</span> <span class='ocrx_word' id='word_1_700' title='bbox 2974 3293 3074 3355; x_wconf 67' lang='grc' dir='ltr'>τὰς</span> <span class='ocrx_word' id='word_1_701' title='bbox 3120 3293 3346 3353; x_wconf 78' lang='grc' dir='ltr'>ἀκτῖνας</span> <span class='ocrx_word' id='word_1_702' title='bbox 3374 3291 3474 3358; x_wconf 74' lang='grc' dir='ltr'><strong>τῆς</strong></span> <span class='ocrx_word' id='word_1_703' title='bbox 3502 3289 3635 3355; x_wconf 61' lang='grc' dir='ltr'>δόξης</span> 
     </span>
    </p>
   </div>
   <div class='ocr_carea' id='block_1_90' title="bbox 2080 3385 3636 3457">
    <p class='ocr_par' dir='ltr' id='par_1_90' title="bbox 2080 3385 3636 3457">
     <span class='ocr_line' id='line_1_90' title="bbox 2080 3385 3636 3457; baseline -0.002 -17"><span class='ocrx_word' id='word_1_704' title='bbox 2080 3387 2173 3440; x_wconf 86' lang='grc' dir='ltr'><strong>τοῦ</strong></span> <span class='ocrx_word' id='word_1_705' title='bbox 2217 3388 2577 3455; x_wconf 81' lang='grc' dir='ltr'>Εὑαγγελίου,</span> <span class='ocrx_word' id='word_1_706' title='bbox 2606 3387 2681 3450; x_wconf 85' lang='grc' dir='ltr'><strong>ὠς</strong></span> <span class='ocrx_word' id='word_1_707' title='bbox 2708 3387 2941 3449; x_wconf 79' lang='grc' dir='ltr'>καὶτοῖς</span> <span class='ocrx_word' id='word_1_708' title='bbox 2987 3385 3357 3457; x_wconf 81' lang='grc' dir='ltr'>Ἰσραηλίταις</span> <span class='ocrx_word' id='word_1_709' title='bbox 3389 3388 3450 3438; x_wconf 72' lang='grc' dir='ltr'><strong>τὸ</strong></span> <span class='ocrx_word' id='word_1_710' title='bbox 3495 3388 3636 3457; x_wconf 68' lang='grc' dir='ltr'><strong>πρός·</strong></span> 
     </span>
    </p>
   </div>
   <div class='ocr_carea' id='block_1_91' title="bbox 2080 3479 3659 3552">
    <p class='ocr_par' dir='ltr' id='par_1_91' title="bbox 2080 3479 3659 3552">
     <span class='ocr_line' id='line_1_91' title="bbox 2080 3479 3659 3552; baseline -0.004 -18"><span class='ocrx_word' id='word_1_711' title='bbox 2080 3497 2234 3534; x_wconf 85' lang='grc' dir='ltr'>ωπον</span> <span class='ocrx_word' id='word_1_712' title='bbox 2268 3483 2533 3544; x_wconf 77' lang='grc' dir='ltr'>Μωσέως.</span> <span class='ocrx_word' id='word_1_713' title='bbox 2571 3480 2729 3534; x_wconf 82' lang='grc' dir='ltr'>Οῦτω</span> <span class='ocrx_word' id='word_1_714' title='bbox 2777 3483 2869 3534; x_wconf 71' lang='grc' dir='ltr'><strong>καὶ</strong></span> <span class='ocrx_word' id='word_1_715' title='bbox 2903 3483 3034 3552; x_wconf 78' lang='grc' dir='ltr'>ἡμῖν</span> <span class='ocrx_word' id='word_1_716' title='bbox 3077 3479 3307 3545; x_wconf 76' lang='grc' dir='ltr'><strong>ἐπέταξε</strong></span> <span class='ocrx_word' id='word_1_717' title='bbox 3342 3480 3416 3550; x_wconf 80' lang='grc' dir='ltr'>μὴ</span> <span class='ocrx_word' id='word_1_718' title='bbox 3448 3480 3659 3551; x_wconf 66' lang='grc' dir='ltr'><strong>βάλλεν⁴</strong></span> 
     </span>
    </p>
   </div>
   <div class='ocr_carea' id='block_1_92' title="bbox 2081 3572 3631 3645">
    <p class='ocr_par' dir='ltr' id='par_1_92' title="bbox 2081 3572 3631 3645">
     <span class='ocr_line' id='line_1_92' title="bbox 2081 3572 3631 3645; baseline 0 -19"><span class='ocrx_word' id='word_1_719' title='bbox 2081 3574 2210 3636; x_wconf 79' lang='grc' dir='ltr'>τοὺς</span> <span class='ocrx_word' id='word_1_720' title='bbox 2243 3573 2590 3645; x_wconf 76' lang='grc' dir='ltr'>μαργαρίτας</span> <span class='ocrx_word' id='word_1_721' title='bbox 2629 3573 2941 3645; x_wconf 83' lang='grc' dir='ltr'>ἔμπροσθεν</span> <span class='ocrx_word' id='word_1_722' title='bbox 2972 3573 3081 3627; x_wconf 87' lang='grc' dir='ltr'><strong>τῶν</strong></span> <span class='ocrx_word' id='word_1_723' title='bbox 3120 3572 3342 3645; x_wconf 87' lang='grc' dir='ltr'>χοίρων.</span> <span class='ocrx_word' id='word_1_724' title='bbox 3383 3573 3559 3635; x_wconf 76' lang='grc' dir='ltr'>Καλῶς</span> <span class='ocrx_word' id='word_1_725' title='bbox 3586 3572 3631 3626; x_wconf 68' lang='grc' dir='ltr'><strong>δὲ</strong></span> 
     </span>
    </p>
   </div>
   <div class='ocr_carea' id='block_1_93' title="bbox 2084 3663 3629 3739">
    <p class='ocr_par' dir='ltr' id='par_1_93' title="bbox 2084 3663 3629 3739">
     <span class='ocr_line' id='line_1_93' title="bbox 2084 3663 3629 3739; baseline -0.001 -19"><span class='ocrx_word' id='word_1_726' title='bbox 2084 3663 2211 3720; x_wconf 83' lang='grc' dir='ltr'>εἷπε</span> <span class='ocrx_word' id='word_1_727' title='bbox 2244 3668 2327 3731; x_wconf 75' lang='grc' dir='ltr'>τὸ,</span> <span class='ocrx_word' id='word_1_728' title='bbox 2369 3687 2386 3719; x_wconf 83' lang='grc' dir='ltr'><strong>ι</strong></span> <span class='ocrx_word' id='word_1_729' title='bbox 2430 3668 2718 3736; x_wconf 77' lang='grc' dir='ltr'>Δύγάσαι·</span> <span class='ocrx_word' id='word_1_730' title='bbox 2769 3687 2787 3719; x_wconf 75' lang='grc' dir='ltr'><strong>ι</strong></span> <span class='ocrx_word' id='word_1_731' title='bbox 2838 3667 3023 3739; x_wconf 80' lang='grc' dir='ltr'>Λύγὴν</span> <span class='ocrx_word' id='word_1_732' title='bbox 3052 3669 3162 3738; x_wconf 78' lang='grc' dir='ltr'>γὰρ</span> <span class='ocrx_word' id='word_1_733' title='bbox 3202 3669 3397 3739; x_wconf 79' lang='grc' dir='ltr'>ἔχομεν</span> <span class='ocrx_word' id='word_1_734' title='bbox 3421 3667 3506 3720; x_wconf 82' lang='grc' dir='ltr'><strong>νῦν</strong></span> <span class='ocrx_word' id='word_1_735' title='bbox 3547 3682 3629 3735; x_wconf 76' lang='grc' dir='ltr'>με·</span> 
     </span>
    </p>
   </div>
   <div class='ocr_carea' id='block_1_94' title="bbox 2082 3760 3630 3834">
    <p class='ocr_par' dir='ltr' id='par_1_94' title="bbox 2082 3760 3630 3834">
     <span class='ocr_line' id='line_1_94' title="bbox 2082 3760 3630 3834; baseline -0.004 -19"><span class='ocrx_word' id='word_1_736' title='bbox 2082 3762 2262 3834; x_wconf 85' lang='grc' dir='ltr'>τρίαν,</span> <span class='ocrx_word' id='word_1_737' title='bbox 2291 3762 2386 3816; x_wconf 75' lang='grc' dir='ltr'><strong>καὶ</strong></span> <span class='ocrx_word' id='word_1_738' title='bbox 2416 3763 2477 3815; x_wconf 82' lang='grc' dir='ltr'><strong>ού</strong></span> <span class='ocrx_word' id='word_1_739' title='bbox 2505 3762 2599 3815; x_wconf 83' lang='grc' dir='ltr'>τὸν</span> <span class='ocrx_word' id='word_1_740' title='bbox 2630 3762 2752 3815; x_wconf 79' lang='grc' dir='ltr'>ὅλον</span> <span class='ocrx_word' id='word_1_741' title='bbox 2785 3761 3068 3831; x_wconf 82' lang='grc' dir='ltr'>φωτισμόν</span> <span class='ocrx_word' id='word_1_742' title='bbox 3090 3775 3104 3789; x_wconf 82' lang='lat'><strong>&#39;</strong></span> <span class='ocrx_word' id='word_1_743' title='bbox 3141 3761 3169 3814; x_wconf 82' lang='grc' dir='ltr'><strong>ὃ</strong></span> <span class='ocrx_word' id='word_1_744' title='bbox 3216 3762 3313 3815; x_wconf 73' lang='grc' dir='ltr'>καὶ</span> <span class='ocrx_word' id='word_1_745' title='bbox 3355 3760 3630 3831; x_wconf 65' lang='grc' dir='ltr'>ἔμπροσθεν</span> 
     </span>
    </p>
   </div>
   <div class='ocr_carea' id='block_1_95' title="bbox 2084 3852 3629 3929">
    <p class='ocr_par' dir='ltr' id='par_1_95' title="bbox 2084 3852 3629 3929">
     <span class='ocr_line' id='line_1_95' title="bbox 2084 3852 3629 3929; baseline -0.005 -18"><span class='ocrx_word' id='word_1_746' title='bbox 2084 3853 2237 3911; x_wconf 75' lang='grc' dir='ltr'>εἶπεν</span> <span class='ocrx_word' id='word_1_747' title='bbox 2283 3855 2462 3927; x_wconf 75' lang='grc' dir='ltr'>ὀσμὴν</span> <span class='ocrx_word' id='word_1_748' title='bbox 2498 3857 2595 3910; x_wconf 74' lang='grc' dir='ltr'>καὶ</span> <span class='ocrx_word' id='word_1_749' title='bbox 2644 3854 2979 3929; x_wconf 71' lang='grc' dir='ltr'>ἀρραϐῶνα,</span> <span class='ocrx_word' id='word_1_750' title='bbox 3008 3853 3227 3920; x_wconf 77' lang='grc' dir='ltr'>δεικνὺς</span> <span class='ocrx_word' id='word_1_751' title='bbox 3270 3858 3354 3911; x_wconf 84' lang='grc' dir='ltr'><strong>ὅτι</strong></span> <span class='ocrx_word' id='word_1_752' title='bbox 3385 3855 3443 3909; x_wconf 72' lang='grc' dir='ltr'><strong>τὸ</strong></span> <span class='ocrx_word' id='word_1_753' title='bbox 3491 3852 3629 3907; x_wconf 79' lang='grc' dir='ltr'>πλέον</span> 
     </span>
    </p>
   </div>
   <div class='ocr_carea' id='block_1_96' title="bbox 2082 3948 2400 4020">
    <p class='ocr_par' dir='ltr' id='par_1_96' title="bbox 2082 3948 2400 4020">
     <span class='ocr_line' id='line_1_96' title="bbox 2082 3948 2400 4020; baseline -0.009 -17"><span class='ocrx_word' id='word_1_754' title='bbox 2082 3949 2201 4003; x_wconf 75' lang='grc' dir='ltr'>ἐκεῖ</span> <span class='ocrx_word' id='word_1_755' title='bbox 2228 3948 2400 4020; x_wconf 86' lang='grc' dir='ltr'>μένει.</span> 
     </span>
    </p>
   </div>
   <div class='ocr_carea' id='block_1_97' title="bbox 2163 4129 3624 4204">
    <p class='ocr_par' dir='ltr' id='par_1_97' title="bbox 2163 4129 3624 4204">
     <span class='ocr_line' id='line_1_97' title="bbox 2163 4129 3624 4204; baseline -0.003 -17"><span class='ocrx_word' id='word_1_756' title='bbox 2163 4155 2182 4187; x_wconf 76' lang='grc' dir='ltr'><strong>ι</strong></span> <span class='ocrx_word' id='word_1_757' title='bbox 2233 4135 2333 4200; x_wconf 80' lang='grc' dir='ltr'><strong>Ὃς</strong></span> <span class='ocrx_word' id='word_1_758' title='bbox 2363 4135 2510 4189; x_wconf 76' lang='grc' dir='ltr'>ἐστιν</span> <span class='ocrx_word' id='word_1_759' title='bbox 2540 4132 2704 4189; x_wconf 80' lang='grc' dir='ltr'>εἰκὼν</span> <span class='ocrx_word' id='word_1_760' title='bbox 2737 4133 2831 4187; x_wconf 89' lang='grc' dir='ltr'><strong>τοῦ</strong></span> <span class='ocrx_word' id='word_1_761' title='bbox 2863 4132 3000 4187; x_wconf 78' lang='grc' dir='ltr'>Θεοῦ</span> <span class='ocrx_word' id='word_1_762' title='bbox 3037 4133 3131 4187; x_wconf 90' lang='grc' dir='ltr'><strong>τοῦ</strong></span> <span class='ocrx_word' id='word_1_763' title='bbox 3173 4131 3429 4204; x_wconf 76' lang='grc' dir='ltr'>ἀοράτου.</span> <span class='ocrx_word' id='word_1_764' title='bbox 3466 4151 3482 4184; x_wconf 82' lang='grc' dir='ltr'><strong>ι</strong></span> <span class='ocrx_word' id='word_1_765' title='bbox 3525 4129 3624 4185; x_wconf 75' lang='lat' dir='ltr'><strong>Asi-</strong></span> 
     </span>
    </p>
   </div>
   <div class='ocr_carea' id='block_1_98' title="bbox 2085 4224 3626 4298">
    <p class='ocr_par' dir='ltr' id='par_1_98' title="bbox 2085 4224 3626 4298">
     <span class='ocr_line' id='line_1_98' title="bbox 2085 4224 3626 4298; baseline -0.005 -17"><span class='ocrx_word' id='word_1_766' title='bbox 2085 4244 2276 4282; x_wconf 86' lang='grc' dir='ltr'>κνυσιν</span> <span class='ocrx_word' id='word_1_767' title='bbox 2305 4227 2541 4281; x_wconf 75' lang='grc' dir='ltr'>ἐνταῦθα</span> <span class='ocrx_word' id='word_1_768' title='bbox 2558 4268 2573 4293; x_wconf 96' lang='grc'><strong>,</strong></span> <span class='ocrx_word' id='word_1_769' title='bbox 2599 4229 2683 4281; x_wconf 85' lang='grc' dir='ltr'><strong>ὅτι</strong></span> <span class='ocrx_word' id='word_1_770' title='bbox 2708 4228 2771 4281; x_wconf 79' lang='grc' dir='ltr'><strong>οὐ</strong></span> <span class='ocrx_word' id='word_1_771' title='bbox 2808 4226 2970 4297; x_wconf 72' lang='grc' dir='ltr'>μόνον</span> <span class='ocrx_word' id='word_1_772' title='bbox 2993 4227 3091 4297; x_wconf 82' lang='grc' dir='ltr'>τὴν</span> <span class='ocrx_word' id='word_1_773' title='bbox 3119 4226 3213 4280; x_wconf 85' lang='grc' dir='ltr'>τοῦ</span> <span class='ocrx_word' id='word_1_774' title='bbox 3238 4226 3471 4298; x_wconf 81' lang='grc' dir='ltr'>Χριστοῦ</span> <span class='ocrx_word' id='word_1_775' title='bbox 3497 4224 3626 4288; x_wconf 69' lang='grc' dir='ltr'>δόξαν</span> 
     </span>
    </p>
   </div>
   <div class='ocr_carea' id='block_1_99' title="bbox 2087 4315 3626 4393">
    <p class='ocr_par' dir='ltr' id='par_1_99' title="bbox 2087 4315 3626 4393">
     <span class='ocr_line' id='line_1_99' title="bbox 2087 4315 3626 4393; baseline -0.006 -16"><span class='ocrx_word' id='word_1_776' title='bbox 2087 4323 2395 4391; x_wconf 78' lang='grc' dir='ltr'>ἀγνοοῦσιν,</span> <span class='ocrx_word' id='word_1_777' title='bbox 2425 4322 2561 4375; x_wconf 81' lang='grc' dir='ltr'>ἀλλὰ</span> <span class='ocrx_word' id='word_1_778' title='bbox 2588 4321 2683 4375; x_wconf 67' lang='grc' dir='ltr'><strong>κοιλ⁵</strong></span> <span class='ocrx_word' id='word_1_779' title='bbox 2702 4320 2799 4392; x_wconf 79' lang='grc' dir='ltr'><strong>τὴν</strong></span> <span class='ocrx_word' id='word_1_780' title='bbox 2822 4320 2914 4373; x_wconf 89' lang='grc' dir='ltr'><strong>τοῦ</strong></span> <span class='ocrx_word' id='word_1_781' title='bbox 2934 4319 3167 4393; x_wconf 85' lang='grc' dir='ltr'>Πατρός.</span> <span class='ocrx_word' id='word_1_782' title='bbox 3201 4319 3354 4372; x_wconf 78' lang='grc' dir='ltr'>Ἐπεὶ</span> <span class='ocrx_word' id='word_1_783' title='bbox 3376 4321 3473 4391; x_wconf 76' lang='grc' dir='ltr'><strong>γὰρ</strong></span> <span class='ocrx_word' id='word_1_784' title='bbox 3495 4315 3626 4371; x_wconf 80' lang='grc' dir='ltr'>εἰκών</span> 
     </span>
    </p>
   </div>
   <div class='ocr_carea' id='block_1_100' title="bbox 2085 4405 3625 4483">
    <p class='ocr_par' dir='ltr' id='par_1_100' title="bbox 2085 4405 3625 4483">
     <span class='ocr_line' id='line_1_100' title="bbox 2085 4405 3625 4483; baseline -0.006 -16"><span class='ocrx_word' id='word_1_785' title='bbox 2085 4415 2201 4467; x_wconf 85' lang='grc' dir='ltr'>ὲστι</span> <span class='ocrx_word' id='word_1_786' title='bbox 2236 4412 2329 4467; x_wconf 87' lang='grc' dir='ltr'><strong>τοῦ</strong></span> <span class='ocrx_word' id='word_1_787' title='bbox 2367 4412 2576 4481; x_wconf 78' lang='grc' dir='ltr'>Ιιατρὸς</span> <span class='ocrx_word' id='word_1_788' title='bbox 2604 4412 2633 4465; x_wconf 80' lang='grc' dir='ltr'>ὁ</span> <span class='ocrx_word' id='word_1_789' title='bbox 2668 4411 2925 4482; x_wconf 78' lang='grc' dir='ltr'>Χριστὸς,</span> <span class='ocrx_word' id='word_1_790' title='bbox 2959 4413 2986 4465; x_wconf 86' lang='grc' dir='ltr'>ὁ</span> <span class='ocrx_word' id='word_1_791' title='bbox 3015 4411 3206 4465; x_wconf 63' lang='grc' dir='ltr'>τοῦτον</span> <span class='ocrx_word' id='word_1_792' title='bbox 3240 4409 3318 4483; x_wconf 78' lang='grc' dir='ltr'>μὴ</span> <span class='ocrx_word' id='word_1_793' title='bbox 3347 4410 3500 4482; x_wconf 73' lang='grc' dir='ltr'>ὀρῶν,</span> <span class='ocrx_word' id='word_1_794' title='bbox 3531 4405 3625 4461; x_wconf 72' lang='grc' dir='ltr'>οὐδὲ</span> 
     </span>
    </p>
   </div>
   <div class='ocr_carea' id='block_1_101' title="bbox 2089 4503 2488 4561">
    <p class='ocr_par' dir='ltr' id='par_1_101' title="bbox 2089 4503 2488 4561">
     <span class='ocr_line' id='line_1_101' title="bbox 2089 4503 2488 4561; baseline -0.003 -2"><span class='ocrx_word' id='word_1_795' title='bbox 2089 4510 2298 4561; x_wconf 74' lang='grc' dir='ltr'>ἐκεῖνον</span> <span class='ocrx_word' id='word_1_796' title='bbox 2327 4503 2488 4559; x_wconf 72' lang='grc' dir='ltr'>οἶδεν,</span> 
     </span>
    </p>
   </div>
   <div class='ocr_carea' id='block_1_102' title="bbox 2168 4594 3624 4670">
    <p class='ocr_par' dir='ltr' id='par_1_102' title="bbox 2168 4594 3624 4670">
     <span class='ocr_line' id='line_1_102' title="bbox 2168 4594 3624 4670; baseline -0.005 -17"><span class='ocrx_word' id='word_1_797' title='bbox 2168 4619 2185 4653; x_wconf 84' lang='grc' dir='ltr'><strong>ι</strong></span> <span class='ocrx_word' id='word_1_798' title='bbox 2234 4600 2308 4653; x_wconf 77' lang='grc' dir='ltr'><strong>Οὐ</strong></span> <span class='ocrx_word' id='word_1_799' title='bbox 2356 4599 2465 4670; x_wconf 74' lang='grc' dir='ltr'><strong>γὰρ</strong></span> <span class='ocrx_word' id='word_1_800' title='bbox 2521 4598 2749 4660; x_wconf 75' lang='grc' dir='ltr'>ἑαυτοὺς</span> <span class='ocrx_word' id='word_1_801' title='bbox 2812 4596 3199 4668; x_wconf 79' lang='grc' dir='ltr'>κηρύσσομεν,</span> <span class='ocrx_word' id='word_1_802' title='bbox 3249 4598 3386 4652; x_wconf 81' lang='grc' dir='ltr'>ἀλλὰ</span> <span class='ocrx_word' id='word_1_803' title='bbox 3429 4594 3624 4669; x_wconf 69' lang='grc' dir='ltr'>Χριστὸν</span> 
     </span>
    </p>
   </div>
   <div class='ocr_carea' id='block_1_103' title="bbox 2085 4689 3625 4765">
    <p class='ocr_par' dir='ltr' id='par_1_103' title="bbox 2085 4689 3625 4765">
     <span class='ocr_line' id='line_1_103' title="bbox 2085 4689 3625 4765; baseline -0.005 -18"><span class='ocrx_word' id='word_1_804' title='bbox 2085 4693 2294 4764; x_wconf 84' lang='grc' dir='ltr'>Ἰησοῦν</span> <span class='ocrx_word' id='word_1_805' title='bbox 2325 4693 2561 4765; x_wconf 66' lang='grc' dir='ltr'>Κύριονυ</span> <span class='ocrx_word' id='word_1_806' title='bbox 2614 4693 2841 4755; x_wconf 73' lang='grc' dir='ltr'>ἑαυτοὺς</span> <span class='ocrx_word' id='word_1_807' title='bbox 2880 4693 2937 4745; x_wconf 82' lang='grc' dir='ltr'><strong>δὲ</strong></span> <span class='ocrx_word' id='word_1_808' title='bbox 2979 4689 3199 4755; x_wconf 82' lang='grc' dir='ltr'>δούλους</span> <span class='ocrx_word' id='word_1_809' title='bbox 3240 4692 3392 4761; x_wconf 87' lang='grc' dir='ltr'>ὑμῶν</span> <span class='ocrx_word' id='word_1_810' title='bbox 3418 4691 3625 4758; x_wconf 65' lang='lat' dir='ltr'><strong>6:1sz-</strong></span> 
     </span>
    </p>
   </div>
   <div class='ocr_carea' id='block_1_104' title="bbox 2087 4782 3622 4857">
    <p class='ocr_par' dir='ltr' id='par_1_104' title="bbox 2087 4782 3622 4857">
     <span class='ocr_line' id='line_1_104' title="bbox 2087 4782 3622 4857; baseline -0.004 -17"><span class='ocrx_word' id='word_1_811' title='bbox 2087 4789 2229 4841; x_wconf 75' lang='grc' dir='ltr'>στόν.</span> <span class='ocrx_word' id='word_1_812' title='bbox 2270 4807 2289 4841; x_wconf 76' lang='grc' dir='ltr'><strong>ι</strong></span> <span class='ocrx_word' id='word_1_813' title='bbox 2338 4788 2477 4841; x_wconf 82' lang='grc' dir='ltr'><strong>Ἀνω</strong></span> <span class='ocrx_word' id='word_1_814' title='bbox 2523 4782 2699 4851; x_wconf 72' lang='grc' dir='ltr'>εἶπεν,</span> <span class='ocrx_word' id='word_1_815' title='bbox 2729 4788 2809 4841; x_wconf 77' lang='grc' dir='ltr'><strong>ὅτι</strong></span> <span class='ocrx_word' id='word_1_816' title='bbox 2850 4785 2924 4841; x_wconf 82' lang='grc' dir='ltr'><strong>οὐ</strong></span> <span class='ocrx_word' id='word_1_817' title='bbox 2971 4785 3385 4857; x_wconf 83' lang='grc' dir='ltr'>περιπατοῦμεν</span> <span class='ocrx_word' id='word_1_818' title='bbox 3430 4788 3483 4837; x_wconf 80' lang='grc' dir='ltr'>ἐν</span> <span class='ocrx_word' id='word_1_819' title='bbox 3511 4800 3622 4836; x_wconf 74' lang='grc' dir='ltr'>παν-</span> 
     </span>
    </p>
   </div>
   <div class='ocr_carea' id='block_1_105' title="bbox 2083 4878 3616 4954">
    <p class='ocr_par' dir='ltr' id='par_1_105' title="bbox 2083 4878 3616 4954">
     <span class='ocr_line' id='line_1_105' title="bbox 2083 4878 3616 4954; baseline -0.012 -14"><span class='ocrx_word' id='word_1_820' title='bbox 2083 4882 2316 4953; x_wconf 70' lang='grc' dir='ltr'>ουργίᾳ·</span> <span class='ocrx_word' id='word_1_821' title='bbox 2387 4878 2504 4935; x_wconf 77' lang='grc' dir='ltr'>εἶτα</span> <span class='ocrx_word' id='word_1_822' title='bbox 2553 4880 2887 4954; x_wconf 64' lang='grc' dir='ltr'>παρενέϐαλε</span> <span class='ocrx_word' id='word_1_823' title='bbox 2943 4882 3012 4935; x_wconf 83' lang='grc' dir='ltr'><strong>τὰ</strong></span> <span class='ocrx_word' id='word_1_824' title='bbox 3060 4882 3190 4953; x_wconf 77' lang='grc' dir='ltr'>περὶ</span> <span class='ocrx_word' id='word_1_825' title='bbox 3241 4882 3349 4935; x_wconf 81' lang='grc' dir='ltr'><strong>τῶν</strong></span> <span class='ocrx_word' id='word_1_826' title='bbox 3396 4878 3616 4937; x_wconf 73' lang='grc' dir='ltr'><strong>ἀπεστων,</strong></span> 
     </span>
    </p>
   </div>
   <div class='ocr_carea' id='block_1_106' title="bbox 2086 4967 3617 5045">
    <p class='ocr_par' dir='ltr' id='par_1_106' title="bbox 2086 4967 3617 5045">
     <span class='ocr_line' id='line_1_106' title="bbox 2086 4967 3617 5045; baseline -0.012 -12"><span class='ocrx_word' id='word_1_827' title='bbox 2086 4977 2202 5040; x_wconf 80' lang='grc' dir='ltr'>πῶς</span> <span class='ocrx_word' id='word_1_828' title='bbox 2229 4978 2334 5029; x_wconf 78' lang='lat' dir='ltr'><strong>eiet</strong></span> <span class='ocrx_word' id='word_1_829' title='bbox 2358 4976 2788 5045; x_wconf 83' lang='grc' dir='ltr'>κεκαλυμμένοι.</span> <span class='ocrx_word' id='word_1_830' title='bbox 2821 4974 2991 5043; x_wconf 76' lang='grc' dir='ltr'>Φησὶν</span> <span class='ocrx_word' id='word_1_831' title='bbox 3020 4969 3112 5025; x_wconf 74' lang='grc' dir='ltr'><strong>οὖν</strong></span> <span class='ocrx_word' id='word_1_832' title='bbox 3143 4973 3262 5037; x_wconf 85' lang='grc' dir='ltr'>νῦν,</span> <span class='ocrx_word' id='word_1_833' title='bbox 3292 4973 3473 5025; x_wconf 64' lang='lat' dir='ltr'><strong>iitum:</strong></span> <span class='ocrx_word' id='word_1_834' title='bbox 3495 4967 3617 5020; x_wconf 66' lang='grc' dir='ltr'>τοῶτο</span> 
     </span>
    </p>
   </div>
   <div class='ocr_carea' id='block_1_107' title="bbox 2085 5063 3615 5140">
    <p class='ocr_par' dir='ltr' id='par_1_107' title="bbox 2085 5063 3615 5140">
     <span class='ocr_line' id='line_1_107' title="bbox 2085 5063 3615 5140; baseline -0.007 -16"><span class='ocrx_word' id='word_1_835' title='bbox 2085 5072 2146 5124; x_wconf 83' lang='grc' dir='ltr'><strong>ού</strong></span> <span class='ocrx_word' id='word_1_836' title='bbox 2184 5068 2701 5140; x_wconf 80' lang='grc' dir='ltr'>πανουργευόμεθα,</span> <span class='ocrx_word' id='word_1_837' title='bbox 2733 5067 2868 5121; x_wconf 83' lang='grc' dir='ltr'>διότι</span> <span class='ocrx_word' id='word_1_838' title='bbox 2898 5067 2997 5138; x_wconf 85' lang='grc' dir='ltr'>ούχ</span> <span class='ocrx_word' id='word_1_839' title='bbox 3037 5068 3266 5129; x_wconf 72' lang='grc' dir='ltr'>ἑαυτοὺς</span> <span class='ocrx_word' id='word_1_840' title='bbox 3297 5063 3615 5136; x_wconf 77' lang='grc' dir='ltr'>κηρύσσομεν,</span> 
     </span>
    </p>
   </div>
   <div class='ocr_carea' id='block_1_108' title="bbox 2084 5158 3619 5234">
    <p class='ocr_par' dir='ltr' id='par_1_108' title="bbox 2084 5158 3619 5234">
     <span class='ocr_line' id='line_1_108' title="bbox 2084 5158 3619 5234; baseline -0.007 -15"><span class='ocrx_word' id='word_1_841' title='bbox 2084 5166 2159 5228; x_wconf 88' lang='grc' dir='ltr'><strong>ὡς</strong></span> <span class='ocrx_word' id='word_1_842' title='bbox 2189 5166 2238 5219; x_wconf 80' lang='grc' dir='ltr'>οἱ</span> <span class='ocrx_word' id='word_1_843' title='bbox 2264 5163 2715 5234; x_wconf 75' lang='grc' dir='ltr'>ψευδαπόστολοι.</span> <span class='ocrx_word' id='word_1_844' title='bbox 2756 5161 2987 5215; x_wconf 85' lang='grc' dir='ltr'>Ἐκεῖνοι</span> <span class='ocrx_word' id='word_1_845' title='bbox 3019 5162 3128 5232; x_wconf 79' lang='grc' dir='ltr'>γὰρ</span> <span class='ocrx_word' id='word_1_846' title='bbox 3157 5159 3373 5214; x_wconf 76' lang='grc' dir='ltr'>ἔπειθον</span> <span class='ocrx_word' id='word_1_847' title='bbox 3404 5158 3515 5218; x_wconf 73' lang='grc' dir='ltr'>τοὺς</span> <span class='ocrx_word' id='word_1_848' title='bbox 3542 5168 3619 5222; x_wconf 70' lang='grc' dir='ltr'><strong>μαι</strong></span> 
     </span>
    </p>
   </div>
   <div class='ocr_carea' id='block_1_109' title="bbox 2085 5248 3616 5331">
    <p class='ocr_par' dir='ltr' id='par_1_109' title="bbox 2085 5248 3616 5331">
     <span class='ocr_line' id='line_1_109' title="bbox 2085 5248 3616 5331; baseline -0.01 -16"><span class='ocrx_word' id='word_1_849' title='bbox 2085 5262 2252 5331; x_wconf 82' lang='grc' dir='ltr'>θητὰς</span> <span class='ocrx_word' id='word_1_850' title='bbox 2282 5260 2378 5315; x_wconf 80' lang='grc' dir='ltr'>ἀπ’</span> <span class='ocrx_word' id='word_1_851' title='bbox 2399 5259 2580 5313; x_wconf 84' lang='grc' dir='ltr'>αὐτῶν</span> <span class='ocrx_word' id='word_1_852' title='bbox 2606 5257 2994 5327; x_wconf 78' lang='grc' dir='ltr'>ὀνομάζεσθαι,</span> <span class='ocrx_word' id='word_1_853' title='bbox 3024 5256 3099 5319; x_wconf 85' lang='grc' dir='ltr'>ὡς</span> <span class='ocrx_word' id='word_1_854' title='bbox 3122 5257 3218 5309; x_wconf 76' lang='grc' dir='ltr'>καὶ</span> <span class='ocrx_word' id='word_1_855' title='bbox 3249 5258 3306 5307; x_wconf 83' lang='grc' dir='ltr'><strong>ἐν</strong></span> <span class='ocrx_word' id='word_1_856' title='bbox 3331 5258 3392 5325; x_wconf 71' lang='grc' dir='ltr'><strong>τῇ</strong></span> <span class='ocrx_word' id='word_1_857' title='bbox 3420 5248 3616 5322; x_wconf 69' lang='grc' dir='ltr'>προτέρᾳ</span> 
     </span>
    </p>
   </div>
   <div class='ocr_carea' id='block_1_110' title="bbox 2083 5340 3609 5426">
    <p class='ocr_par' dir='ltr' id='par_1_110' title="bbox 2083 5340 3609 5426">
     <span class='ocr_line' id='line_1_110' title="bbox 2083 5340 3609 5426; baseline -0.011 -17"><span class='ocrx_word' id='word_1_858' title='bbox 2083 5356 2353 5426; x_wconf 75' lang='grc' dir='ltr'>ἐδήλωσεν</span> <span class='ocrx_word' id='word_1_859' title='bbox 2375 5371 2388 5383; x_wconf 83' lang='lat'><strong>&#39;</strong></span> <span class='ocrx_word' id='word_1_860' title='bbox 2420 5371 2440 5406; x_wconf 75' lang='grc' dir='ltr'>ι</span> <span class='ocrx_word' id='word_1_861' title='bbox 2482 5349 2622 5418; x_wconf 84' lang='grc' dir='ltr'><strong>Ἐγὼ</strong></span> <span class='ocrx_word' id='word_1_862' title='bbox 2646 5352 2744 5420; x_wconf 78' lang='grc' dir='ltr'>μέν</span> <span class='ocrx_word' id='word_1_863' title='bbox 2766 5350 2880 5421; x_wconf 88' lang='grc' dir='ltr'>είμι</span> <span class='ocrx_word' id='word_1_864' title='bbox 2914 5346 3182 5413; x_wconf 82' lang='grc' dir='ltr'><strong>’Λπολλὼ,</strong></span> <span class='ocrx_word' id='word_1_865' title='bbox 3204 5346 3313 5415; x_wconf 74' lang='grc' dir='ltr'><strong>ἐγὼ</strong></span> <span class='ocrx_word' id='word_1_866' title='bbox 3332 5346 3385 5399; x_wconf 77' lang='lat' dir='ltr'><strong>6&#39;s</strong></span> <span class='ocrx_word' id='word_1_867' title='bbox 3415 5340 3572 5412; x_wconf 55' lang='lat' dir='ltr'><strong>Kt‘ﬁi.</strong></span> <span class='ocrx_word' id='word_1_868' title='bbox 3595 5353 3609 5386; x_wconf 75' lang='grc' dir='ltr'><strong>Ι</strong></span> 
     </span>
    </p>
   </div>
   <div class='ocr_carea' id='block_1_111' title="bbox 2088 5432 3611 5517">
    <p class='ocr_par' dir='ltr' id='par_1_111' title="bbox 2088 5432 3611 5517">
     <span class='ocr_line' id='line_1_111' title="bbox 2088 5432 3611 5517; baseline -0.007 -16"><span class='ocrx_word' id='word_1_869' title='bbox 2088 5448 2181 5511; x_wconf 82' lang='grc' dir='ltr'>Ἢ,</span> <span class='ocrx_word' id='word_1_870' title='bbox 2208 5450 2291 5501; x_wconf 80' lang='grc' dir='ltr'><strong>ὅτι</strong></span> <span class='ocrx_word' id='word_1_871' title='bbox 2322 5445 2413 5517; x_wconf 82' lang='grc' dir='ltr'><strong>Μὴ</strong></span> <span class='ocrx_word' id='word_1_872' title='bbox 2440 5444 2694 5515; x_wconf 74' lang='grc' dir='ltr'>νομίζητε</span> <span class='ocrx_word' id='word_1_873' title='bbox 2724 5442 2864 5516; x_wconf 78' lang='grc' dir='ltr'><strong>[Ῑ.-</strong></span> <span class='ocrx_word' id='word_1_874' title='bbox 2886 5440 3032 5514; x_wconf 81' lang='grc' dir='ltr'>ζετε]</span> <span class='ocrx_word' id='word_1_875' title='bbox 3062 5442 3112 5495; x_wconf 79' lang='lat' dir='ltr'><strong>oi</strong></span> <span class='ocrx_word' id='word_1_876' title='bbox 3139 5432 3611 5512; x_wconf 73' lang='grc' dir='ltr'>πολεμοῦγτεςὴμῖνι</span> 
     </span>
    </p>
   </div>
   <div class='ocr_carea' id='block_1_112' title="bbox 2083 5530 3611 5611">
    <p class='ocr_par' dir='ltr' id='par_1_112' title="bbox 2083 5530 3611 5611">
     <span class='ocr_line' id='line_1_112' title="bbox 2083 5530 3611 5611; baseline -0.007 -15"><span class='ocrx_word' id='word_1_877' title='bbox 2083 5542 2163 5596; x_wconf 85' lang='grc' dir='ltr'><strong>ὅτι</strong></span> <span class='ocrx_word' id='word_1_878' title='bbox 2196 5541 2326 5611; x_wconf 71' lang='grc' dir='ltr'>ἡμῖν</span> <span class='ocrx_word' id='word_1_879' title='bbox 2361 5540 2485 5593; x_wconf 82' lang='grc' dir='ltr'>πολε</span> <span class='ocrx_word' id='word_1_880' title='bbox 2497 5543 2672 5610; x_wconf 82' lang='grc' dir='ltr'>μεῖτε.</span> <span class='ocrx_word' id='word_1_881' title='bbox 2726 5557 2744 5591; x_wconf 82' lang='grc' dir='ltr'><strong>ι</strong></span> <span class='ocrx_word' id='word_1_882' title='bbox 2782 5538 2873 5611; x_wconf 79' lang='grc' dir='ltr'><strong>Μὴ</strong></span> <span class='ocrx_word' id='word_1_883' title='bbox 2906 5537 3012 5608; x_wconf 72' lang='grc' dir='ltr'><strong>γὰρ</strong></span> <span class='ocrx_word' id='word_1_884' title='bbox 3040 5535 3269 5600; x_wconf 75' lang='grc' dir='ltr'>ἑαυτοὺς</span> <span class='ocrx_word' id='word_1_885' title='bbox 3298 5530 3611 5606; x_wconf 75' lang='grc' dir='ltr'>κηρύσσομεν.</span> 
     </span>
    </p>
   </div>
   <div class='ocr_carea' id='block_1_113' title="bbox 1747 5834 2316 5899">
    <p class='ocr_par' dir='ltr' id='par_1_113' title="bbox 1747 5834 2316 5899">
     <span class='ocr_line' id='line_1_113' title="bbox 1747 5834 2316 5899; baseline 0.002 -6"><span class='ocrx_word' id='word_1_886' title='bbox 1747 5834 1943 5896; x_wconf 68' lang='lat' dir='ltr'><strong>Vario:</strong></span> <span class='ocrx_word' id='word_1_887' title='bbox 1988 5835 2316 5899; x_wconf 85' lang='lat' dir='ltr'><strong>lectiones.</strong></span> 
     </span>
    </p>
   </div>
   <div class='ocr_carea' id='block_1_114' title="bbox 473 5905 1608 5982">
    <p class='ocr_par' dir='ltr' id='par_1_114' title="bbox 473 5905 1608 5982">
     <span class='ocr_line' id='line_1_114' title="bbox 473 5905 1608 5982; baseline 0.002 -20"><span class='ocrx_word' id='word_1_888' title='bbox 473 5906 516 5938; x_wconf 86' lang='grc'><strong>⁸⁷</strong></span> <span class='ocrx_word' id='word_1_889' title='bbox 548 5905 926 5979; x_wconf 78' lang='grc' dir='ltr'>ἀπεδήμησαν</span> <span class='ocrx_word' id='word_1_890' title='bbox 949 5925 1022 5964; x_wconf 84' lang='grc' dir='ltr'>ιιι.</span> <span class='ocrx_word' id='word_1_891' title='bbox 1099 5908 1141 5940; x_wconf 77' lang='grc'><strong><em>⁸⁸</em></strong></span> <span class='ocrx_word' id='word_1_892' title='bbox 1168 5910 1525 5982; x_wconf 73' lang='grc' dir='ltr'><strong>ἅποπηὸἧσαι</strong></span> <span class='ocrx_word' id='word_1_893' title='bbox 1556 5926 1608 5966; x_wconf 90' lang='lat'><strong>0.</strong></span> 
     </span>
    </p>
   </div>
  </div>
