3806 6560
169 378 262 448 3H

895 376 1306 438 EXPOSITIO
1350 377 1431 437 ΙΝ
1468 376 1711 440 EPlST.
1759 377 1818 436 ΙΙ
1859 379 1960 439 AD
2000 378 2168 440 COR.
2210 403 2275 414 -
2303 380 2462 442 CAP.
2501 380 2601 441 IV.

3296 384 3406 450 842

171 491 295 549 ἀλλά
324 489 575 560 Χριστόν.
612 505 631 539 ι
680 486 905 558 Ἐκείνῳ
950 486 1045 541 οῦν
1082 487 1372 557 πολεμεῖτε
1404 485 1484 556 τῷ
1511 502 1722 558 κηρυσ-

1838 488 1979 544 enim
2012 488 2261 558 nosipsos
2288 489 2666 559 praedicamus,
2692 487 2785 545 sed
2808 489 3110 548 Christum.
3147 508 3168 545 ι
3196 491 3406 549 Adver-

170 581 388 652 σομένῳ.
419 580 604 650 Ἡμεῖς
627 577 734 650 γὰρ
756 578 1009 637 τοσοῦτον
1024 579 1083 632 οὐ
1108 577 1457 649 κηρύσσομεν
1476 577 1726 645 ἑαυτοὺς,

167 675 295 733 ὥστε
330 674 426 728 καὶ
464 674 525 726 οὐ
567 671 985 742 παραιτούμεθα
1020 670 1200 725 δοῦλοι
1239 671 1394 741 ὑμῶν
1446 666 1589 724 εἶναι
1636 669 1729 725 διὰ

165 767 247 822 τὸν
289 765 552 835 Χριστόν·
601 764 892 829 τουτέστι,
941 764 1086 816 Διότι
1121 761 1331 824 ἐκεῖνος
1359 760 1533 825 οὕτως
1579 761 1730 832 ἡμᾶς

166 857 428 928 ἠγάπησε,
459 853 559 908 καὶ
583 853 762 908 πάντα
786 853 927 925 ὑπὲρ
955 852 1117 924 ἡμῶν
1146 851 1405 925 ἔπραξεν.

229 1052 248 1087 ι
286 1032 406 1086 ὀτι
434 1030 464 1083 6
497 1029 628 1094 Θεὸς
660 1029 690 1082 6
733 1026 926 1095 είπὼν,
961 1029 1027 1082 ἐκ
1061 1027 1290 1093 σκότους
1334 1028 1450 1096 φῶς
1480 1026 1726 1099 λάμψαι,

160 1124 216 1191 ὃς
239 1121 477 1193 ἔλαμψεν
521 1123 577 1175 ἐν
609 1122 732 1186 ταῖς
763 1118 1014 1192 καρδίαις
1047 1118 1241 1191 ήμῶν,
1276 1119 1413 1190 πρὸς
1443 1118 1728 1190 φωτισμὸν

160 1218 250 1287 τῆς
268 1212 525 1284 γνώσεως
549 1215 650 1284 τῆς
670 1212 828 1283 δόξης
855 1210 952 1266 τοῦ
981 1210 1118 1266 Θεοῦ
1144 1213 1202 1266 ὲν
1230 1211 1510 1283 προσώπῳ
1549 1208 1725 1281 Ἰησοῦ

159 1304 400 1377 Χριστοῦ.
440 1324 459 1357 ι
503 1304 602 1359 Διὰ
629 1303 702 1369 τί,
738 1304 925 1373 φησιν,
955 1303 1054 1372 οὐχ
1082 1302 1311 1366 ἑαυτοὺς
1346 1301 1724 1374 κηρύττομεν;

160 1400 291 1452 Διότι
327 1399 356 1451 6
396 1396 533 1460 θεὸς
573 1395 818 1466 ἔλαμψεν
860 1396 917 1449 ἐν
951 1396 1071 1471 ταῖς
1122 1394 1372 1465 καρδίαις
1404 1394 1587 1466 ἡμῶν,
1633 1393 1729 1448 καὶ

158 1490 331 1560 ὥσπερ
360 1491 442 1553 εἰς
473 1489 537 1542 τὸ
579 1489 871 1557 πρόσωπον
914 1485 1009 1540 τοῦ
1054 1486 1299 1550 Μωσέως
1344 1474 1546 1553 πάλαι,
1581 1484 1726 1540 οὕτω

160 1585 243 1638 νῦν
274 1585 352 1647 εἰς
381 1582 550 1652 ἡμᾶς.
597 1582 711 1652 Οὐχ
747 1580 935 1651 ὥσπερ
976 1579 1035 1634 δὲ
1074 1579 1168 1632 ἐπὶ
1215 1580 1317 1650 τῆς
1349 1579 1575 1653 πρώτης
1609 1579 1727 1635 κτί-

161 1692 305 1740 σεως,
336 1671 485 1741 εἷπε,
516 1673 616 1729 καὶ
647 1674 865 1743 ἐγένετο
896 1672 1012 1744 φῶς
1049 1676 1117 1727 ὲκ
1151 1673 1398 1737 σκότους,
1434 1673 1599 1737 οὕτω,
1630 1675 1727 1729 καὶ

160 1769 241 1821 νῦν
267 1764 406 1831 εἷπε,
447 1767 547 1821 καὶ
583 1767 803 1835 ἐγένετο
834 1765 950 1835 φῶς
969 1782 984 1797 ο
1031 1764 1148 1820 ἀλλ’
1179 1764 1342 1828 αὐτὸς
1372 1767 1506 1837 ἡμῖν
1531 1765 1723 1835 γέγονε

1830 593 1926 635 sus
1957 593 2082 649 eum
2109 579 2289 651 itaque
2326 580 2621 647 dimicatis,
2646 580 2737 651 qui
2758 582 3102 652 praedicatur.
3129 581 3239 641 Nos
3260 585 3420 666 enim.
3462 619 3487 635 μ

1832 670 1968 726 adeo
2007 683 2112 725 non
2145 670 2503 740 praedicamus
2552 672 2821 740 nosipsos,
2873 683 2933 728 ut
2981 688 3087 729 non
3135 670 3419 755 detrecte4

1832 777 1960 818 mus
2009 762 2154 817 servi
2185 762 2353 819 vestri
2401 778 2524 820 esse
2554 775 2774 837 promer
2802 764 3107 833 Christum,
3158 768 3262 825 hoc
3302 777 3408 837 est,

1834 854 1912 910 Eo
1936 854 2079 925 quod
2113 854 2206 912 ille
2231 854 2314 912 sic
2343 870 2444 913 nos
2471 855 2683 923 dilexit,
2718 867 2774 914 et
2809 859 2994 915 omnia
3036 860 3207 917 nostri
3243 846 3409 941 causa

1831 946 1961 1018 egit.

1903 1037 2071 1112 264
2090 1037 2254 1096 Vsus.
2272 1038 2326 1095 6.
2339 1038 2632 1107 «Quoniam
2651 1042 2810 1111 Deus,
2828 1042 2920 1112 qui
2936 1044 3070 1101 dixit
3087 1046 3153 1101 de
3174 1046 3411 1105 tenebris

1830 1130 2005 1188 lucem
2037 1131 2439 1204 splendescere,
2473 1133 2567 1207 qui
2628 1134 2804 1191 illuxit
2831 1135 2886 1192 in
2927 1138 3182 1196 cordibus
3209 1141 3412 1201 nostris

1830 1223 1898 1278 ad
1933 1222 2384 1280 illuminationem
2434 1226 2764 1297 cognitionis
2793 1228 2980 1298 gloria:
3032 1230 3148 1298 Dei,
3187 1232 3242 1288 in
3269 1231 3412 1291 facie

1828 1315 1958 1374 Jesu
1993 1316 2220 1372 Christi.
2257 1337 2277 1370 ι
2322 1318 2520 1386 Quare,
2553 1319 2748 1391 inquit,
2776 1320 3028 1391 nasipses
3065 1337 3172 1378 non
3209 1324 3411 1394 praedi-

1829 1411 2063 1469 camus?
2091 1410 2230 1478 Quia
2264 1410 2404 1468 Deus
2453 1410 2631 1467 illuxit
2665 1411 2720 1467 in
2771 1411 3030 1470 cordibus
3085 1415 3310 1481 nostris,
3355 1425 3413 1472 et

1830 1502 2052 1573 perinde
2086 1517 2151 1558 ac
2178 1501 2339 1557 faciei
2380 1501 2546 1559 Musis
2580 1503 2875 1574 quondam,
2930 1504 3011 1560 sic
3062 1505 3221 1560 nobis
3263 1522 3409 1566 nunc

1830 1592 2068 1652 refulsit.
2098 1592 2270 1651 Porro
2300 1610 2407 1650 non
2442 1595 2898 1666 quemadmodum
2939 1595 2994 1652 in
3040 1596 3219 1665 prima
3254 1611 3407 1654 crea-

1829 1687 1995 1755 tione,
2065 1687 2228 1756 dixit,
2259 1695 2318 1745 et
2341 1687 2481 1744 facta
2504 1697 2589 1746 est
2632 1689 2725 1745 lux
2756 1704 2786 1746 e
2820 1689 3096 1760 tenebris,
3145 1691 3227 1749 sic
3267 1707 3411 1749 nunc

1827 1780 1984 1848 dixit,
2043 1791 2098 1838 et
2147 1781 2291 1839 facta
2344 1794 2430 1841 est
2485 1784 2574 1839 lux
2621 1784 2762 1841 :sed
2817 1784 2933 1856 ipse
2978 1785 3135 1842 nobis
3188 1784 3411 1844 effectus

159 1859 283 1927 σῶς.
310 1858 484 1922 Αὐτὸς
510 1858 620 1931 γὰρ
650 1857 895 1928 ἔλαμψεν
924 1858 1059 1927 ἡμῖν
1079 1860 1137 1911 ἐν
1159 1857 1439 1927 προσώπῳ
1463 1858 1722 1928 Χριστοῦ,

1838 1884 1917 1932 est
1941 1874 2145 1932 lumen.
2177 1875 2458 1948 Siquidem
2484 1877 2531 1932 is
2550 1877 2731 1933 illuxit
2760 1877 2918 1933 nobis
2944 1877 2999 1935 iu
3027 1877 3163 1934 l‘acie
3184 1879 3408 1944 Christi,

160 1952 424 2016 τουτέστι,
466 1950 559 2004 διὰ
612 1950 709 2004 τοῦ
760 1949 1022 2021 Χριστοῦ.
1068 1949 1167 2004 Διὰ
1201 1950 1310 2019 γὰρ
1347 1947 1442 2004 τοῦ
1486 1948 1725 2022 Χριστοῦ

159 2043 346 2114 λάμπει
379 2043 439 2095 ὲν
465 2043 604 2112 ἡμῖν
651 2043 678 2094 6
717 2040 929 2112 Πατὴρ,
973 2039 1061 2094 καὶ
1089 2039 1375 2111 χαρίζεται
1425 2058 1444 2092 ι
1479 2039 1571 2115 τόν
1607 2057 1724 2109 φω-

158 2134 332 2204 τισμὸν
355 2135 455 2204 τῆς
487 2132 782 2203 γνώσεως,
817 2152 837 2185 ι
888 2131 949 2186 οὐ
981 2132 1078 2202 τῆς
1111 2132 1302 2196 οὐσίας
1349 2130 1537 2198 αὐτοῦ,
1587 2131 1725 2186 ἀλλὰ

163 2244 179 2277 ι
204 2227 294 2295 τῆς
323 2224 504 2297 δόξης.
548 2242 569 2276 ι
611 2226 753 2297 Ὅρα
790 2224 847 2278 δὲ
885 2224 984 2295 τῆς
1024 2224 1255 2297 Τριάδος
1296 2225 1398 2299 τὴν
1446 2223 1724 2294 θεολογίαν

159 2317 293 2388 παρὰ
320 2316 397 2387 τῷ
427 2316 629 2385 Παύλῳ
666 2318 759 2373 καὶ
788 2305 917 2373 νῦν”
950 2322 1078 2387 περὶ
1106 2319 1206 2388 μὲν
1238 2316 1333 2371 τοῦ
1370 2315 1722 2388 Πνεύματος,

165 2410 302 2481 ιΤὴν
355 2409 519 2474 δόξαν
569 2408 664 2463 τοῦ
713 2409 922 2481 Κυρίου
970 2408 1480 2482 κατοπτριζόμεθα’
1526 2427 1546 2461 ι
1593 2409 1622 2461 6
1667 2407 1726 2462 δὲ

159 2498 343 2570 Κύριος
373 2498 434 2553 τὸ
477 2496 711 2569 Πνεῦμα
741 2499 859 2552 ἐστι
885 2514 899 2527 ⁶
934 2498 1062 2570 περὶ
1102 2498 1159 2552 δὲ
1191 2497 1284 2552 τοῦ
1314 2496 1585 2563 Υίοῦ,Τδν
1611 2515 1727 2567 φω-

159 2591 334 2659 τισμὸν
363 2591 461 2661 τῆς
493 2589 660 2662 δόξης
687 2590 782 2644 τοῦ
811 2590 1148 2659 Εὖαγγελίου
1176 2589 1272 2644 τοῦ
1298 2589 1535 2662 Χριστοῦ
1558 2607 1571 2619 ·
1598 2589 1727 2661 περὶΙ

156 2682 205 2737 δὲ
228 2682 316 2736 τοῦ
335 2676 556 2754 Πᾶτρδς
584 2681 700 2748 νῦν,
741 2701 761 2737 ι
781 2682 889 2738 Τὸν
931 2682 1211 2756 φωτισμὸν
1235 2681 1335 2753 τῆς
1348 2681 1600 2753 γνώσεως
1627 2682 1726 2754 τῆς

154 2773 293 2845 δόξης
327 2794 344 2828 ι
381 2772 579 2830 αὐτοῦ.

224 2885 241 2919 ι
274 2867 509 2939 Ἐχομεν
544 2865 601 2919 δὲ
629 2865 721 2920 τὸν
758 2863 1036 2937 θησαυρὸν
1073 2864 1262 2919 τοῦτον
1292 2866 1349 2919 ἐν
1378 2864 1725 2937 ὀστρακίνοις

157 2959 411 3013 σκεύεσιν.
459 2975 479 3009 ι
529 2955 754 3028 Ἐπειδὴ
807 2955 980 3011 πολλὰ
1023 2955 1120 3010 καὶ
1163 2954 1379 3026 μεγάλα
1417 2952 1540 3010 εἷπε
1593 2956 1725 3028 περὶ

154 3050 242 3122 τῆς
272 3051 595 3123 ἀπορρήτου
631 3049 819 3120 δόξης,
867 3049 955 3103 ἵνα
1001 3047 1193 3119 μήτις
1243 3047 1407 3120 εῐπῃο
1450 3047 1561 3102 Καὶ
1607 3047 1724 3113 πῶς

160 3144 377 3216 μένομεν
411 3146 469 3197 ἐν
506 3141 692 3214 Θνητῷ
739 3140 957 3213 σώματι
996 3141 1047 3195 οἱ
1092 3140 1349 3208 τοιαῦτα,
1402 3139 1477 3205 ὡς
1508 3138 1719 3209 λέγεις,

154 3236 428 3302 λαϐόντεςι
463 3238 658 3308 φησιν,
685 3236 770 3290 ὅτι
813 3236 924 3289 Καὶ
963 3234 1123 3289 τοῦτο
1148 3233 1279 3287 αὐτὸ
1324 3233 1425 3304 τῆς
1457 3234 1552 3287 τοῦ
1583 3232 1720 3286 Θεοῦ

154 3328 414 3400 δυνάμεως
435 3369 451 3393 ,
484 3330 576 3384 ὅτι
623 3326 946 3386 όστοάκινον
984 3324 1178 3390 σκεῦος
1207 3324 1485 3384 τοιούτους
1515 3325 1722 3397 θησαυ-

159 3421 271 3491 ροὺς
295 3422 485 3492 χωρεῖ.

221 3532 238 3564 ι
273 3514 386 3567 Ἵνα
413 3515 447 3585 ἡ
483 3508 772 3585 ὑπερϐολὴ
801 3512 898 3583 τῆς
930 3511 1212 3581 δυνάμεως
1307 3510 1402 3564 τοῦ
1427 3509 1561 3565 Θεοῦ
1583 3551 1597 3576 ,
1630 3511 1724 3565 καὶ

159 3608 224 3678 μὴ
251 3608 307 3673 ἐξ
347 3609 534 3680 ἡμῶν.
574 3627 594 3660 ι
624 3608 762 3673 Ἵνα,
816 3607 984 3679 φησὶν
1004 3647 1019 3672 ,
1112 3606 1385 3679 ὑπερϐολὴ
1408 3607 1505 3678 τῆς
1532 3624 1723 3677 φαινο-

159 3699 311 3769 μένης
342 3704 399 3754 ὲν
424 3703 569 3773 ἡμῖν
608 3699 891 3771 δυνάμεως
927 3700 1024 3754 τοῦ
1070 3695 1302 3775 Θεοῦ,
1334 3700 1430 3754 καὶ
1459 3698 1534 3771 μὴ
1562 3701 1722 3771 ἡμεῖς

157 3793 494 3865 νομιζώμεθα
539 3792 841 3865 κατορθοῦν
878 3792 938 3860 ἐξ
972 3784 1182 3848 ἑαυτῶν
1226 3810 1303 3855 τι,
1339 3791 1478 3846 ἀλλὰ
1519 3793 1723 3857 πάντες

155 3885 198 3939 οἱ
236 3885 462 3956 ὁρῶντες
510 3883 604 3938 τοῦ
645 3883 781 3939 Θεοῦ
817 3884 1049 3953 λέγωσιν
1094 3879 1233 3939 εῖναι
1268 3884 1329 3938 τὸ
1369 3885 1503 3938 πᾶν.
1543 3883 1725 3940 Δίνίτ-

153 3991 290 4027 τεται
322 3975 377 4029 δὲ
401 3977 537 4038 τοὺς
579 3973 1089 4044 ψευδαποστόλους,
1123 3975 1208 4028 ὅτι
1254 3974 1467 4038 ἑαυτοῖς
1508 3972 1572 4028 τὸ
1613 3974 1722 4028 πᾶν

154 4067 474 4138 ἐπέγραφον.

220 4177 237 4209 ι
284 4160 370 4213 Ἐν
405 4158 580 4213 παντὶ
630 4158 968 4232 ολιὸόμενοι,
1003 4158 1120 4214 ἀλλ’
1167 4160 1230 4212 ού
1281 4159 1720 4232 στενοχωρούμε-

154 4265 245 4306 νοι.
284 4269 302 4303 ι
341 4252 450 4304 Καὶ
483 4250 768 4317 τοσοῦτον,
821 4252 1010 4321 φησιν,
1061 4251 1180 4304 ἔστι
1224 4250 1287 4304 τὸ
1326 4252 1435 4305 πᾶν
1478 4251 1579 4321 τῆς
1623 4250 1719 4303 τοῦ

154 4342 274 4395 Θεοῦ
301 4343 619 4415 δυνάμεως,
667 4342 809 4398 ὥστε
842 4343 1019 4397 καίτοι
1050 4342 1363 4408 ὀστράκινα
1412 4341 1595 4408 ὄντες,
1629 4343 1721 4395 καὶ

152 4436 412 4501 τοσούτοις
438 4438 898 4508 περικρουόμενοι
928 4438 1279 4507 πειρασμοῖς,
1310 4436 1372 4490 οὒ
1405 4435 1721 4509 θραυόμεθα

1830 1968 1936 2029 hoc
1965 1981 2072 2038 est,
2096 1986 2194 2041 per
2225 1970 2526 2028 Christum.
2559 1971 2661 2027 Per
2689 1972 2968 2028 Christum
3002 1972 3148 2028 enim
3183 1973 3328 2031 lucet
3356 1976 3409 2030 iu

1829 2063 1986 2121 nobis
2016 2064 2199 2133 Pater,
2225 2065 2426 2136 datque
2454 2084 2475 2118 ι
2512 2064 2967 2122 illuminationem
2997 2067 3350 2139 cognitionis,
3383 2088 3403 2121 ι

1830 2169 1936 2211 non
1986 2155 2306 2212 substantia:
2346 2171 2479 2225 suae,
2521 2157 2617 2213 sed
2668 2174 2688 2208 ι
2727 2155 2929 2226 gloriae.
2962 2175 2984 2210 ι
3016 2156 3408 2216 Animadverte

1828 2256 2010 2303 autem
2032 2245 2318 2305 Trinitatis
2345 2248 2662 2320 mysterium
2684 2247 2825 2318 apud
2855 2247 3077 2306 Paulum
3113 2248 3219 2306 hoc
3239 2250 3405 2309 etiam

1829 2334 1883 2390 iu
1917 2335 2057 2392 loco.
2093 2336 2170 2392 De
2199 2334 2407 2407 Spiritu
2442 2351 2672 2408 namque
2698 2336 2854 2406 dicit,
2890 2355 2910 2392 ι
2951 2336 3189 2395 Gloriam
3217 2338 3405 2396 Domi-

1830 2427 1885 2480 ni
1914 2427 2302 2497 speculamur:
2333 2446 2354 2480 ι
2390 2426 2653 2485 Dominus
2688 2432 2832 2485 enim
2887 2428 3125 2502 Spiritus
3166 2440 3287 2501 est;
3342 2432 3410 2487 de

1827 2515 1966 2573 Filio
1995 2528 2203 2585 autem,
2251 2517 2705 2578 llluminationem
2733 2520 2914 2593 gloriae
2948 2520 3224 2594 Evangelii
3249 2522 3410 2579 Chri-

1827 2607 1898 2664 Sti
1931 2624 1948 2675 ;
1980 2608 2049 2663 de
2078 2609 2240 2666 Patre
2284 2617 2464 2667 autem
2492 2626 2651 2681 nunc,
2696 2631 2716 2667 ι
2745 2609 3196 2670 illuminationem
3221 2616 3405 2686 cogni-

1829 2698 1992 2757 tionis
2039 2699 2224 2772 glorite
2260 2720 2280 2755 ι
2322 2702 2514 2774 ipsius.

1898 2878 2067 2935 Vsus.
2114 2881 2169 2936 7.
2219 2899 2239 2935 ι
2278 2880 2553 2941 Habemus
2582 2892 2764 2942 autem
2796 2886 3108 2943 thesaurum
3142 2888 3303 2945 istum
3349 2889 3404 2946 iu

1826 2971 1973 3028 vasis
2004 2971 2283 3030 llctilibus.
2335 2993 2355 3027 ι
2403 2974 2698 3048 Postquam
2730 2978 2901 3036 multa
2945 2990 3002 3038 et
3046 2980 3305 3052 praeclara
3335 2982 3406 3040 de

1826 3061 2083 3119 ineﬂ‘abili
2135 3064 2309 3137 gloria
2341 3066 2552 3124 locutus
2580 3078 2769 3136 esset,_
2810 3085 2878 3126 ne
2907 3070 3030 3141 quis
3060 3072 3224 3144 dicat,
3254 3070 3404 3142 Quo-

1750 3201 1794 3264 c
1829 3156 1991 3211 modo
2018 3170 2148 3228 ergo
2188 3173 2470 3216 manemus
2502 3161 2556 3216 in
2608 3161 2825 3217 mortali
2855 3176 3105 3235 corpore,
3155 3164 3203 3223 si
3253 3166 3401 3235 talia,

1827 3255 1886 3301 ut
1922 3247 2082 3315 dicis,
2115 3251 2545 3320 acceperimus?
2568 3251 2681 3310 Hoc
2721 3253 2918 3325 ipsum,
2964 3256 3159 3328 inquit,
3182 3254 3280 3315 Dei
3305 3274 3404 3331 po-

1826 3338 2008 3423 tentia:
2041 3340 2385 3398 tribuendum
2411 3354 2514 3412 est,
2548 3345 2693 3416 quod
2723 3361 2818 3403 vas
2869 3355 3165 3405 testaceum
3215 3349 3401 3423 hujus-

1823 3430 1971 3486 modi
2007 3431 2293 3490 thesauros
2329 3435 2499 3506 capit.

1900 3538 1920 3573 ι
1959 3519 2032 3578 Ut
2066 3524 2387 3581 excellentia
2427 3527 2683 3598 potentiae
2702 3527 2775 3585 sit
2809 3527 2925 3597 Dei,
2969 3537 3161 3586 etnon
3194 3544 3263 3586 ex
3294 3546 3399 3587 no-

1823 3612 1928 3669 bis.
1978 3632 1998 3668 ι
2034 3613 2105 3673 Ut
2129 3616 2473 3684 excellentia,
2500 3617 2698 3689 inquit,
2726 3621 2980 3692 potentiae
3012 3635 3132 3693 qua:
3164 3621 3216 3677 in
3243 3623 3400 3677 nobis

1820 3708 2069 3776 apparet,
2103 3707 2198 3763 Dei
2216 3708 2309 3776 sit,
2335 3724 2469 3767 neve
2498 3710 2877 3769 existimemur
2896 3728 2997 3770 nos
3020 3728 3052 3769 a
3079 3713 3237 3771 nobis
3267 3714 3401 3785 ipsis

1823 3797 2026 3870 aliquid
2055 3799 2251 3870 egisse,
2280 3815 2464 3857 verum
2498 3816 2689 3859 omnes
2724 3804 2817 3875 qui
2853 3804 3061 3873 vident,
3088 3805 3181 3861 Dei
3212 3803 3401 3862 dicant

1824 3889 1927 3946 hoc
1960 3898 2130 3948 totum
2163 3907 2305 3949 esse.
2333 3891 2497 3949 Notat
2520 3903 2700 3951 autem
2737 3892 3182 3969 pseudapostolos
3206 3938 3224 3967 ,
3254 3913 3396 3970 quo-

1824 3983 1968 4039 niam
2006 3984 2249 4056 sibiipsis
2280 3986 2591 4045 universum
2621 3988 2989 4046 ascrihehaut.

1898 4164 2067 4223 Vsus.
2110 4166 2164 4223 8.
2212 4187 2230 4219 ι
2268 4166 2327 4224 ln
2369 4170 2626 4227 omnibus
2682 4171 3085 4231 tribulationem
3134 4177 3396 4248 patiuntur,

1822 4260 1919 4314 sed
1951 4274 2056 4313 non
2083 4260 2477 4331 angustiamur.
2527 4281 2545 4315 ι
2609 4265 2779 4331 Adeo,
2847 4266 3042 4339 inquit,
3097 4277 3265 4326 totum
3314 4281 3398 4327 est

1820 4351 2072 4421 potentia:
2127 4351 2265 4421 Dei,
2317 4364 2378 4410 ut
2416 4356 2666 4427 quamvis
2722 4360 2943 4418 testacei
2992 4360 3183 4427 simus,
3236 4365 3400 4419 tantis

1825 4454 2043 4514 tamque
2096 4445 2264 4502 variis
2298 4449 2691 4506 tentationibus
2740 4450 2981 4522 impulsi,
3020 4470 3127 4510 non
3174 4455 3394 4530 franga-

156 4527 241 4580 καὶ
284 4529 598 4600 ἁπόλλυμεν
648 4526 739 4582 τὸν
775 4530 834 4582 ὲν
886 4529 1019 4599 ἡμῖν
1054 4528 1349 4599 θησαυρόν.
1406 4526 1720 4597 Θλιϐόμεθα

1838 4550 1969 4599 ιιιιιτ,
2006 4550 2182 4605 neque
2208 4537 2501 4607 perdamus
2535 4537 2846 4597 thesaurum
2879 4544 2970 4613 qui
3005 4544 3060 4600 iu
3106 4546 3261 4603 nobis
3293 4526 3397 4605 est.

153 4618 250 4689 γὰρ
280 4622 335 4675 ὲν
373 4622 545 4676 παντὶ
583 4619 794 4692 καιρῷ,
838 4620 933 4674 καὶ
959 4620 1113 4692 τόπῳ
1134 4663 1149 4686 ,
1181 4619 1276 4674 καὶ
1306 4618 1628 4691 πράγματι,
1657 4618 1718 4672 ὲν

154 4711 347 4781 φίλοις,
397 4716 455 4769 ὲν
509 4712 757 4786 ἐχθροῖς⁸
794 4713 912 4768 ἀλλ’
965 4713 1027 4767 οὐ
1077 4711 1591 4785 στενοχωρούμεθα,
1621 4708 1716 4763 τοῦ

154 4803 275 4859 Θεοῦ
304 4806 665 4868 πλατύνοντος
695 4804 792 4870 τὰς
815 4804 1046 4879 καρδίας
1076 4805 1259 4877 ἡμῶν.

222 4917 241 4951 ι
285 4899 675 4972 Ἀπορούμενοι
696 4940 712 4967 ,
745 4898 978 4954 ἀλλὀὐκ
1007 4897 1457 4970 ἐξαπορούμενοι.
1485 4921 1504 4954 ι
1541 4903 1715 4960 Τουτ-

154 4987 308 5056 ἐστιν,
361 4994 441 5056 είς
487 4991 725 5063 ἀπορίας
809 4990 906 5045 καὶ
954 4991 1267 5061 ἀμηχανιας
1311 4991 1714 5062 ἐμπίπτοντεςο

156 5082 285 5154 πλὴν
320 5083 436 5138 ἀλλ’
474 5084 629 5157 ὀρθοὶ
661 5084 944 5155 ἱστάμενοι
978 5085 1075 5137 καὶ
1104 5083 1206 5137 οὐκ
1239 5084 1715 5153 ἀπογινώσκοντες

156 5174 242 5227 καὶ
269 5176 595 5248 ἡττώμενοι,
623 5176 761 5231 ἀλλὰ
792 5177 995 5247 πόρους
1025 5178 1083 5229 ἐν
1109 5176 1228 5247 Θεῷ
1248 5177 1598 5248 εὑρίσκοντες
1620 5181 1716 5235 καὶ

156 5280 419 5330 νικωντες.

225 5463 244 5500 ι
276 5447 626 5521 Διωκόμενοι,
660 5451 777 5505 ἀλλ’
801 5452 903 5506 οὐκ
933 5453 1482 5525 ἐγκαταλειπόμενοι.
1523 5474 1541 5508 ι
1577 5455 1714 5510 Διώ-

158 5547 333 5591 κουσιν
368 5541 516 5610 ἡμᾶς
547 5542 596 5594 oi
642 5540 953 5613 ἄνθρωποι,
986 5543 1103 5597 ἀλλ’
1130 5545 1159 5597 6
1184 5544 1316 5609 Θεὸς
1349 5547 1450 5600 οὐκ
1478 5547 1713 5615 ἔγκατα-

158 5620 343 5682 λείπει.
374 5630 513 5700 Πρὸς
534 5632 842 5702 γυμνασίαν
872 5634 979 5706 γὰρ
1011 5634 1192 5707 ἡμῶν,
1235 5637 1295 5690 οὗ
1342 5636 1482 5709 πρὸς
1517 5632 1710 5711 ἧτταν,

163 5720 547 5791 συγχωροῦνται
577 5722 771 5779 ταῦτα.

470 5907 735 6004 Panos.
771 5912 889 5972 Gn.
936 5909 1179 5973 CXXIV

1821 4623 2124 4698 Atiligimur
2162 4629 2306 4684 enim
2342 4628 2395 4685 in
2419 4631 2566 4686 omni
2597 4641 2859 4704 tempore,
2921 4645 2978 4694 et
3029 4637 3171 4709 loco,
3227 4650 3282 4697 et
3313 4656 3395 4708 re,

1822 4715 1965 4772 inter
2000 4718 2225 4788 amicos,
2265 4720 2406 4776 inter
2440 4721 2624 4778 hostes
2660 4741 2677 4782 :
2729 4725 2822 4780 sed
2874 4729 2939 4782 ad
2975 4730 3255 4802 angustias
3285 4747 3392 4788 nou

1826 4809 2096 4878 cogimur,
2135 4809 2246 4865 Deo
2272 4811 2436 4867 corda
2474 4821 2658 4870 nostra
2689 4814 2969 4875 dilatante.

1895 4919 1914 4953 ι
1949 4900 2299 4973 Aporiamur,
2344 4905 2439 4961 sed
2495 4921 2600 4962 non
2648 4907 3026 4969 destituimur.
3070 4932 3090 4968 ι
3125 4915 3241 4972 Hoc
3287 4926 3390 4984 εει,

1821 4994 1875 5049 in
1905 5009 2175 5051 summam
2212 5012 2393 5053 rerum
2425 5001 2706 5070 penuriam
2739 5012 2795 5060 et
2839 5004 3210 5063 diﬁicultatem
3256 5009 3394 5066 inci.

1822 5087 2054 5155 dentes,
2128 5101 2498 5148 verumtamen
2553 5095 2686 5151 recti
2739 5097 3119 5167 consistentes,
3182 5099 3238 5156 in
3302 5102 3394 5156 dc-

1819 5181 2187 5251 sperationem
2250 5198 2356 5239 non
2406 5184 2777 5257 devolvimur,
2844 5204 3017 5260 neque
3065 5193 3391 5250 vincimur:

1819 5282 2077 5330 caeterum
2120 5275 2175 5330 in
2228 5275 2340 5332 Deo
2384 5279 2588 5333 exitum
2635 5280 2962 5352 invenimus,
3014 5292 3180 5356 atque
3218 5286 3391 5344 vinci-

1818 5379 1960 5420 mus.

1892 5451 2059 5510 Vsus.
2114 5454 2168 5511 9.
2236 5475 2256 5510 ι
2313 5457 2754 5518 Persecutionem
2812 5464 3076 5534 patimur,
3127 5467 3222 5523 sed
3283 5483 3389 5525 non

1818 5545 2269 5619 derelinquimur.
2299 5569 2318 5605 ι
2342 5551 2746 5625 Persequuntur
2767 5556 2981 5627 quidem
3006 5574 3103 5615 nos
3119 5560 3387 5626 homines.

1819 5653 2006 5695 verum
2042 5640 2185 5698 Deus
2233 5657 2335 5698 nos
2391 5658 2496 5700 non
2532 5646 2758 5721 deserit.
2793 5650 2872 5704 Ad
2902 5651 3218 5709 exercitium
3246 5656 3389 5711 enim

1819 5742 2089 5801 nostrum,
2144 5748 2250 5790 non
2307 5744 2364 5790 ut
2414 5740 2839 5799 succumbamus
2895 5742 3015 5801 haec
3075 5745 3389 5815 permittun-

1819 5828 1927 5878 tur.

2839 5928 2945 6023 .27
