3806 6560
411 380 533 454 947

1318 371 1901 436 THEOPHYLACTI
1939 369 2355 432 BOLGARIAE
2393 370 2748 432 ARCHIEP.

3549 374 3647 439 858

415 507 682 558 terrestre
716 509 934 566 corpus,
975 502 1086 548 tum
1118 492 1404 547 innumera
1447 489 1602 546 nobis
1632 491 1772 545 bona
1800 488 2004 560 germi-
2036 515 2047 546 λ

2120 488 2240 559 ἡμῖν
2291 488 2588 560 βλαστήσει
2619 487 2838 558 ἀγαθάο
2873 488 2991 558 ἅμα
3037 487 3093 542 δὲ
3142 487 3239 542 καὶ
3285 487 3413 560 περὶ
3440 489 3648 545 averna-

422 591 654 649 nabant.
682 584 857 642 Simul
897 593 1079 638 autem
1113 589 1169 636 et
1201 579 1270 636 de
1292 579 1695 634 resurrectione
1726 576 1858 646 ipsis
1880 589 2003 630 rur-

416 693 512 734 sus
563 674 802 736 disserit,
857 671 1072 727 etiamsi
1135 683 1242 724 non
1302 668 1440 722 adeo
1494 667 1782 735 perspicue
1835 679 1903 721 ac
1947 664 2000 719 in

404 769 623 842 priore,
681 781 752 822 ne
815 765 959 835 ipsos
1011 762 1251 818 nondum
1307 759 1631 816 reformatos
1684 758 2001 814 existimare

315 925 320 928 _
421 861 691 916 videatur.
747 857 1090 913 Terrestrem
1155 862 1336 908 autem
1397 851 1615 908 domum
1651 849 2000 906 tabernaculi

418 968 623 1024 corpus
659 951 978 1006 nominavit.
1013 949 1183 1004 Porro
1217 947 1343 1002 dum
1364 943 1788 1000 tabernaculum
1819 954 2000 1006 vocat,

419 1047 816 1112 temporariam
841 1041 1361 1112 corruptibiiemque
1382 1039 1502 1109 ejus
1525 1047 1786 1094 naturam
1827 1036 2002 1107 signi-

423 1143 545 1196 llcat
573 1157 588 1193 :
622 1134 1029 1192 tabernaculum
1052 1133 1196 1186 enim
1229 1130 1332 1185 tale
1353 1130 1609 1199 quiddam
1635 1138 1740 1184 est.
1758 1126 2000 1182 "Etiamsi

419 1240 600 1287 autem
652 1240 1026 1298 saepenumero
1063 1223 1409 1279 tabernacula
1455 1230 1680 1276 vocetur
1725 1220 1999 1288 justorum

417 1325 599 1397 quies,
636 1336 826 1376 verum
864 1320 1004 1374 istuc
1036 1333 1160 1372 cum
1199 1316 1501 1388 appendice
1544 1314 1766 1378 dicitur,
1808 1327 2002 1381 nempe

417 1415 766 1474 tabernacula
803 1423 1027 1469 aeterna.
1077 1410 1464 1465 Animadverte
1507 1417 1688 1464 autem
1731 1409 2003 1477 quomodo

421 1511 670 1566 terrestri
718 1513 937 1562 eceleste
978 1514 1031 1560 et
1053 1503 1399 1559 tabernaculo
1441 1511 1703 1557 aeternum
1726 1500 2000 1570 opposuit.

396 1603 771 1673 'Exaggerans
798 1607 982 1652 autem
1005 1596 1310 1651 encomium
1333 1594 1532 1648 futura:
1555 1593 1737 1663 gloria:
1754 1593 2004 1662 corporis

422 1693 618 1757 nostri,
653 1691 858 1744 addidit
883 1689 1069 1753 etiam,
1108 1706 1126 1739 ι
1165 1687 1284 1741 Non
1317 1685 1721 1753 manufactam;
1762 1704 1782 1738 ι
1817 1700 1924 1740 non
1948 1693 2005 1738 ut

422 1794 718 1858 Opponeret
749 1783 963 1858 corpori
1002 1781 1167 1836 huic:
1213 1781 1314 1835 hoc
1358 1780 1500 1835 enim
1551 1794 1656 1834 non
1698 1786 1782 1835 est
1819 1792 2005 1834 manu-

428 1878 648 1933 'actum.
696 1855 950 1931 Nonnulli
1002 1884 1182 1926 autem
1223 1871 1444 1926 domum
1487 1870 1872 1936 manul'actam,
1904 1887 2004 1941 pro

419 1972 536 2027 vita
565 1985 728 2041 quam
760 1969 814 2022 in
857 1967 1018 2022 terris
1050 1966 1316 2038 degimus,
1354 1974 1678 2035 acceperunt
1707 1985 1718 2020 :
1748 1965 2003 2020 taberna-

425 2063 606 2119 culum
641 2073 850 2124 autem,
879 2074 1076 2129 corpus
1123 2059 1338 2127 ipsum:
1382 2067 1438 2110 ut
1483 2057 1554 2112 sit
1594 2057 1736 2127 quod
1778 2057 1998 2122 dicitur,

426 2155 776 2226 huiusmodi:
817 2153 874 2208 Si
921 2151 1182 2208 dissoluta
1235 2149 1416 2214 literit,
1464 2165 1587 2219 qua:
1626 2148 1679 2204 in
1712 2160 1856 2204 terra
1893 2159 1996 2214 est,

419 2250 534 2302 vita
563 2247 807 2318 corporis
847 2245 1041 2309 nostri,
1075 2259 1198 2314 qua:
1227 2251 1280 2296 et
1317 2240 1620 2297 manufacta
1661 2241 1766 2296 dici
1809 2242 2000 2311 possit,

412 2349 686 2410 *tanquam
747 2353 775 2391 a
835 2337 1084 2392 manibus
1153 2334 1450 2404 composita
1511 2335 1688 2404 (panis
1741 2335 1888 2388 enim
1944 2344 2002 2389 et

422 2431 608 2487 vinum
637 2439 692 2485 et
711 2429 930 2496 similia,
957 2444 1023 2483 ex
1043 2429 1244 2499 quibus
1266 2428 1376 2482 vita
1407 2437 1591 2482 nostra
1619 2435 1853 2493 constat,
1882 2441 2002 2481 ma-

417 2525 584 2581 nibus
635 2523 1087 2592 coniiciuntur):
1134 2520 1451 2576 habebimus
1499 2519 1660 2575 aliam
1720 2521 1883 2574 vitam
1946 2519 2000 2574 in

2104 598 2244 644 σεως
2271 581 2456 642 αὐτοῖς
2477 580 2789 650 διαλέγεται
2823 579 3014 646 πάλιν,
3048 581 3095 634 εί
3122 580 3221 633 καὶ
3243 579 3292 611 ’⁸
3321 580 3394 651 μὴ
3415 581 3649 650 ἀριδήλως

2103 674 2179 737 ὡς
2217 674 2277 727 ὲν
2323 675 2391 745 τῇ
2444 673 2721 746 προτέρᾳο
2760 673 2848 726 ἴνα
2900 673 2974 744 μὴ
3019 672 3141 743 δόξῃ
3191 671 3274 726 ἔτι
3324 671 3648 743 ἀδιορθώτοις

2104 767 2305 830 αὐτοὺς
2353 765 2624 836 νομίζειν.
2687 765 2963 835 Ἐπίγειον
2997 766 3055 819 δὲ
3107 763 3290 818 οἰκίαν
3322 766 3557 833 σκήνους,
3599 767 3650 822 τὸ

2103 857 2267 928 σῶμα
2293 857 2558 912 ἐκάλεσεν
2579 873 2592 886 ·
2625 857 2716 912 διὰ
2741 857 2798 912 δὲ
2827 857 2922 912 τοῦ
2954 859 3147 928 σκῆνος
3181 857 3316 911 αὐτὸ
3342 857 3580 919 καλέσαι,
3601 859 3650 912 ιδ

2095 953 2448 1020 πρόσκαιρον
2482 950 2718 1022 ἐδήλωσε
2742 967 2755 980 ο
2795 949 3038 1004 τοιοῦτον
3086 949 3196 1018 γὰρ
3241 950 3274 1019 ἠ
3311 951 3500 1019 σκηνή.
3531 950 3581 1002 El
3605 951 3650 1004 δδ

2105 1041 2202 1093 καὶ
2235 1040 2500 1104 πολλάκις
2541 1040 2742 1112 σκηναὶ
2773 1039 3067 1093 καλοῦνται
3107 1041 3202 1092 καὶ
3243 1038 3301 1090 αἱ
3328 1037 3433 1090 τῶν
3460 1037 3650 1092 δικαίων

2101 1131 2480 1197 ἀναπαύσεις,
2537 1132 2674 1186 ἀλλὰ
2727 1133 2869 1200 μετὰ
2908 1130 3270 1201 προσθήκηςο
3325 1127 3520 1182 αἰώνιοι
3561 1129 3650 1199 γὰρ

2107 1225 2326 1295 σκηναί.
2372 1226 2514 1295 Ὅρα
2545 1225 2624 1288 δὲ,
2659 1224 2775 1289 πῶς
2810 1224 2948 1296 πρὸς
2991 1224 3093 1294 τὴν
3132 1223 3382 1290 ἐπίγειον
3420 1221 3650 1290 ἀντέθηκε

2103 1315 2204 1387 τὴν
2248 1316 2499 1387 οὐράνιον
2519 1334 2533 1347 ·
2573 1317 2708 1386 πρὸς
2739 1317 2801 1371 τὸ
2829 1320 3028 1388 σκῆνος
3051 1356 3065 1381 ,
3100 1316 3201 1386 τὴν
3229 1312 3465 1368 αἰώνιον.
3497 1313 3652 1380 Ai»va

2108 1407 2165 1461 δὲ
2201 1409 2262 1462 τὸ
2307 1409 2589 1480 ἐγκώμιον
2623 1413 2723 1480 τῆς
2765 1409 3067 1480 μελλούσης
3116 1407 3278 1478 δόξης
3317 1405 3408 1461 τοῦ
3440 1406 3654 1476 σώματος

2104 1500 2283 1572 ἡμῶν,
2311 1502 2429 1566 καὶ,
2466 1520 2486 1553 ι
2535 1503 3000 1573 Ἃχειροποίητον,
3039 1520 3058 1554 ι
3087 1499 3463 1570 προσέθηκενο
3485 1499 3571 1569 οὐχ
3592 1497 3652 1563 ὡς

2106 1592 2243 1664 πρὸς
2279 1593 2690 1663 ἁντιδιαστολὴν
2720 1593 2914 1646 τούτου
2959 1593 3050 1647 τοῦ
3093 1591 3383 1662 σώματος’
3421 1593 3532 1644 οὐδὲ
3564 1591 3652 1662 γὰρ

2105 1685 2487 1756 χειροποίητον
2510 1689 2627 1738 ἐστι
2644 1685 2821 1742 τοῦτο.
2847 1686 3004 1751 Τινὲς
3028 1685 3084 1738 δὲ
3107 1684 3486 1755 χειροποίητον
3507 1682 3547 1714 ⁷³
3569 1683 3649 1753 μὲν

2106 1778 2305 1843 οίκίαν,
2340 1778 2439 1849 τὴν
2462 1780 2518 1831 ὲν
2546 1781 2612 1850 τῇ
2639 1782 2711 1850 γῇ
2737 1777 2906 1849 ζωὴν,
2940 1778 3136 1848 σκῆνος
3167 1777 3224 1830 δὲ
3247 1777 3308 1830 τὸ
3335 1777 3488 1846 σῶμά
3514 1791 3650 1843 φαεν

2111 1870 2252 1924 ὥστε
2279 1865 2419 1924 εἶναι
2448 1871 2508 1924 τὸ
2538 1871 2830 1943 λεγόμενον
2862 1871 3103 1925 τοιοῦτον
3124 1888 3139 1903 ·
3187 1871 3314 1923 Ἐὰν
3339 1869 3590 1940 καταλυθῇ
3625 1871 3650 1939 ἡ

2111 1963 2205 2016 ἐπὶ
2250 1964 2355 2033 γῆς
2393 1963 2507 2036 ζωὴ
2542 1964 2635 2018 τοῦ
2667 1961 2924 2036 σώματος
2951 1963 3109 2036 ἡμῶν
3135 1981 3148 1994 ·
3184 1964 3311 2034 ἥτις
3362 1963 3453 2016 καὶ
3499 1978 3649 2031 χειροο

2111 2058 2336 2130 ποίητος
2385 2059 2453 2114 ἂν
2508 2059 2737 2131 ῥηθείη,
2786 2059 2860 2123 ὡς
2909 2059 3016 2113 ἀπὸ
3073 2057 3279 2130 χειρῶν
3329 2056 3646 2127 συνισταμένη

2111 2150 2129 2220 (
2151 2151 2318 2222 ἄρτος
2352 2151 2462 2222 γὰρ
2509 2155 2604 2205 καὶ
2629 2148 2792 2216 οῐνος,
2819 2151 2916 2204 καὶ
2938 2150 3007 2204 τὰ
3040 2148 3274 2204 τοιαῦτα
3294 2189 3311 2215 ,
3344 2147 3401 2212 ἐξ
3429 2141 3497 2201 ὧν
3526 2146 3649 2215 καὶὴ

2109 2242 2226 2315 ζωὴ
2260 2243 2440 2314 ἡμῶν,
2499 2243 2588 2297 διὰ
2639 2243 2840 2314 χειρῶν
2881 2240 3202 2312 γίνονται)·
3260 2240 3448 2310 ἕξομεν
3495 2239 3650 2308 ἑτέραν

2110 2337 2255 2410 ζωὴν
2284 2339 2342 2392 ὲν
2371 2337 2917 2410 ούρανοίςιᾶφθαρτον
2945 2336 3040 2390 καὶ
3063 2335 3498 2405 ἀχειροποίητον,
3518 2348 3644 2385 τουτο

2107 2433 2274 2496 ἐστιν,
2319 2431 2381 2485 ού
2427 2431 2831 2502 προσδεομένην
2904 2430 3004 2500 τῆς
3033 2429 3143 2482 τῶν
3180 2427 3464 2498 ἡμετέρων
3489 2426 3649 2496 χειρὰν

2109 2523 2396 2591 ἐργασίας.

405 2615 580 2672 ~~ctelis
630 2612 1100 2683 incorruptibilem
1156 2623 1212 2667 et
1275 2627 1381 2667 non
1440 2611 1843 2676 manuiactam,
1908 2611 2012 2668 hoc
2087 2627 2194 2682 ρει,
2254 2631 2360 2671 non
2418 2615 2746 2686 indigentem
2819 2623 3124 2669 nostrarum
3183 2628 3438 2668 manuum
3495 2621 3650 2682 oper.-

427 2709 575 2762 ﬁoue

497 2801 748 2857 Vsas.2.
801 2819 820 2852 ι
875 2797 1008 2854 Nam
1065 2799 1120 2854 in
1164 2800 1272 2854 hoc
1319 2798 1747 2867 ingemisctmus,
1799 2797 2008 2852 habita-

406 2893 632 2950 '-tionem
685 2901 948 2954 nostram,
1014 2905 1138 2961 quas
1203 2890 1271 2945 de
1316 2889 1454 2945 cmio
1515 2899 1618 2953 est,
1685 2889 2004 2959 superindui

426 2987 727 3057 cupientes.
779 3003 798 3037 ι
845 2983 1066 3051 Qualem
1113 2981 1544 3039 habitationem?
1578 2980 1790 3049 Corpus
1833 2979 2014 3036 incor-

409 3077 706 3148 ruptibile.
743 3077 821 3131 Ex
869 3076 1008 3132 coelo
1063 3085 1245 3129 autem
1284 3074 1458 3143 ipsum
1505 3073 1658 3140 dicit,
1715 3089 1820 3127 non
1869 3072 2010 3141 quod

428 3145 723 3230 descendat
770 3184 800 3226 a
858 3169 1144 3240 supernis,
1207 3166 1308 3225 sed
1373 3167 1515 3237 quod
1581 3145 2080 3237 iucorruptibili-C

434 3263 562 3319 tatis
615 3265 846 3332 gratiam
893 3261 1017 3316 inde
1059 3260 1352 3316 demissam
1401 3259 1592 3314 habet.
1642 3258 1791 3312 Adeo
1847 3256 2011 3328 igitur

431 3371 541 3412 non
572 3365 656 3410 est
689 3369 824 3424 upus
861 3361 921 3408 ut
955 3354 1238 3423 quisquam
1273 3352 1520 3406 turbetur
1565 3351 1635 3406 ob
1683 3349 2010 3405 tentatiuues

423 3447 676 3517 corporis
705 3445 934 3514 quadam
957 3459 1019 3499 ex
1046 3452 1200 3512 parte
1225 3442 1624 3512 contingentes,
1658 3448 1719 3495 ut
1737 3454 1769 3494 e
1792 3439 2010 3494 diverso

437 3541 620 3610 potius
645 3538 1004 3608 ingemiscere
1027 3534 1346 3596 debeamus,
1377 3533 1523 3604 quod
1559 3545 1671 3587 non
1704 3531 2012 3586 universum

435 3629 786 3699 corruptibile
820 3640 1018 3697 corpus
1047 3635 1334 3691 canamus,
1373 3631 1433 3680 ut
1462 3621 1874 3694 incorruptibile
1909 3621 2014 3677 hoc

433 3718 907 3791 superinduamus.
938 3715 1234 3786 Propterea
1259 3728 1372 3771 non
1397 3711 1806 3770 tabernaculum
1832 3708 2009 3780 ipsum

435 3811 757 3876 nontinavit,
803 3809 920 3874 sed,
971 3807 1386 3872 habitationem,
1445 3805 1611 3862 veluti
1677 3815 2009 3873 permaneno

415 3906 656 3959 συσπ-ειη.

508 3993 676 4050 Vens.
721 3993 774 4048 3.
832 4009 851 4043 ι
893 3991 950 4048 Si
1002 3998 1182 4048 tamen
1226 3987 1428 4055 vestiti,
1465 4003 1572 4044 non
1619 3987 1749 4043 nudi
1775 3987 2019 4044 invenia-

421 4103 582 4142 'mur.
608 4105 627 4137 ι
667 4083 744 4138 Ne
768 4082 1042 4140 conﬁdant
1069 4094 1257 4136 omnes
1275 4078 1784 4148 gincorruptibilitati
1820 4092 2016 4147 corpo-

2192 2816 2212 2848 ι
2249 2794 2359 2849 Καὶ
2397 2795 2505 2866 γὰρ
2547 2796 2604 2848 ὲν
2640 2793 2815 2864 τούτῳ
2871 2793 3230 2864 στενάζομεν,
3280 2793 3339 2847 τὸ
3383 2792 3649 2860 οἰκητήριον

2113 2887 2269 2958 ἡμῶν
2304 2888 2364 2941 τὸ
2398 2888 2457 2954 ἐξ
2487 2887 2718 2959 ούρανοῦ
2767 2889 3163 2943 ἐπενδύσασθαι
3219 2885 3640 2946 ἐπιποθοῦντες.»

2116 2981 2274 3034 Ποῖον
2303 2981 2655 3053 οἰκητήριονς
2686 2983 2759 3036 Τὸ
2785 2983 2945 3053 σῶμα
2977 2982 3037 3035 τὸ
3069 2981 3368 3051 ἄφθαρτον.
3417 2978 3498 3044 Ἐξ
3517 2977 3646 3043 ούραο

2116 3073 2212 3128 νοῦ
2243 3072 2299 3128 δέ
2338 3091 2503 3144 φησιν
2546 3075 2700 3136 αὐτὸ,
2757 3075 2855 3145 ούχ
2883 3076 2964 3128 ὅτι
3009 3073 3223 3128 ἄνωθεν
3264 3072 3513 3136 κάτεισιν,
3555 3061 3642 3120 ἀλλ’

2112 3167 2196 3221 ὅτι
2231 3167 2442 3220 ἐκεῖθεν
2489 3166 2600 3237 ἔχει
2646 3165 3076 3237 ἐκπεμπομένην
3108 3165 3208 3234 τὴν
3241 3165 3340 3233 τῆς
3385 3157 3644 3230 ἀφθαρσίας

2116 3258 2299 3331 χάριν.
2329 3259 2596 3314 Τοσοῦτον
2630 3255 2724 3313 οὖν
2753 3259 2814 3312 ού
2843 3259 2929 3313 δεῖ
2954 3259 3248 3312 λυπεῖσθαι
3275 3257 3368 3310 ἐπὶ
3393 3257 3496 3317 τοῖς
3535 3249 3642 3304 κατὰ

2117 3353 2284 3423 μέρος
2334 3350 2430 3406 τοῦ
2489 3350 2746 3422 σώματος
2785 3353 3136 3422 πειρασμοῖς,
3185 3349 3336 3404 ὥστε
3386 3342 3644 3401 τούναντίον

2117 3446 2320 3516 μᾶλλον
2351 3443 2632 3509 στενάξειν
2681 3444 2991 3514 ὀφείλομεν,
3047 3443 3130 3497 ὅτι
3181 3443 3260 3512 μὴ
3302 3436 3575 3496 καθολικῶς
3598 3433 3642 3486 τὸ

2115 3537 2357 3607 φθαρτὸν
2412 3535 2571 3608 σῶμα
2623 3536 3032 3604 ἀπεκδυόμεθα,
3070 3535 3158 3588 ἶνα
3211 3533 3481 3603 ἆσθαρτον
3522 3525 3643 3580 τοῦτο

2116 3629 2562 3700 ἔπενδυσώμεθα.
2593 3631 2691 3682 Διὰ
2724 3629 2904 3692 τοῦτο,
2937 3629 3060 3682 οὐδὲ
3093 3627 3296 3696 σκῆνος
3330 3625 3453 3679 αὑτὸ
3493 3619 3640 3675 ἐκάλε-

2118 3738 2230 3790 σεν,
2259 3721 2376 3778 ἀλλ’
2405 3722 2744 3793 οἰκητήριον,
2777 3723 2854 3786 ὼς
2889 3723 3289 3794 μονιμώτερον.

2201 4016 2219 4049 ι
2276 3995 2346 4050 Εἴ
2375 4011 2438 4064 γε
2483 3995 2579 4050 καὶ
2625 3995 2998 4066 ἐνδυσάμενοι,
3053 3994 3114 4047 οὐ
3160 3991 3361 4062 γυμνοὶ
3403 3980 3642 4058 εὖρεθησὸο

2123 4089 2284 4162 μεθα.
2320 4109 2338 4142 ι
2378 4089 2497 4143 ’Ὶνα
2545 4088 2622 4159 μὴ
2673 4079 2921 4160 θαῤῥῶσι
2971 4088 3174 4150 πάντες
3217 4087 3310 4140 διὰ
3341 4085 3434 4154 τὴν
3477 4078 3642 4147 ἀφθαρ-

433 4179 536 4232 -ris.
585 4194 602 4228 ι
631 4175 688 4230 Si
713 4173 894 4236 modo,
937 4188 958 4224 ι
982 4171 1177 4240 inquit,
1205 4187 1225 4221 ι
1254 4168 1424 4224 induti
1458 4167 1886 4237 incorruptione,
1920 4185 1938 4219 ι
1965 4175 2020 4221 et

2123 4179 2246 4234 σίαν
2273 4179 2368 4233 τοῦ
2397 4176 2671 4249 σώματος,
2699 4181 2864 4250 φησίν
2884 4195 2898 4210 ο
2934 4197 2953 4230 ι
2991 4178 3058 4232 Εἴ
3081 4195 3142 4247 γε
3170 4180 3265 4231 καὶ
3294 4175 3638 4243 ἐνδυσάμενοι»

439 4281 638 4336 corpus
684 4259 1096 4331 incorruptibile
1147 4257 1502 4327 accipientes,
1535 4274 1554 4308 ι
1608 4271 1714 4310 non
1765 4254 1894 4310 nudi
1937 4256 2016 4308 in-

441 4360 724 4415 veniamur
758 4374 778 4408 ι
817 4370 846 4409 a
883 4353 1054 4423 gloria
1083 4361 1138 4407 et
1163 4351 1480 4415 securitate,
1515 4358 1775 4420 tanquam
1811 4349 2016 4417 peccati

445 4449 841 4507 deformitatem
876 4444 1159 4501 habentes.
1204 4441 1553 4498 Resurrectio
1603 4454 1839 4510 namque
1871 4454 2019 4494 com-

424 4545 630 4600 -tnunis
667 4551 768 4606 est,
797 4541 971 4595 honos
1001 4553 1106 4594 non
1139 4538 1292 4591 item.

515 4633 681 4688 Vens.
707 4632 761 4686 6.
795 4648 823 4682 4
854 4629 989 4684 Nam
1017 4637 1071 4682 et
1091 4628 1181 4697 qui
1215 4641 1403 4682 sumus
1432 4626 1485 4682 in
1512 4624 1865 4680 tabernaculo
1895 4625 2018 4689 hoc,

424 4724 870 4797 'ingemiscimus,
919 4732 1186 4791 quatenus
1238 4719 1489 4774 nolumus
1553 4715 1874 4786 exspoliari,
1926 4715 2022 4769 sed

2049 4506 2103 4566 D

2123 4271 2222 4342 τὴν
2253 4269 2585 4340 ἀφθαρσίαν,
2619 4273 2712 4323 καὶ
2751 4270 2910 4340 σῶμα
2943 4268 3217 4338 ἄφθαρτον
3250 4265 3512 4324 λαϐόντες,
3559 4253 3642 4307 «οὗ

2129 4363 2328 4434 γυμνοὶ
2372 4361 2790 4434 εὑρεθησόμεθα
2831 4383 2849 4414 ι
2898 4361 3056 4431 δόξης
3107 4361 3201 4414 καὶ
3251 4357 3549 4429 ἀσφαλείας.
3589 4347 3643 4406 ibi

2129 4457 2227 4526 τὴν
2251 4457 2316 4508 ὲκ
2344 4456 2444 4526 τῆς
2482 4457 2759 4526 ἁμαρτίας
2795 4455 3183 4525 ἀσχημοσύνην
3229 4455 3456 4524 ἔχοντες.
3493 4446 3545 4498 Ἦ
3572 4439 3642 4512 μὲν

2129 4549 2235 4617 γὰρ
2259 4548 2578 4611 ἀνάστασις,
2603 4548 2756 4619 κοινή
2781 4564 2793 4577 ·
2831 4549 2865 4617 ή
2897 4548 2956 4601 δὲ
2986 4548 3142 4617 τιμὴ,
3175 4545 3258 4600 οὗ.

2205 4660 2226 4693 ι
2265 4643 2376 4695 Καὶ
2405 4640 2514 4712 γὰρ
2540 4641 2590 4694 οἱ
2621 4641 2773 4705 ὄντες
2807 4641 2970 4714 ἐντῷ
3003 4646 3190 4709 σκήνει
3218 4639 3408 4708 τούτῳ,
3441 4629 3641 4690 στενάζο-

2131 4751 2253 4804 μεν,
2287 4734 2645 4804 βαρυνόμενοι
2669 4735 2755 4804 ὲφ⁹
2857 4736 2918 4788 οὐ
2951 4735 3178 4804 θέλομεν
3207 4727 3531 4788 ἐκδύσασθαι,
3560 4718 3641 4774 ἀλλ’

445 4815 819 4887 supervestiri,
869 4825 925 4868 ut
971 4813 1332 4869 absorbeatur
1391 4811 1534 4881 quod
1586 4809 1813 4865 mortale
1864 4815 1948 4864 est
1991 4821 2022 4862 a
2132 4825 2554 4891 ἐπενδύσασθαι,
2606 4828 2693 4879 ενα
2741 4827 3026 4898 καταποθῇ
3073 4828 3133 4880 τὸ
3187 4825 3378 4895 θνητὸν
3436 4817 3526 4874 δπδ
3571 4811 3644 4878 τῆς

430 4913 574 4966 'vita.
615 4929 634 4962 ι
674 4909 811 4975 Quia
862 4909 1152 4962 molestum
1203 4905 1484 4960 videbatur
1533 4902 1679 4974 quod
1740 4902 1900 4969 dixit,
1937 4898 2024 4954 ln-

427 5004 793 5076 gemiscitmts
863 5001 1236 5056 desiderantes
1310 4995 1529 5053 liberari
1601 5010 1634 5050 a
1713 5009 1945 5065 corpore
2007 5011 2022 5047 :

2123 4916 2289 4985 ζωῆς·
2328 4935 2346 4969 ³
2394 4915 2616 4989 Ἐπειδὴ
2649 4919 2908 4989 φορτικὸν
2951 4919 3126 4974 ἐδόκει
3165 4919 3194 4972 δ
3221 4919 3419 4985 ἔλεγεν,
3445 4913 3516 4965 ὅτι
3548 4906 3642 4959 Στε-

2124 5007 2362 5080 νὰζομεν
2395 5007 2852 5079 ὲπιθυμοῦντεςτδ
2882 5010 3272 5079 ἀπαλλαγῆναι
3295 5009 3384 5062 τοῦ
3413 5003 3637 5072 σώματος’

449 5097 740 5156 ineﬂ'abilis
770 5096 916 5150 enim
965 5104 1047 5149 est
1079 5094 1274 5147 anima:
1308 5089 1376 5144 ad
1401 5105 1600 5160 corpus
1626 5087 1843 5143 affectio
1867 5105 1881 5141 :
1908 5085 2024 5142 Non

2126 5099 2223 5152 καὶ
2266 5101 2376 5171 γὰρ
2409 5100 2650 5173 ἄῤῥητος
2706 5101 2894 5171 σχέσις
2944 5105 3010 5173 τῇ
3058 5103 3204 5172 ψυχῇ
3242 5101 3374 5172 πρὸς
3408 5097 3460 5149 τὸ
3496 5090 3638 5154 σῶμ’

431 5202 760 5265 τιποιηιιικιιι,
814 5189 1010 5261 inquit,
1050 5187 1478 5260 ingemiscimus,
1534 5197 1591 5238 ut
1633 5182 1952 5252 simpliciter
1995 5194 2027 5233 a

2130 5191 2318 5259 φησὶν,
2360 5192 2440 5244 ὅτι
2477 5191 2552 5244 Οὐ
2605 5191 2690 5244 διὰ
2744 5191 2904 5246 τοῦτο
2937 5195 3302 5262 στενάζομεν,
3347 5191 3428 5244 ἵνα
3457 5183 3534 5238 τοῦ
3563 5177 3637 5230 σὼ·

448 5301 678 5356 corpore
712 5285 1026 5348 liberemur,
1055 5295 1240 5336 verum
1279 5279 1406 5350 quia
1431 5275 1816 5345 superiuduere
1843 5274 2022 5327 incor-

452 5377 858 5448 ruptibilitatem
905 5372 1229 5446 expetimus,
1280 5371 1415 5425 adeo
1452 5381 1508 5420 ut
1539 5382 1644 5420 non
1673 5365 1774 5420 hoc
1807 5363 2022 5434 quidem

432 5472 617 5544 368
666 5485 868 5528 exuere
908 5470 1178 5532 volumus,
1232 5478 1420 5520 verum
1479 5477 1508 5516 a
1560 5461 1916 5531 corruptione
1957 5457 2023 5512 li-

440 5563 655 5629 berari,
695 5569 756 5616 ut
783 5577 812 5614 a
861 5558 970 5614 vita
1001 5552 1280 5624 corruptio
1308 5551 1629 5613 insumatur,
1666 5563 1768 5603 non
1800 5564 2024 5618 corpus.

2137 5299 2304 5352 ματος
2335 5283 2522 5344 ἁπλῶς
2564 5282 2994 5354 ἀπαλλαγῶμεν,
3031 5285 3168 5338 ἀλλὰ
3204 5284 3434 5342 θέλοντες
3464 5269 3638 5329 ἐπενδύ-

2137 5374 2334 5428 σαςθαι
2367 5375 2463 5443 τὴν
2493 5375 2802 5449 ἀφθαρσίαν
2825 5395 2838 5410 ο
2870 5376 3126 5441 ὡςμτοῦτό
3150 5393 3211 5445 γε
3235 5376 3349 5429 οὐδὲ
3371 5361 3638 5425 ἐκδύσασθαι

2138 5466 2465 5535 βουλόμεθα,
2495 5467 2629 5522 ἀλλὰ
2659 5470 2759 5540 τῆς
2791 5469 2997 5540 φθορᾶς
3025 5468 3411 5538 ἀπαλλαγῆναι,
3445 5461 3516 5512 ἶνα
3542 5455 3637 5540 ἅναξ

2135 5555 2280 5629 mea
2315 5560 2408 5612 καὶ
2457 5537 2742 5632 δαπανηθῇ
2845 5537 3022 5632 φθορὰ
3066 5560 3171 5613 ὑπὸ
3203 5537 3305 5630 τῆς
3347 5554 3491 5621 ζωῆς,
3517 5546 3566 5601 οὐ
3594 5537 3637 5592 τδ

1811 5685 2009 5749 Variae
2052 5687 2383 5753 lectiones.

526 5821 576 5858 τ’
606 5822 714 5890 γάρ
761 5835 814 5875 o.
888 5816 936 5848 ’³
967 5817 1179 5879 ἐπιγεν.
1214 5827 1268 5864 ο.
1343 5811 1390 5842 ⁷³⁵
1422 5807 1818 5871 ὲπεποθοῦντες
1850 5826 1915 5863 ID.
