3806 6612
413 478 514 546 851
536 533 541 539 .

1260 481 1835 547 THEOPHYLACTI
1874 482 2284 546 BULGARI/E
2323 482 2678 548 ARCHIEP.

3505 458 3601 537 se

496 594 665 653 Vsus.
697 594 753 652 9.
802 593 977 651 t‘ldeo
1007 596 1405 663 contendimus,
1433 596 1550 653 sive
1584 598 1858 663 absentes,
1882 597 1996 652 sive

2175 616 2195 652 ι
2234 599 2326 653 Διὸ
2370 599 2465 654 καὶ
2504 590 2961 667 φιλοτιμούμεθα,
2997 586 3103 642 εἴτε
3150 582 3590 657 ἐνδημοῦντες,εῑτε

413 699 736 759 prteseutes,
790 687 1008 758 placere
1038 687 1136 743 illi.
1187 706 1206 740 ι
1247 686 1400 755 Quod
1450 689 1715 759 quaeritur
1746 688 1849 744 hoc
1878 699 1983 755 est,

419 791 479 835 ut
509 779 611 849 ipsi
648 778 702 833 in
751 779 860 833 vita
921 778 1253 850 placeamus.
1295 778 1376 835 Ne
1413 779 1579 835 enim
1621 778 1852 835 audiens
1889 792 1987 848 pe-

418 868 836 941 regrinationem
883 886 911 924 ιι
955 886 1208 941 corpore,
1256 872 1538 929 existimes
1575 872 1720 927 bane
1767 871 1863 927 tibi
1918 868 1986 924 ad

413 957 639 1014 salutem
692 961 824 1013 satis
871 975 1040 1014 esse:
1086 961 1276 1026 Stude,
1308 962 1504 1031 inquit,
1539 962 1807 1031 probatus
1856 958 1987 1014 hinc

414 1052 673 1122 migrare,
723 1051 886 1106 vitam
926 1051 1185 1107 nimirum
1227 1052 1334 1108 Deo
1380 1053 1683 1122 placentem
1735 1050 1984 1108 vivendo.

490 1144 660 1200 Vens.
694 1144 784 1200 l0.
818 1162 837 1197 t
872 1142 1075 1201 Omnes
1103 1146 1247 1200 enim
1280 1161 1379 1201 nos
1403 1144 1736 1200 manifestari
1775 1151 1990 1215 oportet

291 1264 306 1277 ο
420 1242 547 1290 ante
576 1234 811 1292 tribunal
842 1233 1068 1291 Christi.
1107 1254 1127 1288 ι
1166 1235 1455 1291 Terrorem
1490 1235 1686 1291 incutit
1719 1235 1810 1290 hic
1840 1250 1988 1288 men-

420 1327 566 1382 tione
604 1324 751 1381 facta
798 1325 1063 1381 tremendi
1108 1324 1253 1381 illius
1304 1325 1608 1391 tribunalis,
1657 1333 1711 1381 et
1753 1339 1848 1394 per
1884 1324 1991 1381 hoc

417 1417 559 1487 quod
593 1417 691 1482 ait,
724 1416 1100 1487 «Manifestari
1131 1428 1366 1489 Oportet.
1398 1436 1418 1472 r
1455 1417 1634 1475 Nolito
1663 1418 1807 1474 enim
1842 1419 1989 1488 cogi-

419 1521 536 1563 tare
586 1508 731 1577 quod
786 1507 895 1564 illic
945 1508 1180 1578 parietes
1230 1516 1283 1562 et
1334 1507 1635 1563 velamenta
1698 1510 1990 1579 cordisque

419 1600 759 1671 profunditas
815 1600 901 1656 vel
945 1616 1135 1671 opera,
1196 1600 1274 1655 vel
1317 1599 1541 1656 consilia
1577 1600 1835 1665 occultet,
1895 1600 1990 1655 sed

418 1691 601 1748 omnia
634 1689 1073 1748 manifestantur.

496 1803 516 1836 ι
570 1782 642 1841 Ut
689 1793 930 1854 reportet
977 1785 1351 1856 unusquisque
1412 1799 1474 1839 ea
1534 1798 1652 1855 qua:
1706 1782 1843 1839 fiunt
1893 1796 1994 1853 per

419 1892 616 1949 corpus
636 1876 792 1947 juxta
814 1878 1014 1947 eafqute
1039 1878 1183 1945 fecit,
1212 1878 1327 1934 sive
1348 1878 1705 1945 honum,fsive
1731 1874 1984 1941 malum,r

420 1967 527 2025 Per
571 1969 671 2023 ista
724 1983 818 2024 eos
868 1968 960 2039 qui
994 1972 1148 2027 .bene
1184 1977 1235 2022 et
1293 1979 1444 2024 recte
1489 1966 1744 2031 vixerint,
1800 1947 2070 2021 meliusB

421 2075 642 2130 sperare
691 2060 818 2115 facit
873 2078 886 2114 :
938 2060 1218 2128 segniores
1287 2070 1469 2113 autem
1516 2066 1726 2113 terrore
1765 2055 1999 2127 diligen-

423 2152 590 2208 tiores
661 2151 856 2207 reddit.
928 2150 1253 2207 Sernonem
1311 2162 1493 2205 autem
1566 2151 1632 2205 de
1700 2162 1990 2217 corporum

423 2244 824 2300 resurrectione
891 2246 1084 2300 iterum
1165 2245 1468 2298 conlirmat.
1518 2242 1673 2309 Quod
1725 2242 1867 2297 enim
1913 2239 1998 2295 vel

426 2336 583 2392 bouis
610 2335 690 2391 vel
731 2336 912 2408 pravis
960 2335 1219 2407 operibus
1270 2333 1520 2390 inscrviit
1553 2343 1716 2404 atque
1767 2333 1998 2387 obsecu-

422 2417 534 2482 ιιιιιι
580 2438 682 2493 est,
723 2426 855 2482 illud
904 2428 1128 2484 omnino
1179 2426 1264 2483 vel
1292 2436 1586 2481 coronatur
1630 2421 1712 2479 vel
1751 2422 1996 2494 punitur.

421 2521 793 2578 Obstrttuntur
847 2522 978 2588 ergo
1023 2519 1108 2575 vel
1150 2520 1279 2576 hinc
1318 2519 1702 2575 haereticorum
1741 2531 1862 2572 ora.

492 2609 654 2668 Vsus.
693 2611 782 2667 tl.
817 2629 837 2663 ι
883 2611 1132 2667 Scientes
1181 2611 1348 2681 igitur
1391 2611 1645 2665 timorem
1676 2606 1793 2673 Dei,
1821 2606 1998 2662 homi-

422 2704 584 2760 nibus
613 2703 905 2761 suademus
937 2721 951 2758 :
1003 2701 1116 2759 Deo
1146 2710 1328 2756 autem
1380 2699 1710 2756 manifestati
1755 2712 1944 2754 sumus
1984 2715 1998 2751 :

423 2809 589 2865 spero
626 2803 807 2849 autem
837 2801 890 2850 et
915 2792 1273 2849 conscientiis
1294 2791 1493 2847 vestris
1537 2789 1855 2845 manifestos
1904 2802 2003 2844 nos

421 2901 561 2943 esse.
599 2904 619 2940 ι
645 2885 913 2952 Scientes,
961 2885 1158 2956 inquit,
1213 2882 1551 2940 tremendum
1578 2882 1710 2938 illud
1742 2880 1999 2948 tribunal,

422 2979 606 3035 omnia
648 2977 879 3051 agimus,
915 2992 983 3035 ne
1013 2976 1327 3033 scandalum
1356 2990 1624 3046 ponamus
1654 2973 1998 3031 mortalibus.

423 3071 542 3126 lloc
571 3071 716 3126 enim
750 3079 835 3126 est
877 3070 1019 3141 quod
1051 3070 1147 3138 ait,
1190 3087 1209 3122 ι
1252 3068 1574 3125 Hominibus
1624 3066 1936 3131 suademus,
1974 3082 1995 3117 ι

422 3165 532 3219 hoc
572 3172 679 3230 est,
726 3160 1079 3219 Otfendiculis
1129 3160 1425 3216 medemur.
1492 3158 1606 3215 Etsi
1657 3158 1803 3214 enim
1872 3155 1998 3212 mali

423 3256 718 3328 quidquam
779 3270 890 3311 non
946 3268 1254 3326 operemur,
1311 3264 1363 3309 et
1424 3250 1646 3308 interim
1706 3248 1999 3320 suspicioni

426 3364 615 3406 ansam
678 3349 1036 3420 praebeamus,
1117 3360 1217 3402 nec
1276 3358 1660 3402 removeamus
1720 3340 2000 3405 scandala,

425 3457 550 3499 eum
592 3441 866 3511 possimus
911 3450 1115 3508 tamen,
1171 3439 1621 3497 condemnamur.
1662 3435 1775 3492 Deo
1821 3444 2002 3490 autem

429 3531 699 3605 perspecti
739 3545 954 3596 sumus,
996 3531 1087 3602 qui
1119 3531 1326 3602 optime
1369 3528 1536 3585 etiam
1592 3527 1744 3582 novit
1787 3524 2002 3593 qualem

425 3627 552 3683 vitae
599 3627 869 3681 rationem
914 3624 1259 3681 habeamus:
1301 3636 1480 3691 neque
1513 3634 1650 3691 opus
1688 3627 1858 3674 estut
1899 3615 2003 3687 ipsi

427 3720 775 3788 suadeamus,
815 3725 1000 3790 utpote
1033 3717 1125 3789 qui
1156 3715 1640 3773 scaudalizaretur.
1674 3711 1840 3770 Vobis
1873 3709 2004 3765 item

429 3812 762 3868 manitestati
796 3823 1008 3875 sumus,
1042 3809 1243 3881 quippe
1272 3807 1365 3879 qui
1394 3806 1577 3863 omnia
1626 3814 1812 3861 nostra
1839 3801 2006 3871 probo

432 3906 681 3962 teneatis.
736 3904 905 3962 Vobis
950 3904 1119 3973 igitur
1173 3902 1500 3976 persuadere
1562 3915 1669 3955 non
1725 3898 2005 3963 debemus,

429 4014 528 4056 ceu
564 4001 618 4054 in
654 3998 811 4054 nobis
849 3996 1162 4054 scandalum
1201 3995 1395 4067 passis.

504 4094 670 4151 Vsus.
704 4091 792 4149 12.
823 4110 843 4144 t
883 4090 999 4147 Non
1038 4089 1182 4147 enim
1206 4104 1397 4146 rursus
1413 4104 1514 4146 nos
1545 4090 1694 4160 ipsos
1721 4103 2003 4146 commen-

430 4190 628 4244 damus
657 4185 831 4251 vobis,
851 4184 946 4240 sed
972 4165 1317 4238 oec‘asionem
1337 4179 1530 4236 damus
1558 4180 1708 4235 vobis
1737 4178 2006 4250 gloriandi

432 4283 501 4338 tle
537 4281 716 4337 nobis.
758 4298 779 4332 ι
824 4275 1106 4334 Gloriandi
1143 4275 1505 4348 suspicionem
1563 4272 1853 4329 confestim
1917 4272 2009 4328 de-

433 4378 580 4445 terit,
644 4374 726 4432 Ad
788 4376 909 4440 bes,
961 4371 1230 4445 inquiens,
1295 4384 1579 4427 sermones
1642 4365 2008 4438 pervenimus,

433 4485 539 4526 non
591 4477 650 4524 ttt
701 4482 799 4525 nos
825 4466 985 4539 ,ipsos
1016 4464 1478 4528 commendemus,
1515 4461 1616 4516 hoc
1664 4464 1767 4525 e'st,
1792 4454 2010 4514 attolla-

433 4578 574 4630 mus,
614 4561 702 4620 vel
750 4560 1035 4633 preconiis
1069 4557 1385 4623 evebamus,
1432 4569 1623 4610 verum
1664 4560 1722 4607 ttt
1751 4550 1905 4607 vobis
1940 4549 2010 4607 de

2088 690 2477 762 ἐκδημοῦντες,
2496 688 2781 759 εὐάρεστοι
2810 682 2959 754 αὐτῷ
2989 674 3143 734 εἶναι.
3182 699 3200 732 r
3229 677 3296 732 Tb
3321 678 3596 749 ζητούμενον

2089 781 2252 837 τοῦτό
2300 785 2440 846 ἐστι,
2478 781 2540 834 τὸ
2598 779 2912 849 εὐαρέστως
2940 770 3091 842 αὐτῷ
3123 769 3243 841 ζῇν.
3272 770 3378 822 Ἵνα
3416 771 3507 839 γὰρ
3540 771 3598 843 μή

2089 875 2354 949 ἐκδημίαν
2385 874 2643 939 ἀκούσας,
2676 869 2907 942 νομίσῃς
2949 867 3138 939 ἀρκεῖν
3169 879 3249 916 σοι
3281 862 3460 932 ταύτην
3494 863 3599 930 πρὸς

2090 968 2387 1042 σωτηρίαν,
2449 968 2633 1038 φησιν,
2670 965 2753 1019 ὅτι
2798 960 3112 1017 Σπούδασον
3159 954 3424 1026 εὐδόκιμος
3468 955 3601 1010 άπελι

2090 1062 2226 1126 θεῖν,
2249 1062 2337 1116 διὰ
2361 1059 2451 1115 τοῦ
2484 1057 2720 1115 ἐνταῦθα
2744 1053 3054 1123 εὐαρέστως
3082 1047 3225 1120 αὐτῷ
3257 1048 3451 1119 βιῶσαι.

2165 1177 2185 1212 ι
2221 1158 2359 1222 Τούς
2382 1157 2490 1227 γὰρ
2508 1157 2715 1217 πάντας
2740 1151 2886 1223 ἡμᾶς
2904 1143 3273 1218 φανερωθῆναι
3303 1144 3375 1196 δεῖ
3400 1142 3600 1213 ἔμπροσ-

2092 1250 2184 1303 θεν
2234 1248 2330 1302 τοῦ
2358 1247 2602 1319 βήματος
2640 1244 2733 1299 τοῦ
2776 1236 3041 1312 Χριστοῦ.
3079 1255 3099 1290 r
3135 1234 3288 1289 Φοϐεῑ
3328 1232 3531 1287 ἐνταῦθα
3556 1237 3603 1303 τῇ

2091 1341 2396 1415 ὑπομνήσει
2446 1338 2540 1402 τοῦ
2601 1333 2835 1407 φοϐεροῦ
2896 1330 3112 1385 ἐκείνου
3155 1326 3399 1398 βήματος,
3443 1326 3605 1396 καὶτῷ

2091 1434 2288 1498 εἰπεῖν,
2330 1449 2349 1485 ι
2385 1428 2776 1501 Φανερωθῆναι
2797 1426 2905 1480 δεῖ.
2940 1442 2959 1476 r
2997 1422 3088 1491 Μὴ
3116 1420 3221 1489 γὰρ
3246 1415 3513 1488 ὑπολάϐῃς,
3543 1418 3604 1470 ὅτι

2091 1525 2208 1577 ἐκεῖ
2225 1523 2417 1592 τοῖχοι,
2449 1521 2545 1574 καὶ
2583 1514 3067 1587 παραπετάσματα
3094 1549 3111 1575 ,
3141 1509 3230 1562 καὶ
3263 1507 3478 1577 βαθύτης
3506 1524 3609 1576 καρ-

2090 1618 2208 1682 δίας
2237 1614 2583 1687 ἀποκρύπτει
2618 1613 2652 1686 ἢ
2680 1611 2748 1665 τὰ
2780 1610 2942 1682 ἔργα,
2971 1607 3004 1679 ἦ
3033 1606 3101 1660 τὰ
3135 1602 3476 1675 βουλεύματα,
3507 1602 3611 1656 ἀλλά

2093 1709 2272 1763 πάντα
2295 1702 2687 1777 φανεροῦνται.

2170 1815 2190 1851 ι
2223 1798 2340 1850 Ἵνα
2368 1795 2668 1864 κομίσηται
2697 1791 2930 1852 ἕκαστος
2950 1786 3019 1840 τὰ
3041 1785 3131 1839 διά
3148 1783 3241 1839 τοῦ
3269 1782 3489 1851 σώματος
3509 1780 3615 1852 πρὸς

2096 1887 2132 1942 ἃ
2157 1886 2413 1958 ἔπραξεν,
2454 1883 2564 1936 εῖτε
2606 1881 2847 1950 ἀγαθὸν,
2893 1878 3007 1932 εἴτε
3049 1876 3241 1930 κακόν.
3284 1894 3301 1926 r
3339 1877 3427 1927 Διά
3453 1874 3615 1928 τούτων

2097 1984 2226 2044 τοὺς
2274 1980 2374 2049 μὲν
2429 1974 2868 2049 κατωρθωκότας
2906 1970 3112 2043 μᾶλλον
3158 1968 3428 2031 εὐέλπιδας
3474 1969 3613 2020 ποιεῖ·

2096 2071 2221 2132 τούς
2250 2048 2305 2122 δὲ
2336 2048 2755 2140 ῥᾳθυμοτέρως
2789 2061 3241 2133 σπουδαιοτέρους
3270 2057 3343 2128 τῷ
3362 2056 3509 2127 φόϐῳ.
3543 2054 3616 2107 Βε-

2098 2161 2244 2215 ϐοιιοῖ
2263 2159 2321 2213 δὲ
2345 2158 2442 2214 καὶ
2474 2158 2568 2212 τὸν
2591 2158 2721 2228 περὶ
2747 2156 2845 2226 τῆς
2873 2151 3228 2215 ἀναστάσεως
3268 2150 3372 2203 τῶν
3402 2148 3617 2216 σωμάτων

2097 2254 2256 2323 λόγον
2281 2268 2295 2282 ο
2325 2251 2385 2305 τὸ
2425 2249 2536 2322 γὰρ
2570 2245 3069 2320 διακονησάμενον,
3119 2243 3231 2298 εἴτε
3270 2243 3377 2305 τοῖς
3420 2238 3614 2307 ἀγαθοῖς,

2099 2348 2207 2402 εἴτε
2237 2348 2345 2406 τοῖς
2372 2345 2595 2414 φαύλοις
2644 2341 2847 2416 ἔργοις,
2916 2341 3092 2394 ἐκεῖνο
3144 2337 3355 2400 πάντως
3394 2334 3424 2407 ἢ
3465 2351 3620 2403 ossea-

2100 2441 2305 2501 νοῦται,
2349 2439 2381 2510 ἦ
2438 2436 2749 2503 κολάζεται.
2783 2432 3230 2506 Ἑμφράττονται
3257 2428 3346 2484 οὖν
3379 2426 3620 2481 κάντεῦθεν

2098 2534 2206 2587 τῶν
2230 2531 2522 2604 αἱρετικῶν
2552 2531 2623 2583 τά
2657 2528 2925 2600 στόματα.

2175 2646 2195 2680 t
2228 2626 2447 2692 Εῐδότες
2487 2623 2582 2679 οὐν
2637 2623 2738 2677 τὸν
2776 2621 2942 2691 φόϐον
2981 2615 3076 2675 τοῦ
3127 2616 3264 2672 Θεοῦ
3287 2659 3302 2682 ,
3357 2615 3619 2685 ἀνθρώπως

2101 2717 2394 2789 πείθομεν·
2426 2713 2545 2786 Θεῷ
2576 2714 2630 2769 δὲ
2661 2709 3103 2784 πεφανερώμεθα
3135 2726 3151 2741 ·
3178 2708 3383 2773 ἐλπίζω
3410 2706 3460 2759 δὲ
3483 2702 3560 2757 καὶ
3580 2703 3623 2756 ἓν

2100 2811 2221 2873 ταῖς
2265 2808 2634 2880 συνειδήσεσιν
2688 2804 2843 2877 ὑμῶν
2893 2801 3337 2874 πεφανερῶσθαι.
3369 2818 3385 2851 t
3418 2796 3619 2859 Εἰδότες,

2101 2901 2258 2973 φησι,
2281 2900 2344 2954 τὸ
2372 2899 2726 2973 δικαστήριον
2751 2898 2927 2951 ἐκεῖνο
2948 2896 3009 2949 τὸ
3038 2893 3293 2965 φοϐερὸν,
3315 2894 3479 2945 πάντα
3493 2887 3622 2959 πρὰτο

2104 3010 2296 3064 τομεν,
2334 2991 2476 3047 ὥστε
2503 2991 2578 3063 μὴ
2612 2988 2963 3046 σκανδαλίσω
2985 2988 3113 3052 τούς
3133 2984 3443 3057 ἀνθρώπους
3466 2998 3478 3011 ο
3504 2979 3623 3034 τοῦτο

2100 3087 2209 3156 γάρ
2237 3083 2449 3151 ἔστιτὸ,
2491 3101 2510 3135 ι
2556 3080 2905 3154 ’Δνθρώπους
2931 3079 3219 3152 πείθομεν,
3258 3095 3276 3129 r
3309 3077 3424 3130 ἀντὶ
3444 3072 3541 3136 τοῦ,
3565 3070 3625 3124 Ti

2104 3174 2380 3230 σκάνδαλα
2412 3173 2811 3246 θεραπεύομεν.
2838 3173 2957 3230 Κᾶν
2997 3172 3109 3243 γάρ
3140 3170 3309 3225 κακόν
3328 3185 3379 3221 τι
3399 3166 3467 3239 μή
3490 3164 3624 3234 πράτ-

2105 3284 2317 3340 τωμεν,
2338 3268 2577 3339 ὑποψίαν
2604 3266 2661 3321 δὲ
2695 3268 3051 3339 παρέχωμεν,
3079 3265 3177 3319 καὶ
3206 3263 3477 3332 δυνάμενοι
3504 3256 3626 3311 λῦσαι

2107 3362 2167 3415 τὸ
2198 3361 2519 3428 σκάνδαλον,
2551 3360 2613 3415 οὐ
2650 3359 2892 3432 λύωμεν,
2931 3358 3377 3430 κατακρινόμεθα
3397 3373 3409 3385 ·
3440 3352 3505 3424 τῷ
3535 3351 3626 3422 μέν⁶

2105 3448 2322 3519 τοιΘεῷ
2339 3449 2563 3521 φανεροί
2590 3450 2782 3521 ἐσμεν,
2822 3450 3077 3513 κάκεῖνος
3102 3445 3216 3503 οἶδε
3246 3447 3359 3512 πῶς
3384 3444 3626 3513 διάγομεν*

2108 3543 2206 3596 καὶ
2241 3542 2396 3597 οὐδὲν
2426 3544 2510 3598 δεῖ
2543 3542 2752 3599 πείθειν
2781 3545 3011 3610 ἐκεῖνον,
3042 3543 3120 3608 ὡς
3145 3543 3311 3614 δῆθεν
3338 3534 3628 3602 σκανδαλιζὸ-

2112 3651 2293 3705 μενον.
2350 3636 2463 3690 Καὶ
2506 3636 2638 3707 ύμῖν
2683 3636 2741 3692 δὲ
2787 3634 3253 3708 πεφανερώμεθα,
3302 3636 3375 3699 ὡς
3400 3633 3553 3687 πάντα
3580 3627 3629 3681 τά

2108 3728 2356 3800 ἡμέτερα
2380 3728 2564 3795 καλῶς
2595 3729 2818 3785 εἰδόσιν.
2844 3730 2960 3786 Οὐκ
2988 3726 3084 3785 οὐν
3112 3730 3196 3784 δεῖ
3223 3728 3423 3784 πείθειν
3443 3719 3629 3797 ὐμᾶςῶς

2109 3823 2612 3888 σκανδαλισθὸιτας.
3288 3838 3295 3849 '

2185 4118 2203 4151 t
2234 4098 2306 4152 υύ
2343 4096 2453 4167 γάρ
2476 4097 2639 4151 πάλιν
2680 4096 2910 4161 ἑαυτοὺς
2951 4098 3355 4167 συνιστάνομεν
3381 4095 3516 4166 ύμῖν,
3547 4089 3635 4146 ἀλλ’

2108 4187 2364 4261 ἀφορμὴν
2390 4188 2625 4251 διδόντες
2669 4188 2798 4259 ύμῖν
2842 4188 3202 4260 καυχήματος
3258 4187 3399 4260 ὑπὲρ
3432 4185 3581 4257 ήμῶν.
3618 4198 3634 4230 ι

2115 4280 2366 4352 Συνεχῶς
2412 4278 2775 4352 ἀποτρίϐεται
2830 4279 2933 4350 τὴν
2984 4278 3079 4333 τοῦ
3140 4280 3325 4335 δοκεῖν
3383 4275 3637 4349 καυχᾶσθαι

2112 4374 2394 4438 ὑπόνοιαν,
2424 4372 2519 4427 καί
2545 4387 2715 4443 φησιν
2739 4411 2754 4436 ,
2797 4371 2881 4426 δτι
2922 4372 3017 4429 Ei;
3048 4372 3279 4438 τούτους
3319 4371 3438 4435 τούς
3488 4369 3638 4436 λόγους

2109 4468 2368 4542 ἡλθομεν,
2389 4466 2490 4539 οὐχ
2517 4463 2748 4529 ἑαυτοὺς
2772 4463 3155 4533 συνιστῶντες,
3186 4465 3459 4520 τουτέστιν
3478 4504 3491 4528 ,
3519 4457 3642 4515 ἐπαὶ-
3748 4494 3749 4497 η

2114 4575 2321 4634 ροντες,
2353 4556 2875 4629 ἢέγκωμιάξοντες,
2916 4555 3033 4610 ἀλλ’
3057 4556 3193 4626 ὑμῖν
3224 4555 3473 4627 ἀφορμήν
3512 4547 3642 4618 παρέ·
3748 4596 3749 4599 η

433 4654 590 4711 nobis
628 4654 768 4726 apud
792 4649 1256 4725 pseudapostolos,
1288 4649 1379 4720 qui
1421 4660 1521 4702 nos
1547 4642 1892 4701 contumeliis
1924 4642 1997 4723 di-

2114 4666 2302 4722 χοντες
2361 4649 2456 4703 τοῦ
2505 4646 2817 4719 καυχᾶσθαι
2875 4647 2970 4702 καὶ
3032 4646 3471 4712 καλλωπίζεσθαι
3536 4643 3642 4708 ὑπὲρ

336 4762 347 4779 δ
435 4748 696 4815 lacerant,
721 4744 982 4817 gloriandi
1023 4753 1081 4801 et
1117 4741 1356 4813 iactandi
1402 4754 1591 4796 ansam
1629 4736 1983 4810 praebeamus.

513 4944 534 4979 ι
575 4924 647 4982 Ut
679 4923 928 4981 habeatis
969 4923 1036 4979 ad
1070 4935 1167 4979 eos
1206 4921 1300 4993 qui
1355 4921 1407 4976 in
1438 4919 1578 4975 facie
1605 4919 1927 4989 gloriantur.
1958 4925 2016 4972 et

434 5018 630 5077 nonin
683 5016 864 5071 corde.
910 5036 930 5067 υ
980 5012 1054 5071 Ut
1102 5014 1350 5069 habeatis
1395 5011 1540 5083 quod
1589 5009 1786 5066 dicatis
1808 5018 1862 5063 et
1899 5007 2016 5078 glo-

437 5109 651 5168 riemini
711 5110 778 5164 de
812 5108 969 5164 nobis
1026 5105 1166 5178 apud
1226 5101 1695 5176 pseutlapostolos,
1729 5118 1750 5154 ι
1809 5098 1899 5169 qui
1957 5097 2011 5153 in

438 5202 575 5259 faeie
631 5201 1027 5274 gloriabantur,
1096 5216 1117 5250 r
1179 5196 1282 5251 ltoc
1329 5203 1434 5260 est,
1515 5196 1567 5248 in
1630 5192 1715 5248 itis
1763 5203 1884 5258 quae
1948 5188 2015 5244 ad

433 5295 852 5353 ostentationem
910 5288 1207 5356 faciebant,
1262 5285 1435 5356 2'10
1463 5292 1518 5339 et
1553 5282 1730 5354 quoad
1782 5279 2009 5336 vultum.

440 5386 753 5445 Istiusmodi
820 5384 966 5441 enim
1012 5390 1189 5447 erant,
1255 5393 1449 5450 nempe
1509 5377 1729 5447 pietatis
1803 5375 2012 5431 larvam

432 5481 854 5555 prtetendentes,
895 5485 1137 5531 attamen
1170 5474 1296 5530 boni
1343 5470 1571 5527 nihilum
1602 5472 1657 5526 in
1701 5470 1864 5527 corde
1917 5483 2011 5541 ge-

433 5583 665 5635 stantes.
701 5572 815 5628 Non
849 5583 1065 5640 semper
1086 5574 1263 5622 autem
1305 5565 1523 5635 gloriari
1546 5564 1721 5636 jubet,
1764 5564 1859 5622 sed
1891 5580 2011 5620 cum

433 5669 508 5731 Illi
543 5683 664 5726 sese
687 5664 995 5722 extulerim.

511 5761 676 5818 Vens.
710 5758 799 5813 15.
838 5775 856 5808 t
891 5753 1018 5811 Sive
1059 5751 1207 5808 enim
1247 5759 1427 5806 mente
1459 5750 1818 5817 excessimus,
1856 5750 1965 5806 Deo
1997 5769 2012 5803 :

436 5858 554 5915 sive
579 5852 746 5911 sobrii
793 5863 1003 5913 sumus,
1047 5844 1224 5902 vobis.
1249 5866 1277 5895 ιο
1308 5845 1435 5900 Sive
1468 5858 1720 5913 magnum
1757 5845 2018 5913 quiddam

446 5947 719 6018 loquimur
764 5939 1043 6013 (rxstnsin
1098 5938 1243 5995 enim
1285 5936 1422 5993 istud
1469 5947 1646 6003 vocat,
1684 5937 1906 6006 perinde
1952 5954 2013 5993 ac

2114 4742 2273 4814 ήμῶν
2325 4741 2462 4814 πρὸς
2505 4739 2631 4803 τούς
2682 4738 3183 4810 ψευδαποστύλους,
3241 4739 3291 4793 οἳ
3347 4734 3642 4807 διασύρουσιν

2116 4834 2282 4905 ὑμᾶς.

2190 4943 2211 4979 ι
2239 4923 2357 4979 Ἵνα
2379 4923 2539 4995 ἔχητε
2577 4922 2712 4997 πρὸς
2735 4921 2864 4987 τούς
2894 4923 2952 4976 ἐν
2981 4921 3259 4994 προσώπῳ
3286 4917 3641 4991 καυχωμένους,

2113 5015 2210 5072 καὶ
2230 5016 2291 5071 οὐ
2319 5015 2540 5089 καρδία.
2576 5033 2597 5069 r
2638 5015 2758 5070 ’Ίνα
2783 5012 2947 5086 ἔχητε
2972 5030 3025 5068 τι
3052 5013 3238 5084 λέγειν
3270 5014 3365 5067 καὶ
3387 5006 3643 5081 καυχᾶσθαι

2115 5107 2255 5180 ὑπὲρ
2279 5106 2436 5179 ήμῶν
2462 5105 2598 5178 πρὸς
2613 5107 2737 5170 τούς
2757 5105 3248 5177 ψευδαποστόλους,
3295 5123 3316 5156 ι
3347 5103 3398 5156 οἳ
3430 5103 3482 5154 ὲν
3510 5110 3641 5167 προσ-

2109 5201 2246 5273 ώπῳ
2276 5200 2628 5271 ἑκαυχῶντοο
2670 5219 2691 5254 r
2756 5199 3059 5264 τουτέστιν,
3101 5201 3159 5253 ὲν
3176 5202 3294 5263 τοῖς
3324 5196 3454 5267 πρὸς
3487 5189 3645 5246 ἐπίδει-

2116 5289 2219 5359 ξιν,
2250 5293 2309 5347 ὲν
2334 5293 2449 5356 τοῖς
2487 5290 2631 5346 κατά
2676 5290 2995 5363 πρόσωπον.
3056 5290 3303 5344 Τυιοῦτοι
3358 5290 3462 5357 γάρ
3501 5279 3640 5353 ἦσαν’,

2115 5384 2403 5449 εὐλαϐείας
2460 5383 2560 5454 μὲν
2608 5382 2825 5453 ἔχοντες
2868 5384 3252 5453 προσωπεῖον,
3289 5383 3349 5436 ἑν
3378 5379 3431 5432 δὲ
3487 5370 3644 5444 καρδίὲ

2114 5477 2267 5532 οὐδὲν
2284 5476 2544 5549 φέροντες
2567 5474 2791 5544 ἀγαθόν.
2813 5473 2929 5531 Οὐκ
2940 5475 3028 5528 ἀεὶ
3047 5475 3103 5528 δὲ
3130 5466 3640 5547 καυχᾶσθαικιλεύει,

2114 5571 2233 5632 ἀλλ’
2263 5572 2393 5627 ὅταν
2440 5571 2639 5625 ἐκεῖνοι
2681 5570 2908 5633 ἑαυτοὺς
2949 5569 3289 5643 ἂπαίρουσιν.

2195 5775 2214 5808 ι
2251 5753 2377 5808 Εἴτε
2414 5752 2523 5823 γάρ
2577 5751 2897 5822 ὲξεστημεν,
2936 5749 3056 5821 Θεῷ
3082 5766 3096 5782 ο
3126 5749 3237 5803 εἴτε
3276 5741 3636 5818 σωφρονοῦμεν.

2118 5849 2268 5919 ύμῖν.
2312 5866 2332 5898 r
2378 5846 2478 5897 ’Ἂν
2495 5844 2556 5897 τέ
2578 5861 2631 5897 τι
2667 5843 2812 5914 μέγα
2837 5841 3202 5914 φθεγγώμεθα
3235 5840 3515 5913 (ἔκστασιν
3552 5833 3636 5899 γὶρ

2118 5936 2274 5991 τοῦτο
2304 5932 2476 6000 καλεῖ,
2527 5932 2718 6005 ὥσπερ
2776 5933 2871 5988 καὶ
2920 5933 3155 6006 ἀλλαχοῦ
3186 5925 3535 6017 ἀφροσύνην),
3568 5919 3635 5974 διά
