3806 6614
181 442 276 511 853

919 434 1332 498 EXPOSITIO
1376 433 1459 495 ΙΝ
1501 431 1744 493 EPIST.
1785 431 1850 492 ll
1885 433 1984 493 AD
2016 433 2263 499 COR.-
2291 433 2467 513 CAP.
2495 439 2556 502 ν.

3283 422 3409 502 εῡιί

180 561 254 617 τὸν
280 553 399 612 Θεὸν
421 551 571 609 τοῦτο
622 550 909 625 ποιοῦμεν,
957 553 1045 608 ἵνα
1084 553 1161 624 μὴ
1197 554 1370 623 ’ὑμεῖς
1401 551 1721 623 νομίζοντες

1855 550 1970 617 libi,
2012 552 2446 623 insipientiam),
2480 554 2598 617 Dei,
2653 548 2845 625 inquit,
2892 539 3033 608 istuc
3088 566 3246 608 causa
3304 554 3400 607 fat-

180 648 554 725 ἡμᾶςεύτελεῖς,
586 647 994 720 καταφρονῆτε,
1028 648 1124 703 καὶ
1152 648 1457 703 ἀπόλλυσθε
1487 645 1551 720 [Ῑ.
1576 646 1713 702 ἀπό-

181 741 367 816 λησθε]·
398 739 462 796 ἀν
498 741 556 792 τέ
583 757 637 793 τι
675 739 900 812 μέτριον
926 740 1021 793 καὶ
1054 739 1315 794 ταπεινὸν
1347 738 1617 809 εἴπωμεν,
1648 734 1717 791 δι’

177 837 319 909 ὑμᾶς,
343 833 423 888 ῐνα
454 830 660 902 μάθητε
684 833 1156 902 ταπεινοφρονεῖν.
1181 829 1251 884 Ἥ
1290 832 1383 886 καὶ
1400 829 1576 894 ἄλλως
1601 845 1617 863 ο
1652 830 1718 883 El

177 928 258 999 μὲν
274 920 539 996 μαίνεσθαί
567 938 650 984 τις
679 922 829 994 ἡμᾶς
883 920 1218 988 ὑποπτεύει,
1251 921 1405 994 παρά
1441 919 1577 975 Θεοῦ
1624 919 1718 974 τὸν

175 1015 340 1089 μισθὸν
385 1011 751 1083 ἐκδεχόμεθα,
787 1012 931 1085 ύπέρ
988 1010 1067 1069 ὧν
1127 1012 1224 1068 ἐπὶ
1283 1016 1400 1077 τοῖς
1450 1009 1718 1076 τοιούτοις

172 1100 551 1173 ύποπτευόμεθα
574 1117 591 1134 ο
631 1102 681 1156 εί
709 1101 766 1156 δέ
807 1106 1107 1175 σωφρονεῖν
1127 1105 1363 1176 ἡγεῖται,
1392 1102 1557 1167 αὐτὸς
1582 1103 1719 1158 ἀπο-

154 1196 356 1255 .λαυέτω
382 1195 474 1266 τῆς
506 1192 573 1246 ἐκ
624 1192 722 1246 τοῦ
779 1195 1082 1267 σωφρονεῖν
1111 1194 1264 1265 ἡμᾶς
1313 1192 1604 1263 ὠφελείας.
1644 1190 1716 1246 Ἦ

169 1291 249 1345 καὶ
280 1287 442 1353 άλλως
467 1302 483 1318 ο
516 1285 579 1340 El
608 1285 943 1359 μαινόμεθα,
971 1286 1065 1342 διὰ
1102 1289 1195 1342 τὸν
1225 1286 1362 1342 Θεὸν
1409 1284 1719 1359 μαινόμεθα

167 1380 389 1443 τοιαῦτα,
422 1378 510 1433 ἵνα
542 1380 691 1450 ἡμᾶς
727 1376 880 1451 αὐτῷ
909 1381 1382 1454 παραστήσωμεν.
1430 1376 1719 1449 Ἐμαίνετο

164 1476 212 1529 δὲ
235 1473 329 1546 άρα
351 1476 379 1529 ό
425 1471 635 1549 Παῦλος
665 1473 863 1544 μανίαν
889 1473 1186 1546 ἐρωτικὴν,
1237 1474 1333 1528 τού
1372 1473 1509 1527 Θεοῦ
1541 1471 1711 1544 ἐρῶν,

165 1567 245 1622 καὶ
265 1566 334 1630 ὡς
358 1565 593 1637 ἐραστὴς
612 1566 806 1639 ἐκείνῳ
828 1566 961 1634 ζῶν,
993 1565 1073 1639 τῷ
1104 1565 1393 1639 ἐρωμένῳ,
1427 1564 1599 1638 φημὶ,
1621 1563 1719 1619 καὶ

165 1658 337 1722 ὲκστάς
361 1659 575 1724 ἑαυτοῦ,
595 1659 692 1714 κα)⁵
705 1659 826 1724 ὅλος
841 1659 979 1731 πρὸς
1008 1658 1099 1714 τὸν
1118 1659 1254 1715 Θεὸν
1279 1659 1580 1731 μεταστὰς,
1613 1656 1711 1713 καὶ

162 1752 212 1804 οὐ
236 1751 324 1821 τὴν
353 1751 547 1804 ἑαυτοῦ
571 1749 679 1817 ζῶν
706 1751 876 1823 ζωὴν,
909 1751 1046 1806 ἀλλά
1066 1750 1165 1823 τὴν
1192 1750 1287 1805 τοῦ
1308 1750 1611 1824 ἐρωμένου,
1640 1750 1719 1815 ὡς

163 1843 341 1913 σφόδρα
370 1842 642 1917 ἐρωτικὴν
666 1844 789 1916 ἦτοι
821 1844 1139 1916 ἀγαπητήν.
1175 1844 1239 1897 El.
1261 1840 1356 1898 οὖν
1384 1843 1715 1915 ἐξέστημεν,

162 1937 322 2006 φησὶν,
345 1936 548 2002 αὐτῶν,
575 1935 658 2009 τῷ
686 1935 807 2010 Θεῷ
839 1936 1060 2003 πάντως
1091 1936 1417 2010 ἐξέστημεν,
1452 1936 1574 1991 ἀντὶ
1603 1935 1719 2004 τοῦ,

158 2028 231 2081 διὰ
259 2028 343 2083 τὸν
373 2027 528 2085 Θεόν.
1070 2056 1105 2085 ο

221 2228 240 2262 ι
268 2210 330 2264 Ἦ
357 2208 463 2281 γὰρ
486 2209 683 2281 ἀγάπη
704 2209 797 2265 τοῦ
820 2208 1058 2282 Χριστοῦ
1078 2209 1125 2245 τ’
1168 2210 1382 2281 συνέχει
1403 2209 1575 2281 ἡμᾶς,
1600 2209 1724 2282 κρί-

159 2318 335 2366 ναντας
361 2302 549 2371 τοῦτο,
581 2304 669 2358 ὅτι
716 2304 767 2357 εἰ
802 2299 884 2369 εἷς
936 2304 1080 2375 ὑπὲρ
1139 2303 1361 2358 πάντων
1405 2301 1720 2368 ἀπέθανεν,

156 2392 250 2461 ἄρα
298 2393 346 2446 οῖ
395 2392 605 2458 πάντες
651 2393 926 2448 ἀπέθανον
952 2409 970 2426 ο
1025 2394 1113 2448 ἴνα
1157 2394 1208 2448 οἱ
1255 2391 1459 2459 ζῶντες
1524 2393 1724 2466 μηκέτι

158 2482 346 2548 ἑαυτοῖς
366 2483 562 2549 ζῶσιν,
593 2483 736 2539 ἀλλά
763 2483 844 2556 τῷ
881 2485 1024 2557 ὑπὲρ
1054 2483 1237 2540 αὐτῶν
1267 2485 1596 2540 ἀποθανόντι
1630 2484 1727 2541 καὶ

159 2576 434 2648 ἐγερθέντι.
482 2597 504 2631 ι
560 2578 625 2632 Ἦ
667 2578 858 2648 ἀγάπη
896 2577 993 2632 τού
1028 2578 1164 2633 Θεοῦ
1196 2578 1263 2652 ἢν
1294 2577 1611 2647 ἐπεδείξατο
1645 2580 1727 2643 εἰς

158 2669 308 2739 ἡμᾶς,
341 2669 561 2742 συνέχει
588 2670 737 2740 ἡμᾶς
767 2669 864 2725 καὶ
896 2669 1132 2724 συνωθεῖ
1161 2670 1243 2733 είς
1289 2669 1352 2723 τὸ
1391 2667 1726 2725 κινδυνεύειν

158 2758 285 2831 ὑπὲρ
318 2762 510 2830 αὐτοῦ,
549 2761 712 2816 τοῦτο
757 2761 939 2825 καλῶς
971 2760 1106 2833 παρ’
1136 2763 1354 2824 ἑαυτοῖς
1406 2760 1725 2834 κρίναντας,

157 2853 228 2906 ὅτι
251 2854 367 2907 ἐπεὶ
392 2854 675 2909 ἀπέθανεν
703 2854 848 2926 ὑπὲρ
883 2853 1126 2919 πάντων,
1155 2852 1424 2924 πρόδηλον
1474 2853 1557 2906 ὅτι
1592 2851 1728 2906 πάν-

157 2961 236 3010 τες
263 2941 400 3018 ἦμεν
427 2946 804 3014 ἀπολωλότες,
843 2947 941 3001 καὶ
972 2946 1062 3001 διὰ
1094 2944 1252 2999 τοῦτο
1281 2945 1557 3000 ἀπέθανεν
1584 2944 1729 3015 ὑπὲρ

156 3036 253 3090 τῶν
296 3038 663 3094 ἀπολωλότων
704 3040 800 3093 καὶ
841 3037 1333 3107 τεθανατωμένων,
1387 3037 1477 3092 ῖνα
1529 3036 1730 3110 ζωῶσῃ

157 3129 307 3199 ἡμᾶς.
346 3131 506 3186 Ἐπεὶ
572 3125 666 3185 οὖν
708 3128 960 3195 ἐζώωσεν
986 3171 1002 3196 ,
1044 3132 1146 3185 οὐκ
1196 3128 1488 3200 ὀφείλομεν
1542 3128 1730 3183 λοιπὸν

156 3223 349 3289 ἑαυτοῖς
373 3224 497 3296 ζῇν,
539 3223 656 3279 ἀλλ’
690 3223 885 3296 ἐκείνῳ
916 3223 988 3278 δι’
1012 3223 1074 3278 ὃν
1127 3223 1310 3294 ζῶμεν
1329 3239 1346 3255 δ
1377 3222 1438 3287 ὃς
1475 3223 1537 3277 οὐ
1570 3222 1730 3294 μόνον

156 3312 407 3369 ἀπέθανεν
439 3314 787 3387 ὑπὲρήμῶν,
815 3314 954 3370 ἀλλά
991 3317 1088 3370 καὶ⁵
1131 3312 1365 3386 ἠγέρθη,
1414 3313 1516 3386 τὴν
1552 3313 1732 3385 ἀπαρ-

154 3406 246 3475 χὴν
268 3406 446 3476 ἡμῶν,
483 3407 764 3473 τουτέστι,
793 3409 855 3462 τὸ
877 3406 1047 3464 αὐτοῦ
1087 3407 1248 3479 σῶμα
1279 3408 1359 3471 εἰς
1386 3407 1479 3462 τὸν
1503 3407 1733 3479 οὐρανὸν

155 3498 455 3569 ἀναγαγὼν,
472 3499 581 3555 καὶ
611 3499 698 3557 ἵνα
744 3501 891 3571 ἡμᾶς
934 3499 1162 3565 πάντως
1192 3498 1468 3572 ἀναγάγῃ.
1499 3499 1596 3564 Τίς
1626 3500 1734 3573 γὰρ

154 3589 277 3654 ὅλως
301 3592 463 3663 χρεία
490 3593 713 3646 ἐκεῖνον
734 3592 780 3624 ⁷⁸
804 3590 1075 3656 ἀνελθεῖν,
1100 3590 1150 3645 εί
1190 3589 1267 3663 μὴ
1314 3590 1617 3662 ἐμέλλομεν
1644 3592 1745 3646 καῖ

155 3682 304 3754 ἡμεῖς
338 3685 448 3740 τῶν
478 3686 691 3757 ὁμοίων
708 3685 894 3756 τυχεῖν
921 3701 936 3752 ;
968 3683 1135 3738 Ὥστε
1170 3682 1268 3738 καὶ
1298 3683 1433 3738 διότι
1466 3683 1737 3738 ἀπέθανεν

155 3775 285 3849 ὑπὲρ
315 3778 502 3850 ἡμῶν,
545 3780 643 3833 κα)⁸
671 3777 809 3833 διότι
843 3776 1094 3844 ἐζώωσεν
1119 3777 1292 3849 ἡμᾶς,
1323 3777 1421 3832 καὶ
1445 3776 1580 3831 διότι
1609 3777 1738 3841 τοὺς

158 3870 479 3943 ἀρραϐῶνας
511 3872 654 3943 ἡμῖν
698 3870 800 3941 τῆς
829 3871 1141 3945 ἀφθαρσίας
1186 3870 1408 3937 ἔδωκεν,
1450 3870 1755 3943 ὀφείλομεν

154 3963 293 4035 αὐτῷ
316 3965 445 4037 ζῇν,
495 3964 600 4019 καὶ⁵
632 3964 752 4036 οὐχὶ
773 3966 890 4030 ταῖς
919 3964 1129 4020 ἑαυτῶν
1156 3963 1496 4036 ἐπιθυμίαις.

223 4166 243 4203 ι
281 4149 452 4204 Ὥστε
476 4149 647 4222 ἡμεῖς
684 4147 790 4203 ἀπὸ
821 4147 917 4203 τοῦ
954 4146 1051 4203 νῦν
1079 4147 1271 4203 οὐδένα
1310 4146 1538 4220 οἴδαμεν
1599 4148 1744 4204 κατά

158 4240 346 4314 σάρκα.
376 4260 396 4295 ι
437 4241 606 4297 Ἐπεὶ
637 4241 840 4305 πάντες
865 4239 1274 4304 θανατωθέντες
1303 4239 1409 4294 ὑπὸ
1432 4241 1533 4312 τῆς
1563 4241 1746 4313 ἀμαρ-

152 4336 287 4403 τίας,
320 4333 739 4406 ἀνεζωώθησαν
762 4333 867 4388 ὑπὸ
893 4332 989 4389 τοῦ
1018 4333 1256 4405 Χριστοῦ
1281 4332 1372 4387 διά
1404 4332 1501 4388 τοῦ
1549 4332 1745 4405 βαπτίο

156 4445 353 4498 σματος
378 4443 394 4460 ο
430 4427 671 4492 εἰκότως
702 4427 895 4483 οὐδένα
918 4427 1164 4498 οἴδαμεν,
1192 4429 1349 4500 φησὶ,
1392 4427 1503 4483 τῶν
1537 4428 1746 4482 πιστῶν

154 4519 290 4573 κατά
318 4520 512 4593 σάρκα
539 4517 722 4584 ζῶντα
763 4520 835 4586 ⁷⁸,
864 4520 1141 4588 τουτέστι,
1180 4521 1324 4576 κατά
1358 4519 1458 4591 τὴν
1507 4519 1747 4575 παλαι-ἀν

1821 639 2022 706 cimus,
2061 657 2127 696 ne
2158 657 2269 711 ,vos
2309 644 2691 699 existimantes
2724 658 2821 698 nos
2851 654 2972 697 esse
3009 641 3166 706 viles,
3200 656 3402 713 asper-

1823 733 2023 788 nemini
2060 742 2117 790 et
2164 738 2416 805 pereatis.
2470 733 2597 791 Sive
2665 735 3002 790 moderatum
3045 735 3298 804 quiddam
3348 743 3407 788 et

1821 823 2027 881 humile
2058 825 2323 891 dicamus,
2357 836 2578 897 propter
2618 842 2738 891 vos,
2778 827 2854 881 uti
2909 825 3133 882 discatis
3162 824 3413 880 humilia.

1820 932 2032 988 sapere.
2068 917 2162 975 Vel
2197 918 2355 974 aliter
2386 936 2400 973 :
2439 916 2494 973 Si
2548 919 2672 990 quis
2717 933 2815 974 nos
2853 918 3036 975 iurere
3065 918 3398 988 suspicetur,

1822 1026 1851 1065 a
1887 1011 1999 1067 Deo
2049 1011 2355 1067 mercedem
2404 1010 2722 1082 recipimus,
2779 1027 2845 1067 eo
2895 1013 3038 1082 quod
3089 1011 3398 1083 huiusmodi

1820 1103 2114 1175 suspicioni
2134 1103 2305 1159 simus
2321 1101 2577 1168 obnoxii;
2607 1103 2691 1157 sin
2719 1104 2932 1159 sobrios
2960 1084 3059 1159 nos
3081 1118 3202 1158 esse
3229 1110 3401 1172 putet,

1822 1197 1936 1268 ipse
1971 1197 2177 1267 pariter
2200 1196 2435 1251 utilitate
2455 1210 2485 1251 e
2515 1197 2812 1253 sobrietate
2845 1205 3025 1250 nostra
3049 1197 3404 1265 provenieute

1820 1288 2152 1360 perfruatur.
2186 1287 2283 1346 Vel
2336 1287 2494 1343 aliam
2535 1289 2602 1343 ad
2650 1290 2953 1343 rationem:
2984 1285 3040 1341 Si
3078 1287 3402 1346 insanimus.

1821 1382 1913 1439 Dei
1945 1396 2111 1438 causa
2153 1380 2225 1436 ita
2273 1382 2597 1446 insanimus,
2642 1389 2703 1435 ut
2741 1396 2835 1436 vos
2868 1380 2933 1435 ad
2969 1381 3169 1450 ipsum
3193 1380 3408 1449 perdu-

1818 1488 2032 1529 camus.
2077 1472 2390 1547 lnsaniebat
2420 1472 2601 1542 itaque
2626 1470 2826 1527 Paulus
2858 1470 3178 1526 amatoriam
3213 1486 3410 1540 quam-

1820 1567 1944 1622 dam
1993 1566 2287 1631 insaniam,
2343 1565 2513 1621 Deum
2550 1578 2761 1631 amans,
2815 1579 2883 1621 ac
2932 1564 3195 1620 amatoris
3230 1564 3418 1618 instar~

1821 1659 1898 1715 illi
1943 1659 2154 1727 vivens,
2203 1672 2395 1726 nempe
2428 1655 2700 1722 adamato,
2736 1665 2888 1710 extra
2919 1655 3159 1727 seipsum
3195 1663 3405 1725 raptus,

1820 1768 1885 1809 ac
1918 1761 2062 1808 totus
2082 1752 2135 1807 in
2166 1751 2335 1807 Deum
2365 1750 2685 1817 translatus,
2713 1765 2814 1805 nec
2845 1765 2997 1806 suam
3030 1750 3199 1819 ipsius
3232 1750 3399 1804 vitam

1824 1845 2036 1911 vivens,
2072 1844 2165 1899 sed
2200 1843 2319 1913 ejus
2342 1856 2501 1913 quem
2537 1852 2707 1907 amat,
2739 1840 3058 1897 amatoriam
3093 1838 3274 1911 plane,
3297 1839 3425 1895 sire-

1833 1935 2084 1992 dilectam
2120 1945 2177 1989 et
2203 1934 2357 1988 valde
2387 1933 2632 1988 charam.
2670 1932 2727 1989 Si
2753 1932 2919 2005 igitur
2947 1946 2980 1987 e
3010 1931 3171 1988 nobis
3204 1946 3432 1987 exces-

1832 2029 2021 2095 simus,
2059 2026 2255 2101 inquit,
2300 2026 2408 2082 Deo
2440 2026 2669 2083 omnino
2707 2024 3062 2094 excessimus,
3097 2024 3152 2081 id
3183 2033 3290 2093 est,
3318 2023 3429 2078 Dei-

1833 2137 2017 2180 causa.

1907 2218 2075 2276 Vens.
2109 2220 2199 2285 Η,
2233 2218 2321 2278 I5.
2356 2239 2377 2274 ι
2413 2216 2665 2277 Charitas
2694 2213 2835 2270 enim
2871 2209 3078 2270 Christi
3103 2220 3258 2282 urget
3288 2222 3429 2278 nos,

1833 2312 2168 2368 astimantes
2187 2314 2310 2379 hoc,
2342 2313 2484 2385 quod
2511 2312 2556 2368 si
2592 2324 2732 2366 unus
2757 2323 2856 2379 pro
2882 2305 3137 2363 omnibus
3162 2292 3413 2359 mortuus

1831 2413 1938 2469 est,
1970 2419 2100 2474 ergo
2149 2418 2338 2461 omnes
2369 2402 2567 2458 mortui
2615 2411 2774 2466 sunt;
2833 2406 2893 2454 ut
2926 2399 3018 2469 qui
3060 2399 3268 2461 vivunt,
3299 2395 3425 2466 jam-

1833 2512 1942 2553 non
1968 2496 2070 2551 sibi
2112 2497 2320 2559 vivant.
2379 2497 2474 2555 sed
2512 2496 2560 2549 ei
2609 2494 2699 2565 qui
2747 2507 2848 2563 pro
2872 2492 3003 2562 ipsis
3034 2499 3280 2546 mortuus
3308 2499 3414 2551 εει,

1832 2596 1891 2645 ει
1918 2589 2239 2645 resurrexit.
2271 2607 2291 2641 ι
2319 2587 2549 2643 Dilectio
2572 2586 2670 2643 Dei
2691 2600 2852 2657 quam
2874 2582 3268 2652 exhibuiterga
3293 2596 3414 2645 nos,

1832 2689 1991 2752 urget
2022 2695 2120 2737 nos
2148 2689 2204 2736 et
2244 2678 2528 2751 compellit
2563 2688 2621 2734 ut
2655 2677 2776 2750 ejus
2807 2692 2995 2733 amore
3027 2676 3269 2748 pericula
3314 2691 3413 2729 su-

1839 2773 2087 2838 beamus,
2140 2773 2244 2828 hoc
2297 2772 2465 2843 probe
2518 2771 2658 2843 apud
2723 2785 2822 2825 nos
2871 2768 3197 2839 iudicantes,
3267 2758 3429 2836 quod

1835 2866 1963 2938 quia
2011 2874 2260 2921 mortuus
2307 2875 2392 2920 est
2435 2878 2533 2934 pro
2581 2848 2860 2927 omnibus,
2906 2860 3252 2932 perspicuum
3323 2862 3418 2913 est

1837 2956 1981 3029 quod
2021 2971 2213 3012 omnes
2241 2954 2600 3025 perieramus,
2633 2950 2962 3023 eamque'ob
2997 2964 3220 3005 causam
3269 2963 3418 3004 mor-

1839 3059 1962 3103 tuus
1987 3057 2070 3104 est
2101 3062 2197 3118 pro
2223 3046 2290 3101 iis
2316 3047 2408 3117 qui
2444 3045 2745 3116 perierant,
2771 3045 3128 3114 obierantque
3160 3049 3415 3107 mortem,

1837 3152 1895 3197 ut
1928 3156 2029 3197 nos
2086 3139 2411 3196 viviticaret.
2444 3136 2710 3206 Quoniam
2748 3137 2912 3210 igitur
2947 3151 3047 3193 nos
3099 3136 3416 3200 viviﬁcavit,

1840 3248 1948 3290 non
1996 3233 2257 3289 debemus
2302 3246 2467 3302 porro
2522 3232 2680 3288 nobis
2737 3232 2869 3302 ipsis
2912 3231 3113 3296 vivere,
3164 3229 3256 3285 sed
3321 3226 3417 3294 illi,

1838 3335 2057 3396 prepter
2108 3339 2270 3396 quem
2324 3323 2561 3378 vivimus
2601 3340 2615 3377 :
2650 3322 2740 3393 qui
2790 3323 2984 3377 nedum
3033 3329 3283 3377 “IOHUIIS
3335 3328 3424 3375 est

1839 3432 1937 3486 pro
1966 3418 2147 3483 nobis,
2203 3430 2390 3472 verum
2429 3414 2594 3471 etiam
2654 3414 2976 3480 resurrexit,
3005 3412 3275 3484 primitias
3315 3426 3423 3468 no-

1838 3520 2002 3576 stras,
2034 3512 2135 3566 hoc
2162 3520 2264 3575 est,
2297 3523 2496 3578 corpus
2532 3522 2692 3564 suum
2740 3507 2795 3563 in
2825 3505 2994 3562 corios
3041 3507 3314 3568 referens,
3366 3514 3429 3559 ιιι

1840 3603 2063 3661 omnino
2087 3615 2185 3657 nos
2207 3582 2373 3656 etiam
2413 3613 2480 3655 eo
2509 3599 2794 3669 perducat.
2827 3597 2966 3667 Quid
3000 3597 3145 3652 enim
3183 3611 3408 3667 prorsus

1839 3709 1976 3766 opus
2017 3702 2134 3748 erat
2163 3692 2316 3748 illum
2351 3691 2672 3757 ascendere,
2713 3689 2814 3747 nisi
2844 3704 2944 3746 nos
2970 3702 3191 3761 quoque
3226 3688 3436 3744 similia

1843 3786 2189 3843 consecuturi
2225 3783 2514 3841 essemus?
2558 3783 2814 3850 Proinde,
2854 3783 2982 3854 quia
3038 3791 3285 3837 mortuus
3342 3792 3427 3836 est

1842 3895 1940 3952 pro
1986 3879 2163 3945 nobis,
2216 3885 2272 3934 et
2312 3892 2417 3949 qua
2471 3875 2765 3933 viviﬁcavit
2801 3890 2920 3941 nos,
2973 3882 3031 3931 ει
3092 3875 3215 3945 quia
3265 3875 3426 3930 nobis

1842 3970 2182 4027 arrltabones
2206 3967 2735 4039 incorruptibilitatis
2758 3966 2925 4034 dedit,
2952 3966 3051 4037 ipsi
3073 3965 3126 4022 in
3149 3977 3431 4037 posterum

1845 4063 2103 4120 debemus
2135 4062 2343 4129 vivere,
2371 4062 2516 4117 haud
2553 4060 2756 4117 nostris
2785 4058 3193 4128 cupiditatibus.

1920 4155 2090 4215 Vsns.
2120 4155 2209 4213 16.
2241 4174 2259 4209 ι
2290 4152 2478 4226 Itaque
2508 4169 2608 4212 nos
2634 4169 2699 4211 ex
2731 4154 2836 4211 hoc
2869 4153 3139 4209 neminem
3171 4151 3422 4205 novimus

1845 4251 2145 4307 secundum
2173 4256 2414 4305 carnem.
2465 4268 2484 4301 ι
2520 4246 2656 4315 Quia
2682 4260 2873 4303 omnes
2914 4244 3077 4300 occisi
3122 4260 3154 4299 a
3202 4252 3423 4312 peccato

1851 4338 2171 4404 reviximus,
2195 4346 2253 4393 et
2281 4336 2480 4391 viﬁcati
2506 4349 2693 4391 sumus
2717 4350 2743 4387 a
2772 4332 2992 4388 Christo
3017 4346 3121 4401 per
3138 4330 3428 4400 baptisma,

1853 4429 2046 4487 merito
2074 4426 2348 4483 neminem
2393 4426 2644 4480 novimus
2689 4421 2956 4485 ﬁdelium,
3011 4419 3208 4489 inquit,
3237 4433 3434 4472 secun-

1852 4519 1979 4577 dum
2014 4533 2237 4576 carnem
2275 4519 2568 4583 viventem,
2627 4514 2729 4570 hoc
2768 4523 2872 4585 est,
2900 4513 3053 4583 juxta
3098 4519 3333 4564 veterem
3379 4517 3437 4562 et

155 4612 245 4665 καὶ
296 4611 585 4686 σαρκικὴν
618 4610 917 4667 πολιτείαν.
963 4610 1174 4677 Πάντες
1196 4611 1310 4684 γάρ
1353 4612 1432 4680 τῷ
1466 4613 1723 4684 Πνεύματ

1856 4610 2133 4668 carnalem
2169 4609 2361 4665 vitam.
2405 4606 2607 4665 Omnes
2655 4606 2799 4662 enim
2841 4602 3048 4674 Spiritu
3103 4601 3430 4672 rrgeuerati,

155 4703 657 4778 ἀναγεννηθέντες,
697 4703 826 4758 νέαν
850 4707 948 4758 καὶ
968 4702 1355 4775 πνευματικὴν
1385 4704 1531 4777 ζωὴν
1554 4706 1723 4777 μετέρ

1852 4717 2051 4760 novam
2086 4710 2140 4758 et
2162 4699 2502 4770 spiritualem
2519 4699 2683 4755 vitam
2715 4699 2940 4754 ducunt.

156 4811 358 4865 χονται.
1078 4828 1081 4831 »

230 4907 250 4941 ι
286 4889 354 4944 Εἰ
380 4889 444 4945 δὲ
477 4888 578 4944 καὶ
614 4888 939 4961 ἐγνώκαμεν
957 4888 1102 4944 κατά
1114 4888 1296 4961 σάρκα
1318 4888 1578 4960 Χριστὸν,
1609 4888 1723 4946 me

1919 4888 2079 4961 271
2121 4904 2143 4941 ι
2170 4884 2290 4942 Etsi
2313 4882 2668 4956 cognovimus
2694 4882 2993 4938 secundum
3029 4893 3248 4934 carnem
3268 4875 3437 4931 Chri-

156 4980 251 5034 νῦν
293 4981 497 5036 οὐκέτι
530 4979 903 5053 γινώσκομεν.
950 5000 968 5033 ι
1005 4981 1295 5035 Δείκνυσιν
1327 4982 1414 5036 ὅτι
1436 4982 1533 5036 καὶ
1557 4982 1720 5037 τούτο

1853 4991 2019 5051 stum,
2055 4981 2161 5039 sed
2181 4993 2326 5035 nunc
2348 4993 2453 5033 non
2487 4976 2759 5032 novimus.
2792 4993 2812 5029 ι
2848 4974 3056 5029 Iudicat
3105 4969 3249 5042 quod
3284 4966 3441 5024 Chri‘

155 5073 347 5141 αὑτοῦ,
385 5073 491 5129 τοῦ
527 5073 606 5146 μὴ
635 5073 777 5129 κατά
809 5073 993 5145 σάρκα
1016 5072 1139 5145 ζῇν,
1171 5075 1341 5144 φημὶ,
1370 5074 1614 5146 ἀρχηγὸν
1639 5074 1723 5147 ἔχε

1854 5086 2001 5132 stum
2038 5072 2234 5130 ducem
2286 5079 2343 5127 et
2375 5068 2676 5140 principem
2712 5068 2977 5123 habemus
3011 5063 3174 5134 hujus
3228 5060 3430 5131 ipsius,

161 5183 258 5236 μεν
295 5167 395 5222 τὸν
421 5165 671 5239 Χριστόν
692 5178 709 5195 ’
735 5164 830 5220 καί
864 5183 1053 5238 φησιν,
1081 5166 1165 5220 ὃτι
1203 5166 1266 5219 Εἰ
1300 5166 1396 5220 καὶ
1443 5168 1473 5221 ὁ
1524 5166 1760 5238 Χριστὸς

156 5254 223 5330 ἦν
249 5276 390 5313 ποτε
423 5259 580 5313 κατά
601 5258 803 5331 σάρκα,
830 5258 969 5312 άλλά
1014 5257 1111 5313 νῦν
1139 5257 1326 5313 οὐκέτι
1350 5257 1489 5316 ἐστί.
1525 5258 1590 5312 Τί
1623 5257 1758 5327 οὒνς

156 5353 257 5422 τὴν
299 5354 497 5422 σάρκα
557 5350 835 5420 ἀπέθετο;
867 5351 959 5420 Μὴ
1025 5351 1271 5420 γένοιτω
1304 5349 1381 5414 ὡς
1421 5350 1531 5421 γὰρ
1558 5350 1757 5422 ἀνελή-

159 5446 292 5517 φθη,
325 5445 485 5500 οὕτω
518 5444 565 5475 ⁸ο
593 5444 687 5498 καὶ
719 5444 1030 5500 ἐλεύσεται.
1071 5443 1379 5517 Ἀνελήφθη
1416 5443 1475 5498 δὲ
1507 5444 1567 5498 ἐν
1593 5444 1761 5516 σαρκὶ

160 5540 257 5592 καὶ
288 5537 438 5608 μετά
479 5534 578 5589 τοῦ
609 5534 972 5608 σώματος.Τί
1002 5535 1183 5590 τοίνυν
1205 5534 1410 5606 φησίν;
1441 5534 1567 5590 Ὅτι
1596 5536 1758 5607 ἡμεῖς

277 5698 293 5731 ¹
333 5698 467 5749 Aet.
506 5711 581 5760 tv,
618 5694 703 5748 Η.

1859 5179 2053 5237 netnpe
2083 5174 2141 5220 ut
2169 5164 2466 5220 secundum
2494 5175 2714 5217 carnem
2743 5174 2849 5214 non
2883 5157 3151 5223 vivamus,
3185 5153 3318 5218 Etsi,
3355 5153 3441 5207 ina

1858 5260 2077 5331 quiens,
2106 5255 2359 5313 Christus
2387 5252 2515 5309 olim
2541 5250 2842 5308 secundum
2872 5262 3091 5304 carnem
3121 5255 3264 5313 erat,
3289 5259 3435 5300 nunc

1862 5364 2043 5408 tamen
2100 5364 2206 5406 non
2243 5358 2349 5405 est.
2377 5346 2517 5414 Quid
2582 5345 2754 5401 inde?
2786 5355 3082 5398 carnemne
3147 5340 3438 5411 deposuit?

1858 5444 2078 5501 Minime
2121 5457 2296 5500 :nam
2343 5438 2809 5512 quemadmodum
2847 5443 3156 5503 assumptus
3205 5442 3311 5499 est,
3358 5431 3439 5488 sic

1860 5538 2023 5597 etiam
2084 5535 2262 5592 veniet
2302 5536 2343 5588 ι.
2372 5535 2705 5601 Assumptus
2732 5537 2815 5586 est
2863 5533 3042 5583 autem
3079 5526 3131 5580 in
3168 5541 3353 5590 carne,
3382 5534 3441 5579 et

1548 5788 1738 5851 Vario.-
1786 5788 2107 5851 lectiones.

239 5893 289 5929 ‘7
331 5893 484 5949 Θεοῦ
520 5908 575 5949 o.
648 5895 695 5927 ⁷⁸
751 5892 945 5964 ἐκείνῳ
995 5908 1049 5950 0.
1128 5895 1171 5925 ⁷³
1204 5892 1334 5947 ὄντα
1373 5909 1425 5949 0.
1503 5892 1546 5923 ³ο
1591 5890 1832 5956 τοιοῦεςις
1876 5910 1928 5947 0.
