3806 6566
386 403 492 465 εῆις
1319 395 1899 460 ΤΗΕΟΡΗὶἸ.Ᾱ(ἶΤΙ
1942 394 2041 456 BU
2053 395 2355 458 LGARI/E
2395 400 2627 460 ARCIII
2639 401 2750 461 ΕΡ.
3509 404 3594 470 856

383 535 505 573 cum
537 530 783 587 corpore.
816 512 955 582 Quid
977 514 1145 584 igitur
1173 512 1344 567 dicit?
1367 510 1518 577 Quod
1554 525 1651 564 nos
1687 520 1812 564 tunc
1841 510 1963 576 qui-

2095 508 2176 562 ιὲν
2203 510 2324 563 τότε
2355 510 2631 582 λεγόμεθα
2665 513 2809 566 κατᾶ
2850 513 3029 583 σάρκα
3063 513 3183 584 ζῇν,
3208 513 3335 568 ὅταν
3360 513 3413 568 ὲν
3445 517 3600 592 ἀμαρ-

388 613 504 665 dezn
541 609 838 665 secundum
870 621 1092 662 carnem
1131 607 1316 660 vivere
1356 605 1614 667 dicimur,
1657 603 1873 673 quando
1909 601 1961 656 in

2095 603 2213 666 τίαις
2251 595 2434 674 ὧςιενο
2468 606 2561 657 καὶ
2591 605 2713 657 τότε
2779 605 2855 674 μὴ
2916 605 3016 676 ζῇν
3067 607 3209 660 κατὰ
3258 606 3445 676 σάρκα,
3496 610 3600 664 ὅταν

385 703 625 774 peccatis
653 701 915 756 fuerimus
951 719 965 758 :
1007 709 1229 770 tumque
1264 713 1369 753 non
1419 698 1716 754 secundum
1743 710 1962 751 carnem

2095 693 2149 765 ιὴ
2184 695 2616 766 ἁμαρτάνωμεν.
2668 696 2726 750 '0
2761 695 2818 748 δὲ
2851 696 3087 766 Χριστὸς
3123 697 3259 749 κατὰ
3286 697 3451 768 σάρκα
3476 699 3602 766 λέγε-

385 799 593 860 vivere,
628 795 846 864 quando
876 809 984 849 non
1019 793 1451 864 pcccaverimus.
1481 790 1736 847 Christus
1782 798 1963 844 autem

2095 805 2156 841 ἀι
2187 789 2376 857 ζῆσαι,
2413 789 2502 842 ὅτε
2541 790 2684 844 κατὰ
2716 793 2783 845 τὰ
2814 789 3026 859 φυσικὰ
3053 790 3147 843 καὶ
3171 789 3458 858 ἁδιάϐλητα
3481 791 3602 863 πάοη

321 950 324 966 ζ
386 887 684 959 secundum
721 884 943 941 carnem
985 883 1189 940 vixisse
1216 884 1436 947 dicitur,
1483 883 1702 953 quando
1765 897 1964 936 secun-

317 991 330 1048 ξ’
391 986 514 1036 dum
535 981 815 1037 naturales
845 989 900 1035 et
931 978 1235 1048 inculpatos
1257 977 1482 1033 allectus
1515 975 1962 1042 vixit,esuriens,

384 1075 600 1140 sitiens,
627 1073 928 1138 dormiens,
965 1071 1238 1126 laborans.
1263 1068 1419 1125 Nunc
1481 1078 1663 1124 autem
1723 1082 1829 1122 non
1882 1075 1968 1122 est

385 1167 688 1223 secundum
722 1181 966 1231 carnem,
999 1165 1103 1220 hoc
1137 1173 1244 1231 est,
1277 1163 1346 1218 ab
1401 1161 1487 1217 his
1517 1160 1855 1215 naturalibus
1909 1167 1965 1214 et

388 1259 682 1329 inculpatis
720 1257 1100 1314 affectionibus
1163 1255 1428 1312 liberatus
1484 1261 1590 1318 est,
1626 1251 1963 1324 impassibile

385 1362 442 1408 et
468 1350 776 1407 immortale
798 1365 999 1421 corpus
1018 1350 1259 1416 habens;
1289 1357 1346 1402 ut
1375 1362 1475 1404 nos
1501 1360 1738 1417 quoque,
1764 1345 1963 1414 inquit,

389 1445 603 1500 abunde
634 1444 850 1509 doceat,
880 1458 946 1498 ne
979 1442 1207 1498 ulterius
1237 1442 1534 1497 secundum
1562 1454 1786 1495 carnem
1825 1446 1882 1492 et
1913 1439 1964 1491 in

391 1538 624 1606 peccatis
663 1538 930 1600 vivamus,
955 1536 1050 1590 sed
1085 1535 1379 1590 secundum
1409 1533 1684 1602 spiritum.

415 1691 418 1694 ν
460 1627 624 1683 Vsns.
656 1627 742 1684 l7.
785 1646 802 1679 ι
839 1626 1028 1698 Itaque
1061 1627 1107 1682 si
1142 1627 1262 1696 quis
1290 1625 1344 1680 in
1375 1623 1620 1688 Christo,
1649 1639 1781 1679 nova
1814 1638 1968 1679 crea-

2145 1622 2369 1681 ιὶὪστε
2397 1621 2451 1674 ετ
2470 1638 2555 1684 τις
2594 1621 2652 1673 ἐν
2683 1619 2928 1689 Χριστῷ.
2960 1617 3125 1690 καινὴ
3169 1617 3364 1681 κτίσις.
3402 1635 3419 1667 ι
3464 1615 3521 1669 ει
3539 1629 3607 1678 τις

394 1732 534 1776 tura.
569 1740 588 1773 ι
622 1719 678 1775 Si
719 1720 843 1791 quis
885 1719 1117 1776 credidit
1169 1717 1409 1782 Christo,
1474 1717 1528 1770 in
1587 1715 1746 1770 aliam
1809 1718 1967 1787 plane

2095 1715 2364 1772 ,πίστευσε
2397 1714 2476 1786 τῷ
2505 1714 2749 1786 Χριστῷ,
2773 1715 2849 1778 είς
2874 1713 3070 1783 ἑτέραν
3094 1709 3454 1782 δημιουργίαν
3483 1705 3610 1780 ἦλθε,

394 1824 697 1869 creaturam
757 1813 1025 1885 pervenit,
1066 1821 1119 1866 et
1183 1825 1319 1865 nova
1381 1819 1633 1864 creatura
1676 1808 1815 1863 facta
1859 1817 1965 1864 est.

2095 1814 2170 1868 ιαὶ
2202 1815 2299 1869 νέα
2339 1811 2519 1878 κτίσις
2551 1811 2791 1882 ἐγένετο.
2822 1811 2936 1865 Οὐκ
2983 1808 3275 1880 ὀφείλομεν
3296 1804 3386 1860 οῦν
3413 1803 3540 1859 κατὰ
3562 1803 3615 1855 τὰ

392 1905 511 1962 Non
537 1907 813 1984 debemus.
830 1905 995 1976 igitur
1025 1903 1322 1960 secundum
1355 1911 1593 1957 veterem
1639 1914 1844 1955 morem
1875 1900 1970 1954 vi-

2095 1904 2286 1958 παλαιὰ
2319 1905 2420 1974 ζῇν
2439 1943 2452 1956 .

394 2013 548 2056 vere.
2717 2004 2750 2030 ⁸

475 2091 722 2147 «Vetera
746 2089 1094 2154 transierunt,
1115 2103 1243 2144 ecce
1271 2103 1407 2143 nova
1472 2087 1611 2143 facta
1671 2095 1797 2142 sunt
1855 2100 1975 2140 om-

2159 2103 2177 2136 ι
2211 2085 2291 2138 Τὰ
2344 2083 2551 2154 ἀρχαῖα
2614 2079 2932 2152 παρῆλθεν·
2968 2077 3079 2132 ίδοῦ
3131 2077 3323 2146 γέγονε
3369 2074 3617 2152 τὰιπάντα

396 2185 510 2241 nia.
548 2202 568 2236 ›
601 2181 791 2251 Qualia
823 2181 1050 2237 vetera?
1079 2191 1361 2251 peccatum
1429 2189 1484 2236 et
1519 2179 1762 2238 Judaicae
1820 2192 1976 2236 cere-

2095 2176 2266 2232 ιαινά.
2301 2195 2318 2227 ι
2347 2176 2484 2228 Ποῖα
2516 2174 2759 2245 ἀρχαία;
2792 2170 2903 2224 Καὶ
2926 2167 2996 2222 τὰ
3016 2169 3115 2238 τῆς
3149 2167 3440 2237 ἁμαρτίας,
3468 2164 3549 2217 καὶ
3570 2165 3620 2216 τὰ

395 2276 618 2332 monia
659 2273 792 2330 Nam
847 2281 1004 2329 vetus
1041 2281 1322 2343 peccatum
1384 2273 1672 2343 prmteriit,
1729 2285 1979 2343 novaque

2095 2266 2390 2322 Ἰουδαϊκὰ·
2417 2264 2514 2318 καὶ
2562 2265 2672 2335 γὰρ
2726 2261 2824 2316 rei.
2861 2260 3064 2315 παλαιὰ
3097 2259 3343 2330 ἁμαρτία
3390 2257 3617 2327 παρῆλθε,

398 2367 554 2426 nobis
581 2369 785 2434 anima,
815 2375 871 2421 et
899 2380 1095 2420 novum
1127 2379 1324 2433 corpus
1388 2365 1589 2419 factum
1645 2373 1752 2429 est,
1786 2372 1839 2417 et
1878 2377 1977 2433 pro

2095 2359 2178 2413 uti.
2200 2360 2365 2427 καινὴ
2396 2358 2531 2427 ἡμῖν
2559 2355 2730 2425 ψυχὴ,
2763 2353 2858 2405 καὶ
2898 2349 3086 2405 καινὸν
3120 2349 3286 2418 σῶμα
3314 2347 3489 2415 γέγονε
3511 2363 3524 2377 ο
3545 2345 3620 2398 καὶ

397 2459 638 2517 Judaicis
666 2457 924 2515 omnibus
945 2473 1083 2513 nova
1129 2456 1289 2512 nobis
1347 2455 1486 2512 facta
1551 2465 1678 2511 sunt
1743 2455 1976 2511 omnia:

2095 2452 2200 2506 ειντὶ
2255 2451 2362 2504 τῶν
2404 2447 2711 2503 Ἰουδαϊκῶν
2749 2444 2989 2507 πάντων,
3031 2441 3200 2496 καινὰ
3259 2441 3389 2509 ἡμῖν
3434 2438 3617 2491 πάντα*

397 2568 497 2624 pro
530 2549 1038 2623 lege,Evangelium
1071 2565 1087 2614 ;
1119 2563 1219 2618 pro
1265 2546 1682 2618 Hierosolymis,
1721 2545 1918 2602 cmlum
1962 2561 1978 2611 ;

2095 2545 2206 2600 ivri.
2267 2543 2361 2598 τοῦ
2420 2542 2588 2612 νόμου
2631 2581 2646 2605 ,
2708 2537 3044 2606 Εὐαγγὲλιον
3069 2551 3083 2566 ·
3115 2534 3246 2587 ἀντὶ
3279 2530 3620 2602 Ἰερουσαλὴμ,

401 2663 499 2717 pro
548 2646 770 2719 templo,
803 2643 1035 2701 interior
1085 2643 1322 2707 cortina,
1363 2642 1415 2697 in
1469 2656 1573 2711 qua
1630 2650 1979 2697 sacrosancta

2095 2636 2314 2709 οὐραγός
2337 2650 2351 2666 ⁶
2382 2635 2507 2690 ἀντὶ
2538 2634 2691 2698 ναοῦ,
2722 2633 2784 2686 τὸ
2812 2634 3081 2700 ἐσώτερον
3106 2627 3207 2681 τοῦ
3233 2623 3621 2692 καταπετάσμαε

401 2717 716 2804 Τι’ἱηίιειες
780 2751 879 2808 pro
950 2735 1416 2800 circumcisione,
1470 2734 1740 2802 baptisma
1797 2751 1812 2800 ;
1878 2748 1980 2804 pro

2095 2749 2199 2796 τος,
2236 2731 2293 2782 ὲν
2331 2722 2375 2799 ᾧ
2431 2731 2465 2800 ἡ
2519 2727 2724 2799 Τριάς⁶
2781 2725 2903 2779 ἀντὶ
2955 2719 3290 2791 περιτομῆς,
3343 2717 3621 2808 βάπτισμα*

404 2847 630 2898 manna,
675 2845 873 2900 corpus
933 2829 1068 2896 Dei;
1109 2843 1207 2898 pro
1259 2843 1419 2898 aqua,
1467 2825 1693 2898 sanguis
1722 2824 1982 2892 Domini;

406 2940 504 2994 pro
532 2927 681 2996 virga
709 2923 877 2980 Mosis
905 2922 988 2979 vel
1027 2922 1283 2987 Aaronis,
1335 2937 1469 2977 crux
1511 2938 1527 2989 ;
1565 2936 1664 2992 pro
1695 2935 1858 2991 agno,
1893 2920 1982 2975 Fi-

405 3018 512 3084 lius
568 3017 708 3084 Dei;
755 3016 1050 3086 omniaque
1114 3015 1217 3069 alia
1275 3017 1520 3070 eamdem
1571 3015 1638 3069 ad
1689 3013 1979 3070 rationem.

2069 879 2189 949 Εζη,
2227 881 2454 947 πεινῶν,
2489 881 2684 952 διψῶν,
2720 881 2926 942 ὑπνῶν,
2953 880 3182 934 κοπιῶν.
3207 881 3320 934 Νῦν
3348 881 3420 943 δὲ,
3445 883 3601 936 οὐκέτι

2069 974 2211 1026 κατὰ
2255 973 2470 1045 σάρκα·
2497 976 2769 1039 τουτέστι,
2833 973 3040 1027 τούτων
3091 972 3201 1025 τῶν
3253 972 3482 1040 φυσικῶν
3523 972 3598 1026 καὶ

2069 1067 2413 1138 ἀδιασλήτων
2459 1067 2771 1138 ἀπηλλάγη,
2805 1066 3013 1130 ἀπαθὲς
3047 1067 3142 1120 καὶ
3173 1065 3438 1136 ἀκήρατον
3463 1063 3599 1134 σῶμα

2069 1159 2208 1230 ἔχων
2233 1176 2247 1192 ο
2282 1161 2389 1226 ἵνα,
2426 1164 2581 1231 φησι,
2619 1161 2838 1224 πάντως
2883 1161 2976 1212 καὶ
3027 1159 3172 1228 ἡμᾶς
3227 1159 3289 1209 ἐκ
3320 1158 3598 1228 περιουσίας

2069 1253 2256 1326 διδάξῃ
2313 1255 2509 1324 μηκέτι
2546 1256 2646 1324 ζῇν
2678 1253 2820 1308 κατὰ
2866 1253 3070 1325 σάρκα,
3101 1251 3199 1305 καὶ
3235 1251 3609 1321 ἁμαρτητικῶς,

2070 1347 2207 1401 ἀλλὰ
2241 1348 2386 1402 κατὰ
2412 1348 2652 1418 πνεῦμα.

2085 2823 2206 2878 ἀντὶ
2245 2798 2356 2874 τοῦ
2373 2798 2577 2893 μάννα,
2603 2819 2764 2888 σῶμα
2790 2815 2926 2870 Θεοῦ
2955 2831 2968 2844 ·
2998 2814 3122 2867 ἀντὶ
3147 2809 3248 2864 τοῦ
3284 2809 3484 2872 ὓδατος,
3511 2798 3622 2874 αἷμα

2086 2915 2394 2970 Δεσττότου⁹
2454 2911 2578 2966 ἀντὶ
2656 2910 2852 2981 ρἀδου
2919 2906 3166 2968 Μωσέως
3235 2903 3268 2975 ἢ
3344 2898 3624 2971 ’Δαρὼνδὸ

2090 3007 2324 3079 σταυρός
2350 3023 2364 3038 ο
2393 3004 2514 3058 ἀντὶ
2581 3002 2677 3057 τοῦ
2747 2999 2947 3073 ἀμνοῦ,
2979 2996 3107 3061 Υἱὸς
3161 2994 3304 3049 Θεοῦ
3325 3009 3340 3024 ο
3363 2993 3450 3046 καὶ
3479 3005 3624 3044 ποντα

2087 3101 2258 3156 τᾶλλα
2283 3099 2565 3162 ὡσαύτως.

475 3203 642 3259 Vens.
668 3199 759 3256 18.
798 3217 818 3251 ι
849 3197 1044 3255 Omnia
1068 3205 1247 3252 autem
1280 3211 1346 3251 ex
1375 3194 1506 3259 Deo,
1535 3195 1628 3266 qui
1661 3195 1981 3252 reconcilia-

2163 3211 2185 3247 ε
2221 3194 2303 3247 Τὰ
2322 3193 2380 3246 δὲ
2421 3191 2601 3245 πάντα
2636 3189 2698 3241 ὲκ
2747 3185 2885 3240 Θεοῦ
2921 3184 3016 3238 τοῦ
3048 3180 3480 3244 καταλλάξαντος
3504 3174 3621 3248 ἡμᾶς

411 3295 492 3350 vit
529 3307 629 3348 nos
666 3291 878 3363 sibiipsi
900 3305 998 3361 per
1024 3287 1213 3345 Jesum
1244 3287 1548 3344 Christum.
1584 3306 1605 3340 ι
1651 3285 1778 3342 Haec
1801 3287 1982 3346 omnia

414 3388 571 3446 nobis
598 3388 729 3444 data
757 3393 884 3441 sunt
911 3399 942 3440 a
972 3383 1104 3450 Deo,
1129 3384 1221 3454 qui
1247 3382 1622 3440 reconciliavit
1653 3397 1751 3438 nos
1774 3383 1984 3452 sibiipsi

411 3496 512 3554 per
540 3477 984 3536 intercessionem
1014 3477 1136 3532 Filii
1167 3478 1295 3534 suitI
1329 3515 1343 3530 .
1375 3477 1495 3531 Non
1551 3475 1698 3554 enim
1749 3489 1851 3530 nos
1883 3474 1986 3544 ipsi

413 3551 788 3639 accurrimus,
827 3570 923 3626 sed
960 3569 1078 3641 ipse
1127 3584 1228 3626 nos
1275 3569 1490 3638 vocavit
1516 3551 1628 3639 per.
1650 3575 1879 3622 mortem
1905 3566 1990 3621 Fi-

413 3665 472 3720 lii
496 3667 605 3722 sui.

483 3776 503 3809 ι
543 3757 611 3812 Et
636 3757 785 3815 dedit
810 3759 968 3816 nobis
1027 3756 1391 3814 ministerium
1446 3756 1925 3813 reconciliationis.
1965 3775 1984 3807 ι

2091 3287 2271 3361 ἑαυτῷ
2328 3285 2416 3339 διὰ
2453 3281 2631 3354 Ἰησοῦ
2688 3279 2952 3354 Χριστοῦ.
2996 3297 3011 3330 ι
3047 3276 3238 3331 Ταῦτα
3271 3275 3326 3328 δὲ
3383 3273 3540 3325 πάντα
3573 3269 3622 3318 ὲκ

2090 3381 2227 3438 Θεοῦ
2285 3380 2419 3453 ἡμῖν
2470 3377 2700 3443 δέδοται,
2758 3374 2854 3429 τοῦ
2913 3368 3465 3433 ἀποκαταλλάξαντος
3508 3363 3624 3434 ἡμᾶς

2091 3473 2273 3545 ἑαυτῷ
2329 3471 2420 3526 διὰ
2471 3473 2570 3542 τῆς
2605 3468 2889 3542 μεσιτείας
2939 3465 3032 3519 τοῦ
3073 3462 3199 3517 Υἱοῦ
3231 3459 3415 3515 αὑτοῦ.
3449 3455 3514 3512 οὐ
3541 3455 3624 3523 γὶρ

2091 3572 2258 3643 ἡμεῖς
2309 3565 2460 3636 αὖτῷ
2491 3563 2974 3635 προσεδράμομεν,
3021 3557 3136 3611 ἀλλ’
3163 3556 3330 3619 αὐτὸς
3355 3554 3490 3624 ἡμᾶς
3525 3546 3625 3602 ἐκά-

2093 3667 2216 3719 λεσε
2243 3660 2331 3715 διὰ
2364 3658 2460 3713 τοῦ
2497 3656 2732 3712 θανάτου
2766 3652 2861 3708 τοῦ
2905 3651 3058 3707 Υίοῦ.

2169 3774 2189 3808 ι
2229 3754 2342 3809 Καὶ
2374 3752 2555 3814 δόντος
2587 3750 2719 3820 ἡμῖν
2771 3747 2873 3818 τὴν
2917 3742 3198 3799 διακονίαν
3251 3741 3355 3812 τῆς
3403 3732 3627 3791 καταλλα-
3691 3741 3702 3760 ί

415 3847 464 3908 Ο
491 3849 915 3920 profunditatem
945 3849 1245 3908 clementiae
1276 3849 1473 3906 divina:
1504 3849 1518 3904 ι
1555 3850 1689 3904 Cum
1719 3847 1862 3903 enim
1887 3847 1994 3903 Pa-

420 3953 504 3996 ter
537 3952 590 3999 et
617 3943 814 3998 Filium
847 3958 1006 3999 suum
1035 3943 1273 4013 legatum
1320 3943 1577 4008 misisset,
1615 3954 1848 4014 eumque
1900 3956 1996 3998 oc-

418 4037 592 4090 cisum
627 4035 981 4106 conspicatus
1012 4044 1159 4090 esset
1187 4034 1350 4092 abiis
1401 4034 1496 4106 qui
1548 4035 1989 4091 reconciliatione

2098 4033 2251 4106 παρὰ
2304 4031 2412 4084 τῶν
2456 4028 2557 4098 τῆς
2592 4025 2943 4094 καταλλαγῆς
3007 4023 3306 4094 δεομένων,
3349 4018 3460 4072 οὐδὲ
3494 4013 3628 4106 οὕτως

419 4126 754 4197 indigerent,
783 4141 962 4197 neque
993 4126 1074 4183 sic
1100 4136 1278 4181 tamen
1311 4101 1551 4198 neglexit
1603 4126 1873 4196 homines,
1898 4142 1989 4183 ve-

2098 4101 2341 4196 ὴμόλησε
2390 4121 2499 4175 τῶν
2539 4118 2867 4190 ἀνθρώπων,
2902 4117 3039 4170 ἀλλὰ
3103 4116 3205 4183 τὴν
3254 4109 3519 4165 διακονίαν
3553 4101 3629 4170 τῆς

419 4237 542 4278 rum
604 4220 964 4276 ministerium
1021 4219 1512 4288 reconciliationis,
1577 4219 1777 4291 inquit,
1839 4222 1989 4279 nobis

2100 4214 2458 4283 κακαλλαγῆς
2501 4213 2656 4283 ἡμῖν,
2709 4209 2866 4280 φησὶ,
2911 4209 3027 4271 τοῖς
3081 4203 3404 4266 ἀποστόλοις
3447 4199 3628 4291 ἔδωκεν,

423 4314 685 4388 apostolis
738 4317 856 4372 suis
911 4315 1086 4379 dedit,
1138 4324 1197 4371 ut
1247 4296 1674 4381 circumeuntes,
1730 4313 1989 4384 legatione

2103 4310 2190 4364 ἴνα
2227 4307 2646 4381 περιερχόμενοι
2669 4300 3062 4374 πρεσϐεὑωμεν
3086 4298 3221 4370 πρὸς
3249 4299 3376 4359 τοὺς
3396 4285 3632 4348 ἀποστάτ-

425 4387 715 4482 fnugamur
749 4411 816 4465 ad
847 4424 945 4465 eos
978 4409 1069 4480 qui
1097 4424 1125 4463 a
1158 4408 1269 4464 Deo
1323 4407 1667 4473 defecerunt,
1701 4419 1904 4477 eosque
1932 4409 1989 4464 ad

2101 4421 2168 4468 ας
2193 4401 2287 4456 τοῦ
2316 4400 2472 4465 Θεοῦ,
2516 4398 2610 4452 καὶ
2653 4395 3026 4468 προσάγωμεν
3049 4392 3246 4454 αὐτοὺς
3277 4387 3442 4458 αὐτῷ.

425 4515 548 4557 eum
579 4500 960 4570 perducamus.

500 4550 1135 4654 Ἰδῖῄιῃριι-οιιίαιη
1169 4584 1388 4655 quidem
1429 4583 1574 4642 Deus
1601 4594 1721 4641 erat
1753 4588 1810 4642 in
1840 4585 2000 4642 Chri-
2025 4550 2076 4612 υ

427 4691 513 4736 sto
534 4680 788 4734 mundum
818 4677 1174 4734 reconcilians
1195 4677 1322 4743 sibi,
1348 4690 1456 4732 non
1481 4677 1758 4747 imputans
1775 4677 1856 4734 eis
1878 4691 1989 4749 pec-

2107 4682 2414 4740 αλλάσσων.
2472 4679 2546 4747 μὴ
2565 4673 2915 4743 λογιζόμενος
2939 4669 3122 4731 αὐτοῖς
3151 4667 3221 4720 τὰ
3252 4657 3632 4749 παραπτώματα

427 4783 549 4827 cata
585 4771 852 4841 ipsorum.
892 4789 911 4821 ›
941 4771 1094 4836 Quod
1122 4785 1226 4825 nos
1259 4769 1360 4824 sibi
1395 4771 1509 4839 ipse
1535 4769 1989 4833 reconciliaverit1

2110 4771 2316 4830 αὐτῶν.
2358 4789 2377 4822 ι
2413 4745 2582 4822 Εἶπεν
2608 4766 2742 4828 ἄνω,
2787 4764 2872 4817 ὅτι
2926 4758 3090 4820 αὐτὸς
3135 4753 3463 4826 κατήλλαξεν

374 4934 376 4936 τ
429 4839 768 4934 supradixit.
791 4859 871 4916 Ne
888 4861 1051 4931 272
1069 4861 1192 4931 quis
1219 4860 1384 4931 igitur
1407 4860 1552 4917 dicat
1574 4877 1590 4916 :
1613 4861 1778 4931 Atqui
1804 4859 1989 4916 Filium

2109 4862 2310 4935 ἑαυτῷ.
2349 4862 2463 4917 Ἰνα
2497 4858 2593 4914 οὖν
2651 4857 2725 4929 μή
2779 4872 2868 4918 τις
2926 4853 3057 4924 εἴπῃ
3083 4865 3099 4879 ⁸
3130 4849 3242 4903 Καὶ
3299 4846 3403 4919 μὴν
3427 4842 3508 4900 τὸν
3531 4839 3632 4936 iter

375 4948 379 5016 ί
429 4931 586 5012 suum
613 4954 760 5010 misit
789 4972 803 5008 :
836 4969 980 5008 nunc
1008 4953 1086 5008 ait
1113 4952 1254 5021 quod
1284 4941 1476 5007 Filium
1522 4952 1740 5023 quidem
1767 4953 1989 5020 miserit,

2103 4931 2356 5029 ἔπεμψε·
2389 4954 2484 5008 νῦν
2540 4967 2743 5022 φησιν,
2792 4949 2876 5002 ὅτι
2929 4946 3035 4998 Τὸν
3073 4943 3200 4997 Υἱδν
3267 4941 3363 5012 μὲν
3418 4931 3632 5029 ἐπεμὲεο

429 5057 800 5105 verumtamen
814 5063 918 5103 non
938 5046 1085 5102 solus
1105 5045 1273 5102 Filius
1290 5045 1628 5114 exhortatur,
1645 5045 1989 5102 verumetiam

2105 5024 2372 5121 mhvvvoux
2401 5048 2430 5100 ό
2468 5044 2596 5108 Υίδς
2628 5043 2789 5114 μόνος
2830 5036 3154 5108 παρεκάλει,
3201 5033 3333 5087 ἀλλὰ
3379 5029 3470 5084 καὶ
3496 5024 3634 5121 tuf-

431 5143 596 5198 Pater
617 5139 878 5196 mundum
911 5138 1123 5210 sibiipsi
1165 5137 1539 5195 reconciliavit
1570 5113 1670 5208 per
1725 5135 1989 5194 Christum

2106 5113 2215 5211 τὴρ
2241 5134 2310 5210 ἦν
2334 5113 2727 5190 καταλλάσσων
2754 5131 2904 5202 αῦτῷ
2939 5129 3028 5184 τὸν
3057 5126 3264 5198 κόσμον
3288 5124 3371 5178 διὰ
3400 5113 3629 5211 Χριστοῦ⁸

2108 5206 2278 5286 τόῢτό
2305 5230 2418 5301 γὰρ
2453 5228 2535 5294 τὸ,
2568 5245 2587 5279 ι
2633 5227 2725 5280 Ἐν
2757 5221 3012 5296 Χριστῷο
3047 5239 3067 5274 ι
3105 5219 3204 5273 καὶ
3253 5215 3506 5283 τοσαύτην
3546 5206 3634 5301 τοῖς

2095 3851 2218 3921 γῆς.
2253 3867 2270 3901 ι
2306 3847 2370 3900 Ὢ
2399 3844 2560 3916 βάθος
2610 3837 3060 3912 φιλανθρωπίαςί
3096 3834 3328 3906 Πέμψας
3353 3831 3455 3902 γὰρ
3490 3824 3628 3921 πρέσ-

2097 3917 2195 3997 δυν
2219 3942 2248 3995 ό
2276 3938 2464 4010 Πατὴρ
2501 3937 2592 3990 τὸν
2616 3935 2764 3996 Υἱὸν,
2792 3928 2917 3986 εἶτα
2976 3928 3171 3985 τοῦτον
3213 3926 3484 3997 σφαγέντα
3530 3917 3625 3974 ίδὼν

2181 4607 2199 4641 ι
2249 4587 2339 4649 Ὡς
2373 4585 2458 4639 ὅτι
2487 4582 2620 4646 Θεὸς
2652 4577 2722 4653 ἦν
2763 4579 2822 4632 ὲν
2850 4574 3072 4648 Χριστῷ
3101 4574 3308 4644 κόσμον
3333 4567 3500 4638 ἑαυτῷ
3518 4581 3628 4619 κατ-

432 5234 562 5295 (Ιιοο
586 5231 734 5288 enim
763 5239 850 5287 est
877 5230 1031 5298 illud,
1069 5247 1088 5282 ι
1123 5230 1176 5284 in
1201 5227 1421 5284 Christo
1459 5246 1477 5280 ι
1507 5228 1528 5298 )
1561 5237 1876 5299 tantamque
1914 5228 2010 5285 bo-

431 5327 658 5382 nitatem
693 5295 1284 5386 hominibus‘ostendit,
1311 5332 1375 5377 ut
1421 5295 1526 5377 non
1560 5321 1737 5377 solum
1769 5295 1875 5376 non
1910 5336 1989 5391 pu‘

2110 5295 2425 5394 ἀὺθρώτὶοίς
2457 5318 2770 5390 ἀγαθότητα
2813 5295 3292 5384 γέπιδεικνύμενος,
3332 5307 3464 5362 ὥστε
3488 5301 3538 5357 οὐ

432 5419 614 5486 nierit,
648 5431 836 5474 verum
857 5415 1023 5473 etiam
1069 5413 1462 5470 reconciliatus
1489 5412 1562 5468 sit
1594 5428 1611 5469 :
1641 5427 1741 5468 nec
1800 5420 1989 5469 tantuu

2111 5435 2202 5472 νον
2221 5387 2326 5471 οὐκ
2352 5387 2634 5478 ἐκόλασεν,
2668 5387 2805 5466 ἀλλὰ
2839 5410 2932 5463 καὶ
2971 5405 3292 5480 κατηλλάγη
3315 5421 3329 5436 ·
3360 5400 3448 5455 καὶ
3468 5395 3522 5448 οὐ

433 5479 727 5575 dimiserit,
765 5510 862 5566 sed
894 5524 964 5565 ne
993 5507 1345 5579 imputaverit
1395 5506 1615 5577 quidem
1670 5515 1914 5576 peccata.
1948 5505 1986 5563 S

2122 5526 2214 5564 νον
2247 5507 2482 5578 ἀφῆκεν,
2517 5503 2632 5557 ἀλλ’
2657 5503 2781 5557 οὐδὲ
2804 5501 3088 5570 ἐλογίσατο
3123 5498 3226 5562 τὰς
3255 5491 3528 5568 ἁμαρτίας.
3549 5479 3634 5536 Καὶ

431 5605 582 5661 enim
640 5603 908 5660 rationem
972 5601 1192 5671 exigere
1266 5599 1543 5667 voluisset,
1596 5599 1819 5657 omnino
1857 5598 1989 5671 peri-

2122 5601 2232 5670 γὰρ
2262 5598 2326 5667 δὴ
2357 5597 2452 5650 καὶ
2482 5597 2532 5648 εἰ
2563 5593 2798 5666 ἠθέλησε
2854 5592 3047 5661 λόγους
3087 5589 3402 5661 ἀπαιτῆσαι,
3457 5579 3634 5634 πάντως

434 5698 629 5754 issent.

2116 5691 2182 5745 ἂν
2211 5685 2508 5745 ἀπώλοντο.

544 5888 571 5917 ιι
605 5880 624 5934 I
651 5877 806 5936 Joan.
835 5893 908 5936 tv.
937 5878 987 5933 7.
