  <div class='ocr_page' id='page_1' title='image "/cluster/home/n/w/nwhite01/storage/ocr_20150623/124/hvd.32044019208206/456.png"; bbox 0 0 3806 6558; ppageno 0'>
   <div class='ocr_carea' id='block_1_1' title="bbox 123 372 214 438">
    <p class='ocr_par' dir='ltr' id='par_1_1' title="bbox 123 372 214 438">
     <span class='ocr_line' id='line_1_1' title="bbox 123 372 214 438; baseline -0.033 0"><span class='ocrx_word' id='word_1_1' title='bbox 123 372 214 438; x_wconf 82' lang='grc'><strong>857</strong></span> 
     </span>
    </p>
   </div>
   <div class='ocr_carea' id='block_1_2' title="bbox 867 355 2535 439">
    <p class='ocr_par' dir='ltr' id='par_1_2' title="bbox 867 355 2535 439">
     <span class='ocr_line' id='line_1_2' title="bbox 867 355 2535 439; baseline 0.007 -11"><span class='ocrx_word' id='word_1_2' title='bbox 867 367 1276 430; x_wconf 74' lang='lat' dir='ltr'><strong>EXPOSITIO</strong></span> <span class='ocrx_word' id='word_1_3' title='bbox 1321 366 1400 428; x_wconf 74' lang='lat' dir='ltr'>IN</span> <span class='ocrx_word' id='word_1_4' title='bbox 1433 366 1676 428; x_wconf 87' lang='lat' dir='ltr'><strong>EPIST.</strong></span> <span class='ocrx_word' id='word_1_5' title='bbox 1713 365 1776 426; x_wconf 84' lang='lat' dir='ltr'><strong>Il</strong></span> <span class='ocrx_word' id='word_1_6' title='bbox 1813 369 1912 432; x_wconf 84' lang='lat' dir='ltr'><strong>AD</strong></span> <span class='ocrx_word' id='word_1_7' title='bbox 1943 355 2210 436; x_wconf 83' lang='lat' dir='ltr'><strong>con.’—</strong></span> <span class='ocrx_word' id='word_1_8' title='bbox 2235 375 2395 438; x_wconf 85' lang='lat' dir='ltr'><strong>CAP.</strong></span> <span class='ocrx_word' id='word_1_9' title='bbox 2435 377 2535 439; x_wconf 68' lang='grc' dir='ltr'>γι.</span> 
     </span>
    </p>
   </div>
   <div class='ocr_carea' id='block_1_3' title="bbox 3237 376 3346 444">
    <p class='ocr_par' dir='ltr' id='par_1_3' title="bbox 3237 376 3346 444">
     <span class='ocr_line' id='line_1_3' title="bbox 3237 376 3346 444; baseline 0.028 -3"><span class='ocrx_word' id='word_1_10' title='bbox 3237 376 3346 444; x_wconf 75' lang='lat'><strong>858</strong></span> 
     </span>
    </p>
   </div>
   <div class='ocr_carea' id='block_1_4' title="bbox 191 482 1696 560">
    <p class='ocr_par' dir='ltr' id='par_1_4' title="bbox 191 482 1696 554">
     <span class='ocr_line' id='line_1_4' title="bbox 191 482 1696 554; baseline 0.002 -17"><span class='ocrx_word' id='word_1_11' title='bbox 191 507 206 537; x_wconf 88' lang='grc' dir='ltr'><strong>ι</strong></span> <span class='ocrx_word' id='word_1_12' title='bbox 229 484 328 537; x_wconf 69' lang='grc' dir='ltr'>Καὶ</span> <span class='ocrx_word' id='word_1_13' title='bbox 346 482 565 554; x_wconf 76' lang='grc' dir='ltr'>θέμενος</span> <span class='ocrx_word' id='word_1_14' title='bbox 595 483 650 536; x_wconf 75' lang='grc' dir='ltr'>ἐν</span> <span class='ocrx_word' id='word_1_15' title='bbox 676 484 806 554; x_wconf 80' lang='grc' dir='ltr'>ἡμῖν</span> <span class='ocrx_word' id='word_1_16' title='bbox 832 483 1098 552; x_wconf 72' lang='grc' dir='ltr'>τὸνλόγον</span> <span class='ocrx_word' id='word_1_17' title='bbox 1125 484 1225 552; x_wconf 77' lang='grc' dir='ltr'>τῆς</span> <span class='ocrx_word' id='word_1_18' title='bbox 1249 482 1650 551; x_wconf 76' lang='grc' dir='ltr'>καταλλαγῆς.ι</span> <span class='ocrx_word' id='word_1_19' title='bbox 1687 515 1696 540; x_wconf 63' lang='grc' dir='ltr'><em>Α</em></span> 
     </span>
    </p>
   </div>
   <div class='ocr_carea' id='block_1_5' title="bbox 1801 482 3338 560">
    <p class='ocr_par' dir='ltr' id='par_1_5' title="bbox 1851 485 3338 560">
     <span class='ocr_line' id='line_1_5' title="bbox 1851 485 3338 560; baseline 0.005 -23"><span class='ocrx_word' id='word_1_20' title='bbox 1851 505 1870 537; x_wconf 82' lang='grc' dir='ltr'><strong>ι</strong></span> <span class='ocrx_word' id='word_1_21' title='bbox 1913 485 1979 540; x_wconf 87' lang='grc' dir='ltr'>Ει</span> <span class='ocrx_word' id='word_1_22' title='bbox 1999 490 2188 560; x_wconf 79' lang='lat' dir='ltr'><strong>posuit</strong></span> <span class='ocrx_word' id='word_1_23' title='bbox 2214 489 2267 544; x_wconf 91' lang='lat' dir='ltr'><strong>in</strong></span> <span class='ocrx_word' id='word_1_24' title='bbox 2305 491 2461 547; x_wconf 89' lang='lat' dir='ltr'><strong>nobis</strong></span> <span class='ocrx_word' id='word_1_25' title='bbox 2510 488 2737 546; x_wconf 82' lang='lat' dir='ltr'><strong>verbum</strong></span> <span class='ocrx_word' id='word_1_26' title='bbox 2799 487 3280 546; x_wconf 78' lang='lat' dir='ltr'><strong>reconciliationis.</strong></span> <span class='ocrx_word' id='word_1_27' title='bbox 3317 510 3338 544; x_wconf 79' lang='grc' dir='ltr'><strong>ι</strong></span> 
     </span>
    </p>
   </div>
   <div class='ocr_carea' id='block_1_6' title="bbox 128 569 1667 644">
    <p class='ocr_par' dir='ltr' id='par_1_6' title="bbox 128 569 1667 644">
     <span class='ocr_line' id='line_1_6' title="bbox 128 569 1667 644; baseline -0.006 -12"><span class='ocrx_word' id='word_1_28' title='bbox 128 577 272 633; x_wconf 70' lang='grc' dir='ltr'>Οὐδὲν</span> <span class='ocrx_word' id='word_1_29' title='bbox 297 570 384 628; x_wconf 72' lang='grc' dir='ltr'>οὖν</span> <span class='ocrx_word' id='word_1_30' title='bbox 440 573 694 644; x_wconf 75' lang='grc' dir='ltr'>φορτικὸν</span> <span class='ocrx_word' id='word_1_31' title='bbox 727 574 770 605; x_wconf 79' lang='grc'><strong>⁸¹</strong></span> <span class='ocrx_word' id='word_1_32' title='bbox 801 575 930 644; x_wconf 85' lang='grc' dir='ltr'>ὑμῖν</span> <span class='ocrx_word' id='word_1_33' title='bbox 976 576 1149 628; x_wconf 74' lang='grc' dir='ltr'>ποιεῖν</span> <span class='ocrx_word' id='word_1_34' title='bbox 1185 571 1498 644; x_wconf 76' lang='grc' dir='ltr'>ἐτάχθημεν</span> <span class='ocrx_word' id='word_1_35' title='bbox 1553 569 1667 624; x_wconf 77' lang='grc' dir='ltr'>ὑπὸ</span> 
     </span>
    </p>
   </div>
   <div class='ocr_carea' id='block_1_7' title="bbox 128 665 1668 739">
    <p class='ocr_par' dir='ltr' id='par_1_7' title="bbox 128 665 1668 739">
     <span class='ocr_line' id='line_1_7' title="bbox 128 665 1668 739; baseline -0.005 -13"><span class='ocrx_word' id='word_1_36' title='bbox 128 670 266 733; x_wconf 80' lang='grc' dir='ltr'>Θεοῦ,</span> <span class='ocrx_word' id='word_1_37' title='bbox 320 668 454 722; x_wconf 77' lang='grc' dir='ltr'>ἀλλὰ</span> <span class='ocrx_word' id='word_1_38' title='bbox 515 669 911 722; x_wconf 85' lang='grc' dir='ltr'>καταλλάσσειν</span> <span class='ocrx_word' id='word_1_39' title='bbox 969 669 1115 739; x_wconf 85' lang='grc' dir='ltr'>ὑμᾶς</span> <span class='ocrx_word' id='word_1_40' title='bbox 1167 667 1336 738; x_wconf 80' lang='grc' dir='ltr'>αύτῷ.</span> <span class='ocrx_word' id='word_1_41' title='bbox 1373 667 1528 720; x_wconf 75' lang='grc' dir='ltr'>Ἐπεὶ</span> <span class='ocrx_word' id='word_1_42' title='bbox 1562 665 1668 736; x_wconf 77' lang='grc' dir='ltr'>γὰρ</span> 
     </span>
    </p>
   </div>
   <div class='ocr_carea' id='block_1_8' title="bbox 126 759 1671 836">
    <p class='ocr_par' dir='ltr' id='par_1_8' title="bbox 126 759 1671 836">
     <span class='ocr_line' id='line_1_8' title="bbox 126 759 1671 836; baseline -0.006 -16"><span class='ocrx_word' id='word_1_43' title='bbox 126 764 254 836; x_wconf 70' lang='grc' dir='ltr'>ἐμοὶ,</span> <span class='ocrx_word' id='word_1_44' title='bbox 287 762 467 833; x_wconf 74' lang='grc' dir='ltr'>φησιν,</span> <span class='ocrx_word' id='word_1_45' title='bbox 525 763 624 816; x_wconf 85' lang='grc' dir='ltr'><strong>οὐκ</strong></span> <span class='ocrx_word' id='word_1_46' title='bbox 681 761 1037 831; x_wconf 78' lang='grc' dir='ltr'><strong>ἐπείσθησαν,</strong></span> <span class='ocrx_word' id='word_1_47' title='bbox 1085 760 1463 835; x_wconf 80' lang='grc' dir='ltr'>παραμείνατε</span> <span class='ocrx_word' id='word_1_48' title='bbox 1513 759 1671 831; x_wconf 78' lang='grc' dir='ltr'>ὑμεῖς</span> 
     </span>
    </p>
   </div>
   <div class='ocr_carea' id='block_1_9' title="bbox 129 850 1085 924">
    <p class='ocr_par' dir='ltr' id='par_1_9' title="bbox 129 850 1085 924">
     <span class='ocr_line' id='line_1_9' title="bbox 129 850 1085 924; baseline -0.003 -17"><span class='ocrx_word' id='word_1_49' title='bbox 129 851 574 924; x_wconf 85' lang='grc' dir='ltr'>παρακαλοῦντες,</span> <span class='ocrx_word' id='word_1_50' title='bbox 604 850 707 913; x_wconf 80' lang='grc' dir='ltr'>ἓως</span> <span class='ocrx_word' id='word_1_51' title='bbox 741 851 806 904; x_wconf 82' lang='grc' dir='ltr'>ἂν</span> <span class='ocrx_word' id='word_1_52' title='bbox 837 851 1085 921; x_wconf 81' lang='grc' dir='ltr'><strong>πείσητε.</strong></span> 
     </span>
    </p>
   </div>
   <div class='ocr_carea' id='block_1_10' title="bbox 192 1030 1671 1102">
    <p class='ocr_par' dir='ltr' id='par_1_10' title="bbox 192 1030 1671 1102">
     <span class='ocr_line' id='line_1_10' title="bbox 192 1030 1671 1102; baseline 0.003 -19"><span class='ocrx_word' id='word_1_53' title='bbox 192 1055 209 1088; x_wconf 75' lang='grc' dir='ltr'><strong>ι</strong></span> <span class='ocrx_word' id='word_1_54' title='bbox 257 1034 424 1101; x_wconf 80' lang='grc' dir='ltr'>’Υπὲρ</span> <span class='ocrx_word' id='word_1_55' title='bbox 459 1030 698 1101; x_wconf 79' lang='grc' dir='ltr'><strong>Χριστοῦ</strong></span> <span class='ocrx_word' id='word_1_56' title='bbox 735 1030 828 1084; x_wconf 80' lang='grc' dir='ltr'><strong>οῦν</strong></span> <span class='ocrx_word' id='word_1_57' title='bbox 860 1030 1260 1102; x_wconf 85' lang='grc' dir='ltr'>πρεσϐεύομεν,</span> <span class='ocrx_word' id='word_1_58' title='bbox 1294 1031 1369 1096; x_wconf 83' lang='grc' dir='ltr'>ὼς</span> <span class='ocrx_word' id='word_1_59' title='bbox 1406 1032 1500 1088; x_wconf 88' lang='grc' dir='ltr'><strong>τοῦ</strong></span> <span class='ocrx_word' id='word_1_60' title='bbox 1533 1034 1671 1088; x_wconf 87' lang='grc' dir='ltr'>Θεοῦ</span> 
     </span>
    </p>
   </div>
   <div class='ocr_carea' id='block_1_11' title="bbox 129 1122 1672 1198">
    <p class='ocr_par' dir='ltr' id='par_1_11' title="bbox 129 1122 1672 1198">
     <span class='ocr_line' id='line_1_11' title="bbox 129 1122 1672 1198; baseline 0.001 -18"><span class='ocrx_word' id='word_1_61' title='bbox 129 1125 551 1196; x_wconf 77' lang='grc' dir='ltr'><strong>παρακαλοῦντος</strong></span> <span class='ocrx_word' id='word_1_62' title='bbox 583 1124 648 1177; x_wconf 78' lang='grc' dir='ltr'>δι’</span> <span class='ocrx_word' id='word_1_63' title='bbox 681 1122 836 1193; x_wconf 83' lang='grc' dir='ltr'>ἡμῶν</span> <span class='ocrx_word' id='word_1_64' title='bbox 861 1139 876 1153; x_wconf 81' lang='grc'><em>’</em></span> <span class='ocrx_word' id='word_1_65' title='bbox 909 1123 1144 1191; x_wconf 89' lang='grc' dir='ltr'>δεόμεθα</span> <span class='ocrx_word' id='word_1_66' title='bbox 1211 1124 1353 1194; x_wconf 76' lang='grc' dir='ltr'>ὑπὲρ</span> <span class='ocrx_word' id='word_1_67' title='bbox 1408 1127 1672 1198; x_wconf 81' lang='grc' dir='ltr'>Χριστοῦ,</span> 
     </span>
    </p>
   </div>
   <div class='ocr_carea' id='block_1_12' title="bbox 130 1215 1678 1286">
    <p class='ocr_par' dir='ltr' id='par_1_12' title="bbox 130 1215 1678 1286">
     <span class='ocr_line' id='line_1_12' title="bbox 130 1215 1678 1286; baseline 0 -12"><span class='ocrx_word' id='word_1_68' title='bbox 130 1218 474 1285; x_wconf 75' lang='grc' dir='ltr'>καταλλάγητε</span> <span class='ocrx_word' id='word_1_69' title='bbox 503 1217 580 1284; x_wconf 74' lang='grc' dir='ltr'>τῷ</span> <span class='ocrx_word' id='word_1_70' title='bbox 604 1217 741 1286; x_wconf 82' lang='grc' dir='ltr'>Θεῷ.</span> <span class='ocrx_word' id='word_1_71' title='bbox 783 1236 905 1268; x_wconf 80' lang='grc' dir='ltr'>ι--ι</span> <span class='ocrx_word' id='word_1_72' title='bbox 956 1215 1130 1284; x_wconf 81' lang='grc' dir='ltr'>’Υπὲρ</span> <span class='ocrx_word' id='word_1_73' title='bbox 1175 1217 1434 1286; x_wconf 81' lang='grc' dir='ltr'>Χριστοῦ,</span> <span class='ocrx_word' id='word_1_74' title='bbox 1473 1239 1492 1271; x_wconf 74' lang='grc' dir='ltr'><strong>ι</strong></span> <span class='ocrx_word' id='word_1_75' title='bbox 1523 1237 1678 1274; x_wconf 73' lang='grc' dir='ltr'>τουτο</span> 
     </span>
    </p>
   </div>
   <div class='ocr_carea' id='block_1_13' title="bbox 133 1286 1678 1379">
    <p class='ocr_par' dir='ltr' id='par_1_13' title="bbox 133 1286 1678 1379">
     <span class='ocr_line' id='line_1_13' title="bbox 133 1286 1678 1379; baseline -0.003 -14"><span class='ocrx_word' id='word_1_76' title='bbox 133 1313 280 1370; x_wconf 73' lang='grc' dir='ltr'>ἐστιν,</span> <span class='ocrx_word' id='word_1_77' title='bbox 311 1309 429 1360; x_wconf 72' lang='grc' dir='ltr'>ἀντὶ</span> <span class='ocrx_word' id='word_1_78' title='bbox 477 1307 574 1361; x_wconf 90' lang='grc' dir='ltr'><strong>τοῦ</strong></span> <span class='ocrx_word' id='word_1_79' title='bbox 631 1307 868 1379; x_wconf 80' lang='grc' dir='ltr'>Χριστοῦ</span> <span class='ocrx_word' id='word_1_80' title='bbox 925 1302 1318 1376; x_wconf 85' lang='grc' dir='ltr'>πρεσϐεύομεν.</span> <span class='ocrx_word' id='word_1_81' title='bbox 1350 1286 1529 1375; x_wconf 82' lang='grc' dir='ltr'>Ὅπερ</span> <span class='ocrx_word' id='word_1_82' title='bbox 1569 1308 1678 1379; x_wconf 83' lang='grc' dir='ltr'><strong>γάρ</strong></span> 
     </span>
    </p>
   </div>
   <div class='ocr_carea' id='block_1_14' title="bbox 132 1401 1681 1472">
    <p class='ocr_par' dir='ltr' id='par_1_14' title="bbox 132 1401 1681 1472">
     <span class='ocr_line' id='line_1_14' title="bbox 132 1401 1681 1472; baseline 0 -17"><span class='ocrx_word' id='word_1_83' title='bbox 132 1401 333 1472; x_wconf 80' lang='grc' dir='ltr'>ἔμελλεν</span> <span class='ocrx_word' id='word_1_84' title='bbox 365 1403 577 1462; x_wconf 82' lang='grc' dir='ltr'>ἐκεῖνος</span> <span class='ocrx_word' id='word_1_85' title='bbox 608 1402 808 1464; x_wconf 82' lang='grc' dir='ltr'>ποιεῖν,</span> <span class='ocrx_word' id='word_1_86' title='bbox 841 1401 1002 1470; x_wconf 80' lang='grc' dir='ltr'>ἡμεῖς</span> <span class='ocrx_word' id='word_1_87' title='bbox 1034 1401 1407 1471; x_wconf 81' lang='grc' dir='ltr'>ἀνεδεξάμεθα</span> <span class='ocrx_word' id='word_1_88' title='bbox 1427 1401 1520 1455; x_wconf 91' lang='grc' dir='ltr'><strong>νῦν</strong></span> <span class='ocrx_word' id='word_1_89' title='bbox 1541 1417 1556 1432; x_wconf 89' lang='grc'><strong>·</strong></span> <span class='ocrx_word' id='word_1_90' title='bbox 1585 1403 1681 1455; x_wconf 74' lang='grc' dir='ltr'><strong>καὶ</strong></span> 
     </span>
    </p>
   </div>
   <div class='ocr_carea' id='block_1_15' title="bbox 129 1493 1681 1568">
    <p class='ocr_par' dir='ltr' id='par_1_15' title="bbox 129 1493 1681 1568">
     <span class='ocr_line' id='line_1_15' title="bbox 129 1493 1681 1568; baseline 0.001 -20"><span class='ocrx_word' id='word_1_91' title='bbox 129 1496 295 1564; x_wconf 79' lang='grc' dir='ltr'>ὥσπερ</span> <span class='ocrx_word' id='word_1_92' title='bbox 331 1493 396 1546; x_wconf 80' lang='grc' dir='ltr'>δι’</span> <span class='ocrx_word' id='word_1_93' title='bbox 421 1493 636 1547; x_wconf 79' lang='grc' dir='ltr'>ἐκείνου</span> <span class='ocrx_word' id='word_1_94' title='bbox 690 1493 988 1564; x_wconf 83' lang='grc' dir='ltr'>παρεκάλει</span> <span class='ocrx_word' id='word_1_95' title='bbox 1029 1496 1177 1564; x_wconf 79' lang='grc' dir='ltr'>ἡμᾶς</span> <span class='ocrx_word' id='word_1_96' title='bbox 1223 1498 1250 1550; x_wconf 82' lang='grc' dir='ltr'>ὁ</span> <span class='ocrx_word' id='word_1_97' title='bbox 1289 1495 1504 1568; x_wconf 83' lang='grc' dir='ltr'>Πατὴρ,</span> <span class='ocrx_word' id='word_1_98' title='bbox 1536 1494 1681 1550; x_wconf 74' lang='grc' dir='ltr'>οὕτω</span> 
     </span>
    </p>
   </div>
   <div class='ocr_carea' id='block_1_16' title="bbox 129 1585 1672 1657">
    <p class='ocr_par' dir='ltr' id='par_1_16' title="bbox 129 1585 1672 1657">
     <span class='ocr_line' id='line_1_16' title="bbox 129 1585 1672 1657; baseline 0.001 -17"><span class='ocrx_word' id='word_1_99' title='bbox 129 1587 210 1640; x_wconf 72' lang='grc' dir='ltr'><strong>καὶ</strong></span> <span class='ocrx_word' id='word_1_100' title='bbox 234 1586 323 1639; x_wconf 88' lang='grc' dir='ltr'><strong>νῦν</strong></span> <span class='ocrx_word' id='word_1_101' title='bbox 347 1585 414 1639; x_wconf 90' lang='grc' dir='ltr'>δι’</span> <span class='ocrx_word' id='word_1_102' title='bbox 449 1586 611 1656; x_wconf 73' lang='grc' dir='ltr'>ἡμῶν</span> <span class='ocrx_word' id='word_1_103' title='bbox 633 1586 960 1657; x_wconf 78' lang='grc' dir='ltr'>παρακαλεῖ,</span> <span class='ocrx_word' id='word_1_104' title='bbox 982 1586 1068 1639; x_wconf 77' lang='grc' dir='ltr'><strong>ἵνα</strong></span> <span class='ocrx_word' id='word_1_105' title='bbox 1094 1587 1472 1657; x_wconf 82' lang='grc' dir='ltr'>καταλλαγῆτε</span> <span class='ocrx_word' id='word_1_106' title='bbox 1499 1586 1672 1657; x_wconf 80' lang='grc' dir='ltr'>αὐτῷ.</span> 
     </span>
    </p>
   </div>
   <div class='ocr_carea' id='block_1_17' title="bbox 132 1677 1676 1749">
    <p class='ocr_par' dir='ltr' id='par_1_17' title="bbox 132 1677 1676 1749">
     <span class='ocr_line' id='line_1_17' title="bbox 132 1677 1676 1749; baseline 0.001 -15"><span class='ocrx_word' id='word_1_107' title='bbox 132 1684 227 1734; x_wconf 78' lang='grc' dir='ltr'>Οὐκ</span> <span class='ocrx_word' id='word_1_108' title='bbox 265 1677 380 1732; x_wconf 79' lang='grc' dir='ltr'>εἷπε</span> <span class='ocrx_word' id='word_1_109' title='bbox 435 1679 512 1743; x_wconf 83' lang='grc' dir='ltr'><strong>δὲ,</strong></span> <span class='ocrx_word' id='word_1_110' title='bbox 568 1679 954 1747; x_wconf 81' lang='grc' dir='ltr'>Καταλλάξατε</span> <span class='ocrx_word' id='word_1_111' title='bbox 978 1681 1190 1744; x_wconf 76' lang='grc' dir='ltr'>ἑαυτοῖς</span> <span class='ocrx_word' id='word_1_112' title='bbox 1221 1681 1310 1735; x_wconf 73' lang='grc' dir='ltr'>τὸν</span> <span class='ocrx_word' id='word_1_113' title='bbox 1349 1682 1506 1748; x_wconf 79' lang='grc' dir='ltr'>Θεὸν,</span> <span class='ocrx_word' id='word_1_114' title='bbox 1531 1680 1676 1749; x_wconf 83' lang='grc' dir='ltr'>ἀλλ’,</span> 
     </span>
    </p>
   </div>
   <div class='ocr_carea' id='block_1_18' title="bbox 142 1769 1684 1844">
    <p class='ocr_par' dir='ltr' id='par_1_18' title="bbox 142 1769 1684 1844">
     <span class='ocr_line' id='line_1_18' title="bbox 142 1769 1684 1844; baseline 0.001 -19"><span class='ocrx_word' id='word_1_115' title='bbox 142 1773 306 1842; x_wconf 78' lang='grc' dir='ltr'>Ὑμεῖς</span> <span class='ocrx_word' id='word_1_116' title='bbox 357 1770 741 1841; x_wconf 87' lang='grc' dir='ltr'>καταλλάγητε</span> <span class='ocrx_word' id='word_1_117' title='bbox 796 1769 963 1840; x_wconf 84' lang='grc' dir='ltr'>αὐτῷ.</span> <span class='ocrx_word' id='word_1_118' title='bbox 1003 1771 1195 1842; x_wconf 79' lang='grc' dir='ltr'>Ὑμεῖς</span> <span class='ocrx_word' id='word_1_119' title='bbox 1250 1772 1357 1842; x_wconf 79' lang='grc' dir='ltr'>γὰρ</span> <span class='ocrx_word' id='word_1_120' title='bbox 1413 1773 1563 1844; x_wconf 79' lang='grc' dir='ltr'>αὐτῷ</span> <span class='ocrx_word' id='word_1_121' title='bbox 1589 1776 1684 1843; x_wconf 80' lang='grc' dir='ltr'><strong>ἐχ-</strong></span> 
     </span>
    </p>
   </div>
   <div class='ocr_carea' id='block_1_19' title="bbox 135 1831 1757 1936">
    <p class='ocr_par' dir='ltr' id='par_1_19' title="bbox 135 1831 1757 1936">
     <span class='ocr_line' id='line_1_19' title="bbox 135 1831 1757 1936; baseline 0.001 -20"><span class='ocrx_word' id='word_1_122' title='bbox 135 1831 358 1935; x_wconf 59' lang='grc' dir='ltr'>θρᾷινέτε</span> <span class='ocrx_word' id='word_1_123' title='bbox 385 1879 399 1892; x_wconf 88' lang='grc'><strong>·</strong></span> <span class='ocrx_word' id='word_1_124' title='bbox 435 1831 678 1925; x_wconf 44' lang='grc' dir='ltr'>ἐκεῖνος,</span> <span class='ocrx_word' id='word_1_125' title='bbox 710 1861 767 1915; x_wconf 78' lang='grc' dir='ltr'>δὲ</span> <span class='ocrx_word' id='word_1_126' title='bbox 793 1831 1054 1915; x_wconf 70' lang='grc' dir='ltr'>οὐδέποτε</span> <span class='ocrx_word' id='word_1_127' title='bbox 1073 1831 1217 1933; x_wconf 49' lang='grc' dir='ltr'>’ὑμῖν</span> <span class='ocrx_word' id='word_1_128' title='bbox 1239 1831 1415 1928; x_wconf 64' lang='grc' dir='ltr'><strong>ι’Θὲδς</strong></span> <span class='ocrx_word' id='word_1_129' title='bbox 1441 1831 1551 1936; x_wconf 69' lang='grc' dir='ltr'><strong>γάῥ</strong></span> <span class='ocrx_word' id='word_1_130' title='bbox 1587 1831 1682 1918; x_wconf 65' lang='grc' dir='ltr'>κῖιι</span> <span class='ocrx_word' id='word_1_131' title='bbox 1714 1831 1757 1887; x_wconf 72' lang='grc' dir='ltr'><strong>Β</strong></span> 
     </span>
    </p>
   </div>
   <div class='ocr_carea' id='block_1_20' title="bbox 135 1951 1683 2024">
    <p class='ocr_par' dir='ltr' id='par_1_20' title="bbox 135 1951 1683 2024">
     <span class='ocr_line' id='line_1_20' title="bbox 135 1951 1683 2024; baseline -0.001 -16"><span class='ocrx_word' id='word_1_132' title='bbox 135 1955 321 2024; x_wconf 82' lang='grc' dir='ltr'>Πατήρ.</span> <span class='ocrx_word' id='word_1_133' title='bbox 367 1953 592 2006; x_wconf 77' lang='grc' dir='ltr'>Ὠσανεὶ</span> <span class='ocrx_word' id='word_1_134' title='bbox 642 1953 698 2006; x_wconf 77' lang='grc' dir='ltr'>δὲ</span> <span class='ocrx_word' id='word_1_135' title='bbox 760 1952 1092 2017; x_wconf 79' lang='grc' dir='ltr'>πταίσαντος</span> <span class='ocrx_word' id='word_1_136' title='bbox 1140 1951 1324 2016; x_wconf 84' lang='grc' dir='ltr'>αὐτοῖς</span> <span class='ocrx_word' id='word_1_137' title='bbox 1375 1953 1463 2007; x_wconf 91' lang='grc' dir='ltr'><strong>τοῦ</strong></span> <span class='ocrx_word' id='word_1_138' title='bbox 1516 1953 1683 2019; x_wconf 85' lang='grc' dir='ltr'>Θεοῦ,</span> 
     </span>
    </p>
   </div>
   <div class='ocr_carea' id='block_1_21' title="bbox 134 2043 1688 2117">
    <p class='ocr_par' dir='ltr' id='par_1_21' title="bbox 134 2043 1688 2117">
     <span class='ocr_line' id='line_1_21' title="bbox 134 2043 1688 2117; baseline -0.001 -18"><span class='ocrx_word' id='word_1_139' title='bbox 134 2047 254 2100; x_wconf 68' lang='grc' dir='ltr'>οὕτω</span> <span class='ocrx_word' id='word_1_140' title='bbox 286 2048 518 2099; x_wconf 82' lang='grc' dir='ltr'>ποιεῖται</span> <span class='ocrx_word' id='word_1_141' title='bbox 560 2046 658 2115; x_wconf 82' lang='grc' dir='ltr'>τὴν</span> <span class='ocrx_word' id='word_1_142' title='bbox 690 2043 1012 2116; x_wconf 83' lang='grc' dir='ltr'>πρεσϐείαν,</span> <span class='ocrx_word' id='word_1_143' title='bbox 1058 2044 1146 2098; x_wconf 82' lang='grc' dir='ltr'><strong>ἵνα</strong></span> <span class='ocrx_word' id='word_1_144' title='bbox 1188 2047 1581 2117; x_wconf 78' lang='grc' dir='ltr'>συγχωρήσωσι</span> <span class='ocrx_word' id='word_1_145' title='bbox 1609 2045 1688 2116; x_wconf 81' lang='grc' dir='ltr'>τῷ</span> 
     </span>
    </p>
   </div>
   <div class='ocr_carea' id='block_1_22' title="bbox 139 2137 1690 2210">
    <p class='ocr_par' dir='ltr' id='par_1_22' title="bbox 139 2137 1690 2210">
     <span class='ocr_line' id='line_1_22' title="bbox 139 2137 1690 2210; baseline 0 -18"><span class='ocrx_word' id='word_1_146' title='bbox 139 2139 260 2210; x_wconf 78' lang='grc' dir='ltr'>Θεῷ.</span> <span class='ocrx_word' id='word_1_147' title='bbox 311 2141 375 2195; x_wconf 75' lang='grc' dir='ltr'>Ὠ</span> <span class='ocrx_word' id='word_1_148' title='bbox 426 2137 662 2203; x_wconf 84' lang='grc' dir='ltr'>πλοῦτος</span> <span class='ocrx_word' id='word_1_149' title='bbox 723 2137 1130 2209; x_wconf 81' lang='grc' dir='ltr'>εὐσπλαγχνίας</span> <span class='ocrx_word' id='word_1_150' title='bbox 1187 2138 1281 2194; x_wconf 81' lang='grc' dir='ltr'><strong>καὶ</strong></span> <span class='ocrx_word' id='word_1_151' title='bbox 1342 2137 1690 2207; x_wconf 83' lang='grc' dir='ltr'>συγκαταϐά-</span> 
     </span>
    </p>
   </div>
   <div class='ocr_carea' id='block_1_23' title="bbox 138 2233 288 2296">
    <p class='ocr_par' dir='ltr' id='par_1_23' title="bbox 138 2233 288 2296">
     <span class='ocr_line' id='line_1_23' title="bbox 138 2233 288 2296; baseline 0.013 -10"><span class='ocrx_word' id='word_1_152' title='bbox 138 2251 253 2296; x_wconf 80' lang='grc' dir='ltr'>σεως</span> <span class='ocrx_word' id='word_1_153' title='bbox 276 2233 288 2288; x_wconf 81' lang='lat' dir='ltr'><strong>l</strong></span> 
     </span>
    </p>
   </div>
   <div class='ocr_carea' id='block_1_24' title="bbox 199 2321 1692 2396">
    <p class='ocr_par' dir='ltr' id='par_1_24' title="bbox 199 2321 1692 2396">
     <span class='ocr_line' id='line_1_24' title="bbox 199 2321 1692 2396; baseline 0 -22"><span class='ocrx_word' id='word_1_154' title='bbox 199 2340 216 2374; x_wconf 88' lang='grc' dir='ltr'><strong>ι</strong></span> <span class='ocrx_word' id='word_1_155' title='bbox 249 2321 344 2376; x_wconf 75' lang='grc' dir='ltr'>Τὸν</span> <span class='ocrx_word' id='word_1_156' title='bbox 368 2321 477 2393; x_wconf 82' lang='grc' dir='ltr'><strong>γὰρ</strong></span> <span class='ocrx_word' id='word_1_157' title='bbox 503 2321 584 2395; x_wconf 78' lang='grc' dir='ltr'>μὴ</span> <span class='ocrx_word' id='word_1_158' title='bbox 604 2322 799 2392; x_wconf 83' lang='grc' dir='ltr'>γνόντα</span> <span class='ocrx_word' id='word_1_159' title='bbox 823 2324 1121 2396; x_wconf 83' lang='grc' dir='ltr'>ἁμαρτίαν,</span> <span class='ocrx_word' id='word_1_160' title='bbox 1157 2324 1296 2393; x_wconf 79' lang='grc' dir='ltr'>ὑπὲρ</span> <span class='ocrx_word' id='word_1_161' title='bbox 1319 2322 1479 2393; x_wconf 78' lang='grc' dir='ltr'>ἡμῶν</span> <span class='ocrx_word' id='word_1_162' title='bbox 1508 2322 1692 2392; x_wconf 85' lang='grc' dir='ltr'>ἀμαρ-</span> 
     </span>
    </p>
   </div>
   <div class='ocr_carea' id='block_1_25' title="bbox 137 2414 1688 2489">
    <p class='ocr_par' dir='ltr' id='par_1_25' title="bbox 137 2414 1688 2489">
     <span class='ocr_line' id='line_1_25' title="bbox 137 2414 1688 2489; baseline 0 -23"><span class='ocrx_word' id='word_1_163' title='bbox 137 2414 241 2468; x_wconf 81' lang='grc' dir='ltr'>τίαν</span> <span class='ocrx_word' id='word_1_164' title='bbox 270 2416 553 2486; x_wconf 82' lang='grc' dir='ltr'>ἐποίησεν,</span> <span class='ocrx_word' id='word_1_165' title='bbox 587 2417 676 2470; x_wconf 80' lang='grc' dir='ltr'><strong>ἵνα</strong></span> <span class='ocrx_word' id='word_1_166' title='bbox 698 2419 862 2487; x_wconf 82' lang='grc' dir='ltr'>ἡμεῖς</span> <span class='ocrx_word' id='word_1_167' title='bbox 897 2417 1186 2489; x_wconf 84' lang='grc' dir='ltr'>γενώμεθα</span> <span class='ocrx_word' id='word_1_168' title='bbox 1211 2415 1528 2485; x_wconf 82' lang='grc' dir='ltr'>δικαιοσύνη</span> <span class='ocrx_word' id='word_1_169' title='bbox 1553 2414 1688 2468; x_wconf 82' lang='grc' dir='ltr'>Θεοῦ</span> 
     </span>
    </p>
   </div>
   <div class='ocr_carea' id='block_1_26' title="bbox 138 2505 1690 2578">
    <p class='ocr_par' dir='ltr' id='par_1_26' title="bbox 138 2505 1690 2578">
     <span class='ocr_line' id='line_1_26' title="bbox 138 2505 1690 2578; baseline 0 -19"><span class='ocrx_word' id='word_1_170' title='bbox 138 2507 188 2560; x_wconf 82' lang='grc' dir='ltr'>ὲν</span> <span class='ocrx_word' id='word_1_171' title='bbox 214 2505 374 2577; x_wconf 79' lang='grc' dir='ltr'>αὐτῷ.</span> <span class='ocrx_word' id='word_1_172' title='bbox 412 2527 431 2559; x_wconf 77' lang='grc' dir='ltr'><strong>ι</strong></span> <span class='ocrx_word' id='word_1_173' title='bbox 469 2507 593 2561; x_wconf 86' lang='grc' dir='ltr'>Ἷνα</span> <span class='ocrx_word' id='word_1_174' title='bbox 645 2508 720 2578; x_wconf 83' lang='grc' dir='ltr'>μὴ</span> <span class='ocrx_word' id='word_1_175' title='bbox 779 2507 943 2576; x_wconf 81' lang='grc' dir='ltr'>λέγω,</span> <span class='ocrx_word' id='word_1_176' title='bbox 985 2509 1140 2577; x_wconf 77' lang='grc' dir='ltr'>φησὶ,</span> <span class='ocrx_word' id='word_1_177' title='bbox 1170 2507 1338 2562; x_wconf 84' lang='grc' dir='ltr'>τᾶλλα</span> <span class='ocrx_word' id='word_1_178' title='bbox 1380 2508 1578 2572; x_wconf 87' lang='grc' dir='ltr'>πάντα,</span> <span class='ocrx_word' id='word_1_179' title='bbox 1609 2507 1690 2560; x_wconf 82' lang='grc' dir='ltr'>ὅτι</span> 
     </span>
    </p>
   </div>
   <div class='ocr_carea' id='block_1_27' title="bbox 139 2597 1692 2669">
    <p class='ocr_par' dir='ltr' id='par_1_27' title="bbox 139 2597 1692 2669">
     <span class='ocr_line' id='line_1_27' title="bbox 139 2597 1692 2669; baseline 0.001 -19"><span class='ocrx_word' id='word_1_180' title='bbox 139 2597 404 2667; x_wconf 77' lang='grc' dir='ltr'>εὐεργέτην</span> <span class='ocrx_word' id='word_1_181' title='bbox 435 2597 778 2668; x_wconf 73' lang='grc' dir='ltr'>ἠτιμάσατε,</span> <span class='ocrx_word' id='word_1_182' title='bbox 823 2599 905 2651; x_wconf 84' lang='grc' dir='ltr'><strong>ὅτι</strong></span> <span class='ocrx_word' id='word_1_183' title='bbox 945 2598 1100 2661; x_wconf 84' lang='grc' dir='ltr'>δίκας</span> <span class='ocrx_word' id='word_1_184' title='bbox 1127 2599 1230 2652; x_wconf 82' lang='grc' dir='ltr'><strong>οὐκ</strong></span> <span class='ocrx_word' id='word_1_185' title='bbox 1277 2597 1582 2669; x_wconf 76' lang='grc' dir='ltr'>ἀπῄτησεν,</span> <span class='ocrx_word' id='word_1_186' title='bbox 1609 2599 1692 2651; x_wconf 85' lang='grc' dir='ltr'>ὃτι</span> 
     </span>
    </p>
   </div>
   <div class='ocr_carea' id='block_1_28' title="bbox 143 2690 1694 2762">
    <p class='ocr_par' dir='ltr' id='par_1_28' title="bbox 143 2690 1694 2762">
     <span class='ocr_line' id='line_1_28' title="bbox 143 2690 1694 2762; baseline 0.001 -19"><span class='ocrx_word' id='word_1_187' title='bbox 143 2690 316 2759; x_wconf 79' lang='grc' dir='ltr'>μᾶλλον</span> <span class='ocrx_word' id='word_1_188' title='bbox 365 2691 537 2754; x_wconf 77' lang='grc' dir='ltr'>αὐτὸς</span> <span class='ocrx_word' id='word_1_189' title='bbox 594 2692 810 2762; x_wconf 84' lang='grc' dir='ltr'>πρῶτος</span> <span class='ocrx_word' id='word_1_190' title='bbox 830 2690 1240 2760; x_wconf 81' lang='grc' dir='ltr'>καταλλαγῆναι</span> <span class='ocrx_word' id='word_1_191' title='bbox 1274 2691 1470 2754; x_wconf 83' lang='grc' dir='ltr'>εἵλετο,</span> <span class='ocrx_word' id='word_1_192' title='bbox 1509 2691 1603 2744; x_wconf 71' lang='grc' dir='ltr'><strong>καὶ</strong></span> <span class='ocrx_word' id='word_1_193' title='bbox 1627 2691 1694 2744; x_wconf 85' lang='grc' dir='ltr'>δι’</span> 
     </span>
    </p>
   </div>
   <div class='ocr_carea' id='block_1_29' title="bbox 1770 578 3346 651">
    <p class='ocr_par' dir='ltr' id='par_1_29' title="bbox 1770 578 3346 651">
     <span class='ocr_line' id='line_1_29' title="bbox 1770 578 3346 651; baseline 0.003 -18"><span class='ocrx_word' id='word_1_194' title='bbox 1770 578 1918 634; x_wconf 84' lang='lat' dir='ltr'><strong>Nihil</strong></span> <span class='ocrx_word' id='word_1_195' title='bbox 1950 581 2116 650; x_wconf 77' lang='lat' dir='ltr'><strong>igitur</strong></span> <span class='ocrx_word' id='word_1_196' title='bbox 2151 583 2437 638; x_wconf 82' lang='lat' dir='ltr'><strong>molesmm</strong></span> <span class='ocrx_word' id='word_1_197' title='bbox 2483 591 2574 637; x_wconf 87' lang='lat' dir='ltr'><strong>ant</strong></span> <span class='ocrx_word' id='word_1_198' title='bbox 2606 597 2896 637; x_wconf 89' lang='lat' dir='ltr'><strong>onerosum</strong></span> <span class='ocrx_word' id='word_1_199' title='bbox 2961 581 3114 636; x_wconf 80' lang='lat' dir='ltr'><strong>vobis</strong></span> <span class='ocrx_word' id='word_1_200' title='bbox 3170 582 3346 651; x_wconf 86' lang='lat' dir='ltr'><strong>impo-</strong></span> 
     </span>
    </p>
   </div>
   <div class='ocr_carea' id='block_1_30' title="bbox 1772 673 3346 742">
    <p class='ocr_par' dir='ltr' id='par_1_30' title="bbox 1772 673 3346 742">
     <span class='ocr_line' id='line_1_30' title="bbox 1772 673 3346 742; baseline 0.003 -16"><span class='ocrx_word' id='word_1_201' title='bbox 1772 687 1904 728; x_wconf 86' lang='lat' dir='ltr'><strong>nere</strong></span> <span class='ocrx_word' id='word_1_202' title='bbox 1933 674 2278 742; x_wconf 64' lang='lat' dir='ltr'><strong>praecipimur</strong></span> <span class='ocrx_word' id='word_1_203' title='bbox 2300 689 2330 729; x_wconf 90' lang='lat' dir='ltr'><strong>a</strong></span> <span class='ocrx_word' id='word_1_204' title='bbox 2369 677 2498 741; x_wconf 90' lang='lat' dir='ltr'><strong>Deo,</strong></span> <span class='ocrx_word' id='word_1_205' title='bbox 2525 675 2616 730; x_wconf 90' lang='lat' dir='ltr'><strong>sed</strong></span> <span class='ocrx_word' id='word_1_206' title='bbox 2654 683 2713 728; x_wconf 90' lang='lat' dir='ltr'><strong>ut</strong></span> <span class='ocrx_word' id='word_1_207' title='bbox 2745 687 2839 729; x_wconf 89' lang='lat' dir='ltr'><strong>vos</strong></span> <span class='ocrx_word' id='word_1_208' title='bbox 2869 673 2970 742; x_wconf 89' lang='lat' dir='ltr'><strong>ipsi</strong></span> <span class='ocrx_word' id='word_1_209' title='bbox 3022 675 3346 731; x_wconf 84' lang='lat' dir='ltr'><strong>reconcilie-</strong></span> 
     </span>
    </p>
   </div>
   <div class='ocr_carea' id='block_1_31' title="bbox 1773 765 3348 836">
    <p class='ocr_par' dir='ltr' id='par_1_31' title="bbox 1773 765 3348 836">
     <span class='ocr_line' id='line_1_31' title="bbox 1773 765 3348 836; baseline 0.002 -18"><span class='ocrx_word' id='word_1_210' title='bbox 1773 779 1913 818; x_wconf 91' lang='lat' dir='ltr'><strong>mus.</strong></span> <span class='ocrx_word' id='word_1_211' title='bbox 1943 765 2078 830; x_wconf 85' lang='lat' dir='ltr'><strong>Quia</strong></span> <span class='ocrx_word' id='word_1_212' title='bbox 2116 767 2261 820; x_wconf 87' lang='lat' dir='ltr'><strong>enim</strong></span> <span class='ocrx_word' id='word_1_213' title='bbox 2295 766 2447 830; x_wconf 89' lang='lat' dir='ltr'><strong>mihi,</strong></span> <span class='ocrx_word' id='word_1_214' title='bbox 2473 767 2667 836; x_wconf 86' lang='lat' dir='ltr'><strong>inquit,</strong></span> <span class='ocrx_word' id='word_1_215' title='bbox 2694 781 2800 820; x_wconf 92' lang='lat' dir='ltr'><strong>non</strong></span> <span class='ocrx_word' id='word_1_216' title='bbox 2820 766 3196 830; x_wconf 87' lang='lat' dir='ltr'><strong>crediderunt,</strong></span> <span class='ocrx_word' id='word_1_217' title='bbox 3223 781 3348 835; x_wconf 90' lang='lat' dir='ltr'><strong>per-</strong></span> 
     </span>
    </p>
   </div>
   <div class='ocr_carea' id='block_1_32' title="bbox 1774 857 3351 927">
    <p class='ocr_par' dir='ltr' id='par_1_32' title="bbox 1774 857 3351 927">
     <span class='ocr_line' id='line_1_32' title="bbox 1774 857 3351 927; baseline 0.001 -17"><span class='ocrx_word' id='word_1_218' title='bbox 1774 869 2024 911; x_wconf 86' lang='lat' dir='ltr'><strong>severate</strong></span> <span class='ocrx_word' id='word_1_219' title='bbox 2051 872 2146 913; x_wconf 86' lang='lat' dir='ltr'><strong>vos</strong></span> <span class='ocrx_word' id='word_1_220' title='bbox 2211 857 2593 923; x_wconf 88' lang='lat' dir='ltr'><strong>adhortantes,</strong></span> <span class='ocrx_word' id='word_1_221' title='bbox 2623 857 2889 927; x_wconf 89' lang='lat' dir='ltr'><strong>tantisper</strong></span> <span class='ocrx_word' id='word_1_222' title='bbox 2946 857 3070 912; x_wconf 91' lang='lat' dir='ltr'><strong>dum</strong></span> <span class='ocrx_word' id='word_1_223' title='bbox 3127 871 3351 926; x_wconf 87' lang='lat' dir='ltr'><strong>persua-</strong></span> 
     </span>
    </p>
   </div>
   <div class='ocr_carea' id='block_1_33' title="bbox 1775 950 1978 1004">
    <p class='ocr_par' dir='ltr' id='par_1_33' title="bbox 1775 950 1978 1004">
     <span class='ocr_line' id='line_1_33' title="bbox 1775 950 1978 1004; baseline 0.01 -2"><span class='ocrx_word' id='word_1_224' title='bbox 1775 950 1978 1004; x_wconf 86' lang='lat' dir='ltr'><strong>seritis.</strong></span> 
     </span>
    </p>
   </div>
   <div class='ocr_carea' id='block_1_34' title="bbox 1853 1040 3354 1112">
    <p class='ocr_par' dir='ltr' id='par_1_34' title="bbox 1853 1040 3354 1112">
     <span class='ocr_line' id='line_1_34' title="bbox 1853 1040 3354 1112; baseline -0.001 -16"><span class='ocrx_word' id='word_1_225' title='bbox 1853 1042 2012 1096; x_wconf 71' lang='lat' dir='ltr'><strong>Vens.</strong></span> <span class='ocrx_word' id='word_1_226' title='bbox 2048 1041 2138 1097; x_wconf 72' lang='lat'><strong>20.</strong></span> <span class='ocrx_word' id='word_1_227' title='bbox 2171 1060 2189 1094; x_wconf 88' lang='grc' dir='ltr'><strong>ι</strong></span> <span class='ocrx_word' id='word_1_228' title='bbox 2227 1041 2335 1097; x_wconf 86' lang='lat' dir='ltr'><strong>Pro</strong></span> <span class='ocrx_word' id='word_1_229' title='bbox 2365 1042 2585 1097; x_wconf 87' lang='lat' dir='ltr'><strong>Christo</strong></span> <span class='ocrx_word' id='word_1_230' title='bbox 2631 1043 2796 1109; x_wconf 87' lang='lat' dir='ltr'><strong>igitur</strong></span> <span class='ocrx_word' id='word_1_231' title='bbox 2851 1043 3122 1112; x_wconf 80' lang='lat' dir='ltr'><strong>legatione</strong></span> <span class='ocrx_word' id='word_1_232' title='bbox 3172 1040 3354 1109; x_wconf 78' lang='lat' dir='ltr'><strong>fungi-</strong></span> 
     </span>
    </p>
   </div>
   <div class='ocr_carea' id='block_1_35' title="bbox 1779 1129 3354 1202">
    <p class='ocr_par' dir='ltr' id='par_1_35' title="bbox 1779 1129 3354 1202">
     <span class='ocr_line' id='line_1_35' title="bbox 1779 1129 3354 1202; baseline -0.004 -14"><span class='ocrx_word' id='word_1_233' title='bbox 1779 1149 1924 1196; x_wconf 88' lang='lat' dir='ltr'><strong>mur,</strong></span> <span class='ocrx_word' id='word_1_234' title='bbox 1950 1142 2205 1201; x_wconf 88' lang='lat' dir='ltr'><strong>tauquam</strong></span> <span class='ocrx_word' id='word_1_235' title='bbox 2239 1133 2349 1187; x_wconf 88' lang='lat' dir='ltr'><strong>Deo</strong></span> <span class='ocrx_word' id='word_1_236' title='bbox 2371 1134 2700 1186; x_wconf 75' lang='lat' dir='ltr'><strong>exhortante</strong></span> <span class='ocrx_word' id='word_1_237' title='bbox 2736 1147 2832 1202; x_wconf 92' lang='lat' dir='ltr'><strong>per</strong></span> <span class='ocrx_word' id='word_1_238' title='bbox 2848 1146 2966 1186; x_wconf 85' lang='lat' dir='ltr'><strong>nos.</strong></span> <span class='ocrx_word' id='word_1_239' title='bbox 2987 1129 3354 1184; x_wconf 82' lang='lat' dir='ltr'><strong>Obsecrnmus</strong></span> 
     </span>
    </p>
   </div>
   <div class='ocr_carea' id='block_1_36' title="bbox 1781 1219 3356 1297">
    <p class='ocr_par' dir='ltr' id='par_1_36' title="bbox 1781 1219 3356 1297">
     <span class='ocr_line' id='line_1_36' title="bbox 1781 1219 3356 1297; baseline -0.004 -17"><span class='ocrx_word' id='word_1_240' title='bbox 1781 1242 1880 1297; x_wconf 90' lang='lat' dir='ltr'><strong>pro</strong></span> <span class='ocrx_word' id='word_1_241' title='bbox 1911 1225 2149 1291; x_wconf 83' lang='lat' dir='ltr'><strong>Christo,</strong></span> <span class='ocrx_word' id='word_1_242' title='bbox 2188 1225 2611 1279; x_wconf 85' lang='lat' dir='ltr'><strong>reconciliamini</strong></span> <span class='ocrx_word' id='word_1_243' title='bbox 2667 1224 2795 1279; x_wconf 89' lang='lat' dir='ltr'><strong>Deo.</strong></span> <span class='ocrx_word' id='word_1_244' title='bbox 2839 1242 2856 1274; x_wconf 77' lang='grc' dir='ltr'><strong>ι</strong></span> <span class='ocrx_word' id='word_1_245' title='bbox 2886 1254 2955 1263; x_wconf 93' lang='lat'><strong>—</strong></span> <span class='ocrx_word' id='word_1_246' title='bbox 2989 1243 3005 1274; x_wconf 84' lang='grc' dir='ltr'><strong>ι</strong></span> <span class='ocrx_word' id='word_1_247' title='bbox 3051 1222 3154 1275; x_wconf 82' lang='lat' dir='ltr'><strong>Pro</strong></span> <span class='ocrx_word' id='word_1_248' title='bbox 3200 1219 3356 1275; x_wconf 82' lang='lat' dir='ltr'><strong>Chri-</strong></span> 
     </span>
    </p>
   </div>
   <div class='ocr_carea' id='block_1_37' title="bbox 1782 1309 3355 1381">
    <p class='ocr_par' dir='ltr' id='par_1_37' title="bbox 1782 1309 3355 1381">
     <span class='ocr_line' id='line_1_37' title="bbox 1782 1309 3355 1381; baseline -0.006 -9"><span class='ocrx_word' id='word_1_249' title='bbox 1782 1327 1884 1381; x_wconf 88' lang='lat' dir='ltr'><strong>sto,</strong></span> <span class='ocrx_word' id='word_1_250' title='bbox 1909 1336 1928 1369; x_wconf 76' lang='grc'><strong>)</strong></span> <span class='ocrx_word' id='word_1_251' title='bbox 1967 1318 2018 1372; x_wconf 94' lang='lat' dir='ltr'><strong>id</strong></span> <span class='ocrx_word' id='word_1_252' title='bbox 2049 1326 2151 1380; x_wconf 88' lang='lat' dir='ltr'><strong>est,</strong></span> <span class='ocrx_word' id='word_1_253' title='bbox 2191 1316 2390 1370; x_wconf 84' lang='lat' dir='ltr'><strong>Christi</strong></span> <span class='ocrx_word' id='word_1_254' title='bbox 2425 1315 2543 1370; x_wconf 89' lang='lat' dir='ltr'><strong>loco</strong></span> <span class='ocrx_word' id='word_1_255' title='bbox 2592 1314 3002 1369; x_wconf 86' lang='lat' dir='ltr'><strong>intercedimus.</strong></span> <span class='ocrx_word' id='word_1_256' title='bbox 3027 1311 3177 1378; x_wconf 82' lang='lat' dir='ltr'><strong>Quod</strong></span> <span class='ocrx_word' id='word_1_257' title='bbox 3211 1309 3355 1363; x_wconf 87' lang='lat' dir='ltr'><strong>enim</strong></span> 
     </span>
    </p>
   </div>
   <div class='ocr_carea' id='block_1_38' title="bbox 1784 1407 3358 1474">
    <p class='ocr_par' dir='ltr' id='par_1_38' title="bbox 1784 1407 3358 1474">
     <span class='ocr_line' id='line_1_38' title="bbox 1784 1407 3358 1474; baseline -0.005 -12"><span class='ocrx_word' id='word_1_258' title='bbox 1784 1408 1874 1463; x_wconf 91' lang='lat' dir='ltr'><strong>ille</strong></span> <span class='ocrx_word' id='word_1_259' title='bbox 1906 1407 2147 1462; x_wconf 83' lang='lat' dir='ltr'><strong>facturus</strong></span> <span class='ocrx_word' id='word_1_260' title='bbox 2198 1415 2337 1468; x_wconf 84' lang='lat' dir='ltr'><strong>erat,</strong></span> <span class='ocrx_word' id='word_1_261' title='bbox 2377 1421 2473 1460; x_wconf 89' lang='lat' dir='ltr'><strong>nos</strong></span> <span class='ocrx_word' id='word_1_262' title='bbox 2502 1407 2843 1474; x_wconf 81' lang='lat' dir='ltr'><strong>suscepimus</strong></span> <span class='ocrx_word' id='word_1_263' title='bbox 2874 1417 3018 1459; x_wconf 87' lang='lat' dir='ltr'><strong>nunc</strong></span> <span class='ocrx_word' id='word_1_264' title='bbox 3047 1421 3060 1458; x_wconf 89' lang='lat'>:</span> <span class='ocrx_word' id='word_1_265' title='bbox 3092 1412 3144 1457; x_wconf 88' lang='lat' dir='ltr'><strong>et</strong></span> <span class='ocrx_word' id='word_1_266' title='bbox 3169 1417 3358 1472; x_wconf 92' lang='lat' dir='ltr'><strong>quem-</strong></span> 
     </span>
    </p>
   </div>
   <div class='ocr_carea' id='block_1_39' title="bbox 1785 1493 3361 1568">
    <p class='ocr_par' dir='ltr' id='par_1_39' title="bbox 1785 1493 3361 1568">
     <span class='ocr_line' id='line_1_39' title="bbox 1785 1493 3361 1568; baseline -0.004 -15"><span class='ocrx_word' id='word_1_267' title='bbox 1785 1499 2072 1553; x_wconf 78' lang='lat' dir='ltr'><strong>admodum</strong></span> <span class='ocrx_word' id='word_1_268' title='bbox 2102 1513 2201 1568; x_wconf 84' lang='lat' dir='ltr'><strong>per</strong></span> <span class='ocrx_word' id='word_1_269' title='bbox 2239 1498 2392 1551; x_wconf 89' lang='lat' dir='ltr'><strong>illum</strong></span> <span class='ocrx_word' id='word_1_270' title='bbox 2419 1497 2814 1552; x_wconf 85' lang='lat' dir='ltr'><strong>adhortabatur</strong></span> <span class='ocrx_word' id='word_1_271' title='bbox 2840 1510 2938 1549; x_wconf 88' lang='lat' dir='ltr'><strong>nos</strong></span> <span class='ocrx_word' id='word_1_272' title='bbox 2963 1493 3144 1557; x_wconf 89' lang='lat' dir='ltr'><strong>Pater,</strong></span> <span class='ocrx_word' id='word_1_273' title='bbox 3172 1495 3251 1546; x_wconf 87' lang='lat' dir='ltr'><strong>sic</strong></span> <span class='ocrx_word' id='word_1_274' title='bbox 3305 1499 3361 1546; x_wconf 85' lang='lat' dir='ltr'><strong>et</strong></span> 
     </span>
    </p>
   </div>
   <div class='ocr_carea' id='block_1_40' title="bbox 1786 1584 3359 1659">
    <p class='ocr_par' dir='ltr' id='par_1_40' title="bbox 1786 1584 3359 1659">
     <span class='ocr_line' id='line_1_40' title="bbox 1786 1584 3359 1659; baseline -0.003 -16"><span class='ocrx_word' id='word_1_275' title='bbox 1786 1605 1930 1644; x_wconf 92' lang='lat' dir='ltr'><strong>nunc</strong></span> <span class='ocrx_word' id='word_1_276' title='bbox 1982 1605 2078 1659; x_wconf 89' lang='lat' dir='ltr'><strong>per</strong></span> <span class='ocrx_word' id='word_1_277' title='bbox 2132 1604 2232 1644; x_wconf 91' lang='lat' dir='ltr'><strong>nos</strong></span> <span class='ocrx_word' id='word_1_278' title='bbox 2280 1589 2622 1654; x_wconf 84' lang='lat' dir='ltr'><strong>adhortatur,</strong></span> <span class='ocrx_word' id='word_1_279' title='bbox 2659 1596 2718 1643; x_wconf 87' lang='lat' dir='ltr'><strong>ut</strong></span> <span class='ocrx_word' id='word_1_280' title='bbox 2773 1589 2874 1656; x_wconf 92' lang='lat' dir='ltr'><strong>ipsi</strong></span> <span class='ocrx_word' id='word_1_281' title='bbox 2910 1584 3359 1658; x_wconf 75' lang='lat' dir='ltr'><strong>reconcilieniini.</strong></span> 
     </span>
    </p>
   </div>
   <div class='ocr_carea' id='block_1_41' title="bbox 1787 1675 3359 1748">
    <p class='ocr_par' dir='ltr' id='par_1_41' title="bbox 1787 1675 3359 1748">
     <span class='ocr_line' id='line_1_41' title="bbox 1787 1675 3359 1748; baseline -0.004 -12"><span class='ocrx_word' id='word_1_282' title='bbox 1787 1681 1904 1736; x_wconf 87' lang='lat' dir='ltr'><strong>Non</strong></span> <span class='ocrx_word' id='word_1_283' title='bbox 1932 1681 2067 1735; x_wconf 77' lang='lat' dir='ltr'><strong>dixit</strong></span> <span class='ocrx_word' id='word_1_284' title='bbox 2091 1690 2295 1746; x_wconf 88' lang='lat' dir='ltr'><strong>autem,</strong></span> <span class='ocrx_word' id='word_1_285' title='bbox 2319 1679 2685 1736; x_wconf 81' lang='lat' dir='ltr'><strong>Reconciliate</strong></span> <span class='ocrx_word' id='word_1_286' title='bbox 2704 1681 2858 1735; x_wconf 84' lang='lat' dir='ltr'><strong>vobis</strong></span> <span class='ocrx_word' id='word_1_287' title='bbox 2879 1679 3010 1748; x_wconf 80' lang='lat' dir='ltr'><strong>ipsis</strong></span> <span class='ocrx_word' id='word_1_288' title='bbox 3025 1677 3218 1742; x_wconf 89' lang='lat' dir='ltr'><strong>Deum,</strong></span> <span class='ocrx_word' id='word_1_289' title='bbox 3243 1675 3359 1742; x_wconf 88' lang='lat' dir='ltr'><strong>sed,</strong></span> 
     </span>
    </p>
   </div>
   <div class='ocr_carea' id='block_1_42' title="bbox 1795 1767 3363 1842">
    <p class='ocr_par' dir='ltr' id='par_1_42' title="bbox 1795 1767 3363 1842">
     <span class='ocr_line' id='line_1_42' title="bbox 1795 1767 3363 1842; baseline -0.004 -15"><span class='ocrx_word' id='word_1_290' title='bbox 1795 1771 1903 1828; x_wconf 76' lang='lat' dir='ltr'><strong>Vos</strong></span> <span class='ocrx_word' id='word_1_291' title='bbox 1927 1772 2028 1842; x_wconf 89' lang='lat' dir='ltr'><strong>ipsi</strong></span> <span class='ocrx_word' id='word_1_292' title='bbox 2057 1773 2502 1828; x_wconf 88' lang='lat' dir='ltr'><strong>reconciliemini.</strong></span> <span class='ocrx_word' id='word_1_293' title='bbox 2544 1772 2647 1828; x_wconf 83' lang='lat' dir='ltr'><strong>Vos</strong></span> <span class='ocrx_word' id='word_1_294' title='bbox 2673 1773 2817 1826; x_wconf 89' lang='lat' dir='ltr'><strong>enim</strong></span> <span class='ocrx_word' id='word_1_295' title='bbox 2850 1772 3037 1826; x_wconf 89' lang='lat' dir='ltr'><strong>hostes</strong></span> <span class='ocrx_word' id='word_1_296' title='bbox 3061 1769 3176 1838; x_wconf 83' lang='lat' dir='ltr'><strong>ejus</strong></span> <span class='ocrx_word' id='word_1_297' title='bbox 3207 1767 3363 1832; x_wconf 85' lang='lat' dir='ltr'><strong>estis,</strong></span> 
     </span>
    </p>
   </div>
   <div class='ocr_carea' id='block_1_43' title="bbox 1787 1861 3365 1935">
    <p class='ocr_par' dir='ltr' id='par_1_43' title="bbox 1787 1861 3365 1935">
     <span class='ocr_line' id='line_1_43' title="bbox 1787 1861 3365 1935; baseline -0.005 -14"><span class='ocrx_word' id='word_1_298' title='bbox 1787 1865 1902 1935; x_wconf 90' lang='lat' dir='ltr'><strong>ipse</strong></span> <span class='ocrx_word' id='word_1_299' title='bbox 1928 1879 2056 1920; x_wconf 89' lang='lat' dir='ltr'><strong>vero</strong></span> <span class='ocrx_word' id='word_1_300' title='bbox 2081 1880 2360 1934; x_wconf 89' lang='lat' dir='ltr'><strong>nunquam</strong></span> <span class='ocrx_word' id='word_1_301' title='bbox 2393 1873 2613 1920; x_wconf 80' lang='lat' dir='ltr'><strong>vester:</strong></span> <span class='ocrx_word' id='word_1_302' title='bbox 2647 1864 2918 1934; x_wconf 83' lang='lat' dir='ltr'><strong>siquidem</strong></span> <span class='ocrx_word' id='word_1_303' title='bbox 2957 1863 3095 1917; x_wconf 90' lang='lat' dir='ltr'><strong>Deus</strong></span> <span class='ocrx_word' id='word_1_304' title='bbox 3124 1872 3174 1915; x_wconf 88' lang='lat' dir='ltr'><strong>et</strong></span> <span class='ocrx_word' id='word_1_305' title='bbox 3202 1861 3365 1915; x_wconf 89' lang='lat' dir='ltr'><strong>Pater</strong></span> 
     </span>
    </p>
   </div>
   <div class='ocr_carea' id='block_1_44' title="bbox 1788 1950 3363 2025">
    <p class='ocr_par' dir='ltr' id='par_1_44' title="bbox 1788 1950 3363 2025">
     <span class='ocr_line' id='line_1_44' title="bbox 1788 1950 3363 2025; baseline -0.006 -11"><span class='ocrx_word' id='word_1_306' title='bbox 1788 1966 1891 2014; x_wconf 84' lang='lat' dir='ltr'><strong>est.</strong></span> <span class='ocrx_word' id='word_1_307' title='bbox 1924 1957 2088 2025; x_wconf 85' lang='lat' dir='ltr'><strong>Quasi</strong></span> <span class='ocrx_word' id='word_1_308' title='bbox 2122 1971 2252 2012; x_wconf 91' lang='lat' dir='ltr'><strong>vero</strong></span> <span class='ocrx_word' id='word_1_309' title='bbox 2279 1955 2422 2011; x_wconf 85' lang='lat' dir='ltr'><strong>Deus</strong></span> <span class='ocrx_word' id='word_1_310' title='bbox 2457 1957 2744 2010; x_wconf 89' lang='lat' dir='ltr'><strong>adversum</strong></span> <span class='ocrx_word' id='word_1_311' title='bbox 2798 1969 2893 2009; x_wconf 88' lang='lat' dir='ltr'><strong>eos</strong></span> <span class='ocrx_word' id='word_1_312' title='bbox 2934 1951 3247 2020; x_wconf 83' lang='lat' dir='ltr'><strong>deliquerit.</strong></span> <span class='ocrx_word' id='word_1_313' title='bbox 3280 1950 3363 2006; x_wconf 90' lang='lat' dir='ltr'><strong>sic</strong></span> 
     </span>
    </p>
   </div>
   <div class='ocr_carea' id='block_1_45' title="bbox 1787 2043 3361 2122">
    <p class='ocr_par' dir='ltr' id='par_1_45' title="bbox 1787 2043 3361 2122">
     <span class='ocr_line' id='line_1_45' title="bbox 1787 2043 3361 2122; baseline -0.004 -18"><span class='ocrx_word' id='word_1_314' title='bbox 1787 2066 1884 2122; x_wconf 89' lang='lat' dir='ltr'><strong>per</strong></span> <span class='ocrx_word' id='word_1_315' title='bbox 1938 2050 2146 2120; x_wconf 75' lang='lat' dir='ltr'><strong>legatos</strong></span> <span class='ocrx_word' id='word_1_316' title='bbox 2182 2049 2486 2113; x_wconf 86' lang='lat' dir='ltr'><strong>intercedit,</strong></span> <span class='ocrx_word' id='word_1_317' title='bbox 2521 2056 2581 2102; x_wconf 89' lang='lat' dir='ltr'><strong>ut</strong></span> <span class='ocrx_word' id='word_1_318' title='bbox 2627 2050 2937 2102; x_wconf 90' lang='lat' dir='ltr'><strong>condonent</strong></span> <span class='ocrx_word' id='word_1_319' title='bbox 2990 2046 3120 2103; x_wconf 89' lang='lat' dir='ltr'><strong>Deo.</strong></span> <span class='ocrx_word' id='word_1_320' title='bbox 3173 2043 3361 2097; x_wconf 82' lang='lat' dir='ltr'><strong>Miram</strong></span> 
     </span>
    </p>
   </div>
   <div class='ocr_carea' id='block_1_46' title="bbox 1789 2137 3368 2210">
    <p class='ocr_par' dir='ltr' id='par_1_46' title="bbox 1789 2137 3368 2210">
     <span class='ocr_line' id='line_1_46' title="bbox 1789 2137 3368 2210; baseline -0.003 -16"><span class='ocrx_word' id='word_1_321' title='bbox 1789 2142 2008 2210; x_wconf 84' lang='lat' dir='ltr'><strong>pietatis</strong></span> <span class='ocrx_word' id='word_1_322' title='bbox 2031 2151 2085 2197; x_wconf 91' lang='lat' dir='ltr'><strong>et</strong></span> <span class='ocrx_word' id='word_1_323' title='bbox 2109 2141 2460 2210; x_wconf 63' lang='lat' dir='ltr'><strong>indulgentia</strong></span> <span class='ocrx_word' id='word_1_324' title='bbox 2487 2140 2601 2195; x_wconf 81' lang='lat' dir='ltr'><strong>sive</strong></span> <span class='ocrx_word' id='word_1_325' title='bbox 2641 2139 3039 2195; x_wconf 81' lang='lat' dir='ltr'><strong>ltumiliationis</strong></span> <span class='ocrx_word' id='word_1_326' title='bbox 3094 2137 3368 2208; x_wconf 83' lang='lat' dir='ltr'><strong>magnitu-</strong></span> 
     </span>
    </p>
   </div>
   <div class='ocr_carea' id='block_1_47' title="bbox 1791 2236 2010 2290">
    <p class='ocr_par' dir='ltr' id='par_1_47' title="bbox 1791 2236 2010 2290">
     <span class='ocr_line' id='line_1_47' title="bbox 1791 2236 2010 2290; baseline -0.005 -1"><span class='ocrx_word' id='word_1_327' title='bbox 1791 2236 1970 2290; x_wconf 86' lang='lat' dir='ltr'><strong>dinem</strong></span> <span class='ocrx_word' id='word_1_328' title='bbox 1997 2236 2010 2289; x_wconf 90' lang='lat'><strong>!</strong></span> 
     </span>
    </p>
   </div>
   <div class='ocr_carea' id='block_1_48' title="bbox 1867 2322 3478 2396">
    <p class='ocr_par' dir='ltr' id='par_1_48' title="bbox 1867 2322 3478 2396">
     <span class='ocr_line' id='line_1_48' title="bbox 1867 2322 3478 2396; baseline -0.006 -15"><span class='ocrx_word' id='word_1_329' title='bbox 1867 2325 2025 2381; x_wconf 74' lang='lat' dir='ltr'><strong>Vens.</strong></span> <span class='ocrx_word' id='word_1_330' title='bbox 2054 2325 2146 2382; x_wconf 78' lang='grc'><strong>21.</strong></span> <span class='ocrx_word' id='word_1_331' title='bbox 2171 2345 2191 2378; x_wconf 78' lang='grc' dir='ltr'><strong>ι</strong></span> <span class='ocrx_word' id='word_1_332' title='bbox 2222 2325 2517 2380; x_wconf 88' lang='lat' dir='ltr'><strong>Eumenim</strong></span> <span class='ocrx_word' id='word_1_333' title='bbox 2550 2325 2641 2396; x_wconf 91' lang='lat' dir='ltr'><strong>qui</strong></span> <span class='ocrx_word' id='word_1_334' title='bbox 2671 2322 2953 2394; x_wconf 82' lang='lat' dir='ltr'><strong>peccatum</strong></span> <span class='ocrx_word' id='word_1_335' title='bbox 2981 2338 3086 2377; x_wconf 91' lang='lat' dir='ltr'><strong>non</strong></span> <span class='ocrx_word' id='word_1_336' title='bbox 3115 2330 3361 2386; x_wconf 81' lang='lat' dir='ltr'><strong>noverat,</strong></span> <span class='ocrx_word' id='word_1_337' title='bbox 3472 2377 3478 2384; x_wconf 93' lang='lat'><em>_</em></span> 
     </span>
    </p>
   </div>
   <div class='ocr_carea' id='block_1_49' title="bbox 1793 2413 3368 2488">
    <p class='ocr_par' dir='ltr' id='par_1_49' title="bbox 1793 2413 3368 2488">
     <span class='ocr_line' id='line_1_49' title="bbox 1793 2413 3368 2488; baseline -0.005 -15"><span class='ocrx_word' id='word_1_338' title='bbox 1793 2433 1891 2488; x_wconf 89' lang='lat' dir='ltr'><strong>pro</strong></span> <span class='ocrx_word' id='word_1_339' title='bbox 1924 2420 2080 2472; x_wconf 82' lang='lat' dir='ltr'><strong>nobis</strong></span> <span class='ocrx_word' id='word_1_340' title='bbox 2107 2427 2393 2487; x_wconf 87' lang='lat' dir='ltr'><strong>peccatum</strong></span> <span class='ocrx_word' id='word_1_341' title='bbox 2431 2417 2578 2480; x_wconf 81' lang='lat' dir='ltr'><strong>fecit,</strong></span> <span class='ocrx_word' id='word_1_342' title='bbox 2615 2427 2674 2471; x_wconf 86' lang='lat' dir='ltr'><strong>ut</strong></span> <span class='ocrx_word' id='word_1_343' title='bbox 2714 2433 2812 2471; x_wconf 91' lang='lat' dir='ltr'><strong>nos</strong></span> <span class='ocrx_word' id='word_1_344' title='bbox 2844 2416 3182 2470; x_wconf 70' lang='lat' dir='ltr'><strong>eniteremur</strong></span> <span class='ocrx_word' id='word_1_345' title='bbox 3205 2413 3368 2482; x_wconf 80' lang='lat' dir='ltr'><strong>justi—</strong></span> 
     </span>
    </p>
   </div>
   <div class='ocr_carea' id='block_1_50' title="bbox 1797 2508 3370 2580">
    <p class='ocr_par' dir='ltr' id='par_1_50' title="bbox 1797 2508 3370 2580">
     <span class='ocr_line' id='line_1_50' title="bbox 1797 2508 3370 2580; baseline -0.004 -14"><span class='ocrx_word' id='word_1_346' title='bbox 1797 2514 1868 2566; x_wconf 87' lang='lat' dir='ltr'><strong>tia</strong></span> <span class='ocrx_word' id='word_1_347' title='bbox 1905 2511 1998 2567; x_wconf 88' lang='lat' dir='ltr'><strong>Dei</strong></span> <span class='ocrx_word' id='word_1_348' title='bbox 2020 2513 2072 2566; x_wconf 92' lang='lat' dir='ltr'><strong>in</strong></span> <span class='ocrx_word' id='word_1_349' title='bbox 2099 2512 2237 2580; x_wconf 89' lang='lat' dir='ltr'><strong>ipso.</strong></span> <span class='ocrx_word' id='word_1_350' title='bbox 2272 2530 2292 2564; x_wconf 76' lang='grc' dir='ltr'><strong>ι</strong></span> <span class='ocrx_word' id='word_1_351' title='bbox 2330 2509 2410 2564; x_wconf 85' lang='lat' dir='ltr'><strong>Ne</strong></span> <span class='ocrx_word' id='word_1_352' title='bbox 2440 2511 2567 2576; x_wconf 86' lang='lat' dir='ltr'><strong>alia,</strong></span> <span class='ocrx_word' id='word_1_353' title='bbox 2594 2509 2792 2579; x_wconf 85' lang='lat' dir='ltr'><strong>inquit,</strong></span> <span class='ocrx_word' id='word_1_354' title='bbox 2821 2508 3002 2564; x_wconf 86' lang='lat' dir='ltr'><strong>omnia</strong></span> <span class='ocrx_word' id='word_1_355' title='bbox 3035 2519 3370 2561; x_wconf 89' lang='lat' dir='ltr'><strong>commemo-</strong></span> 
     </span>
    </p>
   </div>
   <div class='ocr_carea' id='block_1_51' title="bbox 1795 2596 3371 2672">
    <p class='ocr_par' dir='ltr' id='par_1_51' title="bbox 1795 2596 3371 2672">
     <span class='ocr_line' id='line_1_51' title="bbox 1795 2596 3371 2672; baseline -0.005 -12"><span class='ocrx_word' id='word_1_356' title='bbox 1795 2621 1934 2670; x_wconf 88' lang='lat' dir='ltr'><strong>rem,</strong></span> <span class='ocrx_word' id='word_1_357' title='bbox 1975 2607 2119 2672; x_wconf 90' lang='lat' dir='ltr'><strong>quod</strong></span> <span class='ocrx_word' id='word_1_358' title='bbox 2170 2603 2577 2658; x_wconf 78' lang='lat' dir='ltr'><strong>benefactorem</strong></span> <span class='ocrx_word' id='word_1_359' title='bbox 2623 2611 2866 2657; x_wconf 88' lang='lat' dir='ltr'><strong>vestrum</strong></span> <span class='ocrx_word' id='word_1_360' title='bbox 2898 2600 3197 2670; x_wconf 77' lang='lat' dir='ltr'><strong>ignominia</strong></span> <span class='ocrx_word' id='word_1_361' title='bbox 3239 2596 3371 2652; x_wconf 67' lang='lat' dir='ltr'><strong>affe-</strong></span> 
     </span>
    </p>
   </div>
   <div class='ocr_carea' id='block_1_52' title="bbox 1795 2689 3372 2766">
    <p class='ocr_par' dir='ltr' id='par_1_52' title="bbox 1795 2689 3372 2766">
     <span class='ocr_line' id='line_1_52' title="bbox 1795 2689 3372 2766; baseline -0.006 -15"><span class='ocrx_word' id='word_1_362' title='bbox 1795 2695 1971 2760; x_wconf 87' lang='lat' dir='ltr'><strong>cistis,</strong></span> <span class='ocrx_word' id='word_1_363' title='bbox 2008 2694 2151 2766; x_wconf 90' lang='lat' dir='ltr'><strong>quod</strong></span> <span class='ocrx_word' id='word_1_364' title='bbox 2182 2695 2479 2748; x_wconf 80' lang='lat' dir='ltr'><strong>vindictam</strong></span> <span class='ocrx_word' id='word_1_365' title='bbox 2529 2694 2576 2749; x_wconf 91' lang='lat' dir='ltr'><strong>is</strong></span> <span class='ocrx_word' id='word_1_366' title='bbox 2611 2709 2720 2749; x_wconf 92' lang='lat' dir='ltr'><strong>non</strong></span> <span class='ocrx_word' id='word_1_367' title='bbox 2755 2692 3019 2763; x_wconf 80' lang='lat' dir='ltr'><strong>exegerit,</strong></span> <span class='ocrx_word' id='word_1_368' title='bbox 3053 2691 3196 2758; x_wconf 81' lang='lat' dir='ltr'><strong>quod</strong></span> <span class='ocrx_word' id='word_1_369' title='bbox 3256 2689 3372 2758; x_wconf 81' lang='lat' dir='ltr'><strong>ipse</strong></span> 
     </span>
    </p>
   </div>
   <div class='ocr_carea' id='block_1_53' title="bbox 122 2782 1696 2857">
    <p class='ocr_par' dir='ltr' id='par_1_53' title="bbox 122 2782 1695 2854">
     <span class='ocr_line' id='line_1_53' title="bbox 122 2782 1695 2854; baseline -0.001 -16"><span class='ocrx_word' id='word_1_370' title='bbox 122 2782 164 2838; x_wconf 75' lang='grc' dir='ltr'><strong>,ὃ</strong></span> <span class='ocrx_word' id='word_1_371' title='bbox 185 2782 390 2850; x_wconf 80' lang='grc' dir='ltr'>ἐποίησε</span> <span class='ocrx_word' id='word_1_372' title='bbox 437 2782 543 2837; x_wconf 81' lang='grc' dir='ltr'><strong>νῦν</strong></span> <span class='ocrx_word' id='word_1_373' title='bbox 608 2783 709 2837; x_wconf 81' lang='grc' dir='ltr'><strong>οὐκ</strong></span> <span class='ocrx_word' id='word_1_374' title='bbox 765 2783 914 2851; x_wconf 78' lang='grc' dir='ltr'>ἄξιόν</span> <span class='ocrx_word' id='word_1_375' title='bbox 967 2785 1084 2837; x_wconf 78' lang='grc' dir='ltr'>ἐστι</span> <span class='ocrx_word' id='word_1_376' title='bbox 1111 2783 1516 2853; x_wconf 75' lang='grc' dir='ltr'>καταλλαγῆναι</span> <span class='ocrx_word' id='word_1_377' title='bbox 1547 2782 1695 2854; x_wconf 87' lang='grc' dir='ltr'>αύτῷ</span> 
     </span>
    </p>
   </div>
   <div class='ocr_carea' id='block_1_54' title="bbox 1801 2782 3372 2857">
    <p class='ocr_par' dir='ltr' id='par_1_54' title="bbox 1801 2785 3372 2857">
     <span class='ocr_line' id='line_1_54' title="bbox 1801 2785 3372 2857; baseline -0.005 -16"><span class='ocrx_word' id='word_1_378' title='bbox 1801 2788 2006 2856; x_wconf 85' lang='lat' dir='ltr'><strong>primus</strong></span> <span class='ocrx_word' id='word_1_379' title='bbox 2039 2787 2220 2857; x_wconf 89' lang='lat' dir='ltr'><strong>potius</strong></span> <span class='ocrx_word' id='word_1_380' title='bbox 2255 2787 2596 2841; x_wconf 88' lang='lat' dir='ltr'><strong>reconciliari</strong></span> <span class='ocrx_word' id='word_1_381' title='bbox 2624 2785 2879 2850; x_wconf 90' lang='lat' dir='ltr'><strong>voluerit,</strong></span> <span class='ocrx_word' id='word_1_382' title='bbox 2911 2797 3088 2838; x_wconf 86' lang='lat' dir='ltr'><strong>nonne</strong></span> <span class='ocrx_word' id='word_1_383' title='bbox 3147 2787 3372 2850; x_wconf 86' lang='lat' dir='ltr'><strong>propter</strong></span> 
     </span>
    </p>
   </div>
   <div class='ocr_carea' id='block_1_55' title="bbox 143 2870 1696 2949">
    <p class='ocr_par' dir='ltr' id='par_1_55' title="bbox 143 2873 1696 2945">
     <span class='ocr_line' id='line_1_55' title="bbox 143 2873 1696 2945; baseline 0.001 -19"><span class='ocrx_word' id='word_1_384' title='bbox 143 2876 264 2944; x_wconf 78' lang='grc' dir='ltr'>ὑμᾶς</span> <span class='ocrx_word' id='word_1_385' title='bbox 287 2891 303 2940; x_wconf 87' lang='grc'><strong>;</strong></span> <span class='ocrx_word' id='word_1_386' title='bbox 323 2874 386 2928; x_wconf 85' lang='grc' dir='ltr'>Τί</span> <span class='ocrx_word' id='word_1_387' title='bbox 412 2875 620 2942; x_wconf 86' lang='grc' dir='ltr'>τοῦτο;</span> <span class='ocrx_word' id='word_1_388' title='bbox 658 2875 780 2928; x_wconf 78' lang='grc' dir='ltr'>Ὀτι</span> <span class='ocrx_word' id='word_1_389' title='bbox 807 2874 898 2928; x_wconf 70' lang='grc' dir='ltr'>τὸν</span> <span class='ocrx_word' id='word_1_390' title='bbox 931 2874 1060 2928; x_wconf 83' lang='grc' dir='ltr'>Υίὺν</span> <span class='ocrx_word' id='word_1_391' title='bbox 1091 2873 1255 2928; x_wconf 80' lang='grc' dir='ltr'>αὐτοῦ</span> <span class='ocrx_word' id='word_1_392' title='bbox 1284 2874 1374 2926; x_wconf 76' lang='grc' dir='ltr'><strong>τὸν</strong></span> <span class='ocrx_word' id='word_1_393' title='bbox 1399 2876 1472 2945; x_wconf 77' lang='grc' dir='ltr'>μὴ</span> <span class='ocrx_word' id='word_1_394' title='bbox 1503 2874 1696 2942; x_wconf 85' lang='grc' dir='ltr'>γνόντα</span> 
     </span>
    </p>
   </div>
   <div class='ocr_carea' id='block_1_56' title="bbox 1801 2870 3372 2949">
    <p class='ocr_par' dir='ltr' id='par_1_56' title="bbox 1801 2870 3372 2949">
     <span class='ocr_line' id='line_1_56' title="bbox 1801 2870 3372 2949; baseline -0.005 -16"><span class='ocrx_word' id='word_1_395' title='bbox 1801 2880 1851 2933; x_wconf 91' lang='lat' dir='ltr'><strong>id</strong></span> <span class='ocrx_word' id='word_1_396' title='bbox 1879 2880 2020 2949; x_wconf 92' lang='lat' dir='ltr'><strong>quod</strong></span> <span class='ocrx_word' id='word_1_397' title='bbox 2045 2895 2190 2934; x_wconf 91' lang='lat' dir='ltr'><strong>nunc</strong></span> <span class='ocrx_word' id='word_1_398' title='bbox 2217 2879 2366 2945; x_wconf 82' lang='lat' dir='ltr'><strong>fecit,</strong></span> <span class='ocrx_word' id='word_1_399' title='bbox 2396 2895 2492 2933; x_wconf 89' lang='lat' dir='ltr'><strong>vos</strong></span> <span class='ocrx_word' id='word_1_400' title='bbox 2514 2879 2614 2949; x_wconf 87' lang='lat' dir='ltr'><strong>ipsi</strong></span> <span class='ocrx_word' id='word_1_401' title='bbox 2649 2876 2986 2932; x_wconf 86' lang='lat' dir='ltr'><strong>reconciliari</strong></span> <span class='ocrx_word' id='word_1_402' title='bbox 3006 2875 3222 2944; x_wconf 84' lang='lat' dir='ltr'><strong>dignum</strong></span> <span class='ocrx_word' id='word_1_403' title='bbox 3250 2870 3372 2928; x_wconf 79' lang='lat' dir='ltr'><strong>est?</strong></span> 
     </span>
    </p>
   </div>
   <div class='ocr_carea' id='block_1_57' title="bbox 143 2965 1696 3038">
    <p class='ocr_par' dir='ltr' id='par_1_57' title="bbox 143 2965 1696 3038">
     <span class='ocr_line' id='line_1_57' title="bbox 143 2965 1696 3038; baseline 0.001 -21"><span class='ocrx_word' id='word_1_404' title='bbox 143 2965 413 3037; x_wconf 83' lang='grc' dir='ltr'>ἁμαρτίαν,</span> <span class='ocrx_word' id='word_1_405' title='bbox 433 2968 714 3032; x_wconf 82' lang='grc' dir='ltr'>τουτέστι,</span> <span class='ocrx_word' id='word_1_406' title='bbox 741 2968 832 3021; x_wconf 80' lang='grc' dir='ltr'><strong>τὸν</strong></span> <span class='ocrx_word' id='word_1_407' title='bbox 864 2968 1348 3038; x_wconf 79' lang='grc' dir='ltr'>αὐτοδικαιοσύνην</span> <span class='ocrx_word' id='word_1_408' title='bbox 1371 2967 1524 3032; x_wconf 75' lang='grc' dir='ltr'>ὄντα,</span> <span class='ocrx_word' id='word_1_409' title='bbox 1556 2967 1696 3038; x_wconf 79' lang='grc' dir='ltr'>ὑπὲρ</span> 
     </span>
    </p>
   </div>
   <div class='ocr_carea' id='block_1_58' title="bbox 1801 2965 3366 3038">
    <p class='ocr_par' dir='ltr' id='par_1_58' title="bbox 1801 2965 3366 3037">
     <span class='ocr_line' id='line_1_58' title="bbox 1801 2965 3366 3037; baseline -0.005 -13"><span class='ocrx_word' id='word_1_410' title='bbox 1801 2969 2064 3037; x_wconf 84' lang='lat' dir='ltr'><strong>Quidnam</strong></span> <span class='ocrx_word' id='word_1_411' title='bbox 2115 2969 2298 3024; x_wconf 89' lang='lat' dir='ltr'><strong>istud?</strong></span> <span class='ocrx_word' id='word_1_412' title='bbox 2331 2967 2486 3036; x_wconf 86' lang='lat' dir='ltr'><strong>Quod</strong></span> <span class='ocrx_word' id='word_1_413' title='bbox 2535 2968 2728 3023; x_wconf 86' lang='lat' dir='ltr'><strong>Filium</strong></span> <span class='ocrx_word' id='word_1_414' title='bbox 2764 2982 2919 3022; x_wconf 90' lang='lat' dir='ltr'><strong>suum</strong></span> <span class='ocrx_word' id='word_1_415' title='bbox 2965 2965 3054 3035; x_wconf 93' lang='lat' dir='ltr'><strong>qni</strong></span> <span class='ocrx_word' id='word_1_416' title='bbox 3085 2973 3366 3035; x_wconf 85' lang='lat' dir='ltr'><strong>peccatum</strong></span> 
     </span>
    </p>
   </div>
   <div class='ocr_carea' id='block_1_59' title="bbox 148 3058 1693 3132">
    <p class='ocr_par' dir='ltr' id='par_1_59' title="bbox 148 3058 1693 3132">
     <span class='ocr_line' id='line_1_59' title="bbox 148 3058 1693 3132; baseline 0.001 -21"><span class='ocrx_word' id='word_1_417' title='bbox 148 3058 284 3127; x_wconf 74' lang='grc' dir='ltr'>ἡμῶν</span> <span class='ocrx_word' id='word_1_418' title='bbox 317 3061 550 3131; x_wconf 76' lang='grc' dir='ltr'>ἐποίησε</span> <span class='ocrx_word' id='word_1_419' title='bbox 579 3061 761 3115; x_wconf 84' lang='grc' dir='ltr'>θανεῖν</span> <span class='ocrx_word' id='word_1_420' title='bbox 791 3062 867 3126; x_wconf 84' lang='grc' dir='ltr'>ὡς</span> <span class='ocrx_word' id='word_1_421' title='bbox 891 3061 1218 3132; x_wconf 77' lang='grc' dir='ltr'>ἁμαρτωλὸν</span> <span class='ocrx_word' id='word_1_422' title='bbox 1246 3060 1338 3114; x_wconf 76' lang='grc' dir='ltr'><strong>καὶ</strong></span> <span class='ocrx_word' id='word_1_423' title='bbox 1360 3059 1693 3129; x_wconf 83' lang='grc' dir='ltr'>κακοῦργον.</span> 
     </span>
    </p>
   </div>
   <div class='ocr_carea' id='block_1_60' title="bbox 1802 3057 3377 3129">
    <p class='ocr_par' dir='ltr' id='par_1_60' title="bbox 1802 3057 3377 3129">
     <span class='ocr_line' id='line_1_60' title="bbox 1802 3057 3377 3129; baseline -0.006 -13"><span class='ocrx_word' id='word_1_424' title='bbox 1802 3077 1908 3116; x_wconf 91' lang='lat' dir='ltr'><strong>non</strong></span> <span class='ocrx_word' id='word_1_425' title='bbox 1932 3070 2113 3125; x_wconf 90' lang='lat' dir='ltr'><strong>norat,</strong></span> <span class='ocrx_word' id='word_1_426' title='bbox 2147 3061 2249 3116; x_wconf 86' lang='lat' dir='ltr'><strong>hoc</strong></span> <span class='ocrx_word' id='word_1_427' title='bbox 2279 3070 2386 3122; x_wconf 87' lang='lat' dir='ltr'><strong>est,</strong></span> <span class='ocrx_word' id='word_1_428' title='bbox 2416 3060 2508 3128; x_wconf 83' lang='lat' dir='ltr'><strong>qui</strong></span> <span class='ocrx_word' id='word_1_429' title='bbox 2549 3061 2664 3129; x_wconf 87' lang='lat' dir='ltr'><strong>ipsa</strong></span> <span class='ocrx_word' id='word_1_430' title='bbox 2705 3057 2917 3128; x_wconf 88' lang='lat' dir='ltr'><strong>justitia</strong></span> <span class='ocrx_word' id='word_1_431' title='bbox 2953 3065 3092 3119; x_wconf 89' lang='lat' dir='ltr'><strong>erat,</strong></span> <span class='ocrx_word' id='word_1_432' title='bbox 3121 3070 3217 3110; x_wconf 91' lang='lat' dir='ltr'><strong>ceu</strong></span> <span class='ocrx_word' id='word_1_433' title='bbox 3249 3067 3377 3123; x_wconf 86' lang='lat' dir='ltr'><strong>pec-</strong></span> 
     </span>
    </p>
   </div>
   <div class='ocr_carea' id='block_1_61' title="bbox 146 3147 1696 3226">
    <p class='ocr_par' dir='ltr' id='par_1_61' title="bbox 146 3152 1696 3226">
     <span class='ocr_line' id='line_1_61' title="bbox 146 3152 1696 3226; baseline 0.003 -24"><span class='ocrx_word' id='word_1_434' title='bbox 146 3169 162 3200; x_wconf 88' lang='grc' dir='ltr'><strong>ι</strong></span> <span class='ocrx_word' id='word_1_435' title='bbox 201 3153 628 3225; x_wconf 80' lang='grc' dir='ltr'>Ἐπικατάρατος</span> <span class='ocrx_word' id='word_1_436' title='bbox 645 3154 753 3226; x_wconf 82' lang='grc' dir='ltr'>γὰρ</span> <span class='ocrx_word' id='word_1_437' title='bbox 769 3158 794 3209; x_wconf 90' lang='grc' dir='ltr'>ὁ</span> <span class='ocrx_word' id='word_1_438' title='bbox 821 3156 1166 3225; x_wconf 82' lang='grc' dir='ltr'>κρεμάμενος</span> <span class='ocrx_word' id='word_1_439' title='bbox 1189 3153 1282 3207; x_wconf 73' lang='grc' dir='ltr'><strong>ἐπὶ</strong></span> <span class='ocrx_word' id='word_1_440' title='bbox 1304 3153 1464 3220; x_wconf 80' lang='grc' dir='ltr'>ξύλου</span> <span class='ocrx_word' id='word_1_441' title='bbox 1485 3169 1498 3183; x_wconf 79' lang='grc' dir='ltr'><strong>ο</strong></span> <span class='ocrx_word' id='word_1_442' title='bbox 1527 3171 1547 3204; x_wconf 77' lang='grc' dir='ltr'><strong>ι</strong></span> <span class='ocrx_word' id='word_1_443' title='bbox 1583 3152 1696 3218; x_wconf 80' lang='grc' dir='ltr'>καὶ,</span> 
     </span>
    </p>
   </div>
   <div class='ocr_carea' id='block_1_62' title="bbox 1801 3147 3375 3226">
    <p class='ocr_par' dir='ltr' id='par_1_62' title="bbox 1803 3147 3375 3221">
     <span class='ocr_line' id='line_1_62' title="bbox 1803 3147 3375 3221; baseline -0.006 -12"><span class='ocrx_word' id='word_1_444' title='bbox 1803 3165 2043 3209; x_wconf 81' lang='lat' dir='ltr'><strong>calorem</strong></span> <span class='ocrx_word' id='word_1_445' title='bbox 2073 3169 2138 3209; x_wconf 91' lang='lat' dir='ltr'><strong>ac</strong></span> <span class='ocrx_word' id='word_1_446' title='bbox 2168 3154 2516 3216; x_wconf 78' lang='lat' dir='ltr'><strong>sceleratum,</strong></span> <span class='ocrx_word' id='word_1_447' title='bbox 2549 3167 2648 3221; x_wconf 89' lang='lat' dir='ltr'><strong>pro</strong></span> <span class='ocrx_word' id='word_1_448' title='bbox 2703 3150 2858 3204; x_wconf 88' lang='lat' dir='ltr'><strong>nobis</strong></span> <span class='ocrx_word' id='word_1_449' title='bbox 2917 3148 3078 3203; x_wconf 88' lang='lat' dir='ltr'><strong>morti</strong></span> <span class='ocrx_word' id='word_1_450' title='bbox 3132 3147 3375 3202; x_wconf 84' lang='lat' dir='ltr'><strong>tradidit.</strong></span> 
     </span>
    </p>
   </div>
   <div class='ocr_carea' id='block_1_63' title="bbox 151 3243 1700 3319">
    <p class='ocr_par' dir='ltr' id='par_1_63' title="bbox 151 3243 1700 3319">
     <span class='ocr_line' id='line_1_63' title="bbox 151 3243 1700 3319; baseline 0.001 -22"><span class='ocrx_word' id='word_1_451' title='bbox 151 3263 167 3297; x_wconf 81' lang='grc' dir='ltr'><strong>ι</strong></span> <span class='ocrx_word' id='word_1_452' title='bbox 190 3246 326 3299; x_wconf 80' lang='grc' dir='ltr'>Μετὰ</span> <span class='ocrx_word' id='word_1_453' title='bbox 350 3249 578 3318; x_wconf 84' lang='grc' dir='ltr'>ἀνόμων</span> <span class='ocrx_word' id='word_1_454' title='bbox 608 3248 881 3319; x_wconf 78' lang='grc' dir='ltr'>ἐλογίσθη.</span> <span class='ocrx_word' id='word_1_455' title='bbox 909 3267 927 3300; x_wconf 80' lang='grc' dir='ltr'><strong>ι</strong></span> <span class='ocrx_word' id='word_1_456' title='bbox 955 3249 1066 3302; x_wconf 76' lang='grc' dir='ltr'><strong>Καὶ</strong></span> <span class='ocrx_word' id='word_1_457' title='bbox 1095 3248 1194 3301; x_wconf 78' lang='grc' dir='ltr'><strong>οὐκ</strong></span> <span class='ocrx_word' id='word_1_458' title='bbox 1222 3243 1396 3314; x_wconf 73' lang='grc' dir='ltr'>εἷπεν,</span> <span class='ocrx_word' id='word_1_459' title='bbox 1421 3247 1500 3300; x_wconf 82' lang='grc' dir='ltr'>ὅτι</span> <span class='ocrx_word' id='word_1_460' title='bbox 1522 3246 1700 3316; x_wconf 81' lang='grc' dir='ltr'>ἁμαρ-</span> 
     </span>
    </p>
   </div>
   <div class='ocr_carea' id='block_1_64' title="bbox 143 3339 1701 3414">
    <p class='ocr_par' dir='ltr' id='par_1_64' title="bbox 143 3339 1701 3414">
     <span class='ocr_line' id='line_1_64' title="bbox 143 3339 1701 3414; baseline -0.003 -19"><span class='ocrx_word' id='word_1_461' title='bbox 143 3342 292 3396; x_wconf 78' lang='grc' dir='ltr'>τωλὸν</span> <span class='ocrx_word' id='word_1_462' title='bbox 315 3343 602 3414; x_wconf 80' lang='grc' dir='ltr'>ἐποίησεν,</span> <span class='ocrx_word' id='word_1_463' title='bbox 635 3342 790 3408; x_wconf 81' lang='grc' dir='ltr'>ἀλλὰ,</span> <span class='ocrx_word' id='word_1_464' title='bbox 822 3362 840 3395; x_wconf 86' lang='grc' dir='ltr'><strong>ι</strong></span> <span class='ocrx_word' id='word_1_465' title='bbox 878 3340 1183 3412; x_wconf 86' lang='grc' dir='ltr'>Ἀμαρτίαν</span> <span class='ocrx_word' id='word_1_466' title='bbox 1205 3358 1252 3391; x_wconf 76' lang='grc' dir='ltr'><strong>ο»</strong></span> <span class='ocrx_word' id='word_1_467' title='bbox 1281 3341 1416 3411; x_wconf 87' lang='grc' dir='ltr'>ὅπερ</span> <span class='ocrx_word' id='word_1_468' title='bbox 1447 3339 1566 3391; x_wconf 77' lang='grc' dir='ltr'>ἐστὶ</span> <span class='ocrx_word' id='word_1_469' title='bbox 1584 3339 1701 3408; x_wconf 85' lang='grc' dir='ltr'>μεῖ-</span> 
     </span>
    </p>
   </div>
   <div class='ocr_carea' id='block_1_65' title="bbox 144 3430 1702 3506">
    <p class='ocr_par' dir='ltr' id='par_1_65' title="bbox 144 3430 1702 3506">
     <span class='ocr_line' id='line_1_65' title="bbox 144 3430 1702 3506; baseline -0.004 -18"><span class='ocrx_word' id='word_1_470' title='bbox 144 3434 242 3500; x_wconf 78' lang='grc' dir='ltr'>ζον.</span> <span class='ocrx_word' id='word_1_471' title='bbox 271 3436 385 3490; x_wconf 81' lang='grc' dir='ltr'>Ἵνα</span> <span class='ocrx_word' id='word_1_472' title='bbox 413 3438 463 3490; x_wconf 84' lang='grc' dir='ltr'><strong>τί</strong></span> <span class='ocrx_word' id='word_1_473' title='bbox 488 3435 727 3506; x_wconf 83' lang='grc' dir='ltr'>γένηται</span> <span class='ocrx_word' id='word_1_474' title='bbox 756 3451 772 3498; x_wconf 86' lang='lat'><strong>;</strong></span> <span class='ocrx_word' id='word_1_475' title='bbox 807 3434 928 3488; x_wconf 83' lang='grc' dir='ltr'>Ἵνα</span> <span class='ocrx_word' id='word_1_476' title='bbox 960 3435 1121 3505; x_wconf 78' lang='grc' dir='ltr'>ἡμεῖς</span> <span class='ocrx_word' id='word_1_477' title='bbox 1147 3431 1528 3502; x_wconf 82' lang='grc' dir='ltr'>δικαιωθῶμεν</span> <span class='ocrx_word' id='word_1_478' title='bbox 1555 3447 1569 3462; x_wconf 79' lang='grc'><em>’</em></span> <span class='ocrx_word' id='word_1_479' title='bbox 1600 3430 1702 3483; x_wconf 84' lang='grc' dir='ltr'><strong>ούκ</strong></span> 
     </span>
    </p>
   </div>
   <div class='ocr_carea' id='block_1_66' title="bbox 142 3518 1699 3598">
    <p class='ocr_par' dir='ltr' id='par_1_66' title="bbox 142 3518 1699 3598">
     <span class='ocr_line' id='line_1_66' title="bbox 142 3518 1699 3598; baseline -0.002 -20"><span class='ocrx_word' id='word_1_480' title='bbox 142 3527 194 3592; x_wconf 78' lang='grc' dir='ltr'><strong>ἐξ</strong></span> <span class='ocrx_word' id='word_1_481' title='bbox 236 3529 406 3598; x_wconf 79' lang='grc' dir='ltr'>ἔργων</span> <span class='ocrx_word' id='word_1_482' title='bbox 455 3528 658 3596; x_wconf 67' lang='grc' dir='ltr'>νΰμου,</span> <span class='ocrx_word' id='word_1_483' title='bbox 724 3524 842 3578; x_wconf 84' lang='grc' dir='ltr'>ἀλλ’</span> <span class='ocrx_word' id='word_1_484' title='bbox 893 3525 958 3577; x_wconf 81' lang='grc' dir='ltr'>ἐκ</span> <span class='ocrx_word' id='word_1_485' title='bbox 1021 3526 1120 3595; x_wconf 80' lang='grc' dir='ltr'>τῆς</span> <span class='ocrx_word' id='word_1_486' title='bbox 1170 3523 1392 3593; x_wconf 84' lang='grc' dir='ltr'>χάριτος</span> <span class='ocrx_word' id='word_1_487' title='bbox 1420 3520 1512 3576; x_wconf 88' lang='grc' dir='ltr'><strong>τοῦ</strong></span> <span class='ocrx_word' id='word_1_488' title='bbox 1541 3518 1699 3575; x_wconf 88' lang='grc' dir='ltr'>Θεοῦ.</span> 
     </span>
    </p>
   </div>
   <div class='ocr_carea' id='block_1_67' title="bbox 145 3615 1703 3692">
    <p class='ocr_par' dir='ltr' id='par_1_67' title="bbox 145 3615 1703 3692">
     <span class='ocr_line' id='line_1_67' title="bbox 145 3615 1703 3692; baseline -0.004 -20"><span class='ocrx_word' id='word_1_489' title='bbox 145 3619 298 3673; x_wconf 88' lang='grc' dir='ltr'>Τοῦτο</span> <span class='ocrx_word' id='word_1_490' title='bbox 326 3622 434 3692; x_wconf 87' lang='grc' dir='ltr'><strong>γάρ</strong></span> <span class='ocrx_word' id='word_1_491' title='bbox 470 3623 630 3673; x_wconf 70' lang='grc' dir='ltr'>ἐστιν</span> <span class='ocrx_word' id='word_1_492' title='bbox 685 3619 718 3687; x_wconf 84' lang='grc' dir='ltr'>ἡ</span> <span class='ocrx_word' id='word_1_493' title='bbox 749 3617 843 3670; x_wconf 89' lang='grc' dir='ltr'><strong>τοῦ</strong></span> <span class='ocrx_word' id='word_1_494' title='bbox 889 3615 1027 3670; x_wconf 77' lang='grc' dir='ltr'>Θεοῦ</span> <span class='ocrx_word' id='word_1_495' title='bbox 1062 3615 1401 3685; x_wconf 87' lang='grc' dir='ltr'>δικαιοσύνη,</span> <span class='ocrx_word' id='word_1_496' title='bbox 1432 3616 1560 3668; x_wconf 83' lang='grc' dir='ltr'>ὅταν</span> <span class='ocrx_word' id='word_1_497' title='bbox 1619 3630 1703 3677; x_wconf 88' lang='grc' dir='ltr'><strong>τις</strong></span> 
     </span>
    </p>
   </div>
   <div class='ocr_carea' id='block_1_68' title="bbox 145 3703 1705 3777">
    <p class='ocr_par' dir='ltr' id='par_1_68' title="bbox 145 3703 1705 3777">
     <span class='ocr_line' id='line_1_68' title="bbox 145 3703 1705 3777; baseline -0.001 -17"><span class='ocrx_word' id='word_1_498' title='bbox 145 3707 312 3777; x_wconf 80' lang='grc' dir='ltr'>χάριτι</span> <span class='ocrx_word' id='word_1_499' title='bbox 344 3708 640 3777; x_wconf 84' lang='grc' dir='ltr'>δικαιωθῇ,</span> <span class='ocrx_word' id='word_1_500' title='bbox 671 3708 797 3760; x_wconf 81' lang='grc' dir='ltr'>ὅταν</span> <span class='ocrx_word' id='word_1_501' title='bbox 839 3705 1079 3776; x_wconf 83' lang='grc' dir='ltr'>μηδεμία</span> <span class='ocrx_word' id='word_1_502' title='bbox 1135 3705 1294 3776; x_wconf 73' lang='grc' dir='ltr'>κηλὶς</span> <span class='ocrx_word' id='word_1_503' title='bbox 1346 3705 1579 3777; x_wconf 78' lang='grc' dir='ltr'>εὑρεθῇο</span> <span class='ocrx_word' id='word_1_504' title='bbox 1616 3703 1705 3758; x_wconf 81' lang='grc' dir='ltr'><strong>διά</strong></span> 
     </span>
    </p>
   </div>
   <div class='ocr_carea' id='block_1_69' title="bbox 145 3793 1702 3873">
    <p class='ocr_par' dir='ltr' id='par_1_69' title="bbox 145 3793 1702 3873">
     <span class='ocr_line' id='line_1_69' title="bbox 145 3793 1702 3873; baseline -0.002 -21"><span class='ocrx_word' id='word_1_505' title='bbox 145 3800 286 3854; x_wconf 87' lang='grc' dir='ltr'>τοῦτο</span> <span class='ocrx_word' id='word_1_506' title='bbox 312 3802 416 3873; x_wconf 78' lang='grc' dir='ltr'>γὰρ</span> <span class='ocrx_word' id='word_1_507' title='bbox 445 3801 575 3854; x_wconf 71' lang='grc' dir='ltr'>οὐδὲ</span> <span class='ocrx_word' id='word_1_508' title='bbox 605 3794 779 3863; x_wconf 74' lang='grc' dir='ltr'>εἶπεν,</span> <span class='ocrx_word' id='word_1_509' title='bbox 813 3798 932 3854; x_wconf 86' lang='grc' dir='ltr'>Ἵνα</span> <span class='ocrx_word' id='word_1_510' title='bbox 962 3797 1254 3867; x_wconf 86' lang='grc' dir='ltr'>γενώμεθα</span> <span class='ocrx_word' id='word_1_511' title='bbox 1291 3795 1510 3861; x_wconf 84' lang='grc' dir='ltr'>δίκαιοι,</span> <span class='ocrx_word' id='word_1_512' title='bbox 1545 3793 1702 3861; x_wconf 80' lang='grc' dir='ltr'>ἀλλὰ,</span> 
     </span>
    </p>
   </div>
   <div class='ocr_carea' id='block_1_70' title="bbox 150 3887 1707 3962">
    <p class='ocr_par' dir='ltr' id='par_1_70' title="bbox 150 3887 1707 3962">
     <span class='ocr_line' id='line_1_70' title="bbox 150 3887 1707 3962; baseline -0.004 -17"><span class='ocrx_word' id='word_1_513' title='bbox 150 3910 168 3945; x_wconf 85' lang='grc' dir='ltr'><strong>ι</strong></span> <span class='ocrx_word' id='word_1_514' title='bbox 209 3893 536 3962; x_wconf 83' lang='grc' dir='ltr'>Δικαιοσύνη</span> <span class='ocrx_word' id='word_1_515' title='bbox 583 3889 755 3957; x_wconf 87' lang='grc' dir='ltr'>Θεοῦ,</span> <span class='ocrx_word' id='word_1_516' title='bbox 799 3890 900 3962; x_wconf 82' lang='grc' dir='ltr'><strong>τὴν</strong></span> <span class='ocrx_word' id='word_1_517' title='bbox 963 3887 1272 3961; x_wconf 80' lang='grc' dir='ltr'>ὑπερϐολὴν</span> <span class='ocrx_word' id='word_1_518' title='bbox 1319 3887 1421 3958; x_wconf 82' lang='grc' dir='ltr'><strong>τῆς</strong></span> <span class='ocrx_word' id='word_1_519' title='bbox 1482 3887 1707 3960; x_wconf 85' lang='grc' dir='ltr'>χάριτος</span> 
     </span>
    </p>
   </div>
   <div class='ocr_carea' id='block_1_71' title="bbox 147 3983 323 4055">
    <p class='ocr_par' dir='ltr' id='par_1_71' title="bbox 147 3983 323 4055">
     <span class='ocr_line' id='line_1_71' title="bbox 147 3983 323 4055; baseline 0.034 -19"><span class='ocrx_word' id='word_1_520' title='bbox 147 3983 323 4055; x_wconf 81' lang='grc' dir='ltr'>δηλῶν.</span> 
     </span>
    </p>
   </div>
   <div class='ocr_carea' id='block_1_72' title="bbox 747 4090 1145 4163">
    <p class='ocr_par' dir='ltr' id='par_1_72' title="bbox 747 4090 1145 4163">
     <span class='ocr_line' id='line_1_72' title="bbox 747 4090 1145 4163; baseline -0.003 -13"><span class='ocrx_word' id='word_1_521' title='bbox 747 4095 1002 4150; x_wconf 78' lang='grc' dir='ltr'>ΚΕΦΑΛ.</span> <span class='ocrx_word' id='word_1_522' title='bbox 1050 4090 1145 4163; x_wconf 75' lang='grc' dir='ltr'>ς’.</span> 
     </span>
    </p>
   </div>
   <div class='ocr_carea' id='block_1_73' title="bbox 216 4207 1710 4284">
    <p class='ocr_par' dir='ltr' id='par_1_73' title="bbox 216 4207 1710 4284">
     <span class='ocr_line' id='line_1_73' title="bbox 216 4207 1710 4284; baseline -0.002 -20"><span class='ocrx_word' id='word_1_523' title='bbox 216 4229 236 4264; x_wconf 79' lang='grc' dir='ltr'><strong>ι</strong></span> <span class='ocrx_word' id='word_1_524' title='bbox 269 4211 670 4284; x_wconf 79' lang='grc' dir='ltr'>Συνεργοῦντες</span> <span class='ocrx_word' id='word_1_525' title='bbox 702 4209 759 4264; x_wconf 79' lang='grc' dir='ltr'>δὲ</span> <span class='ocrx_word' id='word_1_526' title='bbox 793 4210 888 4264; x_wconf 77' lang='grc' dir='ltr'>καὶ</span> <span class='ocrx_word' id='word_1_527' title='bbox 922 4207 1374 4280; x_wconf 89' lang='grc' dir='ltr'>παρακαλοῦμεν,</span> <span class='ocrx_word' id='word_1_528' title='bbox 1399 4208 1475 4280; x_wconf 83' lang='grc' dir='ltr'>μὴ</span> <span class='ocrx_word' id='word_1_529' title='bbox 1508 4207 1589 4272; x_wconf 82' lang='grc' dir='ltr'><strong>είς</strong></span> <span class='ocrx_word' id='word_1_530' title='bbox 1614 4223 1710 4263; x_wconf 84' lang='grc' dir='ltr'>κε-</span> 
     </span>
    </p>
   </div>
   <div class='ocr_carea' id='block_1_74' title="bbox 150 4300 1710 4377">
    <p class='ocr_par' dir='ltr' id='par_1_74' title="bbox 150 4300 1710 4377">
     <span class='ocr_line' id='line_1_74' title="bbox 150 4300 1710 4377; baseline -0.005 -16"><span class='ocrx_word' id='word_1_531' title='bbox 150 4304 230 4361; x_wconf 73' lang='grc' dir='ltr'><strong>νὸν</strong></span> <span class='ocrx_word' id='word_1_532' title='bbox 259 4307 356 4377; x_wconf 73' lang='grc' dir='ltr'>τὴν</span> <span class='ocrx_word' id='word_1_533' title='bbox 389 4307 554 4376; x_wconf 87' lang='grc' dir='ltr'>χάριν</span> <span class='ocrx_word' id='word_1_534' title='bbox 615 4301 708 4356; x_wconf 87' lang='grc' dir='ltr'><strong>τοῦ</strong></span> <span class='ocrx_word' id='word_1_535' title='bbox 759 4300 895 4355; x_wconf 87' lang='grc' dir='ltr'>Θεοῦ</span> <span class='ocrx_word' id='word_1_536' title='bbox 939 4301 1197 4366; x_wconf 82' lang='grc' dir='ltr'>δέξασθαι</span> <span class='ocrx_word' id='word_1_537' title='bbox 1252 4301 1418 4372; x_wconf 78' lang='grc' dir='ltr'>ὑμᾶς.</span> <span class='ocrx_word' id='word_1_538' title='bbox 1459 4319 1478 4352; x_wconf 81' lang='grc' dir='ltr'><strong>ι</strong></span> <span class='ocrx_word' id='word_1_539' title='bbox 1505 4301 1710 4372; x_wconf 85' lang='grc' dir='ltr'>Συνερ-</span> 
     </span>
    </p>
   </div>
   <div class='ocr_carea' id='block_1_75' title="bbox 151 4391 1707 4469">
    <p class='ocr_par' dir='ltr' id='par_1_75' title="bbox 151 4391 1707 4469">
     <span class='ocr_line' id='line_1_75' title="bbox 151 4391 1707 4469; baseline -0.004 -17"><span class='ocrx_word' id='word_1_540' title='bbox 151 4399 343 4469; x_wconf 87' lang='grc' dir='ltr'>γοῦμεν</span> <span class='ocrx_word' id='word_1_541' title='bbox 365 4399 548 4468; x_wconf 77' lang='grc' dir='ltr'>ἡμεῖς,</span> <span class='ocrx_word' id='word_1_542' title='bbox 572 4396 728 4464; x_wconf 73' lang='grc' dir='ltr'>φησὶ,</span> <span class='ocrx_word' id='word_1_543' title='bbox 753 4395 849 4448; x_wconf 62' lang='grc' dir='ltr'><strong>καί⁵</strong></span> <span class='ocrx_word' id='word_1_544' title='bbox 877 4393 1007 4465; x_wconf 86' lang='grc' dir='ltr'>ὑμῖν</span> <span class='ocrx_word' id='word_1_545' title='bbox 1030 4393 1125 4447; x_wconf 71' lang='lat' dir='ltr'><strong>ml.</strong></span> <span class='ocrx_word' id='word_1_546' title='bbox 1147 4391 1224 4460; x_wconf 82' lang='grc' dir='ltr'>τῷ</span> <span class='ocrx_word' id='word_1_547' title='bbox 1241 4392 1362 4463; x_wconf 86' lang='grc' dir='ltr'>Θεῷ</span> <span class='ocrx_word' id='word_1_548' title='bbox 1380 4408 1395 4424; x_wconf 92' lang='grc'><strong>·</strong></span> <span class='ocrx_word' id='word_1_549' title='bbox 1430 4393 1562 4463; x_wconf 83' lang='grc' dir='ltr'>ὑμῖν</span> <span class='ocrx_word' id='word_1_550' title='bbox 1586 4392 1707 4463; x_wconf 84' lang='grc' dir='ltr'>μὲν,</span> 
     </span>
    </p>
   </div>
   <div class='ocr_carea' id='block_1_76' title="bbox 1807 3241 3374 3313">
    <p class='ocr_par' dir='ltr' id='par_1_76' title="bbox 1807 3241 3374 3313">
     <span class='ocr_line' id='line_1_76' title="bbox 1807 3241 3374 3313; baseline -0.004 -15"><span class='ocrx_word' id='word_1_551' title='bbox 1807 3265 1827 3298; x_wconf 84' lang='grc' dir='ltr'><strong>ι</strong></span> <span class='ocrx_word' id='word_1_552' title='bbox 1869 3247 2193 3300; x_wconf 87' lang='lat' dir='ltr'><strong>Maledictus</strong></span> <span class='ocrx_word' id='word_1_553' title='bbox 2242 3245 2387 3300; x_wconf 80' lang='lat' dir='ltr'><strong>enim</strong></span> <span class='ocrx_word' id='word_1_554' title='bbox 2439 3243 2530 3313; x_wconf 91' lang='lat' dir='ltr'><strong>qni</strong></span> <span class='ocrx_word' id='word_1_555' title='bbox 2593 3243 2794 3312; x_wconf 84' lang='lat' dir='ltr'><strong>pendet</strong></span> <span class='ocrx_word' id='word_1_556' title='bbox 2835 3257 2900 3296; x_wconf 82' lang='lat' dir='ltr'><strong>ex</strong></span> <span class='ocrx_word' id='word_1_557' title='bbox 2967 3241 3110 3308; x_wconf 84' lang='lat' dir='ltr'><strong>ligno</strong></span> <span class='ocrx_word' id='word_1_558' title='bbox 3139 3248 3188 3304; x_wconf 70' lang='grc' dir='ltr'>ν,</span> <span class='ocrx_word' id='word_1_559' title='bbox 3230 3257 3248 3290; x_wconf 79' lang='grc' dir='ltr'><strong>ι</strong></span> <span class='ocrx_word' id='word_1_560' title='bbox 3287 3247 3374 3303; x_wconf 89' lang='lat' dir='ltr'><strong>et,</strong></span> 
     </span>
    </p>
   </div>
   <div class='ocr_carea' id='block_1_77' title="bbox 1809 3330 3376 3408">
    <p class='ocr_par' dir='ltr' id='par_1_77' title="bbox 1809 3330 3376 3408">
     <span class='ocr_line' id='line_1_77' title="bbox 1809 3330 3376 3408; baseline -0.006 -15"><span class='ocrx_word' id='word_1_561' title='bbox 1809 3359 1827 3393; x_wconf 90' lang='grc' dir='ltr'><strong>ι</strong></span> <span class='ocrx_word' id='word_1_562' title='bbox 1856 3339 1990 3394; x_wconf 89' lang='lat' dir='ltr'><strong>Cum</strong></span> <span class='ocrx_word' id='word_1_563' title='bbox 2048 3338 2247 3408; x_wconf 87' lang='lat' dir='ltr'><strong>iniquis</strong></span> <span class='ocrx_word' id='word_1_564' title='bbox 2307 3344 2586 3406; x_wconf 86' lang='lat' dir='ltr'><strong>reputatus</strong></span> <span class='ocrx_word' id='word_1_565' title='bbox 2631 3345 2714 3390; x_wconf 89' lang='lat' dir='ltr'><strong>est</strong></span> <span class='ocrx_word' id='word_1_566' title='bbox 2746 3342 2796 3388; x_wconf 70' lang='grc' dir='ltr'>ι.</span> <span class='ocrx_word' id='word_1_567' title='bbox 2839 3352 2858 3386; x_wconf 72' lang='grc' dir='ltr'><strong>ι</strong></span> <span class='ocrx_word' id='word_1_568' title='bbox 2902 3330 3014 3388; x_wconf 77' lang='lat' dir='ltr'><strong>Nec</strong></span> <span class='ocrx_word' id='word_1_569' title='bbox 3044 3331 3202 3394; x_wconf 76' lang='lat' dir='ltr'><strong>dixit,</strong></span> <span class='ocrx_word' id='word_1_570' title='bbox 3231 3331 3376 3398; x_wconf 80' lang='lat' dir='ltr'><strong>quod</strong></span> 
     </span>
    </p>
   </div>
   <div class='ocr_carea' id='block_1_78' title="bbox 1803 3424 3378 3502">
    <p class='ocr_par' dir='ltr' id='par_1_78' title="bbox 1803 3424 3378 3502">
     <span class='ocr_line' id='line_1_78' title="bbox 1803 3424 3378 3502; baseline -0.008 -14"><span class='ocrx_word' id='word_1_571' title='bbox 1803 3439 2146 3502; x_wconf 76' lang='lat' dir='ltr'><strong>peccator-em</strong></span> <span class='ocrx_word' id='word_1_572' title='bbox 2202 3428 2416 3492; x_wconf 82' lang='lat' dir='ltr'><strong>fecerit,</strong></span> <span class='ocrx_word' id='word_1_573' title='bbox 2453 3429 2569 3493; x_wconf 88' lang='lat' dir='ltr'><strong>sed,</strong></span> <span class='ocrx_word' id='word_1_574' title='bbox 2607 3447 2627 3478; x_wconf 80' lang='grc' dir='ltr'><strong>ι</strong></span> <span class='ocrx_word' id='word_1_575' title='bbox 2672 3424 2988 3490; x_wconf 84' lang='lat' dir='ltr'><strong>Peccatum,</strong></span> <span class='ocrx_word' id='word_1_576' title='bbox 3024 3443 3044 3476; x_wconf 80' lang='grc' dir='ltr'><strong>ι</strong></span> <span class='ocrx_word' id='word_1_577' title='bbox 3081 3424 3222 3492; x_wconf 88' lang='lat' dir='ltr'><strong>quod</strong></span> <span class='ocrx_word' id='word_1_578' title='bbox 3255 3437 3378 3476; x_wconf 85' lang='lat' dir='ltr'><strong>ma-</strong></span> 
     </span>
    </p>
   </div>
   <div class='ocr_carea' id='block_1_79' title="bbox 1801 3508 3378 3591">
    <p class='ocr_par' dir='ltr' id='par_1_79' title="bbox 1801 3508 3378 3591">
     <span class='ocr_line' id='line_1_79' title="bbox 1801 3508 3378 3591; baseline -0.004 -18"><span class='ocrx_word' id='word_1_579' title='bbox 1801 3521 1890 3591; x_wconf 88' lang='lat' dir='ltr'><strong>jus</strong></span> <span class='ocrx_word' id='word_1_580' title='bbox 1923 3531 2024 3576; x_wconf 90' lang='lat' dir='ltr'><strong>est.</strong></span> <span class='ocrx_word' id='word_1_581' title='bbox 2058 3519 2328 3574; x_wconf 82' lang='lat' dir='ltr'><strong>Curistuc</strong></span> <span class='ocrx_word' id='word_1_582' title='bbox 2382 3517 2581 3571; x_wconf 80' lang='lat' dir='ltr'><strong>factum</strong></span> <span class='ocrx_word' id='word_1_583' title='bbox 2606 3516 2628 3570; x_wconf 70' lang='grc' dir='ltr'>’ί</span> <span class='ocrx_word' id='word_1_584' title='bbox 2649 3508 3240 3581; x_wconf 82' lang='lat' dir='ltr'><strong>Utnosjustiﬁcemur,</strong></span> <span class='ocrx_word' id='word_1_585' title='bbox 3270 3526 3378 3566; x_wconf 91' lang='lat' dir='ltr'><strong>non</strong></span> 
     </span>
    </p>
   </div>
   <div class='ocr_carea' id='block_1_80' title="bbox 1805 3605 3382 3683">
    <p class='ocr_par' dir='ltr' id='par_1_80' title="bbox 1805 3605 3382 3683">
     <span class='ocr_line' id='line_1_80' title="bbox 1805 3605 3382 3683; baseline -0.009 -13"><span class='ocrx_word' id='word_1_586' title='bbox 1805 3630 1872 3670; x_wconf 76' lang='lat' dir='ltr'><strong>ex</strong></span> <span class='ocrx_word' id='word_1_587' title='bbox 1903 3615 2160 3683; x_wconf 86' lang='lat' dir='ltr'><strong>operibus</strong></span> <span class='ocrx_word' id='word_1_588' title='bbox 2193 3612 2355 3683; x_wconf 81' lang='lat' dir='ltr'><strong>legis,</strong></span> <span class='ocrx_word' id='word_1_589' title='bbox 2384 3611 2480 3666; x_wconf 88' lang='lat' dir='ltr'><strong>sed</strong></span> <span class='ocrx_word' id='word_1_590' title='bbox 2510 3625 2574 3664; x_wconf 80' lang='lat' dir='ltr'><strong>ex</strong></span> <span class='ocrx_word' id='word_1_591' title='bbox 2607 3609 2783 3678; x_wconf 85' lang='lat' dir='ltr'><strong>gratia</strong></span> <span class='ocrx_word' id='word_1_592' title='bbox 2813 3607 2929 3660; x_wconf 87' lang='lat' dir='ltr'><strong>Dei.</strong></span> <span class='ocrx_word' id='word_1_593' title='bbox 2967 3605 3090 3660; x_wconf 77' lang='lat' dir='ltr'><strong>Haec</strong></span> <span class='ocrx_word' id='word_1_594' title='bbox 3120 3605 3264 3659; x_wconf 89' lang='lat' dir='ltr'><strong>enim</strong></span> <span class='ocrx_word' id='word_1_595' title='bbox 3297 3612 3382 3658; x_wconf 85' lang='lat' dir='ltr'><strong>est</strong></span> 
     </span>
    </p>
   </div>
   <div class='ocr_carea' id='block_1_81' title="bbox 1810 3696 3380 3776">
    <p class='ocr_par' dir='ltr' id='par_1_81' title="bbox 1810 3696 3380 3776">
     <span class='ocr_line' id='line_1_81' title="bbox 1810 3696 3380 3776; baseline -0.01 -13"><span class='ocrx_word' id='word_1_596' title='bbox 1810 3707 1900 3763; x_wconf 91' lang='lat' dir='ltr'><strong>Dei</strong></span> <span class='ocrx_word' id='word_1_597' title='bbox 1923 3706 2160 3776; x_wconf 71' lang='lat' dir='ltr'><strong>iustitia,</strong></span> <span class='ocrx_word' id='word_1_598' title='bbox 2190 3720 2311 3758; x_wconf 90' lang='lat' dir='ltr'><strong>cum</strong></span> <span class='ocrx_word' id='word_1_599' title='bbox 2341 3703 2466 3771; x_wconf 85' lang='lat' dir='ltr'><strong>quis</strong></span> <span class='ocrx_word' id='word_1_600' title='bbox 2499 3702 2673 3771; x_wconf 85' lang='lat' dir='ltr'><strong>gratia</strong></span> <span class='ocrx_word' id='word_1_601' title='bbox 2693 3698 3026 3767; x_wconf 84' lang='lat' dir='ltr'><strong>justiﬁcatns</strong></span> <span class='ocrx_word' id='word_1_602' title='bbox 3047 3696 3230 3760; x_wconf 84' lang='lat' dir='ltr'><strong>fuerit,</strong></span> <span class='ocrx_word' id='word_1_603' title='bbox 3255 3709 3380 3749; x_wconf 87' lang='lat' dir='ltr'><strong>cum</strong></span> 
     </span>
    </p>
   </div>
   <div class='ocr_carea' id='block_1_82' title="bbox 1807 3787 3379 3861">
    <p class='ocr_par' dir='ltr' id='par_1_82' title="bbox 1807 3787 3379 3861">
     <span class='ocr_line' id='line_1_82' title="bbox 1807 3787 3379 3861; baseline -0.008 -7"><span class='ocrx_word' id='word_1_604' title='bbox 1807 3799 1986 3854; x_wconf 88' lang='lat' dir='ltr'><strong>nullus</strong></span> <span class='ocrx_word' id='word_1_605' title='bbox 2041 3800 2096 3853; x_wconf 91' lang='lat' dir='ltr'><strong>in</strong></span> <span class='ocrx_word' id='word_1_606' title='bbox 2147 3812 2212 3852; x_wconf 92' lang='lat' dir='ltr'><strong>eo</strong></span> <span class='ocrx_word' id='word_1_607' title='bbox 2243 3811 2451 3861; x_wconf 69' lang='lat' dir='ltr'><strong>ntevus,</strong></span> <span class='ocrx_word' id='word_1_608' title='bbox 2509 3792 2725 3848; x_wconf 87' lang='lat' dir='ltr'><strong>nullave</strong></span> <span class='ocrx_word' id='word_1_609' title='bbox 2781 3789 2989 3845; x_wconf 87' lang='lat' dir='ltr'><strong>macula</strong></span> <span class='ocrx_word' id='word_1_610' title='bbox 3049 3787 3379 3842; x_wconf 88' lang='lat' dir='ltr'><strong>inveniatur.</strong></span> 
     </span>
    </p>
   </div>
   <div class='ocr_carea' id='block_1_83' title="bbox 1807 3879 3381 3958">
    <p class='ocr_par' dir='ltr' id='par_1_83' title="bbox 1807 3879 3381 3958">
     <span class='ocr_line' id='line_1_83' title="bbox 1807 3879 3381 3958; baseline -0.008 -12"><span class='ocrx_word' id='word_1_611' title='bbox 1807 3890 2100 3958; x_wconf 81' lang='lat' dir='ltr'><strong>PrOpterea</strong></span> <span class='ocrx_word' id='word_1_612' title='bbox 2132 3887 2279 3941; x_wconf 91' lang='lat' dir='ltr'><strong>enim</strong></span> <span class='ocrx_word' id='word_1_613' title='bbox 2318 3901 2423 3940; x_wconf 92' lang='lat' dir='ltr'><strong>non</strong></span> <span class='ocrx_word' id='word_1_614' title='bbox 2443 3882 2706 3951; x_wconf 49' lang='lat' dir='ltr'><strong>dixit,&#39;Ut</strong></span> <span class='ocrx_word' id='word_1_615' title='bbox 2733 3881 3032 3938; x_wconf 78' lang='lat' dir='ltr'><strong>eﬂiciantur</strong></span> <span class='ocrx_word' id='word_1_616' title='bbox 3053 3881 3183 3951; x_wconf 83' lang='lat' dir='ltr'><strong>justi</strong></span> <span class='ocrx_word' id='word_1_617' title='bbox 3214 3895 3230 3933; x_wconf 88' lang='lat'><strong>:</strong></span> <span class='ocrx_word' id='word_1_618' title='bbox 3265 3879 3381 3943; x_wconf 84' lang='lat' dir='ltr'><strong>sed,</strong></span> 
     </span>
    </p>
   </div>
   <div class='ocr_carea' id='block_1_84' title="bbox 1816 3975 3240 4050">
    <p class='ocr_par' dir='ltr' id='par_1_84' title="bbox 1816 3975 3240 4050">
     <span class='ocr_line' id='line_1_84' title="bbox 1816 3975 3240 4050; baseline -0.006 -14"><span class='ocrx_word' id='word_1_619' title='bbox 1816 4001 1836 4036; x_wconf 84' lang='grc' dir='ltr'><strong>ι</strong></span> <span class='ocrx_word' id='word_1_620' title='bbox 1862 3979 2084 4039; x_wconf 72' lang='lat' dir='ltr'><strong>Iustitia</strong></span> <span class='ocrx_word' id='word_1_621' title='bbox 2118 3982 2273 4047; x_wconf 63' lang='lat' dir='ltr'><strong>Dei,»</strong></span> <span class='ocrx_word' id='word_1_622' title='bbox 2298 3981 2484 4050; x_wconf 83' lang='lat' dir='ltr'><strong>gratize</strong></span> <span class='ocrx_word' id='word_1_623' title='bbox 2515 3977 2894 4034; x_wconf 83' lang='lat' dir='ltr'><strong>excellentiam</strong></span> <span class='ocrx_word' id='word_1_624' title='bbox 2925 3975 3240 4031; x_wconf 88' lang='lat' dir='ltr'><strong>ostendens.</strong></span> 
     </span>
    </p>
   </div>
   <div class='ocr_carea' id='block_1_85' title="bbox 2448 4091 2794 4150">
    <p class='ocr_par' dir='ltr' id='par_1_85' title="bbox 2448 4091 2794 4150">
     <span class='ocr_line' id='line_1_85' title="bbox 2448 4091 2794 4150; baseline -0.012 0"><span class='ocrx_word' id='word_1_625' title='bbox 2448 4092 2678 4150; x_wconf 82' lang='lat' dir='ltr'><strong>CAPUT</strong></span> <span class='ocrx_word' id='word_1_626' title='bbox 2706 4091 2794 4146; x_wconf 79' lang='lat' dir='ltr'><strong>Vl.</strong></span> 
     </span>
    </p>
   </div>
   <div class='ocr_carea' id='block_1_86' title="bbox 1888 4203 3386 4282">
    <p class='ocr_par' dir='ltr' id='par_1_86' title="bbox 1888 4203 3386 4282">
     <span class='ocr_line' id='line_1_86' title="bbox 1888 4203 3386 4282; baseline -0.009 -12"><span class='ocrx_word' id='word_1_627' title='bbox 1888 4215 2050 4270; x_wconf 74' lang='lat' dir='ltr'><strong>Vens.</strong></span> <span class='ocrx_word' id='word_1_628' title='bbox 2085 4232 2104 4267; x_wconf 87' lang='grc' dir='ltr'><strong>ι</strong></span> <span class='ocrx_word' id='word_1_629' title='bbox 2139 4211 2509 4282; x_wconf 82' lang='lat' dir='ltr'><strong>Cooperantes</strong></span> <span class='ocrx_word' id='word_1_630' title='bbox 2543 4217 2723 4264; x_wconf 87' lang='lat' dir='ltr'><strong>autem</strong></span> <span class='ocrx_word' id='word_1_631' title='bbox 2787 4207 2951 4261; x_wconf 79' lang='lat' dir='ltr'><strong>etiam</strong></span> <span class='ocrx_word' id='word_1_632' title='bbox 3010 4203 3386 4268; x_wconf 76' lang='lat' dir='ltr'><strong>exhortamur,</strong></span> 
     </span>
    </p>
   </div>
   <div class='ocr_carea' id='block_1_87' title="bbox 1811 4295 3392 4373">
    <p class='ocr_par' dir='ltr' id='par_1_87' title="bbox 1811 4295 3392 4373">
     <span class='ocr_line' id='line_1_87' title="bbox 1811 4295 3392 4373; baseline -0.012 -8"><span class='ocrx_word' id='word_1_633' title='bbox 1811 4325 1880 4366; x_wconf 89' lang='lat' dir='ltr'><strong>ne</strong></span> <span class='ocrx_word' id='word_1_634' title='bbox 1910 4309 1963 4364; x_wconf 87' lang='lat' dir='ltr'><strong>in</strong></span> <span class='ocrx_word' id='word_1_635' title='bbox 2019 4322 2250 4361; x_wconf 86' lang='lat' dir='ltr'><strong>vacuum</strong></span> <span class='ocrx_word' id='word_1_636' title='bbox 2293 4304 2525 4373; x_wconf 78' lang='lat' dir='ltr'><strong>gratiam</strong></span> <span class='ocrx_word' id='word_1_637' title='bbox 2579 4300 2672 4355; x_wconf 87' lang='lat' dir='ltr'><strong>Dei</strong></span> <span class='ocrx_word' id='word_1_638' title='bbox 2735 4297 3034 4369; x_wconf 80' lang='lat' dir='ltr'><strong>recipiatis.</strong></span> <span class='ocrx_word' id='word_1_639' title='bbox 3071 4316 3089 4349; x_wconf 82' lang='grc' dir='ltr'><strong>ι</strong></span> <span class='ocrx_word' id='word_1_640' title='bbox 3117 4295 3392 4364; x_wconf 87' lang='lat' dir='ltr'><strong>Cuopera-</strong></span> 
     </span>
    </p>
   </div>
   <div class='ocr_carea' id='block_1_88' title="bbox 1817 4388 3388 4470">
    <p class='ocr_par' dir='ltr' id='par_1_88' title="bbox 1817 4388 3388 4470">
     <span class='ocr_line' id='line_1_88' title="bbox 1817 4388 3388 4470; baseline -0.012 -12"><span class='ocrx_word' id='word_1_641' title='bbox 1817 4418 1958 4466; x_wconf 89' lang='lat' dir='ltr'><strong>mur,</strong></span> <span class='ocrx_word' id='word_1_642' title='bbox 1995 4401 2197 4470; x_wconf 89' lang='lat' dir='ltr'><strong>inquit,</strong></span> <span class='ocrx_word' id='word_1_643' title='bbox 2232 4412 2330 4453; x_wconf 89' lang='lat' dir='ltr'><strong>nos</strong></span> <span class='ocrx_word' id='word_1_644' title='bbox 2363 4407 2417 4450; x_wconf 91' lang='lat' dir='ltr'><strong>et</strong></span> <span class='ocrx_word' id='word_1_645' title='bbox 2457 4396 2610 4449; x_wconf 89' lang='lat' dir='ltr'><strong>vobis</strong></span> <span class='ocrx_word' id='word_1_646' title='bbox 2649 4402 2703 4448; x_wconf 80' lang='lat' dir='ltr'><strong>et</strong></span> <span class='ocrx_word' id='word_1_647' title='bbox 2755 4391 2866 4446; x_wconf 80' lang='lat' dir='ltr'><strong>Deo</strong></span> <span class='ocrx_word' id='word_1_648' title='bbox 2902 4409 2915 4444; x_wconf 92' lang='lat'>:</span> <span class='ocrx_word' id='word_1_649' title='bbox 2947 4388 3100 4442; x_wconf 90' lang='lat' dir='ltr'><strong>vobis</strong></span> <span class='ocrx_word' id='word_1_650' title='bbox 3142 4388 3388 4464; x_wconf 81' lang='lat' dir='ltr'><strong>quidem,</strong></span> 
     </span>
    </p>
   </div>
   <div class='ocr_carea' id='block_1_89' title="bbox 151 4479 1696 4566">
    <p class='ocr_par' dir='ltr' id='par_1_89' title="bbox 151 4485 1696 4561">
     <span class='ocr_line' id='line_1_89' title="bbox 151 4485 1696 4561; baseline -0.003 -16"><span class='ocrx_word' id='word_1_651' title='bbox 151 4491 230 4546; x_wconf 74' lang='grc' dir='ltr'>ἵνα</span> <span class='ocrx_word' id='word_1_652' title='bbox 263 4491 472 4561; x_wconf 80' lang='grc' dir='ltr'>σωθῆτε</span> <span class='ocrx_word' id='word_1_653' title='bbox 495 4505 511 4520; x_wconf 74' lang='grc' dir='ltr'><strong><em>ο</em></strong></span> <span class='ocrx_word' id='word_1_654' title='bbox 543 4487 622 4559; x_wconf 83' lang='grc' dir='ltr'>τῷ</span> <span class='ocrx_word' id='word_1_655' title='bbox 654 4486 774 4558; x_wconf 83' lang='grc' dir='ltr'>Θεῷ</span> <span class='ocrx_word' id='word_1_656' title='bbox 797 4487 874 4552; x_wconf 85' lang='grc' dir='ltr'><strong>δὲ,</strong></span> <span class='ocrx_word' id='word_1_657' title='bbox 907 4487 990 4552; x_wconf 87' lang='grc' dir='ltr'><strong>είς</strong></span> <span class='ocrx_word' id='word_1_658' title='bbox 1027 4486 1088 4541; x_wconf 81' lang='grc' dir='ltr'>τὺ</span> <span class='ocrx_word' id='word_1_659' title='bbox 1138 4485 1426 4560; x_wconf 85' lang='grc' dir='ltr'>πληρῶσαι</span> <span class='ocrx_word' id='word_1_660' title='bbox 1449 4485 1509 4539; x_wconf 80' lang='grc' dir='ltr'>τὸ</span> <span class='ocrx_word' id='word_1_661' title='bbox 1541 4485 1696 4540; x_wconf 84' lang='grc' dir='ltr'>αύτοί</span> 
     </span>
    </p>
   </div>
   <div class='ocr_carea' id='block_1_90' title="bbox 1801 4479 3390 4566">
    <p class='ocr_par' dir='ltr' id='par_1_90' title="bbox 1815 4479 3390 4560">
     <span class='ocr_line' id='line_1_90' title="bbox 1815 4479 3390 4560; baseline -0.012 -8"><span class='ocrx_word' id='word_1_662' title='bbox 1815 4505 1876 4552; x_wconf 87' lang='grc' dir='ltr'><strong>ιιι</strong></span> <span class='ocrx_word' id='word_1_663' title='bbox 1897 4493 2188 4551; x_wconf 76' lang='lat' dir='ltr'><strong>servemini</strong></span> <span class='ocrx_word' id='word_1_664' title='bbox 2216 4509 2231 4558; x_wconf 92' lang='lat'><strong>;</strong></span> <span class='ocrx_word' id='word_1_665' title='bbox 2269 4489 2430 4560; x_wconf 79' lang='lat'><strong>273</strong></span> <span class='ocrx_word' id='word_1_666' title='bbox 2461 4491 2569 4543; x_wconf 89' lang='lat' dir='ltr'><strong>Deo</strong></span> <span class='ocrx_word' id='word_1_667' title='bbox 2591 4496 2793 4549; x_wconf 89' lang='lat' dir='ltr'><strong>autem,</strong></span> <span class='ocrx_word' id='word_1_668' title='bbox 2821 4493 2881 4537; x_wconf 88' lang='lat' dir='ltr'><strong>ut</strong></span> <span class='ocrx_word' id='word_1_669' title='bbox 2906 4483 3236 4535; x_wconf 88' lang='lat' dir='ltr'><strong>voluntatem</strong></span> <span class='ocrx_word' id='word_1_670' title='bbox 3269 4479 3390 4549; x_wconf 89' lang='lat' dir='ltr'><strong>ejus</strong></span> 
     </span>
    </p>
   </div>
   <div class='ocr_carea' id='block_1_91' title="bbox 153 4578 1702 4655">
    <p class='ocr_par' dir='ltr' id='par_1_91' title="bbox 153 4578 1702 4655">
     <span class='ocr_line' id='line_1_91' title="bbox 153 4578 1702 4655; baseline -0.003 -19"><span class='ocrx_word' id='word_1_671' title='bbox 153 4583 373 4655; x_wconf 71' lang='grc' dir='ltr'>θέλημα,</span> <span class='ocrx_word' id='word_1_672' title='bbox 395 4581 674 4645; x_wconf 81' lang='grc' dir='ltr'>τουτέστι,</span> <span class='ocrx_word' id='word_1_673' title='bbox 704 4580 768 4634; x_wconf 77' lang='grc' dir='ltr'>τὸ</span> <span class='ocrx_word' id='word_1_674' title='bbox 806 4581 981 4636; x_wconf 81' lang='grc' dir='ltr'>σῶσαι</span> <span class='ocrx_word' id='word_1_675' title='bbox 1021 4581 1204 4650; x_wconf 78' lang='grc' dir='ltr'>ἡμᾶς·</span> <span class='ocrx_word' id='word_1_676' title='bbox 1239 4581 1334 4634; x_wconf 77' lang='grc' dir='ltr'>καὶ</span> <span class='ocrx_word' id='word_1_677' title='bbox 1357 4578 1702 4651; x_wconf 85' lang='grc' dir='ltr'>παρακαλοῦ-</span> 
     </span>
    </p>
   </div>
   <div class='ocr_carea' id='block_1_92' title="bbox 157 4670 1712 4746">
    <p class='ocr_par' dir='ltr' id='par_1_92' title="bbox 157 4670 1712 4746">
     <span class='ocr_line' id='line_1_92' title="bbox 157 4670 1712 4746; baseline -0.012 -16"><span class='ocrx_word' id='word_1_678' title='bbox 157 4692 247 4746; x_wconf 83' lang='grc' dir='ltr'><strong>μεν</strong></span> <span class='ocrx_word' id='word_1_679' title='bbox 298 4677 422 4732; x_wconf 76' lang='grc' dir='ltr'>ἀντὶ</span> <span class='ocrx_word' id='word_1_680' title='bbox 477 4673 576 4729; x_wconf 86' lang='grc' dir='ltr'><strong>τοῦ</strong></span> <span class='ocrx_word' id='word_1_681' title='bbox 638 4673 900 4745; x_wconf 88' lang='grc' dir='ltr'>Χριστοῦ,</span> <span class='ocrx_word' id='word_1_682' title='bbox 954 4673 1083 4744; x_wconf 71' lang='grc' dir='ltr'>ἄχρι</span> <span class='ocrx_word' id='word_1_683' title='bbox 1115 4671 1217 4741; x_wconf 85' lang='grc' dir='ltr'><strong>τῆς</strong></span> <span class='ocrx_word' id='word_1_684' title='bbox 1250 4672 1510 4742; x_wconf 78' lang='grc' dir='ltr'>δευτέρας</span> <span class='ocrx_word' id='word_1_685' title='bbox 1544 4670 1712 4726; x_wconf 53' lang='lat' dir='ltr'><strong>amor.</strong></span> 
     </span>
    </p>
   </div>
   <div class='ocr_carea' id='block_1_93' title="bbox 155 4761 1716 4841">
    <p class='ocr_par' dir='ltr' id='par_1_93' title="bbox 155 4761 1716 4841">
     <span class='ocr_line' id='line_1_93' title="bbox 155 4761 1716 4841; baseline -0.002 -17"><span class='ocrx_word' id='word_1_686' title='bbox 155 4770 475 4841; x_wconf 80' lang='grc' dir='ltr'>παρουσίας,</span> <span class='ocrx_word' id='word_1_687' title='bbox 502 4770 599 4823; x_wconf 78' lang='grc' dir='ltr'>καὶ</span> <span class='ocrx_word' id='word_1_688' title='bbox 620 4768 727 4831; x_wconf 72' lang='grc' dir='ltr'>ἕως</span> <span class='ocrx_word' id='word_1_689' title='bbox 751 4768 817 4822; x_wconf 75' lang='grc' dir='ltr'><strong>ἂν</strong></span> <span class='ocrx_word' id='word_1_690' title='bbox 845 4761 992 4837; x_wconf 79' lang='grc' dir='ltr'>ὦμεν</span> <span class='ocrx_word' id='word_1_691' title='bbox 1021 4767 1082 4819; x_wconf 80' lang='grc' dir='ltr'>ἐν</span> <span class='ocrx_word' id='word_1_692' title='bbox 1109 4765 1188 4836; x_wconf 85' lang='grc' dir='ltr'>τῷ</span> <span class='ocrx_word' id='word_1_693' title='bbox 1217 4764 1339 4836; x_wconf 80' lang='grc' dir='ltr'>βίῳ,</span> <span class='ocrx_word' id='word_1_694' title='bbox 1376 4765 1463 4820; x_wconf 81' lang='grc' dir='ltr'><strong>ἵνα</strong></span> <span class='ocrx_word' id='word_1_695' title='bbox 1505 4768 1582 4838; x_wconf 86' lang='grc' dir='ltr'>μὴ</span> <span class='ocrx_word' id='word_1_696' title='bbox 1635 4768 1716 4832; x_wconf 81' lang='grc' dir='ltr'><strong>είς</strong></span> 
     </span>
    </p>
   </div>
   <div class='ocr_carea' id='block_1_94' title="bbox 154 4858 1718 4934">
    <p class='ocr_par' dir='ltr' id='par_1_94' title="bbox 154 4858 1718 4934">
     <span class='ocr_line' id='line_1_94' title="bbox 154 4858 1718 4934; baseline -0.002 -18"><span class='ocrx_word' id='word_1_697' title='bbox 154 4863 304 4916; x_wconf 79' lang='grc' dir='ltr'>κενὸν</span> <span class='ocrx_word' id='word_1_698' title='bbox 349 4860 581 4934; x_wconf 80' lang='grc' dir='ltr'>δέξησθε</span> <span class='ocrx_word' id='word_1_699' title='bbox 605 4860 704 4931; x_wconf 79' lang='grc' dir='ltr'>τὴν</span> <span class='ocrx_word' id='word_1_700' title='bbox 731 4859 891 4930; x_wconf 83' lang='grc' dir='ltr'>χάριν</span> <span class='ocrx_word' id='word_1_701' title='bbox 930 4858 1028 4912; x_wconf 89' lang='grc' dir='ltr'><strong>τοῦ</strong></span> <span class='ocrx_word' id='word_1_702' title='bbox 1059 4858 1218 4912; x_wconf 83' lang='grc' dir='ltr'>Θεοῦ.</span> <span class='ocrx_word' id='word_1_703' title='bbox 1251 4861 1317 4914; x_wconf 86' lang='grc' dir='ltr'>Τί</span> <span class='ocrx_word' id='word_1_704' title='bbox 1369 4858 1478 4931; x_wconf 77' lang='grc' dir='ltr'>γὰρ</span> <span class='ocrx_word' id='word_1_705' title='bbox 1523 4859 1718 4928; x_wconf 75' lang='grc' dir='ltr'>ὄφελος</span> 
     </span>
    </p>
   </div>
   <div class='ocr_carea' id='block_1_95' title="bbox 161 4947 1726 5025">
    <p class='ocr_par' dir='ltr' id='par_1_95' title="bbox 161 4947 1726 5025">
     <span class='ocr_line' id='line_1_95' title="bbox 161 4947 1726 5025; baseline -0.001 -19"><span class='ocrx_word' id='word_1_706' title='bbox 161 4952 438 5025; x_wconf 82' lang='grc' dir='ltr'>ἁμαρτιῶν</span> <span class='ocrx_word' id='word_1_707' title='bbox 464 4952 850 5021; x_wconf 79' lang='grc' dir='ltr'>ἀπαλλαγῆναι</span> <span class='ocrx_word' id='word_1_708' title='bbox 879 4950 1065 5022; x_wconf 89' lang='grc' dir='ltr'>χάριτι.</span> <span class='ocrx_word' id='word_1_709' title='bbox 1102 4950 1244 5022; x_wconf 80' lang='grc' dir='ltr'>θείᾳ,</span> <span class='ocrx_word' id='word_1_710' title='bbox 1286 4947 1408 5005; x_wconf 78' lang='grc' dir='ltr'>εἶτα</span> <span class='ocrx_word' id='word_1_711' title='bbox 1454 4951 1616 5005; x_wconf 88' lang='grc' dir='ltr'>πάλιν</span> <span class='ocrx_word' id='word_1_712' title='bbox 1646 4953 1726 5005; x_wconf 78' lang='lat' dir='ltr'><strong>ol-</strong></span> 
     </span>
    </p>
   </div>
   <div class='ocr_carea' id='block_1_96' title="bbox 161 5043 1722 5120">
    <p class='ocr_par' dir='ltr' id='par_1_96' title="bbox 161 5043 1722 5120">
     <span class='ocr_line' id='line_1_96' title="bbox 161 5043 1722 5120; baseline 0 -20"><span class='ocrx_word' id='word_1_713' title='bbox 161 5048 279 5120; x_wconf 75' lang='grc' dir='ltr'>κείᾳ</span> <span class='ocrx_word' id='word_1_714' title='bbox 309 5047 558 5119; x_wconf 75' lang='grc' dir='ltr'>ῥᾳθυμίᾳ</span> <span class='ocrx_word' id='word_1_715' title='bbox 585 5046 796 5100; x_wconf 85' lang='grc' dir='ltr'>τούτων</span> <span class='ocrx_word' id='word_1_716' title='bbox 829 5043 1179 5116; x_wconf 74' lang='grc' dir='ltr'>πλησθῆναις</span> <span class='ocrx_word' id='word_1_717' title='bbox 1208 5046 1379 5100; x_wconf 81' lang='grc' dir='ltr'>Πάλιν</span> <span class='ocrx_word' id='word_1_718' title='bbox 1400 5045 1510 5115; x_wconf 85' lang='grc' dir='ltr'>γὰρ</span> <span class='ocrx_word' id='word_1_719' title='bbox 1528 5044 1722 5116; x_wconf 81' lang='grc' dir='ltr'>ἔχθρα,</span> 
     </span>
    </p>
   </div>
   <div class='ocr_carea' id='block_1_97' title="bbox 158 5138 1725 5210">
    <p class='ocr_par' dir='ltr' id='par_1_97' title="bbox 158 5138 1725 5210">
     <span class='ocr_line' id='line_1_97' title="bbox 158 5138 1725 5210; baseline 0 -18"><span class='ocrx_word' id='word_1_720' title='bbox 158 5140 248 5192; x_wconf 80' lang='grc' dir='ltr'>καὶ</span> <span class='ocrx_word' id='word_1_721' title='bbox 293 5141 466 5204; x_wconf 84' lang='grc' dir='ltr'>κενῶς</span> <span class='ocrx_word' id='word_1_722' title='bbox 521 5139 704 5194; x_wconf 80' lang='grc' dir='ltr'>λοιπὸν</span> <span class='ocrx_word' id='word_1_723' title='bbox 760 5139 981 5206; x_wconf 72' lang='grc' dir='ltr'>ἐγένετο</span> <span class='ocrx_word' id='word_1_724' title='bbox 1037 5140 1070 5208; x_wconf 82' lang='grc' dir='ltr'><strong>ὴ</strong></span> <span class='ocrx_word' id='word_1_725' title='bbox 1119 5138 1281 5209; x_wconf 84' lang='grc' dir='ltr'>χάρις</span> <span class='ocrx_word' id='word_1_726' title='bbox 1319 5139 1399 5202; x_wconf 86' lang='grc' dir='ltr'><strong>είς</strong></span> <span class='ocrx_word' id='word_1_727' title='bbox 1432 5139 1600 5209; x_wconf 77' lang='grc' dir='ltr'>ἡμᾶς.</span> <span class='ocrx_word' id='word_1_728' title='bbox 1632 5138 1725 5210; x_wconf 80' lang='grc' dir='ltr'><strong>Μὴ</strong></span> 
     </span>
    </p>
   </div>
   <div class='ocr_carea' id='block_1_98' title="bbox 164 5227 1725 5304">
    <p class='ocr_par' dir='ltr' id='par_1_98' title="bbox 164 5227 1725 5304">
     <span class='ocr_line' id='line_1_98' title="bbox 164 5227 1725 5304; baseline 0.001 -21"><span class='ocrx_word' id='word_1_729' title='bbox 164 5231 337 5285; x_wconf 88' lang='grc' dir='ltr'>τοίνυν</span> <span class='ocrx_word' id='word_1_730' title='bbox 372 5232 637 5304; x_wconf 86' lang='grc' dir='ltr'>νομίσητε</span> <span class='ocrx_word' id='word_1_731' title='bbox 659 5232 740 5285; x_wconf 85' lang='grc' dir='ltr'>ὃτι</span> <span class='ocrx_word' id='word_1_732' title='bbox 771 5229 833 5284; x_wconf 77' lang='grc' dir='ltr'>τὸ</span> <span class='ocrx_word' id='word_1_733' title='bbox 865 5229 1181 5296; x_wconf 89' lang='grc' dir='ltr'>πιστεῦσαι,</span> <span class='ocrx_word' id='word_1_734' title='bbox 1221 5227 1381 5284; x_wconf 88' lang='grc' dir='ltr'>τοῦτο</span> <span class='ocrx_word' id='word_1_735' title='bbox 1412 5231 1576 5302; x_wconf 87' lang='grc' dir='ltr'>μόνον</span> <span class='ocrx_word' id='word_1_736' title='bbox 1605 5231 1725 5285; x_wconf 73' lang='grc' dir='ltr'>ἐστὶ</span> 
     </span>
    </p>
   </div>
   <div class='ocr_carea' id='block_1_99' title="bbox 166 5322 1308 5397">
    <p class='ocr_par' dir='ltr' id='par_1_99' title="bbox 166 5322 1308 5397">
     <span class='ocr_line' id='line_1_99' title="bbox 166 5322 1308 5397; baseline 0.003 -21"><span class='ocrx_word' id='word_1_737' title='bbox 166 5325 496 5397; x_wconf 80' lang='grc' dir='ltr'>καταλλαγὴ,</span> <span class='ocrx_word' id='word_1_738' title='bbox 528 5326 666 5380; x_wconf 73' lang='grc' dir='ltr'>ἀλλὰ</span> <span class='ocrx_word' id='word_1_739' title='bbox 696 5325 792 5380; x_wconf 63' lang='grc' dir='ltr'><strong>καὶ⁸</strong></span> <span class='ocrx_word' id='word_1_740' title='bbox 821 5325 1098 5389; x_wconf 73' lang='grc' dir='ltr'>πολιτείας</span> <span class='ocrx_word' id='word_1_741' title='bbox 1127 5322 1308 5397; x_wconf 83' lang='grc' dir='ltr'>χρεία.</span> 
     </span>
    </p>
   </div>
   <div class='ocr_carea' id='block_1_100' title="bbox 234 5417 1723 5491">
    <p class='ocr_par' dir='ltr' id='par_1_100' title="bbox 234 5417 1723 5491">
     <span class='ocr_line' id='line_1_100' title="bbox 234 5417 1723 5491; baseline 0.001 -21"><span class='ocrx_word' id='word_1_742' title='bbox 234 5437 253 5470; x_wconf 81' lang='grc' dir='ltr'><strong>ι</strong></span> <span class='ocrx_word' id='word_1_743' title='bbox 287 5419 450 5488; x_wconf 85' lang='grc' dir='ltr'>Λέγει</span> <span class='ocrx_word' id='word_1_744' title='bbox 483 5420 590 5490; x_wconf 87' lang='grc' dir='ltr'><strong>γάρ</strong></span> <span class='ocrx_word' id='word_1_745' title='bbox 610 5434 624 5448; x_wconf 91' lang='grc'><strong>·</strong></span> <span class='ocrx_word' id='word_1_746' title='bbox 667 5417 862 5491; x_wconf 80' lang='grc' dir='ltr'>Καιρῷ</span> <span class='ocrx_word' id='word_1_747' title='bbox 885 5417 1062 5487; x_wconf 84' lang='grc' dir='ltr'>δεκτῷ</span> <span class='ocrx_word' id='word_1_748' title='bbox 1094 5417 1374 5488; x_wconf 77' lang='grc' dir='ltr'>ἐπήκουσά</span> <span class='ocrx_word' id='word_1_749' title='bbox 1397 5435 1514 5483; x_wconf 87' lang='grc' dir='ltr'>σου,</span> <span class='ocrx_word' id='word_1_750' title='bbox 1539 5419 1636 5472; x_wconf 81' lang='grc' dir='ltr'>καὶ</span> <span class='ocrx_word' id='word_1_751' title='bbox 1665 5419 1723 5472; x_wconf 81' lang='grc' dir='ltr'>ὲν</span> 
     </span>
    </p>
   </div>
   <div class='ocr_carea' id='block_1_101' title="bbox 167 5506 1726 5581">
    <p class='ocr_par' dir='ltr' id='par_1_101' title="bbox 167 5506 1726 5581">
     <span class='ocr_line' id='line_1_101' title="bbox 167 5506 1726 5581; baseline 0.001 -20"><span class='ocrx_word' id='word_1_752' title='bbox 167 5506 344 5580; x_wconf 69' lang='grc' dir='ltr'>ἡμέρα</span> <span class='ocrx_word' id='word_1_753' title='bbox 370 5510 646 5581; x_wconf 87' lang='grc' dir='ltr'>σωτηρίας</span> <span class='ocrx_word' id='word_1_754' title='bbox 669 5508 949 5581; x_wconf 77' lang='grc' dir='ltr'>ἐϐοήθησά</span> <span class='ocrx_word' id='word_1_755' title='bbox 980 5525 1062 5561; x_wconf 92' lang='grc' dir='ltr'><strong>σοι</strong></span> <span class='ocrx_word' id='word_1_756' title='bbox 1087 5523 1102 5541; x_wconf 87' lang='grc'><strong>·</strong></span> <span class='ocrx_word' id='word_1_757' title='bbox 1139 5508 1248 5561; x_wconf 74' lang='grc' dir='ltr'>ἰδοὺ</span> <span class='ocrx_word' id='word_1_758' title='bbox 1275 5509 1372 5562; x_wconf 88' lang='grc' dir='ltr'><strong>νῦν</strong></span> <span class='ocrx_word' id='word_1_759' title='bbox 1403 5509 1595 5581; x_wconf 84' lang='grc' dir='ltr'>καιρὸς</span> <span class='ocrx_word' id='word_1_760' title='bbox 1626 5511 1726 5563; x_wconf 85' lang='grc' dir='ltr'>εὐ-</span> 
     </span>
    </p>
   </div>
   <div class='ocr_carea' id='block_1_102' title="bbox 265 5622 1307 5694">
    <p class='ocr_par' dir='ltr' id='par_1_102' title="bbox 265 5622 1307 5694">
     <span class='ocr_line' id='line_1_102' title="bbox 265 5622 1307 5694; baseline -0.002 -13"><span class='ocrx_word' id='word_1_761' title='bbox 265 5630 295 5661; x_wconf 83' lang='lat'><strong>&#39;</strong></span> <span class='ocrx_word' id='word_1_762' title='bbox 324 5624 480 5681; x_wconf 86' lang='lat' dir='ltr'><strong>Deut.</strong></span> <span class='ocrx_word' id='word_1_763' title='bbox 507 5641 619 5694; x_wconf 69' lang='grc' dir='ltr'>χιι,</span> <span class='ocrx_word' id='word_1_764' title='bbox 640 5625 696 5680; x_wconf 80' lang='grc'>5.</span> <span class='ocrx_word' id='word_1_765' title='bbox 808 5632 834 5661; x_wconf 74' lang='grc' dir='ltr'><strong>κ</strong></span> <span class='ocrx_word' id='word_1_766' title='bbox 865 5622 968 5681; x_wconf 88' lang='lat' dir='ltr'><strong>lsa.</strong></span> <span class='ocrx_word' id='word_1_767' title='bbox 1003 5639 1194 5690; x_wconf 77' lang='lat' dir='ltr'><strong>xxxm,</strong></span> <span class='ocrx_word' id='word_1_768' title='bbox 1223 5624 1307 5679; x_wconf 72' lang='grc'><strong>12.</strong></span> 
     </span>
    </p>
   </div>
   <div class='ocr_carea' id='block_1_103' title="bbox 1811 4572 3389 4655">
    <p class='ocr_par' dir='ltr' id='par_1_103' title="bbox 1811 4572 3389 4655">
     <span class='ocr_line' id='line_1_103' title="bbox 1811 4572 3389 4655; baseline -0.011 -16"><span class='ocrx_word' id='word_1_769' title='bbox 1811 4586 2157 4655; x_wconf 85' lang='lat' dir='ltr'><strong>impleamus,</strong></span> <span class='ocrx_word' id='word_1_770' title='bbox 2193 4582 2296 4636; x_wconf 90' lang='lat' dir='ltr'><strong>hoc</strong></span> <span class='ocrx_word' id='word_1_771' title='bbox 2355 4589 2458 4643; x_wconf 85' lang='lat' dir='ltr'><strong>est,</strong></span> <span class='ocrx_word' id='word_1_772' title='bbox 2501 4585 2560 4632; x_wconf 87' lang='grc' dir='ltr'><strong>ιιι</strong></span> <span class='ocrx_word' id='word_1_773' title='bbox 2615 4591 2711 4630; x_wconf 85' lang='lat' dir='ltr'><strong>vos</strong></span> <span class='ocrx_word' id='word_1_774' title='bbox 2749 4574 2928 4628; x_wconf 90' lang='lat' dir='ltr'><strong>salvos</strong></span> <span class='ocrx_word' id='word_1_775' title='bbox 2973 4572 3264 4626; x_wconf 86' lang='lat' dir='ltr'><strong>reddamus</strong></span> <span class='ocrx_word' id='word_1_776' title='bbox 3294 4587 3307 4623; x_wconf 91' lang='lat'><strong>:</strong></span> <span class='ocrx_word' id='word_1_777' title='bbox 3333 4577 3389 4624; x_wconf 89' lang='lat' dir='ltr'><strong>et</strong></span> 
     </span>
    </p>
   </div>
   <div class='ocr_carea' id='block_1_104' title="bbox 1813 4661 3391 4741">
    <p class='ocr_par' dir='ltr' id='par_1_104' title="bbox 1813 4661 3391 4741">
     <span class='ocr_line' id='line_1_104' title="bbox 1813 4661 3391 4741; baseline -0.011 -9"><span class='ocrx_word' id='word_1_778' title='bbox 1813 4677 2009 4741; x_wconf 80' lang='lat' dir='ltr'><strong>Christi</strong></span> <span class='ocrx_word' id='word_1_779' title='bbox 2051 4675 2170 4732; x_wconf 91' lang='lat' dir='ltr'><strong>loco</strong></span> <span class='ocrx_word' id='word_1_780' title='bbox 2200 4673 2266 4726; x_wconf 91' lang='lat' dir='ltr'><strong>ad</strong></span> <span class='ocrx_word' id='word_1_781' title='bbox 2290 4674 2584 4727; x_wconf 85' lang='lat' dir='ltr'><strong>secundum</strong></span> <span class='ocrx_word' id='word_1_782' title='bbox 2627 4681 2803 4738; x_wconf 88' lang='lat' dir='ltr'><strong>usque</strong></span> <span class='ocrx_word' id='word_1_783' title='bbox 2835 4665 3125 4720; x_wconf 83' lang='lat' dir='ltr'><strong>adventum</strong></span> <span class='ocrx_word' id='word_1_784' title='bbox 3160 4661 3303 4730; x_wconf 81' lang='lat' dir='ltr'><strong>ejus,</strong></span> <span class='ocrx_word' id='word_1_785' title='bbox 3331 4674 3391 4715; x_wconf 90' lang='lat' dir='ltr'><strong>ac</strong></span> 
     </span>
    </p>
   </div>
   <div class='ocr_carea' id='block_1_105' title="bbox 1823 4743 3482 4838">
    <p class='ocr_par' dir='ltr' id='par_1_105' title="bbox 1823 4743 3482 4838">
     <span class='ocr_line' id='line_1_105' title="bbox 1823 4743 3482 4838; baseline -0.014 -13"><span class='ocrx_word' id='word_1_786' title='bbox 1823 4769 2088 4838; x_wconf 84' lang='lat' dir='ltr'><strong>.antisper</strong></span> <span class='ocrx_word' id='word_1_787' title='bbox 2120 4767 2246 4820; x_wconf 89' lang='lat' dir='ltr'><strong>dum</strong></span> <span class='ocrx_word' id='word_1_788' title='bbox 2281 4762 2605 4824; x_wconf 77' lang='lat' dir='ltr'><strong>vixerimus,</strong></span> <span class='ocrx_word' id='word_1_789' title='bbox 2651 4759 2962 4820; x_wconf 89' lang='lat' dir='ltr'><strong>hortamur,</strong></span> <span class='ocrx_word' id='word_1_790' title='bbox 2989 4769 3056 4809; x_wconf 92' lang='lat' dir='ltr'><strong>ne</strong></span> <span class='ocrx_word' id='word_1_791' title='bbox 3091 4752 3144 4807; x_wconf 88' lang='lat' dir='ltr'><strong>in</strong></span> <span class='ocrx_word' id='word_1_792' title='bbox 3193 4765 3391 4805; x_wconf 86' lang='lat' dir='ltr'><strong>vanum</strong></span> <span class='ocrx_word' id='word_1_793' title='bbox 3473 4743 3482 4747; x_wconf 72' lang='grc'><em>’</em></span> 
     </span>
    </p>
   </div>
   <div class='ocr_carea' id='block_1_106' title="bbox 1819 4847 3395 4927">
    <p class='ocr_par' dir='ltr' id='par_1_106' title="bbox 1819 4847 3395 4927">
     <span class='ocr_line' id='line_1_106' title="bbox 1819 4847 3395 4927; baseline -0.014 -13"><span class='ocrx_word' id='word_1_794' title='bbox 1819 4856 2138 4927; x_wconf 85' lang='lat' dir='ltr'><strong>suscipiatis</strong></span> <span class='ocrx_word' id='word_1_795' title='bbox 2157 4855 2391 4927; x_wconf 76' lang='lat' dir='ltr'><strong>gratiam</strong></span> <span class='ocrx_word' id='word_1_796' title='bbox 2425 4852 2542 4907; x_wconf 89' lang='lat' dir='ltr'><strong>Dei.</strong></span> <span class='ocrx_word' id='word_1_797' title='bbox 2575 4849 2715 4916; x_wconf 87' lang='lat' dir='ltr'><strong>Quid</strong></span> <span class='ocrx_word' id='word_1_798' title='bbox 2738 4847 2882 4902; x_wconf 88' lang='lat' dir='ltr'><strong>enim</strong></span> <span class='ocrx_word' id='word_1_799' title='bbox 2911 4847 3132 4914; x_wconf 80' lang='lat' dir='ltr'><strong>prodest</strong></span> <span class='ocrx_word' id='word_1_800' title='bbox 3150 4857 3179 4895; x_wconf 88' lang='lat' dir='ltr'><strong>a</strong></span> <span class='ocrx_word' id='word_1_801' title='bbox 3203 4854 3395 4909; x_wconf 85' lang='lat' dir='ltr'><strong>pecca-</strong></span> 
     </span>
    </p>
   </div>
   <div class='ocr_carea' id='block_1_107' title="bbox 1822 4935 3367 5018">
    <p class='ocr_par' dir='ltr' id='par_1_107' title="bbox 1822 4935 3367 5018">
     <span class='ocr_line' id='line_1_107' title="bbox 1822 4935 3367 5018; baseline -0.014 -10"><span class='ocrx_word' id='word_1_802' title='bbox 1822 4952 1892 5008; x_wconf 86' lang='lat' dir='ltr'><strong>tis</strong></span> <span class='ocrx_word' id='word_1_803' title='bbox 1917 4950 2099 5006; x_wconf 90' lang='lat' dir='ltr'><strong>divina</strong></span> <span class='ocrx_word' id='word_1_804' title='bbox 2131 4946 2304 5018; x_wconf 88' lang='lat' dir='ltr'><strong>gratia</strong></span> <span class='ocrx_word' id='word_1_805' title='bbox 2327 4944 2570 5007; x_wconf 89' lang='lat' dir='ltr'><strong>liberari,</strong></span> <span class='ocrx_word' id='word_1_806' title='bbox 2603 4941 2798 4996; x_wconf 89' lang='lat' dir='ltr'><strong>deinde</strong></span> <span class='ocrx_word' id='word_1_807' title='bbox 2834 4953 3022 4993; x_wconf 88' lang='lat' dir='ltr'><strong>rursus</strong></span> <span class='ocrx_word' id='word_1_808' title='bbox 3050 4935 3115 4990; x_wconf 91' lang='lat' dir='ltr'><strong>iis</strong></span> <span class='ocrx_word' id='word_1_809' title='bbox 3134 4949 3227 5004; x_wconf 90' lang='lat' dir='ltr'><strong>per</strong></span> <span class='ocrx_word' id='word_1_810' title='bbox 3269 4947 3367 5000; x_wconf 92' lang='lat' dir='ltr'><strong>pro</strong></span> 
     </span>
    </p>
   </div>
   <div class='ocr_carea' id='block_1_108' title="bbox 1809 5025 3394 5118">
    <p class='ocr_par' dir='ltr' id='par_1_108' title="bbox 1809 5025 3394 5118">
     <span class='ocr_line' id='line_1_108' title="bbox 1809 5025 3394 5118; baseline -0.014 -17"><span class='ocrx_word' id='word_1_811' title='bbox 1809 5047 1994 5118; x_wconf 82' lang='lat' dir='ltr'><strong>.priam</strong></span> <span class='ocrx_word' id='word_1_812' title='bbox 2022 5040 2331 5098; x_wconf 84' lang='lat' dir='ltr'><strong>socordiam</strong></span> <span class='ocrx_word' id='word_1_813' title='bbox 2357 5034 2612 5107; x_wconf 88' lang='lat' dir='ltr'><strong>impleri?</strong></span> <span class='ocrx_word' id='word_1_814' title='bbox 2648 5034 2858 5088; x_wconf 81' lang='lat' dir='ltr'><strong>Rursus</strong></span> <span class='ocrx_word' id='word_1_815' title='bbox 2911 5031 3055 5084; x_wconf 89' lang='lat' dir='ltr'><strong>enim</strong></span> <span class='ocrx_word' id='word_1_816' title='bbox 3113 5025 3394 5081; x_wconf 85' lang='lat' dir='ltr'><strong>inimicitia</strong></span> 
     </span>
    </p>
   </div>
   <div class='ocr_carea' id='block_1_109' title="bbox 1821 5119 3395 5201">
    <p class='ocr_par' dir='ltr' id='par_1_109' title="bbox 1821 5119 3395 5201">
     <span class='ocr_line' id='line_1_109' title="bbox 1821 5119 3395 5201; baseline -0.015 -6"><span class='ocrx_word' id='word_1_817' title='bbox 1821 5138 2086 5201; x_wconf 83' lang='lat' dir='ltr'><strong>nascitur,</strong></span> <span class='ocrx_word' id='word_1_818' title='bbox 2127 5143 2181 5189; x_wconf 89' lang='lat' dir='ltr'><strong>et</strong></span> <span class='ocrx_word' id='word_1_819' title='bbox 2207 5132 2380 5201; x_wconf 82' lang='lat' dir='ltr'><strong>gratia</strong></span> <span class='ocrx_word' id='word_1_820' title='bbox 2424 5130 2518 5185; x_wconf 88' lang='lat' dir='ltr'><strong>Dei</strong></span> <span class='ocrx_word' id='word_1_821' title='bbox 2553 5143 2680 5199; x_wconf 83' lang='lat' dir='ltr'><strong>erga</strong></span> <span class='ocrx_word' id='word_1_822' title='bbox 2739 5141 2837 5181; x_wconf 94' lang='lat' dir='ltr'><strong>nos</strong></span> <span class='ocrx_word' id='word_1_823' title='bbox 2885 5124 3142 5190; x_wconf 87' lang='lat' dir='ltr'><strong>deinceps</strong></span> <span class='ocrx_word' id='word_1_824' title='bbox 3191 5119 3395 5173; x_wconf 81' lang='lat' dir='ltr'><strong>frustra</strong></span> 
     </span>
    </p>
   </div>
   <div class='ocr_carea' id='block_1_110' title="bbox 1822 5212 3395 5298">
    <p class='ocr_par' dir='ltr' id='par_1_110' title="bbox 1822 5212 3395 5298">
     <span class='ocr_line' id='line_1_110' title="bbox 1822 5212 3395 5298; baseline -0.015 -11"><span class='ocrx_word' id='word_1_825' title='bbox 1822 5233 1903 5288; x_wconf 77' lang='lat' dir='ltr'><strong>iit.</strong></span> <span class='ocrx_word' id='word_1_826' title='bbox 1945 5228 2022 5283; x_wconf 83' lang='lat' dir='ltr'><strong>Ne</strong></span> <span class='ocrx_word' id='word_1_827' title='bbox 2054 5225 2219 5298; x_wconf 79' lang='lat' dir='ltr'><strong>igitur</strong></span> <span class='ocrx_word' id='word_1_828' title='bbox 2249 5221 2596 5285; x_wconf 78' lang='lat' dir='ltr'><strong>existimetis,</strong></span> <span class='ocrx_word' id='word_1_829' title='bbox 2629 5218 2772 5288; x_wconf 92' lang='lat' dir='ltr'><strong>quod</strong></span> <span class='ocrx_word' id='word_1_830' title='bbox 2836 5229 2983 5269; x_wconf 90' lang='lat' dir='ltr'><strong>mera</strong></span> <span class='ocrx_word' id='word_1_831' title='bbox 3033 5213 3166 5266; x_wconf 78' lang='lat' dir='ltr'><strong>ﬁdes</strong></span> <span class='ocrx_word' id='word_1_832' title='bbox 3199 5212 3270 5266; x_wconf 89' lang='lat' dir='ltr'><strong>sit</strong></span> <span class='ocrx_word' id='word_1_833' title='bbox 3296 5225 3395 5269; x_wconf 86' lang='lat' dir='ltr'><strong>re-</strong></span> 
     </span>
    </p>
   </div>
   <div class='ocr_carea' id='block_1_111' title="bbox 1826 5305 3224 5385">
    <p class='ocr_par' dir='ltr' id='par_1_111' title="bbox 1826 5305 3224 5385">
     <span class='ocr_line' id='line_1_111' title="bbox 1826 5305 3224 5385; baseline -0.015 -7"><span class='ocrx_word' id='word_1_834' title='bbox 1826 5319 2156 5385; x_wconf 89' lang='lat' dir='ltr'><strong>conciliatio,</strong></span> <span class='ocrx_word' id='word_1_835' title='bbox 2197 5330 2390 5372; x_wconf 86' lang='lat' dir='ltr'><strong>verum</strong></span> <span class='ocrx_word' id='word_1_836' title='bbox 2436 5312 2547 5367; x_wconf 79' lang='lat' dir='ltr'><strong>vita</strong></span> <span class='ocrx_word' id='word_1_837' title='bbox 2577 5312 2741 5366; x_wconf 88' lang='lat' dir='ltr'><strong>etiam</strong></span> <span class='ocrx_word' id='word_1_838' title='bbox 2782 5317 2864 5363; x_wconf 88' lang='lat' dir='ltr'><strong>est</strong></span> <span class='ocrx_word' id='word_1_839' title='bbox 2895 5305 3224 5361; x_wconf 88' lang='lat' dir='ltr'><strong>necessaria.</strong></span> 
     </span>
    </p>
   </div>
   <div class='ocr_carea' id='block_1_112' title="bbox 1821 5392 3399 5470">
    <p class='ocr_par' dir='ltr' id='par_1_112' title="bbox 1821 5392 3399 5470">
     <span class='ocr_line' id='line_1_112' title="bbox 1821 5392 3399 5470; baseline -0.015 1"><span class='ocrx_word' id='word_1_840' title='bbox 1821 5445 1824 5450; x_wconf 92' lang='lat'><strong><em>-</em></strong></span> <span class='ocrx_word' id='word_1_841' title='bbox 1877 5413 2044 5470; x_wconf 73' lang='lat' dir='ltr'><strong>Vens.</strong></span> <span class='ocrx_word' id='word_1_842' title='bbox 2068 5412 2125 5466; x_wconf 73' lang='lat'><strong>2.</strong></span> <span class='ocrx_word' id='word_1_843' title='bbox 2164 5429 2183 5463; x_wconf 81' lang='grc' dir='ltr'><strong>ι</strong></span> <span class='ocrx_word' id='word_1_844' title='bbox 2206 5407 2456 5465; x_wconf 87' lang='lat' dir='ltr'><strong>Aitenim</strong></span> <span class='ocrx_word' id='word_1_845' title='bbox 2477 5413 2559 5454; x_wconf 64' lang='grc' dir='ltr'>γα</span> <span class='ocrx_word' id='word_1_846' title='bbox 2593 5421 2608 5458; x_wconf 90' lang='lat'><strong>:</strong></span> <span class='ocrx_word' id='word_1_847' title='bbox 2639 5401 2907 5470; x_wconf 87' lang='lat' dir='ltr'><strong>Tempore</strong></span> <span class='ocrx_word' id='word_1_848' title='bbox 2925 5409 3146 5468; x_wconf 88' lang='lat' dir='ltr'><strong>accepto</strong></span> <span class='ocrx_word' id='word_1_849' title='bbox 3173 5392 3399 5450; x_wconf 82' lang='lat' dir='ltr'><strong>exaudi-</strong></span> 
     </span>
    </p>
   </div>
   <div class='ocr_carea' id='block_1_113' title="bbox 1822 5492 3394 5574">
    <p class='ocr_par' dir='ltr' id='par_1_113' title="bbox 1822 5492 3394 5574">
     <span class='ocr_line' id='line_1_113' title="bbox 1822 5492 3394 5574; baseline -0.014 -7"><span class='ocrx_word' id='word_1_850' title='bbox 1822 5511 1878 5566; x_wconf 88' lang='lat' dir='ltr'><strong>vi</strong></span> <span class='ocrx_word' id='word_1_851' title='bbox 1911 5521 1983 5574; x_wconf 91' lang='lat' dir='ltr'><strong>te,</strong></span> <span class='ocrx_word' id='word_1_852' title='bbox 2008 5518 2063 5564; x_wconf 91' lang='lat' dir='ltr'><strong>et</strong></span> <span class='ocrx_word' id='word_1_853' title='bbox 2093 5507 2146 5562; x_wconf 92' lang='lat' dir='ltr'><strong>in</strong></span> <span class='ocrx_word' id='word_1_854' title='bbox 2175 5505 2367 5562; x_wconf 89' lang='lat' dir='ltr'><strong>diebus</strong></span> <span class='ocrx_word' id='word_1_855' title='bbox 2402 5499 2593 5558; x_wconf 86' lang='lat' dir='ltr'><strong>salutis</strong></span> <span class='ocrx_word' id='word_1_856' title='bbox 2611 5497 2791 5564; x_wconf 84' lang='lat' dir='ltr'><strong>adiuvi</strong></span> <span class='ocrx_word' id='word_1_857' title='bbox 2821 5504 2894 5553; x_wconf 88' lang='lat' dir='ltr'><strong>te.</strong></span> <span class='ocrx_word' id='word_1_858' title='bbox 2921 5492 3062 5550; x_wconf 84' lang='lat' dir='ltr'><strong>Ecce</strong></span> <span class='ocrx_word' id='word_1_859' title='bbox 3087 5505 3230 5546; x_wconf 92' lang='lat' dir='ltr'><strong>nunc</strong></span> <span class='ocrx_word' id='word_1_860' title='bbox 3255 5499 3394 5546; x_wconf 74' lang='lat' dir='ltr'><strong>tem~</strong></span> 
     </span>
    </p>
   </div>
   <div class='ocr_carea' id='block_1_114' title="bbox 1437 5625 1820 5695">
    <p class='ocr_par' dir='ltr' id='par_1_114' title="bbox 1437 5625 1820 5695">
     <span class='ocr_line' id='line_1_114' title="bbox 1437 5625 1820 5695; baseline 0.008 -14"><span class='ocrx_word' id='word_1_861' title='bbox 1437 5633 1522 5675; x_wconf 62' lang='lat'><strong>1&#39;1</strong></span> <span class='ocrx_word' id='word_1_862' title='bbox 1552 5625 1634 5683; x_wconf 90' lang='lat' dir='ltr'><strong>lsa</strong></span> <span class='ocrx_word' id='word_1_863' title='bbox 1664 5646 1702 5695; x_wconf 86' lang='grc' dir='ltr'><strong>ι,</strong></span> <span class='ocrx_word' id='word_1_864' title='bbox 1729 5634 1820 5690; x_wconf 71' lang='grc'><strong>49.</strong></span> 
     </span>
    </p>
   </div>
   <div class='ocr_carea' id='block_1_115' title="bbox 1504 5720 2054 5787">
    <p class='ocr_par' dir='ltr' id='par_1_115' title="bbox 1504 5720 2054 5787">
     <span class='ocr_line' id='line_1_115' title="bbox 1504 5720 2054 5787; baseline -0.007 -6"><span class='ocrx_word' id='word_1_865' title='bbox 1504 5721 1701 5784; x_wconf 72' lang='lat' dir='ltr'><strong>Variae</strong></span> <span class='ocrx_word' id='word_1_866' title='bbox 1725 5720 2054 5787; x_wconf 84' lang='lat' dir='ltr'><strong>lectiones.</strong></span> 
     </span>
    </p>
   </div>
   <div class='ocr_carea' id='block_1_116' title="bbox 239 5824 645 5896">
    <p class='ocr_par' dir='ltr' id='par_1_116' title="bbox 239 5824 645 5896">
     <span class='ocr_line' id='line_1_116' title="bbox 239 5824 645 5896; baseline 0.002 -17"><span class='ocrx_word' id='word_1_867' title='bbox 239 5824 283 5861; x_wconf 83' lang='grc'><strong>⁶¹</strong></span> <span class='ocrx_word' id='word_1_868' title='bbox 327 5824 549 5896; x_wconf 82' lang='grc' dir='ltr'>φρικτόν</span> <span class='ocrx_word' id='word_1_869' title='bbox 573 5841 645 5880; x_wconf 84' lang='grc' dir='ltr'>ιιι.</span> 
     </span>
    </p>
   </div>
  </div>
