3806 6622
135 403 223 470 861
927 411 1338 479 EXPOSITIO
1373 417 1454 481 IN
1497 419 1622 481 EPI
1629 419 1719 480 ST

1871 422 1972 484 AD
2011 421 2180 484 COR.
2231 450 2298 462 —
2331 423 2492 487 CAP.
2527 423 2628 488 VI.

3299 429 3406 497 8692

132 523 217 574 καὶ
252 519 394 590 μετὰ
455 521 677 578 τούτων
724 525 944 580 πάντων
995 528 1092 582 καὶ
1125 529 1400 601 ὴγρύπνει
1449 534 1544 587 καὶ
1595 534 1718 605 ἑνή-

1857 536 2023 603 lebat,
2075 552 2308 609 cumque
2358 539 2444 594 bis
2494 537 2747 594 omnibus
2801 549 2857 594 et
2888 536 3130 609 vigilavit
3171 550 3226 596 et
3259 541 3404 612 jeju-

131 631 335 670 στευεν.

199 725 218 759 ι
265 706 357 760 Ἐν
383 707 683 780 ἁγνότητι.
717 730 735 764 t
773 713 884 782 Τὴν
921 733 1281 789 σωφροσύνην
1331 717 1477 772 οῦτω
1523 719 1716 790 φησὶν,

127 803 156 872 ἢ
183 801 280 870 τὴν
304 800 364 856 ἐν
391 803 541 856 πᾶσι
574 805 948 877 καθαρότητα,
974 812 1067 866 καὶ
1091 812 1152 866 τὸ
1175 813 1604 884 ἀδωροδόκητον,
1623 813 1721 868 καὶ

127 893 181 945 τὸ
207 893 512 959 ἀδαπάνως
545 897 880 961 κηρύσσειν.

197 1097 215 1129 ι
261 1079 352 1132 Ἐν
383 1077 628 1146 γνώσει.
669 1100 688 1131 ι
721 1082 1040 1151 Ἰὀυτὲστιν,
1067 1087 1126 1140 ἐν
1146 1090 1212 1160 τῇ
1235 1088 1332 1142 τοῦ
1355 1089 1490 1143 Θεοῦ
1513 1091 1678 1163 σοφία
1700 1108 1718 1123 ⁸

127 1174 240 1243 ἥτις
272 1173 428 1227 ἐστὶν
460 1173 648 1239 ὅντως
683 1177 914 1244 γνῶσιςο
944 1181 1065 1251 οὐχὶ
1109 1184 1175 1251 τῇ
1221 1180 1346 1247 ἔξω,
1385 1182 1638 1254 καθάπερ
1669 1185 1719 1238 οἱ

124 1266 590 1335 ιξευδαττῦστολοι.
1291 1303 1301 1314 .

201 1377 220 1410 t
267 1359 360 1411 Ἐν
396 1360 792 1431 μακροθυμίᾳ,
827 1364 884 1416 ὲν
931 1364 1284 1435 χρηστότητι.
1325 1384 1344 1420 ι
1395 1368 1718 1440 Ἀδαμαντί-

126 1469 214 1522 νης
233 1451 439 1522 ψυχῆς,
471 1453 563 1514 τὸ,
594 1456 861 1510 πάντοθεν
899 1458 1344 1529 παροξυνόμενον
1370 1464 1465 1516 καὶ
1494 1463 1720 1516 κεντού-

132 1562 303 1616 μενον,
337 1545 403 1598 ού
461 1546 636 1616 μόνον
686 1549 1083 1620 μακροθυμεῖν,
1124 1552 1262 1606 ἀλλὰ
1301 1554 1396 1607 καὶ
1445 1553 1720 1626 ’χρηστεύ-

129 1642 296 1697 εσθαι.

197 1753 216 1786 ι
261 1734 352 1786 Ἐν
386 1734 688 1804 Πνεύματι
747 1738 912 1810 ἁγίῳ.
945 1757 964 1791 ι
998 1737 1274 1804 Δείκνυσι,
1323 1739 1492 1793 πόθεν
1539 1743 1718 1795 πάντα

127 1828 290 1882 ταῦτα
320 1829 731 1901 κατώρθωσενο
751 1834 833 1886 ὅτι
867 1851 886 1884 t
916 1834 973 1885 ἐν
999 1833 1630 1905 Πνεύματιάγίῳ.ι“υτε
1661 1834 1718 1888 δὲ

1829 629 2000 685 navit.

1907 721 2071 776 Vens.
2103 720 2157 776 6.
2194 739 2214 774 ι
2256 720 2313 775 In
2345 722 2598 790 puritate.
2634 742 2652 776 ι
2687 725 3125 796 Temperantiam
3171 725 3252 782 sie
3307 739 3405 800 ap-

1826 812 2012 885 pellat,
2051 811 2132 868 vel
2188 814 2480 883 puritatem
2515 815 2566 869 in
2597 817 2849 871 omnibus
2877 818 3061 879 rebus,
3111 829 3222 872 tum
3254 821 3397 889 quod

1841 920 2126 960 munerum
2157 906 2527 975 corruptelam
2561 923 2666 961 non
2695 908 2991 974 admiserit,
3026 920 3135 964 tum
3156 912 3297 981 quod
3327 913 3404 967 ci-

1831 1006 1911 1052 tra
1948 1005 2219 1066 sumptum
2246 999 2646 1068 pradicaverit.

1909 1108 1928 1141 ι
1973 1088 2030 1142 In
2067 1090 2319 1145 scientia.
2365 1108 2384 1142 ›
2421 1089 2536 1146 Hoc
2565 1101 2671 1157 est,
2711 1091 2766 1146 in
2803 1092 2894 1147 Dei
2955 1096 3244 1164 sapientia,
3279 1113 3402 1167 qua:

1826 1188 1910 1236 est
1955 1196 2144 1236 revera
2198 1181 2606 1237 scientiaznon
2659 1193 2909 1253 externa,
2960 1187 3405 1256 pseudapostolo-

1829 1291 1946 1329 rum
1982 1291 2155 1330 more.

1910 1385 1928 1418 ι
1963 1365 2017 1421 In
2051 1368 2484 1438 longanimitate,
2510 1369 2562 1423 in
2596 1369 2953 1441 benignitate.
2996 1390 3014 1424 ›
3048 1373 3400 1430 Adamantiui

1826 1459 1984 1524 plane
2016 1461 2182 1514 animi
2212 1471 2314 1526 est,
2347 1462 2392 1514 si
2447 1463 2586 1530 quis,
2640 1478 2760 1516 cum
2828 1466 3062 1536 undique
3115 1469 3406 1522 exacerbe-

1829 1561 1917 1606 tur
1940 1562 1992 1604 et
2015 1562 2298 1621 pungatur,
2331 1570 2432 1607 non
2458 1554 2998 1626 solumlonganimis,
3029 1571 3213 1613 verum
3240 1560 3402 1614 etiam

1833 1642 1978 1697 mitis
2004 1643 2076 1697 sit
2111 1654 2166 1698 et
2191 1645 2476 1713 benignus.

1906 1755 1924 1788 ι
1954 1737 2012 1791 lu
2046 1737 2250 1806 Spiritu
2283 1750 2492 1796 saneto.
2534 1760 2552 1793 ι
2579 1741 2828 1796 Ostendit
2857 1743 3000 1797 unde
3042 1743 3162 1798 haec
3215 1744 3395 1798 omnia

1829 1829 2093 1898 peregerit
2122 1829 2410 1884 :nimirum
2439 1849 2458 1883 t
2489 1831 2544 1886 in
2585 1830 2788 1902 Spiritu
2813 1842 3022 1888 sancto.
3067 1853 3085 1886 ι
3143 1833 3279 1889 Cum
3307 1849 3404 1888 au-

129 1922 191 1975 τὰ
236 1921 369 1991 παρ’
405 1921 621 1976 ἑαυτοῦ
690 1925 1030 1990 ἐπεδείξατο,
1088 1901 1212 1979 τότε
1250 1925 1348 1997 τὴν
1403 1901 1500 1980 τοῦ
1557 1927 1716 1995 ἁγίου

1852 1935 1934 1975 em
1969 1937 2068 1976 sua
2100 1923 2450 1990 ostendisset,
2501 1934 2610 1978 tum
2647 1925 2881 1992 Spiritus
2915 1926 3090 1980 sancti
3135 1927 3400 1982 auxilium

132 2014 451 2084 Πνεύματος
486 2015 753 2088 βοήθειαν
781 2017 1002 2086 ἔθηκεν.
1062 2019 1282 2072 Νοεῖται
1311 2019 1365 2072 δὲ
1405 2019 1485 2072 ὅτι
1517 2021 1609 2072 καὶ
1663 2020 1720 2072 ἐν

133 2106 434 2177 χαρίσμασι
499 2111 900 2179 πνευματικοῖς
921 2125 934 2139 ·
963 2111 1059 2163 καὶ
1121 2109 1231 2180 γὰρ
1287 2111 1382 2164 καὶ
1417 2112 1476 2163 ὲν
1505 2110 1720 2174 τούτοις

131 2196 415 2266 δείκνυμεν
451 2197 540 2251 ὅτι
566 2198 705 2252 Θεοῦ
727 2201 895 2270 ἐσμεν
913 2199 1173 2264 διάκονοι,
1195 2200 1289 2254 ἆτε
1315 2200 1576 2272 θαύματα
1603 2202 1724 2254 ἐπι-

131 2287 489 2356 δεικνύμενοι.
539 2290 617 2343 Ἦ
667 2290 750 2344 ὅτι
781 2290 875 2344 καὶ
914 2291 971 2343 ἐν
1027 2290 1106 2362 τῷ
1131 2291 1409 2360 Πνεύματι
1469 2291 1548 2362 τῷ
1581 2292 1722 2362 ἁγίῳ

135 2381 455 2451 πρεσκοπὴν
490 2382 603 2436 οὐκ
655 2382 961 2453 ἐδώκαμεν,
995 2382 1298 2447 τουτέστιν,
1331 2384 1390 2435 ἐν
1417 2384 1530 2446 τοῖς
1562 2383 1723 2453 χαρί-

137 2488 294 2540 σμασι
325 2472 425 2525 τοῦ
461 2473 816 2544 Πνεύματος.
863 2474 1055 2528 Πολλοὶ
1093 2474 1204 2545 γὰρ
1236 2475 1617 2543 ἐπαιρόμενοι,
1646 2475 1724 2539 ὡς

137 2558 182 2609 oi
209 2558 306 2620 τὰς
337 2559 613 2628 γλώσσας
657 2561 893 2632 ἔχοντες,
933 2563 1033 2616 οὐκ
1078 2563 1159 2627 είς
1187 2563 1306 2618 δέον
1335 2563 1576 2636 χρῶνται
1599 2563 1724 2618 τού-

133 2663 236 2711 τοις
259 2665 272 2677 ·
305 2649 422 2701 ἀλλ’
463 2651 577 2720 οὐχ
603 2653 694 2720 δγε
718 2652 934 2716 Παῦλος
955 2650 1151 2716 οὕτως.
1182 2712 1186 2715 ,

206 2758 223 2791 ι
245 2741 332 2794 Ἐν
368 2742 582 2816 ἀγάπῃ
616 2744 988 2814 ἀνυποκρίτῳ.
1030 2765 1048 2798 ι
1088 2745 1261 2800 Τοῦτο
1289 2747 1349 2800 τὸ
1382 2748 1601 2803 πάντων
1627 2750 1717 2804 αἵ-

139 2845 244 2886 τιον
288 2835 401 2889 τῶν
454 2836 710 2905 ἀγαθῶν,
741 2839 898 2892 τοῦτο
923 2838 1016 2892 καὶ
1060 2839 1122 2893 τδ
1153 2840 1380 2913 Πνεῦμα
1406 2843 1540 2915 παρ’
1569 2843 1722 2916 αὐτῷ

144 2926 314 2995 μένειν
343 2929 562 2984 ἐποίει.

206 3037 229 3073 ι
272 3021 362 3076 Ἐν
391 3023 555 3094 λόγῳ
612 3023 896 3095 ἀληθείας.
936 3043 956 3077 ι
984 3025 1299 3092 Τουτέστιν,
1347 3027 1410 3082 οὐ
1449 3027 1726 3094 δολοῦντες

145 3112 226 3167 τῖον
254 3114 412 3182 λόγον
434 3117 546 3169 τοῦ
575 3116 734 3172 Θεοῦ.

209 3224 228 3256 ι
300 3207 387 3260 Ἐν
415 3208 658 3275 δυνάμει
701 3208 859 3263 Θεοῦ.
897 3229 916 3263 ι
957 3211 1145 3279 Οὐδὲν,
1177 3213 1363 3282 φησὶν,
1400 3213 1554 3282 ἐμὸν,
1585 3213 1724 3270 ἀλλὰ
1751 3243 1800 3306 c

147 3297 313 3351 πάντα
339 3299 531 3353 ταῦτα
556 3302 614 3354 ὲν
647 3301 875 3373 δυνάμει
902 3302 1035 3357 Θεοῦ
1067 3306 1388 3377 ἑγένοντο,ῆ
1418 3308 1514 3361 καὶ
1541 3307 1598 3360 ἐν
1622 3324 1723 3378 ση-

148 3387 309 3456 μείοις
332 3390 428 3444 καὶ
452 3391 677 3462 τέρασι,
705 3393 799 3446 καὶ
824 3393 1121 3466 κολαστικῇ
1156 3396 1249 3448 καὶ
1267 3395 1594 3476 εὐεργετικῇ
1625 3397 1724 3450 δυ-

148 3497 320 3549 ναμει.

216 3591 234 3623 ι
255 3573 350 3627 Διὰ
381 3576 490 3628 τῶν
520 3575 700 3630 ὃπλων
745 3576 844 3647 τῆς
885 3576 1234 3648 δικαιοσύνης
1258 3597 1287 3632 τ
1306 3578 1383 3632 ὧν
1412 3579 1604 3644 δεξιῶν
1629 3580 1725 3634 καὶ

147 3661 247 3714 τῶν
283 3664 624 3736 ἀριστερῶν.
663 3686 682 3718 ι
718 3666 900 3721 Ὅπλα
949 3666 1300 3739 δικαιοσύνης
1339 3670 1626 3741 ἀριστερὰ,
1656 3670 1726 3724 τὰ

149 3749 355 3825 λυπηρὰ
417 3759 644 3811 πάντα·
679 3758 822 3812 ὅπλα
868 3759 988 3831 μὲν,
1028 3761 1104 3825 ὡς
1157 3762 1465 3832 τειχίζοντα
1519 3765 1616 3816 καὶ
1669 3765 1726 3816 ὲν

152 3843 408 3921 ἀσφαλείᾳ
474 3851 865 3905 καθιστῶντα·
900 3855 1168 3924 ἀριστερὰ
1231 3855 1310 3920 δὲ,
1359 3855 1446 3910 διὰ
1486 3855 1582 3926 τὴν
1617 3854 1726 3909 τῶν

152 3937 355 3994 πολλῶν
386 3941 691 4014 ὑπόληψιν.
720 3943 832 3998 Καὶ
865 3945 972 4014 γὰρ
1003 3947 1096 3998 καὶ
1129 3947 1157 3998 ὁ
1191 3946 1397 4017 Κύριος
1440 3947 1726 4001 ἐκέλευσεν

153 4030 418 4104 εὔχεσθαι,
461 4038 543 4110 μὴ
571 4039 832 4092 εἰσελθεῖν
875 4042 953 4104 είς
985 4042 1316 4112 πειρασμόν.
1359 4042 1522 4109 Δεξιὰ
1547 4041 1627 4107 δὲ,
1655 4043 1725 4096 τὰ

157 4126 512 4202 εῦθυμότερα.
555 4132 634 4186 Δι’
671 4134 1000 4204 ἀμφοτέρων
1038 4129 1132 4188 οὖν
1168 4133 1380 4198 Παῦλος
1425 4135 1726 4207 ἀμώμητος

161 4217 443 4293 ὶδείκνυτο,
484 4225 611 4280 οῦτε
663 4228 776 4290 τοῖς
809 4227 1074 4298 λυπηροῖς
1127 4228 1567 4298 συστελλόμενος,
1600 4229 1722 4284 οὗτε

161 4313 263 4374 τοῖς
292 4315 686 4388 εὐθυμοτέροις
715 4317 1076 4390 ὁγκούμενος,
1112 4318 1230 4373 ἀλλ’
1268 4321 1410 4375 ὅπλα
1449 4320 1724 4375 δικαιοσύ-

159 4415 246 4471 νης
271 4406 444 4462 ταῦτα
471 4409 643 4464 ποιῶν
680 4409 750 4465 ⁸⁸.

233 4514 252 4547 ‹
285 4499 380 4553 Διὰ
403 4501 564 4572 δόξης
591 4503 685 4556 καὶ
715 4503 966 4574 ἀτιμίας.
1008 4521 1027 4555 ›
1074 4503 1453 4575 Ἠρμήνευσεν
1494 4507 1625 4576 ἡμῖν
1656 4506 1727 4561 τὰ

1824 2014 2023 2082 posuit.
2062 2016 2385 2086 Intelligitur
2406 2019 2592 2085 etiam,
2623 2034 2738 2088 pro,
2779 2037 2798 2071 t
2833 2020 2885 2074 in
2944 2021 3101 2074 donis
3141 2020 3404 2089 spiritum-

1823 2102 1998 2170 libns;
2038 2121 2057 2154 ›
2082 2119 2176 2173 per
2206 2106 2317 2160 iure
2350 2107 2492 2160 enim
2513 2107 2896 2160 documentum
2930 2121 3146 2175 quoque
3179 2107 3389 2170 damus,

1823 2196 1965 2265 quod
1999 2195 2094 2250 Dei
2117 2198 2288 2252 simus
2312 2197 2568 2263 ministri,
2609 2206 2667 2251 ut
2691 2199 2783 2267 qui
2823 2197 3080 2252 miracula
3133 2197 3398 2252 exhibea-

1826 2296 1982 2345 tnus:
2002 2285 2098 2343 Vel
2129 2289 2183 2343 in
2229 2289 2435 2359 Spiritu
2465 2299 2652 2344 sancto
2703 2289 2902 2344 nullam
2956 2289 3203 2344 dedimus
3234 2287 3399 2343 oﬂ'en-

1827 2381 2058 2445 sionem,
2095 2382 2198 2436 hoc
2223 2391 2326 2447 est,
2359 2384 2410 2436 in
2441 2383 2600 2438 donis
2627 2381 2888 2452 Spiritus.
2934 2381 3086 2436 Multi
3129 2383 3270 2436 enim
3302 2397 3399 2436 eo-

1828 2487 1946 2526 rum
1985 2474 2076 2542 qui
2129 2473 2448 2538 efferuntur,
2491 2473 2656 2529 veluti
2703 2474 2737 2527 ii
2783 2475 2874 2544 qui
2927 2475 3138 2544 linguas
3181 2475 3404 2539 habent,

1827 2565 1895 2620 iis
1921 2567 1996 2621 uti
2022 2567 2177 2622 decet
2208 2581 2317 2622 non
2346 2575 2591 2622 utuntur.
2627 2565 2822 2622 Paulus
2855 2582 2985 2621 vero
3025 2583 3128 2622 non
3157 2568 3258 2623 sic.

1909 2768 1928 2802 ι
1967 2748 2020 2803 In
2057 2748 2324 2804 cbaritate
2352 2764 2459 2804 non
2492 2747 2640 2804 ﬁcta.
2669 2767 2687 2801 ι
2719 2746 2849 2804 Haec
2871 2764 2958 2803 res
2981 2749 3218 2802 omnium
3247 2749 3406 2803 bono-

1828 2857 1948 2898 rum
1979 2858 2143 2897 causa
2175 2851 2258 2897 est
2290 2859 2304 2896 :
2339 2842 2453 2897 haec
2478 2850 2530 2896 et
2566 2843 2829 2912 Spiritum
2870 2842 3008 2912 apud
3053 2857 3174 2895 cum
3201 2835 3408 2910 perma-

1827 2949 1960 2991 nere
1984 2935 2240 2990 faciebat.

1904 3025 2070 3080 Vens.
2103 3027 2156 3080 7.
2193 3045 2212 3079 ι
2241 3024 2298 3080 In
2323 3026 2488 3081 verbo
2515 3025 2786 3080 veritatis.
2830 3043 2848 3077 ›
2881 3023 2994 3080 Hoc
3051 3033 3156 3087 est,
3186 3040 3290 3078 non
3321 3025 3410 3079 de-

1833 3128 2126 3190 pravantes
2156 3121 2376 3174 verbum
2407 3120 2521 3172 Dei.

1914 3233 1933 3266 ι
1975 3215 2034 3269 1n
2068 3215 2267 3266 virtute
2302 3210 2415 3265 Dei.
2453 3230 2470 3262 ι
2515 3209 2679 3274 Nihil,
2713 3210 2913 3279 inquit,
2967 3224 3144 3265 meum
3179 3197 3290 3274 est,
3309 3207 3404 3263 sed

1832 3311 1947 3364 litec
1972 3305 2154 3363 omnia
2187 3305 2241 3358 in
2271 3303 2472 3356 virtute
2500 3312 2554 3355 et
2588 3302 2828 3371 putentia
2863 3301 2956 3355 Dei
2977 3299 3120 3354 facta
3141 3299 3405 3363 sunt,vvel

1830 3401 1884 3456 in
1922 3399 2090 3469 signis
2109 3398 2273 3453 etiam
2309 3405 2472 3464 atque
2504 3394 2762 3464 prodigiis
2795 3401 2850 3447 et
2879 3394 3099 3458 virtute,
3131 3407 3235 3462 qua
3265 3391 3406 3446 Deus

1827 3500 1882 3548 et
1915 3490 2088 3561 punit,
2124 3498 2177 3544 et
2203 3487 2470 3543 beneficia
2503 3485 2659 3540 nobis
2698 3484 2960 3552 impertit.

1910 3599 1929 3633 ι
1955 3578 2064 3634 Per
2103 3593 2256 3632 arma
2297 3577 2522 3647 iustitiae
2579 3578 2770 3630 dextra
2821 3583 2874 3627 et
2909 3574 3149 3628 sinistra.
3185 3590 3205 3625 ι
3240 3571 3406 3627 Arma

1824 3673 2047 3742 iustitiae
2075 3671 2316 3734 sinistra,
2353 3667 2531 3723 tristia
2563 3675 2791 3733 cuncta;
2843 3680 2992 3718 arma
3034 3664 3250 3732 quidem
3288 3673 3406 3717 tan-

1828 3779 1989 3834 quam
2019 3761 2337 3826 munientia,
2375 3773 2439 3813 ae
2470 3759 2522 3812 in
2555 3767 2671 3812 tuto
2719 3772 2817 3812 nos
2866 3756 3184 3810 collocautia
3213 3765 3230 3822 ς
3267 3756 3407 3810 sini-

1828 3867 1941 3909 stra
1971 3867 2116 3917 vero,
2143 3849 2366 3922 propter
2393 3848 2689 3904 multorum
2737 3849 3072 3915 opinionem.
3106 3845 3387 3914 Siquidem

1829 3956 1884 4000 et
1918 3944 2178 3999 Dominus
2204 3943 2319 4012 ipse
2363 3956 2465 3996 nos
2493 3955 2650 3994 orare
2703 3939 2887 4007 jussit,
2927 3953 2994 3992 ne
3043 3938 3409 4007 ingrediantur

1829 4039 1882 4094 in
1918 4039 2298 4094 tentationem.
2338 4035 2538 4091 Dextra
2592 4031 3121 4100 vero,,jucundiora.
3155 4031 3210 4084 ln
3241 4031 3408 4085 utris-

1828 4147 1936 4202 que
1977 4146 2108 4199 ergo
2157 4129 2356 4186 Paulus
2417 4126 2910 4198 irrepreltensibilis
2980 4126 3405 4188 monstrabatur,

1831 4235 1890 4280 ut
1922 4223 2016 4295 qui
2047 4238 2224 4293 neque
2258 4222 2504 4278 tristibus
2560 4219 2920 4285 dejiceretnr,
2962 4235 3137 4287 neque
3171 4219 3306 4273 Iunis
3332 4217 3409 4271 et-

1829 4318 2091 4382 ferretur,
2125 4316 2220 4372 sed
2247 4330 2395 4370 arma
2422 4315 2644 4386 justitia:
2691 4313 2808 4368 haec
2841 4326 3027 4367 revera
3057 4312 3280 4367 faceret.

1900 4502 2060 4558 Vens.
2082 4503 2135 4558 8.
2171 4521 2190 4554 ι
2218 4501 2324 4557 Per
2346 4499 2574 4571 gloriam
2596 4505 2652 4552 et
2685 4496 3056 4568 ignominiam.
3079 4514 3099 4548 ι
3136 4495 3408 4567 Interpre-

160 4585 299 4652 δεξιὰ
325 4596 422 4649 καὶ
445 4596 516 4648 τὰ
549 4596 836 4668 ἀριστερὰ,
877 4598 963 4651 ὅτι
987 4596 1116 4662 δόξα
1139 4598 1234 4651 καὶ
1272 4598 1480 4662 ἀδοξία.
1510 4600 1634 4664 Πῶς
1667 4600 1721 4654 δὲ

1857 4609 1974 4654 alus
1992 4598 2154 4669 275
2172 4597 2442 4667 estnobis,
2462 4596 2648 4651 dextra
2675 4604 2729 4649 et
2747 4595 2993 4656 sinistra,
3007 4593 3150 4662 quod
3171 4593 3282 4647 sint
3297 4591 3410 4660 glo-

163 4679 314 4736 ὅπλον
364 4686 714 4759 δικαιοσύνης
755 4689 973 4760 ἡδόξα;
1002 4690 1126 4744 Ὅτι
1179 4691 1411 4754 πολλοὺς
1441 4693 1623 4759 ἐνάγει
1649 4695 1728 4756 εἰς

164 4776 458 4851 εὐσέϐειαν,
492 4785 556 4838 τὸ
605 4786 871 4856 τιμᾶσθαι
903 4787 1028 4849 τοὺς
1073 4785 1456 4849 διδασκάλους.
1486 4787 1552 4839 Τί
1587 4785 1680 4839 οῦν
1709 4803 1724 4853 ;

165 4869 313 4926 τοῦτο
347 4878 683 4949 κατόρθωμα
718 4879 938 4934 Παύλου
967 4897 982 4947 ;
1025 4879 1154 4944 Ναὶ,
1195 4881 1277 4933 ὅτι
1305 4881 1406 4934 ούκ
1436 4880 1730 4950 ἐχαυνοῦτο

165 4957 509 5037 δοξαζόμενος
531 4986 545 5002 ·
573 4973 607 5042 ἡ
646 4969 830 5038 ἀδοξία
854 4972 910 5025 δὲ
935 4972 1216 5042 ὑπομονὴν
1241 4972 1724 5044 κατεργαζομένη,

169 5053 440 5132 εὐδόκιμον
479 5063 644 5118 αὐτὸν
675 5063 872 5131 ἐποίει,
896 5065 990 5119 καὶ
1020 5064 1224 5119 εὐώδου
1255 5065 1319 5120 τὸ
1351 5067 1633 5138 κήρυγμα.

241 5346 258 5382 ι
292 5333 386 5388 Διᾶ
410 5337 719 5406 δυσφημίας
747 5337 839 5389 καὶ
864 5334 1160 5407 εὐφημίας.
1197 5353 1217 5388 t
1245 5335 1356 5390 Καὶ
1379 5336 1536 5390 τοῦτο
1562 5337 1728 5407 μέγα,

175 5419 230 5473 τὸ
268 5423 547 5497 ὑπομεῖναι
578 5427 912 5499 δυσφημίανο
963 5428 1214 5497 μεγάλως
1264 5430 1370 5499 γὰρ
1413 5430 1512 5499 τῆς
1551 5430 1732 5500 ψυχῆς

175 5515 514 5575 καθάπτεται.
553 5524 644 5576 Διὸ
688 5523 838 5577 καὶὸ
871 5521 1076 5591 Κύριος
1110 5522 1406 5593 μακαρίζει
1437 5523 1564 5585 τοὺς
1595 5523 1732 5574 ὑπο-

183 5606 420 5675 μένοντας
444 5616 533 5669 τὸν
563 5615 888 5685 ὀνειδισμόν.
935 5615 1023 5667 Ἐν
1069 5615 1166 5686 μὲν
1196 5614 1302 5684 γὰρ
1335 5616 1450 5678 τοῖς
1478 5613 1733 5684 βασάνοις

245 5735 270 5764 ι
303 5725 435 5786 Psal.
461 5750 624 5799 cmi,
662 5733 746 5787 18.

1825 4693 1904 4746 ria
1925 4702 1979 4746 et
2006 4690 2324 4761 ignominia.
2341 4687 2622 4754 Quomodo
2635 4702 2765 4741 vero
2782 4701 2932 4740 arma
2948 4686 3172 4755 iustitia:
3201 4684 3409 4754 gloria?

1825 4783 2094 4850 Quoniam
2121 4781 2318 4836 multos
2343 4780 2548 4836 inducit
2571 4780 2636 4833 ad
2669 4779 2950 4846 pietatem,
2984 4781 3156 4834 honor
3193 4779 3283 4847 qui
3314 4777 3409 4832 de-

1824 4876 2002 4931 fertur
2033 4874 2372 4930 doctoribus.
2396 4872 2536 4940 Quid
2561 4871 2722 4928 inde?
2750 4872 3000 4927 llaeccine
3027 4871 3175 4926 Pauli
3199 4871 3408 4925 virtus?

1830 4968 1966 5034 lmo,
1999 4967 2125 5036 quia
2155 4981 2279 5021 cum
2313 4966 2484 5035 gloria
2519 4964 2746 5020 affectus
2781 4973 2950 5027 esset,
2986 4979 3094 5017 non
3126 4963 3408 5031 superbie-

1825 5059 2268 5132 bat.lgnomiuia
2329 5068 2510 5114 autem
2564 5074 2684 5124 quae
2754 5058 3100 5126 patientiam)
3129 5064 3406 5125 operatur,

1835 5156 2010 5225 ipsum
2047 5154 2333 5224 probatum
2365 5151 2654 5219 efﬁciebat,
2703 5150 3245 5221 praedicationemque
3290 5148 3408 5218 ejus

1826 5247 2042 5303 felicem
2071 5245 2356 5302 reddebat.

1905 5357 1925 5392 ι
1960 5339 2062 5393 Per
2089 5337 2369 5393 infantiam
2399 5345 2454 5392 et
2486 5336 2680 5391 bonam
2730 5335 2950 5390 famam.
2989 5352 3008 5386 ι
3047 5333 3158 5388 Hoc
3184 5347 3401 5404 quoque

1829 5434 2055 5489 arduum
2109 5442 2214 5496 est,
2270 5430 2544 5486 infamiam
2603 5430 2927 5483 sustinere:
2981 5444 3106 5482 nam
3162 5426 3402 5481 animum

1828 5540 2156 5596 magnopere
2199 5533 2400 5579 movet.
2451 5521 2746 5592 Propterea
2802 5523 3061 5578 Dominus
3093 5537 3186 5577 eos
3217 5521 3405 5576 beatos

1827 5618 2106 5686 pne-dicat,
2133 5615 2222 5686 qui
2247 5614 2536 5684 opprobria
2568 5612 2746 5667 ferunt
2767 5625 2815 5666 ιι.
2855 5613 2914 5666 in
2948 5609 3232 5668 tormentis
3254 5607 3400 5665 enim

1507 5803 1700 5867 Varia)
1725 5802 2054 5865 lectiones.

249 5871 289 5907 “
310 5877 471 5939 ταῦτα
495 5884 663 5948 ὅντως
693 5882 862 5940 ποιῶν
887 5899 959 5938 tu.
