3806 6626
415 405 521 467 863

1319 404 1896 467 THEOPHYLACTI
1930 403 2343 466 BULGARIIE
2382 402 2740 488 ARCHIER

3523 407 3632 472 .86!

414 531 616 589 corpus
659 532 778 574 cum
814 518 992 573 anima
1025 518 1260 588 partitur
1285 517 1541 586 dolores;
1579 520 1632 572 in
1663 517 1992 573 contumelia

2112 516 2155 570 :0
2187 515 2349 586 σῶμα
2383 514 2668 586 μερίζεται
2711 514 2808 568 σὺν
2840 515 2905 584 τῇ
2945 513 3091 587 ψυχῇ
3137 514 3238 578 τὰς
3272 513 3567 585 ἀλγηδόνας·
3589 523 3634 573 ἐν

413 625 546 664 vero
567 611 680 664 sive
703 609 948 676 infamia,
971 619 1140 664 totum
1164 626 1304 666 onus
1326 612 1517 666 animae
1539 611 1786 667 imminet
1809 628 1822 666 :
1849 613 1992 667 unde

415 713 465 756 et
485 699 618 756 Jobo
644 701 786 756 istuc
807 704 1018 758 caeteris
1043 703 1213 773 plagis
1236 703 1452 774 gravius
1471 712 1607 760 erat.
1647 722 1667 755 ι

489 818 508 850 ι
536 798 814 865 Tanquam
846 797 1161 853 seductores
1195 809 1508 853 etveraces.
1533 817 1552 848 ι
1594 796 1703 852 Hoc
1734 807 1819 852 est
1847 795 1990 867 quod

416 892 568 954 dixit,
607 910 625 944 ι
665 891 764 945 Per
795 891 1142 963 ignominiam
1173 901 1228 946 et
1254 893 1448 946 bonam
1481 891 1706 946 famam.

487 984 651 1038 Vens.
680 985 734 1039 9.
784 1003 802 1036 ι
847 982 1003 1038 Velut
1034 985 1262 1050 ignorati
1300 993 1354 1037 et
1399 985 1589 1051 agniti.
1624 1003 1642 1035 ι
1678 983 1812 1038 Aliis
1844 984 1990 1039 enim

416 1075 646 1130 adornati
680 1085 733 1129 et
763 1075 964 1144 cogniti
994 1084 1168 1140 erant,
1215 1077 1304 1130 alii
1337 1091 1468 1130 vero
1515 1076 1660 1144 ipsos
1686 1092 1751 1130 ne
1777 1077 1992 1131 novisse

417 1167 633 1234 quidem
670 1169 872 1238 dignati
905 1179 1082 1225 erant.
1120 1168 1230 1225 lloc
1261 1182 1440 1224 autem
1485 1171 1624 1225 idem
1655 1180 1737 1224 est
1776 1186 1898 1224 cum
1926 1185 1992 1226 eo

415 1263 560 1330 quod
597 1262 751 1326 dixit,
793 1281 810 1312 ι
855 1262 955 1316 Per
983 1261 1206 1331 gloriam
1236 1271 1289 1316 et
1320 1263 1686 1332 ignominiam.
1721 1281 1740 1315 ι

496 1369 516 1402 ‹
547 1351 828 1419 Tanquam
853 1354 1169 1414 morientes,
1197 1363 1248 1406 et
1267 1367 1394 1407 ecce
1419 1353 1669 1408 vivimus.
1703 1371 1720 1404 ι
1754 1352 1868 1410 Hoc
1885 1364 1990 1420 est,

418 1452 674 1512 tanquam
710 1445 870 1499 morti
903 1443 1100 1496 addicti
1148 1455 1202 1498 et
1233 1445 1603 1510 condemnati,
1631 1462 1696 1501 ac
1724 1457 1992 1517 quatenus

416 1534 483 1589 ad
511 1542 744 1589 mentem
774 1533 1147 1588 insidiantium
1176 1535 1428 1604 pertinet,
1463 1554 1482 1588 ι
1517 1539 1810 1595 morientes
1841 1557 1860 1591 ι
1895 1553 1992 1610 per

419 1629 511 1684 Dei
546 1639 728 1684 autem
766 1629 1062 1698 potentiam
1101 1648 1119 1681 ι
1152 1643 1278 1684 ecce
1311 1629 1564 1687 vivimus.
1609 1651 1630 1684 ι

495 1738 515 1772 ι
551 1719 832 1789 Tanquam
870 1720 1142 1788 castigati,
1171 1728 1224 1775 et
1260 1736 1366 1776 non
1394 1721 1585 1777 occisi.
1646 1741 1667 1776 ι
1697 1723 1987 1791 Permittit,

419 1812 617 1880 inquit,
655 1813 765 1866 haec
794 1811 960 1876 Deus,
995 1821 1050 1864 ut
1088 1812 1302 1866 erudiat
1327 1827 1425 1867 nos
1453 1823 1507 1866 et
1535 1814 1782 1881 castiget.
1814 1814 1991 1881 Quare

419 1902 739 1966 etiamnum,
776 1913 905 1956 ante
957 1901 1137 1957 futura
1194 1903 1282 1958 illa
1328 1905 1572 1975 praemia,
1605 1920 1714 1960 non
1741 1907 1989 1978 exiguum

420 1996 574 2051 nobis
637 2010 664 2048 a
720 1997 1080 2066 castigatione
1131 1995 1339 2051 lucrum
1381 1999 1648 2066 provenit.
1703 1999 1745 2053 A
1794 1998 1994 2056 Davide

419 2095 599 2141 autem
629 2087 730 2140 hoc
755 2088 1094 2156 desumptum
1114 2095 1198 2144 est
1220 2087 1274 2154 ι),
1308 2107 1326 2140 ι
1348 2086 1633 2157 Castigatus
1663 2106 1682 2140 ι
1709 2089 1877 2154 enim,
1910 2088 1996 2144 in-

419 2180 538 2250 quit
579 2178 687 2244 ille,
739 2196 758 2230 ι
807 2180 1091 2249 castigavit
1123 2194 1208 2236 me
1256 2180 1539 2246 Dominus,
1573 2191 1628 2236 et
1676 2181 1836 2236 morti
1887 2195 1996 2236 non

420 2271 644 2326 tradidit
671 2286 773 2327 tne.
805 2289 824 2323 ι

491 2361 656 2417 Vsus.
699 2362 784 2415 10.
845 2380 865 2415 ι
903 2360 1184 2431 Tanquam
1237 2361 1503 2428 dolentes,
1554 2375 1769 2430 semper
1816 2370 1995 2416 autem

418 2455 740 2524 gaudentes.
770 2472 790 2506 ι
825 2455 976 2524 Apud
1007 2462 1224 2509 exteros
1252 2454 1491 2523 quidem,
1523 2454 1698 2508 mmsti
1731 2453 1994 2520 videmur,

421 2547 495 2599 ait
543 2563 556 2600 :
611 2561 710 2600 nos
750 2561 880 2602 vero
929 2546 1098 2601 solida
1152 2546 1428 2625 voluptate
1477 2545 1830 2616 perfruimur.
1877 2545 1996 2600 Non

419 2637 566 2690 cnim
617 2635 903 2706 aliquando
937 2637 1202 2702 laetamur,
1245 2637 1536 2706 aliquando
1568 2652 1700 2702 non,
1730 2638 1822 2692 sed
1851 2651 1997 2699 sem-7

415 2741 533 2797 per.

493 2833 516 2868 ι
548 2815 827 2885 Tanquam
850 2827 1098 2885 egentes,
1119 2817 1319 2873 multos
1337 2825 1514 2872 autem
1541 2817 1948 2887 locupletantes.
1970 2838 1991 2872 ι

422 2909 636 2964 Divitiis
686 2919 797 2964 tum
837 2909 1210 2981 spiritualibus
1258 2919 1369 2964 tum
1406 2909 1752 2965 sensibilibus
1805 2911 2000 2968 multos

422 3001 784 3072 lui-upletavit.
828 3003 1043 3058 Etenim
1083 3003 1321 3058 onmium
1353 3005 1496 3058 aedes
1526 3002 1626 3058 sibi
1656 3013 1873 3072 apertas
1901 3005 2000 3060 ha-

423 3095 578 3161 bens,
640 3094 1087 3164 opulentissimus
1140 3105 1294 3164 erat,
1347 3109 1412 3150 ac
1460 3095 1581 3150 aliis
1622 3095 1890 3166 impertiri
1943 3105 2000 3152 et

422 3187 631 3241 nutrire
681 3189 874 3256 potuit,
902 3187 1124 3256 perinde
1172 3201 1234 3242 ac
1287 3197 1508 3245 sanctos
1537 3189 1593 3244 in
1631 3186 1992 3246 Hierusalem.
2021 3217 2066 3276 ο

418 3278 627 3334 Indicat
647 3289 826 3334 autem
855 3281 958 3334 hoc
980 3289 1033 3334 et
1061 3293 1158 3350 per
1187 3281 1492 3350 sequentia.

501 3483 522 3518 ι
558 3462 829 3532 Tanquam
863 3464 1012 3519 nihil
1043 3463 1330 3531 habentes,
1383 3474 1439 3522 et
1483 3467 1663 3522 omnia
1713 3470 1996 3539 possiden-

420 3567 526 3614 tes.
568 3577 588 3612 ι
623 3559 723 3626 Qui
756 3559 896 3613 enim
925 3557 1056 3613 nulli
1077 3575 1257 3614 rerum
1290 3560 1668 3630 temporalium
1698 3563 1765 3618 ad
1793 3564 1995 3620 victum

419 3659 483 3707 ct
507 3653 763 3706 amictum
813 3651 1201 3720 pertinentium
1235 3652 1428 3709 allixus
1455 3664 1568 3722 est,
1600 3671 1721 3727 qua:
1751 3659 1995 3716 omnium

420 3748 770 3815 tunt,habet.
827 3766 847 3802 ι
870 3748 925 3803 Si
940 3749 1082 3804 enim
1108 3749 1222 3804 neri
1258 3759 1458 3820 posset,
1484 3769 1504 3804 ι
1533 3751 1726 3822 inquit,
1761 3771 1780 3805 ι
1812 3753 2000 3810 oculos

422 3847 634 3895 vestros
663 3841 942 3896 eruissetis
975 3853 1029 3896 et
1065 3843 1198 3897 mihi
1244 3844 1614 3908 dedissetisez
1658 3864 1678 3900 ι
1729 3848 2000 3916 quomodo

422 3929 590 3998 igitur
614 3930 750 3985 tales
783 3931 1029 3999 pecuniis
1059 3933 1434 4002 pepercissent
1465 3949 1591 4006 erga
1625 3936 1846 4006 ipsum?
1877 3936 2000 3995 Haec

424 4035 605 4082 autem
634 4025 815 4080 omnia
863 4025 968 4080 illis
1012 4029 1307 4094 recensuit,
1353 4045 1419 4086 ue
1447 4030 1517 4086 ob
1566 4030 1771 4102 aliquid
1811 4048 1998 4090 eorum

423 4133 544 4188 quae
577 4117 748 4172 tristia
777 4117 1123 4184 videbantur,
1157 4121 1529 4178 turbarentur.

498 4207 661 4264 Vsus.
698 4208 785 4264 Η.
814 4226 834 4262 ι
865 4208 940 4264 Os
968 4217 1213 4266 nostrum
1242 4219 1388 4281 patet
1407 4213 1474 4266 ad
1505 4227 1622 4278 vos,
1649 4227 1683 4268 ο
1707 4213 1996 4284 Corinthii,

425 4313 521 4353 cor
569 4307 814 4353 nostrum
866 4297 1151 4353 dilatatum
1205 4308 1311 4354 est.
1366 4321 1386 4353 ι
1438 4298 1729 4371 Postquam
1780 4305 1998 4374 propria

425 4391 721 4446 certamina
767 4389 1148 4455 recensuisset,
1203 4390 1442 4462 ipsisque
1486 4391 1650 4447 veluti
1683 4408 1780 4462 per
1806 4410 2001 4450 narra-

427 4487 720 4542 tiunculam
755 4485 1044 4556 quamdam
1078 4487 1243 4559 2³16
1268 4488 1616 4551 ostendisset,
1643 4489 1786 4559 quod
1816 4491 1994 4561 ipsum

425 4577 626 4632 imitari
675 4578 983 4642 debuerint,
1041 4580 1294 4647 deinceps
1347 4580 1726 4647 increpaturus
1772 4593 1855 4638 est
1879 4599 1992 4651 eos,

421 4685 523 4727 ceu
547 4685 671 4726 eum
698 4687 802 4727 non
831 4671 1120 4727 admodum
1151 4671 1452 4742 diligentes.
1481 4672 1652 4728 Antea
1680 4688 1809 4730 vero
1834 4691 1995 4746 quam

423 4761 530 4817 hoc
570 4758 756 4827 faciat,
785 4761 1057 4831 propriam
1079 4763 1398 4819 charitatem
1432 4765 1709 4820 ostendit:
1747 4765 1993 4836 Semper,

424 4850 695 4921 inquiens.
727 4850 848 4905 volo
876 4850 1035 4906 vobis
1083 4851 1229 4921 loqui
1264 4862 1321 4907 et
1362 4851 1654 4918 disserere,
1699 4867 1764 4910 ac
1807 4855 1994 4922 libere,

425 4956 655 5010 cumque
680 4941 873 4998 ﬁducia
907 4945 1071 4999 verba
1116 4943 1335 5000 facere:
1391 4945 1496 5001 hoc
1520 4947 1664 5001 enim
1701 4946 1992 5016 signiﬁcat,

431 5049 452 5084 ι
493 5031 567 5087 Os
624 5042 868 5088 nostrum
914 5042 1082 5104 patet.
1132 5053 1154 5089 ι
1200 5035 1288 5090 Sic
1337 5046 1516 5093 autem
1569 5037 1720 5104 dicit,
1754 5039 1875 5107 quia
1902 5052 1997 5096 eos

424 5123 812 5194 objurgaturus
836 5137 940 5192 est,
975 5127 1219 5182 indicans
1248 5141 1368 5182 eam
1395 5143 1517 5184 esse
1559 5129 1799 5184 maxime
1829 5129 2002 5185 dilec-

423 5219 649 5284 tionem,
684 5219 852 5289 ipsam
898 5219 1148 5274 videlicet
1193 5218 1445 5290 loquendi
1499 5219 1827 5276 lihertatem.
1882 5219 2000 5278 Non

428 5310 604 5367 solum
624 5320 806 5366 autem
826 5327 921 5368 ore
945 5311 1174 5367 ostendo
1195 5311 1533 5368 dilectionem
1560 5327 1758 5377 meam,
1785 5329 2000 5370 verum-

422 5404 588 5462 etiam
626 5407 813 5472 corde,
853 5406 1089 5474 amplum
1138 5405 1267 5460 illud
1311 5415 1366 5460 et
1413 5406 1580 5461 latum
1601 5421 1735 5480 erga
1769 5423 1865 5464 vos
1895 5407 1996 5466 ha-

426 5499 585 5553 bens.
623 5496 830 5554 Fervor
857 5499 1000 5553 enim
1028 5496 1334 5553 dilectionis
1381 5507 1435 5553 et
1485 5513 1548 5555 os
1579 5514 1755 5556 meum
1788 5501 1987 5570 aperit,

536 5655 566 5696 ιι
590 5654 777 5711 Matth.
803 5671 854 5721 v,
885 5654 972 5712 ll.
1087 5667 1108 5697 ο
1131 5657 1310 5713 Galat.
1336 5670 1412 5724 tv,
1444 5655 1530 5712 l5.

2091 608 2147 662 δὲ
2175 611 2242 680 τῇ
2271 609 2446 679 δυσφη
2458 608 2576 678 μία,
2605 607 2664 660 τὸ
2682 607 2807 680 ῥλον
2834 605 2998 678 βάρος
3027 609 3115 660 ἐπὶ
3139 607 3242 677 τὴν
3282 607 3473 678 ψυχήν.
3500 609 3638 667 Ὅθεν

2092 703 2185 755 καὶ
2210 700 2288 770 τῷ
2329 699 2453 754 ’1ὼό
2485 699 2786 772 βαρύτερον
2811 699 2969 753 τοῦτο
3002 699 3109 752 τῶν
3137 699 3319 752 ἄλλων
3355 699 3579 769 πληγῶν.

2169 812 2188 845 ι
2239 794 2328 856 Ὧς
2361 794 2552 850 πλάνοι
2589 793 2684 848 καὶ
2723 793 2962 863 ἀληθεῖς.
2999 811 3016 844 ι
3063 792 3238 848 Τοῦτό
3269 793 3416 848 ἐστιν
3448 795 3476 848 ὃ
3517 792 3635 852 εἷπε·

2098 904 2116 937 ι
2154 886 2256 939 Διὰ
2284 885 2597 956 δυσφημίας
2624 888 2717 939 καὶ
2751 885 3051 954 εὐφημίας.
3087 904 3107 938 ι

2169 1001 2187 1033 t
2237 983 2323 1045 Ὠς
2376 981 2730 1051 ἀγνοούμενοι
2783 983 2877 1034 καὶ
2925 983 3432 1051 ἐπιγινωσκόμενοι.
3478 1001 3494 1034 ι
3539 986 3639 1048 Τοῖς

2097 1072 2195 1142 μὲν
2225 1073 2336 1143 γὰρ
2359 1067 2500 1142 ἦσαν
2549 1073 3012 1142 περισπούδαστοι
3055 1075 3151 1128 καί⁵
3183 1072 3472 1144 γνώριμον
3517 1077 3558 1127 0i
3595 1077 3640 1129 δὲ

2093 1165 2212 1218 οὐδὲ
2248 1164 2446 1218 εἰδέναι
2471 1166 2668 1228 αὐτοὺς
2694 1165 2902 1234 ἠξίουν.
2930 1165 3100 1220 Τοῦτο
3122 1167 3180 1219 δὲ
3212 1165 3408 1220 ταύτόν
3432 1167 3535 1219 ἐστι
3559 1168 3638 1238 τῷ,

2101 1273 2121 1306 ι
2151 1255 2252 1308 Διά
2283 1255 2443 1324 δόξης
2469 1257 2561 1308 καλ¹
2589 1257 2836 1325 ἀτιμίας.
2872 1276 2891 1308 ι

2179 1348 2266 1410 '0;
2309 1349 2768 1420 ἀποθνήσκοντες,
2796 1351 2892 1403 καὶ
2939 1350 3048 1404 ίδοῖ)
3075 1350 3287 1420 ζῶμεν.
3321 1368 3339 1402 ι
3369 1351 3638 1419 Τουτέστιν,

2089 1440 2166 1502 ὡς
2195 1441 2538 1495 ὲπιθανάτιοι
2576 1443 2672 1495 καὶ
2723 1442 3030 1509 κατάδικοι,
3077 1443 3175 1497 καὶ
3223 1443 3349 1496 ὅσον
3395 1444 3520 1513 πρὸς
3563 1448 3644 1515 τὴν

2094 1533 2320 1603 γνώμην
2365 1534 2477 1587 τῶν
2527 1534 3014 1605 ἐπιϐουλευόντων,
3073 1554 3093 1587 ι
3132 1536 3578 1608 ἀποθνήσκοντες·
3622 1561 3637 1594 ι

2093 1623 2180 1678 διὰ
2213 1625 2269 1678 δὲ
2290 1625 2387 1695 τὴν
2418 1625 2512 1678 τοῦ
2545 1625 2680 1680 Θεοῦ
2703 1626 2934 1696 δύναμιν
2972 1645 2990 1678 ι
3025 1626 3136 1680 ἰδοὺ
3169 1626 3378 1696 ζῶμεν.
3410 1647 3428 1679 ι

2170 1736 2190 1771 ι
2236 1717 2326 1782 Ὣς
2348 1719 2756 1789 παιδευόμενοι,
2789 1722 2886 1774 καὶ
2915 1721 2990 1792 μὴ
3033 1721 3448 1790 θανατούμενοι⁸
3481 1742 3496 1774 ι
3531 1724 3642 1793 Συγ-

2093 1810 2263 1878 χωρεῖ
2291 1809 2370 1874 δὲ,
2422 1810 2580 1879 φησὶ,
2625 1809 2800 1865 ταῦτα
2842 1813 2870 1865 ό
2903 1811 3060 1876 Θεὸς,
3106 1813 3202 1866 ἵνα
3249 1813 3474 1886 παιδεύῃ
3503 1816 3638 1884 ἡμᾶς,

2099 1901 2261 1954 Ὥστε
2300 1902 2394 1954 καὶ
2435 1905 2544 1972 πρὸ
2581 1901 2690 1956 τῶν
2721 1902 2934 1957 ἐκεῖθεν
2987 1903 3226 1973 μισθῶν,
3255 1904 3318 1957 οὐ
3367 1905 3545 1976 μικρὸν
3569 1907 3638 1959 ἐν.

2094 1993 2270 2048 ταῡθα
2299 1995 2360 2048 τὸ
2384 1995 2596 2067 κέρδος,
2630 1997 2693 2049 τὸ
2724 1997 2824 2067 τῆς
2857 1997 3126 2061 παιδείας.
3167 1998 3342 2051 Τοῦτο
3369 1997 3424 2051 δὲ
3451 1999 3545 2051 ἀπὸ
3567 2000 3642 2053 τοῦ

2096 2087 2278 2141 Δαυῖδ·
2317 2088 2528 2150 ἐκεῖνος
2574 2089 2707 2160 γὰρ,
2761 2106 2784 2139 ι
2840 2088 3144 2155 Παιδεύων,
3189 2108 3209 2141 ο
3243 2089 3429 2157 φησὶν,
3461 2107 3479 2142 ι
3511 2089 3637 2144 ἐπαί-

2096 2175 2258 2230 δευσε
2287 2193 2356 2246 με
2382 2178 2411 2230 ό
2434 2177 2660 2250 Κύριος,
2685 2177 2764 2249 τῷ
2793 2179 2850 2232 δὲ
2874 2179 3090 2250 θανάτῳ
3114 2180 3181 2233 οὐ
3222 2179 3494 2250 παρέδωκέ
3523 2199 3595 2251 με.
3620 2198 3638 2232 ι

2173 2376 2192 2410 ι
2253 2356 2343 2421 Ὦς
2375 2356 2732 2427 λυπούμενοι,
2762 2358 2849 2415 ἀεὶ
2889 2357 2947 2412 δὲ
2977 2358 3286 2430 χαίροντες.
3325 2378 3344 2412 ι
3394 2361 3537 2430 Παρά
3562 2361 3640 2432 μὲν

2095 2455 2209 2516 τοῖς
2261 2451 2388 2518 ἔξω,
2430 2453 2586 2520 φησὶ,
2634 2450 2902 2522 δοκοῦμεν
2952 2450 3208 2522 ἀθυμεῖν·
3269 2453 3426 2523 ἡμεῖς
3471 2453 3521 2506 δὲ
3561 2454 3638 2526 τήν

2096 2543 2290 2614 ἡδονὴν
2327 2543 2710 2614 αίκμάζουσαν
2747 2545 2968 2615 ἔχομεν.
3013 2546 3088 2598 Οὐ
3120 2544 3238 2616 γάρ
3271 2546 3400 2600 ποτὲ
3432 2545 3522 2617 μὲν
3545 2549 3635 2619 καί·

2099 2653 2288 2708 ρομεν,
2315 2635 2446 2689 ποτὲ
2475 2635 2531 2690 δὲ
2562 2635 2647 2701 οὒ,
2683 2637 2800 2691 ἀλλ’
2829 2637 2938 2691 ἀεί.

2175 2838 2196 2874 t
2254 2819 2342 2885 Ὠς
2392 2819 2623 2890 πτωχοὶ,
2675 2819 2905 2885 πολλοὺς
2949 2819 3008 2875 δὲ
3049 2822 3453 2889 πλουτίζοντες.
3487 2844 3503 2878 ι
3549 2825 3632 2880 Kal

2100 2911 2242 2966 κατά
2279 2912 2374 2964 τὸν
2418 2912 2790 2982 πνευματικὸν
2822 2911 3051 2967 πλοῦτον
3097 2914 3336 2980 πολλοὺς
3373 2917 3634 2984 ἐπλούτιζε,

2099 3006 2196 3059 καὶ
2237 3006 2380 3060 κατά
2421 3007 2513 3059 τδν
2564 3005 2825 3077 αίσθητὺν
2853 3005 2930 3062 δέ.
2980 3007 3092 3062 Καὶ
3138 3009 3252 3080 γὰρ
3282 3010 3379 3073 τάς
3422 3010 3634 3064 ἁπάντων

2099 3096 2276 3162 οίκίας
2321 3097 2684 3169 ἀνεῳγμένας
2733 3096 2886 3168 αὐτῷ
2929 3096 3092 3169 ἔχων,
3137 3099 3527 3163 πλουσιώτατος
3563 3095 3636 3171 ἦν,

2100 3189 2196 3242 καὶ
2219 3188 2402 3252 ἄλλοις
2439 3189 2706 3259 παρέχειν
2748 3188 2843 3243 καὶ
2867 3189 3091 3260 τρέφειν
3129 3190 3451 3263 δυνάμενος,
3485 3192 3634 3262 ὥσπερ

2100 3279 2197 3333 καὶ
2224 3281 2352 3342 τοὺς
2395 3279 2453 3332 ἐν
2490 3278 2849 3352 Ἰερουσαλὴμ
2877 3278 3092 3349 ἁγίους.
3119 3281 3290 3352 Δηλοῖ
3315 3280 3370 3335 δὲ
3393 3282 3533 3334 τοῦτο
3561 3279 3634 3334 καὶ

2097 3370 2188 3427 διὰ
2216 3371 2324 3426 τῶν
2349 3369 2500 3441 ἑξῆς.

2177 3483 2197 3516 ι
2241 3463 2335 3526 Ὠς
2367 3462 2536 3534 μηδὲν
2572 3462 2808 3535 ἔχοντες,
2837 3465 2932 3518 καὶ
2958 3463 3136 3518 πάντα
3165 3465 3504 3535 κατέχοντες.
3536 3481 3552 3514 ι
3588 3462 3631 3516 '0

2101 3557 2210 3628 γάρ
2261 3555 2452 3628 μηδενὶ
2501 3555 2925 3628 προσηλώμενος
2954 3555 3063 3612 τῶν
3093 3557 3390 3628 βιωτικῶν,
3429 3557 3491 3610 τά
3527 3555 3631 3610 πᾶν·

2097 3666 2208 3704 των
2233 3649 2277 3681 "
2309 3648 2445 3720 ἔχει.
2506 3667 2526 3702 t
2576 3649 2642 3703 Et
2670 3648 2894 3703 δυνατὸν
2921 3650 3051 3720 γὰρ,
3087 3667 3108 3701 ι
3163 3651 3326 3721 φησι,
3380 3670 3398 3702 ι
3430 3645 3631 3709 καὶτοὺς

2096 3740 2410 3812 ὀφθαλμοὺς
2442 3741 2597 3812 ὑμῶν
2623 3741 3000 3814 ἐξορύξαντες,
3029 3740 3276 3796 ἐδώκατὲ
3327 3758 3435 3811 μοι’
3475 3760 3492 3793 ι
3542 3737 3630 3799 πῶς

2097 3830 2193 3887 οὖν
2223 3833 2523 3905 χρημάτων
2557 3832 2624 3888 ἃν
2645 3834 2932 3903 ἐφείσαντο
2960 3835 3010 3887 0i
3031 3832 3267 3887 τοιοῦτοι
3302 3831 3430 3905 πρὸς
3453 3831 3628 3892 totitoti;

2101 3923 2288 3980 Ταῦτα
2334 3925 2390 3979 δὲ
2428 3927 2610 3980 πάντα
2655 3927 2840 3990 αὐτοῖς
2883 3925 3192 3991 κατέλεξεν,
3236 3926 3328 3980 ἵνα
3374 3924 3442 3995 μὴ
3468 3921 3658 3992 ταρὰτ-.

2099 4032 2299 4074 τωνται
2333 4018 2426 4074 ἐπί
2450 4035 2557 4073 τινι
2585 4018 2694 4073 τῶν
2717 4017 3017 4072 δοκούντων
3045 4017 3331 4088 λυπηρῶν.

2175 4221 2194 4255 ι
2233 4201 2307 4256 Τὸ
2338 4203 2514 4273 στόμα
2563 4199 2720 4272 ἡμῶν
2756 4199 2968 4269 ἀνέῳγε
3011 4199 3146 4269 πρὸς
3187 4198 3356 4270 ὑμᾶς,
3392 4190 3435 4251 ὦ
3469 4193 3625 4265 Κορίν-

2101 4294 2229 4348 θιοιο
2257 4296 2292 4366 ἡ
2333 4294 2531 4365 καρδία
2581 4293 2738 4364 ήμῶν
2769 4293 3165 4347 πεπλάτυνται.
3213 4311 3233 4344 ι
3286 4293 3418 4354 Τοὺς
3441 4288 3627 4348 οἰκείους

2099 4386 2319 4456 ἀγῶνας
2367 4386 2692 4454 καταλέξας,
2728 4387 2824 4439 καὶ
2866 4386 3046 4452 δείξας
3075 4385 3282 4451 αὐτοῖς,
3311 4385 3382 4447 ὼς
3423 4383 3476 4435 ἐν
3503 4379 3624 4446 τάξει

2097 4479 2431 4550 διηγήσεως,
2455 4479 2602 4542 ὅπως
2631 4477 2740 4550 χρὴ
2761 4477 2924 4530 αὑτὸν
2951 4479 3258 4549 μιμεῖσθαι,
3289 4479 3460 4550 μέλλει
3479 4473 3624 4529 λοιπὸν

2101 4569 2479 4626 καθάπτεσθαι
2517 4570 2718 4635 αὐτῶν,
2752 4570 2828 4633 ὡς
2876 4570 2938 4623 οὐ
2990 4571 3195 4639 σφόδρα
3226 4573 3384 4626 αὐτὸν
3411 4564 3622 4637 dramati-

2101 4682 2233 4720 των.
2271 4663 2411 4736 Πρὶν
2457 4665 2515 4717 δὲ
2555 4662 2714 4718 τοῦτο
2759 4665 3007 4735 ποιῆσαι,
3041 4665 3316 4720 δείκνυσιν
3357 4664 3522 4724 αὐτοῖς
3548 4658 3623 4727 τὴν

2100 4756 2312 4811 οἰκείαν
2341 4755 2584 4826 ἀγάπην,
2613 4757 2710 4810 καί
2737 4773 2924 4826 φησιν,
2950 4757 3032 4810 ὅτι
3075 4757 3188 4813 Ἀεὶ
3215 4757 3460 4829 βούλομαι
3492 4768 3623 4824 προσ-

2101 4851 2284 4906 λαλεῖν
2313 4851 2443 4920 ὑμῖν
2489 4849 2586 4903 καὶ
2629 4848 3002 4918 διαλέγεσθαι,
3037 4850 3132 4904 καὶ
3173 4848 3530 4908 ἀνυποστόλως
3552 4841 3622 4894 καὶ

2106 4943 2248 5014 μετὰ
2291 4942 2604 5014 παρρησίας
2645 4941 2845 4994 λαλεῖν.
2882 4940 3054 4994 Τοῦτο
3081 4942 3190 5013 γὰρ
3231 4941 3379 5011 δηλοί
3417 4939 3504 4992 διὰ⁹
3529 4930 3618 4993 τοῦ,

2109 5055 2127 5087 t
2176 5036 2412 5106 Ἀνὲῳγε
2435 5037 2494 5091 τὸ
2517 5035 2708 5105 στόμα.
2736 5054 2754 5087 ι
2791 5033 2946 5088 Οὕτω
2973 5034 3030 5087 δὲ
3074 5034 3243 5102 λέγει,
3264 5032 3439 5100 ἐπειδὴ
3477 5025 3620 5099 μέλλει

2109 5128 2291 5191 αὐτοῖς
2313 5129 2598 5198 ἐπιτιμᾷν,
2617 5127 2877 5181 δεικνύων
2912 5127 2994 5180 ὃτι
3017 5126 3176 5180 τοῦτο
3199 5127 3422 5197 μάλιστα
3449 5120 3616 5189 ἀγάπη.

2108 5221 2142 5291 ὴ
2189 5221 2488 5293 παρρησία.
2527 5220 2602 5272 Οὐ
2640 5219 2799 5289 μόνον
2828 5219 2884 5272 δὲ
2925 5219 3004 5291 τῷ
3038 5219 3268 5290 στόματι
3304 5218 3524 5284 δείκνυμι
3545 5207 3618 5278 τὴν

2105 5313 2348 5384 ἀγάπην,
2375 5313 2512 5368 ἀλλά
2546 5316 2640 5368 καὶ
2667 5316 2732 5384 τῇ
2773 5313 2993 5385 καρδίᾳ,
3024 5314 3286 5367 πλατεῖαν
3309 5309 3491 5379 ταύτην
3515 5300 3618 5372 πρὸς

2106 5406 2251 5470 ὑμᾶς
2276 5407 2436 5477 ἔχων.
2473 5406 2537 5461 Ἠ
2567 5406 2674 5478 γὰρ
2703 5406 2882 5478 θέρμη
2910 5408 3011 5476 τῆς
3043 5407 3268 5476 ἀγάπης
3289 5405 3376 5458 καὶ
3399 5401 3455 5454 τὸ
3481 5395 3614 5462 στόμα

2106 5518 2209 5572 μου
2237 5501 2469 5570 ἀνοίγει,
2501 5501 2596 5556 καὶ
2633 5500 2730 5574 τὴν
2759 5501 2989 5574 καρδίαν
3015 5518 3120 5574 μου
3152 5500 3426 5564 ὲπλάτυνε,
3453 5489 3530 5546 καὶ
3549 5483 3616 5540 εὑ·

1736 5750 1940 5815 νδνίω
1975 5749 2302 5816 lectiones.

511 5854 553 5886 ⁸⁷
587 5855 766 5911 πάντα
806 5856 1028 5924 κατέχει
1059 5869 1110 5908 ο.
