3806 6594
132 434 218 500 865

810 417 1225 483 EXPOSITIO
1266 417 1348 479 IN
1392 416 1638 478 EPIST.
1670 415 1730 477 ΙΙ
1759 418 1861 479 AD
1898 419 2068 483 COR.
2094 448 2161 457 —
2188 423 2349 489 CAP.
2371 413 2491 490 'VI.

3210 427 3318 497 866

135 547 260 619 ρεῖαν,
295 535 545 605 ἐποίησεν,
591 531 732 586 ὥστε
784 533 996 595 πάντας
1039 531 1186 596 ὑμᾶς
1231 529 1453 600 χωρεῖν·
1502 529 1639 599 ὅπερ

1779 534 1906 582 tcor
1924 544 2100 584 meum
2121 530 2386 596 dilatavit,
2412 535 2757 607 amplumque
2781 538 3031 608 reddidit,
3053 549 3112 596 ut
3130 557 3321 599 omnes

132 639 205 694 καὶ
227 630 464 694 ἐπιφέρεν

253 653 285 686 π
400 647 464 682 ει·

189 647 418 782 ίῖίάῖεὲύ
461 717 878 788 στενοχωρεῖσθε
917 718 975 770 ἐν
1015 719 1167 788 ἡμῖν’
1214 717 1637 790 στενοχωρεῖσθε

127 823 172 876 δὲ
195 823 242 872 ἐν
275 819 375 878 τοῖς
405 813 721 883 σπλάγχνοις
763 812 941 882 ὑμῶν.
994 831 1012 864 ι
1065 810 1254 882 Ὑμεῖς
1288 813 1407 882 μὲν,
1449 811 1636 882 φησὶν,

130 918 173 968 ἐν
208 913 262 982 τῇ
305 910 400 978 ἐμῇ
449 904 662 975 καρδίᾳ,
708 903 941 974 πλατείᾳ
981 901 1140 976 οὔσῃ,
1183 905 1641 974 ἀστενοχωρήτως

130 1003 350 1076 χωρεύετε
375 1000 460 1064 ⁸⁷⁸,
514 997 607 1049 καὶ
632 995 807 1049 ταῦτα
845 994 1092 1048 τοσοῦτοι
1113 994 1283 1058 ὄντες.
1325 993 1412 1047 Ἐν
1444 995 1501 1048 δὲ
1527 995 1642 1057 τοῖς

129 1094 362 1166 ὑμετέροις
408 1089 730 1157 σπλάγχνοις
786 1088 1154 1158 στενοχωρίαν
1205 1087 1410 1158 πολλὴν
1461 1086 1638 1157 ἔχετε,

128 1189 199 1241 καὶ
231 1187 280 1237 οὗ
323 1181 538 1235 δύνασθε
588 1181 842 1242 πλατέως
885 1179 1132 1250 χωρῆσαί
1181 1197 1272 1249 με,
1321 1179 1502 1232 καίτοι
1547 1178 1643 1232 ἕνα

127 1279 242 1332 δντασ
285 1275 564 1336 τουτέστιν,
643 1271 785 1341 Ἐγὼ
838 1272 938 1342 μὲν
996 1272 1202 1342 σφόδρα
1237 1272 1380 1341 ὑμᾶς
1420 1270 1641 1340 ἀγαπῶ,

128 1369 251 1434 ὑμεῖς
285 1365 332 1416 δὲ
377 1362 617 1429 ἀγαπᾶτε
672 1363 773 1431 μέν
832 1377 922 1429 με,
977 1360 1074 1413 καὶ
1121 1359 1273 1430 ἔχετέ
1304 1377 1371 1429 με
1425 1361 1482 1414 ἐν
1534 1362 1646 1423 τοῖς

128 1456 433 1526 σ’λάγχνοις,
477 1455 588 1507 ἀλλ’
641 1455 1187 1524 ἐστενοχωρημένως,
1244 1457 1337 1507 καὶ
1391 1454 1452 1506 οὐ
1507 1451 1646 1504 ’πλαο

126 1561 248 1606 τεως.

185 1656 198 1687 ι
238 1637 334 1705 Τὴν
373 1636 426 1688 δὲ
466 1636 636 1707 αὐτὴν
681 1637 1028 1708 ἀντιμισθίαν
1073 1636 1189 1708 (ὡς
1227 1637 1438 1700 τέκνοις
1477 1635 1645 1706 λέγω)

127 1729 410 1798 πλατύνθητε
449 1730 541 1782 καὶ
587 1732 766 1799 ὑμεῖς.
810 1749 832 1782 ι
886 1732 998 1802 Τὴν
1051 1731 1222 1801 αὐτὴν
1271 1730 1507 1800 ἀμοιϐὴν
1551 1730 1648 1784 καὶ

129 1823 302 1888 ἰσότητα
325 1823 415 1890 τῆς
438 1822 617 1890 φιλίας
646 1822 1022 1891 είσενέγκατε,
1063 1825 1154 1876 καὶ
1186 1822 1526 1890 πλατύνθητε
1555 1823 1649 1875 καὶ

129 1915 266 1982 ὑμεῖς,
297 1915 360 1974 ὼς
386 1918 475 1967 καὶ
507 1915 638 1983 ἐγώ.
670 1915 922 1968 Δείκνυσι
964 1915 1019 1968 δὲ
1043 1917 1140 1969 καὶ
1181 1916 1340 1986 χρέος
1371 1913 1430 1967 ὂν
1465 1913 1644 1966 τοῦτο’

129 2023 144 2055 ι
179 2005 246 2067 Ὠς
289 2005 484 2069 τέκνοις
522 2026 542 2058 ι
595 2007 725 2078 γὰρ,
785 2009 940 2077 φησὶ,
988 2026 1006 2058 ι
1040 2007 1204 2077 λέγω·
1243 2025 1263 2059 ι
1307 2006 1458 2060 οὐδὲν
1510 2006 1652 2077 μέγα

127 2098 261 2166 αὐτῷ,
313 2100 357 2150 εί
405 2101 590 2170 Πατὴρ
639 2099 736 2164 ὢν,
769 2101 876 2154 ὑπὸ
919 2101 1126 2154 τέκνων
1174 2100 1448 2169 φιλεῖσθαι
1493 2100 1651 2166 ἀξιῶ.

126 2189 265 2260 Χρέος
289 2191 389 2262 γάρ
413 2194 565 2246 τοῦτο
596 2197 713 2258 τοῖς
751 2195 928 2248 παισί.

183 2389 199 2422 ι
229 2373 306 2443 Μὴ
332 2373 537 2440 γίνεσθε
581 2373 1034 2444 ἑτεροζυγοῦντες
1066 2373 1333 2437 ἀπίστοις.
1365 2395 1384 2427 ι
1428 2376 1546 2430 Ἵνα
1578 2378 1654 2449 μὴ

123 2463 221 2534 δόξῃ
242 2465 299 2517 δι’
330 2467 516 2520 ἐαυτὸν
558 2467 740 2521 ταῦτα
779 2467 980 2536 λέγειν,
1036 2469 1310 2522 δείκνυσιν
1353 2472 1435 2524 ὅτι
1476 2469 1565 2524 διὰ
1594 2472 1655 2524 τὸ

122 2557 304 2610 ἐκείνων
329 2559 511 2629 κέρδος
540 2559 737 2630 χρῄζει
762 2559 860 2630 τῆς
895 2560 1077 2628 φιλίας
1107 2562 1305 2628 αὐτῶν,
1331 2563 1428 2616 καὶ
1453 2563 1653 2616 ὡσανεί

125 2663 247 2715 φησι·
287 2648 448 2701 Τοῦτό
479 2652 599 2703 ἐστι
639 2652 700 2702 τὸ
743 2653 966 2722 ἀγαπᾷν
997 2670 1086 2721 με,
1127 2653 1188 2706 τὸ
1235 2653 1310 2723 μὴ
1361 2655 1656 2727 συναναμί-

123 2740 311 2806 γνυσθαι
350 2743 488 2812 ὑμᾶς
522 2747 638 2806 τοῖς
669 2744 918 2808 ἀπίστοις
962 2747 1055 2797 καὶ
1087 2747 1386 2800 ἐπικλίνειν
1420 2749 1554 2818 πρδς
1593 2749 1656 2800 τὸ

124 2830 258 2902 μέρος
301 2835 490 2888 αὐτῶν.
541 2836 660 2888 Οὐκ
700 2831 821 2889 εἷπε
871 2837 948 2902 δὲ,
1001 2838 1092 2906 Μὴ
1160 2839 1653 2909 σαναναμίγνυσθε,

121 2923 247 2989 ἀλλὰ,
270 2945 286 2977 ι
302 2928 384 2998 Μὴ
409 2928 626 2996 γίνεσθε
649 2929 1098 2998 ἑτεροζυγοῦντες
1119 2931 1226 2963 ³⁷¹⁶ο
1255 2935 1547 2997 »τουτέστι,
1565 2933 1654 3002 Μὴ

123 3016 317 3073 ἀδικεῖτε
349 3023 404 3074 τὸ
431 3022 666 3085 δίκαιον,
695 3024 1094 3093 ἐπικλινόμενοι
1137 3027 1232 3078 καὶ
1267 3029 1655 3095 προσκείμενοι

123 3104 183 3172 οἷς
208 3113 258 3163 οὐ
284 3114 449 3181 θέμις.
480 3115 552 3167 Τὸ
590 3117 702 3184 γὰρ
736 3115 1100 3184 ἐτεροζυγείν,
1128 3119 1218 3168 ἐπὶ
1259 3118 1424 3186 ζυγοῦ
1459 3118 1656 3170 ’ἀδίκου

121 3203 319 3270 λέγεται,
349 3208 473 3260 ὅταν
501 3210 534 3278 ἡ
559 3211 666 3277 μία
694 3209 962 3278 πλάστιγξ
1000 3210 1162 3280 βαρῇ.

179 3403 194 3435 ι
226 3387 309 3450 Τίς
336 3387 440 3458 γὰρ
471 3389 682 3458 μετοχὴ
707 3388 1024 3462 δικαιοσύνῃ
1058 3391 1151 3443 καὶ
1198 3392 1434 3461 ἀνομίας
1472 3412 1489 3444 ι
1538 3393 1656 3444 Ἐν·

119 3476 260 3529 ταῦθα
285 3479 372 3549 ούχ
413 3481 615 3532 ἐαυτοῦ
640 3482 732 3533 καὶ
761 3483 867 3533 τῶν
893 3482 1139 3534 ἀπίστων
1171 3482 1457 3553 σύγκρισιν
1492 3487 1661 3537 ποιεῖ-

118 3586 205 3635 ται,
232 3572 356 3624 ἀλλά
386 3573 487 3643 τῆς
525 3572 642 3626 τῶν
663 3575 964 3642 Κορινθίων
993 3576 1192 3644 ἀρετῆς
1237 3580 1328 3628 καὶ
1356 3577 1656 3643 εὐγενείας,

117 3663 304 3732 καὶτῆς
346 3667 565 3719 ἐκείνων
618 3667 972 3738 φαυλότητος·
1022 3669 1271 3722 ὡσανεῖὸ
1311 3672 1493 3741 πατὴρ
1520 3670 1660 3741 ὁρῶν

114 3753 187 3806 τὸν
228 3759 330 3810 υἱὸν
380 3759 805 3828 διεφθαρμένοις
854 3761 1160 3832 ἀνθρώποις
1205 3761 1456 3828 σύνοντα,
1511 3764 1660 3832 λέγει

119 3844 228 3914 πρὸς
267 3849 421 3902 αὐτόν
445 3866 459 3880 ο
517 3851 621 3913 Τίς
665 3852 921 3904 κοινωνία
966 3855 1033 3923 τῇ
1086 3855 1151 3923 σῇ
1187 3853 1435 3924 εὐγενείᾳ
1461 3838 1558 3906 καί
1594 3857 1660 3926 τῇ

117 3937 308 3993 ἐκείνων
349 3945 586 4016 μιαρίᾳ;
638 3943 828 4013 Ὑμεῖς
853 3944 968 4012 οὖν,
1021 3947 1175 4015 φησὶ,
1208 3945 1522 4018 δικαιοσύνη
1561 3948 1662 4001 αύ-

117 4033 334 4104 τόχρημά
364 4040 503 4089 ἐστε⁸
537 4039 742 4091 ἐκεῖνοι
770 4036 826 4090 δὲ
865 4037 1086 4109 ἀνομία’
1117 4038 1200 4101 τίς
1240 4039 1426 4091 τοίνυν
1451 4037 1663 4119 μετοχὴ

119 4121 226 4190 ὑμῖν
253 4128 516 4192 κάκείνοις
541 4146 557 4195 ς

179 4233 194 4264 ι
229 4218 318 4280 Τίς
368 4220 423 4272 δὲ
462 4222 725 4276 κοινωνία
777 4224 920 4292 φωτὶ
983 4224 1122 4294 πρὸς
1179 4223 1410 4291 σκότοςς
1463 4223 1548 4288 τίς
1607 4224 1666 4278 δὲ

118 4307 436 4380 συμφώνησις
476 4311 702 4384 Χριστῷ
748 4313 889 4382 πρὸς
914 4313 1144 4381 Βελίαρς
1201 4331 1220 4365 ι
1261 4315 1403 4367 nam
1446 4314 1666 4384 τρόποις

118 4396 257 4450 θέλων
299 4405 491 4465 αὐτοὺς
540 4407 855 4481 ἀποστ-ἧσαι
897 4405 1006 4458 τῶν
1042 4405 1308 4471 ἀπίστων,
1353 4408 1454 4460 οὑκ
1485 4401 1662 4468 εἶπεν,

1745 633 1842 674 vos
1869 622 2069 690 capiat.
2108 623 2261 680 Unde
2294 627 2456 682 etiam
2485 627 2652 684 infert
2680 645 2697 690 :

1813 712 1979 769 Vens.
2010 715 2099 772 12.
2139 736 2156 768 ι
2194 717 2259 771 Ει
2304 735 2407 773 non
2449 723 2833 793 angustiamini
2876 725 2928 779 in
2975 727 3169 783 nobis:
3216 742 3322 784 an-

1745 808 2058 876 gustianiini
2079 819 2256 864 autem
2277 812 2331 866 in
2359 813 2657 870 visceribus
2679 819 2898 876 vestris.
2924 837 2942 870 ι
2970 819 3097 887 Vos,
3125 823 3320 890 inquit,
3367 888 3372 892 _

1746 895 1800 949 in
1840 900 2006 954 corde
2038 915 2180 966 meo,
2209 901 2316 958 lalo
2366 906 2644 974 nimirum,
2695 910 2818 964 sine
2850 917 3097 977 angustia
3146 915 3319 972 locum
3363 897 3370 919 1

1749 986 1979 1055 habetis,
2003 991 2164 1061 idque
2191 1007 2314 1048 cum
2348 1003 2422 1050 tot
2447 998 2587 1053 sitis.
2620 998 2674 1052 lu
2703 1002 2901 1057 Vestris
2936 1016 3114 1058 autem
3152 1009 3324 1064 visce-

1748 1078 1898 1133 ribus
1931 1095 2120 1149 magna
2159 1093 2244 1138 est
2273 1088 2558 1156 angustia,
2601 1105 2702 1145 nec
2755 1106 2864 1154 me,
2897 1096 3146 1162 quamvis
3199 1096 3325 1152 uni-

1746 1182 1891 1234 cum,
1923 1170 2079 1239 plene
2107 1189 2302 1244 capere
2345 1180 2568 1247 potestis
2608 1196 2623 1233 :
2682 1184 2782 1238 hoc
2823 1196 2936 1249 est,
2970 1185 3083 1249 Ego
3106 1189 3323 1254 quidem

1748 1261 1902 1316 valde
1936 1278 2032 1319 vos
2065 1267 2248 1336 diligo,
2280 1285 2376 1325 vos
2425 1287 2555 1326 vero
2605 1275 2825 1343 diligitis
2870 1279 3085 1347 quidem
3132 1297 3235 1345 me,
3271 1291 3326 1336 et

1751 1351 1963 1409 habetis
1993 1371 2079 1412 me
2127 1358 2181 1412 in
2225 1361 2545 1427 visceribus,
2593 1367 2688 1421 sed
2729 1379 2960 1438 augusto
3012 1371 3191 1435 modo,
3219 1388 3324 1426 non

1749 1448 1950 1516 amplo.

1821 1634 1988 1691 Vens.
2023 1637 2112 1695 15.
2149 1658 2166 1691 ι
2201 1637 2458 1697 Eamdem
2493 1652 2671 1698 autem
2729 1647 3163 1715 retrilmtionem,
3211 1660 3329 1705 tan-

1749 1741 1908 1795 quam
1940 1729 2066 1784 ﬁliis
2098 1730 2242 1794 dico,
2270 1732 2570 1788 dilatamini
2603 1745 2656 1790 et
2690 1752 2805 1790 vos.
2845 1756 2862 1788 ι
2903 1739 3156 1792 ΕιιῐιὶιΙθιιι
3182 1781 3196 1805 ,
3243 1740 3329 1794 in-

1752 1821 1890 1888 quit,
1917 1821 2414 1889 compenSatlonein
2443 1825 2695 1878 amicitizr
2739 1840 2793 1881 et
2839 1831 3200 1898 a’qualitatem
3233 1847 3328 1886 vos

1754 1908 1970 1975 all'erte,
2007 1925 2069 1964 ac
2100 1911 2236 1966 latos
2291 1928 2384 1968 vos
2440 1929 2654 1984 quoque
2707 1918 2935 1982 reddite,
2997 1925 3216 1989 perinde
3267 1940 3330 1977 ac

1753 2015 1875 2069 ego.
1932 2002 2142 2056 lndicat
2206 2015 2384 2058 autem
2441 2015 2492 2060 et
2545 2008 2644 2060 hoc
2699 2023 2818 2062 esse
2859 2010 3141 2066 debitum:
3204 2032 3223 2066 ι
3263 2013 3332 2069 Ut

1755 2093 1883 2148 ﬁliis
1919 2111 1939 2145 ι
1977 2095 2144 2160 enim,
2173 2097 2370 2166 inquit,
2416 2115 2436 2150 ι
2471 2099 2612 2153 dico.
2648 2118 2666 2150 ι
2702 2099 2845 2154 Nihil
2878 2105 3056 2173 magni
3095 2107 3329 2174 postulo,

1755 2189 1799 2243 si
1823 2199 1989 2258 pater
2022 2204 2144 2243 cum
2189 2191 2314 2255 sim,
2375 2205 2407 2246 a
2453 2190 2577 2246 ﬁliis
2631 2193 2801 2247 amari
2852 2196 3054 2250 cuoio:
3105 2196 3334 2254 interest

1755 2280 1899 2336 enim
1929 2279 2219 2348 puerorum
2253 2284 2376 2339 hoc.

1828 2373 1990 2429 Vens.
2034 2375 2118 2430 M.
2177 2394 2196 2428 ι
2235 2375 2312 2430 Ne
2347 2377 2414 2430 ad
2467 2378 2692 2433 alteram
2749 2391 2953 2436 lancem
2990 2385 3331 2442 acclinemini

1755 2482 1877 2523 cum
1906 2467 2232 2524 inﬁdelibus.
2270 2489 2290 2524 ι
2336 2471 2413 2526 Ne
2461 2482 2683 2541 propter
2719 2476 2958 2542 seipsum
3008 2477 3108 2531 ista
3153 2478 3336 2535 dicere

1755 2557 2024 2622 videatur,
2051 2560 2290 2614 caiendit
2312 2561 2454 2631 quod
2482 2573 2700 2632 propter
2722 2564 2959 2633 ipsorum
2989 2566 3196 2622 lucrum
3219 2567 3335 2626 illo.

1758 2665 1879 2704 rum
1912 2652 2148 2706 amicitia
2197 2654 2421 2722 indiget,
2471 2655 2542 2709 ita
2578 2655 2746 2710 ferme
2784 2658 3068 2726 inquiens:
3111 2660 3222 2716 Hoc
3251 2671 3338 2719 est

1758 2741 1984 2809 diligere
2011 2757 2118 2807 me,
2142 2743 2186 2798 si
2209 2759 2312 2797 non
2341 2748 2736 2800 commisceatis
2765 2762 2858 2800 vos
2877 2747 3197 2806 inﬁdelibus.
3235 2767 3335 2808 nec

1759 2834 1825 2887 ad
1857 2850 2042 2888 eorum
2091 2848 2273 2905 partes
2317 2836 2614 2894 inclinetis.
2659 2840 2776 2894 Non
2809 2841 2940 2896 dixit
2971 2855 3167 2904 autem,
3217 2842 3334 2899 Non

1760 2928 2250 2990 commisceamini,
2282 2932 2396 2996 sed,
2434 2949 2452 2984 ι
2486 2932 2564 2987 Ne
2597 2934 2661 2988 ad
2688 2935 2912 2989 alteram
2948 2937 3160 2990 lancem
3187 2937 3339 2992 incli-

1762 3023 1987 3083 nemini.
2027 3042 2046 3075 ι
2081 3025 2182 3080 hoc
2208 3034 2311 3087 est,
2349 3024 2621 3082 Justitiam
2657 3028 2848 3097 injuria
2881 3044 2946 3083 ne
2973 3029 3239 3095 aﬁiciatis,
3274 3031 3340 3086 iis

1762 3113 1972 3167 scilicet
2008 3115 2276 3180 inclinati,
2309 3128 2360 3171 et
2407 3120 2766 3186 adluerentes,
2800 3124 2995 3196 quibus
3047 3138 3153 3175 non
3187 3123 3336 3178 licet.

1689 3226 1729 3282 ο
1763 3201 1895 3256 Nam
1938 3204 2308 3276 ἐτεροζυγεῖν,
2345 3209 2410 3262 de
2441 3211 2633 3278 injusta
2682 3211 2813 3264 libra
2863 3214 3083 3278 dicitur,
3119 3214 3338 3283 quando

1763 3294 2021 3347 nimirum
2054 3297 2224 3348 altera
2259 3297 2379 3350 lanx
2414 3299 2629 3366 gravior
2661 3302 2953 3355 eaStiterit.

1838 3405 1856 3437 ι
1883 3388 2013 3452 Quae
2029 3389 2172 3441 enim
2203 3390 2544 3459 participatio
2568 3393 2788 3454 iustitia:
2812 3409 2931 3446 cum
2963 3394 3331 3461 iniquitate?)

1763 3479 1864 3534 Hic
1927 3497 2032 3534 non
2091 3482 2343 3548 soiipsius
2394 3494 2447 3536 et
2520 3484 2814 3550 inﬁdi-lium
2875 3488 3338 3552 comparationem

1768 3570 1922 3634 facit,
1977 3575 2071 3627 sed
2118 3573 2518 3627 Corinthiorum
2581 3576 2795 3630 virtutis
2849 3584 2903 3628 et
2958 3578 3334 3643 ingenuitatis,

1767 3665 2090 3733 illorumque
2125 3664 2442 3734 pravitatis:
2481 3667 2699 3734 perinde
2731 3684 2795 3720 ac
2839 3670 2883 3721 si
2945 3679 3102 3736 pater
3146 3670 3340 3724 videns

1766 3757 1929 3810 lilium
1959 3772 2079 3812 cum
2121 3758 2432 3813 hominibus
2464 3759 2765 3827 depravatis
2805 3771 3242 3826 conversanlem,
3272 3758 3340 3814 ad

1766 3865 1888 3904 eum
1913 3851 2096 3905 dicat:
2124 3851 2252 3917 Quae
2284 3862 2367 3906 est
2395 3852 2815 3906 communicatio
2850 3863 2953 3906 tua:
2985 3853 3340 3921 generositati

1767 3959 1895 3998 cum
1929 3943 2148 3997 illorum
2190 3944 2527 4012 pollutione?
2565 3942 2670 3998 Vos
2703 3944 2868 4014 igitur
2907 3946 3104 4011 reipsa,
3143 3944 3340 4012 inquit,

1763 4037 1974 4108 justitia
2009 4037 2178 4102 eatis;
2230 4036 2305 4091 illi
2346 4052 2475 4091 vero
2504 4038 2794 4100 iniquitas:
2826 4037 2953 4108 quid
2996 4035 3159 4105 igitur
3188 4035 3345 4094 vobis

1769 4145 1889 4182 cum
1930 4127 2037 4182 illis
2065 4142 2348 4182 commune
2383 4128 2510 4183 est?

1840 4217 2004 4275 Vsns.
2040 4219 2127 4275 15.
2159 4237 2176 4270 ι
2210 4219 2340 4286 Quae
2367 4231 2541 4274 autem
2565 4220 2800 4276 societas
2829 4220 2932 4276 luci
2961 4219 3027 4275 ad
3055 4218 3345 4275 tenebras?

1770 4314 1902 4380 Qua:
1937 4322 2023 4368 est
2057 4312 2346 4368 conventio
2393 4312 2610 4367 Christo
2661 4315 2726 4367 ad
2778 4312 2980 4367 Belial?
3022 4330 3042 4363 ι
3077 4311 3344 4366 Omnibus

1770 4405 1946 4458 modis
1967 4403 2155 4458 volens
2191 4413 2248 4456 ut
2302 4401 2404 4472 ipsi
2461 4403 2711 4457 deﬁciant
2755 4405 2822 4456 ab
2871 4401 3200 4466 inﬁdelibus,
3235 4415 3343 4454 non

114 4487 286 4555 ὅτιΤίς
314 4497 568 4548 κοινωνία
602 4497 714 4558 τοῖς
739 4494 832 4548 τοῦ
866 4496 1042 4564 φωτὸς
1075 4497 1211 4566 πρὸς
1255 4497 1381 4560 τοὺς
1414 4497 1504 4550 τοῦ
1538 4498 1655 4551 σκό-

1774 4495 1931 4563 dixit,
1957 4495 2086 4562 Qua:
2116 4495 2279 4564 277
2317 4504 2400 4548 est
2418 4497 2653 4550 societas
2687 4493 2969 4548 illuStratis
2995 4493 3194 4547 lumine
3218 4506 3343 4546 cum

115 4595 249 4649 τουςς
285 4585 453 4654 ἢτοῖς
516 4587 612 4640 τοῦ
654 4588 890 4658 Χριστοῦ
949 4589 1083 4656 πρὸς
1119 4590 1247 4653 τοὺς
1306 4589 1399 4643 τοῦ
1439 4589 1670 4663 Βελίαρ;

113 4672 208 4726 ἀλλ’
251 4680 382 4733 αὐτὰ
433 4681 505 4734 τὰ
544 4681 851 4752 πράγματα
897 4682 1019 4735 ἀντὶ
1067 4681 1176 4735 τῶν
1227 4682 1537 4755 προσώπων
1578 4684 1672 4737 τέ-

115 4769 260 4840 θεικε,
289 4777 400 4845 φῶς
452 4779 550 4830 καὶ
598 4779 810 4843 σκότος,
858 4777 887 4830 ὃ
939 4777 1102 4830 πλεον
1153 4773 1242 4848 ἦν’
1291 4778 1388 4831 καὶ
1435 4779 1670 4846 Χριστὸν

111 4867 192 4919 καὶ
217 4865 426 4939 Βελίαρ,
471 4869 500 4922 ὃ
537 4869 795 4940 σημαίνει
837 4869 926 4922 τὸν
969 4869 1301 4938 ἀποστάτην.
1351 4869 1449 4923 Διὰ
1479 4869 1668 4923 τούτου

111 4953 156 5005 δὲ
193 4958 560 5032 φοϐερώτερον
602 4962 820 5023 πάντως
851 4960 943 5012 τὸν
977 4961 1132 5029 λόγον
1173 4961 1450 5028 ἐποίησεν.

176 5067 192 5099 ι
231 5050 296 5103 Ἥ
322 5052 404 5116 τίς
439 5053 602 5122 μερὶς
633 5051 809 5121 πιστῴ
844 5050 982 5120 μετά
1015 5051 1286 5116 ἀπίστους
1329 5070 1347 5102 ι
1400 5050 1668 5104 Ἐνταῦθα

111 5139 204 5193 τῶν
232 5145 536 5212 προσώπων
565 5144 840 5215 ἐμνήσθη,
871 5144 958 5196 ἵνα
989 5145 1064 5214 μὴ
1093 5144 1218 5216 δόξῃ
1251 5145 1449 5209 κακίας
1480 5145 1666 5210 ἁπλῶς

110 5237 436 5303 κατηγορεῖν,
472 5236 507 5309 ἢ
547 5235 751 5307 ἀρετὴν
785 5237 1049 5289 ἐπαινεῖν.

173 5341 188 5373 t
233 5325 323 5390 Τίς
352 5327 408 5380 δὲ
449 5328 855 5394 συγκατάθεσις
888 5326 1002 5397 ναῷ
1039 5325 1174 5380 θεοῦ
1217 5327 1357 5398 μετά
1394 5329 1662 5396 εἰδὼλων;

121 5411 290 5484 Ὑμεῖς
322 5420 430 5490 γάρ
461 5420 592 5482 ναὸς
623 5419 758 5472 Θεοῦ
790 5422 912 5472 ἐστε
947 5419 1170 5484 ζῶντος.
1224 5439 1242 5471 ι
1293 5420 1356 5472 Ol
1405 5421 1502 5490 μὲν
1531 5424 1663 5477 ἀπι-

111 5518 239 5572 στοι,
281 5511 400 5563 ναοὶ
439 5511 675 5564 εἰδώλων
709 5513 867 5576 εἰσὶν,
920 5512 952 5582 ἦ
1001 5513 1093 5563 καὶ
1129 5512 1354 5564 εἴδωλα⁸
1407 5514 1564 5582 ὑμεῖς
1606 5516 1664 5568 δὲ

109 5598 221 5664 νεὸς
246 5601 376 5657 Θεοῦ
395 5619 409 5633 ⁸
443 5605 547 5674 οὐχ
576 5605 688 5656 οἷον
721 5604 876 5658 αὐτοὶ
903 5603 1251 5675 μυθεύονται,
1277 5606 1414 5660 ἀλλὰ
1438 5606 1659 5670 ζῶντος.

1774 4587 2174 4643 tenebricosis?
2206 4587 2287 4641 vel
2309 4585 2638 4642 Christianis
2663 4601 2786 4640 cum
2822 4585 3121 4638 Belialitis?
3155 4599 3341 4638 verum

1773 4697 1860 4736 res
1883 4681 2024 4749 ipsas
2063 4693 2161 4748 pro
2188 4677 2435 4747 personis
2482 4677 2678 4746 posuit,
2730 4678 2911 4729 lumen
2949 4685 3002 4729 et
3053 4675 3340 4739 tenebras;

1773 4772 1915 4842 quod
1943 4770 2060 4841 plus
2084 4779 2165 4823 est
2190 4787 2203 4822 :
2231 4776 2284 4822 et
2307 4767 2582 4822 Christum
2609 4777 2657 4819 et
2689 4765 2878 4827 Belial,
2897 4765 3038 4833 quod
3072 4763 3346 4832 signiﬁcat

1771 4866 2131 4920 desertorem.
2165 4859 2305 4915 Hinc
2335 4867 2512 4913 autem
2541 4856 2765 4912 omnino
2806 4854 3181 4910 terribiliorem
3217 4869 3342 4906 ora-

1775 4959 1975 5014 tionem
2008 4953 2151 5010 fecit.

1847 5069 1866 5103 ι
1904 5051 2011 5104 Αιιι
2035 5063 2156 5119 quae
2174 5056 2255 5102 est
2286 5060 2411 5117 pars
2437 5045 2576 5100 ﬁdeli
2606 5058 2727 5100 cum
2759 5040 3004 5097 inﬁdeli?
3043 5058 3061 5093 ι
3099 5037 3195 5092 ilic
3219 5051 3343 5106 per-

1769 5159 2023 5202 sonarum
2078 5141 2340 5207 meminit,
2408 5154 2474 5194 ne
2526 5139 2776 5194 videatur
2832 5134 2960 5189 vitia
3027 5130 3344 5202 simpliciter

1703 5236 1705 5238 ’
1768 5250 2049 5300 accusare,
2079 5233 2164 5290 vel
2198 5234 2452 5287 virtutem
2480 5228 2881 5284 commendare.

1841 5329 2007 5386 Vsus.
2045 5327 2134 5381 16.
2182 5343 2200 5378 ι
2236 5323 2370 5393 Quis
2413 5334 2593 5378 autem
2643 5333 2940 5376 consensus
2996 5314 3195 5385 templo
3246 5311 3342 5368 Dei

1769 5439 1892 5479 cum
1918 5419 2120 5477 idolis?
2146 5417 2252 5474 Vos
2282 5416 2424 5473 enim
2460 5415 2594 5469 estis
2622 5411 2875 5481 templum
2911 5408 3002 5463 Dei
3035 5406 3287 5461 viventis.
3313 5421 3336 5458 ι

1767 5515 2017 5572 lnlideles
2052 5528 2184 5569 sane
2224 5510 2417 5581 templa
2447 5508 2710 5562 idolorum
2733 5514 2882 5571 sunt,
2919 5503 3003 5558 vel
3035 5503 3147 5572 ipsa
3177 5500 3340 5556 etiam

1773 5611 1934 5665 idola.
1985 5607 2093 5664 Vos
2142 5615 2321 5661 autem
2381 5601 2635 5674 templum
2690 5598 2781 5654 Dei
2840 5599 2992 5664 estis,
3056 5611 3160 5652 non
3215 5593 3342 5651 talis

1444 5747 1642 5810 Varia;
1657 5748 1987 5814 lectiones.

168 5860 240 5904 ⁸⁷*
281 5865 369 5924 τσ.
406 5870 675 5938 χωρεῖσθε
707 5885 759 5924 o.
837 5869 931 5901 ⁸⁷³⁸
963 5867 1039 5938 μὴ
1089 5868 1462 5938 ἑτεροζυγεῖτε
1491 5885 1542 5925 θ’
