3806 6600
519 391 619 457 867
1442 388 2026 454 THEOPHYLACTI
2062 387 2478 453 BULGARLE
2512 388 2867 451 ARCHIEP.
2930 404 2933 406 ·
3601 402 3672 465 ξω

523 506 743 577 qualem
785 505 884 576 ipsi
917 505 1149 577 tingunt,
1183 505 1299 567 sed,
1339 503 1589 559 viventis.
1619 500 1754 569 Quis
1782 500 1950 573 igitur
1977 514 2077 556 con

2207 498 2304 563 Τίς
2333 495 2428 554 οὗν
2468 498 2904 570 συγκατάθεσις,
2956 500 3250 565 τουτέστιν,
3282 501 3532 577 ὁμοιότης,
3559 513 3671 569 συνέ.

515 613 734 664 sensus,
791 598 844 653 id
900 608 1007 666 est,
1059 597 1377 669 similitudo,
1424 593 1737 661 conventio,
1769 593 1924 651 vobis
1972 606 2083 650 cun

2203 588 2412 660 λευσις,
2443 593 2573 664 ὑμῖν
2610 593 2748 664 πρὸς
2775 592 3033 660 τούτους;

518 688 641 748 istis
664 690 688 745 τ

594 797 614 833 ι
652 779 957 835 Sicutdixit
986 778 1125 833 Deus
1148 777 1175 818 ά
1206 795 1221 834 :
1247 776 1512 845 Quoniam
1542 777 1924 837 inhabitaboin
1945 774 2097 846 ipsis,

514 881 571 926 et
600 870 969 934 inatnhnlabo,
1001 885 1205 940 eroque
1237 871 1477 940 ipsorum
1510 872 1671 937 Dens,
1717 880 1772 924 et
1811 869 1912 938 ipsi
1941 875 2100 925 erunt

516 963 645 1016 mihi
679 963 926 1033 populus.
962 980 981 1015 ι
1034 963 1115 1018 Nc
1163 963 1368 1017 adulari
1417 963 1683 1030 videatur,
1715 976 1782 1017 ex
1817 961 2095 1030 Scriptura

516 1056 804 1111 continual
833 1057 974 1127 quod
995 1056 1103 1110 sint
1140 1054 1396 1124 templum
1425 1055 1541 1110 Dei.
1576 1055 1729 1123 Quod
1764 1055 1925 1126 igitur
1952 1054 2097 1111 Deus

515 1150 567 1204 in
599 1150 754 1206 nobis
790 1150 1014 1216 habitet,
1062 1149 1262 1220 prioris
1299 1148 1419 1204 vita:
1452 1149 1663 1219 paritas
1699 1164 1828 1205 sane
1858 1148 2092 1217 prmbet:

513 1243 657 1312 qttod
709 1258 836 1297 vero
880 1242 1142 1307 ambulet,
1172 1252 1399 1296 conatus
1445 1242 1676 1312 posthac
1722 1249 1779 1297 et
1819 1239 2094 1311 diligentia

513 1330 663 1387 facit.
698 1332 835 1387 Cum
869 1334 1012 1388 enim
1045 1332 1206 1388 homo
1242 1347 1412 1401 purus
1459 1330 1642 1395 fuerit,
1678 1331 1946 1389 inhabitat
1971 1345 2094 1388 eum

517 1422 697 1477 Deus:
738 1435 879 1492 post,
917 1425 961 1479 si
997 1425 1062 1477 ad
1121 1423 1263 1477 aliud
1318 1423 1589 1493 quoddam
1624 1437 1760 1492 opus
1793 1406 2105 1486 moveatur,

513 1515 850 1571 inambulare
901 1516 1136 1580 ἀερίων,
1194 1514 1412 1584 quando
1450 1514 1661 1568 scilicet
1710 1512 1873 1579 Deus,
1927 1513 2096 1584 ipsius

515 1604 572 1659 tit
626 1606 796 1673 Deus,
849 1607 922 1661 ita
983 1606 1036 1662 in
1102 1605 1539 1676 patriarcharum
1597 1606 1844 1660 ordinem
1901 1619 2094 1663 ascen-

513 1697 708 1751 dentis.

588 1790 747 1847 V’eits.
783 1790 870 1845 t7.
910 1807 928 1841 ι
968 1789 1200 1859 Propter
1228 1789 1372 1860 quod
1406 1789 1551 1846 exite
1576 1791 1641 1846 de
1673 1790 1851 1847 medio
1880 1805 2090 1856 eorum,

511 1893 566 1935 et
600 1883 947 1953 separamini,
999 1891 1054 1937 et
1099 1882 1374 1954 impurum
1422 1883 1588 1937 nolite
1634 1894 1876 1955 tangere,
1909 1894 1964 1939 et
1991 1899 2092 1953 ego

511 1975 805 2044 suscipiam
854 1990 972 2038 vos,
1023 1974 1157 2028 dicit
1205 1974 1466 2030 Dominus
1493 1984 1539 2029 ο.
1576 1993 1594 2028 ι
1641 1973 1758 2029 Νοη
1805 1975 1965 2040 dixit,
2014 1974 2093 2031 Ne

512 2064 685 2133 agatis
725 2065 983 2126 absurda,
1016 2064 1134 2129 sed,
1167 2081 1187 2115 ι
1219 2062 1300 2119 Ne
1321 2062 1575 2136 atliugite
1601 2081 1621 2117 ι
1657 2065 1896 2136 quidem.
1920 2063 2094 2135 Impu-

512 2156 647 2210 ritas
677 2164 859 2211 autem
911 2155 1108 2225 duplex
1162 2165 1245 2212 est
1281 2156 1495 2212 :altera
1543 2157 1762 2227 quidem
1819 2157 2088 2227 corporis,

511 2248 680 2304 altera
717 2263 844 2303 vero
901 2250 1137 2303 animae:
1201 2249 1396 2304 animae
1450 2250 1692 2320 quidem,
1749 2257 1809 2306 ut
1858 2249 2091 2306 sordida:

511 2342 890 2410 rugitntioues,
940 2348 997 2397 et
1044 2343 1241 2399 intueri
1274 2342 1558 2414 impudicis
1600 2341 1793 2407 oculis,
1842 2341 2091 2397 vindictae

510 2437 803 2506 cupiditas,
836 2435 981 2501 doli,
1031 2436 1191 2505 idque
1228 2451 1401 2508 genus
1452 2436 1558 2495 alia
1599 2454 1614 2491 :
1660 2433 1904 2507 corporis
1938 2450 2088 2501 vero,

510 2539 567 2582 ut
599 2527 908 2592 fornicatio,
963 2527 1327 2595 adulterium,
1377 2527 1668 2598 omnisque
1727 2526 2088 2596 impudicitia.

512 2618 633 2675 Vult
670 2619 836 2691 igitur
867 2622 1124 2689 utrinque
1146 2629 1270 2674 ‘nos
1304 2634 1424 2674 esse
1454 2634 1635 2688 puros.
1681 2619 1841 2674 Exite
1865 2617 2029 2689 igitur
2056 2634 2088 2673 e

510 2713 687 2766 medio
748 2710 1073 2778 inﬁdelium,
1135 2719 1189 2766 ct
1236 2711 1615 2782 scgregemini,
1674 2712 1780 2766 hoc
1830 2721 1935 2778 est,
1985 2712 2085 2769 soli

509 2805 670 2873 agite,
704 2802 1057 2873 separemini,
1089 2811 1145 2858 et
1175 2803 1293 2872 puri
1338 2812 1537 2867 estote,
1566 2812 1622 2858 et
1650 2811 1760 2858 tum
1795 2802 2085 2872 suscipiam

510 2911 627 2952 vos.
665 2895 797 2950 Cum
838 2896 984 2950 enim
1036 2893 1358 2951 discesseris
1410 2910 1438 2948 a
1479 2894 1684 2964 pravis,
1730 2907 1838 2950 tum
1880 2896 2086 2951 unicris

509 2987 643 3043 Deo.

582 3077 745 3134 Vens.
780 3079 868 3135 l8.
911 3099 930 3133 ι
961 3080 1027 3137 Ει
1053 3095 1147 3135 ero
1177 3079 1330 3134 vobis
1377 3079 1428 3133 iu
1461 3077 1703 3144 Patrem,
1734 3090 1791 3134 et
1816 3093 1909 3136 vos
1934 3079 2083 3135 eritis

2271 3104 2289 3136 ι
2329 3083 2438 3138 Καὶ
2470 3082 2670 3155 εσομαι
2703 3082 2833 3154 ὑμῖν
2859 3082 2938 3148 είς
2975 3081 3220 3153 Πατέρα,
3264 3080 3358 3136 καὶ
3396 3080 3528 3150 6515i;
3550 3078 3680 3134 ἔσεσθὲ

514 3175 643 3227 mihi
682 3173 735 3226 in
771 3174 909 3229 lilios
934 3184 989 3229 et
1016 3173 1176 3239 tilias,
1209 3172 1340 3227 dicit
1370 3169 1630 3226 Dominus
1658 3172 2025 3242 omnipotens.
2059 3190 2077 3223 ι

2196 3192 2288 3246 μοι
2321 3179 2402 3240 είς
2438 3177 2587 3238 υίοὺς
2624 3174 2721 3228 καὶ
2768 3174 3104 3245 θυγατέρας,
3146 3172 3301 3242 λέγει
3334 3171 3517 3241 Κύριος
3545 3186 3680 3223 nam

512 3265 701 3320 Vidcn’
736 3267 830 3337 qui
890 3266 1201 3337 praedixerit
1260 3264 1543 3336 propheta,
1596 3279 1718 3335 qua:
1761 3264 1871 3334 jam
1905 3267 1959 3320 iu
1990 3282 2083 3322 nos

2196 3266 2440 3335 κράτωρ.
2481 3282 2501 3316 ι
2551 3264 2737 3335 Ὁρᾷς,
2780 3263 2900 3326 πῶς
2938 3262 3398 3334 προανεφὼνησεν
3424 3260 3449 3312 ό
3474 3261 3681 3331 inposta};

506 3360 754 3428 pervenit
781 3375 875 3429 per
903 3359 1191 3430 baptisma,
1249 3358 1718 3429 regenerationem
1745 3357 2083 3430 ﬁliorumque

2194 3355 2292 3427 τὴν
2340 3358 2421 3420 είς
2455 3357 2604 3427 ἡμᾶς
2651 3354 2746 3409 νῦν
2786 3354 3073 3427 φθάσασαν
3116 3355 3212 3410 διὰ
3256 3352 3349 3409 τοῦ
3390 3351 3681 3425 βαπτίσματος

516 3450 895 3522 οάοριίοιιειῐιῖ

2194 3448 2557 3520 ἁναγέννησιν
2590 3447 2686 3503 καὶ
2721 3445 3031 3514 υίοθεσίαν;

2791 3561 3045 3616 ΚΕΦΔΔ.
3091 3559 3170 3617 Z'.

2268 3698 2289 3732 ι
2327 3679 2547 3742 Ταύτας
2577 3675 2672 3730 οὖν
2702 3676 2920 3747 ἔχοντες
2952 3674 3053 3737 τὰς
3085 3675 3434 3746 ἐπαγγελίας,
3463 3668 3681 3741 ἀγαπητοὶ.

2189 3776 2578 3848 καθαρίσωμεν
2608 3772 2834 3835 ἑαυτοὺς
2871 3768 2980 3824 ἀπὸ
3011 3769 3219 3833 παντὸς
3255 3766 3514 3839 μολυσμοῦ
3542 3762 3682 3833 οαρκὲς

2189 3870 2283 3924 καὶ
2319 3866 2651 3937 πνεύματος.
2694 3884 2713 3917 ι
2774 3862 2983 3929 Ποίας;
3029 3862 3104 3915 Τὸ
3146 3863 3271 3915 ναοὶ
3302 3856 3439 3914 εἶναι
3478 3856 3614 3915 0:05.
3643 3852 3683 3904 τὸ

2187 3961 2331 4031 ἔχειν
2354 3959 2520 4013 αὐτὸν
2549 3956 2863 4011 ἐνοικοῦντα
2885 3956 2979 4008 καὶ
3002 3952 3479 4025 ὲμπεριπατοῦντα
3499 3949 3574 4001 τὸν
3593 3944 3682 3998 θεὸν

2186 4055 2281 4106 καὶ
2308 4051 2551 4121 Πατέρα.
2578 4048 2983 4119 Καθαρίσωμεν
3007 4046 3238 4109 ἑαυτοὺς
3259 4044 3367 4098 ἀπὸ
3389 4042 3489 4096 τῶν
3507 4035 3684 4103 ἀκαθάρ·

2185 4161 2295 4199 των
2327 4143 2508 4214 ἔργων
2530 4160 2545 4175 ο
2576 4141 2750 4195 ταῦτα
2799 4141 2910 4211 γὰρ
2946 4136 3485 4208 μολυσμὸς-σαρκός·
3518 4129 3593 4185 καὶ
3612 4125 3685 4179 τῶν

2170 4235 2454 4305 ῥυπαρῶν
2491 4233 2583 4287 καὶ
2613 4231 2879 4303 ἐμπαθῶν
2911 4230 3192 4300 λογισμῶν
3214 4243 3227 4258 ο
3256 4226 3427 4282 ταῦτα
3453 4225 3547 4296 γὰρ
3571 4219 3686 4292 μολυ.

2187 4327 2324 4399 σμὸς
2354 4325 2687 4397 πνεύματος,
2722 4322 2993 4391 τουτέστι,
3019 4321 3122 4393 τῆς
3144 4321 3347 4392 ψυχῆς.

2273 796 2293 829 ι
2338 775 2539 840 Καθὼς
2567 772 2727 831 εἶπεν
2758 776 2786 830 ό
2816 775 2951 839 Θεὸς
2971 817 2985 838 ,
3013 775 3094 829 ὅτι
3139 776 3414 849 Ἐνοικήσω
3434 780 3484 834 ὲν
3509 783 3672 851 αὐτοῖς,

2200 870 2293 924 καὶ
2332 869 2799 941 ἑμπεριπατήσω,
2852 868 2946 923 καὶ
2995 867 3186 940 ἔσομαι
3231 871 3397 924 αὐτῶν
3442 874 3578 941 Θεὸς,
3609 890 3673 935 καὶ

2199 961 2357 1017 αὐτοὶ
2387 960 2605 1015 εσονταί
2632 976 2724 1031 μοι
2754 959 2902 1024 λαός.
2946 979 2965 1012 ι
3004 959 3118 1014 ’Ἰνα
3147 958 3221 1032 μὴ
3255 961 3372 1036 δόξῃ
3400 965 3672 1036 κολακεύειν,

2199 1052 2307 1108 ἀπὸ
2333 1054 2430 1124 τῆς
2456 1052 2497 1106 Γ
2500 1051 2681 1123 ραφῆς
2706 1052 2981 1107 δείκνυσιν
3003 1053 3085 1108 ὅτι
3107 1053 3210 1107 εἰσὶ
3243 1054 3359 1120 ναὸς
3379 1055 3514 1114 Θεοῦ.
3534 1062 3591 1114 Τὸ
3606 1064 3672 1133 μὲν

2198 1144 2478 1213 ἐνοικῆσαι
2509 1145 2567 1196 ὲν
2592 1146 2725 1215 ἡμῖν
2745 1143 2837 1198 τὸν
2868 1144 3022 1210 Θεὸν,
3051 1146 3292 1217 προξενεῖ
3313 1148 3449 1218 ητοῦ
3476 1156 3688 1225 προτέρουΔ

2200 1235 2317 1307 βίου
2357 1237 2667 1310 καθαρότης
2688 1253 2703 1267 ·
2736 1236 2799 1290 τὸ
2829 1236 2887 1290 δὲ
2915 1238 3010 1290 καὶ
3049 1238 3469 1309 ἑμπεριπατῆσαι
3490 1282 3505 1306 ,
3528 1245 3555 1314 ἡ
3578 1250 3673 1314 μετὰ

2196 1328 2371 1384 ταῦτα
2392 1329 2621 1400 σπουδή.
2648 1327 2889 1402 Καθαρῷ
2912 1331 3022 1402 γὰρ
3044 1330 3155 1385 ὸντι
3182 1330 3259 1403 τῷ
3280 1332 3519 1404 ἀνθρώπῳ
3535 1338 3675 1391 ἐνοικεῖ

2197 1423 2225 1475 ό
2250 1422 2418 1487 Θεός·
2451 1418 2570 1479 εἶτα
2602 1423 2699 1477 καὶ
2739 1424 2878 1494 πρὸς
2910 1424 3074 1495 ἕτερα
3104 1424 3263 1479 πάλιν
3292 1424 3417 1496 ἔργα
3444 1431 3674 1501 κινουμένῳ

2197 1609 2226 1663 ό
2253 1607 2407 1674 Θεὸς,
2437 1609 2516 1672 είς
2541 1608 2644 1679 τὴν
2671 1608 2824 1675 τάξιν
2849 1608 2957 1662 τῶν
2984 1609 3336 1682 πατριαρχῶν
3360 1611 3673 1675 ἀναϐαίνοντος.

2279 1810 2298 1844 ι
2333 1791 2426 1845 Διὸ
2468 1790 2717 1856 ἑξέλθετε
2742 1791 2812 1844 ἐκ
2857 1790 3029 1861 μέσον
3061 1790 3243 1846 αὐτῶν
3276 1790 3366 1846 καὶ
3391 1792 3674 1864 ἀφορίσθητε,

2199 1887 2295 1943 καὶ
2324 1885 2639 1957 ἀκαθάρτου
2677 1884 2753 1957 μὴ
2779 1883 3051 1951 ἅπτεσθε,
3082 1882 3239 1953 κάγὼ
3265 1885 3538 1959 εἰσδέξομαι
3561 1889 3673 1957 ὑμᾶς,

2199 1977 2348 2046 λέγει
2393 1977 2622 2048 Κύριος.
2660 1995 2682 2029 ι
2721 1976 2837 2031 Οὐκ
2875 1972 3033 2041 εἷπε,
3085 1977 3180 2048 Μὴ
3231 1978 3483 2048 πράττητε
3526 1981 3674 2045 ἄτοπα,

2199 2068 2357 2133 ἀλλὰ,
2393 2086 2413 2121 ι
2452 2067 2603 2138 Μηδὲ
2634 2065 2896 2122 ἅπτεσθε.
2936 2085 2953 2119 ι
2999 2064 3060 2121 Ἦ
3089 2065 3147 2119 δὲ
3174 2065 3465 2138 ἀκαθαρσία
3484 2068 3675 2141 διττή·ἧ

2200 2161 2475 2232 σώματος,
2510 2160 2544 2230 ἦ
2571 2159 2777 2231 ψυχῆςο
2806 2158 2986 2230 ψυχῆς
3018 2158 3144 2229 μὲν,
3173 2158 3248 2222 ὡς
3277 2160 3323 2211 ol
3349 2161 3547 2231 ῥυπαροὶ
3578 2161 3677 2229 λογι-

2199 2255 2350 2325 σμοὶ,
2404 2254 2503 2309 καὶ
2543 2252 2604 2306 τὸ
2641 2252 2913 2322 ἐμϐλέψαι
2959 2251 3283 2315 ἀκολάστοις
3314 2250 3677 2321 όφθαλμοῖς,καί

2200 2342 2584 2416 μνησικακίαι,
2621 2341 2715 2396 καὶ
2757 2341 2926 2408 δόλοι,
2969 2343 3064 2395 καὶ
3112 2340 3184 2394 τὰ
3216 2340 3460 2394 τοιαῦταο
3498 2341 3677 2412 σώματος

2195 2435 2276 2501 δὲ’
2304 2435 2380 2500 ὡς
2396 2434 2895 2508 ποηρνείανμοιχεία.
2929 2435 3025 2488 καὶ
3076 2435 3225 2488 πᾶσα
3244 2433 3290 2466 ⁸⁸
3323 2432 3561 2501 ἀσέλγεια.
3590 2433 3677 2486 Βοό-

2195 2530 2347 2586 λεται
2363 2531 2544 2585 τοίνυν
2566 2526 2911 2599 ἑκατέρωθεν
2934 2527 3082 2599 ἡμᾶς
3104 2522 3247 2581 εἶναι
3269 2524 3532 2597 καθαρούς.
3556 2523 3678 2590 Ἐξέλ-

2196 2624 2320 2678 θετε
2352 2620 2446 2675 οὖν
2488 2622 2555 2674 ὲκ
2584 2622 2754 2691 μέσου
2796 2619 2907 2672 τῶν
2949 2620 3221 2683 ἀπίστων,
3272 2619 3363 2671 καὶ
3397 2616 3677 2687 ἀφορίσθητε,

2195 2716 2466 2781 τουτέστι,
2498 2712 2780 2785 μονώθητε
2803 2712 2898 2767 καὶ
2921 2710 3315 2784 καθαρίσθητε,
3334 2712 3422 2766 καὶ
3443 2711 3544 2764 τότε
3564 2708 3679 2763 εἰσδέ-

2192 2901 2314 2954 τότε
2343 2898 2594 2971 ἑνωθήσῃ
2622 2896 2764 2971 Θεῷ.

1113 3559 1345 3619 CAPUT
1382 3559 1499 3619 VII.

584 3677 743 3735 Vens.
781 3678 835 3736 Ι.
869 3697 889 3733 ι
928 3678 1038 3738 Has
1071 3697 1201 3751 ergo
1223 3681 1485 3739 habentes
1513 3681 1928 3753 ριόιιιίδδιυηυδ,
1962 3682 2087 3736 cha-

504 3772 735 3838 rissimi,
771 3774 1093 3829 mundemns
1119 3790 1219 3830 nos
1251 3775 1316 3830 ab
1340 3776 1486 3831 omni
1518 3776 1930 3848 inquinamento
1963 3792 2086 3833 car-

507 3863 595 3918 nis
626 3874 678 3917 et
711 3864 958 3934 spiritus.
1000 3883 1019 3917 ι
1051 3864 1249 3932 Quales
1299 3869 1687 3938 promissiones
1708 3869 1732 3925 ἲ
1757 3869 1910 3938 Quod
1953 3881 2087 3927 tem-

506 3958 651 4022 plum
680 3957 852 4010 simus
883 3955 1023 4012 Dei:
1069 3958 1213 4028 quod
1257 3960 1553 4016 habeamus
1595 3963 1988 4019 inhabitantem
2030 3965 2083 4019 in

507 4046 662 4100 nobis
716 4058 769 4100 et
830 4046 1250 4117 inambulantem
1306 4049 1481 4119 ipsum
1529 4052 1694 4108 Deum
1741 4052 1795 4109 et
1845 4055 2083 4111 Patrem.

506 4135 673 4209 278
695 4136 993 4208 Pnrgemus
1024 4139 1271 4208 noslpsos
1302 4140 1368 4194 ab
1396 4141 1625 4212 impuris
1650 4145 1909 4215 operibus
1947 4146 2084 4214 (haec

506 4233 648 4283 enim
701 4231 881 4286 carnis
929 4242 1055 4287 sunt
1089 4233 1482 4305 coinquinatio)
1556 4245 1611 4290 et
1654 4251 1685 4291 a
1736 4237 1973 4292 sordidis
2020 4255 2083 4294 ac

507 4323 738 4377 turbidis
770 4325 1230 4395 cogitationibus;
1267 4327 1382 4382 haec
1410 4328 1554 4382 enim
1588 4339 1713 4382 sunt
1743 4331 2082 4384 contamina-

506 4415 581 4469 tio
608 4415 847 4482 spiritus,
880 4417 932 4471 id
957 4425 1060 4483 est,
1086 4418 1301 4473 animm.

583 4525 600 4558 ι
640 4505 991 4565 Perticientes
1021 4510 1507 4566 sanctiﬁcationem
1555 4508 1610 4565 in
1656 4511 1849 4568 timore
1896 4512 2012 4569 Del.
2053 4532 2072 4567 ι

501 4598 620 4654 Non
673 4603 807 4657 satis
870 4611 971 4668 est,
1026 4604 1220 4675 inquit,
1282 4605 1556 4661 abstinere
1608 4604 1677 4661 ab
1736 4608 2077 4677 tmpuritate,

505 4705 691 4744 verum
717 4707 854 4763 Opus
883 4703 966 4750 est
994 4694 1157 4750 etiam
1183 4697 1383 4766 aliquid
1415 4696 1836 4768 bonilpcrticere,
1890 4716 2082 4770 nempe

505 4781 1007 4851 sanctiﬁcatiunem,
1040 4770 1091 4840 id
1144 4794 1246 4853 est,
1282 4788 1591 4858 puritatem,
1642 4790 2077 4858 temperantiam.

509 4892 529 4926 ι
567 4873 625 4928 In
661 4874 851 4932 timore
892 4895 913 4930 ι
946 4889 1127 4933 autem
1164 4898 1183 4932 ι
1225 4880 1344 4946 Dei,
1382 4901 1401 4934 ι
1431 4882 1702 4952 apposuit,
1729 4881 1812 4935 vel
1838 4882 1964 4951 quia
1999 4890 2081 4936 est

2194 4872 2340 4938 Θεοῦ,
2371 4891 2388 4924 ι
2412 4872 2785 4944 προσέθηκεν,
2819 4874 2853 4946 ἢ
2881 4872 3017 4925 διότι
3042 4870 3161 4923 ἐστὶ
3182 4871 3275 4923 καὶ
3299 4863 3596 4937 ὲπιτηδευτὴ
3614 4876 3687 4952 σοι·

503 4973 857 5037 temperantia
890 4971 1160 5040 instituta,
1193 4983 1251 5028 ut
1280 4950 1486 5045 placeat
1508 4950 1936 5038 hominibus,et
1971 4993 2075 5030 non

2194 4965 2425 5041 ψροπύνη
2469 4966 2604 5036 πρὸς
2627 4963 3176 5035 ἀνθρωπαρέσκειαν,
3212 4963 3306 5015 καὶ
3333 4963 3395 5015 ού
3424 4958 3550 5013 κατά
3570 4950 3687 5023 φόϐον

496 5061 557 5116 in
588 5063 781 5117 timore
814 5062 909 5118 Dei
956 5080 970 5119 :
1025 5064 1108 5119 vel
1158 5066 1391 5120 OStendit
1431 5066 1586 5120 nobis
1626 5068 1894 5135 quomodo
1934 5068 2077 5121 hanc

2194 5059 2319 5115 θεοῦ
2340 5077 2354 5092 ·
2391 5059 2424 5132 ἢ
2451 5059 2727 5114 δείκνυσιν
2775 5059 2910 5128 ἡμῖν
2959 5056 3078 5120 πῶς
3111 5055 3489 5123 ὲπιτελέσομεν
3515 5045 3686 5135 ταύτηγο

496 5148 870 5223 perﬁciamus,
901 5169 1117 5223 nempe,
1179 5155 1230 5208 in
1268 5156 1464 5210 timore
1498 5154 1613 5210 Dei.
1664 5155 1801 5208 Nam
1859 5155 2073 5210 etiamsi

504 5243 688 5298 saeviat
717 5245 1156 5317 concupiscentia
1184 5245 1386 5313 carnis,
1422 5245 1664 5306 timorem
1700 5246 1789 5300 Dei
1823 5246 1981 5310 habe,
2009 5261 2074 5303 ac

503 5332 721 5388 tolletur
775 5334 1007 5390 insania.
1046 5335 1165 5390 Non
1220 5335 1387 5390 solam
1445 5348 1623 5390 autem
1661 5337 2073 5405 temperantiam

496 5435 601 5493 per
634 5426 1047 5483 sanctimoniam
1092 5427 1378 5500 intelliges,
1401 5442 1585 5483 verum
1614 5429 1778 5484 etiam
1828 5430 2075 5501 quamvis

504 5515 555 5568 in
582 5515 686 5570 vita
716 5520 1029 5587 puritatem.

611 5630 638 5672 ἀ
672 5629 848 5719 Levit.
883 5644 1034 5703 xm,
1071 5633 1158 5690 12.

2185 4601 2365 4673 ἀρκεῖ,
2396 4599 2584 4671 φησιν,
2620 4597 2923 4670 ἀπέχεσθαι
2956 4595 3334 4669 ἀκαθαρσίας,
3377 4594 3503 4650 ἀλλὰ
3527 4592 3593 4646 δεῖ
3624 4589 3688 4640 καὶ

2184 4692 2503 4746 ἐπιτελέσαι
2533 4707 2586 4744 τι
2614 4689 2841 4759 ἀγαθὸν,
2870 4689 2973 4759 τὴν
2997 4689 3333 4759 ἁγιωσύνην,
3359 4685 3597 4745 τουτέστι,
3618 4678 3686 4748 τὴν

2184 4783 2556 4856 καθαρότητα,
2595 4783 2694 4852 τὴν
2742 4781 3123 4853 σωφροσύνην.
3168 4780 3243 4832 Τὸ
3275 4779 3356 4840 δὲ,
3393 4797 3412 4830 ι
3468 4775 3548 4828 Ἐν
3582 4768 3687 4840 φόϐῳ

2178 5242 2282 5312 τῆς
2314 5220 2548 5313 σαρκὸς,
2584 5239 2718 5294 ἀλλὰ
2748 5239 2912 5308 φόϐον
2938 5239 3029 5310 ἔχε
3059 5236 3197 5290 θεοῦ
3217 5276 3233 5302 ,
3272 5236 3365 5289 καὶ
3396 5220 3685 5297 honestati

2186 5335 2377 5405 μανία.
2407 5334 2498 5405 Μὴ
2528 5332 2693 5403 μόνον
2732 5332 2791 5386 δὲ
2829 5329 2937 5403 τὴν
2970 5327 3321 5401 σωφροσύνην
3350 5325 3537 5396 νοήσῃς
3565 5319 3689 5382 ἁγιω-

2183 5425 2375 5497 σύνην,
2411 5424 2529 5481 ἀλλ’
2561 5423 2751 5490 ἁπλῶς
2779 5425 2961 5478 πᾶσαν
2993 5422 3096 5495 τὴν
3130 5423 3191 5477 ὲν
3218 5420 3314 5493 βίῳ
3344 5412 3666 5484 καθαρότητι

1273 5646 1294 5668 ⁸
1325 5633 1428 5693 lsa.
1487 5651 1587 5704 ιιι,
1630 5636 1718 5693 ll.

1830 5751 2029 5815 Variae
2058 5750 2389 5817 lectiones.

579 5846 624 5879 ⁸⁸
649 5847 783 5909 ἄλλη
815 5864 871 5908 ο.

2196 2808 2359 2877 ξομαι
2399 2807 2565 2877 ὑμᾶς.
2617 2807 2788 2860 Ὀταν
2834 2806 2947 2879 γὰρ
2988 2804 3315 2877 ἀπαλλαγῇς
3353 2803 3454 2858 τῶν
3482 2799 3678 2871 πονηρῶν.

2196 1514 2599 1585 ἐμπεριπατεῖν
2621 1515 2871 1585 λέγεται·
2900 1516 2989 1570 ὅτε
3013 1516 3078 1587 δὴ
3100 1518 3192 1571 καὶ
3214 1516 3339 1580 Θεὸς
3365 1518 3507 1570 αύτοῦ
3525 1519 3674 1587 γίνεται
3756 1582 3757 1585 η

2260 4526 2281 4562 ι
2323 4505 2731 4570 Ἐπιτελοῦντες
2762 4505 3078 4575 ἁγιωσύνην
3109 4505 3166 4557 ιν
3207 4503 3361 4575 φόϐῳ
3392 4502 3533 4557 Θεοῦ.
3558 4518 3575 4552 t
3609 4497 3687 4551 οὐκ
3756 4482 3757 4485 ¹

2181 5102 2351 5208 ξζίξν
2382 5102 2722 5223 ςέάέζζὸξξιέξ
2771 5102 3689 5223 ii'y'agllié'iglitisi‘imetu.
3756 5102 3757 5177 ι
