3806 6592
131 411 219 474 ἑίθ

887 409 1297 474 EXPOSITIO
1328 414 1410 477 IN
1446 417 1688 481 EPIST.
1730 421 1791 482 ΙΙ
1825 421 1924 482 AD
1967 421 2138 492 COR.
2169 451 2240 462 -·
2270 428 2432 490 CAP.
2463 429 2598 492 VII.

3236 429 3340 495 ὃῖυ

190 541 215 570 ι
250 519 538 589 Χωρήσατε
572 518 753 588 ἡμᾶς,
807 519 1002 593 οὐδένα
1051 523 1421 596 ἠδικήσαμεν,
1468 531 1639 585 οὐδέν(

1837 534 2000 592 Vens.
2029 537 2084 592 2.
2129 556 2146 589 ι
2183 539 2373 609 Capite
2423 559 2542 607 nos,
2579 542 2850 596 neminem
2883 543 3140 609 la‘simus,
3166 553 3337 602 nerui-

131 611 452 682 ἐφθείραμεν.
487 609 678 663 οὐδένα
726 609 1261 687 ἐπλεονεκτήσαμεν,
1299 635 1319 671 ι
1373 621 1545 676 Πάλιν
1574 625 1665 678 τὸν

132 706 240 775 περὶ
267 703 472 771 ἀγάπης
513 708 654 755 κινεῖ
689 702 868 772 λόγον.
920 708 1141 778 Ἐπειδὴ
1194 711 1304 782 γὰρ
1354 714 1665 787 ἐπέπληξεν

121 796 297 859 αὐτοὺς
327 795 513 860 εἰπὼν,
551 797 632 849 ὅτι
663 797 828 852 αὐτοῦ
857 801 965 870 μὲν
999 803 1397 876 ἁποσκιρτῶσι,
1432 810 1666 864 κολλῶν-

129 908 200 943 ra:
239 889 289 940 δὲ
329 889 573 952 ἀπίστοις
609 890 703 943 καὶ
753 891 1123 964 ἀκαθάρτοις·
1179 897 1275 949 νῦν
1321 901 1662 958 καταλεαίνει

127 980 312 1043 αὐτοὺς,
359 979 447 1032 καί
481 997 644 1050 φησι,
694 999 713 1033 ι
749 983 1055 1054 Χωρήσατε
1093 988 1243 1058 ἡμᾶς
1266 1005 1282 1021 ο
1317 1011 1346 1039 ιο
1384 995 1658 1059 τουτέστι,

127 1073 328 1138 Δέξαςθε
376 1074 520 1142 ἡμᾶς
548 1074 815 1140 πλατέως,
854 1077 948 1130 καὶ
991 1078 1065 1150 μὴ
1099 1085 1562 1155 στενοχωρώμεθα
1602 1087 1660 1141 ὲν

127 1167 248 1234 ὑμῖν.
275 1164 647 1234 Λὶνιττόμενος
673 1165 736 1220 δὲ’
773 1167 898 1230 τοὺς
927 1168 1424 1238 ψευδαποστόλους,
1468 1179 1655 1245 φησὶν,

122 1260 189 1310 ὅτι
221 1275 236 1308 ι
271 1257 467 1310 Οὐδένα
499 1257 873 1329 ἠδικήσαμεν,
915 1280 934 1313 ι
974 1265 1032 1314 ὲν
1063 1266 1369 1335 χρήμασιν·
1409 1287 1426 1318 ι
1467 1269 1656 1324 οὐδένα

107 1335 416 1420 ἱὲφθείραμεν
437 1368 450 1380 ·
485 1368 502 1399 ι
533 1351 834 1418 τουτέστιν,
871 1354 1286 1426 Ἠπατήσαμεν,
1314 1359 1371 1411 ἐν
1391 1360 1657 1430 δόγμασιν

123 1441 306 1496 ἀσεϐέσι
353 1443 439 1494 τὸν
475 1443 599 1496 νοῦν
643 1443 820 1497 αὐτῶν
869 1447 1280 1519 διαφθείραντες
1307 1464 1321 1480 ⁸
1381 1471 1400 1504 ι
1452 1452 1654 1508 Οὐδένα

121 1535 626 1604 ἐπλεονεκτήσαμεν
676 1557 705 1584 ιι
757 1538 1067 1603 τουτέστιν,
1121 1543 1231 1611 Οὐχ
1287 1543 1650 1617 ἡρπάσαμεν,

119 1629 198 1679 οὑκ
224 1627 703 1696 ἐχρηματισάμεθα
736 1630 1007 1699 προφάσει
1036 1633 1129 1685 τοῦ
1162 1635 1541 1705 κηρύγματος.

178 1737 193 1770 ι
229 1719 294 1770 Οὐ
333 1719 466 1788 πρὸς
495 1720 823 1790 κατάκρισιν
857 1722 1031 1791 λέγω·
1079 1727 1384 1796 προείρηκα
1431 1731 1539 1800 γὰρ
1570 1730 1652 1785 ὅτι
1739 1742 1742 1746 ’

116 1812 162 1862 ἐν
186 1813 288 1873 ταῖς
313 1811 553 1880 καρδίαις
585 1815 744 1882 ἡμῶν
778 1816 898 1868 ἐστε
927 1817 1009 1880 είς
1035 1817 1098 1870 τὸ
1139 1821 1531 1876 συναποθανεῖν
1557 1824 1652 1878 καὶ

1766 643 1889 682 nem
1923 630 2289 700 corrupimus,
2340 635 2609 689 neminem
2653 636 3038 693 l'raudavimus.
3076 659 3094 691 ι
3130 639 3340 696 Rursus

1759 732 2071 774 sermonem
2104 721 2172 776 de
2201 724 2466 778 charitale
2495 736 2692 782 movet.
2722 729 2860 794 Qui:
2887 731 3031 785 enim
3066 739 3339 788 terruerat

1764 827 1858 867 eos
1883 826 2002 866 cum
2040 813 2246 869 diceret
2277 817 2420 884 quod
2471 822 2538 872 ab
2569 833 2633 873 eo
2684 821 2987 888 resilirent,
3037 823 3337 896 agglutina-

1764 911 2056 972 renturque
2093 906 2388 962 incredulis
2418 921 2470 962 et
2512 909 2757 978 impuris,
2796 929 2938 969 nunc
2974 916 3178 987 mitigat
3217 930 3333 982 eos,

1759 991 2033 1062 inquiens,
2087 1015 2105 1046 ι
2153 995 2342 1066 Capite
2393 1013 2514 1064 nos,
2551 1019 2568 1052 ι
2619 1001 2720 1055 hoc
2780 1011 2878 1063 est.
2933 1003 3175 1074 Accipite
3237 1023 3335 1062 nos

1762 1083 1890 1149 late,
1923 1102 2098 1158 neque
2129 1090 2198 1144 sit
2224 1100 2408 1145 arctus
2450 1092 2601 1146 nobis
2636 1093 2688 1147 in
2722 1094 2874 1149 vobis
2905 1095 3074 1151 locus.
3126 1097 3333 1152 Pseuds

1760 1181 2032 1248 apostolos
2064 1193 2242 1237 autem
2271 1183 2519 1251 innuens,
2550 1204 2568 1238 ι
2591 1186 2895 1253 Neminem,
2927 1207 2945 1240 ι
2973 1190 3167 1258 inquit,
3202 1211 3220 1243 ‹
3246 1191 3333 1246 las

1760 1274 1950 1340 simus,
1996 1285 2036 1326 ι’
2064 1275 2116 1328 in
2168 1279 2408 1343 pecuniis
2447 1295 2463 1334 :
2512 1297 2531 1330 ι
2587 1279 2868 1335 Neminem
2910 1283 3267 1350 corrupimus,
3305 1304 3325 1337 ι

1757 1366 1862 1422 hoc
1889 1376 1990 1432 est,
2019 1367 2355 1439 Decepimus,
2389 1372 2634 1426 doctrina
2674 1373 2834 1440 impia
2875 1382 3110 1429 mentem
3145 1389 3330 1428 eorum

1757 1471 2198 1530 corrumpentes:
2235 1481 2253 1513 ‹
2287 1463 2568 1518 Neminem
2610 1464 2998 1532 fraudavimus,
3038 1486 3054 1518 ι
3091 1467 3192 1520 hoc
3223 1480 3328 1532 εει,

1755 1549 1872 1604 Νοη
1917 1552 2208 1620 rapuimus,
2239 1569 2340 1608 non
2376 1562 2641 1625 quaestum
2669 1565 2913 1610 nostrum
2939 1556 3165 1612 fecimus
3189 1571 3330 1626 prae-

1755 1641 2042 1698 dicationis
2073 1653 2356 1713 prmtextu.

1826 1734 1990 1791 Vens.
2025 1739 2076 1792 5.
2133 1757 2152 1790 ι
2208 1739 2326 1793 Νοιι
2375 1739 2441 1793 ad
2485 1741 2993 1798 condemnationem
3039 1743 3155 1799 lucc
3185 1743 3326 1798 dico.

1753 1825 1983 1883 Prmdixi
2033 1831 2200 1894 enim,
2237 1840 2378 1902 quot]
2428 1833 2478 1886 in
2528 1833 2783 1889 cordibus
2835 1836 3036 1891 neatris
3071 1837 3224 1900 estis,
3262 1837 3327 1890 ad

122 1903 276 1972 συζῇν.
314 1923 329 1955 ι
357 1905 468 1956 Οὐκ
494 1906 587 1958 ἐπὶ
613 1905 693 1976 τῷ
719 1911 1047 1977 κατακρίναι
1081 1910 1252 1981 ὑμᾶς.
1289 1915 1460 1966 ταῦτα
1482 1915 1639 1984 λέγω.

1754 1921 2241 1986 commoriendnm,
2278 1932 2332 1977 et
2367 1923 2430 1976 ad
2473 1925 2890 1981 convivendum.
2946 1944 2964 1977 ι
3000 1925 3116 1980 Non
3143 1935 3202 1981 ut
3232 1942 3325 1982 vos

117 1995 254 2048 Πόθεν
278 1995 464 2065 δῆλον;
507 1997 603 2050 Ἐκ
635 1999 736 2068 τῆς
764 2001 1004 2071 ἀγάπης,
1035 2003 1118 2054 ὅτι
1149 2004 1205 2055 ὲν
1236 2006 1355 2068 ταῖς
1399 2008 1651 2077 καρδίαις

115 2087 241 2155 ἡμῶν
270 2089 403 2144 ἐστε.
454 2089 611 2142 Ἐπεὶ
641 2089 696 2143 δὲ
745 2091 824 2145 ἔνι
867 2093 961 2146 καὶ
995 2097 1239 2165 ἀγαπᾷν,
1281 2097 1353 2168 μὴ
1388 2097 1563 2151 θέλειν
1591 2099 1649 2152 δὲ

115 2178 539 2245 συγκινδυνεύειν,
598 2183 797 2252 φησίν·
844 2201 864 2236 ι
916 2186 1010 2247 El;
1052 2186 1114 2239 τὸ
1157 2189 1568 2247 συναποθανεῖν.
1623 2210 1642 2242 ι

113 2269 240 2323 Ἐπεὶ
269 2271 319 2323 δὲ
359 2273 544 2327 πολλοὶ
571 2275 911 2347 εὐημεροῦσι
957 2281 1070 2342 τοῖς
1120 2280 1298 2348 φίλοις
1323 2282 1385 2334 οὐ
1415 2282 1646 2353 συγχαί-

115 2380 238 2432 posst
263 2366 341 2418 διὰ
372 2365 697 2436 βασκανίαν,
735 2369 1044 2443 προσέθηκε
1079 2376 1174 2427 καὶ
1213 2374 1294 2439 τὸ,
1328 2398 1357 2428 ε
1391 2375 1586 2450 Συζῇν.
1621 2395 1639 2430 ι

113 2455 168 2506 Τὸ
197 2459 288 2509 πᾶν
315 2455 405 2512 οὖν
451 2460 613 2514 τοῦτό
662 2480 846 2532 φησιν,
899 2465 988 2518 ὅτι
1040 2466 1151 2520 Καὶ
1184 2469 1242 2522 ἐν
1282 2469 1548 2535 κινδύνοις
1582 2472 1642 2524 οὐ

113 2548 375 2618 φευξόμεθα
417 2551 589 2632 ὑμᾶς,
625 2556 722 2608 καὶ
761 2556 820 2608 ἐν
848 2555 1175 2628 εὐημερίαις
1212 2559 1522 2633 συζήσομεν
1551 2563 1645 2618 καὶ

111 2641 156 2692 οὐ
197 2637 544 2716 φθονήσομενέ

169 2920 184 2953 ι
214 2902 371 2976 Πολλὴ
399 2924 488 2977 μοι
511 2910 801 2982 παρρησία
830 2913 966 2984 προς
1001 2915 1166 2985 ὑμᾶς,
1195 2916 1362 2988 πολλή
1393 2936 1482 2990 μοι
1506 2921 1640 2976 καύο

109 3009 232 3061 χησις
257 2996 386 3068 ὑπὲρ
417 2999 596 3069 ὑμῶν.
625 3021 652 3050 n
687 3001 908 3074 Ἐπειδὴ
941 3006 1116 3060 ἐδόκει
1145 3007 1402 3079 πλήττειν
1441 3013 1641 3079 αὐτοὺς

106 3084 357 3152 ὶ.έγων,ὃτι
387 3109 404 3141 ι
435 3092 891 3165 Στενοχωρεῖσθε,
922 3116 944 3150 ι
973 3099 1089 3162 καὶ,
1114 3118 1132 3151 ι
1163 3101 1466 3172 Χωρήσατέ
1493 3122 1582 3175 με,
1615 3124 1635 3158 ι

105 3179 407 3246 ἀπολογεῖται
435 3184 530 3239 νῦν
557 3185 884 3256 θεραπεύων
929 3191 1154 3257 αὐτοὺς,
1190 3195 1287 3247 καὶ
1335 3198 1522 3266 φησὶν,
1555 3199 1637 3251 ὅτι
1665 3231 1708 3289 C

106 3269 156 3289 no
228 3273 240 3288 ς
553 3279 568 3289 ι
776 3281 788 3289 -
858 3281 881 3289 -
1027 3283 1053 3289 -
1187 3280 1210 3289 ⁵
1411 3288 1417 3289 ⁷

105 3269 192 3340 θῦχ
216 3273 280 3336 ὡς
307 3279 736 3345 καταγινώσκων
769 3281 924 3351 ύμῶν
953 3283 1128 3336 ταῦτα
1157 3280 1336 3351 εἷπον,
1370 3288 1508 3342 ἀλλὰ
1545 3290 1634 3343 διὰ

103 3362 179 3430 τὴν
203 3366 324 3435 πρὸς
369 3370 507 3438 ὑμᾶς
545 3372 750 3443 πολλὴν
800 3375 1139 3445 παρρησίαν,
1169 3379 1262 3430 καὶ
1311 3379 1634 3451 βουλόμενος

105 3453 217 3522 ὑμᾶς
241 3457 501 3515 ἐπιδοῦναι
549 3463 689 3532 πρὸς
719 3466 944 3537 ἀρετήν.
994 3468 1120 3520 Ὀτι
1153 3471 1260 3542 γὰρ
1305 3474 1365 3525 οὐ
1401 3491 1635 3544 καταγιο

103 3542 261 3599 νώσκω
288 3548 448 3617 ὑμῶν,
477 3553 641 3623 δῆλον
687 3553 746 3620 ἐξ
783 3549 856 3611 ὧν
889 3560 984 3612 καὶ
1023 3560 1161 3632 πρὸς
1194 3561 1389 3628 ἄλλους
1420 3542 1634 3636 καυχῶτ

101 3651 179 3696 μαι
209 3639 332 3708 ὑπὲρ
363 3643 533 3714 ὑμῶν.

157 3837 175 3871 ι
201 3821 557 3900 Πεπλήρωμαι
589 3831 656 3900 τῇ
681 3832 1046 3906 παρακλήσει,
1089 3837 1628 3915 ὑπερπερισσεύομαι

98 3914 148 3983 ti}
176 3919 300 3987 χαρᾷ
325 3921 412 3973 ἐπὶ
440 3923 595 3993 πάσῃ
627 3913 692 3995 τῇ
721 3925 900 3995 θλίψει
939 3928 1118 3998 ἡμῶν.
1157 3949 1176 3982 ι
1207 3913 1626 4002 Διορθωθέντες,

99 4007 251 4073 φησίν,
294 4012 373 4080 ἐφ’
410 4008 493 4077 οἷς
536 4018 599 4068 ὲν
638 4019 704 4087 τῇ
753 4019 998 4090 προτέρα
1025 4019 1310 4095 Ἐπιστολῇ
1347 4025 1627 4094 κατέγνων

99 4095 238 4164 ὑμῶν,
265 4107 658 4179 παρακλήσεώς
683 4127 753 4180 με
803 4111 1194 4188 ἐπληρώσατε·
1226 4117 1321 4170 καὶ
1368 4119 1428 4170 οὐ
1464 4119 1626 4188 μόνον

99 4194 467 4283 παρεκαλέσατέ
513 4217 586 4271 με
632 4203 806 4272 (ὅπερ
851 4205 969 4258 ἐστὶ
1017 4206 1195 4278 λύπης
1243 4209 1622 4283 ἀπαλλάξαι),

97 4279 202 4334 ἀλλὰ
225 4287 308 4338 καὶ
339 4293 509 4362 χαρᾶς
555 4297 697 4362 μετὰ
735 4294 1017 4366 δαψιλείας
1048 4300 1404 4372 ἐπληρώσατε
1434 4304 1524 4358 ³⁸⁸.
1552 4279 1624 4360 'l‘b

103 4373 180 4466 τάξ)
209 4377 390 4447 πλῇθος
419 4384 518 4453 τῆς
553 4386 727 4454 χαρᾶς
755 4386 906 4458 δηλοῖ
931 4387 1019 4441 διὰ
1046 4389 1160 4456 τοῦ,
1198 4409 1218 4442 ι
1263 4392 1624 4466 ’Υπερπερισ-

97 4463 304 4537 στύομαι.
335 4492 352 4524 ι
383 4475 491 4527 Καὶ
513 4477 774 4548 τοσαύτη,
799 4478 985 4550 φησιν,
1005 4475 1073 4551 ἦν
1100 4483 1133 4552 ή
1156 4485 1299 4554 χαρά
1316 4524 1331 4550 ,
1359 4463 1622 4540 ὥστενὲπὶ

95 4554 217 4651 πάσῃ
243 4563 302 4632 τῇ
331 4563 504 4635 θλίψει
527 4568 687 4637 ἡμῶν
714 4569 926 4642 μεγάλῃ
949 4570 1106 4644 οὔσῃ,
1139 4573 1362 4645 ἴσχυσεν
1385 4575 1431 4610 ⁸³
1456 4575 1618 4649 αὕτη,
1653 4595 1698 4651 ι)

92 4646 168 4696 καὶ
205 4654 516 4710 κατέσόεσεν
568 4658 810 4730 ἐκείνην,
845 4661 1032 4715 Ταῦτα
1076 4662 1132 4716 δὲ
1160 4662 1308 4718 δοκεῖ
1337 4665 1438 4736 μὲν
1486 4663 1627 4721 εἶναι

93 4736 282 4829 ironia.
311 4742 389 4812 οἷς
420 4752 525 4822 πρὸ
557 4753 740 4822 ὀλίγου
775 4755 905 4828 περὶ
937 4757 1117 4811 αὐτῶν
1143 4758 1358 4829 ἔλεγεν,
1393 4762 1494 4816 οὐκ
1520 4763 1629 4816 είσὶ

190 4837 273 4888 καὶ
300 4841 466 4896 ταῦτα
495 4846 605 4915 γὰρ
645 4827 909 4913 κάκεῖνα,
943 4827 1259 4920 φιλοῦντοςί
1291 4855 1478 4908 ἐκεῖνα
1526 4855 1626 4926 μὲν

91 4922 398 5019 ξλέγχντος,
427 4938 603 4991 ταῦτα
632 4939 690 4992 δὲ
724 4939 1105 5011 βεϐαιοῦντος,
1146 4943 1232 4997 ὅτι
1263 4945 1364 4998 οὐκ
1395 4947 1505 5000 ἀπὸ
1527 4922 1626 5019 *ἐχ-

95 5014 206 5084 θρας
240 5024 285 5075 οι
328 5025 556 5098 ἔλεγχοι,
588 5030 703 5084 ἀλλ’
731 5033 840 5088 ἀπὸ
872 5034 1108 5107 σφοδρᾶς
1133 5037 1375 5109 ἀγάπης.
1535 5045 1542 5052 “

152 5327 166 5358 σ
200 5313 295 5368 Καὶ
328 5319 429 5392 γὰρ
461 5325 722 5380 ἐλθόντων
765 5330 798 5400 ἡ
810 5330 924 5399 μῶν
955 5331 1036 5396 εἰς
1063 5333 1425 5402 Μακεδονίαν,
1464 5336 1616 5391 οὐδε-

235 5405 448 5476 ἔσχηκεν
482 5417 664 5471 ἄνεσιν
695 5421 727 5488 ὴ
759 5398 896 5492 σάρξ
939 5424 1120 5494 ἡμῶν.
1160 5444 1178 5476 ι
1213 5398 1489 5496 Διηγείται
1523 5429 1620 5495 τὴν

93 5484 260 5592 gem/.93,
282 5502 370 5592 καὶ
391 5506 604 5580 ἐπαίρει
625 5484 794 5583 αὐτὴν
922 5484 1088 5586 λύγῳ,
1123 5518 1210 5571 ἵνα
1232 5484 1381 5592 δείξῃ
1407 5522 1500 5573 καὶ
1519 5484 1621 5592 τήν

95 5583 200 5648 πίσθ’
221 5585 260 5618 ⁹⁰
288 5591 454 5648 αὐτῶν
476 5601 649 5671 χαράν
677 5583 940 5676 μεγάλην,
967 5607 1022 5660 εἴ
1039 5583 1107 5676 ’γε
1133 5583 1402 5682 τοσαύτην
1427 5583 1618 5685 ὀδύνην

1751 2011 2126 2074 eondemnem,
2173 2013 2286 2066 hrrc
2325 2014 2465 2068 dico.
2506 2014 2657 2070 Unde
2687 2015 3026 2085 perspicuum
3071 2018 3196 2072 est?
3249 2019 3326 2072 Ex

1753 2101 2040 2165 charitate,
2082 2103 2223 2171 quod
2253 2105 2305 2158 in
2338 2107 2592 2160 cordibus
2629 2108 2826 2162 nostris
2856 2109 2996 2164 sitis.
3031 2109 3164 2174 Ouia
3195 2124 3324 2166 vero

1755 2194 1868 2248 ﬁeri
1904 2204 2079 2264 potest
2119 2208 2181 2251 ut
2232 2198 2498 2268 quispiam
2561 2199 2768 2270 diligat,
2825 2217 2926 2256 nec
2962 2202 3090 2256 velit
3139 2210 3323 2258 tamen

1751 2303 1854 2344 una
1887 2291 2142 2360 periculis
2173 2307 2232 2347 se
2275 2294 2614 2359 submittere,
2666 2303 2954 2365 propterea
2997 2296 3156 2361 dixit,
3193 2316 3212 2349 ι
3242 2296 3322 2350 Ad

1751 2381 2236 2437 commoriendum.
2271 2401 2292 2435 ι
2339 2384 2414 2438 Ac
2463 2385 2586 2453 quia
2642 2386 2816 2447 multi,
2851 2388 3041 2442 amicis
3069 2401 3322 2457 prospere

1751 2472 2057 2557 Quiritibus,
2090 2489 2200 2542 prae
2227 2475 2428 2530 invidia
2457 2491 2564 2530 non
2593 2478 3056 2548 congratulantur,
3093 2479 3318 2541 addidit,

1753 2581 1771 2614 ι
1816 2564 1878 2617 Ει
1909 2566 1972 2617 ad
2014 2566 2427 2625 convivendum.
2469 2587 2488 2621 ι
2526 2568 2735 2625 Totum
2781 2581 2961 2625 autem
3023 2572 3164 2639 quod
3219 2572 3316 2637 ait,

1747 2663 1829 2707 est
1883 2653 2190 2724 hujusmodi
2227 2678 2239 2712 :
2290 2656 2346 2711 In
2379 2659 2634 2727 periculis
2686 2676 2790 2714 non
2823 2661 3088 2731 fugiemus
3113 2677 3229 2727 vos,
3265 2663 3318 2718 in

1746 2747 2066 2803 secundiore
2099 2763 2280 2804 rerum
2305 2759 2446 2806 statu
2480 2754 2848 2820 convivemus,
2883 2763 2936 2808 et
2971 2770 3076 2809 non
3106 2755 3316 2810 invide-

1746 2839 1942 2896 bimus.

1817 2933 1978 2988 Vens.
2010 2933 2064 2990 4.
2098 2953 2116 2986 ι
2147 2934 2311 2991 Multa
2344 2936 2477 2991 mihi
2503 2939 2696 2994 fiducia
2731 2949 2812 2994 est
2840 2940 2979 3010 apud
3005 2955 3121 3006 vos,
3153 2940 3314 2996 multa

1743 3022 1876 3076 mihi
1935 3023 2183 3094 gloriatio
2217 3026 2284 3080 de
2336 3026 2509 3082 vobis.
2549 3047 2568 3079 ι
2622 3029 2756 3096 Quia
2810 3045 2903 3085 eos
2963 3031 3317 3101 percelluisse

1741 3117 2046 3192 videbatur,
2085 3117 2334 3185 dicendo,
2369 3138 2386 3171 ι
2429 3120 2850 3190 Angmtiamini,
2888 3141 2907 3173 ι
2960 3132 3035 3187 et,
3069 3141 3086 3174 ι
3126 3121 3316 3192 Capite

1743 3223 1850 3274 me,
1891 3226 1909 3258 ι
1946 3206 2058 3276 jam
2093 3223 2152 3262 se
2183 3220 2426 3276 excusat,
2459 3212 2692 3281 ipsisque
2715 3213 2978 3280 medetur,
3018 3215 3310 3283 inquiens:

1746 3300 1861 3355 Non
1899 3309 1957 3354 ut
1983 3304 2335 3356 condemnem
2377 3317 2493 3366 vos,
2540 3305 2651 3358 haec
2695 3305 2910 3360 locutus
2939 3321 3078 3372 sum,
3113 3307 3205 3362 sed
3245 3307 3314 3362 ob

1742 3392 1963 3447 multam
1994 3407 2190 3456 meam,
2226 3408 2386 3462 quam
2424 3395 2556 3448 milii
2585 3394 2652 3449 de
2686 3396 2836 3450 vobis
2868 3395 3143 3464 polliceor,
3179 3398 3314 3451 [idu-

1740 3482 1880 3538 ciam
1914 3497 1978 3538 ac
2005 3483 2332 3549 libertatem,
2371 3494 2427 3539 et
2465 3486 2588 3554 quia
2617 3487 2776 3554 cupio
2806 3487 2870 3540 ad
2923 3489 3182 3543 virtutem
3213 3504 3309 3545 vos

1738 3591 2079 3648 promovere.
2123 3576 2275 3643 Quod
2321 3577 2463 3633 enim
2511 3593 2606 3632 vos
2655 3596 2758 3633 nou
2808 3583 3185 3644 condemnem.
3224 3583 3306 3638 vel

1739 3669 1864 3723 inde
1892 3669 2108 3739 planum
2139 3677 2245 3735 est,
2276 3671 2418 3740 quod
2461 3670 2626 3724 etiam
2669 3672 2806 3740 apud
2840 3672 2976 3727 alios
3007 3674 3168 3729 vestri
3213 3688 3308 3730 no-

1737 3763 1882 3818 mine
1905 3762 2126 3831 glorier.

1812 3876 1832 3909 ι
1869 3854 2126 3925 Repletus
2148 3873 2266 3910 sum
2291 3857 2677 3919 consolatione,
2709 3859 3086 3927 superabundo
3111 3859 3309 3926 gaudio

1737 3950 1790 4005 in
1821 3951 1966 4005 omni
1999 3949 2346 4005 tribulatione
2377 3958 2584 4005 nostra.
2627 3968 2645 4003 ι
2688 3950 2823 4016 Quia
2872 3951 3192 4006 correxistis
3219 3967 3306 4016 ea,

1738 4051 1958 4112 propter
1985 4055 2104 4112 quae
2156 4056 2250 4096 vos
2284 4042 2334 4095 in
2381 4043 2560 4112 priore
2614 4043 2778 4113 279
2825 4042 3062 4112 Epistola
3111 4045 3309 4101 conde-

1736 4135 1940 4200 mnavi,
1997 4133 2368 4189 consolatione
2395 4149 2480 4188 me
2509 4135 2777 4205 replestis.
2831 4135 2943 4190 Nec
3004 4135 3174 4190 solum
3223 4151 3310 4193 me

1731 4229 1996 4286 consolati
2035 4229 2166 4284 estis
2196 4229 2359 4298 (quod
2411 4236 2494 4282 est
2544 4244 2572 4283 a
2633 4229 2852 4284 tristitia
2893 4229 3184 4301 liberare),
3217 4245 3310 4285 ve-

1733 4338 1852 4376 rum
1891 4323 2052 4375 etiam
2083 4320 2264 4374 laetitia
2325 4321 2546 4390 largiter
2613 4334 2700 4374 me
2739 4319 3023 4390 implestis.
3083 4319 3308 4376 Laetitia:

1730 4431 1967 4485 namque
2046 4415 2258 4485 copiam
2337 4414 2538 4468 indicat
2601 4427 2694 4482 per
2741 4414 2963 4467 verbum
3026 4413 3304 4483 ’Υπερπε-

1736 4507 2089 4581 ρισσεύομαι,
2156 4508 2257 4561 hoc
2304 4515 2409 4571 εει,
2463 4507 2888 4574 superexubern.
2938 4503 3017 4559 Ac
3074 4515 3300 4569 tantum,

1731 4603 1923 4672 inquit,
1953 4600 2205 4673 gaudium
2229 4606 2371 4664 erat,
2408 4605 2468 4654 ut
2498 4597 2553 4652 in
2590 4598 2737 4653 omni
2769 4597 3058 4654 alllietione
3097 4608 3302 4666 nostra,

1728 4707 1899 4762 eaque
1931 4706 2144 4762 magna,
2189 4690 2468 4762 praevaluit
2515 4690 2665 4756 illud,
2717 4689 2974 4760 illamque
3021 4690 3301 4745 exstinxit.

1716 4767 1834 4840 ista
1868 4796 2047 4840 autem
2083 4785 2150 4840 iis
2179 4799 2297 4855 quae
2342 4783 2501 4854 paulo
2548 4793 2675 4838 ante
2705 4782 2772 4838 de
2812 4783 2945 4852 ipsis
2984 4783 3140 4848 dixit,
3177 4798 3305 4837 cou-

1714 4855 1902 4931 Itraria
1930 4875 2204 4942 videntur,
2233 4875 2324 4932 sed
2358 4891 2469 4930 non
2498 4885 2643 4930 sunt.
2675 4873 2810 4928 Nam
2839 4885 2945 4928 tam
2981 4875 3112 4939 lucc,
3139 4888 3300 4944 quam

1729 4967 1817 5022 illa
1873 4968 2109 5023 amantis
2168 4976 2296 5023 sunt
2347 4985 2364 5023 :
2420 4967 2510 5022 illa
2547 4967 2785 5038 quidem
2849 4966 3144 5037 arguentis,
3199 4967 3299 5020 ista

1727 5071 1861 5112 vero
1901 5057 2295 5124 conﬁrmantis,
2341 5058 2485 5128 quod
2529 5074 2633 5114 non
2667 5072 2732 5111 ex
2775 5057 3080 5122 inimicitia,
3114 5055 3205 5110 sed
3232 5070 3300 5109 ex

1725 5164 1913 5204 amore
1969 5149 2278 5206 vehementi
2329 5150 2634 5206 istiusmodi
2679 5149 3076 5221 increpationes
3099 5162 3297 5218 prove-

1727 5242 1905 5296 uiuut.

1799 5333 1958 5388 Vens.
1988 5335 2042 5389 5.
2076 5352 2095 5386 ι
2132 5335 2343 5390 Etenim
2380 5351 2503 5391 cum
2549 5334 2892 5390 venissemus
2949 5334 3002 5388 in
3045 5333 3294 5387 Macedo-

1725 5429 1891 5493 niam,
1925 5429 2124 5482 nullam
2181 5430 2420 5498 requiem
2467 5430 2655 5485 habuit
2682 5445 2812 5484 caro
2847 5439 3054 5483 nostra.
3093 5446 3113 5480 ι
3150 5426 3298 5481 Atili-

1724 5523 1956 5576 ctinnem
2007 5538 2160 5576 suam
2210 5533 2412 5588 narrat,
2449 5536 2680 5592 eamque
2727 5521 2907 5578 verbis
2937 5530 3212 5592 aggravet,
3239 5527 3298 5574 ut

1729 5614 1982 5668 ostendat
2010 5615 2199 5684 ingens
2249 5630 2373 5670 esse
2405 5614 2658 5684 gaudium
2705 5616 2849 5688 quod
2871 5629 2935 5672 ex
2963 5614 3101 5687 ipsis
3127 5613 3294 5670 dima-

1387 5752 1587 5813 Varioe
1617 5751 1920 5816 lectiones

160 5841 219 5874 ⁸⁸·
249 5850 562 5924 ὲνεπλήσατε
614 5878 666 5918 o.
743 5865 788 5896 ⁸³
819 5865 1053 5938 ἤρκεσεν
1079 5882 1129 5922 ο.
1211 5869 1253 5902 ⁹⁰
1297 5871 1391 5925 καὶ
1431 5871 1527 5946 τὴν
1555 5874 1899 5944 παράκλησιν
1955 5874 2134 5930 αὐτῶν
2178 5875 2424 5946 μεγάλην
2471 5892 2524 5934 ο.
