3806 6564
507 398 618 469 δτι
1429 383 2014 454 THEOPHYLACTI
2037 379 2454 441 BULGARUE
2483 379 2840 443 ARCHIEP.
3601 389 3684 455 ιιι

505 523 620 581 net,
665 510 932 582 siquidem
965 515 1177 563 tantum
1227 503 1465 561 dolorem
1514 498 1778 571 repulerit
1809 510 2008 567 represi

2189 489 2592 564 ἀπεκρούσατο.
2622 489 2822 553 Καλῶς
2847 488 2904 542 δὲ
2925 483 3098 554 εἶπεν,
3127 489 3211 542 ὅτι
3241 491 3273 559 ή
3299 490 3427 562 σὰρξ
3453 493 3540 549 οὐκ
3567 497 3689 572 iam

503 579 988 676 ﬁtque-Pulchre
1051 604 1233 654 autem
1304 595 1481 658 dixit,
1552 606 1770 648 carnem
1841 586 2006 657 requie

1960 586 2083 641 tiem
2185 585 2376 641 ἄνεσιν
2398 602 2412 618 ο
2436 585 2470 656 ή
2497 583 2605 655 γὰρ
2633 581 2780 652 ψυχὴ
2808 579 2902 635 τοῦ
2931 580 3142 636 Παύλου
3188 583 3463 654 ἀήττητος.

503 711 614 756 non
645 693 944 749 habuisse:
973 688 1153 744 anima
1189 686 1332 741 enim
1369 682 1521 738 Pauli
1567 677 1893 737 iuviucibilis
1946 684 2082 731 eral.

580 806 600 840 ι
641 785 748 841 Sed
789 796 1006 839 onmem
1055 778 1460 836 tribulationem
1508 773 1652 844 passi
1685 783 1918 828 sumus:
1955 766 2083 822 foris

2265 784 2284 818 ι
2324 763 2468 819 Ἀλλ’
2494 765 2554 820 ἐν
2577 763 2743 818 παντὶ
2767 762 3074 832 θλιϐόμενοι
3094 781 3106 795 ’
3127 762 3325 828 ἔξωθεν
3351 765 3550 838 uexant
3571 773 3689 845 [ιαρά

505 891 718 949 pugnae.
757 892 778 926 ι
816 872 899 928 Ab
924 868 1253 925 inlidelibus.
1987 948 1994 949 7

1098 869 1253 923 libus.
2188 855 2298 910 τῶν
2330 857 2601 912 ἀπίστων.

582 987 601 1021 ι
647 957 796 1020 ιιιιύε
843 973 1102 1018 terrores.
1141 977 1160 1013 ι
1196 957 1424 1027 Propter
1461 953 1846 1010 imbecilliores
1879 948 2085 1020 fideles,

2267 968 2287 1001 ι
2325 947 2568 1002 Ἐσωθεν
2599 947 2776 1020 φόϐοι.
2809 965 2829 998 ι
2855 949 2954 1001 Διὰ
2974 948 3100 1012 τοὺς
3123 948 3367 1012 ἀσθενεῖς
3393 949 3493 1006 τῶν
3515 958 3692 1026 πιστῶν,

506 1078 576 1118 ne
604 1063 933 1114 seducantur
953 1069 984 1108 a
1011 1052 1160 1108 falsis
1199 1049 1481 1106 fratribus.

2195 1043 2284 1099 ἵνα
2315 1041 2391 1115 μὴ
2421 1041 2821 1114 παρασυρῶσιν
2855 1041 2960 1096 ὑπὸ
2985 1042 3094 1096 τῶν
3117 1042 3483 1114 ψευδαδέλφων

578 1151 744 1205 Vens.
788 1146 843 1202 6.
880 1164 899 1200 ι
936 1144 1042 1199 Sed
1069 1144 1160 1215 qui
1192 1141 1506 1198 consolatur
1541 1138 1799 1203 humiles,
1833 1151 1934 1192 nos
1961 1149 2081 1191 con-

2271 1157 2290 1191 ι
2341 1135 2485 1190 Ἀλλ’
2511 1139 2539 1189 ό
2574 1135 2908 1206 παρακαλῶν
2939 1135 3063 1198 τοὺς
3095 1138 3406 1205 ταπεινοὺς,
3447 1143 3693 1210 παρεκάλε.

509 1244 714 1301 Solatus
748 1249 833 1295 est
866 1237 1008 1291 Deus
1031 1237 1084 1290 in
1113 1237 1345 1289 adventu
1379 1231 1508 1288 Titi.
1547 1249 1566 1282 ι
1605 1230 1743 1297 Quia
1797 1228 1968 1283 multa
2011 1256 2012 1263 ι

2195 1245 2288 1282 σεν
2325 1227 2474 1298 ἡμᾶς
2507 1226 2534 1278 ὀ
2560 1226 2694 1290 Θεὸς
2720 1230 2778 1281 ἐν
2806 1227 2849 1258 ⁸¹
2875 1229 2941 1298 τῇ
2967 1228 3243 1301 παρουσίᾳ
3274 1229 3449 1288 Τίτου.
3472 1250 3488 1282 ι
3531 1235 3694 1310 Ἐπειδὴ

510 1344 806 1391 attestatus
838 1341 977 1396 erat,
1010 1327 1192 1382 Titum
1223 1327 1385 1382 etiam
1424 1334 1616 1380 testem
1664 1323 1934 1392 producit.
1963 1319 2013 1390 Q‘

2199 1323 2411 1394 μεγάλα
2445 1321 2975 1393 προσεμαρτύρησεν
3001 1323 3206 1388 αὐτοῖς,
3240 1323 3334 1377 καὶ
3358 1325 3442 1380 τὸν
3469 1327 3600 1381 Τίτον
3623 1349 3695 1386 πε.

512 1443 639 1482 vero
675 1425 987 1480 consolatur
1018 1418 1290 1474 humiles?
1339 1416 1503 1480 Deus,
1547 1415 1720 1483 inquit
1756 1431 1770 1466 :
1800 1413 1888 1467 ille
1917 1419 1970 1466 et
1999 1429 2015 1464 ι

2198 1417 2356 1487 ράγει
2390 1417 2663 1487 μάρτυρα.
2687 1417 2782 1480 Τίς
2804 1417 2860 1471 δὲ
2887 1420 2914 1472 ὀ
2943 1418 3276 1488 παρακαλῶν
3302 1422 3422 1484 τοὺς
3440 1428 3697 1497 ταπεινοὺςς

511 1517 822 1574 consulatus
853 1524 958 1580 est,
988 1522 1170 1582 utpote
1197 1509 1288 1580 qui
1319 1508 1499 1562 Titum
1530 1507 1684 1561 nobis
1708 1506 1955 1570 miserit;
1979 1517 2014 1570 θ⁴

2210 1503 2268 1558 '0
2298 1505 2452 1573 Θεὸς,
2508 1507 2674 1577 φησιν
2705 1521 2722 1540 ⁸
2748 1503 2902 1572 οὗτος
2937 1510 3030 1563 xai
3068 1512 3100 1576 ἡ
3112 1511 3219 1579 μᾶς
3255 1513 3608 1582 παρεκάλεσεν,
3632 1519 3696 1572 ita

516 1614 660 1666 enim
684 1611 950 1662 adventus
977 1605 1110 1659 satis
1148 1603 1250 1657 fuit
1291 1611 1346 1656 ut
1378 1601 1711 1669 dispergeret
1751 1597 2019 1652 alllictioni

2198 1597 2290 1651 τὸν
2316 1598 2477 1652 Τίτον
2510 1602 2645 1669 ἡμῖν
2671 1600 2896 1670 πέμψας
2915 1618 2928 1632 ο
2962 1604 2994 1672 ἡ
3028 1603 3138 1672 γὰρ
3169 1604 3434 1674 παρουσία
3464 1608 3602 1660 αὐτοῦ
3627 1611 3697 1678 ἧρ-

514 1716 778 1759 nostram.
839 1698 963 1753 Vult
1007 1708 1188 1751 autem
1242 1695 1402 1749 istum
1443 1693 1615 1746 virum
1667 1689 1772 1744 illis
1818 1703 2014 1743 venera

2200 1706 2359 1743 κισεν
2389 1691 2468 1754 είς
2492 1691 2553 1745 τὸ
2586 1693 2940 1746 διασκεδάσαι
2968 1694 3070 1764 τήν
3101 1694 3282 1764 θλῖψιν
3313 1696 3475 1766 ἡμῶν.
3505 1698 3697 1755 Badius:

528 1802 632 1852 lem
667 1796 914 1850 reddere.
955 1792 1134 1859 Quare
1167 1788 1343 1859 magni
1375 1785 1667 1840 admodum
1706 1782 1836 1838 facit
1858 1782 1976 1852 ejus
1999 1797 2030 1836 a

2200 1783 2259 1836 δὲ
2287 1784 2472 1848 αὐτοῖς
2494 1784 2774 1857 αἰδέσιμον
2802 1789 3153 1858 καταστῆσαι
3177 1788 3269 1841 τὸν
3293 1789 3469 1860 ἄνδρα.
3491 1790 3574 1844 Διά
3590 1793 3697 1847 τοῦτο

519 1899 754 1945 ventum.
2129 1869 2174 1926 Β
2205 1878 2451 1949 μεγάλην
2490 1879 2698 1933 τίθεται
2729 1881 2828 1952 τὴν
2863 1882 3168 1952 παρουσίαν
3203 1882 3388 1937 αὑτοῦ.

588 1981 750 2036 Vens.
793 1981 846 2034 7.
881 1995 901 2031 ι
945 1976 1058 2033 Non
1111 1974 1284 2032 solum
1340 1984 1518 2030 autem
1563 1972 1620 2028 in
1669 1970 1902 2026 advequ
1953 1968 2091 2039 ejus,

2280 1989 2299 2023 ι
2342 1972 2418 2024 Οὐ
2448 1972 2609 2043 μόνον
2631 1973 2688 2027 δέ
2716 1974 2773 2027 ἐν
2797 1977 2864 2044 τῇ
2901 1975 3180 2046 παρουσίᾳ
3210 1975 3394 2040 αὐτοῦ,
3425 1976 3543 2030 ἀλλὰ
3567 1980 3639 2031 καὶ
3661 1982 3699 2033 ἐν

517 2090 702 2129 verum
733 2075 899 2126 etiam
933 2072 987 2124 in
1034 2067 1408 2123 consolatione
1444 2080 1605 2134 quain
1658 2063 1775 2134 ipse
1805 2061 2012 2132 ac'cepit

2202 2066 2270 2135 τῇ
2315 2065 2664 2136 παρακλήσει
2691 2059 2724 2138 ᾖ
2756 2065 3083 2138 παρεκλήθη
3118 2066 3207 2136 ἐφ’
3244 2068 3390 2139 ὑμῖν.
3423 2087 3439 2121 ι
3477 2071 3540 2123 Οὐ
3567 2071 3697 2140 μόνον,

521 2168 697 2219 vobis.
738 2183 756 2214 ι
797 2163 911 2217 Νοιι
961 2161 1160 2226 solum,
1197 2160 1391 2228 inquit,
1423 2159 1490 2211 ob
1531 2171 1651 2210 eam
1699 2167 1920 2210 causam
1955 2168 2024 2222 qu

2206 2157 2364 2226 φησὶ,
2400 2157 2520 2210 κατ’
2563 2157 2694 2212 αὐτὸ
2740 2158 2920 2221 τοῦτο,
2977 2159 3062 2212 ὄτι
3113 2159 3317 2228 ἐπέστη
3353 2162 3477 2230 ἡμῖν
3504 2163 3551 2212 ἐν
3576 2163 3698 2230 καιρῷ

521 2259 652 2312 mihi
679 2269 916 2324 tempore
949 2251 1256 2308 aﬂlictionis
1295 2264 1428 2304 mea:
1455 2247 1648 2314 adfuit,
1676 2261 1764 2301 me
1793 2245 2024 2300 consolat

2207 2249 2462 2318 θλίψεως,
2513 2249 2965 2322 παρεμυθήσατο,
3007 2251 3123 2305 ἀλλ’
3172 2253 3253 2305 ὅτι
3284 2253 3374 2304 καὶ
3400 2253 3612 2323 τοιαύτην
3634 2254 3698 2321 τὴν

518 2361 625 2413 est,
666 2365 854 2404 verum
887 2349 1050 2401 etiam
1079 2346 1202 2416 quia
1244 2341 1550 2410 lmjusmodi
1583 2347 1819 2394 vestram
1847 2337 2021 2392 Vil‘llﬂl

2207 2342 2414 2413 ἀρετὴν
2441 2342 2595 2413 ὑμῶν
2613 2343 2972 2413 ἀπήγγειλεν,
2994 2344 3052 2410 ἐξ
3066 2339 3132 2416 ἦς
3155 2345 3246 2398 καὶ
3262 2345 3416 2406 αὐτὸς
3435 2346 3697 2415 παρεκλήθη,

522 2444 680 2498 nobis
731 2441 1099 2504 denuntiavit,
1147 2453 1213 2492 ex
1239 2451 1347 2506 qua
1377 2443 1432 2490 et
1459 2435 1576 2504 ipse
1606 2432 1846 2488 solamen
1878 2430 2025 2499 adepl

2206 2436 2510 2499 τουτέστιν,
2547 2436 2721 2505 ἐχάρη
2754 2437 2840 2504 ἐφ’
2875 2436 3026 2506 ὑμῖν,
3073 2436 3468 2506 ἀποδεξάμενος
3511 2436 3699 2506 ὑμᾶςδιὰ

521 2545 624 2598 est,
677 2537 778 2590 hoc
829 2545 910 2590 eat
935 2572 950 2598 ,
998 2531 1215 2602 gavisus
1257 2537 1340 2582 est
1370 2526 1423 2580 in
1455 2525 1630 2590 vobis,
1675 2522 2024 2610 suscipienst

2207 2527 2278 2580 τὰ
2305 2528 2712 2598 κατορθώματα
2743 2527 2918 2597 ὑμῶν.
2954 2529 3165 2582 Οίκειοί
3191 2529 3248 2581 δὲ
3271 2529 3445 2592 αὐτοῖς
3470 2529 3547 2582 τὸν
3566 2529 3698 2598 ἄνδρα,

520 2641 740 2697 propter
779 2627 1004 2680 virtutes
1046 2633 1278 2678 vestras.
1313 2617 1587 2675 Conciliat
1628 2626 1835 2680 autem,
1865 2622 1921 2668 et
1943 2611 2023 2666 fall

1777 2631 1835 2680 ιι,
1865 2622 1921 2668 et
1943 2611 2104 2666 fatni-
2208 2616 2285 2681 ὡς
2315 2618 2681 2672 ἐπαινέσαντα
2709 2619 2908 2684 αὐτοὺς
2933 2621 3071 2690 πρὸς
3092 2619 3279 2675 αὐτόν.

520 2718 708 2772 liaretn
742 2718 873 2771 facit
907 2717 1038 2784 ipsis
1069 2715 1215 2769 hunc
1245 2713 1446 2778 virum,
1483 2717 1671 2780 utpote
1709 2707 1802 2778 qui
1837 2719 1934 2761 eos
1964 2703 2106 2776 apud

522 2811 700 2878 ipsum
736 2807 1074 2861 laudaverat.

600 2920 618 2952 ι
660 2899 924 2954 Referens
970 2897 1127 2952 nobis
1176 2905 1416 2952 vestrum
1465 2891 1820 2958 desiderium,
1866 2898 2103 2947 vestrum

2290 2915 2309 2949 ι
2357 2897 2735 2966 ’Δναγγέλλων
2783 2899 2915 2968 ήμϊν
2957 2897 3059 2968 τὴν
3107 2897 3266 2969 ὑμῶν
3308 2897 3609 2966 ἐπιπόθησιν,
3643 2900 3698 2951 τίν

523 2992 730 3057 ﬂetum,
767 3001 1003 3044 vestram
1035 2988 1433 3043 :eniulationetn
1469 3001 1570 3058 pro
1603 3001 1708 3041 me.
1744 3003 1763 3037 ι
1805 2982 2026 3038 Verisim

2213 2992 2370 3061 ὑμῶν
2398 2992 2656 3063 ὀδυρμδν,
2707 2991 2800 3044 τὸν
2832 2991 2988 3060 ὑμῶν
3019 2991 3188 3059 ζῆλον
3218 2990 3357 3060 ὑπὲρ
3385 2989 3523 3060 ἐμοῦ.
3558 2992 3697 3050 »Εἰκὸς

524 3089 672 3140 enim
722 3092 840 3136 erat
887 3097 981 3138 eos
1030 3082 1216 3151 lugere
1254 3089 1310 3136 et
1339 3081 1535 3136 anxios
1581 3093 1737 3142 esse,
1787 3085 2027 3147 quaret:

2213 3087 2321 3156 γὰρ
2347 3081 2414 3156 ἦν
2445 3085 2642 3148 αὐτοὺς
2675 3083 2890 3137 πενθεῖν
2917 3087 3009 3138 καὶ
3037 3085 3228 3151 ἀλγεῖν
3246 3101 3263 3116 ο
3291 3084 3353 3136 Τί
3373 3083 3526 3146 οὕτως
3550 3083 3698 3150 ἐδυσχὲ-

523 3192 670 3245 tegro
695 3185 840 3229 esset
873 3174 1055 3228 animo
1088 3183 1410 3242 praeceptor,
1450 3180 1505 3227 et
1529 3185 1702 3241 quare
1729 3170 1914 3224 tattdiu
1947 3168 2026 3222 abi

2218 3193 2378 3248 ρανεν
2405 3178 2432 3230 ό
2460 3176 2804 3239 διδάσκαλος,
2835 3175 2889 3228 τί
2917 3175 3177 3229 τοσοῦτον
3216 3175 3420 3245 ἀπέστη
3445 3175 3625 3245 χρόνον;
3643 3172 3700 3225 Διὸ

526 3279 632 3326 Set.
682 3265 821 3321 Hinc
862 3282 968 3321 non
1024 3265 1348 3334 simpliciter
1395 3265 1564 3330 dixit,
1621 3263 1937 3334 Lacrymas,
1990 3276 2029 3315 St

2212 3233 2334 3323 οὐδὲ
2362 3269 2549 3332 ἁπλῶς
2579 3267 2719 3334 εἷπε,
2755 3233 2999 3340 ύόκρυα,
3028 3269 3148 3324 ἀλλ’
3209 3288 3229 3322 ι
3271 3233 3540 3340 Ὀδυρμόνο
3571 3233 3698 3331 licet,

535 3382 553 3414 ι
586 3361 797 3416 Fletqu
831 3377 846 3413 :
883 3377 902 3412 ι
956 3374 1150 3428 neque,
1211 3357 1600 3428 Cupiditatem,
1655 3357 1773 3423 Sed,
1810 3373 1830 3407 ι
1886 3353 2038 3410 Desid

2226 3359 2578 3429 Ἐπιθυμίαν,
2627 3359 2764 3424 ἀλλ’,
2812 3377 2832 3412 ι
2883 3359 3272 3429 Ἐπιπόθησιν,
3312 3378 3330 3410 ι
3364 3358 3701 3424 coarseness-

529 3456 694 3516 riuni,
730 3470 748 3503 ι
783 3453 882 3505 hoc
907 3460 1011 3512 est,
1047 3451 1421 3506 vehementem
1451 3448 1858 3517 inquisitionem
1890 3462 1902 3499 :
1936 3461 2032 3513 neq

2211 3449 2346 3520 δρὰν
2395 3449 2755 3519 ἐπιζήτησιν·
2798 3451 2940 3515 οὐδὲ,
3004 3450 3229 3521 Ὀργὴν,
3287 3450 3436 3517 ἀλλὰ,
3474 3468 3490 3501 ι
3520 3450 3694 3519 Ζῆ).ῦν,ι

527 3543 689 3610 Iram,
732 3543 848 3607 sed,
881 3560 899 3593 ι
942 3541 1388 3606 Ainiulationem,
1425 3557 1445 3591 ι
1477 3554 1669 3610 nempe
1700 3540 1959 3592 adversus
1987 3549 2030 3589 et

2214 3542 2361 3597 κατὰ
2394 3542 2485 3596 τοῦ
2519 3544 2976 3612 πεπορνευκότος.
3026 3542 3201 3615 ’Υπὲρ
3246 3545 3376 3614 ἐμοῦ
3421 3544 3516 3613 γὰρ
3554 3540 3701 3610 impii-

528 3637 620 3704 qui
669 3634 970 3688 fornicatus
1015 3643 1154 3690 erat.
1219 3631 1448 3702 Propter
1496 3647 1584 3686 nte
1630 3631 1773 3685 enim
1810 3627 2029 3684 accensi

2217 3639 2370 3706 Θητε,
2400 3637 2495 3690 καὶ
2524 3637 2780 3706 διεκάητε
2799 3675 2814 3700 ,
2862 3635 3005 3688 ὥστε
3038 3635 3098 3689 τὸ
3129 3636 3454 3707 πρόσταγμα
3504 3652 3584 3704 μου
3611 3632 3700 3699 τλη-

530 3730 684 3800 igniti
725 3729 877 3795 estis,
911 3738 969 3781 ut
1012 3726 1162 3796 jussa
1211 3742 1328 3780 mea
1379 3725 1740 3794 capesseretis
1768 3739 1784 3777 :
1814 3721 1898 3777 vel
1944 3723 2033 3776 eti:

2218 3729 2392 3802 ρῶσαι
2421 3731 2465 3762 ⁹¹
2487 3746 2501 3759 ·
2534 3729 2566 3799 ἦ
2601 3729 2698 3781 καὶ
2723 3729 2860 3799 πρὸς
2882 3730 3006 3792 τοὺς
3043 3729 3501 3798 ψευδαποστόλους
3523 3723 3699 3794 ἐζηλοῦτι

527 3828 817 3878 adversum
885 3821 1330 3890 pseudaposto’os
1402 3816 1793 3873 aaiiiularemini
1850 3829 1946 3885 pro
2004 3831 2030 3870 ll

2217 3826 2362 3895 ὑπὲρ
2405 3823 2562 3894 ἐμοῦ.
2607 3823 2794 3876 Ταῦτα
2833 3821 2888 3875 δὲ
2921 3822 3073 3890 λέγει
3099 3823 3126 3874 ό
3169 3821 3501 3883 Ἀπόστολος,
3525 3820 3574 3872 οὐ
3599 3818 3701 3887 μόνον

529 3913 658 3968 llaec
690 3925 868 3967 autem
899 3912 1032 3965 dicit
1067 3909 1383 3980 Apostolus,
1419 3909 1585 3979 280
1612 3924 1718 3962 non
1749 3908 1923 3964 solum
1969 3921 2030 3975 pr

2217 3917 2539 3989 θεραπεύων
2585 3916 2685 3981 τὰς
2728 3915 3003 3986 προτέρας
3055 3917 3408 3985 ἐπιτιμήσεις
3444 3914 3502 3976 ⁸³,
3534 3906 3701 3973 ἀλλὰτῴ

529 4020 621 4060 res
655 4003 1104 4072 reprehensiones
1143 4016 1361 4067 sanans,
1415 4002 1770 4054 verumetiam
1803 4013 1991 4054 revera
2019 4013 2032 4052 ι

2217 4010 2333 4066 ὄντι
2382 4010 2474 4063 καὶ
2508 4008 2912 4078 ἀποδεχόμενος
2957 4006 3087 4070 τοὺς
3135 4005 3574 4076 σιατωρθωκότας⁸
3613 3996 3702 4070 ἦσαν

530 4095 770 4163 scipiens
802 4093 1011 4162 eosqui
1047 4093 1184 4148 bene
1221 4108 1279 4148 se
1306 4102 1606 4163 gesserant.
1635 4090 1790 4145 Multi
1829 4090 1975 4146 enim
2003 4107 2033 4145 ιι

2220 4105 2324 4178 μὶν
2363 4103 2474 4174 γὰρ
2505 4105 2599 4156 καὶ
2629 4100 2928 4170 κακοήθεις
2963 4100 3177 4163 πολλοὶ,
3222 4101 3316 4152 καὶ
3351 4097 3539 4162 ἀνάξιοι
3566 4093 3703 4147 τούτων

535 4188 603 4241 lis
643 4187 880 4241 moribus
912 4185 1121 4256 praediti
1151 4197 1326 4252 erant,
1353 4192 1408 4241 et
1429 4185 1576 4240 hisce
1601 4184 1848 4239 laudibus
1869 4183 2038 4252 iudigr

2220 4196 2328 4249 τῶν
2358 4195 2633 4248 ἐπαίνων
2686 4191 2803 4247 ἀλλ’
2852 4193 3003 4261 ὅμως
3034 4192 3202 4255 αὐτὸς
3230 4191 3291 4245 ού
3323 4191 3508 4260 διαιρεῖ
3535 4185 3704 4244 τούτους.

529 4291 770 4335 attamen
803 4281 921 4334 illos
971 4280 1087 4349 ipse
1119 4295 1222 4334 non
1253 4279 1478 4344 diducit,
1541 4291 1726 4332 verum
1787 4291 1908 4330 cum
1954 4290 2032 4329 ent

2219 4288 2357 4344 ἀλλὰ
2406 4287 2502 4342 καὶ
2535 4286 2602 4340 τὰ
2639 4286 2891 4356 ἐγκώμια
2941 4283 3034 4338 καὶ
3067 4285 3138 4337 τὰ
3181 4283 3490 4355 ἐγκλήματα
3529 4276 3699 4332 κοινὰὲι

531 4376 666 4439 mia,
725 4382 836 4428 tum
895 4373 1162 4440 vituperia
1213 4370 1520 4425 connnunia
1572 4369 1624 4423 in
1660 4367 1896 4423 medium
1947 4382 2034 4437 por

2219 4381 2300 4452 τῷ
2332 4381 2484 4452 μέσῳ
2511 4379 2714 4450 τίθησι,
2762 4377 2939 4442 διδοὺς
2966 4376 3042 4448 τῷ
3066 4376 3332 4431 συνειδότι
3359 4375 3561 4428 ἑκάστου
3585 4365 3705 4422 ἐπιλέ-

529 4472 666 4526 dans
707 4469 784 4521 ita
829 4465 1054 4520 cuilibet
1104 4464 1208 4519 sibi
1240 4465 1462 4520 conscio
1509 4462 1709 4533 eligere
1757 4461 1902 4530 quod
1945 4460 2013 4514 ad

1240 4465 1462 4520 conscio
1509 4462 1709 4533 eligere
1757 4461 1902 4530 quod
1945 4460 2013 4514 ad
2059 4472 2120 4514 se
2223 4475 2513 4544 γεσθαιτάι
2538 4475 2735 4528 οιχεῖα,

532 4567 821 4637 pertineat.
2151 4575 2198 4632 D

559 4659 564 4662 '
614 4675 634 4707 ι
672 4655 750 4712 Ita
786 4667 841 4710 ut
876 4654 1048 4725 magis
1078 4655 1394 4722 gauderem.
1448 4669 1467 4703 ι
1510 4650 1587 4704 Ex
1629 4648 1918 4722 praesentia
1951 4645 2060 4702 etia

2301 4661 2320 4694 ι
2336 4641 2496 4695 Ὥστε
2512 4657 2580 4710 με
2601 4640 2802 4711 μᾶλλον
2817 4641 3077 4711 χαρῆναι.
3105 4657 3124 4691 ι
3150 4638 3263 4691 Καὶ
3286 4639 3347 4690 ἐκ
3367 4635 3456 4704 τῆς
3484 4624 3703 4700 παρουσίας

533 4750 652 4820 ejus
690 4749 1049 4814 exhilaratus,
1083 4748 1274 4817 magis,
1313 4744 1511 4814 inquit,
1547 4743 1797 4812 gravisus
1819 4756 1960 4806 sum,
1993 4755 2036 4810 (ιι

2220 4734 2388 4789 αὑτοῦ
2420 4734 2631 4804 χαρεὶς,
2689 4731 2890 4803 μᾶλλον
2941 4732 3130 4804 ἐχάρν,
3187 4731 3370 4801 φησιν,
3397 4727 3473 4796 ἐφ’
3498 4719 3565 4787 οἷς
3583 4719 3703 4789 dm-

537 4844 660 4899 talia
699 4843 830 4897 mihi
864 4846 929 4896 de
964 4843 1117 4896 vobis
1149 4839 1516 4894 annuutiavit.

1502 4875 1516 4890 .
2219 4829 2369 4899 γειλε
2408 4827 2639 4886 τοιαῦτα
2664 4830 2796 4900 περὶ
2826 4828 3005 4898 ὑμῶν.

611 4937 773 4993 Vens.
807 4940 860 4990 8.
894 4954 914 4988 ι
951 4934 1141 5004 Itaque
1170 4933 1386 4990 etiamsi
1440 4929 1760 4987 contristavi
1793 4943 1887 4984 vos
1913 4927 1966 4982 in
1996 4925 2114 4996 Epi-

2297 4942 2316 4975 ι
2351 4923 2513 4977 Ὥστε
2541 4923 2593 4976 εί
2627 4923 2725 4976 καὶ
2747 4923 2996 4992 ἐλύπησα
3019 4924 3166 4993 ὑμᾶς
3195 4931 3254 4978 ἐν
3285 4923 3349 4992 τῇ
3391 4912 3645 4981 Ἐπιστολῇ,
3667 4906 3701 4959 οὗ

535 5030 698 5095 stola,
735 5043 820 5084 ine
864 5043 971 5082 non
1016 5003 1267 5095 ptenitet,
1317 5023 1565 5094 quamvis
1617 5021 1918 5089 paenitebat
1945 5033 2038 5072 me

2223 5016 2625 5087 μεταμέλομαι,
2654 5017 2702 5069 εί
2726 5017 2821 5070 καὶ
2857 5017 3255 5086 μετεμελόμην.
3297 5034 3316 5067 ι
3341 5013 3400 5066 Ei
3427 5010 3511 5064 καὶ
3529 5003 3699 5095 retains.

536 5124 648 5177 Etsi
681 5089 986 5190 lmjusniodi
1009 5089 1534 5188 scripserim-vobis,
1569 5115 1764 5184 quibus
1792 5127 2039 5167 escesser

2219 5112 2406 5182 φησὶν,
2441 5109 2658 5182 ἔγραψα
2693 5109 2844 5180 ὑμῖν,
2880 5109 3020 5163 ὥστε
3059 5108 3358 5180 ὑπερϐῆναι
3385 5104 3442 5157 τὸ
3469 5099 3626 5171 μέτρον
3641 5089 3702 5190 τῇς

535 5215 752 5269 modum
800 5213 1220 5284 objurgationis,
1254 5219 1313 5264 ut
1341 5183 1479 5262 adeo
1511 5181 1601 5260 me
1641 5206 1929 5276 pteniteret
1975 5219 2038 5274 qu

2221 5181 2620 5274 ἐπιτιμήσεως,
2673 5204 2770 5256 καὶ.
2822 5202 3050 5273 ποιῆσαί
3104 5218 3171 5270 με
3219 5181 3702 5284 μεταμεληθῆναξνώξ

536 5308 675 5361 ultra
707 5306 924 5361 modum
958 5319 1054 5360 vos
1082 5299 1481 5372 increpaverim
1512 5317 1526 5354 :
1553 5297 1742 5368 ingens
1771 5307 1952 5350 tamen
1976 5311 2039 5351 co

2223 5270 2387 5366 ὺπέρ⁷
2405 5270 2605 5367 μέτρον
2637 5270 3018 5364 ἐπιπλήξαντα
3040 5310 3054 5326 ο
3091 5295 3240 5363 ὅμως
3268 5290 3328 5344 τὸ
3353 5287 3474 5342 πολὺ
3505 5277 3649 5372 adp-50;

535 5359 915 5468 mediusque
943 5359 1069 5452 inde
1092 5359 1365 5464 proﬂuxit,
1406 5407 1512 5448 non
1547 5359 1676 5447 sinit
1705 5405 1790 5444 me
1809 5388 1922 5460 jam
1947 5403 2036 5460 pm

2225 5389 2284 5453 ἐξ
2310 5359 2635 5442 αὑτῶν-οὑκ
2683 5389 2748 5458 ἐᾷ
2788 5359 2856 5458 με
2908 5359 3328 5459 μεταμελεὴθαι
3363 5378 3466 5433 νῦν.
3511 5359 3703 5468 Τοῦτ.αᾷ

535 5490 707 5548 tentia
761 5456 904 5546 duci.
963 5488 1090 5544 Haec
1139 5494 1316 5539 autem
1351 5456 1526 5548 dixit,
1581 5496 1690 5538 non
1741 5456 1884 5552 quod
1932 5456 2038 5536 revt

2227 5481 2435 5549 ἔλεγεν,
2483 5482 2583 5554 οὐχ
2619 5481 2694 5545 ὼς
2724 5456 2980 5554 ἀμέτρῶς
3013 5478 3094 5552 τῷ
3141 5478 3252 5531 ὄντι
3281 5470 3589 5542 ἐπιτιμήσας,
3613 5456 3701 5513 ἀλλὰ

537 5586 894 5638 immoderate
942 5595 1066 5634 eos
1095 5575 1452 5647 increpuerit,
1515 5588 1700 5630 verum
1756 5585 2040 5643 utprwco:

1524 5588 1700 5630 verum
1756 5573 2114 5643 utpricconia
2224 5575 2294 5629 τὰ
2326 5574 2577 5646 ἐγκώμια
2620 5574 2801 5630 αὐτῶν
2829 5571 3027 5640 αὔξων.

539 5689 727 5730 eorum
765 5673 974 5742 majora
1011 5671 1192 5725 faciat.

1890 5767 2092 5831 Varia:
2125 5770 2456 5834 lectiones.

608 5870 657 5906 “
688 5870 784 5925 ἐπί
821 5886 875 5927 o.
954 5870 1002 5903 "
1043 5865 1343 5938 ποιήσαιο.
1421 5862 1466 5898 ³⁸
1500 5862 1822 5936 ἐπιπλήξεις
1845 5883 1897 5923 o.
