  <div class='ocr_page' id='page_1' title='image "/cluster/home/n/w/nwhite01/storage/ocr_20150623/124/hvd.32044019208206/467.png"; bbox 0 0 3898 6592; ppageno 0'>
   <div class='ocr_carea' id='block_1_1' title="bbox 494 409 3661 482">
    <p class='ocr_par' dir='ltr' id='par_1_1' title="bbox 494 409 3661 482">
     <span class='ocr_line' id='line_1_1' title="bbox 494 409 3661 482; baseline -0.002 -8"><span class='ocrx_word' id='word_1_1' title='bbox 494 409 605 474; x_wconf 78' lang='lat'><strong>879</strong></span> <span class='ocrx_word' id='word_1_2' title='bbox 1164 433 1174 439; x_wconf 76' lang='lat'><strong>&#39;</strong></span> <span class='ocrx_word' id='word_1_3' title='bbox 1378 411 1953 475; x_wconf 78' lang='lat' dir='ltr'><strong>TIIEOPHYLACTI</strong></span> <span class='ocrx_word' id='word_1_4' title='bbox 1985 411 2396 474; x_wconf 78' lang='lat' dir='ltr'><strong>BUI.GARIIE</strong></span> <span class='ocrx_word' id='word_1_5' title='bbox 2434 410 2786 472; x_wconf 82' lang='lat' dir='ltr'><strong>ARCHIEP.</strong></span> <span class='ocrx_word' id='word_1_6' title='bbox 3574 417 3661 482; x_wconf 82' lang='lat'><strong>880</strong></span> 
     </span>
    </p>
   </div>
   <div class='ocr_carea' id='block_1_2' title="bbox 484 516 2023 596">
    <p class='ocr_par' dir='ltr' id='par_1_2' title="bbox 484 517 2019 593">
     <span class='ocr_line' id='line_1_2' title="bbox 484 517 2019 593; baseline -0.003 -14"><span class='ocrx_word' id='word_1_7' title='bbox 484 526 612 580; x_wconf 86' lang='lat' dir='ltr'><strong>tiam</strong></span> <span class='ocrx_word' id='word_1_8' title='bbox 653 540 667 576; x_wconf 89' lang='lat'><strong>:</strong></span> <span class='ocrx_word' id='word_1_9' title='bbox 709 534 815 576; x_wconf 88' lang='lat' dir='ltr'><strong>non</strong></span> <span class='ocrx_word' id='word_1_10' title='bbox 846 517 1251 574; x_wconf 87' lang='lat' dir='ltr'><strong>succubuerunt</strong></span> <span class='ocrx_word' id='word_1_11' title='bbox 1292 524 1493 582; x_wconf 84' lang='lat' dir='ltr'><strong>tamen,</strong></span> <span class='ocrx_word' id='word_1_12' title='bbox 1534 521 1837 593; x_wconf 78' lang='lat' dir='ltr'><strong>sed-magis</strong></span> <span class='ocrx_word' id='word_1_13' title='bbox 1868 522 2019 590; x_wconf 78' lang='lat' dir='ltr'><strong>gavis</strong></span> 
     </span>
    </p>
   </div>
   <div class='ocr_carea' id='block_1_3' title="bbox 2117 516 3656 596">
    <p class='ocr_par' dir='ltr' id='par_1_3' title="bbox 2117 516 3656 596">
     <span class='ocr_line' id='line_1_3' title="bbox 2117 516 3656 596; baseline -0.001 -23"><span class='ocrx_word' id='word_1_14' title='bbox 2117 577 2121 584; x_wconf 60' lang='grc'><strong>,</strong></span> <span class='ocrx_word' id='word_1_15' title='bbox 2147 521 2298 590; x_wconf 83' lang='grc' dir='ltr'><strong>ὅμως</strong></span> <span class='ocrx_word' id='word_1_16' title='bbox 2327 519 2387 573; x_wconf 84' lang='grc' dir='ltr'><strong>ού</strong></span> <span class='ocrx_word' id='word_1_17' title='bbox 2429 519 2755 584; x_wconf 79' lang='grc' dir='ltr'><strong>κατέπεσον,</strong></span> <span class='ocrx_word' id='word_1_18' title='bbox 2792 516 2929 573; x_wconf 81' lang='grc' dir='ltr'><strong>ἀλλὰ</strong></span> <span class='ocrx_word' id='word_1_19' title='bbox 2963 518 3163 590; x_wconf 79' lang='grc' dir='ltr'><strong>μᾶλλον</strong></span> <span class='ocrx_word' id='word_1_20' title='bbox 3191 519 3284 573; x_wconf 72' lang='grc' dir='ltr'><strong>καὶ</strong></span> <span class='ocrx_word' id='word_1_21' title='bbox 3310 520 3474 592; x_wconf 65' lang='grc' dir='ltr'><strong>χαρὰν</strong></span> <span class='ocrx_word' id='word_1_22' title='bbox 3501 525 3656 596; x_wconf 70' lang='grc' dir='ltr'><strong>ἔσχον·</strong></span> 
     </span>
    </p>
   </div>
   <div class='ocr_carea' id='block_1_4' title="bbox 479 607 2018 681">
    <p class='ocr_par' dir='ltr' id='par_1_4' title="bbox 479 607 2018 674">
     <span class='ocr_line' id='line_1_4' title="bbox 479 607 2018 674; baseline -0.004 -3"><span class='ocrx_word' id='word_1_23' title='bbox 479 623 609 671; x_wconf 89' lang='lat' dir='ltr'><strong>sunt</strong></span> <span class='ocrx_word' id='word_1_24' title='bbox 636 631 650 667; x_wconf 89' lang='lat'><strong>:</strong></span> <span class='ocrx_word' id='word_1_25' title='bbox 681 620 735 667; x_wconf 95' lang='lat' dir='ltr'><strong>et</strong></span> <span class='ocrx_word' id='word_1_26' title='bbox 766 625 871 664; x_wconf 87' lang='lat' dir='ltr'><strong>non</strong></span> <span class='ocrx_word' id='word_1_27' title='bbox 896 607 1245 674; x_wconf 71' lang='lat' dir='ltr'><strong>simpliciter,</strong></span> <span class='ocrx_word' id='word_1_28' title='bbox 1287 622 1478 662; x_wconf 84' lang='lat' dir='ltr'><strong>verum</strong></span> <span class='ocrx_word' id='word_1_29' title='bbox 1508 626 1629 663; x_wconf 89' lang='lat' dir='ltr'><strong>cum</strong></span> <span class='ocrx_word' id='word_1_30' title='bbox 1668 611 2018 666; x_wconf 82' lang='lat' dir='ltr'><strong>exuberantia</strong></span> 
     </span>
    </p>
   </div>
   <div class='ocr_carea' id='block_1_5' title="bbox 1908 607 3447 681">
    <p class='ocr_par' dir='ltr' id='par_1_5' title="bbox 1913 607 3447 681">
     <span class='ocr_line' id='line_1_5' title="bbox 1913 607 3447 681; baseline 0.002 -17"><span class='ocrx_word' id='word_1_31' title='bbox 1913 611 2042 666; x_wconf 86' lang='lat' dir='ltr'><strong>ntia.</strong></span> <span class='ocrx_word' id='word_1_32' title='bbox 2150 612 2244 664; x_wconf 80' lang='grc' dir='ltr'><strong>καὶ</strong></span> <span class='ocrx_word' id='word_1_33' title='bbox 2283 610 2621 681; x_wconf 44' lang='grc' dir='ltr'><strong>οὑχνδυτλῶς,</strong></span> <span class='ocrx_word' id='word_1_34' title='bbox 2657 607 2798 662; x_wconf 81' lang='grc' dir='ltr'><strong>ἀλλὰ</strong></span> <span class='ocrx_word' id='word_1_35' title='bbox 2824 608 2922 661; x_wconf 75' lang='grc' dir='ltr'><strong>καὶ</strong></span> <span class='ocrx_word' id='word_1_36' title='bbox 2952 609 3091 678; x_wconf 80' lang='grc' dir='ltr'><strong>μετὰ</strong></span> <span class='ocrx_word' id='word_1_37' title='bbox 3120 613 3447 677; x_wconf 84' lang='grc' dir='ltr'><strong>περισσείας.</strong></span> 
     </span>
    </p>
   </div>
   <div class='ocr_carea' id='block_1_6' title="bbox 557 688 2096 773">
    <p class='ocr_par' dir='ltr' id='par_1_6' title="bbox 557 696 2045 767">
     <span class='ocr_line' id='line_1_6' title="bbox 557 696 2045 767; baseline 0.001 -13"><span class='ocrx_word' id='word_1_38' title='bbox 557 719 577 753; x_wconf 76' lang='grc' dir='ltr'><strong>ι</strong></span> <span class='ocrx_word' id='word_1_39' title='bbox 625 700 690 754; x_wconf 84' lang='grc' dir='ltr'><strong>Ει</strong></span> <span class='ocrx_word' id='word_1_40' title='bbox 738 696 1001 767; x_wconf 80' lang='lat' dir='ltr'><strong>profunda</strong></span> <span class='ocrx_word' id='word_1_41' title='bbox 1055 706 1351 765; x_wconf 70' lang='lat' dir='ltr'><strong>paupertas</strong></span> <span class='ocrx_word' id='word_1_42' title='bbox 1402 712 1589 752; x_wconf 82' lang='lat' dir='ltr'><strong>eorum</strong></span> <span class='ocrx_word' id='word_1_43' title='bbox 1645 700 1941 755; x_wconf 75' lang='lat' dir='ltr'><strong>abundavit</strong></span> <span class='ocrx_word' id='word_1_44' title='bbox 1993 703 2045 756; x_wconf 90' lang='lat' dir='ltr'><strong>iu</strong></span> 
     </span>
    </p>
   </div>
   <div class='ocr_carea' id='block_1_7' title="bbox 2126 688 3665 773">
    <p class='ocr_par' dir='ltr' id='par_1_7' title="bbox 2226 688 3665 773">
     <span class='ocr_line' id='line_1_7' title="bbox 2226 688 3665 773; baseline 0.009 -22"><span class='ocrx_word' id='word_1_45' title='bbox 2226 719 2245 751; x_wconf 78' lang='grc' dir='ltr'><strong>ι</strong></span> <span class='ocrx_word' id='word_1_46' title='bbox 2284 701 2392 753; x_wconf 75' lang='grc' dir='ltr'><strong>Καὶ</strong></span> <span class='ocrx_word' id='word_1_47' title='bbox 2420 701 2452 770; x_wconf 78' lang='grc' dir='ltr'>ἡ</span> <span class='ocrx_word' id='word_1_48' title='bbox 2480 699 2622 752; x_wconf 78' lang='grc' dir='ltr'><strong>κατὰ</strong></span> <span class='ocrx_word' id='word_1_49' title='bbox 2642 698 2842 769; x_wconf 77' lang='grc' dir='ltr'><strong>βάθους</strong></span> <span class='ocrx_word' id='word_1_50' title='bbox 2863 702 3111 769; x_wconf 84' lang='grc' dir='ltr'><strong>πτωχεία</strong></span> <span class='ocrx_word' id='word_1_51' title='bbox 3122 701 3305 753; x_wconf 77' lang='grc' dir='ltr'><strong>αὐτῶν</strong></span> <span class='ocrx_word' id='word_1_52' title='bbox 3327 688 3665 773; x_wconf 76' lang='grc' dir='ltr'><strong>ἐπερίσσευσεν</strong></span> 
     </span>
    </p>
   </div>
   <div class='ocr_carea' id='block_1_8' title="bbox 481 787 2020 869">
    <p class='ocr_par' dir='ltr' id='par_1_8' title="bbox 481 787 2020 860">
     <span class='ocr_line' id='line_1_8' title="bbox 481 787 2020 860; baseline -0.001 -12"><span class='ocrx_word' id='word_1_53' title='bbox 481 791 695 848; x_wconf 72' lang='lat' dir='ltr'><strong>divitias</strong></span> <span class='ocrx_word' id='word_1_54' title='bbox 734 787 1097 856; x_wconf 84' lang='lat' dir='ltr'><strong>simplicitatis</strong></span> <span class='ocrx_word' id='word_1_55' title='bbox 1131 801 1374 842; x_wconf 65' lang='lat' dir='ltr'><strong>eorum.»</strong></span> <span class='ocrx_word' id='word_1_56' title='bbox 1417 787 1527 843; x_wconf 90' lang='lat' dir='ltr'><strong>lloc</strong></span> <span class='ocrx_word' id='word_1_57' title='bbox 1559 798 1665 856; x_wconf 89' lang='lat' dir='ltr'><strong>est,</strong></span> <span class='ocrx_word' id='word_1_58' title='bbox 1698 792 2020 860; x_wconf 83' lang='lat' dir='ltr'><strong>quemadmo</strong></span> 
     </span>
    </p>
   </div>
   <div class='ocr_carea' id='block_1_9' title="bbox 2125 787 3664 869">
    <p class='ocr_par' dir='ltr' id='par_1_9' title="bbox 2154 787 3664 869">
     <span class='ocr_line' id='line_1_9' title="bbox 2154 787 3664 869; baseline 0.006 -25"><span class='ocrx_word' id='word_1_59' title='bbox 2154 792 2234 852; x_wconf 77' lang='grc' dir='ltr'><strong>εἰς</strong></span> <span class='ocrx_word' id='word_1_60' title='bbox 2268 791 2359 844; x_wconf 72' lang='grc' dir='ltr'><strong>τὸν</strong></span> <span class='ocrx_word' id='word_1_61' title='bbox 2390 789 2623 843; x_wconf 78' lang='grc' dir='ltr'><strong>πλοῦτον</strong></span> <span class='ocrx_word' id='word_1_62' title='bbox 2660 790 2761 860; x_wconf 83' lang='grc' dir='ltr'><strong>τῆς</strong></span> <span class='ocrx_word' id='word_1_63' title='bbox 2792 790 3095 860; x_wconf 77' lang='grc' dir='ltr'><strong>ἁπλότητος</strong></span> <span class='ocrx_word' id='word_1_64' title='bbox 3120 787 3317 845; x_wconf 73' lang='grc' dir='ltr'><strong>αὐτῶν.</strong></span> <span class='ocrx_word' id='word_1_65' title='bbox 3353 811 3371 844; x_wconf 73' lang='grc' dir='ltr'><strong>ι</strong></span> <span class='ocrx_word' id='word_1_66' title='bbox 3398 794 3664 869; x_wconf 80' lang='grc' dir='ltr'><strong>Τουτέστιν,</strong></span> 
     </span>
    </p>
   </div>
   <div class='ocr_carea' id='block_1_10' title="bbox 482 878 2021 961">
    <p class='ocr_par' dir='ltr' id='par_1_10' title="bbox 482 878 2021 952">
     <span class='ocr_line' id='line_1_10' title="bbox 482 878 2021 952; baseline -0.001 -13"><span class='ocrx_word' id='word_1_67' title='bbox 482 887 607 940; x_wconf 84' lang='lat' dir='ltr'><strong>dum</strong></span> <span class='ocrx_word' id='word_1_68' title='bbox 658 883 848 952; x_wconf 74' lang='lat' dir='ltr'><strong>ingens</strong></span> <span class='ocrx_word' id='word_1_69' title='bbox 895 878 1115 934; x_wconf 77' lang='lat' dir='ltr'><strong>alilietio</strong></span> <span class='ocrx_word' id='word_1_70' title='bbox 1165 880 1480 934; x_wconf 77' lang='lat' dir='ltr'><strong>exuberavit</strong></span> <span class='ocrx_word' id='word_1_71' title='bbox 1531 881 1583 935; x_wconf 89' lang='lat' dir='ltr'><strong>in</strong></span> <span class='ocrx_word' id='word_1_72' title='bbox 1636 882 1877 937; x_wconf 77' lang='lat' dir='ltr'><strong>laztitiam</strong></span> <span class='ocrx_word' id='word_1_73' title='bbox 1921 883 2021 939; x_wconf 57' lang='lat' dir='ltr'><strong>:sin</strong></span> 
     </span>
    </p>
   </div>
   <div class='ocr_carea' id='block_1_11' title="bbox 2126 878 3665 961">
    <p class='ocr_par' dir='ltr' id='par_1_11' title="bbox 2150 880 3665 961">
     <span class='ocr_line' id='line_1_11' title="bbox 2150 880 3665 961; baseline 0.009 -30"><span class='ocrx_word' id='word_1_74' title='bbox 2150 882 2340 953; x_wconf 84' lang='grc' dir='ltr'><strong>ὥσπερ</strong></span> <span class='ocrx_word' id='word_1_75' title='bbox 2381 883 2421 953; x_wconf 73' lang='grc' dir='ltr'><strong>ὴ</strong></span> <span class='ocrx_word' id='word_1_76' title='bbox 2475 881 2646 953; x_wconf 78' lang='grc' dir='ltr'><strong>πολλὴ</strong></span> <span class='ocrx_word' id='word_1_77' title='bbox 2693 880 2875 951; x_wconf 78' lang='grc' dir='ltr'><strong>θλίψις</strong></span> <span class='ocrx_word' id='word_1_78' title='bbox 2931 882 3322 950; x_wconf 75' lang='grc' dir='ltr'><strong>ἐπερίσσευσεν</strong></span> <span class='ocrx_word' id='word_1_79' title='bbox 3371 887 3447 948; x_wconf 85' lang='grc' dir='ltr'><strong>εἰς</strong></span> <span class='ocrx_word' id='word_1_80' title='bbox 3505 892 3665 961; x_wconf 77' lang='grc' dir='ltr'><strong>χαρὰν,</strong></span> 
     </span>
    </p>
   </div>
   <div class='ocr_carea' id='block_1_12' title="bbox 479 970 2018 1051">
    <p class='ocr_par' dir='ltr' id='par_1_12' title="bbox 479 970 2015 1045">
     <span class='ocr_line' id='line_1_12' title="bbox 479 970 2015 1045; baseline -0.001 -18"><span class='ocrx_word' id='word_1_81' title='bbox 479 977 669 1045; x_wconf 79' lang='lat' dir='ltr'><strong>ingens</strong></span> <span class='ocrx_word' id='word_1_82' title='bbox 695 980 750 1027; x_wconf 90' lang='lat' dir='ltr'><strong>et</strong></span> <span class='ocrx_word' id='word_1_83' title='bbox 802 970 1065 1040; x_wconf 80' lang='lat' dir='ltr'><strong>profunda</strong></span> <span class='ocrx_word' id='word_1_84' title='bbox 1083 984 1280 1024; x_wconf 86' lang='lat' dir='ltr'><strong>eorum</strong></span> <span class='ocrx_word' id='word_1_85' title='bbox 1354 980 1647 1040; x_wconf 82' lang='lat' dir='ltr'><strong>paupertas</strong></span> <span class='ocrx_word' id='word_1_86' title='bbox 1693 971 2015 1042; x_wconf 85' lang='lat' dir='ltr'><strong>elecmosyni</strong></span> 
     </span>
    </p>
   </div>
   <div class='ocr_carea' id='block_1_13' title="bbox 2129 970 3668 1051">
    <p class='ocr_par' dir='ltr' id='par_1_13' title="bbox 2149 971 3668 1051">
     <span class='ocr_line' id='line_1_13' title="bbox 2149 971 3668 1051; baseline 0.006 -25"><span class='ocrx_word' id='word_1_87' title='bbox 2149 971 2324 1036; x_wconf 78' lang='grc' dir='ltr'><strong>οὕτως</strong></span> <span class='ocrx_word' id='word_1_88' title='bbox 2354 975 2387 1043; x_wconf 78' lang='grc' dir='ltr'><strong>η</strong></span> <span class='ocrx_word' id='word_1_89' title='bbox 2412 972 2583 1046; x_wconf 73' lang='grc' dir='ltr'><strong>πολλὴ</strong></span> <span class='ocrx_word' id='word_1_90' title='bbox 2606 974 2788 1027; x_wconf 83' lang='grc' dir='ltr'><strong>αὐτῶν</strong></span> <span class='ocrx_word' id='word_1_91' title='bbox 2821 974 2915 1027; x_wconf 68' lang='grc' dir='ltr'><strong>καὶ</strong></span> <span class='ocrx_word' id='word_1_92' title='bbox 2948 972 3139 1043; x_wconf 82' lang='grc' dir='ltr'><strong>βαθεῖα</strong></span> <span class='ocrx_word' id='word_1_93' title='bbox 3172 975 3414 1045; x_wconf 77' lang='grc' dir='ltr'><strong>πτωχεία</strong></span> <span class='ocrx_word' id='word_1_94' title='bbox 3454 981 3509 1030; x_wconf 77' lang='grc' dir='ltr'><strong>ού</strong></span> <span class='ocrx_word' id='word_1_95' title='bbox 3543 983 3668 1051; x_wconf 70' lang='grc' dir='ltr'><strong>μόνον</strong></span> 
     </span>
    </p>
   </div>
   <div class='ocr_carea' id='block_1_14' title="bbox 481 1062 2020 1138">
    <p class='ocr_par' dir='ltr' id='par_1_14' title="bbox 481 1062 2019 1131">
     <span class='ocr_line' id='line_1_14' title="bbox 481 1062 2019 1131; baseline 0.001 -12"><span class='ocrx_word' id='word_1_96' title='bbox 481 1082 587 1119; x_wconf 88' lang='lat' dir='ltr'><strong>nun</strong></span> <span class='ocrx_word' id='word_1_97' title='bbox 620 1065 794 1118; x_wconf 85' lang='lat' dir='ltr'><strong>solum</strong></span> <span class='ocrx_word' id='word_1_98' title='bbox 822 1077 932 1116; x_wconf 89' lang='lat' dir='ltr'><strong>non</strong></span> <span class='ocrx_word' id='word_1_99' title='bbox 959 1070 1079 1116; x_wconf 89' lang='lat' dir='ltr'><strong>erat</strong></span> <span class='ocrx_word' id='word_1_100' title='bbox 1108 1062 1516 1131; x_wconf 88' lang='lat' dir='ltr'><strong>impedimento,</strong></span> <span class='ocrx_word' id='word_1_101' title='bbox 1536 1078 1732 1119; x_wconf 66' lang='lat' dir='ltr'><strong>verum</strong></span> <span class='ocrx_word' id='word_1_102' title='bbox 1764 1065 1925 1120; x_wconf 83' lang='lat' dir='ltr'><strong>etiam</strong></span> <span class='ocrx_word' id='word_1_103' title='bbox 1948 1080 2019 1121; x_wconf 89' lang='lat' dir='ltr'><strong>eo</strong></span> 
     </span>
    </p>
   </div>
   <div class='ocr_carea' id='block_1_15' title="bbox 2129 1062 3668 1138">
    <p class='ocr_par' dir='ltr' id='par_1_15' title="bbox 2151 1064 3668 1138">
     <span class='ocr_line' id='line_1_15' title="bbox 2151 1064 3668 1138; baseline 0.007 -22"><span class='ocrx_word' id='word_1_104' title='bbox 2151 1064 2253 1117; x_wconf 71' lang='grc' dir='ltr'><strong>οὐκ</strong></span> <span class='ocrx_word' id='word_1_105' title='bbox 2304 1065 2619 1118; x_wconf 74' lang='grc' dir='ltr'><strong>ἐνεπόδισεν</strong></span> <span class='ocrx_word' id='word_1_106' title='bbox 2646 1065 2736 1129; x_wconf 83' lang='grc' dir='ltr'><strong>εἰς</strong></span> <span class='ocrx_word' id='word_1_107' title='bbox 2769 1065 3168 1137; x_wconf 84' lang='grc' dir='ltr'><strong>ἐλεημοσύνην,</strong></span> <span class='ocrx_word' id='word_1_108' title='bbox 3218 1066 3355 1121; x_wconf 75' lang='grc' dir='ltr'><strong>ἀλλὰ</strong></span> <span class='ocrx_word' id='word_1_109' title='bbox 3393 1071 3573 1138; x_wconf 80' lang='grc' dir='ltr'><strong>μᾶλλον</strong></span> <span class='ocrx_word' id='word_1_110' title='bbox 3590 1077 3668 1130; x_wconf 69' lang='grc' dir='ltr'><strong>καὶ</strong></span> 
     </span>
    </p>
   </div>
   <div class='ocr_carea' id='block_1_16' title="bbox 478 1155 2017 1231">
    <p class='ocr_par' dir='ltr' id='par_1_16' title="bbox 478 1155 2017 1231">
     <span class='ocr_line' id='line_1_16' title="bbox 478 1155 2017 1231; baseline -0.001 -17"><span class='ocrx_word' id='word_1_111' title='bbox 478 1160 659 1231; x_wconf 83' lang='lat' dir='ltr'><strong>petius</strong></span> <span class='ocrx_word' id='word_1_112' title='bbox 712 1157 921 1213; x_wconf 84' lang='lat' dir='ltr'><strong>divitiis</strong></span> <span class='ocrx_word' id='word_1_113' title='bbox 983 1156 1261 1211; x_wconf 85' lang='lat' dir='ltr'><strong>abundare</strong></span> <span class='ocrx_word' id='word_1_114' title='bbox 1320 1156 1610 1224; x_wconf 85' lang='lat' dir='ltr'><strong>persuasit.</strong></span> <span class='ocrx_word' id='word_1_115' title='bbox 1684 1155 1801 1211; x_wconf 86' lang='lat' dir='ltr'><strong>Non</strong></span> <span class='ocrx_word' id='word_1_116' title='bbox 1866 1167 2017 1212; x_wconf 82' lang='lat' dir='ltr'><strong>auten</strong></span> 
     </span>
    </p>
   </div>
   <div class='ocr_carea' id='block_1_17' title="bbox 2128 1155 3667 1231">
    <p class='ocr_par' dir='ltr' id='par_1_17' title="bbox 2152 1157 3667 1228">
     <span class='ocr_line' id='line_1_17' title="bbox 2152 1157 3667 1228; baseline 0.007 -19"><span class='ocrx_word' id='word_1_117' title='bbox 2152 1157 2512 1226; x_wconf 81' lang='grc' dir='ltr'><strong>περισσεῦσαι</strong></span> <span class='ocrx_word' id='word_1_118' title='bbox 2565 1159 2764 1220; x_wconf 68' lang='grc' dir='ltr'><strong>αὑτοὺς</strong></span> <span class='ocrx_word' id='word_1_119' title='bbox 2809 1157 3148 1228; x_wconf 79' lang='grc' dir='ltr'><strong>παρέπεισεν</strong></span> <span class='ocrx_word' id='word_1_120' title='bbox 3193 1160 3276 1222; x_wconf 78' lang='grc' dir='ltr'><strong>είς</strong></span> <span class='ocrx_word' id='word_1_121' title='bbox 3323 1160 3412 1212; x_wconf 80' lang='grc' dir='ltr'><strong>τὸν</strong></span> <span class='ocrx_word' id='word_1_122' title='bbox 3460 1161 3667 1223; x_wconf 83' lang='grc' dir='ltr'><strong>πλοῦτον.</strong></span> 
     </span>
    </p>
   </div>
   <div class='ocr_carea' id='block_1_18' title="bbox 481 1242 2020 1323">
    <p class='ocr_par' dir='ltr' id='par_1_18' title="bbox 481 1246 1991 1319">
     <span class='ocr_line' id='line_1_18' title="bbox 481 1246 1991 1319; baseline 0.001 -15"><span class='ocrx_word' id='word_1_123' title='bbox 481 1253 638 1317; x_wconf 74' lang='lat' dir='ltr'><strong>dixit,</strong></span> <span class='ocrx_word' id='word_1_124' title='bbox 672 1250 870 1305; x_wconf 86' lang='lat' dir='ltr'><strong>Eorum</strong></span> <span class='ocrx_word' id='word_1_125' title='bbox 895 1264 1016 1319; x_wconf 77' lang='lat' dir='ltr'><strong>quae</strong></span> <span class='ocrx_word' id='word_1_126' title='bbox 1054 1248 1177 1303; x_wconf 90' lang='lat' dir='ltr'><strong>data</strong></span> <span class='ocrx_word' id='word_1_127' title='bbox 1202 1255 1348 1311; x_wconf 85' lang='lat' dir='ltr'><strong>sunt,</strong></span> <span class='ocrx_word' id='word_1_128' title='bbox 1375 1248 1493 1311; x_wconf 84' lang='lat' dir='ltr'><strong>sed,</strong></span> <span class='ocrx_word' id='word_1_129' title='bbox 1526 1264 1544 1297; x_wconf 84' lang='grc' dir='ltr'><strong>ι</strong></span> <span class='ocrx_word' id='word_1_130' title='bbox 1594 1246 1991 1317; x_wconf 83' lang='lat' dir='ltr'><strong>Simplicitatis,</strong></span> 
     </span>
    </p>
   </div>
   <div class='ocr_carea' id='block_1_19' title="bbox 2127 1242 3666 1323">
    <p class='ocr_par' dir='ltr' id='par_1_19' title="bbox 2153 1242 3666 1323">
     <span class='ocr_line' id='line_1_19' title="bbox 2153 1242 3666 1323; baseline 0.009 -27"><span class='ocrx_word' id='word_1_131' title='bbox 2153 1249 2266 1299; x_wconf 77' lang='grc' dir='ltr'><strong>Οὐκ</strong></span> <span class='ocrx_word' id='word_1_132' title='bbox 2286 1242 2407 1300; x_wconf 83' lang='grc' dir='ltr'><strong>εἷπε</strong></span> <span class='ocrx_word' id='word_1_133' title='bbox 2428 1247 2507 1313; x_wconf 82' lang='grc' dir='ltr'><strong>δὲ,</strong></span> <span class='ocrx_word' id='word_1_134' title='bbox 2538 1248 2661 1300; x_wconf 85' lang='grc' dir='ltr'><strong>Τῶν</strong></span> <span class='ocrx_word' id='word_1_135' title='bbox 2683 1247 2971 1315; x_wconf 78' lang='grc' dir='ltr'><strong>δοθέντων,</strong></span> <span class='ocrx_word' id='word_1_136' title='bbox 2996 1248 3153 1313; x_wconf 78' lang='grc' dir='ltr'><strong>ἀλλὰ,</strong></span> <span class='ocrx_word' id='word_1_137' title='bbox 3182 1250 3328 1315; x_wconf 83' lang='grc' dir='ltr'><strong>ιΤ-ἦς</strong></span> <span class='ocrx_word' id='word_1_138' title='bbox 3351 1252 3666 1323; x_wconf 76' lang='grc' dir='ltr'><strong>ἀπλύτητοςί</strong></span> 
     </span>
    </p>
   </div>
   <div class='ocr_carea' id='block_1_20' title="bbox 479 1338 2018 1413">
    <p class='ocr_par' dir='ltr' id='par_1_20' title="bbox 479 1338 2018 1409">
     <span class='ocr_line' id='line_1_20' title="bbox 479 1338 2018 1409; baseline -0.003 -11"><span class='ocrx_word' id='word_1_139' title='bbox 479 1346 581 1398; x_wconf 83' lang='lat' dir='ltr'><strong>hoc</strong></span> <span class='ocrx_word' id='word_1_140' title='bbox 623 1352 706 1397; x_wconf 88' lang='lat' dir='ltr'><strong>est</strong></span> <span class='ocrx_word' id='word_1_141' title='bbox 748 1341 964 1396; x_wconf 88' lang='lat' dir='ltr'><strong>candidi</strong></span> <span class='ocrx_word' id='word_1_142' title='bbox 1023 1339 1212 1403; x_wconf 88' lang='lat' dir='ltr'><strong>animi,</strong></span> <span class='ocrx_word' id='word_1_143' title='bbox 1276 1338 1346 1393; x_wconf 87' lang='lat' dir='ltr'><strong>ad</strong></span> <span class='ocrx_word' id='word_1_144' title='bbox 1396 1338 1734 1407; x_wconf 75' lang='lat' dir='ltr'><strong>largiendum</strong></span> <span class='ocrx_word' id='word_1_145' title='bbox 1791 1341 2018 1409; x_wconf 85' lang='lat' dir='ltr'><strong>prompti</strong></span> 
     </span>
    </p>
   </div>
   <div class='ocr_carea' id='block_1_21' title="bbox 2132 1338 3671 1413">
    <p class='ocr_par' dir='ltr' id='par_1_21' title="bbox 2149 1339 3671 1413">
     <span class='ocr_line' id='line_1_21' title="bbox 2149 1339 3671 1413; baseline 0.006 -20"><span class='ocrx_word' id='word_1_146' title='bbox 2149 1339 2416 1406; x_wconf 79' lang='grc' dir='ltr'><strong>τουτέστι,</strong></span> <span class='ocrx_word' id='word_1_147' title='bbox 2477 1341 2574 1410; x_wconf 80' lang='grc' dir='ltr'><strong>τῆς</strong></span> <span class='ocrx_word' id='word_1_148' title='bbox 2624 1339 2859 1403; x_wconf 78' lang='grc' dir='ltr'><strong>ἀφθόνου</strong></span> <span class='ocrx_word' id='word_1_149' title='bbox 2889 1339 3136 1411; x_wconf 82' lang='grc' dir='ltr'><strong>γνώμης,</strong></span> <span class='ocrx_word' id='word_1_150' title='bbox 3185 1343 3286 1410; x_wconf 78' lang='grc' dir='ltr'><strong>τῆς</strong></span> <span class='ocrx_word' id='word_1_151' title='bbox 3339 1346 3671 1413; x_wconf 73' lang='grc' dir='ltr'><strong>εὐμεταδότον.</strong></span> 
     </span>
    </p>
   </div>
   <div class='ocr_carea' id='block_1_22' title="bbox 478 1432 2017 1509">
    <p class='ocr_par' dir='ltr' id='par_1_22' title="bbox 478 1432 2017 1502">
     <span class='ocr_line' id='line_1_22' title="bbox 478 1432 2017 1502; baseline -0.003 -11"><span class='ocrx_word' id='word_1_152' title='bbox 478 1437 599 1491; x_wconf 81' lang='lat' dir='ltr'><strong>Non</strong></span> <span class='ocrx_word' id='word_1_153' title='bbox 625 1437 769 1490; x_wconf 90' lang='lat' dir='ltr'><strong>enim</strong></span> <span class='ocrx_word' id='word_1_154' title='bbox 792 1449 857 1487; x_wconf 80' lang='lat' dir='ltr'><strong>ex</strong></span> <span class='ocrx_word' id='word_1_155' title='bbox 887 1432 1228 1487; x_wconf 87' lang='lat' dir='ltr'><strong>multitudine</strong></span> <span class='ocrx_word' id='word_1_156' title='bbox 1251 1432 1535 1496; x_wconf 90' lang='lat' dir='ltr'><strong>donorum,</strong></span> <span class='ocrx_word' id='word_1_157' title='bbox 1560 1432 1654 1485; x_wconf 88' lang='lat' dir='ltr'><strong>sed</strong></span> <span class='ocrx_word' id='word_1_158' title='bbox 1677 1432 1840 1485; x_wconf 86' lang='lat' dir='ltr'><strong>animi</strong></span> <span class='ocrx_word' id='word_1_159' title='bbox 1868 1448 2017 1502; x_wconf 86' lang='lat' dir='ltr'><strong>prout</strong></span> 
     </span>
    </p>
   </div>
   <div class='ocr_carea' id='block_1_23' title="bbox 2134 1432 3673 1509">
    <p class='ocr_par' dir='ltr' id='par_1_23' title="bbox 2151 1432 3673 1509">
     <span class='ocr_line' id='line_1_23' title="bbox 2151 1432 3673 1509; baseline -0.002 -23"><span class='ocrx_word' id='word_1_160' title='bbox 2151 1433 2227 1486; x_wconf 80' lang='grc' dir='ltr'><strong>Οὐ</strong></span> <span class='ocrx_word' id='word_1_161' title='bbox 2278 1435 2388 1503; x_wconf 73' lang='grc' dir='ltr'><strong>γὰρ</strong></span> <span class='ocrx_word' id='word_1_162' title='bbox 2417 1433 2496 1503; x_wconf 79' lang='grc' dir='ltr'><strong>τῷ</strong></span> <span class='ocrx_word' id='word_1_163' title='bbox 2532 1432 2729 1504; x_wconf 76' lang='grc' dir='ltr'><strong>πλήθει</strong></span> <span class='ocrx_word' id='word_1_164' title='bbox 2758 1434 2867 1487; x_wconf 86' lang='grc' dir='ltr'><strong>τῶν</strong></span> <span class='ocrx_word' id='word_1_165' title='bbox 2905 1434 3224 1503; x_wconf 81' lang='grc' dir='ltr'><strong>διδομένων,</strong></span> <span class='ocrx_word' id='word_1_166' title='bbox 3257 1435 3398 1488; x_wconf 79' lang='grc' dir='ltr'><strong>ἀλλὰ</strong></span> <span class='ocrx_word' id='word_1_167' title='bbox 3423 1440 3484 1507; x_wconf 79' lang='grc' dir='ltr'><strong>τῇ</strong></span> <span class='ocrx_word' id='word_1_168' title='bbox 3518 1457 3673 1509; x_wconf 80' lang='grc' dir='ltr'><strong>προαι.</strong></span> 
     </span>
    </p>
   </div>
   <div class='ocr_carea' id='block_1_24' title="bbox 483 1523 2022 1602">
    <p class='ocr_par' dir='ltr' id='par_1_24' title="bbox 483 1523 2021 1602">
     <span class='ocr_line' id='line_1_24' title="bbox 483 1523 2021 1602; baseline -0.004 -18"><span class='ocrx_word' id='word_1_169' title='bbox 483 1531 752 1602; x_wconf 85' lang='lat' dir='ltr'><strong>ptitudine</strong></span> <span class='ocrx_word' id='word_1_170' title='bbox 774 1525 1077 1583; x_wconf 89' lang='lat' dir='ltr'><strong>liberalitas</strong></span> <span class='ocrx_word' id='word_1_171' title='bbox 1109 1524 1437 1579; x_wconf 65' lang='lat' dir='ltr'><strong>aestimatur.</strong></span> <span class='ocrx_word' id='word_1_172' title='bbox 1469 1523 1583 1579; x_wconf 84' lang='lat' dir='ltr'><strong>Hoc</strong></span> <span class='ocrx_word' id='word_1_173' title='bbox 1626 1534 1807 1579; x_wconf 88' lang='lat' dir='ltr'><strong>autem</strong></span> <span class='ocrx_word' id='word_1_174' title='bbox 1850 1526 2021 1580; x_wconf 83' lang='lat' dir='ltr'><strong>mirati</strong></span> 
     </span>
    </p>
   </div>
   <div class='ocr_carea' id='block_1_25' title="bbox 2133 1523 3672 1602">
    <p class='ocr_par' dir='ltr' id='par_1_25' title="bbox 2155 1523 3672 1600">
     <span class='ocr_line' id='line_1_25' title="bbox 2155 1523 3672 1600; baseline 0.006 -24"><span class='ocrx_word' id='word_1_175' title='bbox 2155 1524 2302 1594; x_wconf 80' lang='grc' dir='ltr'><strong>ρέσει</strong></span> <span class='ocrx_word' id='word_1_176' title='bbox 2334 1525 2584 1595; x_wconf 77' lang='grc' dir='ltr'><strong>κρίνεται</strong></span> <span class='ocrx_word' id='word_1_177' title='bbox 2633 1527 2667 1596; x_wconf 87' lang='grc' dir='ltr'><strong>ή</strong></span> <span class='ocrx_word' id='word_1_178' title='bbox 2700 1525 3003 1595; x_wconf 84' lang='grc' dir='ltr'><strong>φιλοτιμία.</strong></span> <span class='ocrx_word' id='word_1_179' title='bbox 3038 1526 3210 1580; x_wconf 81' lang='grc' dir='ltr'><strong>Τοῦτο</strong></span> <span class='ocrx_word' id='word_1_180' title='bbox 3246 1523 3344 1581; x_wconf 80' lang='grc' dir='ltr'><strong>οὖν</strong></span> <span class='ocrx_word' id='word_1_181' title='bbox 3390 1528 3672 1600; x_wconf 73' lang='grc' dir='ltr'><strong>θαυμαστὸν,</strong></span> 
     </span>
    </p>
   </div>
   <div class='ocr_carea' id='block_1_26' title="bbox 485 1615 2024 1691">
    <p class='ocr_par' dir='ltr' id='par_1_26' title="bbox 485 1615 2024 1691">
     <span class='ocr_line' id='line_1_26' title="bbox 485 1615 2024 1691; baseline -0.005 -13"><span class='ocrx_word' id='word_1_182' title='bbox 485 1626 635 1687; x_wconf 87' lang='lat' dir='ltr'><strong>dum,</strong></span> <span class='ocrx_word' id='word_1_183' title='bbox 664 1621 806 1691; x_wconf 86' lang='lat' dir='ltr'><strong>quod</strong></span> <span class='ocrx_word' id='word_1_184' title='bbox 856 1628 1004 1674; x_wconf 87' lang='lat' dir='ltr'><strong>tanta</strong></span> <span class='ocrx_word' id='word_1_185' title='bbox 1034 1633 1097 1673; x_wconf 79' lang='lat' dir='ltr'><strong>ex</strong></span> <span class='ocrx_word' id='word_1_186' title='bbox 1134 1624 1453 1687; x_wconf 82' lang='lat' dir='ltr'><strong>paupertate</strong></span> <span class='ocrx_word' id='word_1_187' title='bbox 1484 1615 1698 1686; x_wconf 85' lang='lat' dir='ltr'><strong>(direpti</strong></span> <span class='ocrx_word' id='word_1_188' title='bbox 1745 1616 1889 1671; x_wconf 88' lang='lat' dir='ltr'><strong>enim</strong></span> <span class='ocrx_word' id='word_1_189' title='bbox 1925 1632 2024 1671; x_wconf 89' lang='lat' dir='ltr'><strong>sun</strong></span> 
     </span>
    </p>
   </div>
   <div class='ocr_carea' id='block_1_27' title="bbox 2136 1615 3675 1691">
    <p class='ocr_par' dir='ltr' id='par_1_27' title="bbox 2151 1616 3675 1690">
     <span class='ocr_line' id='line_1_27' title="bbox 2151 1616 3675 1690; baseline 0.005 -21"><span class='ocrx_word' id='word_1_190' title='bbox 2151 1616 2236 1669; x_wconf 85' lang='grc' dir='ltr'><strong>ὅτι</strong></span> <span class='ocrx_word' id='word_1_191' title='bbox 2263 1619 2329 1668; x_wconf 81' lang='grc' dir='ltr'><strong>ἐκ</strong></span> <span class='ocrx_word' id='word_1_192' title='bbox 2359 1618 2629 1685; x_wconf 74' lang='grc' dir='ltr'><strong>τοσαύτης</strong></span> <span class='ocrx_word' id='word_1_193' title='bbox 2663 1617 2854 1680; x_wconf 82' lang='grc' dir='ltr'><strong>πενίας</strong></span> <span class='ocrx_word' id='word_1_194' title='bbox 2888 1616 3299 1689; x_wconf 77' lang='grc' dir='ltr'><strong>(ὃιηρπάγησαν</strong></span> <span class='ocrx_word' id='word_1_195' title='bbox 3332 1619 3436 1690; x_wconf 75' lang='grc' dir='ltr'><strong>γὰρ</strong></span> <span class='ocrx_word' id='word_1_196' title='bbox 3474 1621 3566 1674; x_wconf 78' lang='grc' dir='ltr'><strong>ὑπὸ</strong></span> <span class='ocrx_word' id='word_1_197' title='bbox 3593 1623 3675 1676; x_wconf 78' lang='grc' dir='ltr'><strong>τῶν</strong></span> 
     </span>
    </p>
   </div>
   <div class='ocr_carea' id='block_1_28' title="bbox 484 1705 2023 1784">
    <p class='ocr_par' dir='ltr' id='par_1_28' title="bbox 484 1706 2023 1784">
     <span class='ocr_line' id='line_1_28' title="bbox 484 1706 2023 1784; baseline -0.006 -14"><span class='ocrx_word' id='word_1_198' title='bbox 484 1731 513 1770; x_wconf 89' lang='lat' dir='ltr'><strong>a</strong></span> <span class='ocrx_word' id='word_1_199' title='bbox 571 1712 806 1784; x_wconf 86' lang='lat' dir='ltr'><strong>propriis</strong></span> <span class='ocrx_word' id='word_1_200' title='bbox 876 1706 1321 1775; x_wconf 88' lang='lat' dir='ltr'><strong>contribulibus)</strong></span> <span class='ocrx_word' id='word_1_201' title='bbox 1385 1713 1594 1760; x_wconf 83' lang='lat' dir='ltr'><strong>tantam</strong></span> <span class='ocrx_word' id='word_1_202' title='bbox 1663 1706 2023 1763; x_wconf 80' lang='lat' dir='ltr'><strong>liberalitaten</strong></span> 
     </span>
    </p>
   </div>
   <div class='ocr_carea' id='block_1_29' title="bbox 2139 1705 3678 1784">
    <p class='ocr_par' dir='ltr' id='par_1_29' title="bbox 2150 1705 3678 1784">
     <span class='ocr_line' id='line_1_29' title="bbox 2150 1705 3678 1784; baseline 0.005 -25"><span class='ocrx_word' id='word_1_203' title='bbox 2150 1707 2371 1761; x_wconf 71' lang='grc' dir='ltr'><strong>οἰκείων</strong></span> <span class='ocrx_word' id='word_1_204' title='bbox 2393 1708 2439 1739; x_wconf 59' lang='grc' dir='ltr'><strong>ίδ</strong></span> <span class='ocrx_word' id='word_1_205' title='bbox 2470 1705 2855 1779; x_wconf 77' lang='grc' dir='ltr'><strong>συμφυλετῶν)</strong></span> <span class='ocrx_word' id='word_1_206' title='bbox 2889 1708 3163 1781; x_wconf 81' lang='grc' dir='ltr'><strong>τοσαύτην</strong></span> <span class='ocrx_word' id='word_1_207' title='bbox 3189 1710 3528 1777; x_wconf 74' lang='grc' dir='ltr'><strong>ἐπεδείξαντο</strong></span> <span class='ocrx_word' id='word_1_208' title='bbox 3552 1714 3585 1746; x_wconf 80' lang='grc'><strong><em>³³</em></strong></span> <span class='ocrx_word' id='word_1_209' title='bbox 3609 1731 3678 1784; x_wconf 67' lang='lat' dir='ltr'><strong>ipt-</strong></span> 
     </span>
    </p>
   </div>
   <div class='ocr_carea' id='block_1_30' title="bbox 481 1797 2020 1870">
    <p class='ocr_par' dir='ltr' id='par_1_30' title="bbox 481 1805 840 1863">
     <span class='ocr_line' id='line_1_30' title="bbox 481 1805 840 1863; baseline -0.014 0"><span class='ocrx_word' id='word_1_210' title='bbox 481 1805 840 1863; x_wconf 78' lang='lat' dir='ltr'><strong>OSleuderint.</strong></span> 
     </span>
    </p>
   </div>
   <div class='ocr_carea' id='block_1_31' title="bbox 878 1797 2417 1870">
    <p class='ocr_par' dir='ltr' id='par_1_31' title="bbox 2151 1797 2417 1870">
     <span class='ocr_line' id='line_1_31' title="bbox 2151 1797 2417 1870; baseline 0.011 -20"><span class='ocrx_word' id='word_1_211' title='bbox 2151 1797 2417 1870; x_wconf 84' lang='grc' dir='ltr'><strong>λοτιμίαν.</strong></span> 
     </span>
    </p>
   </div>
   <div class='ocr_carea' id='block_1_32' title="bbox 558 1872 2097 1967">
    <p class='ocr_par' dir='ltr' id='par_1_32' title="bbox 558 1872 2097 1960">
     <span class='ocr_line' id='line_1_32' title="bbox 558 1872 2097 1960; baseline -0.003 -14"><span class='ocrx_word' id='word_1_212' title='bbox 558 1896 717 1951; x_wconf 74' lang='lat' dir='ltr'><strong>Vens.</strong></span> <span class='ocrx_word' id='word_1_213' title='bbox 750 1898 805 1960; x_wconf 79' lang='grc'><strong>5,</strong></span> <span class='ocrx_word' id='word_1_214' title='bbox 832 1894 888 1948; x_wconf 71' lang='grc'><strong>4.</strong></span> <span class='ocrx_word' id='word_1_215' title='bbox 929 1913 948 1946; x_wconf 79' lang='grc' dir='ltr'><strong>ι</strong></span> <span class='ocrx_word' id='word_1_216' title='bbox 987 1894 1119 1960; x_wconf 85' lang='lat' dir='ltr'><strong>Quia</strong></span> <span class='ocrx_word' id='word_1_217' title='bbox 1153 1908 1252 1957; x_wconf 90' lang='lat' dir='ltr'><strong>pro</strong></span> <span class='ocrx_word' id='word_1_218' title='bbox 1284 1893 1490 1950; x_wconf 69' lang='lat' dir='ltr'><strong>viribus</strong></span> <span class='ocrx_word' id='word_1_219' title='bbox 1528 1889 1910 1947; x_wconf 69' lang='lat' dir='ltr'><strong>testimonium</strong></span> <span class='ocrx_word' id='word_1_220' title='bbox 1946 1887 2051 1942; x_wconf 83' lang='lat' dir='ltr'><strong>illis</strong></span> <span class='ocrx_word' id='word_1_221' title='bbox 2080 1872 2097 1930; x_wconf 77' lang='grc'><strong>1</strong></span> 
     </span>
    </p>
   </div>
   <div class='ocr_carea' id='block_1_33' title="bbox 2141 1872 3680 1967">
    <p class='ocr_par' dir='ltr' id='par_1_33' title="bbox 2227 1891 3680 1967">
     <span class='ocr_line' id='line_1_33' title="bbox 2227 1891 3680 1967; baseline 0.006 -24"><span class='ocrx_word' id='word_1_222' title='bbox 2227 1910 2247 1943; x_wconf 78' lang='grc' dir='ltr'><strong>ι</strong></span> <span class='ocrx_word' id='word_1_223' title='bbox 2286 1891 2413 1947; x_wconf 85' lang='grc' dir='ltr'><strong>Ὅτι</strong></span> <span class='ocrx_word' id='word_1_224' title='bbox 2447 1891 2590 1946; x_wconf 80' lang='grc' dir='ltr'><strong>κατὰ</strong></span> <span class='ocrx_word' id='word_1_225' title='bbox 2618 1892 2848 1962; x_wconf 88' lang='grc' dir='ltr'><strong>δύναμιν</strong></span> <span class='ocrx_word' id='word_1_226' title='bbox 2885 1892 3169 1966; x_wconf 86' lang='grc' dir='ltr'><strong>μαρτυρῶ,</strong></span> <span class='ocrx_word' id='word_1_227' title='bbox 3201 1896 3300 1949; x_wconf 60' lang='grc' dir='ltr'><strong>καὶ</strong></span> <span class='ocrx_word' id='word_1_228' title='bbox 3332 1894 3470 1967; x_wconf 81' lang='grc' dir='ltr'><strong>ὑπὲρ</strong></span> <span class='ocrx_word' id='word_1_229' title='bbox 3496 1895 3680 1966; x_wconf 75' lang='grc' dir='ltr'><strong>δύναμιν</strong></span> 
     </span>
    </p>
   </div>
   <div class='ocr_carea' id='block_1_34' title="bbox 484 1978 2023 2058">
    <p class='ocr_par' dir='ltr' id='par_1_34' title="bbox 484 1978 2023 2056">
     <span class='ocr_line' id='line_1_34' title="bbox 484 1978 2023 2056; baseline -0.008 -14"><span class='ocrx_word' id='word_1_230' title='bbox 484 1988 673 2051; x_wconf 87' lang='lat' dir='ltr'><strong>reddo,</strong></span> <span class='ocrx_word' id='word_1_231' title='bbox 709 1995 764 2041; x_wconf 92' lang='lat' dir='ltr'><strong>et</strong></span> <span class='ocrx_word' id='word_1_232' title='bbox 792 2000 955 2056; x_wconf 73' lang='lat' dir='ltr'><strong>supra</strong></span> <span class='ocrx_word' id='word_1_233' title='bbox 977 1987 1121 2041; x_wconf 88' lang='lat' dir='ltr'><strong>vires</strong></span> <span class='ocrx_word' id='word_1_234' title='bbox 1156 1983 1712 2047; x_wconf 65' lang='lat' dir='ltr'><strong>volutttariiluerunt,</strong></span> <span class='ocrx_word' id='word_1_235' title='bbox 1736 1996 1858 2036; x_wconf 85' lang='lat' dir='ltr'><strong>cum</strong></span> <span class='ocrx_word' id='word_1_236' title='bbox 1887 1978 2023 2033; x_wconf 77' lang='lat' dir='ltr'><strong>mult;</strong></span> 
     </span>
    </p>
   </div>
   <div class='ocr_carea' id='block_1_35' title="bbox 2139 1978 3678 2058">
    <p class='ocr_par' dir='ltr' id='par_1_35' title="bbox 2154 1983 3678 2058">
     <span class='ocr_line' id='line_1_35' title="bbox 2154 1983 3678 2058; baseline 0.003 -21"><span class='ocrx_word' id='word_1_237' title='bbox 2154 1983 2493 2055; x_wconf 77' lang='grc' dir='ltr'><strong>αὐθαίρετοι,</strong></span> <span class='ocrx_word' id='word_1_238' title='bbox 2548 1988 2695 2056; x_wconf 79' lang='grc' dir='ltr'><strong>μετὰ</strong></span> <span class='ocrx_word' id='word_1_239' title='bbox 2733 1986 2972 2055; x_wconf 55' lang='grc' dir='ltr'><strong>,πολλῆς</strong></span> <span class='ocrx_word' id='word_1_240' title='bbox 3030 1987 3439 2057; x_wconf 82' lang='grc' dir='ltr'><strong>παρακλήσεως</strong></span> <span class='ocrx_word' id='word_1_241' title='bbox 3481 1988 3678 2058; x_wconf 78' lang='grc' dir='ltr'><strong>δεόμενοι</strong></span> 
     </span>
    </p>
   </div>
   <div class='ocr_carea' id='block_1_36' title="bbox 484 2072 2023 2151">
    <p class='ocr_par' dir='ltr' id='par_1_36' title="bbox 484 2074 2023 2143">
     <span class='ocr_line' id='line_1_36' title="bbox 484 2074 2023 2143; baseline -0.006 -8"><span class='ocrx_word' id='word_1_242' title='bbox 484 2079 867 2136; x_wconf 76' lang='lat' dir='ltr'><strong>exhortatione</strong></span> <span class='ocrx_word' id='word_1_243' title='bbox 905 2077 1257 2132; x_wconf 88' lang='lat' dir='ltr'><strong>obsecrantes</strong></span> <span class='ocrx_word' id='word_1_244' title='bbox 1285 2091 1405 2133; x_wconf 90' lang='lat' dir='ltr'><strong>nos.</strong></span> <span class='ocrx_word' id='word_1_245' title='bbox 1443 2093 1464 2129; x_wconf 74' lang='grc' dir='ltr'><strong>ι</strong></span> <span class='ocrx_word' id='word_1_246' title='bbox 1499 2074 1887 2143; x_wconf 82' lang='lat' dir='ltr'><strong>Interpretatur</strong></span> <span class='ocrx_word' id='word_1_247' title='bbox 1909 2086 2023 2142; x_wconf 50' lang='lat' dir='ltr'><strong>quot</strong></span> 
     </span>
    </p>
   </div>
   <div class='ocr_carea' id='block_1_37' title="bbox 2140 2072 3679 2151">
    <p class='ocr_par' dir='ltr' id='par_1_37' title="bbox 2156 2075 3679 2151">
     <span class='ocr_line' id='line_1_37' title="bbox 2156 2075 3679 2151; baseline 0.001 -19"><span class='ocrx_word' id='word_1_248' title='bbox 2156 2078 2335 2147; x_wconf 78' lang='grc' dir='ltr'><strong>ἡμῶν.</strong></span> <span class='ocrx_word' id='word_1_249' title='bbox 2370 2097 2388 2130; x_wconf 80' lang='grc' dir='ltr'><strong>ι</strong></span> <span class='ocrx_word' id='word_1_250' title='bbox 2446 2078 2775 2150; x_wconf 82' lang='grc' dir='ltr'><strong>Ἐρμηνεύει</strong></span> <span class='ocrx_word' id='word_1_251' title='bbox 2824 2078 2853 2132; x_wconf 86' lang='grc' dir='ltr'><strong>ὃ</strong></span> <span class='ocrx_word' id='word_1_252' title='bbox 2892 2075 3041 2144; x_wconf 85' lang='grc' dir='ltr'><strong>εἷπε,</strong></span> <span class='ocrx_word' id='word_1_253' title='bbox 3076 2081 3171 2133; x_wconf 81' lang='grc' dir='ltr'><strong>καί</strong></span> <span class='ocrx_word' id='word_1_254' title='bbox 3225 2096 3421 2149; x_wconf 83' lang='grc' dir='ltr'><strong>φησιν,</strong></span> <span class='ocrx_word' id='word_1_255' title='bbox 3453 2080 3528 2133; x_wconf 79' lang='grc' dir='ltr'><strong>ὅτι</strong></span> <span class='ocrx_word' id='word_1_256' title='bbox 3572 2082 3679 2151; x_wconf 57' lang='lat' dir='ltr'><strong>“(ira</strong></span> 
     </span>
    </p>
   </div>
   <div class='ocr_carea' id='block_1_38' title="bbox 486 2163 2025 2243">
    <p class='ocr_par' dir='ltr' id='par_1_38' title="bbox 486 2163 1999 2237">
     <span class='ocr_line' id='line_1_38' title="bbox 486 2163 1999 2237; baseline -0.006 -11"><span class='ocrx_word' id='word_1_257' title='bbox 486 2173 644 2237; x_wconf 72' lang='lat' dir='ltr'><strong>dixit,</strong></span> <span class='ocrx_word' id='word_1_258' title='bbox 672 2170 772 2224; x_wconf 78' lang='lat' dir='ltr'><strong>Pro</strong></span> <span class='ocrx_word' id='word_1_259' title='bbox 793 2168 1022 2232; x_wconf 82' lang='lat' dir='ltr'><strong>viribus,</strong></span> <span class='ocrx_word' id='word_1_260' title='bbox 1051 2169 1317 2237; x_wconf 71' lang='lat' dir='ltr'><strong>inquiens,</strong></span> <span class='ocrx_word' id='word_1_261' title='bbox 1362 2168 1469 2221; x_wconf 89' lang='lat' dir='ltr'><strong>imo</strong></span> <span class='ocrx_word' id='word_1_262' title='bbox 1495 2186 1514 2219; x_wconf 83' lang='grc' dir='ltr'><strong>ι</strong></span> <span class='ocrx_word' id='word_1_263' title='bbox 1534 2163 1999 2233; x_wconf 65' lang='grc' dir='ltr'><strong>ιιῖιεειιρια-νὶτεεε</strong></span> 
     </span>
    </p>
   </div>
   <div class='ocr_carea' id='block_1_39' title="bbox 2144 2163 3683 2243">
    <p class='ocr_par' dir='ltr' id='par_1_39' title="bbox 2154 2169 3683 2243">
     <span class='ocr_line' id='line_1_39' title="bbox 2154 2169 3683 2243; baseline 0.001 -20"><span class='ocrx_word' id='word_1_264' title='bbox 2154 2169 2406 2240; x_wconf 81' lang='grc' dir='ltr'><strong>δύναμις,</strong></span> <span class='ocrx_word' id='word_1_265' title='bbox 2466 2170 2669 2241; x_wconf 76' lang='grc' dir='ltr'><strong>μᾶλλον</strong></span> <span class='ocrx_word' id='word_1_266' title='bbox 2717 2171 2774 2225; x_wconf 82' lang='grc' dir='ltr'><strong>δὲ</strong></span> <span class='ocrx_word' id='word_1_267' title='bbox 2824 2189 2842 2222; x_wconf 77' lang='grc' dir='ltr'><strong>ι</strong></span> <span class='ocrx_word' id='word_1_268' title='bbox 2900 2171 2995 2225; x_wconf 68' lang='grc' dir='ltr'><strong>καὶ</strong></span> <span class='ocrx_word' id='word_1_269' title='bbox 3035 2172 3175 2243; x_wconf 73' lang='grc' dir='ltr'><strong>ὑπὲρ</strong></span> <span class='ocrx_word' id='word_1_270' title='bbox 3214 2170 3480 2241; x_wconf 86' lang='grc' dir='ltr'><strong>δύναμιν·</strong></span> <span class='ocrx_word' id='word_1_271' title='bbox 3515 2189 3532 2222; x_wconf 77' lang='grc' dir='ltr'><strong>ι</strong></span> <span class='ocrx_word' id='word_1_272' title='bbox 3561 2172 3683 2224; x_wconf 74' lang='grc' dir='ltr'><strong>τοῦτο</strong></span> 
     </span>
    </p>
   </div>
   <div class='ocr_carea' id='block_1_40' title="bbox 492 2253 2031 2335">
    <p class='ocr_par' dir='ltr' id='par_1_40' title="bbox 492 2253 2031 2331">
     <span class='ocr_line' id='line_1_40' title="bbox 492 2253 2031 2331; baseline -0.006 -13"><span class='ocrx_word' id='word_1_273' title='bbox 492 2266 591 2318; x_wconf 89' lang='lat' dir='ltr'><strong>hoc</strong></span> <span class='ocrx_word' id='word_1_274' title='bbox 614 2263 759 2317; x_wconf 87' lang='lat' dir='ltr'><strong>enim</strong></span> <span class='ocrx_word' id='word_1_275' title='bbox 786 2260 1020 2331; x_wconf 83' lang='lat' dir='ltr'><strong>appellat</strong></span> <span class='ocrx_word' id='word_1_276' title='bbox 1048 2260 1463 2315; x_wconf 76' lang='lat' dir='ltr'><strong>exuberantiam</strong></span> <span class='ocrx_word' id='word_1_277' title='bbox 1487 2257 1873 2326; x_wconf 74' lang='lat' dir='ltr'><strong>simplicitatis,</strong></span> <span class='ocrx_word' id='word_1_278' title='bbox 1899 2273 1919 2306; x_wconf 79' lang='grc' dir='ltr'><strong>ι</strong></span> <span class='ocrx_word' id='word_1_279' title='bbox 1946 2253 2031 2309; x_wconf 90' lang='lat' dir='ltr'><strong>.Su</strong></span> 
     </span>
    </p>
   </div>
   <div class='ocr_carea' id='block_1_41' title="bbox 2143 2253 3682 2335">
    <p class='ocr_par' dir='ltr' id='par_1_41' title="bbox 2156 2261 3682 2335">
     <span class='ocr_line' id='line_1_41' title="bbox 2156 2261 3682 2335; baseline 0.003 -21"><span class='ocrx_word' id='word_1_280' title='bbox 2156 2261 2265 2332; x_wconf 82' lang='grc' dir='ltr'><strong>γὰρ</strong></span> <span class='ocrx_word' id='word_1_281' title='bbox 2288 2264 2331 2333; x_wconf 80' lang='grc' dir='ltr'><strong>-ή</strong></span> <span class='ocrx_word' id='word_1_282' title='bbox 2370 2262 2661 2332; x_wconf 73' lang='grc' dir='ltr'><strong>περισσεία</strong></span> <span class='ocrx_word' id='word_1_283' title='bbox 2684 2262 2783 2329; x_wconf 82' lang='grc' dir='ltr'><strong>τῆς</strong></span> <span class='ocrx_word' id='word_1_284' title='bbox 2820 2263 3149 2331; x_wconf 78' lang='grc' dir='ltr'><strong>ἁπλότητος,</strong></span> <span class='ocrx_word' id='word_1_285' title='bbox 3212 2263 3297 2328; x_wconf 77' lang='grc' dir='ltr'><strong>τὸ,</strong></span> <span class='ocrx_word' id='word_1_286' title='bbox 3338 2283 3359 2314; x_wconf 76' lang='grc' dir='ltr'><strong>ι</strong></span> <span class='ocrx_word' id='word_1_287' title='bbox 3401 2263 3529 2335; x_wconf 79' lang='grc' dir='ltr'><strong>ὑπὲρ</strong></span> <span class='ocrx_word' id='word_1_288' title='bbox 3558 2263 3682 2318; x_wconf 77' lang='grc' dir='ltr'><strong>δύνα-</strong></span> 
     </span>
    </p>
   </div>
   <div class='ocr_carea' id='block_1_42' title="bbox 485 2347 2024 2425">
    <p class='ocr_par' dir='ltr' id='par_1_42' title="bbox 485 2347 1995 2424">
     <span class='ocr_line' id='line_1_42' title="bbox 485 2347 1995 2424; baseline -0.005 -16"><span class='ocrx_word' id='word_1_289' title='bbox 485 2371 580 2424; x_wconf 87' lang='lat' dir='ltr'><strong>pra</strong></span> <span class='ocrx_word' id='word_1_290' title='bbox 635 2357 796 2415; x_wconf 88' lang='lat' dir='ltr'><strong>vires,</strong></span> <span class='ocrx_word' id='word_1_291' title='bbox 834 2371 854 2405; x_wconf 71' lang='grc' dir='ltr'><strong>ι</strong></span> <span class='ocrx_word' id='word_1_292' title='bbox 904 2353 1146 2421; x_wconf 90' lang='lat' dir='ltr'><strong>inquam.</strong></span> <span class='ocrx_word' id='word_1_293' title='bbox 1187 2352 1328 2418; x_wconf 87' lang='lat' dir='ltr'><strong>Quin</strong></span> <span class='ocrx_word' id='word_1_294' title='bbox 1375 2351 1536 2407; x_wconf 87' lang='lat' dir='ltr'><strong>etiam</strong></span> <span class='ocrx_word' id='word_1_295' title='bbox 1576 2365 1681 2403; x_wconf 87' lang='lat' dir='ltr'><strong>non</strong></span> <span class='ocrx_word' id='word_1_296' title='bbox 1735 2347 1995 2403; x_wconf 85' lang='lat' dir='ltr'><strong>admoniti</strong></span> 
     </span>
    </p>
   </div>
   <div class='ocr_carea' id='block_1_43' title="bbox 2143 2347 3682 2425">
    <p class='ocr_par' dir='ltr' id='par_1_43' title="bbox 2159 2353 3682 2425">
     <span class='ocr_line' id='line_1_43' title="bbox 2159 2353 3682 2425; baseline 0.002 -21"><span class='ocrx_word' id='word_1_297' title='bbox 2159 2370 2274 2424; x_wconf 85' lang='grc' dir='ltr'><strong>μιν,</strong></span> <span class='ocrx_word' id='word_1_298' title='bbox 2321 2372 2340 2404; x_wconf 71' lang='grc' dir='ltr'><strong>ι</strong></span> <span class='ocrx_word' id='word_1_299' title='bbox 2400 2353 2588 2424; x_wconf 80' lang='grc' dir='ltr'><strong>φησίν.</strong></span> <span class='ocrx_word' id='word_1_300' title='bbox 2625 2353 2807 2407; x_wconf 79' lang='grc' dir='ltr'><strong>Ἀλλὰ</strong></span> <span class='ocrx_word' id='word_1_301' title='bbox 2853 2355 2956 2406; x_wconf 60' lang='grc' dir='ltr'><strong>ικαὶ</strong></span> <span class='ocrx_word' id='word_1_302' title='bbox 3018 2354 3160 2425; x_wconf 73' lang='grc' dir='ltr'><strong>μηδὲ</strong></span> <span class='ocrx_word' id='word_1_303' title='bbox 3213 2354 3257 2387; x_wconf 76' lang='grc'>⁵⁸</span> <span class='ocrx_word' id='word_1_304' title='bbox 3313 2355 3682 2425; x_wconf 59' lang='grc' dir='ltr'><strong>προτραπέντας</strong></span> 
     </span>
    </p>
   </div>
   <div class='ocr_carea' id='block_1_44' title="bbox 490 2439 2029 2518">
    <p class='ocr_par' dir='ltr' id='par_1_44' title="bbox 490 2440 2029 2514">
     <span class='ocr_line' id='line_1_44' title="bbox 490 2440 2029 2514; baseline -0.005 -13"><span class='ocrx_word' id='word_1_305' title='bbox 490 2448 663 2513; x_wconf 88' lang='lat' dir='ltr'><strong>nobis,</strong></span> <span class='ocrx_word' id='word_1_306' title='bbox 698 2447 827 2511; x_wconf 88' lang='lat' dir='ltr'><strong>sed,</strong></span> <span class='ocrx_word' id='word_1_307' title='bbox 868 2461 887 2496; x_wconf 84' lang='grc' dir='ltr'><strong>ι</strong></span> <span class='ocrx_word' id='word_1_308' title='bbox 941 2443 1261 2499; x_wconf 82' lang='lat' dir='ltr'><strong>Voluntarii.</strong></span> <span class='ocrx_word' id='word_1_309' title='bbox 1294 2462 1313 2495; x_wconf 73' lang='grc' dir='ltr'><strong>ι</strong></span> <span class='ocrx_word' id='word_1_310' title='bbox 1350 2443 1416 2498; x_wconf 86' lang='lat' dir='ltr'><strong>Et</strong></span> <span class='ocrx_word' id='word_1_311' title='bbox 1445 2443 1575 2514; x_wconf 83' lang='lat' dir='ltr'><strong>quid</strong></span> <span class='ocrx_word' id='word_1_312' title='bbox 1620 2441 1726 2495; x_wconf 87' lang='lat' dir='ltr'><strong>hoc</strong></span> <span class='ocrx_word' id='word_1_313' title='bbox 1773 2440 1932 2496; x_wconf 84' lang='lat' dir='ltr'><strong>dico?</strong></span> <span class='ocrx_word' id='word_1_314' title='bbox 1977 2440 2029 2493; x_wconf 88' lang='lat' dir='ltr'><strong>ill</strong></span> 
     </span>
    </p>
   </div>
   <div class='ocr_carea' id='block_1_45' title="bbox 2142 2439 3681 2518">
    <p class='ocr_par' dir='ltr' id='par_1_45' title="bbox 2156 2446 3681 2518">
     <span class='ocr_line' id='line_1_45' title="bbox 2156 2446 3681 2518; baseline 0 -19"><span class='ocrx_word' id='word_1_315' title='bbox 2156 2447 2289 2517; x_wconf 80' lang='grc' dir='ltr'><strong>παρ’</strong></span> <span class='ocrx_word' id='word_1_316' title='bbox 2312 2446 2489 2516; x_wconf 81' lang='grc' dir='ltr'><strong>ἡμῶν,</strong></span> <span class='ocrx_word' id='word_1_317' title='bbox 2519 2446 2680 2501; x_wconf 65' lang='grc' dir='ltr'><strong>ἀλλ’νι</strong></span> <span class='ocrx_word' id='word_1_318' title='bbox 2713 2446 3049 2518; x_wconf 74' lang='grc' dir='ltr'><strong>αὐθαίρετοι.</strong></span> <span class='ocrx_word' id='word_1_319' title='bbox 3090 2467 3108 2499; x_wconf 77' lang='grc' dir='ltr'><strong>ι</strong></span> <span class='ocrx_word' id='word_1_320' title='bbox 3145 2447 3256 2501; x_wconf 78' lang='grc' dir='ltr'><strong>Καὶ</strong></span> <span class='ocrx_word' id='word_1_321' title='bbox 3284 2446 3343 2500; x_wconf 82' lang='grc' dir='ltr'><strong>τί</strong></span> <span class='ocrx_word' id='word_1_322' title='bbox 3374 2446 3521 2499; x_wconf 71' lang='grc' dir='ltr'><strong>τοίτο</strong></span> <span class='ocrx_word' id='word_1_323' title='bbox 3545 2447 3681 2514; x_wconf 64' lang='grc' dir='ltr'><strong>λέγως</strong></span> 
     </span>
    </p>
   </div>
   <div class='ocr_carea' id='block_1_46' title="bbox 488 2529 2027 2610">
    <p class='ocr_par' dir='ltr' id='par_1_46' title="bbox 488 2529 2027 2608">
     <span class='ocr_line' id='line_1_46' title="bbox 488 2529 2027 2608; baseline -0.005 -18"><span class='ocrx_word' id='word_1_324' title='bbox 488 2538 586 2608; x_wconf 76' lang='lat' dir='ltr'><strong>ipsi</strong></span> <span class='ocrx_word' id='word_1_325' title='bbox 620 2537 846 2590; x_wconf 89' lang='lat' dir='ltr'><strong>multum</strong></span> <span class='ocrx_word' id='word_1_326' title='bbox 882 2534 1316 2589; x_wconf 85' lang='lat' dir='ltr'><strong>adbortabautur</strong></span> <span class='ocrx_word' id='word_1_327' title='bbox 1346 2547 1450 2588; x_wconf 82' lang='lat' dir='ltr'><strong>nos</strong></span> <span class='ocrx_word' id='word_1_328' title='bbox 1494 2541 1548 2587; x_wconf 93' lang='lat' dir='ltr'><strong>et</strong></span> <span class='ocrx_word' id='word_1_329' title='bbox 1595 2531 1879 2602; x_wconf 78' lang='lat' dir='ltr'><strong>rogabant.</strong></span> <span class='ocrx_word' id='word_1_330' title='bbox 1931 2529 2027 2584; x_wconf 62' lang='grc' dir='ltr'><strong>Περι</strong></span> 
     </span>
    </p>
   </div>
   <div class='ocr_carea' id='block_1_47' title="bbox 2145 2529 3684 2610">
    <p class='ocr_par' dir='ltr' id='par_1_47' title="bbox 2157 2531 3684 2610">
     <span class='ocr_line' id='line_1_47' title="bbox 2157 2531 3684 2610; baseline -0.002 -18"><span class='ocrx_word' id='word_1_331' title='bbox 2157 2539 2324 2593; x_wconf 73' lang='grc' dir='ltr'><strong>Αὐτοὶ</strong></span> <span class='ocrx_word' id='word_1_332' title='bbox 2356 2538 2457 2608; x_wconf 84' lang='grc' dir='ltr'><strong>μὲν</strong></span> <span class='ocrx_word' id='word_1_333' title='bbox 2491 2533 2585 2592; x_wconf 80' lang='grc' dir='ltr'><strong>οὖν</strong></span> <span class='ocrx_word' id='word_1_334' title='bbox 2614 2531 2815 2592; x_wconf 71' lang='grc' dir='ltr'><strong>ἐιὲεῑνοι</strong></span> <span class='ocrx_word' id='word_1_335' title='bbox 2850 2538 3053 2610; x_wconf 80' lang='grc' dir='ltr'><strong>πολλὴν</strong></span> <span class='ocrx_word' id='word_1_336' title='bbox 3070 2539 3427 2609; x_wconf 79' lang='grc' dir='ltr'><strong>παράκλησιν</strong></span> <span class='ocrx_word' id='word_1_337' title='bbox 3451 2539 3684 2609; x_wconf 77' lang='grc' dir='ltr'><strong>εἰσφέρον-</strong></span> 
     </span>
    </p>
   </div>
   <div class='ocr_carea' id='block_1_48' title="bbox 487 2624 2026 2701">
    <p class='ocr_par' dir='ltr' id='par_1_48' title="bbox 487 2624 2026 2696">
     <span class='ocr_line' id='line_1_48' title="bbox 487 2624 2026 2696; baseline -0.006 -12"><span class='ocrx_word' id='word_1_338' title='bbox 487 2640 664 2684; x_wconf 84' lang='lat' dir='ltr'><strong>autem</strong></span> <span class='ocrx_word' id='word_1_339' title='bbox 700 2630 851 2694; x_wconf 83' lang='lat' dir='ltr'><strong>dicit,</strong></span> <span class='ocrx_word' id='word_1_340' title='bbox 883 2636 940 2681; x_wconf 91' lang='lat' dir='ltr'><strong>ut</strong></span> <span class='ocrx_word' id='word_1_341' title='bbox 970 2627 1119 2696; x_wconf 87' lang='lat' dir='ltr'><strong>ipsos</strong></span> <span class='ocrx_word' id='word_1_342' title='bbox 1138 2625 1302 2680; x_wconf 89' lang='lat' dir='ltr'><strong>etiam</strong></span> <span class='ocrx_word' id='word_1_343' title='bbox 1327 2624 1779 2681; x_wconf 77' lang='lat' dir='ltr'><strong>commonefaciat</strong></span> <span class='ocrx_word' id='word_1_344' title='bbox 1807 2638 1913 2678; x_wconf 90' lang='lat' dir='ltr'><strong>non</strong></span> <span class='ocrx_word' id='word_1_345' title='bbox 1947 2633 2026 2676; x_wconf 86' lang='lat' dir='ltr'><strong>tan</strong></span> 
     </span>
    </p>
   </div>
   <div class='ocr_carea' id='block_1_49' title="bbox 2146 2624 3685 2701">
    <p class='ocr_par' dir='ltr' id='par_1_49' title="bbox 2156 2630 3685 2701">
     <span class='ocr_line' id='line_1_49' title="bbox 2156 2630 3685 2701; baseline -0.002 -17"><span class='ocrx_word' id='word_1_346' title='bbox 2156 2648 2270 2695; x_wconf 89' lang='grc' dir='ltr'><strong>τες,</strong></span> <span class='ocrx_word' id='word_1_347' title='bbox 2307 2632 2400 2684; x_wconf 76' lang='grc' dir='ltr'><strong>καὶ</strong></span> <span class='ocrx_word' id='word_1_348' title='bbox 2448 2630 2697 2699; x_wconf 87' lang='grc' dir='ltr'><strong>δεόμενοι</strong></span> <span class='ocrx_word' id='word_1_349' title='bbox 2734 2630 2913 2701; x_wconf 77' lang='grc' dir='ltr'><strong>ἡμῶν,</strong></span> <span class='ocrx_word' id='word_1_350' title='bbox 2950 2630 3137 2683; x_wconf 79' lang='grc' dir='ltr'><strong>Ταῦτα</strong></span> <span class='ocrx_word' id='word_1_351' title='bbox 3180 2630 3238 2682; x_wconf 81' lang='grc' dir='ltr'><strong>δὲ</strong></span> <span class='ocrx_word' id='word_1_352' title='bbox 3303 2630 3476 2700; x_wconf 80' lang='grc' dir='ltr'><strong>λέγει,</strong></span> <span class='ocrx_word' id='word_1_353' title='bbox 3511 2631 3583 2682; x_wconf 70' lang='grc' dir='ltr'><strong>ἵνα</strong></span> <span class='ocrx_word' id='word_1_354' title='bbox 3616 2630 3685 2681; x_wconf 65' lang='grc' dir='ltr'><strong>καὶ</strong></span> 
     </span>
    </p>
   </div>
   <div class='ocr_carea' id='block_1_50' title="bbox 491 2712 2030 2793">
    <p class='ocr_par' dir='ltr' id='par_1_50' title="bbox 491 2712 2030 2783">
     <span class='ocr_line' id='line_1_50' title="bbox 491 2712 2030 2783; baseline -0.001 -14"><span class='ocrx_word' id='word_1_355' title='bbox 491 2716 654 2769; x_wconf 89' lang='lat' dir='ltr'><strong>multa</strong></span> <span class='ocrx_word' id='word_1_356' title='bbox 684 2716 832 2778; x_wconf 86' lang='lat' dir='ltr'><strong>dare,</strong></span> <span class='ocrx_word' id='word_1_357' title='bbox 866 2728 1028 2782; x_wconf 82' lang='lat' dir='ltr'><strong>quant</strong></span> <span class='ocrx_word' id='word_1_358' title='bbox 1060 2728 1183 2767; x_wconf 90' lang='lat' dir='ltr'><strong>cum</strong></span> <span class='ocrx_word' id='word_1_359' title='bbox 1216 2712 1517 2769; x_wconf 86' lang='lat' dir='ltr'><strong>alacritate.</strong></span> <span class='ocrx_word' id='word_1_360' title='bbox 1569 2714 1805 2783; x_wconf 87' lang='lat' dir='ltr'><strong>Ideoque</strong></span> <span class='ocrx_word' id='word_1_361' title='bbox 1847 2715 1899 2769; x_wconf 88' lang='lat' dir='ltr'><strong>in</strong></span> <span class='ocrx_word' id='word_1_362' title='bbox 1928 2728 2030 2769; x_wconf 79' lang='lat' dir='ltr'><strong>ser</strong></span> 
     </span>
    </p>
   </div>
   <div class='ocr_carea' id='block_1_51' title="bbox 2145 2712 3684 2793">
    <p class='ocr_par' dir='ltr' id='par_1_51' title="bbox 2161 2721 3684 2793">
     <span class='ocr_line' id='line_1_51' title="bbox 2161 2721 3684 2793; baseline -0.001 -16"><span class='ocrx_word' id='word_1_363' title='bbox 2161 2722 2358 2785; x_wconf 79' lang='grc' dir='ltr'><strong>αὐτοὺς</strong></span> <span class='ocrx_word' id='word_1_364' title='bbox 2394 2722 2771 2793; x_wconf 79' lang='grc' dir='ltr'><strong>προτρέψηται</strong></span> <span class='ocrx_word' id='word_1_365' title='bbox 2804 2722 2866 2774; x_wconf 83' lang='grc' dir='ltr'><strong>ού</strong></span> <span class='ocrx_word' id='word_1_366' title='bbox 2895 2723 3149 2775; x_wconf 80' lang='grc' dir='ltr'><strong>τοσοῦτον</strong></span> <span class='ocrx_word' id='word_1_367' title='bbox 3177 2724 3259 2785; x_wconf 83' lang='grc' dir='ltr'><strong>εἰς</strong></span> <span class='ocrx_word' id='word_1_368' title='bbox 3292 2724 3361 2775; x_wconf 83' lang='grc' dir='ltr'><strong>τὸ</strong></span> <span class='ocrx_word' id='word_1_369' title='bbox 3408 2721 3563 2775; x_wconf 76' lang='grc' dir='ltr'><strong>πολλὰ</strong></span> <span class='ocrx_word' id='word_1_370' title='bbox 3592 2722 3684 2775; x_wconf 74' lang='grc' dir='ltr'><strong>δοῦ-</strong></span> 
     </span>
    </p>
   </div>
   <div class='ocr_carea' id='block_1_52' title="bbox 491 2802 3687 2887">
    <p class='ocr_par' dir='ltr' id='par_1_52' title="bbox 491 2802 3687 2887">
     <span class='ocr_line' id='line_1_52' title="bbox 491 2802 3687 2887; baseline -0.003 -12"><span class='ocrx_word' id='word_1_371' title='bbox 491 2819 650 2860; x_wconf 68' lang='lat' dir='ltr'><strong>&quot;Wne</strong></span> <span class='ocrx_word' id='word_1_372' title='bbox 689 2805 756 2858; x_wconf 67' lang='lat' dir='ltr'><strong>de</strong></span> <span class='ocrx_word' id='word_1_373' title='bbox 776 2803 878 2857; x_wconf 67' lang='lat' dir='ltr'><strong>hac</strong></span> <span class='ocrx_word' id='word_1_374' title='bbox 906 2815 965 2858; x_wconf 69' lang='grc' dir='ltr'><strong>τε</strong></span> <span class='ocrx_word' id='word_1_375' title='bbox 993 2802 1338 2857; x_wconf 66' lang='grc' dir='ltr'><strong>ίιηιηοτθωτο</strong></span> <span class='ocrx_word' id='word_1_376' title='bbox 2159 2829 2270 2876; x_wconf 80' lang='grc' dir='ltr'><strong>ναι,</strong></span> <span class='ocrx_word' id='word_1_377' title='bbox 2297 2813 2424 2867; x_wconf 84' lang='grc' dir='ltr'><strong>ὅσον</strong></span> <span class='ocrx_word' id='word_1_378' title='bbox 2452 2815 2533 2876; x_wconf 78' lang='grc' dir='ltr'><strong>είς</strong></span> <span class='ocrx_word' id='word_1_379' title='bbox 2563 2813 2623 2865; x_wconf 84' lang='grc' dir='ltr'><strong>τὸ</strong></span> <span class='ocrx_word' id='word_1_380' title='bbox 2679 2813 2826 2883; x_wconf 80' lang='grc' dir='ltr'><strong>μετὰ</strong></span> <span class='ocrx_word' id='word_1_381' title='bbox 2856 2813 3183 2885; x_wconf 77' lang='grc' dir='ltr'><strong>προθυμίας.</strong></span> <span class='ocrx_word' id='word_1_382' title='bbox 3222 2814 3317 2867; x_wconf 81' lang='grc' dir='ltr'><strong>Διὸ</strong></span> <span class='ocrx_word' id='word_1_383' title='bbox 3355 2816 3449 2869; x_wconf 76' lang='grc' dir='ltr'><strong>καὶ</strong></span> <span class='ocrx_word' id='word_1_384' title='bbox 3473 2813 3687 2887; x_wconf 78' lang='grc' dir='ltr'><strong>ἐνδιατρί-</strong></span> 
     </span>
    </p>
   </div>
   <div class='ocr_carea' id='block_1_53' title="bbox 2161 2901 2935 2975">
    <p class='ocr_par' dir='ltr' id='par_1_53' title="bbox 2161 2901 2935 2975">
     <span class='ocr_line' id='line_1_53' title="bbox 2161 2901 2935 2975; baseline 0.005 -22"><span class='ocrx_word' id='word_1_385' title='bbox 2161 2901 2247 2955; x_wconf 81' lang='grc' dir='ltr'><strong>6ει</strong></span> <span class='ocrx_word' id='word_1_386' title='bbox 2279 2903 2355 2974; x_wconf 84' lang='grc' dir='ltr'><strong>τῷ</strong></span> <span class='ocrx_word' id='word_1_387' title='bbox 2386 2904 2517 2974; x_wconf 72' lang='grc' dir='ltr'><strong>περὶ</strong></span> <span class='ocrx_word' id='word_1_388' title='bbox 2545 2903 2739 2957; x_wconf 86' lang='grc' dir='ltr'><strong>τούτου</strong></span> <span class='ocrx_word' id='word_1_389' title='bbox 2771 2904 2935 2975; x_wconf 65' lang='grc' dir='ltr'><strong>λόγῳ.</strong></span> 
     </span>
    </p>
   </div>
   <div class='ocr_carea' id='block_1_54' title="bbox 561 2984 2100 3067">
    <p class='ocr_par' dir='ltr' id='par_1_54' title="bbox 561 2984 2058 3060">
     <span class='ocr_line' id='line_1_54' title="bbox 561 2984 2058 3060; baseline 0.001 -19"><span class='ocrx_word' id='word_1_390' title='bbox 561 2986 728 3060; x_wconf 68' lang='grc'><strong>284</strong></span> <span class='ocrx_word' id='word_1_391' title='bbox 762 3005 784 3041; x_wconf 77' lang='grc' dir='ltr'><strong>ι</strong></span> <span class='ocrx_word' id='word_1_392' title='bbox 810 2984 1063 3043; x_wconf 79' lang='lat' dir='ltr'><strong>Gratiam</strong></span> <span class='ocrx_word' id='word_1_393' title='bbox 1098 2995 1152 3042; x_wconf 90' lang='lat' dir='ltr'><strong>et</strong></span> <span class='ocrx_word' id='word_1_394' title='bbox 1182 2984 1729 3042; x_wconf 84' lang='lat' dir='ltr'><strong>communicationem</strong></span> <span class='ocrx_word' id='word_1_395' title='bbox 1773 2987 2058 3043; x_wconf 87' lang='lat' dir='ltr'><strong>ministerii</strong></span> 
     </span>
    </p>
   </div>
   <div class='ocr_carea' id='block_1_55' title="bbox 2146 2984 3685 3067">
    <p class='ocr_par' dir='ltr' id='par_1_55' title="bbox 2236 2995 3685 3067">
     <span class='ocr_line' id='line_1_55' title="bbox 2236 2995 3685 3067; baseline 0 -21"><span class='ocrx_word' id='word_1_396' title='bbox 2236 3013 2254 3045; x_wconf 83' lang='grc' dir='ltr'><strong>ι</strong></span> <span class='ocrx_word' id='word_1_397' title='bbox 2307 2995 2420 3065; x_wconf 81' lang='grc' dir='ltr'><strong>Τὴν</strong></span> <span class='ocrx_word' id='word_1_398' title='bbox 2457 2996 2619 3066; x_wconf 80' lang='grc' dir='ltr'><strong>χάριν</strong></span> <span class='ocrx_word' id='word_1_399' title='bbox 2655 2997 2748 3049; x_wconf 77' lang='grc' dir='ltr'><strong>καὶ</strong></span> <span class='ocrx_word' id='word_1_400' title='bbox 2771 2997 2868 3054; x_wconf 74' lang='grc' dir='ltr'><strong>τὴν</strong></span> <span class='ocrx_word' id='word_1_401' title='bbox 2894 2996 3179 3050; x_wconf 80' lang='grc' dir='ltr'><strong>κοινωνίαν</strong></span> <span class='ocrx_word' id='word_1_402' title='bbox 3200 2996 3311 3067; x_wconf 75' lang='grc' dir='ltr'><strong>ετῆς</strong></span> <span class='ocrx_word' id='word_1_403' title='bbox 3338 2995 3685 3064; x_wconf 79' lang='grc' dir='ltr'><strong>διακονίαςτῆς</strong></span> 
     </span>
    </p>
   </div>
   <div class='ocr_carea' id='block_1_56' title="bbox 492 3079 2031 3158">
    <p class='ocr_par' dir='ltr' id='par_1_56' title="bbox 492 3079 2029 3153">
     <span class='ocr_line' id='line_1_56' title="bbox 492 3079 2029 3153; baseline -0.001 -15"><span class='ocrx_word' id='word_1_404' title='bbox 492 3088 634 3153; x_wconf 87' lang='lat' dir='ltr'><strong>quod</strong></span> <span class='ocrx_word' id='word_1_405' title='bbox 687 3082 748 3136; x_wconf 86' lang='lat' dir='ltr'><strong>lit</strong></span> <span class='ocrx_word' id='word_1_406' title='bbox 803 3083 857 3137; x_wconf 92' lang='lat' dir='ltr'><strong>in</strong></span> <span class='ocrx_word' id='word_1_407' title='bbox 904 3092 1144 3138; x_wconf 86' lang='lat' dir='ltr'><strong>sanctos.</strong></span> <span class='ocrx_word' id='word_1_408' title='bbox 1184 3098 1203 3133; x_wconf 77' lang='grc' dir='ltr'><strong>ι</strong></span> <span class='ocrx_word' id='word_1_409' title='bbox 1243 3080 1422 3148; x_wconf 83' lang='lat' dir='ltr'><strong>Deest,</strong></span> <span class='ocrx_word' id='word_1_410' title='bbox 1465 3079 1905 3136; x_wconf 78' lang='lat' dir='ltr'><strong>Adhortabantur</strong></span> <span class='ocrx_word' id='word_1_411' title='bbox 1960 3096 2029 3136; x_wconf 90' lang='lat' dir='ltr'><strong>no</strong></span> 
     </span>
    </p>
   </div>
   <div class='ocr_carea' id='block_1_57' title="bbox 2149 3079 3688 3158">
    <p class='ocr_par' dir='ltr' id='par_1_57' title="bbox 2161 3088 3688 3158">
     <span class='ocr_line' id='line_1_57' title="bbox 2161 3088 3688 3158; baseline 0.001 -18"><span class='ocrx_word' id='word_1_412' title='bbox 2161 3088 2241 3150; x_wconf 82' lang='grc' dir='ltr'><strong>είς</strong></span> <span class='ocrx_word' id='word_1_413' title='bbox 2276 3089 2401 3152; x_wconf 70' lang='grc' dir='ltr'><strong>τοὺς</strong></span> <span class='ocrx_word' id='word_1_414' title='bbox 2456 3089 2672 3156; x_wconf 79' lang='grc' dir='ltr'><strong>ἁγίους.</strong></span> <span class='ocrx_word' id='word_1_415' title='bbox 2723 3107 2743 3141; x_wconf 70' lang='grc' dir='ltr'><strong>ι</strong></span> <span class='ocrx_word' id='word_1_416' title='bbox 2805 3090 2995 3143; x_wconf 87' lang='grc' dir='ltr'><strong>Δείπει</strong></span> <span class='ocrx_word' id='word_1_417' title='bbox 3048 3090 3129 3153; x_wconf 81' lang='grc' dir='ltr'><strong>τὸ,</strong></span> <span class='ocrx_word' id='word_1_418' title='bbox 3183 3090 3532 3158; x_wconf 82' lang='grc' dir='ltr'><strong>Παρεκάλουν</strong></span> <span class='ocrx_word' id='word_1_419' title='bbox 3575 3091 3688 3157; x_wconf 68' lang='grc' dir='ltr'><strong>ἡμᾶς</strong></span> 
     </span>
    </p>
   </div>
   <div class='ocr_carea' id='block_1_58' title="bbox 494 3172 2033 3273">
    <p class='ocr_par' dir='ltr' id='par_1_58' title="bbox 494 3172 2033 3245">
     <span class='ocr_line' id='line_1_58' title="bbox 494 3172 2033 3245; baseline -0.003 -13"><span class='ocrx_word' id='word_1_420' title='bbox 494 3176 768 3245; x_wconf 84' lang='lat' dir='ltr'><strong>suscipere</strong></span> <span class='ocrx_word' id='word_1_421' title='bbox 823 3176 1181 3230; x_wconf 87' lang='lat' dir='ltr'><strong>ministerium</strong></span> <span class='ocrx_word' id='word_1_422' title='bbox 1236 3176 1357 3230; x_wconf 91' lang='lat' dir='ltr'><strong>hoc.</strong></span> <span class='ocrx_word' id='word_1_423' title='bbox 1423 3192 1442 3227; x_wconf 85' lang='grc' dir='ltr'><strong>ι</strong></span> <span class='ocrx_word' id='word_1_424' title='bbox 1498 3172 1740 3229; x_wconf 86' lang='lat' dir='ltr'><strong>Gratiam</strong></span> <span class='ocrx_word' id='word_1_425' title='bbox 1795 3192 1814 3224; x_wconf 80' lang='grc' dir='ltr'><strong>ι</strong></span> <span class='ocrx_word' id='word_1_426' title='bbox 1877 3183 2033 3229; x_wconf 90' lang='lat' dir='ltr'><strong>auten</strong></span> 
     </span>
    </p>
   </div>
   <div class='ocr_carea' id='block_1_59' title="bbox 2145 3172 3684 3273">
    <p class='ocr_par' dir='ltr' id='par_1_59' title="bbox 2166 3179 3684 3252">
     <span class='ocr_line' id='line_1_59' title="bbox 2166 3179 3684 3252; baseline -0.001 -19"><span class='ocrx_word' id='word_1_427' title='bbox 2166 3179 2525 3244; x_wconf 82' lang='grc' dir='ltr'><strong>ἀναδέξασθαι</strong></span> <span class='ocrx_word' id='word_1_428' title='bbox 2553 3180 2653 3252; x_wconf 78' lang='grc' dir='ltr'><strong>τὴν</strong></span> <span class='ocrx_word' id='word_1_429' title='bbox 2681 3180 2958 3234; x_wconf 78' lang='grc' dir='ltr'><strong>διακονίαν</strong></span> <span class='ocrx_word' id='word_1_430' title='bbox 2988 3180 3214 3252; x_wconf 88' lang='grc' dir='ltr'><strong>ταύτην.</strong></span> <span class='ocrx_word' id='word_1_431' title='bbox 3248 3181 3396 3251; x_wconf 76' lang='grc' dir='ltr'><strong>«Τὴν</strong></span> <span class='ocrx_word' id='word_1_432' title='bbox 3424 3183 3603 3252; x_wconf 72' lang='grc' dir='ltr'><strong>χάριν»</strong></span> <span class='ocrx_word' id='word_1_433' title='bbox 3627 3180 3684 3242; x_wconf 77' lang='grc' dir='ltr'><strong>δὲ,</strong></span> 
     </span>
    </p>
   </div>
   <div class='ocr_carea' id='block_1_60' title="bbox 497 3264 2036 3342">
    <p class='ocr_par' dir='ltr' id='par_1_60' title="bbox 497 3264 2036 3337">
     <span class='ocr_line' id='line_1_60' title="bbox 497 3264 2036 3337; baseline -0.004 -14"><span class='ocrx_word' id='word_1_434' title='bbox 497 3269 658 3332; x_wconf 67' lang='lat' dir='ltr'><strong>dixit,</strong></span> <span class='ocrx_word' id='word_1_435' title='bbox 694 3277 752 3322; x_wconf 92' lang='lat' dir='ltr'><strong>ut</strong></span> <span class='ocrx_word' id='word_1_436' title='bbox 811 3266 936 3336; x_wconf 89' lang='lat' dir='ltr'><strong>quia</strong></span> <span class='ocrx_word' id='word_1_437' title='bbox 963 3264 1231 3321; x_wconf 85' lang='lat' dir='ltr'><strong>Corinthii</strong></span> <span class='ocrx_word' id='word_1_438' title='bbox 1273 3265 1631 3337; x_wconf 86' lang='lat' dir='ltr'><strong>spiritualium</strong></span> <span class='ocrx_word' id='word_1_439' title='bbox 1668 3264 2036 3319; x_wconf 87' lang='lat' dir='ltr'><strong>charismatun</strong></span> 
     </span>
    </p>
   </div>
   <div class='ocr_carea' id='block_1_61' title="bbox 2150 3264 3689 3342">
    <p class='ocr_par' dir='ltr' id='par_1_61' title="bbox 2165 3267 3689 3342">
     <span class='ocr_line' id='line_1_61' title="bbox 2165 3267 3689 3342; baseline -0.002 -19"><span class='ocrx_word' id='word_1_440' title='bbox 2165 3267 2337 3335; x_wconf 80' lang='grc' dir='ltr'><strong>εἶπεν,</strong></span> <span class='ocrx_word' id='word_1_441' title='bbox 2371 3270 2458 3325; x_wconf 82' lang='grc' dir='ltr'><strong>ἵνα</strong></span> <span class='ocrx_word' id='word_1_442' title='bbox 2501 3272 2687 3342; x_wconf 77' lang='grc' dir='ltr'><strong>ἐπειδὴ</strong></span> <span class='ocrx_word' id='word_1_443' title='bbox 2736 3271 2973 3341; x_wconf 75' lang='grc' dir='ltr'><strong>ζηλωταὶ</strong></span> <span class='ocrx_word' id='word_1_444' title='bbox 2997 3268 3139 3342; x_wconf 78' lang='grc' dir='ltr'><strong>ἦσαν</strong></span> <span class='ocrx_word' id='word_1_445' title='bbox 3186 3272 3296 3324; x_wconf 82' lang='grc' dir='ltr'><strong>τῶν</strong></span> <span class='ocrx_word' id='word_1_446' title='bbox 3347 3270 3689 3341; x_wconf 77' lang='grc' dir='ltr'><strong>πνευματικῶν</strong></span> 
     </span>
    </p>
   </div>
   <div class='ocr_carea' id='block_1_62' title="bbox 493 3355 2032 3433">
    <p class='ocr_par' dir='ltr' id='par_1_62' title="bbox 493 3355 2032 3427">
     <span class='ocr_line' id='line_1_62' title="bbox 493 3355 2032 3427; baseline -0.006 -11"><span class='ocrx_word' id='word_1_447' title='bbox 493 3361 837 3416; x_wconf 63' lang='lat' dir='ltr'><strong>aemulatores</strong></span> <span class='ocrx_word' id='word_1_448' title='bbox 882 3368 1104 3425; x_wconf 88' lang='lat' dir='ltr'><strong>essent,</strong></span> <span class='ocrx_word' id='word_1_449' title='bbox 1151 3358 1280 3413; x_wconf 86' lang='lat' dir='ltr'><strong>huic</strong></span> <span class='ocrx_word' id='word_1_450' title='bbox 1331 3372 1548 3427; x_wconf 88' lang='lat' dir='ltr'><strong>quoque</strong></span> <span class='ocrx_word' id='word_1_451' title='bbox 1597 3370 1694 3411; x_wconf 83' lang='lat' dir='ltr'><strong>ceu</strong></span> <span class='ocrx_word' id='word_1_452' title='bbox 1741 3355 2032 3410; x_wconf 86' lang='lat' dir='ltr'><strong>charismat</strong></span> 
     </span>
    </p>
   </div>
   <div class='ocr_carea' id='block_1_63' title="bbox 2148 3355 3687 3433">
    <p class='ocr_par' dir='ltr' id='par_1_63' title="bbox 2163 3359 3687 3433">
     <span class='ocr_line' id='line_1_63' title="bbox 2163 3359 3687 3433; baseline -0.004 -17"><span class='ocrx_word' id='word_1_453' title='bbox 2163 3363 2522 3433; x_wconf 80' lang='grc' dir='ltr'><strong>χαρισμάτων</strong></span> <span class='ocrx_word' id='word_1_454' title='bbox 2573 3362 2624 3417; x_wconf 87' lang='grc' dir='ltr'><strong>οί</strong></span> <span class='ocrx_word' id='word_1_455' title='bbox 2658 3362 2957 3432; x_wconf 73' lang='grc' dir='ltr'><strong>Κορίνθιοι,</strong></span> <span class='ocrx_word' id='word_1_456' title='bbox 3012 3361 3361 3431; x_wconf 75' lang='grc' dir='ltr'><strong>ἐπιδραμωσι</strong></span> <span class='ocrx_word' id='word_1_457' title='bbox 3426 3363 3513 3414; x_wconf 74' lang='grc' dir='ltr'><strong>καὶ</strong></span> <span class='ocrx_word' id='word_1_458' title='bbox 3553 3359 3687 3429; x_wconf 66' lang='grc' dir='ltr'><strong>τούτῳ</strong></span> 
     </span>
    </p>
   </div>
   <div class='ocr_carea' id='block_1_64' title="bbox 494 3450 2033 3525">
    <p class='ocr_par' dir='ltr' id='par_1_64' title="bbox 494 3450 2033 3520">
     <span class='ocr_line' id='line_1_64' title="bbox 494 3450 2033 3520; baseline -0.004 -13"><span class='ocrx_word' id='word_1_459' title='bbox 494 3459 798 3518; x_wconf 85' lang='lat' dir='ltr'><strong>accnrrant,</strong></span> <span class='ocrx_word' id='word_1_460' title='bbox 851 3451 1076 3520; x_wconf 87' lang='lat' dir='ltr'><strong>perinde</strong></span> <span class='ocrx_word' id='word_1_461' title='bbox 1123 3466 1187 3505; x_wconf 90' lang='lat' dir='ltr'><strong>ae</strong></span> <span class='ocrx_word' id='word_1_462' title='bbox 1235 3465 1397 3519; x_wconf 88' lang='lat' dir='ltr'><strong>supra</strong></span> <span class='ocrx_word' id='word_1_463' title='bbox 1433 3450 1917 3504; x_wconf 79' lang='lat' dir='ltr'><strong>couittieritoratum</strong></span> <span class='ocrx_word' id='word_1_464' title='bbox 1952 3455 2033 3503; x_wconf 91' lang='lat' dir='ltr'><strong>est</strong></span> 
     </span>
    </p>
   </div>
   <div class='ocr_carea' id='block_1_65' title="bbox 2151 3450 3690 3525">
    <p class='ocr_par' dir='ltr' id='par_1_65' title="bbox 2165 3451 3690 3525">
     <span class='ocr_line' id='line_1_65' title="bbox 2165 3451 3690 3525; baseline -0.004 -17"><span class='ocrx_word' id='word_1_465' title='bbox 2165 3455 2241 3519; x_wconf 83' lang='grc' dir='ltr'><strong>ὡς</strong></span> <span class='ocrx_word' id='word_1_466' title='bbox 2292 3455 2616 3525; x_wconf 83' lang='grc' dir='ltr'><strong>χαρίσματι,</strong></span> <span class='ocrx_word' id='word_1_467' title='bbox 2662 3453 2813 3508; x_wconf 73' lang='grc' dir='ltr'><strong>καθὰ</strong></span> <span class='ocrx_word' id='word_1_468' title='bbox 2868 3455 2963 3507; x_wconf 70' lang='grc' dir='ltr'><strong>καὶ</strong></span> <span class='ocrx_word' id='word_1_469' title='bbox 3012 3454 3272 3524; x_wconf 82' lang='grc' dir='ltr'><strong>ἀνωτέρω</strong></span> <span class='ocrx_word' id='word_1_470' title='bbox 3331 3453 3564 3523; x_wconf 72' lang='grc' dir='ltr'><strong>εἴρηται.</strong></span> <span class='ocrx_word' id='word_1_471' title='bbox 3608 3451 3690 3503; x_wconf 74' lang='grc' dir='ltr'><strong>Καὶ</strong></span> 
     </span>
    </p>
   </div>
   <div class='ocr_carea' id='block_1_66' title="bbox 500 3540 2039 3613">
    <p class='ocr_par' dir='ltr' id='par_1_66' title="bbox 500 3540 2033 3604">
     <span class='ocr_line' id='line_1_66' title="bbox 500 3540 2033 3604; baseline -0.001 -8"><span class='ocrx_word' id='word_1_472' title='bbox 500 3564 519 3596; x_wconf 78' lang='grc' dir='ltr'><strong>ι</strong></span> <span class='ocrx_word' id='word_1_473' title='bbox 572 3541 1134 3598; x_wconf 84' lang='lat' dir='ltr'><strong>Cummunicationem</strong></span> <span class='ocrx_word' id='word_1_474' title='bbox 1185 3560 1204 3593; x_wconf 75' lang='grc' dir='ltr'><strong>ι</strong></span> <span class='ocrx_word' id='word_1_475' title='bbox 1252 3553 1433 3596; x_wconf 85' lang='lat' dir='ltr'><strong>autem</strong></span> <span class='ocrx_word' id='word_1_476' title='bbox 1480 3542 1713 3604; x_wconf 84' lang='lat' dir='ltr'><strong>vocavit,</strong></span> <span class='ocrx_word' id='word_1_477' title='bbox 1748 3550 1806 3593; x_wconf 86' lang='lat' dir='ltr'><strong>ut</strong></span> <span class='ocrx_word' id='word_1_478' title='bbox 1846 3540 2033 3596; x_wconf 82' lang='lat' dir='ltr'><strong>discan</strong></span> 
     </span>
    </p>
   </div>
   <div class='ocr_carea' id='block_1_67' title="bbox 2150 3540 3689 3613">
    <p class='ocr_par' dir='ltr' id='par_1_67' title="bbox 2169 3542 3689 3613">
     <span class='ocr_line' id='line_1_67' title="bbox 2169 3542 3689 3613; baseline -0.002 -17"><span class='ocrx_word' id='word_1_479' title='bbox 2169 3565 2187 3596; x_wconf 77' lang='grc' dir='ltr'><strong>ι</strong></span> <span class='ocrx_word' id='word_1_480' title='bbox 2225 3547 2509 3600; x_wconf 82' lang='grc' dir='ltr'><strong>κοινωνίαν</strong></span> <span class='ocrx_word' id='word_1_481' title='bbox 2539 3565 2557 3599; x_wconf 77' lang='grc' dir='ltr'><strong>ι</strong></span> <span class='ocrx_word' id='word_1_482' title='bbox 2585 3546 2642 3599; x_wconf 76' lang='grc' dir='ltr'><strong>δὲ</strong></span> <span class='ocrx_word' id='word_1_483' title='bbox 2674 3544 2951 3606; x_wconf 76' lang='grc' dir='ltr'><strong>ἐκάλεσεν,</strong></span> <span class='ocrx_word' id='word_1_484' title='bbox 2984 3544 3071 3597; x_wconf 81' lang='grc' dir='ltr'><strong>ἵνα</strong></span> <span class='ocrx_word' id='word_1_485' title='bbox 3100 3545 3344 3613; x_wconf 75' lang='grc' dir='ltr'><strong>μάθωσιν</strong></span> <span class='ocrx_word' id='word_1_486' title='bbox 3370 3546 3456 3598; x_wconf 78' lang='grc' dir='ltr'><strong>δτι</strong></span> <span class='ocrx_word' id='word_1_487' title='bbox 3482 3545 3539 3598; x_wconf 75' lang='grc' dir='ltr'><strong>οὐ</strong></span> <span class='ocrx_word' id='word_1_488' title='bbox 3564 3542 3689 3612; x_wconf 69' lang='grc' dir='ltr'><strong>μόνον</strong></span> 
     </span>
    </p>
   </div>
   <div class='ocr_carea' id='block_1_68' title="bbox 490 3632 2029 3707">
    <p class='ocr_par' dir='ltr' id='par_1_68' title="bbox 490 3632 1915 3705">
     <span class='ocr_line' id='line_1_68' title="bbox 490 3632 1915 3705; baseline 0.001 -20"><span class='ocrx_word' id='word_1_489' title='bbox 490 3636 633 3705; x_wconf 80' lang='lat' dir='ltr'><strong>quod</strong></span> <span class='ocrx_word' id='word_1_490' title='bbox 663 3650 767 3689; x_wconf 91' lang='lat' dir='ltr'><strong>non</strong></span> <span class='ocrx_word' id='word_1_491' title='bbox 802 3636 978 3689; x_wconf 89' lang='lat' dir='ltr'><strong>solum</strong></span> <span class='ocrx_word' id='word_1_492' title='bbox 1029 3632 1181 3699; x_wconf 89' lang='lat' dir='ltr'><strong>dant,</strong></span> <span class='ocrx_word' id='word_1_493' title='bbox 1212 3648 1397 3687; x_wconf 88' lang='lat' dir='ltr'><strong>verum</strong></span> <span class='ocrx_word' id='word_1_494' title='bbox 1431 3632 1590 3687; x_wconf 90' lang='lat' dir='ltr'><strong>etiam</strong></span> <span class='ocrx_word' id='word_1_495' title='bbox 1623 3633 1915 3702; x_wconf 90' lang='lat' dir='ltr'><strong>accipiunt.</strong></span> 
     </span>
    </p>
   </div>
   <div class='ocr_carea' id='block_1_69' title="bbox 1554 3632 3093 3707">
    <p class='ocr_par' dir='ltr' id='par_1_69' title="bbox 1560 3633 3093 3707">
     <span class='ocr_line' id='line_1_69' title="bbox 1560 3633 3093 3707; baseline 0.002 -22"><span class='ocrx_word' id='word_1_496' title='bbox 1560 3649 1590 3686; x_wconf 93' lang='grc' dir='ltr'><strong>ιι</strong></span> <span class='ocrx_word' id='word_1_497' title='bbox 1623 3633 1915 3702; x_wconf 89' lang='lat' dir='ltr'><strong>accipiunt.</strong></span> <span class='ocrx_word' id='word_1_498' title='bbox 2162 3636 2419 3702; x_wconf 78' lang='grc' dir='ltr'><strong>διδόασιν,</strong></span> <span class='ocrx_word' id='word_1_499' title='bbox 2452 3637 2588 3690; x_wconf 78' lang='grc' dir='ltr'><strong>ἀλλὰ</strong></span> <span class='ocrx_word' id='word_1_500' title='bbox 2622 3641 2712 3690; x_wconf 67' lang='grc' dir='ltr'><strong>καὶ</strong></span> <span class='ocrx_word' id='word_1_501' title='bbox 2743 3636 3093 3707; x_wconf 80' lang='grc' dir='ltr'><strong>λαμὸάνουσι.</strong></span> 
     </span>
    </p>
   </div>
   <div class='ocr_carea' id='block_1_70' title="bbox 567 3724 2106 3799">
    <p class='ocr_par' dir='ltr' id='par_1_70' title="bbox 567 3724 2060 3795">
     <span class='ocr_line' id='line_1_70' title="bbox 567 3724 2060 3795; baseline -0.002 -12"><span class='ocrx_word' id='word_1_502' title='bbox 567 3727 730 3783; x_wconf 73' lang='lat' dir='ltr'><strong>Vsus.</strong></span> <span class='ocrx_word' id='word_1_503' title='bbox 766 3725 821 3781; x_wconf 85' lang='lat'><strong>5.</strong></span> <span class='ocrx_word' id='word_1_504' title='bbox 867 3744 887 3777; x_wconf 76' lang='grc' dir='ltr'><strong>ι</strong></span> <span class='ocrx_word' id='word_1_505' title='bbox 923 3725 989 3780; x_wconf 87' lang='lat' dir='ltr'><strong>Et</strong></span> <span class='ocrx_word' id='word_1_506' title='bbox 1023 3741 1131 3781; x_wconf 86' lang='lat' dir='ltr'><strong>non</strong></span> <span class='ocrx_word' id='word_1_507' title='bbox 1161 3726 1302 3780; x_wconf 86' lang='lat' dir='ltr'><strong>sicut</strong></span> <span class='ocrx_word' id='word_1_508' title='bbox 1326 3724 1689 3794; x_wconf 87' lang='lat' dir='ltr'><strong>speravimus.</strong></span> <span class='ocrx_word' id='word_1_509' title='bbox 1727 3744 1745 3777; x_wconf 77' lang='grc' dir='ltr'><strong>ι</strong></span> <span class='ocrx_word' id='word_1_510' title='bbox 1793 3724 1910 3780; x_wconf 85' lang='grc' dir='ltr'><strong>Νοιι</strong></span> <span class='ocrx_word' id='word_1_511' title='bbox 1940 3741 2060 3795; x_wconf 90' lang='lat' dir='ltr'><strong>spe-</strong></span> 
     </span>
    </p>
   </div>
   <div class='ocr_carea' id='block_1_71' title="bbox 2148 3724 3687 3799">
    <p class='ocr_par' dir='ltr' id='par_1_71' title="bbox 2241 3726 3687 3799">
     <span class='ocr_line' id='line_1_71' title="bbox 2241 3726 3687 3799; baseline -0.002 -19"><span class='ocrx_word' id='word_1_512' title='bbox 2241 3749 2259 3780; x_wconf 79' lang='grc' dir='ltr'><strong>ι</strong></span> <span class='ocrx_word' id='word_1_513' title='bbox 2296 3730 2405 3783; x_wconf 71' lang='grc' dir='ltr'><strong>Καὶ</strong></span> <span class='ocrx_word' id='word_1_514' title='bbox 2438 3730 2498 3782; x_wconf 82' lang='grc' dir='ltr'><strong>ού</strong></span> <span class='ocrx_word' id='word_1_515' title='bbox 2533 3730 2715 3798; x_wconf 66' lang='grc' dir='ltr'><strong>καθὼς</strong></span> <span class='ocrx_word' id='word_1_516' title='bbox 2746 3729 3083 3799; x_wconf 79' lang='grc' dir='ltr'><strong>ἠλπίσαμεν.</strong></span> <span class='ocrx_word' id='word_1_517' title='bbox 3117 3746 3136 3778; x_wconf 77' lang='grc' dir='ltr'><strong>ι</strong></span> <span class='ocrx_word' id='word_1_518' title='bbox 3171 3727 3284 3782; x_wconf 79' lang='grc' dir='ltr'><strong>Οὐκ</strong></span> <span class='ocrx_word' id='word_1_519' title='bbox 3313 3726 3608 3798; x_wconf 67' lang='grc' dir='ltr'><strong>ἠλπίσαμεν</strong></span> <span class='ocrx_word' id='word_1_520' title='bbox 3628 3726 3687 3778; x_wconf 77' lang='grc' dir='ltr'><strong>ὅτι</strong></span> 
     </span>
    </p>
   </div>
   <div class='ocr_carea' id='block_1_72' title="bbox 494 3818 2033 3891">
    <p class='ocr_par' dir='ltr' id='par_1_72' title="bbox 494 3819 2033 3889">
     <span class='ocr_line' id='line_1_72' title="bbox 494 3819 2033 3889; baseline -0.002 -13"><span class='ocrx_word' id='word_1_521' title='bbox 494 3837 806 3886; x_wconf 83' lang='lat' dir='ltr'><strong>rassemus,</strong></span> <span class='ocrx_word' id='word_1_522' title='bbox 863 3819 1082 3889; x_wconf 86' lang='lat' dir='ltr'><strong>inquit,</strong></span> <span class='ocrx_word' id='word_1_523' title='bbox 1135 3819 1280 3889; x_wconf 88' lang='lat' dir='ltr'><strong>quod</strong></span> <span class='ocrx_word' id='word_1_524' title='bbox 1336 3819 1389 3872; x_wconf 93' lang='lat' dir='ltr'><strong>in</strong></span> <span class='ocrx_word' id='word_1_525' title='bbox 1448 3827 1594 3874; x_wconf 82' lang='lat' dir='ltr'><strong>tanta</strong></span> <span class='ocrx_word' id='word_1_526' title='bbox 1642 3829 1956 3888; x_wconf 86' lang='lat' dir='ltr'><strong>paupertate</strong></span> <span class='ocrx_word' id='word_1_527' title='bbox 2007 3834 2033 3873; x_wconf 88' lang='lat' dir='ltr'><strong>e</strong></span> 
     </span>
    </p>
   </div>
   <div class='ocr_carea' id='block_1_73' title="bbox 2151 3818 3690 3891">
    <p class='ocr_par' dir='ltr' id='par_1_73' title="bbox 2166 3818 3690 3891">
     <span class='ocr_line' id='line_1_73' title="bbox 2166 3818 3690 3891; baseline -0.003 -18"><span class='ocrx_word' id='word_1_528' title='bbox 2166 3822 2260 3874; x_wconf 77' lang='grc' dir='ltr'><strong>καὶ</strong></span> <span class='ocrx_word' id='word_1_529' title='bbox 2292 3820 2563 3887; x_wconf 81' lang='grc' dir='ltr'><strong>τοσαύτην</strong></span> <span class='ocrx_word' id='word_1_530' title='bbox 2589 3822 2780 3875; x_wconf 84' lang='grc' dir='ltr'><strong>πενίαν</strong></span> <span class='ocrx_word' id='word_1_531' title='bbox 2808 3820 3046 3891; x_wconf 76' lang='grc' dir='ltr'><strong>ἔχοντες,</strong></span> <span class='ocrx_word' id='word_1_532' title='bbox 3082 3820 3175 3873; x_wconf 76' lang='grc' dir='ltr'><strong>καὶ</strong></span> <span class='ocrx_word' id='word_1_533' title='bbox 3201 3822 3257 3871; x_wconf 85' lang='grc' dir='ltr'><strong>ἐν</strong></span> <span class='ocrx_word' id='word_1_534' title='bbox 3285 3819 3522 3891; x_wconf 77' lang='grc' dir='ltr'><strong>τοσαύτῃ</strong></span> <span class='ocrx_word' id='word_1_535' title='bbox 3552 3818 3690 3887; x_wconf 42' lang='lat' dir='ltr'><strong>illidet</strong></span> 
     </span>
    </p>
   </div>
   <div class='ocr_carea' id='block_1_74' title="bbox 494 3904 2033 3981">
    <p class='ocr_par' dir='ltr' id='par_1_74' title="bbox 494 3911 2033 3980">
     <span class='ocr_line' id='line_1_74' title="bbox 494 3911 2033 3980; baseline 0 -15"><span class='ocrx_word' id='word_1_536' title='bbox 494 3912 784 3967; x_wconf 84' lang='lat' dir='ltr'><strong>alllictione</strong></span> <span class='ocrx_word' id='word_1_537' title='bbox 812 3911 1160 3975; x_wconf 80' lang='lat' dir='ltr'><strong>exsistentes,</strong></span> <span class='ocrx_word' id='word_1_538' title='bbox 1204 3925 1301 3963; x_wconf 88' lang='lat' dir='ltr'><strong>nos</strong></span> <span class='ocrx_word' id='word_1_539' title='bbox 1332 3911 1466 3963; x_wconf 62' lang='lat' dir='ltr'><strong>adeo</strong></span> <span class='ocrx_word' id='word_1_540' title='bbox 1493 3911 1651 3964; x_wconf 76' lang='lat' dir='ltr'><strong>enixe</strong></span> <span class='ocrx_word' id='word_1_541' title='bbox 1675 3919 1976 3980; x_wconf 80' lang='lat' dir='ltr'><strong>rogassent,</strong></span> <span class='ocrx_word' id='word_1_542' title='bbox 2005 3927 2033 3965; x_wconf 94' lang='lat' dir='ltr'><strong>u</strong></span> 
     </span>
    </p>
   </div>
   <div class='ocr_carea' id='block_1_75' title="bbox 2150 3904 3689 3981">
    <p class='ocr_par' dir='ltr' id='par_1_75' title="bbox 2162 3904 3689 3981">
     <span class='ocr_line' id='line_1_75' title="bbox 2162 3904 3689 3981; baseline 0.006 -17"><span class='ocrx_word' id='word_1_543' title='bbox 2162 3910 2335 3975; x_wconf 66' lang='grc' dir='ltr'><strong>³Βντες,</strong></span> <span class='ocrx_word' id='word_1_544' title='bbox 2388 3909 2629 3963; x_wconf 76' lang='grc' dir='ltr'><strong>τοσαῦτα</strong></span> <span class='ocrx_word' id='word_1_545' title='bbox 2681 3910 3038 3981; x_wconf 78' lang='grc' dir='ltr'><strong>δεηθήσονται</strong></span> <span class='ocrx_word' id='word_1_546' title='bbox 3085 3908 3262 3978; x_wconf 80' lang='grc' dir='ltr'><strong>ἡμῶν,</strong></span> <span class='ocrx_word' id='word_1_547' title='bbox 3315 3908 3406 3961; x_wconf 66' lang='grc' dir='ltr'><strong>ἵνα</strong></span> <span class='ocrx_word' id='word_1_548' title='bbox 3454 3904 3689 3976; x_wconf 71' lang='grc' dir='ltr'><strong>δεξώμεθα</strong></span> 
     </span>
    </p>
   </div>
   <div class='ocr_carea' id='block_1_76' title="bbox 491 3988 2030 4077">
    <p class='ocr_par' dir='ltr' id='par_1_76' title="bbox 491 4005 1531 4077">
     <span class='ocr_line' id='line_1_76' title="bbox 491 4005 1531 4077; baseline -0.007 -13"><span class='ocrx_word' id='word_1_549' title='bbox 491 4009 896 4077; x_wconf 84' lang='lat' dir='ltr'><strong>susciperemus</strong></span> <span class='ocrx_word' id='word_1_550' title='bbox 936 4005 1297 4059; x_wconf 88' lang='lat' dir='ltr'><strong>ministerium</strong></span> <span class='ocrx_word' id='word_1_551' title='bbox 1322 4018 1531 4057; x_wconf 86' lang='lat' dir='ltr'><strong>eorum.</strong></span> 
     </span>
    </p>
   </div>
   <div class='ocr_carea' id='block_1_77' title="bbox 1251 3988 2790 4077">
    <p class='ocr_par' dir='ltr' id='par_1_77' title="bbox 1251 3988 2790 4073">
     <span class='ocr_line' id='line_1_77' title="bbox 1251 3988 2790 4073; baseline -0.001 -17"><span class='ocrx_word' id='word_1_552' title='bbox 1251 4020 1297 4056; x_wconf 89' lang='grc' dir='ltr'><strong>ιιι</strong></span> <span class='ocrx_word' id='word_1_553' title='bbox 1322 4018 1531 4057; x_wconf 86' lang='lat' dir='ltr'><strong>eorum.</strong></span> <span class='ocrx_word' id='word_1_554' title='bbox 2162 3988 2261 4073; x_wconf 77' lang='grc' dir='ltr'><strong>τὴν</strong></span> <span class='ocrx_word' id='word_1_555' title='bbox 2292 4001 2567 4055; x_wconf 80' lang='grc' dir='ltr'><strong>διακονίαν</strong></span> <span class='ocrx_word' id='word_1_556' title='bbox 2594 4003 2790 4054; x_wconf 72' lang='grc' dir='ltr'><strong>αὐτῶν.</strong></span> 
     </span>
    </p>
   </div>
   <div class='ocr_carea' id='block_1_78' title="bbox 575 4090 2114 4168">
    <p class='ocr_par' dir='ltr' id='par_1_78' title="bbox 575 4094 2063 4168">
     <span class='ocr_line' id='line_1_78' title="bbox 575 4094 2063 4168; baseline 0 -16"><span class='ocrx_word' id='word_1_557' title='bbox 575 4120 593 4152; x_wconf 75' lang='grc' dir='ltr'><strong>ι</strong></span> <span class='ocrx_word' id='word_1_558' title='bbox 640 4098 745 4155; x_wconf 84' lang='lat' dir='ltr'><strong>Sed</strong></span> <span class='ocrx_word' id='word_1_559' title='bbox 776 4101 986 4168; x_wconf 87' lang='lat' dir='ltr'><strong>seipsos</strong></span> <span class='ocrx_word' id='word_1_560' title='bbox 1008 4099 1273 4151; x_wconf 87' lang='lat' dir='ltr'><strong>dederunt</strong></span> <span class='ocrx_word' id='word_1_561' title='bbox 1303 4096 1539 4164; x_wconf 88' lang='lat' dir='ltr'><strong>primum</strong></span> <span class='ocrx_word' id='word_1_562' title='bbox 1578 4094 1829 4163; x_wconf 87' lang='lat' dir='ltr'><strong>Domino,</strong></span> <span class='ocrx_word' id='word_1_563' title='bbox 1867 4096 2063 4153; x_wconf 85' lang='lat' dir='ltr'><strong>deinde</strong></span> 
     </span>
    </p>
   </div>
   <div class='ocr_carea' id='block_1_79' title="bbox 2152 4090 3691 4168">
    <p class='ocr_par' dir='ltr' id='par_1_79' title="bbox 2244 4090 3691 4165">
     <span class='ocr_line' id='line_1_79' title="bbox 2244 4090 3691 4165; baseline -0.001 -20"><span class='ocrx_word' id='word_1_564' title='bbox 2244 4112 2262 4145; x_wconf 80' lang='grc' dir='ltr'><strong>ι</strong></span> <span class='ocrx_word' id='word_1_565' title='bbox 2311 4092 2448 4145; x_wconf 79' lang='grc' dir='ltr'><strong>Ἀλλ’</strong></span> <span class='ocrx_word' id='word_1_566' title='bbox 2496 4093 2724 4155; x_wconf 77' lang='grc' dir='ltr'><strong>ἑαυτοὺς</strong></span> <span class='ocrx_word' id='word_1_567' title='bbox 2751 4092 2959 4146; x_wconf 80' lang='grc' dir='ltr'><strong>ἔδωκαν</strong></span> <span class='ocrx_word' id='word_1_568' title='bbox 3003 4092 3220 4162; x_wconf 79' lang='grc' dir='ltr'><strong>πρῶτον</strong></span> <span class='ocrx_word' id='word_1_569' title='bbox 3253 4093 3332 4164; x_wconf 80' lang='grc' dir='ltr'><strong>τῷ</strong></span> <span class='ocrx_word' id='word_1_570' title='bbox 3377 4094 3581 4165; x_wconf 58' lang='grc' dir='ltr'><strong>Κυρίῃ,</strong></span> <span class='ocrx_word' id='word_1_571' title='bbox 3622 4090 3691 4145; x_wconf 78' lang='grc' dir='ltr'><strong>καὶ</strong></span> 
     </span>
    </p>
   </div>
   <div class='ocr_carea' id='block_1_80' title="bbox 489 4185 2028 4263">
    <p class='ocr_par' dir='ltr' id='par_1_80' title="bbox 489 4189 2028 4263">
     <span class='ocr_line' id='line_1_80' title="bbox 489 4189 2028 4263; baseline -0.004 -13"><span class='ocrx_word' id='word_1_572' title='bbox 489 4204 545 4251; x_wconf 87' lang='lat' dir='ltr'><strong>et</strong></span> <span class='ocrx_word' id='word_1_573' title='bbox 576 4195 733 4249; x_wconf 89' lang='lat' dir='ltr'><strong>nobis</strong></span> <span class='ocrx_word' id='word_1_574' title='bbox 758 4207 855 4262; x_wconf 89' lang='lat' dir='ltr'><strong>per</strong></span> <span class='ocrx_word' id='word_1_575' title='bbox 878 4192 1210 4246; x_wconf 83' lang='lat' dir='ltr'><strong>voluntatem</strong></span> <span class='ocrx_word' id='word_1_576' title='bbox 1241 4189 1355 4243; x_wconf 88' lang='lat' dir='ltr'><strong>Dei.</strong></span> <span class='ocrx_word' id='word_1_577' title='bbox 1391 4207 1409 4240; x_wconf 76' lang='grc' dir='ltr'><strong>ι</strong></span> <span class='ocrx_word' id='word_1_578' title='bbox 1439 4189 1587 4263; x_wconf 83' lang='lat' dir='ltr'><strong>Alias</strong></span> <span class='ocrx_word' id='word_1_579' title='bbox 1614 4204 1802 4245; x_wconf 89' lang='lat' dir='ltr'><strong>eormn</strong></span> <span class='ocrx_word' id='word_1_580' title='bbox 1831 4192 2028 4246; x_wconf 80' lang='lat' dir='ltr'><strong>virtute</strong></span> 
     </span>
    </p>
   </div>
   <div class='ocr_carea' id='block_1_81' title="bbox 2152 4185 3691 4263">
    <p class='ocr_par' dir='ltr' id='par_1_81' title="bbox 2165 4185 3691 4257">
     <span class='ocr_line' id='line_1_81' title="bbox 2165 4185 3691 4257; baseline -0.003 -17"><span class='ocrx_word' id='word_1_581' title='bbox 2165 4186 2296 4257; x_wconf 73' lang='grc' dir='ltr'><strong>ἡμίν</strong></span> <span class='ocrx_word' id='word_1_582' title='bbox 2339 4185 2430 4238; x_wconf 74' lang='grc' dir='ltr'><strong>διὰ</strong></span> <span class='ocrx_word' id='word_1_583' title='bbox 2489 4185 2796 4257; x_wconf 79' lang='grc' dir='ltr'><strong>θελήματος</strong></span> <span class='ocrx_word' id='word_1_584' title='bbox 2855 4185 3013 4240; x_wconf 79' lang='grc' dir='ltr'><strong>Θεοῦ.</strong></span> <span class='ocrx_word' id='word_1_585' title='bbox 3085 4205 3104 4237; x_wconf 74' lang='grc' dir='ltr'><strong>ι</strong></span> <span class='ocrx_word' id='word_1_586' title='bbox 3185 4186 3454 4241; x_wconf 80' lang='grc' dir='ltr'><strong>Ἐνταῦθα</strong></span> <span class='ocrx_word' id='word_1_587' title='bbox 3503 4188 3589 4240; x_wconf 74' lang='grc' dir='ltr'><strong>καὶ</strong></span> <span class='ocrx_word' id='word_1_588' title='bbox 3618 4185 3691 4245; x_wconf 73' lang='grc' dir='ltr'><strong>τὰς</strong></span> 
     </span>
    </p>
   </div>
   <div class='ocr_carea' id='block_1_82' title="bbox 493 4276 2032 4352">
    <p class='ocr_par' dir='ltr' id='par_1_82' title="bbox 493 4280 2032 4352">
     <span class='ocr_line' id='line_1_82' title="bbox 493 4280 2032 4352; baseline -0.001 -10"><span class='ocrx_word' id='word_1_589' title='bbox 493 4289 581 4342; x_wconf 82' lang='lat' dir='ltr'><strong>hic</strong></span> <span class='ocrx_word' id='word_1_590' title='bbox 613 4298 1025 4341; x_wconf 81' lang='lat' dir='ltr'><strong>commemorat.</strong></span> <span class='ocrx_word' id='word_1_591' title='bbox 1073 4281 1191 4337; x_wconf 83' lang='lat' dir='ltr'><strong>Non</strong></span> <span class='ocrx_word' id='word_1_592' title='bbox 1227 4284 1369 4336; x_wconf 88' lang='lat' dir='ltr'><strong>enim</strong></span> <span class='ocrx_word' id='word_1_593' title='bbox 1427 4280 1548 4335; x_wconf 83' lang='lat' dir='ltr'><strong>ideo</strong></span> <span class='ocrx_word' id='word_1_594' title='bbox 1581 4281 1707 4335; x_wconf 86' lang='lat' dir='ltr'><strong>elati</strong></span> <span class='ocrx_word' id='word_1_595' title='bbox 1748 4282 1875 4352; x_wconf 85' lang='lat' dir='ltr'><strong>quia</strong></span> <span class='ocrx_word' id='word_1_596' title='bbox 1921 4287 2032 4340; x_wconf 84' lang='lat' dir='ltr'><strong>eice</strong></span> 
     </span>
    </p>
   </div>
   <div class='ocr_carea' id='block_1_83' title="bbox 2152 4276 3691 4352">
    <p class='ocr_par' dir='ltr' id='par_1_83' title="bbox 2167 4276 3691 4351">
     <span class='ocr_line' id='line_1_83' title="bbox 2167 4276 3691 4351; baseline -0.002 -19"><span class='ocrx_word' id='word_1_597' title='bbox 2167 4277 2785 4348; x_wconf 77' lang='grc' dir='ltr'><strong>ᾶλλας-ἁρετὰςαὺτοῖς</strong></span> <span class='ocrx_word' id='word_1_598' title='bbox 2830 4281 3282 4350; x_wconf 70' lang='grc' dir='ltr'><strong>προσμαρτυρεῖ⁸</strong></span> <span class='ocrx_word' id='word_1_599' title='bbox 3310 4280 3371 4333; x_wconf 76' lang='grc' dir='ltr'><strong>οὑ</strong></span> <span class='ocrx_word' id='word_1_600' title='bbox 3411 4280 3513 4351; x_wconf 69' lang='grc' dir='ltr'><strong>γὰρ</strong></span> <span class='ocrx_word' id='word_1_601' title='bbox 3541 4276 3691 4344; x_wconf 77' lang='grc' dir='ltr'><strong>ἐπειδὴ</strong></span> 
     </span>
    </p>
   </div>
   <div class='ocr_carea' id='block_1_84' title="bbox 493 4369 2032 4449">
    <p class='ocr_par' dir='ltr' id='par_1_84' title="bbox 493 4372 2032 4449">
     <span class='ocr_line' id='line_1_84' title="bbox 493 4372 2032 4449; baseline 0.001 -18"><span class='ocrx_word' id='word_1_602' title='bbox 493 4393 730 4449; x_wconf 68' lang='lat' dir='ltr'><strong>mosynat</strong></span> <span class='ocrx_word' id='word_1_603' title='bbox 771 4376 1086 4439; x_wconf 86' lang='lat' dir='ltr'><strong>studebant,</strong></span> <span class='ocrx_word' id='word_1_604' title='bbox 1130 4373 1234 4427; x_wconf 89' lang='lat' dir='ltr'><strong>alia</strong></span> <span class='ocrx_word' id='word_1_605' title='bbox 1277 4372 1941 4440; x_wconf 65' lang='lat' dir='ltr'><strong>neglexeruntzeaeterum</strong></span> <span class='ocrx_word' id='word_1_606' title='bbox 1975 4392 2032 4434; x_wconf 86' lang='lat' dir='ltr'><strong>se</strong></span> 
     </span>
    </p>
   </div>
   <div class='ocr_carea' id='block_1_85' title="bbox 2154 4369 3693 4449">
    <p class='ocr_par' dir='ltr' id='par_1_85' title="bbox 2167 4369 3693 4444">
     <span class='ocr_line' id='line_1_85' title="bbox 2167 4369 3693 4444; baseline -0.004 -19"><span class='ocrx_word' id='word_1_607' title='bbox 2167 4370 2539 4444; x_wconf 86' lang='grc' dir='ltr'><strong>ἐλεημοσύνης</strong></span> <span class='ocrx_word' id='word_1_608' title='bbox 2596 4372 2638 4401; x_wconf 78' lang='grc'><strong>’⁷</strong></span> <span class='ocrx_word' id='word_1_609' title='bbox 2696 4370 3112 4441; x_wconf 78' lang='grc' dir='ltr'><strong>ἐπεμελήθησαν</strong></span> <span class='ocrx_word' id='word_1_610' title='bbox 3179 4372 3556 4439; x_wconf 76' lang='grc' dir='ltr'><strong>τυφωθέντες,</strong></span> <span class='ocrx_word' id='word_1_611' title='bbox 3607 4369 3693 4421; x_wconf 80' lang='grc' dir='ltr'><strong>τῶν</strong></span> 
     </span>
    </p>
   </div>
   <div class='ocr_carea' id='block_1_86' title="bbox 493 4458 2032 4538">
    <p class='ocr_par' dir='ltr' id='par_1_86' title="bbox 493 4465 2032 4538">
     <span class='ocr_line' id='line_1_86' title="bbox 493 4465 2032 4538; baseline 0.001 -14"><span class='ocrx_word' id='word_1_612' title='bbox 493 4470 639 4538; x_wconf 82' lang='lat' dir='ltr'><strong>ipsos</strong></span> <span class='ocrx_word' id='word_1_613' title='bbox 669 4470 935 4524; x_wconf 88' lang='lat' dir='ltr'><strong>dederunt</strong></span> <span class='ocrx_word' id='word_1_614' title='bbox 980 4477 1122 4523; x_wconf 87' lang='lat' dir='ltr'><strong>totos</strong></span> <span class='ocrx_word' id='word_1_615' title='bbox 1170 4465 1421 4531; x_wconf 89' lang='lat' dir='ltr'><strong>Domino,</strong></span> <span class='ocrx_word' id='word_1_616' title='bbox 1468 4467 1533 4522; x_wconf 85' lang='lat' dir='ltr'><strong>ad</strong></span> <span class='ocrx_word' id='word_1_617' title='bbox 1582 4482 1742 4523; x_wconf 90' lang='lat' dir='ltr'><strong>omne</strong></span> <span class='ocrx_word' id='word_1_618' title='bbox 1772 4483 1907 4538; x_wconf 86' lang='lat' dir='ltr'><strong>opus</strong></span> <span class='ocrx_word' id='word_1_619' title='bbox 1951 4469 2032 4526; x_wconf 76' lang='lat' dir='ltr'><strong>De</strong></span> 
     </span>
    </p>
   </div>
   <div class='ocr_carea' id='block_1_87' title="bbox 2154 4458 3693 4538">
    <p class='ocr_par' dir='ltr' id='par_1_87' title="bbox 2166 4458 3693 4533">
     <span class='ocr_line' id='line_1_87' title="bbox 2166 4458 3693 4533; baseline -0.005 -16"><span class='ocrx_word' id='word_1_620' title='bbox 2166 4463 2343 4518; x_wconf 74' lang='grc' dir='ltr'><strong>ἄλλων</strong></span> <span class='ocrx_word' id='word_1_621' title='bbox 2386 4462 2692 4533; x_wconf 79' lang='grc' dir='ltr'><strong>ἠμέλησαν,</strong></span> <span class='ocrx_word' id='word_1_622' title='bbox 2759 4460 2876 4513; x_wconf 85' lang='grc' dir='ltr'><strong>ἀλλ’</strong></span> <span class='ocrx_word' id='word_1_623' title='bbox 2921 4460 3075 4524; x_wconf 72' lang='grc' dir='ltr'><strong>ὅλους</strong></span> <span class='ocrx_word' id='word_1_624' title='bbox 3112 4462 3357 4526; x_wconf 72' lang='grc' dir='ltr'><strong>.ἐαυτοῖις</strong></span> <span class='ocrx_word' id='word_1_625' title='bbox 3384 4464 3592 4516; x_wconf 64' lang='grc' dir='ltr'><strong>ἔδωκαν</strong></span> <span class='ocrx_word' id='word_1_626' title='bbox 3636 4458 3693 4525; x_wconf 70' lang='grc' dir='ltr'><strong>τῷ</strong></span> 
     </span>
    </p>
   </div>
   <div class='ocr_carea' id='block_1_88' title="bbox 492 4552 2031 4629">
    <p class='ocr_par' dir='ltr' id='par_1_88' title="bbox 492 4557 2031 4629">
     <span class='ocr_line' id='line_1_88' title="bbox 492 4557 2031 4629; baseline 0.002 -17"><span class='ocrx_word' id='word_1_627' title='bbox 492 4568 704 4629; x_wconf 81' lang='lat' dir='ltr'><strong>gratum</strong></span> <span class='ocrx_word' id='word_1_628' title='bbox 771 4569 883 4613; x_wconf 87' lang='lat' dir='ltr'><strong>toto</strong></span> <span class='ocrx_word' id='word_1_629' title='bbox 930 4569 985 4613; x_wconf 89' lang='lat' dir='ltr'><strong>et</strong></span> <span class='ocrx_word' id='word_1_630' title='bbox 1015 4558 1247 4612; x_wconf 83' lang='lat' dir='ltr'><strong>indiviso</strong></span> <span class='ocrx_word' id='word_1_631' title='bbox 1295 4559 1476 4614; x_wconf 90' lang='lat' dir='ltr'><strong>animo</strong></span> <span class='ocrx_word' id='word_1_632' title='bbox 1529 4557 1875 4616; x_wconf 85' lang='lat' dir='ltr'><strong>inclinantes.</strong></span> <span class='ocrx_word' id='word_1_633' title='bbox 1922 4561 2031 4628; x_wconf 61' lang='lat' dir='ltr'><strong>Quit</strong></span> 
     </span>
    </p>
   </div>
   <div class='ocr_carea' id='block_1_89' title="bbox 2153 4552 3692 4629">
    <p class='ocr_par' dir='ltr' id='par_1_89' title="bbox 2168 4552 3692 4626">
     <span class='ocr_line' id='line_1_89' title="bbox 2168 4552 3692 4626; baseline -0.007 -14"><span class='ocrx_word' id='word_1_634' title='bbox 2168 4555 2381 4626; x_wconf 82' lang='grc' dir='ltr'><strong>Κυρίῳ,</strong></span> <span class='ocrx_word' id='word_1_635' title='bbox 2424 4555 2560 4624; x_wconf 75' lang='grc' dir='ltr'><strong>πρὸς</strong></span> <span class='ocrx_word' id='word_1_636' title='bbox 2611 4554 2719 4606; x_wconf 80' lang='grc' dir='ltr'><strong>πᾶν</strong></span> <span class='ocrx_word' id='word_1_637' title='bbox 2770 4552 2931 4624; x_wconf 79' lang='grc' dir='ltr'><strong>ἔργον</strong></span> <span class='ocrx_word' id='word_1_638' title='bbox 2987 4552 3279 4625; x_wconf 74' lang='grc' dir='ltr'><strong>θεάρεστον</strong></span> <span class='ocrx_word' id='word_1_639' title='bbox 3334 4556 3598 4625; x_wconf 68' lang='grc' dir='ltr'><strong>ὁλοψύχως</strong></span> <span class='ocrx_word' id='word_1_640' title='bbox 3638 4552 3692 4614; x_wconf 73' lang='grc'><strong>⁸³,</strong></span> 
     </span>
    </p>
   </div>
   <div class='ocr_carea' id='block_1_90' title="bbox 490 4642 2029 4719">
    <p class='ocr_par' dir='ltr' id='par_1_90' title="bbox 490 4650 2029 4719">
     <span class='ocr_line' id='line_1_90' title="bbox 490 4650 2029 4719; baseline 0.003 -15"><span class='ocrx_word' id='word_1_641' title='bbox 490 4652 655 4705; x_wconf 84' lang='lat' dir='ltr'><strong>etiam</strong></span> <span class='ocrx_word' id='word_1_642' title='bbox 696 4651 853 4705; x_wconf 85' lang='lat' dir='ltr'><strong>nobis</strong></span> <span class='ocrx_word' id='word_1_643' title='bbox 882 4650 1150 4706; x_wconf 85' lang='lat' dir='ltr'><strong>dederunt</strong></span> <span class='ocrx_word' id='word_1_644' title='bbox 1192 4653 1424 4719; x_wconf 89' lang='lat' dir='ltr'><strong>seipsos,</strong></span> <span class='ocrx_word' id='word_1_645' title='bbox 1467 4653 1570 4706; x_wconf 86' lang='lat' dir='ltr'><strong>hoc</strong></span> <span class='ocrx_word' id='word_1_646' title='bbox 1599 4660 1703 4718; x_wconf 89' lang='lat' dir='ltr'><strong>est,</strong></span> <span class='ocrx_word' id='word_1_647' title='bbox 1734 4653 1785 4707; x_wconf 87' lang='lat' dir='ltr'><strong>in</strong></span> <span class='ocrx_word' id='word_1_648' title='bbox 1808 4654 2029 4709; x_wconf 89' lang='lat' dir='ltr'><strong>omnibu</strong></span> 
     </span>
    </p>
   </div>
   <div class='ocr_carea' id='block_1_91' title="bbox 2152 4642 3691 4719">
    <p class='ocr_par' dir='ltr' id='par_1_91' title="bbox 2169 4642 3691 4717">
     <span class='ocr_line' id='line_1_91' title="bbox 2169 4642 3691 4717; baseline -0.003 -16"><span class='ocrx_word' id='word_1_649' title='bbox 2169 4651 2264 4701; x_wconf 72' lang='grc' dir='ltr'><strong>καὶ</strong></span> <span class='ocrx_word' id='word_1_650' title='bbox 2295 4648 2359 4700; x_wconf 87' lang='grc' dir='ltr'><strong>ού</strong></span> <span class='ocrx_word' id='word_1_651' title='bbox 2397 4645 2536 4716; x_wconf 81' lang='grc' dir='ltr'><strong>μετὰ.</strong></span> <span class='ocrx_word' id='word_1_652' title='bbox 2580 4644 2833 4716; x_wconf 75' lang='grc' dir='ltr'><strong>διψυχίας</strong></span> <span class='ocrx_word' id='word_1_653' title='bbox 2878 4646 2922 4677; x_wconf 75' lang='grc'><strong>⁸⁸</strong></span> <span class='ocrx_word' id='word_1_654' title='bbox 2961 4646 3275 4710; x_wconf 84' lang='grc' dir='ltr'><strong>νεύσαντες.</strong></span> <span class='ocrx_word' id='word_1_655' title='bbox 3330 4649 3434 4700; x_wconf 67' lang='grc' dir='ltr'><strong>Καὶ</strong></span> <span class='ocrx_word' id='word_1_656' title='bbox 3484 4649 3605 4717; x_wconf 75' lang='grc' dir='ltr'><strong>ἡμῖν</strong></span> <span class='ocrx_word' id='word_1_657' title='bbox 3650 4642 3691 4695; x_wconf 75' lang='grc' dir='ltr'><strong>ὁὲ</strong></span> 
     </span>
    </p>
   </div>
   <div class='ocr_carea' id='block_1_92' title="bbox 494 4738 2033 4812">
    <p class='ocr_par' dir='ltr' id='par_1_92' title="bbox 494 4739 2031 4812">
     <span class='ocr_line' id='line_1_92' title="bbox 494 4739 2031 4812; baseline 0.001 -16"><span class='ocrx_word' id='word_1_658' title='bbox 494 4742 720 4810; x_wconf 83' lang='lat' dir='ltr'><strong>subjecti</strong></span> <span class='ocrx_word' id='word_1_659' title='bbox 749 4739 991 4805; x_wconf 82' lang='lat' dir='ltr'><strong>fuerunt,</strong></span> <span class='ocrx_word' id='word_1_660' title='bbox 1022 4742 1343 4796; x_wconf 88' lang='lat' dir='ltr'><strong>eharitatem</strong></span> <span class='ocrx_word' id='word_1_661' title='bbox 1370 4743 1726 4798; x_wconf 84' lang='lat' dir='ltr'><strong>ostenderunt</strong></span> <span class='ocrx_word' id='word_1_662' title='bbox 1757 4758 1854 4812; x_wconf 91' lang='lat' dir='ltr'><strong>per</strong></span> <span class='ocrx_word' id='word_1_663' title='bbox 1874 4744 2031 4799; x_wconf 91' lang='lat' dir='ltr'><strong>volun</strong></span> 
     </span>
    </p>
   </div>
   <div class='ocr_carea' id='block_1_93' title="bbox 2154 4738 3693 4812">
    <p class='ocr_par' dir='ltr' id='par_1_93' title="bbox 2167 4738 3693 4807">
     <span class='ocr_line' id='line_1_93' title="bbox 2167 4738 3693 4807; baseline -0.003 -14"><span class='ocrx_word' id='word_1_664' title='bbox 2167 4740 2375 4794; x_wconf 73' lang='grc' dir='ltr'><strong>ἔδωκαν</strong></span> <span class='ocrx_word' id='word_1_665' title='bbox 2421 4740 2673 4804; x_wconf 76' lang='grc' dir='ltr'><strong>ἑαυτοὺς,</strong></span> <span class='ocrx_word' id='word_1_666' title='bbox 2709 4738 3009 4801; x_wconf 76' lang='grc' dir='ltr'><strong>τουτέστιν,</strong></span> <span class='ocrx_word' id='word_1_667' title='bbox 3044 4740 3100 4791; x_wconf 88' lang='grc' dir='ltr'><strong>ἐν</strong></span> <span class='ocrx_word' id='word_1_668' title='bbox 3146 4742 3315 4793; x_wconf 80' lang='grc' dir='ltr'><strong>πᾶσιν</strong></span> <span class='ocrx_word' id='word_1_669' title='bbox 3360 4741 3693 4807; x_wconf 68' lang='grc' dir='ltr'><strong>ὑπετάγησαν,</strong></span> 
     </span>
    </p>
   </div>
   <div class='ocr_carea' id='block_1_94' title="bbox 491 4826 2030 4902">
    <p class='ocr_par' dir='ltr' id='par_1_94' title="bbox 491 4832 2030 4902">
     <span class='ocr_line' id='line_1_94' title="bbox 491 4832 2030 4902; baseline 0.003 -15"><span class='ocrx_word' id='word_1_670' title='bbox 491 4844 655 4888; x_wconf 80' lang='lat' dir='ltr'><strong>tatem</strong></span> <span class='ocrx_word' id='word_1_671' title='bbox 695 4832 815 4898; x_wconf 87' lang='lat' dir='ltr'><strong>Dei,</strong></span> <span class='ocrx_word' id='word_1_672' title='bbox 869 4834 973 4889; x_wconf 82' lang='lat' dir='ltr'><strong>hoc</strong></span> <span class='ocrx_word' id='word_1_673' title='bbox 996 4842 1083 4889; x_wconf 79' lang='lat' dir='ltr'><strong>est</strong></span> <span class='ocrx_word' id='word_1_674' title='bbox 1116 4834 1193 4887; x_wconf 81' lang='lat' dir='ltr'><strong>uti</strong></span> <span class='ocrx_word' id='word_1_675' title='bbox 1224 4832 1333 4888; x_wconf 89' lang='lat' dir='ltr'><strong>Deo</strong></span> <span class='ocrx_word' id='word_1_676' title='bbox 1366 4833 1559 4902; x_wconf 79' lang='lat' dir='ltr'><strong>placet,</strong></span> <span class='ocrx_word' id='word_1_677' title='bbox 1592 4843 1647 4889; x_wconf 88' lang='lat' dir='ltr'><strong>et</strong></span> <span class='ocrx_word' id='word_1_678' title='bbox 1677 4850 1783 4890; x_wconf 87' lang='lat' dir='ltr'><strong>nou</strong></span> <span class='ocrx_word' id='word_1_679' title='bbox 1810 4834 2030 4892; x_wconf 70' lang='lat' dir='ltr'><strong>humana</strong></span> 
     </span>
    </p>
   </div>
   <div class='ocr_carea' id='block_1_95' title="bbox 2153 4826 3692 4902">
    <p class='ocr_par' dir='ltr' id='par_1_95' title="bbox 2167 4826 3692 4899">
     <span class='ocr_line' id='line_1_95' title="bbox 2167 4826 3692 4899; baseline -0.004 -16"><span class='ocrx_word' id='word_1_680' title='bbox 2167 4828 2391 4899; x_wconf 78' lang='grc' dir='ltr'><strong>ἀγάπην</strong></span> <span class='ocrx_word' id='word_1_681' title='bbox 2418 4827 2506 4882; x_wconf 82' lang='grc' dir='ltr'><strong>διὰ</strong></span> <span class='ocrx_word' id='word_1_682' title='bbox 2529 4826 2834 4896; x_wconf 76' lang='grc' dir='ltr'><strong>θελήματος</strong></span> <span class='ocrx_word' id='word_1_683' title='bbox 2860 4827 2996 4880; x_wconf 83' lang='grc' dir='ltr'><strong>Θεοῦ</strong></span> <span class='ocrx_word' id='word_1_684' title='bbox 3025 4827 3361 4893; x_wconf 77' lang='grc' dir='ltr'><strong>ἐνεδείξαντο</strong></span> <span class='ocrx_word' id='word_1_685' title='bbox 3385 4846 3399 4861; x_wconf 88' lang='grc'><strong>·</strong></span> <span class='ocrx_word' id='word_1_686' title='bbox 3429 4832 3692 4888; x_wconf 82' lang='grc' dir='ltr'><strong>τουτέστιν,</strong></span> 
     </span>
    </p>
   </div>
   <div class='ocr_carea' id='block_1_96' title="bbox 491 4917 3601 4992">
    <p class='ocr_par' dir='ltr' id='par_1_96' title="bbox 491 4917 3601 4992">
     <span class='ocr_line' id='line_1_96' title="bbox 491 4917 3601 4992; baseline -0.004 -11"><span class='ocrx_word' id='word_1_687' title='bbox 491 4928 709 4982; x_wconf 84' lang='lat' dir='ltr'><strong>rationi.</strong></span> <span class='ocrx_word' id='word_1_688' title='bbox 2166 4919 2242 4984; x_wconf 84' lang='grc' dir='ltr'><strong>ὡς</strong></span> <span class='ocrx_word' id='word_1_689' title='bbox 2283 4919 2509 4986; x_wconf 80' lang='grc' dir='ltr'><strong>ἀρέσκει.</strong></span> <span class='ocrx_word' id='word_1_690' title='bbox 2546 4917 2690 4988; x_wconf 75' lang='grc' dir='ltr'><strong>Θεῷ,</strong></span> <span class='ocrx_word' id='word_1_691' title='bbox 2727 4919 2822 4971; x_wconf 77' lang='grc' dir='ltr'><strong>καὶ</strong></span> <span class='ocrx_word' id='word_1_692' title='bbox 2859 4919 2961 4972; x_wconf 81' lang='grc' dir='ltr'><strong>οὐκ</strong></span> <span class='ocrx_word' id='word_1_693' title='bbox 2991 4918 3317 4992; x_wconf 82' lang='grc' dir='ltr'><strong>ἀνθρωπίνῳ</strong></span> <span class='ocrx_word' id='word_1_694' title='bbox 3350 4919 3601 4990; x_wconf 78' lang='grc' dir='ltr'><strong>λογισμῷ.</strong></span> 
     </span>
    </p>
   </div>
   <div class='ocr_carea' id='block_1_97' title="bbox 566 5007 2105 5090">
    <p class='ocr_par' dir='ltr' id='par_1_97' title="bbox 566 5019 2068 5090">
     <span class='ocr_line' id='line_1_97' title="bbox 566 5019 2068 5090; baseline 0 -16"><span class='ocrx_word' id='word_1_695' title='bbox 566 5020 732 5076; x_wconf 72' lang='lat' dir='ltr'><strong>Vens.</strong></span> <span class='ocrx_word' id='word_1_696' title='bbox 759 5019 813 5077; x_wconf 90' lang='lat'><strong>6.</strong></span> <span class='ocrx_word' id='word_1_697' title='bbox 851 5039 870 5073; x_wconf 80' lang='grc' dir='ltr'><strong>ι</strong></span> <span class='ocrx_word' id='word_1_698' title='bbox 896 5020 969 5078; x_wconf 91' lang='lat' dir='ltr'><strong>Ut</strong></span> <span class='ocrx_word' id='word_1_699' title='bbox 999 5036 1098 5076; x_wconf 88' lang='lat' dir='ltr'><strong>nos</strong></span> <span class='ocrx_word' id='word_1_700' title='bbox 1127 5023 1538 5077; x_wconf 80' lang='lat' dir='ltr'><strong>adltortaremur</strong></span> <span class='ocrx_word' id='word_1_701' title='bbox 1562 5019 1765 5088; x_wconf 86' lang='lat' dir='ltr'><strong>Titum,</strong></span> <span class='ocrx_word' id='word_1_702' title='bbox 1796 5031 1855 5075; x_wconf 89' lang='lat' dir='ltr'><strong>ut</strong></span> <span class='ocrx_word' id='word_1_703' title='bbox 1883 5034 2068 5090; x_wconf 89' lang='lat' dir='ltr'><strong>quem-</strong></span> 
     </span>
    </p>
   </div>
   <div class='ocr_carea' id='block_1_98' title="bbox 2158 5007 3697 5090">
    <p class='ocr_par' dir='ltr' id='par_1_98' title="bbox 2243 5007 3697 5080">
     <span class='ocr_line' id='line_1_98' title="bbox 2243 5007 3697 5080; baseline 0.002 -15"><span class='ocrx_word' id='word_1_704' title='bbox 2243 5030 2265 5065; x_wconf 79' lang='grc' dir='ltr'><strong>ι</strong></span> <span class='ocrx_word' id='word_1_705' title='bbox 2322 5011 2489 5064; x_wconf 80' lang='grc' dir='ltr'><strong>’Ὥστε</strong></span> <span class='ocrx_word' id='word_1_706' title='bbox 2542 5011 2689 5080; x_wconf 80' lang='grc' dir='ltr'><strong>ἡμᾶς</strong></span> <span class='ocrx_word' id='word_1_707' title='bbox 2736 5011 3118 5080; x_wconf 79' lang='grc' dir='ltr'><strong>παρακαλέσαι</strong></span> <span class='ocrx_word' id='word_1_708' title='bbox 3172 5013 3353 5079; x_wconf 87' lang='grc' dir='ltr'><strong>Τίτον,</strong></span> <span class='ocrx_word' id='word_1_709' title='bbox 3405 5014 3484 5067; x_wconf 75' lang='grc' dir='ltr'><strong>ἵνα</strong></span> <span class='ocrx_word' id='word_1_710' title='bbox 3540 5007 3697 5068; x_wconf 76' lang='grc' dir='ltr'><strong>καθὼς</strong></span> 
     </span>
    </p>
   </div>
   <div class='ocr_carea' id='block_1_99' title="bbox 491 5102 2030 5185">
    <p class='ocr_par' dir='ltr' id='par_1_99' title="bbox 491 5112 2030 5185">
     <span class='ocr_line' id='line_1_99' title="bbox 491 5112 2030 5185; baseline -0.002 -17"><span class='ocrx_word' id='word_1_711' title='bbox 491 5113 779 5168; x_wconf 84' lang='lat' dir='ltr'><strong>admodum</strong></span> <span class='ocrx_word' id='word_1_712' title='bbox 815 5114 924 5185; x_wconf 81' lang='lat' dir='ltr'><strong>jam</strong></span> <span class='ocrx_word' id='word_1_713' title='bbox 978 5126 1135 5168; x_wconf 85' lang='lat' dir='ltr'><strong>antea</strong></span> <span class='ocrx_word' id='word_1_714' title='bbox 1182 5115 1458 5181; x_wconf 69' lang='lat' dir='ltr'><strong>cmpisset,</strong></span> <span class='ocrx_word' id='word_1_715' title='bbox 1510 5114 1565 5168; x_wconf 80' lang='lat' dir='ltr'><strong>in</strong></span> <span class='ocrx_word' id='word_1_716' title='bbox 1600 5112 1753 5167; x_wconf 86' lang='lat' dir='ltr'><strong>vobis</strong></span> <span class='ocrx_word' id='word_1_717' title='bbox 1798 5112 1877 5166; x_wconf 79' lang='lat' dir='ltr'><strong>sie</strong></span> <span class='ocrx_word' id='word_1_718' title='bbox 1906 5113 2030 5181; x_wconf 82' lang='lat' dir='ltr'><strong>perii</strong></span> 
     </span>
    </p>
   </div>
   <div class='ocr_carea' id='block_1_100' title="bbox 2155 5102 3694 5185">
    <p class='ocr_par' dir='ltr' id='par_1_100' title="bbox 2170 5102 3694 5175">
     <span class='ocr_line' id='line_1_100' title="bbox 2170 5102 3694 5175; baseline -0.003 -18"><span class='ocrx_word' id='word_1_719' title='bbox 2170 5102 2563 5175; x_wconf 78' lang='grc' dir='ltr'><strong>προενήρξατο,</strong></span> <span class='ocrx_word' id='word_1_720' title='bbox 2596 5104 2656 5156; x_wconf 92' lang='grc' dir='ltr'><strong>ἐν</strong></span> <span class='ocrx_word' id='word_1_721' title='bbox 2689 5103 2818 5172; x_wconf 83' lang='grc' dir='ltr'><strong>ὑμῖν</strong></span> <span class='ocrx_word' id='word_1_722' title='bbox 2846 5103 3131 5175; x_wconf 73' lang='grc' dir='ltr'><strong>ἐπιτελέσῃ</strong></span> <span class='ocrx_word' id='word_1_723' title='bbox 3164 5103 3307 5159; x_wconf 79' lang='grc' dir='ltr'><strong>οὕτω</strong></span> <span class='ocrx_word' id='word_1_724' title='bbox 3336 5107 3427 5160; x_wconf 80' lang='grc' dir='ltr'><strong>καὶ</strong></span> <span class='ocrx_word' id='word_1_725' title='bbox 3447 5105 3534 5174; x_wconf 78' lang='grc' dir='ltr'><strong>τὴν</strong></span> <span class='ocrx_word' id='word_1_726' title='bbox 3561 5103 3694 5173; x_wconf 73' lang='grc' dir='ltr'><strong>χάριν</strong></span> 
     </span>
    </p>
   </div>
   <div class='ocr_carea' id='block_1_101' title="bbox 492 5193 2031 5275">
    <p class='ocr_par' dir='ltr' id='par_1_101' title="bbox 492 5202 2027 5275">
     <span class='ocr_line' id='line_1_101' title="bbox 492 5202 2027 5275; baseline -0.003 -15"><span class='ocrx_word' id='word_1_727' title='bbox 492 5217 644 5260; x_wconf 90' lang='lat' dir='ltr'><strong>ceret</strong></span> <span class='ocrx_word' id='word_1_728' title='bbox 671 5207 902 5275; x_wconf 74' lang='lat' dir='ltr'><strong>gratiam</strong></span> <span class='ocrx_word' id='word_1_729' title='bbox 958 5205 1116 5259; x_wconf 87' lang='lat' dir='ltr'><strong>hanc.</strong></span> <span class='ocrx_word' id='word_1_730' title='bbox 1158 5223 1176 5256; x_wconf 76' lang='grc' dir='ltr'><strong>ι</strong></span> <span class='ocrx_word' id='word_1_731' title='bbox 1221 5206 1392 5269; x_wconf 83' lang='lat' dir='ltr'><strong>Adeo,</strong></span> <span class='ocrx_word' id='word_1_732' title='bbox 1448 5203 1641 5273; x_wconf 89' lang='lat' dir='ltr'><strong>inquit,</strong></span> <span class='ocrx_word' id='word_1_733' title='bbox 1704 5202 1779 5257; x_wconf 89' lang='lat' dir='ltr'><strong>illi</strong></span> <span class='ocrx_word' id='word_1_734' title='bbox 1839 5218 1960 5259; x_wconf 88' lang='lat' dir='ltr'><strong>sese</strong></span> <span class='ocrx_word' id='word_1_735' title='bbox 1998 5220 2027 5256; x_wconf 89' lang='lat' dir='ltr'><strong>a</strong></span> 
     </span>
    </p>
   </div>
   <div class='ocr_carea' id='block_1_102' title="bbox 2157 5193 3696 5275">
    <p class='ocr_par' dir='ltr' id='par_1_102' title="bbox 2169 5193 3696 5266">
     <span class='ocr_line' id='line_1_102' title="bbox 2169 5193 3696 5266; baseline -0.002 -18"><span class='ocrx_word' id='word_1_736' title='bbox 2169 5194 2396 5266; x_wconf 88' lang='grc' dir='ltr'><strong>ταύτην.</strong></span> <span class='ocrx_word' id='word_1_737' title='bbox 2448 5214 2466 5247; x_wconf 78' lang='grc' dir='ltr'><strong>ι</strong></span> <span class='ocrx_word' id='word_1_738' title='bbox 2499 5193 2790 5259; x_wconf 76' lang='grc' dir='ltr'><strong>Τοσοῦτον,</strong></span> <span class='ocrx_word' id='word_1_739' title='bbox 2822 5199 3012 5266; x_wconf 78' lang='grc' dir='ltr'><strong>φησὶν,</strong></span> <span class='ocrx_word' id='word_1_740' title='bbox 3041 5197 3241 5256; x_wconf 83' lang='grc' dir='ltr'><strong>ἐκεῖνοι</strong></span> <span class='ocrx_word' id='word_1_741' title='bbox 3271 5197 3476 5252; x_wconf 76' lang='grc' dir='ltr'><strong>ἔδωκαν</strong></span> <span class='ocrx_word' id='word_1_742' title='bbox 3498 5195 3696 5254; x_wconf 78' lang='grc' dir='ltr'><strong>ἑαυτοὺς</strong></span> 
     </span>
    </p>
   </div>
   <div class='ocr_carea' id='block_1_103' title="bbox 495 5288 2034 5368">
    <p class='ocr_par' dir='ltr' id='par_1_103' title="bbox 495 5293 2034 5368">
     <span class='ocr_line' id='line_1_103' title="bbox 495 5293 2034 5368; baseline -0.002 -19"><span class='ocrx_word' id='word_1_743' title='bbox 495 5296 890 5368; x_wconf 86' lang='lat' dir='ltr'><strong>eleemosynam</strong></span> <span class='ocrx_word' id='word_1_744' title='bbox 949 5297 1232 5360; x_wconf 87' lang='lat' dir='ltr'><strong>dederunt,</strong></span> <span class='ocrx_word' id='word_1_745' title='bbox 1284 5304 1342 5348; x_wconf 91' lang='lat' dir='ltr'><strong>ut</strong></span> <span class='ocrx_word' id='word_1_746' title='bbox 1370 5308 1471 5364; x_wconf 72' lang='lat' dir='ltr'><strong>ego</strong></span> <span class='ocrx_word' id='word_1_747' title='bbox 1523 5293 1867 5362; x_wconf 89' lang='lat' dir='ltr'><strong>conspicatus</strong></span> <span class='ocrx_word' id='word_1_748' title='bbox 1928 5309 2034 5347; x_wconf 89' lang='lat' dir='ltr'><strong>rem</strong></span> 
     </span>
    </p>
   </div>
   <div class='ocr_carea' id='block_1_104' title="bbox 2158 5288 3697 5368">
    <p class='ocr_par' dir='ltr' id='par_1_104' title="bbox 2174 5288 3697 5364">
     <span class='ocr_line' id='line_1_104' title="bbox 2174 5288 3697 5364; baseline 0 -22"><span class='ocrx_word' id='word_1_749' title='bbox 2174 5291 2252 5352; x_wconf 84' lang='grc' dir='ltr'><strong>είς</strong></span> <span class='ocrx_word' id='word_1_750' title='bbox 2305 5289 2701 5360; x_wconf 82' lang='grc' dir='ltr'><strong>ἐλεημοσύνην,</strong></span> <span class='ocrx_word' id='word_1_751' title='bbox 2739 5288 2883 5343; x_wconf 79' lang='grc' dir='ltr'><strong>ὥστε</strong></span> <span class='ocrx_word' id='word_1_752' title='bbox 2926 5291 3025 5361; x_wconf 81' lang='grc' dir='ltr'><strong>ἐμὲ</strong></span> <span class='ocrx_word' id='word_1_753' title='bbox 3061 5291 3242 5345; x_wconf 80' lang='grc' dir='ltr'><strong>ἰδόντα</strong></span> <span class='ocrx_word' id='word_1_754' title='bbox 3284 5293 3345 5346; x_wconf 84' lang='grc' dir='ltr'><strong>τὸ</strong></span> <span class='ocrx_word' id='word_1_755' title='bbox 3375 5293 3588 5364; x_wconf 80' lang='grc' dir='ltr'><strong>πρᾶγμα</strong></span> <span class='ocrx_word' id='word_1_756' title='bbox 3615 5304 3697 5358; x_wconf 84' lang='grc' dir='ltr'><strong>με·</strong></span> 
     </span>
    </p>
   </div>
   <div class='ocr_carea' id='block_1_105' title="bbox 496 5378 2035 5461">
    <p class='ocr_par' dir='ltr' id='par_1_105' title="bbox 496 5386 2035 5461">
     <span class='ocr_line' id='line_1_105' title="bbox 496 5386 2035 5461; baseline -0.003 -16"><span class='ocrx_word' id='word_1_757' title='bbox 496 5390 659 5446; x_wconf 77' lang='lat' dir='ltr'><strong>anxie</strong></span> <span class='ocrx_word' id='word_1_758' title='bbox 683 5392 978 5461; x_wconf 73' lang='lat' dir='ltr'><strong>cogitarem</strong></span> <span class='ocrx_word' id='word_1_759' title='bbox 1009 5405 1107 5459; x_wconf 91' lang='lat' dir='ltr'><strong>pro</strong></span> <span class='ocrx_word' id='word_1_760' title='bbox 1138 5389 1312 5454; x_wconf 90' lang='lat' dir='ltr'><strong>vobis,</strong></span> <span class='ocrx_word' id='word_1_761' title='bbox 1347 5402 1415 5443; x_wconf 92' lang='lat' dir='ltr'><strong>ne</strong></span> <span class='ocrx_word' id='word_1_762' title='bbox 1440 5388 1571 5457; x_wconf 88' lang='lat' dir='ltr'><strong>ipsis</strong></span> <span class='ocrx_word' id='word_1_763' title='bbox 1607 5386 1894 5443; x_wconf 72' lang='lat' dir='ltr'><strong>inferiores</strong></span> <span class='ocrx_word' id='word_1_764' title='bbox 1916 5402 2035 5445; x_wconf 85' lang='lat' dir='ltr'><strong>esse</strong></span> 
     </span>
    </p>
   </div>
   <div class='ocr_carea' id='block_1_106' title="bbox 2152 5378 3691 5461">
    <p class='ocr_par' dir='ltr' id='par_1_106' title="bbox 2178 5378 3691 5454">
     <span class='ocr_line' id='line_1_106' title="bbox 2178 5378 3691 5454; baseline 0.003 -22"><span class='ocrx_word' id='word_1_765' title='bbox 2178 5381 2440 5451; x_wconf 76' lang='grc' dir='ltr'><strong>ριμνῆσαι</strong></span> <span class='ocrx_word' id='word_1_766' title='bbox 2488 5381 2628 5451; x_wconf 79' lang='grc' dir='ltr'><strong>ὑπὲρ</strong></span> <span class='ocrx_word' id='word_1_767' title='bbox 2664 5380 2841 5451; x_wconf 86' lang='grc' dir='ltr'><strong>ὑμῶν,</strong></span> <span class='ocrx_word' id='word_1_768' title='bbox 2897 5382 3096 5451; x_wconf 83' lang='grc' dir='ltr'><strong>μήπως</strong></span> <span class='ocrx_word' id='word_1_769' title='bbox 3142 5381 3473 5454; x_wconf 75' lang='grc' dir='ltr'><strong>ἐλαπωθῆτε</strong></span> <span class='ocrx_word' id='word_1_770' title='bbox 3511 5378 3691 5436; x_wconf 77' lang='grc' dir='ltr'><strong>αὐτῶν.</strong></span> 
     </span>
    </p>
   </div>
   <div class='ocr_carea' id='block_1_107' title="bbox 494 5466 2033 5553">
    <p class='ocr_par' dir='ltr' id='par_1_107' title="bbox 494 5479 2033 5553">
     <span class='ocr_line' id='line_1_107' title="bbox 494 5479 2033 5553; baseline -0.005 -15"><span class='ocrx_word' id='word_1_771' title='bbox 494 5486 584 5549; x_wconf 84' lang='lat' dir='ltr'><strong>tis,</strong></span> <span class='ocrx_word' id='word_1_772' title='bbox 620 5497 683 5539; x_wconf 88' lang='lat' dir='ltr'><strong>ac</strong></span> <span class='ocrx_word' id='word_1_773' title='bbox 717 5492 999 5553; x_wconf 87' lang='lat' dir='ltr'><strong>propterea</strong></span> <span class='ocrx_word' id='word_1_774' title='bbox 1035 5482 1362 5538; x_wconf 86' lang='lat' dir='ltr'><strong>adhortarer</strong></span> <span class='ocrx_word' id='word_1_775' title='bbox 1418 5479 1600 5534; x_wconf 85' lang='lat' dir='ltr'><strong>Titum</strong></span> <span class='ocrx_word' id='word_1_776' title='bbox 1660 5489 1720 5534; x_wconf 92' lang='lat' dir='ltr'><strong>ut</strong></span> <span class='ocrx_word' id='word_1_777' title='bbox 1746 5479 1957 5534; x_wconf 84' lang='lat' dir='ltr'><strong>veniret</strong></span> <span class='ocrx_word' id='word_1_778' title='bbox 1994 5498 2033 5533; x_wconf 71' lang='grc' dir='ltr'><strong>ιιι</strong></span> 
     </span>
    </p>
   </div>
   <div class='ocr_carea' id='block_1_108' title="bbox 2154 5466 3693 5553">
    <p class='ocr_par' dir='ltr' id='par_1_108' title="bbox 2174 5466 3693 5543">
     <span class='ocr_line' id='line_1_108' title="bbox 2174 5466 3693 5543; baseline -0.005 -17"><span class='ocrx_word' id='word_1_779' title='bbox 2174 5473 2269 5527; x_wconf 70' lang='grc' dir='ltr'><strong>καὶ</strong></span> <span class='ocrx_word' id='word_1_780' title='bbox 2295 5472 2383 5529; x_wconf 83' lang='grc' dir='ltr'><strong>διὰ</strong></span> <span class='ocrx_word' id='word_1_781' title='bbox 2400 5473 2712 5543; x_wconf 82' lang='grc' dir='ltr'><strong>τοῦτοπαρα</strong></span> <span class='ocrx_word' id='word_1_782' title='bbox 2733 5472 2963 5529; x_wconf 81' lang='grc' dir='ltr'><strong>καλέσαι</strong></span> <span class='ocrx_word' id='word_1_783' title='bbox 2989 5473 3147 5526; x_wconf 86' lang='grc' dir='ltr'><strong>Τίτον</strong></span> <span class='ocrx_word' id='word_1_784' title='bbox 3169 5472 3346 5527; x_wconf 84' lang='grc' dir='ltr'><strong>ἐλθεῖν</strong></span> <span class='ocrx_word' id='word_1_785' title='bbox 3372 5472 3494 5543; x_wconf 78' lang='grc' dir='ltr'><strong>πρὸς</strong></span> <span class='ocrx_word' id='word_1_786' title='bbox 3510 5466 3693 5539; x_wconf 78' lang='grc' dir='ltr'><strong>ύμᾶς²⁶</strong></span> 
     </span>
    </p>
   </div>
   <div class='ocr_carea' id='block_1_109' title="bbox 492 5558 2031 5647">
    <p class='ocr_par' dir='ltr' id='par_1_109' title="bbox 492 5573 2031 5647">
     <span class='ocr_line' id='line_1_109' title="bbox 492 5573 2031 5647; baseline -0.005 -15"><span class='ocrx_word' id='word_1_787' title='bbox 492 5592 591 5633; x_wconf 71' lang='lat' dir='ltr'><strong>vos</strong></span> <span class='ocrx_word' id='word_1_788' title='bbox 614 5593 633 5628; x_wconf 85' lang='lat'><strong>:</strong></span> <span class='ocrx_word' id='word_1_789' title='bbox 676 5577 822 5647; x_wconf 91' lang='lat' dir='ltr'><strong>quod</strong></span> <span class='ocrx_word' id='word_1_790' title='bbox 841 5586 895 5632; x_wconf 90' lang='lat' dir='ltr'><strong>et</strong></span> <span class='ocrx_word' id='word_1_791' title='bbox 950 5574 1194 5644; x_wconf 76' lang='lat' dir='ltr'><strong>ipseiam</strong></span> <span class='ocrx_word' id='word_1_792' title='bbox 1229 5582 1389 5631; x_wconf 89' lang='lat' dir='ltr'><strong>antea</strong></span> <span class='ocrx_word' id='word_1_793' title='bbox 1415 5587 1644 5631; x_wconf 78' lang='lat' dir='ltr'><strong>exorsus</strong></span> <span class='ocrx_word' id='word_1_794' title='bbox 1682 5582 1819 5637; x_wconf 87' lang='lat' dir='ltr'><strong>erat,</strong></span> <span class='ocrx_word' id='word_1_795' title='bbox 1858 5573 1910 5628; x_wconf 89' lang='lat' dir='ltr'><strong>id</strong></span> <span class='ocrx_word' id='word_1_796' title='bbox 1961 5582 2031 5628; x_wconf 83' lang='lat' dir='ltr'><strong>est</strong></span> 
     </span>
    </p>
   </div>
   <div class='ocr_carea' id='block_1_110' title="bbox 2156 5558 3695 5647">
    <p class='ocr_par' dir='ltr' id='par_1_110' title="bbox 2175 5558 3695 5636">
     <span class='ocr_line' id='line_1_110' title="bbox 2175 5558 3695 5636; baseline -0.008 -16"><span class='ocrx_word' id='word_1_797' title='bbox 2175 5568 2270 5620; x_wconf 74' lang='grc' dir='ltr'><strong>καὶ</strong></span> <span class='ocrx_word' id='word_1_798' title='bbox 2322 5565 2426 5636; x_wconf 76' lang='grc' dir='ltr'><strong>πρὸ</strong></span> <span class='ocrx_word' id='word_1_799' title='bbox 2479 5565 2577 5634; x_wconf 75' lang='grc' dir='ltr'><strong>τῆς</strong></span> <span class='ocrx_word' id='word_1_800' title='bbox 2631 5564 2774 5634; x_wconf 77' lang='grc' dir='ltr'><strong>ἐμῆς</strong></span> <span class='ocrx_word' id='word_1_801' title='bbox 2820 5565 3158 5636; x_wconf 81' lang='grc' dir='ltr'><strong>προτροπῆς.</strong></span> <span class='ocrx_word' id='word_1_802' title='bbox 3203 5567 3404 5619; x_wconf 80' lang='grc' dir='ltr'><strong>Οξκειοί</strong></span> <span class='ocrx_word' id='word_1_803' title='bbox 3437 5562 3485 5616; x_wconf 75' lang='grc' dir='ltr'><strong>δὲ</strong></span> <span class='ocrx_word' id='word_1_804' title='bbox 3529 5558 3695 5618; x_wconf 76' lang='grc' dir='ltr'><strong>αὐτοῖς</strong></span> 
     </span>
    </p>
   </div>
   <div class='ocr_carea' id='block_1_111' title="bbox 1817 5668 2385 5731">
    <p class='ocr_par' dir='ltr' id='par_1_111' title="bbox 1817 5668 2385 5731">
     <span class='ocr_line' id='line_1_111' title="bbox 1817 5668 2385 5731; baseline -0.012 -1"><span class='ocrx_word' id='word_1_805' title='bbox 1817 5669 2018 5730; x_wconf 71' lang='grc' dir='ltr'><strong>ναι-ξω</strong></span> <span class='ocrx_word' id='word_1_806' title='bbox 2058 5668 2385 5731; x_wconf 83' lang='lat' dir='ltr'><strong>lectiones.</strong></span> 
     </span>
    </p>
   </div>
   <div class='ocr_carea' id='block_1_112' title="bbox 575 5749 3693 5843">
    <p class='ocr_par' dir='ltr' id='par_1_112' title="bbox 575 5749 3693 5843">
     <span class='ocr_line' id='line_1_112' title="bbox 575 5749 3693 5843; baseline -0.009 -13"><span class='ocrx_word' id='word_1_807' title='bbox 575 5778 619 5809; x_wconf 74' lang='lat'><strong>&quot;</strong></span> <span class='ocrx_word' id='word_1_808' title='bbox 649 5777 794 5830; x_wconf 74' lang='grc' dir='ltr'><strong>ἰδίων</strong></span> <span class='ocrx_word' id='word_1_809' title='bbox 809 5792 864 5834; x_wconf 90' lang='lat' dir='ltr'><strong>o.</strong></span> <span class='ocrx_word' id='word_1_810' title='bbox 944 5777 987 5807; x_wconf 85' lang='lat'><strong>&quot;</strong></span> <span class='ocrx_word' id='word_1_811' title='bbox 1020 5772 1242 5839; x_wconf 80' lang='grc' dir='ltr'><strong>ἐνεδείξ.</strong></span> <span class='ocrx_word' id='word_1_812' title='bbox 1266 5788 1319 5827; x_wconf 84' lang='grc' dir='ltr'><strong>ο.</strong></span> <span class='ocrx_word' id='word_1_813' title='bbox 1397 5773 1443 5805; x_wconf 83' lang='grc'><strong>¹⁶</strong></span> <span class='ocrx_word' id='word_1_814' title='bbox 1475 5772 1630 5843; x_wconf 15' lang='grc' dir='ltr'><strong>μὴίο.</strong></span> <span class='ocrx_word' id='word_1_815' title='bbox 1709 5770 2226 5843; x_wconf 19' lang='grc' dir='ltr'><strong>ξ’ᾼὲλεημοσύνηνι).</strong></span> <span class='ocrx_word' id='word_1_816' title='bbox 2308 5762 2674 5835; x_wconf 72' lang='grc' dir='ltr'><strong>’δόλοκλὴρως</strong></span> <span class='ocrx_word' id='word_1_817' title='bbox 2708 5779 2759 5818; x_wconf 89' lang='grc' dir='ltr'><strong>ο.</strong></span> <span class='ocrx_word' id='word_1_818' title='bbox 2844 5765 2885 5796; x_wconf 72' lang='grc' dir='ltr'><strong>’θ</strong></span> <span class='ocrx_word' id='word_1_819' title='bbox 2914 5758 3228 5831; x_wconf 61' lang='grc' dir='ltr'><strong>διχοψυχὲας</strong></span> <span class='ocrx_word' id='word_1_820' title='bbox 3261 5776 3313 5814; x_wconf 92' lang='lat' dir='ltr'><strong>o.</strong></span> <span class='ocrx_word' id='word_1_821' title='bbox 3387 5757 3428 5789; x_wconf 83' lang='grc'><strong>²⁰</strong></span> <span class='ocrx_word' id='word_1_822' title='bbox 3456 5755 3531 5809; x_wconf 85' lang='grc' dir='ltr'><strong>ίσ.</strong></span> <span class='ocrx_word' id='word_1_823' title='bbox 3564 5749 3693 5806; x_wconf 74' lang='grc' dir='ltr'><strong>ὁκαὶ</strong></span> 
     </span>
    </p>
   </div>
   <div class='ocr_carea' id='block_1_113' title="bbox 499 5840 2286 5920">
    <p class='ocr_par' dir='ltr' id='par_1_113' title="bbox 499 5840 2286 5920">
     <span class='ocr_line' id='line_1_113' title="bbox 499 5840 2286 5920; baseline -0.004 -20"><span class='ocrx_word' id='word_1_824' title='bbox 499 5849 871 5920; x_wconf 74' lang='grc' dir='ltr'><strong>προενήρξατο</strong></span> <span class='ocrx_word' id='word_1_825' title='bbox 894 5846 1079 5913; x_wconf 75' lang='grc' dir='ltr'><strong>αὐτὸς,</strong></span> <span class='ocrx_word' id='word_1_826' title='bbox 1116 5847 1383 5908; x_wconf 78' lang='grc' dir='ltr'><strong>τουτέστι,</strong></span> <span class='ocrx_word' id='word_1_827' title='bbox 1407 5840 1668 5915; x_wconf 78' lang='grc' dir='ltr'><strong>προέθετο</strong></span> <span class='ocrx_word' id='word_1_828' title='bbox 1691 5840 1865 5897; x_wconf 78' lang='grc' dir='ltr'><strong>ἐλθεῖν</strong></span> <span class='ocrx_word' id='word_1_829' title='bbox 1890 5842 2025 5912; x_wconf 73' lang='grc' dir='ltr'><strong>πρὸς</strong></span> <span class='ocrx_word' id='word_1_830' title='bbox 2060 5842 2202 5913; x_wconf 75' lang='grc' dir='ltr'><strong>ὑμᾶς</strong></span> <span class='ocrx_word' id='word_1_831' title='bbox 2235 5855 2286 5893; x_wconf 92' lang='lat' dir='ltr'><strong>o.</strong></span> 
     </span>
    </p>
   </div>
   <div class='ocr_carea' id='block_1_114' title="bbox 3828 894 3838 3491">
    <p class='ocr_par' dir='ltr' id='par_1_114' title="bbox 3830 2842 3833 3035">
     <span class='ocr_line' id='line_1_114' title="bbox 3830 2842 3833 3035; baseline 0 -14"><span class='ocrx_word' id='word_1_832' title='bbox 3830 2850 3833 3021; x_wconf 56' lang='grc' dir='ltr'><strong>ι</strong></span> 
     </span>
    </p>
   </div>
  </div>
