3898 6594
234 422 323 493 881

987 423 1387 488 EXPOSITIO
1427 426 1509 488 IN
1539 427 1777 490 EPIST.
1806 427 2207 495 II‘AD‘COR‘.
2250 453 2314 469 -ε
2341 427 2502 489 CA‘P.
2544 424 2707 487 VIII.

3359 422 3467 487 882

236 540 319 592 τὸν
344 536 497 591 Τίτον
516 535 604 590 διὰ
633 536 863 604 τούτων,
903 538 992 594 ἵνα
1014 541 1222 596 ἐλθόντι
1243 543 1335 596 καὶ
1359 544 1785 614 συμϐουλεύοντι

1909 554 2249 615 imposuerat
2300 545 2483 599 venire
2504 544 2571 599 ad
2605 559 2724 608 vos,
2782 540 3100 612 priusquam
3152 554 3275 596 eum
3316 556 3467 595 com-

234 628 350 699 περὶ
388 627 794 699 ἐλεημοσύνης,
855 631 1222 705 εὐκολώτερον
1270 635 1417 704 αὐτῷ
1468 636 1786 702 πεισθῶσιν,

232 721 299 784 ὡς
340 720 406 774 τὰ
441 721 581 791 ὑπὲρ
610 721 794 777 αὐτῶν
831 723 1141 793 φρονοῦντι.
1186 727 1296 780 Καὶ
1324 728 1488 781 πάλιν
1526 728 1583 782 δὲ
1628 730 1789 799 χάριν

232 813 441 866 ἐκάλεσε
469 813 529 866 τὸ
560 815 817 884 πρᾶγμα.
867 816 1027 883 Μέγα
1056 818 1166 889 γὰρ
1199 818 1276 890 τῷ
1320 820 1456 887 δντι,
1490 822 1586 874 καὶ
1616 820 1790 891 δῶρον

230 900 372 966 Θεοῦ,
400 901 495 954 καὶ
524 901 811 973 ἐξομοιοῦν
858 906 1008 978 αὐτῷ
1040 907 1266 963 δυνατὸν
1326 910 1420 962 τὸν
1479 911 1742 982 μετιόντα
1770 925 1785 941 ’

230 992 340 1045 ὅθεν
368 993 459 1045 καί
492 1011 579 1058 τις
620 995 785 1064 σοφός
840 1012 1005 1067 φησι⁸
1050 1016 1068 1050 ι
1105 999 1268 1070 Μέγα
1322 1000 1633 1073 ἄνθρωπος,
1696 1004 1793 1058 καὶ

232 1083 400 1154 τίμιον
428 1084 569 1155 ἀνὴρ
597 1086 848 1158 ἐλεήμων
875 1090 975 1144 ⁸³.»

297 1376 316 1410 ι
360 1358 498 1413 Ἀλλ’
535 1358 726 1434 ὥσπερ
758 1364 815 1417 ὲν
844 1366 1008 1420 παντὶ
1060 1370 1416 1440 περισσεύετε
1447 1372 1657 1442 πίστει,
1697 1375 1793 1429 καὶ

227 1447 382 1519 λόγῳ,
439 1451 534 1503 καὶ
574 1452 799 1520 γνώσει,
855 1455 950 1509 καὶ
981 1459 1188 1530 σπουδῇ
1231 1460 1402 1532 πάσῃ,
1466 1463 1560 1516 καὶ
1615 1464 1682 1533 τῇ
1734 1462 1792 1530 ἐξ

228 1541 373 1613 ὑμῶν
416 1542 615 1616 ἀγάπῃ
650 1547 711 1598 ἐν
741 1547 896 1616 ἡμῖν,
949 1549 1036 1603 ἵνα
1071 1553 1165 1604 καὶ
1201 1554 1261 1605 ὲν
1293 1554 1467 1625 ταύτῃ
1498 1556 1565 1626 τῇ
1609 1556 1794 1627 χάριτι

229 1635 609 1708 περισσεύητε.
663 1658 682 1691 ι
721 1641 856 1695 Μετ’
913 1643 1209 1714 ἐγκωμίων
1252 1648 1645 1718 προτρέπεται,
1699 1648 1793 1703 καί

227 1745 406 1800 φησιν,
433 1730 517 1783 ὅτι
539 1732 760 1803 ’Ὠσπερ
779 1733 846 1787 τὰ
872 1733 1009 1789 ἄλλα
1041 1737 1217 1792 πάντα
1245 1740 1383 1808 μετά
1398 1740 1445 1773 ¹²
1476 1741 1796 1813 περισσείας

224 1822 393 1892 ἔχετε,
435 1821 580 1877 οὕτω
607 1827 703 1878 καὶ
733 1826 989 1893 ἐνταῦθα,
1025 1829 1124 1900 οὐχ
1162 1830 1251 1885 ἵνα
1276 1830 1435 1897 δῶτε,
1467 1831 1585 1885 ἀλλ’
1630 1832 1716 1887 ἵνα
1744 1837 1792 1869 ³³

224 1912 611 1984 περισσεύητε.
657 1915 690 1984 ἢ
726 1916 867 1988 ὑπὲρ
895 1919 1023 1982 τοὺς
1060 1920 1400 1986 Μακεδόνας,
1444 1923 1477 1994 ἢ
1514 1922 1600 1976 ίνα
1633 1924 1792 1994 δαψι-

224 2004 486 2075 λεὺσησθε
514 2007 724 2072 ἁπλῶς.
758 2009 987 2063 «Πίστει
1014 2029 1032 2062 ι
1067 2011 1144 2076 δὲ,
1168 2016 1233 2082 τῇ
1263 2014 1372 2067 τῶν
1402 2014 1791 2086 χαρισμάτων,

221 2098 285 2166 τῇ
311 2097 621 2170 ἀδιστάκτῳ
642 2116 658 2132 ο
694 2098 712 2152 ι
743 2100 908 2173 λόγῳ,
938 2121 957 2154 ι
983 2103 1063 2173 τῷ
1094 2107 1193 2175 τῆς
1218 2106 1410 2175 σοφίας
1429 2125 1443 2140 ο
1470 2127 1488 2159 ι
1520 2107 1745 2176 γνώσει,
1769 2128 1787 2162 ι

219 2190 284 2258 τῇ
310 2189 417 2244 τῶν
441 2190 730 2261 δογμάτων
753 2208 768 2222 ο
811 2211 830 2245 ι
867 2194 965 2248 καὶ
993 2196 1195 2268 σπουδῇ
1223 2198 1393 2270 πάσῃ,
1411 2217 1429 2250 ι
1475 2202 1540 2272 τῇ
1572 2202 1652 2265 εἰς
1695 2199 1794 2271 τὴν

219 2280 386 2351 ἄλλην
437 2283 679 2355 ἀρετήν’
729 2286 823 2338 καὶ
873 2289 940 2357 τῇ
977 2287 1036 2354 ἐξ
1086 2289 1241 2360 ὑμῶν
1287 2290 1346 2343 ὲν
1393 2291 1526 2361 ἡμῖν
1580 2292 1791 2365 ἀγάπῃ.

221 2372 456 2444 Προεῖπε
503 2376 637 2445 γὰρ,
672 2376 756 2430 ὅτι
790 2377 1170 2442 Ἐνεδείξασθε
1213 2380 1292 2451 τῷ
1348 2381 1493 2454 Τίτῳ
1524 2382 1624 2453 τὴν
1659 2386 1796 2456 πρὸς

219 2466 318 2535 ἐμὲ
347 2466 597 2537 ἀγάπην,
634 2469 926 2540 ζηλοῦντες
956 2472 1096 2544 ὑπὲρ
1130 2472 1289 2542 ἐμοῦ.

295 2572 316 2606 ι
356 2557 429 2610 Οὐ
458 2559 582 2612 κατ’
602 2560 872 2633 ἐπιταγὴν
899 2563 1064 2632 λέγω.
1106 2582 1123 2614 ι
1157 2563 1473 2635 Τουτέστιν,
1513 2568 1633 2623 Οὐκ
1666 2569 1796 2625 ἀνα-

217 2647 442 2714 γκάζων
483 2650 652 2720 ὑμᾶς,
684 2650 808 2707 οὔτε
843 2653 921 2718 ὡς
959 2654 1425 2723 κατεξουσιάζων.

291 2851 312 2886 ι
376 2833 524 2888 Αλλά
578 2834 671 2889 διὰ
729 2838 829 2907 τῆς
880 2839 1085 2910 ἑτέρων
1132 2841 1391 2914 σπουδῆς,
1427 2845 1523 2900 καὶ
1580 2847 1642 2900 τὸ
1696 2850 1797 2921 τῆς

216 2925 491 2998 ὑμετέρας
543 2929 765 3000 ἀγάπης
797 2930 1023 2999 γνήσιον
1064 2931 1397 3003 δοκιμάζων.
1444 2954 1464 2988 ι
1509 2937 1795 3007 Τουτέστι,

214 3018 313 3073 Διά
341 3018 503 3074 τοῦτο
533 3022 743 3075 ἐπαινῶ
771 3024 896 3085 τοὺς
927 3024 1268 3091 Μακεδόνας,
1291 3027 1380 3081 ἵνα
1402 3027 1494 3082 διὰ
1520 3029 1619 3100 τῆς
1649 3031 1796 3085 ἑκεί-

215 3129 322 3165 ιων
345 3115 588 3183 σπουδῆς
614 3115 714 3185 τὴν
744 3116 1022 3187 ὑμετέραν
1043 3119 1179 3189 πρὸς
1198 3120 1325 3184 τοὺς
1348 3121 1586 3193 πένητας
1607 3123 1797 3193 ἁγίους

212 3205 440 3277 ἀγάπην
460 3206 839 3280 δοκιμωτέραν
866 3210 1138 3276 ἀποδείξω
1168 3213 1264 3267 καὶ
1294 3214 1711 3290 λαμπροτέραν.

294 3316 316 3350 ι
353 3299 664 3355 Γινώσκετε
719 3300 831 3374 γὰρ
876 3304 977 3375 τὴν
1021 3305 1184 3375 χάριν
1236 3305 1328 3360 τοῦ
1371 3308 1581 3380 Κυρίου
1637 3312 1797 3383 ἡμῶν

228 3395 412 3467 ’1ησοῦ
446 3395 719 3468 Χριστοῦ,
761 3396 846 3450 ὅτι
886 3398 955 3451 δι’
991 3398 1137 3468 ὑμᾶς
1179 3399 1495 3471 ἐπτώχευσε
1543 3403 1799 3472 πλούσιος

213 3489 311 3552 ὣν,
345 3489 438 3542 ἶνα
476 3488 636 3559 ὑμεῖς
676 3491 744 3559 τῇ
797 3489 1008 3543 ἐκείνου
1058 3490 1304 3561 πτωχείᾳ
1354 3490 1717 3563 πλουτήσητε.
1772 3514 1792 3549 ι

213 3581 540 3648 Τουτέστιν,
583 3582 934 3652 Ἐννοήσατε,
970 3581 1371 3650 ἀναλογίσασθε
1413 3583 1475 3637 τὸ
1514 3584 1658 3655 μέγα
1693 3604 1800 3658 μυ-

216 3675 471 3744 στήριον.
493 3673 588 3727 καὶ
611 3673 825 3737 οὐδενὸς
853 3672 1108 3743 φείσεσθε
1128 3673 1193 3728 ⁸⁸.
1214 3675 1278 3728 Ei
1295 3674 1404 3747 γὰρ
1434 3675 1685 3743 ἀπιστεῖς
1707 3680 1798 3747 ω,

221 3765 419 3838 φησιν,
462 3767 545 3820 ὅτι
584 3767 616 3837 ἡ
649 3766 895 3837 πτωχεία
926 3766 1162 3821 πλούτου
1202 3767 1322 3821 ἐστὶ
1374 3772 1673 3842 ποιητικὴ,
1719 3772 1803 3826 έν⁸

217 3859 416 3927 νόησον
448 3874 543 3911 σου
589 3858 684 3911 τὸν
722 3859 1023 3929 Δεσπότην,
1067 3859 1162 3914 καὶ
1217 3860 1403 3914 οὐκέτι
1449 3863 1798 3934 ἀπιστήσεις.

215 3952 282 4008 Εἰ
316 3953 394 4023 μὴ
447 3952 556 4024 γὰρ
585 3952 793 4016 ἐκεῖνος
829 3953 1164 4024 ὲπτώχευσε,
1213 3956 1484 4024 τουτέστι,
1520 3957 1621 4027 τὴν
1651 3957 1803 4013 κάτω

216 4045 488 4117 κειμένην
536 4045 631 4098 καλ⁸
694 4044 890 4117 ἄτιμον
942 4047 1122 4119 σάρκα
1181 4047 1437 4116 ἀνέλαϐε,
1490 4050 1586 4104 καὶ
1634 4050 1804 4106 τᾶλλα

217 4139 407 4192 πάντα
443 4136 545 4205 τῆς
580 4138 809 4208 ἀτιμίας
857 4138 1092 4210 ὑπέστη,
1146 4140 1244 4194 καὶ
1292 4141 1466 4196 ταῦτα
1505 4141 1576 4196 δι’
1632 4143 1802 4214 ἡμᾶς,

216 4231 352 4295 τοῦς
385 4232 659 4298 ἀναξίως,
684 4233 810 4296 τοὺς
849 4231 1102 4304 ἐχθροὺς,
1152 4232 1252 4286 οὐκ
1290 4231 1356 4286 ἂν
1391 4235 1553 4305 ἡμεῖς
1589 4234 1807 4290 ·ὲπλου-

218 4328 498 4398 τήσαμεν.
518 4327 678 4380 Ποῖον
707 4325 765 4378 δὲ
797 4324 1030 4378 πλοῦτόν
1052 4341 1187 4395 φησι
1209 4343 1225 4393 ;
1248 4326 1352 4379 Τὸν
1369 4326 1471 4396 τῆς
1501 4327 1805 4397 εὐσεϐείας,

1897 637 2314 693 mouelacercm.
2344 639 2446 693 Per
2470 638 2588 692 hcce
2613 645 2790 691 autem
2818 634 3000 689 Titum
3030 634 3162 704 ipsis
3187 630 3466 696 conciliat,

1894 740 1953 784 ut
1984 730 2073 784 ubi
2122 729 2330 784 venerit
2365 740 2526 798 atque
2587 728 2653 782 de
2683 728 3026 798 eleemosyna
3064 724 3357 788 consnltet,
3391 724 3470 776 fa-

1892 821 2053 876 cilius
2080 821 2131 875 ei
2167 821 2416 885 credant,
2440 835 2539 874 ceu
2575 818 2838 889 cogitanti
2867 833 2990 888 quae
3017 819 3082 871 ad
3106 830 3294 872 eorum
3321 814 3466 869 salu-

1894 922 2000 969 tem
2053 912 2276 969 faciant.
2318 910 2526 967 Rursus
2585 923 2763 966 autem
2810 912 3040 981 gratiam
3082 909 3298 964 vocavit
3353 922 3466 961 rent

1893 1006 2053 1061 istam
2094 1021 2109 1058 :
2144 1019 2398 1075 magnum
2445 1003 2589 1059 enim
2622 1014 2810 1056 revera
2844 1012 2927 1058 est
2989 1017 3053 1056 ac
3104 999 3200 1056 Dei
3241 1001 3467 1061 donum,

1894 1112 2151 1168 eumque,
2191 1098 2283 1167 qui
2326 1097 2442 1168 ejus
2510 1104 2595 1151 est
2647 1094 2938 1165 particeps,
3011 1094 3123 1149 Deo
3165 1091 3472 1148 assimilare

1895 1189 2058 1246 valet.
2097 1188 2250 1245 Unde
2280 1197 2337 1243 et
2374 1187 2590 1255 sapiens
2619 1183 2893 1256 quispiam
2933 1184 3069 1238 dixit
3100 1198 3116 1237 :
3161 1199 3180 1233 ι
3219 1180 3469 1251 Magnum

1892 1281 2148 1351 quiddam
2184 1288 2266 1334 est
2297 1279 2481 1341 homo,
2511 1288 2566 1332 et
2595 1277 2895 1347 pretiosum
2935 1275 3019 1330 vir
3052 1274 3379 1330 misericors.
3412 1291 3428 1324 ι

1968 1371 2137 1427 Vsus.
2179 1374 2232 1427 7.
2272 1389 2291 1423 ι
2333 1369 2442 1427 Sed
2472 1362 2627 1426 sicut
2650 1369 2703 1423 in
2731 1369 2984 1424 omnibus
3020 1365 3311 1421 abundatis
3371 1366 3473 1419 [ide

1893 1476 1949 1523 et
1972 1479 2225 1521 sermone
2254 1473 2309 1518 et
2354 1462 2581 1519 scientia
2612 1472 2664 1516 et
2687 1462 2834 1517 omni
2868 1458 3237 1516 sollicitudine
3258 1468 3313 1511 et
3341 1458 3473 1511 cha-

1894 1560 2060 1614 ritate
2089 1568 2274 1614 vestra
2303 1558 2356 1613 in
2394 1572 2514 1623 nos,
2545 1568 2606 1613 ut
2637 1556 2764 1612 etin
2791 1556 2894 1610 hac
2919 1554 3089 1625 gratia
3115 1551 3418 1607 abundetis.
3450 1569 3468 1601 I

1893 1650 2186 1707 Laudando
2243 1650 2584 1716 adhortatur,
2639 1649 2944 1719 inquiens:
3004 1645 3473 1712 Quemadmodum

1897 1756 2093 1799 caatera
2124 1743 2306 1797 omnia
2337 1742 2554 1798 abunde
2592 1741 2814 1805 tenetis,
2853 1740 2931 1795 sic
2962 1748 3018 1794 et
3050 1739 3153 1793 hoc
3197 1736 3339 1800 loco,
3368 1751 3474 1789 non

1899 1847 1955 1894 ut
1987 1837 2150 1902 detis,
2176 1851 2365 1892 verum
2389 1845 2448 1890 ut
2477 1834 2811 1896 exuberetis,
2837 1831 2918 1886 vel
2945 1845 3109 1901 supra
3129 1829 3472 1894 Macedones,

1899 1932 1984 1986 vel
2015 1938 2074 1984 ut
2104 1929 2245 1998 largi
2269 1928 2390 1984 sitis
2415 1926 2754 1996 simpliciter.
2782 1943 2800 1976 ι
2832 1924 2964 1979 Fide
3000 1942 3017 1976 ι
3055 1933 3258 1988 autem,
3283 1937 3476 1991 nempe

1895 2022 2311 2087 charismatum,
2348 2019 2695 2084 indubitata;
2736 2036 2753 2069 ‹
2792 2030 3069 2079 sermone,
3103 2033 3121 2066 ι
3153 2014 3473 2082 sapientiae;

1895 2116 2144 2181 scientia,
2189 2114 2599 2179 doctrinarum;
2658 2130 2677 2163 ι
2726 2108 2781 2167 et
2826 2110 2975 2166 omni
3019 2106 3409 2171 sollicitudine,
3452 2124 3472 2159 ι

1896 2222 2024 2277 erga
2056 2205 2215 2261 aliam
2263 2204 2563 2259 virtutem:
2608 2220 2627 2254 ι
2671 2212 2725 2257 et
2778 2200 3070 2265 cltaritate,
3126 2219 3144 2253 ι
3186 2215 3347 2271 quam
3380 2214 3477 2253 vos

1897 2298 1951 2355 in
1993 2315 2092 2356 nos
2124 2298 2358 2354 habetis.
2416 2294 2553 2351 Nam
2582 2310 2745 2365 supra
2795 2294 2953 2362 dixit,
3007 2292 3294 2348 lndicastis
3348 2289 3475 2346 Tito

1898 2391 2247 2448 dilectionem
2278 2396 2517 2446 vestram
2551 2389 2605 2443 in
2644 2402 2750 2454 me,
2784 2387 3107 2443 aemulantes
3132 2399 3234 2455 pro
3260 2398 3364 2439 me.

1968 2573 2137 2630 Vsus.
2177 2571 2229 2628 8.
2271 2590 2289 2624 ι
2330 2569 2447 2625 Non
2486 2568 2639 2640 quasi
2690 2569 2964 2639 imperans
2989 2567 3131 2622 dico.
3176 2584 3193 2616 ι
3227 2564 3339 2620 11οο
3370 2572 3473 2633 cst,

1899 2666 2065 2738 285
2102 2679 2208 2719 non
2251 2678 2387 2735 cogo
2420 2677 2538 2727 vos,
2574 2674 2750 2731 neque
2797 2659 2947 2715 velut
2999 2657 3234 2729 aliquam
3272 2657 3325 2712 in
3376 2671 3473 2711 vos

1900 2766 2224 2832 potestatem
2257 2757 2485 2812 habens.

1948 2846 1994 2905 ἰ
2035 2852 2143 2908 Sed
2187 2866 2283 2921 per
2314 2850 2545 2905 aliorum
2596 2847 3043 2910 sollicitudinem,
3094 2844 3256 2900 etiam
3284 2850 3480 2899 vestrae

1899 2943 2182 2998 charitatis
2208 2941 2499 3011 ingenuum
2524 2939 2725 2995 bonum
2771 2938 3186 3007 comprobans.»
3224 2935 3336 2990 lloc
3364 2943 3470 3000 est,

1899 3043 2190 3108 propterea
2214 3035 2375 3091 laudo
2409 3033 2761 3100 Macedones,
2786 3042 2846 3088 ut
2876 3048 2976 3102 per
3007 3031 3222 3088 illorum
3254 3031 3479 3099 diligen-

1901 3132 2030 3186 tiam
2096 3143 2334 3186 veStram
2370 3143 2499 3199 erga
2559 3141 2830 3198 pauperes
2862 3135 3087 3181 sanctos
3129 3123 3475 3179 dilectionem

1819 3238 1864 3302 ρ
1902 3223 2269 3295 probatiorem
2301 3231 2354 3277 et
2391 3219 2771 3291 fuigentiorem
2806 3218 3049 3274 reddam.

1971 3315 2138 3371 Vens.
2170 3314 2226 3371 9.
2280 3332 2298 3367 ι
2367 3313 2534 3368 Scitis
2581 3311 2727 3365 enim
2777 3310 3010 3380 gratiam
3057 3307 3267 3363 Domini
3305 3306 3474 3361 nostri

1901 3404 2030 3460 Jesu
2059 3403 2289 3470 Christi,
2317 3402 2461 3473 quod
2508 3389 2730 3470 propter
2766 3414 2862 3454 vos
2906 3413 3112 3470 panper
3150 3398 3329 3453 factus
3372 3406 3479 3461 est,

1904 3513 2025 3552 cum
2050 3497 2200 3552 dives
2216 3504 2383 3560 esset,
2407 3503 2469 3550 ut
2497 3494 2641 3548 illius
2670 3492 2852 3561 inOpia
2872 3507 2968 3547 vos
2987 3491 3181 3546 divites
3208 3489 3426 3546 essetis.
3455 3508 3472 3540 δ

1903 3588 2017 3644 Hoc
2046 3596 2152 3653 est,
2184 3578 2441 3658 cogitate,
2475 3586 2767 3656 expendite
2806 3583 3086 3639 vobiscum
3134 3583 3324 3653 ingens
3359 3595 3481 3651 my-

1906 3680 2157 3747 sterium,
2190 3691 2246 3735 ct
2289 3678 2423 3733 nulli
2475 3679 2550 3732 rei
2585 3677 2841 3748 parcetis.
2876 3675 2934 3730 Si
2970 3675 3113 3729 enim
3149 3688 3255 3728 non
3282 3673 3481 3737 credis,

1906 3773 2116 3844 inquit,
2147 3772 2296 3843 quod
2366 3778 2658 3839 paupertas
2710 3767 3023 3822 divitiarum
3080 3763 3150 3819 sit
3197 3762 3480 3825 eﬂ‘ectrix,

1854 3874 1861 3883 '
1907 3866 2195 3924 considera
2226 3864 2513 3920 Dominum
2548 3873 2722 3926 tuum,
2759 3869 2830 3916 et‘
2859 3874 2965 3914 non
2998 3858 3228 3928 amplius
3273 3855 3486 3910 dubita-

1908 3960 2013 4015 bis.
2059 3956 2176 4014 Nisi
2208 3958 2356 4011 enim
2395 3955 2486 4010 ille
2535 3968 2739 4025 pauper
2774 3952 2955 4008 factus
3007 3958 3175 4016 esset,
3227 3947 3330 4002 hoc
3379 3956 3484 4011 εει.

1907 4052 2048 4109 infra
2092 4050 2363 4120 iacentem
2397 4057 2451 4104 et
2507 4047 2793 4119 ingloriam
2844 4059 3069 4100 carnem
3123 4040 3484 4110 suscepisset,

1910 4145 2127 4214 aliaque
2171 4152 2365 4199 cuncta
2431 4139 2827 4196 contumeliosa
2900 4135 3271 4203 sustinuisset,
3328 4132 3489 4201 idque

1908 4245 2135 4308 propter
2167 4250 2266 4290 nos
2295 4234 2568 4301 indignos,
2602 4232 2858 4286 inimicos
2887 4243 3038 4295 suos,
3080 4242 3180 4282 nos
3227 4225 3370 4280 haud
3404 4238 3491 4279 es-

1911 4345 2094 4386 semus
2135 4328 2312 4383 ditati.
2361 4326 2563 4393 Quales
2611 4334 2793 4381 autem
2843 4336 2975 4393 opes
3017 4320 3139 4375 ait?
3194 4319 3487 4383 Pietatem,

214 4416 315 4468 τὸν
345 4415 718 4487 καθαρισμὸν,
755 4414 847 4469 τὸν
880 4416 1310 4486 ἀγιασμδν,”καὶ
1338 4416 1511 4472 τᾶλλα
1535 4418 1742 4488 ἀγαθὰ,
1770 4418 1796 4475 ἃ

1911 4421 2226 4493 puritatem,
2285 4417 2798 4480 sanctiﬁcatiouem,
2834 4422 3142 4482 caeteraque
3173 4411 3336 4474 bona,
3372 4424 3492 4480 qua:

217 4508 320 4560 καὶ
345 4506 515 4560 ἔδωκε
542 4508 637 4560 καὶ
669 4505 850 4560 δώσει.

1913 4529 2036 4568 cum
2063 4513 2211 4567 dedit
2241 4520 2355 4566 tum
2396 4510 2625 4565 daturus
2659 4517 2763 4562 est;

298 4618 320 4650 σ
363 4599 475 4652 Καὶ
507 4597 735 4669 γνώμην
783 4601 840 4651 ἐν
869 4599 1045 4669 τούτῳ
1082 4599 1309 4671 δίδωμι·
1333 4600 1492 4656 τοῦτο
1535 4602 1645 4674 γὰρ
1675 4603 1796 4674 ὑμῖν

1984 4604 2149 4661 Vens.
2182 4605 2271 4660 {0.
2306 4622 2325 4656 ι
2361 4604 2425 4657 Ει
2452 4602 2739 4658 οοτιεῑιίυιιι
2777 4600 2831 4654 in
2861 4599 3050 4675 Itac‘re
3074 4596 3175 4652 do:
3212 4595 3317 4652 hoc
3347 4595 3491 4651 enim

222 4694 526 4765 συμφέρει.
574 4712 593 4746 ι
630 4693 773 4764 Ὅρα
809 4694 928 4758 πῶς
957 4694 1273 4766 ἀνεπαχθὴς
1303 4691 1444 4751 εῖναι
1476 4698 1801 4764 σπουδάζει.

226 4808 247 4842 ι
288 4787 527 4859 Γνώμην
557 4805 576 4840 ι
609 4786 741 4857 γὰρ,
774 4787 931 4858 φησὶ,
971 4806 989 4838 t
1023 4788 1253 4858 δίδωμι·
1294 4807 1314 4843 ι
1350 4790 1624 4857 τουτέστι,
1655 4793 1805 4864 Συμιο

218 4880 450 4950 δουλὴν,
486 4880 586 4933 οὐκ
631 4878 877 4949 ἀνάγκην
905 4877 1222 4950 ἐπιτίθημι·
1261 4880 1357 4933 καὶ
1388 4881 1560 4952 αὐτὴν
1616 4883 1672 4936 δὲ
1701 4884 1806 4954 τὴν

1912 4699 2068 4755 vobis
2122 4698 2253 4752 utile
2309 4707 2412 4751 est.
2468 4714 2487 4747 ι
2521 4690 2912 4748 Animam/erle
2964 4689 3236 4761 quomodo
3275 4688 3496 4743 minime

1915 4791 2179 4848 molestus
2207 4803 2329 4843 esse
2381 4785 2696 4842 conten-dat.
2736 4800 2754 4834 ι
2804 4780 3110 4838 Consilium
3148 4797 3168 4833 ι
3217 4777 3495 4842 euim,in-
3552 4802 3559 4807 -

1916 4884 2052 4955 quit,
2092 4902 2110 4934 ι
2154 4883 2241 4948 do,
2293 4899 2311 4931 ι
2350 4880 2403 4934 id
2445 4889 2549 4947 est,
2617 4876 2870 4944 consulo,
2934 4891 3044 4933 non
3108 4871 3493 4930 necessitatem

221 4973 545 5044 συμϐουλὴν
573 4970 837 5042 ποιοῦμαι
872 4972 961 5026 διὰ
994 4972 1054 5025 τὸ
1092 4972 1394 5045 συμφέρειν
1423 4974 1555 5046 ὑμῖν
1606 4977 1796 5049 μόἰλλοι¹

1910 4978 2149 5046 impono.
2211 4972 2362 5028 Istud
2402 4980 2581 5026 autem
2614 4970 2902 5027 consilium
2949 4968 3039 5035 do,
3073 4981 3139 5023 eo
3169 4964 3311 5037 quod
3338 4963 3492 5018 vobis

220 5069 257 5140 ἢ
288 5069 407 5129 τοῖς
434 5064 709 5134 λαμϐάνον
718 5082 822 5118 σιν.

304 5178 325 5211 ι
366 5159 581 5219 Οῖτινες
606 5157 667 5211 οὐ
705 5156 864 5227 μόνον
893 5155 954 5208 τὸ
976 5157 1220 5227 ποιῆσαι,
1252 5158 1387 5214 ἀλλὰ
1418 5159 1513 5214 καὶ
1541 5162 1602 5216 τὸ
1633 5162 1810 5217 θέλειν

1912 5070 2084 5139 magis
2112 5069 2283 5137 prosit
2310 5081 2474 5136 quam
2511 5064 2934 5133 accipientibus.

1987 5162 2145 5216 Vens.
2180 5160 2268 5225 10,
2327 5159 2416 5214 Η.
2447 5177 2466 5211 ι
2513 5158 2614 5225 Qui
2660 5174 2765 5212 non
2821 5156 2994 5211 solum
3054 5152 3259 5216 facere,
3308 5148 3402 5205 sed
3438 5156 3495 5202 et

225 5249 647 5324 προενήρξασθε
675 5249 782 5302 ἀπὸ
813 5249 1048 5320 πέρυσι·
1089 5249 1216 5304 νυνῒ
1243 5250 1298 5304 δὲ
1340 5252 1437 5306 καὶ
1483 5253 1544 5307 τὸ
1582 5256 1796 5325 ποιῆσαι

1909 5254 2045 5311 velle
2082 5253 2323 5324 caapistis
2380 5253 2448 5308 ab
2484 5267 2626 5305 anno
2681 5250 2980 5319 superiore,
3041 5260 3184 5301 nunc
3252 5259 3384 5299 vero
3437 5254 3493 5296 et

221 5342 605 5400 ἐπιτελέσατε.
651 5360 680 5393 ιη
702 5340 898 5396 Οὐκέτι
941 5341 1005 5394 ὲκ
1036 5341 1136 5412 τῆς
1168 5341 1280 5396 τῶν
1319 5344 1523 5417 ἐτέρων
1573 5348 1796 5420 σπουδῆς

1916 5345 2058 5402 facto
2098 5344 2360 5414 perlicite.
2402 5363 2420 5396 ι
2468 5343 2584 5398 Non
2634 5358 2797 5413 porro
2826 5358 2889 5396 ex
2934 5340 3162 5394 aliorum
3196 5336 3373 5391 studio
3399 5351 3493 5390 eos

225 5438 434 5499 αὐτοὺς
465 5434 857 5508 προτρέπεται,
884 5434 999 5487 ἀλλ’
1031 5436 1095 5488 ἐκ
1121 5435 1223 5505 τῆς
1253 5437 1431 5491 αὐτῶν
1466 5438 1770 5511 προθυμίας
1789 5458 1804 5472 ο

227 5532 326 5586 καί
365 5547 556 5600 φησιν,
604 5529 686 5582 ὅτι
745 5527 994 5589 Ἐκόντες
1025 5528 1118 5579 ἐπὶ
1158 5528 1315 5581 τοῦτο
1363 5530 1578 5600 ἤλθετε,
1613 5532 1705 5585 καὶ
1745 5533 1807 5586 οὐ

232 5623 399 5693 μόνον
433 5618 609 5688 ἀρχὴν
643 5614 1006 5671 κατεδάλεσθε
1036 5617 1175 5686 πρὸς
1214 5617 1277 5670 τὸ
1306 5620 1503 5687 ποιεῖν,
1541 5620 1678 5675 ἀλλὰ
1707 5622 1805 5675 καὶ

1919 5433 2369 5500 commonefacit,
2401 5442 2658 5488 czeternm
2690 5448 2756 5485 ex
2776 5446 2871 5485 sua
2902 5430 3139 5499 ipsorum
3168 5426 3488 5496 promptitu-

1917 5527 2062 5583 dine.
2097 5524 2324 5596 Sponte.
2359 5527 2632 5596 inquiens,
2668 5525 2734 5577 ad
2775 5524 2876 5576 hoc
2904 5519 3153 5585 venistis,
3191 5534 3289 5573 nec
3319 5517 3491 5572 solum

1917 5619 2149 5676 faciendi
2190 5617 2602 5673 fundamentum
2652 5614 2900 5687 jeeistis,
2948 5627 3135 5668 verum
3192 5611 3356 5667 etiam
3399 5625 3493 5664 vo-

1557 5715 1758 5779 Variao
1796 5716 2128 5781 lectiones.

306 5819 363 5891 at
385 5815 529 5882 μέγα,
548 5812 668 5891 -γάρ
696 5808 1001 5881 ἄνθρωπος,
1028 5811 1167 5884 ἀνὴρ
1194 5812 1293 5868 καὶ·
1326 5814 1505 5889 τίμιος
1531 5818 1778 5891 ἐλεήμων
1800 5834 1851 5877 o.

239 5889 307 5923 ⁸⁸·
344 5887 627 5943 ἀπιστεῖτε
664 5903 716 5944 ο.

1918 5886 1921 5889 _
1983 5821 2030 5853 ³³
2061 5819 2122 5872 ἐκ
2163 5832 2212 5873 o.
2366 5815 2410 5847 ”
2439 5815 2528 5869 ἵνα
2558 5813 2610 5867 δὲ
2647 5826 2699 5869 0.
2859 5810 2905 5845 “
2953 5812 3069 5867 οὐδὲ
3098 5808 3413 5877 νοσετείσεσθι
3443 5822 3493 5860 ι).
