3898 6558
528 356 640 431 833
1420 359 1999 432 THEOPHYLACTI
2038 374 2067 433 Ι

2176 377 2451 440 ,οΑιιυΕ
2478 383 2834 446 ARCHIEP.
3631 386 3715 453 εει

533 471 698 546 lendi,
729 473 828 534 hoc
860 477 977 544 'est,
1013 487 1070 533 ttt
1102 478 1389 534 voluntarii
1441 480 1698 550 nulloque
1745 482 2068 538 adhortante

2195 487 2328 555 πρὸς
2369 491 2429 544 τὸ
2459 491 2638 546 θέλειν
2664 510 2675 525 ·
2705 493 2979 561 τουτέστι,
3005 494 3142 567 πρὸς
3179 496 3244 550 τὸ
3270 496 3526 562 ἑκουσίως
3552 505 3711 565 aestv,

531 565 763 624 faciatis.
801 566 952 624 Nunc
985 567 1148 639 igitur
1177 569 1462 624 consilium
1493 571 1644 627 vobis
1674 573 1761 640 do,
1792 582 1850 626 ut
1879 583 1932 627 et
1961 589 2070 642 Opllt

2202 581 2292 632 κοιί⁵
2325 583 2552 652 μηδενὸς
2577 565 3062 657 προτρεψαμένου(
3089 587 3224 642 Νυνὶ
3251 585 3345 642 οὖν
3371 589 3586 662 γνώμην
3613 591 3713 662 ὑμῖν

527 661 841 732 perﬁciatis.

2201 670 2414 743 δίδωμι,
2446 674 2531 728 ἵνα
2566 678 2661 730 καὶ
2705 678 2766 731 τὸ
2798 677 2974 748 ἔργον
2994 679 3367 748 ἐπιτελέσητε.

615 773 636 807 ε
674 754 740 810 Ut
771 753 1224 824 quemadmodum
1263 765 1546 826 promptus
1603 765 1688 812 est
1738 756 1948 812 animus
2001 770 2066 811 vo

2279 779 2298 814 ι
2340 764 2527 830 Ὅπως
2563 768 2818 839 καθάπερ
2849 771 2882 840 ἡ
2932 769 3214 841 προθυμία
3253 770 3348 824 τοῦ
3381 771 3578 840 θέλειν,
3604 775 3715 828 οὕτω

528 844 748 902 lnntatis
768 887 784 914 ,
829 847 900 902 ita
931 847 1097 908 εἰιει,
1110 846 1420 917 perﬁciendi
1453 863 1517 903 ex
1550 863 1615 902 eo
1640 849 1782 918 quod
1813 849 2041 904 habetis.

2199 853 2294 905 καὶ
2325 853 2383 907 τὸ
2422 856 2733 911 ἐπιτελέσαι
2777 860 2841 913 ἐκ
2874 859 2968 912 τοῦ
2994 859 3156 930 ἔχειν.
3193 877 3223 912 ι
3254 860 3374 914 Ἵνα
3415 859 3484 932 μὴ
3507 863 3618 932 ἄχρι
3641 863 3716 934 τῆς

531 941 597 996 Ut
634 941 831 996 bonum
859 939 912 994 in
946 939 1373 1008 promptitudine
1397 954 1500 994 non
1529 939 1706 1007 sistat,
1736 937 1830 995 sed
1857 949 1910 995 rt
1934 954 2070 1008 operi

2199 944 2515 1015 προθυμίας
2553 951 2651 1018 στῇ
2696 949 2757 1004 τὸ
2802 949 2988 1017 καλὸν,
3017 949 3157 1006 ἀλλὰ
3203 949 3303 1006 καὶ
3329 946 3558 1024 ἐργασθῇ
3589 953 3717 1008 "st-

527 1033 864 1104 pert'lciatur.
895 1032 1029 1086 Nam
1058 1031 1197 1086 sicut
1229 1033 1711 1103 promptitudihem
1743 1043 1798 1088 et
1822 1033 2061 1088 delibera

2197 1035 2486 1108 λειότερον.
2523 1039 2736 1112 ’Ὠσπερ
2767 1039 2875 1113 γὰρ
2903 1042 3001 1114 τὴν
3030 1042 3344 1114 προθυμίαν
3381 1044 3473 1097 καὶ
3499 1045 3714 1116 προαίρεο

528 1127 732 1180 tionem
788 1123 1039 1179 voluntas
1088 1123 1240 1190 facit,
1296 1123 1376 1178 sic
1429 1132 1485 1179 et
1541 1137 1676 1193 opus
1723 1138 1788 1179 ex
1838 1121 2067 1179 facultati

2201 1143 2286 1182 σιν
2314 1128 2374 1182 τὸ
2413 1129 2590 1184 θέλειν
2615 1135 2795 1186 ποιεῖ·
2819 1131 2964 1190 οὑτω
2998 1138 3095 1190 καὶ
3124 1135 3185 1188 τὸ
3214 1131 3377 1206 ἔργον
3410 1137 3471 1188 ἐκ
3495 1135 3580 1188 τού
3603 1135 3715 1206 ἔχειν

527 1216 791 1272 nascitur.
825 1215 927 1283 Qui
955 1217 1119 1286 igitur
1154 1215 1342 1280 habet,
1373 1213 1596 1286 impleat
1622 1231 1756 1288 opus
1797 1234 1812 1270 :
1846 1232 1976 1272 nam
2003 1233 2066 1286 qu

2197 1210 2429 1287 γίνεται.
2463 1222 2657 1287 Ὅστις
2695 1224 2742 1258 ⁸⁵
2763 1224 2855 1280 οὖν
2898 1226 3036 1297 ἔχει,
3087 1226 3432 1298 πληρωσάτω
3465 1227 3523 1280 τὸ
3559 1227 3714 1297 ἔργον·

527 1315 632 1364 non
709 1308 894 1374 habet,
951 1308 1094 1379 quod
1161 1308 1229 1363 ad
1286 1309 1616 1364 voluntatem
1677 1309 1903 1377 attinet,
1962 1323 2065 1378 opu

2195 1309 2271 1376 ὡς
2291 1313 2318 1367 ὃ
2337 1323 2402 1382 γε
2427 1313 2504 1385 μὴ
2519 1314 2680 1387 ἔχων,
2702 1317 2765 1370 τὸ
2783 1318 2893 1372 ἀπὸ
2916 1318 3017 1390 τῆς
3038 1319 3411 1390 προαιρέσεως
3428 1317 3714 1391 ἐπλήρωσεν.

525 1399 792 1468 implevit.

603 1488 766 1550 Vens.
814 1493 901 1549 12.
941 1512 963 1548 ι
993 1494 1050 1550 Si
1074 1495 1216 1549 enim
1271 1493 1520 1548 voluntas
1553 1502 1800 1563 prompta
1855 1500 1959 1559 est,
2010 1505 2096 1549 se-

2272 1511 2303 1546 ιτ
2344 1493 2406 1547 Εἰ
2434 1494 2608 1566 γὰρὴ
2653 1495 2931 1567 προθυμία
2984 1496 3301 1568 πρόκειται,
3356 1493 3488 1548 καθὸ
3535 1493 3715 1568 lavi“

524 1589 760 1642 cundum
799 1589 850 1643 id
878 1588 1020 1658 quod
1055 1587 1218 1643 habet
1264 1595 1482 1656 accepta
1511 1596 1620 1654 est,
1651 1601 1755 1641 non
1797 1587 2063 1641 secundum

2195 1593 2301 1651 τις,
2333 1586 2754 1658 εὐπρόσδεκτος,
2782 1590 2845 1644 οὑ
2876 1587 3010 1644 καθὸ
3035 1590 3134 1643 οὑκ
3153 1589 3291 1660 ἔχει.
3329 1605 3348 1638 ι
3374 1588 3510 1658 Ὅρα
3542 1587 3715 1656 σοφίαν,

527 1679 581 1734 id
613 1680 756 1750 quod
793 1693 900 1735 non
948 1679 1134 1734 habet.
1191 1697 1210 1731 ι
1272 1676 1408 1734 Vide
1458 1679 1780 1750 sapientiam
1831 1678 1967 1748 ejus,
2013 1687 2066 1732 ut

2196 1678 2314 1743 πῶς
2367 1682 2492 1744 τοὺς
2545 1681 2890 1749 Μακεδόνας,
2947 1682 3075 1746 τοὺς
3133 1681 3543 1742 Θεσσαλονικεϊς
3586 1697 3713 1750 φημι,

523 1762 842 1832 ιίαεειιοηεε
905 1771 1436 1846 (Thessalonicenses
1507 1773 1750 1845 inquam)
1815 1787 2062 1829 commeo

2196 1771 2510 1837 ἐπαινέσας,
2547 1773 2624 1837 ὡς
2678 1775 2819 1846 ὑπὲρ
2847 1771 3078 1846 δύναμιν
3131 1773 3487 1844 ποιήσαντας,
3537 1769 3713 1834 τούτους

2203 1864 2311 1883 ,ομ
2341 1881 2348 1883 .
2428 1863 2485 1883 \r
2541 1881 2546 1883 _
2632 1865 2658 1878 ο
2751 1867 2773 1883 θ
2855 1865 2868 1883 ι
3072 1868 3134 1883 οι
3187 1866 3288 1883 θην
3379 1863 3495 1883 τοι..
3529 1857 3604 1883 ,τη
3642 1862 3713 1883 -.\-_

530 1865 690 1932 dans,
722 1867 868 1936 quod
910 1882 1073 1937 supra
1124 1868 1268 1923 vires
1315 1866 1690 1937 prastiterint,
1733 1866 1801 1920 ab
1843 1863 1927 1920 his
1956 1863 2068 1918 nihi

2195 1864 2350 1918 οὐδὲν
2387 1863 2549 1920 πλέον
2596 1865 2698 1936 τῆς
2745 1865 3030 1937 δυνάμεως
3061 1866 3307 1922 ἀπαιτεῖ,
3379 1863 3497 1917 Ἐὰν
3525 1857 3605 1917 οὖν
3639 1862 3713 1934 τὴν

528 1955 668 2012 ultra
705 1959 848 2012 vires
877 1967 1083 2026 poscat.
1117 1957 1173 2013 Si
1218 1958 1382 2028 igitur
1417 1957 1629 2012 animos
1657 1971 1855 2027 pronos
1883 1955 2067 2010 habue

2195 1955 2528 2027 προθυμίαν,
2576 1962 2764 2030 φησὶν,
2801 1958 2982 2029 ἔχητε,
3012 1956 3084 2012 τὰ
3131 1956 3276 2012 κατὰ
3305 1948 3528 2026 δύναμιν
3569 1955 3712 2023 eiset.

525 2049 667 2115 ritis,
699 2064 797 2118 pro
823 2049 964 2104 virili
989 2065 1109 2121 qua!
1132 2049 1362 2120 potestis
1390 2048 1746 2115 contribuite,
1777 2062 1841 2103 ac
1864 2045 2064 2115 suscipi

1777 2062 1841 2103 ac
1864 2045 2098 2115 suscipit
2197 2062 2344 2117 ρετε,
2368 2047 2465 2104 καὶ
2493 2049 2854 2122 προσδέχεται
2882 2048 3056 2105 ταῦτα
3081 2051 3110 2104 ό
3137 2049 3295 2112 Θεός.

521 2136 640 2198 haec
671 2140 832 2198 Deus.

595 2229 759 2287 Vens.
793 2231 880 2286 l3.
909 2250 930 2285 ι
966 2232 1081 2288 Νοη
1106 2233 1250 2288 enim
1287 2239 1348 2288 ut
1375 2231 1496 2288 aliis
1531 2232 1602 2288 sit
1637 2231 1905 2300 remissio,
1937 2229 2092 2288 vobis

2269 2249 2289 2284 ι
2328 2230 2408 2284 Οὐ
2439 2229 2547 2302 γὰρ
2572 2227 2661 2284 ἵνα
2689 2229 2872 2294 ἄλλοις
2895 2226 3102 2296 ἄνεσις,
3126 2229 3259 2302 ὑμῖν
3293 2230 3349 2284 δέ
3376 2227 3562 2299 θλίᾤις.
3591 2226 3710 2297 »οὐχ

535 2335 718 2380 autem
763 2324 1057 2380 tribulatio.
1096 2343 1116 2377 ι
1154 2324 1271 2379 Νοη
1317 2332 1377 2378 ut
1425 2322 1537 2387 alii,
1791 2323 1984 2393 inquit,
2036 2323 2074 2377 ir

2197 2317 2308 2384 ἵνα,
2343 2322 2531 2390 φησὶν,
2564 2320 2715 2375 ἄλλοι
2745 2322 2885 2393 μετὰ
2913 2323 3156 2384 ἀνέσεως
3207 2321 3488 2393 τρυφῶσιν
3535 2321 3593 2388 η,
3633 2322 3709 2390 χρὴ

520 2416 703 2485 quiete
756 2431 819 2472 ac
853 2416 1064 2472 deliciis
1093 2425 1278 2487 agant,
1328 2431 1424 2472 vos
1467 2425 1682 2486 oportet
1729 2431 1894 2486 supra
1945 2417 2059 2470 vire

2195 2412 2339 2483 ὑμᾶς
2379 2413 2520 2484 ὑπὲρ
2560 2411 2791 2483 δύναμιν
2818 2413 3026 2479 δοῦναι,
3088 2411 3233 2467 ὥστε
3289 2413 3383 2466 καὶ
3426 2413 3612 2467 ἔνδειαν
3645 2414 3710 2464 καὶ

520 2509 763 2580 elargiri,
805 2516 866 2564 ut
891 2524 960 2564 ex
996 2508 1103 2565 hoc
1133 2501 1423 2579 penuriam
1456 2517 1510 2562 et
1540 2501 1887 2562 aﬁlictionem
1925 2505 2059 2562 sttsti

2195 2504 2374 2578 θλῖψιν
2410 2507 2705 2576 ὑπομείναι
2739 2507 2805 2560 ἐκ
2837 2505 3052 2562 τούτου.
3105 2506 3308 2562 Καίτοι
3361 2507 3389 2560 ό
3435 2507 3614 2575 Κύριος
3637 2503 3709 2574 τὴν

519 2601 715 2656 uestis.
742 2600 908 2670 Atqui
938 2600 1200 2656 Dominus
1234 2600 1448 2655 viduam
1479 2599 1644 2655 etiam
1687 2597 1946 2664 laudavit,
1971 2613 2058 2667 qu:

2193 2598 2370 2669 χήραν
2401 2597 2687 2668 ἐπῄνεσεν,
2718 2597 2795 2661 ὡς
2845 2595 2967 2652 ὅλον
2998 2597 3088 2652 τὸν
3143 2597 3263 2668 βίον
3307 2597 3530 2651 δοῦσανο
3576 2593 3709 2650 ei.“

516 2707 710 2748 omnes
774 2691 1062 2747 facultates
1115 2706 1245 2747 suas
1299 2691 1564 2761 impertiit
1604 2693 1652 2746 ε.
1693 2689 1892 2746 Verum
1944 2689 2055 2746 enit

2195 2689 2406 2752 Παῦλος
2434 2684 2495 2743 οὑ
2541 2693 2691 2743 ποιεῖ
2718 2688 2878 2743 τοῦτο
2907 2688 3004 2743 νῦν
3025 2705 3038 2720 ’
3075 2689 3194 2760 ἅμα
3240 2688 3342 2759 μὲν
3372 2688 3501 2742 διότι
3536 2684 3708 2740 ἀσθενί-

520 2797 652 2839 vero
685 2783 888 2839 Paulus
919 2785 1022 2840 hoc
1039 2798 1188 2839 nunc
1227 2797 1332 2838 non
1360 2785 1492 2854 agit,
1519 2783 1712 2854 partim
1744 2784 1886 2852 quod
1915 2784 2058 2839 imbe

2194 2797 2374 2850 στεροι
2412 2775 2562 2853 ἦσαν
2596 2819 2613 2846 ,
2653 2780 2771 2850 ἅμα
2793 2779 2850 2833 δὲ
2882 2781 2964 2836 ὅτι
2996 2780 3090 2834 καὶ
3116 2779 3404 2834 πλούσιοι·
3430 2779 3519 2833 καὶ
3545 2777 3710 2839 πάντως

518 2875 762 2932 cilliorcs
792 2884 972 2942 erant,
1014 2872 1210 2946 partitn
1257 2875 1401 2940 quod
1438 2875 1677 2945 opulenti
1700 2886 1895 2931 erant:
1928 2884 2054 2946 atqu

2192 2874 2240 2927 εἰ
2270 2873 2406 2945 πρὸς
2427 2873 2656 2944 δύναμιν
2684 2873 2914 2938 ἔδωκαν,
2942 2872 3080 2943 ἁδρὰ
3107 2871 3198 2938 ἂν,
3216 2872 3320 2926 καὶ⁸
3349 2867 3618 2943 ἀξιόλογος,
3640 2865 3709 2920 καὶ

519 2969 750 3024 omnino
782 2968 826 3022 si
861 2982 959 3038 pro
986 2965 1194 3024 viribus
1217 2969 1334 3024 suis
1380 2965 1680 3032 dedissent,
1732 2981 1946 3040 magna,
1974 2968 2058 3024 exi

2193 2962 2426 3017 πλουσία
2468 2962 2686 3032 ἐγένετο
2715 2964 2756 3034 ἡ
2780 2962 2947 3025 δόσις.
2977 2963 3098 3016 Ἔτι
3124 2961 3180 3014 δὲ
3207 2963 3308 3016 καὶ
3337 2959 3534 3024 ἐλπίζει
3560 2959 3626 3010 ὅτι
3654 2955 3707 3025 τῷ

522 3060 629 3115 mia
683 3068 851 3129 atque
926 3058 1178 3128 opulenta
1232 3059 1558 3116 contributio
1611 3059 1826 3116 fuisset.
1886 3058 2061 3116 Deindt

2189 3059 2299 3111 τῶν
2337 3057 2775 3113 Θεσσαλονικέων
2825 3057 3189 3128 ὑποδείγματι
3245 3055 3448 3127 μᾶλλον
3486 3051 3708 3122 sumet.

523 3152 690 3208 etiam
724 3161 907 3222 sperat
933 3149 1496 3207 Thessalonicensium
1519 3151 1768 3221 exemplo
1795 3166 1888 3208 eos
1917 3152 2056 3222 magi

2195 3168 2376 3204 σονται
2395 3163 2409 3181 ⁶
2443 3152 2538 3204 καὶ
2563 3151 2650 3205 διὰ
2680 3150 2840 3205 τοῦτο
2869 3152 2962 3206 ἐπὶ
2991 3153 3056 3222 τῇ
3106 3149 3332 3221 ἐξουσίᾳ
3381 3148 3548 3203 αὐτῶν
3587 3147 3638 3216 ἐᾷ
3663 3142 3717 3228 τὸ.

517 3243 852 3311 excitandos,
891 3243 1115 3313 ideoque
1141 3243 1357 3298 illorum
1405 3243 1690 3299 arbitratui
1727 3259 1838 3300 rem
1866 3243 2056 3315 permit

2194 3245 2458 3314 πρᾶγμαο
2526 3241 2719 3313 ἀμέλει
2783 3244 2841 3297 ἐν
2888 3245 2999 3307 τοῖς
3032 3242 3159 3314 ἐξῆς
3205 3234 3607 3314 αἰνιγματωδῶς
3647 3237 3705 3299 εἰς

523 3335 608 3392 tit.
645 3333 886 3405 Denique
913 3335 965 3390 in
993 3335 1344 3406 sequentibus
1371 3335 1704 3392 subobscure
1746 3335 1813 3390 ad
1841 3336 2062 3392 eamden

1392 3335 1704 3392 tubobscure
1746 3335 1813 3390 ad
1841 3336 2090 3392 eamdem
2190 3335 2323 3389 αὑτὸ
2357 3334 2515 3389 τοῦτο
2546 3334 2931 3406 προτρέπεται.

520 3437 632 3478 rem
673 3424 940 3478 hortatur.

593 3513 759 3572 Vens.
794 3515 882 3570 M.
923 3533 940 3568 ι
977 3512 1082 3571 Sed
1116 3531 1181 3570 ex
1224 3515 1538 3586 aequalitate
1582 3515 1635 3571 in
1667 3515 1920 3585 praesenti
1953 3526 2091 3573 tem-

2268 3535 2285 3568 ι
2323 3515 2466 3570 Ἀλλ’
2507 3513 2568 3580 ἐξ
2597 3513 2844 3585 ἰσότητος
2883 3513 2942 3566 ἐν
2981 3513 3058 3585 τῷ
3079 3512 3175 3567 νῦν
3197 3513 3384 3586 καιρῷ
3403 3513 3461 3568 τὸ
3485 3511 3615 3584 ὑμῶν
3635 3527 3705 3563 πε-

517 3616 649 3680 ‘pore
677 3617 856 3662 vestra
909 3607 1246 3662 abundantia
1289 3607 1504 3662 illorum
1557 3607 1790 3678 inopiam
1820 3608 2056 3678 suppleat

2196 3609 2468 3681 ρίσσευμα
2515 3611 2596 3674 είς
2652 3609 2714 3663 τὸ
2751 3607 2980 3663 ἐκείνων
3025 3602 3356 3682 ὑστέρημαο
3419 3611 3502 3664 ίνα
3546 3607 3625 3662 καὶ
3662 3604 3703 3658 τὸ

521 3709 584 3754 ιιι
619 3708 675 3754 et
703 3699 916 3754 illorum
949 3697 1288 3753 abundantia
1321 3703 1513 3754 vestrae
1543 3699 1739 3770 inopia:
1775 3699 1846 3755 sit
1874 3698 2060 3770 supple

2191 3701 2419 3755 ἐκείνων
2439 3701 2782 3773 περίσσευμα
2803 3701 3029 3772 γένηται
3044 3703 3124 3764 εἰς
3144 3701 3204 3755 τὸ
3231 3700 3391 3773 ὑμῶν
3409 3700 3663 3771 ὑστέρημα.
3685 3714 3698 3747 ι

511 3799 778 3848 mentum.
821 3808 841 3843 ι
875 3787 988 3846 Hoc
1014 3800 1122 3858 est,
1168 3789 1376 3848 ﬁoretis
1409 3805 1504 3847 vos
1527 3792 1720 3862 opibus
1746 3801 1799 3848 et
1825 3791 2050 3862 pecuniis

2191 3788 2469 3860 Τουτέστι,
2509 3795 2731 3863 Κομᾶτε
2764 3795 3040 3864 χρήμασιν
3070 3794 3227 3864 ὑμεῖς
3249 3809 3264 3824 ’
3295 3795 3528 3864 κομῶσιν
3552 3792 3699 3844 ἐκεῖνοι

517 3882 597 3938 illi
628 3891 811 3938 autem
841 3881 1041 3939 ﬂorent
1073 3883 1270 3938 ﬁducia
1317 3891 1374 3939 et
1427 3883 1680 3939 libertate
1732 3899 1859 3953 erga
1896 3885 2056 3941 Deum

2191 3890 2258 3958 τῇ
2289 3888 2425 3958 πρὸς
2455 3886 2587 3941 Θεὸν
2635 3887 2941 3960 παρρησίᾳ.
2995 3887 3124 3942 Δότε
3157 3888 3340 3942 τοίνυν
3365 3889 3454 3958 ἀφ’
3495 3881 3562 3941 ὧν
3587 3877 3700 3956 ὑμεῖς

514 3972 651 4028 Date
697 3973 862 4045 igitur
892 3988 962 4029 ex
1012 3973 1078 4030 iis
1118 3973 1318 4044 quibus
1381 3988 1480 4030 vos
1526 3975 1814 4032 abnndatis
1858 3975 2053 4032 divitiis

2193 3978 2551 4050 περισσεύετε
2587 3979 2913 4052 χρημάτων,
2950 3980 3150 4033 ἐκεῖνοι
3178 3979 3234 4033 δὲ
3275 3980 3377 4034 οὑκ
3407 3979 3614 4050 ἔχουσιν,
3639 3977 3702 4030 ίνα

515 4061 592 4118 illi
623 4077 752 4119 vero
794 4063 1196 4128 destituuntur,
1235 4071 1294 4117 ut
1345 4064 1627 4136 accipiatis
1675 4081 1704 4119 a
1747 4066 1943 4121 ﬁducia
1981 4082 2050 4138 qu

2189 4067 2392 4138 λάϐητε
2441 4068 2550 4122 ἀπὸ
2583 4069 2682 4138 τῆς
2735 4067 3075 4140 παρρησίας,
3131 4067 3189 4121 ἐν
3331 4064 3598 4121 πλουτοῦσι
3631 4062 3701 4132 μὲν

515 4155 594 4210 illi
662 4155 880 4226 quidem
934 4154 1234 4224 locupletes
1283 4164 1434 4220 sunt,
1487 4171 1582 4213 vos
1647 4167 1825 4214 autem
1879 4160 2054 4231 inopes

2190 4162 2411 4226 ἐκεῖνοι,
2445 4159 2608 4230 ὑμεῖς
2653 4159 2712 4213 δὲ
2743 4159 3084 4231 ὑστερεῖσθε.
3119 4161 3265 4232 Ὅρα
3305 4160 3386 4224 δέ,
3413 4157 3522 4222 πῶς
3545 4154 3701 4210 λανθα-

512 4246 908 4303 Animadverte
939 4247 1210 4318 quomodo
1236 4247 1540 4304 clanculum
1564 4249 1849 4306 conﬁrmet
1878 4266 1939 4305 ac
1965 4267 2051 4322 pro

2189 4253 2388 4315 νόντως
2413 4253 2815 4318 κατασκευάζει
2848 4254 2909 4307 τὸ
2964 4253 3059 4308 καὶ
3093 4252 3234 4324 ὑπὲρ
3281 4248 3699 4322 δύναμιν-διδόναι·

513 4337 628 4406 bet,
670 4347 729 4392 ut
769 4353 934 4408 supra
974 4339 1118 4395 vires
1162 4339 1326 4395 etiam
1375 4339 1526 4396 dent.
1571 4339 1626 4396 Si
1662 4341 1840 4407 enim,
1890 4341 2052 4410 inquit

2191 4345 2255 4398 Ei
2285 4343 2394 4416 γὰρ
2425 4343 2628 4415 βούλει,
2661 4345 2849 4414 φησὶν,
2873 4345 2939 4398 ἐκ
2959 4342 3058 4399 τοῦ
3089 4345 3522 4416 περισσεύματος
3543 4337 3699 4398 λαόεῖνς

516 4430 599 4487 vis
620 4445 689 4488 ex
725 4429 1030 4486 abundanti
1055 4431 1327 4501 accipere,
1353 4431 1420 4486 da
1454 4433 1618 4486 etiam
1647 4447 1712 4487 ex
1749 4433 2041 4489 abundanti

2189 4437 2278 4508 δὸς
2337 4437 2431 4490 καὶ
2482 4437 2546 4490 σὺ
2601 4439 2667 4490 ἐκ
2714 4437 2810 4490 τοῦ
2870 4435 3333 4508 περισσεύματος.
3377 4437 3438 4490 Et
3469 4434 3520 4488 δὲ
3568 4429 3701 4501 βούλει

512 4523 600 4579 sin
647 4532 815 4577 totam
856 4521 940 4577 vis
981 4523 1204 4578 omnino
1256 4523 1756 4594 compensationem
1811 4527 2051 4594 accipere

2160 4520 2162 4534 ’
2191 4502 2486 4599 ὀλόκληρον
2515 4529 2699 4586 λαϐεῖν
2733 4531 2831 4600 τὴν
2863 4499 3235 4600 ἀντιμισθίαν,
3281 4529 3518 4600 παρασχε
3556 4499 3633 4578 καὶ
3655 4519 3699 4572 σὺ

513 4619 570 4668 tu
602 4611 807 4684 pariter
834 4620 1001 4666 totum
1049 4613 1249 4670 exhibe
1279 4631 1291 4667 :
1321 4613 1468 4684 quod
1512 4615 1728 4684 quidem
1757 4623 1840 4669 est
1868 4629 1933 4670 ex
1967 4615 2052 4670 ino

2191 4601 2345 4677 ὅλον⁸
2385 4623 2523 4692 ὅπερ
2578 4624 2726 4677 ἐστὶν
2775 4625 2841 4676 ἐκ
2887 4621 2982 4677 τοὺ
3039 4621 3436 4692 ὑστερήματος,
3484 4617 3568 4672 καὶ
3598 4614 3700 4680 ὑπὲρ

516 4701 604 4774 pia
637 4713 692 4760 et
744 4716 910 4772 supra
942 4701 1092 4758 vires
1128 4719 1144 4757 :
1179 4717 1364 4768 verum
1397 4703 1450 4757 id
1472 4702 1609 4758 clam
1643 4703 1772 4773 agit.
1810 4703 2051 4760 liactenu

2189 4712 2422 4784 δύναμιν
2445 4729 2460 4743 ⁸
2495 4713 2634 4769 ἀλλὰ
2672 4714 2832 4767 τοῦτο
2861 4713 2963 4784 μὲν
3016 4710 3335 4783 λεληθότως.
3373 4711 3514 4771 Τέως
3540 4707 3578 4759 δ’
3609 4701 3692 4765 οὖν.

508 4794 700 4870 igitur,
731 4804 788 4850 ut
810 4803 1056 4866 apparet,
1090 4809 1189 4866 pro
1220 4795 1426 4852 viribus
1465 4797 1594 4852 dare
1625 4801 1992 4853 commendat.

2192 4802 2334 4858 κατὰ
2365 4801 2426 4856 τὸ
2459 4803 2806 4874 φαινόμενον,
2837 4803 2899 4856 τὸ
2927 4803 3070 4858 κατά
3106 4802 3338 4872 δύναμιν
3375 4796 3620 4870 παραινεῖ.

582 4887 748 4943 Vens.
772 4886 841 4944 15
900 4905 919 4939 ι
950 4885 1022 4943 Ut
1044 4887 1138 4941 ﬁat
1160 4887 1464 4957 aequalitas,
1493 4887 1632 4942 sicut
1661 4888 1928 4958 scriptum
1959 4897 2079 4944 est:

2271 4915 2288 4948 t
2331 4896 2518 4958 Ὅπως
2567 4895 2790 4965 γένηται
2840 4895 3044 4964 ἰσότης,
3088 4893 3271 4958 καθὼς
3301 4894 3586 4963 γέγραπται
3613 4900 3625 4916 ⁸
3658 4881 3697 4932 ὀ

506 4982 615 5050 Qui
651 4981 900 5049 multum,
939 4996 1046 5036 non
1077 4981 1416 5048 exuberavit,
1449 4989 1504 5036 et
1536 4980 1624 5050 qui
1655 4981 1945 5043 modicum,
1979 4995 2045 5034 no

2193 4987 2256 5041 τὸ
2289 4987 2450 5050 πολὺ,
2481 4988 2583 5040 οὐκ
2609 4986 2931 5052 ἐπλεόνασε,
2969 4989 3065 5041 καὶ
3092 4987 3120 5040 ό
3143 4987 3204 5042 τὸ
3235 4987 3435 5054 ὀλίγον,
3461 4983 3551 5035 οὐκ
3575 4978 3695 5047 ﬁla:-

509 5070 706 5128 del'ecit
740 5071 790 5126 δ.
841 5089 862 5123 ι
919 5071 1163 5138 Quanam
1213 5070 1424 5125 ratione
1469 5070 1881 5140 inaequalitas?
1927 5069 1985 5126 Si
2029 5086 2048 5127 ε

2189 5080 2404 5150 τόνησε.
2447 5097 2466 5132 ι
2533 5078 2656 5144 Πῶς
2704 5079 2932 5148 γένηται
2987 5079 3204 5148 ἰσότης
3272 5078 3395 5132 Ἐὰν
3445 5072 3531 5128 καὶ
3579 5066 3695 5136 ὑμεῖς

515 5177 610 5216 vos
645 5171 700 5216 et
731 5161 806 5216 illi
845 5161 1203 5215 exuberantia
1235 5160 1582 5229 permutctis,
1633 5175 1694 5214 ac
1723 5159 1964 5215 defectus
1997 5176 2054 5218 re

2194 5171 2288 5226 καὶ
2349 5173 2545 5225 ἐκεῖνοι
2600 5171 2668 5225 τὰ
2720 5172 3117 5242 περισσεύοντα
3157 5168 3477 5228 ἁντιδιδῶτε,
3531 5158 3609 5215 καὶ
3649 5152 3694 5204 τὶ

510 5253 727 5324 pleatis.
761 5252 893 5320 Quae
933 5264 1112 5306 autem
1164 5260 1247 5307 est
1281 5250 1583 5320 aequalitas,
1633 5252 1933 5320 spiritualia
1986 5270 2049 5324 pr

2195 5263 2551 5334 ὑστερήματα
2598 5261 3002 5334 ἀναπληροῦτε.
3049 5261 3160 5315 Καὶ
3200 5262 3329 5315 ποία
3362 5255 3696 5334 ἰσότης.πνευέ

516 5348 831 5402 carnalibus
859 5345 1030 5402 dare?
1069 5344 1189 5400 Non
1227 5344 1530 5400 secundum
1562 5345 1820 5414 pretium,
1863 5361 1961 5402 nec
2001 5362 2055 5402 se

2197 5333 2414 5426 ματικᾶι
2471 5355 2594 5409 ἀντὶ
2662 5333 2943 5425 σαρκικῶν
3031 5352 3272 5416 διδόναι;
3327 5349 3394 5404 Ού
3462 5341 3585 5399 κατά
3654 5333 3693 5426 τί

507 5441 745 5495 cundum
777 5439 1041 5494 tilitatem
1077 5452 1418 5504 rerum.qua:
1453 5437 1651 5492 dantur
1679 5448 1734 5492 et
1763 5440 2046 5495 redduntut

2197 5423 2623 5518 πολυτιμότερον
2674 5447 2711 5518 ἢ
2737 5423 3081 5515 Ῠὰτιμότερον
3142 5442 3256 5497 τῶν
3322 5435 3584 5506 διδομένων
3628 5423 3694 5478 καὶ

618 5601 644 5640 ⁸
669 5597 832 5652 Marc.
867 5596 1078 5665 τιμῶ.
1190 5591 1220 5636 ιι
1255 5597 1423 5652 Exod.
1449 5609 1558 5662 xvt,
1589 5596 1676 5653 18.

1847 5691 2045 5758 Varia:
2070 5695 2378 5763 lectiones

581 5819 626 5858 ’³
657 5817 961 5890 ἐξεργασθῇ
996 5833 1047 5874 ο·
1126 5819 1171 5851 ²⁸
1206 5819 1339 5882 εἴτις
1369 5834 1422 5876 ο.
1501 5820 1545 5851 ’⁷
1573 5837 1886 5890 τρυφῶντες
1917 5813 2016 5874 ὦσι
2053 5836 2102 5876 ο.
