3898 6582
246 418 339 485 885

947 421 1362 484 EXPOSITIO‘
1386 423 1467 485 IN
1502 423 1747 485 EPIST.
1782 422 1839 481 II
1868 424 1970 484 AD
2007 423 2175 485 COR.
2209 450 2274 461 ·-·
2309 425 2469 489 CAP.
2495 429 2659 491 VIII;

3345 434 3454 499 836

246 532 631 605 ἁντιδιδομένων
662 531 880 603 είρηται
911 533 947 604 ἡ
987 532 1195 601 ἰσότης,
1246 533 1387 588 ἀλλὰ
1430 533 1567 587 καθὸ
1598 532 1627 586 6
1672 550 1773 587 πε-

1883 533 2162 599 πηυοιίιιιε
2207 534 2352 589 dicta
2416 545 2532 603 est,.
2566 551 2754 593 verum
2809 550 3077 612 quatenus
3124 557 3189 598 ex
3232 559 3296 601 eo
3345 562 3451 616 quo

247 626 460 701 ρισσεύει
485 624 822 696 opim-M6013
851 625 1011 695 ὑμεῖς
1034 641 1052 658 ο
1072 625 1172 680 καὶ
1193 626 1377 692 πάλιν,
1401 626 1431 679 ὂ
1459 625 1775 697 περισσεύει

243 718 468 782 ἐκείνοις,
515 717 748 771 διδόασιν
776 716 1012 772 ἐκεῖνοι·
1047 718 1141 772 καὶ
1182 717 1367 780 πάλιν,
1393 718 1423 772 ὃ
1461 719 1774 789 ὑπερείσοε

240 810 397 880 ὑμεῖς,
425 806 745 877 λαμϐάνετε·
771 806 865 861 καὶ
882 806 1284 877 ὃίύστεροῦνται
1307 809 1526 876 ἐκεῖνοι,
1560 807 1775 879 λαμϐά-

239 916 397 956 νουσιο
445 899 583 954 κατὰ
629 899 787 954 τοῦτο
823 901 858 972 η
883 900 1089 972 ἰσότης.
1127 901 1336 965 Ἄλλως
1378 918 1438 955 τε
1488 902 1585 957 καὶ
1633 900 1775 956 κατὰ

236 991 318 1047 τὸν
345 989 597 1060 παρόντα,
657 991 815 1062 φησὶ,
865 991 1057 1062 καιρὸν
1091 994 1124 1061 ἡ
1158 994 1340 1063 ἰσότης
1372 991 1511 1065 αὕτη
1537 1012 1553 1028 ο
1605 995 1665 1046 ἐν
1718 993 1777 1047 δὲ

235 1083 304 1154 τῷ
334 1083 590 1154 μέλλοντι,
625 1084 869 1157 ὑπεροχὴ
925 1085 1095 1159 πολλὴ
1153 1081 1229 1142 ὧν
1285 1089 1482 1141 ἐκεῖνοι
1516 1087 1779 1143 διδόασιν.

245 1175 388 1230 Ὥστε
413 1175 730 1246 συστάλητε,
762 1178 812 1231 οἱ
852 1178 1117 1248 πλούσιοι,
1152 1179 1207 1234 εἷ
1229 1196 1293 1248 γε
1322 1181 1379 1234 ἐν
1405 1182 1519 1243 τοῖς
1546 1178 1777 1233 ἑστῶσιν

234 1265 569 1336 ὑπερέχουσιν
628 1267 782 1337 ὑμῶν
809 1268 858 1320 οί
889 1268 1144 1338 πένητες.
1188 1269 1434 1339 Παράγει
1487 1268 1545 1322 δὲ
1577 1267 1638 1320 τὸ
1684 1265 1778 1320 ἐπὶ

234 1356 313 1411 τοῦ
337 1356 503 1426 μάννα
524 1358 831 1429 γινόμενον,
862 1359 982 1429 ἅμα
1006 1360 1103 1430 μὲν
1131 1360 1218 1413 ἕνα
1245 1359 1395 1433 δείξῃ
1420 1359 1538 1424 πῶς
1566 1359 1776 1427 γίνεται

235 1447 263 1517 ἠ
292 1446 459 1514 ίσότης
479 1464 495 1480 ο
525 1448 606 1501 ὅτι
639 1449 770 1502 ὅταν
803 1450 832 1501 6
861 1448 921 1501 τὸ
954 1449 1087 1503 πολὺ
1119 1448 1259 1520 ἔχων
1298 1449 1573 1512 πλούσιος,
1604 1449 1654 1502 εί
1698 1447 1774 1519 δῴ

232 1536 284 1590 τὸ
304 1536 608 1608 περιττεῦον
625 1537 707 1607 τῷ
734 1539 911 1608 ἔχοντι
939 1540 1003 1594 τὰ
1026 1540 1204 1609 ὀλίγα,
1245 1538 1371 1593 οὔτε
1400 1539 1564 1603 αὐτὸς
1617 1538 1778 1593 πλεο-

235 1626 387 1694 νάζει,
420 1627 512 1682 καὶ
550 1629 579 1681 6
633 1629 696 1682 τὸ
728 1629 909 1698 ὀλίγον
952 1632 1112 1700 ἔχων,
1141 1632 1241 1685 οὐκ
1260 1631 1648 1694 ἐλαττονεῖται,
1679 1630 1778 1685 ἅτε

231 1717 551 1791 λαϐὼνπαρ⁹
581 1722 815 1776 ἐκείνου.
854 1724 964 1776 Καὶ
1011 1722 1174 1777 πάλιν
1213 1724 1304 1776 ἐπὶ
1344 1724 1443 1793 τῆς
1476 1722 1615 1794 πρὸς
1643 1722 1779 1778 Θεὸν

231 1810 518 1881 παρρησίας
545 1811 607 1866 τὸ
633 1813 767 1867 αὑτό
789 1829 802 1843 ·
830 1813 947 1884 ἅμα
969 1814 1026 1867 δέ
1060 1812 1155 1868 καί
1187 1831 1240 1869 τι
1283 1814 1466 1885 μεῖξον
1496 1815 1776 1886 κατορθοῖ,

1878 620 2201 688 abundatis,
2231 624 2375 681 datis
2398 641 2535 694 vos;
2570 641 2633 685 ac
2656 642 2865 697 contra,
2898 649 3004 703 quo
3031 630 3104 689 illi
3130 636 3449 701 exuberant,

1878 715 2033 768 vobis
2062 717 2464 774 communicant
2500 738 2515 775 :
2549 734 2612 776 ac
2652 722 2845 779 iterum
2876 741 2983 796 quo
3021 743 3118 784 vos
3170 729 3446 801 indigetis,

1879 807 1949 863 ab
1986 806 2092 863 illis
2130 809 2414 879 accipitis;
2460 820 2514 866 et
2543 812 2613 869 illi
2664 830 2770 885 quo
2809 831 2945 886 opus
2969 819 3190 886 habent,
3221 836 3251 875 a
3295 823 3448 879 vobis

1878 901 2149 970 accipiunt
2178 919 2193 955 :
2227 904 2524 958 secundum
2576 907 2679 962 hoc
2706 917 2790 963 est
2838 910 3138 979 aequalitas.
3174 912 3447 984 Praecipue

1878 1003 2056 1047 autem
2109 993 2161 1047 in
2198 994 2473 1063 praesenti,
2518 995 2716 1064 inquit,
2768 1006 2851 1053 cst
2892 1001 3172 1070 aequalitas
3213 1003 3357 1058 ista:
3396 1003 3446 1057 in

1879 1082 2065 1139 futuro
2102 1093 2284 1140 autem
2311 1085 2606 1156 plurimum
2654 1089 2928 1145 excellunt
2959 1107 3021 1148 ca
3068 1108 3187 1164 qua?
3216 1094 3318 1164 ipsi
3355 1096 3448 1149 do-

1877 1183 2030 1230 nant.
2078 1174 2314 1232 Proinde
2347 1178 2649 1234 submittite
2673 1194 2795 1245 vos,
2849 1182 3126 1252 opulenti,
3177 1185 3444 1255 siquidem

1880 1266 1933 1321 in
1965 1267 2130 1322 rebus
2177 1267 2465 1324 stabilibus
2507 1284 2602 1325 vos
2630 1283 2900 1342 pauperes
2930 1273 3285 1330 antecellunt.
3314 1275 3448 1331 Pro-

1878 1360 2029 1415 ducit
2066 1366 2250 1414 autem
2282 1359 2336 1414 id
2359 1361 2500 1430 quod
2531 1361 2598 1417 de
2640 1366 2834 1418 manna
2879 1363 3079 1421 factum
3107 1376 3211 1433 est,
3249 1371 3444 1437 partim

1885 1458 1946 1505 ut
1982 1450 2183 1505 indicet
2215 1452 2486 1520 quomodo
2512 1451 2571 1506 ﬁt
2604 1454 2922 1524 aequalitas;
2956 1458 3171 1527 quando
3201 1459 3451 1516 videlicet

1877 1539 2031 1595 dives
2084 1539 2173 1610 qui
2210 1539 2440 1595 multant
2482 1541 2673 1608 habet,
2726 1543 2774 1598 si
2815 1544 3028 1602 dederit
3051 1547 3193 1616 quod
3230 1546 3331 1602 sibi
3357 1562 3448 1603 su.

1876 1628 2112 1701 perﬂuit,
2178 1631 2228 1684 ei
2280 1630 2369 1684 eui
2420 1645 2609 1699 parum
2657 1641 2761 1697 est,
2805 1648 2980 1704 neque
3030 1633 3146 1704 ipse
3189 1632 3446 1701 abundat,

1878 1732 2043 1789 atque
2070 1721 2119 1776 is
2145 1720 2231 1775 cui
2257 1735 2447 1790 parum
2471 1729 2575 1787 est,
2609 1737 2716 1777 non
2759 1723 2964 1788 deﬁcit,
2998 1739 3063 1780 eo
3096 1724 3241 1795 quod
3264 1726 3450 1782 abillo

1883 1814 2175 1884 acceperit.
2201 1814 2279 1870 Ac
2301 1829 2487 1870 rursus
2531 1814 2672 1870 idem
2706 1817 2764 1870 lit
2792 1816 2845 1869 in
2882 1816 3075 1871 ﬁducia
3106 1830 3232 1888 erga
3257 1817 3447 1874 Deum.

229 1902 465 1957 δεικνύων
495 1907 609 1968 τοῖς
637 1905 938 1972 πλουσίοις,
971 1908 1055 1963 δτι
1094 1906 1286 1979 ὥσπερ
1317 1908 1412 1962 ἐπὶ
1449 1907 1545 1963 τοῦ
1575 1908 1773 1980 μάννα,

1883 1907 2052 1963 Simul
2082 1922 2213 1963 vero
2242 1908 2416 1976 majus
2454 1907 2621 1963 etiam
2662 1908 2870 1977 aliquid
2901 1908 3136 1979 perlicit,
3164 1910 3234 1965 ob
3264 1909 3449 1966 oculos

236 1995 283 2049 οῐ
303 2013 359 2049 τε
392 1996 558 2052 πλέον.
579 2000 928 2068 συνάγοντες,
978 2002 1072 2054 καὶ
1099 2003 1148 2055 oi
1193 2000 1431 2068 ἔλαττον,
1469 2002 1669 2066 πάντες
1715 2001 1776 2055 τὸ

230 2086 346 2140 αὐτὸ
401 2088 600 2161 μέτρον
652 2092 971 2164 εὑρίσκοντο
1020 2093 1258 2165 ἔχοντες,
1321 2094 1422 2167 τὴν
1470 2093 1779 2166 ἀπληστίαν

226 2179 310 2233 τοῦ
346 2180 474 2235 Θεοῦ
524 2182 888 2250 κολάζοντος·
921 2185 1093 2259 οὕτω]
1119 2187 1216 2241 καὶ
1265 2185 1363 2242 νῦν
1431 2186 1496 2241 οὐ
1540 2187 1622 2242 δεῖ
1680 2184 1774 2241 τοῦ

228 2270 448 2338 πλείονος
480 2273 761 2343 ἐφίεσθαι.

289 2473 308 2509 ι
336 2456 503 2529 Χάρις
526 2459 585 2513 δέ
620 2460 698 2531 τῷ
739 2461 863 2532 Θεῷ
906 2462 987 2535 τῷ
1011 2462 1155 2517 δόντι
1185 2465 1287 2536 τὴν
1316 2465 1488 2538 αὐτὴν
1538 2465 1789 2538 σπουδὴν)

227 2546 349 2619 ῠπὶρ
372 2549 522 2620 ὑμῶν
553 2553 618 2605 ἐν
657 2555 724 2623 τῇ
758 2554 958 2626 καρδίᾳ
1013 2556 1203 2610 Τίτου.
1240 2575 1259 2609 ι
1298 2556 1613 2629 Διαλεχθεὶς
1647 2556 1776 2629 περὶ

226 2640 312 2710 τῆς
333 2641 707 2716 ἐλεημοσύνης
754 2648 855 2700 ὅσα
888 2648 1020 2712 ἔδει,
1055 2648 1242 2703 λοιπὸν
1275 2650 1493 2704 ἐπαινεῖ
1531 2652 1657 2714 τοὺς
1683 2649 1776 2704 ἐπὶ

224 2731 381 2803 τούτῳ
409 2736 704 2802 σταλέντας
723 2755 737 2769 ο
770 2732 862 2793 ἵνα
890 2741 1195 2796 ἀνύποπτοι
1227 2741 1514 2811 γεγονότες
1541 2742 1610 2808 ³³,
1638 2742 1775 2812 μᾶλ-

225 2823 305 2878 λον
333 2830 408 2891 εἰς
443 2830 765 2900 προθυμίαν
794 2833 991 2897 αὐτοὺς
1012 2833 1107 2892 τοῦ
1142 2837 1574 2902 συνεισενεγκεῖν
1601 2835 1777 2903 ἐμϐά-

227 2912 392 2974 λωσιν.
428 2918 652 2993 Ἐπειδὴ
680 2922 739 2976 δὲ
777 2924 997 2995 πρῶτος
1038 2925 1245 2979 τούτων
1275 2925 1438 2990 Τίτος
1467 2921 1556 2996 ἦν,
1586 2925 1776 2979 τοῦτον

223 3008 434 3074 ἐπαινεῖ,
460 3015 554 3067 καὶ
594 3014 729 3069 Θεοῦ
755 3016 914 3087 ἔργον
943 3017 1090 3086 λέγει
1129 3019 1191 3072 τὸ
1237 3018 1584 3091 διεγερθῆναι
1614 3018 1776 3072 αὑτὸν

224 3101 294 3165 είς
316 3105 372 3160 ςὸ
405 3102 752 3173 διακονῆσαι.
781 3108 895 3178 Τὴν
922 3107 1092 3182 αὐτὴν
1119 3110 1231 3181 γὰρ
1260 3110 1496 3182 σπουδὴν
1521 3110 1590 3181 ἦν
1617 3108 1776 3180 κάγὼ

221 3188 316 3302 ἔκιε»
343 3192 475 3264 ὕ*πὲρ
499 3196 568 3302 ut:
583 3195 685 3302 ὧν,
730 3197 988 3270 ἐνέθηκεν
1021 3200 1193 3271 αὐτῷ.
1247 3200 1530 3255 Ἐντεῦθεν
1554 3202 1612 3255 δέ
1637 3218 1847 3302 προ-Ὠ

219 3282 456 3352 τρέπεται
505 3287 717 3350 αὐτοὺς
783 3289 870 3343 ἵνα
925 3289 1205 3359 ἀξιόλογον
1268 3293 1603 3362 ποιήσωνται
1674 3290 1774 3362 τὴν

220 3372 365 3429 δόσιν.
392 3377 454 3430 Εἰ
477 3377 596 3449 γὰρ
617 3381 645 3433 6
667 3378 801 3444 Θεὸς
829 3381 994 3436 αὐτὸν
1038 3383 1334 3455 διήγειρεν,
1373 3384 1402 3436 6
1429 3382 1561 3446 Θεὸς
1584 3381 1775 3437 λοιπὸν

226 3466 364 3533 τίτεῖ,
390 3470 482 3525 καὶ
503 3470 759 3540 ὀφείλετε
791 3472 1036 3538 eadem
1059 3475 1106 3508 "
1122 3474 1220 3546 τὴν
1240 3475 1387 3530 δόσιν
1419 3473 1790 3547 ποιήσασθαι..

284 3759 303 3794 t
346 3740 467 3797 Ὀτι
494 3741 606 3814 τὴν
640 3740 739 3811 μὲν
768 3741 1115 3813 παράκλησιν
1161 3742 1399 3809 ἐδέξατο,
1433 3742 1780 3799 σπουδαιότε-

221 3848 301 3901 ρος
329 3833 383 3887 δέ
422 3834 720 3904 ὑπάρχων,
770 3832 1096 3905 αὐθαίρετος
1140 3833 1333 3903 ἐξῆλθε
1368 3836 1504 3907 πρὸς
1546 3836 1714 3906 ὑμᾶς.
1750 3857 1771 3890 ι

218 3925 375 3979 Πόθεν
422 3926 631 3996 δῆλον,
669 3926 751 3979 ὅτι
781 3928 809 3980 6
840 3926 974 3990 Θεὸς
1024 3927 1398 3998 προετρέψατο
1442 3927 1535 3981 τὸν
1580 3930 1624 3982 Τ
1630 3930 1772 3997 ίτον;

220 4016 332 4070 ὀτι
361 4019 452 4071 καὶ
483 4018 869 4089 παρακληθεὶς
896 4020 1029 4090 παρ’
1052 4017 1209 4089 ἐμοῦ,
1233 4018 1530 4090 προθύμως
1558 4020 1778 4088 ἐδέξατο

214 4109 302 4180 τὴν
323 4111 697 4182 παράκλησιν,
754 4111 849 4164 καὶ
878 4111 979 4165 οὐκ
1008 4111 1330 4180 ἐγόγγυσεν,
1378 4112 1516 4166 ἀλλὰ
1545 4112 1651 4183 μὴν
1684 4114 1779 4167 καὶ

214 4199 523 4274 αὐθαίρετος
552 4201 810 4272 ἐξῆλθεν,
845 4201 986 4255 ὥστε
1023 4202 1131 4256 κᾶν
1162 4202 1237 4272 μὴ
1266 4201 1379 4273 ἐγὼ
1403 4203 1776 4275 παρεκάλεσα,

219 4294 367 4359 αὐτὸς
396 4295 496 4369 τὴν
526 4295 744 4351 οἰκείαν
775 4295 1014 4366 σπουδὴν
1035 4296 1356 4362 ἐνεδείξατο.

278 4494 299 4528 ι
343 4477 781 4549 Συνεπέμψαμεν
804 4478 861 4532 δέ
900 4478 1017 4547 μετ’
1038 4477 1204 4532 αὐτοῦ
1244 4478 1339 4533 τὸν
1366 4478 1621 4551 ἀδελφὸν,
1659 4474 1722 4537 οῦ
1750 4482 1781 4536 6

1878 2015 2089 2071 ponens
2137 1999 2436 2070 opulentis,
2468 2000 2613 2071 quod
2666 1999 3119 2068 quemadmodum
3148 2000 3201 2054 in
3230 2015 3447 2063 manna,

1876 2094 1968 2165 qui
2013 2093 2132 2164 plus
2160 2092 2526 2163 collegerant',
2561 2101 2615 2147 et
2658 2092 2749 2162 qui
2799 2091 3000 2156 minus,
3059 2104 3248 2146 omnes
3285 2091 3447 2161 287

1875 2185 2122 2243 eamdem
2147 2185 2344 2242 habere
2370 2199 2678 2241 mensuram
2705 2184 3139 2251 inveniebantur,
3170 2182 3278 2238 Deo
3300 2185 3446 2238 insa-

1876 2282 2219 2338 tiabilitatem
2256 2295 2443 2337 eorum
2470 2280 2746 2352 puniente,
2793 2279 2866 2335 ita
2889 2279 3186 2335 etiamnum
3223 2278 3447 2334 nimium

1875 2382 2128 2441 expetere
2158 2386 2261 2429 non
2290 2380 2525 2441 oportet.

1945 2463 2109 2520 Vens.
2139 2463 2225 2519 ιϐ.
2262 2482 2280 2516 ι
2318 2463 2503 2518 Gratia
2530 2472 2707 2517 autem
2745 2461 2875 2525 Deo,
2905 2461 2996 2531 qui
3027 2460 3175 2516 delit
3202 2460 3446 2517 eamdem

1876 2554 2292 2611 sollicitudinem
2345 2568 2442 2625 pro
2478 2553 2635 2608 vobis
2677 2552 2731 2606 in
2784 2552 2947 2607 corde
2975 2550 3108 2606 Titi.
3149 2570 3169 2604 ι
3215 2552 3348 2606 Cum
3382 2551 3447 2605 de

1874 2648 2249 2720 eleemosyna,
2292 2655 2552 2718 quantum
2590 2660 2678 2701 res
2729 2645 3029 2726 poscebat,
3067 2643 3444 2705 disseruisset,

1875 2740 2131 2809 deinceps
2182 2739 2525 2794 commendat
2569 2751 2664 2792 eos
2713 2736 2802 2805 qui
2846 2748 2968 2792 eam
3016 2735 3084 2791 ob
3128 2750 3245 2791 rem
3293 2735 3443 2790 missi

1877 2840 2034 2887 erant
2057 2874 2073 2899 ,
2120 2839 2178 2885 ut
2207 2832 2363 2886 omni
2388 2829 2696 2900 suspicione
2736 2835 2988 2883 carentes
3012 2867 3027 2892 ,
3080 2826 3450 2883 vehementius

1877 2939 1971 2980 eos
1996 2924 2062 2978 ad
2096 2922 2432 2977 alacritatem
2463 2929 2518 2978 et
2559 2920 3038 2991 promptitudinem
3072 2918 3447 2974 contribuendi

1879 3013 2177 3085 impellant.
2210 3011 2346 3079 Quia
2382 3027 2514 3067 vero
2557 3014 2723 3067 inter
2749 3012 2850 3067 hos
2880 3009 3088 3081 primus
3114 3016 3232 3065 erat
3259 3007 3448 3072 Titus,

1879 3104 2064 3158 laudat
2093 3118 2214 3158 eum
2245 3142 2263 3168 ,
2293 3102 2495 3171 Deique
2522 3118 2658 3173 Opus
2680 3118 2802 3158 esse
2848 3101 2977 3157 dicit
3004 3100 3147 3173 quod
3174 3100 3242 3155 ad
3288 3100 3447 3155 mini-

1877 3195 2157 3251 strandum
2208 3194 2280 3250 sit
2323 3195 2614 3250 excitatus.
2671 3193 2930 3248 Eamdem
2974 3192 3119 3248 enim
3164 3206 3352 3247 curam
3398 3200 3447 3246 et

1878 3286 2297 3344 sollicitudinem
2340 3300 2501 3356 quam
2546 3299 2648 3353 ego
2694 3284 2868 3339 habeo
2909 3298 3005 3352 pro
3053 3282 3242 3348 vobis,
3283 3283 3447 3337 menti

1877 3378 1996 3448 ejus
2033 3379 2312 3450 imposuit.
2349 3379 2486 3432 llinc
2521 3392 2648 3431 vero
2678 3379 2927 3431 hortatur
2955 3390 3051 3431 eos
3089 3384 3146 3429 ut
3174 3375 3450 3431 contribu-

1878 3470 2078 3523 tionem
2115 3468 2334 3535 faciant,
2372 3482 2493 3537 quae
2523 3464 2753 3536 alicujus
2782 3463 3039 3519 momenti
3073 3464 3176 3528 ζείι.
3213 3463 3269 3519 Si
3302 3464 3447 3528 enim

1879 3560 2023 3615 Deus
2053 3558 2227 3630 ipsum
2252 3558 2550 3623 excitavit,
2583 3565 2692 3611 tum
2724 3556 2865 3610 Deus
2894 3555 3050 3625 petit,
3084 3552 3450 3624 largitionem-

1877 3667 1985 3723 que
2017 3653 2125 3707 Deo
2154 3652 2370 3722 dignam
2407 3649 2587 3705 facere
2613 3649 2843 3704 debetis.

1950 3743 2115 3800 Vsus.
2150 3744 2237 3799 l7.
2279 3761 2311 3794 ι
2326 3741 2588 3809 Quoniam
2614 3740 3045 3797 adhortationem
3075 3741 3294 3812 quidem
3320 3753 3448 3796 sus-

1878 3836 2054 3907 cepit,
2104 3835 2198 3890 sed
2251 3849 2376 3889 cum
2423 3831 2719 3888 sollicitior
2781 3842 2959 3898 esset,
3025 3848 3121 3888 sua
3169 3832 3449 3887 voluntate

1877 3927 2154 3998 protectus
2183 3936 2268 3981 est
2292 3925 2359 3979 ad
2386 3939 2502 3980 vos.
2540 3943 2569 3978 »μ
2593 3923 2749 3980 Unde
2777 3923 2990 3994 planum
3021 3932 3106 3979 est
3140 3924 3283 3994 quod
3312 3923 3450 3979 Deus

1880 4020 2058 4075 Titum
2093 4016 2747 4083 excitaveritrQuoniam
2782 4015 3246 4073 commonefactus
3276 4032 3304 4070 a
3364 4029 3449 4071 me

1880 4111 2140 4169 alacriter
2166 4108 2601 4165 adhortationem
2636 4108 2906 4178 suscepit,
2942 4123 3116 4178 neque
3156 4106 3448 4178 quidquam

1880 4200 2235 4258 murmuravit
2256 4242 2271 4267 ,
2301 4200 2396 4256 sed
2435 4215 2530 4255 sua
2561 4209 2754 4270 sponte
2779 4199 2978 4265 exivit,
3012 4210 3070 4254 ut
3103 4199 3314 4255 etiamsi
3350 4212 3452 4269 ego

1879 4295 2054 4365 ipsum
2082 4307 2190 4348 non
2219 4308 2394 4349 essem
2434 4292 2773 4361 adhortatus,
2812 4292 3086 4363 proprium
3118 4301 3299 4348 tamen
3332 4299 3449 4347 stu-

1880 4388 2030 4442 dium
2060 4386 2176 4457 ipse
2211 4386 2655 4442 demonstrasset.

1951 4475 2117 4533 Vens.
2166 4477 2251 4532 l8.
2311 4495 2331 4529 ι
2380 4476 2621 4532 Misimus
2656 4485 2837 4532 autem
2882 4490 2985 4530 una
3016 4489 3140 4532 cum
3185 4476 3304 4546 ipso
3338 4474 3451 4532 fra-

215 4562 423 4630 ἔπαινος
449 4571 510 4622 ἐν
539 4567 621 4637 τῷ
664 4568 984 4636 Εὐαγγελίῳ
1005 4567 1093 4622 διὰ
1143 4567 1336 4622 πασῶν
1376 4570 1497 4624 τῶν.
1546 4571 1777 4643 Ἐκκλη-

1883 4578 2019 4625 trem
2045 4611 2061 4636 ,
2096 4569 2251 4637 cujus
2306 4570 2421 4623 laus
2461 4568 2513 4623 in
2565 4567 2859 4638 Evangelia
2901 4582 2999 4638 per
3038 4581 3227 4623 omnes
3268 4566 3454 4622 Eccle-

219 4657 359 4712 τιῶν.
394 4676 412 4710 ι
443 4658 609 4722 Τινὲς
636 4657 736 4727 μὲν
761 4657 853 4712 τὸν
884 4659 1102 4712 Λουκᾶν
1142 4676 1296 4726 φασι,
1327 4658 1418 4714 διὰ
1445 4661 1507 4714 τὸ
1540 4661 1780 4731 Εὐαγγέ-

217 4751 317 4803 λιον
343 4751 480 4823 ὅπερ
512 4752 723 4824 ἔγραφε
748 4769 763 4784 υ
788 4752 935 4815 τινὲς
968 4752 1027 4806 δὲ
1057 4753 1151 4807 τὸν
1181 4753 1470 4823 Βαρνάϐαν
1495 4768 1511 4785 ⁸
1548 4755 1645 4809 καὶ
1671 4755 1779 4828 γὰρ

214 4845 302 4897 καὶ
350 4845 410 4898 τὸ
444 4845 698 4917 ἄγραφον
728 4846 1023 4917 κήρυγμα,
1066 4847 1402 4917 Εὐαγγέλιον
1451 4848 1631 4907 καλεῖ.
1665 4850 1781 4904 Οὐκ

214 4936 578 5009 ἐμφιλοχωρεῖ
609 4939 675 5017 δὲ¹
710 4942 832 5003 τοῖς,
849 4939 1148 5011 ἐγκωμίοις
1186 4942 1400 5007 τούτου,
1448 4940 1640 5013 ὥσπερ
1681 4942 1777 4997 τοῦ

212 5027 389 5096 Τίτου,
427 5032 561 5095 ίσως
587 5032 723 5086 διότι
744 5034 994 5103 ἠγνοεῖτο
1015 5034 1129 5096 τοῖς
1156 5033 1486 5105 Κορινθίοις,
1516 5035 1544 5088 6
1582 5035 1640 5090 δὲ
1683 5034 1781 5088 Τί-

211 5135 295 5185 τος
339 5123 581 5192 ἔγνωστο
627 5125 849 5188 ἱκανῶς.
898 5126 1042 5197 Πλὴν
1066 5126 1163 5181 καὶ
1194 5126 1367 5190 οὕτως
1394 5127 1585 5181 ἱκανὸν
1628 5125 1781 5198 αὐτῷ

213 5213 395 5268 πλέκει
427 5216 728 5287 ἐγκώμιον.
761 5219 835 5272 οὐ
855 5219 964 5290 γὰρ
990 5218 1205 5286 ἁπλῶς,
1226 5219 1414 5289 φησὶν,
1447 5218 1780 5288 Εὐαγγέλιον

213 5306 486 5375 κηρύττει.
514 5309 651 5363 ἀλλά
674 5310 771 5365 καὶ
789 5311 1096 5366 ἐπαινεῖται
1117 5329 1133 5346 ⁸
1154 5314 1253 5384 οὐχ
1274 5314 1380 5368 ὑπὸ
1400 5311 1495 5368 δύο
1523 5312 1556 5385 ἢ
1581 5312 1773 5384 τριῶν,

213 5394 320 5450 ἀλλ’
355 5398 462 5453 ὑπὸ
497 5400 691 5456 πασῶν
712 5401 823 5457 τῶν
861 5402 1220 5475 Ἐκκλησιῶν.
1661 5393 1665 5397 ’

286 5596 307 5630 ε
341 5579 417 5634 Οὐ
449 5580 609 5652 μόνον
635 5583 714 5650 δέ,
759 5584 907 5639 ἀλλὰ
941 5585 1038 5640 καὶ
1096 5586 1496 5659 χειροτονηθεὶς
1536 5588 1642 5641 ὑπὸ
1675 5586 1784 5640 τῶν

1877 4662 2008 4718 sias.
2052 4680 2072 4714 ι
2110 4659 2363 4715 Nonnulli
2393 4660 2590 4716 Lucam
2628 4659 2716 4713 hic
2746 4658 2968 4730 intelligi
3006 4657 3197 4723 aiunt,
3234 4665 3454 4728 propter

1880 4752 2233 4825 Evangelium
2287 4752 2428 4822 quod
2480 4750 2701 4819 scripsit
2743 4768 2758 4806 :
2803 4750 3049 4806 nonnulli
3075 4765 3206 4805 vero
3249 4749 3454 4804 Barna-

1877 4845 2022 4901 bam.
2051 4844 2185 4900 Nam
2214 4853 2268 4900 et
2298 4843 2734 4914 praedicationem
2767 4858 2871 4898 non
2902 4841 3158 4912 scriptam
3205 4841 3452 4912 Evange-

1878 4939 2008 4994 lium
2037 4946 2214 4996 vocat.
2248 4936 2364 4993 Non
2405 4937 2727 4991 immoratur
2757 4945 2935 4991 autem
2970 4935 3023 4990 in
3056 4933 3212 5002 hujus
3242 4947 3450 5004 praeco-

1881 5033 2021 5097 niis,
2052 5030 2276 5102 periude
2302 5045 2367 5086 ac
2400 5031 2452 5084 in
2487 5029 2593 5084 Titi
2627 5048 2641 5085 :
2681 5029 2861 5085 forsan
2897 5028 3018 5085 ideo
3042 5068 3058 5092 ,
3100 5028 3225 5098 quia
3252 5025 3451 5082 Coriu-

1880 5126 2008 5180 thiis
2036 5124 2256 5199 ignotus
2284 5133 2400 5180 erat
2420 5164 2435 5191 ,
2466 5122 2625 5179 Titus
2653 5131 2832 5177 autem
2866 5120 3077 5177 abunde
3114 5128 3272 5174 notus
3305 5128 3447 5173 erat.

1876 5219 2128 5274 Attamen
2177 5228 2229 5273 et
2262 5218 2342 5273 sic
2382 5218 2633 5273 idoneum
2674 5214 2751 5270 illi
2795 5212 3101 5270 eucomium
3138 5211 3292 5266 texit.
3330 5209 3447 5265 Non

1876 5309 2020 5364 enim
2053 5309 2376 5379 simpliciter
2402 5308 2553 5372 dicit,
2575 5302 2918 5376 Evangelinm
2936 5303 3211 5374 praedicat,
3257 5317 3447 5357 verum

1877 5401 2041 5454 etiam
2067 5400 2339 5463 Ialltlallll‘,
2379 5415 2487 5455 non
2521 5417 2551 5455 a
2581 5399 2794 5455 duobus
2851 5394 2932 5450 vel
2990 5395 3198 5460 tribus,
3241 5393 3335 5450 sed
3382 5392 3452 5448 ab

1880 5493 2131 5547 omnibus
2158 5490 2432 5547 Ecclesiis.

1958 5583 2124 5640 Vens.
2155 5584 2244 5640 l9.
2283 5583 2427 5640 «Non
2455 5581 2839 5650 solumautom,
2867 5580 2960 5638 sed
2980 5589 3034 5639 et
3058 5578 3339 5636 ordinatus
3368 5583 3452 5631 est

1546 5733 1742 5798 Varia?
1792 5730 2117 5796 lectiones.

284 5844 328 5876 τι
363 5846 640 5919 γενόμενοι
673 5862 727 5906 ο,
807 5850 853 5883 ε’
876 5848 1155 5921 ἀξιόλογον
1182 5869 1256 5908 tu.
