3898 6562
194 403 284 468 88]

900 399 1431 463 EXPOSIT-IO‘vIN
1475 402 1716 463 EPIST.
1747 401 1807 462 Π
1847 406 2157 469 Λῐγεοῐὶι
2195 430 2269 447 -·
2311 406 2475 470 ΕΑΡο
2517 407 2621 469 IX.

3299 401 3407 468 890

254 531 272 566 t
299 510 409 564 Είτε
434 507 647 577 ἀδελφοὶ
680 506 858 580 ἡμῶν.
892 529 912 562 ι
943 510 1261 577 Τουτέστιν,
1304 513 1429 567 Είτε
1460 512 1602 584 ὑπὲρ
1622 512 1728 567 τῶν

1908 536 1927 569 ι
1972 517 2100 573 Sive
2143 519 2343 575 fratres
2391 523 2585 576 nostri.
2628 539 2647 572 ι
2682 515 2797 575 [Ιοο
2831 525 2945 583 εει,
2982 516 3099 573 sive
3141 530 3238 586 pro
3288 519 3408 571 aliis

192 606 340 662 ἄλλων
356 601 606 675 βούλεσθέ
628 619 680 656 τι
716 602 972 666 ἀκοῦσαι,
1012 605 1258 657 κάκεῖνοι
1297 605 1510 675 μεγάλα
1541 605 1726 659 δίκαια

192 700 347 768 ίχοοσι
366 694 457 748 τοῦ
480 693 783 759 ἀξιόπιστοι
822 694 1085 766 κριθῆναι
1114 696 1158 729 ³³
1187 711 1202 727 ⁶
1234 698 1329 751 καὶ
1366 697 1474 770 γὰρ
1504 697 1727 767 ἀδελφοὶ

224 787 342 859 μῶν.

258 788 298 841 ὢ
327 826 342 842 .

192 788 269 930 ἡμι
299 804 608 931 ἼΑτιὸστολοι
652 874 1018 947 Ἐκκλησιῶν.
1053 895 1072 929 ι
1105 875 1421 942 Τουτέστιν,
1453 875 1560 930 ὑπὸ
1599 877 1725 931 Ἐκ-

189 968 394 1041 κλησιιῖιν
424 967 769 1038 πεμφθέντες
803 969 896 1022 καὶ
926 969 1425 1039 χειροτονηθέντες.

246 1081 265 1115 ι
318 1061 445 1128 Δόξα
489 1061 755 1133 Χριστοῦ.
790 1081 809 1113 ι
871 1062 945 1115 Τὸ
995 1063 1181 1132 μεῖζον
1231 1062 1452 1116 πάντων
1497 1062 1724 1135 ὕστερον

186 1155 417 1210 τέθεικεν.
469 1154 565 1217 Εἰς
608 1155 867 1225 Χριστὸν,
892 1157 1079 1226 φησιν,
1132 1156 1472 1226 ἀναφέρεται
1500 1158 1559 1211 τὺ
1590 1160 1722 1225 πᾶν,

185 1242 295 1316 ὅπερ
325 1245 386 1300 ἂν
417 1247 495 1309 είς
532 1246 780 1310 ἐκείνους
813 1248 1060 1318 γένηται.

234 1357 250 1390 ι
286 1338 387 1408 Τὴν
416 1332 507 1391 οῦν
547 1337 774 1403 ἔνδειξιν
805 1343 903 1411 τῆς
948 1339 1173 1411 ἀγάπης
1211 1342 1387 1413 ὑμῶν,
1422 1343 1519 1397 καὶ
1563 1342 1723 1414 ἡμῶν

183 1433 466 1501 καυχήσεως
499 1430 642 1501 ὑπὲρ
692 1431 854 1502 ὑμῶν
905 1434 988 1496 είς
1035 1434 1233 1499 αὐτοὺς
1285 1436 1595 1502 ἐνδείξασθε
1644 1437 1724 1499 είς

184 1523 436 1593 πρόσωπον
477 1521 589 1576 τῶν
649 1524 1010 1591 Ἐκκλησιῶν.
1063 1544 1081 1578 ι
1134 1526 1248 1580 Νῦν
1295 1528 1527 1594 δείξατε,
1564 1529 1719 1598 φησι,

184 1616 281 1676 πῶς
306 1613 398 1684 μὲν
428 1613 587 1685 ὑμεῖς
617 1616 873 1683 ἀγαπᾶτε
901 1618 1050 1687 ἡμᾶς
1068 1633 1083 1648 ⁸
1118 1618 1235 1683 πῶς
1261 1619 1317 1672 δὲ
1348 1620 1445 1673 καὶ
1473 1621 1634 1691 ἡμεῖς
1660 1620 1721 1673 οὐ

187 1709 332 1780 μάτην
359 1704 693 1779 καυχώμεθα
727 1712 811 1780 ἐφ’
835 1712 983 1782 ὑμῖν.
1005 1713 1216 1777 Δείξετε
1260 1714 1335 1773 δὲ,
1370 1714 1464 1767 ἐὰν
1502 1715 1723 1784 ἀγάπην

183 1802 247 1862 tl;
280 1801 461 1864 αὐτοὺς
486 1801 821 1874 ἐνδείξησθε.
858 1804 969 1859 Καὶ
1008 1806 1117 1875 γὰρ
1148 1805 1244 1857 καὶ
1274 1823 1293 1856 ι
1320 1807 1399 1869 εἰς
1433 1806 1721 1875 πρόσωπον

181 1892 270 1945 τῶν
298 1893 657 1965 Ἐκκλησιῶνι
700 1897 960 1968 ποιήσετε
1002 1898 1031 1951 ὃ
1071 1900 1330 1969 ποιήσετε
1362 1901 1442 1963 είς
1474 1900 1716 1962 τούτους.
1754 1872 1795 1929 Β

182 1986 443 2053 τουτέστιν,
475 1988 554 2050 είς
575 1987 746 2059 τιμὴν
780 1988 890 2042 τῶν
933 1989 1297 2062 Ἑκκλησιῶν.
1331 1990 1403 2042 Τὸ
1430 1991 1722 2061 πρόσωπον

183 2078 269 2146 γὰρ
298 2075 395 2132 τῶν
432 2076 778 2150 Ἐκκλησιῶν
806 2078 1093 2152 ἐπέχουσιν
1126 2075 1283 2136 οὗτοι
1335 2079 1445 2134 τῶν
1498 2080 1720 2152 mind:-

185 2169 273 2221 σῶν
300 2168 504 2234 αὐτούς.

749 2286 1001 2344 ΚΕΦΑΛ.
1042 2286 1119 2344 Θ¹.

239 2415 259 2453 ι
282 2400 404 2472 Περὶ
432 2403 529 2473 μὲν
555 2403 668 2477 γὰρ
694 2404 793 2476 τῆς
822 2404 1102 2468 διακονίας
1127 2407 1228 2477 τῆς
1246 2406 1325 2470 εἰς
1352 2405 1480 2469 τοὺς
1508 2405 1719 2474 ἁγίους,

183 2496 402 2566 περιττόν
432 2496 520 2567 μοί
563 2500 686 2550 ἐστι
714 2497 778 2550 τὸ
808 2498 1043 2567 γράφειν
1092 2499 1240 2567 ὑμῖν.
1282 2517 1304 2550 ι
1337 2498 1592 2553 Τοσαῦτα
1628 2498 1724 2553 καὶ

182 2585 411 2656 πρότερον
444 2584 633 2650 εἰπὼν,
688 2587 783 2640 καὶ
826 2587 988 2642 πάλιν
1021 2587 1230 2658 μέλλων
1272 2590 1446 2643 είπεῖν
1471 2591 1540 2656 ³²,
1574 2591 1726 2659 ὅμως

183 2678 402 2747 περιττὸν
427 2677 576 2750 αὐτῷ
604 2678 755 2742 λέγει
784 2679 846 2732 τὸ
873 2680 918 2711 ³³
946 2696 1010 2732 πε
1021 2680 1075 2752 pl.
1101 2681 1310 2734 τούτων
1341 2682 1594 2753 γράφειν.
1629 2683 1725 2736 Σο-

182 2768 278 2837 φῶς
318 2770 370 2823 δὲ
403 2770 559 2824 τοῦτο
596 2772 784 2835 ποιεῖ,
821 2770 962 2825 ὥστε
1003 2771 1203 2843 μᾶλλον
1252 2773 1451 2838 αὐτοὺς
1487 2775 1726 2828 ἐπισπά-

184 2862 367 2916 σασθαι.
397 2863 858 2935 Αίσχυνθήσονται
887 2864 1017 2935 γὰρ,
1053 2865 1105 2918 εῐ
1140 2882 1203 2933 γε
1234 2867 1493 2937 τοιαύτην
1526 2867 1727 2937 ὑπόλη-

180 2954 256 3023 ψιν
289 2957 407 3027 περὶ
437 2957 617 3011 αὐτῶν
654 2957 872 3026 ἔχοντος
903 2957 998 3011 τοῦ
1031 2958 1267 3025 Παύλου,
1314 2960 1396 3012 ὅτι
1424 2960 1483 3012 ού
1516 2961 1725 3014 δέονται

184 3047 454 3120 συμϐουλῆς
490 3050 632 3121 πρὸς
665 3050 727 3105 τὸ
773 3050 979 3118 ἐλεεῖν,
1015 3046 1137 3106 εἶτα
1180 3052 1427 3120 φανῶσιν
1466 3052 1725 3118 ἐλάττους

181 3145 262 3212 τῆς
279 3143 605 3215 ὓπολήψεως.

1830 611 1994 669 vultis
2027 615 2335 682 quidquam
2360 615 2587 677 audire,
2640 623 2694 669 et
2730 612 2805 668 illi
2853 611 3082 668 multum
3116 609 3257 679 juris
3306 611 3407 662 lia-

1829 705 1958 762 bent
1987 721 2087 761 cur
2117 706 2221 762 fide
2256 706 2404 776 digni
2438 716 2765 763 censeantur
2802 705 3049 762 :‘etenim
3078 701 3281 759 fratres
3310 684 3410 757 ῖιο-

1828 799 1925 854 ειι·ἰ
1958 808 2103 854 sunt;

1904 909 1924 942 ι
1965 890 2206 960 Α’ροειοΙῑ
2261 891 2651 946 Ecclesiarutu.
2696 910 2715 945 ι
2759 886 2872 945 [Ioc
2904 898 3006 957 est,
3039 891 3110 944 al)‘
3149 889 3407 945 Ecclesiis

1827 981 1977 1036 missi
2008 992 2061 1035 et
2086 981 2264 1037 electi.

1903 1091 1922 1125 ι
1982 1074 2164 1129 Gloria
2222 1074 2451 1129 Christi.
2501 1092 2521 1125 ι
2575 1073 2728 1140 Quod
2773 1074 3023 1128 omnibus
3056 1073 3234 1141 majus
3273 1086 3353 1129 est
3384 1111 3399 1135 ,

1826 1166 2096 1235 posterius
2127 1167 2324 1235 posuit.
2367 1165 2425 1220 In
2468 1164 2769 1228 CliriStum,
2809 1156 3011 1233 inquit,
3049 1166 3228 1219 omnia
3264 1163 3405 1219 refe-

1828 1265 2045 1323 runtur,
2077 1271 2412 1327 quaecunque
2440 1256 2545 1311 illis
2573 1256 2878 1326 obtingunt.

1896 1351 2065 1406 Vens.
2091 1351 2182 1406 25.
2232 1370 2251 1403 ι
2289 1350 2669 1405 Ostensionem
2702 1350 2865 1419 igitur
2895 1350 3179 1406 charitatis
3212 1361 3404 1406 vestrm

1828 1457 1881 1500 et
1914 1444 2250 1514 gloriatiouis
2286 1445 2517 1512 uostrml
2549 1460 2647 1515 pro
2690 1445 2844 1499 vobis
2886 1458 3014 1512 erga
3047 1445 3191 1513 ipsos
3220 1455 3405 1498 osten-

1827 1542 1937 1595 dite
1966 1533 2131 1610 289
2165 1538 2218 1593 in
2249 1537 2385 1593 facie
2416 1538 2800 1594 Ecclesiarutn.
2842 1555 2861 1590 ι
2910 1536 3066 1592 Nunc
3098 1537 3401 1602 ostendite,
3454 1578 3465 1587 .

1828 1633 2025 1701 inquit,
2061 1632 2332 1701 quotn‘odo
2366 1629 2588 1697 diligitis
2619 1646 2748 1694 nos,
2778 1631 3048 1700 quomodo
3092 1631 3253 1684 etiam
3293 1646 3399 1685 non

1828 1724 2031 1779 frustra
2071 1724 2364 1791 gloriemur
2402 1724 2467 1779 de
2497 1725 2669 1779 vobis.
2708 1722 3078 1777 Monstrttbitis
3109 1732 3318 1789 ant-ut,
3356 1726 3399 1779 si

1830 1817 2146 1877 tliaritatem
2187 1817 2237 1870 in
2295 1817 2440 1885 ipsos
2479 1816 2793 1871 ostendatis.
2822 1815 2955 1868 Nam
2989 1817 3039 1869 in
3075 1816 3184 1883 ipsa
3220 1815 3401 1869 Eccle-

1825 1906 2026 1960 siarum
2062 1907 2199 1960 facie
2233 1907 2466 1971 facietis,
2496 1907 2637 1977 quod
2681 1905 2888 1960 facietis
2919 1906 2982 1960 ad
3014 1905 3129 1969 hos,
3185 1905 3285 1959 hoc
3317 1913 3401 1959 est

1826 2000 1889 2053 ad
1946 2001 2203 2053 honorem
2244 1998 2631 2054 Eccl’esiarum.
2680 1998 2771 2052 Isti
2814 1998 2955 2052 enim
3002 1998 3400 2062 Ecclesiartttn,

1825 2104 1943 2159 qua:
1971 2088 2115 2160 ipsos
2148 2088 2408 2144 ntiscrunt
2438 2127 2452 2153 ,
2483 2098 2765 2157 personam
2800 2095 3013 2156 gerunt.

2417 2284 2648 2342 CAPUT
2691 2284 2782 2340 IX.

1900 2406 2062 2461 Vens.
2090 2405 2139 2461 Ι.
2175 2422 2194 2457 ι
2237 2404 2370 2459 Nam
2406 2405 2472 2459 de
2500 2403 2800 2457 ministerio
2824 2402 2965 2472 quod
2994 2403 3127 2457 litin
3161 2412 3398 2468 sanctos,

1826 2499 2155 2570 superfluunt
2199 2506 2284 2553 est
2331 2496 2464 2551 mihi
2510 2495 2750 2550 scribere
2791 2495 2962 2549 vobis.
3009 2515 3027 2547 ι
3076 2495 3206 2551 Cum
3254 2506 3398 2547 tanta

1828 2599 1988 2645 antea
2025 2589 2258 2653 dixerat,
2292 2602 2355 2643 ac
2391 2602 2604 2642 rursum
2638 2586 2883 2641 dicturus
2934 2596 3077 2651 erat,
3126 2597 3299 2639 tamen
3337 2586 3402 2639 de

1828 2683 1946 2739 istis
1982 2682 2243 2747 scribere,
2291 2694 2749 2750 supervacaneum
2798 2680 2899 2735 silii
2947 2695 3068 2735 esse
3108 2679 3255 2733 dicit.
3301 2677 3403 2732 Sa-

1827 2773 2038 2840 pienter
2086 2779 2268 2826 autem
2332 2771 2436 2824 hoc
2481 2769 2632 2835 facit,
2684 2778 2741 2822 ut
2793 2770 2963 2840 magis
2997 2784 3090 2823 cos
3142 2769 3398 2821 attrahat.

1827 2863 2107 2919 Pudelient
2137 2863 2308 2928 enim,
2337 2862 2382 2917 si
2414 2860 2611 2916 Paulus
2646 2862 2803 2916 talem
2834 2862 2900 2915 de
2927 2861 3058 2931 ipsis
3090 2862 3401 2931 Opinionem

1827 2956 2044 3023 habeat,
2079 2954 2226 3024 quod
2261 2953 2489 3008 consilio
2518 2952 2654 3007 nihil
2694 2968 2829 3020 opus
2868 2952 3103 3006 habeant
3133 2953 3197 3005 ad
3233 2951 3310 3015 iul,
3348 2963 3406 3004 ut

1827 3058 2137 3105 sanctorum
2189 3048 2577 3111 misereantur,
2627 3055 2815 3114 postea
2870 3054 3051 3101 autem
3102 3045 3404 3115 deprchen-

1829 3143 2023 3196 dantur
2069 3140 2323 3209 opiuione
2349 3138 2656 3195 inferiores.

242 3251 260 3285 t
285 3231 403 3288 Οἶδα
434 3236 540 3307 γὰρ
579 3234 687 3304 τὴν
716 3233 1033 3305 προθυμίαν
1073 3236 1248 3306 ὑμῶν,
1290 3235 1356 3307 ἣν
1400 3234 1541 3303 ὑπὲρ
1572 3232 1725 3303 ὑμῶν

1905 3235 2064 3290 Vens.
2094 3234 2149 3288 2.
2188 3252 2206 3284 ι
2244 3230 2379 3286 Novi
2425 3232 2570 3286 enim
2625 3229 3102 3300 promptitutlinem
3146 3238 3402 3294 vestram,

181 3327 438 3397 καυχῶμαι
489 3326 840 3392 Μακεδόσιν,
890 3329 972 3381 ὅτι
1037 3327 1233 3398 Ἀχαΐα
1283 3326 1726 3397 παρεσκεύασται

181 3417 271 3471 ἀπὸ
297 3417 502 3488 πέρυσι.
537 3438 555 3472 ι
586 3414 721 3472 Οἶδα
749 3419 843 3472 καὶ
869 3416 1032 3482 αὐτὸς
1052 3458 1066 3481 ,
1097 3419 1254 3489 φησι,
1287 3418 1388 3488 τὴν
1419 3417 1727 3488 προθυμίαν

183 3507 343 3578 ὑμῶν’
368 3511 455 3564 καὶ
477 3510 536 3563 ού
566 3509 732 3580 μόνον
774 3509 955 3575 τοῦτο,
987 3509 1122 3563 ἀλλὰ
1159 3512 1254 3562 καὶ
1285 3509 1489 3580 ἑτέροις
1511 3510 1729 3578 καυχῶ-

185 3616 295 3668 μαι,
340 3602 416 3655 ὅτι
460 3602 658 3673 ἑτοίμη
712 3602 830 3655 ἐστὶ
875 3603 1025 3655 πᾶσα
1065 3602 1097 3671 ἡ
1160 3600 1375 3672 Ἀχαΐα,
1410 3600 1473 3654 οὐ
1522 3602 1657 3672 μόνη
1694 3602 1727 3670 ή

185 3692 446 3762 Κόρινθος·
485 3695 577 3749 καὶ
627 3694 777 3748 οὐδὲν
830 3694 1033 3760 λείπει,
1063 3695 1113 3747 εί
1164 3694 1241 3766 μὴ
1272 3695 1334 3748 τὸ
1382 3692 1559 3747 ἐλθεῖν
1602 3694 1730 3756 τοὺς

183 3782 461 3855 δεξομένους
491 3787 560 3841 τὰ
588 3786 880 3859 χρήματα.
909 3788 1072 3840 Ὥστε
1118 3785 1350 3857 αἰσχύνη
1379 3785 1470 3855 μοί
1489 3785 1535 3817 ³⁸
1557 3787 1727 3851 ἐστιν,

185 3876 225 3925 εί
246 3876 535 3948 φανήσομαι
565 3877 749 3949 μάτην
779 3877 874 3931 καὶ
899 3876 1073 3947 ψευδῆ
1102 3877 1480 3948 καυχώμενος.

250 3985 266 4018 ι
298 3968 401 4022 Καὶ
444 3972 471 4024 ὁ
501 3968 560 4034 ἐξ
586 3970 745 4040 ὑμῶν
775 3968 932 4038 ζῆλος
976 3968 1201 4041 ἠρέθισε
1235 3970 1359 4031 τοὺς
1386 3967 1664 4032 πλείονας.
1705 3986 1724 4020 ι

186 4058 278 4111 Καὶ
301 4060 401 4133 μὴν
427 4063 686 4132 ἀνωτέρω
718 4061 926 4130 ἔλεγεν,
957 4062 1039 4115 ὅτι
1076 4079 1095 4113 ι
1128 4061 1454 4133 Αύθαίρετοι
1485 4062 1578 4114 καὶ
1608 4061 1727 4115 δεόο

188 4167 316 4217 μενοι
343 4154 511 4223 ἡμῶν.
546 4173 566 4207 ι
608 4153 733 4219 Πῶς
768 4148 862 4208 οὖν
896 4169 1028 4224 φησι
1052 4151 1181 4219 νῦν,
1216 4154 1297 4206 ὅτι
1338 4171 1357 4205 ι
1401 4149 1459 4207 Ὀ
1490 4153 1550 4218 ἐξ
1580 4154 1732 4224 ὑμῶν

186 4241 321 4311 ζῆλος
354 4245 569 4316 ἠρέθισε
611 4247 740 4309 τοὺς
770 4244 1058 4313 πλείονας;
1102 4261 1122 4297 ι
1171 4246 1285 4300 Οὐκ
1329 4241 1451 4299 εἷπε
1480 4246 1558 4312 δὲ,
1586 4247 1733 4310 Τοὺς

150 4350 156 4367 κ
187 4336 385 4407 πάντας,
415 4339 567 4404 ἀλλὰ,
631 4337 798 4403 «Τοὺς
834 4338 1138 4402 πλείονας.)
1173 4336 1237 4392 Ol
1265 4339 1367 4409 μὲν
1400 4338 1509 4412 γὰρ
1540 4338 1733 4394 αὐθαί-

188 4444 343 4495 ρετοι,
376 4431 469 4486 καὶ
495 4431 746 4502 δεόμενοι
778 4430 937 4502 ἡμῶν
961 4446 975 4461 ⁸
1005 4432 1054 4484 oi
1087 4429 1144 4484 δὲ
1184 4432 1247 4485 ἐκ
1286 4430 1381 4485 τοῦ
1423 4433 1559 4504 πρὸς
1591 4433 1734 4504 ὑμᾶς

187 4519 325 4589 ζήλου
351 4525 713 4596 ὴρεθίσθησαν
731 4540 746 4556 ο
777 4526 826 4579 οξ
860 4524 966 4596 γὰρ
994 4525 1212 4590 πλείους
1241 4526 1467 4599 κέντρου
1498 4528 1729 4583 δέονται.

187 4612 246 4666 Ἥ
265 4615 370 4681 καὶ,
394 4618 474 4672 ὅτι
504 4620 579 4673 Οὐ
602 4617 1133 4690 συνεϐουλεύσαμεν,
1163 4619 1224 4673 ού
1256 4620 1732 4693 παρεκαλέσαμεν,

185 4703 300 4759 ἀλλὰ
329 4708 478 4777 μόνον
502 4711 850 4783 ἐπῃνέσαμεν
877 4712 1042 4782 ὑμᾶς,
1069 4712 1165 4765 καὶ
1189 4712 1349 4766 τοῦτο
1381 4713 1613 4783 ἤρκεσεν
1637 4716 1737 4769 ati—

186 4798 281 4861 τοῖς
306 4801 378 4863 εἰς
403 4805 737 4875 προτροπὴν.
787 4804 988 4875 Ὁρᾷς.
1021 4802 1138 4866 πῶς
1169 4804 1459 4869 κάκείνους
1489 4806 1577 4860 διὰ
1612 4806 1737 4861 τού-

186 4903 309 4957 των,
354 4896 444 4949 καὶ
475 4896 699 4959 τούτους
742 4894 809 4949 δι’
852 4894 1077 4949 ἐκείνων
1111 4896 1355 4968 ἐγείρας
1389 4899 1731 4963 Διδάσκαλοι,

189 4981 350 5048 φησιν,
382 4984 606 5050 ἐκείνοις
634 4983 908 5054 ἑγίνεσθε·
947 4982 1024 5055 μὴ
1051 4983 1143 5039 οῦν
1179 4986 1387 5057 φανῆτε
1413 4986 1523 5040 τῶν
1558 4986 1735 5059 μαθη-

186 5067 283 5121 τῶν
298 5072 640 5145 ὑστεροῦντες
663 5077 713 5129 οί
742 5073 1075 5131 διδάσκαλοι.

251 5180 268 5213 ι
304 5166 552 5238 Ἐπεμψα
587 5169 644 5223 δὲ
669 5169 798 5233 τοὺς
827 5167 1114 5238 ἀδελφοὺς,
1145 5167 1235 5222 ἵνα
1264 5168 1339 5239 μὴ
1373 5166 1434 5222 τὸ
1466 5168 1732 5240 καύχημα

190 5251 325 5320 ἡμῶν
358 5258 414 5312 τὸ
448 5261 585 5331 ὑπὲρ
623 5260 808 5331 ὑμῶν,
843 5261 1057 5332 κενωθῇ
1105 5261 1164 5314 ὲν
1198 5260 1274 5331 τῷ
1312 5259 1470 5332 μέρει
1522 5260 1729 5333 τούτῳ·

193 5341 269 5396 ἵνα
290 5345 498 5417 (καθὼς
525 5353 714 5421 ἔλεγον
735 5351 752 5420 )
777 5352 1291 5422 παρεσκευασμένοι
1312 5344 1430 5423 ἦτε.
1464 5369 1484 5403 ι
1523 5352 1736 5406 Ὠσανεὶ

194 5433 360 5494 ἑαυτὸν
401 5443 558 5514 μέρος
585 5445 695 5499 τῶν
725 5444 1033 5516 Κορινθίων
1080 5447 1352 5508 ποιεῖται,
1382 5446 1479 5497 καὶ
1524 5447 1737 5519 ἀγωνιᾷ

194 5527 315 5602 ita,
346 5537 546 5591 αὐτῶν·
586 5537 721 5609 φησὶ
754 5537 886 5607 γὰρ,
929 5536 1011 5590 ὅτι
1063 5537 1280 5608 Ἐπειδὴ
1314 5539 1727 5610 ὲκαυχησάμην,

196 5619 437 5697 ἐφοϐήθην
455 5630 525 5703 μὴ
558 5627 964 5701 αἰσχυνθῶμεν
990 5628 1085 5683 καὶ
1115 5627 1202 5682 διὰ
1223 5628 1380 5682 τοῦτο
1432 5649 1451 5681 ι
1503 5630 1726 5701 ἔπεμψα

926 5790 957 5805 δ’

258 5837 297 5875 ³³
327 5844 573 5922 κληθῆναι
602 5867 656 5910 o.
735 5851 780 5885 ³⁸
812 5852 956 5924 ἐρεῖν
987 5864 1041 5907 0.
1076 5918 1088 5927 .
1118 5847 1163 5883 ⁸³
1196 5865 1247 5903 τι
1276 5863 1328 5906 0.
1407 5847 1453 5882 ”
1488 5866 1589 5921 μου
1625 5866 1676 5906 o.

1764 4570 1810 4631 D

1829 3346 1933 3399 qua
1966 3332 2031 3384 tle
2063 3328 2216 3383 vobis
2242 3327 2382 3395 apud
2421 3324 2744 3380 Macedones
2777 3322 3002 3394 glorior,
3038 3323 3179 3389 quod
3204 3322 3401 3376 Achaia

1831 3432 2015 3493 parata
2057 3432 2139 3477 est
2179 3437 2244 3475 ex
2297 3434 2438 3475 anno
2486 3418 2782 3487 superiore.
2831 3435 2850 3469 ι
2898 3416 3054 3481 Novi,
3106 3416 3312 3485 inquit,
3350 3424 3405 3468 et

1832 3516 1946 3584 ipse
1972 3514 2138 3568 animi
2174 3512 2338 3568 vestri
2376 3509 2897 3581 promptitudiuem:
2934 3524 3033 3564 nec
3070 3508 3172 3562 hoc
3204 3508 3402 3571 solum,

1829 3622 2016 3662 verum
2042 3608 2203 3661 etiam
2235 3603 2435 3675 glorior
2461 3601 2602 3672 apud
2636 3600 2791 3668 alios,
2818 3600 2960 3669 quod
2994 3609 3175 3669 parata
3195 3603 3264 3653 sit
3295 3610 3402 3654 tota

1828 3700 2071 3764 Achaia,
2129 3712 2239 3753 non
2303 3695 2419 3751 sola
2476 3694 2770 3750 Corinthus
2824 3710 2838 3746 :
2887 3706 3063 3761 neque
3111 3692 3402 3760 quidquam

1832 3795 2006 3859 deest,
2034 3792 2137 3848 nisi
2170 3801 2231 3847 ut
2265 3791 2485 3846 veniant
2515 3788 2605 3859 qui
2634 3788 2889 3858 pecunias
2915 3786 3205 3855 accipiant.
3232 3786 3407 3853 Quate

1832 3886 2023 3956 pudori
2066 3883 2198 3940 mihi
2229 3891 2332 3947 est,
2363 3882 2411 3936 si
2448 3881 2632 3936 videar
2663 3879 2863 3934 frustra
2896 3886 2950 3933 et
2987 3876 3123 3933 falso
3150 3878 3396 3946 gloriari.

1913 3998 1932 4030 t
1980 3979 2044 4032 Et
2086 3987 2267 4033 vestra
2325 3974 2601 4030 aemulatio
2643 3972 2955 4042 provocavit
3003 3970 3329 4041 complures.
3383 3988 3401 4022 ι

1831 4071 1994 4142 Atqui
2029 4084 2192 4140 supra
2224 4068 2382 4133 dixit,
2427 4085 2447 4118 ι
2505 4064 2806 4120 Voluntarii
2839 4072 2893 4119 et
2926 4071 3175 4133 rogantes
3202 4078 3300 4118 nos
3333 4080 3347 4118 :
3382 4079 3402 4112 ι

1833 4164 2101 4235 quomodo
2141 4176 2270 4231 ergo
2301 4173 2447 4215 nunc
2487 4158 2634 4225 dicit,
2667 4176 2686 4209 ι
2725 4156 3020 4213 Ᾱῐιιιιιιειὶο
3056 4166 3236 4210 vestra
3275 4155 3409 4209 inci-

1837 4256 1969 4312 tavit
1996 4253 2222 4324 plures?
2256 4269 2275 4303 ι
2315 4250 2433 4307 Non
2468 4250 2624 4315 dixit,
2653 4248 2880 4314 Omnes,
2914 4248 3032 4311 sed,
3072 4265 3091 4298 ι
3137 4245 3344 4300 Plures.
3385 4266 3403 4297 ι

1835 4346 1939 4401 Alii
1970 4357 2204 4415 namque
2235 4358 2331 4399 sua
2364 4351 2559 4412 sponte
2596 4350 2652 4395 et
2685 4347 2941 4410 rogantes
2969 4352 3070 4393 nos
3102 4338 3408 4391 contribue-

1838 4445 1963 4491 runt
1985 4475 2001 4503 ,
2032 4435 2120 4489 alii
2154 4444 2332 4489 autem
2374 4448 2470 4502 per
2504 4439 2741 4486 vestram
2774 4427 3171 4484 aemulationem
3205 4427 3407 4481 incitati

1839 4536 1967 4584 sunt
2011 4542 2025 4577 ι
2071 4526 2335 4595 siquidem
2365 4523 2546 4593 plures
2593 4520 2811 4575 stimulo
2854 4505 3116 4586 indigent.
3154 4519 3246 4573 νει
3288 4519 3409 4588 quia

1840 4636 1946 4677 nou
1978 4618 2368 4683 eousuluimus,
2393 4632 2497 4671 non
2533 4614 2807 4669 adhortati
2832 4628 3038 4678 sumus,
3074 4614 3168 4668 sed
3201 4622 3408 4667 tantum

1833 4714 2177 4769 laudavimus
2212 4726 2330 4775 vos,
2367 4711 2533 4779 idque
2560 4707 2694 4762 satis
2732 4706 2831 4760 fuit
2870 4706 2951 4761 eis
2977 4706 3044 4759 ad
3080 4704 3386 4759 adhortatio

1833 4821 1978 4862 nem.
2033 4801 2225 4859 Viden’
2289 4800 2562 4872 quomodo
2608 4808 2664 4854 et
2715 4798 2837 4854 illos
2890 4812 2988 4868 per
3038 4798 3139 4851 ltus
3179 4795 3407 4854 excitet.

1833 4898 2041 4969 hosque
2068 4908 2164 4967 per
2186 4893 2343 4950 illos?
2374 4892 2659 4957 Doctores,
2704 4891 2903 4961 inquit,
2934 4889 3040 4944 illis
3073 4886 3201 4942 facti
3231 4885 3364 4941 estis
3392 4902 3407 4939 :

1832 4991 2088 5061 nqigitur
2111 4986 2391 5058 discipulis
2417 4981 2705 5040 videamini
2740 4982 3046 5045 inferiores,
3074 4992 3195 5033 cum
3223 4976 3408 5031 docto-

1833 5096 1920 5137 res
1945 5080 2099 5136 estis.

1908 5173 2070 5230 Vsas.
2097 5172 2151 5227 5.
2183 5187 2202 5222 ι
2235 5168 2356 5224 Μίεί
2394 5175 2574 5222 autem
2603 5165 2821 5227 fratres,
2854 5175 2923 5216 ne
2944 5159 3087 5230 quod
3118 5157 3441 5228 gloriamur‘

1832 5265 1900 5323 de
1928 5265 2101 5330 vobis,
2121 5271 2412 5317 evacuetur
2436 5260 2489 5314 in
2523 5267 2677 5328 parte
2706 5255 2829 5319 hac,
2858 5262 2915 5307 nt
2937 5249 3405 5321 (quemadmodum

1832 5358 1968 5429 dixi)
2002 5355 2175 5428 parati
2217 5353 2359 5410 sitis.
2414 5370 2433 5404 ι
2480 5350 2729 5419 Seipsum
2775 5344 2939 5399 veluti
2971 5352 3180 5411 partem
3217 5343 3378 5397 Corin

1836 5449 2072 5504 thiorum
2100 5444 2253 5507 facit,
2288 5451 2571 5510 certatque
2601 5451 2699 5506 pro
2726 5435 2881 5505 ipsis.
2918 5433 3007 5486 Ait
3038 5430 3181 5486 enim
3218 5449 3233 5485 :
3275 5430 3409 5497 Quia

1837 5550 2123 5611 postquam
2159 5535 2323 5589 vestri
2367 5532 2585 5586 nomine
2631 5528 2896 5598 gloriatus
2948 5539 3091 5588 sum,
3142 5522 3307 5577 metui
3346 5536 3411 5577 ne

1836 5631 2250 5703 puttet‘teremus,
2280 5634 2333 5681 ct
2374 5631 2660 5695 propterea
2707 5636 2727 5671 ι
2771 5617 2892 5672 misi
2919 5615 3137 5684 fratres,
3193 5631 3258 5669 ne
3288 5629 3413 5670 eia-

1504 5746 1709 5809 Varite
1739 5748 2068 5814 lectiones.
