3898 6562
573 360 674 427 891

1525 367 2100 428 THEOPHYLACTI
2141 369 2549 430 BULGABI/E
2574 352 2950 432 ARCHIEP.‘

3660 382 3738 450 899

578 485 786 539 cuetur,
835 494 853 525 ι
891 477 1080 542 idest,
1122 477 1264 532 inani
1313 487 1366 533 et
1415 495 1549 534 vana
1597 490 1854 550 arguatur
1899 481 2147 550 gloriatio

2265 484 2374 544 reb;
2394 484 2676 552 ἀδελφοὺς,
2707 485 2794 539 ῐνα
2811 485 2886 556 μὴ
2912 485 3169 558 κενωθῇ,ι
3198 488 3456 556 τουτέστι,
3474 495 3662 562 μάταιον
3673 507 3738 556 καὶ

581 585 698 624 mea
740 571 806 625 de
837 572 1008 625 vobis.
1051 572 1162 640 Ego
1206 575 1376 636 enim,
1421 574 1617 642 inquit,
1651 577 1716 628 de
1761 575 1915 630 vobis
1957 590 2150 643 super-

579 659 752 725 biens,
783 663 922 729 apud
950 677 1136 717 utnues
1157 663 1446 732 gloriabar,
1479 666 1821 732 atque‘etiam
1846 666 1985 733 apud
2011 665 2150 717 illos.

581 749 767 821 Itaque
814 753 858 806 si
900 752 1188 819 deliciatis,
1233 755 1538 808 communis
1580 764 1660 809 est
1694 754 1982 825 ignominia
2016 772 2029 809 :
2058 757 2156 810 sed

581 858 687 897 non
729 843 780 897 in
824 846 1094 911 omnibus,
1129 862 1311 899 verum
1357 845 1409 900 iu
1437 846 1534 902 hac
1563 847 1673 902 sola
1708 857 1880 916 parte,
1906 847 2010 901 hoc
2043 855 2150 908 est,

575 961 643 998 ne
683 945 948 1012 pudcliam
987 947 1038 998 in
1073 946 1175 1000 hoc
1203 946 1319 998 solo
1348 945 1413 999 de
1444 945 1782 1016 eleemosyna
1817 954 2151 1014 argumento,

572 1034 742 1104 290
767 1035 859 1088 sed
893 1037 1060 1102 parati
1092 1038 1234 1098 silis,
1259 1036 1482 1103 perinde
1508 1052 1570 1091 ac
1605 1038 1713 1091 dixi
1747 1035 2150 1099 Macedonibus,

577 1127 725 1189 quod
760 1130 932 1196 parati
961 1130 1070 1183 sint
1098 1131 1149 1184 in
1185 1139 1296 1185 tota
1316 1130 1526 1186 'Acliaia
1553 1145 1765 1195 omnes,
1797 1144 1970 1200 neque
1997 1129 2155 1200 quid—

577 1235 742 1286 quam
775 1222 855 1278 eis
881 1223 1053 1277 deest.

653 1402 814 1456 Vens.
844 1403 898 1458 ιι.
939 1421 956 1455 ι
998 1403 1074 1458 Ne
1105 1420 1211 1474 quo
1244 1414 1422 1474 pacto,
1454 1404 1498 1460 si
1530 1405 1779 1460 venerint
1810 1418 2017 1460 mecum
2046 1405 2159 1461 Ma-

464 1550 483 1566 .
583 1495 835 1557 cedones,
852 1505 904 1549 et
923 1496 1224 1550 invenerint
1249 1513 1344 1552 vos
1366 1498 1680 1567 imparatos,
1700 1498 1912 1568 putleﬁa
1923 1514 2040 1553 mus
2056 1515 2155 1556 nos

583 1585 676 1652 (ne
706 1587 972 1652 dicamus,
1012 1589 1130 1659 vos)
1166 1590 1217 1642 iu
1254 1589 1356 1644 bac
1385 1589 2087 1660 substantiagloriatiouis.
2131 1610 2150 1644 ι

585 1677 794 1732 Rursus
827 1679 877 1731 in
924 1679 1113 1732 iisdem
1156 1691 1426 1746 versatur,
1467 1697 1531 1736 ac
1581 1690 1855 1737 certamen
1901 1682 2152 1747 intendit,

586 1766 654 1817 ab
685 1766 933 1820 humanis
959 1767 1258 1826 rationibus
1285 1770 1432 1837 ipsos
1461 1769 1775 1825 instituens.
1810 1769 1982 1838 Maius
2009 1769 2154 1824 enim

588 1859 818 1911 dedecus
846 1869 949 1923 est,
980 1874 1099 1913 cum
1136 1861 1257 1929 quis
1289 1862 1429 1932 apud
1459 1861 1669 1917 alienas
1705 1877 1964 1932 personas
1993 1863 2158 1932 pude-

590 1950 703 2003 tiat.
737 1949 1008 2017 Forsitan,
1040 1952 1235 2021 inquit,
1268 1954 1397 2009 mihi
1430 1953 1703 2010 confiditis
1728 1970 1827 2010 ceu
1857 1955 2157 2026 ignoscenti

586 2040 740 2093 vobis
766 2054 781 2093 :
814 2040 1011 2094 ateuim
1043 2040 1361 2098 Macedonas
1393 2044 1574 2099 animo
1605 2044 1828 2111 volvite,
1858 2045 1946 2113 qui
1975 2044 2156 2100 forsan

590 2147 802 2186 mecum
868 2133 1078 2187 venient
1117 2151 1130 2188 :
1171 2135 1463 2191 verisimile
1517 2147 1598 2192 est
1657 2138 1799 2193 enim
1853 2137 1975 2192 ltoc.
2015 2137 2080 2192 Et
2110 2137 2157 2192 si

589 2223 895 2280 invenerint
963 2240 1091 2288 vos,
1134 2241 1239 2280 non
1292 2229 1426 2284 dixit
1458 2267 1474 2292 ,
1525 2229 1779 2285 Nolentes
1836 2229 2007 2293 dare,
2061 2228 2156 2284 sed

595 2333 613 2366 ι
658 2313 974 2383 imparatos.
1011 2331 1030 2365 ι
1063 2313 1120 2369 Si
1151 2315 1294 2369 enim
1329 2332 1434 2372 non
1460 2326 1705 2386 paratum
1735 2333 1874 2384 esse,
1899 2326 1991 2372 aut
2015 2317 2158 2373 cele-

589 2407 727 2463 riter
754 2422 859 2462 nou
906 2407 1252 2464 contribuere
1286 2410 1518 2464 dedecus
1589 2418 1692 2475 est,
1755 2420 1961 2480 quanto
1993 2412 2161 2480 magis

591 2498 726 2553 nihil
750 2500 973 2556 omnino
1005 2501 1373 2567 contribuere,
1401 2501 1485 2556 vel
1523 2503 1700 2558 minus
1730 2519 1894 2573 quam
1923 2519 2019 2573 par
2047 2503 2116 2556 sit
2138 2502 2166 2556 r

589 2588 824 2659 Corrigit
851 2600 1028 2646 autem
1061 2607 1392 2656 sermonem,
1427 2591 1636 2658 dicens,
1669 2591 1777 2648 Nos
1829 2593 2166 2662 pudellemus

582 2698 682 2752 que
714 2683 910 2749 dicam,
938 2685 1054 2751 vos)
1085 2683 1136 2737 in
1174 2683 1274 2739 hac
1306 2685 1610 2739 substantia
1648 2684 1986 2754 gloriationis
2012 2701 2026 2739 :
2058 2684 2162 2740 ltoc

592 2784 700 2837 est,
738 2789 843 2827 non
876 2772 979 2828 alia
1005 2777 1054 2827 iu
1089 2789 1147 2828 re
1179 2775 1534 2844 pudeliemus,
1567 2787 1924 2846 praeterquam
1962 2777 2012 2830 in
2047 2778 2162 2832 sola

594 2865 659 2919 de
695 2865 1038 2935 eleemosyna
1088 2865 1428 2937 gloriatione,
1473 2883 1597 2920 cmn
1628 2877 1821 2922 caetera
1858 2879 2034 2923 vestra
2082 2885 2168 2923 re-

594 2957 1009 3026 prehensionem
1047 2973 1153 3013 non
1193 2959 1500 3014 admittant.
1535 2957 1650 3014 Hoc
1679 2969 1853 3014 autem
1876 2961 2026 3025 dicit,
2054 2977 2162 3016 non

596 3057 654 3101 ut
684 3047 764 3103 eis
794 3049 1063 3114 aduletur,
1099 3050 1194 3104 sed
1225 3052 1404 3120 potius
1439 3063 1494 3106 ut
1519 3053 1818 3123 paratiores
1854 3053 2064 3117 reddat,
2097 3067 2163 3108 ne

2253 574 2408 627 κενὸν
2433 575 2660 646 ἐλεγχθῇ
2693 577 2784 629 «τὸ
2805 576 3067 648 καύχημά
3090 595 3186 648 μου
3202 579 3262 632 τὸ
3278 579 3414 651 ὑπὲρ
3445 583 3620 652 ὑμῶν.ι
3636 591 3740 659 Ἐγὼ

2252 665 2361 734 γὰρ
2383 706 2398 728 ,
2430 667 2586 734 φησὶ,
2622 666 3100 737 καλλωπιζόμενος
3145 669 3229 740 ἐφ’
3270 671 3399 739 ὑμῖν
3419 711 3432 735 ,
3463 677 3594 744 παρὰ
3620 682 3740 735 πᾶσιν

2252 759 2648 830 ὲκαυχησάμην
2667 799 2681 822 ,
2709 761 2804 814 καὶ
2833 760 2962 830 παρ’
2991 760 3240 824 ἐκείνοις.
3270 763 3426 816 Ὥστε
3456 765 3541 818 ἐὰν
3567 767 3741 840 ὑστερή.

2255 865 2406 918 σητε,
2425 850 2624 920 κοινὴή
2644 850 2897 921 αἰσχύνιν
2921 853 2980 904 οὑ
3003 852 3281 921 πανταχοῦ
3305 853 3377 917 δὲ,
3393 855 3499 906 ἀλλ’
3524 858 3598 908 «ὲν
3616 861 3740 932 τούτῳ

2253 941 2332 1011 τῷ
2359 941 2534 1012 μέρειο
2549 960 2568 993 ο
2590 945 2887 1006 τουτέστιν,
2910 943 3026 996 Ἵνα
3051 944 3123 1015 μὴ
3141 946 3505 1015 καταισχυνθῶ
3525 949 3634 1021 ὲντῇ
3653 959 3740 1023 περὶ

2252 1033 2354 1102 τῆς
2401 1031 2771 1103 ὲλεημοσύνης
2813 1032 3067 1086 ὑποθέσει
3119 1034 3294 1106 μόνῃο
3344 1034 3471 1086 ἀλλά
3505 1053 3744 1106 παρεσχεν.

2254 1125 2482 1196 ασμένοι
2508 1120 2629 1196 ἦτε,
2666 1125 2847 1186 καθὼς
2873 1125 3057 1193 ἔλεγον
3086 1127 3196 1186 τοῖς
3226 1124 3535 1187 Μακεδόσιν,
3563 1128 3628 1182 ὅτι
3647 1131 3741 1184 ἕτοι-

2257 1217 2350 1288 μοί
2392 1219 2496 1270 εἰσι
2544 1219 2642 1286 τῆς
2704 1216 2928 1286 ’Δχατας
2984 1215 3246 1282 ἅπαντες,
3296 1215 3390 1268 καὶ
3433 1217 3569 1270 οὐδὲν
3613 1221 3742 1286 αὐτοῖς

2255 1309 2454 1362 λείπει.

2332 1422 2350 1455 ι
2389 1403 2480 1473 Μή
2510 1419 2625 1466 πως
2649 1401 2743 1454 ἐὰν
2771 1401 2966 1454 ἔλθωσι
2995 1400 3092 1454 σὺν
3126 1401 3250 1469 ἐμοὶ
3271 1399 3578 1465 Μακεδόνες,
3597 1405 3669 1456 καὶ
3687 1405 3743 1455 si.

2260 1507 2425 1563 ρωσιν
2450 1491 2593 1559 ὑμᾶς
2618 1489 3140 1562 ἀπαρασκευάστους
3165 1488 3622 1558 καταισχυνθῶμεν
3639 1493 3745 1561 ἡμεῖς

2259 1581 2388 1652 (ἴνα
2415 1582 2488 1651 μὴ
2521 1579 2806 1649 λέγωμεν,
2873 1578 3072 1648 ὑμεῖς)
3115 1580 3173 1630 ὲν
3223 1579 3393 1651 ταύτῃ
3427 1583 3486 1650 τῇ
3521 1582 3745 1638 ὑποστάσει

2258 1672 2354 1738 τῆς
2382 1673 2722 1740 καυχήσεως.
2756 1688 2775 1722 ι
2804 1669 2973 1724 Πάλιν
3000 1671 3130 1740 περὶ
3152 1669 3224 1722 τὰ
3245 1669 3382 1722 αὑτὰ
3403 1670 3668 1739 στρέφεται,
3685 1679 3746 1727 καὶ

2259 1765 2519 1818 ἐπιτείνει
2549 1765 2646 1836 την
2682 1765 2921 1833 ἀγωνίαν
2946 1803 2962 1829 ,
2998 1764 3106 1818 ἀπὸ
3154 1765 3504 1834 ἀνθρωπίνων
3540 1767 3746 1839 λογισμῶν

2259 1855 2476 1925 ἀνάγων
2514 1853 2588 1928 [Ῑ.
2628 1855 2824 1927 ὲνάγ.]
2856 1854 3074 1918 αὑτούς.
3107 1854 3330 1918 Μείζων
3360 1856 3466 1927 γὰρ
3497 1858 3526 1927 ἡ
3555 1860 3745 1930 ἐντροπὴ,

2259 1951 2387 2003 ὅταν
2433 1950 2526 2003 ἐπὶ
2563 1948 2861 2018 ἀλλοτρίων
2911 1946 3224 2020 προσώπων
3273 1950 3651 2020 καταισχύνεταί
3676 1971 3746 2016 τις.

2264 2044 2424 2105 Ἴσως
2449 2044 2576 2111 γὰρ,
2607 2041 2793 2112 φησιν,
2822 2043 2944 2112 ἐμοὶ
2973 2041 3251 2113 θαρρεῖτε,
3280 2043 3355 2105 ὼς
3386 2045 3746 2110 συγγινώσκοντι’

2261 2137 2398 2193 ἀλλά
2436 2137 2753 2200 Μακεδόνας
2787 2137 3042 2199 ἐννοεῖτε,
3085 2137 3134 2190 οἳ
3179 2139 3340 2207 τυχὸν
3376 2139 3647 2192 ἐλεύσονται
3684 2142 3748 2193 οὖν

2261 2228 2382 2299 ἐμοὶ
2403 2227 2569 2299 (είκὸς
2592 2226 2698 2296 γάρ
2718 2229 2835 2279 ἐστι
2859 2225 3063 2295 τοῦτο),
3095 2227 3225 2280 «καὶ
3247 2227 3340 2280 ὲάν
3365 2226 3581 2297 εὑρωσιν
3601 2229 3742 2296 ὑμᾶς,ι

2258 2320 2360 2375 οὐκ
2381 2314 2555 2380 εἶπεν,
2587 2319 2670 2370 ὅτι
2704 2318 2778 2387 μὴ
2810 2317 3064 2380 θέλοντας
3119 2318 3328 2382 δοῦναι,
3376 2318 3486 2373 ἀλλ’
3507 2356 3521 2381 ,
3549 2337 3565 2368 ι
3595 2319 3748 2387 duapo-

2264 2410 2618 2472 σκευάστους.
2650 2427 2670 2461 ›
2700 2410 2763 2462 Εἰ
2797 2411 2906 2481 γὰρ
2933 2410 2993 2462 τὸ
3020 2410 3094 2480 μὴ
3119 2409 3634 2489 παρασκευάσασθαι,
3659 2411 3748 2479 μηδὲ

2261 2501 2471 2572 ταχέως
2499 2502 2850 2568 εἰσενεγκεῖν,
2882 2503 3111 2571 αἰσχύνη
3133 2515 3146 2527 ·
3182 2500 3368 2570 πολλῷ
3411 2501 3585 2568 μᾶλλον
3609 2500 3656 2553 τὸ
3677 2517 3748 2570 μη-

2261 2596 2350 2648 δὲν
2370 2595 2507 2657 ὅλως
2537 2594 2888 2660 εἰσενεγκεῖν,
2917 2592 2948 2662 ἧ
2973 2592 3199 2645 ἔλαττον
3225 2592 3319 2646 τοῦ
3343 2593 3555 2654 δέοντος.
3582 2589 3747 2653 Κολάζει

2262 2687 2320 2741 δὲ
2346 2686 2435 2739 τὸν
2461 2684 2640 2752 λόγον,
2671 2682 2866 2747 λέγων,
2897 2683 2980 2735 ὅτι
3027 2683 3222 2751 Ἡμεῖς
3257 2681 3749 2750 καταισχυνθησόμεθα

2265 2774 2374 2844 (ἵνα
2406 2771 2482 2842 μὴ
2508 2771 2672 2840 λέγω,
2701 2771 2782 2824 ὅτι
2815 2770 3009 2838 ὑμεῖς)
3039 2773 3124 2823 ιὲν
3145 2773 3211 2840 τῇ
3234 2771 3516 2824 ὑποστάσει
3540 2770 3748 2841 satiat-lci};

2263 2867 2636 2937 καυχήσεως-ι
2669 2865 2965 2928 τουτέστιν,
2989 2864 3101 2917 Οὐκ
3116 2863 3356 2934 ἀλλαχοῦ
3381 2863 3750 2934 καταισχυνθησό-

2268 2957 2426 3028 μεθα,
2458 2956 2572 3010 ἀλλ’
2606 2957 2662 3008 ὲν
2688 2955 2822 3026 μόνῃ
2853 2953 3073 3027 [ταύτῃ]
3103 2957 3168 3024 τῇ
3199 2955 3330 3024 περὶ
3358 2957 3450 3018 τῆς
3471 2955 3751 3026 έλεημοσύης

2265 3050 2551 3120 καυχήσει,
2579 3047 2652 3106 ὡς
2679 3048 2748 3102 τά
2775 3065 2837 3115 γε
2860 3046 2995 3100 ἄλλα
3019 3047 3176 3116 ὑμῶν
3210 3047 3552 3115 ἀνεπίληπτα.
3580 3045 3704 3100 Τοῦτο
3716 3046 3750 3098 is

595 3138 648 3193 in
682 3139 801 3193 aliis
827 3139 1064 3206 probati,
1096 3141 1146 3194 in
1203 3141 1306 3197 hoc
1359 3157 1467 3198 non
1529 3143 1874 3198 inveniantur
1922 3144 2160 3214 probati,

2265 3141 2435 3209 λέγει,
2467 3140 2528 3194 οὑ
2558 3139 2875 3193 κολακεύων
2901 3137 3097 3200 αὐτοὺς
3124 3138 3194 3203 ³³,
3228 3138 3362 3191 ἀλλὰ
3402 3137 3581 3207 μᾶλλον
3611 3135 3753 3206 προθυ-

595 3230 806 3300 sibique
847 3230 980 3300 ipsis
1027 3233 1328 3289 inferiores.
1361 3235 1497 3290 Cum
1541 3251 1666 3290 vero
1721 3236 1818 3301 ait,
1870 3250 1938 3290 ne
1991 3235 2165 3290 dicam

2273 3233 2533 3304 μοτέρους
2573 3231 2743 3284 ποιῶν
2765 3271 2780 3296 ,
2811 3233 2900 3283 ἴνα
2940 3231 2998 3282 ὲν
3026 3233 3140 3294 τοῖς
3186 3230 3368 3295 ἄλλοις
3399 3229 3750 3299 εὐδοκιμοῦντες,

596 3336 713 3385 vos,
747 3323 980 3378 ostendit
1009 3323 1151 3394 quod
1172 3324 1540 3394 ipsimajorem
1562 3325 1913 3395 ignominiam
1940 3323 2165 3380 relaturi

597 3425 774 3469 erant.
824 3415 962 3470 Nam
1013 3417 1250 3486 ipsorum
1300 3427 1419 3472 erat
1475 3419 1754 3474 delictum.
1799 3419 2166 3474 Substantiam

597 3514 775 3560 autem
833 3505 1159 3573 subjectum,
1209 3508 1290 3564 vel
1322 3523 1435 3565 rem
1469 3510 1666 3580 ipsam,
1707 3509 1790 3566 vel
1835 3509 2170 3581 gloriatiouis

599 3601 886 3656 essentiam
916 3600 1174 3675 intellige.

673 3885 836 3940 Vsus.
867 3881 924 3940 5.
977 3903 997 3937 ‹
1038 3883 1416 3939 Necessarium
1460 3901 1590 3956 ergo
1628 3885 1933 3943 existimavi
1982 3903 2179 3960 rogare

604 3977 825 4044 fratres,
859 3987 917 4030 ut
945 3978 1280 4048 praeveniant
1317 3978 1383 4031 ad
1421 3993 1534 4044 vos,
1561 3989 1614 4033 et
1653 3989 1956 4048 praeparent
1987 3995 2177 4052 repro-

607 4066 826 4120 missam
851 4065 1276 4122 benedictionem
1315 4068 1453 4122 hanc
1482 4078 1727 4138 paratam
1749 4083 1869 4125 esse
1893 4070 1998 4137 sic,
2019 4072 2173 4141 quasi

600 4156 1066 4225 benedictionem,
1100 4173 1206 4213 non
1252 4168 1505 4228 tanquam
1545 4161 1850 4215 avaritiam.
1890 4180 1909 4214 ι
1942 4161 2022 4216 Ne
2048 4176 2178 4219 con-

2270 3325 2365 3381 καὶ
2397 3327 2455 3380 ὲν
2494 3326 2671 3395 τούτῳ
2720 3326 2796 3396 μὴ
2841 3325 3143 3395 εὑρεθῶσιν
3190 3325 3441 3394 ἀδόκιμοι
3490 3325 3572 3377 καὶ
3607 3323 3752 3375 ἑαυτῶν

2269 3419 2543 3482 ἐλάττους.
2570 3418 2668 3470 Διά
2705 3417 2759 3470 δὲ
2782 3416 2875 3470 τοῦ
2898 3417 3091 3481 εἰπεῖν,
3132 3417 3253 3470 Ἵνα
3275 3418 3347 3487 μὴ
3363 3415 3515 3484 λέγω,
3548 3414 3614 3468 ὅτι
3631 3414 3751 3483 ὑμεῖς,

2269 3512 2545 3566 δείκνυσιν
2575 3511 2657 3564 ὅτι
2708 3509 2909 3579 μᾶλλον
2944 3509 3098 3562 αὑτοὶ
3131 3509 3669 3577 καταισχυνθήσονται·
3690 3504 3752 3557 αὖ·

2269 3602 2379 3658 τῶν
2405 3603 2514 3674 γὰρ
2543 3603 2602 3656 τὸ
2625 3603 2844 3672 άμάρτη
2855 3619 2950 3672 μα.
2975 3601 3314 3654 Ὑπὸστασιν
3337 3600 3393 3654 δὲ
3419 3602 3530 3671 τὴν,
3552 3598 3752 3658 ὑπόθεσιν,

2271 3695 2367 3749 καὶ
2390 3694 2522 3749 αὑτὸ
2548 3694 2609 3747 τὸ
2637 3694 2892 3764 πρᾶγμα,
2918 3693 3038 3764 ἦτοι
3068 3693 3168 3763 τὴν
3193 3692 3384 3746 οὐσίαν
3405 3694 3498 3763 τῆς
3520 3691 3754 3760 καυχήσεως

2271 3788 2405 3844 νόει.

2350 3919 2369 3952 ι
2419 3900 2742 3969 Ἀναγκαῖον
2783 3898 2877 3952 οὖν
2921 3897 3223 3969 ἡγησάμην
3250 3891 3754 3969 παρακαλέσαι³⁶τῡῦς

2277 3993 2557 4063 ἀδελφοὺς,
2594 3993 2683 4047 ἵνα
2707 3991 3044 4064 προέλθωσιν
3071 3991 3151 4053 εἰς
3180 3992 3348 4062 ὑμᾶς,
3383 3991 3472 4044 καὶ
3491 4000 3754 4060 προσκατηρ-

2274 4087 2463 4141 τίσωσι
2491 4084 2652 4158 [vu!g.
2687 4103 2852 4156 προκ.
2879 4084 2896 4158 ]
2929 4084 3028 4156 τὴν
3051 4083 3563 4156 προεπηγγελμένην
3582 4078 3756 4142 εὐλογίαν

2277 4177 2452 4248 ὑμῶν,
2474 4175 2679 4246 ταύτην
2709 4171 2851 4230 εἶναι
2893 4175 3120 4245 ἑτοίμην
3144 4173 3321 4237 οὕτως
3351 4172 3423 4237 ὡς
3454 4168 3676 4237 εὐλογίαν,
3701 4165 3758 4217 καὶ

597 4251 773 4304 traria
807 4249 986 4305 dicere
1010 4251 1272 4317 videatur,
1305 4267 1429 4307 eum
1467 4267 1629 4324 supra
1660 4253 1890 4319 dixerat,
1921 4272 1940 4307 ι
1977 4254 2165 4326 Super-

2281 4272 2355 4342 μὴ
2384 4271 2461 4336 ὡς
2494 4271 2830 4336 πλεονεξίαν.
2872 4289 2892 4322 ι
2925 4270 3043 4324 Ἵνα
3071 4269 3145 4340 μὴ
3186 4269 3317 4342 δόξῃ
3343 4260 3756 4331 ὲναντιολογεῐεθτι.

599 4358 908 4400 vacauemn
954 4350 1040 4398 est
1077 4342 1209 4397 mibi
1242 4344 1500 4411 scribere,
1551 4362 1570 4396 ›
1615 4361 1758 4401 nunc
1795 4355 1972 4401 autem
2001 4347 2165 4404 denuc

2278 4364 2390 4419 ἀνω
2422 4362 2518 4434 μὲν
2543 4361 2733 4426 είπὼν,
2763 4363 2846 4416 ὅτι
2875 4379 2893 4414 ι
2927 4360 3190 4434 Περιττόν
3224 4379 3315 4432 μοι
3348 4361 3580 4431 γράφειν,
3607 4375 3621 4408 ι
3644 4351 3758 4405 vivi?

597 4438 667 4495 de
709 4435 901 4490 iisdem
933 4435 1188 4504 disserit,
1227 4435 1340 4506 jam
1377 4437 1442 4490 de
1478 4437 1804 4493 liberalitate
1827 4447 1884 4493 et
1924 4438 1992 4493 de
2015 4452 2165 4508 opere

2283 4453 2446 4508 πάλιν
2477 4453 2606 4524 περὶ
2630 4450 2836 4506 τούτων
2863 4451 3274 4522 διαλεγόμενος,
3297 4450 3390 4504 νῦν
3416 4450 3532 4519 περὶ
3559 4439 3758 4542 adlidi;

597 4551 721 4590 cnm
759 4531 1039 4587 alacritate
1069 4533 1396 4602 perﬁciendo
1433 4533 1594 4589 verba
1635 4532 1788 4602 facit,
1843 4543 2007 4606 atque
2047 4536 2178 4592 hac-

598 4632 833 4696 pr0pter
871 4638 930 4678 se
961 4622 1160 4679 fratres
1187 4627 1399 4680 misisse
1431 4626 1526 4680 ait.
1562 4626 1797 4681 Duorum
1829 4636 2006 4680 autem
2039 4623 2182 4682 inter

599 4732 658 4772 se
708 4717 1058 4782 pugnantium
1089 4718 1412 4784 admonens,
1445 4733 1639 4788 nempe
1668 4728 1726 4772 ut
1752 4718 1933 4785 ample
1961 4728 2022 4774 et
2054 4734 2180 4774 cum

611 4806 894 4866 alacritate
913 4807 1233 4878 largiantur,
1255 4820 1544 4879 utrmnque
1565 4810 1964 4880 sapientissime
1992 4825 2184 4880 aggre-

612 4901 776 4954 ditur.
812 4900 948 4954 Nam
992 4901 1139 4969 prius
1184 4901 1250 4957 de
1276 4901 1560 4958 alacritate
1609 4905 1660 4957 in
1713 4902 1893 4958 dando
1939 4903 2181 4969 disserit,

615 4991 808 5046 deinde
846 4993 911 5047 de
939 4993 1112 5050 altero
1143 4994 1337 5064 capite.
1376 4995 1468 5050 Ait
1501 4997 1685 5064 itaque
1707 5035 1724 5063 ,
1752 4995 2064 5052 Benedictio
2101 5003 2186 5050 est

615 5083 668 5136 id
692 5083 832 5153 quod
867 5083 1028 5138 datur
1056 5104 1070 5141 :
1101 5100 1259 5140 nemo
1289 5096 1468 5141 autem
1493 5086 1584 5156 qui
1609 5087 2043 5146 benedictionem
2068 5089 2180 5157 dat,

2281 4545 2613 4614 διαλέγεται,
2653 4546 2751 4599 καὶ
2778 4545 2873 4598 τοῦ
2917 4543 3056 4616 μετὰ
3083 4543 3396 4614 προθυμίας
3429 4539 3620 4608 ποιῆσαι
3644 4531 3757 4595 τὸέρ-

2281 4655 2378 4709 γον
2402 4655 2417 4670 °
2445 4639 2539 4692 atat
2562 4637 2654 4692 διὰ
2679 4636 2859 4691 ταῦτα
2885 4637 3102 4707 πέμψαι
3127 4636 3267 4708 φησὶ
3290 4635 3414 4698 τοὺς
3444 4627 3678 4698 ἀδελφούς.
3702 4622 3758 4678 Εἲς

2283 4731 2378 4785 δύο
2400 4730 2457 4785 δὲ
2482 4729 2702 4786 ἐναντία
2739 4728 3088 4801 προτρέπων,
3125 4731 3185 4782 τό
3217 4746 3278 4781 τε
3309 4726 3583 4797 φιλοτίμως
3607 4716 3757 4772 δοῦναι.

2285 4825 2380 4878 καὶ
2417 4826 2479 4877 τὸ
2512 4824 2651 4896 μετά
2684 4823 3020 4896 προθυμίας,
3043 4822 3332 4892 σοφώτατα
3374 4818 3625 4890 ἀμφότερα
3650 4823 3756 4879 μεῖν

2285 4913 2605 4987 χειρίζεται.
2638 4915 2911 4987 Πρότερον
2939 4917 3048 4986 γὰρ
3091 4918 3220 4983 περὶ
3247 4913 3341 4967 τοῦ
3379 4909 3508 4982 μετὰ
3532 4898 3755 4976 προθυμίας

2287 5007 2469 5060 δοῦναι
2497 5007 2832 5074 διαλέγεται,
2865 5001 2986 5060 εἶτα
3017 5007 3111 5060 καὶ
3152 5005 3278 5076 περὶ
3316 5002 3407 5057 τοῦ
3447 5000 3611 5069 ἑτέρου
3647 5002 3756 5053 15?“

2287 5099 2464 5153 λαίου.
2479 5099 2649 5168 Φησὶν
2667 5093 2782 5163 οὗν,
2805 5099 2887 5152 ὅτι
2909 5097 3128 5168 εὐλογία
3151 5099 3269 5150 ἐστὶ
3296 5098 3352 5149 τὺ
3371 5093 3628 5162 διδόμενον·
3643 5078 3758 5135 οὐδεὶς

619 5175 995 5230 contristatur.
1025 5175 1199 5232 Porro
1229 5177 1462 5233 fructum
1495 5180 1682 5234 statim
1715 5181 1842 5235 inde
1877 5181 2165 5249 germinant

2287 5189 2345 5243 δὲ
2385 5167 2636 5258 εὑλογίαν
2658 5189 2702 5221 ⁸⁷
2745 5189 2920 5253 διδοὺς
2956 5167 3228 5242 λυπεῖται.
3277 5185 3513 5238 Δεέκνυσι
3545 5177 3591 5232 δὲ
3616 5167 3759 5226 καὶτὸν

620 5276 724 5320 tem
769 5269 1025 5334 ostendit,
1056 5285 1257 5339 eosque
1305 5271 1394 5339 qui
1445 5271 1749 5341 largiuntur
1819 5274 2165 5330 benedictiom

2292 5282 2506 5355 καρπὸν
2535 5282 2698 5346 εὐθὺς
2746 5282 2981 5341 ἐνταῦθα
3022 5281 3418 5353 βλαστάνοντα,
3463 5273 3547 5329 καὶ
3584 5260 3759 5364 εὐλογίας

619 5357 877 5425 repletos.
911 5357 1095 5427 Neque
1125 5363 1224 5414 hoc
1255 5360 1329 5415 illi
1354 5363 1487 5416 satis
1513 5362 1613 5414 fuit
1635 5403 1649 5428 ,
1680 5363 1774 5418 sed
1801 5363 2022 5427 addidit,
2069 5384 2086 5417 ι
2126 5364 2165 5418 Ε

2293 5374 2766 5446 πεπληρωμένους
2811 5375 2936 5436 τοὺς
2976 5373 3338 5441 παρέχοντας.
3383 5369 3485 5422 Καὶ
3516 5361 3617 5417 οὐδὲ
3640 5357 3757 5446 τούτῳ

619 5465 725 5504 non
769 5447 1026 5520 tanquam
1055 5453 1355 5507 avaritiam.
1395 5473 1414 5505 ι
1460 5453 1639 5509 Nolite
1677 5455 1818 5509 enim
1857 5455 2192 5524 existimare,

621 5546 821 5615 inquit,
858 5547 1002 5616 quod
1036 5544 1164 5613 ista,
1213 5561 1309 5602 ceu
1351 5561 1446 5604 vos
1481 5547 1822 5614 fraudautes,
1859 5551 2192 5620 accipimus;

2297 5443 2725 5535 ﬂpzéatinﬁt‘alh
2743 5463 3071 5535 προσέθηκεν
3112 5480 3130 5513 ι
3154 5462 3263 5515 Καὶ
3291 5460 3363 5530 μὴ
3387 5458 3456 5520 ὡς
3481 5443 3753 5544 πλεονεξίανιι

2300 5555 2393 5627 Μὴ
2423 5556 2530 5628 γὰρ
2572 5557 2867 5628 νομίσητε»
2915 5553 3116 5626 φησὶν,
3163 5554 3242 5606 ὃτι
3287 5551 3358 5615 ὼς
3404 5542 3756 5600 πλεονεκτοῦντες

1937 5685 2136 5748 Variae
2166 5688 2491 5756 lectiones.

700 5814 745 5846 ³³
779 5814 1015 5878 ἐκείνους
1049 5831 1103 5870 0.
1181 5814 1224 5846 ³⁸
1260 5810 1581 5884 προπέμψαι
1603 5827 1654 5865 οι
1734 5811 1780 5843 ³⁷
1809 5811 2043 5878 εὐλόγως
2073 5828 2127 5872 οο
