3898 6552
149 375 246 440 893

935 370 1342 434 EXPOSITIO
1367 373 1451 436 IN
1491 375 1731 437 EPIST.
1758 376 1821 437 II
1860 381 1963 442 AD
1991 380 2162 443 COR.
2194 404 2266 418 -·
2308 379 2471 443 CAP.
2511 380 2618 444 IX.

3258 370 3371 446 89's

151 484 275 554 ὑμᾶς
301 477 468 533 ταῦτα
495 474 866 546 λαμϐάνομεν,
901 477 1018 530 ἀλλ’
1051 477 1127 540 ὡς
1160 477 1404 544 θέλοντες
1439 481 1568 552 ὑμῖν
1599 481 1692 533 εὑ-

1823 486 1892 541 ed
1933 487 2366 544 benedictionem
2419 486 2573 544 vobis
2621 485 2914 544 conciliare
2964 486 3225 542 volentes.
3276 484 3372 540 Ille

149 575 314 644 λογίαν
339 569 691 642 προξενῆσαι.
726 569 892 623 ’Ὥστε
925 570 953 622 6
980 570 1171 634 διδοὺς.
1200 571 1351 626 ἄκων
1388 573 1691 644 ὲλεημοσῠο

150 685 233 737 νην
277 665 470 718 ὡσανεὶ
496 663 921 718 πλεονεκτεῖται.

213 774 230 808 ι
266 746 428 807 Τοῦτο
455 753 536 816 δὲ,
590 754 618 806 6
667 752 907 819 σπείρων
951 752 1305 824 φειδομένως,
1355 757 1693 826 φειδομένως

151 849 226 902 καὶ
247 845 442 914 θερίσει
480 860 495 875 ο
524 849 618 898 καὶ
642 845 670 896 6
699 844 942 915 σπείρων
976 845 1064 898 ἐπ’
1085 845 1384 915 εὐλογίαις,
1411 849 1500 902 ἐπ’
1531 849 1691 903 εὐλο-

150 940 277 1008 γίαις
305 937 395 990 καὶ
420 935 646 1006 Θερίσει.
705 954 726 989 ι
779 937 902 990 Ἐπὶ
928 937 988 991 τὸ
1015 938 1208 1010 ἕτερον
1269 941 1569 1011 κεφάλαιον
1595 959 1696 1013 με-

150 1030 389 1091 ταδαίνει,
430 1029 492 1081 τὺ
524 1028 652 1097 περὶ
703 1025 798 1082 τοῦ
839 1029 976 1099 μετὰ
1012 1030 1296 1100 δαψιλείας
1345 1033 1553 1100 δοῦναι,
1600 1034 1698 1090 καί

121 1132 315 1193 ῐφησιν,
347 1121 428 1173 ὅτι
461 1120 573 1173 Καὶ
617 1121 778 1175 τοῦτο
814 1121 958 1190 λέγω
987 1121 1126 1194 πρὸς
1152 1118 1235 1188 οἷς
1287 1121 1462 1192 εἷπον,
1521 1127 1604 1181 ὅτι
1631 1127 1694 1181 οὗ

153 1212 400 1280 φειδωλῶς
432 1206 518 1266 δεῖ
541 1213 768 1270 διδόναι.
818 1215 932 1269 Καὶ
978 1215 1079 1270 οὐκ
1123 1211 1270 1282 εἷπε,
1316 1219 1695 1290 Μικρολόγως,

153 1304 246 1359 ἀλλ’
274 1304 668 1374 εὐφημότερον,
699 1303 762 1359 τδ
785 1305 883 1373 τῆς
909 1305 1122 1376 φειδοῦς
1140 1303 1314 1380 ὄνομα
1333 1310 1570 1366 τέθεικε.
1587 1312 1700 1366 Καὶ

157 1399 332 1466 σπόρον
361 1396 422 1448 τὸ
461 1399 699 1468 πρᾶγμα
728 1397 1010 1464 ἐκάλεσεν,
1062 1400 1149 1454 ἵνα
1181 1402 1387 1466 εὐθέως
1414 1403 1553 1474 πρὸς
1599 1403 1701 1477 τὴν

151 1489 390 1543 ἀντίδοσιν
420 1489 650 1561 βλέψῃς,
683 1492 779 1544 καὶ
823 1491 999 1562 μάθῃς
1035 1492 1116 1546 ὅτι
1142 1494 1366 1548 πλείονα
1400 1495 1701 1564 λαμϐάνεις

152 1587 178 1656 ἧ
207 1577 370 1646 δίδως.
405 1583 590 1638 Εἰπὼν
619 1585 675 1638 δὲ
707 1587 834 1656 περὶ
868 1586 961 1639 τοῦ
996 1587 1136 1656 μετὰ
1159 1588 1442 1658 δαψιλείας
1473 1589 1698 1658 διδόναι,

153 1677 294 1731 πάλιν
323 1678 416 1732 καὶ
447 1677 547 1730 τοῦ
585 1678 722 1748 μετὰ
754 1678 1066 1750 προθυμίας
1110 1676 1296 1735 δοῦναι
1331 1683 1648 1753 ἐπεμνήσθη
1683 1698 1700 1714 ·

151 1769 344 1838 τὸγὰρ,
389 1788 408 1821 ι
433 1767 497 1823 '0
549 1770 789 1842 σπείρων
821 1772 905 1826 ἐπ’
931 1771 1233 1842 εὐλογίαις,
1274 1792 1294 1826 ι
1338 1772 1499 1826 τοῦτο
1528 1773 1700 1846 δηλοῖ,

153 1863 216 1926 ὠς
237 1861 490 1932 ἀνωτέρω
512 1863 752 1934 εἴρηται.

217 2061 234 2096 ι
266 2043 537 2108 Ἕκαστος
560 2043 750 2108 καθὼς
787 2043 1138 2116 προαιρεῖται
1165 2049 1230 2119 τῇ
1265 2048 1486 2121 καρδίᾳ,
1525 2048 1602 2120 μὴ
1640 2051 1706 2104 ὲκ

155 2138 387 2209 λύπης,ἢ
423 2139 486 2202 ἐξ
515 2139 764 2209 ἀνάγκης
799 2155 812 2171 ·
852 2138 1039 2208 ἱλαρὸν
1069 2140 1180 2212 γὰρ
1235 2140 1394 2212 δότην
1437 2143 1629 2214 ἀγαπᾷ
1677 2145 1707 2198 6

153 2232 285 2295 Θεός.
315 2249 334 2283 ι
386 2231 753 2301 Ἐνδιατρίδει
785 2231 861 2300 τῷ
897 2232 1025 2303 περὶ
1071 2232 1163 2286 τοῦ
1218 2233 1358 2304 μετὰ
1397 2234 1707 2306 προθυμίας

154 2319 326 2373 διδόναι
353 2319 524 2386 λόγῳ,
562 2319 719 2384 εἰδὼς
745 2321 827 2374 ὅτι
857 2321 995 2392 πρὸς
1023 2320 1085 2375 τὸ
1122 2321 1308 2377 δοῦναι
1359 2322 1553 2389 πολλὰ,
1610 2321 1708 2377 καὶ⁵

153 2413 205 2465 τὸ
235 2412 588 2482 παράδειγμα
635 2412 744 2466 τῶν
801 2413 1132 2468 Μακεδόνων
1194 2415 1377 2467 ἱκανὸν
1417 2415 1569 2468 ἔσται
1625 2415 1708 2469 διο

155 2507 341 2575 εγεῖραι
361 2505 588 2567 αὐτοὺς,
608 2505 700 2558 καὶ
725 2505 784 2558 τὸ
807 2503 1170 2577 αἰσχύνεσθαι
1196 2506 1448 2569 ἐλάττους
1473 2506 1707 2576 φανῆναι

157 2597 377 2652 ἐκείνων.
411 2595 528 2666 Τὴν
561 2594 616 2648 δὲ
641 2595 868 2665 γνώμην
903 2595 1084 2648 αὐτῶν
1122 2597 1290 2660 ίᾶται,
1351 2597 1440 2649 ἵνα
1474 2597 1559 2666 εἴη
1615 2597 1709 2649 καὶ

156 2688 305 2759 ἀρετὴ
336 2688 398 2742 τὸ
431 2687 564 2758 παρ’
613 2688 796 2742 αὐτῶν
839 2689 1146 2759 γινόμενον.
1199 2690 1262 2742 Ei
1290 2690 1398 2760 γάρ
1430 2686 1708 2754 ἀκούσιον,

157 2782 240 2834 οὐκ
258 2782 448 2852 ἀρετή.
498 2781 588 2844 Ὠς
621 2776 715 2835 οὖν
747 2781 1070 2844 διδάσκαλος
1120 2782 1349 2852 ἀληθὴς,
1384 2781 1524 2835 θέλει
1581 2783 1710 2847 τοὺς

161 2871 384 2942 μαθητὰς
415 2872 562 2926 κατὰ
583 2872 674 2925 τὸν
705 2873 865 2940 λόγον
894 2872 994 2939 τῆς
1020 2874 1225 2943 ἀρετῆς
1261 2875 1435 2927 ποιεῖν
1465 2871 1494 2927 ὃ
1521 2873 1710 2926 ποιοῦ-

159 2980 248 3028 σιν,
299 2964 416 3034 ἅμα
443 2963 500 3016 δὲ
527 2963 621 3016 καὶ
644 2964 732 3016 ἵνα
762 2965 790 3016 6
823 2965 1014 3032 μισθὸς
1037 2962 1219 3028 αὐτοῖς
1266 2964 1559 3034 ὁλόκληρος
1597 2965 1708 3035 εἴη,

159 3055 398 3119 ἑκουσίως
428 3055 648 3109 ποιοῦσι
680 3055 742 3108 τδ
769 3055 962 3109 καλόψ
999 3053 1074 3120 ὡς
1105 3057 1167 3110 τό
1196 3074 1260 3124 γε
1291 3055 1549 3110 ἀκούσιον
1580 3056 1714 3108 ὐπο-

1795 577 1977 648 itaque
2021 579 2112 648 qui
2149 579 2546 650 eleemosynsm
2587 579 2756 635 invite
2803 578 3066 651 largitur,
3101 577 3366 648 quodam-

1794 671 1952 726 modo
1973 671 2266 739 expilatur.

1865 760 2025 832 291
2061 759 2226 815 Vens.
2250 759 2306 818 6.
2341 777 2362 814 ι
2399 759 2515 817 Hoc
2549 769 2728 816 autem
2764 760 2882 815 dico
2904 799 2918 825 ,
2953 761 3045 830 qui
3073 775 3240 829 parce
3282 775 3372 814 se-

1797 856 1988 920 minat,
2034 868 2194 925 parce
2221 865 2278 910 et
2306 861 2474 910 metet
2512 872 2527 910 :
2560 864 2614 908 et
2644 854 2735 923 qui
2761 853 2992 909 seminat
3037 854 3091 908 in
3152 853 3374 909 benedi-

1796 944 2090 1007 ctionibus,
2123 944 2180 1000 in
2225 943 2697 1000 benedictionibus
2727 953 2783 998 et
2817 953 3001 998 metet.
3037 961 3056 994 ι
3105 943 3186 996 Ad
3223 942 3371 997 aliud

1796 1045 1960 1108 caput
1987 1037 2098 1107 jam
2135 1036 2352 1101 transit,
2397 1034 2540 1104 quod
2569 1042 2654 1090 est
2692 1034 2760 1101 de
2801 1033 3026 1104 largiter
3059 1033 3257 1100 dando,
3287 1031 3373 1088 in-

1797 1128 1993 1199 quiens
2031 1144 2044 1181 :
2085 1125 2198 1182 [loc
2240 1126 2404 1182 etiam
2436 1124 2633 1194 adjicio
2665 1124 2746 1180 eis
2779 1139 2899 1193 quac
2941 1123 3194 1187 dixerim,
3229 1122 3373 1194 quod

1797 1235 1905 1276 non
1953 1233 2116 1289 parce
2151 1222 2399 1288 oporteat
2441 1216 2598 1272 dare.
2646 1214 2712 1270 Et
2763 1229 2868 1270 non
2913 1214 3071 1281 dixit,
3119 1215 3370 1280 tenuiter,

1800 1311 2212 1368 scd'celebrius
2267 1309 2616 1380 parcimonim
2668 1305 2992 1363 vocabulum
3050 1303 3248 1375 posuit.
3295 1304 3374 1360 Ac

1801 1417 1986 1458 semen
2041 1416 2177 1470 opus
2233 1400 2408 1469 ipsum
2459 1399 2690 1462 vocavit,
2740 1407 2798 1451 ιιι
2849 1396 2916 1451 ad
2961 1395 3372 1450 retributionem

1801 1494 2092 1552 confeStitn
2128 1493 2408 1563 respicias,
2447 1503 2512 1546 ac
2553 1491 2733 1546 discas
2769 1489 2911 1558 quod
2957 1488 3110 1558 plura
3141 1485 3377 1555 accipias

1801 1601 1964 1656 quam
2009 1585 2122 1640 des.
2169 1583 2303 1638 Cum
2347 1597 2478 1636 vero
2511 1581 2757 1643 dixisset,
2796 1579 2938 1648 quod
2978 1577 3200 1645 largiter
3243 1575 3379 1630 dan-

1804 1679 1926 1732 dum
1978 1675 2069 1740 sit,
2124 1687 2312 1728 rursus
2355 1674 2518 1728 etiam
2562 1670 2809 1725 meminit
2846 1669 2986 1738 quod
3044 1682 3164 1720 cum
3217 1664 3379 1720 animi

1805 1769 2084 1825 alacritate
2113 1766 2347 1823 dandum
2379 1763 2484 1820 sit:
2517 1763 2660 1833 quod
2689 1762 2834 1818 enim
2870 1761 2965 1828 ait,
3006 1778 3024 1810 ι
3067 1759 3168 1826 Qui
3222 1755 3384 1812 semi-

1814 1867 1905 1916 nat
1924 1860 1978 1915 in
2009 1856 2498 1924 benedictionibus,
2537 1873 2559 1908 ι
2595 1855 2697 1910 hoc
2729 1853 2954 1917 indicat,
2985 1849 3208 1922 perinde
3238 1863 3301 1903 ac
3329 1849 3380 1902 in

1812 1949 2180 2020 superioribus
2213 1948 2416 2003 dictum
2445 1954 2547 2002 est.

1883 2035 2048 2092 Vens.
2081 2035 2136 2090 7.
2177 2053 2196 2089 ι
2240 2034 2624 2104 Unusquisque
2656 2039 2814 2101 prout
2856 2030 3090 2084 destinat
3136 2029 3187 2083 in
3221 2029 3383 2084 corde

1813 2145 1933 2198 suo,
1972 2144 2078 2184 non
2113 2143 2178 2185 ex
2216 2128 2432 2182 tristitia
2472 2136 2565 2181 ant
2599 2126 2945 2182 necessitate.
2977 2122 3212 2177 llilarem
3239 2122 3383 2176 enim

1814 2225 2056 2278 datorem
2093 2219 2268 2291 diligit
2312 2219 2475 2274 Deus.
2523 2237 2543 2271 ι
2581 2218 2634 2272 ln
2676 2231 2927 2273 sermone
2954 2217 3018 2270 de
3062 2215 3390 2285 promptitu-

1815 2315 1940 2369 dine
1985 2311 2038 2367 in
2075 2311 2250 2366 dando
2282 2311 2625 2373 immoratur,
2659 2317 2994 2375 compertum
3040 2307 3246 2360 habens
3279 2305 3390 2358 Ma-

1813 2407 2078 2464 cedonum
2109 2403 2414 2472 exemplum
2448 2400 2691 2455 sntiicere
2725 2400 2788 2452 ad
2822 2400 2944 2462 hoc,
2986 2409 3042 2451 ut
3065 2399 3265 2451 excitet
3295 2411 3389 2451 eos

1814 2514 1922 2570 quo
1950 2498 2103 2568 plura
2129 2496 2281 2556 dent.
2319 2506 2485 2562 utque
2519 2491 2824 2564 pndeiaciat
2864 2506 2979 2556 cos,
3014 2490 3057 2544 si
3106 2489 3388 2544 inferiores

1817 2590 1927 2644 illis
1968 2595 2285 2659 appareant.
2322 2585 2567 2656 Ipsorum
2619 2593 2796 2638 autem
2841 2591 3078 2636 mentem
3119 2589 3296 2642 sanat,
3332 2588 3390 2632 ut

1818 2683 1891 2740 sit
1924 2680 2089 2737 etiam
2129 2681 2300 2734 virtus
2329 2679 2474 2748 quod
2503 2676 2570 2730 ab
2612 2674 2741 2744 ipsis
2775 2673 2853 2726 iit.
2897 2670 3033 2725 Natu
3062 2669 3104 2723 si
3140 2668 3388 2723 involun-

1821 2774 2018 2830 larium
2055 2781 2160 2835 est,
2195 2784 2298 2825 non
2331 2779 2414 2824 est
2454 2768 2648 2822 virtus.
2683 2764 2809 2820 Ideo
2855 2777 2952 2818 ceu
2990 2776 3145 2816 verus
3188 2773 3388 2829 praece-

1817 2875 1960 2937 ptor,
1992 2863 2290 2932 discipulos
2330 2875 2457 2915 suos
2487 2857 2708 2914 omnino
2751 2855 2864 2910 vult
2905 2868 3000 2925 pro
3043 2851 3258 2906 virtutis
3305 2867 3392 2905 ra-

1821 2957 1968 3012 tione
1993 2957 2171 3010 faccre
2191 2953 2334 3024 quod
2357 2951 2584 3006 faciunt.
2616 2947 2786 3003 Simul
2817 2955 2994 3001 autem
3021 2952 3153 3000 utet
3185 2956 3392 2996 merces

1819 3047 1950 3116 ipsis
2011 3053 2119 3098 tota
2164 3042 2471 3112 contingat,
2511 3037 2813 3094 voluntario
2867 3035 3076 3090 iaciunt
3124 3035 3322 3087 bonum
3372 3047 3389 3086 :

159 3146 324 3216 τέμνει
342 3147 436 3200 τὸν
477 3147 666 3216 μισθὸν
691 3161 707 3178 ο
740 3147 828 3200 διὰ
858 3146 1018 3200 τοῦτό
1039 3163 1205 3215 φησιν
1232 3160 1248 3178 ο
1279 3164 1298 3196 ι
1333 3147 1606 3208 ’Ἕκαστος
1637 3145 1712 3208 ὡς

1823 3152 1945 3193 nam
1980 3134 2404 3191 involuntariutn
2436 3130 2740 3186 mercedem
2772 3129 2986 3183 minuit.
3013 3125 3092 3182 Ob
3118 3141 3236 3180 eam
3260 3139 3395 3180 cau-

2001 3227 2013 3239 ο
2133 3227 2167 3239 ο.
2302 3221 2346 3239 ιν
2545 3223 2556 3236 ο
2678 3238 2685 3239 ,
2728 3230 2777 3239 η.
2812 3220 2854 3239 9,
2911 3219 3063 3239 --_.I_
3103 3233 3193 3239 ---Α
3233 3216 3361 3239 J_--2

159 3241 512 3308 προαιρεῖται,
537 3238 632 3291 καὶ
648 3238 748 3291 οὐκ
779 3239 844 3292 ὲκ
872 3237 1072 3308 λύπης,
1097 3238 1130 3309 ἢ
1154 3238 1214 3304 ἐξ
1246 3240 1490 3308 ἀνάγκης
1513 3258 1528 3271 ·
1557 3257 1578 3290 ι
1617 3239 1712 3292 καὶ

162 3328 448 3400 μαρτυρίαν
469 3330 535 3381 ἐκ
559 3327 902 3394 Σολομῶντος
921 3327 1186 3399 παράγει.
1213 3327 1404 3381 Καίτοι
1425 3326 1624 3394 ὸλόγος
1641 3325 1717 3395 τῷ

163 3420 293 3490 σοφῷ
315 3419 426 3492 [οὐ]
459 3420 589 3490 περὶ
627 3418 910 3488 δαψιλείας
943 3420 1162 3490 εἴρηται
1185 3431 1199 3448 '
1236 3419 1349 3472 ἀλλ’
1387 3422 1536 3490 ὅμως
1555 3418 1719 3481 αὐτὸς

161 3512 229 3575 είς
250 3513 308 3567 τὸ
341 3513 485 3582 μετὰ
515 3511 826 3582 προθυμίας
870 3509 1072 3564 διδόναι
1133 3512 1324 3566 τοῦτον
1376 3511 1666 3578 ὲξελάόετο
1699 3526 1714 3541 ⁶

159 3607 202 3660 εί
234 3607 286 3661 δὲ
329 3605 531 3678 βούλει,
567 3607 662 3660 καὶ
688 3604 825 3676 πρὸς
851 3604 1156 3675 ἀμφότερα.

226 3803 244 3838 ι
271 3784 506 3848 Δυνατδς
525 3783 626 3838 δὲό
662 3782 796 3848 Θεὸς
825 3783 1008 3836 πᾶσαν
1047 3781 1210 3853 χάριν
1234 3780 1594 3851 περισσεύσαι
1639 3781 1720 3845 εἰς

162 3877 312 3946 ὑμᾶς.
351 3898 368 3930 ι
413 3878 512 3932 Διὰ
541 3876 746 3930 τούτων
776 3877 887 3930 τῶν
919 3875 1095 3944 λόγων
1127 3875 1427 3944 ἀνατρέπει
1451 3875 1544 3928 τὸν
1576 3871 1720 3942 λογι-

165 3969 283 4038 σμὸν
312 3971 371 4023 ὃν
391 3971 440 4025 oi
467 3967 657 4023 πολλοὶ⁵
683 3967 878 4040 ἔχομεν
908 3968 1161 4036 λέγοντες
1185 3981 1203 3998 ο
1246 3963 1370 4019 Ἐὰν
1411 3965 1582 4047 πολλα
1619 3966 1718 4028 δῶ,

161 4049 392 4117 δέδοικα.
394 4064 588 4132 μήπως
636 4061 808 4130 πένης
849 4059 1117 4130 γένωμαι.
1150 4059 1318 4128 Φησὶν
1349 4057 1462 4125 οὖν,
1517 4059 1599 4112 ὅτι
1661 4057 1721 4112 '0

163 4154 280 4218 Θεὸς
307 4154 532 4209 δύναται
554 4152 808 4208 τοσοῦτον
836 4153 980 4222 ὑμᾶς
1005 4153 1276 4216 ἀνενδεεῖς
1301 4151 1552 4220 ποιῆσαι,
1577 4151 1718 4204 ὥστε

165 4247 245 4300 καὶ
274 4248 454 4301 πᾶσαν
490 4245 672 4318 χάριν,
699 4244 946 4299 τουτέστι
971 4245 1154 4298 πᾶσαν
1185 4243 1578 4330 ἐλεημοσύνην,
1630 4239 1721 4296 δύ-

165 4336 345 4394 νασθαι
375 4337 522 4406 ὑμᾶς
555 4335 692 4406 μετὰ
722 4333 1049 4406 περισσείας
1097 4333 1296 4386 ποιεῖν.
1358 4333 1487 4386 Δότε
1537 4333 1721 4386 τοίνυν

163 4429 408 4499 δαψιλῶς,
440 4428 528 4484 ῖνα
581 4427 978 4500 ήὲλεημοσύνη
1015 4426 1172 4499 υμῶν
1227 4427 1316 4481 ἀεὶ
1341 4427 1438 4480 καὶ
1488 4427 1578 4481 ἀεὶ
1619 4440 1721 4480 πε·

169 4521 401 4592 ρισσεύῃ.

233 4632 250 4664 ι
282 4613 397 4667 Ἵνα
414 4614 470 4668 ὲν
496 4612 662 4666 παντὶ
679 4613 910 4668 πάντοτε
926 4613 1109 4666 πᾶσαν
1129 4610 1465 4681 αὐτάρκειαν
1483 4610 1724 4686 ἔχοντες,

166 4703 512 4774 περισσεύητε
561 4705 641 4774 είς
693 4704 802 4757 πᾶν
851 4703 1012 4774 ἔργον
1066 4701 1290 4770 ἀγαθόν.
1337 4721 1355 4754 ι
1414 4701 1611 4774 Ὁρᾷς;
1660 4706 1724 4756 ού

166 4793 379 4847 πλοῦτον
408 4796 610 4860 αὐτοῖς,
652 4794 770 4848 ἀλλ’
799 4794 1142 4862 αὐτάρκειαν
1188 4793 1504 4864 ἐπεύχεται.
1556 4793 1728 4848 Τοῦτο

165 4883 215 4936 δὲ
241 4884 422 4952 εἰπὼν,
448 4886 726 4940 δείκνυσιν
753 4886 835 4938 ὅτι
865 4886 986 4938 οὐδὲ
1038 4883 1288 4952 βιάζεται
1333 4885 1553 4948 αὐτοὺς,
1605 4884 1728 4937 οὐδὲ

171 4975 449 5044 ἀναγκάζει
495 4978 561 5032 ὲκ
616 4977 711 5030 τοῦ
749 4977 1131 5047 ὑστερήματος
1184 4975 1386 5029 διδόναι
1411 4992 1426 5007 ο
1458 4975 1582 5029 οὐδὲ
1619 4975 1728 5046 γὰρ

171 5063 230 5116 ἂν
259 5067 586 5138 αὐτάρκειαν
619 5066 807 5120 λοιπὸν
834 5066 1008 5137 ἔχοιεν
1038 5083 1054 5099 ·
1097 5066 1214 5136 ἃμα
1244 5066 1301 5120 δὲ
1358 5066 1455 5121 καὶ
1483 5067 1728 5120 διδάσκει

169 5155 260 5208 ποῦ
285 5159 362 5212 δεῖ
387 5163 497 5223 τοῖς
521 5159 614 5214 τοῦ
633 5159 764 5213 Θεοῦ
789 5158 983 5230 δώροις
1007 5160 1336 5230 κεχρῆσθαι.
1393 5178 1412 5211 ι
1445 5157 1565 5213 Ἵνα
1598 5159 1726 5231 γὰρ,

171 5248 338 5314 φησιν,
381 5251 459 5314 είς
495 5252 605 5304 πᾶν
641 5249 804 5321 ἔργον
850 5252 1216 5323 περισσεύητε
1277 5249 1501 5316 ἀγαθόν.
1548 5269 1566 5301 ι
1641 5251 1728 5303 Ἐν

176 5336 394 5411 μὲνγὰρ
451 5345 562 5412 τρῖς
617 5345 924 5412 σαρκικοῖς,
977 5344 1164 5412 φησὶν,
1213 5341 1549 5414 αὐτάρκειαν
1600 5341 1729 5411 ὑμῖν

172 5429 456 5502 ἐπεύχομαι
481 5448 496 5464 ⁸
532 5437 590 5489 ὲν
619 5435 675 5488 δὲ
703 5437 819 5498 τοῖς
851 5437 1244 5504 πνευματικοῖς
1270 5435 1452 5504 (τοῦτο
1476 5434 1586 5502 γάρ
1611 5435 1726 5486 ἐστι

171 5521 242 5586 τὸ,
263 5525 382 5588 «El;
407 5528 515 5579 πᾶν
538 5527 699 5598 ἔργον
719 5526 1005 5595 ἀγαθὸνι),
1033 5528 1377 5596 ’περισσείαν
1406 5526 1494 5579 ἴνα
1525 5526 1599 5595 μὴ
1629 5525 1724 5592 μό·

171 5628 251 5668 νον
279 5617 464 5688 ὲλεῆτε
491 5617 794 5688 περισσῶς,
827 5617 1074 5672 ἀλλὰκαὶ
1099 5619 1208 5671 πᾶν
1233 5618 1396 5687 ἔργον
1433 5618 1727 5689 θεάρεστον

172 5702 460 5778 ῳιλοτίμως
486 5710 703 5780 ποιῆτε.

239 5814 261 5850 ι-
286 5799 478 5866 Καθὼς
533 5802 885 5875 γέγραπταιο
959 5801 1336 5872 Ἐσκόρπισεν,
1387 5801 1566 5876 ἔδωκε.
1611 5804 1724 5866 τοῖς

1818 3244 1957 3293 sam,
2001 3227 2194 3298 inquit,
2243 3245 2262 3278 ι
2302 3221 2696 3294 Unusquisque
2725 3230 2782 3276 ut
2812 3220 2864 3274 in
2903 3219 3067 3274 corde
3099 3233 3199 3273 suo
3228 3216 3397 3272 desti-

1820 3330 1915 3377 nat
1955 3339 1974 3374 ι
2018 3320 2136 3376 sive
2179 3316 2578 3389 prmdelibcrat,
2628 3334 2646 3368 ι
2687 3324 2741 3371 et
2775 3328 2880 3368 non
2911 3327 2977 3367 ex
3021 3325 3275 3376 maerore,
3305 3319 3399 3363 aut

1820 3410 2159 3467 necessitate.
2202 3427 2222 3461 ι
2261 3407 2650 3470 Testimonium
2693 3413 2956 3474 prazterea
2999 3414 3064 3456 ex
3109 3399 3399 3454 Solomone

1820 3503 2089 3575 producit.
2136 3502 2296 3574 Atqui
2344 3513 2522 3556 sermo
2555 3497 2786 3569 sapienti
2820 3497 2885 3551 de
2932 3493 3182 3566 largitate
3219 3491 3400 3546 dictus

1820 3608 1926 3666 est,
1959 3599 2074 3665 ipse
2123 3612 2252 3652 vero
2296 3593 2561 3650 intellexit
2608 3607 2729 3646 eum
2766 3591 2832 3644 de
2879 3585 3304 3659 promptitudiue
3339 3585 3396 3639 in

1821 3693 2001 3748 dantlo
2033 3708 2048 3745 :
2086 3700 2178 3745 aut
2210 3689 2254 3745 si
2292 3688 2466 3751 malis,
2504 3685 2570 3740 ad
2613 3694 2840 3752 utraque
2871 3681 3073 3748 retulit.

1892 3782 2062 3838 Vens.
2096 3781 2149 3837 8.
2192 3798 2211 3832 ι
2273 3778 2470 3833 Potens
2499 3784 2591 3833 est
2623 3785 2804 3831 autem
2846 3773 2982 3830 Deus
3021 3785 3239 3829 Omnem
3278 3788 3401 3843 gra-

1824 3875 1952 3930 tiam
1995 3872 2383 3926 exuberantem
2431 3867 2613 3923 facere
2643 3881 2774 3934 erga
2809 3880 2923 3920 vos.
2959 3882 2978 3916 ι
3017 3862 3178 3918 Hisce
3218 3862 3399 3918 verbis

1821 3964 2200 4036 cogitationem
2232 3963 2500 4018 subvertit
2539 3973 2702 4030 quam
2753 3957 2906 4013 multi
2937 3957 3199 4011 habemus
3224 3955 3402 4010 dicen-

1826 4071 1906 4117 tes
1933 4061 2024 4116 :Si
2059 4060 2225 4114 multa
2256 4059 2475 4122 dedero,
2504 4067 2689 4114 metuo
2722 4071 2790 4112 ne
2815 4057 2881 4110 ad
2908 4063 3284 4126 paupertatem
3317 4068 3404 4108 rc-

1824 4155 2003 4224 digar.
2039 4153 2128 4207 Ait
2169 4152 2338 4223 igitur
2370 4169 2386 4206 :
2417 4152 2561 4208 Deus
2601 4159 2776 4221 potest
2805 4149 2940 4203 adeo
2976 4163 3071 4202 vos
3105 4160 3284 4200 rerum
3313 4159 3404 4200 co-

1815 4249 1908 4318 spis
1953 4245 2232 4301 afﬂuentes
2265 4243 2468 4310 facere,
2517 4254 2579 4299 ut
2629 4252 2683 4297 et
2731 4257 2945 4297 omnem
2998 4239 3254 4307 gratiam,
3300 4235 3404 4292 hoc

1823 4347 1904 4391 est
1944 4337 2363 4406 eleemosynam,
2400 4335 2622 4404 possitis
2645 4347 2767 4388 cum
2810 4330 3160 4386 exuberantia
3201 4328 3402 4383 facere.

1826 4429 1960 4484 Date
2003 4429 2169 4498 igitur
2215 4428 2458 4498 largiter,
2509 4433 2568 4480 ut
2610 4425 2959 4494 eleetnosyna
3016 4432 3192 4478 vestra
3233 4421 3406 4490 magis

1760 4521 1803 4577 ο
1832 4521 2108 4591 magisque
2135 4519 2415 4574 exuberet.

1901 4632 1921 4666 ‹
1962 4612 2030 4668 Ut
2061 4612 2293 4668 inomni
2336 4625 2395 4666 re
2434 4623 2649 4665 omnem
2698 4606 3071 4662 sufﬁcientiam
3121 4606 3404 4670 habentes,

1826 4704 2112 4760 abundetis
2161 4703 2214 4758 in
2265 4715 2424 4758 omne
2476 4716 2614 4772 opus
2672 4703 2894 4755 bonum.
2939 4717 2960 4752 ι
3010 4698 3249 4754 Viden“?
3300 4715 3404 4753 non

1827 4811 1958 4867 opes
2009 4795 2142 4864 ipsis
2191 4804 2432 4863 exaptat,
2481 4793 2577 4850 scd
2630 4791 3026 4848 suﬂicientiam.
3065 4792 3177 4846 Hoc
3225 4803 3404 4845 autem

1827 4887 2039 4951 dicens,
2068 4884 2270 4939 indicat
2309 4883 2450 4954 quod
2481 4899 2655 4952 neque
2679 4883 2882 4952 adigat,
2915 4897 3089 4952 neque
3117 4879 3406 4949 compellat

1827 4993 1921 5033 eos
1949 4991 2014 5032 ex
2047 4976 2229 5045 inopia
2266 4975 2397 5030 dare
2431 4992 2445 5030 :
2477 4989 2654 5044 neque
2683 4975 2824 5030 enim
2852 4974 3223 5029 suﬂicientiatn
3256 4971 3404 5026 dein-

1828 5071 2275 5140 cesztaberent.
2308 5069 2481 5125 Simul
2509 5081 2692 5124 autem
2721 5069 2877 5125 docet
2911 5069 3130 5124 ubinam
3161 5073 3404 5136 oporteat

1829 5164 1988 5219 donis
2030 5163 2246 5218 Deinti.
2301 5180 2320 5215 ι
2361 5161 2430 5218 Ut
2459 5159 2745 5219 abundctis
2792 5181 2810 5214 ι
2848 5163 3014 5226 enim,
3053 5161 3244 5228 inquit,
3283 5177 3302 5208 ι
3339 5157 3403 5210 ad

1828 5270 1989 5310 onme
2017 5271 2153 5324 opus
2180 5255 2401 5310 bonum.
2437 5271 2456 5304 ι
2492 5252 2770 5323 Siquidem
2818 5253 2869 5306 in
2905 5250 3211 5306 carnalibus
3256 5248 3406 5303 vobis

1828 5346 2208 5400 sullicientiatn
2255 5353 2452 5414 exopto
2499 5361 2513 5400 :
2554 5344 2607 5397 iu
2655 5342 3025 5412 spiritualibns
3067 5351 3242 5397 autem
3284 5341 3409 5410 (hoc

1829 5439 1971 5492 enim
1996 5447 2081 5492 est
2103 5439 2244 5505 quod
2277 5437 2372 5503 ait,
2423 5455 2442 5488 ι
2482 5436 2546 5489 ad
2575 5452 2737 5491 omne
2766 5451 2902 5505 opus
2932 5436 3129 5490 bonum
3168 5434 3214 5504 ι)
3241 5434 3409 5487 aliun-

1829 5527 2068 5581 dantiam
2123 5526 2288 5580 etiam
2335 5525 2487 5580 vobis
2533 5525 2695 5594 292
2753 5525 3042 5594 imprecor,
3101 5534 3160 5578 ut
3212 5525 3410 5578 nedum

1831 5619 2041 5673 abunde
2075 5617 2456 5671 misericordes
2500 5618 2642 5682 sitis,
2670 5632 2854 5671 verum
2882 5619 3046 5672 etiam
3080 5631 3242 5671 omne
3277 5626 3412 5687 opus

1833 5709 1941 5765 Deo
1969 5709 2187 5774 placens
2221 5707 2517 5762 liberaliter
2551 5706 2783 5762 faciatis.

1907 5800 2068 5857 Vens.
2109 5799 2163 5857 9.
2205 5817 2223 5851 ι
2266 5799 2418 5856 Sicut
2449 5799 2722 5870 scriptum
2753 5808 2838 5856 est
2870 5815 2885 5855 :
2924 5797 3205 5870 Dispet'sit,
3267 5797 3411 5852 dedit
