3898 6566
158 388 248 456 391

937 398 1347 466 EXPOSITIO
1388 402 1467 465 IN
1507 403 1748 467 EPIST.
1790 406 1845 466 ll
1885 409 1988 469 AD
2026 408 2195 471 COR.
2232 436 2303 448 -
2333 402 2492 476 CAP.
2535 416 2608 477 X.

3259 424 3370 492 898

159 502 393 573 πληροῦτε
423 504 521 573 τὴν
546 507 736 576 χρείαν
762 510 873 573 τοῖς
904 512 1178 583 ἀδελφοῖς,
1208 515 1343 570 ἀλλὰ
1373 516 1467 570 καὶ
1491 535 1685 589 περισ-

1797 536 1980 577 verum
2002 523 2172 579 etiam
2202 526 2534 596 exuberatis,
2570 530 2816 600 hoc-est,
2849 533 2968 606 plus
2989 549 3153 608 quam
3184 555 3372 599 neces-

157 595 333 650 σεύετε·
359 595 623 664 τουτέστι,
655 599 822 654 [Ιλέον
849 603 950 671 τῆς
971 607 1160 673 χρείας
1189 608 1374 673 αὐτοῖς
1398 611 1687 682 παρέχετε,

157 689 236 742 καὶ
262 686 440 739 πολλαὶ
486 687 830 760 εὐχαριστίαι
891 696 1137 762 γίνονται
1166 698 1256 752 διὰ
1298 703 1406 771 τῆς
1464 703 1688 776 δοκίμου

154 778 327 849 ταύτης
351 778 441 832 καὶ
467 785 980 858 μεμαρτυρημένης
1002 788 1094 841 ἐπὶ
1143 790 1526 866 φιλανθρωπίᾳ
1575 796 1692 850 δια-

156 872 331 934 κονίας.
346 871 652 937 Δοξάξουσι
689 877 799 945 γὰρ
826 877 1106 947 τὸνλΘεὸν,
1152 883 1234 936 ὅτι
1275 883 1446 950 οὕτως
1488 888 1691 944 ὑπετά-

152 979 261 1034 γητε
283 961 357 1033 τῷ
402 961 741 1034 Εὑαγγελίῳ,
790 967 930 1022 ὣστε
961 970 1030 1023 τὰ
1085 975 1488 1046 προστάγματα
1525 979 1688 1034 αὑτοῦ

155 1056 268 1124 μετὰ
286 1053 563 1122 δαψιλείας
615 1057 882 1129 πληροῦν,
913 1063 1026 1133 Τὴν
1059 1065 1167 1136 γὰρ
1211 1067 1586 1143 ἐλεημοσύνην
1629 1073 1690 1127 τὸ

155 1144 451 1213 Ε’Σιαγγέλιον
496 1147 766 1204 διδάσκει.
825 1154 935 1205 Καὶ
967 1154 1034 1208 δι’
1083 1157 1211 1211 ἄλλο
1266 1158 1550 1225 δοξάζουσι
1598 1165 1689 1217 τὸν

154 1238 281 1302 Θεὸν,
309 1238 387 1292 ὅτι
430 1240 463 1309 ἡ
524 1240 770 1313 ἁπλότης
808 1248 903 1298 καὶ
942 1249 977 1317 ὴ
1029 1249 1307 1322 ἀγαοότης
1356 1254 1531 1321 ὑμῶν,
1590 1258 1690 1311 οὐκ

153 1332 216 1395 είς
242 1330 421 1393 αὐτοὺς
448 1331 632 1401 μόνον,
667 1336 803 1390 ἀλλὰ
834 1340 926 1392 καὶ
955 1343 1037 1404 είς
1070 1346 1276 1406 πάντας
1302 1347 1430 1409 τοὺς
1461 1350 1689 1414 πιστοὺς

152 1426 355 1494 πένητας
386 1425 653 1494 ἐκχεῖται.
690 1429 765 1482 Οὐ
798 1432 906 1501 γὰρ
929 1433 1346 1502 ζηλοτυποῦσιν,
1378 1436 1529 1501 ὠς-οί
1571 1440 1688 1495 λοι-

154 1514 226 1566 ποὶ
253 1515 464 1583 πτωχοὶ,
503 1515 624 1568 ἀλλ’
649 1517 1058 1589 εὐχαριστοῦσι,
1085 1524 1179 1577 καὶ
1210 1526 1352 1597 ὑπὲρ
1376 1522 1449 1581 ὧν
1477 1529 1690 1599 ἑτέροις
1715 1508 1738 1532 ⁸

151 1600 349 1658 διδόατε.
394 1606 461 1656 '0
498 1608 748 1679 μεγάλης
788 1612 992 1682 ἀρετῆς
1032 1614 1210 1669 αὐτῶν
1246 1619 1492 1686 σημεῖον.
1529 1621 1689 1675 Ὥστε

151 1695 216 1747 δεῖ
235 1698 332 1759 τοῖς
358 1697 622 1762 τοιούτοις
662 1701 1047 1774 δαψιλέστερον
1074 1706 1297 1771 διδόναι,
1341 1713 1456 1772 τοῖς
1514 1711 1689 1777 οὕτως

153 1787 388 1854 ἀφῡόνοις,
444 1792 560 1854 τοῖς
613 1791 788 1865 οὕτως
845 1795 1143 1865 ἐναρέτοις.
1220 1798 1378 1854 Ἀλλᾶ
1413 1803 1509 1855 καὶ
1537 1803 1680 1874 ὑπὲρ

1793 615 2001 670 sarium
2046 617 2140 682 sit,
2192 617 2323 686 ipsis
2371 620 2685 689 exbibetis,
2730 628 3020 697 multaeque
3061 631 3367 701 gratiarum

1793 708 2036 763 actiones
2094 712 2233 765 ﬁunt
2285 724 2384 781 per
2424 711 2655 780 probum
2716 715 2815 771 hoc
2864 726 2919 773 et
2958 721 3367 788 comprobatum

1792 806 2012 867 pr0pter
2041 798 2433 856 humanitatem
2478 805 2859 861 ministerium.
2884 808 3195 867 Gloriﬁcant
3222 814 3367 868 enim

1794 890 1985 976 Deum,
2004 892 2146 961 quod
2170 893 2250 949 sic
2272 893 2497 962 subjecti
2528 898 2649 953 sitis
2679 898 2991 971 Evangelio,
3019 914 3079 958 ut
3105 906 3368 976 expleatis

1788 974 1940 1051 Iussa
1999 985 2118 1054 ejus
2174 1000 2294 1040 cum
2358 986 2711 1049 liberalitate.
2760 974 3363 1066 Eleemosynam‘enim

1792 1075 2142 1148 Evangelium
2183 1079 2364 1134 docet.
2414 1081 2535 1136 Alia
2581 1083 2743 1136 etiam
2800 1086 3011 1141 ratione
3062 1088 3370 1157 glorificant

1792 1167 1983 1234 Deum,
2025 1170 2149 1238 quia
2208 1170 2530 1241 simplicitas
2575 1185 2629 1228 et
2658 1174 2877 1231 bonitas
2916 1188 3090 1232 vestra
3159 1195 3263 1234 non
3312 1182 3365 1236 in

1791 1261 1938 1331 ipsos
1960 1263 2125 1329 solos,
2149 1279 2333 1320 verum
2376 1267 2429 1321 in
2470 1282 2661 1324 omnes
2694 1270 2858 1323 etiam
2889 1270 3076 1327 ﬁdeles
3106 1288 3370 1343 pauperes

1790 1354 2114 1413 effunditur.
2142 1356 2262 1413 Non
2291 1361 2435 1415 enim
2471 1361 2686 1416 invidiae
2714 1361 2909 1419 affectu
2941 1363 3208 1430 laborant,
3235 1365 3368 1419 reli~

1792 1463 2024 1517 quorum
2066 1451 2438 1506 mendicorum
2486 1454 2680 1519 instar,
2734 1470 2923 1509 verum
2958 1456 3162 1524 gratias
3204 1468 3368 1528 agunt

1792 1540 1934 1609 quod
1968 1539 2090 1596 aliis
2119 1542 2281 1596 etiam
2314 1542 2453 1598 detis
2483 1560 2498 1598 :
2525 1545 2667 1614 quod
2718 1542 2970 1601 maximae
3010 1547 3226 1602 virtutis
3275 1563 3370 1603 (ιο-ο

1793 1645 1910 1683 rum
1942 1642 2318 1701 argumentum
2356 1644 2462 1689 est.
2491 1633 2672 1700 Quare
2704 1634 3011 1706 bujusmodi
3054 1638 3366 1693 hominibus

1792 1720 1994 1789 largius
2031 1724 2269 1779 dandum
2313 1733 2413 1789 est,
2459 1727 2550 1796 qui
2579 1728 2713 1782 adeo
2759 1728 2960 1783 invidia
3010 1720 3223 1795 vacant,
3271 1730 3363 1798 qul

1794 1813 1928 1867 adeo
1985 1815 2272 1870 virtutibus
2323 1825 2452 1871 sunt
2507 1820 2734 1887 praditi.
2793 1818 3021 1889 Insuper
3065 1836 3163 1890 pro
3206 1822 3362 1876 vobis

151 1877 277 1946 ὑμῶν
296 1879 524 1947 δέονται,
573 1882 650 1946 ὡς
700 1884 767 1938 ἂν
797 1887 1102 1952 ἀξιωθῶσιν
1137 1889 1265 1944 ἰδεῖν
1312 1893 1455 1962 ὑμᾶς
1479 1910 1493 1925 °
1533 1894 1683 1958 ἰδεῖν,

1797 1902 1952 1957 etiam
1983 1905 2121 1974 apud
2160 1903 2326 1959 Deum
2368 1877 2736 1976 interpellant,
2760 1918 2821 1962 ut
2860 1877 3007 1974 digni
3051 1877 3367 1978 iudicentur

152 1969 200 2020 οὐ
248 1969 326 2022 διὰ
362 1972 428 2024 τὰ
472 1973 760 2044 χρήματα,
813 1976 948 2031 ἀλλὰ
982 1977 1071 2031 διὰ
1103 1979 1202 2051 τὴν
1262 1983 1510 2040 δοθεῖσαν
1556 1987 1686 2056 ὑμῖν

153 2059 484 2131 ὑπερὸολικῶς
509 2065 677 2135 χάριν
704 2066 799 2120 τοῦ
833 2067 992 2122 Θεοῦ.
1029 2071 1199 2125 Πάλιν
1219 2074 1287 2129 δὲ.
1316 2075 1479 2145 χάριν
1503 2078 1563 2130 τὸ
1587 2080 1688 2149 τῆς

154 2151 482 2226 ὲλεημοσύνης
509 2158 749 2227 πρᾶγμα
780 2160 1028 2241 ἐκάλεσε,
1059 2164 1119 2216 τὸ
1144 2167 1254 2219 πᾶν
1295 2167 1372 2238 τῷ
1402 2169 1524 2242 Θεῷ
1555 2173 1688 2227 ἁνα-

153 2242 308 2308 τιθεὶς,
342 2245 426 2299 ἵνα
454 2247 531 2319 μὴ
562 2249 904 2320 ἐπαίρωνται
935 2255 1113 2309 αὐτοί.
1168 2257 1257 2310 Ἑν
1300 2259 1356 2313 δὲ
1380 2260 1459 2333 τῷ
1488 2264 1683 2331 εἰπεῖν,

160 2337 639 2407 «Ὑπερὸάλλουσαν
670 2343 829 2415 χάριν
877 2348 972 2400 τοῦ
1017 2349 1174 2416 Θεοῦ,
1215 2368 1236 2403 ι
1290 2352 1550 2426 διεγείρει
1592 2358 1691 2410 αύ-

149 2427 269 2493 τούς,
298 2431 375 2483 ἴνα
401 2431 589 2501 δαψιλε
602 2436 800 2506 στέραν
829 2440 928 2509 τὴν
958 2440 1275 2513 φιλοτίμιαν
1327 2448 1684 2519 ποιήσωνται,

154 2522 226 2572 καὶ
254 2522 319 2591 μὴ
365 2523 752 2594 ὑπερϐάλωσιν
789 2530 989 2595 αὐτοὺς
1018 2535 1113 2597 καὶ
1157 2537 1457 2608 νικήσωσιν
1485 2540 1685 2612 ἕτεροι.

210 2628 230 2663 ι
266 2612 426 2684 Χάρις
454 2617 514 2672 δὲ
554 2618 640 2688 τῷ
669 2621 791 2690 Θεῷ
841 2622 935 2676 ἐπὶ
975 2628 1044 2697 τῇ
1092 2626 1471 2702 ἀνεκδιηγήτῳ
1521 2634 1687 2689 αὑτοῦ

152 2702 312 2774 δωρεᾷ.
346 2723 363 2756 ι
392 2709 620 2779 Δωρεὰν
646 2710 794 2781 λέγει
825 2715 895 2767 τὰ
914 2715 1002 2770 διὰ
1018 2717 1117 2787 τῆς
1146 2719 1513 2794 ἑλεημοσύνης
1539 2725 1688 2794 γινό-

154 2811 267 2861 μενα
289 2797 457 2864 ἀγαθὰ
502 2801 607 2855 καὶ
629 2806 743 2868 τοῖς
772 2805 996 2872 διδοῦσι,
1027 2811 1256 2877 καὶτοῖς
1288 2814 1685 2883 λαμϐάνουσιν·

154 2884 280 2953 ἢιιαὶ
305 2889 406 2942 τῶν
436 2892 664 2960 ἀγαθῶν
691 2896 1119 2969 ἀναμιμνήσκει,
1148 2896 1223 2956 ὧν
1259 2905 1573 2978 ἠξιώθημεν
1602 2908 1691 2963 διὰ

153 2978 228 3051 τῆς
251 2981 561 3049 σαρκώσεως
598 2987 690 3041 τοῦ
720 2989 983 3060 Χριστοῦ,
1013 2992 1212 3048 ὡσανεὶ
1242 2998 1467 3052 τοιαῦτα
1492 3000 1687 3070 λέγων’

154 3068 308 3166 μηδὲνΔ
326 3077 459 3142 μέγα
478 3077 745 3148 νομίσητε
769 3084 928 3151 ὑμεῖς
953 3086 1126 3138 ποιεῖν
1150 3102 1164 3116 ο
1193 3068 1689 3166 ἁνεκδιήγητανγάρ

154 3160 240 3256 εἰσι
262 3164 321 3256 τι
349 3166 523 3234 ἁγαθὰ
546 3169 594 3223 δι
625 3171 889 3243 ιλάεομεν
924 3178 1074 3247 παρὰ
1107 3178 1240 3232 Θεοῦ
1263 3195 1281 3215 ο
1315 3182 1406 3236 και
1436 3160 1484 3237 ει
1521 3160 1677 3256 ιλιγά

157 3252 234 3306 καὶ
260 3254 455 3329 φθαρτὰ
483 3261 693 3332 δῶμεν,
723 3264 777 3318 τί
809 3269 987 3338 μὲγα;

730 3466 982 3522 ΚΕΦΔΛ.
1032 3468 1090 3523 1'.

220 3593 234 3625 ι
261 3575 414 3641 Αὐτὸς
448 3577 503 3632 δὲ
548 3578 669 3648 ἐγὼ
701 3580 912 3646 Παῦλος
945 3584 1249 3653 παρακαλῶ
1294 3586 1436 3656 ὑμᾶς
1475 3588 1564 3642 διὰ
1594 3591 1692 3662 τῆς

158 3667 419 3737 πραΰτητος
444 3671 535 3724 καὶ
570 3673 870 3737 ἐπιεικείας
899 3675 994 3729 τοῦ
1016 3676 1273 3746 Χριστοῦ.
1307 3696 1327 3730 ι
1363 3679 1692 3751 Ἀπαρτίσας

155 3758 258 3820 τοὺς
298 3760 419 3829 περὶ
473 3762 852 3835 ὲλεημοσύνης
897 3766 1110 3833 λόγους,
1162 3767 1258 3821 νῦν
1314 3769 1539 3840 ἄρχεται
1585 3772 1692 3827 τῶν

158 3847 561 3924 αὖστηροτέρων,
588 3856 729 3910 κατά
760 3873 821 3911 τε
854 3858 962 3911 τῶν
979 3858 1430 3927 ψευδαποστόλων
1463 3864 1556 3915 καὶ
1586 3865 1692 3919 τῶν

156 3938 511 3999 διαόαλλύντων
567 3946 728 4000 αὑτὸν
776 3946 851 4010 ὡς
911 3948 1127 4020 ξδιώτην
1178 3951 1272 4004 καὶ
1321 3953 1444 4023 εἰκῆ
1490 3952 1535 3984 ⁴⁰
1564 3952 1695 4009 ἀλα-

158 4028 495 4104 ζονευὸμενοιν
520 4039 624 4092 καὶ
655 4038 838 4108 μέλλει
867 4039 911 4071 ⁸⁸
938 4041 1276 4095 συνιστάνειν
1297 4044 1507 4107 ἑαυτὸν,
1528 4045 1696 4114 ἀναγ-

157 4123 364 4193 κασθεὶς,
398 4128 602 4201 ἵναμὴ
632 4130 694 4183 τὸ
732 4132 998 4202 κήρυγμα
1045 4131 1408 4207 ἐξευτελισοῇ.
1450 4137 1694 4205 Καταλέ-

156 4227 225 4278 γει
266 4217 430 4270 τοίνυν
482 4221 583 4276 καὶ
645 4221 716 4275 τὰ
755 4223 950 4276 ἑαυτοῦ
994 4226 1414 4297 κατοροώματα,
1468 4229 1560 4281 καὶ
1594 4229 1694 4299 τὴν

158 4303 370 4360 δοθεῖσαν
400 4313 565 4383 χάριν
590 4311 677 4365 τοῦ
707 4313 865 4367 Θεοῦ.
900 4314 1062 4369 Ὥστε
1094 4316 1194 4368 ούκ
1220 4318 1284 4371 ἄν
1312 4335 1393 4379 τις
1435 4319 1691 4389 ἁμάρτοι,

162 4393 404 4467 ἐγκώμιον
435 4403 525 4456 τοῦ
552 4402 764 4456 Παύλου
787 4406 994 4476 ταύτην
1025 4405 1121 4477 τὴν
1156 4407 1473 4480 Ἐπιστολὴν
1502 4412 1691 4466 εἰπών.

159 4485 283 4551 Τέως
317 4492 360 4544 δ’
386 4490 475 4548 οὖν
516 4496 810 4567 ἀρχομένῳ
840 4497 1099 4569 τοιαύτην
1136 4500 1255 4552 τινὰ
1278 4500 1513 4554 διάνοιαν
1541 4503 1568 4554 ὁ
1604 4501 1693 4555 λύ-

159 4593 238 4644 γος
262 4583 525 4653 ἐμφαίνει,
560 4588 694 4658 πρὸς
720 4588 848 4652 τοὺς
877 4589 1135 4643 ἀδύνατον
1166 4591 1324 4643 αὑτὸν
1358 4592 1694 4647 ἀποκαλοῦν-

160 4684 239 4732 τας
267 4674 352 4726 καὶ⁸
378 4675 633 4742 ἀλαζόνα,
658 4678 740 4730 ὅτι
776 4679 1115 4750 «Παρακαλῶ
1143 4680 1285 4751 ὑμᾶς
1320 4683 1482 4747 αὐτὸς
1511 4680 1621 4753 ἐγὼ
1663 4685 1693 4738 ὁ

164 4758 368 4828 Παῦλος»
404 4768 430 4819 δ
456 4768 778 4833 διδάσκαλος
807 4772 907 4840 τῆς
946 4772 1272 4844 οἰκουμένης
1305 4773 1543 4846 (ἀξίωμα
1590 4775 1700 4847 γάρ

160 4849 382 4921 ὲξλιεραίνει
411 4862 489 4928 τὸ,
518 4879 557 4916 ἰ
578 4863 750 4927 Αὐτὸς
778 4862 890 4933 ἐγὼ
918 4866 945 4917 ὁ
967 4864 1198 4930 Παῦλος,
1229 4885 1248 4918 ι
1277 4866 1464 4939 ὥσπερ
1495 4869 1590 4939 καὶ
1616 4868 1702 4935 τδ,

164 4942 252 4996 Ἰδε
298 4950 401 5017 ἐγὼ
451 4955 479 5006 ὁ
525 4953 738 5019 Παῦλος
776 4955 919 5024 λέγω
976 4957 1103 5026 ὑμῖν
1142 4959 1236 5010 καὶ
1280 4958 1472 5028 δέομαι
1522 4959 1698 5031 ὑμῶν,

163 5031 237 5087 ἵνα
265 5038 342 5110 μή
368 5060 433 5110 με
482 5045 870 5113 ἀναγκάσωσιν
918 5047 969 5098 οἱ
1017 5046 1382 5119 λοιδοροῦντες
1429 5065 1515 5119 με,
1571 5050 1706 5120 χρήη

165 5129 335 5184 σασῡαι
368 5138 433 5206 τῇ
475 5137 704 5209 δυνάμει
745 5155 845 5209 μου
885 5138 1006 5193 κατ’
1046 5139 1245 5195 αὐτῶν.
1293 5140 1452 5209 Μέγα
1485 5140 1582 5209 μὲν
1609 5139 1700 5194 οῦν

168 5219 322 5274 καὶτὸ
356 5226 516 5281 αὑτὸν
560 5228 919 5299 παρακαλεῖν.
966 5229 1022 5282 '0
1050 5229 1105 5283 δὲ
1150 5229 1246 5283 καὶ
1279 5231 1375 5301 τὴν
1419 5230 1701 5302 πραότητα

165 5307 246 5358 τοῦ
282 5311 505 5384 Χριστοῦ
536 5320 615 5383 είς
647 5319 922 5392 μεσιτείαν
965 5321 1109 5388 ἄγει,
1140 5320 1337 5395 ὡσανεὶ
1365 5321 1537 5391 λέγων
1559 5338 1573 5353 ·
1599 5323 1700 5376 Al—

169 5395 364 5474 δὲσθητε
396 5408 491 5482 τὴν
540 5411 844 5469 ἐπιείκειαν
891 5410 988 5464 τοῦ
1032 5410 1295 5482 Χριστοῦ,
1331 5411 1400 5465 δι’
1448 5408 1515 5482 ἧς
1558 5412 1707 5484 ὑμᾶς

172 5502 472 5568 ππρακαλῶ·
505 5506 635 5579 ὁμοῦ
658 5507 714 5562 δὲ
744 5506 1000 5579 ἐμφαίνει
1034 5508 1125 5563 διὰ
1153 5504 1206 5561 τί
1230 5506 1469 5581 φείδεται
1500 5508 1698 5563 αὐτῶνο

1790 1995 1975 2051 videre
2010 2011 2145 2063 vos;
2188 1998 2395 2065 videre,
2428 2014 2531 2053 non
2574 1999 2643 2053 ob
2696 2003 2999 2070 pecuniam,
3055 2015 3243 2057 verum
3288 2001 3362 2057 ob

1789 2086 2139 2141 excellentem
2184 2085 2277 2142 Dei
2325 2089 2551 2158 gratiam
2594 2088 2922 2146 excellenter
2960 2091 3113 2147 vobis
3153 2091 3357 2145 datam.

1793 2177 2001 2232 Rursus
2053 2186 2232 2234 autem
2268 2179 2499 2250 gratiam
2546 2181 2906 2251 elecmosynae
2959 2182 3232 2252 negotium
3265 2196 3362 2237 vu-

1789 2268 1956 2333 cavit,
1985 2270 2166 2323 omnia
2210 2269 2283 2322 ita
2326 2267 2435 2324 Deo
2478 2277 2699 2339 accepta
2730 2271 2991 2338 referens,
3037 2285 3105 2325 ne
3142 2269 3246 2338 ipsi
3277 2278 3362 2324 at—

1791 2357 2069 2415 tollantur.
2109 2359 2240 2413 Cum
2276 2369 2454 2416 autem
2490 2359 2640 2427 dicit,
2681 2378 2700 2411 ι
2738 2359 3097 2415 Excelleutem
3130 2361 3359 2429 gratiam

1789 2447 1908 2516 Dei,
1942 2467 1962 2502 ι
2005 2449 2210 2505 excitat
2249 2465 2363 2518 eos,
2395 2458 2454 2504 ut
2488 2451 2774 2521 largiorem
2816 2449 3244 2503 muniﬁcentiam
3275 2448 3357 2501 ia-

1791 2541 1958 2607 ciant,
1994 2558 2061 2597 ne
2095 2550 2501 2611 exsuperentur
2530 2551 2621 2596 aut
2655 2539 2942 2595 vincantur
2967 2539 3037 2593 ab
3075 2539 3213 2595 aliis.

1861 2633 2025 2690 Vens.
2069 2633 2156 2691 t5.
2195 2653 2214 2686 ι
2251 2633 2435 2689 Gratia
2470 2643 2648 2689 autem
2672 2632 2782 2688 Deo
2812 2646 2975 2701 super
3003 2630 3358 2685 inenarrabili

1790 2723 1934 2778 dono
1957 2725 2095 2794 ejus.
2136 2742 2157 2777 ι
2199 2724 2409 2780 Donum
2462 2725 2552 2780 hic
2610 2723 2853 2775 nominat
2909 2722 3049 2775 bona
3095 2721 3207 2789 ipsa
3240 2735 3360 2788 qua)

1790 2828 1888 2883 per
1909 2815 2306 2888 eleemosynam
2349 2815 2484 2871 ﬁunt
2511 2824 2623 2868 tum
2659 2812 2908 2867 dantibus
2937 2820 3048 2865 tum
3079 2812 3356 2881 accipien-

1793 2906 1936 2960 tibus
1972 2923 1987 2960 :
2039 2907 2125 2962 vel
2163 2910 2429 2963 bonorum
2465 2904 2898 2970 commonefacit,
2926 2903 3128 2972 quibus
3175 2903 3360 2958 donati

1791 2997 2108 3068 dignatique
2140 3015 2328 3056 sumus
2362 3014 2458 3069 per
2483 2998 2911 3053 incarnationem
2935 2994 3173 3061 Christi,
3226 3009 3359 3065 per-

1791 3087 1918 3144 inde
1940 3105 2003 3144 ac
2033 3093 2077 3146 si
2113 3092 2256 3147 dicat
2289 3107 2302 3143 :
2339 3091 2485 3146 Nihil
2534 3089 2761 3144 arduum
2800 3103 2896 3143 vos
2948 3086 3122 3142 lacere
3171 3087 3366 3142 existi-

1716 3225 1761 3289 Ο
1812 3187 2005 3252 metis;
2031 3185 2408 3242 inenarrabilia
2438 3185 2584 3240 enim
2610 3194 2732 3239 sunt
2760 3181 2896 3236 bona
2923 3195 3043 3250 quae
3058 3179 3363 3249 accepimus

1794 3296 1823 3334 a
1854 3279 1990 3337 Deo.
2045 3279 2398 3348 Quidigilur
2436 3276 2681 3348 praeclari
2732 3280 2837 3340 est,
2869 3272 2915 3328 si
2959 3285 3126 3340 pauca
3187 3284 3364 3340 caque

1793 3369 2166 3440 corruptibilia
2188 3367 2411 3424 demus?

2393 3480 2624 3537 CAPUT
2690 3480 2757 3535 Χ.

1862 3597 2025 3653 Vens.
2050 3598 2100 3654 1.
2136 3615 2156 3649 ι
2188 3595 2307 3668 Ipse
2335 3608 2513 3651 autem
2540 3611 2639 3665 ego
2660 3594 2856 3650 Paulus
2885 3592 3111 3647 obsecro
3140 3604 3235 3646 vos
3264 3604 3364 3659 per

1793 3689 2260 3745 mansuetudinem
2284 3699 2338 3743 et
2364 3688 2705 3743 clementiam
2741 3687 2965 3742 Christi.
3017 3702 3036 3736 ι
3085 3680 3363 3743 Confectis

1792 3783 1859 3837 de
1881 3781 2224 3850 eleemosyna
2255 3780 2618 3845 sermonibus,
2642 3779 2940 3833 austeriora
2973 3790 3119 3830 nunc
3151 3773 3365 3830 orditur

1794 3874 2076 3927 adversum
2108 3871 2572 3943 pseudapostolos,
2596 3881 2649 3925 et
2672 3884 2764 3926 eos
2786 3871 2875 3939 qui
2896 3868 3367 3925 calumniabantur

1794 3964 1971 4035 ipsum
2002 3979 2099 4019 ceu
2129 3964 2317 4019 rudem
2343 3975 2396 4018 et
2418 3964 2767 4018 indoctumet
2788 3972 2991 4021 temere
3009 3961 3131 4015 Sese
3156 3958 3368 4031 jactan-

1796 4062 1926 4107 tem.
1973 4055 2149 4122 Atque
2189 4054 2425 4124 seipsum
2468 4056 2848 4111 commendare
2896 4063 3117 4111 coactus
3163 4061 3267 4119 est,
3295 4068 3369 4107 ne

1796 4144 1965 4214 ipsius
1992 4144 2301 4213 praedicatio
2336 4145 2717 4216 vilipendatur.
2754 4144 3025 4205 Rccenset
3055 4145 3222 4219 igitur
3246 4157 3367 4213 qua:

1796 4250 1825 4289 a
1862 4251 1921 4291 se
1943 4246 2092 4305 gesta
2117 4247 2264 4303 sunt,
2292 4237 2637 4310 gratiamque
2666 4237 2756 4292 Dei
2798 4238 2900 4291 sibi
2942 4240 3147 4291 datam.
3179 4234 3368 4305 Itaque

1798 4339 1903 4380 non
1939 4325 2293 4389 aberraverit,
2343 4326 2434 4395 qui
2466 4327 2604 4381 hanc
2638 4326 2952 4396 .Epistolam
3004 4325 3151 4383 Pauli
3197 4340 3367 4383 enco-

1797 4419 1966 4472 mium
1984 4419 2202 4472 dixerit.
2224 4419 2495 4472 Hactenus
2511 4418 2671 4487 igitur
2686 4417 2751 4471 ab
2768 4418 3368 4488 exordiqtalcmquem-

1800 4508 1920 4559 dam
1949 4520 2169 4561 sensum
2204 4522 2312 4574 pra:
2338 4522 2394 4560 se
2415 4492 2518 4561 fert
2539 4507 2712 4560 oratio
2742 4517 2925 4561 contra
2964 4522 3058 4563 eos
3084 4509 3175 4578 qui
3218 4509 3367 4562 illum

1802 4598 2146 4665 impotentem
2163 4605 2215 4650 et
2228 4608 2570 4666 arrogantem
2586 4598 2851 4652 toeabant
2869 4615 2884 4664 ;
2901 4612 3112 4667 nempe,
3128 4599 3368 4654 Obsecro

1802 4704 1898 4744 vos
1940 4691 2053 4759 ipse
2091 4703 2190 4758 ego
2237 4687 2457 4757 Paulus,
2492 4688 2656 4762 294
2689 4698 2958 4747 terrarum
3008 4692 3157 4745 orbis
3181 4693 3370 4746 doctor

1798 4780 2142 4851 (dignitatem
2170 4780 2309 4833 enim
2350 4790 2404 4834 et
2435 4784 2811 4835 auctoritatem
2844 4780 3217 4836 indicantbmc
3250 4796 3370 4835 ver-
3422 4792 3437 4817 '

1801 4873 1887 4939 ba,
1925 4892 1944 4923 ‹
1982 4873 2099 4942 Ipse
2129 4888 2230 4943 ego
2261 4873 2458 4929 Paulus
2498 4890 2511 4926 :
2579 4891 2597 4925 ι
2625 4873 2848 4942 perinde
2869 4888 2933 4927 ac
2961 4873 3072 4938 illa,
3105 4873 3241 4927 Ecce
3270 4888 3371 4942 ego

1798 4959 1998 5016 Paulus
2021 4964 2141 5018 dico
2176 4963 2328 5017 vobis
2360 4973 2415 5016 et
2444 4978 2638 5037 precor
2671 4978 2788 5030 vos,
2823 4980 2996 5019 neme
3019 4976 3212 5035 cogant
3239 4978 3369 5019 cou-

1798 5054 2064 5109 viciantes
2126 5053 2254 5107 mihi
2293 5052 2369 5107 uti
2406 5055 2641 5122 potentia
2675 5069 2795 5109 mea
2854 5056 3137 5108 adversum
3179 5055 3367 5126 ipsos).

1798 5142 1991 5215 Magna
2043 5156 2221 5200 autem
2275 5159 2364 5203 res
2415 5155 2508 5214 est;
2553 5145 2870 5224 Apostolum
2907 5144 3218 5201 obsecrare.
3272 5147 3367 5202 ille

1800 5248 1930 5289 vero
1954 5234 2426 5290 mansuetudinem
2456 5236 2618 5290 etiain
2645 5235 2843 5291 Christi
2877 5238 2941 5289 ad
2974 5234 3371 5305 interpellatio-

1802 5341 1924 5381 nem
1951 5326 2191 5393 adducit,
2230 5327 2454 5398 perinde
2490 5342 2553 5382 ac
2578 5327 2623 5381 si
2658 5327 2839 5394 dicat,
2887 5325 3231 5381 Reverctnini
3258 5327 3371 5381 cle-

1804 5417 2065 5472 mentiam
2122 5418 2344 5484 Christi,
2399 5433 2496 5487 per
2542 5432 2705 5486 quam
2757 5432 2854 5472 vos
2887 5418 3162 5473 obsecro:
3211 5416 3371 5471 simul

1802 5511 2094 5565 oszendcns
2120 5526 2219 5567 cur
2246 5510 2324 5571 eis
2352 5518 2560 5583 parcat,
2595 5508 2850 5563 nimirum
2879 5519 2937 5564 ut
2960 5509 3199 5566 imitetur
3223 5524 3373 5563 mau-

1437 5670 1637 5737 νει-ἰθύ
1670 5669 2002 5739 lectiones.

232 5807 277 5844 "
312 5815 536 5875 εἴκουσιν
575 5837 627 5877 υ.
700 5820 743 5854 ⁸³
789 5820 1008 5889 μέλλειν
1040 5835 1094 5876 o.
