3898 6562
561 381 678 446 839

1485 378 2069 442 THEOPHYLACTI
2111 381 2528 445 BULGARIE
2573 383 2929 450 ARCHIEP.
3647 401 3728 466 900

557 491 903 549 suetudinem
937 491 1248 549 Servatoris
1283 489 1512 557 ChriSIi,
1559 505 1667 546 non
1710 491 1834 562 quia
1878 489 2127 548 inﬁrmus

2231 493 2314 547 ὅτι
2367 493 2456 548 διὰ
2487 493 2550 549 τὸ
2599 496 2888 568 μιμεῖσθαι
2945 495 3043 568 τὴν
3078 498 3354 570 πραότητα
3400 501 3486 554 τοῦ
3532 504 3728 578 Σωτῆρος

556 595 660 641 est.
688 585 765 641 Ne
797 585 964 656 igitur
1007 587 1214 656 cogatis
1265 598 1354 640 me
1392 585 1625 641 deiicere
1657 598 1688 638 a
1717 583 2132 640 mansuetudine

557 677 677 738 Im,
714 691 876 748 quam
909 677 1044 732 adeo
1071 677 1250 748 cupio,
1276 686 1411 733 utet
1435 677 1842 734 intercessionis
1866 675 1984 733 loco
2011 691 2133 734 eam

555 769 706 824 vobis
736 768 1013 836 objieiam.

631 877 652 911 ι
685 859 786 926 Qui
836 861 892 915 in
932 859 1076 916 facie
1115 859 1339 932 quidem
1378 859 1627 930 abiectus
1672 874 1794 915 sum
1840 861 1981 914 inter
2013 873 2130 923 vos,

553 951 752 1006 absens
795 962 978 1008 autem
1027 954 1243 1008 conﬁdo
1280 953 1455 1010 vobis.
1513 971 1532 1005 ο
1581 951 1681 1008 νει
1735 968 1831 1021 per
1885 952 2132 1007 ironiam

553 1043 669 1097 haec
691 1043 844 1108 dicit,
870 1043 1326 1099 calumniantium
1337 1059 1464 1100 eum
1485 1045 1667 1101 verbis
1689 1059 1838 1098 usus.
1869 1043 2135 1102 Dicebant

551 1135 698 1188 enim
736 1135 832 1199 illi,
865 1134 1001 1190 Cum
1027 1137 1200 1202 adest,
1237 1136 1441 1192 nullius
1465 1145 1549 1192 est
1579 1137 1861 1201 momenti,
1892 1138 1987 1191 sed
2013 1137 2134 1195 vilis

554 1237 717 1294 atque
743 1226 1170 1297 contemptibilis
1203 1244 1218 1282 :
1256 1227 1347 1284 sin
1382 1225 1660 1293 abfuerit;
1672 1234 1844 1283 tumet
1865 1235 1920 1280 et
1945 1242 2134 1297 super-

433 1379 438 1384 ,
551 1316 652 1381 bit,
687 1317 958 1387 audetque
1009 1317 1295 1373 adversum
1329 1333 1427 1374 nos
1471 1327 1528 1373 et
1578 1317 1985 1373 intermittatur.
2039 1315 2135 1373 Vel

552 1418 680 1459 vere
709 1406 823 1461 haec
868 1407 933 1462 de
982 1407 1163 1477 seipso
1193 1408 1320 1463 dicit
1347 1425 1361 1463 :
1394 1409 1530 1480 Ego,
1560 1409 1654 1482 qui
1687 1424 1814 1467 cum
1854 1411 2006 1479 apud
2037 1425 2135 1465 vos

553 1495 678 1561 sim,
729 1496 950 1553 humilis
987 1507 1042 1554 et
1086 1506 1402 1557 mansuetus
1424 1516 1543 1555 sum
1579 1516 1708 1571 erga
1739 1515 1834 1556 vos
1866 1518 1881 1568 ;
1913 1501 2132 1560 etiamsi

554 1601 702 1641 nunc
735 1602 927 1658 magna
977 1589 1296 1662 proloquar,
1353 1605 1460 1645 non
1509 1605 1576 1648 ex
1625 1592 1935 1662 arrogantia
1990 1592 2133 1652 istud

543 1690 677 1747 ago,
703 1677 795 1732 sed
826 1679 952 1748 quia
987 1681 1257 1735 conﬁdant
1293 1683 1465 1738 vobis.

631 1767 790 1823 Vens.
813 1769 868 1826 2.
909 1789 927 1822 ι
960 1769 1114 1842 Rogo
1143 1782 1324 1827 autem
1360 1788 1478 1839 vos,
1515 1787 1584 1829 ne
1627 1790 1868 1845 praesens
1903 1774 2130 1834 audeam

2234 584 2501 655 Χριστοῦ,
2537 589 2634 641 καὶ
2661 589 2722 640 οὐ
2748 588 2838 642 διὰ
2865 587 2927 642 τὺ
2963 588 3192 661 ἀσθενὴς
3224 587 3376 646 εἶναι.
3400 593 3485 664 Μὴ
3507 596 3654 657 τοίνυν
3683 620 3730 669 με

2237 673 2588 744 ἀναγκάσητε
2615 676 2876 744 ἐκστῆναι
2907 675 3112 746 ταύτης
3135 693 3149 708 ·
3184 679 3250 748 ῆν
3281 678 3418 734 οὕτω
3447 681 3596 749 ποθῶ,
3628 683 3730 742 ὥστε

2235 766 2333 820 καὶ
2379 767 2611 838 μεσίτην
2633 770 2840 838 ταύτην
2874 769 3002 838 ύμῖν
3028 769 3418 841 προϐάλλομαι.

2309 877 2329 910 ι
2389 861 2486 923 ὐς
2539 859 2682 913 κατά
2733 860 3026 926 πρόσωπον
3082 860 3182 930 μὲν
3235 864 3480 928 ταπεινὸς
3531 866 3582 920 ἐν
3623 871 3730 941 ὑμῖν,

2235 947 2395 1006 ἀπὼν
2425 949 2481 1002 δὲ
2508 949 2698 1026 θαρρῶ
2727 953 2808 1015 είς
2838 951 3004 1020 ὑμᾶς.
3035 970 3054 1004 ι
3090 953 3159 1006 Ἤ
3190 953 3310 1005 κατ’
3340 956 3594 1025 εἰρωνείαν
3616 963 3731 1018 τοῦτὸ

2234 1057 2395 1110 φησι,
2425 1044 2538 1106 τοῖς
2559 1043 2670 1100 τῶν
2698 1042 3096 1100 διαϐαλλόντων
3123 1044 3286 1103 αὑτὸν
3322 1045 3492 1114 λόγοις
3515 1055 3732 1122 χρησὰμε.

2237 1149 2327 1196 νος
2350 1149 2365 1164 ·
2402 1134 2586 1202 ἔλεγον
2615 1134 2672 1188 δὲ
2718 1135 2938 1199 ἐκεῖνοι,
2969 1135 3052 1188 ὅτι
3083 1135 3212 1190 ὅταν
3257 1136 3353 1205 μὲν
3379 1142 3545 1209 παρῇ,
3575 1143 3733 1209 οὐδενός

2236 1226 2385 1282 ἐστιν
2429 1227 2578 1292 ἄξιος
2596 1225 2778 1295 λόγου,
2822 1226 2960 1283 ἀλλὰ
2995 1225 3271 1290 ταπεινὸς,
3298 1227 3728 1302 εὐκαταφρόνητος·

2235 1316 2367 1373 ὅταν
2403 1317 2461 1370 δὲ
2492 1317 2628 1388 ἀπῇ,
2661 1319 2806 1392 φυσᾷ
2827 1334 2887 1373 τε
2912 1317 3007 1372 καὶ
3031 1317 3327 1388 κομπάζει,
3354 1319 3446 1373 καὶ
3472 1323 3734 1395 καταθαῤῥεί

2236 1413 2395 1484 ἡμῶν
2447 1413 2544 1468 καὶ
2591 1413 2829 1468 ἀπειλεῖ.
2869 1413 2941 1472 Ἦ
2999 1413 3217 1484 ἀληθῶς
3268 1413 3440 1469 ταῦτα
3491 1433 3605 1484 φησι
3645 1423 3734 1489 περὶ

2236 1503 2453 1569 ἑαυτοῦ,
2493 1504 2575 1557 ὅτι
2645 1502 2786 1574 Ἐγὼ
2837 1505 2866 1557 ὁ
2897 1504 2956 1560 ὲν
2985 1502 3064 1574 τῷ
3113 1505 3389 1574 παρεῖναι,
3422 1508 3640 1570 ταπεινὸς
3671 1511 3735 1563 καὶ

2233 1596 2411 1666 πρᾶος
2452 1597 2531 1658 εἰς
2577 1596 2742 1665 ὑμᾶς,
2775 1595 2871 1649 νῦν
2909 1597 2958 1649 εἰ
2985 1597 3082 1649 καὶ⁵
3111 1595 3326 1665 μεγάλα
3347 1593 3640 1672 φθέγγομαι,
3666 1601 3734 1652 οὐκ

2235 1685 2295 1759 ἐξ
2324 1687 2584 1749 ἀπονοίας
2615 1684 2774 1744 τοῦτο
2814 1686 2976 1753 ποιῶ,
3019 1684 3136 1745 ἀλλ’
3186 1687 3255 1738 ὲκ
3289 1683 3382 1738 τοῦ
3411 1683 3606 1760 θαρρεῖν
3626 1686 3733 1758 ὑμῖν.

2311 1795 2329 1830 ι
2359 1778 2563 1849 Δέομαι
2599 1778 2658 1832 δὲ
2695 1779 2754 1832 τὸ
2786 1779 2863 1852 μὴ
2913 1777 3105 1853 παρὼν
3143 1777 3416 1856 θαρρῆσαι
3443 1782 3504 1850 τῇ
3534 1782 3734 1853 πεποιθῄ.

549 1874 647 1930 per
697 1876 815 1915 eam
873 1861 1286 1929 conﬁdentiam,
1346 1880 1454 1935 qua
1492 1866 2015 1923 esistimoraudere
2075 1869 2127 1921 in

2237 1885 2339 1935 σει,
2418 1869 2706 1940 λογίζομαι
2729 1869 3000 1941 τολμῆσαι
3015 1870 3108 1924 ὲπί
3129 1887 3284 1933 τινας
3299 1871 3420 1934 τοὺς
3435 1869 3736 1942 λογιζομένους

551 1953 814 2027 quosdam
841 1954 934 2023 qui
959 1954 1297 2012 arbitrantur
1344 1973 1444 2013 nos
1471 1959 1649 2015 veluti
1694 1961 1990 2016 secundum
2017 1977 2134 2018 car-

545 2063 675 2102 nem
709 2045 1012 2105 ambulare.
1053 2063 1073 2102 ι
1137 2047 1360 2114 Precor,
1413 2048 1607 2120 inquit,
1649 2067 1716 2106 ne
1767 2067 1853 2107 me
1903 2053 2134 2123 adigatis

547 2145 887 2201 conﬁdenter
931 2147 1005 2200 uti
1060 2147 1302 2218 petentia
1345 2160 1465 2204 mea
1518 2147 1933 2216 (conﬁdentiam
1985 2149 2132 2209 enim

541 2237 849 2305 potentiam
901 2252 1054 2293 suam
1110 2238 1308 2309 vocat)
1359 2253 1522 2310 quam
1570 2241 1750 2309 cogito
1773 2242 1992 2306 audere,
2032 2242 2135 2302 hoc

549 2336 653 2390 est,
683 2327 740 2382 in
770 2327 1010 2384 animum
1045 2329 1260 2398 induco,
1295 2331 1618 2396 ratiocinor,
1651 2343 1750 2385 aut
1765 2332 2024 2403 conjicio.
2065 2347 2132 2388 eo

549 2420 692 2487 quod
717 2421 790 2475 illi
811 2436 899 2477 me
920 2422 1266 2492 compellant,
1286 2423 1573 2480 adversum
1593 2423 1990 2481 calumniantes
2011 2439 2131 2494 nos,

547 2512 706 2582 quasi
746 2513 1043 2584 hypocrita:
1095 2525 1150 2570 et
1177 2524 1544 2572 ostentatores
1604 2516 1820 2572 simus:
1855 2517 1958 2571 hoc
1984 2517 2132 2572 enim

530 2613 654 2670 est,
711 2623 730 2657 ι
769 2606 1066 2663 secundum
1091 2621 1309 2664 carnem
1357 2609 1657 2664 ambulare.
1691 2628 1714 2663 ι
1758 2607 2010 2668 Observa.
2037 2624 2134 2663 au-

531 2705 660 2751 .tem
715 2698 988 2766 quomodo
1039 2699 1324 2754 audaciam
1364 2699 1623 2770 appellat,
1651 2701 1793 2769 quod
1823 2702 2048 2757 omnino
2072 2716 2133 2759 se

550 2788 618 2843 dc
669 2788 998 2859 quibusdam
1060 2789 1248 2846 ulcisci
1293 2791 1444 2858 velit,
1489 2793 1702 2847 etiamsi
1753 2804 1860 2848 non
1912 2805 2134 2865 propter

537 2881 818 2949 seipsum,
848 2881 945 2936 sed
990 2882 1062 2937 ob
1095 2881 1318 2938 verbum
1356 2897 1388 2939 a
1420 2899 1482 2939 se
1523 2884 1874 2954 prmdicatum
1914 2886 2017 2942 hoc
2053 2886 2134 2941 fas.

551 2983 740 3027 cturus
773 2981 911 3028 erat.
954 2974 1208 3030 Attamen
1235 2974 1427 3046 {magis
1476 2975 1707 3033 interest
1760 2979 2130 3050 praeceptoris,

551 3061 604 3114 in
637 3062 916 3130 suppliciis
935 3063 1206 3132 cunctari,
1233 3081 1332 3121 nec
1353 3076 1616 3137 protenus
1650 3069 1717 3124 ad
1743 3069 1832 3125 illa
1863 3070 2090 3128 insilire.

625 3149 789 3206 Vens.
823 3153 876 3207 5.
907 3171 925 3206 ι
958 3153 1015 3208 ln
1048 3169 1212 3211 carne
1239 3158 1382 3212 enim
1410 3159 1775 3228 ambulantes,
1806 3176 1912 3217 non
1937 3177 2129 3222 secun-

549 3244 676 3300 dum
715 3260 948 3301 carnem
991 3247 1309 3308 militamus.
1339 3267 1358 3300 ι
1403 3249 1648 3322 lloc;est,
1711 3268 1874 3308 carne
1921 3255 2126 3322 amicti,

543 3337 857 3391 carnalibus
910 3338 1078 3394 armis
1125 3339 1268 3394 haud
1331 3342 1562 3398 utimur.
1611 3341 1688 3399 De
1744 3345 2130 3414 praedicatione

547 3428 695 3482 enim
744 3427 1001 3496 disputat,
1064 3431 1358 3491 ostendens
1401 3435 1547 3502 quod
1585 3449 1691 3489 non
1740 3435 1812 3490 sit
1854 3438 2125 3502 humana,

549 3533 722 3589 neque
752 3520 999 3575 humanae
1023 3521 1142 3591 Opis
1165 3522 1367 3594 indiga.
1398 3523 1536 3578 Cum
1571 3534 1748 3583 autem
1775 3527 1929 3592 dicit,
1986 3528 2129 3597 «Mi!

547 3610 789 3678 litamus,
829 3630 849 3663 ι
882 3613 1126 3684 praelium
1168 3623 1225 3670 et
1273 3629 1508 3686 pugnam
1546 3631 1647 3672 nos
1688 3618 1998 3689 suscepisse
2026 3621 2126 3676 in-

545 3704 715 3758 dicat.

616 3813 783 3867 Vens.
810 3812 868 3868 Δ.
925 3829 954 3864 .‹
994 3809 1130 3865 Nam
1168 3825 1319 3865 arma
1370 3811 1574 3868 militiae
1628 3823 1828 3868 nostrae
1863 3831 1966 3869 non
1999 3825 2128 3871 sunt

543 3903 808 3959 carnalia.
839 3921 858 3953 ι
897 3901 1012 3958 Hoc
1041 3913 1147 3968 est,
1177 3919 1282 3958 non
1315 3918 1467 3975 opes,
1504 3921 1614 3961 non
1639 3907 1832 3975 gloria,
1871 3923 1976 3962 non
2007 3910 2124 3963 clo-

543 3996 789 4066 quentia,
819 4010 924 4048 non
946 3995 1308 4062 adulationes,
1330 4011 1436 4054 non
1458 3999 1802 4068 hypocrisis:
1835 4000 1959 4056 talia
1981 4003 2126 4062 enim

537 4086 786 4142 carnalia
817 4095 947 4139 sunt
981 4101 1156 4140 arma.

615 4195 640 4230 .‹
681 4177 1066 4247 Sed‘potenlia
1120 4176 1251 4241 Deo,
1300 4177 1366 4231 ad
1397 4177 1821 4236 destructionem
1873 4184 2128 4240 munitio-

537 4285 696 4327 num.
729 4287 752 4322 ι
791 4269 910 4344 Non
928 4267 1085 4333 dixit,
1132 4269 1228 4323 sed
1246 4267 1567 4338 .Spiritualia
1585 4271 1712 4342 (hoc
1741 4275 1884 4330 enim
1908 4279 2127 4340 omnino

541 4354 820 4418 debuisset
841 4361 1042 4426 dicere,
1069 4369 1126 4414 ut
1153 4361 1354 4416 carnali
1377 4364 1777 4435 opponeretur),
1817 4368 1934 4433 sed,
1979 4387 1998 4420 ι
2031 4384 2127 4439 po-

542 4451 736 4513 tentia,
768 4468 786 4501 »
831 4449 1185 4508 subindicans
1229 4449 1305 4504 ita
1335 4465 1523 4508 eorum
1559 4467 1646 4508 res
1675 4469 1794 4510 esse
1825 4456 2118 4514 imbecilles

2157 3200 2205 3258 ϐ

2235 1963 2382 2034 ἡμᾶς
2409 1962 2485 2026 ὡς
2521 1963 2662 2019 κατὰ
2695 1963 2878 2036 σάρκα
2903 1962 3366 2034 περιπατοῦντας.
3393 1981 3413 2016 t
3441 1965 3732 2034 -—tAiopat,i

2235 2057 2422 2126 φησιν,
2455 2055 2542 2108 ἵνα
2571 2056 2646 2126 μή
2677 2072 2746 2124 με
2769 2055 3120 2124 ἀναγκάσητε
3151 2055 3491 2128 θαρρούντως
3518 2056 3557 2087 ⁸⁸
3581 2059 3736 2127 χρήσας

2233 2147 2360 2201 σθαι
2388 2149 2456 2220 τῇ
2482 2148 2712 2219 δυνάμει
2739 2148 3087 2224 (πεποίθησιν
3115 2148 3230 2219 γὰρ
3257 2148 3357 2219 τὴν
3385 2148 3593 2218 δύναμιν
3615 2150 3734 2202 αὐτοῦ

2223 2241 2410 2310 ικαλεῖ)
2441 2235 2504 2318 «ᾖ
2522 2239 2810 2312 λογίζομαι
2831 2243 3151 2312 τολμῆσαι,›
3177 2241 3468 2306 τουτέστιν,
3490 2241 3735 2311 ὑπολαμϐάο

2233 2348 2310 2386 νω
2335 2334 2430 2390 καὶ
2463 2333 2769 2406 λογίζομαι,
2798 2334 3197 2406 ἢζστοχάζομαι
3227 2333 3321 2403 ἀφ’
3347 2327 3418 2386 ὧν
3444 2333 3614 2386 ἐκεῖνοί
3639 2333 3673 2366 ⁵⁸
3689 2351 3734 2403 με

2232 2425 2606 2496 ἀναγκάζουσι
2648 2427 2790 2480 κατᾶ
2820 2425 2932 2480 τῶν
2959 2425 3360 2480 διαβαλλόντων
3392 2425 3526 2495 ἡμᾶς
3561 2424 3622 2488 ὡς
3644 2425 3735 2478 ὑπο-

2231 2522 2432 2591 κριτὰς
2463 2521 2562 2574 καὶ
2590 2521 2860 2586 ἀλαζόνας
2883 2535 2900 2550 ⁸
2927 2519 3088 2575 τοῦτο
3135 2521 3254 2590 γὰρ
3309 2519 3388 2584 τὸ,
3410 2539 3427 2572 ι
3446 2519 3584 2572 Κατὰ
3610 2519 3734 2589 σάρκα

2225 2611 2699 2681 περιπατοῦντας.
2735 2630 2756 2664 ι
2798 2614 2940 2682 Ὀρα
2989 2611 3069 2678 δὲ,
3125 2611 3247 2675 πῶς
3295 2612 3494 2682 τόλμαν
3526 2609 3668 2675 καλεῖ,
3694 2610 3735 2663 τὸ

2231 2701 2370 2767 ὅλως
2415 2703 2728 2776 ἀμύνασθαί
2757 2721 2932 2774 τινας,
2963 2704 3143 2759 καίτοι
3192 2721 3260 2772 γε
3302 2706 3400 2775 οὐχ
3427 2704 3555 2774 ὑπὲρ
3577 2701 3732 2766 ἑαυτοῦ,

2221 2795 2349 2853 ,ἀλλ’
2391 2795 2538 2867 ὑπὲρ
2586 2796 2682 2850 τοῦ
2734 2796 3092 2868 κηρύγματος
3137 2794 3304 2852 τοῦτο
3340 2792 3521 2865 ἔμελλε
3549 2791 3731 2861 ποιῆσαι.

2244 2889 2385 2944 Ἀλλ’
2412 2891 2561 2961 ὅμως
2590 2889 2669 2966 τῷ
2693 2889 3004 2960 διδασκάλῳ
3027 2888 3362 2956 οἰκειότερον
3391 2887 3450 2940 τὸ
3473 2888 3525 2938 ὲν
3563 2887 3658 2947 ταῖς
3677 2899 3733 2936 τιν

2235 2982 2472 3056 μωρῑαις
2490 2981 2706 3054 μέλλειν
2725 2981 2834 3048 ἀεὶ,
2848 2982 2945 3035 καὶ
2965 2983 3041 3051 μὴ
3051 2980 3269 3053 ταχέως
3282 2978 3497 3042 ταύταις
3511 2976 3733 3046 ὲπιπῃδᾷν.

2311 3177 2329 3213 ι
2373 3160 2462 3214 Ἐν
2495 3158 2660 3233 capiti
2690 3157 2799 3230 γάρ
2846 3154 3305 3228 περιπατοῦντες,
3346 3155 3405 3208 οὺ
3452 3153 3576 3208 κατά
3607 3153 3733 3224 σάρκα

2235 3253 2664 3325 στρατευόμεθα.
2711 3269 2728 3303 t
2769 3251 3052 3315 Τουτέστι,
3085 3249 3272 3320 σάρκα
3318 3247 3666 3319 περικείμενοι,
3689 3245 3730 3296 οὐ

2232 3346 2517 3414 σαρκικοῖς
2545 3343 2732 3405 ὅπλοις
2767 3339 3048 3412 χρώμεθα.
3081 3342 3223 3412 Περὶ
3256 3340 3366 3410 γὰρ
3395 3337 3483 3392 τοῦ
3512 3337 3733 3408 κηρύγμαο

2227 3455 2317 3501 τος
2360 3436 2696 3504 διαλέγεται,
2722 3435 2937 3497 δεικνὺς
2973 3434 3056 3487 ὃτι
3096 3434 3200 3487 οὐκ
3251 3435 3398 3486 ἑστιν
3445 3429 3729 3500 ἀνθρώπινον,

2229 3532 2348 3586 οὐδὲ
2413 3529 2516 3599 τῆς
2561 3528 2806 3583 κάτωθεν
2850 3527 3104 3597 δεόμενον
3137 3523 3412 3597 βοηθείας.
3442 3543 3461 3576 ι
3505 3520 3731 3592 Στρατενὰ-

2231 3625 2376 3694 μεθα
2409 3643 2426 3676 ι
2459 3624 2538 3686 δὲ,
2585 3620 2780 3688 εἰπὼν,
2839 3619 3043 3689 ἔδειξεν
3092 3621 3176 3674 ὅτι
3219 3621 3454 3691 πόλεμον
3497 3619 3578 3670 καὶ
3602 3614 3731 3685 μάχην

2229 3711 2623 3783 ἀνεδεξάμεθα.

2306 3823 2324 3856 ι
2354 3804 2434 3857 Τὰ
2457 3803 2567 3871 γὰρ
2595 3801 2736 3858 ὅπλα
2765 3801 2863 3871 τῆς
2888 3800 3176 3872 στρατείας
3219 3800 3377 3872 ἡμῶν
3401 3799 3458 3853 ού
3481 3797 3688 3870 σαρκικά.
3712 3812 3725 3846 ι

2228 3895 2542 3958 Τουτέστιν,
2584 3895 2647 3948 ού
2680 3892 2934 3958 πλοῦτος,
2969 3894 3029 3946 οὐ
3061 3892 3214 3960 δόξα,
3243 3894 3344 3946 οὐκ
3376 3891 3657 3960 εὐγλωττξα,
3690 3887 3731 3939 οὐ

2229 3987 2658 4060 κολακεῖαι,λούχ
2679 3986 2997 4059 ὑποκρίσεις
3020 4001 3037 4019 ’
3081 3987 3310 4041 τοιαῦτα
3337 3986 3443 4058 γὰρ
3461 3984 3535 4056 λτά
3558 3982 3734 4052 σαρκικὰ

2227 4081 2388 4138 ὅπλα.

2304 4191 2323 4226 t
2375 4172 2533 4231 Ἀλλά
2576 4170 2780 4227 δυνατά
2818 4169 2896 4241 τῷ
2945 4169 3086 4244 Θεῷ,
3128 4155 3269 4241 πρὸς
3323 4170 3612 4241 καθαίρεσιν
3641 4165 3731 4234 61'.»-

2231 4265 2528 4340 ρωμάτων.
2573 4284 2602 4318 -ι
2663 4265 2778 4319 Ούκ
2829 4259 2983 4324 εἶπεν
3031 4303 3047 4331 ,
3099 4264 3188 4323 ὅτι
3251 4264 3409 4320 Ἀλλὰ
3459 4255 3733 4330 πνευματικά

2234 4357 2418 4428 (τοῦτο
2445 4356 2553 4427 γὰρ
2581 4355 2801 4416 πάντως
2826 4354 3066 4424 ὤφειλεν
3100 4356 3278 4408 εἰπεῖν
3312 4354 3443 4426 πρὸς
3470 4351 3731 4406 ἀντιδιαστο-

2227 4447 2324 4521 λὴν
2342 4446 2436 4500 τοῦ
2455 4446 2764 4516 σαρκικοῦ),
2784 4445 2940 4512 ἀλλὰ,
2987 4465 3005 4496 ι
3030 4446 3244 4499 Δυνατά
3263 4463 3277 4476 ·
3305 4465 3324 4497 ›
3349 4439 3732 4512 αίνιττόμενοςὸτι

541 4538 706 4610 295
723 4550 774 4594 et
792 4540 1134 4608 impotentes.
1159 4539 1452 4596 Considera
1471 4552 1648 4598 autem
1675 4546 1965 4602 demissum
1989 4549 2040 4603 in
2059 4564 2123 4605 eo

2230 4537 2298 4590 τὰ
2319 4536 2544 4590 ἐκείνων
2574 4534 2774 4604 ἀσθενῆ
2806 4534 2901 4588 καὶΙ
2926 4533 3185 4590 ἀδύνατα.
3224 4533 3337 4588 Καὶ
3367 4535 3544 4586 σκόπει
3575 4529 3624 4582 τὸ
3640 4528 3731 4581 ἄτυ-

542 4634 790 4700 spiritum
829 4647 843 4685 :
869 4646 972 4685 non
1007 4631 1143 4684 dixit
1172 4631 1341 4698 enim,
1368 4631 1476 4688 Nos
1500 4644 1744 4703 potentes
1769 4653 1977 4705 sumus,
2002 4641 2121 4710 sed,

482 4751 490 4800 ςλ
550 4742 570 4776 ι
615 4725 778 4782 Arma
801 4725 1042 4793 potentia
1079 4723 1208 4789 Deo,
1251 4740 1274 4776 ο
1313 4726 1416 4781 hoc
1435 4735 1539 4793 est,
1567 4727 1708 4784 Deus
1736 4729 1846 4800 ipsa
1873 4733 2126 4800 potentia

485 4797 494 4855 ἓ
543 4811 744 4870 ell‘ecit.
779 4813 920 4880 Quia
939 4813 1085 4869 enim
1109 4816 1412 4887 agebantur
1451 4824 1506 4870 et
1553 4797 2122 4888 ﬂagrisctedebantnr,

543 4906 878 4962 inﬁrmitatis
922 4917 1100 4962 autem
1151 4906 1273 4962 haec
1302 4921 1426 4964 esse
1457 4907 1816 4966 videbantur:
1855 4909 1964 4967 Deo
1997 4912 2126 4983 (in-

543 5001 685 5074 quit)
716 4998 956 5071 potentia
975 5007 1102 5056 sunt
1133 4997 1269 5054 haec.
1298 4998 1390 5054 Dei
1426 5013 1660 5073 namque
1687 5001 1854 5055 robur
1884 5015 1979 5070 per
1999 5002 2117 5064 lateo

545 5095 784 5152 maxime
810 5102 1056 5164 apparet,
1083 5106 1150 5146 ac
1185 5090 1275 5146 ille
1303 5099 1390 5148 est
1425 5091 1516 5161 qui
1539 5102 1794 5161 operatur
1841 5103 1896 5149 et
1915 5094 2119 5150 bellum

546 5188 706 5258 gerit,
733 5185 946 5241 etiamsi
970 5199 1069 5240 nos
1104 5183 1211 5238 illis
1256 5181 1597 5239 amiciamur.
1638 5181 1738 5238 Ubi
1780 5195 1963 5240 autem
1991 5195 2121 5244 sunt

543 5277 828 5348 petentia?
879 5277 960 5334 Ad
993 5275 1396 5332 demolitionem
1442 5276 1826 5334 munitionum.
1860 5277 2120 5345 Quasnam

545 5377 726 5424 autem
759 5369 870 5423 sint
903 5369 1018 5423 ista:
1044 5365 1396 5431 munitiones,
1425 5363 1713 5422 subinl‘ert.

623 5479 643 5512 ι
670 5458 1130 5516 ιὶοιὶοείιιοιίοιιεε
1155 5457 1519 5512 destruentes.
1563 5474 1582 5508 ι
1609 5457 1920 5514 Graecorum
1952 5459 2117 5531 syllo-

547 5553 770 5626 gismos,
803 5549 1002 5625 inquit,
1032 5560 1088 5606 ct
1127 5548 1323 5605 fastum
1373 5563 1559 5604 eorum
1603 5549 1926 5618 demolimur
1968 5551 2118 5607 hisce

2228 4643 2364 4700 φον·
2399 4627 2501 4684 οὐκ
2539 4622 2715 4692 εἶπεν,
2769 4625 2853 4679 ὃτι
2917 4625 3107 4695 Ἡμεῖς
3156 4623 3396 4689 δυνατοὶ,
3455 4621 3591 4686 ἀλλὰ,
3631 4615 3730 4672 ιΤὰ

2224 4721 2364 4779 ὅπλα
2379 4718 2580 4776 δυνατά
2601 4717 2682 4790 τῷ
2705 4718 2845 4790 Θεῷ,
2889 4736 2907 4770 ι
2928 4717 3232 4782 τουτέστιν,
3257 4721 3285 4770 ὁ
3305 4718 3431 4780 Θεὸς
3443 4715 3572 4770 αὐτὰ
3583 4708 3730 4766 δυνατᾶ

2225 4812 2656 4872 κατεσκεύασεν.
2701 4811 2922 4884 Ἐπειδὴ
2957 4811 3066 4882 γὰρ
3109 4811 3402 4882 ἠλαύνοντο
3441 4808 3526 4862 καὶ
3563 4799 3730 4875 ἐμαστί-

2222 4906 2400 4974 ζοντο,
2430 4905 2716 4968 ἀσθενείας
2742 4905 2800 4964 δὲ
2822 4905 2996 4963 ταῦτα
3025 4905 3269 4972 ἐδόκουν,
3297 4902 3458 4974 φησὶν
3481 4902 3552 4954 ὅτι
3582 4893 3728 4950 δυνατά

2220 4999 2330 5053 είσι
2360 4999 2535 5055 ταῦτα
2571 4997 2651 5068 τῷ
2679 4997 2820 5069 Θεῷ.
2869 4997 2934 5052 Ἦ
2954 4997 3066 5067 γὰρ
3093 4997 3187 5055 τοῦ
3211 4995 3345 5050 Θεοῦ
3374 4993 3516 5064 ἰσχὺς
3539 4989 3616 5046 διὰ
3643 4985 3728 5040 τού-

2217 5108 2328 5146 των
2360 5093 2596 5164 μάλιστα
2621 5092 2896 5160 φαίνεται,
2929 5090 3181 5154 κάκεῖνός
3214 5091 3364 5142 ἐστιν
3392 5081 3648 5158 ὁδενεργῶν
3664 5077 3728 5132 καὶ

2220 5185 2500 5254 πολεμῶν,
2527 5185 2578 5237 εί
2608 5185 2704 5237 καὶ
2725 5185 2888 5254 ἡμεῖς
2909 5183 3053 5238 αὑτά
3077 5178 3456 5252 περικείμεθα.
3479 5175 3574 5235 Ποῦ
3589 5173 3633 5228 δέ
3651 5173 3726 5230 είπ

2217 5277 2452 5344 δυνατάς
2523 5295 2542 5329 t
2580 5277 2674 5340 Ei;
2705 5275 3026 5350 καθαίρεσιν
3066 5272 3464 5350 ὀχυρωμάτων·
3485 5287 3505 5326 ι
3540 5266 3620 5327 καὶ
3643 5261 3727 5318 τίνα

2223 5366 2294 5419 τὰ
2322 5364 2675 5436 ὀχυρώματα,
2705 5365 2976 5438 ἐπιφέρει.

2301 5474 2324 5507 ι
2364 5457 2672 5527 Λογισμοὺς
2703 5456 3120 5530 καθαιροῦντες.
3158 5477 3178 5513 ι
3213 5459 3353 5522 Τοὺς
3379 5459 3481 5517 τῶν
3520 5447 3726 5517 Ἑλλήνων

2227 5549 2637 5622 συλλογισμοὺς,
2667 5551 2822 5620 φησὶ,
2859 5551 2953 5604 καὶ
2985 5552 3074 5604 τὸν
3106 5551 3272 5622 τῦιρον
3306 5550 3476 5604 αὐτῶν
3496 5533 3725 5609 καθαιροῧ-

1843 5693 2037 5762 Varias
2068 5693 2403 5758 lectiones.

617 5815 661 5852 δ’
691 5812 1016 5887 θαρροῦντος
1053 5828 1109 5869 o.
1181 5812 1230 5888 Ἴ
1258 5815 1498 5869 κάκεῖνοι
1523 5829 1576 5870 o.
