3898 6586
161 407 252 470 901

955 408 1276 470 EXPOSIT
1282 411 1358 470 10
1386 413 1469 472 ΙΝ
1518 413 1756 477 EPlST.
1804 416 1863 476 II
1902 417 2004 476 ΑΙ)
2026 417 2194 478 ΟΟΗ.
2229 443 2294 456 -ο-
2322 420 2482 482 CAP.
2514 422 2589 484 X.

3277 423 3386 489 902

154 541 239 592 μιν
273 522 355 573 διὰ
376 522 579 576 τούτων
599 523 707 576 τῶν
733 524 932 580 ὃπλων·
966 527 1023 598 ἣ,
1047 527 1125 579 ὅτι
1159 527 1365 590 Αὐτοὺς
1393 531 1518 592 τοὺς
1550 530 1692 598 λογι-

1805 531 1993 596 armis,
2030 533 2111 586 vel
2141 534 2268 602 quia
2300 535 2743 592 ratiocinationes
2769 535 2881 593 sive
2905 537 3261 611 cogita-tiones
3293 557 3381 596 eo-

152 616 300 684 σμοὺς
328 615 510 668 αὐτῶν
549 617 648 669 καὶ
683 618 780 681 τὰς
822 619 1009 689 ψυχὰς
1048 619 1458 690 καταϐάλλομεν
1490 623 1554 674 ἐκ
1600 623 1700 693 τῆς

151 705 355 775 πλάνης,
458 708 842 778 κεκράτηνται,
880 713 973 763 καὶ
1004 712 1378 783 ὑποτάσσομεν
1401 713 1444 744 ⁸⁸
1475 716 1540 784 τῇ
1570 713 1702 784 ἀλη-

151 795 271 867 θείᾳ.
319 797 376 850 Ὀ
405 798 513 869 γὰρ
541 798 634 852 τοῦ
663 799 1074 871 Ἀρειοπαγίτου
1104 803 1384 875 λογισμὸς,
1420 806 1515 859 καὶ
1539 807 1572 877 ἡ
1608 824 1702 877 με·

151 890 398 956 γαλόνοια,
430 891 706 962 καθῃρέθη
741 893 839 962 μὲν
864 895 970 947 ἀπὸ
992 895 1089 964 τῆς
1112 897 1390 962 ἀσεϐείας,
1428 899 1694 971 ὐπεκλίθη

150 981 196 1034 δὲ
227 983 286 1050 τῇ
326 981 594 1052 εὐσεϐείᾳ.
629 983 769 1053 Ὅρα
799 983 877 1050 δὲ,
919 987 1020 1040 οὐκ
1074 984 1246 1052 εἶπεν,
1298 991 1380 1044 ὄτι
1432 993 1700 1064 Μηχανή-

151 1089 278 1140 ματα
303 1080 667 1143 προσάγομεν,
704 1076 839 1140 ἀλλ’,
876 1079 1052 1142 Εὐθὺς
1091 1081 1480 1153 καθαιροῦμεν’
1513 1085 1574 1138 τὸ
1609 1085 1700 1140 εῦ-

149 1163 282 1216 κολον
308 1163 404 1233 τῆς
441 1164 596 1236 νίκης
627 1167 723 1220 καὶ
748 1168 809 1220 τὸ
840 1170 1061 1224 δυνατὸν
1089 1172 1199 1225 τῶν
1231 1172 1400 1243 βελῶν
1425 1175 1472 1207 ⁸⁸
1499 1175 1697 1248 δηλῶν.

209 1274 225 1305 ι
254 1255 355 1306 Καὶ
383 1257 492 1308 πᾶν
521 1257 725 1328 ὕψωμα
756 1261 1118 1333 ἐπαιρόμενον
1147 1266 1285 1318 κατά
1316 1267 1413 1336 τῆς
1444 1267 1702 1335 γνώσεως

149 1347 225 1398 τοῦ
245 1345 393 1401 Θεοῦ.
425 1365 444 1398 ι
487 1348 768 1420 Ἐπιμένει
802 1357 866 1424 τῇ
899 1357 1102 1426 τροπῇ,
1125 1357 1212 1409 ἵνα
1240 1360 1698 1432 ὲναργέστερονδδ

142 1437 334 1510 δηλώσῃ
364 1439 392 1491 ὂ
425 1439 700 1510 βούλεται.
749 1446 918 1516 Φησὶν
963 1446 1077 1513 οῦν,
1115 1450 1195 1502 ὅτι
1239 1451 1356 1504 Κᾶν
1388 1451 1586 1522 ὕψωμα
1620 1454 1698 1507 εί-

147 1543 254 1600 πῃς,
288 1533 531 1586 τουτέστι
587 1536 883 1608 πύργωμα,
926 1539 958 1610 ἢ
1005 1542 1264 1612 φρούριον
1307 1545 1698 1617 ἀνθιστάμενον

145 1625 197 1690 τῇ
239 1623 425 1689 γνώσει
453 1625 551 1680 τοῦ
590 1627 748 1695 Θεοῦ,
779 1630 899 1701 ἤτοι
931 1631 1008 1704 τῷ
1040 1635 1382 1707 Εὑαγγελίῳ,
1419 1639 1512 1692 καὶ
1540 1639 1698 1692 τοῦτο

143 1709 375 1782 καθαιροῦ
383 1732 451 1782 με
460 1733 508 1770 ν.

1807 639 1925 678 rum
1966 634 2020 678 et
2073 627 2284 682 animas
2329 627 2608 696 dejicimus
2655 645 2723 686 ex
2766 646 2952 687 errore
3002 647 3108 702 quo
3151 634 3385 688 detentae

1804 712 1976 780 fuere,
2003 731 2067 770 ac
2094 718 2306 772 veritati
2337 719 2670 788 subiicimus.
2697 724 3034 793 Areopagitae
3055 724 3210 778 enim
3245 727 3385 779 ratio

1804 817 1856 860 et
1889 823 2076 878 magna
2114 824 2266 865 mens
2311 809 2520 865 sublata
2573 827 2654 866 εει
2684 814 2752 867 ab
2801 813 3075 883 impietate
3099 817 3380 884 ictpietati

1801 900 2034 954 subdita.
2072 901 2456 956 Animadverte
2491 913 2674 957 autent
2707 906 2848 973 quod
2884 921 2986 959 nou
3025 907 3243 971 dixerit,
3275 908 3380 960 Ma.

1803 981 1992 1045 ébinas
2039 993 2413 1058 admovemus,
2463 996 2580 1058 sed,
2636 997 2819 1048 statim
2869 996 3210 1064 demolimur,
3250 1014 3381 1054 cum

1801 1081 2043 1136 victoria:
2089 1080 2426 1151 facilitatem,
2456 1096 2566 1138 tum
2595 1101 2877 1141 armorum
2911 1091 3204 1160 potentiam
3246 1093 3385 1146 indi-

1802 1185 1952 1226 calls.

1875 1262 2040 1319 Vens.
2070 1265 2124 1319 5.
2151 1284 2177 1317 ι
2207 1263 2284 1318 οΕι
2314 1280 2529 1320 omnem
2565 1267 2898 1322 altitudinem
2933 1272 3278 1326 extollentem
3325 1289 3382 1326 se

1801 1354 2062 1410 adversus
2102 1356 2384 1411 scientiam
2420 1357 2537 1412 Dei.
2583 1377 2610 1410 .r
2651 1357 2972 1416 Perseverat
3013 1362 3062 1416 in
3105 1373 3281 1432 trepo,
3325 1375 3380 1417 ut

1787 1449 1941 1519 :quod
1963 1448 2099 1503 velit
2127 1448 2348 1503 oclarius
2373 1451 2626 1518 explicet.
2673 1451 2753 1517 Si,
2781 1454 2979 1521 inquit,
3010 1455 3238 1507 altitudo
3260 1456 3386 1510 ‘l'uc-

1801 1542 1891 1605 rit,
1927 1540 2029 1594 hoc
2053 1549 2159 1605 est,
2186 1540 2380 1595 turrita
2413 1542 2644 1596 munitio
2677 1545 2756 1597 vel
2801 1548 3262 1616 propugnaculum
3301 1563 3382 1601 re-

1799 1632 2260 1687 sistens-scientia:
2297 1633 2414 1698 Dei,
2442 1635 2685 1703 adeoque
2723 1634 3035 1706 Evangelio,
3070 1639 3136 1706 ,id
3171 1653 3384 1708 quoque

1802 1723 2144 1778 demolimttr.

213 1819 229 1850 ι
265 1804 368 1856 Καὶ
417 1809 922 1877 αἰχμαλωτίζοντες
954 1817 1063 1869 πᾶν
1103 1816 1282 1887 νόημα
1329 1820 1408 1882 εἰς
1455 1818 1555 1889 τὴν
1600 1820 1692 1872 ὑπ·

1841 1833 1858 1865 ι
1895 1815 1960 1868 Ει
1986 1817 2038 1869 in
2072 1817 2440 1886 captivitatem
2476 1819 2787 1888 redigentes
2808 1834 3021 1874 omnem
3050 1821 3379 1876 intellectum

143 1892 287 1960 ακοὴν
310 1897 403 1950 τοῦ
432 1899 736 1970 Χριστοῦ.ι
772 1905 844 1958 Τὸ
873 1905 972 1976 τῆς
1003 1908 1378 1977 αἰχμαλωσίας
1411 1910 1580 1976 ὄνομα
1605 1910 1698 1964 δύο

139 1981 307 2050 δηλοῑο
339 1988 432 2039 καὶ
482 1991 584 2061 τὴν
629 1992 902 2048 ἔκπτωσιν
952 1997 1052 2067 τῆς
1087 1999 1420 2071 ἐλευθερίας,
1457 2002 1550 2055 καὶ
1598 2000 1696 2072 τὴν

129 2073 326 2129 τελείαν
364 2078 595 2146 ἆλωσιν,
625 2081 770 2136 ὥστε
826 2086 900 2157 μὴ
955 2088 1272 2159 ἀντιστῆναι
1322 2091 1506 2146 πάλιν.
1539 2094 1694 2148 Κατὰ

135 2163 249 2230 ,γοῦν
287 2166 343 2219 τὸ
378 2168 636 2241 δεύτερον
667 2177 1087 2247 σημαινόμενον,
1123 2174 1276 2232 εἶπεν
1308 2183 1337 2235 ό
1364 2180 1574 2248 Παῦλος
1600 2185 1700 2239 νῦν

131 2255 206 2318 τὸ,
255 2260 883 2330 ιΔίχμα-λωτίζοντεςη
947 2269 1019 2321 Οὐ
1083 2271 1192 2342 γὰρ
1248 2274 1690 2346 περιγινόμεθα,

141 2351 271 2418 φησὶ,
320 2355 508 2419 μόνον,
557 2358 655 2409 καὶ
689 2361 929 2430 νικῶμεν
973 2365 1154 2415 πᾶσαν
1193 2364 1542 2436 ἀνθρωπίνην
1575 2369 1693 2422 διὰ-

139 2455 283 2506 νοιαν,
323 2442 467 2498 ἀλλά
513 2446 608 2500 καὶ
647 2450 1143 2522 αἰχμαλωτίζομενσ
1177 2455 1312 2526 ὅπερ
1348 2457 1496 2511 ἐστὶν
1537 2459 1570 2529 ἡ
1604 2477 1694 2512 τε-

137 2528 354 2603 λειοτέρα
381 2535 535 2608 νίκη.
569 2534 702 2592 Εἶτα
741 2541 865 2595 ἐπεὶ
904 2543 966 2596 τὸ
987 2545 1090 2616 τῆς
1119 2546 1495 2616 αἰχμαλωσίας
1515 2528 1696 2620 -δνομα

122 2622 274 2694 ¹βαρὺ,
315 2629 518 2699 φησιν*
566 2633 690 2696 «Εἰς
713 2633 811 2705 τὴν
835 2635 1081 2710 ὑπακοὴν
1109 2640 1202 2692 τοῦ
1233 2641 1493 2712 Χριστοῦο
1530 2661 1692 2698 τουτ-

135 2714 279 2781 έστιν,
331 2721 439 2784 Εἰς
472 2723 720 2781 δουλείαν
755 2728 921 2782 αὐτοῦ
954 2730 1260 2803 ὑπάγομεν,
1302 2735 1484 2805 πάσης
1535 2736 1690 2789 ἐλευ-

137 2807 294 2879 θερίας
325 2816 704 2887 τιμιωτέραν·
757 2822 868 2874 ἀπὸ
911 2824 1019 2893 γὰρ
1071 2823 1347 2888 ἀπωλείας
1389 2827 1471 2888 εἰς
1511 2844 1690 2900 σωτη-

137 2900 260 2968 ρίαν,
294 2906 386 2958 καὶ
421 2907 533 2961 ἀπὸ
571 2909 800 2967 θανάτου
836 2915 925 2984 ,είς
960 2913 1126 2987 ζωὴν,
1171 2916 1562 2983 ὑποτάττοντες
1590 2921 1691 2975 αὑ-

133 2994 238 3054 τοὺς
260 2996 336 3068 τῷ
371 2999 622 3074 Χριστῷ.
666 3005 950 3077 Ἐννόησον
979 3007 1072 3062 οὖν
1098 3010 1224 3075 τοὺς
1255 3012 1315 3064 ὲν
1355 3011 1564 3084 Ἐφέσῳ
1591 3014 1690 3080 τὰς

135 3088 348 3154 μαγικάς
373 3091 559 3145 αὐτῶν
601 3094 816 3165 βίϐλους
841 3100 1318 3168 κατακαύσαντας,
1351 3103 1449 3156 καὶ
1475 3106 1688 3176 νοήσεις

135 3175 232 3240 πῶς
260 3181 658 3250 ᾐχμαλώτευσε
689 3189 922 3255 Παῦλος.

192 3285 211 3318 ι
250 3270 354 3324 Καὶ
393 3275 454 3326 ἐν
491 3277 693 3349 ἑτοίμῳ
720 3280 932 3351 ἔχοντες
971 3284 1253 3356 ἐκδικῆσαι
1295 3287 1474 3340 πᾶσαν
1509 3305 1690 3357 παραυ

133 3359 263 3431 κοὴν,
289 3363 421 3419 ὅταν
468 3368 732 3443 πληρωθῇ
785 3373 938 3444 ὑμῶν
983 3377 1016 3444 ἠ
1066 3376 1302 3449 ὑπακοή.
1347 3396 1368 3431 ι
1421 3378 1691 3434 Ἐνταῦθα

132 3451 210 3504 καὶ
233 3455 455 3521 τούτους
486 3459 775 3532 ἐφόϐησεν.
821 3465 994 3537 ’Υμᾶς
1024 3467 1152 3541 γὰρ,
1197 3472 1386 3542 φησὶν,
1421 3471 1689 3542 ἀναμένο-

133 3557 233 3635 risv,
277 3547 349 3600 ἶν’
398 3550 532 3603 ὅταν
585 3553 676 3607 διὰ
728 3556 825 3626 τῆς
880 3561 1258 3630 παραινέσεως
1305 3562 1690 3635 διορθώσωμεν

133 3633 255 3702 ὑμᾶς
290 3639 384 3692 καὶ
439 3641 842 3717 ἀποστήσωμεν
869 3650 1113 3717 ἐκείνων,
1163 3653 1284 3706 τότε
1315 3633 1546 3719 ἐκείνοις
1593 3633 1691 3726 μό-

131 3740 244 3794 νοις,
267 3729 680 3804 ἀπολειφθεῖσιν
705 3739 946 3805 ἀνιάτοις
970 3741 1035 3807 δ’,
1067 3743 1164 3814 τὴν
1182 3745 1355 3814 τομὴν
1382 3746 1690 3814 ἐπενέγκω-

136 3833 237 3884 μεν.
261 3822 377 3875 ιἘν
401 3824 638 3899 ἑτοίμῳ»
671 3829 766 3884 οὖν
784 3829 979 3901 ἔχομεν
992 3833 1092 3905 τὴν
1114 3836 1408 3906 τιμωρίαν,
1429 3836 1544 3890 ἀλλ’
1558 3837 1689 3892 ἀνα-

134 3907 212 3998 μλξ
259 3910 430 3967 ὄντων
485 3915 662 3986 ὑμῶν,
715 3919 1061 3991 κωλυόμεθα,
1113 3923 1201 3978 ἵνα
1257 3926 1333 3997 μὴ
1384 3928 1480 3980 καὶ
1530 3926 1686 3998 ὑμῶν

129 3995 308 4068 ἅψηται
341 4005 376 4074 ἡ
421 4004 627 4078 πληγή.
671 4009 769 4063 Διά
811 4010 870 4063 δὲ
910 4011 1005 4065 τοῦ
1047 4015 1250 4081 εἰπεῖν,
1289 3995 1519 4070 ι’·οταν
1546 3995 1688 4091 τέλη-

134 4091 258 4162 ρωθῇ
286 4094 443 4164 ὑμῶν
470 4099 508 4168 ἠ
543 4099 779 4171 ὑπακοὴ,
810 4120 829 4155 ι
863 4103 1159 4158 αἰνίττεται
1183 4106 1561 4173 ὑπακούοντας
1587 4111 1687 4180 μὲν

132 4181 211 4234 καὶ
235 4184 346 4252 νῦν,
378 4187 498 4240 ἀλλ’
526 4189 587 4242 οὐ
618 4191 860 4255 τελείως.
890 4193 1076 4248 Ταῦτα
1099 4197 1156 4249 δὲ
1196 4198 1431 4266 ἀπειλεῖ,
1477 4201 1563 4254 ἵνα
1591 4203 1687 4255 καὶ

130 4265 253 4326 οὗτοι
275 4280 517 4331 κάκεῖνοι
547 4280 906 4352 διορθωθῶσι,
937 4287 1030 4340 καὶ
1064 4287 1268 4359 μηδένα
1312 4290 1513 4363 πλήξῃ.
1545 4293 1688 4364 Πρό-

130 4378 265 4431 τερον
290 4366 345 4420 δέ
387 4370 446 4421 ἐν
478 4372 612 4442 ἡμῖν
645 4372 899 4445 λογισμοὶ
948 4378 1312 4446 συνίστανται,
1347 4383 1686 4439 παλαιόντων

1804 1907 1858 1961 in
1892 1907 2206 1976 obsequium
2237 1909 2514 1979 Christiﬁr
2553 1910 2896 1978 Captivitatis
2918 1912 3233 1966 vocabulum
3273 1916 3382 1967 duo

1804 1998 2072 2067 signiﬁcat
2101 2013 2115 2052 :
2146 2009 2201 2053 et
2240 2014 2305 2054 ex
2336 2001 2586 2056 libertate
2614 2002 2847 2071 lapsum,
2887 2013 2939 2056 et
2963 2002 3256 2072 perfectam
3291 2020 3381 2059 ca-

1803 2091 2062 2159 ptionem,
2085 2106 2190 2160 qua
2207 2093 2340 2162 quis
2356 2094 2425 2148 ita
2453 2096 2686 2165 capitur,
2711 2105 2767 2147 ut
2793 2111 2860 2150 ne
2885 2097 3135 2150 resistere
3153 2097 3378 2165 [quidem

1794 2184 1992 2252 possit.
2021 2183 2182 2238 Juxta
2226 2188 2516 2241 secundam
2553 2187 2716 2257 igitur
2743 2188 3197 2256 signiﬁcationem
3222 2207 3374 2245 nunc

1801 2274 1998 2332 Paulus
2021 2278 2180 2346 dixit,
2213 2297 2234 2331 ‹
2263 2279 2627 2350 captivantes.
2663 2299 2682 2334 ι
2718 2283 2833 2337 Non
2863 2285 3006 2338 enim
3036 2293 3264 2353 tantum,
3295 2287 3380 2340 in-

1801 2373 1936 2440 quit,
1966 2375 2274 2440 superiores
2304 2391 2526 2442 sumus,
2547 2385 2605 2431 et
2634 2377 2916 2432 victoriam
2962 2379 3268 2434 obtinemus
3313 2383 3382 2434 de

1799 2463 1944 2516 omni
1973 2464 2207 2519 humana
2241 2467 2571 2537 cogitat-ioue
2609 2477 2663 2525 et
2685 2468 2978 2536 intellectu,
3008 2471 3100 2524 sed
3127 2471 3380 2540 iui-capti.

1801 2554 2022 2610 vitatem
2064 2557 2232 2612 etiam
2288 2559 2604 2629 redigimus,
2653 2575 2773 2631 quae
2821 2569 2903 2615 est
2946 2565 3378 2616 consummatior

1800 2647 2046 2702 victoria.
2080 2649 2302 2715 Deinde,
2334 2651 2456 2721 quia
2503 2651 2834 2720 captivitatis
2871 2652 3186 2705 vocabulqu
3214 2667 3377 2720 gravo

1797 2747 1902 2804 est,
1940 2739 2109 2806 addit,
2155 2757 2177 2792 ‹
2216 2742 2281 2795 ad
2332 2743 2650 2811 obsequium
2701 2742 2928 2806 Christi,
2958 2761 2978 2795 ι
3024 2743 3128 2798 hoc
3156 2752 3270 2808 est,
3309 2745 3376 2798 ad

1798 2830 2114 2884 servitutem
2143 2828 2258 2898 ejus
2300 2832 2594 2902 redigimus
2623 2835 2768 2888 omni
2797 2833 3047 2888 libertate
3087 2834 3376 2903 pretiosio-

1797 2933 1912 2974 rem
1946 2938 1961 2976 :
1994 2920 2062 2974 ab
2084 2920 2304 2976 interitu
2341 2923 2597 2977 nimirum
2634 2925 2702 2978 ad
2739 2925 2995 2989 salutem,
3043 2941 3072 2978 a
3100 2937 3273 2980 morte
3306 2926 3372 2978 ad

1798 3011 1961 3066 vitam
2033 3013 2371 3083 subjicienda
2418 3029 2513 3071 eos
2563 3015 2802 3071 Christo.
2855 3017 3050 3071 Animo
3096 3016 3260 3086 igitur
3292 3032 3376 3072 re-

1797 3102 1951 3157 volve
1973 3117 2065 3157 eos
2098 3105 2190 3172 qui
2218 3105 2440 3174 magica:
2461 3107 2593 3162 artis
2625 3107 2790 3161 libros
2815 3107 3008 3176 Ephesi
3050 3109 3371 3163 combusse-

1711 3176 1758 3234 (ἶ
1791 3204 1916 3250 ruut
1934 3193 2043 3262 1ιί,
2074 3208 2126 3251 et
2151 3197 2356 3252 videbis
2370 3202 2638 3268 quomodo
2655 3199 2851 3255 Paulus
2877 3203 3114 3270 captivos
3138 3201 3373 3259 duxerit.

1833 3287 1992 3344 Vens.
2028 3290 2081 3344 6.
2113 3308 2131 3341 ι
2178 3290 2244 3344 Ει
2270 3291 2323 3344 in
2356 3302 2604 3362 promptu
2637 3293 2900 3349 habentes
2936 3293 3121 3350 ulcisci
3156 3310 3372 3350 omnem

1792 3381 2234 3447 inobedientiam,
2267 3399 2388 3438 eum
2434 3383 2655 3454 impleta
2690 3384 3062 3457 fueritgvestra
3105 3387 3368 3442 obedien-

1795 3474 1886 3528 tia.
1925 3492 1944 3526 ι
1983 3473 2084 3529 Hic
2117 3473 2236 3530 illos
2279 3474 2444 3530 etiam
2496 3475 2711 3532 terruit.
2767 3477 2891 3540 Vos,
2944 3477 3144 3546 inquit,
3197 3481 3367 3534 etiam

1792 3575 2198 3635 exspectamus,
2235 3575 2294 3622 ut
2320 3577 2602 3639 postquam
2652 3583 2749 3638 per
2785 3569 3211 3624 admonitionem
3269 3587 3369 3626 no-

1783 3664 1956 3712 stram
1982 3660 2382 3714 correxerimus
2408 3675 2502 3715 vos
2571 3668 2621 3714 et
2654 3661 2723 3714 ab
2754 3661 2858 3715 illis
2905 3661 3136 3716 deiicere
3173 3661 3370 3717 feceri-

1791 3760 1929 3812 mus,
1957 3756 2064 3800 tum
2104 3747 2209 3802 illis
2235 3749 2366 3804 solis
2399 3749 2790 3804 incurabilibus
2821 3749 3023 3805 relictis
3070 3751 3366 3806 sectionem

1790 3838 2100 3896 aﬂ‘eramus.
2156 3839 2214 3894 lu
2259 3852 2510 3911 promptu
2556 3843 2721 3913 igitur
2757 3843 3018 3899 habemus
3053 3858 3270 3914 poenam
3316 3853 3370 3898 et

1790 3929 2066 3995 ultionem,
2098 3941 2350 3986 cancrum
2400 3948 2521 3988 cum
2567 3949 2661 3989 vos
2702 3934 2805 3990 illis
2839 3935 2983 3990 misti
3018 3937 3157 4002 sitis,
3187 3936 3370 4006 prohi-

1788 4020 1978 4076 bemur
2003 4022 2204 4088 adhuc,
2242 4038 2320 4078 ne
2355 4034 2410 4078 et
2453 4038 2550 4079 vos
2577 4026 2734 4096 plaga
2781 4027 3074 4097 contingat.
3109 4027 3212 4081 Per
3265 4028 3370 4083 boe

1787 4123 1966 4169 autem
1997 4115 2138 4185 quod
2171 4115 2273 4178 ait,
2319 4135 2344 4168 ι
2382 4117 2516 4171 Cum
2559 4119 2824 4187 eowpleta
2866 4119 3028 4174 fuerit
3063 4118 3368 4174 obedientia

1789 4217 1994 4273 vestra,
2031 4223 2053 4259 ι
2085 4207 2248 4262 tacite
2263 4206 2669 4281 indicaL296
2699 4224 2793 4264 eos
2825 4211 3041 4279 quidem
3072 4211 3366 4267 etiamnum

1776 4299 2031 4366 obedire,
2085 4299 2184 4354 sed
2215 4301 2554 4371 imperfecte.
2585 4301 2716 4356 Haec
2748 4312 2927 4356 autem
2963 4301 3366 4368 intermittatur,

1787 4401 1847 4446 ut
1884 4401 1940 4447 et
1977 4393 2030 4446 bi
2063 4401 2118 4447 et
2162 4391 2239 4446 illi
2273 4394 2552 4448 meliorem
2585 4394 2751 4448 vitam
2799 4394 3048 4462 induant,
3085 4404 3140 4450 et
3176 4406 3235 4449 ut
3269 4411 3368 4450 ne-

251 4461 514 4530 χειρόνων
558 4463 694 4533 πρὸς
738 4467 866 4530 τοὺς
913 4470 1248 4538 κρείττονας’
1280 4469 1400 4527 εῐτα
1442 4475 1682 4543 γίνονται

1796 4485 1991 4538 minem
2020 4483 2203 4538 feriat.
2227 4483 2385 4539 Prius
2410 4495 2591 4538 autem
2615 4485 2668 4538 in
2701 4485 2857 4540 nobis
2883 4487 3247 4541 coniiciuntur
3277 4503 3368 4541 ra-

129 4543 398 4645 ὑψώματα,
422 4552 700 4645 νικώντων
716 4557 936 4632 δηλαδὴ,
965 4563 1054 4615 ὅτε
1077 4565 1169 4616 καὶ
1185 4565 1516 4637 ἐπαίρωνται
1542 4571 1685 4622 κατά

1796 4575 2189 4640 ιίοοὶιιιιιίοιιεε,
2211 4574 2492 4645 pejoribus
2526 4575 2810 4630 adversum
2845 4576 3082 4644 potiores
3109 4576 3369 4632 luctanti-

128 4636 213 4707 τῆς
234 4640 402 4709 ,θείας
428 4644 704 4714 γνώσεως,
732 4651 828 4704 καὶ
858 4653 1133 4720 τοσοῦτον,
1162 4636 1435 4712 ὥστεκαὶ
1477 4661 1559 4723 εἰς
1587 4659 1688 4728 τὴν

128 4729 208 4782 τοῦ
248 4735 522 4806 νοήματος
563 4737 610 4772 ⁸⁸
658 4739 814 4807 τάξιν
862 4746 1202 4818 ἀνατρέχειν,
1245 4741 1357 4802 οἷον
1405 4748 1688 4821 λεγόμενοι

127 4822 510 4902 ὲνθουσιασμοί.
561 4833 720 4889 Ἐστι
771 4837 882 4908 γὰρ
910 4839 1121 4910 νόησις,
1153 4840 1299 4913 ἁπλῆ
1333 4843 1428 4897 καί
1463 4843 1690 4898 ἀσυλλό-

126 4929 292 4983 γιστος
331 4922 560 4995 ἐπιϐολὴ
579 4923 626 4958 ⁸³
661 4925 755 4980 τοῦ
782 4929 896 4996 νοῦ,
946 4931 1088 4984 αὑτά
1133 4932 1392 4988 δεικνῦσα
1439 4934 1508 4988 τὰ
1541 4935 1687 5007 πρά-

127 5022 296 5076 γματα
323 5016 650 5085 κρειττόνως
681 5018 714 5092 ἢ
750 5020 783 5090 ἡ
831 5021 1127 5087 ἀπόδειξις.
1169 5023 1322 5080 Εἰσὶν
1359 5022 1454 5079 οὖν
1482 5025 1578 5080 καὶ
1619 5027 1680 5080 ὲν

127 5103 222 5164 τοῖς
251 5105 354 5158 ὑπὸ
381 5109 656 5179 δαιμόνων
701 5112 1086 5184 ἀπατωμένοις
1131 5116 1380 5171 τοιαῦται
1421 5117 1678 5174 δοκοῦσαι

127 5193 342 5266 νοήσεις,
391 5199 459 5264 ἀς
502 5204 531 5256 ὁ
567 5201 798 5271 Παῦλος,
832 5207 928 5259 καὶ
970 5207 1025 5260 εἰ
1057 5223 1140 5272 τις
1173 5208 1317 5262 κατά
1345 5209 1555 5281 τοῦτον,
1596 5211 1682 5265 αί-

131 5291 442 5358 χμαλωτίζει
475 5297 556 5360 εἰς
581 5297 679 5366 τὴν
709 5298 957 5368 ὑπακοὴν
987 5298 1079 5351 τοῦ
1120 5299 1386 5370 Χριστοῦ.

1783 4668 1919 4734 bus;
1980 4668 2174 4722 deinde
2207 4666 2343 4721 {lunt
2382 4667 2745 4722 exaltationes
2788 4666 2869 4721 vel
2922 4668 3252 4735 altitudines,
3288 4671 3367 4725 vi-

1785 4760 2013 4816 ctoriam
2049 4757 2306 4814 videlicet
2336 4759 2732 4822 obtinentibus,
2772 4758 2994 4828 quando
3019 4771 3205 4814 contra
3228 4762 3366 4816 divi-
3442 4800 3452 4810 ,

1785 4863 1909 4903 nam
1939 4847 2302 4916 cognitionem
2333 4848 2637 4917 eriguntur,
2682 4848 2925 4916 adeoque
2959 4856 3018 4902 ut
3048 4849 3129 4905 vel
3158 4851 3373 4906 intelle-
3419 4906 3424 4911 ,

1785 4950 1907 4994 ctus
1949 4939 2126 4994 locum
2165 4948 2454 5008 occupent,
2477 4939 2668 5008 quales
2698 4949 2824 4993 sunt
2851 4941 2945 5011 qui
2987 4943 3240 4996 dicuntur
3280 4943 3363 4996 {u-

1753 5046 1953 5097 σακε,
1991 5031 2107 5086 sive
2158 5029 2396 5086 numinis
2457 5028 2692 5085 afﬂatus.
2744 5029 2840 5085 Est
2871 5032 3015 5087 enim
3062 5032 3362 5087 intellectus

1787 5121 2018 5190 simplex
2046 5129 2102 5176 et
2146 5121 2567 5177 ratiocinatione
2607 5136 2809 5177 vacans
2851 5123 3050 5178 mentis
3078 5121 3220 5176 actio
3258 5122 3360 5175 im-

1787 5222 2009 5282 petusve
2037 5213 2152 5283 ipsa
2188 5229 2349 5284 opera
2401 5215 2595 5270 melius
2619 5215 2908 5270 ostendens
2933 5224 3111 5283 ,quam
3145 5215 3353 5268 demon-

1786 5305 1998 5362 stratio.
2031 5303 2169 5360 Sunt
2196 5307 2359 5376 igitur
2380 5316 2436 5361 et
2465 5307 2518 5360 in
2541 5307 2608 5361 iis
2633 5307 2825 5376 quibus
2850 5320 2879 5359 a
2904 5306 3236 5362 daemonibus
3265 5307 3360 5360 im-

132 5389 348 5456 ponitur,
377 5393 534 5460 tales,
560 5401 620 5448 ut
651 5394 889 5462 videtur,
953 5394 1280 5466 intellectus,
1321 5411 1460 5467 quos
1525 5395 1746 5466 Paulus,
1784 5409 1843 5455 et
1875 5401 1918 5456 si
1941 5401 2082 5472 [quis
2121 5402 2262 5460 alius
2285 5400 2436 5458 Pauli
2467 5401 2659 5472 spiritu
2703 5402 2918 5466 ductus,
2944 5399 3184 5468 captivos
3217 5400 3365 5456 ducit

130 5478 188 5533 ad
223 5481 576 5542 obedientiam
625 5487 853 5546 Christi.

187 5638 257 5680 κοί
289 5644 401 5702 Act.
434 5663 552 5714 χιχ,
584 5647 670 5704 l9.

1429 5743 1632 5806 Variae
1671 5743 2001 5809 lectiones.

195 5836 236 5867 “
265 5838 722 5914 ὑποταπεινοῦμεν
737 5856 794 5900 ο.
871 5843 918 5877 ⁵⁸
939 5843 1120 5898 ὅπλων
1154 5861 1208 5901 o.
1286 5844 1331 5876 “
1356 5846 1456 5916 μὲν
1476 5847 1807 5920 ἀργέστερον
1840 5865 1892 5904 ο.
1936 5851 1978 5882 ⁸⁷
2013 5849 2246 5912 ἀνιάτως
2275 5863 2327 5918 ο,
2372 5848 2417 5882 ⁸⁸
2446 5846 2754 5920 νοσήματος
2776 5864 2830 5904 o.
2912 5847 2958 5882 δ’
2990 5845 3263 5918 μεταϐολὴ
3302 5858 3349 5902 0.
