  <div class='ocr_page' id='page_1' title='image "/cluster/home/n/w/nwhite01/storage/ocr_20150623/124/hvd.32044019208206/479.png"; bbox 0 0 3898 6586; ppageno 0'>
   <div class='ocr_carea' id='block_1_1' title="bbox 566 389 675 455">
    <p class='ocr_par' dir='ltr' id='par_1_1' title="bbox 566 389 675 455">
     <span class='ocr_line' id='line_1_1' title="bbox 566 389 675 455; baseline 0 0"><span class='ocrx_word' id='word_1_1' title='bbox 566 389 675 455; x_wconf 81' lang='lat'><strong>903</strong></span> 
     </span>
    </p>
   </div>
   <div class='ocr_carea' id='block_1_2' title="bbox 1498 373 3737 449">
    <p class='ocr_par' dir='ltr' id='par_1_2' title="bbox 1498 373 3737 449">
     <span class='ocr_line' id='line_1_2' title="bbox 1498 373 3737 449; baseline -0.006 -6"><span class='ocrx_word' id='word_1_2' title='bbox 1498 378 2079 447; x_wconf 64' lang='lat' dir='ltr'><strong>THEOPHYLACTI</strong></span> <span class='ocrx_word' id='word_1_3' title='bbox 2121 375 2540 441; x_wconf 76' lang='lat' dir='ltr'><strong>BULGARl/E</strong></span> <span class='ocrx_word' id='word_1_4' title='bbox 2574 373 2809 435; x_wconf 80' lang='lat' dir='ltr'><strong>ARCIII</strong></span> <span class='ocrx_word' id='word_1_5' title='bbox 2818 374 2924 434; x_wconf 83' lang='grc' dir='ltr'><strong>ΕΡ.</strong></span> <span class='ocrx_word' id='word_1_6' title='bbox 3657 382 3737 449; x_wconf 61' lang='grc' dir='ltr'><strong>θοι</strong></span> 
     </span>
    </p>
   </div>
   <div class='ocr_carea' id='block_1_3' title="bbox 636 483 2131 565">
    <p class='ocr_par' dir='ltr' id='par_1_3' title="bbox 636 489 2131 565">
     <span class='ocr_line' id='line_1_3' title="bbox 636 489 2131 565; baseline -0.009 -10"><span class='ocrx_word' id='word_1_7' title='bbox 636 498 800 555; x_wconf 75' lang='lat' dir='ltr'><strong>Vens.</strong></span> <span class='ocrx_word' id='word_1_8' title='bbox 824 498 880 552; x_wconf 89' lang='lat'><strong>7.</strong></span> <span class='ocrx_word' id='word_1_9' title='bbox 912 514 931 549; x_wconf 82' lang='grc' dir='ltr'><strong>ι</strong></span> <span class='ocrx_word' id='word_1_10' title='bbox 969 496 1098 565; x_wconf 78' lang='lat' dir='ltr'><strong>Quae</strong></span> <span class='ocrx_word' id='word_1_11' title='bbox 1132 493 1200 551; x_wconf 84' lang='lat' dir='ltr'><strong>ad</strong></span> <span class='ocrx_word' id='word_1_12' title='bbox 1224 492 1430 550; x_wconf 78' lang='lat' dir='ltr'><strong>faciem</strong></span> <span class='ocrx_word' id='word_1_13' title='bbox 1462 504 1592 549; x_wconf 83' lang='lat' dir='ltr'><strong>sunt</strong></span> <span class='ocrx_word' id='word_1_14' title='bbox 1624 492 1821 547; x_wconf 86' lang='lat' dir='ltr'><strong>videte.</strong></span> <span class='ocrx_word' id='word_1_15' title='bbox 1846 510 1879 544; x_wconf 58' lang='grc' dir='ltr'><strong>η»</strong></span> <span class='ocrx_word' id='word_1_16' title='bbox 1914 489 2027 544; x_wconf 83' lang='lat' dir='ltr'><strong>Non</strong></span> <span class='ocrx_word' id='word_1_17' title='bbox 2059 502 2131 543; x_wconf 86' lang='lat' dir='ltr'><strong>so-</strong></span> 
     </span>
    </p>
   </div>
   <div class='ocr_carea' id='block_1_4' title="bbox 2233 483 3739 565">
    <p class='ocr_par' dir='ltr' id='par_1_4' title="bbox 2326 483 3739 560">
     <span class='ocr_line' id='line_1_4' title="bbox 2326 483 3739 560; baseline 0.006 -22"><span class='ocrx_word' id='word_1_18' title='bbox 2326 504 2346 538; x_wconf 77' lang='grc' dir='ltr'><strong>ι</strong></span> <span class='ocrx_word' id='word_1_19' title='bbox 2381 486 2461 539; x_wconf 70' lang='grc' dir='ltr'><strong>Τὰ</strong></span> <span class='ocrx_word' id='word_1_20' title='bbox 2492 484 2633 540; x_wconf 77' lang='grc' dir='ltr'><strong>κατὰ</strong></span> <span class='ocrx_word' id='word_1_21' title='bbox 2666 485 2958 556; x_wconf 73' lang='grc' dir='ltr'><strong>πρόσωπον</strong></span> <span class='ocrx_word' id='word_1_22' title='bbox 2991 483 3234 555; x_wconf 81' lang='grc' dir='ltr'><strong>βλέπετε.</strong></span> <span class='ocrx_word' id='word_1_23' title='bbox 3280 504 3304 539; x_wconf 68' lang='grc' dir='ltr'><strong><em>δ</em></strong></span> <span class='ocrx_word' id='word_1_24' title='bbox 3340 487 3411 543; x_wconf 74' lang='grc' dir='ltr'><strong>Οὐ</strong></span> <span class='ocrx_word' id='word_1_25' title='bbox 3453 488 3617 559; x_wconf 70' lang='grc' dir='ltr'><strong>μόνους</strong></span> <span class='ocrx_word' id='word_1_26' title='bbox 3647 497 3739 560; x_wconf 67' lang='grc' dir='ltr'><strong>τοὺς</strong></span> 
     </span>
    </p>
   </div>
   <div class='ocr_carea' id='block_1_5' title="bbox 566 584 2135 660">
    <p class='ocr_par' dir='ltr' id='par_1_5' title="bbox 566 584 2135 660">
     <span class='ocr_line' id='line_1_5' title="bbox 566 584 2135 660; baseline -0.007 -14"><span class='ocrx_word' id='word_1_27' title='bbox 566 592 650 646; x_wconf 90' lang='lat' dir='ltr'><strong>los</strong></span> <span class='ocrx_word' id='word_1_28' title='bbox 695 593 1012 660; x_wconf 89' lang='lat' dir='ltr'><strong>deccptores</strong></span> <span class='ocrx_word' id='word_1_29' title='bbox 1056 586 1448 657; x_wconf 85' lang='lat' dir='ltr'><strong>pcrterrcfacit,</strong></span> <span class='ocrx_word' id='word_1_30' title='bbox 1481 600 1666 640; x_wconf 87' lang='lat' dir='ltr'><strong>verum</strong></span> <span class='ocrx_word' id='word_1_31' title='bbox 1691 584 1854 639; x_wconf 91' lang='lat' dir='ltr'><strong>etiam</strong></span> <span class='ocrx_word' id='word_1_32' title='bbox 1883 584 2135 651; x_wconf 84' lang='lat' dir='ltr'><strong>deceptos</strong></span> 
     </span>
    </p>
   </div>
   <div class='ocr_carea' id='block_1_6' title="bbox 565 669 2137 748">
    <p class='ocr_par' dir='ltr' id='par_1_6' title="bbox 565 669 2137 748">
     <span class='ocr_line' id='line_1_6' title="bbox 565 669 2137 748; baseline -0.006 -15"><span class='ocrx_word' id='word_1_33' title='bbox 565 681 825 748; x_wconf 87' lang='lat' dir='ltr'><strong>increpat.</strong></span> <span class='ocrx_word' id='word_1_34' title='bbox 867 678 1160 746; x_wconf 74' lang='lat' dir='ltr'><strong>Propterea</strong></span> <span class='ocrx_word' id='word_1_35' title='bbox 1201 676 1353 742; x_wconf 91' lang='lat' dir='ltr'><strong>dicit,</strong></span> <span class='ocrx_word' id='word_1_36' title='bbox 1389 674 1467 729; x_wconf 84' lang='lat' dir='ltr'><strong>Ex</strong></span> <span class='ocrx_word' id='word_1_37' title='bbox 1489 674 1557 729; x_wconf 91' lang='lat' dir='ltr'><strong>iis</strong></span> <span class='ocrx_word' id='word_1_38' title='bbox 1591 688 1712 744; x_wconf 78' lang='lat' dir='ltr'><strong>quae</strong></span> <span class='ocrx_word' id='word_1_39' title='bbox 1759 669 2137 742; x_wconf 87' lang='lat' dir='ltr'><strong>apparcntju-</strong></span> 
     </span>
    </p>
   </div>
   <div class='ocr_carea' id='block_1_7' title="bbox 564 759 2135 839">
    <p class='ocr_par' dir='ltr' id='par_1_7' title="bbox 564 759 2135 839">
     <span class='ocr_line' id='line_1_7' title="bbox 564 759 2135 839; baseline -0.006 -15"><span class='ocrx_word' id='word_1_40' title='bbox 564 773 760 834; x_wconf 85' lang='lat' dir='ltr'><strong>dicate,</strong></span> <span class='ocrx_word' id='word_1_41' title='bbox 815 768 857 823; x_wconf 88' lang='lat' dir='ltr'><strong>si</strong></span> <span class='ocrx_word' id='word_1_42' title='bbox 895 769 1017 839; x_wconf 85' lang='lat' dir='ltr'><strong>quis</strong></span> <span class='ocrx_word' id='word_1_43' title='bbox 1066 766 1330 838; x_wconf 85' lang='lat' dir='ltr'><strong>superbit.</strong></span> <span class='ocrx_word' id='word_1_44' title='bbox 1387 767 1434 823; x_wconf 90' lang='lat' dir='ltr'><strong>si</strong></span> <span class='ocrx_word' id='word_1_45' title='bbox 1479 766 1602 836; x_wconf 89' lang='lat' dir='ltr'><strong>quis</strong></span> <span class='ocrx_word' id='word_1_46' title='bbox 1653 765 1893 837; x_wconf 81' lang='lat' dir='ltr'><strong>locuples</strong></span> <span class='ocrx_word' id='word_1_47' title='bbox 1929 772 2036 827; x_wconf 88' lang='lat' dir='ltr'><strong>est,</strong></span> <span class='ocrx_word' id='word_1_48' title='bbox 2086 759 2135 817; x_wconf 91' lang='lat' dir='ltr'><strong>si</strong></span> 
     </span>
    </p>
   </div>
   <div class='ocr_carea' id='block_1_8' title="bbox 560 857 1643 929">
    <p class='ocr_par' dir='ltr' id='par_1_8' title="bbox 560 857 1643 929">
     <span class='ocr_line' id='line_1_8' title="bbox 560 857 1643 929; baseline 0 -17"><span class='ocrx_word' id='word_1_49' title='bbox 560 862 683 925; x_wconf 82' lang='lat' dir='ltr'><strong>quis</strong></span> <span class='ocrx_word' id='word_1_50' title='bbox 721 860 938 914; x_wconf 89' lang='lat' dir='ltr'><strong>virtutis</strong></span> <span class='ocrx_word' id='word_1_51' title='bbox 978 858 1215 929; x_wconf 81' lang='lat' dir='ltr'><strong>imagine</strong></span> <span class='ocrx_word' id='word_1_52' title='bbox 1267 857 1495 914; x_wconf 74' lang='lat' dir='ltr'><strong>vestitus</strong></span> <span class='ocrx_word' id='word_1_53' title='bbox 1537 866 1643 912; x_wconf 90' lang='lat' dir='ltr'><strong>est.</strong></span> 
     </span>
    </p>
   </div>
   <div class='ocr_carea' id='block_1_9' title="bbox 636 946 2145 1021">
    <p class='ocr_par' dir='ltr' id='par_1_9' title="bbox 636 946 2145 1021">
     <span class='ocr_line' id='line_1_9' title="bbox 636 946 2145 1021; baseline -0.006 -16"><span class='ocrx_word' id='word_1_54' title='bbox 636 972 655 1004; x_wconf 76' lang='grc' dir='ltr'><strong>ι</strong></span> <span class='ocrx_word' id='word_1_55' title='bbox 696 951 752 1006; x_wconf 91' lang='lat' dir='ltr'><strong>Si</strong></span> <span class='ocrx_word' id='word_1_56' title='bbox 798 953 920 1021; x_wconf 82' lang='lat' dir='ltr'><strong>quis</strong></span> <span class='ocrx_word' id='word_1_57' title='bbox 960 952 1183 1006; x_wconf 88' lang='lat' dir='ltr'><strong>conﬁdit</strong></span> <span class='ocrx_word' id='word_1_58' title='bbox 1227 951 1328 1006; x_wconf 88' lang='lat' dir='ltr'><strong>sibi</strong></span> <span class='ocrx_word' id='word_1_59' title='bbox 1357 947 1563 1004; x_wconf 84' lang='lat' dir='ltr'><strong>Christi</strong></span> <span class='ocrx_word' id='word_1_60' title='bbox 1599 962 1661 1003; x_wconf 89' lang='lat' dir='ltr'><strong>se</strong></span> <span class='ocrx_word' id='word_1_61' title='bbox 1691 959 1835 1009; x_wconf 88' lang='lat' dir='ltr'><strong>esse,</strong></span> <span class='ocrx_word' id='word_1_62' title='bbox 1879 946 1982 997; x_wconf 93' lang='lat' dir='ltr'><strong>hoc</strong></span> <span class='ocrx_word' id='word_1_63' title='bbox 2017 957 2145 997; x_wconf 73' lang='lat' dir='ltr'><strong>rur-</strong></span> 
     </span>
    </p>
   </div>
   <div class='ocr_carea' id='block_1_10' title="bbox 560 1035 2135 1113">
    <p class='ocr_par' dir='ltr' id='par_1_10' title="bbox 560 1035 2135 1113">
     <span class='ocr_line' id='line_1_10' title="bbox 560 1035 2135 1113; baseline -0.008 -13"><span class='ocrx_word' id='word_1_64' title='bbox 560 1060 679 1100; x_wconf 86' lang='lat' dir='ltr'><strong>sum</strong></span> <span class='ocrx_word' id='word_1_65' title='bbox 712 1045 852 1113; x_wconf 89' lang='lat' dir='ltr'><strong>apud</strong></span> <span class='ocrx_word' id='word_1_66' title='bbox 894 1058 1014 1099; x_wconf 88' lang='lat' dir='ltr'><strong>sese</strong></span> <span class='ocrx_word' id='word_1_67' title='bbox 1056 1043 1277 1112; x_wconf 81' lang='lat' dir='ltr'><strong>cogitet,</strong></span> <span class='ocrx_word' id='word_1_68' title='bbox 1301 1041 1442 1112; x_wconf 93' lang='lat' dir='ltr'><strong>quod</strong></span> <span class='ocrx_word' id='word_1_69' title='bbox 1472 1041 1611 1095; x_wconf 86' lang='lat' dir='ltr'><strong>sicut</strong></span> <span class='ocrx_word' id='word_1_70' title='bbox 1647 1039 1763 1109; x_wconf 87' lang='lat' dir='ltr'><strong>ipse</strong></span> <span class='ocrx_word' id='word_1_71' title='bbox 1798 1035 2001 1091; x_wconf 83' lang='lat' dir='ltr'><strong>Christi</strong></span> <span class='ocrx_word' id='word_1_72' title='bbox 2030 1042 2135 1098; x_wconf 87' lang='lat' dir='ltr'><strong>est,</strong></span> 
     </span>
    </p>
   </div>
   <div class='ocr_carea' id='block_1_11' title="bbox 562 1130 2139 1203">
    <p class='ocr_par' dir='ltr' id='par_1_11' title="bbox 562 1130 2139 1203">
     <span class='ocr_line' id='line_1_11' title="bbox 562 1130 2139 1203; baseline -0.005 -14"><span class='ocrx_word' id='word_1_73' title='bbox 562 1137 634 1189; x_wconf 86' lang='lat' dir='ltr'><strong>ita</strong></span> <span class='ocrx_word' id='word_1_74' title='bbox 676 1147 730 1190; x_wconf 90' lang='lat' dir='ltr'><strong>et</strong></span> <span class='ocrx_word' id='word_1_75' title='bbox 769 1150 896 1190; x_wconf 92' lang='lat' dir='ltr'><strong>nos.</strong></span> <span class='ocrx_word' id='word_1_76' title='bbox 931 1152 950 1185; x_wconf 75' lang='grc' dir='ltr'><strong>ι</strong></span> <span class='ocrx_word' id='word_1_77' title='bbox 1007 1133 1419 1203; x_wconf 85' lang='lat' dir='ltr'><strong>Pseudapostoli</strong></span> <span class='ocrx_word' id='word_1_78' title='bbox 1469 1132 1613 1187; x_wconf 89' lang='lat' dir='ltr'><strong>enim</strong></span> <span class='ocrx_word' id='word_1_79' title='bbox 1667 1130 2043 1201; x_wconf 77' lang='lat' dir='ltr'><strong>gloriabantur</strong></span> <span class='ocrx_word' id='word_1_80' title='bbox 2086 1134 2139 1181; x_wconf 90' lang='lat' dir='ltr'><strong>ct</strong></span> 
     </span>
    </p>
   </div>
   <div class='ocr_carea' id='block_1_12' title="bbox 560 1217 2134 1296">
    <p class='ocr_par' dir='ltr' id='par_1_12' title="bbox 560 1217 2134 1296">
     <span class='ocr_line' id='line_1_12' title="bbox 560 1217 2134 1296; baseline -0.007 -14"><span class='ocrx_word' id='word_1_81' title='bbox 560 1228 964 1296; x_wconf 87' lang='lat' dir='ltr'><strong>superbiebant,</strong></span> <span class='ocrx_word' id='word_1_82' title='bbox 990 1226 1134 1296; x_wconf 89' lang='lat' dir='ltr'><strong>quod</strong></span> <span class='ocrx_word' id='word_1_83' title='bbox 1182 1225 1386 1281; x_wconf 82' lang='lat' dir='ltr'><strong>Christi</strong></span> <span class='ocrx_word' id='word_1_84' title='bbox 1440 1233 1641 1287; x_wconf 91' lang='lat' dir='ltr'><strong>essent,</strong></span> <span class='ocrx_word' id='word_1_85' title='bbox 1697 1232 1752 1276; x_wconf 90' lang='lat' dir='ltr'><strong>et</strong></span> <span class='ocrx_word' id='word_1_86' title='bbox 1789 1220 1933 1290; x_wconf 91' lang='lat' dir='ltr'><strong>quod</strong></span> <span class='ocrx_word' id='word_1_87' title='bbox 1974 1217 2134 1272; x_wconf 81' lang='lat' dir='ltr'><strong>Chri-</strong></span> 
     </span>
    </p>
   </div>
   <div class='ocr_carea' id='block_1_13' title="bbox 559 1314 2138 1389">
    <p class='ocr_par' dir='ltr' id='par_1_13' title="bbox 559 1314 2138 1389">
     <span class='ocr_line' id='line_1_13' title="bbox 559 1314 2138 1389; baseline -0.006 -13"><span class='ocrx_word' id='word_1_88' title='bbox 559 1331 702 1376; x_wconf 86' lang='lat' dir='ltr'><strong>stum</strong></span> <span class='ocrx_word' id='word_1_89' title='bbox 741 1320 845 1389; x_wconf 87' lang='lat' dir='ltr'><strong>ipsi</strong></span> <span class='ocrx_word' id='word_1_90' title='bbox 880 1319 1114 1374; x_wconf 77' lang='lat' dir='ltr'><strong>viderint</strong></span> <span class='ocrx_word' id='word_1_91' title='bbox 1137 1317 1343 1373; x_wconf 78' lang='lat' dir='ltr'><strong>forsan.</strong></span> <span class='ocrx_word' id='word_1_92' title='bbox 1386 1336 1405 1368; x_wconf 78' lang='grc' dir='ltr'><strong>ι</strong></span> <span class='ocrx_word' id='word_1_93' title='bbox 1433 1316 1586 1384; x_wconf 84' lang='lat' dir='ltr'><strong>Apud</strong></span> <span class='ocrx_word' id='word_1_94' title='bbox 1619 1314 1855 1384; x_wconf 84' lang='lat' dir='ltr'><strong>seipsum</strong></span> <span class='ocrx_word' id='word_1_95' title='bbox 1888 1331 1906 1363; x_wconf 74' lang='grc' dir='ltr'><strong>ι</strong></span> <span class='ocrx_word' id='word_1_96' title='bbox 1957 1320 2138 1367; x_wconf 86' lang='lat' dir='ltr'><strong>autem</strong></span> 
     </span>
    </p>
   </div>
   <div class='ocr_carea' id='block_1_14' title="bbox 559 1403 2138 1480">
    <p class='ocr_par' dir='ltr' id='par_1_14' title="bbox 559 1403 2138 1480">
     <span class='ocr_line' id='line_1_14' title="bbox 559 1403 2138 1480; baseline -0.008 -13"><span class='ocrx_word' id='word_1_97' title='bbox 559 1412 716 1476; x_wconf 89' lang='lat' dir='ltr'><strong>dixit,</strong></span> <span class='ocrx_word' id='word_1_98' title='bbox 756 1426 873 1480; x_wconf 90' lang='lat' dir='ltr'><strong>pro,</strong></span> <span class='ocrx_word' id='word_1_99' title='bbox 911 1409 1029 1465; x_wconf 86' lang='lat' dir='ltr'><strong>Non</strong></span> <span class='ocrx_word' id='word_1_100' title='bbox 1063 1418 1340 1479; x_wconf 73' lang='lat' dir='ltr'><strong>exspectet</strong></span> <span class='ocrx_word' id='word_1_101' title='bbox 1379 1416 1618 1462; x_wconf 89' lang='lat' dir='ltr'><strong>nostram</strong></span> <span class='ocrx_word' id='word_1_102' title='bbox 1662 1407 1920 1459; x_wconf 87' lang='lat' dir='ltr'><strong>adversus</strong></span> <span class='ocrx_word' id='word_1_103' title='bbox 1962 1403 2138 1472; x_wconf 90' lang='lat' dir='ltr'><strong>ipsum</strong></span> 
     </span>
    </p>
   </div>
   <div class='ocr_carea' id='block_1_15' title="bbox 558 1492 2140 1574">
    <p class='ocr_par' dir='ltr' id='par_1_15' title="bbox 558 1492 2140 1574">
     <span class='ocr_line' id='line_1_15' title="bbox 558 1492 2140 1574; baseline -0.007 -16"><span class='ocrx_word' id='word_1_104' title='bbox 558 1503 1006 1574; x_wconf 73' lang='lat' dir='ltr'><strong>obiurgationem,</strong></span> <span class='ocrx_word' id='word_1_105' title='bbox 1059 1503 1152 1557; x_wconf 86' lang='lat' dir='ltr'><strong>sed</strong></span> <span class='ocrx_word' id='word_1_106' title='bbox 1189 1499 1452 1570; x_wconf 87' lang='lat' dir='ltr'><strong>intelligat</strong></span> <span class='ocrx_word' id='word_1_107' title='bbox 1495 1497 1636 1566; x_wconf 91' lang='lat' dir='ltr'><strong>quod</strong></span> <span class='ocrx_word' id='word_1_108' title='bbox 1688 1494 1987 1549; x_wconf 89' lang='lat' dir='ltr'><strong>secundum</strong></span> <span class='ocrx_word' id='word_1_109' title='bbox 2038 1492 2140 1549; x_wconf 88' lang='lat' dir='ltr'><strong>hoc</strong></span> 
     </span>
    </p>
   </div>
   <div class='ocr_carea' id='block_1_16' title="bbox 559 1586 2136 1663">
    <p class='ocr_par' dir='ltr' id='par_1_16' title="bbox 559 1586 2136 1663">
     <span class='ocr_line' id='line_1_16' title="bbox 559 1586 2136 1663; baseline -0.006 -13"><span class='ocrx_word' id='word_1_110' title='bbox 559 1595 733 1660; x_wconf 77' lang='lat' dir='ltr'><strong>ipsum</strong></span> <span class='ocrx_word' id='word_1_111' title='bbox 778 1596 921 1663; x_wconf 89' lang='lat' dir='ltr'><strong>quod</strong></span> <span class='ocrx_word' id='word_1_112' title='bbox 957 1595 1159 1650; x_wconf 82' lang='lat' dir='ltr'><strong>Christi</strong></span> <span class='ocrx_word' id='word_1_113' title='bbox 1204 1602 1309 1659; x_wconf 89' lang='lat' dir='ltr'><strong>est,</strong></span> <span class='ocrx_word' id='word_1_114' title='bbox 1363 1590 1495 1644; x_wconf 85' lang='lat' dir='ltr'><strong>nihil</strong></span> <span class='ocrx_word' id='word_1_115' title='bbox 1544 1588 1701 1643; x_wconf 87' lang='lat' dir='ltr'><strong>nobis</strong></span> <span class='ocrx_word' id='word_1_116' title='bbox 1739 1588 1810 1642; x_wconf 91' lang='lat' dir='ltr'><strong>sit</strong></span> <span class='ocrx_word' id='word_1_117' title='bbox 1866 1586 2136 1655; x_wconf 90' lang='lat' dir='ltr'><strong>superior.</strong></span> 
     </span>
    </p>
   </div>
   <div class='ocr_carea' id='block_1_17' title="bbox 556 1677 2138 1757">
    <p class='ocr_par' dir='ltr' id='par_1_17' title="bbox 556 1677 2138 1757">
     <span class='ocr_line' id='line_1_17' title="bbox 556 1677 2138 1757; baseline -0.006 -16"><span class='ocrx_word' id='word_1_118' title='bbox 556 1680 674 1742; x_wconf 84' lang='lat' dir='ltr'><strong>Non</strong></span> <span class='ocrx_word' id='word_1_119' title='bbox 723 1689 868 1744; x_wconf 89' lang='lat' dir='ltr'><strong>enim</strong></span> <span class='ocrx_word' id='word_1_120' title='bbox 940 1688 1029 1743; x_wconf 89' lang='lat' dir='ltr'><strong>ille</strong></span> <span class='ocrx_word' id='word_1_121' title='bbox 1092 1686 1308 1757; x_wconf 83' lang='lat' dir='ltr'><strong>quidem</strong></span> <span class='ocrx_word' id='word_1_122' title='bbox 1359 1682 1584 1746; x_wconf 89' lang='lat' dir='ltr'><strong>Christi,</strong></span> <span class='ocrx_word' id='word_1_123' title='bbox 1652 1694 1752 1749; x_wconf 83' lang='lat' dir='ltr'><strong>ego</strong></span> <span class='ocrx_word' id='word_1_124' title='bbox 1815 1693 1941 1733; x_wconf 90' lang='lat' dir='ltr'><strong>vero</strong></span> <span class='ocrx_word' id='word_1_125' title='bbox 2000 1677 2138 1731; x_wconf 88' lang='lat' dir='ltr'><strong>alte-</strong></span> 
     </span>
    </p>
   </div>
   <div class='ocr_carea' id='block_1_18' title="bbox 557 1770 2139 1850">
    <p class='ocr_par' dir='ltr' id='par_1_18' title="bbox 557 1770 2139 1850">
     <span class='ocr_line' id='line_1_18' title="bbox 557 1770 2139 1850; baseline -0.008 -15"><span class='ocrx_word' id='word_1_126' title='bbox 557 1780 674 1836; x_wconf 86' lang='lat' dir='ltr'><strong>rius</strong></span> <span class='ocrx_word' id='word_1_127' title='bbox 702 1774 997 1850; x_wconf 84' lang='lat' dir='ltr'><strong>cujuspiam</strong></span> <span class='ocrx_word' id='word_1_128' title='bbox 1029 1794 1170 1833; x_wconf 90' lang='lat' dir='ltr'><strong>sum.</strong></span> <span class='ocrx_word' id='word_1_129' title='bbox 1208 1775 1404 1831; x_wconf 81' lang='lat' dir='ltr'><strong>Verum</strong></span> <span class='ocrx_word' id='word_1_130' title='bbox 1436 1774 1541 1830; x_wconf 86' lang='lat' dir='ltr'><strong>hoc</strong></span> <span class='ocrx_word' id='word_1_131' title='bbox 1564 1788 1625 1828; x_wconf 89' lang='lat' dir='ltr'><strong>se</strong></span> <span class='ocrx_word' id='word_1_132' title='bbox 1655 1772 2020 1829; x_wconf 89' lang='lat' dir='ltr'><strong>submittendo</strong></span> <span class='ocrx_word' id='word_1_133' title='bbox 2057 1770 2139 1823; x_wconf 84' lang='lat' dir='ltr'><strong>di-</strong></span> 
     </span>
    </p>
   </div>
   <div class='ocr_carea' id='block_1_19' title="bbox 557 1863 2136 1939">
    <p class='ocr_par' dir='ltr' id='par_1_19' title="bbox 557 1863 2136 1939">
     <span class='ocr_line' id='line_1_19' title="bbox 557 1863 2136 1939; baseline -0.003 -15"><span class='ocrx_word' id='word_1_134' title='bbox 557 1871 656 1935; x_wconf 87' lang='lat' dir='ltr'><strong>xit,</strong></span> <span class='ocrx_word' id='word_1_135' title='bbox 691 1868 1129 1939; x_wconf 80' lang='lat' dir='ltr'><strong>quandoquidem</strong></span> <span class='ocrx_word' id='word_1_136' title='bbox 1162 1866 1419 1936; x_wconf 87' lang='lat' dir='ltr'><strong>deinceps</strong></span> <span class='ocrx_word' id='word_1_137' title='bbox 1471 1865 1527 1919; x_wconf 92' lang='lat' dir='ltr'><strong>iu</strong></span> <span class='ocrx_word' id='word_1_138' title='bbox 1560 1863 1911 1932; x_wconf 76' lang='lat' dir='ltr'><strong>sequentibus</strong></span> <span class='ocrx_word' id='word_1_139' title='bbox 1948 1869 2136 1919; x_wconf 85' lang='lat' dir='ltr'><strong>osten-</strong></span> 
     </span>
    </p>
   </div>
   <div class='ocr_carea' id='block_1_20' title="bbox 558 1959 1687 2030">
    <p class='ocr_par' dir='ltr' id='par_1_20' title="bbox 558 1959 1687 2030">
     <span class='ocr_line' id='line_1_20' title="bbox 558 1959 1687 2030; baseline -0.002 -13"><span class='ocrx_word' id='word_1_140' title='bbox 558 1962 637 2017; x_wconf 90' lang='lat' dir='ltr'><strong>dit</strong></span> <span class='ocrx_word' id='word_1_141' title='bbox 668 1971 934 2030; x_wconf 86' lang='lat' dir='ltr'><strong>quantum</strong></span> <span class='ocrx_word' id='word_1_142' title='bbox 970 1961 1085 2029; x_wconf 78' lang='lat' dir='ltr'><strong>ipse</strong></span> <span class='ocrx_word' id='word_1_143' title='bbox 1117 1959 1368 2015; x_wconf 72' lang='lat' dir='ltr'><strong>excellat.</strong></span> <span class='ocrx_word' id='word_1_144' title='bbox 1686 2012 1687 2015; x_wconf 44' lang='grc' dir='ltr'><strong>η</strong></span> 
     </span>
    </p>
   </div>
   <div class='ocr_carea' id='block_1_21' title="bbox 627 2044 2141 2119">
    <p class='ocr_par' dir='ltr' id='par_1_21' title="bbox 627 2044 2141 2119">
     <span class='ocr_line' id='line_1_21' title="bbox 627 2044 2141 2119; baseline -0.002 -17"><span class='ocrx_word' id='word_1_145' title='bbox 627 2046 790 2102; x_wconf 73' lang='lat' dir='ltr'><strong>Vens.</strong></span> <span class='ocrx_word' id='word_1_146' title='bbox 824 2047 882 2104; x_wconf 90' lang='lat'><strong>8.</strong></span> <span class='ocrx_word' id='word_1_147' title='bbox 922 2065 940 2098; x_wconf 77' lang='grc' dir='ltr'><strong>ι</strong></span> <span class='ocrx_word' id='word_1_148' title='bbox 978 2047 1111 2103; x_wconf 81' lang='lat' dir='ltr'><strong>Nam</strong></span> <span class='ocrx_word' id='word_1_149' title='bbox 1157 2048 1203 2101; x_wconf 92' lang='lat' dir='ltr'><strong>si</strong></span> <span class='ocrx_word' id='word_1_150' title='bbox 1244 2047 1476 2115; x_wconf 86' lang='lat' dir='ltr'><strong>amplius</strong></span> <span class='ocrx_word' id='word_1_151' title='bbox 1513 2045 2016 2119; x_wconf 78' lang='lat' dir='ltr'><strong>aliquidgloriatus</strong></span> <span class='ocrx_word' id='word_1_152' title='bbox 2056 2044 2141 2099; x_wconf 79' lang='lat' dir='ltr'><strong>fu-</strong></span> 
     </span>
    </p>
   </div>
   <div class='ocr_carea' id='block_1_22' title="bbox 556 2119 2142 2207">
    <p class='ocr_par' dir='ltr' id='par_1_22' title="bbox 556 2119 2142 2207">
     <span class='ocr_line' id='line_1_22' title="bbox 556 2119 2142 2207; baseline 0 -16"><span class='ocrx_word' id='word_1_153' title='bbox 556 2150 652 2192; x_wconf 88' lang='lat' dir='ltr'><strong>ero</strong></span> <span class='ocrx_word' id='word_1_154' title='bbox 674 2138 741 2192; x_wconf 91' lang='lat' dir='ltr'><strong>de</strong></span> <span class='ocrx_word' id='word_1_155' title='bbox 766 2144 1034 2207; x_wconf 88' lang='lat' dir='ltr'><strong>potestate</strong></span> <span class='ocrx_word' id='word_1_156' title='bbox 1060 2152 1223 2207; x_wconf 87' lang='lat' dir='ltr'><strong>quam</strong></span> <span class='ocrx_word' id='word_1_157' title='bbox 1262 2137 1409 2193; x_wconf 88' lang='lat' dir='ltr'><strong>dedit</strong></span> <span class='ocrx_word' id='word_1_158' title='bbox 1440 2137 1571 2193; x_wconf 91' lang='lat' dir='ltr'><strong>mihi</strong></span> <span class='ocrx_word' id='word_1_159' title='bbox 1606 2119 1864 2193; x_wconf 73' lang='lat' dir='ltr'><strong>Dominus</strong></span> <span class='ocrx_word' id='word_1_160' title='bbox 1908 2136 1977 2191; x_wconf 87' lang='lat' dir='ltr'><strong>ad</strong></span> <span class='ocrx_word' id='word_1_161' title='bbox 2013 2136 2142 2192; x_wconf 82' lang='lat' dir='ltr'><strong>aedi-</strong></span> 
     </span>
    </p>
   </div>
   <div class='ocr_carea' id='block_1_23' title="bbox 557 2229 2145 2298">
    <p class='ocr_par' dir='ltr' id='par_1_23' title="bbox 557 2229 2145 2298">
     <span class='ocr_line' id='line_1_23' title="bbox 557 2229 2145 2298; baseline 0.003 -16"><span class='ocrx_word' id='word_1_162' title='bbox 557 2230 885 2295; x_wconf 85' lang='lat' dir='ltr'><strong>ticationem,</strong></span> <span class='ocrx_word' id='word_1_163' title='bbox 930 2239 984 2286; x_wconf 92' lang='lat' dir='ltr'><strong>et</strong></span> <span class='ocrx_word' id='word_1_164' title='bbox 1035 2244 1141 2285; x_wconf 89' lang='lat' dir='ltr'><strong>non</strong></span> <span class='ocrx_word' id='word_1_165' title='bbox 1190 2231 1257 2285; x_wconf 90' lang='lat' dir='ltr'><strong>ad</strong></span> <span class='ocrx_word' id='word_1_166' title='bbox 1293 2229 1735 2298; x_wconf 88' lang='lat' dir='ltr'><strong>destructionem,</strong></span> <span class='ocrx_word' id='word_1_167' title='bbox 1783 2246 1891 2287; x_wconf 88' lang='lat' dir='ltr'><strong>non</strong></span> <span class='ocrx_word' id='word_1_168' title='bbox 1943 2231 2145 2287; x_wconf 61' lang='lat' dir='ltr'><strong>erubeo</strong></span> 
     </span>
    </p>
   </div>
   <div class='ocr_carea' id='block_1_24' title="bbox 557 2320 2140 2394">
    <p class='ocr_par' dir='ltr' id='par_1_24' title="bbox 557 2320 2140 2394">
     <span class='ocr_line' id='line_1_24' title="bbox 557 2320 2140 2394; baseline 0.001 -18"><span class='ocrx_word' id='word_1_169' title='bbox 557 2336 728 2376; x_wconf 89' lang='lat' dir='ltr'><strong>scam.</strong></span> <span class='ocrx_word' id='word_1_170' title='bbox 748 2340 769 2373; x_wconf 69' lang='grc' dir='ltr'><strong>ι</strong></span> <span class='ocrx_word' id='word_1_171' title='bbox 796 2320 910 2375; x_wconf 79' lang='lat' dir='ltr'><strong>Non</strong></span> <span class='ocrx_word' id='word_1_172' title='bbox 942 2321 1095 2387; x_wconf 84' lang='lat' dir='ltr'><strong>dixit,</strong></span> <span class='ocrx_word' id='word_1_173' title='bbox 1144 2321 1240 2377; x_wconf 87' lang='lat' dir='ltr'><strong>Est</strong></span> <span class='ocrx_word' id='word_1_174' title='bbox 1260 2323 1390 2377; x_wconf 92' lang='lat' dir='ltr'><strong>mihi</strong></span> <span class='ocrx_word' id='word_1_175' title='bbox 1428 2332 1666 2394; x_wconf 88' lang='lat' dir='ltr'><strong>potestas</strong></span> <span class='ocrx_word' id='word_1_176' title='bbox 1693 2322 1949 2394; x_wconf 88' lang='lat' dir='ltr'><strong>puniendi</strong></span> <span class='ocrx_word' id='word_1_177' title='bbox 1972 2332 2025 2378; x_wconf 91' lang='lat' dir='ltr'><strong>et</strong></span> <span class='ocrx_word' id='word_1_178' title='bbox 2048 2336 2140 2377; x_wconf 92' lang='lat' dir='ltr'><strong>oc-</strong></span> 
     </span>
    </p>
   </div>
   <div class='ocr_carea' id='block_1_25' title="bbox 554 2405 2135 2486">
    <p class='ocr_par' dir='ltr' id='par_1_25' title="bbox 554 2405 2135 2486">
     <span class='ocr_line' id='line_1_25' title="bbox 554 2405 2135 2486; baseline 0.002 -19"><span class='ocrx_word' id='word_1_179' title='bbox 554 2414 789 2477; x_wconf 88' lang='lat' dir='ltr'><strong>cidendi,</strong></span> <span class='ocrx_word' id='word_1_180' title='bbox 836 2429 955 2483; x_wconf 83' lang='lat' dir='ltr'><strong>quae</strong></span> <span class='ocrx_word' id='word_1_181' title='bbox 1001 2415 1105 2470; x_wconf 88' lang='lat' dir='ltr'><strong>illis</strong></span> <span class='ocrx_word' id='word_1_182' title='bbox 1153 2430 1258 2470; x_wconf 91' lang='lat' dir='ltr'><strong>non</strong></span> <span class='ocrx_word' id='word_1_183' title='bbox 1292 2426 1395 2483; x_wconf 83' lang='grc' dir='ltr'><strong>εει,</strong></span> <span class='ocrx_word' id='word_1_184' title='bbox 1461 2415 1554 2471; x_wconf 89' lang='lat' dir='ltr'><strong>sed</strong></span> <span class='ocrx_word' id='word_1_185' title='bbox 1588 2415 1745 2486; x_wconf 83' lang='lat' dir='ltr'><strong>longe</strong></span> <span class='ocrx_word' id='word_1_186' title='bbox 1781 2405 2135 2481; x_wconf 85' lang='lat' dir='ltr'><strong>submissius,</strong></span> 
     </span>
    </p>
   </div>
   <div class='ocr_carea' id='block_1_26' title="bbox 560 2505 2135 2577">
    <p class='ocr_par' dir='ltr' id='par_1_26' title="bbox 560 2505 2135 2577">
     <span class='ocr_line' id='line_1_26' title="bbox 560 2505 2135 2577; baseline 0.001 -18"><span class='ocrx_word' id='word_1_187' title='bbox 560 2526 579 2557; x_wconf 71' lang='grc' dir='ltr'><strong>ι</strong></span> <span class='ocrx_word' id='word_1_188' title='bbox 611 2507 843 2577; x_wconf 88' lang='lat' dir='ltr'><strong>amplius</strong></span> <span class='ocrx_word' id='word_1_189' title='bbox 889 2508 1167 2576; x_wconf 88' lang='lat' dir='ltr'><strong>quiddam.</strong></span> <span class='ocrx_word' id='word_1_190' title='bbox 1198 2527 1216 2560; x_wconf 77' lang='grc' dir='ltr'><strong>ι</strong></span> <span class='ocrx_word' id='word_1_191' title='bbox 1254 2506 1363 2564; x_wconf 84' lang='grc' dir='ltr'><strong>Νεε</strong></span> <span class='ocrx_word' id='word_1_192' title='bbox 1386 2507 1540 2576; x_wconf 88' lang='lat' dir='ltr'><strong>dixit,</strong></span> <span class='ocrx_word' id='word_1_193' title='bbox 1578 2505 1635 2563; x_wconf 91' lang='lat' dir='ltr'><strong>Si</strong></span> <span class='ocrx_word' id='word_1_194' title='bbox 1662 2508 1881 2576; x_wconf 80' lang='lat' dir='ltr'><strong>glorier,</strong></span> <span class='ocrx_word' id='word_1_195' title='bbox 1925 2522 2135 2572; x_wconf 85' lang='lat' dir='ltr'><strong>verum,</strong></span> 
     </span>
    </p>
   </div>
   <div class='ocr_carea' id='block_1_27' title="bbox 559 2597 2137 2671">
    <p class='ocr_par' dir='ltr' id='par_1_27' title="bbox 559 2597 2137 2671">
     <span class='ocr_line' id='line_1_27' title="bbox 559 2597 2137 2671; baseline 0.002 -21"><span class='ocrx_word' id='word_1_196' title='bbox 559 2622 577 2650; x_wconf 77' lang='grc' dir='ltr'><strong>ι</strong></span> <span class='ocrx_word' id='word_1_197' title='bbox 619 2600 673 2655; x_wconf 90' lang='lat' dir='ltr'><strong>Si</strong></span> <span class='ocrx_word' id='word_1_198' title='bbox 704 2601 961 2671; x_wconf 81' lang='lat' dir='ltr'><strong>gloriatus</strong></span> <span class='ocrx_word' id='word_1_199' title='bbox 1000 2600 1173 2665; x_wconf 87' lang='lat' dir='ltr'><strong>fuero,</strong></span> <span class='ocrx_word' id='word_1_200' title='bbox 1217 2618 1237 2652; x_wconf 70' lang='grc' dir='ltr'><strong>ι</strong></span> <span class='ocrx_word' id='word_1_201' title='bbox 1300 2600 1543 2668; x_wconf 64' lang='lat' dir='ltr'><strong>hoc,est,</strong></span> <span class='ocrx_word' id='word_1_202' title='bbox 1568 2599 1612 2655; x_wconf 90' lang='lat' dir='ltr'><strong>si</strong></span> <span class='ocrx_word' id='word_1_203' title='bbox 1658 2597 1875 2670; x_wconf 83' lang='lat' dir='ltr'><strong>gloriari</strong></span> <span class='ocrx_word' id='word_1_204' title='bbox 1919 2598 2137 2654; x_wconf 82' lang='lat' dir='ltr'><strong>voluero</strong></span> 
     </span>
    </p>
   </div>
   <div class='ocr_carea' id='block_1_28' title="bbox 554 2689 2135 2761">
    <p class='ocr_par' dir='ltr' id='par_1_28' title="bbox 554 2689 2135 2761">
     <span class='ocr_line' id='line_1_28' title="bbox 554 2689 2135 2761; baseline -0.001 -15"><span class='ocrx_word' id='word_1_205' title='bbox 554 2693 922 2761; x_wconf 84' lang='lat' dir='ltr'><strong>depotestate</strong></span> <span class='ocrx_word' id='word_1_206' title='bbox 958 2706 1121 2761; x_wconf 88' lang='lat' dir='ltr'><strong>quam</strong></span> <span class='ocrx_word' id='word_1_207' title='bbox 1157 2691 1302 2745; x_wconf 87' lang='lat' dir='ltr'><strong>dedit</strong></span> <span class='ocrx_word' id='word_1_208' title='bbox 1335 2693 1465 2746; x_wconf 91' lang='lat' dir='ltr'><strong>mihi</strong></span> <span class='ocrx_word' id='word_1_209' title='bbox 1493 2691 1774 2756; x_wconf 87' lang='lat' dir='ltr'><strong>Dominus,</strong></span> <span class='ocrx_word' id='word_1_210' title='bbox 1803 2704 1993 2745; x_wconf 89' lang='lat' dir='ltr'><strong>rursus</strong></span> <span class='ocrx_word' id='word_1_211' title='bbox 2033 2689 2135 2760; x_wconf 90' lang='lat' dir='ltr'><strong>ipsi</strong></span> 
     </span>
    </p>
   </div>
   <div class='ocr_carea' id='block_1_29' title="bbox 556 2782 2133 2852">
    <p class='ocr_par' dir='ltr' id='par_1_29' title="bbox 556 2782 2133 2852">
     <span class='ocr_line' id='line_1_29' title="bbox 556 2782 2133 2852; baseline 0.002 -16"><span class='ocrx_word' id='word_1_212' title='bbox 556 2793 723 2836; x_wconf 92' lang='lat' dir='ltr'><strong>totum</strong></span> <span class='ocrx_word' id='word_1_213' title='bbox 767 2783 1068 2839; x_wconf 86' lang='lat' dir='ltr'><strong>ascribens.</strong></span> <span class='ocrx_word' id='word_1_214' title='bbox 1137 2782 1336 2852; x_wconf 86' lang='lat' dir='ltr'><strong>Accepi</strong></span> <span class='ocrx_word' id='word_1_215' title='bbox 1376 2792 1556 2837; x_wconf 90' lang='lat' dir='ltr'><strong>autem</strong></span> <span class='ocrx_word' id='word_1_216' title='bbox 1608 2784 1748 2838; x_wconf 89' lang='lat' dir='ltr'><strong>hanc</strong></span> <span class='ocrx_word' id='word_1_217' title='bbox 1810 2792 2133 2851; x_wconf 88' lang='lat' dir='ltr'><strong>potestatem</strong></span> 
     </span>
    </p>
   </div>
   <div class='ocr_carea' id='block_1_30' title="bbox 555 2874 2134 2944">
    <p class='ocr_par' dir='ltr' id='par_1_30' title="bbox 555 2874 2134 2944">
     <span class='ocr_line' id='line_1_30' title="bbox 555 2874 2134 2944; baseline 0.001 -17"><span class='ocrx_word' id='word_1_218' title='bbox 555 2889 584 2927; x_wconf 89' lang='lat' dir='ltr'><strong>a</strong></span> <span class='ocrx_word' id='word_1_219' title='bbox 623 2874 751 2940; x_wconf 89' lang='lat' dir='ltr'><strong>Deo,</strong></span> <span class='ocrx_word' id='word_1_220' title='bbox 784 2886 843 2928; x_wconf 93' lang='lat' dir='ltr'><strong>ut</strong></span> <span class='ocrx_word' id='word_1_221' title='bbox 868 2874 933 2931; x_wconf 87' lang='lat' dir='ltr'><strong>ad</strong></span> <span class='ocrx_word' id='word_1_222' title='bbox 972 2874 1130 2930; x_wconf 85' lang='lat' dir='ltr'><strong>ﬁdem</strong></span> <span class='ocrx_word' id='word_1_223' title='bbox 1172 2875 1454 2940; x_wconf 63' lang='lat' dir='ltr'><strong>aediﬁcem,</strong></span> <span class='ocrx_word' id='word_1_224' title='bbox 1496 2874 1757 2930; x_wconf 87' lang='lat' dir='ltr'><strong>beneﬁcia</strong></span> <span class='ocrx_word' id='word_1_225' title='bbox 1791 2874 2134 2944; x_wconf 88' lang='lat' dir='ltr'><strong>impertiens,</strong></span> 
     </span>
    </p>
   </div>
   <div class='ocr_carea' id='block_1_31' title="bbox 573 2960 2134 3032">
    <p class='ocr_par' dir='ltr' id='par_1_31' title="bbox 573 2960 2134 3032">
     <span class='ocr_line' id='line_1_31' title="bbox 573 2960 2134 3032; baseline 0.001 -17"><span class='ocrx_word' id='word_1_226' title='bbox 573 2977 659 3018; x_wconf 77' lang='lat' dir='ltr'><strong>.on</strong></span> <span class='ocrx_word' id='word_1_227' title='bbox 692 2970 749 3017; x_wconf 91' lang='lat' dir='ltr'><strong>ut</strong></span> <span class='ocrx_word' id='word_1_228' title='bbox 785 2965 1023 3031; x_wconf 88' lang='lat' dir='ltr'><strong>puniam.</strong></span> <span class='ocrx_word' id='word_1_229' title='bbox 1060 2963 1238 3028; x_wconf 80' lang='lat' dir='ltr'><strong>Quare</strong></span> <span class='ocrx_word' id='word_1_230' title='bbox 1278 2962 1442 3032; x_wconf 77' lang='lat' dir='ltr'><strong>igitur</strong></span> <span class='ocrx_word' id='word_1_231' title='bbox 1472 2961 1678 3029; x_wconf 80' lang='lat' dir='ltr'><strong>dixisti,</strong></span> <span class='ocrx_word' id='word_1_232' title='bbox 1725 2979 1742 3012; x_wconf 81' lang='grc' dir='ltr'><strong>ι</strong></span> <span class='ocrx_word' id='word_1_233' title='bbox 1776 2960 2134 3030; x_wconf 68' lang='lat' dir='ltr'><strong>cogitationes</strong></span> 
     </span>
    </p>
   </div>
   <div class='ocr_carea' id='block_1_32' title="bbox 558 3053 2136 3123">
    <p class='ocr_par' dir='ltr' id='par_1_32' title="bbox 558 3053 2136 3123">
     <span class='ocr_line' id='line_1_32' title="bbox 558 3053 2136 3123; baseline 0 -16"><span class='ocrx_word' id='word_1_234' title='bbox 558 3057 895 3110; x_wconf 79' lang='lat' dir='ltr'><strong>destruettles</strong></span> <span class='ocrx_word' id='word_1_235' title='bbox 916 3055 937 3107; x_wconf 72' lang='grc'><strong><em>2</em></strong></span> <span class='ocrx_word' id='word_1_236' title='bbox 961 3072 979 3105; x_wconf 75' lang='grc' dir='ltr'><strong>ι</strong></span> <span class='ocrx_word' id='word_1_237' title='bbox 1009 3055 1272 3120; x_wconf 84' lang='lat' dir='ltr'><strong>Quoniam</strong></span> <span class='ocrx_word' id='word_1_238' title='bbox 1294 3054 1397 3109; x_wconf 86' lang='lat' dir='ltr'><strong>hoc</strong></span> <span class='ocrx_word' id='word_1_239' title='bbox 1434 3053 1607 3123; x_wconf 89' lang='lat' dir='ltr'><strong>ipsum</strong></span> <span class='ocrx_word' id='word_1_240' title='bbox 1634 3053 1864 3109; x_wconf 85' lang='lat' dir='ltr'><strong>maxime</strong></span> <span class='ocrx_word' id='word_1_241' title='bbox 1889 3062 1983 3109; x_wconf 76' lang='lat' dir='ltr'><strong>est‘</strong></span> <span class='ocrx_word' id='word_1_242' title='bbox 1998 3053 2136 3109; x_wconf 72' lang='lat' dir='ltr'><strong>tedi-</strong></span> 
     </span>
    </p>
   </div>
   <div class='ocr_carea' id='block_1_33' title="bbox 2244 575 3739 651">
    <p class='ocr_par' dir='ltr' id='par_1_33' title="bbox 2244 575 3739 651">
     <span class='ocr_line' id='line_1_33' title="bbox 2244 575 3739 651; baseline 0.003 -20"><span class='ocrx_word' id='word_1_243' title='bbox 2244 577 2573 641; x_wconf 79' lang='grc' dir='ltr'><strong>ἀπατῶντας</strong></span> <span class='ocrx_word' id='word_1_244' title='bbox 2624 577 2867 645; x_wconf 71' lang='grc' dir='ltr'><strong>ἐκφοϐεῖ,</strong></span> <span class='ocrx_word' id='word_1_245' title='bbox 2937 575 3075 629; x_wconf 67' lang='grc' dir='ltr'><strong>ἀλλὰ</strong></span> <span class='ocrx_word' id='word_1_246' title='bbox 3127 576 3219 629; x_wconf 76' lang='grc' dir='ltr'><strong>καὶ</strong></span> <span class='ocrx_word' id='word_1_247' title='bbox 3261 579 3369 640; x_wconf 84' lang='grc' dir='ltr'><strong>τοῖς</strong></span> <span class='ocrx_word' id='word_1_248' title='bbox 3426 581 3739 651; x_wconf 77' lang='grc' dir='ltr'><strong>ἀπατωμένοις</strong></span> 
     </span>
    </p>
   </div>
   <div class='ocr_carea' id='block_1_34' title="bbox 2237 668 3738 744">
    <p class='ocr_par' dir='ltr' id='par_1_34' title="bbox 2237 668 3738 744">
     <span class='ocr_line' id='line_1_34' title="bbox 2237 668 3738 744; baseline 0.003 -21"><span class='ocrx_word' id='word_1_249' title='bbox 2237 671 2485 743; x_wconf 74' lang='grc' dir='ltr'><strong>ἐπιτιμᾷ·</strong></span> <span class='ocrx_word' id='word_1_250' title='bbox 2516 670 2597 726; x_wconf 81' lang='grc' dir='ltr'><strong>διό</strong></span> <span class='ocrx_word' id='word_1_251' title='bbox 2628 687 2815 740; x_wconf 75' lang='grc' dir='ltr'><strong>φησιν’</strong></span> <span class='ocrx_word' id='word_1_252' title='bbox 2854 668 2988 724; x_wconf 69' lang='grc' dir='ltr'><strong>Ἀπὸ</strong></span> <span class='ocrx_word' id='word_1_253' title='bbox 3015 668 3121 721; x_wconf 84' lang='grc' dir='ltr'><strong>τῶν</strong></span> <span class='ocrx_word' id='word_1_254' title='bbox 3147 669 3471 739; x_wconf 70' lang='grc' dir='ltr'><strong>φαινομένων</strong></span> <span class='ocrx_word' id='word_1_255' title='bbox 3491 672 3668 744; x_wconf 77' lang='grc' dir='ltr'><strong>κρίνετε</strong></span> <span class='ocrx_word' id='word_1_256' title='bbox 3687 678 3738 744; x_wconf 82' lang='grc'><strong>⁵⁸,</strong></span> 
     </span>
    </p>
   </div>
   <div class='ocr_carea' id='block_1_35' title="bbox 2238 760 3737 837">
    <p class='ocr_par' dir='ltr' id='par_1_35' title="bbox 2238 760 3737 837">
     <span class='ocr_line' id='line_1_35' title="bbox 2238 760 3737 837; baseline -0.002 -21"><span class='ocrx_word' id='word_1_257' title='bbox 2238 761 2390 826; x_wconf 77' lang='grc' dir='ltr'><strong>εἴτις</strong></span> <span class='ocrx_word' id='word_1_258' title='bbox 2411 762 2768 833; x_wconf 83' lang='grc' dir='ltr'><strong>μεγαλαυχεῖ,</strong></span> <span class='ocrx_word' id='word_1_259' title='bbox 2795 762 2848 815; x_wconf 72' lang='lat' dir='ltr'><strong>si</strong></span> <span class='ocrx_word' id='word_1_260' title='bbox 2868 779 2943 825; x_wconf 86' lang='grc' dir='ltr'><strong>τις</strong></span> <span class='ocrx_word' id='word_1_261' title='bbox 2973 760 3212 825; x_wconf 80' lang='grc' dir='ltr'><strong>πλουτεῖ,</strong></span> <span class='ocrx_word' id='word_1_262' title='bbox 3240 760 3381 824; x_wconf 76' lang='grc' dir='ltr'><strong>εἴτις</strong></span> <span class='ocrx_word' id='word_1_263' title='bbox 3410 762 3590 835; x_wconf 78' lang='grc' dir='ltr'><strong>ἀρετῆς</strong></span> <span class='ocrx_word' id='word_1_264' title='bbox 3607 782 3737 837; x_wconf 72' lang='grc' dir='ltr'><strong>προσ.</strong></span> 
     </span>
    </p>
   </div>
   <div class='ocr_carea' id='block_1_36' title="bbox 2244 852 2808 923">
    <p class='ocr_par' dir='ltr' id='par_1_36' title="bbox 2244 852 2808 923">
     <span class='ocr_line' id='line_1_36' title="bbox 2244 852 2808 923; baseline -0.002 -16"><span class='ocrx_word' id='word_1_265' title='bbox 2244 855 2444 907; x_wconf 88' lang='grc' dir='ltr'><strong>ωπείον</strong></span> <span class='ocrx_word' id='word_1_266' title='bbox 2479 852 2808 923; x_wconf 84' lang='grc' dir='ltr'><strong>περίκειται.</strong></span> 
     </span>
    </p>
   </div>
   <div class='ocr_carea' id='block_1_37' title="bbox 2294 938 3735 1014">
    <p class='ocr_par' dir='ltr' id='par_1_37' title="bbox 2294 938 3735 1014">
     <span class='ocr_line' id='line_1_37' title="bbox 2294 938 3735 1014; baseline 0.003 -20"><span class='ocrx_word' id='word_1_267' title='bbox 2294 963 2325 997; x_wconf 79' lang='grc'><strong>.‹</strong></span> <span class='ocrx_word' id='word_1_268' title='bbox 2365 944 2512 1008; x_wconf 86' lang='grc' dir='ltr'><strong>Εῖτις</strong></span> <span class='ocrx_word' id='word_1_269' title='bbox 2546 943 2807 996; x_wconf 78' lang='grc' dir='ltr'><strong>πέποιθεν</strong></span> <span class='ocrx_word' id='word_1_270' title='bbox 2828 941 3019 1013; x_wconf 73' lang='grc' dir='ltr'><strong>ἐαυτῷ</strong></span> <span class='ocrx_word' id='word_1_271' title='bbox 3065 942 3299 1014; x_wconf 75' lang='grc' dir='ltr'><strong>Χριστοῦ</strong></span> <span class='ocrx_word' id='word_1_272' title='bbox 3327 938 3477 1011; x_wconf 76' lang='grc' dir='ltr'><strong>εἶναι,</strong></span> <span class='ocrx_word' id='word_1_273' title='bbox 3506 947 3635 1003; x_wconf 71' lang='grc' dir='ltr'><strong>τοῦτο</strong></span> <span class='ocrx_word' id='word_1_274' title='bbox 3670 953 3735 1008; x_wconf 67' lang='lat' dir='ltr'><strong>lo.</strong></span> 
     </span>
    </p>
   </div>
   <div class='ocr_carea' id='block_1_38' title="bbox 2239 1034 3735 1110">
    <p class='ocr_par' dir='ltr' id='par_1_38' title="bbox 2239 1034 3735 1110">
     <span class='ocr_line' id='line_1_38' title="bbox 2239 1034 3735 1110; baseline 0.004 -21"><span class='ocrx_word' id='word_1_275' title='bbox 2239 1037 2478 1106; x_wconf 72' lang='grc' dir='ltr'><strong>γιζέσθω</strong></span> <span class='ocrx_word' id='word_1_276' title='bbox 2500 1036 2663 1090; x_wconf 80' lang='grc' dir='ltr'><strong>πάλιν</strong></span> <span class='ocrx_word' id='word_1_277' title='bbox 2688 1035 2781 1104; x_wconf 73' lang='grc' dir='ltr'><strong>ἀφ’</strong></span> <span class='ocrx_word' id='word_1_278' title='bbox 2812 1034 3030 1100; x_wconf 77' lang='grc' dir='ltr'><strong>ἑαυτοῦ,</strong></span> <span class='ocrx_word' id='word_1_279' title='bbox 3056 1036 3137 1090; x_wconf 86' lang='grc' dir='ltr'><strong>ὅτι</strong></span> <span class='ocrx_word' id='word_1_280' title='bbox 3164 1034 3343 1097; x_wconf 78' lang='grc' dir='ltr'><strong>καθὼς</strong></span> <span class='ocrx_word' id='word_1_281' title='bbox 3367 1037 3516 1101; x_wconf 69' lang='grc' dir='ltr'><strong>αὐτὸς</strong></span> <span class='ocrx_word' id='word_1_282' title='bbox 3537 1041 3735 1110; x_wconf 75' lang='grc' dir='ltr'><strong>Χριστοῦ,</strong></span> 
     </span>
    </p>
   </div>
   <div class='ocr_carea' id='block_1_39' title="bbox 2240 1126 3736 1201">
    <p class='ocr_par' dir='ltr' id='par_1_39' title="bbox 2240 1126 3736 1201">
     <span class='ocr_line' id='line_1_39' title="bbox 2240 1126 3736 1201; baseline -0.002 -19"><span class='ocrx_word' id='word_1_283' title='bbox 2240 1127 2385 1182; x_wconf 73' lang='grc' dir='ltr'><strong>οὕτω</strong></span> <span class='ocrx_word' id='word_1_284' title='bbox 2425 1127 2517 1183; x_wconf 73' lang='grc' dir='ltr'><strong>καὶ</strong></span> <span class='ocrx_word' id='word_1_285' title='bbox 2544 1130 2730 1199; x_wconf 76' lang='grc' dir='ltr'><strong>ἡμεῖς.</strong></span> <span class='ocrx_word' id='word_1_286' title='bbox 2770 1145 2799 1197; x_wconf 15' lang='grc' dir='ltr'><strong>ιν</strong></span> <span class='ocrx_word' id='word_1_287' title='bbox 2829 1129 2893 1181; x_wconf 81' lang='grc' dir='ltr'><strong>Οἱ</strong></span> <span class='ocrx_word' id='word_1_288' title='bbox 2927 1126 3037 1198; x_wconf 83' lang='grc' dir='ltr'><strong>γὰρ</strong></span> <span class='ocrx_word' id='word_1_289' title='bbox 3063 1126 3472 1197; x_wconf 74' lang='grc' dir='ltr'><strong>ψευδαπόστολοι</strong></span> <span class='ocrx_word' id='word_1_290' title='bbox 3498 1132 3736 1201; x_wconf 65' lang='grc' dir='ltr'><strong>ἐμεγαλιύ.</strong></span> 
     </span>
    </p>
   </div>
   <div class='ocr_carea' id='block_1_40' title="bbox 2242 1218 3733 1291">
    <p class='ocr_par' dir='ltr' id='par_1_40' title="bbox 2242 1218 3733 1291">
     <span class='ocr_line' id='line_1_40' title="bbox 2242 1218 3733 1291; baseline 0.005 -17"><span class='ocrx_word' id='word_1_291' title='bbox 2242 1237 2370 1291; x_wconf 87' lang='grc' dir='ltr'><strong>χουν</strong></span> <span class='ocrx_word' id='word_1_292' title='bbox 2402 1220 2477 1284; x_wconf 83' lang='grc' dir='ltr'><strong>ὡς</strong></span> <span class='ocrx_word' id='word_1_293' title='bbox 2507 1218 2741 1289; x_wconf 79' lang='grc' dir='ltr'><strong>Χριστοῦ</strong></span> <span class='ocrx_word' id='word_1_294' title='bbox 2788 1218 2964 1286; x_wconf 73' lang='grc' dir='ltr'><strong>ὄντες,</strong></span> <span class='ocrx_word' id='word_1_295' title='bbox 2995 1220 3090 1273; x_wconf 78' lang='grc' dir='ltr'><strong>καὶ</strong></span> <span class='ocrx_word' id='word_1_296' title='bbox 3137 1219 3277 1290; x_wconf 83' lang='grc' dir='ltr'><strong>τάχα</strong></span> <span class='ocrx_word' id='word_1_297' title='bbox 3302 1221 3566 1277; x_wconf 76' lang='grc' dir='ltr'><strong>αὐτόπται.</strong></span> <span class='ocrx_word' id='word_1_298' title='bbox 3596 1225 3653 1277; x_wconf 72' lang='lat' dir='ltr'><strong>Ti.</strong></span> <span class='ocrx_word' id='word_1_299' title='bbox 3679 1228 3733 1290; x_wconf 75' lang='grc' dir='ltr'><strong>δὲ,</strong></span> 
     </span>
    </p>
   </div>
   <div class='ocr_carea' id='block_1_41' title="bbox 2248 1307 3735 1390">
    <p class='ocr_par' dir='ltr' id='par_1_41' title="bbox 2248 1307 3735 1390">
     <span class='ocr_line' id='line_1_41' title="bbox 2248 1307 3735 1390; baseline 0.003 -24"><span class='ocrx_word' id='word_1_300' title='bbox 2248 1333 2267 1369; x_wconf 80' lang='grc' dir='ltr'><strong>ι</strong></span> <span class='ocrx_word' id='word_1_301' title='bbox 2292 1312 2415 1382; x_wconf 76' lang='grc' dir='ltr'><strong>Ἀφ’</strong></span> <span class='ocrx_word' id='word_1_302' title='bbox 2438 1307 2890 1380; x_wconf 60' lang='grc' dir='ltr'><strong>ἐαυτοῦμεῐπεν,</strong></span> <span class='ocrx_word' id='word_1_303' title='bbox 2920 1313 3041 1366; x_wconf 72' lang='grc' dir='ltr'><strong>ἀντὶ</strong></span> <span class='ocrx_word' id='word_1_304' title='bbox 3060 1311 3178 1378; x_wconf 83' lang='grc' dir='ltr'><strong>τοῦ,</strong></span> <span class='ocrx_word' id='word_1_305' title='bbox 3203 1312 3293 1383; x_wconf 79' lang='grc' dir='ltr'><strong>Μὴ</strong></span> <span class='ocrx_word' id='word_1_306' title='bbox 3326 1315 3650 1384; x_wconf 72' lang='grc' dir='ltr'><strong>ἁναμενέτωη</strong></span> <span class='ocrx_word' id='word_1_307' title='bbox 3668 1321 3735 1390; x_wconf 65' lang='grc' dir='ltr'><strong>τὴν</strong></span> 
     </span>
    </p>
   </div>
   <div class='ocr_carea' id='block_1_42' title="bbox 2241 1402 3734 1475">
    <p class='ocr_par' dir='ltr' id='par_1_42' title="bbox 2241 1402 3734 1475">
     <span class='ocr_line' id='line_1_42' title="bbox 2241 1402 3734 1475; baseline 0.005 -21"><span class='ocrx_word' id='word_1_308' title='bbox 2241 1403 2514 1475; x_wconf 76' lang='grc' dir='ltr'><strong>ἡμετέραν</strong></span> <span class='ocrx_word' id='word_1_309' title='bbox 2544 1404 2667 1456; x_wconf 83' lang='grc' dir='ltr'><strong>κατ’</strong></span> <span class='ocrx_word' id='word_1_310' title='bbox 2702 1402 2869 1455; x_wconf 85' lang='grc' dir='ltr'><strong>αὑτοῦ</strong></span> <span class='ocrx_word' id='word_1_311' title='bbox 2912 1402 3256 1474; x_wconf 78' lang='grc' dir='ltr'><strong>ἐπιτίμησιν,</strong></span> <span class='ocrx_word' id='word_1_312' title='bbox 3286 1402 3395 1459; x_wconf 70' lang='grc' dir='ltr'><strong>ἀλλ’</strong></span> <span class='ocrx_word' id='word_1_313' title='bbox 3427 1406 3656 1473; x_wconf 77' lang='grc' dir='ltr'><strong>ἐννοείτω,</strong></span> <span class='ocrx_word' id='word_1_314' title='bbox 3681 1410 3734 1465; x_wconf 74' lang='grc' dir='ltr'><strong>ὅτι</strong></span> 
     </span>
    </p>
   </div>
   <div class='ocr_carea' id='block_1_43' title="bbox 2242 1488 3735 1567">
    <p class='ocr_par' dir='ltr' id='par_1_43' title="bbox 2242 1488 3735 1567">
     <span class='ocr_line' id='line_1_43' title="bbox 2242 1488 3735 1567; baseline 0.003 -20"><span class='ocrx_word' id='word_1_315' title='bbox 2242 1494 2363 1547; x_wconf 80' lang='grc' dir='ltr'><strong>κατ’</strong></span> <span class='ocrx_word' id='word_1_316' title='bbox 2391 1493 2524 1545; x_wconf 82' lang='grc' dir='ltr'><strong>αὐτὸ</strong></span> <span class='ocrx_word' id='word_1_317' title='bbox 2551 1492 2712 1546; x_wconf 86' lang='grc' dir='ltr'><strong>τοῦτο</strong></span> <span class='ocrx_word' id='word_1_318' title='bbox 2740 1494 2800 1547; x_wconf 83' lang='grc' dir='ltr'><strong>τὸ</strong></span> <span class='ocrx_word' id='word_1_319' title='bbox 2825 1488 2967 1548; x_wconf 79' lang='grc' dir='ltr'><strong>εἶναι</strong></span> <span class='ocrx_word' id='word_1_320' title='bbox 3014 1492 3277 1562; x_wconf 79' lang='grc' dir='ltr'><strong>Χριστοῦ,</strong></span> <span class='ocrx_word' id='word_1_321' title='bbox 3312 1494 3455 1546; x_wconf 71' lang='grc' dir='ltr'><strong>οὐδὲν</strong></span> <span class='ocrx_word' id='word_1_322' title='bbox 3490 1494 3625 1548; x_wconf 79' lang='grc' dir='ltr'><strong>πλέον</strong></span> <span class='ocrx_word' id='word_1_323' title='bbox 3658 1497 3735 1567; x_wconf 75' lang='grc' dir='ltr'><strong>ἔχει</strong></span> 
     </span>
    </p>
   </div>
   <div class='ocr_carea' id='block_1_44' title="bbox 2240 1585 3734 1660">
    <p class='ocr_par' dir='ltr' id='par_1_44' title="bbox 2240 1585 3734 1660">
     <span class='ocr_line' id='line_1_44' title="bbox 2240 1585 3734 1660; baseline 0.003 -22"><span class='ocrx_word' id='word_1_324' title='bbox 2240 1585 2422 1660; x_wconf 79' lang='grc' dir='ltr'><strong>ήμῶν.</strong></span> <span class='ocrx_word' id='word_1_325' title='bbox 2463 1586 2537 1639; x_wconf 75' lang='grc' dir='ltr'><strong>Οὐ</strong></span> <span class='ocrx_word' id='word_1_326' title='bbox 2579 1586 2686 1657; x_wconf 77' lang='grc' dir='ltr'><strong>γὰρ</strong></span> <span class='ocrx_word' id='word_1_327' title='bbox 2729 1586 2938 1650; x_wconf 79' lang='grc' dir='ltr'><strong>ἐκεῖνος</strong></span> <span class='ocrx_word' id='word_1_328' title='bbox 2981 1586 3082 1656; x_wconf 75' lang='grc' dir='ltr'><strong>μὲν</strong></span> <span class='ocrx_word' id='word_1_329' title='bbox 3130 1585 3387 1657; x_wconf 82' lang='grc' dir='ltr'><strong>Χριστοῦ,</strong></span> <span class='ocrx_word' id='word_1_330' title='bbox 3417 1586 3517 1655; x_wconf 86' lang='grc' dir='ltr'><strong>ἐγὼ</strong></span> <span class='ocrx_word' id='word_1_331' title='bbox 3548 1588 3595 1641; x_wconf 80' lang='grc' dir='ltr'><strong>δὲ</strong></span> <span class='ocrx_word' id='word_1_332' title='bbox 3619 1589 3734 1643; x_wconf 70' lang='grc' dir='ltr'><strong>ἄλλον</strong></span> 
     </span>
    </p>
   </div>
   <div class='ocr_carea' id='block_1_45' title="bbox 2241 1675 3733 1747">
    <p class='ocr_par' dir='ltr' id='par_1_45' title="bbox 2241 1675 3733 1747">
     <span class='ocr_line' id='line_1_45' title="bbox 2241 1675 3733 1747; baseline 0.004 -18"><span class='ocrx_word' id='word_1_333' title='bbox 2241 1676 2408 1738; x_wconf 85' lang='grc' dir='ltr'><strong>τινός.</strong></span> <span class='ocrx_word' id='word_1_334' title='bbox 2454 1676 2616 1730; x_wconf 77' lang='grc' dir='ltr'><strong>Ἀλλὰ</strong></span> <span class='ocrx_word' id='word_1_335' title='bbox 2642 1675 2803 1731; x_wconf 90' lang='grc' dir='ltr'><strong>τοῦτο</strong></span> <span class='ocrx_word' id='word_1_336' title='bbox 2841 1677 2939 1747; x_wconf 72' lang='grc' dir='ltr'><strong>μὲν</strong></span> <span class='ocrx_word' id='word_1_337' title='bbox 2970 1676 3451 1746; x_wconf 80' lang='grc' dir='ltr'><strong>συγκαταϐατικῶς</strong></span> <span class='ocrx_word' id='word_1_338' title='bbox 3474 1676 3619 1746; x_wconf 77' lang='grc' dir='ltr'><strong>εἶπεν,</strong></span> <span class='ocrx_word' id='word_1_339' title='bbox 3649 1682 3733 1735; x_wconf 71' lang='grc' dir='ltr'><strong>ἐπεὶ</strong></span> 
     </span>
    </p>
   </div>
   <div class='ocr_carea' id='block_1_46' title="bbox 2244 1766 3427 1843">
    <p class='ocr_par' dir='ltr' id='par_1_46' title="bbox 2244 1766 3427 1843">
     <span class='ocr_line' id='line_1_46' title="bbox 2244 1766 3427 1843; baseline 0.002 -22"><span class='ocrx_word' id='word_1_340' title='bbox 2244 1766 2451 1843; x_wconf 86' lang='grc' dir='ltr'><strong>προῖὼν</strong></span> <span class='ocrx_word' id='word_1_341' title='bbox 2489 1768 2734 1825; x_wconf 85' lang='grc' dir='ltr'><strong>δείκνυσι</strong></span> <span class='ocrx_word' id='word_1_342' title='bbox 2761 1768 2926 1824; x_wconf 86' lang='grc' dir='ltr'><strong>πόσον</strong></span> <span class='ocrx_word' id='word_1_343' title='bbox 2964 1768 3127 1834; x_wconf 74' lang='grc' dir='ltr'><strong>αὐτὸς</strong></span> <span class='ocrx_word' id='word_1_344' title='bbox 3157 1768 3427 1841; x_wconf 79' lang='grc' dir='ltr'><strong>ὑπερέχει.</strong></span> 
     </span>
    </p>
   </div>
   <div class='ocr_carea' id='block_1_47' title="bbox 2310 2038 3734 2121">
    <p class='ocr_par' dir='ltr' id='par_1_47' title="bbox 2310 2038 3734 2121">
     <span class='ocr_line' id='line_1_47' title="bbox 2310 2038 3734 2121; baseline 0.002 -26"><span class='ocrx_word' id='word_1_345' title='bbox 2310 2062 2340 2096; x_wconf 80' lang='grc' dir='ltr'><strong>-ι</strong></span> <span class='ocrx_word' id='word_1_346' title='bbox 2363 2041 2489 2096; x_wconf 70' lang='grc' dir='ltr'><strong>Ἐὰν</strong></span> <span class='ocrx_word' id='word_1_347' title='bbox 2511 2038 2619 2121; x_wconf 61' lang='grc' dir='ltr'><strong>γξιρ</strong></span> <span class='ocrx_word' id='word_1_348' title='bbox 2646 2040 2739 2094; x_wconf 74' lang='grc' dir='ltr'><strong>καὶ</strong></span> <span class='ocrx_word' id='word_1_349' title='bbox 2762 2041 3021 2117; x_wconf 82' lang='grc' dir='ltr'><strong>περισσόν</strong></span> <span class='ocrx_word' id='word_1_350' title='bbox 3043 2059 3093 2095; x_wconf 85' lang='grc' dir='ltr'><strong>τι</strong></span> <span class='ocrx_word' id='word_1_351' title='bbox 3120 2042 3457 2113; x_wconf 69' lang='grc' dir='ltr'><strong>καυχήσομαι</strong></span> <span class='ocrx_word' id='word_1_352' title='bbox 3484 2041 3620 2114; x_wconf 70' lang='grc' dir='ltr'><strong>[ναις.</strong></span> <span class='ocrx_word' id='word_1_353' title='bbox 3640 2060 3734 2098; x_wconf 63' lang='grc' dir='ltr'><strong>κου’</strong></span> 
     </span>
    </p>
   </div>
   <div class='ocr_carea' id='block_1_48' title="bbox 2241 2126 3731 2206">
    <p class='ocr_par' dir='ltr' id='par_1_48' title="bbox 2241 2126 3731 2206">
     <span class='ocr_line' id='line_1_48' title="bbox 2241 2126 3731 2206; baseline -0.001 -17"><span class='ocrx_word' id='word_1_354' title='bbox 2241 2130 2488 2206; x_wconf 80' lang='grc' dir='ltr'><strong>χὴσωμ.]</strong></span> <span class='ocrx_word' id='word_1_355' title='bbox 2534 2134 2661 2203; x_wconf 68' lang='grc' dir='ltr'><strong>περὶ</strong></span> <span class='ocrx_word' id='word_1_356' title='bbox 2681 2132 2779 2203; x_wconf 77' lang='grc' dir='ltr'><strong>τῆς</strong></span> <span class='ocrx_word' id='word_1_357' title='bbox 2813 2130 3066 2198; x_wconf 75' lang='grc' dir='ltr'><strong>ἐξουσίας</strong></span> <span class='ocrx_word' id='word_1_358' title='bbox 3089 2126 3158 2205; x_wconf 81' lang='grc' dir='ltr'><strong>ἧς</strong></span> <span class='ocrx_word' id='word_1_359' title='bbox 3186 2134 3351 2187; x_wconf 81' lang='grc' dir='ltr'><strong>ἐδωκέ</strong></span> <span class='ocrx_word' id='word_1_360' title='bbox 3372 2135 3731 2203; x_wconf 55' lang='grc' dir='ltr'><strong>μοιὸΚύριοςεζ</strong></span> 
     </span>
    </p>
   </div>
   <div class='ocr_carea' id='block_1_49' title="bbox 2239 2225 3733 2297">
    <p class='ocr_par' dir='ltr' id='par_1_49' title="bbox 2239 2225 3733 2297">
     <span class='ocr_line' id='line_1_49' title="bbox 2239 2225 3733 2297; baseline -0.001 -17"><span class='ocrx_word' id='word_1_361' title='bbox 2239 2226 2551 2295; x_wconf 80' lang='grc' dir='ltr'><strong>οἰκοδομὴν,</strong></span> <span class='ocrx_word' id='word_1_362' title='bbox 2581 2227 2673 2278; x_wconf 78' lang='grc' dir='ltr'><strong>καὶ</strong></span> <span class='ocrx_word' id='word_1_363' title='bbox 2701 2226 2800 2279; x_wconf 81' lang='grc' dir='ltr'><strong>οὐκ</strong></span> <span class='ocrx_word' id='word_1_364' title='bbox 2835 2226 2914 2288; x_wconf 86' lang='grc' dir='ltr'><strong>είς</strong></span> <span class='ocrx_word' id='word_1_365' title='bbox 2949 2225 3293 2296; x_wconf 80' lang='grc' dir='ltr'><strong>καθαίρεσιν,</strong></span> <span class='ocrx_word' id='word_1_366' title='bbox 3325 2226 3421 2279; x_wconf 77' lang='grc' dir='ltr'><strong>οὐκ</strong></span> <span class='ocrx_word' id='word_1_367' title='bbox 3451 2226 3733 2297; x_wconf 71' lang='grc' dir='ltr'><strong>αἱσχυνθήτοο</strong></span> 
     </span>
    </p>
   </div>
   <div class='ocr_carea' id='block_1_50' title="bbox 2245 2312 3731 2388">
    <p class='ocr_par' dir='ltr' id='par_1_50' title="bbox 2245 2312 3731 2388">
     <span class='ocr_line' id='line_1_50' title="bbox 2245 2312 3731 2388; baseline -0.001 -17"><span class='ocrx_word' id='word_1_368' title='bbox 2245 2336 2365 2388; x_wconf 88' lang='grc' dir='ltr'><strong>μαι.</strong></span> <span class='ocrx_word' id='word_1_369' title='bbox 2402 2336 2421 2370; x_wconf 75' lang='grc' dir='ltr'><strong>ι</strong></span> <span class='ocrx_word' id='word_1_370' title='bbox 2471 2319 2586 2371; x_wconf 78' lang='grc' dir='ltr'><strong>Οὐκ</strong></span> <span class='ocrx_word' id='word_1_371' title='bbox 2630 2312 2776 2383; x_wconf 75' lang='grc' dir='ltr'><strong>εἷπε,</strong></span> <span class='ocrx_word' id='word_1_372' title='bbox 2824 2316 3091 2381; x_wconf 75' lang='grc' dir='ltr'><strong>Κολάζειν</strong></span> <span class='ocrx_word' id='word_1_373' title='bbox 3135 2317 3247 2388; x_wconf 82' lang='grc' dir='ltr'><strong>ἔχω</strong></span> <span class='ocrx_word' id='word_1_374' title='bbox 3279 2318 3511 2384; x_wconf 79' lang='grc' dir='ltr'><strong>ἐξουσίαν</strong></span> <span class='ocrx_word' id='word_1_375' title='bbox 3539 2318 3616 2371; x_wconf 77' lang='grc' dir='ltr'><strong>καὶ</strong></span> <span class='ocrx_word' id='word_1_376' title='bbox 3635 2319 3731 2372; x_wconf 77' lang='grc' dir='ltr'><strong>ἁπο-</strong></span> 
     </span>
    </p>
   </div>
   <div class='ocr_carea' id='block_1_51' title="bbox 2238 2410 3727 2483">
    <p class='ocr_par' dir='ltr' id='par_1_51' title="bbox 2238 2410 3727 2483">
     <span class='ocr_line' id='line_1_51' title="bbox 2238 2410 3727 2483; baseline 0.003 -20"><span class='ocrx_word' id='word_1_377' title='bbox 2238 2411 2481 2465; x_wconf 84' lang='grc' dir='ltr'><strong>τιννύναι</strong></span> <span class='ocrx_word' id='word_1_378' title='bbox 2503 2410 2635 2481; x_wconf 85' lang='grc' dir='ltr'><strong>ἐγὼ,</strong></span> <span class='ocrx_word' id='word_1_379' title='bbox 2657 2412 2854 2466; x_wconf 88' lang='grc' dir='ltr'><strong>ἐκεῖνοι</strong></span> <span class='ocrx_word' id='word_1_380' title='bbox 2884 2412 2939 2466; x_wconf 82' lang='grc' dir='ltr'><strong>δέ</strong></span> <span class='ocrx_word' id='word_1_381' title='bbox 2964 2413 3065 2466; x_wconf 84' lang='grc' dir='ltr'><strong>οὐκ</strong></span> <span class='ocrx_word' id='word_1_382' title='bbox 3099 2412 3319 2483; x_wconf 76' lang='grc' dir='ltr'><strong>ἔχουσιν</strong></span> <span class='ocrx_word' id='word_1_383' title='bbox 3341 2428 3356 2443; x_wconf 74' lang='grc' dir='ltr'><strong>ο</strong></span> <span class='ocrx_word' id='word_1_384' title='bbox 3389 2411 3495 2469; x_wconf 82' lang='grc' dir='ltr'><strong>ἀλλ’</strong></span> <span class='ocrx_word' id='word_1_385' title='bbox 3526 2411 3727 2467; x_wconf 63' lang='lat' dir='ltr'><strong>(amstel-</strong></span> 
     </span>
    </p>
   </div>
   <div class='ocr_carea' id='block_1_52' title="bbox 2242 2506 3730 2579">
    <p class='ocr_par' dir='ltr' id='par_1_52' title="bbox 2242 2506 3730 2579">
     <span class='ocr_line' id='line_1_52' title="bbox 2242 2506 3730 2579; baseline -0.001 -19"><span class='ocrx_word' id='word_1_386' title='bbox 2242 2509 2439 2577; x_wconf 85' lang='grc' dir='ltr'><strong>μένως,</strong></span> <span class='ocrx_word' id='word_1_387' title='bbox 2478 2508 2777 2579; x_wconf 78' lang='grc' dir='ltr'><strong>ιΠερισσόν</strong></span> <span class='ocrx_word' id='word_1_388' title='bbox 2817 2525 2893 2562; x_wconf 88' lang='grc' dir='ltr'><strong>τι.</strong></span> <span class='ocrx_word' id='word_1_389' title='bbox 2936 2508 3046 2565; x_wconf 78' lang='grc' dir='ltr'><strong>Καὶ</strong></span> <span class='ocrx_word' id='word_1_390' title='bbox 3086 2508 3191 2562; x_wconf 73' lang='grc' dir='ltr'><strong>οὐκ</strong></span> <span class='ocrx_word' id='word_1_391' title='bbox 3219 2506 3391 2573; x_wconf 80' lang='grc' dir='ltr'><strong>εἶπεν,</strong></span> <span class='ocrx_word' id='word_1_392' title='bbox 3433 2507 3547 2563; x_wconf 69' lang='grc' dir='ltr'><strong>Ἐὰν</strong></span> <span class='ocrx_word' id='word_1_393' title='bbox 3576 2507 3730 2577; x_wconf 78' lang='grc' dir='ltr'><strong>καυχῶ-</strong></span> 
     </span>
    </p>
   </div>
   <div class='ocr_carea' id='block_1_53' title="bbox 2242 2596 3729 2671">
    <p class='ocr_par' dir='ltr' id='par_1_53' title="bbox 2242 2596 3729 2671">
     <span class='ocr_line' id='line_1_53' title="bbox 2242 2596 3729 2671; baseline -0.003 -18"><span class='ocrx_word' id='word_1_394' title='bbox 2242 2617 2362 2670; x_wconf 88' lang='grc' dir='ltr'><strong>μαι,</strong></span> <span class='ocrx_word' id='word_1_395' title='bbox 2405 2598 2540 2666; x_wconf 86' lang='grc' dir='ltr'><strong>ἀλλ’,</strong></span> <span class='ocrx_word' id='word_1_396' title='bbox 2596 2596 2770 2655; x_wconf 70' lang='grc' dir='ltr'><strong>ιἘὰν</strong></span> <span class='ocrx_word' id='word_1_397' title='bbox 2826 2601 3241 2671; x_wconf 79' lang='grc' dir='ltr'><strong>καυχήσωμαι,</strong></span> <span class='ocrx_word' id='word_1_398' title='bbox 3277 2619 3298 2652; x_wconf 70' lang='grc' dir='ltr'><strong>ι</strong></span> <span class='ocrx_word' id='word_1_399' title='bbox 3347 2599 3611 2661; x_wconf 81' lang='grc' dir='ltr'><strong>τουτέστιν,</strong></span> <span class='ocrx_word' id='word_1_400' title='bbox 3646 2597 3729 2650; x_wconf 74' lang='grc' dir='ltr'><strong>Ἐὰν</strong></span> 
     </span>
    </p>
   </div>
   <div class='ocr_carea' id='block_1_54' title="bbox 2238 2685 3730 2762">
    <p class='ocr_par' dir='ltr' id='par_1_54' title="bbox 2238 2685 3730 2762">
     <span class='ocr_line' id='line_1_54' title="bbox 2238 2685 3730 2762; baseline 0.001 -22"><span class='ocrx_word' id='word_1_401' title='bbox 2238 2687 2489 2761; x_wconf 73' lang='grc' dir='ltr'><strong>βουληθῶ</strong></span> <span class='ocrx_word' id='word_1_402' title='bbox 2528 2690 2802 2761; x_wconf 79' lang='grc' dir='ltr'><strong>«περὶτῆς</strong></span> <span class='ocrx_word' id='word_1_403' title='bbox 2832 2689 3102 2758; x_wconf 84' lang='grc' dir='ltr'><strong>ἐξουσίας,</strong></span> <span class='ocrx_word' id='word_1_404' title='bbox 3128 2691 3318 2762; x_wconf 77' lang='grc' dir='ltr'><strong>φησὶν,</strong></span> <span class='ocrx_word' id='word_1_405' title='bbox 3347 2685 3410 2762; x_wconf 81' lang='grc' dir='ltr'><strong>ἧς</strong></span> <span class='ocrx_word' id='word_1_406' title='bbox 3431 2689 3601 2744; x_wconf 80' lang='grc' dir='ltr'><strong>δέδωκέ</strong></span> <span class='ocrx_word' id='word_1_407' title='bbox 3631 2688 3730 2757; x_wconf 68' lang='lat' dir='ltr'><strong>pati</strong></span> 
     </span>
    </p>
   </div>
   <div class='ocr_carea' id='block_1_55' title="bbox 2237 2777 3729 2852">
    <p class='ocr_par' dir='ltr' id='par_1_55' title="bbox 2237 2777 3729 2852">
     <span class='ocr_line' id='line_1_55' title="bbox 2237 2777 3729 2852; baseline -0.003 -19"><span class='ocrx_word' id='word_1_408' title='bbox 2237 2779 2493 2851; x_wconf 73' lang='grc' dir='ltr'><strong>Κύριοςοι</strong></span> <span class='ocrx_word' id='word_1_409' title='bbox 2530 2781 2690 2834; x_wconf 77' lang='grc' dir='ltr'><strong>πάλιν</strong></span> <span class='ocrx_word' id='word_1_410' title='bbox 2706 2782 2768 2835; x_wconf 84' lang='grc' dir='ltr'><strong>τὸ</strong></span> <span class='ocrx_word' id='word_1_411' title='bbox 2797 2783 2902 2839; x_wconf 79' lang='grc' dir='ltr'><strong>πᾶν</strong></span> <span class='ocrx_word' id='word_1_412' title='bbox 2931 2781 3085 2852; x_wconf 81' lang='grc' dir='ltr'><strong>αὺτῷ</strong></span> <span class='ocrx_word' id='word_1_413' title='bbox 3104 2781 3399 2844; x_wconf 79' lang='grc' dir='ltr'><strong>ἀνατιθείς.</strong></span> <span class='ocrx_word' id='word_1_414' title='bbox 3425 2778 3669 2833; x_wconf 79' lang='grc' dir='ltr'><strong>Ἔλασον⁸¹</strong></span> <span class='ocrx_word' id='word_1_415' title='bbox 3692 2777 3729 2829; x_wconf 76' lang='grc' dir='ltr'><strong>δὲ</strong></span> 
     </span>
    </p>
   </div>
   <div class='ocr_carea' id='block_1_56' title="bbox 2233 2870 3727 2945">
    <p class='ocr_par' dir='ltr' id='par_1_56' title="bbox 2233 2870 3727 2945">
     <span class='ocr_line' id='line_1_56' title="bbox 2233 2870 3727 2945; baseline -0.002 -20"><span class='ocrx_word' id='word_1_416' title='bbox 2233 2871 2442 2943; x_wconf 74' lang='grc' dir='ltr'><strong>ταύτην</strong></span> <span class='ocrx_word' id='word_1_417' title='bbox 2465 2872 2615 2943; x_wconf 81' lang='grc' dir='ltr'><strong>παρὰ</strong></span> <span class='ocrx_word' id='word_1_418' title='bbox 2632 2872 2791 2939; x_wconf 83' lang='grc' dir='ltr'><strong>Θεοῦ,</strong></span> <span class='ocrx_word' id='word_1_419' title='bbox 2808 2874 2894 2927; x_wconf 83' lang='grc' dir='ltr'><strong>ἵνα</strong></span> <span class='ocrx_word' id='word_1_420' title='bbox 2913 2875 2992 2937; x_wconf 83' lang='grc' dir='ltr'><strong>είς</strong></span> <span class='ocrx_word' id='word_1_421' title='bbox 3006 2871 3104 2945; x_wconf 83' lang='grc' dir='ltr'><strong>τὴν</strong></span> <span class='ocrx_word' id='word_1_422' title='bbox 3118 2873 3303 2926; x_wconf 87' lang='grc' dir='ltr'><strong>πίστιν</strong></span> <span class='ocrx_word' id='word_1_423' title='bbox 3318 2870 3560 2942; x_wconf 82' lang='grc' dir='ltr'><strong>οἰκοδομῶ</strong></span> <span class='ocrx_word' id='word_1_424' title='bbox 3571 2870 3727 2939; x_wconf 58' lang='lat' dir='ltr'><strong>siam:-</strong></span> 
     </span>
    </p>
   </div>
   <div class='ocr_carea' id='block_1_57' title="bbox 2234 2962 3727 3036">
    <p class='ocr_par' dir='ltr' id='par_1_57' title="bbox 2234 2962 3727 3036">
     <span class='ocr_line' id='line_1_57' title="bbox 2234 2962 3727 3036; baseline -0.003 -19"><span class='ocrx_word' id='word_1_425' title='bbox 2234 2964 2366 3029; x_wconf 84' lang='grc' dir='ltr'><strong>τῶν,</strong></span> <span class='ocrx_word' id='word_1_426' title='bbox 2396 2965 2496 3036; x_wconf 72' lang='grc' dir='ltr'><strong>οὐχ</strong></span> <span class='ocrx_word' id='word_1_427' title='bbox 2529 2964 2615 3020; x_wconf 86' lang='grc' dir='ltr'><strong>ἴνα</strong></span> <span class='ocrx_word' id='word_1_428' title='bbox 2646 2964 2859 3030; x_wconf 73' lang='grc' dir='ltr'><strong>κολάζω</strong></span> <span class='ocrx_word' id='word_1_429' title='bbox 2876 2966 2943 3021; x_wconf 86' lang='grc'><strong>⁸³.</strong></span> <span class='ocrx_word' id='word_1_430' title='bbox 2976 2966 3100 3030; x_wconf 87' lang='grc' dir='ltr'><strong>Πῶς</strong></span> <span class='ocrx_word' id='word_1_431' title='bbox 3124 2965 3222 3019; x_wconf 77' lang='grc' dir='ltr'><strong>οὖν</strong></span> <span class='ocrx_word' id='word_1_432' title='bbox 3250 2964 3418 3031; x_wconf 81' lang='grc' dir='ltr'><strong>εἶπες,</strong></span> <span class='ocrx_word' id='word_1_433' title='bbox 3451 2983 3468 3016; x_wconf 81' lang='grc' dir='ltr'><strong>ι</strong></span> <span class='ocrx_word' id='word_1_434' title='bbox 3494 2962 3727 3031; x_wconf 61' lang='grc' dir='ltr'><strong>Λογισμώς</strong></span> 
     </span>
    </p>
   </div>
   <div class='ocr_carea' id='block_1_58' title="bbox 2235 3054 3725 3130">
    <p class='ocr_par' dir='ltr' id='par_1_58' title="bbox 2235 3054 3725 3130">
     <span class='ocr_line' id='line_1_58' title="bbox 2235 3054 3725 3130; baseline 0.001 -19"><span class='ocrx_word' id='word_1_435' title='bbox 2235 3057 2667 3130; x_wconf 80' lang='grc' dir='ltr'><strong>καθαιροῦντεςς</strong></span> <span class='ocrx_word' id='word_1_436' title='bbox 2720 3058 2843 3113; x_wconf 87' lang='grc' dir='ltr'><strong>’Ότι</strong></span> <span class='ocrx_word' id='word_1_437' title='bbox 2873 3058 3005 3113; x_wconf 78' lang='grc' dir='ltr'><strong>αὐτὸ</strong></span> <span class='ocrx_word' id='word_1_438' title='bbox 3056 3057 3220 3112; x_wconf 86' lang='grc' dir='ltr'><strong>τοῦτο</strong></span> <span class='ocrx_word' id='word_1_439' title='bbox 3257 3058 3480 3130; x_wconf 81' lang='grc' dir='ltr'><strong>μάλιστα</strong></span> <span class='ocrx_word' id='word_1_440' title='bbox 3508 3054 3725 3121; x_wconf 70' lang='grc' dir='ltr'><strong>οἰκοδομεῖ.</strong></span> 
     </span>
    </p>
   </div>
   <div class='ocr_carea' id='block_1_59' title="bbox 557 3144 2131 3240">
    <p class='ocr_par' dir='ltr' id='par_1_59' title="bbox 557 3144 2128 3216">
     <span class='ocr_line' id='line_1_59' title="bbox 557 3144 2128 3216; baseline 0.001 -17"><span class='ocrx_word' id='word_1_441' title='bbox 557 3145 760 3213; x_wconf 86' lang='lat' dir='ltr'><strong>ﬁcatio,</strong></span> <span class='ocrx_word' id='word_1_442' title='bbox 817 3146 1055 3200; x_wconf 87' lang='lat' dir='ltr'><strong>marcida</strong></span> <span class='ocrx_word' id='word_1_443' title='bbox 1118 3145 1389 3214; x_wconf 90' lang='lat' dir='ltr'><strong>demoliri,</strong></span> <span class='ocrx_word' id='word_1_444' title='bbox 1436 3145 1821 3215; x_wconf 78' lang='lat' dir='ltr'><strong>obstaculaque</strong></span> <span class='ocrx_word' id='word_1_445' title='bbox 1870 3144 2128 3216; x_wconf 85' lang='lat' dir='ltr'><strong>dejicere.</strong></span> 
     </span>
    </p>
   </div>
   <div class='ocr_carea' id='block_1_60' title="bbox 2233 3144 3817 3240">
    <p class='ocr_par' dir='ltr' id='par_1_60' title="bbox 2234 3148 3817 3223">
     <span class='ocr_line' id='line_1_60' title="bbox 2234 3148 3817 3223; baseline -0.001 -20"><span class='ocrx_word' id='word_1_446' title='bbox 2234 3148 2295 3203; x_wconf 79' lang='grc' dir='ltr'><strong>τὸ</strong></span> <span class='ocrx_word' id='word_1_447' title='bbox 2351 3148 2575 3223; x_wconf 82' lang='grc' dir='ltr'><strong>[πάντα]</strong></span> <span class='ocrx_word' id='word_1_448' title='bbox 2609 3152 2678 3205; x_wconf 78' lang='grc' dir='ltr'><strong>τὰ</strong></span> <span class='ocrx_word' id='word_1_449' title='bbox 2726 3150 2903 3222; x_wconf 81' lang='grc' dir='ltr'><strong>σαθρὰ</strong></span> <span class='ocrx_word' id='word_1_450' title='bbox 2944 3150 3256 3220; x_wconf 83' lang='grc' dir='ltr'><strong>καθαιρεῖν,</strong></span> <span class='ocrx_word' id='word_1_451' title='bbox 3285 3151 3379 3205; x_wconf 80' lang='grc' dir='ltr'><strong>καὶ</strong></span> <span class='ocrx_word' id='word_1_452' title='bbox 3416 3150 3477 3204; x_wconf 76' lang='grc' dir='ltr'><strong>τὰ</strong></span> <span class='ocrx_word' id='word_1_453' title='bbox 3505 3148 3725 3218; x_wconf 73' lang='grc' dir='ltr'><strong>κωλύματα</strong></span> <span class='ocrx_word' id='word_1_454' title='bbox 3816 3198 3817 3213; x_wconf 38' lang='grc' dir='ltr'><strong>η</strong></span> 
     </span>
    </p>
   </div>
   <div class='ocr_carea' id='block_1_61' title="bbox 552 3236 2131 3312">
    <p class='ocr_par' dir='ltr' id='par_1_61' title="bbox 552 3236 2131 3312">
     <span class='ocr_line' id='line_1_61' title="bbox 552 3236 2131 3312; baseline -0.001 -18"><span class='ocrx_word' id='word_1_455' title='bbox 552 3237 834 3312; x_wconf 82' lang='lat' dir='ltr'><strong>Quomodo</strong></span> <span class='ocrx_word' id='word_1_456' title='bbox 877 3240 1040 3309; x_wconf 77' lang='lat' dir='ltr'><strong>igitur</strong></span> <span class='ocrx_word' id='word_1_457' title='bbox 1088 3240 1220 3310; x_wconf 88' lang='lat' dir='ltr'><strong>ipsis</strong></span> <span class='ocrx_word' id='word_1_458' title='bbox 1262 3240 1655 3304; x_wconf 84' lang='lat' dir='ltr'><strong>interminaris,</strong></span> <span class='ocrx_word' id='word_1_459' title='bbox 1695 3239 1877 3294; x_wconf 78' lang='lat' dir='ltr'><strong>sinon</strong></span> <span class='ocrx_word' id='word_1_460' title='bbox 1918 3239 1969 3294; x_wconf 91' lang='lat' dir='ltr'><strong>in</strong></span> <span class='ocrx_word' id='word_1_461' title='bbox 2032 3236 2131 3293; x_wconf 87' lang='lat' dir='ltr'><strong>de-</strong></span> 
     </span>
    </p>
   </div>
   <div class='ocr_carea' id='block_1_62' title="bbox 2233 3236 3817 3312">
    <p class='ocr_par' dir='ltr' id='par_1_62' title="bbox 2234 3241 3817 3312">
     <span class='ocr_line' id='line_1_62' title="bbox 2234 3241 3817 3312; baseline -0.001 -14"><span class='ocrx_word' id='word_1_462' title='bbox 2234 3244 2613 3302; x_wconf 80' lang='grc' dir='ltr'><strong>κατασάλλειν.</strong></span> <span class='ocrx_word' id='word_1_463' title='bbox 2638 3246 2762 3309; x_wconf 85' lang='grc' dir='ltr'><strong>Πῶς</strong></span> <span class='ocrx_word' id='word_1_464' title='bbox 2783 3241 2877 3300; x_wconf 85' lang='grc' dir='ltr'><strong>οῦν</strong></span> <span class='ocrx_word' id='word_1_465' title='bbox 2899 3246 3083 3309; x_wconf 79' lang='grc' dir='ltr'><strong>αὐτοῖς</strong></span> <span class='ocrx_word' id='word_1_466' title='bbox 3111 3244 3379 3312; x_wconf 81' lang='grc' dir='ltr'><strong>ἀπειλεῖς,</strong></span> <span class='ocrx_word' id='word_1_467' title='bbox 3413 3246 3458 3299; x_wconf 87' lang='grc' dir='ltr'><strong>εί</strong></span> <span class='ocrx_word' id='word_1_468' title='bbox 3483 3243 3568 3298; x_wconf 83' lang='grc' dir='ltr'><strong>οὐκ</strong></span> <span class='ocrx_word' id='word_1_469' title='bbox 3591 3242 3723 3304; x_wconf 68' lang='grc' dir='ltr'><strong>ἔλασε,</strong></span> <span class='ocrx_word' id='word_1_470' title='bbox 3816 3250 3817 3297; x_wconf 68' lang='lat' dir='ltr'><strong>l</strong></span> 
     </span>
    </p>
   </div>
   <div class='ocr_carea' id='block_1_63' title="bbox 552 3331 2131 3406">
    <p class='ocr_par' dir='ltr' id='par_1_63' title="bbox 552 3331 2131 3404">
     <span class='ocr_line' id='line_1_63' title="bbox 552 3331 2131 3404; baseline -0.002 -14"><span class='ocrx_word' id='word_1_471' title='bbox 552 3336 907 3390; x_wconf 85' lang='lat' dir='ltr'><strong>structiouem</strong></span> <span class='ocrx_word' id='word_1_472' title='bbox 949 3334 1201 3403; x_wconf 79' lang='lat' dir='ltr'><strong>accepisti</strong></span> <span class='ocrx_word' id='word_1_473' title='bbox 1226 3333 1585 3404; x_wconf 82' lang='lat' dir='ltr'><strong>potestatem?</strong></span> <span class='ocrx_word' id='word_1_474' title='bbox 1608 3331 1887 3403; x_wconf 60' lang='lat' dir='ltr'><strong>Precipue</strong></span> <span class='ocrx_word' id='word_1_475' title='bbox 1914 3332 2131 3404; x_wconf 88' lang='lat' dir='ltr'><strong>quidem</strong></span> 
     </span>
    </p>
   </div>
   <div class='ocr_carea' id='block_1_64' title="bbox 2233 3331 3723 3406">
    <p class='ocr_par' dir='ltr' id='par_1_64' title="bbox 2233 3332 3723 3406">
     <span class='ocr_line' id='line_1_64' title="bbox 2233 3332 3723 3406; baseline 0.005 -22"><span class='ocrx_word' id='word_1_476' title='bbox 2233 3332 2313 3392; x_wconf 82' lang='grc' dir='ltr'><strong>είς</strong></span> <span class='ocrx_word' id='word_1_477' title='bbox 2343 3332 2661 3404; x_wconf 79' lang='grc' dir='ltr'><strong>καθαίρεσιν</strong></span> <span class='ocrx_word' id='word_1_478' title='bbox 2688 3334 2788 3405; x_wconf 79' lang='grc' dir='ltr'><strong>τῂν</strong></span> <span class='ocrx_word' id='word_1_479' title='bbox 2815 3333 3097 3402; x_wconf 76' lang='grc' dir='ltr'><strong>ἐξουσίανς</strong></span> <span class='ocrx_word' id='word_1_480' title='bbox 3129 3335 3542 3406; x_wconf 81' lang='grc' dir='ltr'><strong>Προηγουμένως</strong></span> <span class='ocrx_word' id='word_1_481' title='bbox 3570 3332 3646 3402; x_wconf 80' lang='grc' dir='ltr'><strong>μὲν</strong></span> <span class='ocrx_word' id='word_1_482' title='bbox 3672 3333 3723 3392; x_wconf 73' lang='grc' dir='ltr'><strong>εἰς</strong></span> 
     </span>
    </p>
   </div>
   <div class='ocr_carea' id='block_1_65' title="bbox 555 3424 2135 3495">
    <p class='ocr_par' dir='ltr' id='par_1_65' title="bbox 555 3424 2135 3495">
     <span class='ocr_line' id='line_1_65' title="bbox 555 3424 2135 3495; baseline 0.001 -17"><span class='ocrx_word' id='word_1_483' title='bbox 555 3426 618 3478; x_wconf 71' lang='lat' dir='ltr'><strong>1d</strong></span> <span class='ocrx_word' id='word_1_484' title='bbox 650 3425 1060 3481; x_wconf 68' lang='lat' dir='ltr'><strong>aediﬁcationem</strong></span> <span class='ocrx_word' id='word_1_485' title='bbox 1093 3426 1274 3495; x_wconf 85' lang='lat' dir='ltr'><strong>accepi</strong></span> <span class='ocrx_word' id='word_1_486' title='bbox 1306 3444 1320 3480; x_wconf 89' lang='lat'><strong>:</strong></span> <span class='ocrx_word' id='word_1_487' title='bbox 1354 3426 1435 3479; x_wconf 90' lang='lat' dir='ltr'><strong>siu</strong></span> <span class='ocrx_word' id='word_1_488' title='bbox 1459 3426 1742 3495; x_wconf 85' lang='lat' dir='ltr'><strong>quisquam</strong></span> <span class='ocrx_word' id='word_1_489' title='bbox 1773 3424 1940 3484; x_wconf 80' lang='lat' dir='ltr'><strong>fuerit</strong></span> <span class='ocrx_word' id='word_1_490' title='bbox 1984 3426 2135 3481; x_wconf 87' lang='lat' dir='ltr'><strong>incu-</strong></span> 
     </span>
    </p>
   </div>
   <div class='ocr_carea' id='block_1_66' title="bbox 552 3512 2132 3586">
    <p class='ocr_par' dir='ltr' id='par_1_66' title="bbox 552 3512 2132 3586">
     <span class='ocr_line' id='line_1_66' title="bbox 552 3512 2132 3586; baseline 0.001 -19"><span class='ocrx_word' id='word_1_491' title='bbox 552 3513 761 3580; x_wconf 86' lang='lat' dir='ltr'><strong>rabiiis,</strong></span> <span class='ocrx_word' id='word_1_492' title='bbox 797 3513 1146 3569; x_wconf 89' lang='lat' dir='ltr'><strong>demolitione</strong></span> <span class='ocrx_word' id='word_1_493' title='bbox 1192 3524 1426 3569; x_wconf 88' lang='lat' dir='ltr'><strong>utemur.</strong></span> <span class='ocrx_word' id='word_1_494' title='bbox 1479 3512 1538 3569; x_wconf 90' lang='lat' dir='ltr'><strong>Si</strong></span> <span class='ocrx_word' id='word_1_495' title='bbox 1582 3515 1744 3586; x_wconf 84' lang='lat' dir='ltr'><strong>igitur</strong></span> <span class='ocrx_word' id='word_1_496' title='bbox 1773 3516 2013 3582; x_wconf 86' lang='lat' dir='ltr'><strong>voluero,</strong></span> <span class='ocrx_word' id='word_1_497' title='bbox 2048 3515 2132 3571; x_wconf 80' lang='lat' dir='ltr'><strong>in-</strong></span> 
     </span>
    </p>
   </div>
   <div class='ocr_carea' id='block_1_67' title="bbox 548 3604 2134 3678">
    <p class='ocr_par' dir='ltr' id='par_1_67' title="bbox 548 3604 2134 3678">
     <span class='ocr_line' id='line_1_67' title="bbox 548 3604 2134 3678; baseline 0.001 -18"><span class='ocrx_word' id='word_1_498' title='bbox 548 3609 688 3678; x_wconf 87' lang='lat' dir='ltr'><strong>quit,</strong></span> <span class='ocrx_word' id='word_1_499' title='bbox 717 3606 939 3677; x_wconf 84' lang='lat' dir='ltr'><strong>gloriari</strong></span> <span class='ocrx_word' id='word_1_500' title='bbox 979 3608 1120 3675; x_wconf 74' lang='lat' dir='ltr'><strong>quod</strong></span> <span class='ocrx_word' id='word_1_501' title='bbox 1166 3604 1307 3660; x_wconf 90' lang='lat' dir='ltr'><strong>Deus</strong></span> <span class='ocrx_word' id='word_1_502' title='bbox 1360 3606 1562 3675; x_wconf 88' lang='lat' dir='ltr'><strong>aliquid</strong></span> <span class='ocrx_word' id='word_1_503' title='bbox 1596 3607 1826 3677; x_wconf 85' lang='lat' dir='ltr'><strong>amplius</strong></span> <span class='ocrx_word' id='word_1_504' title='bbox 1865 3608 1994 3661; x_wconf 91' lang='lat' dir='ltr'><strong>mihi</strong></span> <span class='ocrx_word' id='word_1_505' title='bbox 2040 3607 2134 3662; x_wconf 86' lang='lat' dir='ltr'><strong>de-</strong></span> 
     </span>
    </p>
   </div>
   <div class='ocr_carea' id='block_1_68' title="bbox 549 3696 2126 3768">
    <p class='ocr_par' dir='ltr' id='par_1_68' title="bbox 549 3696 2126 3768">
     <span class='ocr_line' id='line_1_68' title="bbox 549 3696 2126 3768; baseline 0.002 -17"><span class='ocrx_word' id='word_1_506' title='bbox 549 3699 709 3761; x_wconf 86' lang='lat' dir='ltr'><strong>derit,</strong></span> <span class='ocrx_word' id='word_1_507' title='bbox 740 3706 792 3750; x_wconf 92' lang='lat' dir='ltr'><strong>ut</strong></span> <span class='ocrx_word' id='word_1_508' title='bbox 822 3706 1135 3765; x_wconf 87' lang='lat' dir='ltr'><strong>potestatem</strong></span> <span class='ocrx_word' id='word_1_509' title='bbox 1176 3696 1404 3750; x_wconf 80' lang='lat' dir='ltr'><strong>habeant</strong></span> <span class='ocrx_word' id='word_1_510' title='bbox 1433 3696 1800 3751; x_wconf 80' lang='lat' dir='ltr'><strong>benefaciendi</strong></span> <span class='ocrx_word' id='word_1_511' title='bbox 1836 3698 2126 3768; x_wconf 85' lang='lat' dir='ltr'><strong>imprimis,</strong></span> 
     </span>
    </p>
   </div>
   <div class='ocr_carea' id='block_1_69' title="bbox 546 3789 2128 3859">
    <p class='ocr_par' dir='ltr' id='par_1_69' title="bbox 546 3789 2128 3859">
     <span class='ocr_line' id='line_1_69' title="bbox 546 3789 2128 3859; baseline 0.002 -16"><span class='ocrx_word' id='word_1_512' title='bbox 546 3800 603 3843; x_wconf 88' lang='lat' dir='ltr'><strong>et</strong></span> <span class='ocrx_word' id='word_1_513' title='bbox 649 3789 867 3858; x_wconf 86' lang='lat' dir='ltr'><strong>quando</strong></span> <span class='ocrx_word' id='word_1_514' title='bbox 913 3803 1097 3859; x_wconf 86' lang='lat' dir='ltr'><strong>cogar,</strong></span> <span class='ocrx_word' id='word_1_515' title='bbox 1150 3790 1311 3844; x_wconf 88' lang='lat' dir='ltr'><strong>etiam</strong></span> <span class='ocrx_word' id='word_1_516' title='bbox 1360 3790 1635 3859; x_wconf 90' lang='lat' dir='ltr'><strong>puniendi,</strong></span> <span class='ocrx_word' id='word_1_517' title='bbox 1698 3807 1717 3840; x_wconf 78' lang='grc' dir='ltr'><strong>ι</strong></span> <span class='ocrx_word' id='word_1_518' title='bbox 1763 3804 1873 3849; x_wconf 80' lang='lat' dir='ltr'><strong>non</strong></span> <span class='ocrx_word' id='word_1_519' title='bbox 1932 3790 2128 3846; x_wconf 77' lang='lat' dir='ltr'><strong>erube-</strong></span> 
     </span>
    </p>
   </div>
   <div class='ocr_carea' id='block_1_70' title="bbox 549 3880 2132 3951">
    <p class='ocr_par' dir='ltr' id='par_1_70' title="bbox 549 3880 2132 3951">
     <span class='ocr_line' id='line_1_70' title="bbox 549 3880 2132 3951; baseline 0.003 -18"><span class='ocrx_word' id='word_1_520' title='bbox 549 3894 720 3947; x_wconf 83' lang='lat' dir='ltr'><strong>scam,</strong></span> <span class='ocrx_word' id='word_1_521' title='bbox 758 3898 778 3931; x_wconf 71' lang='grc' dir='ltr'><strong>ε</strong></span> <span class='ocrx_word' id='word_1_522' title='bbox 826 3880 927 3933; x_wconf 90' lang='lat' dir='ltr'><strong>hoc</strong></span> <span class='ocrx_word' id='word_1_523' title='bbox 952 3891 1058 3951; x_wconf 82' lang='lat' dir='ltr'><strong>est,</strong></span> <span class='ocrx_word' id='word_1_524' title='bbox 1090 3895 1193 3934; x_wconf 90' lang='lat' dir='ltr'><strong>non</strong></span> <span class='ocrx_word' id='word_1_525' title='bbox 1239 3882 1581 3935; x_wconf 80' lang='lat' dir='ltr'><strong>monstrabor</strong></span> <span class='ocrx_word' id='word_1_526' title='bbox 1616 3895 1736 3935; x_wconf 88' lang='lat' dir='ltr'><strong>esse</strong></span> <span class='ocrx_word' id='word_1_527' title='bbox 1780 3882 2005 3934; x_wconf 88' lang='lat' dir='ltr'><strong>mendax</strong></span> <span class='ocrx_word' id='word_1_528' title='bbox 2039 3891 2132 3938; x_wconf 90' lang='lat' dir='ltr'><strong>aut</strong></span> 
     </span>
    </p>
   </div>
   <div class='ocr_carea' id='block_1_71' title="bbox 552 3986 842 4040">
    <p class='ocr_par' dir='ltr' id='par_1_71' title="bbox 552 3986 842 4040">
     <span class='ocr_line' id='line_1_71' title="bbox 552 3986 842 4040; baseline -0.003 -14"><span class='ocrx_word' id='word_1_529' title='bbox 552 3986 842 4040; x_wconf 81' lang='lat' dir='ltr'><strong>arrogans.</strong></span> 
     </span>
    </p>
   </div>
   <div class='ocr_carea' id='block_1_72' title="bbox 618 4061 2129 4134">
    <p class='ocr_par' dir='ltr' id='par_1_72' title="bbox 618 4061 2129 4134">
     <span class='ocr_line' id='line_1_72' title="bbox 618 4061 2129 4134; baseline -0.011 -3"><span class='ocrx_word' id='word_1_530' title='bbox 618 4063 779 4132; x_wconf 78' lang='grc'><strong>297</strong></span> <span class='ocrx_word' id='word_1_531' title='bbox 805 4063 962 4118; x_wconf 74' lang='lat' dir='ltr'><strong>Vens.</strong></span> <span class='ocrx_word' id='word_1_532' title='bbox 991 4063 1144 4117; x_wconf 78' lang='lat' dir='ltr'><strong>9-H.</strong></span> <span class='ocrx_word' id='word_1_533' title='bbox 1168 4082 1188 4114; x_wconf 74' lang='grc' dir='ltr'><strong>ι</strong></span> <span class='ocrx_word' id='word_1_534' title='bbox 1212 4061 1282 4119; x_wconf 92' lang='lat' dir='ltr'><strong>Ut</strong></span> <span class='ocrx_word' id='word_1_535' title='bbox 1301 4077 1405 4117; x_wconf 92' lang='lat' dir='ltr'><strong>non</strong></span> <span class='ocrx_word' id='word_1_536' title='bbox 1426 4064 1706 4119; x_wconf 79' lang='lat' dir='ltr'><strong>existimer</strong></span> <span class='ocrx_word' id='word_1_537' title='bbox 1729 4072 1983 4134; x_wconf 85' lang='lat' dir='ltr'><strong>tauquam</strong></span> <span class='ocrx_word' id='word_1_538' title='bbox 2018 4075 2129 4120; x_wconf 80' lang='lat' dir='ltr'><strong>ter-</strong></span> 
     </span>
    </p>
   </div>
   <div class='ocr_carea' id='block_1_73' title="bbox 550 4155 2122 4227">
    <p class='ocr_par' dir='ltr' id='par_1_73' title="bbox 550 4155 2122 4227">
     <span class='ocr_line' id='line_1_73' title="bbox 550 4155 2122 4227; baseline 0.002 -20"><span class='ocrx_word' id='word_1_539' title='bbox 550 4169 670 4209; x_wconf 90' lang='lat' dir='ltr'><strong>rere</strong></span> <span class='ocrx_word' id='word_1_540' title='bbox 700 4171 791 4209; x_wconf 92' lang='lat' dir='ltr'><strong>vos</strong></span> <span class='ocrx_word' id='word_1_541' title='bbox 810 4171 904 4225; x_wconf 89' lang='lat' dir='ltr'><strong>per</strong></span> <span class='ocrx_word' id='word_1_542' title='bbox 927 4155 1204 4224; x_wconf 86' lang='lat' dir='ltr'><strong>epistolas.</strong></span> <span class='ocrx_word' id='word_1_543' title='bbox 1229 4155 1491 4222; x_wconf 86' lang='lat' dir='ltr'><strong>Quoniam</strong></span> <span class='ocrx_word' id='word_1_544' title='bbox 1510 4158 1726 4227; x_wconf 88' lang='lat' dir='ltr'><strong>quidem</strong></span> <span class='ocrx_word' id='word_1_545' title='bbox 1756 4158 2018 4226; x_wconf 66' lang='lat' dir='ltr'><strong>cpistolm,</strong></span> <span class='ocrx_word' id='word_1_546' title='bbox 2045 4158 2122 4211; x_wconf 87' lang='lat' dir='ltr'><strong>in-</strong></span> 
     </span>
    </p>
   </div>
   <div class='ocr_carea' id='block_1_74' title="bbox 547 4238 2123 4318">
    <p class='ocr_par' dir='ltr' id='par_1_74' title="bbox 547 4238 2123 4318">
     <span class='ocr_line' id='line_1_74' title="bbox 547 4238 2123 4318; baseline 0.003 -19"><span class='ocrx_word' id='word_1_547' title='bbox 547 4238 685 4314; x_wconf 78' lang='lat' dir='ltr'><strong>quit,</strong></span> <span class='ocrx_word' id='word_1_548' title='bbox 707 4261 899 4315; x_wconf 86' lang='lat' dir='ltr'><strong>graves</strong></span> <span class='ocrx_word' id='word_1_549' title='bbox 930 4256 1053 4301; x_wconf 92' lang='lat' dir='ltr'><strong>sunt</strong></span> <span class='ocrx_word' id='word_1_550' title='bbox 1072 4257 1121 4301; x_wconf 91' lang='lat' dir='ltr'><strong>et</strong></span> <span class='ocrx_word' id='word_1_551' title='bbox 1145 4247 1333 4313; x_wconf 80' lang='lat' dir='ltr'><strong>fortes,</strong></span> <span class='ocrx_word' id='word_1_552' title='bbox 1359 4246 1647 4316; x_wconf 65' lang='lat' dir='ltr'><strong>prmsentia</strong></span> <span class='ocrx_word' id='word_1_553' title='bbox 1679 4260 1857 4300; x_wconf 84' lang='lat' dir='ltr'><strong>autem</strong></span> <span class='ocrx_word' id='word_1_554' title='bbox 1880 4249 2123 4318; x_wconf 87' lang='lat' dir='ltr'><strong>corporis</strong></span> 
     </span>
    </p>
   </div>
   <div class='ocr_carea' id='block_1_75' title="bbox 545 4336 2120 4411">
    <p class='ocr_par' dir='ltr' id='par_1_75' title="bbox 545 4336 2120 4411">
     <span class='ocr_line' id='line_1_75' title="bbox 545 4336 2120 4411; baseline 0.002 -20"><span class='ocrx_word' id='word_1_555' title='bbox 545 4336 781 4403; x_wconf 87' lang='lat' dir='ltr'><strong>inﬁrma,</strong></span> <span class='ocrx_word' id='word_1_556' title='bbox 801 4347 853 4391; x_wconf 92' lang='lat' dir='ltr'><strong>et</strong></span> <span class='ocrx_word' id='word_1_557' title='bbox 884 4354 1061 4393; x_wconf 82' lang='lat' dir='ltr'><strong>sermo</strong></span> <span class='ocrx_word' id='word_1_558' title='bbox 1089 4340 1524 4409; x_wconf 83' lang='lat' dir='ltr'><strong>contemptibilis.</strong></span> <span class='ocrx_word' id='word_1_559' title='bbox 1562 4340 1672 4394; x_wconf 88' lang='lat' dir='ltr'><strong>lloc</strong></span> <span class='ocrx_word' id='word_1_560' title='bbox 1693 4353 1877 4394; x_wconf 89' lang='lat' dir='ltr'><strong>autem</strong></span> <span class='ocrx_word' id='word_1_561' title='bbox 1900 4341 2120 4411; x_wconf 46' lang='lat' dir='ltr'><strong>gcogitet</strong></span> 
     </span>
    </p>
   </div>
   <div class='ocr_carea' id='block_1_76' title="bbox 2230 3422 3724 3500">
    <p class='ocr_par' dir='ltr' id='par_1_76' title="bbox 2230 3422 3724 3500">
     <span class='ocr_line' id='line_1_76' title="bbox 2230 3422 3724 3500; baseline -0.003 -22"><span class='ocrx_word' id='word_1_562' title='bbox 2230 3423 2521 3495; x_wconf 80' lang='grc' dir='ltr'><strong>οἰκοδομὴν</strong></span> <span class='ocrx_word' id='word_1_563' title='bbox 2552 3424 2763 3480; x_wconf 76' lang='grc' dir='ltr'><strong>ἐλαόον·</strong></span> <span class='ocrx_word' id='word_1_564' title='bbox 2795 3426 2892 3481; x_wconf 80' lang='grc' dir='ltr'><strong>ἐὰν</strong></span> <span class='ocrx_word' id='word_1_565' title='bbox 2924 3426 2981 3480; x_wconf 79' lang='grc' dir='ltr'><strong>δέ</strong></span> <span class='ocrx_word' id='word_1_566' title='bbox 3008 3443 3089 3491; x_wconf 89' lang='grc' dir='ltr'><strong>τις</strong></span> <span class='ocrx_word' id='word_1_567' title='bbox 3111 3427 3341 3492; x_wconf 82' lang='grc' dir='ltr'><strong>’ἀνίατος</strong></span> <span class='ocrx_word' id='word_1_568' title='bbox 3374 3423 3428 3500; x_wconf 72' lang='grc' dir='ltr'><strong>ᾗ,</strong></span> <span class='ocrx_word' id='word_1_569' title='bbox 3461 3424 3544 3479; x_wconf 83' lang='grc' dir='ltr'><strong>καὶ</strong></span> <span class='ocrx_word' id='word_1_570' title='bbox 3564 3427 3618 3495; x_wconf 72' lang='grc' dir='ltr'><strong>τῇ</strong></span> <span class='ocrx_word' id='word_1_571' title='bbox 3634 3422 3724 3477; x_wconf 76' lang='lat' dir='ltr'><strong>xa‘i-</strong></span> 
     </span>
    </p>
   </div>
   <div class='ocr_carea' id='block_1_77' title="bbox 2232 3513 3722 3590">
    <p class='ocr_par' dir='ltr' id='par_1_77' title="bbox 2232 3513 3722 3590">
     <span class='ocr_line' id='line_1_77' title="bbox 2232 3513 3722 3590; baseline -0.005 -15"><span class='ocrx_word' id='word_1_572' title='bbox 2232 3515 2443 3588; x_wconf 75' lang='grc' dir='ltr'><strong>αιρέσει</strong></span> <span class='ocrx_word' id='word_1_573' title='bbox 2499 3518 2838 3588; x_wconf 82' lang='grc' dir='ltr'><strong>χρησόμεθα.</strong></span> <span class='ocrx_word' id='word_1_574' title='bbox 2905 3517 3031 3572; x_wconf 77' lang='grc' dir='ltr'><strong>Ἐὰν</strong></span> <span class='ocrx_word' id='word_1_575' title='bbox 3077 3513 3173 3573; x_wconf 82' lang='grc' dir='ltr'><strong>οὖν</strong></span> <span class='ocrx_word' id='word_1_576' title='bbox 3221 3519 3448 3590; x_wconf 80' lang='grc' dir='ltr'><strong>θελήσω,</strong></span> <span class='ocrx_word' id='word_1_577' title='bbox 3479 3518 3722 3587; x_wconf 79' lang='grc' dir='ltr'><strong>φησὶ,καυ-</strong></span> 
     </span>
    </p>
   </div>
   <div class='ocr_carea' id='block_1_78' title="bbox 2231 3606 3723 3685">
    <p class='ocr_par' dir='ltr' id='par_1_78' title="bbox 2231 3606 3723 3685">
     <span class='ocr_line' id='line_1_78' title="bbox 2231 3606 3723 3685; baseline -0.005 -20"><span class='ocrx_word' id='word_1_578' title='bbox 2231 3608 2505 3685; x_wconf 74' lang='grc' dir='ltr'><strong>χήσασθαι</strong></span> <span class='ocrx_word' id='word_1_579' title='bbox 2528 3610 2610 3664; x_wconf 81' lang='grc' dir='ltr'><strong>ὅτι</strong></span> <span class='ocrx_word' id='word_1_580' title='bbox 2636 3612 2665 3663; x_wconf 83' lang='grc' dir='ltr'><strong>ὁ</strong></span> <span class='ocrx_word' id='word_1_581' title='bbox 2691 3609 2825 3674; x_wconf 83' lang='grc' dir='ltr'><strong>Θεὸς</strong></span> <span class='ocrx_word' id='word_1_582' title='bbox 2856 3609 3018 3665; x_wconf 81' lang='grc' dir='ltr'><strong>πλέον</strong></span> <span class='ocrx_word' id='word_1_583' title='bbox 3041 3627 3095 3664; x_wconf 89' lang='grc' dir='ltr'><strong>τι</strong></span> <span class='ocrx_word' id='word_1_584' title='bbox 3121 3610 3325 3665; x_wconf 73' lang='grc' dir='ltr'><strong>δέδωκέ</strong></span> <span class='ocrx_word' id='word_1_585' title='bbox 3354 3627 3460 3682; x_wconf 85' lang='grc' dir='ltr'><strong>μοι,</strong></span> <span class='ocrx_word' id='word_1_586' title='bbox 3485 3609 3603 3663; x_wconf 79' lang='grc' dir='ltr'><strong>ὥστε</strong></span> <span class='ocrx_word' id='word_1_587' title='bbox 3620 3606 3723 3672; x_wconf 80' lang='grc' dir='ltr'><strong>ἐξου-</strong></span> 
     </span>
    </p>
   </div>
   <div class='ocr_carea' id='block_1_79' title="bbox 2231 3699 3722 3775">
    <p class='ocr_par' dir='ltr' id='par_1_79' title="bbox 2231 3699 3722 3775">
     <span class='ocr_line' id='line_1_79' title="bbox 2231 3699 3722 3775; baseline -0.003 -21"><span class='ocrx_word' id='word_1_588' title='bbox 2231 3701 2357 3755; x_wconf 90' lang='grc' dir='ltr'><strong>σίαν</strong></span> <span class='ocrx_word' id='word_1_589' title='bbox 2404 3701 2549 3772; x_wconf 75' lang='grc' dir='ltr'><strong>ἔχειν</strong></span> <span class='ocrx_word' id='word_1_590' title='bbox 2583 3719 2652 3773; x_wconf 85' lang='grc' dir='ltr'><strong>με</strong></span> <span class='ocrx_word' id='word_1_591' title='bbox 2702 3705 2797 3756; x_wconf 70' lang='grc' dir='ltr'><strong>καλ.</strong></span> <span class='ocrx_word' id='word_1_592' title='bbox 2842 3702 3155 3773; x_wconf 79' lang='grc' dir='ltr'><strong>εὐεργετεῖν</strong></span> <span class='ocrx_word' id='word_1_593' title='bbox 3212 3702 3620 3775; x_wconf 78' lang='grc' dir='ltr'><strong>προηγουμένως,</strong></span> <span class='ocrx_word' id='word_1_594' title='bbox 3659 3699 3722 3751; x_wconf 76' lang='grc' dir='ltr'><strong>καί</strong></span> 
     </span>
    </p>
   </div>
   <div class='ocr_carea' id='block_1_80' title="bbox 2228 3794 3714 3867">
    <p class='ocr_par' dir='ltr' id='par_1_80' title="bbox 2228 3794 3714 3867">
     <span class='ocr_line' id='line_1_80' title="bbox 2228 3794 3714 3867; baseline -0.002 -20"><span class='ocrx_word' id='word_1_595' title='bbox 2228 3794 2355 3849; x_wconf 81' lang='grc' dir='ltr'><strong>ὅταν</strong></span> <span class='ocrx_word' id='word_1_596' title='bbox 2388 3796 2700 3863; x_wconf 79' lang='grc' dir='ltr'><strong>ἐκϐιασθῶ,</strong></span> <span class='ocrx_word' id='word_1_597' title='bbox 2744 3795 3019 3862; x_wconf 80' lang='grc' dir='ltr'><strong>κολάζειν,</strong></span> <span class='ocrx_word' id='word_1_598' title='bbox 3071 3815 3091 3849; x_wconf 81' lang='grc' dir='ltr'><strong>ι</strong></span> <span class='ocrx_word' id='word_1_599' title='bbox 3125 3796 3231 3850; x_wconf 81' lang='grc' dir='ltr'><strong>οὐκ</strong></span> <span class='ocrx_word' id='word_1_600' title='bbox 3277 3795 3714 3867; x_wconf 76' lang='grc' dir='ltr'><strong>αἰσχυνθήσομαιί</strong></span> 
     </span>
    </p>
   </div>
   <div class='ocr_carea' id='block_1_81' title="bbox 2228 3887 3602 3962">
    <p class='ocr_par' dir='ltr' id='par_1_81' title="bbox 2228 3887 3602 3962">
     <span class='ocr_line' id='line_1_81' title="bbox 2228 3887 3602 3962; baseline 0.001 -20"><span class='ocrx_word' id='word_1_601' title='bbox 2228 3887 2530 3954; x_wconf 76' lang='grc' dir='ltr'><strong>τουτέστιν,</strong></span> <span class='ocrx_word' id='word_1_602' title='bbox 2567 3889 2643 3943; x_wconf 80' lang='grc' dir='ltr'><strong>Οὐ</strong></span> <span class='ocrx_word' id='word_1_603' title='bbox 2670 3889 3030 3961; x_wconf 83' lang='grc' dir='ltr'><strong>δειχθήσομαι</strong></span> <span class='ocrx_word' id='word_1_604' title='bbox 3055 3889 3299 3961; x_wconf 78' lang='grc' dir='ltr'><strong>ψεύστης</strong></span> <span class='ocrx_word' id='word_1_605' title='bbox 3332 3889 3364 3962; x_wconf 77' lang='grc' dir='ltr'>ἢ</span> <span class='ocrx_word' id='word_1_606' title='bbox 3398 3887 3602 3956; x_wconf 74' lang='grc' dir='ltr'><strong>ἀλαζών.</strong></span> 
     </span>
    </p>
   </div>
   <div class='ocr_carea' id='block_1_82' title="bbox 2308 4062 3717 4139">
    <p class='ocr_par' dir='ltr' id='par_1_82' title="bbox 2308 4062 3717 4139">
     <span class='ocr_line' id='line_1_82' title="bbox 2308 4062 3717 4139; baseline 0 -22"><span class='ocrx_word' id='word_1_607' title='bbox 2308 4081 2328 4113; x_wconf 79' lang='grc' dir='ltr'><strong>ι</strong></span> <span class='ocrx_word' id='word_1_608' title='bbox 2370 4062 2487 4117; x_wconf 85' lang='grc' dir='ltr'><strong>Ἵνα</strong></span> <span class='ocrx_word' id='word_1_609' title='bbox 2524 4063 2599 4134; x_wconf 81' lang='grc' dir='ltr'><strong>μὴ</strong></span> <span class='ocrx_word' id='word_1_610' title='bbox 2624 4063 2760 4129; x_wconf 73' lang='grc' dir='ltr'><strong>δόξω</strong></span> <span class='ocrx_word' id='word_1_611' title='bbox 2784 4064 2860 4129; x_wconf 79' lang='grc' dir='ltr'><strong>ὡς</strong></span> <span class='ocrx_word' id='word_1_612' title='bbox 2891 4064 2957 4120; x_wconf 84' lang='grc' dir='ltr'><strong>ἂν</strong></span> <span class='ocrx_word' id='word_1_613' title='bbox 2984 4066 3241 4135; x_wconf 79' lang='grc' dir='ltr'><strong>ἐκφοὸεῑν</strong></span> <span class='ocrx_word' id='word_1_614' title='bbox 3261 4068 3402 4139; x_wconf 79' lang='grc' dir='ltr'><strong>ὑμᾶς</strong></span> <span class='ocrx_word' id='word_1_615' title='bbox 3422 4066 3502 4122; x_wconf 80' lang='grc' dir='ltr'><strong>διὰ</strong></span> <span class='ocrx_word' id='word_1_616' title='bbox 3525 4066 3615 4124; x_wconf 85' lang='grc' dir='ltr'><strong>τῶν</strong></span> <span class='ocrx_word' id='word_1_617' title='bbox 3630 4066 3717 4118; x_wconf 74' lang='grc' dir='ltr'><strong>ἐτι·</strong></span> 
     </span>
    </p>
   </div>
   <div class='ocr_carea' id='block_1_83' title="bbox 2231 4153 3718 4235">
    <p class='ocr_par' dir='ltr' id='par_1_83' title="bbox 2231 4153 3718 4235">
     <span class='ocr_line' id='line_1_83' title="bbox 2231 4153 3718 4235; baseline 0.001 -28"><span class='ocrx_word' id='word_1_618' title='bbox 2231 4153 2455 4211; x_wconf 71' lang='grc' dir='ltr'><strong>στολῶν.</strong></span> <span class='ocrx_word' id='word_1_619' title='bbox 2499 4156 2621 4216; x_wconf 84' lang='grc' dir='ltr'><strong>Ὅτι</strong></span> <span class='ocrx_word' id='word_1_620' title='bbox 2648 4158 2705 4211; x_wconf 70' lang='lat' dir='ltr'><strong>at!</strong></span> <span class='ocrx_word' id='word_1_621' title='bbox 2755 4158 2854 4229; x_wconf 65' lang='grc' dir='ltr'><strong>μὲν</strong></span> <span class='ocrx_word' id='word_1_622' title='bbox 2911 4159 3220 4226; x_wconf 70' lang='grc' dir='ltr'><strong>ἐπιστολαὶ,</strong></span> <span class='ocrx_word' id='word_1_623' title='bbox 3262 4162 3410 4233; x_wconf 76' lang='grc' dir='ltr'><strong>φησὶ,</strong></span> <span class='ocrx_word' id='word_1_624' title='bbox 3452 4161 3631 4235; x_wconf 81' lang='grc' dir='ltr'><strong>βαρεῖαι</strong></span> <span class='ocrx_word' id='word_1_625' title='bbox 3653 4155 3718 4210; x_wconf 75' lang='grc' dir='ltr'><strong>καὶ</strong></span> 
     </span>
    </p>
   </div>
   <div class='ocr_carea' id='block_1_84' title="bbox 2228 4234 3755 4324">
    <p class='ocr_par' dir='ltr' id='par_1_84' title="bbox 2228 4234 3755 4324">
     <span class='ocr_line' id='line_1_84' title="bbox 2228 4234 3755 4324; baseline 0.001 -22"><span class='ocrx_word' id='word_1_626' title='bbox 2228 4246 2447 4318; x_wconf 67' lang='grc' dir='ltr'><strong>ἰσχυραί</strong></span> <span class='ocrx_word' id='word_1_627' title='bbox 2468 4264 2481 4278; x_wconf 90' lang='grc'><strong>·</strong></span> <span class='ocrx_word' id='word_1_628' title='bbox 2515 4248 2549 4319; x_wconf 92' lang='grc' dir='ltr'><strong>ή</strong></span> <span class='ocrx_word' id='word_1_629' title='bbox 2575 4248 2633 4302; x_wconf 80' lang='grc' dir='ltr'><strong>δὲ</strong></span> <span class='ocrx_word' id='word_1_630' title='bbox 2663 4252 2939 4321; x_wconf 81' lang='grc' dir='ltr'><strong>παρουσία</strong></span> <span class='ocrx_word' id='word_1_631' title='bbox 2965 4250 3059 4305; x_wconf 90' lang='grc' dir='ltr'><strong>τοῦ</strong></span> <span class='ocrx_word' id='word_1_632' title='bbox 3086 4251 3342 4324; x_wconf 86' lang='grc' dir='ltr'><strong>σώματος</strong></span> <span class='ocrx_word' id='word_1_633' title='bbox 3367 4252 3591 4324; x_wconf 76' lang='grc' dir='ltr'><strong>ἀσθενής,</strong></span> <span class='ocrx_word' id='word_1_634' title='bbox 3618 4248 3718 4304; x_wconf 76' lang='grc' dir='ltr'><strong>καὶὸ</strong></span> <span class='ocrx_word' id='word_1_635' title='bbox 3747 4234 3755 4245; x_wconf 70' lang='grc'><em>’</em></span> 
     </span>
    </p>
   </div>
   <div class='ocr_carea' id='block_1_85' title="bbox 2224 4333 3714 4409">
    <p class='ocr_par' dir='ltr' id='par_1_85' title="bbox 2224 4333 3714 4409">
     <span class='ocr_line' id='line_1_85' title="bbox 2224 4333 3714 4409; baseline 0.005 -22"><span class='ocrx_word' id='word_1_636' title='bbox 2224 4333 2381 4403; x_wconf 81' lang='grc' dir='ltr'><strong>λόγος</strong></span> <span class='ocrx_word' id='word_1_637' title='bbox 2400 4334 2844 4409; x_wconf 77' lang='grc' dir='ltr'><strong>ἐξουθενημένος.</strong></span> <span class='ocrx_word' id='word_1_638' title='bbox 2875 4339 3046 4393; x_wconf 84' lang='grc' dir='ltr'><strong>Τοῦτο</strong></span> <span class='ocrx_word' id='word_1_639' title='bbox 3075 4339 3130 4394; x_wconf 84' lang='grc' dir='ltr'><strong>δὲ</strong></span> <span class='ocrx_word' id='word_1_640' title='bbox 3159 4339 3453 4409; x_wconf 75' lang='grc' dir='ltr'><strong>λογιζέσθω</strong></span> <span class='ocrx_word' id='word_1_641' title='bbox 3477 4342 3501 4393; x_wconf 84' lang='grc' dir='ltr'>ὀ</span> <span class='ocrx_word' id='word_1_642' title='bbox 3521 4335 3714 4397; x_wconf 70' lang='grc' dir='ltr'><strong>τοιοῦτος,</strong></span> 
     </span>
    </p>
   </div>
   <div class='ocr_carea' id='block_1_86' title="bbox 546 4421 2131 4504">
    <p class='ocr_par' dir='ltr' id='par_1_86' title="bbox 546 4433 2121 4504">
     <span class='ocr_line' id='line_1_86' title="bbox 546 4433 2121 4504; baseline 0.001 -17"><span class='ocrx_word' id='word_1_643' title='bbox 546 4434 637 4503; x_wconf 91' lang='lat' dir='ltr'><strong>qui</strong></span> <span class='ocrx_word' id='word_1_644' title='bbox 668 4433 930 4503; x_wconf 88' lang='lat' dir='ltr'><strong>ejusmodi</strong></span> <span class='ocrx_word' id='word_1_645' title='bbox 965 4443 1067 4498; x_wconf 89' lang='lat' dir='ltr'><strong>est,</strong></span> <span class='ocrx_word' id='word_1_646' title='bbox 1122 4433 1264 4504; x_wconf 89' lang='lat' dir='ltr'><strong>quod</strong></span> <span class='ocrx_word' id='word_1_647' title='bbox 1304 4433 1491 4503; x_wconf 86' lang='lat' dir='ltr'><strong>quales</strong></span> <span class='ocrx_word' id='word_1_648' title='bbox 1525 4448 1712 4487; x_wconf 90' lang='lat' dir='ltr'><strong>sumus</strong></span> <span class='ocrx_word' id='word_1_649' title='bbox 1738 4448 1989 4488; x_wconf 84' lang='lat' dir='ltr'><strong>sermone</strong></span> <span class='ocrx_word' id='word_1_650' title='bbox 2021 4450 2121 4504; x_wconf 89' lang='lat' dir='ltr'><strong>per</strong></span> 
     </span>
    </p>
   </div>
   <div class='ocr_carea' id='block_1_87' title="bbox 2233 4421 3714 4504">
    <p class='ocr_par' dir='ltr' id='par_1_87' title="bbox 2233 4421 3714 4499">
     <span class='ocr_line' id='line_1_87' title="bbox 2233 4421 3714 4499; baseline 0.006 -22"><span class='ocrx_word' id='word_1_651' title='bbox 2233 4425 2307 4478; x_wconf 75' lang='grc' dir='ltr'><strong>ὅτι</strong></span> <span class='ocrx_word' id='word_1_652' title='bbox 2366 4421 2469 4478; x_wconf 77' lang='grc' dir='ltr'><strong>οἶοί</strong></span> <span class='ocrx_word' id='word_1_653' title='bbox 2518 4429 2689 4495; x_wconf 79' lang='grc' dir='ltr'><strong>ἐσμεν</strong></span> <span class='ocrx_word' id='word_1_654' title='bbox 2744 4428 2822 4499; x_wconf 82' lang='grc' dir='ltr'><strong>τῷ</strong></span> <span class='ocrx_word' id='word_1_655' title='bbox 2887 4429 3031 4498; x_wconf 86' lang='grc' dir='ltr'><strong>λόγῳ</strong></span> <span class='ocrx_word' id='word_1_656' title='bbox 3079 4431 3149 4485; x_wconf 84' lang='grc' dir='ltr'><strong>δι’</strong></span> <span class='ocrx_word' id='word_1_657' title='bbox 3194 4432 3483 4486; x_wconf 78' lang='grc' dir='ltr'><strong>ἐπιστολῶν</strong></span> <span class='ocrx_word' id='word_1_658' title='bbox 3525 4429 3714 4487; x_wconf 72' lang='grc' dir='ltr'><strong>ἀπόντες,</strong></span> 
     </span>
    </p>
   </div>
   <div class='ocr_carea' id='block_1_88' title="bbox 545 4492 2131 4597">
    <p class='ocr_par' dir='ltr' id='par_1_88' title="bbox 545 4516 2123 4597">
     <span class='ocr_line' id='line_1_88' title="bbox 545 4516 2123 4597; baseline 0.003 -19"><span class='ocrx_word' id='word_1_659' title='bbox 545 4525 799 4597; x_wconf 84' lang='lat' dir='ltr'><strong>epistolas</strong></span> <span class='ocrx_word' id='word_1_660' title='bbox 851 4527 1121 4591; x_wconf 88' lang='lat' dir='ltr'><strong>absentes,</strong></span> <span class='ocrx_word' id='word_1_661' title='bbox 1180 4527 1313 4581; x_wconf 78' lang='lat' dir='ltr'><strong>tales</strong></span> <span class='ocrx_word' id='word_1_662' title='bbox 1366 4525 1535 4580; x_wconf 88' lang='lat' dir='ltr'><strong>etiam</strong></span> <span class='ocrx_word' id='word_1_663' title='bbox 1595 4516 1782 4580; x_wconf 86' lang='lat' dir='ltr'><strong>sumus</strong></span> <span class='ocrx_word' id='word_1_664' title='bbox 1832 4537 2123 4596; x_wconf 77' lang='lat' dir='ltr'><strong>praesentes</strong></span> 
     </span>
    </p>
   </div>
   <div class='ocr_carea' id='block_1_89' title="bbox 2233 4492 3715 4597">
    <p class='ocr_par' dir='ltr' id='par_1_89' title="bbox 2233 4492 3715 4591">
     <span class='ocr_line' id='line_1_89' title="bbox 2233 4492 3715 4591; baseline -0.003 -25"><span class='ocrx_word' id='word_1_665' title='bbox 2233 4514 2456 4569; x_wconf 84' lang='grc' dir='ltr'><strong>τοιοῦτοι</strong></span> <span class='ocrx_word' id='word_1_666' title='bbox 2484 4492 2867 4587; x_wconf 31' lang='grc' dir='ltr'><strong>καὶ-παρόντες</strong></span> <span class='ocrx_word' id='word_1_667' title='bbox 2891 4492 2973 4591; x_wconf 52' lang='lat' dir='ltr'><strong>et};</strong></span> <span class='ocrx_word' id='word_1_668' title='bbox 3000 4492 3165 4591; x_wconf 61' lang='grc' dir='ltr'><strong>ὲργῳ.</strong></span> <span class='ocrx_word' id='word_1_669' title='bbox 3202 4538 3222 4573; x_wconf 75' lang='grc' dir='ltr'><strong>ι</strong></span> <span class='ocrx_word' id='word_1_670' title='bbox 3265 4522 3329 4574; x_wconf 82' lang='grc' dir='ltr'>Ὀ</span> <span class='ocrx_word' id='word_1_671' title='bbox 3358 4519 3512 4588; x_wconf 80' lang='grc' dir='ltr'><strong>λέγει,</strong></span> <span class='ocrx_word' id='word_1_672' title='bbox 3537 4513 3715 4587; x_wconf 64' lang='grc' dir='ltr'><strong>τοιοῦτᾴν</strong></span> 
     </span>
    </p>
   </div>
   <div class='ocr_carea' id='block_1_90' title="bbox 546 4615 2124 4687">
    <p class='ocr_par' dir='ltr' id='par_1_90' title="bbox 546 4615 2124 4687">
     <span class='ocr_line' id='line_1_90' title="bbox 546 4615 2124 4687; baseline 0.003 -21"><span class='ocrx_word' id='word_1_673' title='bbox 546 4629 733 4687; x_wconf 87' lang='lat' dir='ltr'><strong>opere.</strong></span> <span class='ocrx_word' id='word_1_674' title='bbox 770 4630 790 4666; x_wconf 77' lang='grc' dir='ltr'><strong>ι</strong></span> <span class='ocrx_word' id='word_1_675' title='bbox 819 4615 969 4681; x_wconf 88' lang='lat' dir='ltr'><strong>Quod</strong></span> <span class='ocrx_word' id='word_1_676' title='bbox 1000 4617 1078 4669; x_wconf 85' lang='lat' dir='ltr'><strong>ait</strong></span> <span class='ocrx_word' id='word_1_677' title='bbox 1138 4626 1219 4669; x_wconf 89' lang='lat' dir='ltr'><strong>est</strong></span> <span class='ocrx_word' id='word_1_678' title='bbox 1252 4615 1557 4683; x_wconf 88' lang='lat' dir='ltr'><strong>hujusmodi</strong></span> <span class='ocrx_word' id='word_1_679' title='bbox 1597 4615 1936 4672; x_wconf 77' lang='lat' dir='ltr'><strong>:Potuissem</strong></span> <span class='ocrx_word' id='word_1_680' title='bbox 1968 4617 2124 4687; x_wconf 85' lang='lat' dir='ltr'><strong>equi-</strong></span> 
     </span>
    </p>
   </div>
   <div class='ocr_carea' id='block_1_91' title="bbox 546 4706 2121 4775">
    <p class='ocr_par' dir='ltr' id='par_1_91' title="bbox 546 4706 2121 4775">
     <span class='ocr_line' id='line_1_91' title="bbox 546 4706 2121 4775; baseline 0.002 -15"><span class='ocrx_word' id='word_1_681' title='bbox 546 4706 665 4764; x_wconf 89' lang='lat' dir='ltr'><strong>dem</strong></span> <span class='ocrx_word' id='word_1_682' title='bbox 692 4706 932 4774; x_wconf 80' lang='lat' dir='ltr'><strong>gloriari,</strong></span> <span class='ocrx_word' id='word_1_683' title='bbox 963 4708 1055 4763; x_wconf 90' lang='lat' dir='ltr'><strong>sed</strong></span> <span class='ocrx_word' id='word_1_684' title='bbox 1085 4723 1150 4769; x_wconf 82' lang='lat' dir='ltr'><strong>ne</strong></span> <span class='ocrx_word' id='word_1_685' title='bbox 1177 4707 1359 4761; x_wconf 86' lang='lat' dir='ltr'><strong>videar</strong></span> <span class='ocrx_word' id='word_1_686' title='bbox 1392 4717 1597 4763; x_wconf 86' lang='lat' dir='ltr'><strong>terrere</strong></span> <span class='ocrx_word' id='word_1_687' title='bbox 1634 4723 1733 4764; x_wconf 77' lang='lat' dir='ltr'><strong>vos</strong></span> <span class='ocrx_word' id='word_1_688' title='bbox 1766 4723 1860 4775; x_wconf 90' lang='lat' dir='ltr'><strong>per</strong></span> <span class='ocrx_word' id='word_1_689' title='bbox 1885 4707 2121 4774; x_wconf 89' lang='lat' dir='ltr'><strong>litteras,</strong></span> 
     </span>
    </p>
   </div>
   <div class='ocr_carea' id='block_1_92' title="bbox 544 4798 2118 4868">
    <p class='ocr_par' dir='ltr' id='par_1_92' title="bbox 544 4798 2118 4868">
     <span class='ocr_line' id='line_1_92' title="bbox 544 4798 2118 4868; baseline 0.003 -19"><span class='ocrx_word' id='word_1_690' title='bbox 544 4798 994 4867; x_wconf 84' lang='lat' dir='ltr'><strong>quemadmodum</strong></span> <span class='ocrx_word' id='word_1_691' title='bbox 1043 4800 1227 4854; x_wconf 87' lang='lat' dir='ltr'><strong>dicunt</strong></span> <span class='ocrx_word' id='word_1_692' title='bbox 1272 4801 1363 4868; x_wconf 90' lang='lat' dir='ltr'><strong>qui</strong></span> <span class='ocrx_word' id='word_1_693' title='bbox 1430 4814 1518 4854; x_wconf 90' lang='lat' dir='ltr'><strong>me</strong></span> <span class='ocrx_word' id='word_1_694' title='bbox 1570 4800 1972 4859; x_wconf 88' lang='lat' dir='ltr'><strong>calumniantur</strong></span> <span class='ocrx_word' id='word_1_695' title='bbox 2009 4819 2025 4860; x_wconf 69' lang='grc' dir='ltr'>ς</span> <span class='ocrx_word' id='word_1_696' title='bbox 2064 4802 2118 4855; x_wconf 82' lang='grc' dir='ltr'><strong>1η</strong></span> 
     </span>
    </p>
   </div>
   <div class='ocr_carea' id='block_1_93' title="bbox 544 4889 2118 4958">
    <p class='ocr_par' dir='ltr' id='par_1_93' title="bbox 544 4889 2118 4958">
     <span class='ocr_line' id='line_1_93' title="bbox 544 4889 2118 4958; baseline 0 -13"><span class='ocrx_word' id='word_1_697' title='bbox 544 4889 787 4958; x_wconf 88' lang='lat' dir='ltr'><strong>epistolis</strong></span> <span class='ocrx_word' id='word_1_698' title='bbox 811 4890 1032 4958; x_wconf 82' lang='lat' dir='ltr'><strong>grandis</strong></span> <span class='ocrx_word' id='word_1_699' title='bbox 1056 4898 1163 4954; x_wconf 88' lang='lat' dir='ltr'><strong>est,</strong></span> <span class='ocrx_word' id='word_1_700' title='bbox 1197 4899 1249 4944; x_wconf 84' lang='lat' dir='ltr'><strong>et</strong></span> <span class='ocrx_word' id='word_1_701' title='bbox 1280 4890 1545 4949; x_wconf 87' lang='lat' dir='ltr'><strong>horrenda</strong></span> <span class='ocrx_word' id='word_1_702' title='bbox 1577 4892 1800 4945; x_wconf 86' lang='lat' dir='ltr'><strong>scribit:</strong></span> <span class='ocrx_word' id='word_1_703' title='bbox 1830 4892 1918 4954; x_wconf 85' lang='lat' dir='ltr'><strong>ubi</strong></span> <span class='ocrx_word' id='word_1_704' title='bbox 1940 4904 2118 4947; x_wconf 84' lang='lat' dir='ltr'><strong>autem</strong></span> 
     </span>
    </p>
   </div>
   <div class='ocr_carea' id='block_1_94' title="bbox 542 4981 2117 5052">
    <p class='ocr_par' dir='ltr' id='par_1_94' title="bbox 542 4981 2117 5052">
     <span class='ocr_line' id='line_1_94' title="bbox 542 4981 2117 5052; baseline 0.001 -18"><span class='ocrx_word' id='word_1_705' title='bbox 542 4981 842 5044; x_wconf 80' lang='lat' dir='ltr'><strong>advenerit,</strong></span> <span class='ocrx_word' id='word_1_706' title='bbox 876 4981 1223 5050; x_wconf 84' lang='lat' dir='ltr'><strong>despicabilis</strong></span> <span class='ocrx_word' id='word_1_707' title='bbox 1256 4992 1308 5037; x_wconf 91' lang='lat' dir='ltr'><strong>et</strong></span> <span class='ocrx_word' id='word_1_708' title='bbox 1339 4982 1766 5052; x_wconf 83' lang='lat' dir='ltr'><strong>contemptibilis</strong></span> <span class='ocrx_word' id='word_1_709' title='bbox 1795 4989 1899 5047; x_wconf 90' lang='lat' dir='ltr'><strong>est,</strong></span> <span class='ocrx_word' id='word_1_710' title='bbox 1935 4983 2117 5052; x_wconf 78' lang='lat' dir='ltr'><strong>argui-</strong></span> 
     </span>
    </p>
   </div>
   <div class='ocr_carea' id='block_1_95' title="bbox 543 5072 2114 5144">
    <p class='ocr_par' dir='ltr' id='par_1_95' title="bbox 543 5072 2114 5144">
     <span class='ocr_line' id='line_1_95' title="bbox 543 5072 2114 5144; baseline 0.004 -20"><span class='ocrx_word' id='word_1_711' title='bbox 543 5080 744 5143; x_wconf 90' lang='lat' dir='ltr'><strong>turque</strong></span> <span class='ocrx_word' id='word_1_712' title='bbox 781 5085 887 5126; x_wconf 93' lang='lat' dir='ltr'><strong>non</strong></span> <span class='ocrx_word' id='word_1_713' title='bbox 926 5085 1049 5127; x_wconf 90' lang='lat' dir='ltr'><strong>esse</strong></span> <span class='ocrx_word' id='word_1_714' title='bbox 1096 5072 1218 5129; x_wconf 90' lang='lat' dir='ltr'><strong>talis</strong></span> <span class='ocrx_word' id='word_1_715' title='bbox 1256 5074 1433 5143; x_wconf 87' lang='lat' dir='ltr'><strong>qualis</strong></span> <span class='ocrx_word' id='word_1_716' title='bbox 1479 5084 1562 5130; x_wconf 91' lang='lat' dir='ltr'><strong>cst</strong></span> <span class='ocrx_word' id='word_1_717' title='bbox 1601 5074 1654 5127; x_wconf 94' lang='lat' dir='ltr'><strong>in</strong></span> <span class='ocrx_word' id='word_1_718' title='bbox 1707 5075 1925 5144; x_wconf 89' lang='lat' dir='ltr'><strong>scriptis</strong></span> <span class='ocrx_word' id='word_1_719' title='bbox 1979 5076 2114 5131; x_wconf 90' lang='lat' dir='ltr'><strong>suis.</strong></span> 
     </span>
    </p>
   </div>
   <div class='ocr_carea' id='block_1_96' title="bbox 544 5160 2123 5235">
    <p class='ocr_par' dir='ltr' id='par_1_96' title="bbox 544 5160 2123 5235">
     <span class='ocr_line' id='line_1_96' title="bbox 544 5160 2123 5235; baseline 0.003 -20"><span class='ocrx_word' id='word_1_720' title='bbox 544 5160 745 5216; x_wconf 81' lang='lat' dir='ltr'><strong>Verum</strong></span> <span class='ocrx_word' id='word_1_721' title='bbox 781 5170 1043 5231; x_wconf 78' lang='lat' dir='ltr'><strong>agnoscat</strong></span> <span class='ocrx_word' id='word_1_722' title='bbox 1089 5163 1339 5233; x_wconf 90' lang='lat' dir='ltr'><strong>quisquis</strong></span> <span class='ocrx_word' id='word_1_723' title='bbox 1376 5172 1460 5223; x_wconf 83' lang='lat' dir='ltr'><strong>est</strong></span> <span class='ocrx_word' id='word_1_724' title='bbox 1491 5164 1582 5235; x_wconf 90' lang='lat' dir='ltr'><strong>qui</strong></span> <span class='ocrx_word' id='word_1_725' title='bbox 1639 5162 1763 5221; x_wconf 81' lang='lat' dir='ltr'><strong>talia</strong></span> <span class='ocrx_word' id='word_1_726' title='bbox 1794 5164 1945 5229; x_wconf 91' lang='lat' dir='ltr'><strong>dicit,</strong></span> <span class='ocrx_word' id='word_1_727' title='bbox 1981 5164 2123 5233; x_wconf 86' lang='lat' dir='ltr'><strong>quod</strong></span> 
     </span>
    </p>
   </div>
   <div class='ocr_carea' id='block_1_97' title="bbox 543 5250 2123 5322">
    <p class='ocr_par' dir='ltr' id='par_1_97' title="bbox 543 5250 2123 5322">
     <span class='ocr_line' id='line_1_97' title="bbox 543 5250 2123 5322; baseline 0.001 -16"><span class='ocrx_word' id='word_1_728' title='bbox 543 5266 651 5307; x_wconf 88' lang='lat' dir='ltr'><strong>non</strong></span> <span class='ocrx_word' id='word_1_729' title='bbox 677 5253 848 5306; x_wconf 90' lang='lat' dir='ltr'><strong>solum</strong></span> <span class='ocrx_word' id='word_1_730' title='bbox 880 5250 1101 5322; x_wconf 81' lang='lat' dir='ltr'><strong>grandia</strong></span> <span class='ocrx_word' id='word_1_731' title='bbox 1132 5251 1564 5318; x_wconf 89' lang='lat' dir='ltr'><strong>interminamur,</strong></span> <span class='ocrx_word' id='word_1_732' title='bbox 1592 5266 1776 5307; x_wconf 87' lang='lat' dir='ltr'><strong>verum</strong></span> <span class='ocrx_word' id='word_1_733' title='bbox 1806 5253 1969 5307; x_wconf 86' lang='lat' dir='ltr'><strong>etiam</strong></span> <span class='ocrx_word' id='word_1_734' title='bbox 2001 5268 2123 5308; x_wconf 91' lang='lat' dir='ltr'><strong>cum</strong></span> 
     </span>
    </p>
   </div>
   <div class='ocr_carea' id='block_1_98' title="bbox 532 5336 2124 5415">
    <p class='ocr_par' dir='ltr' id='par_1_98' title="bbox 532 5336 2124 5415">
     <span class='ocr_line' id='line_1_98' title="bbox 532 5336 2124 5415; baseline 0.004 -19"><span class='ocrx_word' id='word_1_735' title='bbox 532 5336 840 5414; x_wconf 70' lang='lat' dir='ltr'><strong>praesentes</strong></span> <span class='ocrx_word' id='word_1_736' title='bbox 875 5343 1160 5411; x_wconf 89' lang='lat' dir='ltr'><strong>fuerimus,</strong></span> <span class='ocrx_word' id='word_1_737' title='bbox 1210 5345 1386 5400; x_wconf 91' lang='lat' dir='ltr'><strong>minas</strong></span> <span class='ocrx_word' id='word_1_738' title='bbox 1431 5344 1499 5399; x_wconf 89' lang='lat' dir='ltr'><strong>ad</strong></span> <span class='ocrx_word' id='word_1_739' title='bbox 1538 5342 1790 5407; x_wconf 76' lang='lat' dir='ltr'><strong>eﬁ&#39;eclum</strong></span> <span class='ocrx_word' id='word_1_740' title='bbox 1826 5345 2124 5415; x_wconf 80' lang='lat' dir='ltr'><strong>perducere</strong></span> 
     </span>
    </p>
   </div>
   <div class='ocr_carea' id='block_1_99' title="bbox 544 5447 852 5504">
    <p class='ocr_par' dir='ltr' id='par_1_99' title="bbox 544 5447 852 5504">
     <span class='ocr_line' id='line_1_99' title="bbox 544 5447 852 5504; baseline 0.003 -17"><span class='ocrx_word' id='word_1_741' title='bbox 544 5447 852 5504; x_wconf 89' lang='lat' dir='ltr'><strong>possumus.</strong></span> 
     </span>
    </p>
   </div>
   <div class='ocr_carea' id='block_1_100' title="bbox 614 5515 2121 5584">
    <p class='ocr_par' dir='ltr' id='par_1_100' title="bbox 614 5515 2121 5584">
     <span class='ocr_line' id='line_1_100' title="bbox 614 5515 2121 5584; baseline 0.003 -5"><span class='ocrx_word' id='word_1_742' title='bbox 614 5524 777 5581; x_wconf 74' lang='lat' dir='ltr'><strong>Vens.</strong></span> <span class='ocrx_word' id='word_1_743' title='bbox 812 5524 952 5581; x_wconf 65' lang='lat'><strong>12.1</strong></span> <span class='ocrx_word' id='word_1_744' title='bbox 989 5523 1103 5580; x_wconf 78' lang='lat' dir='ltr'><strong>Non</strong></span> <span class='ocrx_word' id='word_1_745' title='bbox 1133 5526 1279 5583; x_wconf 87' lang='lat' dir='ltr'><strong>enim</strong></span> <span class='ocrx_word' id='word_1_746' title='bbox 1309 5526 1570 5583; x_wconf 89' lang='lat' dir='ltr'><strong>audemus</strong></span> <span class='ocrx_word' id='word_1_747' title='bbox 1591 5515 1832 5584; x_wconf 83' lang='lat' dir='ltr'><strong>inserere</strong></span> <span class='ocrx_word' id='word_1_748' title='bbox 1861 5535 1953 5584; x_wconf 88' lang='lat' dir='ltr'><strong>aut</strong></span> <span class='ocrx_word' id='word_1_749' title='bbox 1974 5542 2121 5584; x_wconf 89' lang='lat' dir='ltr'><strong>com-</strong></span> 
     </span>
    </p>
   </div>
   <div class='ocr_carea' id='block_1_101' title="bbox 2218 4606 3713 4685">
    <p class='ocr_par' dir='ltr' id='par_1_101' title="bbox 2218 4606 3713 4685">
     <span class='ocr_line' id='line_1_101' title="bbox 2218 4606 3713 4685; baseline 0.006 -26"><span class='ocrx_word' id='word_1_750' title='bbox 2218 4606 2370 4660; x_wconf 85' lang='grc' dir='ltr'><strong>ἐστιν</strong></span> <span class='ocrx_word' id='word_1_751' title='bbox 2398 4622 2413 4636; x_wconf 75' lang='grc' dir='ltr'><strong><em>ο</em></strong></span> <span class='ocrx_word' id='word_1_752' title='bbox 2475 4608 2789 4681; x_wconf 83' lang='grc' dir='ltr'><strong>Ἡὸυνάμην</strong></span> <span class='ocrx_word' id='word_1_753' title='bbox 2821 4612 3230 4685; x_wconf 66' lang='grc' dir='ltr'><strong>καυχήσασθαι,</strong></span> <span class='ocrx_word' id='word_1_754' title='bbox 3280 4613 3393 4668; x_wconf 78' lang='grc' dir='ltr'><strong>ἀλλ’</strong></span> <span class='ocrx_word' id='word_1_755' title='bbox 3427 4612 3503 4665; x_wconf 83' lang='grc' dir='ltr'><strong>ἵνα</strong></span> <span class='ocrx_word' id='word_1_756' title='bbox 3528 4608 3592 4680; x_wconf 72' lang='grc' dir='ltr'><strong>μὴ</strong></span> <span class='ocrx_word' id='word_1_757' title='bbox 3619 4606 3713 4668; x_wconf 75' lang='grc' dir='ltr'><strong>δόξω</strong></span> 
     </span>
    </p>
   </div>
   <div class='ocr_carea' id='block_1_102' title="bbox 2218 4694 3709 4776">
    <p class='ocr_par' dir='ltr' id='par_1_102' title="bbox 2218 4694 3709 4776">
     <span class='ocr_line' id='line_1_102' title="bbox 2218 4694 3709 4776; baseline 0.003 -27"><span class='ocrx_word' id='word_1_758' title='bbox 2218 4698 2301 4750; x_wconf 83' lang='grc' dir='ltr'><strong>ὅτι</strong></span> <span class='ocrx_word' id='word_1_759' title='bbox 2332 4699 2551 4769; x_wconf 76' lang='grc' dir='ltr'><strong>ἐκφοδῶ</strong></span> <span class='ocrx_word' id='word_1_760' title='bbox 2583 4701 2729 4772; x_wconf 79' lang='grc' dir='ltr'><strong>ὑμᾶς</strong></span> <span class='ocrx_word' id='word_1_761' title='bbox 2769 4701 2859 4754; x_wconf 81' lang='grc' dir='ltr'><strong>διὰ</strong></span> <span class='ocrx_word' id='word_1_762' title='bbox 2908 4703 3018 4758; x_wconf 85' lang='grc' dir='ltr'><strong>τῶν</strong></span> <span class='ocrx_word' id='word_1_763' title='bbox 3070 4704 3434 4776; x_wconf 77' lang='grc' dir='ltr'><strong>γραμμάτιον,</strong></span> <span class='ocrx_word' id='word_1_764' title='bbox 3466 4697 3543 4756; x_wconf 78' lang='grc' dir='ltr'><strong>οἷα</strong></span> <span class='ocrx_word' id='word_1_765' title='bbox 3566 4699 3617 4768; x_wconf 75' lang='grc' dir='ltr'><strong>δὴ</strong></span> <span class='ocrx_word' id='word_1_766' title='bbox 3654 4694 3709 4746; x_wconf 80' lang='grc' dir='ltr'><strong>λέ·</strong></span> 
     </span>
    </p>
   </div>
   <div class='ocr_carea' id='block_1_103' title="bbox 2219 4791 3709 4867">
    <p class='ocr_par' dir='ltr' id='par_1_103' title="bbox 2219 4791 3709 4867">
     <span class='ocr_line' id='line_1_103' title="bbox 2219 4791 3709 4867; baseline -0.001 -25"><span class='ocrx_word' id='word_1_767' title='bbox 2219 4806 2407 4858; x_wconf 88' lang='grc' dir='ltr'><strong>γουσιν</strong></span> <span class='ocrx_word' id='word_1_768' title='bbox 2434 4792 2480 4845; x_wconf 92' lang='grc' dir='ltr'><strong>οί</strong></span> <span class='ocrx_word' id='word_1_769' title='bbox 2510 4791 2887 4858; x_wconf 62' lang='grc' dir='ltr'><strong>διαϐάλλοντες</strong></span> <span class='ocrx_word' id='word_1_770' title='bbox 2919 4810 3010 4865; x_wconf 89' lang='grc' dir='ltr'><strong>με,</strong></span> <span class='ocrx_word' id='word_1_771' title='bbox 3035 4795 3117 4849; x_wconf 81' lang='grc' dir='ltr'><strong>ὅτι</strong></span> <span class='ocrx_word' id='word_1_772' title='bbox 3138 4795 3420 4867; x_wconf 72' lang='grc' dir='ltr'><strong>Κομπάζει</strong></span> <span class='ocrx_word' id='word_1_773' title='bbox 3442 4797 3496 4846; x_wconf 83' lang='grc' dir='ltr'><strong>ἐν</strong></span> <span class='ocrx_word' id='word_1_774' title='bbox 3515 4793 3611 4852; x_wconf 86' lang='grc' dir='ltr'><strong>ταῖς</strong></span> <span class='ocrx_word' id='word_1_775' title='bbox 3630 4791 3709 4841; x_wconf 77' lang='grc' dir='ltr'><strong>ἐπι·</strong></span> 
     </span>
    </p>
   </div>
   <div class='ocr_carea' id='block_1_104' title="bbox 2220 4880 3708 4961">
    <p class='ocr_par' dir='ltr' id='par_1_104' title="bbox 2220 4880 3708 4961">
     <span class='ocr_line' id='line_1_104' title="bbox 2220 4880 3708 4961; baseline 0.005 -24"><span class='ocrx_word' id='word_1_776' title='bbox 2220 4884 2454 4951; x_wconf 84' lang='grc' dir='ltr'><strong>στολαῖς.</strong></span> <span class='ocrx_word' id='word_1_777' title='bbox 2488 4887 2581 4939; x_wconf 74' lang='grc' dir='ltr'><strong>καὶ</strong></span> <span class='ocrx_word' id='word_1_778' title='bbox 2622 4887 2831 4960; x_wconf 79' lang='grc' dir='ltr'><strong>φοϐερὰ</strong></span> <span class='ocrx_word' id='word_1_779' title='bbox 2855 4890 3163 4944; x_wconf 79' lang='grc' dir='ltr'><strong>ἐπιστέλλει</strong></span> <span class='ocrx_word' id='word_1_780' title='bbox 3188 4906 3203 4921; x_wconf 75' lang='grc'><strong><em>⁸</em></strong></span> <span class='ocrx_word' id='word_1_781' title='bbox 3238 4889 3636 4961; x_wconf 75' lang='grc' dir='ltr'><strong>παραγενόμενος</strong></span> <span class='ocrx_word' id='word_1_782' title='bbox 3655 4880 3708 4939; x_wconf 64' lang='grc' dir='ltr'><strong>δῖι</strong></span> 
     </span>
    </p>
   </div>
   <div class='ocr_carea' id='block_1_105' title="bbox 2219 4965 3709 5065">
    <p class='ocr_par' dir='ltr' id='par_1_105' title="bbox 2219 4965 3709 5065">
     <span class='ocr_line' id='line_1_105' title="bbox 2219 4965 3709 5065; baseline 0.019 -38"><span class='ocrx_word' id='word_1_783' title='bbox 2219 4977 2699 5052; x_wconf 62' lang='grc' dir='ltr'><strong>εὐκαταφρόνητός</strong></span> <span class='ocrx_word' id='word_1_784' title='bbox 2744 4982 2886 5047; x_wconf 84' lang='grc' dir='ltr'><strong>ἐστι,</strong></span> <span class='ocrx_word' id='word_1_785' title='bbox 2947 4982 3046 5036; x_wconf 78' lang='grc' dir='ltr'><strong>καὶ</strong></span> <span class='ocrx_word' id='word_1_786' title='bbox 3094 4983 3372 5065; x_wconf 74' lang='grc' dir='ltr'><strong>ἐλέγχεται</strong></span> <span class='ocrx_word' id='word_1_787' title='bbox 3430 4980 3501 5051; x_wconf 78' lang='grc' dir='ltr'><strong>μὴ</strong></span> <span class='ocrx_word' id='word_1_788' title='bbox 3537 4976 3600 5031; x_wconf 70' lang='grc' dir='ltr'><strong>ὢν</strong></span> 
     </span>
    </p>
   </div>
   <div class='ocr_carea' id='block_1_106' title="bbox 2222 5058 3709 5147">
    <p class='ocr_par' dir='ltr' id='par_1_106' title="bbox 2222 5058 3709 5147">
     <span class='ocr_line' id='line_1_106' title="bbox 2222 5058 3709 5147; baseline 0.003 -24"><span class='ocrx_word' id='word_1_789' title='bbox 2222 5071 2428 5142; x_wconf 73' lang='grc' dir='ltr'><strong>γράφει</strong></span> <span class='ocrx_word' id='word_1_790' title='bbox 2447 5089 2460 5102; x_wconf 92' lang='grc'>·</span> <span class='ocrx_word' id='word_1_791' title='bbox 2511 5071 2649 5137; x_wconf 72' lang='grc' dir='ltr'><strong>ἀλλὰ</strong></span> <span class='ocrx_word' id='word_1_792' title='bbox 2702 5076 3040 5143; x_wconf 78' lang='grc' dir='ltr'><strong>γινωσκέτω,</strong></span> <span class='ocrx_word' id='word_1_793' title='bbox 3083 5058 3270 5147; x_wconf 72' lang='grc' dir='ltr'><strong>φησιν,</strong></span> <span class='ocrx_word' id='word_1_794' title='bbox 3327 5076 3468 5136; x_wconf 85' lang='grc' dir='ltr'><strong>ὅστις</strong></span> <span class='ocrx_word' id='word_1_795' title='bbox 3497 5070 3539 5107; x_wconf 69' lang='grc'><strong>⁸⁸</strong></span> <span class='ocrx_word' id='word_1_796' title='bbox 3570 5067 3622 5121; x_wconf 82' lang='grc' dir='ltr'><strong>ἂν</strong></span> <span class='ocrx_word' id='word_1_797' title='bbox 3648 5058 3709 5135; x_wconf 70' lang='grc' dir='ltr'><strong>ᾖδ</strong></span> 
     </span>
    </p>
   </div>
   <div class='ocr_carea' id='block_1_107' title="bbox 2217 5152 3707 5237">
    <p class='ocr_par' dir='ltr' id='par_1_107' title="bbox 2217 5152 3707 5237">
     <span class='ocr_line' id='line_1_107' title="bbox 2217 5152 3707 5237; baseline 0.003 -23"><span class='ocrx_word' id='word_1_798' title='bbox 2217 5161 2394 5223; x_wconf 85' lang='grc' dir='ltr'><strong>ταῦτα</strong></span> <span class='ocrx_word' id='word_1_799' title='bbox 2416 5161 2615 5233; x_wconf 72' lang='grc' dir='ltr'><strong>λέγων,</strong></span> <span class='ocrx_word' id='word_1_800' title='bbox 2639 5164 2721 5225; x_wconf 85' lang='grc' dir='ltr'><strong>ὃτι</strong></span> <span class='ocrx_word' id='word_1_801' title='bbox 2752 5164 2812 5228; x_wconf 68' lang='grc' dir='ltr'><strong>οὐ</strong></span> <span class='ocrx_word' id='word_1_802' title='bbox 2842 5165 3011 5235; x_wconf 82' lang='grc' dir='ltr'><strong>μόνον</strong></span> <span class='ocrx_word' id='word_1_803' title='bbox 3043 5166 3378 5237; x_wconf 75' lang='grc' dir='ltr'><strong>ἁπειλοῦμεν</strong></span> <span class='ocrx_word' id='word_1_804' title='bbox 3409 5160 3581 5235; x_wconf 78' lang='grc' dir='ltr'><strong>βαρέα,</strong></span> <span class='ocrx_word' id='word_1_805' title='bbox 3612 5152 3707 5208; x_wconf 58' lang='grc' dir='ltr'><strong>ἀλλά</strong></span> 
     </span>
    </p>
   </div>
   <div class='ocr_carea' id='block_1_108' title="bbox 2220 5243 3706 5339">
    <p class='ocr_par' dir='ltr' id='par_1_108' title="bbox 2220 5243 3706 5339">
     <span class='ocr_line' id='line_1_108' title="bbox 2220 5243 3706 5339; baseline -0.001 -30"><span class='ocrx_word' id='word_1_806' title='bbox 2220 5255 2317 5309; x_wconf 73' lang='grc' dir='ltr'><strong>καὶ</strong></span> <span class='ocrx_word' id='word_1_807' title='bbox 2339 5255 2618 5328; x_wconf 85' lang='grc' dir='ltr'><strong>δυνάμεθα</strong></span> <span class='ocrx_word' id='word_1_808' title='bbox 2656 5257 2925 5330; x_wconf 82' lang='grc' dir='ltr'><strong>παρόντες</strong></span> <span class='ocrx_word' id='word_1_809' title='bbox 2956 5260 3039 5324; x_wconf 85' lang='grc' dir='ltr'><strong>είς</strong></span> <span class='ocrx_word' id='word_1_810' title='bbox 3083 5259 3243 5339; x_wconf 79' lang='grc' dir='ltr'><strong>ἔργον</strong></span> <span class='ocrx_word' id='word_1_811' title='bbox 3296 5259 3390 5325; x_wconf 74' lang='grc' dir='ltr'><strong>τὰς</strong></span> <span class='ocrx_word' id='word_1_812' title='bbox 3429 5248 3623 5317; x_wconf 77' lang='grc' dir='ltr'><strong>ἀπειλὰς</strong></span> <span class='ocrx_word' id='word_1_813' title='bbox 3645 5243 3706 5308; x_wconf 62' lang='grc' dir='ltr'><strong>ἐξ·</strong></span> 
     </span>
    </p>
   </div>
   <div class='ocr_carea' id='block_1_109' title="bbox 2216 5350 2484 5421">
    <p class='ocr_par' dir='ltr' id='par_1_109' title="bbox 2216 5350 2484 5421">
     <span class='ocr_line' id='line_1_109' title="bbox 2216 5350 2484 5421; baseline 0.004 -19"><span class='ocrx_word' id='word_1_814' title='bbox 2216 5350 2484 5421; x_wconf 79' lang='grc' dir='ltr'><strong>ενεγκεῖν.</strong></span> 
     </span>
    </p>
   </div>
   <div class='ocr_carea' id='block_1_110' title="bbox 2296 5520 3701 5607">
    <p class='ocr_par' dir='ltr' id='par_1_110' title="bbox 2296 5520 3701 5607">
     <span class='ocr_line' id='line_1_110' title="bbox 2296 5520 3701 5607; baseline -0.011 -21"><span class='ocrx_word' id='word_1_815' title='bbox 2296 5550 2317 5585; x_wconf 79' lang='grc' dir='ltr'><strong>ι</strong></span> <span class='ocrx_word' id='word_1_816' title='bbox 2358 5532 2434 5587; x_wconf 84' lang='grc' dir='ltr'><strong>Οὐ</strong></span> <span class='ocrx_word' id='word_1_817' title='bbox 2482 5534 2590 5606; x_wconf 73' lang='grc' dir='ltr'><strong>γὰρ</strong></span> <span class='ocrx_word' id='word_1_818' title='bbox 2627 5532 2919 5606; x_wconf 85' lang='grc' dir='ltr'><strong>τολμῶμεν</strong></span> <span class='ocrx_word' id='word_1_819' title='bbox 2972 5536 3221 5605; x_wconf 78' lang='grc' dir='ltr'><strong>ἐγκρῖναι</strong></span> <span class='ocrx_word' id='word_1_820' title='bbox 3260 5530 3578 5607; x_wconf 76' lang='grc' dir='ltr'><strong>ήσυγκρῖναι</strong></span> <span class='ocrx_word' id='word_1_821' title='bbox 3616 5520 3701 5573; x_wconf 65' lang='grc' dir='ltr'><strong>ίαν·</strong></span> 
     </span>
    </p>
   </div>
   <div class='ocr_carea' id='block_1_111' title="bbox 1846 5644 2406 5710">
    <p class='ocr_par' dir='ltr' id='par_1_111' title="bbox 1846 5644 2406 5710">
     <span class='ocr_line' id='line_1_111' title="bbox 1846 5644 2406 5710; baseline 0.009 -5"><span class='ocrx_word' id='word_1_822' title='bbox 1846 5644 2047 5706; x_wconf 72' lang='lat' dir='ltr'><strong>Variaa</strong></span> <span class='ocrx_word' id='word_1_823' title='bbox 2073 5645 2406 5710; x_wconf 87' lang='lat' dir='ltr'><strong>lectiones.</strong></span> 
     </span>
    </p>
   </div>
   <div class='ocr_carea' id='block_1_112' title="bbox 616 5740 1080 5797">
    <p class='ocr_par' dir='ltr' id='par_1_112' title="bbox 616 5740 1080 5797">
     <span class='ocr_line' id='line_1_112' title="bbox 616 5740 1080 5797; baseline 0.004 -2"><span class='ocrx_word' id='word_1_824' title='bbox 616 5741 663 5773; x_wconf 80' lang='lat'>”</span> <span class='ocrx_word' id='word_1_825' title='bbox 692 5740 992 5795; x_wconf 79' lang='grc' dir='ltr'><strong>αἰνίττεται</strong></span> <span class='ocrx_word' id='word_1_826' title='bbox 1026 5757 1080 5797; x_wconf 89' lang='lat' dir='ltr'><strong>o.</strong></span> 
     </span>
    </p>
   </div>
   <div class='ocr_carea' id='block_1_113' title="bbox 1182 5743 1688 5816">
    <p class='ocr_par' dir='ltr' id='par_1_113' title="bbox 1182 5743 1688 5816">
     <span class='ocr_line' id='line_1_113' title="bbox 1182 5743 1688 5816; baseline 0.004 -18"><span class='ocrx_word' id='word_1_827' title='bbox 1182 5745 1223 5776; x_wconf 87' lang='grc'><strong>⁸¹</strong></span> <span class='ocrx_word' id='word_1_828' title='bbox 1261 5743 1587 5816; x_wconf 82' lang='grc' dir='ltr'><strong>λαμϐανέτω</strong></span> <span class='ocrx_word' id='word_1_829' title='bbox 1636 5760 1688 5802; x_wconf 89' lang='lat'><strong>0.</strong></span> 
     </span>
    </p>
   </div>
   <div class='ocr_carea' id='block_1_114' title="bbox 550 5808 1074 5893">
    <p class='ocr_par' dir='ltr' id='par_1_114' title="bbox 550 5808 1074 5893">
     <span class='ocr_line' id='line_1_114' title="bbox 550 5808 1074 5893; baseline 0.004 -29"><span class='ocrx_word' id='word_1_830' title='bbox 550 5826 650 5893; x_wconf 74' lang='grc' dir='ltr'><strong>μιν</strong></span> <span class='ocrx_word' id='word_1_831' title='bbox 676 5827 730 5867; x_wconf 93' lang='lat' dir='ltr'><strong>o.</strong></span> <span class='ocrx_word' id='word_1_832' title='bbox 805 5813 849 5845; x_wconf 73' lang='lat'><strong>“</strong></span> <span class='ocrx_word' id='word_1_833' title='bbox 878 5808 987 5877; x_wconf 77' lang='grc' dir='ltr'><strong>οἷος</strong></span> <span class='ocrx_word' id='word_1_834' title='bbox 1019 5827 1074 5867; x_wconf 91' lang='lat' dir='ltr'><strong>o.</strong></span> 
     </span>
    </p>
   </div>
   <div class='ocr_carea' id='block_1_115' title="bbox 1795 5746 2235 5817">
    <p class='ocr_par' dir='ltr' id='par_1_115' title="bbox 1795 5746 2235 5817">
     <span class='ocr_line' id='line_1_115' title="bbox 1795 5746 2235 5817; baseline 0.011 -17"><span class='ocrx_word' id='word_1_835' title='bbox 1795 5748 1838 5780; x_wconf 76' lang='grc' dir='ltr'><strong>ι·</strong></span> <span class='ocrx_word' id='word_1_836' title='bbox 1872 5746 2137 5817; x_wconf 76' lang='grc' dir='ltr'><strong>ἐλάϐομεν</strong></span> <span class='ocrx_word' id='word_1_837' title='bbox 2182 5762 2235 5805; x_wconf 91' lang='grc' dir='ltr'><strong>ο.</strong></span> 
     </span>
    </p>
   </div>
   <div class='ocr_carea' id='block_1_116' title="bbox 2338 5730 3696 5831">
    <p class='ocr_par' dir='ltr' id='par_1_116' title="bbox 2338 5730 3696 5831">
     <span class='ocr_line' id='line_1_116' title="bbox 2338 5730 3696 5831; baseline -0.01 -23"><span class='ocrx_word' id='word_1_838' title='bbox 2338 5752 2385 5791; x_wconf 73' lang='grc'><strong>⁸³</strong></span> <span class='ocrx_word' id='word_1_839' title='bbox 2426 5749 2795 5822; x_wconf 80' lang='grc' dir='ltr'><strong>οἰκοδομῶμεν</strong></span> <span class='ocrx_word' id='word_1_840' title='bbox 2834 5748 3267 5831; x_wconf 72' lang='grc' dir='ltr'><strong>εὐεργετοῦντες,</strong></span> <span class='ocrx_word' id='word_1_841' title='bbox 3295 5748 3386 5821; x_wconf 80' lang='grc' dir='ltr'><strong>οὐχ</strong></span> <span class='ocrx_word' id='word_1_842' title='bbox 3409 5745 3484 5799; x_wconf 78' lang='grc' dir='ltr'><strong>ἵνα</strong></span> <span class='ocrx_word' id='word_1_843' title='bbox 3518 5730 3696 5795; x_wconf 63' lang='grc' dir='ltr'><strong>κολάξωε</strong></span> 
     </span>
    </p>
   </div>
  </div>
