3898 6584
185 496 281 561 905

954 490 1139 552 ΙῗΧΓ(
1158 488 1362 550 Sl'IlO
1405 491 1481 550 ΙΝ
1519 489 1756 552 EPIST.
1799 489 1860 550 ΙΙ
1895 491 1994 552 AD
2031 490 2198 553 COR.
2231 517 2300 532 ·-
2337 493 2492 554 CAP.
2536 493 2603 554 X.

3303 491 3406 555 906

182 615 293 675 τούς
321 625 426 662 τισι
461 606 566 660 τῶν
603 602 830 667 ἑαυτοὺς
892 603 1342 657 συνιστανόντων.
1383 619 1402 652 ι
1463 600 1730 654 Ἐνταῦθα

1852 616 2027 657 )arare
2060 617 2159 659 nos
2193 595 2512 673 quibusdam
2553 603 2642 674 qui
2690 602 2902 672 seipsos
2935 617 3184 658 counucn
3210 603 3341 661 lant.
3387 625 3405 659 ι

179 702 424 768 ἀλαζόνας
449 699 716 753 δείκνυσιν
755 695 914 759 ὄντας
936 697 1199 762 ἐκείνους,
1231 695 1325 749 καὶ
1359 695 1572 766 μεγάλα
1602 695 1732 765 περὶ

186 793 384 849 ἐαυτῶν
423 789 832 860 καυχωμένους.
863 787 1032 858 Φησὶν
1069 782 1185 866 οὖν,
1224 787 1307 841 ὅτι
1341 804 1362 839 ε
1399 786 1474 841 Οὐ
1520 786 1734 859 τολμῶ-

181 904 270 958 μεν
297 885 454 955 ἡμεῖς
484 883 734 954 ἐγκρῖναι
763 881 1014 944 ἑαυτοὺς,
1044 899 1064 934 ι
1093 882 1365 948 τουτέστι,
1391 880 1733 954 συναριθμῆ-

181 994 301 1032 σαι·
345 996 365 1028 ι
401 975 434 1046 ἢ
470 977 777 1044 συγκρῖναι,
814 991 832 1025 ι
865 972 1143 1028 τουτέστιν
1176 976 1244 1041 ⁸⁸,
1275 972 1752 1045 ἀντιπαραθεῖναι-’-

179 1071 384 1132 ἑαυτοὺς
413 1069 525 1122 τισὶ
550 1068 758 1121 τούτων
801 1066 911 1120 τῶν
947 1067 1174 1129 ἑαυτοὺς
1203 1063 1598 1121 ἐπαινούντων.

247 1182 266 1216 ‹
315 1161 455 1216 Ἀλλ’
501 1161 654 1216 αὐτοὶ
704 1159 762 1212 ἐν
821 1160 1039 1221 ἑαυτοῖς
1099 1158 1330 1222 ἐαυτοῦς
1383 1156 1730 1229 μετροῦντες,

177 1258 259 1311 καὶ
286 1253 662 1324 συγκρίνοντες
711 1251 940 1315 ἑαυτοὺς
983 1252 1219 1318 ἑαυτοῖς,
1263 1251 1326 1304 οὺ
1375 1250 1668 1305 συνιοῦσιν.
1707 1267 1728 1301 ι

187 1351 416 1412 Ἐκεῖνοι,
454 1345 642 1416 φησὶν,
665 1344 766 1398 οὐκ
801 1343 1017 1410 ἀξιοῦσι
1069 1343 1208 1415 πρός
1235 1359 1392 1404 τινας
1431 1341 1609 1396 ἄλλων
1639 1341 1735 1393 ἀν-

181 1551 340 1588 νονται
369 1533 462 1586 καὶ
498 1530 837 1602 ἁμιλλῶνται
866 1530 1003 1600 πρὸς
1035 1528 1324 1599 ἀλλήλους,
1347 1527 1443 1581 καὶ
1481 1527 1581 1580 οὐκ
1613 1528 1733 1579 αἰσ-

179 1626 408 1680 θάνονται
427 1624 547 1688 πῶς
575 1623 683 1676 είσι
720 1621 1124 1688 καταγέλαστοι
1155 1619 1385 1674 τοιαῦτα
1411 1618 1737 1684 ἀλαζονευό-

182 1735 331 1789 μενοι.
396 1717 670 1778 Ἕκαστος
714 1715 822 1786 γὰρ
876 1712 1072 1766 ἑαυτὸν
1131 1711 1368 1784 κρείττω
1414 1712 1611 1780 λέγων,
1644 1710 1736 1763 τὸν

177 1810 344 1880 ἓτερον
385 1807 754 1862 καταϐάλλει·
791 1805 887 1859 καὶ
935 1804 1080 1859 οῦτω
1126 1803 1327 1868 πάντες
1367 1803 1436 1857 δι’
1491 1802 1736 1873 ἀλλήλων

180 1903 430 1971 εὐδόκιμοι
459 1900 743 1971 φαίνονται
764 1915 778 1930 ο
831 1899 974 1970 ὅπερ
999 1897 1214 1968 γελοῖον
1266 1896 1325 1951 ὃν
1364 1898 1426 1950 οὐ
1453 1895 1732 1950 συνιοῦσιν

179 1994 333 2050 αὐτοί.

243 2102 260 2133 ι
298 2085 484 2153 Ἡμεῖς
516 2082 576 2136 δὲ
622 2083 724 2136 οὐκ
776 2082 858 2145 είς
896 2080 971 2136 τὰ
1014 2081 1229 2152 ἄμετρα
1263 2079 1672 2152 καυχησόμεθα.
1711 2099 1729 2131 ι

190 2175 394 2230 Ἐκεῖνοι
414 2177 525 2247 γὰρ
555 2176 718 2248 τυχὸν
745 2174 1123 2247 κομπάζοντες
1153 2175 1362 2244 ἔλεγον,
1389 2175 1471 2229 ὅτι
1494 2174 1638 2249 Πρὸς
1667 2174 1736 2227 τά

181 2269 369 2339 πέρατα
420 2268 525 2338 τῆς
580 2268 683 2338 γῆς
738 2266 1076 2338 ἀφικόμεθα,
1117 2267 1214 2320 καὶ
1259 2265 1358 2336 τὴν
1407 2266 1738 2336 οἰκουμένην

182 2357 598 2428 ἐπεστρέψαμεν.
641 2356 781 2411 Ἀλλ’
818 2358 982 2427 ἡμεῖς
1014 2357 1114 2428 οὐχ
1139 2354 1306 2421 οὕτω,
1339 2354 1530 2427 φησίν.

243 2470 260 2502 t
304 2451 458 2504 Ἀλλά
491 2451 639 2504 κατά
679 2451 740 2504 τὸ
777 2449 979 2522 μέτρον
1034 2449 1130 2502 τοῦ
1161 2448 1408 2513 κανόνος,
1439 2441 1500 2502 οὗ
1546 2442 1739 2518 ἐμέρι-

184 2566 261 2599 σεν
290 2548 332 2579 ⁸⁸
379 2550 510 2618 ἡμῖν
571 2549 600 2600 6
651 2545 783 2610 θεὸς
850 2544 1078 2616 μέτρου,
1114 2542 1403 2612 ἐφικέσθαι
1450 2541 1580 2614 ἄχρι
1643 2539 1738 2595 καὶ

185 2639 335 2708 ὑμῶν.
370 2657 389 2691 ι
418 2639 633 2708 Ὥσπερ
652 2639 922 2707 γεωργοῖς
951 2635 1256 2706 ἀμπελῶνα
1277 2633 1503 2704 διαιρῶν
1532 2635 1558 2687 ό
1580 2631 1736 2698 Θεὸς,

183 2730 304 2784 οὕτω
356 2731 448 2784 καὶ
520 2731 659 2801 ἡμῖν
710 2731 822 2791 τοῖς
885 2727 1208 2790 ἀποστόλοις
1259 2726 1360 2798 τὴν
1412 2725 1740 2795 οἰκουμένην

184 2821 452 2893 ἀφώρισεν.
494 2820 660 2875 Κατά
714 2819 808 2874 οῦν
865 2819 927 2873 τὸ
982 2819 1182 2890 μέτρον
1231 2817 1326 2872 τοῦ
1388 2817 1637 2882 κανόνος,
1678 2809 1740 2871 οῦ

183 2912 412 2983 ἐμέρισεν
433 2915 571 2985 ἡμῖν
595 2914 622 2966 6
661 2911 818 2976 Θεὸς,
849 2911 1265 2982 καυχησόμεθα.
1321 2911 1482 2964 Ποῖον
1511 2909 1568 2964 δέ
1620 2911 1741 2963 ἐστι

184 3003 234 3052 τὸ
267 3002 492 3072 μέτρον;
532 3001 634 3066 Τὸ,
688 3018 708 3052 ι
750 3003 945 3073 Ἀχρις
974 3001 1126 3072 ὑμῶν
1156 2998 1476 3070 ἀφικέσθαι.
1517 3017 1536 3051 ι
1587 2998 1742 3052 Ἐπεὶ

184 3088 262 3146 σῦν
284 3094 432 3146 τοῦτό
481 3096 640 3147 ἐστιν
685 3093 841 3164 ἡμῶν
893 3093 953 3146 τὸ
1001 3092 1224 3164 μέτρον,
1275 3091 1405 3162 ἄχρι
1458 3092 1552 3146 καὶ
1585 3089 1742 3162 ὑμῶν

188 3186 508 3258 καυχώμεθα.
576 3246 578 3248 _

1835 694 1934 750 llic
1954 694 2073 749 illos
2098 707 2416 766 arrogantes
2443 710 2563 751 esse
2583 697 2840 761 ostendit,
2873 711 2936 752 ac
2969 698 3136 750 multa
3164 700 3407 768 adeoque

1834 803 2027 858 magna
2053 788 2119 843 de
2147 789 2341 860 seipsis
2370 789 2662 860 iactantes.
2690 790 2833 845 Dicit
2857 790 3020 862 igitur
3052 808 3066 845 :
3101 809 3122 844 ι
3162 792 3269 847 Nos
3302 810 3405 848 non

1833 881 2094 935 audemus
2120 879 2360 935 inserere
2395 880 2660 949 nosipsos,
2692 900 2709 933 ι
2739 884 2840 937 hoc
2867 891 2972 946 est,
2997 897 3435 950 connumerare,‘

1840 973 2356 1043 (velzcompararen
2394 973 2494 1029 hoc
2522 980 2625 1036 est,
2659 989 2930 1045 opponere
2965 990 3063 1032 nos
3089 977 3410 1046 quibusdam

1835 1077 2024 1118 eorum
2056 1062 2149 1134 qui
2180 1063 2388 1133 seipsos
2419 1063 2734 1133 prmdicant.

1916 1175 1935 1207 ι
1977 1155 2084 1211 Sed
2119 1155 2217 1225 ipsi
2259 1157 2311 1209 in
2347 1156 2540 1225 scipsis
2570 1156 2780 1226 seipsos
2823 1157 3132 1225 metientes,
3177 1170 3232 1215 ct
3261 1175 3413 1215 com-

1839 1257 2093 1318 parantes
2128 1249 2338 1318 seipsos
2391 1248 2652 1318 sibiipsis,
2705 1263 2814 1304 non
2852 1251 3181 1320 intelligunt.
3241 1271 3259 1304 ι
3305 1253 3411 1315 Ιιιῑ,

1840 1341 2039 1410 inquit,
2071 1340 2135 1396 ad
2167 1342 2477 1412 quempiam
2511 1342 2741 1397 aliormn
2774 1343 3012 1398 conferri
3059 1361 3161 1398 non
3196 1346 3417 1416 dignm:-

1838 1442 1946 1501 tur,
1986 1433 2081 1488 scd
2122 1434 2222 1504 ipsi
2268 1434 2509 1505 sibiipsis
2550 1433 2924 1500 conferuntur,
2985 1452 3278 1506 secumque
3315 1438 3417 1506 ipsi

1839 1534 2052 1581 certant
2080 1541 2206 1596 erga
2231 1540 2290 1580 se
2323 1535 2528 1591 mutuo,
2560 1542 2658 1582 nec
2685 1528 2930 1582 sentiunt
2956 1543 3115 1598 quam
3148 1529 3256 1583 sint
3289 1529 3420 1583 ridi--

1838 1617 1944 1672 culi
1973 1618 2045 1671 ita
2081 1633 2201 1673 sese
2221 1609 2994 1690 ostentantes-Unusthisque
3019 1620 3162 1675 enim
3182 1621 3415 1690 seipsum

1841 1709 2118 1765 meliorem
2142 1710 2350 1778 dicens,
2373 1709 2602 1766 alterum
2628 1711 2833 1781 dejicil,
2862 1711 3047 1782 sicque
3064 1727 3252 1769 omnes
3278 1713 3418 1768 inter

1840 1816 1899 1856 se
1935 1813 2121 1856 mutuo
2153 1801 2395 1873 insignes
2429 1804 2700 1859 videntur.
2736 1803 2888 1870 Quod
2919 1821 3082 1876 quam
3130 1806 3418 1862 ridiculum

1841 1892 1932 1958 sit,
1964 1893 2064 1963 ipsi
2087 1893 2555 1968 non"intelligunt.

1913 2079 2076 2136 Vens.
2110 2079 2196 2133 1’5.
2229 2097 2248 2130 ι
2287 2078 2393 2134 Nos
2417 2089 2594 2135 autem
2637 2096 2738 2134 non
2769 2082 2821 2135 in
2861 2081 3182 2137 immensum
3217 2083 3421 2154 gloria-

1840 2171 2039 2226 bimur.
2080 2190 2098 2223 ι
2147 2169 2225 2225 llli
2262 2173 2405 2226 enim
2441 2170 2670 2226 fortasse
2706 2173 3000 2242 gloriantes
3039 2174 3312 2243 dicebant,
3340 2177 3420 2229 Ad

1841 2263 1978 2318 ﬁnes
2010 2273 2168 2318 terra:
2199 2264 2548 2330 accessimus,
2583 2265 2878 2336 orbemque
2903 2277 3166 2323 terrarum
3195 2284 3423 2326 conver-

1840 2359 2023 2412 timus.
2055 2358 2122 2410 At
2144 2372 2243 2412 nos
2269 2372 2376 2411 non
2401 2357 2502 2422 sic,
2540 2357 2735 2428 inquit.

1917 2464 1936 2496 ι
1972 2445 2077 2500 Sed
2113 2446 2262 2512 juxta
2307 2461 2614 2502 mensuram
2675 2446 2873 2519 regula;
2918 2465 3026 2521 qua
3076 2450 3232 2508 nobis
3282 2453 3422 2508 Deus

1841 2537 2071 2608 partitus
2095 2545 2182 2591 est
2207 2552 2539 2600 mensuram.
2568 2539 2905 2608 pertingcndi
2938 2555 3106 2610 usque
3137 2542 3204 2596 ad
3240 2558 3358 2599 vos.
3395 2565 3414 2595 ι

1840 2629 2302 2697 Quemadmodum
2342 2629 2554 2685 colonis
2593 2630 2804 2686 vineam
2841 2631 2985 2688 Deus
3023 2634 3238 2698 dividit,
3276 2633 3422 2689 hunc

1841 2727 1908 2780 ad
1940 2727 2158 2781 modum
2187 2702 2341 2782 nobis
2369 2727 2632 2796 apostolis
2667 2730 2782 2784 suis
2816 2737 3084 2783 terrarum
3115 2729 3302 2784 orbem
3327 2745 3419 2785 se-

1841 2823 2101 2890 gregavit.
2131 2818 2437 2875 Secundum
2473 2820 2636 2892 igitur
2667 2835 2983 2877 mensuram
3023 2819 3220 2892 regulae
3251 2836 3419 2891 quant

1843 2915 2076 2984 partitus
2113 2922 2199 2968 est
2247 2912 2400 2968 nobis
2459 2911 2631 2980 Deus,
2677 2912 3049 2983 gloriabimur.
3105 2913 3293 2982 Qualis
3336 2924 3422 2969 est

1843 3017 2023 3062 autem
2054 3005 2343 3060 mensura?
2375 3005 2800 3074 «Utperveniam
2817 3004 3057 3075 adusque
3077 3020 3225 3061 vos.»
3257 3002 3420 3061 Post-

1841 3113 2005 3170 quam
2028 3098 2192 3170 igitur
2209 3097 2325 3154 haec
2347 3109 2528 3154 nostra
2554 3113 2682 3168 pars
2703 3106 2806 3166 est,
2830 3099 2897 3154 ad
2926 3112 3023 3154 vos
3052 3097 3216 3154 etiam
3244 3111 3420 3168 usque

1843 3191 2159 3262 gloriamur.

250 3297 266 3330 ι
303 3280 370 3332 Οὐ
405 3279 511 3352 γάρ
544 3280 625 3342 ὡς
657 3278 732 3349 μὴ
784 3276 1175 3348 ἀφικνούμενοι
1210 3279 1291 3342 εἰς
1328 3277 1472 3348 ὑμᾶς
1507 3277 1741 3347 ὑπερεκ-

1920 3285 2082 3338 Vsus.
2117 3283 2202 3338 Μ.
2246 3302 2264 3335 ι
2297 3282 2416 3338 Νοιι
2442 3282 2586 3339 enim
2629 3281 2785 3353 quasi
2819 3297 2922 3337 non
2953 3283 3322 3354 pertingcntes
3352 3283 3421 3336 ad

187 3372 407 3443 τείνομεν
433 3372 668 3436 ἑαυτούς
695 3389 709 3404 ο
745 3372 908 3443 μέχρι
945 3370 1053 3442 γάρ
1082 3374 1174 3424 καὶ
1236 3372 1392 3442 ὑμῶν
1423 3371 1741 3440 ἐφθάσαμεν

190 3465 237 3516 ἐν
258 3466 324 3536 τῷ
355 3465 674 3537 Εὑαγγελίῳ
693 3465 786 3518 τοῦ
807 3462 1068 3535 Χριστοῦ.
1095 3481 1114 3513 ι
1150 3463 1310 3526 Εἰκὸς
1340 3459 1408 3533 ἦν
1436 3465 1557 3527 τοὺς
1581 3461 1744 3532 ψευδο

195 3559 500 3624 αποστόλους
560 3559 661 3613 καὶ
719 3558 847 3614 ἄνευ
907 3558 1152 3630 κηρύξαι
1189 3557 1231 3589 ⁵⁷
1264 3555 1742 3626 παραγενομένους

190 3652 512 3723 ὁπουδήποτε,
583 3654 646 3706 ἐκ
701 3653 802 3722 τῆς
846 3651 1009 3722 ψιλῆς
1058 3650 1355 3720 ἐπιδημίας
1410 3647 1744 3717 κομπάζειν,

190 3745 269 3797 καὶ
302 3747 354 3797 τὸ
384 3746 487 3798 πᾶν
519 3746 740 3806 ἑαυτοῖς
778 3742 1118 3812 λογίζεσθαι.
1154 3741 1325 3812 Φησὶν
1378 3736 1471 3793 οὖν
1505 3741 1533 3792 6
1584 3737 1746 3791 Ἀπό-

194 3836 373 3902 στολος,
403 3839 483 3890 ὅτι
505 3837 625 3906 Οὐχ
657 3835 731 3898 ὡς
765 3833 842 3904 μὴ
869 3835 1178 3903 φθάσαντες
1203 3834 1283 3896 είς
1305 3831 1470 3902 ὑμᾶς,
1505 3830 1745 3900 ὑπερεκ-

192 3929 410 4000 τείνομεν
433 3928 687 3992 ἑαυτούς.
735 3945 755 3980 t
808 3913 1156 3997 Ἐφθάσαμεν
1186 3926 1314 3996 γὰρ,
1356 3943 1375 3976 ι
1408 3925 1507 3994 οὺχ
1538 3923 1745 3988 ἁπλῶς,

193 4020 309 4085 ἀλλ’,
340 4040 357 4073 ι
391 4025 448 4075 ἐν
480 4021 559 4092 τῷ
600 4019 914 4089 Εὑαγγελίῳ
947 4019 1042 4074 τοῦ
1067 4016 1346 4090 Χριστοῦτ
1388 4037 1406 4070 ι
1443 4017 1744 4080 τουτέστιν,

193 4114 295 4185 οὐχι
345 4115 510 4184 ψιλῶς
565 4113 1033 4184 ἐπιδημήσαντες,
1103 4115 1178 4176 ὼς
1217 4113 1435 4177 ἐκεῖνοι,
1471 4110 1606 4164 ἀλλὰ
1655 4109 1748 4162 καὶ

199 4207 321 4272 μετὰ
344 4207 430 4259 τοῦ
461 4209 520 4260 τὸ
547 4205 889 4274 Εὑαγγέλιον
916 4204 1233 4276 κηρύττειν.

258 4299 406 4353 «Οὐκ
431 4303 509 4364 είς
561 4299 636 4352 τὰ
676 4299 894 4370 ἄμετρα
950 4298 1302 4368 καυχώμενοι
1343 4298 1400 4349 ἐν
1445 4295 1748 4366 ἀλλοτρίοις

196 4390 380 4457 κόποις,
417 4393 613 4446 ἐλπίδι
645 4392 700 4445 δὲ
721 4391 957 4462 ἔχοντες,
982 4388 1357 4458 αὐξανομένης
1381 4386 1482 4456 τῆς
1511 4388 1750 4448 πίστεως

195 4481 350 4551 ὑμῶν,
378 4488 432 4538 ἐν
467 4487 603 4556 ὑμῖν
631 4483 1038 4556 μεγαλυνθῆναι
1069 4481 1215 4535 κατὰ
1241 4479 1333 4534 τὸν
1364 4480 1566 4532 κανόνα
1587 4478 1746 4549 ἡμῶν

196 4577 260 4636 εἰς
291 4581 600 4648 περισσείαν
621 4597 635 4611 '
675 4581 754 4641 εἰς
779 4579 846 4631 τά
887 4577 1292 4646 ὑπερεπέκεινα
1321 4573 1475 4643 ὑμῶν
1500 4572 1749 4639 Εὑαγγε-

195 4664 430 4734 λίζεσθαι,
472 4673 578 4724 οὐκ
622 4672 680 4723 έν
742 4669 1010 4741 ἀλλοτρίῳ
1057 4667 1269 4731 κανόνι,
1318 4669 1397 4730 είς
1433 4665 1503 4718 τά
1547 4665 1745 4734 ἐτοιμα

196 4762 574 4832 καυχήσασθαι.
632 4782 652 4813 ι
702 4761 986 4831 Ἐμφαίνει
1031 4758 1277 4820 ἐκείνους
1329 4757 1744 4827 καλλωπιζομέ-

196 4864 300 4913 νους
329 4857 432 4917 τοῖς
465 4855 579 4908 τῶν
604 4852 922 4908 ἀποστόλων
952 4852 1167 4915 κόποις,
1190 4853 1285 4904 καὶ
1309 4852 1390 4912 εἰς
1419 4849 1490 4902 τά
1529 4850 1745 4919 ἄμετρα

199 4945 557 5014 καυχωμένους
586 4961 600 4978 ο
623 4945 927 5008 τουτέστιν,
959 4942 1338 5014 ὑπερϐολικῶς
1364 4941 1460 4995 καὶ
1484 4942 1542 4993 ἐν
1585 4939 1747 4995 ἀλλο-

198 5035 348 5100 τρίοις
385 5040 594 5102 κόποις.
657 5017 801 5091 Ἀλλ⁸
849 5037 950 5106 οὐχ
1002 5037 1164 5107 ἡμεῖς
1192 5034 1404 5098 οὕτως’
1459 5033 1576 5086 ἀλλ’
1641 5033 1746 5097 ἕως

201 5122 336 5192 ὑμῶν
366 5128 690 5196 φθάσαντες,
755 5128 948 5200 μέχρις
1012 5128 1167 5200 ὑμῶν
1222 5125 1742 5201 παρῤησιαζόμεθα.

211 5211 511 5292 Ἐλπίζομεν
573 5223 652 5289 δέ,
687 5222 765 5285 είς
807 5223 898 5275 τὸν
951 5221 1288 5294 Θεὸνδηλαδὴ
1343 5221 1425 5293 (οὐ
1473 5223 1581 5291 γὰρ
1612 5222 1753 5274 ἀπο-

205 5309 466 5372 φαίνεσθαι
491 5315 683 5369 εἴωθεν
737 5316 766 5368 6
821 5314 1078 5386 Παῦλος),
1120 5315 1412 5379 ὃτιὶκανῶς
1469 5317 1616 5382 ὑμᾶς
1651 5318 1739 5372 δι-

204 5398 569 5470 δὰξαντες,καὶ
617 5407 955 5478 αὐξήσαντες
994 5410 1096 5478 τὴν
1141 5409 1323 5462 πίστιν
1377 5407 1553 5478 ὑμῶν,
1606 5409 1748 5464 ὥστε

211 5499 586 5568 μεγαλυνθῆναι
626 5517 693 5570 με
714 5502 772 5553 ἐν
824 5501 975 5571 ὑμῖν.
1021 5499 1155 5552 Τότε
1208 5498 1317 5569 γάρ
1377 5499 1746 5570 μεγαλύνεται

211 5585 237 5637 ὁ
270 5587 591 5659 διδάσκαλος,
665 5595 794 5648 ὃταν
856 5594 1067 5665 αὐξάνῃ
1143 5597 1212 5648 τά
1273 5593 1382 5646 τῶν
1466 5594 1747 5665 μαθητῶν,

212 5678 296 5732 καὶ
338 5683 366 5735 ό
415 5685 590 5741 κανὼν
643 5685 809 5740 αὑτοῦ
860 5687 941 5750 είς
1003 5687 1326 5758 περισσείαν
1355 5687 1401 5719 ⁵⁸
1453 5690 1748 5762 προϐαίνῃο

1847 3391 1961 3439 vos.
1992 3376 2495 3447 ειψιετοιῖειιιιίηιυε
2513 3391 2610 3430 nos
2643 3394 2658 3430 :
2692 3390 2862 3444 usque
2892 3375 2959 3429 ad
2995 3390 3088 3429 vos
3117 3375 3260 3429 enim
3296 3366 3420 3444 per-

1847 3471 2092 3524 venimus
2146 3469 2197 3522 in
2242 3470 2531 3538 Evangelia
2580 3467 2802 3522 Christi.
2857 3485 2876 3518 ι
2937 3464 3245 3520 Verisimile
3301 3477 3422 3519 erat

1847 3561 2297 3632 pseudapostolos
2332 3560 2414 3614 vel
2461 3560 2579 3614 sine
2611 3560 2998 3630 praedicatione
3025 3556 3210 3628 aliquo
3249 3573 3420 3626 usque

1847 3654 2138 3724 profectos,
2189 3668 2254 3706 ex
2298 3653 2442 3706 nuda
2483 3661 2538 3708 et
2586 3652 2818 3720 simplici
2875 3650 3209 3720 profectione
3244 3649 3421 3705 elatos

1847 3761 1991 3810 esse,
2028 3761 2091 3799 ac
2142 3755 2310 3798 totum
2354 3745 2455 3799 sibi
2485 3744 2774 3814 imputare.
2809 3745 2899 3797 Ait
2933 3757 3062 3812 ergo
3096 3743 3419 3812 Apostolus:

1847 3841 1964 3896 Non
2001 3851 2254 3909 tanquam
2291 3839 2358 3893 ad
2411 3855 2507 3893 vos
2554 3854 2658 3893 non
2705 3837 3138 3907 pervenerimus,
3175 3838 3426 3906 nosipsos

1848 3932 2194 3990 estendimus
2225 3950 2238 3986 :
2268 3931 2434 4001 298
2473 3948 2491 3982 ι
2526 3928 2876 3984 Pervenintus
2909 3947 2930 3980 ι
2964 3928 3131 3994 enim,
3159 3943 3264 3982 non
3291 3928 3426 3981 sin:-

1848 4029 2081 4098 pliciter,
2115 4027 2207 4080 sed
2241 4042 2259 4076 ι
2297 4025 2349 4078 in
2409 4022 2699 4094 Evangelia
2730 4023 2930 4077 Christi
2961 4039 2974 4075 :
3015 4040 3034 4073 ι
3070 4023 3170 4075 Ιιοο
3202 4031 3284 4076 est
3318 4037 3422 4074 nou

1851 4118 2058 4173 nudeel
2073 4116 2389 4186 simpliciter
2408 4113 2840 4185 peregrinantes,
2855 4122 2915 4167 ut
2931 4113 3030 4178 illi,
3050 4127 3234 4168 verum
3257 4112 3424 4167 etiam

1849 4227 1972 4268 cum
2003 4210 2278 4280 Evangelii
2315 4209 2717 4278 praedicatione.

1924 4305 2088 4360 \‘Ens.
2124 4304 2213 4370 15,
2250 4304 2338 4360 16.
2377 4323 2396 4356 ι
2435 4301 2552 4358 Non
2593 4303 2646 4357 in
2680 4301 3000 4357 immensum
3031 4299 3324 4370 gloriantes
3374 4301 3426 4352 in

1849 4397 2043 4454 alienis
2095 4397 2393 4463 laboribus,
2447 4411 2596 4467 spem
2639 4404 2818 4449 autent
2855 4394 3118 4448 habentes
3147 4404 3428 4448 crescente

1853 4490 1956 4544 ﬁde
1987 4499 2184 4554 vestra,
2216 4489 2270 4544 in
2302 4488 2458 4543 Vobis
2489 4487 2664 4558 magni
2707 4487 2822 4540 ﬁeri
2852 4485 3150 4540 secundum
3181 4486 3424 4555 regulam

1851 4593 2094 4637 nostram
2127 4582 2193 4634 ad
2215 4581 2603 4636 abundantiam
2639 4595 2652 4633 :
2683 4589 2738 4632 ut
2765 4578 2926 4631 etiam
2956 4577 3008 4630 in
3036 4577 3119 4631 illa
3143 4592 3262 4646 qua
3287 4579 3424 4632 ultra

1852 4691 1946 4729 vos
2002 4686 2126 4730 sunt
2179 4673 2529 4743 Evangelium
2576 4672 2954 4742 praedicemus,
2993 4685 3099 4725 non
3153 4672 3206 4724 in
3250 4671 3426 4726 aliena

1851 4767 2055 4837 regula,
2082 4777 2141 4820 ut
2161 4766 2226 4821 de
2257 4767 2342 4820 his
2373 4781 2491 4834 qua:
2532 4774 2715 4836 parata
2747 4773 2876 4820 sunt
2921 4764 3239 4834 gloriemur.
3277 4783 3296 4816 ι
3342 4763 3427 4817 lu-

1852 4861 1996 4914 dicat
2033 4859 2153 4913 illos
2185 4857 2548 4928 apostolorum
2591 4857 2866 4913 laboribus
2908 4854 3118 4919 extolli,
3166 4867 3220 4911 et
3263 4869 3425 4925 supra

1853 4953 2072 5008 modum
2101 4961 2152 5005 et
2184 4965 2493 5006 mensuram
2523 4950 2764 5021 gloriari,
2793 4951 2897 5006 hoc
2918 4961 3001 5006 est
3033 4951 3100 5006 ad
3143 4965 3424 5005 excessum

1855 5060 2027 5115 usque
2063 5053 2117 5099 ct
2156 5043 2210 5098 in
2261 5043 2452 5098 alienis
2490 5042 2786 5098 laboribus.
2819 5045 2887 5096 At
2928 5059 3026 5098 nos
3056 5058 3160 5097 non
3196 5043 3295 5107 sic,
3330 5041 3424 5096 sed

1853 5139 1918 5192 ad
1951 5153 2045 5193 vos
2088 5151 2257 5202 usque
2293 5135 2694 5205 pervenientes.
2729 5138 2796 5191 ad
2847 5151 2941 5190 vos
2974 5150 3144 5205 usque
3176 5135 3426 5190 libertate

1856 5242 2045 5287 ucstra
2068 5231 2292 5286 utimur.
2328 5229 2621 5299 Speramus
2647 5241 2852 5296 autem,
2886 5231 2941 5284 in
2976 5229 3144 5284 Deum
3176 5230 3428 5285 videlicet

1859 5326 1989 5396 (non
2015 5322 2154 5378 solet
2185 5322 2327 5377 enim
2359 5321 2635 5392 explicare
2666 5321 2906 5390 Paulus),
2937 5321 3079 5390 quod
3099 5321 3311 5376 abunde
3332 5335 3428 5376 vos

1857 5417 2116 5470 docentes
2150 5422 2204 5469 et
2234 5423 2489 5483 augentes
2525 5414 2683 5468 ﬁdem
2710 5421 2940 5468 vestram
2969 5413 3325 5478 inveniamur,
3368 5421 3428 5464 ut

1857 5508 1993 5562 adeo
2027 5505 2209 5576 magni
2236 5505 2361 5560 (iam
2390 5521 2489 5575 ego
2515 5507 2568 5560 in
2593 5504 2766 5560 vobis.
2800 5504 2953 5560 'l‘unc
2979 5504 3125 5561 enim
3157 5505 3335 5576 magni
3366 5505 3428 5558 tit

1858 5608 2177 5670 praeceptor,
2211 5612 2331 5652 cum
2364 5612 2452 5652 res
2495 5597 2880 5666 discipulorum
2931 5597 3220 5663 creverint,
3248 5611 3311 5650 ac
3342 5611 3429 5650 re-

1859 5692 1982 5763 gula
2014 5689 2130 5758 ejus
2171 5707 2188 5742 ‹
2218 5687 2286 5742 ad
2306 5687 2689 5742 abundantiam
2732 5705 2749 5740 ι
2786 5688 3111 5758 processerit
3145 5704 3160 5742 :
3189 5687 3288 5742 hoc
3321 5693 3427 5759 est,

1505 5831 1705 5893 Varias
1733 5831 2064 5894 lectiones.

279 5945 317 5978 ⁵⁸
343 5949 500 6022 ἤγουν
519 5967 567 6007 o.
645 5956 692 5988 "
714 5953 1016 6026 ἐμέτρησεν
1048 5972 1102 6007 o.
1179 5956 1224 5987 ⁸⁷
1249 5954 1342 6008 τοῦ
1374 5954 1606 6028 κηρύξαι
1637 5953 1710 6013 tn.
1789 5958 1834 5990 ⁸⁸
1865 5954 2142 6030 μεσιτείαν
2169 5969 2225 6011 ο.

467 6049 728 6109 Parnm“
765 6049 882 6111 Gn.
922 6049 1089 6110 CXX
1107 6049 1201 6116 IV.

657 6145 672 6182 /

3019 6043 3090 6108 29
