3898 6560
375 406 504 473 ’911

1320 403 1894 466 THEOPHYLACTI
1933 404 2347 466 BULGARLE
2374 399 2726 463 ARCIIIEP.

3551 386 3641 451 912

403 521 704 588 nuissetis;
755 530 975 591 propter
1007 519 1109 575 hoc
1155 519 1299 575 enim
1346 521 1564 591 adjecit,
1602 541 1619 574 t
1660 520 1829 588 Quem
1874 537 1982 576 non

2109 543 2110 549 η
2159 523 2258 574 ’ον
2297 519 2399 574 οὐκ
2433 516 2804 590 ἐκηρύξαμεν.
2844 530 2863 564 ι
2911 510 2976 565 Εἰ
3010 510 3066 564 δὲ
3103 507 3173 562 τὰ
3216 505 3357 560 αύτᾶ
3395 504 3645 572 κεφάλαια

395 615 832 686 praedicavimus.
858 631 876 664 ι
903 612 996 666 Sin
1030 626 1156 666 vero
1182 612 1369 667 eadem
1395 611 1517 666 lidei
1546 612 1723 682 capita
1747 621 1895 678 sunt,
1926 612 1977 666 in

399 725 512 779 quo
549 707 704 763 nobis
728 702 804 761 illi
834 706 1141 776 superiores
1171 705 1347 759 sunt?
1378 707 1620 760 Observa
1655 720 1841 776 porro,
1875 721 1980 761 non

402 801 562 866 dixit,
612 799 668 854 Si
700 800 765 864 is,
795 799 888 868 qui
916 800 1082 865 venit,
1112 799 1366 868 quiddam
1395 799 1624 870 amplius
1655 800 1984 870 praedicave-

402 894 477 948 rit
503 894 653 965 (nam
685 893 941 962 quiddam
975 892 1208 963 amplius
1243 908 1433 963 magna
1475 907 1598 947 cum
1640 893 1981 956 auctoritate,

401 987 684 1057 multaque
703 988 990 1042 verborum
1016 986 1279 1056 elegantia
1307 986 1582 1050 dicebant,
1613 986 1730 1052 sed,
1753 1003 1770 1038 t
1804 986 1984 1041 Alium

401 1079 584 1135 Jesum
623 1080 1018 1149 praedicaverit,
1057 1093 1215 1147 quem
1248 1093 1354 1132 non
1390 1078 1823 1148 prtedicavimus,
1865 1097 1884 1129 ι
1917 1078 1982 1132 ad

402 1172 546 1240 quod
577 1187 682 1227 non
734 1179 818 1225 est
854 1171 1156 1224 necessaria
1210 1170 1478 1224 sermonis
1507 1170 1788 1242 elegantia.
1826 1190 1845 1224 ι
1880 1174 1987 1227 Aut

403 1263 666 1333 Spiritum
701 1262 864 1315 alium
894 1261 1159 1330 accipitis,
1211 1280 1228 1312 ι
1271 1261 1373 1314 hoc
1403 1270 1508 1326 est,
1541 1260 1586 1315 si
1617 1263 1985 1331 Opttletttiores

403 1368 501 1408 vos
539 1353 741 1406 faceret
767 1353 819 1405 in
859 1351 1230 1418 spiritualihus
1268 1350 1444 1414 danis,
1479 1350 1624 1419 quod
1664 1351 1839 1419 ipsum
1867 1367 1990 1406 ora-

405 1446 571 1500 tionis
623 1455 903 1499 venustate
960 1459 1068 1497 non
1122 1443 1344 1512 indiget.
1404 1461 1423 1495 ι
1484 1442 1577 1497 Vel
1636 1443 1987 1514 Evangelium

406 1535 553 1590 aliud
611 1551 624 1588 :
680 1552 698 1585 ι
749 1548 924 1603 neque
980 1533 1046 1586 ad
1105 1532 1208 1586 hoc
1263 1547 1400 1599 opus
1455 1532 1689 1587 habebat
1730 1534 1990 1589 orationis

408 1627 581 1684 cultu.
614 1625 822 1696 Ubique
855 1635 1035 1680 autem
1072 1624 1297 1690 indicat,
1325 1623 1473 1695 quod
1505 1641 1608 1678 non
1645 1623 1985 1693 simpliciter,

411 1723 456 1778 si
489 1722 616 1791 quid
649 1719 1005 1775 excellentius
1032 1721 1236 1784 dicant,
1272 1720 1554 1774 attendere
1594 1728 1860 1788 oporteat,
1896 1723 1992 1774 sed

2082 611 2182 682 τῆς
2217 610 2471 676 πίστεως,
2510 608 2562 661 τί
2595 608 2656 660 τὸ
2687 604 2848 660 πλέον
2899 601 3129 664 ἐκείνοις
3162 600 3242 664 ⁶⁶;
3271 596 3382 651 Καὶ
3411 596 3530 667 ὅρα,
3557 595 3646 647 οὐκ

2085 701 2262 768 εἶπεν,
2305 702 2387 755 ὅτι
2423 701 2484 753 Εἰ
2508 699 2552 752 ’ό
2595 696 2890 769 ἐρχόμενος
2934 693 3096 748 πλέον
3131 708 3187 744 τι
3227 686 3532 759 κηρύσσει·
3563 686 3646 738 καὶ

2085 795 2196 868 γὰρ
2231 794 2394 848 πλέον
2442 810 2496 845 τι
2526 791 2714 860 ἔλεγον
2760 789 2900 861 μετὰ
2936 787 3182 849 πλείονος
3217 781 3531 842 αύθεντείας
3567 779 3649 832 καὶ

2086 888 2284 944 πολλοῦ
2332 887 2426 942 τοῦ
2467 885 2696 951 κάλλους
2737 882 2847 936 τών
2905 880 3168 952 ῥημάτων
3193 893 3206 907 ·
3241 875 3376 938 ἀλλ’,
3419 893 3437 924 ι
3476 871 3648 925 Ἀλλον

2100 981 2308 1054 Ἰησοῦν
2351 979 2636 1050 κηρύσσει,
2679 977 2739 1030 δν
2784 974 2886 1028 οῦκ
2927 971 3280 1043 ἐκηρύξαμεν
3311 984 3322 996 °
3364 987 3382 1020 ι
3426 967 3561 1036 ὅπερ
3593 967 3644 1019 οὐ

2089 1074 2282 1147 χρείαν
2325 1072 2442 1144 ἔχει
2487 1067 2864 1132 καλλιεπείας.
2911 1085 2929 1118 ι
2969 1065 3036 1118 Ἢ
3068 1063 3285 1132 πνεῦμα
3314 1061 3502 1132 ἕτερον
3527 1059 3650 1129 λαμ-

2091 1169 2285 1223 ϐάνετε
2311 1183 2325 1197 ο
2367 1184 2386 1218 ι
2423 1165 2726 1225 τουτέστιν,
2760 1162 2822 1214 Εἰ
2851 1156 3287 1227 πλουσιωτέρους
3314 1155 3464 1225 ὑμᾶς
3499 1151 3652 1204 ἐποίει

2090 1261 2148 1313 ἐν
2193 1259 2320 1322 τοῖς¹
2347 1256 2744 1326 πνευματικοῖς
2775 1250 3112 1323 χαρίσμασιν
3141 1262 3154 1276 ·
3189 1246 3327 1315 ὅπερ
3363 1243 3487 1296 οὐδὲ
3515 1240 3654 1295 τοῦτο

2089 1349 2261 1402 δεῖται
2291 1347 2561 1418 κομψείας
2599 1343 2798 1412 λόγων.
2837 1359 2854 1392 ι
2903 1338 2974 1392 Ἣ
3016 1334 3350 1404 Εὐαγγέλιον
3376 1332 3558 1400 ἕτερον
3585 1344 3598 1358 '
3634 1347 3649 1379 ι

2071 1441 2120 1496 ἦ
2149 1441 2271 1494 οὐδὲ
2301 1440 2463 1502 τοῦτο
2492 1437 2667 1506 λόγων
2711 1435 2913 1488 δεῖται.
2951 1427 3238 1498 Πανταχοῦ
3283 1427 3341 1480 δέ
3378 1425 3546 1494 δηλοῖ,
3586 1422 3656 1474 ὅτι

2092 1536 2192 1605 οὐχ
2227 1533 2415 1596 ἁπλῶς
2441 1533 2494 1586 εῐ
2522 1549 2574 1585 τι
2607 1528 2769 1583 πλέον
2802 1527 3041 1596 λέγουσι,
3075 1523 3366 1594 προσέχειν
3406 1519 3511 1582 δεῖ,
3557 1515 3657 1572 ἀλλ’

2093 1627 2148 1680 εῐ
2188 1643 2242 1679 τι
2269 1626 2518 1693 λέγουσιν
2548 1623 2576 1676 ὃ
2618 1621 2877 1691 λεχθῆναι
2926 1618 2970 1650 ⁸⁷
3025 1617 3153 1680 ἔδει,
3206 1614 3301 1666 καὶ
3343 1609 3479 1681 παρ’
3519 1609 3657 1680 ἡμῶν

2109 1717 2477 1791 παρελείφθη.
2511 1735 2529 1768 t
2571 1716 2710 1784 Ὀρα
2753 1712 2860 1784 γάρ
2890 1726 2903 1741 ·
2941 1728 2961 1761 ι
3003 1709 3198 1762 Ἀλλον
3247 1705 3458 1774 Ἰησοῦν
3488 1703 3543 1756 ὃν
3572 1703 3657 1756 ούκ

409 1813 458 1868 si
505 1810 633 1880 quid
681 1810 867 1864 dicant
919 1810 1065 1880 quod
1121 1809 1412 1864 dicendum
1465 1819 1630 1876 esset,
1684 1818 1738 1863 et
1775 1823 1804 1862 a
1841 1810 1994 1864 nobis

2109 1810 2443 1884 ἐκηρύξαμεν
2467 1825 2480 1840 ·
2518 1806 2742 1876 Πνεῦμα
2766 1805 2980 1875 ἕτερον,
3013 1802 3042 1856 ὃ
3069 1802 3167 1855 οὐκ
3195 1798 3419 1853 ἐλάϐετε
3440 1815 3455 1828 ο
3500 1796 3657 1865 Εύαγ-

409 1904 834 1975 prtetermissum
890 1902 1074 1957 fuerit.
1127 1901 1367 1957 Observa
1416 1903 1560 1956 enim
1603 1920 1617 1957 :
1657 1920 1676 1954 t
1720 1902 1921 1968 Alium,
1965 1921 1984 1955 ι

2109 1910 2278 1979 γέλιον
2315 1910 2525 1978 ἕτερον,
2555 1906 2584 1960 ὃ
2617 1905 2718 1959 οὐκ
2747 1900 3025 1966 ἐδέξασθε.
3049 1915 3069 1950 ι
3095 1898 3258 1951 Ὥστε
3285 1895 3410 1948 ἐπεὶ
3439 1895 3510 1948 τὰ
3539 1893 3660 1946 αὐτὰ

409 1998 610 2066 inquit,
653 2015 672 2048 t
725 1995 929 2062 Jesum,
961 2010 1120 2065 quem
1170 2010 1275 2048 non
1327 1996 1735 2066 prazdicavimus
1775 2014 1792 2052 :
1827 1999 1998 2067 Spiri-

2109 2003 2337 2070 λέγουσι,
2379 2001 2432 2053 τί
2465 1999 2601 2071 πρὸς
2652 1997 2851 2060 αὐτοὺς
2885 1994 3186 2064 κεχήνατε;
3246 1990 3354 2042 Καὶ
3394 1985 3575 2055 ἐπειδὴ
3601 1986 3659 2037 τὶ

413 2101 526 2145 tum
579 2088 766 2152 alium,
828 2102 988 2156 quem
1057 2102 1162 2142 non
1220 2088 1512 2158 accepistis

415 2181 596 2245 aliud,
644 2179 786 2248 quod
831 2193 936 2233 non
985 2178 1292 2247 accepistis.
1339 2198 1357 2231 ι
1395 2177 1530 2234 Cum
1578 2179 1765 2250 itaque
1808 2183 1996 2237 eadem

415 2273 621 2338 dicant,
652 2271 778 2341 quid
815 2271 867 2326 in
897 2286 990 2326 eos
1021 2271 1288 2326 inhiatis?
1323 2271 1618 2342 Postquam
1648 2289 1778 2344 ergo
1808 2274 1996 2330 eadem

413 2367 733 2438 praedicant,
769 2381 800 2420 ο
829 2365 1014 2430 Paule,
1042 2366 1168 2435 quid
1203 2381 1297 2420 eos
1329 2366 1628 2434 prohibes?
1662 2366 1798 2434 Quia
1827 2368 2000 2440 hypo-

390 2460 543 2516 -crisi
579 2469 814 2525 utentes,
853 2458 957 2512 alia
987 2459 1240 2529 dogmata
1270 2459 1641 2516 introducunt.

490 2553 652 2610 Vens.
690 2553 746 2609 5.
785 2571 805 2605 ι
852 2551 1117 2607 Existimo
1150 2552 1296 2607 enim
1340 2566 1425 2608 me
1457 2552 1590 2607 nihil
1621 2567 1742 2608 esse
1775 2552 2002 2611 inferio-

396 2665 529 2704 -rctn
567 2648 631 2704 iis
667 2646 769 2717 qui-
792 2645 970 2717 magni
1003 2644 1291 2698 admodum
1336 2655 1463 2699 sunt
1496 2645 1748 2714 apostoli.
1790 2665 1808 2698 ι
1851 2648 2004 2701 Dein-

401 2757 546 2810 περς,
595 2740 739 2796 Petri
775 2739 1138 2795 sectatoribus
1183 2751 1310 2793 sese
1347 2736 1575 2802 coitl‘er-L,
1617 2740 1720 2795 hoc
1764 2740 2005 2797 indicare

401 2834 607 2888 solens
660 2849 674 2887 ι
723 2831 780 2886 Si
820 2846 904 2884 me
941 2829 1096 2899 plura
1146 2839 1369 2894 norunt,
1425 2833 1586 2886 etiam
1641 2842 1697 2886 et
1747 2833 1891 2899 illis;
1937 2835 2002 2886 ad

394 2924 712 2980 absurdum
751 2921 908 2991 301
963 2921 1191 2975 ducens.
1234 2921 1473 2976 Observa
1514 2933 1693 2978 autem
1729 2922 1850 2991 ejus
1902 2925 2004 2977 hu-

421 3020 726 3076 utilitatem.
762 3037 782 3071 ι
823 3018 1108 3084 Existimo,
1147 3035 1166 3069 ι
1205 3018 1397 3087 inquit,
1456 3018 1506 3072 id
1545 3029 1628 3073 est
1667 3029 1815 3090 puto,
1863 3021 2007 3074 arbi-

398 3126 542 3168 ‘tror
583 3130 598 3167 :
626 3121 681 3166 et
713 3109 848 3164 nihil
877 3109 1123 3164 enuntiat
1155 3119 1210 3165 et
1240 3110 1504 3165 decernit.
1534 3109 1653 3166 Non
1688 3112 2007 3180 simpliciter

423 3213 605 3258 autem
649 3202 797 3268 dicit,
831 3201 1075 3272 Reliquis
1106 3200 1389 3272 apostolis,
1422 3203 1538 3267 sed,
1576 3221 1595 3255 ι
1640 3202 1708 3258 lis
1735 3205 1826 3274 qui
1871 3215 1998 3259 sunt

1568 2107 1581 2143 :
1640 2090 2014 2160 Evangeliunt,

2097 2093 2240 2147 αὐτὰ
2293 2091 2582 2161 λέγουσιν,
2646 2082 2692 2144 ὧ
2769 2087 2986 2150 Παῦλε,
3051 2083 3104 2136 τί
3158 2082 3354 2144 αὐτοὺς
3414 2078 3656 2140 κωλύειςς

2101 2183 2368 2255 Ὀτιξτῇ
2434 2182 2724 2253 ὑποκρίσει
2795 2179 3075 2252 χρώμενοι
3156 2175 3321 2244 ἕτερα
3396 2171 3657 2238 εἰσάγουσι

2097 2277 2366 2349 δόγματα.

2178 2567 2199 2603 ι
2263 2546 2572 2618 Λογίζομαι
2613 2543 2724 2617 γὰρ
2783 2542 2953 2615 μηδὲν
2994 2537 3358 2612 ὑστερηκέναι
3392 2534 3504 2588 τῶν
3539 2533 3660 2604 ὑπὲρ

2102 2643 2224 2698 λίαν
2258 2639 2600 2696 ἀποστόλων.
2637 2659 2656 2690 ι
2693 2639 2896 2693 Λοιπὸν
2927 2638 3038 2697 τοῖς
3062 2633 3192 2702 περὶ
3223 2631 3431 2700 Πέτρον
3455 2627 3658 2697 συγκρί-

2103 2753 2185 2792 νει
2213 2734 2427 2798 ἑαυτὸν,
2461 2730 2621 2786 τοῦτο
2646 2731 2818 2797 δεῖξαι
2853 2728 3043 2793 Θέλων,
3073 2727 3154 2778 ὅτι
3181 2724 3242 2776 Εἰ
3274 2722 3408 2794 ἐμοῦ
3439 2738 3493 2773 τι
3524 2719 3663 2771 πλέον

2107 2829 2275 2893 ἴσασι,
2302 2827 2398 2881 καὶ
2438 2826 2666 2879 ἐκείνων
2691 2840 2706 2856 °
2751 2825 2830 2886 εἰς
2863 2823 3063 2876 ἄτοπον
3094 2817 3327 2884 ἀπάγων
3368 2813 3458 2868 τὸν
3497 2811 3653 2877 λόγον.

2107 2924 2251 2995 Ὅρα
2288 2921 2346 2975 δὲ
2393 2915 2898 2988 ταπεινοφροσύνην
2927 2930 2940 2943 ·
2977 2932 2996 2966 t
3048 2911 3374 2980 Λογίζομαι,
3427 2927 3446 2960 ι
3500 2909 3659 2979 φησιν,

2105 3009 2240 3079 οἷον,
2303 3013 2601 3083 Ἦγοῦμαι,
2664 3009 2893 3080 νομίζω,
2945 3007 3041 3060 καὶ
3085 3005 3239 3057 οὐδὲν
3292 2999 3660 3071 ἁποιραντικόν.

2108 3107 2220 3176 Ούχ
2248 3105 2434 3168 ἁπλῶς
2461 3104 2517 3157 δὲ
2549 3103 2719 3178 λέγει,
2761 3100 2885 3154 Τῶν
2929 3097 3265 3156 ἀποστόλων.
3295 3094 3454 3159 ἀλλὰ,
3506 3111 3523 3143 ι
3560 3093 3662 3144 Τὼν

2109 3199 2250 3269 ὑπὲρ
2301 3198 2444 3260 λίαν,
2500 3216 2519 3248 ι
2568 3196 2800 3263 Πέτρον,
2845 3192 2939 3246 καὶ
2975 3189 3250 3259 Ἰωάννην,
3289 3186 3383 3241 καὶ
3431 3184 3662 3238 Ἰάκωεον

397 3295 611 3350 eximii
643 3294 898 3364 apostoli,
935 3312 953 3345 ι
1005 3292 1248 3360 Petrum,
1286 3292 1579 3361 Iacobum,
1621 3293 1883 3350 Joannem
1918 3296 2002 3350 in-

2110 3256 2509 3358 alvtlt'répavo;
2559 3256 2734 3340 Τοῦτο
2781 3256 2836 3338 δέ
2887 3300 3076 3353 φησιν,
3123 3256 3308 3348 ἐπειδὴ
3357 3277 3543 3331 τούτου
3582 3275 3662 3327 νῦν

426 3402 626 3442 nuens.
667 3387 844 3455 Atque
885 3386 988 3441 hoc
1033 3387 1184 3451 dicit,
1220 3387 1344 3456 quia
1380 3387 1490 3456 jam
1534 3387 1829 3443 necessitas
1861 3387 2005 3442 istud

399 3477 776 3548 .postulabat,
819 3492 954 3532 cum
1015 3485 1192 3531 tamen
1233 3477 1366 3532 alibi
1415 3479 1604 3532 dicat:
1661 3495 1679 3529 ι
1745 3477 1846 3543 Qui
1899 3493 2004 3533 non

423 3586 544 3626 sum
577 3569 769 3640 dignus
803 3569 987 3624 vocari
1019 3569 1295 3639 apostolus
1323 3579 1366 3624 τ.
1404 3587 1422 3619 ι

497 3680 665 3738 Vens.
694 3681 747 3736 6.
789 3700 808 3733 t
846 3679 980 3735 Nam
1007 3681 1105 3735 etsi
1137 3681 1422 3750 imperitus
1456 3696 1724 3750 sermone,
1762 3684 1856 3738 sed
1902 3698 2007 3738 non

415 3775 670 3830 scientia.
700 3794 717 3826 t
730 3772 1172 3843 Quandoquidem
1193 3775 1244 3827 in
1263 3775 1363 3829 hoc
1381 3774 1482 3828 sibi
1499 3775 1787 3845 placebant
1805 3789 1934 3844 pseu
1947 3777 2011 3830 d-

419 3867 684 3936 apostoli,
726 3866 868 3935 quod
925 3879 1029 3919 non
1079 3876 1265 3920 essent
1308 3866 1548 3931 indocti,
1583 3868 1821 3921 ostendit
1866 3867 2010 3936 quod

428 3974 536 4014 non
575 3957 845 4010 inlicielur
875 3971 996 4010 sese
1042 3955 1351 4026 imperitum
1388 3971 1508 4012 esse
1529 3995 1544 4021 ,
1571 3967 1732 4028 atque
1760 3959 1862 4012 hoc
1905 3958 2010 4013 sibi

429 4050 615 4120 gloria
649 4048 814 4102 ducit.
842 4044 953 4101 Nec
980 4048 1132 4113 dicit,
1183 4047 1406 4102 Etiamsi
1455 4047 1704 4104 indoctus
1754 4063 1818 4104 ac
1864 4050 2013 4105 rudis

429 4143 558 4207 sim,
596 4155 885 4196 commune
915 4139 1016 4194 ltoc
1043 4140 1173 4194 mihi
1206 4156 1328 4194 cum
1361 4141 1573 4196 ca-teris
1601 4150 1685 4197 est
1723 4143 2010 4211 apostolis,

429 4252 500 4290 ne
533 4236 778 4289 videatur
797 4249 898 4286 una
933 4234 1210 4289 criminari
1245 4235 1390 4305 ipsos
1418 4253 1430 4288 :
1477 4236 1570 4291 sed
1604 4237 1891 4292 exterioris
1921 4252 2012 4290 sa-

431 4328 650 4400 pientiae
682 4328 856 4398 ipsum
889 4328 1166 4397 negotium
1200 4327 1358 4391 tollit,
1397 4344 1550 4397 asque
1571 4337 1733 4398 atque
1767 4329 1821 4384 in
1846 4329 2014 4399 priori

434 4416 673 4488 Epistula
706 4418 1030 4474 monstravit
1059 4432 1177 4470 eam
1209 4431 1314 4471 non
1365 4417 1539 4471 solum
1586 4431 1705 4472 esse
1749 4418 2014 4484 inutilem,

431 4527 620 4568 verum
656 4511 880 4582 gloriam
905 4511 1085 4580 potius
1112 4511 1292 4564 crucis
1325 4508 1592 4563 subruere
1615 4524 1680 4564 ac
1704 4512 2012 4565 devastare.

2111 3383 2274 3454 χρεία
2300 3379 2390 3451 ἦν,
2421 3380 2547 3435 ἐπεὶ
2573 3377 2810 3449 ἀλλαχοῦ
2843 3394 3008 3450 φησιν
3037 3392 3050 3406 ·
3099 3393 3119 3427 t
3160 3375 3256 3437 Ὃς
3291 3372 3392 3426 οὒκ
3421 3370 3533 3440 είμί
3561 3371 3661 3422 ἱκα-

2109 3477 2200 3541 νὸς
2226 3474 2506 3530 καλεῖσθαι
2527 3474 2636 3528 ἀπό
2645 3474 2852 3537 στολος.

2189 3698 2208 3732 t
2240 3679 2303 3734 Εἰ
2327 3678 2383 3732 δὲ
2418 3678 2511 3730 καὶ
2539 3675 2753 3746 ἰδιώτης
2780 3672 2858 3739 τῷ
2888 3672 3053 3741 λόγῳ,
3076 3668 3191 3724 ἀλλ’
3224 3668 3284 3721 ού
3311 3669 3374 3738 τῇ
3409 3666 3611 3734 γνώσει.
3643 3681 3656 3714 ι

2126 3771 2341 3840 Ἐπειδὴ
2389 3768 2642 3839 ἐντούτῳ
2690 3764 3128 3829 ἐκαλλωπίζοντο
3153 3765 3200 3816 οἰ
3240 3759 3660 3832 ψευδαπόστολοι,

2114 3865 2191 3935 τῷ
2223 3864 2296 3933 μὴ
2329 3859 2470 3915 εἶναι
2509 3861 2740 3924 ἰδιῶται,
2763 3856 3034 3912 δείκνυσιν
3069 3855 3256 3919 αὐτὸς,
3290 3853 3370 3906 ὅτι
3401 3853 3459 3905 οὐ
3495 3849 3662 3919 φεύγει

2113 3934 2211 4027 την
2243 3955 2532 4016 ἰδιωτείαν,
2571 3952 2707 4006 ἀλλὰ
2738 3950 2832 4005 καὶ
2890 3948 3217 4019 σεμνύνεται
3257 3934 3525 4013 ἐπ”αύτῇ.
3571 3939 3661 3992 Καὶ

2114 4051 2175 4103 ού
2215 4047 2383 4118 λέγει,
2409 4047 2491 4100 ὅτι
2519 4045 2592 4110 Εἰ,
2614 4045 2706 4099 καὶ
2743 4040 2959 4111 ἰδιώτης
2991 4042 3128 4109 εἰμὶ,
3169 4036 3306 4092 ἀλλὰ
3357 4036 3449 4090 καὶ
3477 4035 3524 4086 οἰ
3551 4032 3663 4085 ἀπόο

2118 4140 2316 4206 στολοι,
2370 4141 2455 4192 ἵνα
2510 4139 2585 4208 μὴ
2643 4134 2772 4206 δόξῃ
2823 4131 3232 4186 συνδιαϐάλλειν
3296 4128 3523 4189 αὐτούς·
3565 4122 3660 4175 ἀλλ’

2116 4232 2248 4287 αὐτὸ
2290 4231 2351 4284 τὸ
2381 4231 2613 4300 πρᾶγμα
2652 4228 2748 4297 τῆς
2803 4225 3002 4290 ἔξωθεν
3038 4224 3229 4292 σοφίας
3285 4218 3549 4289 καθαιρεῖ,
3598 4215 3660 4274 ὡς

2117 4325 2212 4379 καὶ
2250 4325 2308 4379 ἐν
2367 4322 2613 4394 προτέρᾳ
2665 4319 2867 4384 ἔδειξεν
2918 4317 3051 4371 αὐτὸ
3090 4317 3152 4369 οὐ
3201 4314 3365 4385 μόνον
3413 4309 3659 4377 ἀνόνητον,

2121 4416 2257 4472 ἀλλὰ
2287 4415 2489 4487 μᾶλλον
2511 4416 2606 4468 καὶ
2633 4411 3033 4484 λυμαινόμενον
3071 4412 3137 4480 τῇ
3163 4407 3290 4478 δόξῃ
3310 4405 3401 4459 τοῦ
3431 4397 3660 4469 σταυροῦ.

2118 4509 2209 4580 Τῷ
2249 4509 2390 4577 λόγῳ
2408 4506 2503 4562 οῦν
2530 4508 2644 4578 εἰμι
2675 4503 2912 4576 ἰδιώτης,
2946 4503 3006 4556 οὐ
3034 4505 3099 4572 τῇ
3129 4502 3348 4569 γνώσει.
3380 4495 3470 4549 Διὰ
3493 4492 3660 4544 τούτου

435 4605 699 4660 Sermone
748 4604 910 4674 igitur
949 4605 1198 4658 indoctus
1246 4617 1389 4666 sum,
1442 4603 1668 4658 scientia
1730 4603 2002 4673 haudqua-

2120 4602 2176 4656 δὲ
2225 4603 2522 4656 αἰνίττεται
2598 4599 2866 4664 ἐκείνους,
2931 4597 3015 4650 ὅτι
3087 4596 3212 4648 ὅσον
3263 4595 3328 4662 τῇ
3393 4582 3660 4674 εὐγλωττίὲ

433 4714 620 4770 quam.
656 4697 756 4753 Per
791 4699 894 4754 hoc
927 4707 1108 4752 autem
1138 4697 1257 4751 illos
1283 4697 1485 4759 innuit,
1520 4696 1662 4764 quod
1702 4710 1811 4766 quo
1846 4697 2018 4766 magis

433 4789 514 4845 illi
547 4789 857 4860 eloquentia
893 4789 1195 4858 gloriantur
1218 4827 1233 4852 ,
1270 4802 1335 4842 eo
1383 4785 1695 4855 cognitione
1744 4787 1837 4840 Dei
1873 4787 2020 4856 ipsos

434 4887 611 4956 magis
633 4901 755 4941 esse
805 4888 1054 4951 orbatos,
1093 4893 1147 4939 et
1177 4891 1444 4952 quatenus
1482 4883 1548 4936 ad
1594 4883 1768 4952 ipsam
1803 4882 2019 4945 attinet,

433 4995 529 5036 eos
549 4995 670 5035 esse
700 4980 894 5035 idiotas
913 4990 960 5034 et
988 4980 1257 5034 indoctos.

513 5109 532 5142 ι
575 5090 682 5146 Sed
729 5091 781 5145 in
816 5092 1008 5160 quavis
1053 5103 1112 5144 re
1142 5087 1414 5143 manifesti
1451 5103 1640 5143 sumus
1676 5087 1730 5142 in
1764 5089 2018 5143 omnibus

437 5197 564 5252 erga
599 5199 712 5237 vos.
746 5201 764 5233 ι
802 5180 919 5235 Νοιι
943 5179 1397 5251 quemadmodum
1422 5179 1842 5249 pseudapostoli,
1871 5177 2017 5232 aliud

437 5292 648 5340 sumus,
685 5285 739 5332 et
784 5275 930 5330 aliud
985 5286 1356 5344 apparemus:
1408 5285 1597 5326 verum
1655 5270 1707 5323 in
1766 5269 2020 5324 omnibus

438 5385 560 5440 quae
595 5368 825 5423 facimus
845 5378 897 5422 et
919 5367 1175 5430 dicimus,
1202 5364 1478 5418 manifesti
1513 5377 1700 5417 sumus
1724 5375 1852 5429 erga
1885 5375 2014 5427 vos;

439 5475 616 5534 neque
661 5462 766 5516 ulla
799 5471 883 5515 est
915 5460 966 5515 in
1024 5458 1182 5514 nobis
1235 5457 1527 5527 dnplicitas
1561 5455 1644 5511 vel
1692 5456 2017 5527 hypocrisis,

550 5616 570 5642 '
599 5618 622 5674 ι
657 5617 784 5676 Cor.
816 5634 904 5684 xv,
938 5617 993 5672 9.

2119 4693 2484 4765 κομπάζουσι,
2544 4691 2798 4745 τοσοῦτον
2845 4687 3246 4758 ἐστερημένους
3278 4685 3374 4754 τῆς
3419 4678 3504 4734 τοῦ
3542 4670 3658 4729 Θεοῦ

2119 4786 2392 4858 γνώσεως,
2415 4789 2509 4841 καὶ
2542 4784 2760 4849 ἰδιώτας
2789 4784 2948 4847 ὄντας
2985 4781 3102 4836 κατ’
3127 4781 3318 4851 αὐτὴν.

2202 5099 2221 5133 t
2291 5079 2431 5133 Ἀλλ’
2471 5080 2529 5132 ὲν
2577 5078 2747 5132 παντὶ
2807 5073 3213 5146 φανερωθέντες
3270 5074 3330 5126 ἐν
3389 5069 3539 5122 πᾶσιν
3593 5064 3658 5122 εἰς

2125 5173 2291 5243 ὑμᾶς.
2339 5189 2358 5224 ι
2400 5173 2511 5240 Οὐχ
2561 5169 2751 5235 ὥσπερ
2785 5169 2834 5221 οἰ
2873 5165 3304 5237 ψευδαπόστολοι
3362 5161 3476 5218 ἄλλο
3527 5156 3658 5221 όντες

2125 5266 2252 5320 ἄλλο
2284 5265 2608 5336 φαινόμεθα,
2639 5263 2754 5316 ἀλλ’
2784 5263 2842 5314 ἐν
2874 5263 3059 5325 πᾶσιν,
3089 5254 3171 5322 οἷς
3199 5257 3451 5327 ποιοῦμεν
3478 5249 3563 5302 καὶ
3585 5246 3657 5298 λέ-

2125 5377 2315 5429 γομεν,
2355 5358 2583 5427 φανεροί
2619 5358 2785 5425 ἐσμεν
2816 5355 2895 5417 εἰς
2926 5353 3069 5422 ὑμᾶς
3098 5364 3111 5379 ⁸
3145 5349 3369 5420 οὐδεμία
3396 5341 3566 5407 διπλόη
3589 5337 3652 5404 ,ἦ

2127 5451 2417 5523 ὑπόκρισις
2448 5452 2506 5505 ἐν
2544 5452 2700 5522 ἡμῖν,
2735 5446 2926 5519 ὥσπερ
2960 5443 3215 5510 ἐκείνοις,
3244 5436 3506 5496 εὐλαϐείας
3535 5442 3651 5498 προ·

1773 5734 1967 5796 Varite
2013 5733 2333 5795 lectiones.

512 5860 563 5895 ⁸⁸
588 5859 784 5916 ἐνίκων
813 5873 866 5914 o.
942 5857 984 5889 ⁶⁷
1018 5854 1272 5924 δεχθῆναι
1310 5870 1366 5910 0.
