3898 6566
233 376 344 442 913

978 386 1386 450 EXPOSITIO
1421 390 1505 451 IN
1542 392 1781 456 EPlST.
1825 395 1884 456 ll
1927 399 2030 458 AD
2066 398 2236 461 COR.
2263 427 2330 450 -ι-
2358 401 2515 464 CAP.
2560 401 2668 462 XI.

3375 397 3502 467 914':

234 494 468 545 σωπείον
483 493 646 562 μόνον
677 497 1104 570 περικειμένοις,
1139 503 1234 554 καὶ⁸
1254 501 1430 557 πάντα
1461 502 1528 557 τὰ
1559 503 1805 576 χείριστα

1914 520 1968 564 ιιι
1999 510 2050 563 itt
2077 509 2182 565 illis
2199 512 2288 581 qui
2321 511 2432 566 sola
2470 511 2693 581 pietatis
2726 525 2961 584 persona
2991 520 3117 570 sunt
3148 513 3352 584 amicti,
3390 517 3511 573 de--

231 599 500 640 ποιουσιν.

309 695 330 728 ι
377 678 444 730 Ἢ
483 679 762 748 ἁμαρτίαν
809 683 1064 752 ἐποίησα,
1124 685 1363 756 ἐμαυτὸν
1415 685 1690 743 ταπέτιΐῶν
1719 689 1809 744 ἵνα

233 769 395 838 ὑμεῖς
411 769 690 842 ὑψωθῆτε,
723 777 804 828 ὅτι
849 775 1062 848 δωρεὰν
1089 777 1150 832 τὸ
1178 776 1274 832 τοῦ
1303 780 1440 834 Θεοῦ
1476 781 1810 850 Εὑαγγέλιον

229 862 682 935 εὐηγγελισάμην
708 867 874 938 ὑμῖν;
914 888 934 920 ι
970 869 1164 936 Τοῦτο,
1191 871 1382 943 φησιν,
1412 873 1682 944 ⁴ἥμαρτον,
1715 873 1811 929 καὶ

227 951 319 1005 διὰ
355 952 509 1007 τοῦτό
543 973 634 1026 μοι
657 959 910 1025 ἐγκαλεῖν
927 960 1079 1031 ἔχετε
1105 963 1200 1016 καὶ
1233 965 1808 1037 κατεπαίρεσθαίμου,

226 1043 309 1097 ὅτι
353 1045 697 1104 ἐταπείνωσα
729 1051 986 1120 ἐμαυτὸν,
1023 1055 1334 1125 προσαιτῶν
1365 1059 1460 1111 καὶ
1501 1057 1808 1128 λιμώττων,

238 1151 258 1184 ι
289 1133 382 1186 ἵνα
413 1126 570 1205 ὑμεῖς
616 1138 920 1212 ὑψωθῆτερ
943 1145 1242 1214 τουτέστιν,
1267 1126 1658 1219 οίκοδομηθῆτε
1673 1149 1810 1220 πρὸς

222 1225 326 1296 τὴν
351 1227 538 1282 πίστιν
576 1247 590 1294 ;
623 1232 738 1285 Οὑκ
755 1235 1200 1301 ἐσκανδαλίζοντο
1242 1239 1352 1310 γὰρ
1391 1240 1576 1296 λοιπὸν
1613 1242 1680 1314 (ὃ
1710 1245 1807 1296 καὶ

225 1318 464 1392 μεγίστη
517 1321 699 1376 αὐτῶν
756 1328 1106 1399 κατηγορία),
1165 1330 1248 1384 ὅτι
1287 1333 1386 1386 οὑκ
1434 1332 1812 1404 ᾡκοδομοῦντο

218 1408 426 1476 ἄλλως,
475 1415 524 1467 εί
557 1414 630 1486 μὴ
661 1417 825 1482 αὐτὸς
884 1419 1317 1494 ὲλιμαγχονείτο.
1392 1423 1612 1498 Ἐπειδὴ
1645 1426 1701 1481 δὲ
1727 1426 1808 1480 δι-

219 1500 456 1556 έῦαλλον
485 1506 671 1574 αὑτὸν,
713 1510 795 1563 ὅτι
825 1513 1018 1584 παρὼν
1055 1517 1173 1584 μὲν,
1194 1517 1455 1582 ταπεινὸς
1481 1559 1496 1584 ,
1529 1519 1684 1574 ἀπὼν
1711 1520 1768 1574 δὲ
1791 1560 1806 1584 ,

219 1597 540 1664 κομπάζει·
598 1601 674 1666 ὠς
728 1603 870 1679 ὑπὲρ
923 1607 1114 1662 τούτου
1174 1609 1618 1680 ἀπολογούμενος
1673 1611 1804 1680 νῦν,

216 1688 453 1758 πλήττει
487 1693 705 1761 αὐτοὺς,
738 1697 824 1750 ὅτι
866 1699 1136 1766 Ταπεινὸς
1163 1703 1383 1774 γέγονα,
1416 1704 1532 1759 ἀλλ’
1559 1706 1716 1776 ὑμεῖς
1763 1707 1809 1739 ⁸⁸

217 1779 478 1854 ὑψώθητε
504 1785 565 1838 ἐκ
588 1788 804 1844 τούτου.

291 1986 310 2019 ι
360 1970 566 2034 ’Λλλας
614 1973 937 2044 Ἐκκλησίας
986 1979 1264 2051 ἐσύλησα,
1325 1982 1504 2038 λαϐὼν
1572 1985 1802 2055 ὀψώνιον

214 2059 358 2128 πρὸς
400 2060 501 2132 τ’ὴν
529 2063 683 2134 ὑμῶν
709 2065 1010 2124 διακονίαν.
1049 2091 1068 2122 ι
1104 2073 1300 2127 Καίτοι
1328 2075 1562 2145 ἠδύνατο
1589 2079 1766 2132 εἰπεῖν
1784 2121 1802 2148 ,

211 2147 290 2200 ὅτι
340 2149 443 2203 Ἐκ
491 2153 600 2205 τῶν
634 2159 833 2226 χειρῶν
864 2176 966 2227 μου
989 2159 1176 2230 ἢσθιον
1199 2179 1213 2194 ο
1255 2163 1393 2218 ἀλλᾶ
1427 2147 1806 2236 πληκτικώτεέ-

215 2255 307 2308 ρον
339 2240 436 2294 τὸν
457 2243 613 2311 λόγον
643 2248 829 2314 ποιῶν,
847 2251 988 2321 Παρ’
1017 2253 1216 2320 ἄλλων,
1247 2257 1434 2327 φησὶν,
1463 2257 1677 2324 ἔλαϐον,
1708 2261 1805 2316 καὶ

211 2330 416 2398 ταῦτα,
457 2335 586 2405 ὑμῖν
639 2338 1082 2411 διακονούμενος.
1122 2345 1195 2398 Τὸ
1245 2347 1337 2415 δὲ,
1375 2365 1395 2400 r
1436 2347 1709 2421 Ἐσὺλησα
1734 2392 1748 2418 ,
1779 2371 1799 2405 ι

211 2423 339 2477 ἀντὶ
365 2425 486 2492 τοῦ,
529 2429 871 2499 Ἐγὺμνωσα,
911 2435 1007 2488 καὶ
1041 2436 1282 2507 πένητας
1315 2440 1514 2506 αὑτοὺς
1545 2444 1801 2514 ἐποίησα.

211 2516 530 2575 Αίνίττεται
571 2521 628 2575 δὲ
672 2525 767 2578 κει)⁵
810 2527 936 2590 τοὺς
991 2529 1326 2596 Μακεδόνας,
1363 2533 1428 2588 Οἳ
1479 2536 1802 2591 πενέστατοι

210 2607 406 2674 ὄντες,
438 2611 520 2666 ἔτι
556 2615 648 2668 καὶ
701 2618 805 2687 ἐμὲ
857 2615 1003 2689 εἶχον
1047 2624 1546 2694 προσεπιτρίόοντα
1583 2629 1803 2696 αὑτοὺς,

211 2703 404 2758 καίτοι
453 2707 512 2759 οὑ
563 2710 834 2778 περιττῶν
873 2712 1123 2785 ἔχρῃζον,
1163 2716 1300 2770 ἀλλὰ
1327 2719 1438 2773 τῶν
1488 2721 1805 2790 ἀναγκαίων

210 2796 657 2868 δαπανημάτων,
701 2803 961 2873 Ὀψώνιον
1017 2807 1126 2881 γὰρ
1187 2810 1382 2866 ἔλαϐον
1408 2827 1423 2844 ο
1483 2813 1603 2868 ἀλλ’
1655 2817 1805 2887 ὅμως

209 2889 340 2942 οὑδὲ
379 2890 558 2946 ταῦτά
582 2910 673 2962 μοι
707 2896 946 2952 ἐδώκατε
975 2914 990 2927 ’
1014 2900 1043 2953 ὃ
1077 2902 1308 2975 μεγίστη
1349 2907 1678 2978 κατηγορία,
1713 2911 1807 2964 καὶ

209 2979 269 3032 τὸ
298 2983 512 3051 χεῖρον,
560 2985 642 3038 ὅτι
689 2987 826 3059 πρὸς
858 2989 957 3060 τὴν
997 2991 1154 3062 ὑμῶν
1183 2995 1461 3050 διακονίαν
1486 3013 1500 3028 °
1533 2998 1664 3069 ὑμῖν
1695 3001 1806 3072 γάρ

211 3075 540 3145 κηρύσσων,
577 3079 671 3133 καὶ
710 3079 780 3134 τὰ
827 3082 982 3154 ὑμῶν
1023 3086 1412 3161 ἐργαζόμενος,
1454 3094 1588 3162 παρ’
1627 3093 1806 3150 ἀλλων

210 3169 346 3239 ἑτρε
355 3171 554 3242 φόμην.

289 3280 312 3314 ι
360 3264 470 3317 Καὶ
501 3266 692 3338 παρὼν
721 3271 858 3344 πρὸς
881 3273 1026 3345 ὑμᾶς
1060 3276 1154 3329 καὶ
1176 3277 1516 3350 ὑστερηθεὶς,
1581 3283 1641 3337 οὑ
1671 3301 1805 3339 κατ-

211 3356 510 3428 ενάρκησα
525 3361 762 3427 οὐδενός.
800 3385 818 3418 ι
861 3367 1136 3436 Τριπλοῦν
1169 3369 1232 3424 τὸ
1261 3371 1514 3445 ἔγκλημα
1534 3391 1549 3406 ·
1582 3376 1664 3430 ὅτι
1691 3378 1804 3432 Καὶ

211 3448 356 3518 παρ’
393 3449 522 3519 ὑμῖν
569 3451 666 3520 ὢν,
711 3456 808 3510 καί⁷
839 3456 970 3528 ὑμῖν
1007 3459 1446 3532 διακονούμενος,
1500 3466 1596 3520 καὶ
1643 3467 1803 3521 ὑστε-

211 3538 521 3611 ρούμενος,
595 3545 694 3599 οὑκ
779 3549 1018 3621 ἠξιώθην
1077 3551 1260 3622 λόγου.
1334 3557 1409 3609 Οὐ
1481 3558 1642 3628 μόνον
1705 3561 1806 3614 οὑκ

210 3632 553 3704 ἐπέμψατε,
641 3640 776 3711 ὅπερ
843 3643 890 3695 οί
973 3643 1283 3711 Μακεδόνες
1363 3648 1613 3716 ἐποίουν,
1691 3651 1805 3706 ἀλλ’

211 3724 348 3778 οὑδὲ
388 3729 630 3798 παρόντα
657 3732 936 3802 ὲτρέφετε.
995 3736 1069 3789 Τὸ
1115 3737 1192 3801 δὲ,
1254 3757 1274 3792 ι
1311 3740 1384 3794 Οὑ
1417 3743 1806 3816 κατενάρκησα

209 3817 476 3886 οὐδενὸς,
512 3841 531 3874 ι
585 3823 742 3879 τοῦτο
801 3826 848 3860 ⁸³
893 3827 1086 3898 δηλοῖ,
1130 3831 1242 3885 Οὐκ
1295 3834 1619 3908 ὲπεὸόιρησά
1673 3854 1801 3892 τινι.

210 3909 388 3978 Δηλοῖ
441 3911 498 3966 δὲ
538 3913 736 3978 αὐτοὺς
785 3917 860 3981 ῶς
903 3920 1152 3992 ὀκνηρῶς
1185 3923 1278 3978 καὶ
1303 3927 1596 3996 ναρκωδῶς
1625 3930 1807 4000 εἰσφέ-

215 4015 443 4068 ροντας.
513 4001 671 4066 Τινὲς
700 4003 758 4057 δὲ
806 4007 898 4070 τὸ,
953 4026 970 4060 ς
1007 4010 1081 4064 Οὐ
1142 4013 1566 4085 κατενάρκησα,
1598 4036 1616 4069 ι
1681 4019 1805 4073 ἀντὶ

212 4089 342 4152 τοῦ,
374 4089 489 4144 Οὑκ
517 4092 841 4168 ὴμέλησα,ῆ
874 4099 1245 4174 ῥᾳθυμότερος
1285 4105 1420 4174 πρὸς
1453 4107 1512 4159 τὸ
1545 4109 1806 4180 κήρυγμα

213 4182 430 4251 γέγονα
459 4199 474 4213 ο
547 4185 685 4241 ἀλλά
753 4193 884 4258 παρ’
937 4193 1072 4262 ἐμοῦ
1125 4197 1225 4267 μὲν
1263 4199 1362 4253 ὅσα
1397 4199 1525 4268 ἔδει,
1590 4203 1808 4271 ἐγένετο

213 4280 302 4339 είς
351 4277 452 4349 τὴν
492 4278 764 4352 ὑμετέραν
809 4286 1084 4356 σωτηρίαν
1112 4303 1128 4318 ·
1186 4290 1244 4342 ἐν
1296 4292 1492 4364 ὲνδείᾳε
1519 4293 1578 4348 δὲ
1621 4295 1668 4328 ⁷ο
1725 4295 1806 4350 δι-

213 4369 465 4440 έτριϐον,
503 4372 596 4426 καὶ
635 4373 734 4427 οὑκ
757 4374 957 4449 ᾔτησα,
995 4379 1116 4434 οὑδὲ
1146 4381 1373 4447 ὲξέλυσα
1401 4385 1501 4458 τὴν
1526 4387 1808 4461 ὑπομονὴν

214 4461 640 4536 ἀποναρκήσας.

1908 603 2126 658 territna
2176 619 2404 672 quaeque
2443 614 2742 672 patrautes.

1981 695 2142 750 Vens.
2174 697 2225 750 7.
2267 714 2286 748 ι
2322 695 2460 750 Num
2498 707 2774 766 peccatum
2815 698 2957 768 feci,
2994 701 3262 772 meipsum
3308 701 3514 758 bunt-a-

1909 786 2050 840 liaus
2090 796 2148 840 ιιι
2179 802 2276 842 vos
2324 789 2726 856 exaltaremini,
2756 793 2898 862 quod
2931 793 3098 864 gratis
3132 793 3486 864 Evangelium
3517 832 3519 835 -

1909 878 2002 932 Dei
2040 878 2326 948 prmdicavi
2360 880 2556 935 vobis?
2589 901 2608 933 ι
2645 883 2698 936 In
2736 883 2873 949 hoc,
2905 886 3103 952 inquit,
3150 886 3398 954 peccavi,
3432 894 3497 942 et

1907 981 2194 1043 propterea
2227 982 2311 1028 est
2347 989 2447 1028 cur
2491 988 2576 1029 me
2614 977 2918 1042 accusetis,
2961 987 3016 1031 et
3067 979 3351 1033 adversum
3401 993 3510 1033 me~

1907 1063 2231 1130 eﬂ‘eramini,
2271 1066 2530 1136 quoniam
2591 1065 2761 1133 dejeci
2821 1068 3122 1138 meipsum,
3169 1071 3489 1126 mendicans

1907 1164 1961 1210 et
1981 1155 2178 1210 famem
2197 1157 2436 1226 patiens?
2461 1175 2481 1209 ‹
2505 1157 2682 1215 Utvos
2698 1158 3096 1226 cxaltaremini,
3120 1178 3138 1211 ι
3160 1160 3262 1215 hoc
3288 1169 3390 1227 est,
3417 1162 3487 1216 ad

1911 1245 2069 1300 fidem
2107 1245 2538 1304 :edilicaremini.
2570 1247 2686 1304 Non
2723 1249 2865 1303 enim
2890 1247 3301 1305 olfendebantur
3333 1251 3488 1306 dein-

1907 1352 2034 1407 ceps
2065 1339 2083 1408 (
2107 1354 2228 1410 quae
2253 1339 2489 1394 maxima
2525 1348 2612 1396 est
2639 1355 2826 1396 eorum
2856 1340 3163 1414 accusatio)
3200 1343 3343 1411 quod
3379 1358 3486 1398 non

1908 1431 2068 1484 aliter
2107 1433 2550 1497 aedilicabantur,
2611 1435 2716 1488 nisi
2761 1434 2876 1503 ipse
2927 1433 3073 1490 fame
3128 1445 3482 1505 premeretur.

1908 1521 2043 1590 Quia
2073 1540 2204 1579 vero
2241 1526 2716 1582 calumniabautur
2749 1543 2894 1592 eum,
2922 1527 3068 1598 quod
3105 1542 3344 1597 praesens
3389 1527 3496 1582 ιω-

1907 1615 2051 1670 milis
2081 1627 2251 1686 esset,
2279 1618 2476 1674 absens
2511 1635 2639 1675 vero
2671 1619 3037 1690 gloriabatur,
3082 1621 3184 1675 hac
3217 1622 3282 1676 de
3309 1635 3367 1674 re
3393 1637 3493 1675 ve-

1907 1705 2007 1764 luti
2041 1709 2348 1782 apologiam
2393 1719 2604 1778 texens,
2637 1711 2763 1768 ferit
2788 1727 2881 1767 eos
2927 1729 2940 1766 :
2977 1711 3109 1768 Vilis
3155 1713 3372 1780 quidem
3407 1710 3488 1767 fa-

1909 1812 2028 1879 ctus
2050 1820 2168 1859 sunt
2221 1814 2275 1862 et
2325 1806 2594 1876 abiectus,
2647 1817 2904 1863 caeterum
2940 1822 3039 1864 vos
3086 1808 3212 1864 inde
3265 1807 3485 1864 exaltati

1907 1895 2060 1950 estis.
2539 1900 2542 1904 ’

1983 1988 2148 2044 Vens.
2186 1991 2240 2047 8.
2280 2010 2298 2043 ‹
2331 1992 2479 2046 Alias
2525 1992 2799 2050 Ecclesias
2843 1983 3180 2064 exspoliari,
3214 1995 3488 2062 accipiens

1909 2085 2178 2153 stipendia
2234 2086 2302 2140 ad
2357 2086 2722 2142 ministerium
2756 2098 3021 2143 vestrum.
3057 2107 3075 2140 ›
3136 2086 3249 2142 Etsi
3303 2087 3489 2143 dicere

1905 2166 2209 2248 potuisset,
2235 2180 2309 2233 Ex
2339 2195 2596 2235 manuum
2639 2195 2882 2236 mearqu
2916 2180 3102 2236 labore
3127 2180 3484 2246 manducavi,

1906 2279 2146 2324 attamen
2165 2272 2496 2340 asperiorem
2515 2275 2817 2329 orationem
2849 2273 3079 2339 faciens,
3115 2274 3198 2328 Al)
3227 2273 3365 2340 aliis,
3400 2274 3489 2328 in-

1905 2361 2042 2431 quit,
2083 2365 2291 2432 accepi,
2315 2364 2476 2435 idque
2500 2381 2622 2420 cum
2663 2365 2714 2420 in
2743 2367 2908 2422 vestri
2938 2380 3116 2421 essem
3158 2366 3483 2422 ministerio.

1912 2472 1930 2504 ι
1962 2453 2295 2522 Exspoliavi,
2337 2473 2356 2508 ›
2391 2466 2568 2512 autem
2587 2457 2746 2521 dixit,
2770 2473 2868 2526 pro
2889 2457 3118 2522 Nudavi.
3143 2469 3196 2514 et
3223 2472 3488 2529 pauperes

1907 2560 2000 2601 cos
2039 2544 2165 2600 feci.
2199 2546 2526 2604 Macedones
2558 2549 2834 2621 intelligit,
2870 2551 2961 2621 qui
2995 2550 3208 2606 tametsi
3263 2565 3486 2621 pauper-

1908 2639 2028 2692 rimi
2070 2649 2289 2705 essent,
2333 2643 2430 2697 ’me
2470 2650 2650 2697 tamen
2697 2643 2974 2698 habebant
3009 2658 3070 2699 se
3135 2651 3480 2698 atterentem.

1905 2732 2069 2801 Atqui
2111 2733 2401 2804 superfluis
2427 2749 2533 2791 non
2568 2735 2901 2806 indigebam,
2941 2751 3128 2791 verum
3162 2735 3487 2792 necessariis

1905 2822 2170 2880 duntaxat
2190 2824 2518 2896 sumptibus.
2543 2824 2706 2897 302
2728 2825 3066 2896 Stipendium
3085 2825 3229 2881 enim
3262 2823 3444 2894 accepi
3472 2841 3486 2880 :

1909 2926 1965 2970 at
2014 2933 2108 2972 vos
2153 2933 2220 2973 ne
2269 2919 2372 2974 ista
2438 2918 2657 2990 quidem
2720 2919 2854 2975 mihi
2905 2917 3308 2990 suppeditatis:
3369 2931 3489 2988 quae

1909 3009 2140 3063 maxima
2179 3025 2310 3065 sane
2339 3020 2425 3066 est
2459 3012 2760 3076 accusatio,
2789 3021 2845 3067 ct
2871 3010 3014 3083 quod
3040 3010 3191 3082 pejus
3216 3017 3330 3078 est,
3370 3028 3388 3062 ι
3421 3009 3490 3064 ad

1909 3100 2272 3156 ministerium
2305 3108 2580 3156 vestrum:
2617 3120 2636 3154 ι
2669 3101 2825 3157 vobis
2845 3102 2988 3156 enim
3037 3100 3342 3172 praedicans
3363 3140 3378 3166 ,
3433 3108 3489 3156 et

1829 3199 1876 3264 ο
1907 3202 2088 3249 vestra
2119 3207 2304 3261 agens,
2333 3195 2401 3248 ab
2432 3193 2552 3249 aliis
2576 3193 2780 3254 alebar.

1981 3284 2144 3340 Vens.
2179 3285 2232 3341 9.
2274 3303 2293 3338 ι
2336 3285 2401 3340 Ει
2441 3301 2563 3342 cum
2610 3301 2785 3342 essem
2819 3287 2964 3358 apud
3016 3302 3112 3342 vos
3153 3295 3208 3339 et
3243 3299 3484 3354 egerem,

1907 3376 2041 3431 nulli
2065 3391 2330 3434 onerosus
2375 3378 2472 3436 fui.
2508 3398 2527 3432 ι
2572 3379 2792 3450 Triplex
2835 3387 2920 3436 est
2963 3379 3239 3434 accusatio
3273 3395 3287 3432 :
3319 3375 3486 3447 prior,

1907 3470 2049 3538 quod
2081 3485 2203 3525 cum
2243 3471 2384 3540 apud
2411 3486 2509 3528 vos
2547 3488 2786 3542 prmsetts
2822 3472 3017 3528 fuerim
3053 3490 3066 3526 :
3097 3471 3268 3525 altera
3293 3510 3308 3534 ,
3343 3470 3490 3540 quod

1906 3559 2062 3615 vobis
2113 3559 2421 3616 inserviens
2457 3578 2469 3614 :
2507 3562 2699 3628 tertia,
2747 3560 2892 3630 quod
2944 3561 3110 3616 rebus
3164 3556 3490 3614 necessariis

1905 3652 2216 3717 destitutus,
2240 3666 2348 3706 non
2379 3650 2453 3706 fui
2485 3652 2538 3706 in
2581 3653 2761 3722 aliquo
2798 3652 3020 3708 habitus
3063 3663 3312 3706 numero.
3370 3647 3487 3703 Non

1907 3744 2081 3798 solum
2110 3743 2255 3798 enim
2281 3741 2552 3797 mihialibi
2573 3743 2755 3813 agenti
2779 3757 2885 3798 non
2909 3740 3136 3797 misistis
3165 3739 3485 3810 quidquam,

1907 3837 1960 3891 id
1991 3836 2133 3906 quod
2167 3836 2496 3891 Macedones
2545 3834 2847 3900 faciebant,
2899 3834 2992 3889 sed
3039 3849 3108 3888 ne
3164 3840 3487 3901 prmseutem

1906 3927 2122 3996 quidem
2178 3926 2425 3981 alebatis.
2478 3924 2627 3980 Istud
2691 3934 2914 3990 autem,
2955 3943 2974 3975 ‹
3012 3922 3154 3978 Nulli
3217 3937 3487 3979 onerosus

1908 4018 2008 4086 ftti,
2048 4037 2066 4070 ι
2107 4027 2191 4074 est
2212 4033 2329 4089 pro,
2360 4015 2479 4073 Non
2518 4019 2738 4088 gravavi
2767 4031 3116 4088 quemquam.
3148 4016 3355 4072 Iudicat
3387 4031 3486 4070 all-'-

1909 4121 2015 4167 tetn
2045 4126 2138 4168 eos
2162 4113 2400 4181 segniter
2425 4125 2489 4167 ac
2529 4126 2653 4166 cum
2676 4119 2897 4182 torpore
2933 4110 3305 4168 contribuere.
3337 4107 3487 4165 Non-

1907 4204 2039 4259 nulli
2072 4204 2320 4272 verbum,
2340 4205 2415 4261 Οὑ
2436 4203 2847 4277 κατενάρκησα,
2880 4220 2998 4274 pro,
3027 4203 3144 4260 Non
3174 4202 3486 4275 posthabui,

1910 4296 1994 4352 vel
2021 4295 2242 4368 segnior
2263 4297 2331 4352 ad
2357 4295 2942 4368 praedicationemlui,
2973 4296 3246 4366 accipiunt
3279 4313 3294 4350 :
3332 4293 3424 4349 sed
3456 4311 3486 4347 ιι

1916 4403 2004 4444 me
2037 4389 2277 4459 quidem,
2311 4404 2649 4460 quaecunque
2672 4391 2746 4446 ad-
2763 4387 2994 4446 salutem
3025 4396 3262 4443 vestram
3298 4400 3488 4443 neces-

1911 4481 2060 4538 saria
2085 4489 2262 4550 erant,
2297 4481 2742 4552 perficiebantur.
2785 4478 2958 4535 Porro
3005 4493 3487 4535 rerumnecessa-

213 4555 427 4611 riat‘mn
462 4559 714 4630 indignus
743 4563 883 4634 apud
922 4579 1020 4622 vos
1059 4565 1194 4635 vixi,
1221 4577 1276 4625 et
1329 4585 1438 4628 non
1490 4571 1621 4642 petii
1685 4574 2004 4650 quidquam,
2069 4593 2245 4650 neque
2304 4580 2622 4652 patientiam
2672 4598 2850 4639 meam
2912 4581 3136 4639 dissolvi
3185 4578 3487 4650 tOrpcntior

212 4652 486 4707 redditus.

299 4762 318 4794 ι
349 4742 423 4797 Τὸ
448 4744 558 4818 γάρ
583 4747 869 4822 ὑστέρημά
891 4769 991 4824 μου
1013 4756 1558 4831 προσανεπλήρωσαν
1573 4761 1623 4815 οἱ
1655 4761 1805 4830 ᾀδελ-

1987 4779 2006 4818 ι
2036 4761 2172 4818 Nam
2205 4763 2351 4832 quod
2381 4762 2514 4819 mihi
2545 4762 2749 4828 deerat,
2773 4760 3154 4834 suppleverunt
3178 4759 3374 4814 fratres
3398 4755 3489 4826 qui

216 4835 316 4905 φοὶ
348 4837 596 4922 ἐλθόντες
626 4841 734 4896 ἀπὸ
765 4845 1126 4913 Μακεδονίας.
1164 4868 1184 4902 ι
1218 4849 1314 4912 Είς
1340 4851 1677 4922 ζηλοτυπίαν
1702 4855 1803 4909 ati-

215 4931 348 4994 τοὺς
392 4910 806 5000 ὲμϐἀλλειμῖνα
844 4938 941 4991 καὶ
990 4910 1192 5011 μᾶλλον
1239 4910 1486 5019 διεγείρῃ
1535 4945 1675 5016 πρὸς
1702 4946 1804 5020 τὴν

219 5024 621 5098 ἐλεημοσύνην,
645 5029 721 5095 ὡς
759 5031 828 5086 ἂν
869 5034 944 5106 μὴ
964 5036 1292 5112 ἡττηθέντες
1316 5038 1422 5092 ὑπὸ
1457 5039 1568 5096 τῶν
1605 5041 1800 5097 Μακε-

218 5114 388 5169 δόνων
409 5119 468 5169 ὲν
503 5117 582 5188 τῷ
630 5119 826 5191 θρέψαι
873 5123 1078 5191 αὑτὸν,
1128 5120 1409 5198 ἡττηθῶσι
1461 5128 1561 5183 καὶ
1615 5130 1676 5184 ὲν
1730 5133 1799 5203 τῇ

1911 4864 2226 4911 venerunta
2261 4855 2597 4913 Macedonia.
2634 4875 2652 4910 ι
2687 4857 2769 4911 Ad
2793 4855 3194 4911 annulationem
3223 4865 3318 4907 eos
3346 4849 3487 4904 invi-

1912 4955 2010 5014 tat,
2061 4961 2168 5017 quo
2203 4949 2376 5018 magis
2407 4949 2472 5005 ad
2519 4950 2921 5021 eleemosynam
2948 4947 3152 5003 excitet
3180 4961 3193 4998 :
3226 4955 3296 4997 ne
3324 4940 3486 4995 alla-

1910 5038 2204 5094 cedonibus
2236 5041 2361 5096 victi
2393 5042 2447 5096 in
2483 5041 2675 5097 alendo
2706 5057 2854 5109 eum,
2880 5040 2932 5096 in
2977 5039 3318 5106 eleemosyna
3348 5048 3485 5105 quo-

1910 5144 2014 5201 que
2060 5130 2426 5188 vincerentur.
2479 5133 2612 5189 Cum
2633 5149 2766 5190 vero
2819 5133 2916 5199 ait,
2972 5149 2991 5183 ι
3035 5129 3188 5197 Quod
3228 5125 3358 5182 milti
3394 5125 3488 5182 de-

219 5205 585 5280 ὲλεημοσύνῃ.
623 5212 809 5266 Εἰπὼν
846 5213 924 5280 δὲ,
951 5235 971 5269 ι
1010 5216 1347 5289 Ὑστέρημα,
1378 5238 1398 5272 ι
1421 5219 1694 5276 δείκνυσιν
1719 5223 1802 5278 ὅτι

1914 5233 2040 5290 erat,
2067 5243 2086 5276 ι
2122 5225 2326 5281 indicat
2355 5241 2477 5282 sese
2496 5226 2640 5281 nihil
2657 5227 2930 5298 accepisse
2956 5223 3096 5278 ultra
3121 5217 3486 5277 necessarium

221 5301 379 5356 οὐδὲν
417 5303 560 5376 ὑπὲρ
588 5306 686 5379 τὴν
713 5309 1017 5380 ἀναγκαίαν
1037 5314 1230 5384 χρείαν
1257 5312 1487 5370 ἐλαϐεν·
1524 5315 1576 5369 οἱ
1608 5315 1803 5372 Φιλιπ-

223 5395 412 5464 πήσιοι
437 5396 494 5450 δὲ
512 5393 653 5468 ἦσαν
682 5400 732 5453 οἱ
763 5401 1062 5474 θρέψαντες
1091 5405 1276 5462 αὑτόν.

301 5505 319 5537 ι
368 5488 479 5541 Καὶ
506 5489 565 5544 ὲν
597 5493 759 5546 παντί⁸
785 5494 966 5566 ἀϐαρῆ
999 5497 1129 5568 ὑμῖν
1153 5498 1392 5568 ἐμαυτὸν
1409 5500 1676 5572 ἐτήρησα,
1707 5502 1805 5555 καὶ

227 5579 473 5650 τηρήσω.
511 5600 530 5633 ι
566 5584 849 5641 Δείκνυσιν
876 5588 958 5642 ὅτι
993 5591 1086 5643 καὶ
1110 5589 1273 5664 βάρος
1296 5591 1526 5664 ἡγοῦντο
1549 5593 1647 5657 τὰς
1675 5611 1802 5666 τρο-

1902 5329 2081 5371 usum.
2140 5315 2514 5389 Philippenses
2571 5329 2748 5374 autem
2815 5318 3033 5373 fuerunt
3083 5315 3176 5387 qui
3236 5311 3489 5368 aluerunt

1902 5419 2106 5474 Ipsum.

1985 5515 2003 5548 ι
2045 5495 2189 5550 Ει-ἰη
2222 5498 2471 5554 otnnibus
2515 5499 2634 5554 sine
2671 5511 2838 5555 onere
2867 5509 2954 5554 me
2983 5496 3136 5554 vobis
3165 5493 3384 5552 servavi
3428 5502 3486 5548 et

1908 5590 2158 5645 servabo.
2205 5609 2224 5642 ι
2273 5589 2475 5647 Iudicat
2523 5590 2666 5661 quod
2713 5603 3008 5662 gravamen
3039 5586 3481 5669 arbitrabantur,

1549 5725 1747 5790 Variae
1788 5726 2116 5791 lectiones.

300 5841 346 5870 ⁸⁵⁸
377 5842 463 5894 ἶνα
509 5842 605 5912 ὑμ.
663 5843 913 5916 ὑψωθῆτε
952 5863 1005 5904 0.
1080 5852 1124 5884 ⁶⁹
1172 5849 1447 5904 τουτέστιν
1480 5866 1531 5906 0.
1611 5853 1654 5885 7°
1679 5849 1786 5919 ἐγὼ
1817 5849 1875 5904 δὲ
1904 5851 1960 5904 ἐν
1992 5850 2167 5922 ἐνδείᾳ
2236 5870 2290 5906 υ.
