3898 6572
326 420 457 489 1311
1272 417 1847 481 THEOPHYLACTI
1886 417 2301 481 BULGARIAE
2326 412 2679 477 ARCHIEP.
3505 400 3600 466 912

354 535 658 603 tulissetis;
709 544 928 606 propter
960 532 1063 590 hoc
1108 534 1253 590 enim
1299 535 1519 606 adjecit,
1555 555 1573 589 ι
1612 534 1783 602 Quem
1828 551 1893 590 no

2063 556 2064 561 η
2111 537 2212 589 Ὃν
2250 532 2352 588 οὐκ
2385 528 2756 604 ἐκηρύξαμεν.
2796 542 2816 578 ι
2863 522 2929 578 Εί
2962 522 3018 577 δὲ
3055 520 3127 575 τὰ
3170 516 3312 573 αύτᾶ
3348 516 3602 586 κεφάλαια

346 629 786 702 pnedicavimns.
811 645 830 679 ι
855 626 951 681 Sin
983 640 1110 680 vero
1135 625 1323 682 eadem
1348 625 1471 681 ﬁdei
1499 626 1677 696 capita
1700 634 1849 692 sunt,
1878 626 1885 681 i

2064 624 2136 697 ἧς
2169 623 2425 690 πίστεως,
2462 621 2515 675 τί
2547 620 2609 674 τὸ
2638 617 2801 673 πλέον
2851 613 3084 676 ἐκείνοις
3116 612 3198 678 ⁶⁶;
3226 609 3337 664 Καὶ
3365 609 3484 681 ὅρα,
3511 608 3603 661 οὐκ

351 698 466 795 quo
502 698 658 779 nobis
681 716 757 777 illi
787 720 1094 791 superiores
1123 719 1301 775 sunt?
1331 721 1573 775 Observa
1608 734 1795 790 porro,
1828 734 1890 775 no

2066 714 2216 782 ἶπεν,
2257 715 2341 769 ὅτι
2375 712 2506 767 Εί’ὁ
2547 708 2842 783 ἐρχόμενος
2885 704 3050 761 πλέον
3085 720 3142 757 τι
3182 698 3485 771 κηρύσσει·
3516 698 3604 753 καὶ

354 815 516 882 dixit,
564 813 621 869 Si
640 814 719 878 ‘is,
748 814 842 883 qui
869 814 1036 880 venit,
1065 813 1319 883 quiddam
1348 813 1579 884 amplius
1610 814 1893 884 praedicth

2067 808 2150 882 ’ἀρ
2183 807 2347 862 πλέον
2395 822 2449 859 τι
2479 804 2667 872 ἔλεγον
2712 802 2853 874 μετὰ
2888 799 3136 861 πλείονος
3172 794 3486 856 αὑθεντείας
3521 794 3606 846 καὶ

355 909 431 964 rit
456 909 607 981 (nam
637 907 895 977 quiddam
929 906 1162 977 amplius
1196 921 1387 978 magna
1428 883 1552 961 eum
1593 883 1894 961 auctoritati

2066 902 2238 957 ιολλοῦ
2286 900 2380 955 τοῦ
2419 898 2650 964 κάλλους
2690 894 2800 949 τῶν
2857 892 3122 965 ῥημάτων
3146 904 3163 919 ·
3196 887 3333 951 ἀλλ’,
3375 905 3394 937 ι
3428 883 3605 938 Ἀλλον

354 979 638 1072 multaque
656 1002 945 1057 verborum
969 1000 1234 1071 elegantia
1261 1000 1536 1065 dicebant,
1567 1000 1685 1067 sed,
1706 1017 1726 1052 ι
1757 1000 1893 1055 ΑΙὶυι

2062 995 2262 1067 Ἰησοῦν
2304 991 2590 1063 κηρύσσει,
2631 988 2693 1043 δν
2736 986 2839 1042 ούκ
2880 983 3238 1056 ἐκηρύξαμεν
3267 997 3279 1009 ·
3320 999 3339 1033 ι
3382 979 3515 1072 ὅπερ
3547 980 3601 1032 ού

354 1094 538 1150 Jcsuin
576 1095 972 1164 praedicaverit,
1010 1106 1169 1162 quem
1202 1106 1309 1147 non
1343 1091 1777 1162 praadicavinius,
1819 1110 1839 1143 ›
1871 1108 1893 1144 a

2069 1086 2236 1160 [ρείαν
2278 1084 2395 1156 ἔχει
2440 1079 2817 1144 καλλιεπείας.
2863 1097 2883 1131 t
2920 1077 2989 1131 “ll
3020 1074 3243 1145 πνεῦμα
3270 1071 3608 1164 έτερονλαμ.

356 1186 500 1256 quod
530 1201 637 1242 non
687 1193 773 1241 est
808 1185 1110 1241 necessaria
1163 1184 1432 1239 sermonis
1461 1183 1743 1256 elegantia.
1780 1203 1800 1238 ε
1834 1186 1895 1240 At

2071 1181 2239 1236 ἱάνετε
2264 1195 2279 1210 ο
2320 1196 2341 1231 ι
2376 1177 2680 1237 τουτέστιν.
2713 1174 2775 1227 El
2803 1168 3244 1240 πλουσιωτέρους
3271 1166 3417 1237 ὑμᾶς
3450 1163 3610 1217 ἐποίει

357 1278 621 1348 Spiritum
655 1276 818 1331 alium
848 1275 1114 1344 accipitis,
1164 1293 1183 1326 ι
1225 1275 1328 1329 hoc
1356 1284 1462 1339 est,
1495 1252 1896 1346 sivopulentiort

2074 1289 2103 1325 ν
2146 1272 2275 1335 τοῖς
2300 1267 2698 1338 πνευματικοῖς
2728 1262 3066 1335 χαρίσμασιν
3094 1273 3110 1289 °
3145 1257 3286 1348 ὅπερ
3320 1255 3439 1348 οὐδὲ
3468 1252 3611 1307 τοῦτο

355 1383 456 1424 vus
493 1367 696 1421 faceret
721 1367 773 1419 in
813 1343 1185 1433 spiritualihus
1221 1363 1398 1428 donis,
1432 1363 1579 1433 quod
1609 1343 1794 1432 ipsum
1819 1379 1894 1419 or:

2067 1364 2216 1415 ῑεῖται
2245 1359 2515 1431 κομψείας
2552 1356 2752 1424 λόγων.
2790 1372 2809 1405 ι
2856 1350 2929 1404 Ἢ
2968 1344 3307 1415 Εὑαγγέλιον
3332 1343 3511 1413 ἕτερον
3539 1355 3553 1371 ’
3589 1358 3606 1391 ι

360 1460 526 1515 tionis
577 1470 858 1514 venustate
914 1472 1023 1511 non
1076 1456 1299 1527 indiget.
1357 1474 1377 1508 ι
1438 1455 1532 1510 Vel
1590 1456 1899 1527 Evangeliui

2074 1453 2226 1507 κούδὲ
2254 1452 2418 1515 τοῦτο
2446 1450 2622 1518 λόγων
2665 1447 2867 1501 δεῖται.
2903 1438 3197 1510 Πανταχοῦ
3241 1437 3299 1491 δὲ
3335 1435 3500 1506 δηλοῖ,
3540 1433 3613 1527 ὅτι

360 1550 507 1604 aliud
565 1565 580 1603 :
634 1566 653 1600 ι
703 1562 879 1617 neque
934 1546 1001 1600 ad
1059 1545 1163 1599 hoc
1199 1524 1355 1612 vopus
1409 1545 1644 1601 habebat
1683 1524 1893 1603 oration

2074 1548 2147 1618 dx
2181 1545 2370 1609 ἁπλῶς
2396 1545 2449 1599 εί
2476 1561 2530 1597 τι
2561 1540 2723 1595 πλέον
2755 1539 2995 1608 λέγουσι,
3027 1533 3323 1606 προσέχειν
3362 1529 3463 1593 δεῖ,
3509 1524 3613 1583 ἀλλ’

255 1718 258 1721 Α
362 1642 537 1698 cultu.
567 1639 777 1710 Ubique
809 1649 990 1694 autem
1026 1637 1252 1703 indicat,
1280 1635 1428 1709 quod
1459 1652 1564 1692 non
1599 1636 1794 1707 simplit

2081 1640 2103 1693 ῐ
2142 1657 2196 1692 τι
2222 1638 2473 1707 λέγουσιν
2502 1635 2531 1688 ὃ
2572 1632 2831 1704 λεχθῆναι
2879 1630 2923 1662 ⁸⁷
2977 1628 3109 1692 ἔδει,
3163 1624 3259 1678 καὶ
3300 1620 3614 1721 παρ’-ήμῶν

364 1738 411 1794 si
443 1736 572 1806 quid
603 1732 960 1790 excellentius
986 1734 1190 1797 dicant,
1226 1733 1509 1787 attendere
1548 1741 1816 1801 oporteat,
1851 1749 1903 1788 se

2074 1729 2433 1804 παρελείφθη.
2466 1747 2484 1781 ι
2525 1728 2665 1796 Ὅρα
2708 1724 2814 1795 γάρ
2843 1737 2857 1754 ο
2895 1739 2913 1773 ι
2955 1720 3155 1775 ’Δλλον
3204 1715 3411 1786 Ἰησοῦν
3438 1712 3495 1767 δν
3523 1713 3613 1767 οὐκ

363 1828 413 1883 si
459 1824 589 1896 quid
635 1823 822 1879 dicant
873 1823 1020 1893 quod
1075 1822 1367 1877 dicendum
1420 1832 1586 1890 esset,
1639 1831 1695 1876 et
1731 1836 1761 1876 a
1796 1823 1901 1877 nob

2074 1822 2397 1897 ,κηρύξαμεν
2421 1838 2435 1853 ·
2472 1818 2698 1889 Πνεῦμα
2720 1816 2933 1887 ἕτερον,
2966 1813 2995 1868 δ
3021 1813 3124 1867 οὐκ
3150 1808 3375 1865 ἐλάϐετε
3394 1825 3408 1839 ⁸
3450 1806 3613 1876 Εὐαγ-

363 1917 789 1989 przetermissum
843 1914 1030 1971 fuerit.
1082 1914 1323 1971 Observa
1371 1916 1515 1971 enim
1558 1933 1574 1972 :
1612 1934 1632 1968 ι
1675 1906 1878 1981 Alium,

2076 1923 2233 1978 νέλιον
2269 1922 2480 1991 ἕτερον,
2509 1919 2539 1973 δ
2571 1917 2673 1972 οὐκ
2701 1911 2979 1979 ἐδέξασθε.
3002 1926 3023 1962 ι
3049 1909 3216 1963 Ὥστε
3242 1906 3366 1960 ἐπεὶ
3391 1905 3462 1959 τὰ
3489 1903 3615 1956 αὐτὰ

250 2078 253 2081 γ
363 2011 565 2081 inquit,
607 2027 626 2062 ι
678 2008 885 2076 Jesum,
916 2023 1076 2079 quem
1126 2024 1231 2063 non
1282 2009 1691 2080 praedicavimus
1730 2012 1789 2066 ιε

2075 2014 2292 2083 ιέγουσι,
2334 2012 2387 2066 τί
2419 2011 2556 2084 πρὸς
2607 2008 2805 2071 αὐτοὺς
2838 2005 3143 2076 κεχήνατες
3202 2000 3313 2053 Καὶ
3349 1994 3527 2065 ἐπειδὴ
3553 1995 3614 2047 τὶ

367 2114 481 2159 tum
534 2101 722 2167 alium,
782 2116 944 2171 quem
1011 2116 1119 2156 non
1174 2101 1467 2172 accepistis
1523 2119 1537 2156 :
1595 2102 1906 2174 Evangeliui

2071 2104 2196 2158 ιύτὰ
2249 2103 2538 2173 λέγουσιν,
2601 2093 2648 2156 ὦ
2723 2097 2940 2161 Παῦλε,
3004 2094 3058 2147 τί
3114 2091 3311 2154 αὐτοὺς
3369 2087 3610 2150 κωλύεις;

369 2195 552 2259 aliud,
598 2192 742 2262 quod
786 2206 893 2248 non
940 2191 1248 2261 accepistis.
1294 2210 1312 2244 ι
1351 2189 1486 2247 Cum
1534 2192 1721 2264 itaque
1764 2195 1908 2250 eadei

2073 2195 2220 2262 Ὀτιξ
2256 2197 2324 2266 τῇ
2389 2193 2679 2265 ὑποκρίσει
2749 2190 3030 2263 χρώμενοι
3112 2185 3279 2254 ἕτερα
3351 2180 3612 2248 εἰσάγουσι

370 2287 577 2353 dicant,
607 2285 735 2355 quid
770 2284 823 2340 in
852 2299 947 2340 eos
977 2284 1245 2340 initiatis?
1277 2283 1575 2354 Postquam
1603 2301 1735 2357 ergo
1763 2285 1952 2343 eadem
2052 2288 2322 2361 δόγματα.

350 2381 689 2453 praedicant,
724 2394 757 2435 ο
783 2378 970 2443 Paule,
996 2378 1125 2448 quid
1158 2393 1254 2433 eus
1284 2378 1584 2447 prohibes?
1618 2377 1755 2446 Quia
1782 2380 1956 2453 hypo-

344 2475 499 2531 -crisi
533 2482 771 2539 utentes,
808 2471 913 2526 alia
942 2472 1196 2542 dogmata
1226 2471 1599 2529 introducunt.
3090 2511 3101 2518 .

444 2567 607 2624 Vens.
645 2566 702 2623 5.
741 2583 761 2619 ι
807 2538 1074 2620 Existimo
1105 2564 1252 2620 enim
1296 2578 1382 2620 me
1412 2564 1547 2620 nihil
1578 2578 1700 2620 esse
1731 2563 1959 2622 inferio-

2134 2579 2156 2615 ι
2218 2558 2527 2629 Λογίζομαι
2567 2553 2680 2628 γὰρ
2738 2552 2909 2626 μηδὲν
2949 2546 3315 2622 ὑστερηκέναι
3348 2541 3453 2597 τῶν
3488 2538 3613 2611 ὑπὲρ

350 2678 485 2718 -rem
521 2661 587 2718 iis
622 2659 713 2731 qui
748 2658 927 2730 magni
959 2656 1248 2711 admodum
1292 2667 1420 2712 sunt
1453 2657 1705 2728 apostoli.
1746 2676 1765 2710 ι
1807 2659 1889 2713 Dei

2071 2654 2181 2709 λίαν
2214 2650 2555 2708 ἀποστόλων.
2592 2669 2612 2702 ο
2648 2648 2851 2704 Λοιπὸν
2881 2647 2994 2708 τοῖς
3018 2643 3151 2712 περὶ
3181 2639 3384 2731 Πέτρον
3405 2632 3610 2731 συγκρί-

354 2770 503 2824 seps
550 2753 695 2809 Petri
730 2752 1095 2808 sectatoribus
1138 2758 1267 2807 seSe
1302 2725 1533 2815 coiifert,
1573 2752 1677 2808 hoc
1720 2751 1893 2806 indica

2078 2765 2143 2803 rat
2169 2745 2384 2809 ἑαυτὸν,
2417 2741 2577 2798 τοῦτο
2601 2741 2774 2808 δεῖξαι
2808 2737 2999 2803 Θέλων,
3028 2737 3113 2789 ὃτι
3137 2734 3201 2786 Ei
3231 2730 3363 2802 ἐμοῦ
3390 2744 3458 2824 τι-
3472 2725 3617 2824 πλέον

358 2847 564 2902 solens
615 2862 631 2900 :
679 2844 737 2899 Si
776 2858 861 2899 me
897 2843 1053 2913 plura
1102 2851 1326 2908 norunt,
1382 2845 1543 2899 etiam
1598 2854 1654 2899 et
1704 2844 1849 2911 illis;
1893 2862 1897 2895 :

2065 2840 2233 2905 ἴσασι,
2258 2838 2355 2893 καὶ
2394 2837 2622 2891 ἐκείνων
2647 2851 2663 2867 ο
2706 2835 2785 2898 είς
2817 2833 3019 2887 ἄτοπον
3050 2827 3284 2894 ἀπάγων
3324 2819 3410 2876 τὸν
3445 2817 3604 2882 λόγον.

350 2937 669 2993 absurdum
707 2932 866 3004 301
920 2934 1149 2988 ducens.
1190 2933 1431 2989 Observa
1471 2944 1651 2990 autem
1685 2933 1808 3003 ejus
1860 2936 1889 2989 li

2075 2935 2208 3007 ὐρα
2245 2932 2303 2986 δὲ
2348 2925 2854 2999 ταπεινοφροσύνην
2881 2940 2896 2954 ·
2933 2942 2952 2976 ι
3004 2920 3331 2990 Λογίζομαι,
3380 2933 3399 2967 ι
3449 2913 3614 3007 φησίν,

377 3033 683 3089 uilitatem.
718 3003 742 3085 ξ
780 3031 1065 3097 Existimo,
1103 3048 1124 3082 ι
1161 3030 1355 3100 inquit,
1413 3030 1465 3085 id
1501 3040 1585 3086 est
1623 3040 1773 3102 puto,
1820 3034 1916 3086 arb

2076 3003 2198 3091 ᾖον,
2260 3023 2558 3094 Ἥγοῦμαι,
2620 3019 2849 3091 νομίζω,
2899 3016 2997 3071 καὶ
3040 3013 3199 3067 οὐδὲν
3251 3003 3615 3102 ἀποφαντικύν.

354 3138 499 3182 ⁸ιι-οι·
539 3144 555 3181 :
581 3134 638 3180 et
668 3122 806 3178 nihil
833 3095 1080 3178 enuntiat
1111 3130 1168 3178 et
1197 3095 1462 3178 decernit.
1491 3120 1610 3178 Non
1624 3095 1893 3193 simplicit

2078 3118 2178 3187 ῧύχ
2204 3115 2391 3179 ἁπλῶς
2417 3114 2474 3168 δὲ
2504 3112 2676 3191 λέγει,
2718 3109 2842 3164 Τῶν
2884 3100 3407 3166 ἀποστόλων,ἀλλὰ,
3457 3116 3475 3149 ι
3510 3095 3617 3193 Tibi:

378 3225 562 3272 autem
604 3215 755 3282 dicit,
787 3213 1032 3286 Reliquis
1063 3212 1347 3285 apostolis,
1379 3214 1496 3280 sed,
1533 3232 1553 3266 ι
1596 3213 1667 3270 lis
1692 3187 1784 3286 qui
1829 3230 1917 3271 sur

2079 3209 2209 3281 ὅπερ
2257 3208 2400 3272 λίαν,
2455 3226 2475 3259 ι
2518 3187 2756 3273 Πέτρον,
2801 3201 2896 3256 καὶ
2930 3198 3211 3269 Ἰωάννην,
3248 3193 3340 3249 καὶ
3386 3187 3618 3286 Ἰάκωερν

352 3309 567 3364 «eximii
599 3306 855 3378 apostoli,
892 3325 910 3358 ι
961 3305 1206 3373 Petrum,
1243 3304 1538 3374 Jacobum,
1579 3304 1842 3362 Joannem
1876 3307 1889 3360 i

2078 3277 2465 3369 αἰνιττόμενος.
2514 3295 2691 3350 Τοῦτο
2737 3293 2793 3348 δέ
2843 3308 3033 3362 φησιν,
3080 3288 3268 3357 ἐπειδὴ
3315 3277 3617 3378 τούτου-νῦν

381 3408 582 3457 nuens.
623 3400 801 3469 Atque
840 3372 946 3454 hoc
989 3399 1142 3465 dicit,
1177 3399 1302 3469 quia
1337 3398 1448 3469 jam
1491 3372 1788 3455 necessitas
1819 3400 1920 3453 ista

2079 3393 2232 3464 Κρεία
2257 3389 2348 3462 ἦν,
2377 3391 2503 3445 ἐπεὶ
2529 3386 2766 3459 ἀλλαχοῦ
2798 3402 2965 3458 φησιν
2992 3401 3007 3416 ’
3055 3401 3077 3437 t
3121 3384 3217 3446 ὐς
3250 3379 3348 3434 οὐκ
3375 3373 3485 3445 είμὶ
3513 3372 3618 3424 ἱκα-

355 3492 734 3563 Γιιοειιιιειιιιιι,
775 3505 911 3547 cum
971 3498 1150 3544 tamen
1190 3489 1324 3545 alibi
1372 3490 1563 3545 dicat:
1617 3506 1637 3541 ι
1702 3487 1804 3555 Qui
1856 3507 1894 3542 ni

1275 3490 1324 3545 bi
1372 3490 1563 3545 dicat:
1617 3506 1637 3541 ι
1702 3487 1804 3555 Qui
1856 3504 1962 3544 non
2067 3487 2158 3552 νδς
2183 3484 2463 3541 καλεῖσθαι
2484 3483 2808 3547 ἀπόστολος.

358 3599 500 3641 sum
532 3582 727 3655 dignus
760 3582 945 3638 vocari
976 3580 1253 3653 apostolus
1280 3590 1324 3637 τ.
1361 3598 1380 3631 ι

354 3708 357 3713 ‘
454 3694 622 3752 Vens.
650 3694 704 3750 6.
746 3713 765 3747 ι
802 3692 938 3749 Nam
964 3693 1063 3748 etsi
1095 3693 1381 3763 imperitus
1413 3707 1683 3762 sermone,
1720 3694 1815 3751 sed
1859 3710 1891 3749 n

2147 3708 2166 3742 ι
2197 3689 2261 3744 Εἰ
2284 3686 2341 3742 δὲ
2374 3687 2469 3741 καὶ
2496 3684 2711 3757 ἰδιώτης
2736 3680 2815 3749 τῷ
2844 3681 3009 3751 λόγῳ,
3032 3676 3152 3734 ἀλλ’
3184 3675 3243 3729 ού
3267 3673 3328 3743 τῇ
3361 3667 3565 3763 γνῷσει.
3598 3680 3613 3713 ι

364 3788 627 3845 scientia.
657 3785 1130 3856 «Quandoquidem
1150 3786 1202 3840 in
1221 3786 1321 3842 hoc
1338 3786 1746 3857 sibiplacebant
1764 3800 1893 3856 pseu

2083 3780 2300 3850 Ἐπειδὴ
2347 3778 2601 3849 ἐντούτῳ
2647 3774 3085 3839 ἐκαλλωπίζοντο
3115 3773 3161 3826 οί
3199 3768 3617 3857 damn

376 3880 640 3950 apostoli,
682 3879 826 3948 quod
882 3892 987 3932 non
1036 3887 1222 3932 essent
1265 3845 1507 3944 indocti,
1541 3845 1780 3934 ostendit
1824 3892 1915 3948 qm

1882 3878 1969 3932 tod
2071 3875 2149 3946 τῷ
2180 3874 2254 3945 μὴ
2286 3845 2428 3926 εἶναι
2466 3845 2698 3934 ίδιῶται,
2720 3865 2991 3921 δείκνυσιν
3025 3864 3211 3927 αὐτὸς,

384 3986 494 4027 non
531 3969 803 4023 inlicielur
832 3982 953 4023 sese
999 3967 1310 4039 imperitum
1347 3983 1503 4034 esse,
1528 3978 1691 4039 atque
1718 3971 1820 4023 huc
1863 3969 1923 4025 sil

1680 3971 1820 4025 :buc
1863 3969 1970 4025 sibi
2071 3966 2170 4038 τὴν
2200 3964 2490 4027 ίδιωτείαν,
2528 3961 2665 4015 ἀλλά
2695 3958 2789 4014 καὶ
2847 3957 3174 4028 σεμνύνεται

386 4062 572 4132 gloria:
605 4059 772 4115 ducit.
799 4057 912 4113 Nec
938 4059 1090 4124 dicit,
1140 4059 1365 4114 Etiamsi
1413 4058 1663 4116 indoctus
1713 4074 1777 4115 ac
1822 4061 1919 4115 rud

1748 4074 1777 4115 c
1822 4061 1972 4116 rudis
2073 4061 2134 4113 οὐ
2173 4058 2341 4128 λέγει,
2366 4056 2448 4110 ὅτι
2476 4053 2664 4120 Εί,καὶ
2699 4048 3085 4146 ιδιώἏείμξ,
3128 4045 3287 4146 mg

386 4155 515 4220 sim,
552 4166 843 4209 commune
872 4151 975 4206 hoc
1001 4150 1132 4205 mihi
1163 4167 1288 4206 cum
1320 4152 1533 4207 caeteris
1559 4160 1644 4207 est
1681 4153 1925 4221 apostoli:

1681 4153 1969 4221 apostolis,
2076 4149 2274 4216 στολοι,
2327 4149 2413 4201 ἵνα
2467 4147 2543 4217 μὴ
2600 4143 3189 4221 “metu;

386 4264 458 4304 ne
489 4249 736 4302 videatur
755 4261 856 4299 una
890 4245 1170 4301 criminari
1202 4246 1351 4316 ipsos
1378 4262 1391 4298 :
1436 4246 1530 4301 sed
1563 4247 1850 4302 exterioris
1881 4262 1925 4301 sa

1635 4247 1850 4302 terioris
1881 4262 1972 4301 sa-
2074 4240 2207 4296 αὐτὸ
2247 4240 2309 4293 τὸ
2338 4239 2572 4309 πρᾶγμα
2609 4237 3166 4316 τῆ

388 4340 608 4413 ρίεηιίω
638 4340 815 4410 ipsum
847 4339 1124 4409 negotium
1158 4337 1317 4402 tollit,
1357 4354 1510 4407 aeque
1530 4347 1693 4408 atque
1726 4338 1781 4394 in
1805 4340 1922 4409 prio

1158 4337 1317 4402 tollit,
1357 4354 1510 4407 aeque
1530 4347 1693 4408 atque
1726 4338 1781 4394 in
1805 4339 1973 4409 priori
2075 4334 2171 4389 καὶ
2208 4334 2267 4389 ὲν
2324 4331 2571 4403 προτέρᾳ
2622 4328 2691 4381 έδὲ

391 4428 631 4501 Epistula
663 4429 989 4486 monstravit
1018 4443 1136 4482 eam
1168 4442 1274 4482 non
1323 4426 1498 4481 solum
1545 4440 1665 4483 esse
1707 4427 1930 4483 inutilen

1169 4442 1274 4482 non
1323 4426 1498 4481 solum
1545 4440 1665 4483 esse
1707 4427 1973 4494 inutilem,
2078 4424 2216 4482 ἀλλὰ
2245 4424 2449 4496 μᾶλλον
2469 4424 2565 4477 καὶ
2591 4422 2708 4491 λυμ

388 4539 577 4580 verum
612 4523 840 4594 gloriam
863 4522 1044 4593 potius
1070 4521 1251 4576 crucis
1282 4518 1552 4574 subruere
1574 4534 1639 4574 ac
1663 4522 1927 4575 devastat-4

1282 4518 1552 4574 subruere
1574 4534 1639 4574 ac
1663 4522 1972 4575 devastare.
2076 4518 2168 4590 Τῷ
2207 4517 2349 4586 λόγῳ
2365 4515 2462 4571 οῦν
2488 4515 2602 4587 εἰμι
2633 4512 2793 4594 ἱδιοςξ

392 4617 658 4672 Sermone
705 4616 869 4687 igitur
907 4617 1156 4671 indoctus
1204 4628 1348 4678 sum,
1400 4613 1628 4670 scientia
1689 4612 1931 4683 haudqu:

1236 4628 1348 4678 um,
1400 4613 1628 4670 scientia
1689 4612 1971 4683 haudqua-
2003 4610 2048 4666 Β
2078 4586 2149 4666 δὲ⁷
2182 4611 2482 4667 αἰνίττεται
2556 4586 2772 4687 ἑκείνοίκξ

356 4718 577 4783 'quam.
612 4708 716 4765 Per
750 4711 853 4766 boc
887 4719 1067 4764 autem
1096 4708 1216 4763 illos
1241 4707 1444 4771 innuit,
1478 4706 1622 4776 quod
1661 4719 1771 4777 quo
1805 4680 1888 4760 ma

1301 4707 1444 4771 nuit,
1478 4706 1622 4776 quod
1661 4719 1771 4777 quo
1805 4706 1978 4775 magis
2078 4702 2443 4773 κομπάζουσι,
2502 4680 2793 4752 τοσοῦτονἸ
2830 4742 2834 4783 i

390 4800 473 4859 illi
505 4801 817 4873 eloquentia
853 4800 1154 4869 gloriantur
1176 4838 1191 4863 ,
1228 4814 1293 4854 eo
1341 4796 1655 4867 cognitione
1701 4795 1797 4850 Dei
1832 4796 1929 4865 ipSt

1285 4816 1293 4850 ι
1341 4796 1655 4867 cognitione
1701 4795 1797 4850 Dei
1832 4796 1979 4865 ipsos
2078 4793 2352 4865 γνώσεως,
2374 4796 2468 4849 καὶ
2500 4790 2717 4856 ἰδιώτας
2746 4790 2824 4845 ὅν.

390 4900 570 4970 magis
591 4871 715 4954 esse
764 4897 1013 4960 orbatos,
1053 4903 1107 4949 et
1136 4902 1403 4963 quatenus
1440 4893 1508 4947 ad
1552 4892 1728 4963 ipsam
1762 4890 1978 4954 attinet,

389 5008 487 5050 eos
506 5008 629 5048 esse
658 4991 855 5047 idiotas
871 4999 920 5045 et
948 4989 1216 5044 indoctos.
2882 4973 3140 5050 ‘.

470 5121 491 5156 ι
530 5102 641 5165 Sed
687 5102 741 5157 in
775 5101 967 5172 quavis
1013 5112 1072 5154 re
1101 5097 1374 5154 manifesti
1410 5113 1600 5154 sumus
1634 5096 1689 5151 in
1722 5096 1977 5151 omnibus

1516 5113 1600 5154 ius
1634 5096 1689 5151 in
1722 5096 1977 5151 omnibus
2160 5107 2180 5141 ι
2250 5086 2391 5141 Ἀλλ’
2430 5086 2488 5139 ὲν
2534 5084 2705 5139 παντὶ
2764 5066 3055 5172 φανερὲλ

393 5210 521 5266 erga
556 5210 671 5250 vos.
705 5212 724 5245 ι
761 5190 878 5247 Νοιι
902 5189 1357 5262 quemadmodum
1381 5187 1800 5260 pseudapostoli,
1828 5185 1932 5240 aliu

1484 5187 1800 5257 udapostoli,
1828 5185 1976 5241 aliud
2084 5181 2251 5252 ὑμᾶς.
2299 5197 2318 5232 ι
2359 5180 2470 5248 Ούχ
2519 5175 2710 5242 ὥσπερ
2742 5175 2793 5227 οἱ
2830 5173 3023 5266 ψευδῆ

395 5305 607 5353 sumus,
642 5297 698 5344 et
742 5287 889 5342 aliud
943 5296 1316 5356 apparemus:
1367 5295 1556 5337 verum
1613 5280 1666 5333 in
1724 5279 1934 5333 omnibu

1541 5297 1556 5333 ι
1613 5280 1666 5333 in
1724 5279 1979 5333 omnibus
2084 5274 2213 5329 ἄλλο
2242 5272 2568 5343 φαινόμεθα,
2597 5269 2713 5324 ἀλλ’
2742 5269 2800 5321 ἐν
2831 5268 3077 5351 itacui}!

396 5396 517 5453 qua:
552 5380 784 5435 facimus
803 5389 855 5434 et
877 5378 1135 5443 dicimus,
1161 5373 1437 5430 manifesti
1471 5386 1660 5427 sumus
1682 5384 1811 5438 erga
1843 5384 1935 5423 vos

1607 5386 1660 5425 us
1682 5384 1811 5438 erga
1843 5384 1973 5435 vos;
2083 5385 2276 5438 γομεν,
2315 5365 2542 5435 φανεροί
2577 5363 2744 5432 ἐσμεν
2774 5361 2854 5422 εἷς
2884 5358 3027 5428 ὑμεῖς
3055 5346 3097 5384 τ’
3134 5406 3146 5441 ι

398 5448 574 5545 neque
619 5472 726 5528 ulla
757 5482 843 5527 est
874 5471 925 5527 in
982 5470 1140 5527 nobis
1193 5467 1486 5540 duplicitas
1519 5465 1602 5521 vel
1650 5464 1937 5536 hypocrisi:

1650 5464 1976 5536 hypocrisis,
2085 5459 2377 5530 ὑπόκρισις
2408 5459 2465 5512 ὲν
2502 5458 2660 5529 ἡμῖν,
2693 5451 2885 5524 ὥσπερ
2917 5448 3146 5511 ἐκείνοις

3418 3757 3623 3891 ,Ψ

3206 3891 3313 4078 ζ’
3462 3891 3689 4078 ι

2776 4078 2845 4105 un
2946 4078 3085 4118 ειμι.
3128 4078 3190 4101 un
3718 4100 3729 4111 _

3162 4236 3193 4254 «Α

2675 4254 3841 4473 "—

2675 4439 2709 4473 ι
3772 4456 3781 4465 .

3053 4977 3068 5022 μ
3115 5007 3118 5010 .

3078 5231 3841 5407 ἵ.Ὶ

3328 4145 3362 4160 ΞἛ

3183 5095 3214 5110 ιε

3649 5157 3816 5450 Ε

507 5627 529 5654 ⁸
557 5628 580 5685 l
616 5628 864 5697 Conixv,
896 5629 952 5685 9.

1731 5742 1926 5805 Variae
1971 5740 2295 5803 lectiones.

470 5872 521 5907 “
545 5872 744 5930 ἐνίκων
771 5884 825 5927 o.
901 5868 943 5901 "
976 5866 1231 5937 δεχθῆναι
1267 5881 1324 5922 0.
