3898 6554
525 357 625 424 891

1475 364 2052 426 THEOPHYLACTI
2092 365 2500 428 BULGABI/E
2525 350 2900 430 ARCHIEP.‘
3657 371 3749 438 ενι

529 482 738 536 cuetur,
787 491 804 522 ι
842 474 892 527 id
929 484 1032 539 est,
1073 475 1216 528 inani
1264 485 1318 530 et
1366 491 1500 530 vana
1548 487 1806 546 arguatur-
1849 477 2098 547 gloriatio

2219 482 2325 542 τοὺς
2345 481 2627 550 ἀδελφοὺς,
2658 483 2744 536 ἵνα
2761 483 2838 553 μὴ
2863 483 3092 554 κενωθῇ,
3107 501 3124 535 ι
3152 484 3418 551 τουτέστι,
3440 487 3659 556 μάταιον
3671 495 3750 546 καὶ

532 583 650 621 mea
691 568 756 622 de
788 569 959 623 vobis.
1002 569 1113 638 Ego
1157 572 1327 633 enim,
1372 571 1568 639 inquit,
1602 574 1668 626 de
1713 572 1865 628 vobis
1908 587 2101 640 super-

529 657 704 722 biens,
734 660 873 726 apud
901 674 1087 714 oumes
1107 659 1396 729 gloriabar,
1430 663 1773 728 atqueetiam
1797 663 1934 730 apud
1962 661 2100 714 illos.

532 747 718 818 itaque
765 750 809 803 si
851 749 1138 816 deliciatis,
1184 752 1488 805 communis
1531 761 1612 806 est
1645 751 1933 822 ignominia
1966 769 1980 806 :
2009 753 2110 808 sed

532 855 638 895 non
680 841 731 894 in
775 844 1045 908 omnibus,
1079 859 1262 896 verum
1308 843 1360 896 in
1388 843 1486 898 bac
1513 843 1625 898 sola
1659 854 1831 912 parte,
1857 844 1961 898 hoc
1995 852 2102 906 est,

527 958 594 996 ne
635 943 898 1009 pudeliam
938 944 989 995 in
1025 942 1126 996 hoc
1154 942 1270 994 solo
1299 943 1364 996 de
1395 941 1734 1012 eleemosyna
1768 951 2102 1010 argumento,

523 1031 694 1101 290
717 1032 809 1085 sed
844 1033 1011 1099 parati
1043 1034 1185 1094 sitis,
1210 1033 1434 1100 perinde
1459 1048 1521 1087 ac
1555 1035 1664 1088 dixi
1698 1031 2101 1096 Macedonibus,

528 1124 675 1186 ομιοά
711 1126 883 1193 parati
912 1127 1021 1180 sint
1049 1127 1100 1180 in
1137 1135 1246 1181 tota
1268 1126 1476 1182 'Achaia
1504 1141 1716 1192 omnes,
1747 1141 1921 1197 neque
1948 1126 2106 1198 quid-

528 1231 692 1284 quam
725 1218 806 1274 eis
831 1219 1004 1274 deest.

605 1399 765 1452 Vens.
794 1399 849 1454 4.
889 1417 907 1452 ι
949 1399 1026 1454 Ne
1057 1416 1162 1471 quo
1195 1411 1374 1470 pacto,
1405 1402 1448 1457 si
1481 1402 1730 1458 venerint
1761 1415 1968 1458 mecum
1998 1401 2110 1458 Ma-

415 1546 434 1563 .
535 1492 786 1552 redones,
803 1501 856 1545 et
874 1492 1176 1547 invenerint
1201 1509 1295 1548 vos
1317 1495 1631 1563 imparatos,
1651 1494 1990 1565 pudeilamus
2007 1511 2106 1552 nos

535 1581 626 1648 (ne
657 1585 923 1649 dicamus,
964 1585 1082 1655 vos)
1117 1586 1168 1639 in
1206 1586 1307 1641 hac
1335 1585 2038 1657 substantiagloriationis.
2081 1607 2102 1641 ι

537 1673 746 1729 Rursus
779 1676 828 1728 in
876 1676 1064 1729 iisdem
1108 1687 1377 1743 versatur,
1418 1693 1481 1732 ac
1532 1687 1806 1733 certamen
1852 1678 2103 1744 intendit,

536 1762 605 1814 ab
635 1762 884 1816 humanis
911 1764 1209 1823 rationibus
1237 1765 1383 1834 ipsos
1412 1766 1726 1822 instituens.
1761 1765 1932 1835 Majus
1960 1765 2104 1820 enim

538 1855 770 1907 dedecus
796 1865 899 1919 est,
930 1871 1050 1910 cum
1087 1858 1208 1925 quis
1240 1858 1381 1928 apud
1410 1857 1620 1914 alienas
1655 1873 1915 1928 personas
1943 1859 2109 1928 pude-

540 1946 654 1999 ﬁat.
687 1945 958 2014 Forsitan,
991 1949 1185 2017 inquit,
1218 1951 1348 2004 mihi
1381 1950 1653 2006 conﬁditis
1679 1967 1778 2007 ceu
1807 1951 2108 2022 ignoscenti

537 2036 731 2089 vobis:
763 2037 961 2090 atenim
994 2037 1311 2094 Macedonas
1343 2040 1524 2095 animo
1557 2041 1778 2107 volvite,
1809 2041 1897 2110 qui
1926 2041 2106 2096 i'orsan

541 2143 752 2181 mecum
818 2130 1028 2184 venient
1067 2148 1081 2184 :
1121 2131 1413 2188 verisimile
1467 2144 1548 2188 est
1608 2135 1750 2189 enim
1803 2134 1925 2189 hoc.
1964 2134 2030 2189 Et
2061 2134 2108 2190 si

538 2219 845 2276 invenerint
913 2237 1041 2284 vos,
1085 2238 1189 2277 non
1243 2225 1376 2280 dixit
1407 2263 1424 2288 ,
1475 2225 1730 2280 Nolentes
1787 2226 1958 2289 dare,
2011 2225 2106 2281 sed

546 2329 563 2362 ι
607 2309 924 2380 imparatos.
961 2329 980 2362 ι
1013 2310 1069 2365 Si
1100 2311 1244 2366 enim
1279 2327 1384 2367 non
1411 2322 1656 2382 paratum
1685 2329 1824 2380 esse,
1849 2323 1942 2369 aut
1965 2314 2109 2370 cele-

539 2403 677 2458 riter
705 2418 809 2458 non
856 2403 1202 2460 contribuere
1235 2406 1468 2460 dedecus
1539 2415 1642 2472 est,
1706 2416 1912 2476 quanto
1943 2409 2112 2477 magis

2204 571 2359 624 κενὸν
2383 573 2610 643 ιλεγχθῇ
2644 575 2736 626 «τὸ
2756 573 3018 646 καύχημά
3041 592 3140 645 μου
3156 576 3216 628 τὸ
3232 575 3374 647 ὐπὲρ
3405 578 3609 646 ὑμῶν.»
3629 581 3751 648 Ἐγὼ

2202 662 2311 732 γὰρ
2334 703 2349 726 ,
2381 664 2536 730 φησὶ,
2573 664 3052 735 καλλωπιζόμενος
3098 666 3183 736 ἐφ’
3223 667 3356 735 ὐμῐν
3377 707 3392 731 ,
3425 669 3577 738 ποιρά
3608 673 3751 726 πᾶσιν

2203 755 2632 826 ὲκαυχησὰμην,
2659 758 2754 811 καὶ
2783 758 2914 828 παρ’
2943 757 3192 821 ἐκείνοις.
3223 760 3386 811 Ὥστε
3417 760 3515 812 ὲάν
3546 761 3753 831 ὑστερή-

2205 862 2357 915 σητε,
2376 847 2575 918 κοινὴή
2594 847 2848 918 αἰσχύντγ
2871 850 2931 901 οὐ
2953 849 3234 918 πανταχοῦ
3257 849 3332 914 δὲ,
3349 850 3466 902 ἀλλ’
3495 851 3582 901 «ὲν
3603 852 3750 922 τούτῳ

2204 938 2282 1008 τῷ
2310 939 2519 1009 μέρειοι
2540 941 2838 1003 τουτέστιν,
2861 941 2977 994 Ἵνα
3002 941 3074 1012 μὴ
3092 942 3472 1012 καταισχυνθῶ
3497 944 3552 994 ὲν
3563 947 3624 1013 τῇ
3646 949 3750 1014 περὶ

2203 1029 2304 1098 τῆς
2352 1029 2721 1100 ὲλεημοσύνης
2764 1029 3018 1084 ὑποθέσει
3071 1030 3245 1103 μόνῃ·
3296 1030 3432 1082 ἀλλά
3472 1047 3755 1099 παρεσκευ-

2205 1122 2433 1192 ασμένοι
2459 1117 2579 1193 ἦτε,
2616 1123 2797 1184 καθὼς
2824 1122 3007 1190 ἔλεγον
3037 1124 3147 1183 τοῖς
3176 1121 3507 1182 Μακεδόσιν,
3539 1122 3617 1174 ὅτι
3639 1124 3752 1176 ἐτοι-

2209 1213 2301 1285 μοί
2343 1215 2448 1268 είσι
2494 1217 2593 1282 τῆς
2655 1213 2878 1284 Ἀχαΐας
2934 1213 3196 1279 ἅπαντες,
3246 1212 3343 1266 καὶ
3389 1212 3546 1265 οὐδὲν
3598 1214 3752 1278 αὐτοῖς

2206 1306 2405 1360 λείπει.

2283 1419 2301 1452 ι
2340 1400 2430 1470 Μή
2461 1417 2576 1462 πως
2600 1399 2694 1450 ὲάν
2721 1398 2916 1452 ἔλθωσι
2945 1397 3042 1450 σὺν
3077 1398 3198 1468 ἐμοὶ
3221 1396 3555 1459 Μακεδόνες,
3579 1397 3664 1450 καὶ
3685 1398 3754 1448 εῦ-

2211 1503 2376 1560 ρωσιν
2401 1488 2544 1556 ὑμᾶς
2569 1486 3091 1558 ἀπαρασκευάστους
3115 1484 3608 1554 καταισχυνθῶμεν
3628 1488 3755 1554 ἡμεῖς

2209 1577 2338 1648 (ἵνα
2365 1579 2438 1648 μὴ
2471 1577 2757 1646 λέγωμεν,
2824 1575 3022 1645 ὑμεῖς)
3065 1578 3122 1628 ὲν
3171 1576 3344 1649 ταύτῃ
3379 1579 3446 1647 τῇ
3488 1577 3755 1631 ὑποστάσει

2209 1668 2305 1735 τῆς
2333 1669 2672 1738 καυχήσεως.
2707 1685 2726 1718 ι
2755 1667 2923 1721 Πάλιν
2951 1668 3080 1736 περὶ
3103 1666 3171 1719 τά
3193 1666 3331 1719 αὐτὰ
3353 1667 3661 1736 στρέφεται.
3681 1672 3756 1722 καὶ

2209 1761 2470 1815 ἐπιτείνει
2500 1762 2597 1833 τὴν
2632 1762 2871 1830 ἀγωνίαν
2897 1801 2912 1826 ,
2949 1761 3057 1816 ἀπὸ
3105 1762 3467 1832 ἀνθρωπίνων
3510 1763 3755 1834 λογισμῶν

2210 1853 2426 1922 ἀνάγων
2465 1850 2539 1925 [ί.
2579 1853 2774 1924 ὲνάγ.]
2807 1852 3025 1915 αὐτούς.
3057 1851 3277 1916 Μείζων
3307 1853 3420 1924 γὰρ
3458 1855 3492 1924 ἡ
3527 1856 3753 1926 ἐντροπὴ,

2209 1948 2338 2000 ὅταν
2383 1947 2476 2000 ἐπὶ
2513 1946 2812 2015 ἀλλοτρίων
2861 1943 3171 2016 προσώπων
3219 1947 3641 2017 καταισχύνεταί
3670 1966 3755 2011 τις.

2214 2041 2374 2102 Ἴσως
2399 2041 2527 2108 γὰρ,
2558 2037 2744 2108 φησὶν,
2773 2040 2895 2109 ἐμοὶ
2923 2038 3196 2111 θαρρεῖτε,
3225 2040 3301 2102 ὡς
3334 2041 3754 2108 συγγινώσκοντι·

2211 2135 2348 2190 ἀλλὰ
2387 2135 2703 2198 Μακεδόνας
2738 2135 2991 2197 ἐννοεῖτε,
3035 2134 3084 2188 οἳ
3127 2136 3286 2205 τυχὸν
3323 2136 3634 2190 ἐλεύσονται
3679 2138 3756 2189 σὺν

2211 2225 2333 2296 ἐμοὶ
2353 2225 2519 2296 (εἰκὸς
2542 2224 2648 2292 γάρ
2669 2225 2785 2276 ἐστι
2809 2223 3012 2293 τοῦτο),
3045 2224 3170 2278 ικαὶ
3193 2224 3286 2279 ἐὰν
3311 2223 3556 2294 εὕρωσιν
3580 2225 3748 2293 om,»

2209 2317 2310 2371 οὐκ
2331 2311 2506 2378 εἶπεν,
2538 2315 2620 2368 ὃτι
2653 2315 2728 2384 μὴ
2761 2314 3013 2377 θέλοντας
3069 2315 3273 2380 δοῦναι,
3323 2315 3442 2370 ἀλλ’
3467 2353 3483 2378 ,
3517 2334 3536 2366 ι
3572 2316 3755 2385 ἀπαρα-

2215 2407 2569 2470 σκευάστους.
2601 2425 2620 2458 ›
2651 2407 2713 2458 Εἰ
2747 2407 2857 2478 γὰρ
2883 2407 2943 2460 τὸ
2970 2407 3044 2478 μὴ
3069 2407 3617 2486 παρασκευάσασθαι,
3647 2408 3753 2477 μηῶ

542 2494 676 2549 nihil
701 2496 923 2552 omnino
954 2497 1323 2563 contribuere,
1351 2498 1435 2552 vel
1474 2499 1651 2554 minus
1679 2515 1845 2569 quam
1873 2515 1970 2569 par
1998 2500 2066 2553 sit
2089 2499 2116 2553 Τ

540 2585 773 2655 (‘orrigit
801 2596 978 2642 autem
1010 2603 1341 2653 sermonem,
1377 2589 1586 2655 dicens,
1617 2587 1727 2644 Nos
1779 2589 2116 2659 pudeliemus

531 2695 633 2748 line
664 2679 859 2744 dicam,
889 2681 1003 2746 vos)
1034 2679 1085 2734 in
1123 2680 1223 2736 hac
1256 2682 1559 2736 substantia
1598 2681 1936 2750 gloriationis
1963 2699 1976 2736 :
2009 2682 2112 2737 hoc

541 2779 650 2833 est,
687 2786 792 2823 non
825 2769 928 2824 alia
954 2774 1004 2824 in
1037 2785 1096 2825 re
1129 2772 1484 2841 pudeliemus,
1517 2783 1874 2843 praeterquam
1912 2774 1963 2827 in
1997 2775 2112 2828 sola

543 2861 609 2915 de
643 2861 987 2932 elecmosyna
1037 2863 1378 2934 gloriatione,
1423 2880 1546 2917 cmn
1577 2874 1771 2920 caetera
1807 2877 1984 2920 vestra
2032 2881 2118 2920 re-

2212 2498 2421 2569 ταχέως
2449 2499 2800 2565 εἰσενεγκεῖν,
2832 2499 3060 2568 αἰσχύνη
3083 2512 3096 2524 ·
3130 2497 3314 2568 πολλῷ
3359 2499 3560 2565 μᾶλλον
3588 2497 3644 2550 τὸ
3668 2514 3754 2568 μη-

2212 2593 2300 2646 δὲν
2321 2592 2458 2655 ὅλως
2487 2591 2838 2657 εἰσενεγκεῖν,
2867 2589 2898 2659 ἦ
2923 2589 3145 2642 ἔλαττον
3169 2590 3264 2642 τοῦ
3288 2590 3521 2652 δέοντος.
3555 2587 3754 2651 Κολάζει

2212 2685 2270 2738 δὲ
2295 2683 2385 2736 τὸν
2411 2681 2590 2748 λόγον,
2621 2679 2815 2744 λέγων,
2847 2680 2930 2732 ὅτι
2976 2680 3167 2748 Ἡμεῖς
3202 2679 3754 2748 καταισχυνθησόμεθσ

2216 2771 2325 2842 (ἵνα
2356 2768 2432 2839 μὴ
2457 2767 2622 2837 λέγω,
2651 2769 2732 2821 ὅτι
2765 2767 2958 2836 ὑμεῖς)
2989 2770 3073 2820 ιὲν
3094 2770 3156 2837 τῇ
3178 2768 3476 2822 ὑποστάσει
3504 2769 3664 2840 ταύτῃ
3678 2769 3754 2838 τῆς

2214 2863 2586 2933 καυχήσεωςοι
2619 2861 2914 2926 τουτέστιν,
2939 2861 3050 2914 Οὐκ
3065 2860 3300 2931 ἀλλαχοῦ
3327 2862 3755 2932 καταισχυνθησό-

542 2954 958 3022 prehensionem
996 2970 1101 3009 non
1142 2956 1450 3012 admittant.
1485 2955 1599 3011 Hoc
1629 2966 1803 3012 autem
1825 2958 1976 3022 dicit,
2004 2973 2112 3013 non

545 3055 604 3098 ut
633 3044 713 3100 eis
743 3046 1012 3111 aduietur,
1047 3047 1143 3101 sed
1175 3048 1354 3117 potius
1388 3060 1444 3103 ut
1469 3050 1769 3119 paratiores
1805 3051 2014 3114 reddat,
2047 3064 2114 3105 ne

2218 2954 2376 3025 μεθα,
2409 2952 2523 3006 ἀλλ’
2556 2954 2612 3005 ὲν
2638 2953 2772 3023 μόνῃ
2803 2950 3022 3024 [ταύτῃ]
3052 2954 3116 3022 τῇ
3145 2952 3274 3022 περὶ
3303 2954 3403 3016 τῆς
3424 2954 3756 3024 ὲλεημοσύνης

2215 3047 2501 3116 καυχήσει,
2529 3043 2602 3102 ὡς
2629 3045 2697 3098 τά
2724 3061 2786 3112 γε
2809 3043 2944 3097 ἄλλα
2969 3043 3124 3113 ὑμῶν
3155 3045 3518 3114 ἀνεπίληπτα.
3550 3044 3699 3099 Τοῦτο
3712 3045 3755 3098 δὲ

544 3135 598 3190 in
631 3136 750 3190 aliis
777 3135 1013 3203 probati,
1045 3139 1094 3191 in
1152 3139 1254 3194 hoc
1308 3154 1416 3194 non
1479 3140 1824 3196 inveniantur
1872 3141 2110 3211 probati,

2219 3138 2386 3206 λέγει,
2417 3137 2478 3190 οὐ
2509 3136 2824 3190 κολακεύων
2851 3134 3046 3196 αὐτοὺς
3073 3135 3140 3200 ³³,
3173 3135 3308 3188 ἀλλά
3349 3136 3552 3204 μᾶλλον
3588 3135 3757 3205 προθυ-

544 3227 756 3296 sibiqne
795 3227 929 3296 ipsis
976 3229 1278 3286 inferiores.
1311 3231 1446 3288 Cum
1491 3248 1617 3288 vero
1671 3233 1768 3299 ait,
1821 3247 1889 3288 ne
1940 3232 2115 3287 dicam

545 3333 662 3381 vos,
697 3320 930 3374 ostendit
958 3319 1100 3390 quod
1121 3321 1490 3391 ipsimajorem
1512 3323 1863 3392 ignominiam
1889 3320 2114 3377 relaturi

547 3421 722 3465 erant.
773 3411 910 3466 Nam
961 3413 1200 3483 ipsorum
1250 3424 1369 3470 erat
1425 3416 1704 3471 delictum.
1749 3416 2116 3471 Substantiam

2223 3231 2483 3301 μοτέρους
2523 3228 2693 3282 ποιῶν
2714 3269 2729 3293 ,
2761 3229 2850 3280 ἵνα
2890 3227 2947 3279 ὲν
2976 3229 3090 3290 τοῖς
3133 3228 3314 3292 ἀλλοις
3347 3228 3754 3298 εὐδοκιμοῦντες,

2220 3323 2314 3378 καὶ
2347 3325 2405 3376 ὲν
2444 3323 2620 3392 τούτῳ
2669 3323 2745 3393 μὴ
2791 3322 3092 3392 εὑρεθῶσιν
3137 3322 3392 3392 ἀδόκιμοι
3447 3324 3540 3376 καὶ
3580 3324 3755 3375 ἑαυτῶν

2219 3416 2492 3479 ἐλάττους.
2520 3415 2618 3467 Διά
2655 3413 2710 3467 δὲ
2732 3413 2825 3468 τοῦ
2848 3415 3040 3478 είπεῐν,
3082 3415 3198 3467 Ἵνα
3219 3415 3292 3484 μὴ
3309 3413 3474 3482 λέγω,
3511 3415 3586 3468 ὅτι
3605 3415 3754 3484 ὑμεῖς,

427 3649 437 3664 ,
549 3597 834 3653 essentiam
865 3597 1124 3672 intellige.

547 3510 724 3556 autem
783 3501 1108 3570 subjectum,
1159 3505 1240 3561 vel
1273 3520 1385 3562 rem
1419 3507 1616 3577 ipsam,
1657 3506 1740 3564 vel
1785 3506 2116 3578 gioriationis

2219 3509 2495 3564 δείκνυσιν
2525 3508 2607 3560 ὅτι
2657 3506 2858 3576 μᾶλλον
2893 3506 3047 3559 αὐτοὶ
3080 3507 3654 3576 καταισχυνθήσονται·
3680 3506 3754 3559 αὐ-

2219 3599 2329 3655 τῶν
2355 3601 2464 3670 γὰρ
2493 3599 2552 3653 τὸ
2575 3600 2794 3670 ἀμάρτη
2804 3616 2900 3669 μα.
2924 3598 3259 3652 ’Υπόστασιν
3283 3597 3340 3651 δὲ
3368 3600 3491 3669 τὴν,
3515 3599 3754 3661 ὑπόθεσιν,

2221 3692 2316 3746 καὶ
2340 3691 2471 3746 αὐτὸ
2497 3691 2558 3744 τὸ
2587 3691 2842 3761 πρᾶγμα,
2867 3690 2986 3762 ἦτοι
3017 3691 3118 3761 τὴν
3141 3689 3330 3744 οὐσίαν
3353 3691 3455 3762 τῆς
3479 3691 3756 3762 καυχήσεως

2221 3785 2354 3841 νόει.

2300 3917 2319 3949 ι
2368 3897 2691 3966 Ἀναγκαῖον
2733 3896 2826 3950 οῦν
2870 3895 3168 3967 ἡγησάμην
3195 3894 3573 3967 παρακαλέσαι
3592 3894 3633 3926 ³⁸
3656 3893 3754 3955 τούς

2226 3990 2507 4060 ἀδελφοὺς,
2543 3991 2633 4045 ἵνα
2657 3989 2993 4062 προέλθωσιν
3020 3989 3100 4051 είς
3129 3990 3294 4060 ὑμᾶς,
3329 3989 3424 4043 καὶ
3447 4003 3754 4060 προσκαταρ-

623 3881 786 3938 Vens.
817 3881 873 3937 5.
926 3899 946 3934 ι
987 3879 1366 3937 Necessarium
1409 3897 1540 3953 ergo
1578 3882 1884 3940 existimavi
1932 3899 2128 3956 rogare

554 3973 774 4040 fratres,
807 3984 866 4027 ut
895 3975 1230 4045 prteveniant
1267 3975 1332 4028 ad
1370 3991 1484 4042 vos,
1511 3985 1564 4030 et
1602 3985 1906 4045 praeparent
1936 3992 2126 4049 repro-

555 4063 774 4117 missam
799 4063 1225 4120 benedictionem
1264 4065 1402 4118 hanc
1432 4075 1677 4134 paratam
1699 4080 1819 4121 esse
1843 4067 1947 4133 sic,
1969 4069 2116 4138 quasi

2224 4085 2413 4138 τίσωσι
2441 4081 2603 4156 [vulg].
2637 4101 2801 4154 προκ.
2827 4082 2846 4155 ]
2879 4081 2976 4153 τὴν
3000 4081 3526 4154 προεπηγγελμένην
3546 4081 3754 4146 εὐλογίαν

549 4153 1014 4222 benedictionem,
1049 4170 1155 4210 non
1201 4165 1454 4224 tanquam
1495 4157 1800 4212 avaritiam.
1840 4175 1858 4210 ι
1892 4157 1971 4212 Ne
1997 4173 2116 4215 con-

2227 4174 2402 4245 ὐμῶν,
2424 4173 2629 4243 ταύτην
2659 4168 2801 4228 εῖναι
2843 4172 3069 4242 ἑτοίμην
3093 4170 3266 4234 οὕτως
3296 4170 3372 4234 ὡς
3406 4171 3656 4238 εὐλογίαν,
3685 4168 3756 4220 καὶ

547 4248 722 4301 traria
756 4247 934 4302 dicere
958 4248 1222 4314 videatur,
1254 4263 1378 4304 cum
1416 4264 1580 4320 supra
1611 4249 1839 4316 dixerat,
1869 4269 1890 4304 ι
1926 4251 2116 4322 Super-

2230 4269 2305 4340 μὴ
2334 4269 2410 4333 ὡς
2445 4268 2780 4332 πλεονεξίαν.
2821 4285 2841 4319 ι
2875 4268 2992 4320 Ἰνα
3020 4266 3094 4338 μὴ
3134 4265 3262 4339 δόξῃ
3289 4263 3754 4333 ὲναντιολογεῖσθσι.

547 4355 856 4398 vacaneum
903 4346 988 4394 est
1025 4339 1159 4394 mihi
1191 4341 1451 4407 scribere,
1500 4359 1520 4392 ι
1564 4358 1706 4398 nunc
1744 4351 1920 4399 autem
1949 4344 2116 4400 denuo

2227 4339 2340 4416 ἀνω
2372 4359 2469 4430 μὲν
2492 4357 2682 4423 εἰπὼν,
2712 4360 2794 4413 ὅτι
2824 4377 2842 4411 ι
2876 4358 3138 4430 Περιττόν
3170 4375 3260 4428 μοι
3294 4359 3544 4428 γράφειν,
3575 4377 3591 4409 ι
3617 4357 3695 4409 νῦν
3713 4355 3755 4407 δὲ

546 4435 615 4492 de
658 4432 848 4487 iisdem
881 4432 1137 4500 disserit,
1177 4431 1290 4502 jam
1326 4433 1392 4487 de
1427 4433 1753 4491 liberalitate
1776 4444 1832 4490 et
1872 4435 1940 4491 de
1964 4449 2116 4505 opere

2232 4449 2396 4505 πάλιν
2427 4451 2555 4521 περὶ⁵
2579 4447 2785 4502 τούτων
2811 4447 3220 4519 διαλεγόμενος,
3243 4447 3337 4502 νῦν
3365 4450 3493 4519 περί
3523 4443 3756 4516 δαψιλείας

545 4547 669 4586 cnm
707 4527 988 4583 alacritate
1018 4529 1346 4598 perilciendo
1383 4530 1544 4586 verba
1583 4529 1736 4599 facit,
1791 4540 1956 4602 atque
1995 4533 2128 4589 hac-

547 4628 781 4693 prOpter
819 4634 878 4675 se
911 4619 1110 4676 fratres
1136 4623 1349 4677 misisse
1380 4623 1476 4678 ait.
1511 4623 1745 4678 Duorum
1778 4634 1955 4677 autem
1987 4621 2132 4678 inter

547 4728 606 4768 se
655 4713 1007 4779 pugnantium
1037 4715 1362 4780 admonens,
1395 4731 1587 4785 nempe
1615 4726 1675 4770 ut
1700 4715 1881 4783 ample
1911 4725 1971 4772 et
2003 4731 2128 4772 cum

559 4803 842 4858 alacritate
861 4805 1183 4874 largiantur,
1204 4817 1493 4875 utrumque
1513 4808 1913 4876 sapientissime
1941 4823 2132 4878 aggre-

560 4897 724 4950 ditur.
759 4896 896 4950 Nam
941 4898 1089 4966 prius
1133 4898 1200 4954 de
1226 4898 1508 4954 alacritate
1559 4901 1610 4953 in
1663 4899 1842 4954 dando
1889 4901 2130 4968 disserit,

2231 4542 2562 4611 διαλέγεται,
2602 4543 2700 4596 καὶ
2727 4542 2821 4594 τοῦ
2866 4540 3004 4613 μὲτά
3031 4535 3344 4612 προθυμίας
3379 4540 3593 4609 ποιῆσαι
3619 4536 3670 4589 τὸ
3689 4536 3752 4600 ἕρ-

2230 4653 2327 4706 γον
2351 4652 2366 4667 ο
2395 4635 2489 4689 καὶ
2511 4634 2604 4689 διά
2629 4633 2808 4688 ταῦτα
2835 4635 3051 4705 πέμψαι
3077 4633 3214 4705 φησὶ
3236 4634 3364 4697 τοὺς
3397 4631 3659 4701 ἀδελφούς.
3686 4628 3754 4686 Εἰς

2233 4727 2327 4782 δύο
2349 4727 2406 4782 δὲ
2431 4726 2651 4783 ἐναντία
2689 4726 3036 4798 προτρέπων,
3073 4728 3135 4780 τό
3166 4743 3226 4779 τε
3255 4725 3552 4796 φιλοτίμως
3578 4721 3752 4776 δοῦναι.

2234 4822 2328 4876 καὶ
2367 4823 2428 4874 τὸ
2461 4821 2600 4892 μετὰ
2633 4819 2968 4892 προθυμίας,
2992 4820 3280 4890 σοφώτατα
3323 4820 3600 4889 ἀμφότερα
3630 4829 3751 4884 μετα·

2234 4910 2554 4984 χειρίζεται.
2586 4913 2860 4984 Πρότερον
2888 4915 2997 4984 γὰρ
3040 4917 3168 4982 περὶ
3196 4912 3290 4966 τοῦ
3329 4911 3468 4981 μετά
3495 4905 3751 4979 προθυμίας

563 4987 756 5042 deinde
795 4989 860 5043 de
887 4989 1061 5046 altero
1092 4991 1287 5060 capite.
1325 4991 1418 5046 Ait
1450 4993 1634 5060 itaque
1655 5031 1673 5059 ,
1701 4993 2012 5048 Benedictio
2050 5001 2134 5048 est

564 5079 616 5134 id
640 5080 781 5150 quod
816 5079 977 5135 datur
1005 5100 1020 5138 :
1050 5096 1208 5137 nemo
1238 5091 1417 5137 autem
1442 5082 1533 5152 qui
1558 5083 1992 5142 benedictionem
2017 5087 2130 5154 dat,

567 5171 944 5227 contristatur.
975 5171 1148 5228 Porro
1177 5173 1412 5228 fructum
1444 5176 1630 5230 statim
1664 5177 1791 5232 inde
1826 5177 2138 5246 germinan-

568 5273 673 5316 tem
717 5267 973 5330 ostendit,
1005 5281 1205 5335 eosque
1253 5267 1344 5336 qui
1395 5266 1697 5338 largiuntur
1767 5271 2139 5328 benedictione

2235 5005 2417 5058 δοῦναι
2446 5004 2780 5072 διαλέγεται,
2814 4998 2936 5058 εἶτα
2967 5005 3060 5058 καὶ
3101 5004 3226 5075 περὶ
3264 5002 3359 5056 τοῦ
3402 5003 3586 5073 ἑτέρου
3627 5012 3752 5062 κεφα-

2236 5097 2412 5152 λαίου.
2428 5097 2598 5167 Φησὶν
2617 5090 2732 5159 οὐν,
2754 5097 2837 5150 δτι
2859 5097 3077 5166 εὐλογία
3101 5097 3217 5150 ἐστὶ
3244 5097 3301 5148 τὸ
3322 5095 3608 5164 διδόμενον·
3625 5087 3756 5143 οὐδεὶς

2236 5187 2294 5240 δὲ
2334 5188 2585 5256 εὐλογίαν
2607 5188 2651 5220 ³⁷
2694 5187 2870 5251 διδοὺς
2905 5188 3176 5240 λυπεῖται.
3225 5185 3478 5238 Δεὲκνυσι
3513 5183 3566 5236 δὲ
3594 5177 3757 5232 καὶτὸν

2242 5279 2454 5350 καρπὸν
2483 5280 2647 5344 εὐθὺς
2695 5280 2931 5338 ἐνταῦθα
2972 5279 3372 5350 βλαστάνοντα,
3421 5277 3517 5332 καὶ
3559 5269 3757 5338 εὐλογίας

567 5354 825 5422 repletos.
859 5354 1043 5424 Neque
1073 5359 1173 5410 hoc
1203 5357 1278 5411 illi
1303 5360 1437 5412 satis
1464 5359 1561 5412 fuit
1583 5400 1598 5426 ,
1629 5360 1722 5414 sed
1749 5360 1970 5423 addidit,
2016 5381 2034 5415 ι
2074 5362 2115 5416 Ε

2243 5371 2714 5442 πεπληρωμένους
2759 5372 2886 5433 τοὺς
2925 5371 3287 5438 παρέχοντας.
3335 5371 3446 5423 Καὶ
3482 5366 3597 5421 οὐδὲ
3623 5360 3757 5423 τούτῳ

569 5462 674 5501 non
717 5444 974 5516 tanquam
1003 5449 1304 5503 avaritiam.
1344 5469 1363 5502 ι
1410 5450 1588 5506 Nolite
1625 5452 1766 5506 enim
1805 5453 2140 5522 existimare,

570 5542 770 5612 inquit,
807 5543 950 5612 quod
984 5541 1112 5609 ista,
1160 5559 1258 5598 ceu
1299 5558 1396 5601 vos
1431 5544 1769 5612 i'raudantcs,
1808 5548 2141 5618 accipimus;

2245 5462 2512 5533 ἠρκέσθη,
2538 5461 2674 5516 ἀλλά
2692 5461 3020 5533 προσέθηκε·
3062 5478 3079 5511 ι
3104 5461 3213 5512 Καὶ
3241 5460 3315 5530 μὴ
3339 5459 3415 5522 ὡς
3443 5450 3754 5552 πλεονεξίαν.)

2249 5555 2342 5626 Μὴ
2373 5554 2480 5626 γάρ
2522 5554 2815 5626 νομίσητε,
2864 5551 3065 5624 φησὶν,
3112 5551 3193 5604 ὅτι
3237 5550 3311 5614 ὡς
3358 5550 3757 5603 πλεονεκτοῦντες

1886 5683 2084 5745 Variae
2115 5686 2440 5754 lectiones.

649 5810 693 5842 "
727 5809 962 5874 ἐκείνους
997 5827 1050 5866 ο.
1129 5810 1173 5843 ³⁵
1207 5807 1529 5880 προπέμψαι
1551 5823 1603 5862 θο
1683 5807 1728 5840 ³⁷
1757 5807 1993 5875 εὐλόγως
2021 5825 2076 5870 θ’
