3898 6594
175 385 296 450 893

999 387 1408 450 EXPOSITIO
1433 391 1516 454 IN
1556 393 1796 456 EPIST.
1823 395 1886 456 II
1925 401 2028 462 AD
2057 400 2227 463 COB.
2259 425 2330 438 -
2373 400 2535 464 CAP.
2576 403 2684 465 IX.

3323 395 3436 470 89"

177 493 332 563 ὑμᾶς
359 489 528 546 ταῦτα
555 489 930 562 λαμϐάνομεν,
965 493 1082 546 ἀλλ’
1115 493 1191 556 ὼς
1225 494 1469 561 θέλοντες
1504 498 1633 569 ύμῖν
1663 499 1756 552 εὖ..

1878 506 1957 560 sed
1997 507 2430 564 benedictionem
2484 508 2638 566 vobis
2686 507 2978 566 conciliare
3029 509 3290 566 volentes.
3340 509 3436 565 Ille

176 586 372 654 λογίαν
398 583 755 655 προξενῆσαι.
789 585 956 639 Ὥστε
989 586 1017 638 6
1044 586 1222 651 διδοὺς
1264 588 1415 644 ἄκων
1453 590 1755 662 ἐλεημοσύ-

69 673 72 680 ’
176 696 280 748 νην
333 678 531 732 ὡσανεὶ
558 677 984 732 πλεονεκτεῖται.

256 785 276 820 ι
320 759 490 820 Τοῦτο
517 766 596 831 δὲ,
651 769 681 820 6
729 767 970 835 σπείρων
1013 769 1368 841 φειδομένως,
1418 775 1757 844 φειδομένως

179 859 272 912 καὶ
297 858 504 927 θερίσει
542 875 556 890 ο
585 863 681 912 καὶ
704 860 732 912 6
762 860 1005 930 σπείρων
1039 862 1127 915 ἐπ’
1149 861 1448 933 εὐλογίαις,
1474 867 1564 920 ἐπ’
1595 868 1754 922 εὐλοι-

178 951 334 1019 γίαις
363 951 456 1003 καὶ
483 949 708 1020 θερίσει.
767 969 788 1004 ι
842 952 965 1006 Ἐπὶ
991 954 1052 1008 τὸ
1077 954 1272 1027 ἕτερον
1332 959 1632 1029 κεφάλαιον
1657 978 1759 1032 με·

179 1042 452 1104 ταϐαίνει,
493 1043 553 1095 τδ
585 1043 714 1112 περὶ
765 1041 861 1098 τοῦ
901 1046 1039 1115 μετὰ
1075 1047 1358 1117 δαψιλείας
1408 1051 1615 1120 δοῦναι,
1642 1054 1760 1109 -καί

143 1140 152 1182 ῑ
182 1151 373 1203 φησιν,
409 1135 492 1187 ὅτι
523 1135 634 1187 Καὶ
679 1135 840 1190 τοῦτο
877 1136 1021 1206 λέγω
1050 1138 1188 1210 πρὸς
1215 1135 1297 1206 οἷς
1349 1139 1524 1211 εἷπον,
1583 1145 1666 1200 ὅτι
1693 1146 1756 1200 οὗ

182 1225 462 1292 φειδωλῶς
496 1220 579 1280 δεῖ
603 1227 830 1285 διδόναι.
881 1231 995 1284 Καὶ
1040 1232 1142 1286 οὐκ
1187 1228 1332 1300 εἷπε,
1377 1236 1756 1308 Μικρολόγως,

181 1315 296 1370 ἀλλ’
328 1317 606 1387 εὖφημότε
617 1335 729 1388 ρον,
761 1319 824 1373 τὸ
847 1321 946 1389 τῆς
971 1321 1184 1392 φειδοῦς
1202 1320 1375 1396 ὄνομα
1394 1328 1631 1384 τέθεικε.
1649 1331 1761 1385 Καὶ

187 1411 394 1480 σπόρον
423 1410 486 1462 τὸ
525 1413 760 1483 πρᾶγμα
790 1412 1072 1481 ἐκάλεσεν,
1124 1417 1211 1470 ἵνα
1243 1418 1448 1484 εὐθέως
1475 1421 1614 1492 πρὸς
1660 1422 1761 1496 τὴν

179 1501 454 1555 ἀντίδοσιν
485 1503 711 1575 pisum.
745 1507 840 1560 καὶ
884 1507 1061 1578 μάθῃς
1096 1508 1177 1562 ὅτι
1204 1511 1427 1565 πλείονα
1461 1513 1762 1582 λαμὸἀνεις

181 1598 213 1668 ἧ
247 1590 434 1661 δίδως.
470 1598 652 1652 Εἰπὼν
679 1600 736 1653 δὲ
767 1603 896 1672 περὶ
930 1602 1022 1656 τοῦ
1057 1604 1198 1673 μετὰ
1221 1605 1502 1676 δαψιλείας
1535 1607 1758 1677 διδόναι,

183 1690 351 1744 πάλιν
385 1693 481 1746 καὶ
511 1691 607 1746 τοῦ
645 1694 782 1763 μετὰ
815 1693 1126 1766 προθυμίας
1171 1694 1356 1752 δοῦναι
1391 1700 1709 1772 ἐπεμνήσθη
1743 1717 1761 1733 °

180 1782 243 1836 τὺ
270 1783 408 1852 γὰρ,
453 1803 472 1836 ι
499 1783 560 1838 'O
609 1785 850 1857 σπείρων
880 1787 965 1842 ἐπ’
992 1788 1293 1858 εὐλογίαις,
1334 1809 1355 1843 ›
1397 1789 1559 1844 τοῦτο
1583 1792 1742 1864 δηλοῖ

180 1875 258 1939 ὡς
283 1875 552 1948 ἀνωτέρω
573 1877 811 1949 εἴρηται.

257 2074 278 2109 ι
315 2057 596 2123 ’Ἐκαστος
619 2058 810 2124 καθὼς
847 2060 1197 2132 προαιρεῖται
1225 2067 1289 2136 τῇ
1324 2066 1545 2139 καρδίᾳ,
1585 2067 1661 2139 μὴ
1699 2070 1765 2122 ὲκ

183 2151 451 2224 λύπης,ἢ
487 2153 546 2217 ὲξ
574 2154 824 2224 ἀνάγκης
857 2170 871 2187 ο
911 2154 1098 2225 ίλαρδν
1128 2157 1239 2228 γὰρ
1294 2157 1452 2228 δότην
1496 2161 1687 2232 ἀγαπᾷ
1736 2163 1765 2216 6

181 2245 339 2309 Θεός.
376 2264 397 2297 ι
450 2245 812 2317 Ἐνδιατρίϐει
843 2246 920 2316 τῷ
957 2248 1084 2319 περὶ⁵
1129 2248 1222 2302 τοῦ
1277 2250 1416 2320 μετὰ
1456 2251 1766 2324 προθυμίας

182 2333 390 2387 διδόναι
417 2334 582 2401 λόγῳ,
621 2334 777 2399 εἰδὼς
803 2336 886 2390 ὄτι
915 2337 1054 2408 πρὸς
1081 2334 1143 2391 τὸ
1179 2337 1366 2393 δοῦναι
1417 2339 1611 2408 πολλὰ,
1668 2341 1766 2396 καὶ

181 2426 242 2478 τὸ
278 2426 645 2496 παράδειγμα
692 2427 802 2480 τῶν
859 2429 1190 2483 Μακεδόνων
1252 2431 1435 2484 ἱκανὸν
1476 2432 1627 2486 ἔσται
1684 2434 1767 2488 διι-

182 2521 405 2589 ιγείραι
424 2519 644 2581 αὐτοὺς,
665 2519 757 2572 καὶ
783 2519 842 2572 τὴ
865 2519 1228 2591 αἰσχύνεσθαι
1253 2523 1505 2586 ἐλάττους
1531 2524 1765 2595 φανῆναι

183 2611 440 2666 ἐκείνων.
473 2608 584 2680 Τὴν
618 2609 673 2663 δὲ
697 2610 926 2681 γνώμην
960 2611 1140 2664 αὐτῶν
1179 2612 1348 2678 ἰᾶται,
1409 2615 1498 2666 ἵνα
1532 2616 1616 2685 είη
1673 2616 1767 2668 καὶ

182 2702 364 2772 ἀρετὴ
398 2701 460 2755 τὸ
489 2702 621 2772 παρ’
669 2703 852 2757 αὐτῶν
895 2705 1202 2776 γινόμενον.
1257 2707 1319 2759 Εἰ
1347 2708 1456 2778 γὰρ
1487 2705 1765 2774 ἀκούσιον,

181 2795 280 2849 οὐκ
303 2795 506 2866 ἀρετή.
555 2795 644 2859 Ὠς
677 2791 771 2850 οὖν
803 2796 1127 2861 διδάσκαλος
1177 2799 1406 2870 ἀληθὴς,
1441 2799 1582 2854 θέλει
1639 2801 1767 2866 τοὺς

188 2886 445 2958 μαθητὰς
473 2887 617 2940 κατὰ
639 2887 731 2940 τὸν
762 2888 922 2956 λόγον
950 2888 1050 2956 τῆς
1077 2891 1282 2960 ἀρετῆς
1317 2893 1492 2945 ποιεῖν
1522 2889 1551 2944 ὃ
1578 2891 1767 2945 ποιοῦ-

185 2995 290 3044 σιν,
355 2979 475 3048 ἅμα
499 2978 556 3030 δὲ
582 2978 676 3032 καὶ
700 2979 788 3032 ἵνα
817 2981 846 3032 6
879 2981 1070 3048 μισθὸς
1093 2977 1276 3044 αὐτοῖς
1322 2982 1615 3052 ὁλόκληρος
1654 2984 1764 3053 εἴη,

185 3067 457 3133 ἑκουσίως
485 3069 702 3124 ποιοῦσι
735 3071 798 3124 τὸ
825 3071 1017 3124 καλόν·
1054 3069 1130 3136 ὡς
1161 3073 1223 3126 τό
1252 3091 1316 3141 γε
1347 3073 1606 3127 ἀκούσιον
1636 3074 1770 3127 ὁποι

1745 1831 1760 1860 ’
1795 1841 1838 1898 Β

1859 597 2042 668 itaque
2085 599 2175 668 qui
2214 599 2610 671 eleemosynam
2652 600 2820 658 invite
2867 601 3131 674 largitur,
3165 601 3431 672 quodam-

1859 691 2016 745 modo
2038 691 2330 759 expilatur.

1929 779 2089 852 291
2124 779 2290 836 Vens.
2314 780 2370 838 6.
2405 799 2426 834 ι
2462 781 2579 839 Hoc
2613 791 2792 838 autem
2827 782 2945 838 dico
2967 822 2982 848 .
3017 785 3107 854 qui
3141 799 3303 852 parce
3346 798 3436 839 sc-

1860 875 2051 939 minat,
2097 889 2258 946 parce
2285 886 2342 931 et
2369 883 2536 930 metet
2575 894 2590 931 :
2623 885 2678 930 et
2708 876 2798 945 qui
2825 876 3055 931 seminat
3101 877 3154 932 in
3215 877 3437 932 benedi—

1859 964 2152 1027 ctionibus.
2186 964 2243 1020 iu
2288 965 2760 1021 benedictionibus
2791 975 2846 1020 et
2880 975 3064 1021 metet.
3100 984 3120 1018 ι
3169 967 3248 1020 Ad
3286 966 3433 1021 aliud

1859 1065 2022 1127 caput
2050 1057 2162 1127 jam
2198 1057 2414 1122 transit,
2460 1056 2603 1125 quod
2633 1064 2716 1112 est
2755 1057 2823 1123 de
2865 1055 3089 1127 largiter
3120 1056 3319 1123 dando,
3351 1056 3435 1112 in-

1860 1148 2056 1218 quiens
2093 1164 2106 1201 :
2147 1145 2260 1202 Hoc
2303 1147 2466 1203 etiam
2498 1145 2695 1216 adjicio
2729 1146 2808 1202 eis
2842 1161 2962 1215 qua:
3003 1147 3256 1211 dixerim,
3292 1147 3435 1217 quod

1861 1254 1967 1295 non
2015 1253 2178 1308 parce
2213 1243 2461 1309 oporteat
2503 1238 2660 1294 dare.
2708 1236 2774 1292 Et
2825 1252 2930 1293 non
2975 1238 3133 1305 dixit,
3181 1239 3432 1304 tenuiter,

1862 1331 1955 1387 sed
1985 1331 2274 1387 'celebrius
2329 1331 2678 1400 parcimoniae
2729 1328 3054 1386 vocabulum
3111 1328 3309 1398 posuit.
3357 1328 3436 1384 Ac

1863 1436 2047 1476 semen
2103 1437 2239 1490 opus
2295 1421 2469 1490 ipsum
2520 1421 2753 1484 vocavit,
2801 1429 2860 1474 ut
2911 1420 2978 1474 ad
3023 1419 3434 1473 retributionem

1862 1514 2153 1571 confestim
2189 1513 2469 1584 respicias.
2508 1525 2572 1568 ac
2613 1512 2793 1568 discas
2830 1511 2972 1581 quod
3018 1511 3171 1580 plura
3202 1509 3439 1579 accipias

1862 1620 2024 1676 quam
2069 1605 2182 1661 des.
2230 1605 2363 1659 Cum
2407 1618 2537 1659 vero
2571 1603 2817 1666 dixisset,
2856 1603 2999 1672 quod
3038 1601 3261 1669 largiter
3303 1600 3441 1654 dan-

1864 1700 1987 1752 dum
2039 1695 2130 1760 sit,
2184 1708 2372 1749 rursus
2416 1695 2578 1748 etiam
2622 1692 2869 1748 meminit
2907 1693 3047 1762 quod
3104 1706 3223 1745 cum
3278 1689 3440 1744 animi

1866 1789 2144 1844 alacritate
2173 1787 2406 1843 dandum
2439 1785 2544 1841 sit:
2577 1786 2719 1855 quod
2749 1785 2893 1841 enim
2931 1784 3025 1853 ait,
3066 1802 3084 1835 ι
3127 1783 3228 1850 Qui
3282 1780 3444 1837 semi-

1874 1887 1966 1934 nat
1984 1879 2038 1934 in
2070 1877 2558 1946 benedictionibus,
2597 1895 2618 1930 ι
2655 1878 2757 1932 boc
2788 1876 3012 1941 indicat,
3045 1873 3268 1945 perinde
3298 1888 3362 1928 ac
3389 1874 3440 1928 in

1871 1968 2240 2039 superioribus
2271 1968 2475 2024 dictum
2505 1976 2606 2023 est.

1943 2055 2107 2111 Vens.
2141 2055 2195 2111 7.
2237 2074 2256 2109 ι
2300 2055 2684 2126 Unusquisque
2715 2062 2873 2123 prout
2915 2053 3150 2108 destinat
3195 2053 3246 2107 in
3280 2053 3443 2108 corde

1871 2164 1992 2218 suo,
2031 2164 2136 2204 non
2173 2164 2237 2205 ex
2275 2149 2491 2204 tristitia
2531 2159 2624 2203 aut
2659 2149 3004 2204 necessitate.
3035 2145 3270 2201 llilaretn
3297 2146 3442 2200 enim

1872 2243 2115 2298 datorem
2152 2240 2327 2312 diligit
2372 2241 2533 2296 Deus.
2582 2259 2601 2293 ι
2640 2241 2694 2294 In
2734 2254 2985 2294 sermone
3012 2240 3076 2294 de
3120 2239 3448 2309 promptitu-

1873 2335 1998 2390 dine
2044 2331 2096 2388 in
2134 2332 2310 2387 dando
2341 2332 2682 2395 immoratur,
2717 2340 3052 2398 compertum
3097 2330 3304 2384 habens
3337 2329 3448 2382 Ma-

1872 2428 2136 2484 cedonum
2167 2423 2472 2492 exemplum
2506 2422 2749 2476 sullicere
2783 2423 2846 2474 ad
2879 2422 3002 2485 hoc,
3043 2432 3099 2474 ut
3123 2423 3323 2475 excitet
3352 2436 3446 2475 eos

1873 2534 1981 2590 quo
2008 2519 2161 2588 plura
2186 2517 2339 2577 dent,
2377 2527 2542 2584 utque
2577 2513 2882 2584 pudefaciat
2922 2529 3036 2579 eos,
3071 2514 3114 2567 si
3163 2513 3445 2568 inferiores

1875 2610 1985 2664 illis
2026 2615 2342 2679 appareant.
2379 2605 2624 2676 Ipsorum
2675 2615 2853 2660 autem
2898 2614 3134 2658 mentem
3175 2613 3352 2666 sanat.
3388 2612 3446 2656 ut

1875 2703 1948 2759 sit
1981 2700 2146 2757 etiam
2185 2701 2356 2754 virtus
2386 2700 2530 2768 quod
2560 2697 2627 2752 ab
2669 2696 2798 2764 ipsis
2832 2695 2910 2748 fit.
2955 2693 3090 2748 Nam
3118 2692 3161 2746 si
3196 2693 3444 2746 involun-

1878 2794 2074 2848 larium
2111 2801 2216 2855 est,
2250 2805 2354 2845 non
2386 2798 2470 2844 est
2509 2789 2705 2844 virtus.
2740 2785 2866 2841 Ideo
2911 2799 3009 2839 ceu
3047 2799 3200 2838 verus
3244 2798 3444 2852 praece-

1874 2895 2016 2956 ptor.
2048 2883 2344 2952 discipulos
2385 2896 2514 2937 suos
2543 2879 2764 2935 omnino
2807 2877 2920 2932 vult
2961 2891 3057 2947 pro
3099 2875 3314 2929 virtutis
3362 2891 3449 2929 ra-

1877 2977 2025 3031 tione
2049 2976 2227 3031 facere
2245 2974 2389 3044 quod
2412 2973 2640 3028 faciunt.
2672 2968 2842 3025 Simul
2873 2977 3050 3024 autem
3077 2978 3136 3023 ut
3157 2976 3208 3022 et
3240 2981 3448 3021 merces

1875 3066 2006 3135 ipsis
2067 3073 2174 3118 tota
2219 3063 2526 3134 contingat,
2566 3059 2868 3116 voluntario
2924 3057 3132 3112 faciunt
3179 3058 3378 3111 bonum
3427 3071 3444 3111 :

184 3162 382 3232 τέμνει
401 3161 493 3215 τὸν
532 3162 721 3230 μισθὸν
747 3176 762 3192 ο
795 3162 884 3216 διὰ
914 3162 1072 3216 τοῦτό
1095 3179 1261 3232 φησιν
1288 3177 1304 3195 ο
1335 3181 1354 3214 ι
1389 3163 1662 3226 Ἕκαστος
1693 3163 1767 3227 ὡς

1878 3172 2001 3213 nam
2036 3156 2458 3211 involuntarium
2490 3153 2795 3209 mercedem
2827 3151 3041 3206 minuit.
3068 3147 3148 3205 Ob
3173 3163 3291 3204 eam
3316 3163 3451 3204 cau-

184 3255 565 3322 προαιρεῖται,
591 3254 688 3306 καὶ
703 3253 802 3307 οὐκ
833 3255 898 3308 ὲκ
927 3253 1127 3324 λύπης,
1152 3255 1185 3326 ἢ
1209 3255 1269 3320 ἐξ
1301 3257 1546 3326 ἀνάγκης
1569 3275 1584 3289 ο
1613 3275 1634 3308 ι
1673 3258 1768 3312 καὶ

188 3342 504 3414 μαρτυρίαν
525 3345 589 3394 ἐκ
613 3343 956 3409 Σολομῶντος
977 3343 1240 3415 παράγει.
1268 3344 1459 3398 Καίτοι
1481 3347 1509 3398 6
1523 3345 1680 3413 λόγος
1697 3345 1772 3414 τῷ

188 3433 346 3504 σοφῷ
371 3432 482 3505 [ού]
515 3435 642 3504 περὶ
681 3433 964 3503 δαψιλείας
997 3436 1216 3506 εἴρηται
1240 3449 1254 3466 ⁸
1291 3437 1404 3490 ἀλλ’
1442 3440 1592 3509 ὅμως
1611 3436 1774 3500 αὐτὸς

185 3527 264 3590 είς
291 3527 362 3580 τὸ
395 3527 539 3595 μετὰ
568 3525 880 3596 προθυμίας
923 3525 1126 3581 διδόναι
1187 3529 1379 3584 τοῦτον
1431 3529 1721 3596 ἐξελάθετο
1754 3545 1768 3559 ·

183 3622 233 3675 εί
270 3621 335 3675 δὲ
383 3619 584 3691 βούλει,
621 3619 878 3691 καὶπρὸς
905 3620 1210 3692 ἀμφότερα.

259 3818 281 3852 ι
317 3798 559 3862 Δυνατδς
577 3799 679 3852 δὲό
715 3797 850 3863 Θεὸς
878 3798 1062 3852 πᾶσαν
1101 3797 1264 3870 χάριν
1287 3798 1648 3868 περισσεῦσαι
1693 3800 1773 3864 εἰς

187 3893 362 3962 ὑμᾶς.
405 3911 424 3944 ι
467 3892 565 3946 Διά
594 3891 798 3945 τούτων
828 3891 940 3946 τῶν
971 3891 1148 3959 λόγων
1180 3891 1481 3960 ἀνατρέπει
1505 3892 1598 3945 τὸν
1630 3889 1773 3960 λογι-

189 3984 332 4054 σμὸν
362 3984 494 4064 διζοἱ
521 3982 708 4038 πολλοὶ
735 3982 930 4055 ἔχομεν
961 3983 1214 4051 λέγοντες
1238 3997 1256 4015 ο
1299 3979 1423 4036 Ἐὰν
1465 3983 1635 4064 πολλά
1672 3984 1771 4046 δῶ,

186 4062 445 4132 δέδοικῖ
447 4077 640 4147 μήπως
687 4077 860 4146 πένης
901 4075 1169 4146 γένωμαι.
1202 4075 1370 4144 Φησὶν
1401 4075 1514 4141 οὖν,
1570 4062 1651 4130 ὅτι
1714 4076 1773 4130 Ὁ

187 4170 327 4233 θεὸς
355 4168 584 4223 δύναται
605 4168 860 4223 τοσοῦτον
887 4168 1032 4237 ὑμᾶς
1056 4169 1329 4232 άνενδεεῖς
1354 4168 1604 4238 ποιῆσαι,
1629 4168 1770 4222 ὥστε

190 4263 283 4316 καὶ
319 4263 506 4316 πᾶσαν
541 4260 724 4332 χάριν,
750 4259 997 4314 τουτέστι
1023 4262 1206 4315 πᾶσαν
1237 4259 1630 4332 ἐλεημοσύνην,
1682 4256 1773 4314 δύ-

190 4351 392 4410 νασθαι
426 4351 572 4421 ὑμᾶς
604 4349 743 4421 μετὰ
773 4349 1100 4420 περισσείας
1149 4343 1347 4404 ποιεῖν.
1409 4350 1538 4403 Δότε
1588 4350 1772 4404 τοίνυν

188 4445 458 4515 δαψιλῶς,
491 4442 578 4499 ἵνα
631 4443 1029 4515 ήὲλεημοσύνη
1066 4443 1222 4516 υμῶν
1277 4443 1367 4498 ἀεὶ
1393 4444 1488 4498 καί⁵
1539 4445 1629 4498 ἀεὶ
1670 4460 1772 4498 πε·

194 4536 450 4606 ρισσεύῃ.

267 4647 288 4680 ι
323 4628 372 4681 ’1
379 4645 446 4681 να
464 4628 520 4682 ὲν
546 4627 712 4681 παντὶ
729 4628 960 4682 πάντοτε
977 4629 1160 4682 πᾶσαν
1179 4628 1516 4699 αὐτάρκειαν
1533 4628 1774 4700 ἔχοντες,

190 4716 561 4791 περισσεύητε
610 4720 690 4790 είς
743 4719 852 4772 πᾶν
901 4717 1062 4789 ἔργον
1116 4719 1340 4787 ἀγαθόν.
1387 4738 1406 4772 ι
1464 4719 1660 4792 Ὁρᾷςς
1710 4724 1773 4775 ού

191 4810 427 4863 πλοῦτον
456 4811 659 4874 αὐτοῖς,
701 4809 820 4862 ἀλλ’
849 4810 1192 4878 αὐτάρκειαν
1237 4810 1554 4881 ἐπεύχεται.
1606 4811 1777 4866 Τοῦτο

189 4901 245 4954 δὲ
275 4899 471 4966 εἰπὼν,
497 4901 775 4956 δείκνυσιν
803 4901 886 4954 ὅτι
915 4901 1036 4953 οὐδὲ
1087 4900 1338 4968 βιάζεται
1381 4903 1602 4966 αὐτοὺς,
1653 4902 1776 4955 οὐδὲ

195 4991 498 5060 ἀναγκάζει
543 4993 609 5046 ὲκ
663 4991 759 5045 τοῦ
799 4992 1181 5062 ὑστερήματος
1233 4992 1475 5047 διδόναι·
1508 4993 1630 5046 οὐδὲ
1668 4993 1776 5064 γὰρ

195 5080 263 5134 ἂν
297 5081 634 5152 αὐτάρκειαν
667 5081 856 5136 λοιπὸν
883 5081 1057 5152 ἔχοιεν
1087 5099 1103 5115 ·
1146 5083 1264 5154 ἅμα
1293 5084 1350 5137 δὲ
1407 5083 1504 5138 καὶ
1531 5084 1775 5138 διδάσκει

193 5171 298 5226 ποῦ
325 5173 408 5226 δεῖ
435 5177 546 5237 τοῖς
569 5174 661 5229 τοῦ
681 5175 812 5228 Θεοῦ
837 5175 1032 5246 δώροις
1056 5177 1385 5247 κεχρῆσθαι.
1441 5195 1460 5228 ι
1493 5175 1613 5230 Ἵνα
1645 5178 1774 5249 γὰρ,

195 5263 384 5331 φησὶν,
428 5264 508 5328 είς
542 5267 652 5318 πᾶν
689 5265 852 5336 ἔργον
899 5268 1264 5340 περισσεύητε
1325 5267 1548 5333 ἀγαθόν.
1595 5287 1614 5318 ι
1688 5269 1776 5321 Ἐν

201 5353 442 5425 μὲνγὰρ
499 5359 609 5426 τοῖς
664 5361 971 5428 σαρκικοῖς,
1024 5361 1212 5428 φησὶν,
1261 5359 1597 5430 αὐτάρκειαν
1647 5359 1776 5428 ύμῖν

197 5445 504 5516 ἐπεύχομαι
529 5462 544 5478 ⁶
579 5451 638 5503 ὲν
666 5449 722 5503 δὲ
751 5452 867 5514 τοῖς
898 5454 1291 5520 πνευματικοῖς
1317 5451 1500 5520 (τοῦτο
1524 5450 1633 5519 γάρ
1659 5452 1774 5504 ἐστι

197 5538 279 5602 τὸ,
302 5539 428 5602 «Εἰς
455 5541 562 5593 πᾶν
585 5541 746 5612 ἔργον
766 5541 1052 5610 ἀγαθὸνι),
1079 5543 1424 5612 περισσείανο
1453 5542 1542 5594 ἵνα
1572 5543 1646 5612 μὴ
1676 5542 1770 5609 μό-

199 5645 288 5684 νον
320 5631 512 5702 ὲλεῆτε
537 5632 841 5702 περισσῶς,
873 5632 1010 5687 ἀλλὰ
1027 5633 1120 5686 καὶ
1146 5635 1254 5688 πᾶν
1280 5634 1443 5703 ἔργον
1480 5634 1774 5704 θεάρεστον

201 5718 506 5791 φιλοτίμως
533 5724 750 5794 ποιῆτε.

274 5813 524 5879 ιΚαΟὼς
580 5816 932 5890 γέγραπται·
1006 5817 1382 5888 Ἐσκόρπισεν,
1433 5817 1600 5873 ἔδωκε
1658 5821 1771 5883 τοῖς

1873 3263 2012 3312 sam.
2057 3247 2249 3318 inquit,
2298 3265 2316 3298 ι
2357 3243 2750 3316 Unusquisque
2780 3243 2918 3300 utin
2958 3242 3122 3298 corde
3155 3257 3254 3297 suo
3283 3241 3452 3296 desti-

1874 3349 1970 3396 nat
2009 3359 2030 3393 ι
2073 3340 2190 3395 sive
2234 3337 2632 3409 praedelibcrat,
2682 3357 2700 3390 ι
2740 3347 2795 3393 et
2829 3352 2933 3392 non
2964 3351 3031 3391 ex
3076 3348 3329 3401 maerore,
3359 3343 3454 3388 aut

1874 3430 2214 3486 necessitate.
2256 3447 2276 3481 ι
2315 3427 2704 3492 Testimonium
2747 3436 3010 3496 praeterea
3053 3438 3119 3479 ex
3163 3423 3453 3478 Solomone

1874 3523 2143 3594 producit.
2189 3522 2350 3593 Atqui
2398 3534 2576 3576 sermo
2609 3519 2840 3590 sapienti
2873 3519 2939 3573 de
2986 3516 3236 3589 largitate
3273 3515 3454 3571 dictus

1873 3628 1979 3685 est,
2012 3618 2128 3685 ipse
2177 3631 2306 3670 vero
2349 3613 2614 3670 intellexit
2661 3628 2782 3668 eum
2819 3612 2890 3666 de
2933 3609 3357 3681 promptitudine
3393 3610 3450 3665 in

1874 3713 2054 3767 dando
2086 3728 2100 3765 :
2139 3720 2230 3765 aut
2263 3709 2308 3765 si
2345 3708 2520 3772 malis,
2557 3706 2624 3761 ad
2666 3715 2893 3775 utraque
2925 3704 3126 3771 retulit.

1945 3802 2114 3857 Vens.
2149 3801 2202 3857 8.
2245 3818 2264 3852 ι
2326 3799 2523 3854 Potens
2551 3807 2645 3855 est
2677 3808 2856 3854 autem
2899 3796 3035 3853 Deus
3075 3809 3292 3853 Omnem
3331 3813 3454 3868 gra-

1877 3893 2004 3948 tiam
2047 3892 2436 3946 exuberantem
2485 3888 2666 3944 facere
2696 3903 2826 3957 erga
2861 3903 2976 3943 vos.
3012 3905 3031 3939 ι
3070 3885 3230 3941 llisce
3271 3886 3452 3943 verbis

1873 3983 2253 4055 cogitationem
2284 3983 2552 4038 subvertit
2591 3995 2755 4051 quam
2805 3979 2959 4036 multi
2989 3980 3251 4034 habemus
3276 3979 3455 4034 dicen-

1877 4090 1958 4135 tes
1985 4080 2077 4136 :Si
2113 4081 2278 4134 multa
2308 4080 2528 4144 dedero.
2556 4089 2741 4135 metuo
2774 4092 2842 4134 ne
2867 4079 2933 4132 ad
2961 4086 3337 4148 paupertatem
3369 4093 3456 4132 re-

1877 4173 2056 4243 digar.
2091 4173 2181 4227 Ait
2221 4173 2389 4244 igitur
2422 4191 2437 4228 :
2469 4173 2613 4229 Deus
2651 4181 2828 4242 potest
2856 4171 2992 4225 adeo
3028 4185 3124 4225 vos
3157 4183 3335 4224 rerum
3364 4183 3456 4224 co-

1867 4267 1960 4336 pia
2005 4264 2284 4320 mittentes
2316 4264 2518 4330 facere,
2569 4275 2630 4319 ut
2680 4273 2734 4318 et
2782 4279 2996 4319 omnem
3049 4263 3306 4330 gratiam,
3351 4260 3456 4316 hoc

1875 4365 1956 4410 est
1996 4357 2414 4426 eleemosynam,
2451 4355 2674 4424 possitis
2696 4369 2818 4410 cum
2861 4353 3212 4409 exuberantia
3252 4351 3453 4406 facere.

1877 4447 2012 4504 Date
2055 4448 2220 4518 igitur
2267 4448 2508 4517 largiter,
2560 4454 2618 4500 ut
2661 4447 3010 4517 eleemosyna
3067 4455 3243 4501 vestra
3285 4447 3457 4513 magis

1810 4540 1854 4596 ι)
1883 4540 2159 4610 magisque
2185 4539 2466 4594 exuberet.

1951 4651 1972 4684 ι
2013 4631 2081 4688 Ut
2110 4631 2164 4686 in
2195 4632 2343 4687 omni
2386 4646 2445 4686 re
2484 4644 2700 4686 onmem
2748 4629 3121 4685 suﬂicieutiam
3172 4628 3454 4693 habentes,

1875 4723 2163 4778 abundetis
2211 4723 2264 4778 in
2315 4736 2475 4778 omne
2526 4737 2664 4793 opus
2722 4724 2944 4777 bonum.
2989 4740 3009 4774 ›
3060 4721 3299 4777 Viden’?
3350 4738 3454 4776 non

1875 4830 2008 4886 opes
2059 4815 2192 4884 ipsis
2241 4824 2482 4884 exaptat,
2531 4814 2628 4870 scd
2680 4812 3075 4870 sullicientiam.
3114 4815 3226 4870 Hoc
3274 4826 3454 4869 autem

1874 4906 2088 4971 dicens,
2117 4905 2319 4961 indicat
2358 4903 2500 4975 quod
2531 4920 2704 4974 neque
2728 4904 2932 4974 adigat,
2964 4920 3138 4975 neque
3167 4904 3456 4973 compellat

1875 5013 1970 5053 eos
1999 5012 2064 5052 ex
2097 4996 2278 5066 inopia
2315 4997 2446 5052 dare
2479 5014 2494 5052 :
2527 5011 2703 5066 neque
2731 4997 2874 5051 enim
2901 4997 3272 5052 sumcientiam
3305 4996 3454 5050 dein-

1876 5092 2324 5160 ccps.baberent.
2357 5090 2530 5146 Simul
2558 5103 2740 5146 autem
2769 5091 2926 5146 docet
2959 5092 3179 5147 ubinam
3210 5098 3452 5161 oporteat

1877 5183 2037 5238 donis
2079 5183 2172 5239 Dei
2195 5184 2296 5238 uti.
2350 5201 2368 5235 ι
2410 5183 2478 5239 Ut
2507 5181 2793 5241 abundetis
2840 5204 2858 5236 ι
2897 5186 3062 5249 enim,
3102 5185 3293 5252 inquit,
3332 5201 3351 5234 ι
3388 5183 3452 5234 ad

1876 5289 2037 5330 omne
2066 5291 2200 5345 opus
2229 5276 2450 5330 b0nunt.
2485 5292 2504 5324 ι
2540 5273 2817 5345 Siquidem
2867 5276 2918 5328 in
2954 5274 3259 5330 carnalibus
3305 5273 3454 5328 vobis

1876 5365 2255 5420 sullicientiatn
2303 5373 2500 5434 exopto
2547 5382 2561 5422 :
2601 5365 2654 5418 in
2703 5365 3074 5434 spiritualibus
3115 5375 3290 5420 autem
3332 5366 3456 5435 (hoc

1876 5457 2019 5510 enim
2044 5459 2291 5525 estquod
2325 5458 2420 5523 ait,
2471 5476 2489 5509 ι
2530 5458 2593 5510 ad
2623 5473 2784 5512 omne
2814 5473 2950 5528 opus
2980 5459 3178 5513 bonum
3217 5457 3262 5528 ι)
3289 5458 3458 5512 abun-

1877 5546 2116 5598 dantiam
2171 5545 2335 5600 etiam
2383 5545 2535 5601 vobis
2580 5546 2742 5616 292
2801 5547 3090 5618 imprecor,
3149 5558 3208 5602 ut
3261 5549 3459 5604 nedum

1878 5637 2089 5691 abunde
2123 5638 2503 5692 misericordes
2547 5639 2688 5704 sitis,
2716 5654 2902 5693 verum
2930 5643 3094 5694 etiam
3128 5655 3291 5695 omne
3326 5653 3460 5712 opus

1880 5727 1988 5783 Deo
2016 5728 2234 5793 placens
2269 5729 2563 5783 liberaliter
2597 5728 2830 5785 faciatis.

1953 5819 2115 5876 Vens.
2157 5819 2210 5877 9.
2253 5837 2270 5871 ι
2313 5819 2464 5876 Sicut
2495 5821 2768 5892 scriptum
2800 5831 2884 5878 est
2917 5839 2932 5878 :
2972 5821 3254 5894 Dispersit,
3316 5821 3460 5876 dedit
