3898 6566
579 388 687 453 895

1439 376 2019 443 THEOPHYLACTI
2061 373 2478 435 BULGARUE
2508 372 2868 435 ARCHIEP.

3703 366 3790 431 896

579 486 925 564 pauperibus,
970 492 1180 563 iustitia
1230 492 1346 561 eius
1392 499 1575 545 manet
1633 491 1687 543 in
1731 487 1989 543 sacculum
2040 487 2085 538 ί.
2120 503 2139 537 ι

2260 483 2502 553 πένησιν,
2546 484 2578 554 ἡ
2604 482 2920 552 δικαιοσύνη
2947 478 3114 535 αὐτοῦ
3141 480 3297 549 μένει
3339 478 3421 541 εἰς
3457 476 3548 531 τὸν
3568 478 3742 534 αἰῶνα.
3772 502 3786 532 ι

580 588 744 653 Dixit,
779 606 797 639 t
838 596 895 640 ut
940 586 1269 641 cxuberetis.
1346 602 1365 636 ι
1404 584 1484 638 Ad
1530 583 1685 637 istius
1730 584 1913 650 itaque
1947 577 2150 634 conﬁr-

580 680 871 735 mationem
902 694 970 733 ex
1007 678 1270 747 propheta
1309 675 1677 732 testimonium
1711 674 1955 742 protulit,
1997 672 2149 727 vide.

578 770 727 831 licet,
755 787 773 820 ι
810 767 1109 837 Dispersit;
1146 786 1164 818 ι
1197 768 1311 821 lucc
1339 765 1490 820 enim
1515 764 2072 820 dictioliheralitatcm
2099 772 2154 817 et

579 858 991 915 exuberantiam
1042 858 1265 912 indicat.
1299 856 1546 920 Pecuniae
1580 855 1743 927 igitur
1780 865 1836 909 et
1872 854 2153 908 facultates

581 966 685 1005 non
727 959 948 1003 manent
997 948 1249 1017 :jnstitia
1295 959 1510 1012 autem,
1551 948 1652 1002 hoc
1714 956 1798 1002 est
1845 946 2155 1001 humanitas

581 1041 683 1109 (sic
709 1042 850 1095 enim
883 1055 1001 1094 eam
1033 1048 1213 1102 vocat,
1251 1050 1499 1107 tanquam
1537 1053 1657 1107 qme
1691 1038 1960 1093 hominem
1991 1037 2156 1107 justi-

582 1133 725 1193 ticet,
753 1146 817 1185 ac
867 1138 1084 1199 peccata
1140 1128 1359 1197 solvat),
1397 1128 1497 1183 ista
1546 1128 1754 1183 scilicet
1795 1127 2048 1197 perdurat
2094 1128 2155 1182 in

581 1220 835 1276 sacculum
871 1229 978 1271 tum
1010 1232 1245 1286 prmsens
1278 1228 1390 1271 tum
1444 1217 1703 1273 futurum.
1733 1216 1871 1272 Hinc
1895 1217 2040 1271 enim
2073 1225 2157 1270 est

583 1309 724 1374 quod
764 1309 1075 1362 misericors
1113 1309 1182 1363 ab
1216 1307 1505 1371 omnibus,
1544 1314 1598 1359 et
1651 1306 1937 1376 progenies
1961 1306 2095 1373 'ejus
2125 1320 2155 1359 a

584 1401 815 1470 posteris
839 1401 1101 1469 diligitur.

660 1491 818 1546 Vens.
851 1492 939 1547 10.
974 1511 991 1544 ι
1029 1493 1131 1558 Qui
1180 1503 1360 1548 autem
1393 1492 1737 1546 administrat
1767 1507 1952 1547 semen
1984 1494 2156 1547 semi-

585 1582 757 1646 nanti,
782 1591 836 1636 et
867 1598 1057 1651 panem
1086 1586 1152 1636 ad
1175 1585 1604 1638 manducandum
1635 1594 1869 1652 praestet,
1900 1598 1952 1639 et
1974 1588 2159 1642 multi-

584 1672 743 1741 plicct
790 1688 970 1727 semen
1016 1685 1276 1737 vestrum,
1326 1686 1380 1729 et
1412 1692 1661 1731 crescere
1715 1678 1873 1731 faciat
1914 1681 2155 1748 germina

580 1763 803 1837 iustitia:
838 1776 1047 1819 vestra}.
1091 1783 1109 1816 ι
1154 1767 1266 1820 Sub
1299 1767 1499 1821 eisdem
1551 1769 1729 1823 verbis
1766 1779 1819 1822 et
1856 1772 2154 1840 corporalia

587 1864 639 1909 et
668 1856 969 1923 spiritualia
1016 1858 1121 1912 illis
1161 1868 1401 1926 exoptat,
1445 1863 1791 1930 sermonique
1831 1877 1934 1916 suo
1980 1873 2159 1918 aucto-

590 1945 806 1998 ritatem
853 1961 882 1999 a
930 1947 1173 2001 sensibili
1227 1948 1557 2017 agricultura
1601 1950 1874 2006 conciliat.
1909 1952 1963 2007 Si
2015 1954 2159 2008 enim

592 2045 745 2091 terra:
778 2039 982 2091 semina
1018 2041 1395 2095 mandantibus
1413 2040 1551 2096 Deus
1581 2043 1820 2113 impertit
1849 2060 2031 2100 semen
2054 2087 2069 2111 ,
2098 2061 2161 2102 ac

588 2128 632 2181 si
659 2144 851 2196 corpus
880 2130 1148 2184 alentibus
1195 2131 1504 2186 alimoniam
1535 2134 1733 2202 praebet
1764 2151 1778 2190 :
1807 2135 2163 2205 multomagis

589 2220 786 2274 ctelutn
843 2221 1149 2276 colentibus
1221 2225 1569 2293 animamque
1622 2226 1914 2282 alentibus.
1967 2227 2161 2283 Dicens

589 2313 771 2383 igitur,
832 2334 851 2366 ι
891 2315 1115 2371 Praestet
1160 2329 1210 2371 et
1245 2319 1554 2389 multiplich
1611 2336 1796 2376 semen
1839 2334 2096 2390 vestrum,
2135 2343 2155 2378 ι

588 2406 654 2461 de
689 2407 892 2463 divitiis
938 2410 1284 2465 sensibilibus
1342 2411 1603 2481 loquitur,
1658 2429 1797 2481 quas
1833 2416 1945 2469 vult
2001 2418 2163 2482 spiti-

588 2497 729 2554 tuale
759 2512 941 2553 semen
976 2498 1137 2563 cﬂici,
1175 2501 1299 2554 dum
1330 2503 1649 2570 pauperibus
1678 2511 1992 2572 erogantur.
2025 2506 2163 2559 Hinc

588 2590 732 2644 cnim
760 2592 951 2644 crescit
978 2606 1136 2645 omne
1163 2595 1358 2646 bonum
1389 2609 1523 2662 opus
1551 2593 1602 2647 in
1634 2595 1811 2656 nobis,
1844 2606 2002 2663 atque
2027 2598 2163 2651 adeo

582 2682 806 2751 iustitia:
842 2684 1099 2750 manipuli
1124 2694 1465 2754 augescunt:
1501 2698 1789 2755 propterea
1828 2687 2009 2751 infert,
2040 2707 2058 2740 ι
2096 2688 2163 2744 Ει

588 2789 835 2828 crescere
858 2774 1018 2827 faciat
1043 2777 1285 2842 germina
1312 2777 1539 2845 justitim
1562 2788 1775 2832 vestrm.
1811 2797 1829 2832 ι
1864 2778 1962 2833 llic
1982 2788 2160 2834 autem

591 2874 739 2931 nota,
775 2867 915 2934 quod
967 2866 1130 2919 Deum
1176 2882 1279 2919 non
1321 2866 1558 2928 delicias.
1591 2870 1683 2923 sed
1723 2868 2031 2925 alimoniam
2065 2873 2164 2926 im-

589 2957 907 3025 pertientem
957 2958 1264 3013 introdttcat
1305 2975 1320 3013 :
1371 2977 1390 3011 ι
1431 2958 1632 3015 Panem
1687 2981 1712 3013 ι
1741 2963 1919 3028 enim,
1965 2965 2159 3035 inquit,

596 3066 615 3099 ι
650 3049 716 3101 ad
747 3050 1177 3105 manducandum
1211 3053 1257 3104 Ι.
1300 3070 1318 3103 ι
1366 3052 1513 3107 Istud
1566 3063 1743 3108 autem
1781 3071 1846 3111 ex
1886 3056 2024 3114 Isaia
2061 3061 2161 3115 de~

589 3150 861 3209 sumptum
897 3152 997 3198 est.

666 3231 828 3287 sts.
865 3233 951 3288 lt.
1003 3252 1021 3285 t
1068 3235 1125 3289 In
1178 3236 1430 3292 omnibus
1479 3238 1804 3295 ditescentcs
1849 3241 1915 3295 ad
1947 3257 2159 3297 omnem

593 3324 1014 3394 simplicitatem,
1050 3342 1166 3396 quae
1202 3328 1366 3384 el‘ticit
1405 3345 1503 3399 per
1534 3347 1631 3385 nos
1661 3333 1955 3402 gratiarum
1989 3336 2154 3389 actio.

595 3430 716 3469 nom
750 3417 876 3470 Deo.
917 3435 934 3468 ι
968 3414 1170 3472 Iudicat
1202 3419 1287 3473 hic
1319 3436 1506 3476 rursus
1529 3423 1803 3490 quomodo
1833 3439 1930 3477 nos
1963 3426 2163 3481 divitiis

591 3509 668 3562 uti
705 3515 970 3577 oporteat.
1016 3509 1107 3562 Ait
1144 3510 1285 3564 enim
1320 3513 1461 3580 quod
1513 3528 1617 3566 non
1650 3524 1777 3568 sunt
1808 3516 2159 3581 defoliendze.

591 3611 844 3653 cauerunt
890 3600 956 3654 ad
1007 3616 1220 3656 omnem
1274 3603 1671 3671 simplicitatem
1727 3606 2006 3670 habendae,
2064 3609 2162 3663 hoc

586 3700 671 3745 est
727 3704 848 3744 cum
881 3691 1198 3769 liberalitate
1229 3696 1531 3763 eroganda.
1567 3694 1828 3761 Quoniam
1863 3711 1991 3751 vero
2023 3699 2162 3754 haud

518 3794 529 3803 '
588 3795 781 3852 parum
834 3785 987 3838 multi
1045 3786 1097 3839 in
1151 3796 1329 3840 scorta
1386 3796 1441 3840 et
1505 3789 1699 3842 mimos
1761 3786 2161 3858 simplicitatem

589 3880 899 3940 ostendant,
939 3876 1148 3943 Talem,
1193 3878 1388 3947 inquit,
1429 3879 2007 3948 simplicitatenrdico,
2041 3901 2162 3955 qua:

597 3964 820 4018 multam
848 3967 1145 4033 gratiarum
1189 3970 1456 4023 actionem
1491 3970 1647 4024 affert
1693 3968 1804 4027 Deo
1850 3991 1864 4027 :
1893 3975 2004 4029 imo
2034 3990 2164 4031 vero

592 4069 699 4109 non
753 4056 927 4110 solum
976 4058 1269 4126 gratiarum
1315 4060 1605 4126 actionem,
1658 4076 1845 4117 verum
1900 4074 1954 4120 et
1995 4068 2161 4122 multa

592 4148 699 4200 alia
733 4162 852 4215 qua:
883 4149 937 4203 in
974 4164 1263 4219 progressu
1297 4150 1551 4221 Epistolae
1579 4152 1833 4223 deinceps
1876 4160 2047 4226 ponit,
2082 4172 2159 4229 ut,

592 4239 674 4293 sic
712 4240 1007 4296 ostendens
1044 4242 1209 4295 inulta
1235 4243 1322 4296 illa
1366 4243 1504 4298 bona
1533 4259 1596 4298 ex
1644 4244 1992 4313 simplicitate
2015 4263 2159 4319 orta,

589 4331 872 4401 proniores
907 4347 999 4388 eos
1022 4338 1087 4388 ad
1122 4335 1260 4389 hanc
1295 4334 1515 4391 efﬁciat.

669 4421 831 4478 Vsus.
865 4424 1055 4480 12-”.
1102 4445 1121 4480 ι
1164 4428 1427 4494 Quoniam
1460 4432 1818 4490 ministerium
1849 4436 2009 4506 hujus
2044 4437 2161 4493 ofﬁ-

2250 570 2454 640 Εἷπεν,
2506 576 2589 629 ὅτι
2663 575 2814 629 ι”Ινα
2866 571 3250 646 περισσεύητε.
3298 590 3318 623 ι
3385 571 3789 634 Κατασκευάζων

2250 665 2427 719 τοίνυν
2455 664 2615 718 τοῦτο
2668 666 2777 718 ἀπὸ
2804 663 2897 718 τοῦ
2945 661 3565 734 προφήτουθπαρήνεγκε
3595 660 3637 691 ³⁸
3672 679 3789 732 μαρο

2251 758 2465 826 τυρίαν,
2494 756 2573 820 τὸ,
2613 775 2632 808 ι
2655 756 3065 828 Ἐσκόρπισεν.»
3112 755 3177 808 Ἠ
3208 753 3352 820 λέξις
3398 753 3508 823 γὰρ
3552 750 3681 821 αὕτη
3707 756 3788 817 τὴν

2253 848 2536 919 δαψίλειαν
2595 850 2692 903 καὶ
2747 849 3071 919 περισσείαν
3126 846 3406 917 ἐμφαίνει.
3465 845 3547 898 Τὰ
3592 844 3681 913 μὲν
3716 845 3787 898 οὖν

2255 944 2517 1013 χρήματα
2548 941 2610 994 ού
2644 942 2795 1011 μένει
2822 957 2837 972 ο
2873 941 2906 1009 ἡ
2961 939 3022 992 δὲ
3072 937 3413 1005 δικαιοσύνη,
3460 936 3721 988 τουτέστιν
3761 941 3786 1006 ἡ

2257 1035 2638 1104 φιλανθρωπία
2672 1033 2838 1106 (οὕτω
2860 1034 2970 1103 γὰρ
2994 1031 3167 1101 αὐτὴν
3196 1032 3372 1089 καλεῖ,
3406 1028 3481 1091 ὡς
3510 1028 3788 1081 δικαιοῦσαν

2255 1123 2350 1176 τὸν
2400 1123 2690 1192 ἄνθρωπον
2757 1123 2853 1176 καὶ
2912 1121 3236 1177 διαλύουσαν
3290 1119 3360 1171 τὰ
3409 1120 3786 1188 ἁμαρτήματα),

2258 1216 2396 1287 αὕτη
2420 1216 2551 1285 γοῦν
2582 1216 2736 1285 μένει
2757 1217 2839 1278 είς
2859 1216 2952 1269 τὸν
2984 1215 3177 1279 αἰῶνα,
3207 1214 3301 1267 καὶ
3328 1212 3419 1265 τὸν
3447 1212 3694 1275 ἐνταῦθα,
3717 1216 3786 1265 καὶ

2256 1310 2348 1362 τὸν
2376 1309 2513 1363 ἐκεῖ.
2540 1307 2851 1362 Κάντεῦθεν
2879 1306 2987 1378 γὰρ
3010 1309 3037 1361 ὁ
3070 1307 3316 1377 ἐλεήμων
3350 1304 3629 1374 ἀγαπητὸς
3663 1309 3785 1365 πᾶσι,

2259 1402 2354 1455 καὶ
2386 1404 2501 1464 τοῖς
2533 1400 2805 1471 ὁψιγόνοις
2833 1402 2883 1454 οἱ
2916 1401 3173 1468 ἀπόγονοι
3200 1397 3391 1453 αὑτοῦ.

2333 1511 2353 1544 ι
2407 1493 2469 1546 '0
2507 1493 2564 1547 δὲ
2597 1491 2950 1563 ἐπιχορηγῶν
2991 1490 3216 1562 σπέρμα
3252 1491 3332 1561 τῷ
3394 1488 3684 1559 σπείροντι,
3718 1490 3788 1542 καὶ

2259 1585 2422 1656 ἄρτον
2451 1587 2531 1649 εἰς
2579 1585 2784 1656 βρῶσιν
2823 1584 3258 1654 ἐπιχορηγήσαι,
3312 1582 3406 1635 καὶ
3438 1580 3696 1652 πληθύναι
3722 1585 3789 1634 τὸν

2261 1678 2463 1746 σπόρον
2495 1676 2671 1746 ὑμῶν,
2720 1675 2818 1729 καὶ
2850 1676 3087 1745 αὑξήσαι
3133 1673 3203 1727 τὰ
3256 1674 3573 1744 γεννήματα
3617 1674 3703 1741 τῆς
3727 1673 3787 1725 δι-

2261 1770 2556 1840 καιοσύνης
2584 1771 2757 1839 ὑμῶν.
2804 1787 2824 1822 ι
2874 1768 3199 1837 Ἐπεύχεται
3222 1767 3404 1829 αὐτοῖς
3441 1767 3499 1817 ὲν
3528 1766 3695 1834 ταύτῷ
3719 1767 3788 1815 καὶ

2265 1861 2554 1931 σωματικὰ
2598 1862 2689 1915 καὶ
2721 1860 3093 1931 πνευματικὰ,
3117 1858 3214 1914 καὶ
3235 1858 3554 1925 ἀξιόπιστον
3595 1859 3788 1910 ποιεῖται

2260 1954 2352 2007 τὸν
2380 1953 2538 2021 λόγον
2581 1953 2689 2006 ἀπὸ
2742 1953 2840 2022 τῆς
2877 1951 3145 2021 αἰσθητῆς
3202 1949 3482 2021 γεωργίας
3505 1949 3571 2001 ³⁸.
3622 1948 3678 2001 Εἰ
3709 1950 3787 2014 γὰρ

2259 2048 2372 2110 τοῖς
2398 2043 2495 2116 τὴν
2521 2047 2626 2115 γῆν
2652 2044 2939 2115 σπείρουσι
2962 2044 3187 2114 σπέρμα
3235 2042 3456 2096 δίδωσιν
3494 2043 3522 2094 ὁ
3554 2040 3693 2103 Θεὸς,
3719 2041 3789 2091 καὶ

2261 2138 2311 2191 εί
2341 2139 2452 2201 τοῖς
2482 2136 2543 2191 τὸ
2575 2136 2736 2206 σῶμα
2776 2136 3040 2206 τρέφουσι
3072 2134 3299 2204 παρέχει
3351 2133 3559 2203 τροφήν
3580 2147 3592 2161 ·
3647 2131 3788 2199 πολλῷ

2265 2229 2468 2299 μᾶλλον
2495 2231 2606 2291 τοῖς
2626 2228 2716 2280 τὸν
2747 2227 2980 2296 οὐρανὸν
3005 2225 3338 2298 γεωργοῦσι,
3382 2225 3602 2294 καὶτῆν
3649 2224 3787 2292 ψυχὴν

2260 2319 2572 2390 τρέφουσιν.
2627 2318 2813 2371 Εἰπὼν
2851 2317 2945 2372 οὖν
2967 2356 2982 2382 ,
3018 2336 3036 2369 ι
3070 2317 3393 2386 Χορηγὴσαι
3426 2318 3519 2368 καὶ
3568 2314 3786 2384 πλῃηύναι

2261 2413 2352 2466 τὸν
2395 2412 2599 2483 σπόρον
2672 2410 2846 2480 ὑμῶν,
2885 2428 2904 2462 ι
2963 2408 3227 2480 περὶτοῦ
3288 2406 3550 2477 αἰσθητοῦ
3600 2407 3782 2460 πλούτου

2261 2504 2432 2571 λέγει,
2494 2503 2555 2558 ὃν
2617 2502 2870 2574 βούλεται
2927 2502 3130 2571 σπόρον
3176 2500 3434 2568 γενέσθαι
3468 2502 3785 2568 πνευματικὶν

2260 2600 2373 2660 τοῖς
2403 2597 2602 2665 πένησι
2630 2594 2932 2664 διδόμενον.
2977 2594 3071 2647 Ἐκ
3098 2591 3290 2646 τούτου
3324 2593 3434 2663 γὰρ
3469 2591 3672 2656 αὔξεται
3705 2596 3783 2645 πᾶν

2261 2690 2421 2759 ἔργον
2454 2688 2658 2757 ἁγαοδν
2685 2691 2742 2741 ἐν
2766 2690 2924 2757 ἡμῖν,
2962 2687 3056 2740 καὶ
3088 2686 3156 2740 τὰ
3185 2685 3482 2755 δράγματα
3502 2687 3595 2755 τῆς
3623 2687 3783 2740 δικαιο-

2263 2783 2458 2854 σύνηςο
2486 2781 2565 2834 διὸ
2594 2782 2686 2834 καὶ
2719 2782 2914 2849 ἐπάγει
2939 2797 2952 2809 ·
2992 2797 3011 2832 ι
3030 2780 3142 2833 Καὶ
3167 2780 3402 2847 αύξήσαι
3425 2760 3493 2832 τὰ
3521 2780 3781 2847 γεννήματα

2260 2876 2361 2946 τῆς
2400 2875 2745 2944 δικαιοσύνης
2771 2874 2944 2942 ὑμῶν.
2994 2892 3012 2925 ι
3077 2874 3393 2943 Σημείωσαι
3441 2873 3498 2925 δὲ
3533 2872 3780 2930 κάνταῦθα,

2260 2970 2343 3023 ὅτι
2394 2969 2456 3022 ού
2487 2970 2721 3039 τρυφὴν,
2774 2966 2910 3021 ἀλλὰ
2943 2964 3150 3037 τροφὴν
3189 2963 3401 3017 διδόντα
3449 2966 3577 3033 ἡμῖν
3617 2964 3780 3029 εἰσάγει

2259 3060 2350 3114 τον
2395 3061 2552 3115 Θεόν.
2618 3061 2715 3111 t'A
2731 3076 2855 3129 ρτον
2882 3077 2900 3109 ι
2957 3058 3088 3128 γὰρ.
3135 3058 3344 3128 φησὶνξ,
3384 3074 3401 3107 ι
3433 3057 3512 3120 εἰς
3550 3056 3775 3126 βρῶσιν.ι

2187 3168 2229 3224 c
2263 3154 2436 3209 Τοῦτο
2455 3153 2512 3207 δὲ
2537 3153 2630 3207 τοῦ
2672 3152 2939 3223 Ἱερεμίου
2977 3149 3145 3206 ἐστίν.

2340 3267 2359 3300 ι
2415 3247 2504 3300 Ἐν
2544 3247 2705 3299 παντὶ
2734 3244 3152 3313 πλουτιζόμενοι
3189 3243 3271 3306 είς
3306 3244 3488 3297 πᾶσαν
3534 3241 3776 3300 ἁπλότητα,

2262 3340 2386 3409 ἣτις
2410 3338 2814 3409 κατεργάζεται
2849 3336 2918 3390 δι’
2942 3334 3105 3405 ἡμῶν
3135 3335 3494 3404 εὐχαριστίαν
3532 3333 3601 3402 τῷ
3627 3330 3737 3400 θεῷ.
3760 3351 3773 3379 ι

2263 3433 2374 3488 Καὶ
2406 3431 2570 3486 πάλιν
2615 3431 2881 3495 δείκνυσι,
2924 3429 3042 3491 πῶς
3078 3428 3156 3497 τῷ
3181 3427 3401 3496 πλούτῳ
3449 3426 3529 3480 δεῖ
3571 3423 3775 3496 χρᾶσθαι.

2261 3524 2398 3595 Φησὶ
2425 3524 2533 3594 γὰρ
2553 3524 2636 3576 δτι
2668 3523 2735 3576 οὔ
2782 3520 3135 3592 κατορύττειν
3169 3519 3300 3590 χρὴ,
3351 3518 3470 3573 ἀλλ’
3514 3520 3584 3581 είς
3634 3517 3776 3570 πᾶσαν

2263 3615 2543 3685 ἁπλότητα
2563 3614 2743 3685 δέχειν,
2786 3614 3056 3674 τουτέστι,
3112 3613 3250 3683 μετὰ
3304 3611 3574 3681 δαψιλείας
3606 3608 3774 3661 κενοῦν.

2279 3707 2434 3761 Ἐπεὶ
2462 3708 2517 3761 δὲ
2542 3707 2731 3761 πολλοὶ
2762 3707 2842 3769 εἰς
2871 3705 3078 3774 πόρνας
3113 3705 3209 3757 καὶ
3239 3704 3439 3773 μίμους
3463 3701 3776 3755 ἐνδείκνυνται

2263 3800 2362 3871 τὴν
2391 3800 2694 3870 ἁπλότητα,
2724 3798 2912 3868 φησὶν,
2947 3799 3031 3851 ὃτι
3063 3795 3335 3864 Τοιαύτην
3362 3795 3622 3863 ἁπλότητα
3645 3808 3772 3859 φημι.

2262 3891 2385 3961 ἥτις
2416 3889 2773 3960 εὐχαριστίαν
2810 3887 3010 3957 πολλὴν
3041 3886 3199 3957 φέρει
3227 3885 3307 3955 τῷ
3328 3884 3450 3954 θεῷ
3472 3900 3486 3913 ο
3534 3882 3701 3952 μᾶλλον
3730 3879 3771 3931 δὲ

2264 3984 2363 4039 οὐκ
2416 3984 2773 4053 εὐχαριστίαν
2829 3981 3035 4050 μόνονλ
3072 3979 3209 4032 ἀλλὰ
3257 3978 3353 4032 καὶ
3381 3978 3512 4032 ἄλλα
3542 3974 3701 4033 πολλὰ,
3745 3970 3772 4023 ἁ

2264 4076 2446 4145 τίθησι
2479 4075 2686 4145 προῖὼν
2711 4087 2725 4102 ·
2763 4074 2849 4126 ἵνα
2874 4072 3056 4137 δείξας
3104 4069 3274 4123 πολλὰ
3297 4070 3367 4122 τὰ
3396 4067 3569 4136 ἀγαθὰ
3607 4068 3660 4118 ὲκ
3698 4063 3770 4129 τῆς

2265 4167 2569 4237 ἁπλότητος
2597 4165 2660 4199 ²⁹⁹
2708 4162 3024 4234 τικτόμενα,
3050 4160 3494 4235 προϐυμότερους
3514 4160 3587 4221 είς
3618 4154 3771 4216 ταύτην

2263 4258 2587 4332 ἐργάσηται.

2340 4459 2363 4493 r
2392 4440 2516 4494 Ὀτι
2562 4437 2596 4510 ἡ
2647 4438 2897 4492 διακονία
2970 4437 3068 4507 τῆς
3124 4436 3468 4507 λειτουργίας
3507 4434 3681 4502 ταύτης
3719 4426 3761 4479 οὗ

590 4515 659 4570 cii
726 4533 835 4572 non
884 4520 1056 4573 soluat
1107 4522 1321 4591 supplet
1375 4539 1435 4578 ea
1495 4541 1616 4596 qua;
1679 4530 1876 4583 desunt
1930 4531 2156 4597 sanctis,

2266 4536 2428 4607 μόνον
2476 4502 2595 4588 ἔστί
2646 4502 3189 4603 προσαναπληροῦσα
3233 4502 3676 4600 τὰνύστερήματα
3695 4523 3766 4573 τῶν

589 4621 776 4661 verum
802 4608 959 4663 etiam
992 4610 1233 4665 abundat
1259 4627 1353 4679 per
1379 4614 1573 4669 multas
1594 4617 1890 4685 gratiarum
1921 4623 2164 4676 actiones

594 4696 724 4762 Deo,
771 4716 867 4768 per
937 4701 1306 4769 probationem
1360 4706 1642 4762 ministerii
1707 4709 1910 4779 hujus,
1960 4713 2164 4783 gloriﬁ-

590 4797 782 4843 cantes
816 4789 980 4844 Deum
1016 4790 1070 4844 in
1119 4793 1423 4847 obedientia
1472 4797 1834 4861 confessionis
1871 4811 2064 4856 vestra:
2106 4804 2160 4857 in

589 4881 941 4950 Evangelium
977 4882 1204 4948 Christi,
1242 4885 1294 4938 in
1328 4886 1673 4955 simplicitate
1713 4894 2163 4948 communicatio-

590 4974 675 5030 nis
708 4975 759 5028 in
786 4974 947 5044 293
989 4976 1135 5045 ipsos
1164 4985 1218 5031 ct
1259 4977 1312 5031 in
1355 4993 1545 5035 omnes
1575 4994 1589 5033 :
1617 4991 1669 5035 ct
1707 4982 1945 5051 ipsorum
1973 5000 2162 5054 preca-

591 5070 737 5123 tione
773 5083 870 5135 pro
901 5069 1073 5134 vobis,
1109 5069 1527 5124 desiderantium
1551 5088 1648 5126 vos
1675 5085 1893 5142 propter
1922 5076 2161 5131 eminen-

589 5169 695 5213 tem
731 5160 980 5229 ‘gratiam
1021 5160 1113 5213 Dei
1153 5160 1205 5214 in
1256 5164 1426 5216 vobis.
1477 5181 1495 5213 ι
1527 5151 1919 5230 Μὶιιίειετὶιιιιὶ,
1966 5169 2160 5238 inquit,

589 5253 641 5305 il
700 5264 782 5306 est
830 5255 1181 5322 pecuniarum
1241 5256 1606 5325 suppeditatio
1639 5300 1654 5321 ,
1715 5258 1879 5313 multa
1930 5263 2159 5328 perlicit.

588 5343 799 5397 Etenim
833 5361 938 5399 non
986 5345 1159 5402 solum
1211 5348 1431 5416 repletis
1479 5350 1829 5419 indigentiam
1875 5353 2161 5422 fratribus,

699 5504 715 5544 ί
759 5504 898 5559 PSal.
933 5521 1044 5570 CII,
1078 5508 1131 5562 9.
1248 5506 1264 5559 ἱ
1310 5506 1410 5565 lsa.
1449 5526 1536 5578 ιν,
1568 5514 1657 5569 10.

2261 4627 2454 4692 ἁγίων.
2495 4626 2633 4680 ἀλλὰ
2675 4625 2770 4677 καὶ
2805 4624 3209 4695 περισσεύουσα
3240 4622 3328 4675 διὰ
3363 4622 3568 4675 πολλῶν
3595 4619 3764 4687 εὐχαρι-

2263 4719 2426 4773 στιῶν
2458 4718 2536 4788 τῷ
2561 4718 2679 4789 Θεῷ
2719 4718 2831 4785 (διὰ
2863 4718 2959 4787 τῆς
2990 4717 3219 4786 δοκιμῆς
3249 4717 3350 4785 τῆς
3398 4713 3652 4771 διακονίας
3681 4704 3751 4758 uti
3848 4732 3849 4737 η

2260 4829 2360 4882 της
2416 4811 2731 4877 δοξάζοντες
2799 4811 2892 4864 τὸν
2948 4810 3082 4862 Θεὸν
3151 4811 3244 4862 ἐπὶ
3309 4812 3375 4878 τῇ
3439 4804 3659 4871 ὑποτατῇ
3701 4797 3762 4895 τῇς

2257 4906 2550 4975 ὁμολογίας
2596 4904 2752 4974 ὑμῶν
2803 4906 2885 4967 είς
2921 4904 2981 4956 τὸ
3032 4901 3362 4970 εὐαγγέλιον
3422 4897 3515 4951 τοῦ
3566 4897 3760 4963 Χριστῡυο

2259 4999 2354 5051 καὶ
2402 4997 2669 5067 ἁπλότητι
2730 4996 2831 5064 τῆς
2879 4996 3165 5058 κοινωνίας
3213 4995 3291 5055 εἰς
3345 4990 3537 5051 αὐτοὺς
3589 4984 3669 5039 καὶ
3710 4993 3762 5036 είῖ

2263 5089 2492 5158 πάντας)
2513 5105 2527 5120 °
2561 5088 2654 5142 καὶ
2676 5088 2853 5141 αὐτῶν
2873 5087 3057 5156 δεήσει
3084 5087 3224 5155 ὑπὲρ
3254 5084 3409 5153 ὑμῶν
3432 5075 3761 5158 ἐπιποθούντιιιξι

2261 5181 2405 5250 ὑμᾶς
2450 5181 2539 5234 διὰ
2560 5179 2657 5250 τὴν
2707 5179 3155 5250 ὑπερϐάλλουσαν
3190 5176 3349 5246 χάριν
3404 5174 3493 5227 τοῦ
3550 5164 3664 5222 Θεοῦ
3694 5157 3754 5262 ἐξ

2264 5272 2416 5342 ὑμῖν.
2456 5291 2473 5324 ι
2520 5271 2584 5324 Ἦ
2612 5271 2882 5335 διακονία,
2908 5271 3064 5342 φησὶ,
3089 5267 3391 5331 τουτέστιν,
3414 5268 3448 5336 ἡ
3478 5263 3573 5317 τῶν
3594 5267 3760 5330 χρημα-

2262 5376 2372 5414 των
2399 5359 2751 5432 ἐπιχορηγία,
2776 5361 2947 5416 πολλὰ
2978 5358 3257 5431 κατορθοῖ.
3287 5359 3392 5411 Καὶ
3424 5356 3524 5425 γὰρ
3547 5352 3599 5405 ού
3639 5345 3757 5416 μίἰῡν

1898 5678 2096 5740 Varias
2130 5678 2454 5742 lectiones.

657 5805 705 5842 ³³³
729 5809 1018 5881 παρήγαγε
1049 5827 1099 5869 οι
1179 5815 1223 5850 ⁵⁸
1251 5815 1358 5871 ἀπὸ
1381 5818 1480 5891 τῆς
1512 5818 1742 5893 θεωρίας
1771 5841 1820 5880 ο.
1901 5825 2066 5878 υ’καὶ
2099 5823 2198 5893 τῆς
2239 5823 2631 5896 χρηστότητος.
