3898 6582
181 399 271 466 891

957 405 1367 473 EXPOSITIO
1408 409 1488 471 IN
1527 410 1769 473 EPIST.
1812 413 1867 472 ll
1906 415 2007 475 AD
2046 415 2215 477 COR.
2252 442 2321 455 -
2351 410 2511 481 CAP.
2556 421 2628 482 X.

3279 428 3390 495 898

182 512 417 584 πληροῦτε
446 512 542 583 τὴν
568 515 755 586 χρεεαν
782 518 892 581 τοῖς
923 519 1198 590 ἀδελφοῖς,
1228 521 1363 577 ἀλλὰ
1394 523 1487 577 καὶ
1512 542 1706 596 περισ-

1821 542 2000 582 verum
2024 530 2191 584 etiam
2221 533 2554 602 exuberatis,
2592 535 2704 592 hoc
2721 544 2837 605 est,
2870 539 2989 611 plus
3009 554 3173 612 quam
3205 560 3393 602 neces-

181 606 357 661 σεύετε’
383 605 641 671 τουτέστι,
672 607 842 663 Πλὲον
867 610 969 679 τῆς
991 614 1179 681 χρείας
1209 615 1394 679 αὐτοῖς
1419 618 1707 688 παρέχετε,

182 698 261 753 xei.
287 696 463 749 πολλαὶ
508 696 850 768 εὐχοριστίαι
910 703 1157 770 γίνονται
1185 705 1276 759 διὰ
1319 709 1426 778 ’τῆς
1485 709 1709 783 δοκίμου

179 789 351 858 ταύτης
375 788 465 842 καὶ
490 794 999 866 μεμαρτυρημένης
1021 795 1113 849 ἐπὶ
1163 796 1547 873 φιλανθρωπίᾳ
1597 803 1713 856 δια-

181 880 670 945 κονίας.Δοξάξουσι
707 884 819 953 γὰρ
846 884 1126 955 τὸν-Θεὸν,
1171 891 1254 944 ὃτι
1295 891 1466 958 οὕτως
1509 896 1713 951 ὑπετά-

177 989 285 1043 γητε
308 971 381 1043 τῷ
427 970 760 1042 Εὑαγγελίῳ,
810 975 950 1030 ὥστε
982 978 1051 1031 τὰ
1106 983 1509 1053 προστάγματα
1547 987 1710 1041 αὐτοῦ

179 1066 293 1134 μετά
311 1062 585 1132 δαψιλείας
635 1065 903 1137 πληροῦν.
933 1070 1046 1140 Τὴν
1079 1072 1187 1144 γὰρ
1231 1075 1607 1150 ἐλεημοσύνην
1650 1080 1712 1134 τὸ

179 1154 474 1223 Εᾷαγγέλιον
518 1156 786 1212 διδάσκει.
844 1162 955 1213 Καὶ
987 1162 1054 1215 δι’
1104 1165 1232 1218 ἄλλο
1286 1167 1571 1233 δοξάζουσι
1619 1171 1711 1224 τὸν

178 1248 305 1311 Θεὸν,
334 1246 411 1300 ὅτι
454 1249 486 1318 ἡ
546 1249 790 1321 ἁπλότης
829 1256 923 1306 καὶ
964 1256 997 1325 ἠ
1049 1257 1328 1330 ἀγαοότης
1378 1261 1553 1329 ὑμῶν,
1611 1265 1713 1318 οὐκ

176 1342 239 1404 εἰς
266 1339 444 1403 αὐτοὺς
471 1341 652 1410 μόνον,
687 1344 823 1399 ἀλλὰ
854 1348 946 1400 καὶ
975 1350 1057 1411 εἰς
1090 1354 1298 1414 πάντας
1323 1355 1451 1417 τοὺς
1483 1358 1711 1421 πιστοὺς

175 1434 378 1503 πένητας
409 1434 674 1503 ἐκχεῖται.
710 1437 785 1489 Οὐ
817 1440 926 1510 γὰρ
949 1440 1368 1510 ζηλοτυποῦσιν,
1400 1444 1551 1509 ὡςκοὶ
1590 1448 1710 1502 ολοι-

176 1523 249 1576 ποι
276 1524 488 1593 πτωχοὶ,
526 1525 645 1577 ἀλλ’
670 1527 1079 1598 εὐχαριστοῦσι,
1106 1532 1201 1585 καὶ
1232 1533 1375 1606 ὑπὲρ
1398 1530 1470 1588 ὧν
1499 1536 1712 1606 ἑτέροις
1738 1515 1760 1539 ⁸

174 1609 372 1668 διδὸατε.
417 1616 482 1666 '0
520 1617 769 1688 μεγάλης
809 1621 1013 1691 ἀρετῆς
1053 1624 1232 1678 αὐτῶν
1268 1628 1514 1694 σημεῖον.
1550 1627 1712 1681 Ὥστε

174 1704 240 1758 δεῖ
259 1708 356 1769 τοῖς
381 1707 643 1772 τοιούτοις
683 1710 1068 1784 δαψιλέστερον
1096 1716 1319 1780 διδόναι,
1363 1721 1478 1781 τοϊς
1537 1718 1711 1784 οὕτως

174 1796 411 1864 ἀφθόνοις,
466 1802 582 1863 τοῖς
636 1801 809 1875 οὕτως
866 1805 1165 1876 ἐναρέτοις.
1242 1807 1400 1863 Ἀλολᾶ
1435 1812 1530 1864 καὶ
1559 1811 1702 1882 ὑπὲρ

1814 621 2022 675 sarium
2067 622 2160 687 sit,
2212 623 2343 692 ipsis
2391 626 2706 695 exhibetis,
2751 633 3040 702 multaeque
3082 636 3388 705 gratiarum

1814 714 2057 768 actiones
2116 716 2254 769 liunt
2306 731 2404 786 per
2444 717 2675 785 probum
2736 721 2836 777 hoc
2886 731 2941 778 et
2978 726 3388 793 comprobatum

1812 813 2033 874 prepter
2062 804 2454 862 humanitatem
2499 811 2880 867 ministerium.
2904 813 3215 871 Glorilicant
3242 819 3387 872 enim

1815 897 2166 967 Deum,-quud
2191 898 2270 955 sic
2293 899 2518 968 subjecti
2550 903 2671 958 sitis
2700 903 3012 976 Evangelio,
3039 919 3099 963 ut
3125 910 3389 980 erplcatis

1809 982 1961 1058 iussa
2020 991 2139 1061 ejus
2194 1006 2316 1047 cum
2379 993 2724 1050 liberalitate.
2782 997 3186 1071 Eleemosynam
3238 1001 3384 1058 enim

1814 1081 2164 1154 Evangelium
2205 1086 2385 1141 docet.
2435 1087 2557 1143 Alia
2603 1089 2764 1143 etiam
2822 1092 3031 1146 ratione
3083 1094 3391 1163 gloriﬁcant

1814 1174 2004 1241 Deum,
2047 1178 2171 1244 quia
2230 1177 2551 1248 simplicitas
2597 1192 2651 1235 et
2680 1181 2899 1237 bonitas
2937 1195 3112 1238 vestra
3180 1201 3285 1240 non
3333 1188 3386 1241 in

1814 1268 1960 1338 ipsos
1982 1270 2147 1336 solos,
2171 1286 2355 1326 verum
2399 1274 2450 1328 in
2491 1288 2682 1330 omnes
2716 1277 2879 1330 etiam
2911 1277 3098 1333 ildetes
3127 1294 3392 1348 pauperes

1813 1362 2136 1419 ell'unditur.
2165 1363 2284 1419 Non
2312 1368 2457 1421 enim
2492 1368 2708 1422 invidiae
2737 1368 2931 1424 aliectu
2963 1370 3229 1435 laborant,
3258 1371 3389 1425 reli-

1814 1469 2046 1523 quorum
2089 1457 2460 1512 mendicorum
2508 1460 2703 1525 instar,
2757 1475 2945 1514 verum
2980 1462 3184 1530 gratias
3226 1472 3389 1533 agunt

1814 1547 1956 1616 quod
1991 1546 2112 1602 aliis
2141 1548 2303 1602 etiam
2337 1547 2475 1604 detis
2507 1566 2520 1603 :
2547 1552 2689 1620 quod
2741 1548 2992 1606 maximae
3032 1552 3247 1606 virtutis
3296 1567 3391 1607 θος

1816 1651 1933 1690 rum
1965 1648 2340 1708 argumentum
2379 1648 2484 1695 est.
2512 1639 2695 1706 Quare
2727 1640 3033 1711 hujus-modi
3076 1642 3387 1697 horninibus

1813 1726 2016 1797 largius
2053 1730 2292 1785 dandum
2336 1739 2436 1794 est,
2482 1732 2572 1802 qui
2602 1733 2736 1786 adeo
2782 1732 2982 1788 invidia
3031 1724 3245 1798 vacant,
3294 1734 3386 1802 qul

1816 1819 1951 1875 adeo
2008 1821 2295 1876 virtutibus
2346 1830 2475 1876 sunt
2529 1824 2757 1893 praediti.
2816 1822 3044 1893 Insuper
3088 1840 3186 1895 pro
3228 1826 3384 1880 vobis

174 1888 299 1957 ὑμῶν
319 1889 547 1956 δέονται,
596 1892 673 1956 ὡς
721 1895 789 1948 ἂν
818 1897 1124 1961 ἁξιωθῶσιν
1159 1898 1287 1953 ἰδεῖν
1333 1902 1515 1972 ὑμᾶς’
1555 1903 1705 1967 ἰδεῖν,

1821 1911 1974 1965 etiam
2005 1912 2144 1983 apud
2182 1911 2349 1965 Deum
2391 1888 2758 1982 interpellant,
2783 1922 2844 1967 ut
2883 1888 3029 1979 digni
3073 1888 3390 1982 iudicentur

173 1979 222 2031 οὐ
270 1979 348 2032 διὰ
386 1982 451 2034 τὰ
495 1984 783 2054 χρήματα,
834 1986 970 2040 ἀλλὰ
1004 1988 1092 2041 διὰ
1125 1989 1224 2060 τὴν
1285 1992 1532 2048 δοθεῖσαν
1578 1996 1708 2065 ὑμῖν

174 2070 507 2141 ὑπερϐολικῶς
532 2076 700 2144 χάριν
725 2076 821 2128 τοῦ
855 2077 1014 2132 Θεοῦ.
1051 2080 1221 2134 Πάλιν
1242 2083 1299 2136 δὲ
1338 2084 1500 2155 χάριν
1524 2087 1585 2139 τὸ
1610 2088 1710 2157 τῆς

173 2161 504 2235 ἐλεημοσύνης
531 2167 772 2236 πρᾶγμα
803 2169 1051 2249 ἐκάλεσε,
1081 2172 1141 2225 τὸ
1166 2175 1276 2227 πᾶν
1318 2176 1394 2246 τῷ
1425 2177 1546 2250 Θεῷ
1577 2181 1710 2235 ἀνα-

172 2252 330 2317 τιθεὶς,
364 2255 448 2308 ἵνα
477 2256 554 2328 μὴ
586 2257 928 2329 ἐπαίρων-ται
958 2263 1135 2318 αύτοί.
1190 2265 1279 2317 Ἐν
1323 2267 1379 2320 δὲ
1403 2268 1481 2340 τῷ
1511 2272 1706 2338 εἰπεῖν,

178 2347 664 2418 ι’Υπερῦἀλλουσαν
693 2352 852 2423 χάριν
900 2356 995 2408 τοῦ
1040 2356 1197 2424 Θεοῦ,
1238 2376 1258 2410 ι
1313 2359 1573 2433 διεγείρει
1615 2366 1713 2417 αὐ-

172 2437 292 2503 τοὺς,
320 2441 399 2493 ἵνα
425 2440 824 2514 δαψιλεστέραν
852 2448 951 2517 τὴν
981 2448 1298 2522 φιλοτίμιαν
1350 2455 1707 2527 ποιήσωνται,

174 2532 248 2582 καὶ
276 2532 343 2602 μὴ
389 2533 775 2603 ύπερὸαλωσιν
812 2538 1011 2603 αὐτοὺς
1040 2542 1135 2604 καὶ
1180 2544 1480 2615 νικήσωσιν
1509 2547 1708 2619 ἕτεροι.

232 2639 252 2673 τ
289 2623 451 2695 Χάρις
480 2626 539 2681 δὲ
583 2627 663 2698 τῷ
693 2629 815 2699 Θεῷ
864 2630 958 2684 ἐπὶ
997 2636 1066 2704 τῇ
1115 2634 1493 2709 ἀνεκδιηγήτῳ
1544 2641 1710 2695 αὑτοῦ

171 2712 335 2784 δωρεᾷ.
370 2734 387 2766 ι
417 2719 642 2788 Δωρεὰν
669 2719 818 2790 λέγει
848 2723 918 2776 τὰ
937 2723 1026 2778 διὰ
1040 2725 1139 2795 τῆς
1169 2726 1535 2801 ὲλεημοσύνης
1563 2732 1711 2800 γινό-

176 2822 289 2872 μενοι
313 2808 482 2875 ἀγαθὰ
528 2811 766 2876 καὶτοῖς
796 2814 1019 2879 διδοῦσι,
1050 2819 1279 2884 καὶτοῖς
1312 2822 1708 2890 λαμὸἀνουσινο

174 2894 303 2964 ﬂata!
328 2899 432 2952 τῶν
461 2901 687 2971 ἀγαθῶν
714 2905 1141 2976 ἀναμιμνήσκει,
1172 2903 1246 2963 ὧν
1283 2912 1596 2985 ἠξιώθημεν
1625 2914 1715 2969 διὰ

173 2988 251 3063 τῆς
274 2991 593 3059 σαρκώσεως
620 2996 713 3050 τοῦ
744 2998 1006 3069 Χριστοῦ,
1036 3000 1236 3056 ὡσανεὶ
1265 3005 1491 3059 τοιαῦτα
1516 3007 1711 3076 λέγων’

173 3079 327 3173 μηδὲν
349 3087 484 3151 μέγα
504 3086 769 3157 νομίσητε
793 3093 951 3160 ὑμεῖς
976 3094 1150 3146 ποιεῖν
1173 3110 1188 3124 ο
1216 3097 1578 3169 ἀνεκδιήγητα
1603 3101 1713 3173 γάρ

173 3170 262 3224 εἱσι
285 3174 345 3227 τὰ
373 3176 552 3244 ἀγαθὰ
579 3178 617 3232 ἂ
649 3180 912 3252 ἐλάϐομεν
946 3187 1098 3255 παρὰ
1130 3186 1263 3241 Θεοῦ
1287 3203 1304 3222 ο
1339 3190 1430 3244 καὶ
1461 3193 1509 3245 εἰ
1545 3170 1700 3263 ὀλίγα

174 3263 256 3318 καὶ
282 3264 482 3339 φθαρτὰ
511 3270 717 3341 δῶμεν,
748 3273 801 3326 τί
834 3278 1010 3347 μέγα;

755 3474 1005 3531 ΚΕΦΑΛ.
1056 3476 1113 3532 1'.

240 3604 255 3636 ι
283 3586 439 3651 Αὐτὸς
475 3587 532 3642 δὲ
583 3587 693 3657 ἐγὼ
726 3589 936 3654 Παῦλος
969 3592 1272 3661 παρακαλῶ
1318 3593 1461 3664 ὑμᾶς
1500 3595 1589 3649 διὰ
1620 3598 1717 3669 τῆς

175 3678 446 3748 πραότητος
471 3681 568 3733 καὶ
594 3682 893 3745 ἐπιεικείας
923 3682 1019 3737 τοῦ
1039 3683 1297 3754 Χριστοῦ.
1331 3703 1351 3737 ι
1387 3686 1717 3758 ’Λπαρτίσας

174 3769 279 3831 τοὺς
321 3770 446 3840 περὶ
501 3771 876 3843 ὲλεημοσύνης
921 3774 1134 3841 λόγους,
1186 3775 1283 3829 νῦν
1338 3777 1564 3847 ἄρχεται
1610 3779 1718 3833 τῶν

176 3859 587 3934 αὐστηροτέρων,
613 3864 754 3919 κατά
785 3882 845 3919 τε
878 3866 986 3919 τῶν
1004 3866 1455 3935 ψευδαποστόλων
1488 3871 1581 3923 καὶ
1610 3870 1716 3925 τῶν

173 3950 544 4009 διαϐαλλόντων
592 3955 753 4007 αὑτὸν
801 3955 876 4019 ὡς
937 3957 1152 4029 ἰδιώτην
1203 3959 1298 4012 καὶ
1346 3960 1469 4030 εἰκῆ
1515 3959 1560 3991 ⁴⁰
1589 3959 1721 4015 ἁλα-

175 4040 526 4114 ζονευόμενον’
553 4047 649 4100 καὶ
680 4045 863 4116 μέλλει
892 4047 936 4079 *ί
963 4049 1301 4103 συνιστάνειν
1322 4051 1533 4114 ἑαυτὸν,
1554 4052 1721 4121 ἀναγ-

173 4135 389 4204 κασθεὶς,
424 4138 628 4209 ἵναμὴ
657 4138 719 4191 τὸ
757 4140 1024 4210 κήρυγμα
1071 4140 1434 4214 ἐξευτελισοῇ.
1475 4145 1719 4211 Καταλέ-

173 4240 245 4291 γει
288 4228 457 4281 τοῖνυν
512 4231 609 4283 καὶ
671 4229 741 4282 τὰ
781 4231 976 4284 ἑαυτοῦ
1020 4234 1440 4306 κατορθώματα,
1494 4237 1586 4289 καὶ
1619 4238 1719 4306 τὴν

174 4315 395 4372 δοθεῖσαν
426 4322 590 4393 χάριν
615 4319 703 4373 τοῦ
733 4321 891 4374 Θεοῦ.
926 4322 1088 4376 Ὥστε
1120 4325 1219 4377 οὐκ
1245 4327 1309 4379 ἄν
1336 4343 1419 4388 τις
1460 4327 1717 4397 ἁμάρτοι,

179 4407 429 4479 ἐγκώμιον
462 4412 558 4465 τοῦ
578 4410 791 4464 Παύλου
814 4414 1021 4484 ταύτην
1051 4413 1147 4485 τὴν
1182 4416 1498 4487 Ἐπιστολὴν
1528 4418 1717 4473 εἰπών.

176 4498 305 4563 Τέως
340 4504 384 4555 δ’
411 4500 503 4558 οὖν
548 4505 837 4575 ἀρχομένῳ
867 4505 1126 4577 τοιαύτην
1163 4509 1281 4561 τινὰ
1304 4507 1539 4562 διάνοιαν
1567 4511 1594 4562 ὁ
1631 4509 1718 4562 λό-

175 4607 257 4658 γος
284 4595 555 4665 ἐμφαίνει,
585 4597 719 4667 πρὸς
746 4597 874 4661 τοὺς
904 4597 1162 4650 ἀδύνατον
1193 4599 1350 4650 αὑτὸν
1384 4600 1720 4654 ἀποκαλοῦν-

174 4697 258 4745 τας
287 4686 375 4738 καὶ
402 4686 658 4752 ἀλαζόνα,
684 4687 767 4740 ὅτι
802 4686 1142 4758 «Παρακαλῶ
1170 4688 1312 4758 ὑμᾶς
1346 4690 1508 4754 αὐτὸς
1537 4688 1647 4761 ἐγὼ
1689 4692 1719 4746 ὁ

178 4771 391 4840 Παῦλος)
428 4778 455 4830 ὁ
483 4777 804 4842 διδάσκαλος
834 4780 933 4849 τῆς
972 4780 1299 4851 οἰκουμένης
1331 4780 1570 4853 (ἀξίωμα
1617 4782 1727 4854 γὰρ

173 4864 405 4934 ἐμφαίνει
435 4872 516 4938 τὸ,
547 4888 585 4925 ἰ
604 4872 777 4936 Αὐτὸς
805 4870 917 4941 ἐγὼ
945 4874 972 4926 ὁ
995 4872 1225 4938 Παῦλος,
1257 4892 1275 4925 ι
1305 4873 1491 4946 ὥσπερ
1523 4875 1618 4945 καὶ
1644 4876 1730 4943 τὸ,

179 4957 271 5010 Ἰδε
319 4961 425 5030 ἐγὼ
476 4965 505 5017 ὁ
554 4962 765 5027 Παῦλος
803 4963 946 5032 λέγω
1003 4965 1131 5035 ὑμῖν
1169 4966 1263 5018 καὶ
1307 4965 1499 5036 δέομαι
1550 4966 1725 5037 ὑμῶν,

176 5046 254 5101 ἴνα
283 5050 363 5123 μή
391 5071 458 5122 με
508 5054 897 5123 ἀναγκάσωσιν
945 5055 996 5107 οἱ
1044 5054 1410 5127 λοιδοροῦντες
1456 5072 1544 5125 με,
1598 5056 1734 5126 χρή-

180 5142 356 5197 σασθαι
390 5149 458 5216 τῇ
501 5147 730 5219 δυνάμει
772 5163 873 5218 μου
913 5146 1034 5202 κατ’
1073 5147 1272 5202 αὐτῶν.
1320 5148 1480 5216 Μέγα
1512 5146 1611 5216 μὲν
1637 5146 1728 5200 οῦν

180 5232 342 5287 καὶτὸ
378 5237 543 5290 αὐτὸν
587 5236 947 5308 παρακαλεῖν.
993 5237 1050 5290 '0
1078 5238 1133 5290 δὲ
1179 5237 1273 5291 καὶ
1306 5238 1402 5308 τὴν
1446 5237 1730 5308 πραότητα

179 5321 263 5372 τοῦ
300 5323 531 5396 Χριστοῦ
562 5330 642 5393 εἰς
674 5328 950 5401 μεσιτείαν
992 5329 1137 5398 ἄγει,
1169 5328 1365 5383 ὡσανεὶ
1392 5328 1564 5398 λέγων
1586 5344 1601 5360 ο
1627 5329 1728 5382 Ai-

181 5410 386 5487 δέσοητε
420 5420 516 5493 τὴν
567 5420 872 5479 ἐπιείκειαν
919 5420 1016 5474 τοῦ
1061 5418 1323 5491 Χριστοῦ,
1359 5419 1427 5472 δι’
1476 5415 1543 5489 ἦς
1585 5419 1735 5490 ὑμᾶς

185 5513 499 5582 ππρακαλῶσ
531 5516 663 5589 ὁμοῦ
686 5517 742 5571 δὲ
772 5515 1028 5589 ἐμφαίνει
1063 5517 1153 5572 διὰ
1180 5513 1233 5569 τί
1258 5515 1496 5589 φείδεται
1527 5515 1727 5569 αὐτῶν·

1813 2003 1996 2058 videre
2033 2019 2167 2071 vos;
2210 2005 2417 2072 videre,
2451 2020 2554 2058 non
2596 2004 2665 2059 ob
2719 2006 3022 2075 pecuniam,
3078 2020 3265 2061 verum
3310 2005 3384 2060 ob

1812 2093 2161 2149 excellentem
2206 2093 2299 2149 Dei
2347 2094 2574 2165 gratiam
2615 2095 2945 2151 excellenter
2983 2095 3135 2152 vobis
3175 2096 3379 2149 datam.

1815 2184 2023 2239 Rursus
2076 2194 2254 2241 autem
2291 2186 2521 2257 gratiam
2569 2186 2929 2257 eleemosyna:
2983 2187 3254 2257 negotium
3286 2200 3384 2241 vo-

1812 2275 1978 2340 cavit,
2007 2277 2188 2330 omnia
2232 2275 2306 2329 ita
2348 2274 2457 2330 Deo
2501 2282 2721 2345 accepta
2753 2276 3014 2343 referens,
3060 2289 3128 2329 ne
3165 2272 3269 2342 ipsi
3300 2282 3385 2328 at—

1814 2364 2092 2421 tolluntur.
2132 2366 2262 2420 Cum
2299 2375 2477 2422 autem
2512 2365 2662 2432 dicit,
2705 2384 2723 2417 ι
2761 2364 3119 2420 Excellentem
3152 2365 3382 2434 gratiam

1811 2454 1930 2523 Dei,
1965 2475 1985 2508 ι
2029 2456 2232 2511 excitat
2272 2471 2385 2524 eos,
2418 2464 2476 2510 ut
2510 2456 2797 2527 largiorem
2839 2454 3267 2507 muniﬁcentiam
3298 2452 3381 2507 fa-

1814 2547 1981 2612 ciant,
2017 2564 2085 2603 ne
2118 2557 2524 2617 exsuperentur
2552 2557 2644 2601 aut
2677 2545 2965 2600 vincantur
2991 2544 3059 2598 ab
3098 2543 3236 2599 aliis.

1883 2639 2048 2696 Vnus.
2092 2639 2179 2696 15.
2218 2658 2237 2692 ‹
2274 2639 2458 2695 Gratia
2492 2649 2671 2695 autem
2695 2637 2806 2693 Deo
2836 2651 2998 2706 super
3026 2634 3381 2690 inenarrabili

1814 2729 1956 2784 dono
1981 2731 2118 2800 ejus.
2159 2748 2180 2783 ι
2223 2730 2432 2785 Danum
2485 2731 2574 2785 hic
2633 2728 2876 2782 nominat
2931 2727 3072 2781 bona
3119 2726 3231 2795 ipsa
3263 2739 3383 2793 qua)

1814 2835 1911 2889 per
1932 2821 2329 2893 eleemosynam
2372 2822 2507 2877 lium
2535 2831 2647 2874 tum
2683 2818 2931 2874 dantibus
2961 2826 3071 2871 tum
3103 2816 3379 2886 accipien-

1815 2912 1960 2967 tibus
1996 2929 2011 2966 :
2063 2913 2148 2968 vel
2186 2916 2453 2969 bonorum
2488 2910 2921 2976 commonefacit,
2948 2909 3151 2978 quibus
3199 2908 3384 2963 donati

1814 3004 2133 3076 dignatique
2165 3021 2352 3063 sumus
2387 3021 2482 3075 per
2507 3004 2934 3059 incarnationem
2959 2999 3197 3067 Christi,
3250 3013 3382 3069 per-

1815 3094 1942 3151 inde
1964 3112 2027 3151 ac
2057 3099 2102 3153 si
2137 3099 2280 3154 dicat
2313 3113 2326 3149 :
2363 3097 2508 3151 Nihil
2558 3095 2785 3150 arduum
2824 3109 2920 3148 vos
2971 3092 3146 3147 lacere
3195 3092 3390 3147 existi-

1836 3193 2029 3259 metis;
2055 3191 2432 3248 inenarrabilia
2463 3190 2609 3246 enim
2635 3200 2757 3244 sunt
2783 3187 2921 3241 bona
2947 3200 3066 3256 quae
3081 3184 3386 3254 accepimus

1818 3302 1847 3341 a
1880 3286 2013 3343 Deo.
2069 3285 2422 3354 Quidigitur
2460 3281 2706 3354 przeclari
2756 3285 2861 3344 est,
2894 3277 2939 3333 si
2984 3291 3150 3345 pauca
3211 3289 3388 3345 caque

1816 3375 2190 3447 corruptibilia
2213 3372 2436 3429 demus?

2419 3484 2648 3543 CAPUT
2715 3484 2782 3540 Χ.

1886 3604 2049 3660 Vens.
2074 3605 2124 3661 1.
2160 3621 2181 3657 ι
2212 3601 2332 3674 Ipse
2360 3614 2538 3657 autem
2565 3616 2664 3670 ego
2686 3599 2882 3655 Paulus
2910 3597 3136 3653 obsecro
3165 3610 3259 3650 vos
3288 3609 3386 3664 per

1818 3696 2285 3752 mansuetudinem
2308 3704 2362 3749 et
2388 3693 2730 3749 clementiam
2767 3691 2991 3746 Christi.
3042 3707 3062 3740 ι
3110 3685 3386 3742 Confectis

1818 3789 1884 3843 de
1907 3788 2248 3857 eleemosyna
2279 3786 2643 3850 sermonibus,
2667 3783 2966 3838 austeriora
2999 3794 3143 3834 nunc
3176 3777 3389 3834 orditur

1819 3880 2101 3932 adversum
2132 3877 2597 3951 pseudapostolos,
2621 3886 2675 3932 et
2697 3889 2790 3931 eos
2813 3876 2900 3945 qui
2921 3872 3391 3931 calumniabantur

1819 3971 1996 4041 ipsum
2028 3985 2125 4026 ceu
2156 3970 2342 4025 rudem
2368 3981 2422 4024 et
2443 3970 2792 4024 indoctumet
2814 3976 3016 4026 temere
3036 3980 3155 4021 sese
3181 3962 3391 4034 jactan-

1822 4069 1951 4115 tem.
1998 4061 2174 4129 Atque
2214 4060 2449 4131 seipsum
2493 4062 2874 4116 commendare
2922 4068 3142 4115 coactus
3188 4065 3290 4123 est,
3318 4072 3393 4112 ne

1821 4151 1990 4222 ipsius
2018 4150 2326 4220 praedicatio
2362 4151 2742 4221 vilipendatur.
2779 4150 3050 4207 Recensct
3080 4149 3247 4221 igitur
3271 4161 3392 4217 quae

1822 4258 1851 4297 a
1887 4259 1946 4298 sc
1968 4252 2118 4311 gesta
2143 4253 2290 4310 sunt,
2318 4242 2662 4314 gratiamque
2691 4242 2781 4297 Dei
2822 4242 2926 4296 sibi
2968 4244 3172 4295 datam.
3205 4238 3393 4309 Itaque

1824 4346 1928 4387 non
1964 4332 2318 4395 aberraverit,
2369 4331 2460 4401 qui
2490 4333 2629 4387 hanc
2683 4331 2978 4400 Epistolam
3030 4330 3177 4389 Pauli
3222 4345 3391 4386 enco-

1823 4426 1992 4478 mium
2010 4425 2226 4479 dixerit.
2249 4425 2521 4478 Hactenus
2536 4424 2696 4493 igitur
2712 4422 2777 4476 ab
2793 4423 3393 4492 exordiqtalemquem-

1827 4514 1945 4565 dam
1974 4527 2194 4568 sensum
2229 4528 2337 4580 prae
2363 4528 2420 4566 se
2441 4496 2544 4567 fert
2565 4512 2737 4566 oratio
2768 4522 2951 4566 contra
2990 4527 3084 4567 eos
3110 4513 3201 4583 qui
3243 4513 3393 4566 illum

1828 4604 2172 4672 impotentem
2187 4612 2240 4656 et
2253 4614 2597 4673 arrogantem
2611 4620 2634 4655 ι
2646 4604 2877 4659 ocabant
2895 4620 2909 4669 ;
2927 4617 3138 4672 nempe,
3154 4603 3393 4659 Obsecro

1828 4711 1924 4752 vos
1967 4698 2079 4765 ipse
2118 4710 2216 4764 ego
2262 4694 2483 4764 Paulus,
2519 4695 2682 4768 294
2715 4705 2984 4755 terrarum
3035 4697 3183 4751 orbis
3207 4699 3396 4751 doctor

1824 4787 2168 4858 (dignitatem
2195 4786 2336 4839 enim
2377 4796 2430 4840 et
2461 4791 2837 4841 auctoritatem
2871 4787 3110 4841 indicant
3130 4787 3243 4841 haec
3275 4802 3395 4840 ver-
3447 4796 3462 4824 ³

1827 4881 1913 4946 ba,
1952 4898 1970 4930 ι
2008 4880 2125 4949 Ipse
2155 4893 2256 4950 ego
2286 4879 2485 4935 Paulus
2524 4897 2537 4933 :
2605 4898 2623 4931 ι
2651 4879 2873 4949 perinde
2894 4894 2958 4934 ac
2988 4878 3098 4943 illa,
3131 4879 3267 4932 Ecce
3296 4874 3397 4946 ego

1826 4966 2025 5024 Paulus
2047 4970 2167 5024 dico
2202 4970 2354 5024 vobis
2387 4979 2441 5023 et
2471 4985 2664 5043 precor
2697 4985 2814 5037 vos,
2848 4986 2912 5024 ne
2937 4986 3022 5025 me
3045 4980 3237 5040 cogant
3265 4983 3394 5023 con-

1827 5061 2090 5117 viciantcs
2152 5060 2282 5114 mihi
2320 5060 2396 5114 uti
2432 5062 2668 5129 potentia
2701 5075 2822 5115 mea
2879 5063 3162 5115 adversum
3205 5060 3393 5130 ipsos).

1826 5148 2017 5222 Magna
2070 5163 2248 5207 autem
2301 5166 2390 5210 res
2441 5162 2535 5221 est;
2580 5152 2896 5231 Apostolum
2933 5150 3244 5207 obsecrare.
3299 5152 3393 5207 Ille

1827 5255 1956 5296 vero
1982 5242 2453 5297 mansuetudinem
2483 5243 2645 5297 etia'm
2673 5241 2869 5297 Christi
2902 5244 2966 5295 ad
3000 5239 3398 5310 interpellatio-

1830 5347 1952 5387 nem
1979 5333 2218 5400 adducit,
2257 5334 2482 5405 perinde
2517 5348 2580 5388 ac
2606 5333 2651 5387 si
2684 5332 2865 5399 dicat,
2912 5331 3257 5387 Reverentini
3285 5331 3399 5385 elc-

1833 5424 2093 5478 mentium
2149 5425 2372 5491 Christi,
2426 5439 2524 5493 per
2570 5438 2732 5492 quam
2784 5438 2880 5477 vos
2913 5423 3187 5479 obsecro:
3237 5420 3398 5475 simul

1832 5517 2122 5570 ostendens
2148 5532 2247 5570 cur
2273 5516 2351 5578 cis
2379 5524 2587 5589 parcat,
2622 5513 2877 5569 nimirum
2905 5524 2963 5569 ut
2985 5514 3225 5571 imitetur
3248 5529 3400 5568 mana

1464 5677 1664 5745 Vat-ito
1698 5676 2031 5745 lectiones.

248 5822 295 5858 “
332 5827 564 5885 εἴκουσιν
603 5847 656 5886 υ.
730 5830 773 5864 ⁸³
818 5829 1036 5898 μέλλειν
1068 5843 1122 5884 ο.
