3898 6556
527 381 644 447 839

1451 378 2035 442 THEOPHYLACTI
2077 380 2496 444 BULGABIIE
2538 382 2895 448 ARCHIEP.

3661 390 3754 454 900

523 492 869 550 suetudinem
903 492 1217 549 Servatoris
1249 489 1478 556 Christi,
1525 505 1634 547 non
1676 491 1800 561 quia
1844 489 2094 548 inﬁrmus

2203 493 2281 546 ὄτι
2333 493 2422 547 διὰ
2453 491 2518 549 τὸ
2565 495 2854 566 μιμεῖσθαι
2911 493 3008 567 τὴν
3044 495 3328 567 πραότητα
3379 495 3472 550 τοῦ
3524 496 3755 570 Σωτῆρος

522 595 627 642 est.
655 585 731 641 Ne
763 585 930 657 igitur
973 587 1181 656 cogatis
1232 599 1320 641 me
1359 585 1591 642 deﬁcere
1624 598 1654 638 a
1683 583 2099 640 mansuetudine

523 677 644 738 hac,
681 692 842 748 quam
875 677 1011 734 adeo
1038 677 1216 748 cupio,
1243 685 1378 733 utet
1401 676 1808 732 intercessionis
1833 675 1949 733 leco
1977 690 2098 734 eam

523 770 673 824 vobis
703 769 979 837 objiciam.

599 878 618 911 ι
653 859 753 926 Qui
803 861 858 915 in
899 860 1042 916 facie
1081 859 1306 932 quidem
1345 859 1594 931 abiectus
1639 873 1761 914 sum
1806 860 1948 914 inter
1979 873 2096 922 vos,

520 952 718 1006 absens
761 962 945 1008 autem
995 954 1210 1008 conﬁdo
1247 953 1422 1009 vobis.
1479 970 1499 1005 ο
1548 951 1648 1008 Vel
1701 967 1798 1020 per
1851 951 2098 1008 ironiam

519 1044 636 1098 lucc
659 1043 810 1109 dicit,
837 1043 1431 1100 calumniantiumeum
1452 1045 1635 1101 verbis
1655 1058 1805 1099 usus.
1836 1043 2102 1101 Dicebant

518 1135 666 1188 enim
703 1136 799 1200 illi,
832 1134 968 1191 Cum
993 1137 1167 1202 adest,
1204 1136 1408 1192 nullius
1431 1144 1516 1191 est
1545 1135 1828 1200 momenti,
1859 1137 1954 1190 sed
1979 1136 2100 1194 vilis

521 1237 684 1295 atque
710 1227 1184 1297 contemptibilis:
1223 1227 1314 1284 sin
1349 1226 1628 1293 abfuerit;
1639 1233 1810 1283 tumet
1832 1234 1886 1280 et
1912 1241 2100 1296 super-

397 1377 410 1386 ,
518 1317 620 1382 bit,
654 1317 926 1387 audetque
975 1317 1262 1373 adversum
1295 1333 1394 1374 nos
1438 1327 1495 1372 et
1545 1317 1952 1372 intermittatur.
2005 1315 2102 1372 Vel

517 1419 648 1459 vere
676 1406 791 1461 haec
835 1408 901 1462 de
949 1407 1130 1477 seipse
1159 1408 1287 1462 dicit
1314 1425 1328 1463 :
1361 1409 1497 1479 Ego,
1527 1409 1621 1480 qui
1655 1423 1782 1467 cum
1821 1410 1973 1478 apud,
2003 1425 2101 1464 vos

520 1496 646 1561 sint,
696 1497 918 1553 humilis
955 1507 1009 1554 et
1053 1507 1370 1557 mansuetus
1392 1516 1510 1555 sum
1546 1516 1674 1571 erga
1706 1515 1847 1568 vos;
1880 1501 2098 1560 etiamsi

521 1601 670 1641 nunc
703 1602 895 1658 magna
928 1589 1262 1661 proloquar,
1320 1605 1427 1645 non
1476 1605 1542 1647 cx
1592 1591 1902 1662 arrogantia
1957 1591 2100 1650 istud

510 1691 644 1747 .ago,
671 1676 763 1732 sed
793 1679 919 1748 quia
954 1682 1224 1735 conﬁdam
1261 1683 1432 1738 vobis.

598 1767 757 1823 Vsus.
781 1769 836 1826 2.
876 1789 894 1822 ι
928 1770 1082 1842 Rogo
1111 1782 1291 1827 autem
1327 1788 1445 1839 vos,
1483 1787 1551 1829 ne
1593 1789 1835 1844 prazsens
1871 1774 2097 1832 audeam

2200 583 2467 654 Χριστοῦ,
2503 588 2600 640 καὶ
2627 588 2688 640 ού
2714 587 2803 640 διὰ
2831 587 2893 640 τὸ
2929 587 3161 660 ἀσθενὴς
3193 585 3352 644 εἶναι.
3377 587 3469 659 Μὴ
3495 587 3666 648 τοίνυν
3701 609 3757 659 με
3783 586 3785 588 ’

2203 672 2554 743 ἀναγκάσητε
2581 675 2842 743 ἐκστῆναι
2873 674 3079 745 ταύτης
3103 692 3116 706 ·
3153 677 3219 746 ἣν
3251 675 3396 734 οὓτω
3427 674 3598 742 ποθῶ,
3635 674 3755 732 ὥστε

2201 765 2300 820 καὶ
2345 766 2577 836 μεσίτην
2599 768 2805 836 ταύτην
2840 767 2968 837 ὑμῖν
2994 767 3394 839 προϐάλλομαι.

2276 875 2296 909 t
2355 859 2453 922 Ὃς
2505 857 2648 912 κατὰ
2699 859 2992 926 πρόσωπον
3049 858 3149 929 μὲν
3203 859 3461 924 ταπεινὸς
3521 860 3580 914 ἑν
3629 862 3754 933 ὑμῖν,

2201 946 2361 1004 ἀπὼν
2391 948 2448 1001 δὲ
2475 947 2664 1024 θαρρῶ
2693 951 2776 1014 είς
2804 951 2971 1019 ὑμᾶς.
3001 968 3020 1002 ›
3057 951 3126 1005 ’Ἡ
3157 951 3278 1003 κατ’
3310 953 3595 1022 εἰρωνείαν
3620 953 3755 1008 τοῦτό

2201 1055 2360 1109 φησι,
2392 1043 2505 1104 τοῖς
2525 1042 2636 1099 τῶν
2664 1041 3062 1098 διαϐαλλόντων
3090 1042 3253 1101 αὑτὸν
3291 1042 3472 1111 λόγοις
3499 1046 3756 1115 χρησάμε-

2203 1149 2293 1195 νος
2317 1147 2332 1163 ·
2368 1133 2552 1201 ἔλεγον
2581 1133 2638 1186 δὲ
2684 1134 2904 1199 ἐκεῖνοι,
2936 1134 3018 1186 ὅτι
3049 1133 3179 1188 ὅταν
3223 1133 3322 1203 μὲν
3349 1138 3536 1205 παρῇ,
3571 1137 3757 1200 οὐδενός

2203 1225 2351 1282 ἐστιν
2395 1226 2545 1291 ἄξιος
2562 1225 2744 1294 λόγου.
2788 1225 2926 1282 ἀλλὰ
2961 1223 3237 1289 ταπεινὸς,
3265 1225 3751 1298 εὐκαταφρόνητος·

2201 1316 2334 1373 ὅταν
2369 1315 2428 1369 δὲ
2458 1316 2595 1388 ἀπῇ,
2627 1317 2772 1390 φυσᾷ
2793 1333 2854 1372 τε
2878 1315 2973 1370 καὶ
2997 1315 3294 1386 κομπάζιι,
3322 1317 3419 1370 καὶ
3449 1318 3758 1389 καταθαῤῥεῖ

2203 1412 2361 1483 ἡμῶν
2413 1411 2510 1467 καὶ
2557 1413 2796 1467 ἀπειλεῖ.
2836 1411 2907 1472 Ἢ
2965 1411 3182 1482 ἀληθῶς
3233 1410 3412 1467 ταῦτά
3469 1428 3604 1481 φησι
3651 1416 3757 1483 περὶ

2203 1501 2420 1568 ἑαυτοῦ,
2460 1503 2542 1556 ὅτι
2611 1501 2753 1572 Ἐγὼ
2804 1504 2832 1556 ό
2865 1503 2922 1558 ὲν
2952 1501 3030 1573 τῷ
3079 1503 3357 1572 παρεῖναι,
3392 1503 3645 1564 ταπεινὸς
3681 1506 3757 1556 καί

2195 1595 2378 1664 πρᾶος
2418 1596 2497 1658 είς
2543 1595 2708 1664 ὑμᾶς,
2742 1594 2838 1648 νῦν
2875 1595 2925 1647 εἰ
2951 1595 3048 1648 καὶ
3078 1593 3291 1664 μεγάλα
3313 1591 3644 1670 φθέγγομαι,
3675 1595 3754 1647 οὐκ

2202 1684 2262 1757 ἐξ
2291 1685 2551 1747 ἀπονοίας
2581 1683 2741 1743 τοῦτο
2781 1685 2944 1752 ποιῶ,
2987 1682 3101 1744 ἀλλ’
3151 1685 3220 1738 ὲκ
3254 1682 3349 1736 τοῦ
3379 1681 3604 1759 θαρρεῖν
3628 1683 3753 1753 ὑμῖν.

2278 1795 2297 1829 r
2325 1777 2530 1848 Δέομαι
2566 1777 2626 1830 δὲ
2663 1778 2722 1831 τὸ
2753 1777 2830 1850 μὴ
2880 1776 3072 1852 παρὼν
3109 1776 3384 1853 θαρρῆσαι
3414 1779 3482 1847 τῇ
3518 1777 3754 1848 πεποιθή-

516 1875 615 1931 per
665 1877 782 1916 eam
841 1861 1254 1929 conﬁdentiam,
1313 1879 1422 1935 qua
1459 1866 1744 1922 existimor
1779 1868 1982 1923 audere
2042 1868 2095 1920 in

2204 1884 2306 1934 cat,
2385 1869 2674 1938 λογίζομαι
2697 1868 2966 1940 τολμῆσαι
2982 1869 3074 1922 ἐπί
3096 1885 3248 1932 τινας
3264 1869 3388 1932 τοὺς
3405 1867 3755 1939 λογιζομένους

519 1954 782 2028 quosdam
809 1955 901 2024 qui
927 1954 1264 2013 arbitrantur
1311 1973 1411 2013 nos
1438 1959 1617 2014 rveluti
1661 1961 1957 2016 secundum
1985 1976 2102 2017 car-

513 2064 643 2104 nem
677 2045 979 2106 ambulare.
1021 2064 1040 2102 ι
1105 2047 1328 2114 Precor.
1380 2048 1574 2120 inquit,
1617 2066 1683 2106 ne
1734 2067 1821 2106 me
1871 2052 2101 2122 adigatis

517 2145 855 2202 conﬁdenter
899 2147 973 2201 uti
1027 2147 1270 2218 potentia
1312 2160 1433 2204 mea
1486 2147 1900 2216 (conﬁdentiam
1953 2149 2098 2209 enim

509 2237 816 2305 potentiam
869 2253 1020 2293 suam
1077 2237 1276 2309 vocat)
1327 2253 1490 2310 quam
1537 2240 1718 2309 cogito
1741 2241 1960 2306 audere,
1999 2242 2102 2301 hoc

517 2337 621 2390 est,
651 2327 708 2382 in
738 2328 978 2384 animum
1012 2330 1228 2397 induco,
1262 2331 1586 2396 ratiocinor,
1619 2331 1992 2403 autconjieio.
2033 2346 2099 2387 eo

517 2421 661 2488 quod
685 2420 758 2475 illi
779 2436 867 2477 me
888 2423 1233 2492 compellant,
1253 2423 1540 2480 adversum
1561 2423 1957 2481 calumniantes
1979 2439 2098 2492 nos,

500 2513 675 2582 quasi
715 2513 1010 2583 hypocrita:
1063 2525 1118 2570 et
1145 2523 1511 2572 ostentatores
1571 2516 1788 2572 simus:
1824 2516 1926 2571 hoc
1952 2516 2099 2571 enim

498 2613 622 2670 est,
680 2623 699 2657 ι
738 2606 1035 2662 secundum
1059 2620 1277 2664 carnem
1324 2608 1625 2665 ambulare.
1659 2627 1682 2663 ι
1725 2606 1978 2667 Observa.
2005 2623 2102 2662 au-

499 2705 629 2751 .tem
683 2698 956 2766 quomodo
1007 2699 1291 2754 audaciam
1332 2699 1591 2770 appellat,
1619 2701 1761 2769 quod
1791 2701 2015 2757 omnino
2040 2715 2101 2758 se

519 2788 586 2843 de
638 2788 966 2859 quibusdam
1028 2789 1215 2846 ulcisci
1261 2791 1412 2857 velit,
1456 2792 1670 2848 etiamsi
1721 2803 1828 2848 non
1879 2804 2102 2864 propter

505 2881 786 2949 seipsum,
816 2881 913 2936 sed
958 2882 1029 2937 ob
1063 2881 1286 2937 verbum
1323 2897 1356 2938 a
1388 2898 1450 2939 se
1491 2884 1842 2953 praedicatum
1883 2885 1985 2940 hoc
2021 2885 2101 2940 fao

520 2983 709 3027 cturus
741 2982 879 3029 erat.
922 2975 1177 3029 Attamen
1202 2974 1394 3046 pnngis
1444 2974 1674 3032 interest
1728 2978 2099 3049 praceptoris,

519 3062 572 3115 in
604 3062 884 3130 suppliciis
904 3063 1174 3131 cunctari,
1202 3080 1300 3121 nec
1320 3075 1584 3136 protenus
1618 3068 1685 3124 ad
1711 3068 1800 3124 illa
1832 3069 2058 3127 insilire.

593 3149 758 3206 Vens.
791 3152 844 3207 5.
875 3171 892 3206 t
926 3153 984 3208 lu
1015 3169 1180 3210 carne
1207 3157 1350 3211 enim
1379 3158 1744 3228 ambulantes,
1774 3175 1880 3216 non
1905 3176 2098 3220 secun-

517 3245 644 3300 dum
683 3261 916 3301 carnem
960 3248 1278 3306 militamus.
1307 3267 1326 3300 ι
1372 3248 1616 3321 lloc;est,
1679 3267 1843 3308 carne
1889 3254 2094 3321 amiCti,

512 3337 826 3391 carnalibus
879 3338 1046 3393 armis
1093 3339 1236 3394 haud
1299 3341 1531 3397 utimur.
1580 3341 1657 3398 De
1713 3345 2098 3413 praedicatione

516 3428 663 3482 enim
713 3428 969 3496 disputat,
1033 3431 1327 3491 ostendens
1371 3435 1515 3502 quod
1553 3449 1659 3488 non
1708 3435 1781 3490 sit
1837 3437 2093 3502 humana,

518 3533 691 3588 neque
721 3520 968 3575 humanae
992 3521 1110 3591 epis
1134 3521 1335 3593 indiga.
1367 3522 1504 3578 Cum
1539 3533 1717 3582 autem
1743 3526 1898 3591 dicit,
1955 3527 2098 3596 «Mi-

516 3611 758 3678 litamus,
799 3629 818 3663 ι
850 3613 1095 3684 praelium
1136 3622 1194 3670 et
1243 3629 1477 3684 pugnam
1515 3629 1615 3671 nos
1657 3617 1966 3688 suscepisse
1995 3619 2094 3674 in-

514 3704 684 3758 dicat.

586 3813 752 3867 V'sns.
779 3812 837 3868 Α.
902 3829 923 3864 ι
963 3809 1099 3865 Nam
1137 3825 1288 3865 arma
1339 3809 1544 3868 militia:
1597 3823 1797 3868 nostra
1831 3830 1934 3868 non
1967 3825 2096 3870 sunt

512 3903 778 3959 earnalia.
808 3921 828 3954 ι
866 3901 980 3958 Hoc
1009 3913 1116 3969 est,
1145 3919 1251 3958 non
1283 3918 1436 3974 opes,
1474 3919 1582 3960 non
1608 3906 1801 3974 gloria,
1841 3923 1944 3961 non
1976 3909 2093 3963 clo-

512 3996 758 4066 quentia,
788 4009 894 4048 non
915 3995 1277 4062 adulationes,
1299 4011 1404 4054 non
1427 3998 1735 4068 hypocrisis
1757 4015 1770 4057 :
1803 3999 1928 4056 talia
1950 4002 2094 4061 enim

505 4086 755 4142 carnalia
787 4095 916 4139 sunt
950 4101 1124 4140 arma.

583 4195 609 4230 ,ι
651 4177 1035 4247 Sedpotentia
1087 4177 1220 4241 Deo,
1269 4177 1335 4230 ad
1366 4177 1790 4236 destructionem
1842 4183 2098 4238 munitio-

507 4285 665 4327 num.
699 4287 721 4321 ι
760 4269 879 4346 Non
897 4267 1054 4334 dixit,
1101 4269 1197 4322 sed
1215 4267 1536 4338 .Spiritualia
1554 4271 1681 4342 (hoc
1710 4273 1854 4328 enim
1877 4277 2096 4338 omnino

511 4354 789 4419 debuisset
810 4361 1011 4425 dicere,
1038 4369 1096 4413 ut
1122 4361 1324 4415 carnali
1347 4363 1746 4435 opponeretur),
1787 4367 1903 4432 sed,
1949 4386 1967 4419 ‹
2001 4383 2096 4438 ρο-

513 4451 705 4513 tentia,
737 4469 756 4501 »
800 4449 1154 4506 subindicans
1198 4449 1275 4504 ita
1304 4464 1492 4508 eorum
1528 4467 1615 4508 res
1643 4468 1763 4509 esse
1794 4455 2088 4513 imbecilles

2125 3199 2173 3257 G

2202 1962 2350 2035 ἡμᾶς
2377 1961 2452 2025 ὡς
2488 1961 2630 2018 κατὰ
2662 1961 2844 2034 σάρκα
2870 1960 3330 2032 περιπατοῦντας.
3360 1979 3379 2014 ι
3411 1962 3750 2030 -ιΔέομαι,υ

2202 2056 2389 2125 φησὶν,
2422 2054 2510 2107 ἵνα
2539 2054 2614 2124 μή
2645 2070 2714 2123 με
2736 2054 3087 2122 ἁναγκάσητε
3118 2053 3467 2126 θαρρούντως
3497 2055 3543 2085 δ’
3571 2055 3754 2124 χρὴσα⁸

2201 2146 2328 2202 σθαι
2355 2149 2424 2218 τῇ
2449 2147 2680 2218 δυνάμει
2707 2147 3054 2222 (πεποίθησιν
3082 2147 3194 2218 γὰρ
3220 2146 3321 2218 τὴν
3351 2146 3586 2216 δύναμιν
3613 2146 3751 2200 αὐτοῦ

2190 2239 2378 2309 καλεῖ)
2409 2234 2472 2318 «ᾖ
2489 2238 2776 2311 λογίζομαι
2798 2241 3118 2311 τολμῆσαι,›
3143 2239 3441 2305 τουτέστιν,
3465 2239 3753 2309 ὑπολαμόάο

2200 2347 2277 2385 νω
2303 2333 2398 2388 καὶ
2430 2332 2736 2405 λογίζομαι,
2765 2332 3161 2404 ἢζστοχάζομαι
3190 2332 3283 2402 ἀφ’
3310 2325 3385 2384 ὧν
3414 2331 3608 2384 ἐκεῖνοί
3639 2331 3750 2401 “ps,

2199 2424 2574 2495 ἀναγκάζουσι
2615 2425 2758 2479 κατᾶ
2787 2412 2898 2479 τῶν
2927 2423 3322 2478 διαϐαλλόντων
3357 2423 3507 2493 ἡμᾶς
3545 2422 3618 2487 ὡς
3645 2422 3750 2475 ὓπο-

2199 2520 2400 2590 κριτὰς
2431 2519 2528 2574 καὶ
2558 2519 2827 2585 ἀλαζόνας
2849 2533 2866 2549 ⁸
2895 2517 3056 2574 τοῦτο
3103 2518 3214 2589 γάρ
3272 2518 3354 2583 τὸ,
3377 2537 3394 2570 t
3415 2517 3570 2571 Κατὰ
3602 2517 3750 2588 σάρκα

2195 2609 2666 2681 περιπατοῦντας.
2703 2629 2723 2664 ι
2765 2613 2907 2681 Ὅρα
2957 2609 3037 2678 δὲ,
3092 2609 3209 2673 πῶς
3257 2611 3469 2680 τόλμαν
3505 2608 3671 2674 καλεῖ,
3701 2608 3750 2662 τὸ

2198 2700 2337 2766 ὅλως
2383 2703 2696 2774 ἀμύνασθαί
2725 2721 2900 2772 τινας,
2930 2703 3111 2758 καίτοι
3156 2719 3222 2771 γε
3265 2704 3365 2773 οὐχ
3394 2702 3538 2773 ὑπὲρ
3564 2700 3747 2765 ἑαυτοῦ,

2187 2794 2316 2852 ,ἀλλ’
2359 2795 2506 2865 ὑπὲρ
2553 2795 2650 2848 τοῦ
2701 2794 3061 2867 κηρύγματος
3105 2792 3266 2851 τοῦτο
3302 2791 3498 2863 ἔμελλε
3531 2790 3744 2861 ποιῆσαι.

2213 2888 2354 2943 Ἀλλ’
2381 2889 2529 2959 ὅμως
2558 2888 2637 2964 τῷ
2661 2887 2972 2961 διδασκάλῳ
2995 2886 3325 2954 οἰκειότερον
3355 2885 3418 2938 τὸ
3445 2886 3503 2937 ὲν
3546 2885 3657 2946 ταῖς
3681 2898 3747 2935 τιν

2203 2980 2674 3055 μωρίαιςμέλλειν
2693 2980 2802 3046 ἀεὶ,
2816 2979 2914 3034 καὶ
2933 2981 3009 3050 μὴ
3019 2979 3230 3051 ταχέως
3244 2976 3472 3041 ταύταις
3487 2975 3746 3046 ὲπιπηδᾷν.

2279 3177 2298 3212 t
2342 3159 2430 3214 Ἐν
2463 3156 2629 3232 σαρκὶ
2658 3155 2766 3228 γὰρ
2814 3152 3267 3226 περιπατοῦντες,
3309 3154 3371 3207 οὐ
3423 3151 3560 3208 κατὰ
3595 3153 3745 3224 σάρκα

2203 3251 2632 3323 στρατευόμεθα.
2679 3268 2696 3301 ι
2737 3250 3021 3314 Τουτέστι,
3054 3247 3234 3317 σάρκα
3280 3246 3665 3317 περικείμενοι,
3692 3245 3741 3297 οὐ

2200 3345 2485 3413 σαρκικοῖς
2514 3341 2700 3404 ὅπλοις
2735 3338 3017 3411 χρώμεθα.
3050 3340 3186 3410 Περὶ
3219 3337 3330 3408 γὰρ
3361 3336 3456 3390 τοῦ
3487 3337 3744 3408 κηρύγμαο

2195 3453 2286 3500 τος
2329 3435 2664 3503 διαλέγεται,
2690 3433 2905 3496 δεικνὺς
2941 3433 3024 3485 ὅτι
3065 3432 3166 3484 οὐκ
3214 3432 3364 3484 ἐστιν
3415 3428 3738 3500 ἀνθρώπινον,

2197 3531 2316 3585 οὐδὲ
2382 3528 2484 3599 τῆς
2530 3527 2774 3581 κάτωθεν
2819 3526 3072 3596 δεόμενον
3106 3521 3379 3595 βοηθείας.
3411 3541 3432 3576 ι
3479 3522 3740 3592 Στρατευό·

2200 3624 2344 3694 μεθα
2377 3641 2395 3674 ι
2429 3623 2506 3685 δὲ,
2554 3619 2748 3687 εἰπὼν,
2808 3618 3012 3687 ἔδειξεν
3060 3619 3143 3672 ὅτι
3184 3619 3426 3690 πόλεμον
3470 3618 3559 3670 καὶ
3585 3615 3739 3686 μάχην

2197 3709 2592 3782 ἀνεδεξάμεθα.

2275 3822 2293 3854 ι
2323 3803 2404 3855 Τὰ
2427 3802 2536 3870 γὰρ
2563 3800 2705 3856 ὅπλα
2734 3799 2832 3870 τῆς
2856 3798 3144 3870 στρατείας
3184 3797 3342 3870 ἡμῶν
3367 3798 3428 3852 ού
3455 3797 3681 3870 σαρκικὰ.
3718 3814 3733 3848 t

2197 3893 2511 3957 Τουτὲστιν,
2553 3894 2616 3946 ού
2649 3891 2903 3957 πλοῦτος,
2938 3893 2997 3944 ού
3030 3890 3179 3958 δόξα,
3207 3891 3308 3944 ούκ
3341 3891 3646 3960 εύγλωττία,
3683 3889 3738 3942 ού

2199 3986 2626 4058 κολακείαι,;ούχ
2648 3985 2967 4057 ὑποκρίσεις
2989 3999 3006 4017 ο
3050 3984 3274 4039 τοιαῦτα
3301 3985 3412 4055 γάρ
3433 3984 3512 4056 ,τὰ
3537 3984 3739 4053 σαρκικὰ

2195 4080 2357 4136 ὅπλα.
2470 4111 2478 4114 -

2273 4191 2292 4224 ι
2343 4171 2502 4230 Ἀλλὰ
2545 4169 2749 4226 δυνατὰ
2787 4168 2865 4240 τῷ
2914 4167 3055 4242 Θεῷ,
3097 4153 3234 4240 ατρὸς
3287 4168 3598 4241 καθαίρεσιν
3631 4167 3734 4237 exu-

2200 4264 2496 4338 ρωμάτων.
2542 4283 2572 4317 -ι
2632 4264 2747 4318 Ούκ
2799 4258 2953 4318 εἶπεν
3001 4301 3016 4329 ,
3069 4263 3156 4318 ὅτι
3217 4261 3377 4318 Ἀλλά
3431 4257 3736 4332 πνευματικὰ

2204 4356 2387 4426 (τοῦτο
2413 4354 2522 4426 γὰρ
2551 4354 2770 4415 πάντως
2808 4353 3036 4422 ὠφειλεν
3069 4354 3244 4406 εἰπεῖν
3277 4353 3413 4424 πρὸς
3442 4353 3734 4406 ἁντιδιαστο·

2196 4445 2294 4520 λῂν
2311 4445 2405 4498 τοῦ
2425 4445 2734 4515 σαρκικοῦ),
2753 4444 2908 4510 ἀλλὰ,
2957 4462 2975 4495 t
2999 4444 3210 4497 Δυνατά
3230 4460 3243 4474 ο
3261 4462 3290 4495 ι»
3315 4442 3735 4512 αἰνιττόμενοςὸτι

511 4539 675 4610 295
693 4551 743 4594 et
761 4541 1103 4609 impotentes.
1122 4538 1422 4596 Considera
1441 4551 1618 4598 autem
1644 4545 1935 4601 demissum
1958 4549 2010 4602 in
2029 4563 2093 4604 eo

2203 4536 2268 4588 τὰ
2288 4535 2513 4589 ἐκείνων
2543 4533 2744 4603 ἀσθενῆ
2775 4533 2870 4587 καὶ
2895 4531 3155 4589 ἀδύνατα.
3191 4531 3304 4586 Καὶ
3334 4535 3526 4586 σκόπει
3560 4533 3614 4584 τὸ
3633 4531 3735 4584 ἄτυ-

474 4634 759 4722 \spiritum
798 4647 812 4686 :
838 4646 942 4686 non
976 4631 1112 4685 dixit
1141 4631 1312 4698 enim,
1338 4630 1446 4687 Nos
1469 4643 1713 4702 potentes
1739 4652 1946 4704 sumus,
1972 4640 2091 4709 sed,

453 4748 458 4799 ς
521 4742 540 4776 ι
585 4725 748 4782 Arma
771 4725 1012 4793 potentia
1049 4723 1178 4788 Deo,
1220 4739 1244 4776 ι
1283 4725 1386 4780 hoc
1405 4734 1508 4792 est,
1537 4726 1678 4782 Deus
1705 4729 1816 4798 ipsa
1843 4731 2096 4800 potentia

454 4807 465 4855 ἓ
513 4811 714 4870 effecit.
749 4812 889 4883 Quia
909 4813 1054 4868 enim
1079 4816 1382 4886 agebantur
1421 4823 1476 4869 et
1523 4813 1708 4884 ﬂagris
1722 4818 2092 4887 caedebantur,

514 4905 849 4962 inﬁrmitatis
892 4916 1070 4962 autem
1119 4905 1243 4963 haec
1272 4920 1396 4962 esse
1427 4907 1786 4964 videbantur:
1825 4909 1934 4965 Deo
1967 4911 2096 4982 (in-

513 5002 654 5074 quit)
686 4998 927 5072 potentia
945 5007 1072 5054 sunt
1103 4997 1239 5052 haec.
1267 4997 1360 5053 Dei
1397 5011 1630 5071 namque
1657 4999 1824 5054 robur
1855 5014 1949 5069 per
1971 5001 2087 5064 haec

515 5096 754 5153 maxime
780 5100 1026 5164 apparet,
1053 5105 1120 5145 ac
1156 5089 1246 5145 ille
1273 5097 1360 5146 est
1395 5090 1486 5159 qui
1509 5101 1765 5160 operatur
1811 5102 1865 5148 et
1883 5093 2089 5150 bellant

516 5189 676 5259 gerit,
703 5184 916 5241 etiamsi
941 5197 1039 5238 nos
1075 5182 1182 5237 illis
1227 5180 1568 5237 amiciamur.
1607 5181 1709 5238 Ubi
1750 5194 1932 5240 autem
1961 5194 2091 5244 sunt

514 5277 798 5349 petentia?
850 5277 931 5334 Ad
963 5273 1366 5333 demolitionem
1412 5275 1796 5334 munitionum.
1829 5277 2089 5346 Quaenam

515 5378 696 5425 autem
729 5369 840 5423 sint
874 5368 988 5423 ista:
1015 5365 1366 5431 munitiones,
1396 5363 1683 5423 subinfert.

593 5479 613 5513 ι
640 5459 1100 5515 llatiocinationes
1125 5457 1489 5513 destruentes.
1532 5474 1551 5509 ι
1579 5457 1890 5514 Graecorum
1922 5459 2087 5531 syllo-

518 5553 740 5626 gismos,
773 5549 972 5625 inquit,
1002 5561 1058 5608 et
1096 5549 1294 5608 fastum
1343 5562 1528 5604 eorum
1573 5549 1896 5618 demoliptur
1938 5551 2088 5607 hisce

2197 4641 2334 4700 φονο
2369 4626 2470 4684 οὐκ
2509 4620 2684 4691 εἶπεν,
2739 4625 2822 4677 ὅτι
2887 4623 3077 4694 Ἡμεῖς
3126 4622 3366 4688 δυνατοὶ,
3429 4622 3580 4688 ἀλλὰ,
3623 4638 3642 4673 t
3674 4619 3736 4678 Τά

2193 4719 2334 4778 ὅπλα
2348 4717 2550 4774 δυνατὰ
2571 4716 2650 4789 τῷ
2674 4717 2815 4788 Θεῷ,
2858 4735 2876 4768 ι
2897 4715 3200 4780 τουτέστιν,
3223 4719 3252 4768 ὁ
3271 4716 3403 4779 Θεὸς
3417 4717 3559 4771 αὐτὰ
3571 4713 3736 4768 δυνατὰ

2195 4811 2625 4871 κατεσκεύασεν.
2670 4809 2892 4882 Ἐπειδὴ
2927 4809 3037 4880 γὰρ
3079 4808 3372 4880 ἠλαύνοντο
3415 4809 3508 4862 καὶ
3549 4804 3736 4878 ἐμαστί-

2191 4905 2370 4972 ζοντο,
2399 4904 2686 4967 ἀσθενείας
2711 4903 2770 4963 δὲ
2792 4903 2966 4962 ταῦτα
2995 4903 3236 4971 ἐδόκουν,
3265 4902 3434 4972 φησιν
3458 4903 3536 4956 ὅτι
3569 4897 3732 4953 δυνατά

2189 4998 2300 5052 εισι
2329 4997 2504 5054 ταῦτα
2541 4996 2620 5066 τῷ
2649 4995 2790 5068 Θεῷ.
2839 4996 2903 5050 Ἦ
2924 4995 3036 5066 γὰρ
3063 4995 3156 5053 τοῦ
3180 4993 3315 5049 Θεοῦ
3344 4994 3497 5065 ἰσχὺς
3522 4992 3606 5048 διὰ
3635 4991 3732 5044 τού-

2187 5107 2297 5144 των
2330 5091 2566 5162 μάλιστα
2591 5091 2866 5159 φαίνεται,
2899 5089 3151 5152 κάκεῖνός
3184 5089 3334 5140 ἐστιν
3365 5086 3642 5158 όοὲνεργών
3660 5083 3730 5136 καὶ

2190 5183 2469 5254 πολεμῶν,
2497 5184 2547 5236 εί
2578 5184 2674 5236 καὶ⁸
2695 5184 2858 5252 ἡμεῖς
2879 5181 3022 5236 αὐτὰ
3047 5177 3432 5251 περικείμεθα.
3458 5178 3560 5238 Ποῦ
3577 5177 3625 5232 δέ
3645 5177 3727 5234 risi

2187 5276 2422 5343 δυνατάς
2492 5294 2511 5328 ι
2549 5277 2643 5340 Εἰς
2674 5275 2996 5350 καθαίρεσιν
3036 5271 3441 5348 ὀχυρωμάτων·
3465 5289 3486 5327 ι
3524 5270 3610 5330 καὶ
3635 5266 3728 5326 τίνα

2193 5365 2264 5418 τὰ
2292 5363 2646 5436 ὀχυρώματα,
2675 5364 2946 5436 ἐπιφέρει..

2271 5473 2293 5506 ι
2334 5457 2642 5528 Λογισμοὺς
2673 5454 3090 5528 καθαιροῦντες.
3128 5476 3148 5512 ι
3184 5458 3325 5522 Τοὺς
3352 5459 3460 5518 τῶν
3501 5451 3726 5521 Ἑλλήνων

2196 5549 2607 5621 συλλογισμοὺς,
2637 5549 2792 5620 φησι,
2829 5550 2923 5603 καὶ
2955 5551 3044 5603 τὸν
3076 5550 3243 5621 τῦφον
3277 5551 3454 5604 αὐτῶν
3476 5538 3724 5614 καθαιροῦ-

1812 5695 2006 5763 Vario:
2037 5695 2373 5759 lectiones.

587 5816 631 5864 ιβ
660 5813 986 5888 θαρροῦντος
1023 5829 1080 5870 ο.
1153 5813 1201 5887 δῖ
1229 5815 1468 5870 κάκεῖνοι
1492 5830 1546 5870 o.
