  <div class='ocr_page' id='page_1' title='image "/cluster/home/n/w/nwhite01/storage/ocr_20150623/124/hvd.32044019208206/492.png"; bbox 0 0 3898 6548; ppageno 0'>
   <div class='ocr_carea' id='block_1_1' title="bbox 166 389 272 450">
    <p class='ocr_par' dir='ltr' id='par_1_1' title="bbox 166 389 272 450">
     <span class='ocr_line' id='line_1_1' title="bbox 166 389 272 450; baseline -0.009 0"><span class='ocrx_word' id='word_1_1' title='bbox 166 389 272 450; x_wconf 82' lang='lat'><strong>90]</strong></span> 
     </span>
    </p>
   </div>
   <div class='ocr_carea' id='block_1_2' title="bbox 975 392 2608 467">
    <p class='ocr_par' dir='ltr' id='par_1_2' title="bbox 975 392 2608 467">
     <span class='ocr_line' id='line_1_2' title="bbox 975 392 2608 467; baseline 0.009 -15"><span class='ocrx_word' id='word_1_2' title='bbox 975 392 1296 454; x_wconf 74' lang='lat' dir='ltr'><strong>EXPOSIT</strong></span> <span class='ocrx_word' id='word_1_3' title='bbox 1303 395 1379 454; x_wconf 88' lang='lat'><strong>10</strong></span> <span class='ocrx_word' id='word_1_4' title='bbox 1407 397 1489 456; x_wconf 84' lang='grc' dir='ltr'>ΙΝ</span> <span class='ocrx_word' id='word_1_5' title='bbox 1537 397 1776 460; x_wconf 87' lang='lat' dir='ltr'><strong>EPlST.</strong></span> <span class='ocrx_word' id='word_1_6' title='bbox 1824 399 1882 460; x_wconf 86' lang='lat' dir='ltr'><strong>Il</strong></span> <span class='ocrx_word' id='word_1_7' title='bbox 1922 399 2023 460; x_wconf 82' lang='lat' dir='ltr'><strong>AD</strong></span> <span class='ocrx_word' id='word_1_8' title='bbox 2046 399 2214 462; x_wconf 65' lang='lat' dir='ltr'><strong>C011.</strong></span> <span class='ocrx_word' id='word_1_9' title='bbox 2249 425 2314 438; x_wconf 83' lang='grc'><strong>--</strong></span> <span class='ocrx_word' id='word_1_10' title='bbox 2342 395 2608 467; x_wconf 60' lang='grc' dir='ltr'><strong>(ΖΑΗΧ.</strong></span> 
     </span>
    </p>
   </div>
   <div class='ocr_carea' id='block_1_3' title="bbox 3297 406 3406 472">
    <p class='ocr_par' dir='ltr' id='par_1_3' title="bbox 3297 406 3406 472">
     <span class='ocr_line' id='line_1_3' title="bbox 3297 406 3406 472; baseline 0 -1"><span class='ocrx_word' id='word_1_11' title='bbox 3297 406 3406 472; x_wconf 73' lang='lat'><strong>902</strong></span> 
     </span>
    </p>
   </div>
   <div class='ocr_carea' id='block_1_4' title="bbox 157 503 1711 595">
    <p class='ocr_par' dir='ltr' id='par_1_4' title="bbox 157 503 1711 582">
     <span class='ocr_line' id='line_1_4' title="bbox 157 503 1711 582; baseline 0.009 -29"><span class='ocrx_word' id='word_1_12' title='bbox 157 522 260 574; x_wconf 76' lang='grc' dir='ltr'><strong>μεν</strong></span> <span class='ocrx_word' id='word_1_13' title='bbox 292 503 372 555; x_wconf 65' lang='grc' dir='ltr'><strong>διά</strong></span> <span class='ocrx_word' id='word_1_14' title='bbox 392 503 598 558; x_wconf 80' lang='grc' dir='ltr'>τούτων</span> <span class='ocrx_word' id='word_1_15' title='bbox 619 505 727 558; x_wconf 83' lang='grc' dir='ltr'>τῶν</span> <span class='ocrx_word' id='word_1_16' title='bbox 753 507 952 562; x_wconf 70' lang='grc' dir='ltr'>ὃπλων·</span> <span class='ocrx_word' id='word_1_17' title='bbox 987 511 1044 581; x_wconf 76' lang='grc' dir='ltr'>ἣ,</span> <span class='ocrx_word' id='word_1_18' title='bbox 1067 511 1146 562; x_wconf 78' lang='grc' dir='ltr'><strong>ὃτι</strong></span> <span class='ocrx_word' id='word_1_19' title='bbox 1180 511 1385 573; x_wconf 74' lang='grc' dir='ltr'>Αὐτοὺς</span> <span class='ocrx_word' id='word_1_20' title='bbox 1413 514 1538 576; x_wconf 80' lang='grc' dir='ltr'>τοὺς</span> <span class='ocrx_word' id='word_1_21' title='bbox 1569 514 1711 582; x_wconf 83' lang='grc' dir='ltr'>λογι·</span> 
     </span>
    </p>
   </div>
   <div class='ocr_carea' id='block_1_5' title="bbox 1816 503 3402 595">
    <p class='ocr_par' dir='ltr' id='par_1_5' title="bbox 1825 514 3402 595">
     <span class='ocr_line' id='line_1_5' title="bbox 1825 514 3402 595; baseline 0.009 -30"><span class='ocrx_word' id='word_1_22' title='bbox 1825 514 2012 580; x_wconf 85' lang='lat' dir='ltr'><strong>armis,</strong></span> <span class='ocrx_word' id='word_1_23' title='bbox 2051 515 2131 570; x_wconf 84' lang='lat' dir='ltr'><strong>vel</strong></span> <span class='ocrx_word' id='word_1_24' title='bbox 2161 517 2288 586; x_wconf 86' lang='lat' dir='ltr'><strong>quia</strong></span> <span class='ocrx_word' id='word_1_25' title='bbox 2320 519 2762 575; x_wconf 76' lang='lat' dir='ltr'><strong>ratiocinationes</strong></span> <span class='ocrx_word' id='word_1_26' title='bbox 2788 519 2901 576; x_wconf 83' lang='lat' dir='ltr'><strong>sive</strong></span> <span class='ocrx_word' id='word_1_27' title='bbox 2924 521 3282 595; x_wconf 75' lang='lat' dir='ltr'><strong>Cogita-tiones</strong></span> <span class='ocrx_word' id='word_1_28' title='bbox 3314 539 3402 579; x_wconf 89' lang='lat' dir='ltr'><strong>co-</strong></span> 
     </span>
    </p>
   </div>
   <div class='ocr_carea' id='block_1_6' title="bbox 155 597 1721 677">
    <p class='ocr_par' dir='ltr' id='par_1_6' title="bbox 155 597 1721 677">
     <span class='ocr_line' id='line_1_6' title="bbox 155 597 1721 677; baseline 0.006 -28"><span class='ocrx_word' id='word_1_29' title='bbox 155 599 319 666; x_wconf 71' lang='grc' dir='ltr'>σμοὺς</span> <span class='ocrx_word' id='word_1_30' title='bbox 346 597 525 650; x_wconf 81' lang='grc' dir='ltr'>αὐτῶν</span> <span class='ocrx_word' id='word_1_31' title='bbox 567 599 668 652; x_wconf 73' lang='grc' dir='ltr'>καὶ</span> <span class='ocrx_word' id='word_1_32' title='bbox 703 600 800 663; x_wconf 71' lang='grc' dir='ltr'>τὰς</span> <span class='ocrx_word' id='word_1_33' title='bbox 842 602 1030 671; x_wconf 61' lang='grc' dir='ltr'>»ψυχᾶς</span> <span class='ocrx_word' id='word_1_34' title='bbox 1069 602 1478 674; x_wconf 83' lang='grc' dir='ltr'>καταϐάλλομεν</span> <span class='ocrx_word' id='word_1_35' title='bbox 1510 607 1574 658; x_wconf 82' lang='grc' dir='ltr'><strong>ἐκ</strong></span> <span class='ocrx_word' id='word_1_36' title='bbox 1620 606 1721 677; x_wconf 78' lang='grc' dir='ltr'>τῆς</span> 
     </span>
    </p>
   </div>
   <div class='ocr_carea' id='block_1_7' title="bbox 153 684 1723 768">
    <p class='ocr_par' dir='ltr' id='par_1_7' title="bbox 153 684 1723 768">
     <span class='ocr_line' id='line_1_7' title="bbox 153 684 1723 768; baseline 0.005 -28"><span class='ocrx_word' id='word_1_37' title='bbox 153 687 373 759; x_wconf 76' lang='grc' dir='ltr'>πλάνης,</span> <span class='ocrx_word' id='word_1_38' title='bbox 473 691 862 760; x_wconf 82' lang='grc' dir='ltr'><strong>κεκράτηνται,</strong></span> <span class='ocrx_word' id='word_1_39' title='bbox 901 695 994 746; x_wconf 77' lang='grc' dir='ltr'>καὶ</span> <span class='ocrx_word' id='word_1_40' title='bbox 1025 695 1399 766; x_wconf 85' lang='grc' dir='ltr'>ύποτάσσομεν</span> <span class='ocrx_word' id='word_1_41' title='bbox 1421 696 1464 728; x_wconf 59' lang='grc'><strong>⁸⁸</strong></span> <span class='ocrx_word' id='word_1_42' title='bbox 1494 699 1560 768; x_wconf 84' lang='grc' dir='ltr'>τῇ</span> <span class='ocrx_word' id='word_1_43' title='bbox 1590 696 1723 768; x_wconf 84' lang='grc' dir='ltr'>ἀλη-</span> 
     </span>
    </p>
   </div>
   <div class='ocr_carea' id='block_1_8' title="bbox 153 778 1723 860">
    <p class='ocr_par' dir='ltr' id='par_1_8' title="bbox 153 778 1723 860">
     <span class='ocr_line' id='line_1_8' title="bbox 153 778 1723 860; baseline 0.008 -28"><span class='ocrx_word' id='word_1_44' title='bbox 153 778 291 850; x_wconf 78' lang='grc' dir='ltr'>θείᾳ.</span> <span class='ocrx_word' id='word_1_45' title='bbox 338 780 394 834; x_wconf 88' lang='grc'><strong>’0</strong></span> <span class='ocrx_word' id='word_1_46' title='bbox 421 781 529 853; x_wconf 78' lang='grc' dir='ltr'>γὰρ</span> <span class='ocrx_word' id='word_1_47' title='bbox 559 782 653 835; x_wconf 86' lang='grc' dir='ltr'><strong>τοῦ</strong></span> <span class='ocrx_word' id='word_1_48' title='bbox 682 783 1095 854; x_wconf 85' lang='grc' dir='ltr'>Ἀρειοπαγίτου</span> <span class='ocrx_word' id='word_1_49' title='bbox 1125 786 1404 858; x_wconf 84' lang='grc' dir='ltr'>λογισμὸς,</span> <span class='ocrx_word' id='word_1_50' title='bbox 1440 789 1592 860; x_wconf 67' lang='grc' dir='ltr'>καλή</span> <span class='ocrx_word' id='word_1_51' title='bbox 1627 808 1723 860; x_wconf 84' lang='grc' dir='ltr'>με·</span> 
     </span>
    </p>
   </div>
   <div class='ocr_carea' id='block_1_9' title="bbox 153 874 1714 954">
    <p class='ocr_par' dir='ltr' id='par_1_9' title="bbox 153 874 1714 954">
     <span class='ocr_line' id='line_1_9' title="bbox 153 874 1714 954; baseline 0.01 -31"><span class='ocrx_word' id='word_1_52' title='bbox 153 874 415 938; x_wconf 78' lang='grc' dir='ltr'>γαλόνοια,</span> <span class='ocrx_word' id='word_1_53' title='bbox 447 875 725 946; x_wconf 77' lang='grc' dir='ltr'><strong>καθῃρέθη</strong></span> <span class='ocrx_word' id='word_1_54' title='bbox 761 877 858 946; x_wconf 81' lang='grc' dir='ltr'><strong>μὲν</strong></span> <span class='ocrx_word' id='word_1_55' title='bbox 883 879 991 930; x_wconf 83' lang='grc' dir='ltr'><strong>ἀπὸ</strong></span> <span class='ocrx_word' id='word_1_56' title='bbox 1013 879 1109 948; x_wconf 83' lang='grc' dir='ltr'><strong>τῆς</strong></span> <span class='ocrx_word' id='word_1_57' title='bbox 1133 880 1410 944; x_wconf 84' lang='grc' dir='ltr'>ἀσεϐείας,</span> <span class='ocrx_word' id='word_1_58' title='bbox 1449 882 1714 954; x_wconf 85' lang='grc' dir='ltr'>ύπεκλίθη</span> 
     </span>
    </p>
   </div>
   <div class='ocr_carea' id='block_1_10' title="bbox 151 963 1720 1047">
    <p class='ocr_par' dir='ltr' id='par_1_10' title="bbox 151 963 1720 1047">
     <span class='ocr_line' id='line_1_10' title="bbox 151 963 1720 1047; baseline 0.011 -33"><span class='ocrx_word' id='word_1_59' title='bbox 151 963 208 1016; x_wconf 80' lang='grc' dir='ltr'><strong>δὲ</strong></span> <span class='ocrx_word' id='word_1_60' title='bbox 247 967 304 1033; x_wconf 82' lang='grc' dir='ltr'>τῇ</span> <span class='ocrx_word' id='word_1_61' title='bbox 344 964 612 1036; x_wconf 77' lang='grc' dir='ltr'>εὐσεϐείᾳ.</span> <span class='ocrx_word' id='word_1_62' title='bbox 647 966 789 1037; x_wconf 88' lang='grc' dir='ltr'><strong>Ὅρα</strong></span> <span class='ocrx_word' id='word_1_63' title='bbox 818 967 898 1033; x_wconf 86' lang='grc' dir='ltr'>δὲ,</span> <span class='ocrx_word' id='word_1_64' title='bbox 938 970 1039 1023; x_wconf 84' lang='grc' dir='ltr'><strong>οὐκ</strong></span> <span class='ocrx_word' id='word_1_65' title='bbox 1094 967 1268 1035; x_wconf 81' lang='grc' dir='ltr'>εἶπεν,</span> <span class='ocrx_word' id='word_1_66' title='bbox 1318 973 1400 1027; x_wconf 81' lang='grc' dir='ltr'><strong>ὅτι</strong></span> <span class='ocrx_word' id='word_1_67' title='bbox 1453 976 1720 1047; x_wconf 84' lang='grc' dir='ltr'>Μηγανή-</span> 
     </span>
    </p>
   </div>
   <div class='ocr_carea' id='block_1_11' title="bbox 153 1059 1720 1136">
    <p class='ocr_par' dir='ltr' id='par_1_11' title="bbox 153 1059 1720 1136">
     <span class='ocr_line' id='line_1_11' title="bbox 153 1059 1720 1136; baseline 0.011 -31"><span class='ocrx_word' id='word_1_68' title='bbox 153 1072 296 1122; x_wconf 84' lang='grc' dir='ltr'>ματα</span> <span class='ocrx_word' id='word_1_69' title='bbox 321 1063 686 1126; x_wconf 83' lang='grc' dir='ltr'>προσάγομεν,</span> <span class='ocrx_word' id='word_1_70' title='bbox 723 1059 859 1124; x_wconf 80' lang='grc' dir='ltr'>ἀλλ’,</span> <span class='ocrx_word' id='word_1_71' title='bbox 895 1063 1072 1126; x_wconf 79' lang='grc' dir='ltr'>Εὐθὺς</span> <span class='ocrx_word' id='word_1_72' title='bbox 1111 1064 1501 1136; x_wconf 81' lang='grc' dir='ltr'>καθαιροῦμεν⁶</span> <span class='ocrx_word' id='word_1_73' title='bbox 1533 1068 1594 1121; x_wconf 83' lang='grc' dir='ltr'>τὸ</span> <span class='ocrx_word' id='word_1_74' title='bbox 1629 1069 1720 1123; x_wconf 79' lang='grc' dir='ltr'>εῦ-</span> 
     </span>
    </p>
   </div>
   <div class='ocr_carea' id='block_1_12' title="bbox 150 1146 1717 1232">
    <p class='ocr_par' dir='ltr' id='par_1_12' title="bbox 150 1146 1717 1232">
     <span class='ocr_line' id='line_1_12' title="bbox 150 1146 1717 1232; baseline 0.011 -35"><span class='ocrx_word' id='word_1_75' title='bbox 150 1146 301 1198; x_wconf 86' lang='grc' dir='ltr'>κολον</span> <span class='ocrx_word' id='word_1_76' title='bbox 327 1146 423 1216; x_wconf 75' lang='grc' dir='ltr'>τῆς</span> <span class='ocrx_word' id='word_1_77' title='bbox 459 1147 615 1219; x_wconf 83' lang='grc' dir='ltr'>νίκης</span> <span class='ocrx_word' id='word_1_78' title='bbox 646 1151 742 1204; x_wconf 74' lang='grc' dir='ltr'>καὶ</span> <span class='ocrx_word' id='word_1_79' title='bbox 768 1152 828 1204; x_wconf 82' lang='grc' dir='ltr'>τὸ</span> <span class='ocrx_word' id='word_1_80' title='bbox 860 1153 1081 1207; x_wconf 84' lang='grc' dir='ltr'>δυνατὸν</span> <span class='ocrx_word' id='word_1_81' title='bbox 1109 1156 1219 1208; x_wconf 81' lang='grc' dir='ltr'><strong>τῶν</strong></span> <span class='ocrx_word' id='word_1_82' title='bbox 1251 1155 1421 1226; x_wconf 80' lang='grc' dir='ltr'>βελῶν</span> <span class='ocrx_word' id='word_1_83' title='bbox 1445 1158 1492 1190; x_wconf 66' lang='grc'><strong>⁸⁸</strong></span> <span class='ocrx_word' id='word_1_84' title='bbox 1519 1159 1717 1232; x_wconf 85' lang='grc' dir='ltr'>δηλῶν.</span> 
     </span>
    </p>
   </div>
   <div class='ocr_carea' id='block_1_13' title="bbox 224 1239 1722 1320">
    <p class='ocr_par' dir='ltr' id='par_1_13' title="bbox 224 1239 1722 1320">
     <span class='ocr_line' id='line_1_13' title="bbox 224 1239 1722 1320; baseline 0.011 -32"><span class='ocrx_word' id='word_1_85' title='bbox 224 1257 242 1288; x_wconf 79' lang='grc' dir='ltr'><strong>ι</strong></span> <span class='ocrx_word' id='word_1_86' title='bbox 274 1239 374 1289; x_wconf 71' lang='grc' dir='ltr'><strong>Καὶ</strong></span> <span class='ocrx_word' id='word_1_87' title='bbox 402 1240 511 1292; x_wconf 73' lang='grc' dir='ltr'>πᾶν</span> <span class='ocrx_word' id='word_1_88' title='bbox 540 1240 744 1311; x_wconf 76' lang='grc' dir='ltr'>ὕψωμα</span> <span class='ocrx_word' id='word_1_89' title='bbox 776 1245 1138 1316; x_wconf 78' lang='grc' dir='ltr'><strong>ἐπαιρόμενον</strong></span> <span class='ocrx_word' id='word_1_90' title='bbox 1166 1249 1306 1301; x_wconf 85' lang='grc' dir='ltr'><strong>κατά</strong></span> <span class='ocrx_word' id='word_1_91' title='bbox 1337 1250 1434 1320; x_wconf 83' lang='grc' dir='ltr'>τῆς</span> <span class='ocrx_word' id='word_1_92' title='bbox 1465 1250 1722 1318; x_wconf 85' lang='grc' dir='ltr'>γνώσεως</span> 
     </span>
    </p>
   </div>
   <div class='ocr_carea' id='block_1_14' title="bbox 151 1328 1718 1415">
    <p class='ocr_par' dir='ltr' id='par_1_14' title="bbox 151 1328 1718 1415">
     <span class='ocr_line' id='line_1_14' title="bbox 151 1328 1718 1415; baseline 0.013 -36"><span class='ocrx_word' id='word_1_93' title='bbox 151 1330 242 1380; x_wconf 89' lang='grc' dir='ltr'><strong>τοῦ</strong></span> <span class='ocrx_word' id='word_1_94' title='bbox 265 1328 414 1384; x_wconf 88' lang='grc' dir='ltr'>Θεοῦ.</span> <span class='ocrx_word' id='word_1_95' title='bbox 445 1349 464 1382; x_wconf 74' lang='grc' dir='ltr'><strong>ι</strong></span> <span class='ocrx_word' id='word_1_96' title='bbox 507 1332 789 1404; x_wconf 86' lang='grc' dir='ltr'>Ἑπιμένει</span> <span class='ocrx_word' id='word_1_97' title='bbox 822 1340 886 1408; x_wconf 79' lang='grc' dir='ltr'>τῇ</span> <span class='ocrx_word' id='word_1_98' title='bbox 919 1341 1122 1410; x_wconf 79' lang='grc' dir='ltr'>τροπῇ,</span> <span class='ocrx_word' id='word_1_99' title='bbox 1145 1341 1232 1393; x_wconf 85' lang='grc' dir='ltr'>ἵνα</span> <span class='ocrx_word' id='word_1_100' title='bbox 1261 1343 1718 1415; x_wconf 73' lang='grc' dir='ltr'>ἐναργέστερον⁶⁸</span> 
     </span>
    </p>
   </div>
   <div class='ocr_carea' id='block_1_15' title="bbox 143 1420 1719 1505">
    <p class='ocr_par' dir='ltr' id='par_1_15' title="bbox 143 1420 1719 1505">
     <span class='ocr_line' id='line_1_15' title="bbox 143 1420 1719 1505; baseline 0.012 -34"><span class='ocrx_word' id='word_1_101' title='bbox 143 1420 356 1493; x_wconf 80' lang='grc' dir='ltr'>δηλώσῃ</span> <span class='ocrx_word' id='word_1_102' title='bbox 386 1423 413 1475; x_wconf 86' lang='grc' dir='ltr'><strong>ὃ</strong></span> <span class='ocrx_word' id='word_1_103' title='bbox 448 1423 720 1493; x_wconf 86' lang='grc' dir='ltr'>βούλεται.</span> <span class='ocrx_word' id='word_1_104' title='bbox 769 1430 938 1500; x_wconf 79' lang='grc' dir='ltr'>Φησὶν</span> <span class='ocrx_word' id='word_1_105' title='bbox 983 1430 1096 1496; x_wconf 85' lang='grc' dir='ltr'>οῦν,</span> <span class='ocrx_word' id='word_1_106' title='bbox 1134 1433 1216 1486; x_wconf 82' lang='grc' dir='ltr'>ὅτι</span> <span class='ocrx_word' id='word_1_107' title='bbox 1259 1434 1376 1487; x_wconf 80' lang='grc' dir='ltr'>Κᾶν</span> <span class='ocrx_word' id='word_1_108' title='bbox 1408 1435 1606 1505; x_wconf 74' lang='grc' dir='ltr'>ὕψωμα</span> <span class='ocrx_word' id='word_1_109' title='bbox 1640 1437 1719 1490; x_wconf 72' lang='grc' dir='ltr'>εί-</span> 
     </span>
    </p>
   </div>
   <div class='ocr_carea' id='block_1_16' title="bbox 149 1516 1718 1600">
    <p class='ocr_par' dir='ltr' id='par_1_16' title="bbox 149 1516 1718 1600">
     <span class='ocr_line' id='line_1_16' title="bbox 149 1516 1718 1600; baseline 0.013 -36"><span class='ocrx_word' id='word_1_110' title='bbox 149 1526 274 1584; x_wconf 74' lang='grc' dir='ltr'>πῃς,</span> <span class='ocrx_word' id='word_1_111' title='bbox 308 1516 550 1570; x_wconf 80' lang='grc' dir='ltr'><strong>τουτέστι</strong></span> <span class='ocrx_word' id='word_1_112' title='bbox 607 1520 903 1592; x_wconf 80' lang='grc' dir='ltr'>πύργωμα,</span> <span class='ocrx_word' id='word_1_113' title='bbox 946 1523 978 1594; x_wconf 79' lang='grc' dir='ltr'>ἢ</span> <span class='ocrx_word' id='word_1_114' title='bbox 1025 1525 1284 1596; x_wconf 74' lang='grc' dir='ltr'>φρούριον</span> <span class='ocrx_word' id='word_1_115' title='bbox 1327 1529 1718 1600; x_wconf 80' lang='grc' dir='ltr'>ἀνθιστάμενον</span> 
     </span>
    </p>
   </div>
   <div class='ocr_carea' id='block_1_17' title="bbox 146 1607 1718 1690">
    <p class='ocr_par' dir='ltr' id='par_1_17' title="bbox 146 1607 1718 1690">
     <span class='ocr_line' id='line_1_17' title="bbox 146 1607 1718 1690; baseline 0.013 -35"><span class='ocrx_word' id='word_1_116' title='bbox 146 1608 208 1674; x_wconf 75' lang='grc' dir='ltr'>τῇ</span> <span class='ocrx_word' id='word_1_117' title='bbox 257 1607 448 1672; x_wconf 85' lang='grc' dir='ltr'>γνώσει</span> <span class='ocrx_word' id='word_1_118' title='bbox 475 1609 569 1664; x_wconf 89' lang='grc' dir='ltr'><strong>τοῦ</strong></span> <span class='ocrx_word' id='word_1_119' title='bbox 609 1611 768 1679; x_wconf 87' lang='grc' dir='ltr'>Θεοῦ,</span> <span class='ocrx_word' id='word_1_120' title='bbox 798 1614 919 1684; x_wconf 77' lang='grc' dir='ltr'>ἦτοι</span> <span class='ocrx_word' id='word_1_121' title='bbox 951 1615 1028 1688; x_wconf 82' lang='grc' dir='ltr'>τῷ</span> <span class='ocrx_word' id='word_1_122' title='bbox 1059 1619 1401 1690; x_wconf 78' lang='grc' dir='ltr'>Εὐαγγελίῳ,</span> <span class='ocrx_word' id='word_1_123' title='bbox 1438 1623 1532 1675; x_wconf 76' lang='grc' dir='ltr'><strong>καὶ</strong></span> <span class='ocrx_word' id='word_1_124' title='bbox 1560 1621 1718 1676; x_wconf 85' lang='grc' dir='ltr'>τοῦτο</span> 
     </span>
    </p>
   </div>
   <div class='ocr_carea' id='block_1_18' title="bbox 143 1692 528 1766">
    <p class='ocr_par' dir='ltr' id='par_1_18' title="bbox 143 1692 528 1766">
     <span class='ocr_line' id='line_1_18' title="bbox 143 1692 528 1766; baseline 0.018 -23"><span class='ocrx_word' id='word_1_125' title='bbox 143 1692 528 1766; x_wconf 81' lang='grc' dir='ltr'>καθαιροῦμεν.</span> 
     </span>
    </p>
   </div>
   <div class='ocr_carea' id='block_1_19' title="bbox 1827 609 3406 685">
    <p class='ocr_par' dir='ltr' id='par_1_19' title="bbox 1827 609 3406 685">
     <span class='ocr_line' id='line_1_19' title="bbox 1827 609 3406 685; baseline 0.007 -25"><span class='ocrx_word' id='word_1_126' title='bbox 1827 622 1944 662; x_wconf 92' lang='lat' dir='ltr'><strong>rum</strong></span> <span class='ocrx_word' id='word_1_127' title='bbox 1986 617 2041 662; x_wconf 91' lang='lat' dir='ltr'><strong>et</strong></span> <span class='ocrx_word' id='word_1_128' title='bbox 2093 609 2304 665; x_wconf 85' lang='lat' dir='ltr'><strong>animas</strong></span> <span class='ocrx_word' id='word_1_129' title='bbox 2348 611 2628 680; x_wconf 85' lang='lat' dir='ltr'><strong>dejicimus</strong></span> <span class='ocrx_word' id='word_1_130' title='bbox 2675 629 2742 669; x_wconf 80' lang='lat' dir='ltr'><strong>ex</strong></span> <span class='ocrx_word' id='word_1_131' title='bbox 2785 629 2972 670; x_wconf 88' lang='lat' dir='ltr'><strong>crrorc</strong></span> <span class='ocrx_word' id='word_1_132' title='bbox 3021 631 3128 685; x_wconf 91' lang='lat' dir='ltr'><strong>quo</strong></span> <span class='ocrx_word' id='word_1_133' title='bbox 3171 617 3406 672; x_wconf 65' lang='lat' dir='ltr'><strong>detentae</strong></span> 
     </span>
    </p>
   </div>
   <div class='ocr_carea' id='block_1_20' title="bbox 1824 696 3405 776">
    <p class='ocr_par' dir='ltr' id='par_1_20' title="bbox 1824 696 3405 776">
     <span class='ocr_line' id='line_1_20' title="bbox 1824 696 3405 776; baseline 0.008 -26"><span class='ocrx_word' id='word_1_134' title='bbox 1824 696 1996 763; x_wconf 82' lang='lat' dir='ltr'><strong>fuere,</strong></span> <span class='ocrx_word' id='word_1_135' title='bbox 2023 714 2086 753; x_wconf 91' lang='lat' dir='ltr'><strong>ac</strong></span> <span class='ocrx_word' id='word_1_136' title='bbox 2114 702 2326 756; x_wconf 75' lang='lat' dir='ltr'><strong>veritati</strong></span> <span class='ocrx_word' id='word_1_137' title='bbox 2356 703 2689 772; x_wconf 73' lang='lat' dir='ltr'><strong>subiicimus.</strong></span> <span class='ocrx_word' id='word_1_138' title='bbox 2717 707 3054 776; x_wconf 68' lang='lat' dir='ltr'><strong>Areopagitae</strong></span> <span class='ocrx_word' id='word_1_139' title='bbox 3075 708 3230 760; x_wconf 84' lang='lat' dir='ltr'><strong>enim</strong></span> <span class='ocrx_word' id='word_1_140' title='bbox 3263 710 3405 762; x_wconf 90' lang='lat' dir='ltr'><strong>ratio</strong></span> 
     </span>
    </p>
   </div>
   <div class='ocr_carea' id='block_1_21' title="bbox 1824 793 3400 867">
    <p class='ocr_par' dir='ltr' id='par_1_21' title="bbox 1824 793 3400 867">
     <span class='ocr_line' id='line_1_21' title="bbox 1824 793 3400 867; baseline 0.007 -24"><span class='ocrx_word' id='word_1_141' title='bbox 1824 800 1875 844; x_wconf 89' lang='lat' dir='ltr'><strong>et</strong></span> <span class='ocrx_word' id='word_1_142' title='bbox 1909 806 2096 862; x_wconf 77' lang='lat' dir='ltr'><strong>magna</strong></span> <span class='ocrx_word' id='word_1_143' title='bbox 2133 807 2286 848; x_wconf 89' lang='lat' dir='ltr'><strong>mens</strong></span> <span class='ocrx_word' id='word_1_144' title='bbox 2331 793 2540 848; x_wconf 85' lang='lat' dir='ltr'><strong>sublata</strong></span> <span class='ocrx_word' id='word_1_145' title='bbox 2593 810 2674 849; x_wconf 73' lang='grc' dir='ltr'><strong>σει</strong></span> <span class='ocrx_word' id='word_1_146' title='bbox 2704 797 2772 851; x_wconf 87' lang='lat' dir='ltr'><strong>ab</strong></span> <span class='ocrx_word' id='word_1_147' title='bbox 2820 796 3095 866; x_wconf 76' lang='lat' dir='ltr'><strong>impietate</strong></span> <span class='ocrx_word' id='word_1_148' title='bbox 3118 801 3400 867; x_wconf 49' lang='lat' dir='ltr'><strong>ietpictati</strong></span> 
     </span>
    </p>
   </div>
   <div class='ocr_carea' id='block_1_22' title="bbox 1821 883 3400 956">
    <p class='ocr_par' dir='ltr' id='par_1_22' title="bbox 1821 883 3400 956">
     <span class='ocr_line' id='line_1_22' title="bbox 1821 883 3400 956; baseline 0.004 -20"><span class='ocrx_word' id='word_1_149' title='bbox 1821 883 2054 938; x_wconf 87' lang='lat' dir='ltr'><strong>subdita.</strong></span> <span class='ocrx_word' id='word_1_150' title='bbox 2092 884 2475 940; x_wconf 84' lang='lat' dir='ltr'><strong>Animadverte</strong></span> <span class='ocrx_word' id='word_1_151' title='bbox 2511 896 2694 940; x_wconf 88' lang='lat' dir='ltr'><strong>autem</strong></span> <span class='ocrx_word' id='word_1_152' title='bbox 2727 889 2868 956; x_wconf 90' lang='lat' dir='ltr'><strong>quod</strong></span> <span class='ocrx_word' id='word_1_153' title='bbox 2903 905 3006 942; x_wconf 89' lang='lat' dir='ltr'><strong>non</strong></span> <span class='ocrx_word' id='word_1_154' title='bbox 3045 891 3263 955; x_wconf 81' lang='lat' dir='ltr'><strong>dixerit,</strong></span> <span class='ocrx_word' id='word_1_155' title='bbox 3295 891 3400 943; x_wconf 68' lang='grc' dir='ltr'><strong>Μει-</strong></span> 
     </span>
    </p>
   </div>
   <div class='ocr_carea' id='block_1_23' title="bbox 1822 965 3401 1046">
    <p class='ocr_par' dir='ltr' id='par_1_23' title="bbox 1822 965 3401 1046">
     <span class='ocr_line' id='line_1_23' title="bbox 1822 965 3401 1046; baseline 0.007 -20"><span class='ocrx_word' id='word_1_156' title='bbox 1822 965 2011 1028; x_wconf 69' lang='grc' dir='ltr'>ἱιίιὶιιοε</span> <span class='ocrx_word' id='word_1_157' title='bbox 2059 976 2432 1041; x_wconf 89' lang='lat' dir='ltr'><strong>admovemus,</strong></span> <span class='ocrx_word' id='word_1_158' title='bbox 2483 979 2599 1042; x_wconf 90' lang='lat' dir='ltr'><strong>sed,</strong></span> <span class='ocrx_word' id='word_1_159' title='bbox 2655 981 2840 1032; x_wconf 81' lang='lat' dir='ltr'><strong>statim</strong></span> <span class='ocrx_word' id='word_1_160' title='bbox 2889 980 3230 1046; x_wconf 87' lang='lat' dir='ltr'><strong>demolimur,</strong></span> <span class='ocrx_word' id='word_1_161' title='bbox 3269 998 3401 1037; x_wconf 87' lang='lat' dir='ltr'><strong>cum</strong></span> 
     </span>
    </p>
   </div>
   <div class='ocr_carea' id='block_1_24' title="bbox 1822 1053 3405 1143">
    <p class='ocr_par' dir='ltr' id='par_1_24' title="bbox 1822 1053 3405 1143">
     <span class='ocr_line' id='line_1_24' title="bbox 1822 1053 3405 1143; baseline 0.008 -27"><span class='ocrx_word' id='word_1_162' title='bbox 1822 1065 2063 1120; x_wconf 68' lang='lat' dir='ltr'><strong>victoriae</strong></span> <span class='ocrx_word' id='word_1_163' title='bbox 2109 1064 2445 1134; x_wconf 80' lang='lat' dir='ltr'><strong>facilitatem,</strong></span> <span class='ocrx_word' id='word_1_164' title='bbox 2476 1079 2585 1122; x_wconf 91' lang='lat' dir='ltr'><strong>tum</strong></span> <span class='ocrx_word' id='word_1_165' title='bbox 2627 1053 2897 1124; x_wconf 82' lang='lat' dir='ltr'><strong>annorum</strong></span> <span class='ocrx_word' id='word_1_166' title='bbox 2931 1075 3224 1143; x_wconf 84' lang='lat' dir='ltr'><strong>potentiam</strong></span> <span class='ocrx_word' id='word_1_167' title='bbox 3266 1076 3405 1128; x_wconf 58' lang='lat' dir='ltr'><strong>indi-</strong></span> 
     </span>
    </p>
   </div>
   <div class='ocr_carea' id='block_1_25' title="bbox 1822 1169 1972 1210">
    <p class='ocr_par' dir='ltr' id='par_1_25' title="bbox 1822 1169 1972 1210">
     <span class='ocr_line' id='line_1_25' title="bbox 1822 1169 1972 1210; baseline 0.007 -1"><span class='ocrx_word' id='word_1_168' title='bbox 1822 1169 1972 1210; x_wconf 87' lang='lat' dir='ltr'><strong>caus.</strong></span> 
     </span>
    </p>
   </div>
   <div class='ocr_carea' id='block_1_26' title="bbox 1895 1245 3402 1310">
    <p class='ocr_par' dir='ltr' id='par_1_26' title="bbox 1895 1245 3402 1310">
     <span class='ocr_line' id='line_1_26' title="bbox 1895 1245 3402 1310; baseline 0.007 -11"><span class='ocrx_word' id='word_1_169' title='bbox 1895 1245 2059 1301; x_wconf 75' lang='lat' dir='ltr'><strong>Vens.</strong></span> <span class='ocrx_word' id='word_1_170' title='bbox 2089 1248 2144 1302; x_wconf 85' lang='lat'><strong>5.</strong></span> <span class='ocrx_word' id='word_1_171' title='bbox 2178 1267 2197 1301; x_wconf 86' lang='grc'><em>‹</em></span> <span class='ocrx_word' id='word_1_172' title='bbox 2226 1247 2304 1302; x_wconf 60' lang='lat' dir='ltr'><strong>Et</strong></span> <span class='ocrx_word' id='word_1_173' title='bbox 2334 1264 2548 1303; x_wconf 84' lang='lat' dir='ltr'><strong>omnem</strong></span> <span class='ocrx_word' id='word_1_174' title='bbox 2585 1250 2918 1305; x_wconf 76' lang='lat' dir='ltr'><strong>altitudinem</strong></span> <span class='ocrx_word' id='word_1_175' title='bbox 2953 1255 3298 1309; x_wconf 63' lang='lat' dir='ltr'><strong>extollentem</strong></span> <span class='ocrx_word' id='word_1_176' title='bbox 3345 1272 3402 1310; x_wconf 90' lang='lat' dir='ltr'><strong>se</strong></span> 
     </span>
    </p>
   </div>
   <div class='ocr_carea' id='block_1_27' title="bbox 1821 1337 3400 1415">
    <p class='ocr_par' dir='ltr' id='par_1_27' title="bbox 1821 1337 3400 1415">
     <span class='ocr_line' id='line_1_27' title="bbox 1821 1337 3400 1415; baseline 0.006 -24"><span class='ocrx_word' id='word_1_177' title='bbox 1821 1337 2081 1392; x_wconf 83' lang='lat' dir='ltr'><strong>adversus</strong></span> <span class='ocrx_word' id='word_1_178' title='bbox 2121 1339 2404 1393; x_wconf 85' lang='lat' dir='ltr'><strong>scientiam</strong></span> <span class='ocrx_word' id='word_1_179' title='bbox 2439 1341 2556 1394; x_wconf 85' lang='lat' dir='ltr'><strong>Dei.</strong></span> <span class='ocrx_word' id='word_1_180' title='bbox 2603 1361 2629 1393; x_wconf 85' lang='grc'>.‹</span> <span class='ocrx_word' id='word_1_181' title='bbox 2671 1340 2992 1398; x_wconf 76' lang='lat' dir='ltr'><strong>Perseverat</strong></span> <span class='ocrx_word' id='word_1_182' title='bbox 3033 1345 3083 1399; x_wconf 92' lang='lat' dir='ltr'><strong>in</strong></span> <span class='ocrx_word' id='word_1_183' title='bbox 3125 1356 3301 1415; x_wconf 87' lang='lat' dir='ltr'><strong>tr0po,</strong></span> <span class='ocrx_word' id='word_1_184' title='bbox 3345 1358 3400 1400; x_wconf 93' lang='lat' dir='ltr'><strong>ut</strong></span> 
     </span>
    </p>
   </div>
   <div class='ocr_carea' id='block_1_28' title="bbox 1807 1431 3406 1504">
    <p class='ocr_par' dir='ltr' id='par_1_28' title="bbox 1807 1431 3406 1504">
     <span class='ocr_line' id='line_1_28' title="bbox 1807 1431 3406 1504; baseline 0.007 -22"><span class='ocrx_word' id='word_1_185' title='bbox 1807 1432 1961 1502; x_wconf 66' lang='lat' dir='ltr'><strong>~quod</strong></span> <span class='ocrx_word' id='word_1_186' title='bbox 1984 1432 2119 1487; x_wconf 65' lang='lat' dir='ltr'><strong>velit</strong></span> <span class='ocrx_word' id='word_1_187' title='bbox 2147 1431 2368 1486; x_wconf 63' lang='lat' dir='ltr'><strong>clarius</strong></span> <span class='ocrx_word' id='word_1_188' title='bbox 2392 1435 2646 1501; x_wconf 77' lang='lat' dir='ltr'><strong>explicet.</strong></span> <span class='ocrx_word' id='word_1_189' title='bbox 2692 1434 2772 1500; x_wconf 89' lang='lat' dir='ltr'><strong>Si,</strong></span> <span class='ocrx_word' id='word_1_190' title='bbox 2801 1437 2998 1504; x_wconf 84' lang='lat' dir='ltr'><strong>inquit,</strong></span> <span class='ocrx_word' id='word_1_191' title='bbox 3029 1438 3257 1491; x_wconf 80' lang='lat' dir='ltr'><strong>altitudo</strong></span> <span class='ocrx_word' id='word_1_192' title='bbox 3290 1438 3406 1493; x_wconf 79' lang='lat' dir='ltr'><strong>fuc-</strong></span> 
     </span>
    </p>
   </div>
   <div class='ocr_carea' id='block_1_29' title="bbox 1821 1523 3402 1599">
    <p class='ocr_par' dir='ltr' id='par_1_29' title="bbox 1821 1523 3402 1599">
     <span class='ocr_line' id='line_1_29' title="bbox 1821 1523 3402 1599; baseline 0.005 -22"><span class='ocrx_word' id='word_1_193' title='bbox 1821 1525 1911 1588; x_wconf 88' lang='lat' dir='ltr'><strong>rit,</strong></span> <span class='ocrx_word' id='word_1_194' title='bbox 1948 1523 2048 1577; x_wconf 91' lang='lat' dir='ltr'><strong>hoc</strong></span> <span class='ocrx_word' id='word_1_195' title='bbox 2073 1531 2178 1588; x_wconf 89' lang='lat' dir='ltr'><strong>est,</strong></span> <span class='ocrx_word' id='word_1_196' title='bbox 2205 1524 2399 1578; x_wconf 86' lang='lat' dir='ltr'><strong>turrita</strong></span> <span class='ocrx_word' id='word_1_197' title='bbox 2432 1525 2663 1580; x_wconf 87' lang='lat' dir='ltr'><strong>munitio</strong></span> <span class='ocrx_word' id='word_1_198' title='bbox 2696 1529 2776 1581; x_wconf 84' lang='lat' dir='ltr'><strong>vel</strong></span> <span class='ocrx_word' id='word_1_199' title='bbox 2821 1531 3281 1599; x_wconf 80' lang='lat' dir='ltr'><strong>pi-Opuguaculum</strong></span> <span class='ocrx_word' id='word_1_200' title='bbox 3321 1545 3402 1584; x_wconf 89' lang='lat' dir='ltr'><strong>re-</strong></span> 
     </span>
    </p>
   </div>
   <div class='ocr_carea' id='block_1_30' title="bbox 1818 1615 3404 1691">
    <p class='ocr_par' dir='ltr' id='par_1_30' title="bbox 1818 1615 3404 1691">
     <span class='ocr_line' id='line_1_30' title="bbox 1818 1615 3404 1691; baseline 0.006 -23"><span class='ocrx_word' id='word_1_201' title='bbox 1818 1615 2280 1670; x_wconf 65' lang='lat' dir='ltr'><strong>sistens-scientiae</strong></span> <span class='ocrx_word' id='word_1_202' title='bbox 2316 1616 2434 1681; x_wconf 87' lang='lat' dir='ltr'><strong>Dei,</strong></span> <span class='ocrx_word' id='word_1_203' title='bbox 2461 1619 2704 1686; x_wconf 87' lang='lat' dir='ltr'><strong>adeoque</strong></span> <span class='ocrx_word' id='word_1_204' title='bbox 2743 1617 3054 1690; x_wconf 78' lang='lat' dir='ltr'><strong>Evangelia,</strong></span> <span class='ocrx_word' id='word_1_205' title='bbox 3090 1622 3155 1690; x_wconf 55' lang='lat' dir='ltr'><strong>,id</strong></span> <span class='ocrx_word' id='word_1_206' title='bbox 3191 1637 3404 1691; x_wconf 87' lang='lat' dir='ltr'><strong>quoque</strong></span> 
     </span>
    </p>
   </div>
   <div class='ocr_carea' id='block_1_31' title="bbox 1822 1706 2164 1761">
    <p class='ocr_par' dir='ltr' id='par_1_31' title="bbox 1822 1706 2164 1761">
     <span class='ocr_line' id='line_1_31' title="bbox 1822 1706 2164 1761; baseline 0.009 -3"><span class='ocrx_word' id='word_1_207' title='bbox 1822 1706 2164 1761; x_wconf 82' lang='lat' dir='ltr'><strong>demolimur.</strong></span> 
     </span>
    </p>
   </div>
   <div class='ocr_carea' id='block_1_32' title="bbox 225 1787 1711 1873">
    <p class='ocr_par' dir='ltr' id='par_1_32' title="bbox 225 1787 1711 1873">
     <span class='ocr_line' id='line_1_32' title="bbox 225 1787 1711 1873; baseline 0.015 -39"><span class='ocrx_word' id='word_1_208' title='bbox 225 1801 245 1834; x_wconf 75' lang='grc' dir='ltr'><strong>ί</strong></span> <span class='ocrx_word' id='word_1_209' title='bbox 283 1787 394 1840; x_wconf 74' lang='grc' dir='ltr'>Καὶ</span> <span class='ocrx_word' id='word_1_210' title='bbox 443 1793 942 1861; x_wconf 78' lang='grc' dir='ltr'>αἰχμαλωτίζοντες</span> <span class='ocrx_word' id='word_1_211' title='bbox 975 1800 1084 1852; x_wconf 85' lang='grc' dir='ltr'>πᾶν</span> <span class='ocrx_word' id='word_1_212' title='bbox 1123 1800 1302 1870; x_wconf 79' lang='grc' dir='ltr'>νόημα</span> <span class='ocrx_word' id='word_1_213' title='bbox 1349 1802 1428 1865; x_wconf 87' lang='grc' dir='ltr'><strong>εἰς</strong></span> <span class='ocrx_word' id='word_1_214' title='bbox 1475 1802 1574 1873; x_wconf 78' lang='grc' dir='ltr'>τὴν</span> <span class='ocrx_word' id='word_1_215' title='bbox 1620 1803 1711 1855; x_wconf 83' lang='grc' dir='ltr'><strong>ὕπ-</strong></span> 
     </span>
    </p>
   </div>
   <div class='ocr_carea' id='block_1_33' title="bbox 1816 1787 3399 1873">
    <p class='ocr_par' dir='ltr' id='par_1_33' title="bbox 1861 1798 3399 1871">
     <span class='ocr_line' id='line_1_33' title="bbox 1861 1798 3399 1871; baseline 0.007 -22"><span class='ocrx_word' id='word_1_216' title='bbox 1861 1816 1878 1848; x_wconf 76' lang='grc' dir='ltr'><strong>ε</strong></span> <span class='ocrx_word' id='word_1_217' title='bbox 1915 1798 1980 1851; x_wconf 87' lang='grc' dir='ltr'>Ει</span> <span class='ocrx_word' id='word_1_218' title='bbox 2005 1799 2058 1852; x_wconf 87' lang='lat' dir='ltr'><strong>i-n</strong></span> <span class='ocrx_word' id='word_1_219' title='bbox 2091 1799 2459 1869; x_wconf 73' lang='lat' dir='ltr'><strong>captivitatem</strong></span> <span class='ocrx_word' id='word_1_220' title='bbox 2486 1803 2801 1871; x_wconf 64' lang='lat' dir='ltr'><strong>redigentes</strong></span> <span class='ocrx_word' id='word_1_221' title='bbox 2827 1817 3041 1857; x_wconf 86' lang='lat' dir='ltr'><strong>omnem</strong></span> <span class='ocrx_word' id='word_1_222' title='bbox 3069 1804 3399 1859; x_wconf 83' lang='lat' dir='ltr'><strong>intellectum</strong></span> 
     </span>
    </p>
   </div>
   <div class='ocr_carea' id='block_1_34' title="bbox 142 1875 1717 1960">
    <p class='ocr_par' dir='ltr' id='par_1_34' title="bbox 142 1875 1717 1960">
     <span class='ocr_line' id='line_1_34' title="bbox 142 1875 1717 1960; baseline 0.011 -31"><span class='ocrx_word' id='word_1_223' title='bbox 142 1875 308 1944; x_wconf 77' lang='grc' dir='ltr'>ακοὴν</span> <span class='ocrx_word' id='word_1_224' title='bbox 334 1880 430 1934; x_wconf 88' lang='grc' dir='ltr'><strong>τοῦ</strong></span> <span class='ocrx_word' id='word_1_225' title='bbox 459 1882 756 1954; x_wconf 71' lang='grc' dir='ltr'>Χριστοῦ.»</span> <span class='ocrx_word' id='word_1_226' title='bbox 791 1888 863 1941; x_wconf 85' lang='grc' dir='ltr'>Τὸ</span> <span class='ocrx_word' id='word_1_227' title='bbox 892 1888 992 1959; x_wconf 79' lang='grc' dir='ltr'><strong>τῆς</strong></span> <span class='ocrx_word' id='word_1_228' title='bbox 1023 1891 1398 1960; x_wconf 77' lang='grc' dir='ltr'>αἰχμαλωσίας</span> <span class='ocrx_word' id='word_1_229' title='bbox 1430 1893 1599 1959; x_wconf 74' lang='grc' dir='ltr'>ὄνομα</span> <span class='ocrx_word' id='word_1_230' title='bbox 1625 1893 1717 1947; x_wconf 89' lang='grc' dir='ltr'><strong>δύο</strong></span> 
     </span>
    </p>
   </div>
   <div class='ocr_carea' id='block_1_35' title="bbox 139 1963 1716 2055">
    <p class='ocr_par' dir='ltr' id='par_1_35' title="bbox 139 1963 1716 2055">
     <span class='ocr_line' id='line_1_35' title="bbox 139 1963 1716 2055; baseline 0.015 -40"><span class='ocrx_word' id='word_1_231' title='bbox 139 1963 288 2034; x_wconf 84' lang='grc' dir='ltr'>δηλοῖ</span> <span class='ocrx_word' id='word_1_232' title='bbox 315 1984 330 1998; x_wconf 76' lang='grc'><strong><em>⁸</em></strong></span> <span class='ocrx_word' id='word_1_233' title='bbox 365 1972 458 2022; x_wconf 80' lang='grc' dir='ltr'><strong>καὶ</strong></span> <span class='ocrx_word' id='word_1_234' title='bbox 502 1974 603 2044; x_wconf 83' lang='grc' dir='ltr'>τὴν</span> <span class='ocrx_word' id='word_1_235' title='bbox 649 1975 923 2031; x_wconf 76' lang='grc' dir='ltr'>ἔκπτωσιν</span> <span class='ocrx_word' id='word_1_236' title='bbox 971 1981 1072 2050; x_wconf 83' lang='grc' dir='ltr'>τῆς</span> <span class='ocrx_word' id='word_1_237' title='bbox 1107 1981 1440 2053; x_wconf 75' lang='grc' dir='ltr'>ἐλευθερίας,</span> <span class='ocrx_word' id='word_1_238' title='bbox 1476 1985 1570 2038; x_wconf 77' lang='grc' dir='ltr'>καὶ</span> <span class='ocrx_word' id='word_1_239' title='bbox 1617 1984 1716 2055; x_wconf 83' lang='grc' dir='ltr'>τὴν</span> 
     </span>
    </p>
   </div>
   <div class='ocr_carea' id='block_1_36' title="bbox 125 2055 1714 2142">
    <p class='ocr_par' dir='ltr' id='par_1_36' title="bbox 125 2055 1714 2142">
     <span class='ocr_line' id='line_1_36' title="bbox 125 2055 1714 2142; baseline 0.016 -36"><span class='ocrx_word' id='word_1_240' title='bbox 125 2055 353 2112; x_wconf 63' lang='grc' dir='ltr'>τελείαν</span> <span class='ocrx_word' id='word_1_241' title='bbox 393 2061 614 2129; x_wconf 83' lang='grc' dir='ltr'>ἀλωσιν,</span> <span class='ocrx_word' id='word_1_242' title='bbox 646 2065 790 2120; x_wconf 82' lang='grc' dir='ltr'>ὥστε</span> <span class='ocrx_word' id='word_1_243' title='bbox 845 2069 919 2140; x_wconf 82' lang='grc' dir='ltr'><strong>μὴ</strong></span> <span class='ocrx_word' id='word_1_244' title='bbox 974 2071 1292 2142; x_wconf 79' lang='grc' dir='ltr'>ἀντιστῆναι</span> <span class='ocrx_word' id='word_1_245' title='bbox 1341 2074 1525 2129; x_wconf 88' lang='grc' dir='ltr'>πάλιν.</span> <span class='ocrx_word' id='word_1_246' title='bbox 1557 2077 1714 2131; x_wconf 83' lang='grc' dir='ltr'>Κατά</span> 
     </span>
    </p>
   </div>
   <div class='ocr_carea' id='block_1_37' title="bbox 139 2145 1718 2231">
    <p class='ocr_par' dir='ltr' id='par_1_37' title="bbox 139 2145 1718 2231">
     <span class='ocr_line' id='line_1_37' title="bbox 139 2145 1718 2231; baseline 0.015 -34"><span class='ocrx_word' id='word_1_247' title='bbox 139 2145 266 2214; x_wconf 83' lang='grc' dir='ltr'>γοῦν</span> <span class='ocrx_word' id='word_1_248' title='bbox 309 2149 371 2202; x_wconf 84' lang='grc' dir='ltr'>τὸ</span> <span class='ocrx_word' id='word_1_249' title='bbox 405 2151 654 2225; x_wconf 84' lang='grc' dir='ltr'>δεύτερον</span> <span class='ocrx_word' id='word_1_250' title='bbox 686 2160 1106 2230; x_wconf 83' lang='grc' dir='ltr'>σημαινόμενον,</span> <span class='ocrx_word' id='word_1_251' title='bbox 1142 2157 1296 2216; x_wconf 77' lang='grc' dir='ltr'>εἶπεν</span> <span class='ocrx_word' id='word_1_252' title='bbox 1328 2167 1356 2218; x_wconf 85' lang='grc' dir='ltr'><strong>ό</strong></span> <span class='ocrx_word' id='word_1_253' title='bbox 1383 2164 1592 2231; x_wconf 78' lang='grc' dir='ltr'>Παῦλος</span> <span class='ocrx_word' id='word_1_254' title='bbox 1620 2167 1718 2222; x_wconf 78' lang='grc' dir='ltr'><strong>νῦν</strong></span> 
     </span>
    </p>
   </div>
   <div class='ocr_carea' id='block_1_38' title="bbox 127 2238 1709 2328">
    <p class='ocr_par' dir='ltr' id='par_1_38' title="bbox 127 2238 1709 2328">
     <span class='ocr_line' id='line_1_38' title="bbox 127 2238 1709 2328; baseline 0.015 -38"><span class='ocrx_word' id='word_1_255' title='bbox 127 2238 216 2302; x_wconf 62' lang='grc' dir='ltr'>τὸ,</span> <span class='ocrx_word' id='word_1_256' title='bbox 273 2258 291 2290; x_wconf 77' lang='grc' dir='ltr'><strong>ι</strong></span> <span class='ocrx_word' id='word_1_257' title='bbox 334 2243 903 2313; x_wconf 69' lang='grc' dir='ltr'>Αίχμα-λωτίζοντες.θ</span> <span class='ocrx_word' id='word_1_258' title='bbox 966 2252 1038 2305; x_wconf 84' lang='grc' dir='ltr'><strong>Οὐ</strong></span> <span class='ocrx_word' id='word_1_259' title='bbox 1102 2254 1210 2325; x_wconf 83' lang='grc' dir='ltr'><strong>γὰρ</strong></span> <span class='ocrx_word' id='word_1_260' title='bbox 1268 2257 1709 2328; x_wconf 74' lang='grc' dir='ltr'>περιγινόμεθα,</span> 
     </span>
    </p>
   </div>
   <div class='ocr_carea' id='block_1_39' title="bbox 139 2333 1712 2420">
    <p class='ocr_par' dir='ltr' id='par_1_39' title="bbox 139 2333 1712 2420">
     <span class='ocr_line' id='line_1_39' title="bbox 139 2333 1712 2420; baseline 0.016 -39"><span class='ocrx_word' id='word_1_261' title='bbox 139 2333 290 2402; x_wconf 72' lang='grc' dir='ltr'>φησί,</span> <span class='ocrx_word' id='word_1_262' title='bbox 346 2338 528 2402; x_wconf 83' lang='grc' dir='ltr'>μόνον,</span> <span class='ocrx_word' id='word_1_263' title='bbox 577 2341 674 2392; x_wconf 73' lang='grc' dir='ltr'><strong>καὶ</strong></span> <span class='ocrx_word' id='word_1_264' title='bbox 709 2345 949 2413; x_wconf 83' lang='grc' dir='ltr'>νικῶμεν</span> <span class='ocrx_word' id='word_1_265' title='bbox 992 2348 1173 2398; x_wconf 82' lang='grc' dir='ltr'>πᾶσαν</span> <span class='ocrx_word' id='word_1_266' title='bbox 1212 2347 1562 2420; x_wconf 78' lang='grc' dir='ltr'>ἀνθρωπίνην</span> <span class='ocrx_word' id='word_1_267' title='bbox 1593 2352 1712 2406; x_wconf 82' lang='grc' dir='ltr'>διά-</span> 
     </span>
    </p>
   </div>
   <div class='ocr_carea' id='block_1_40' title="bbox 136 2425 1714 2512">
    <p class='ocr_par' dir='ltr' id='par_1_40' title="bbox 136 2425 1714 2512">
     <span class='ocr_line' id='line_1_40' title="bbox 136 2425 1714 2512; baseline 0.015 -38"><span class='ocrx_word' id='word_1_268' title='bbox 136 2438 304 2489; x_wconf 77' lang='grc' dir='ltr'>νοιαν,</span> <span class='ocrx_word' id='word_1_269' title='bbox 349 2425 486 2480; x_wconf 77' lang='grc' dir='ltr'>ἀλλὰ</span> <span class='ocrx_word' id='word_1_270' title='bbox 533 2429 628 2483; x_wconf 69' lang='grc' dir='ltr'>καὶ</span> <span class='ocrx_word' id='word_1_271' title='bbox 667 2433 1162 2504; x_wconf 76' lang='grc' dir='ltr'>αἰχμαλωτίζομεν·</span> <span class='ocrx_word' id='word_1_272' title='bbox 1197 2439 1332 2510; x_wconf 84' lang='grc' dir='ltr'>ὅπερ</span> <span class='ocrx_word' id='word_1_273' title='bbox 1367 2440 1514 2494; x_wconf 79' lang='grc' dir='ltr'>ἐστὶν</span> <span class='ocrx_word' id='word_1_274' title='bbox 1557 2443 1590 2512; x_wconf 83' lang='grc' dir='ltr'><strong>ή</strong></span> <span class='ocrx_word' id='word_1_275' title='bbox 1623 2460 1714 2496; x_wconf 87' lang='grc' dir='ltr'>τε-</span> 
     </span>
    </p>
   </div>
   <div class='ocr_carea' id='block_1_41' title="bbox 135 2513 1714 2604">
    <p class='ocr_par' dir='ltr' id='par_1_41' title="bbox 135 2513 1714 2604">
     <span class='ocr_line' id='line_1_41' title="bbox 135 2513 1714 2604; baseline 0.013 -38"><span class='ocrx_word' id='word_1_276' title='bbox 135 2513 382 2587; x_wconf 80' lang='grc' dir='ltr'>λεωτέρα</span> <span class='ocrx_word' id='word_1_277' title='bbox 409 2517 554 2590; x_wconf 83' lang='grc' dir='ltr'>νίκη.</span> <span class='ocrx_word' id='word_1_278' title='bbox 589 2517 722 2575; x_wconf 75' lang='grc' dir='ltr'>Εἶτα</span> <span class='ocrx_word' id='word_1_279' title='bbox 760 2524 884 2578; x_wconf 77' lang='grc' dir='ltr'>ἐπεὶ</span> <span class='ocrx_word' id='word_1_280' title='bbox 923 2527 984 2579; x_wconf 86' lang='grc' dir='ltr'><strong>τὸ</strong></span> <span class='ocrx_word' id='word_1_281' title='bbox 1007 2528 1109 2599; x_wconf 87' lang='grc' dir='ltr'>τῆς</span> <span class='ocrx_word' id='word_1_282' title='bbox 1139 2529 1514 2600; x_wconf 83' lang='grc' dir='ltr'>αἰχμαλωσίας</span> <span class='ocrx_word' id='word_1_283' title='bbox 1530 2533 1714 2604; x_wconf 71' lang='grc' dir='ltr'>-δνομα</span> 
     </span>
    </p>
   </div>
   <div class='ocr_carea' id='block_1_42' title="bbox 117 2606 1711 2696">
    <p class='ocr_par' dir='ltr' id='par_1_42' title="bbox 117 2606 1711 2696">
     <span class='ocr_line' id='line_1_42' title="bbox 117 2606 1711 2696; baseline 0.011 -32"><span class='ocrx_word' id='word_1_284' title='bbox 117 2606 292 2676; x_wconf 59' lang='grc' dir='ltr'>βαρὺ,</span> <span class='ocrx_word' id='word_1_285' title='bbox 341 2611 537 2681; x_wconf 77' lang='grc' dir='ltr'>φησιν’</span> <span class='ocrx_word' id='word_1_286' title='bbox 585 2616 710 2680; x_wconf 69' lang='lat' dir='ltr'><strong>«Ei;</strong></span> <span class='ocrx_word' id='word_1_287' title='bbox 733 2616 830 2688; x_wconf 80' lang='grc' dir='ltr'><strong>τὴν</strong></span> <span class='ocrx_word' id='word_1_288' title='bbox 855 2619 1100 2694; x_wconf 82' lang='grc' dir='ltr'>ὑπακοὴν</span> <span class='ocrx_word' id='word_1_289' title='bbox 1129 2623 1222 2675; x_wconf 92' lang='grc' dir='ltr'><strong>τοῦ</strong></span> <span class='ocrx_word' id='word_1_290' title='bbox 1253 2624 1512 2696; x_wconf 78' lang='grc' dir='ltr'>Χριστοῦ·</span> <span class='ocrx_word' id='word_1_291' title='bbox 1549 2645 1711 2681; x_wconf 77' lang='grc' dir='ltr'>τουτ-</span> 
     </span>
    </p>
   </div>
   <div class='ocr_carea' id='block_1_43' title="bbox 133 2698 1709 2789">
    <p class='ocr_par' dir='ltr' id='par_1_43' title="bbox 133 2698 1709 2789">
     <span class='ocr_line' id='line_1_43' title="bbox 133 2698 1709 2789; baseline 0.015 -39"><span class='ocrx_word' id='word_1_292' title='bbox 133 2698 298 2764; x_wconf 78' lang='grc' dir='ltr'>έστιν,</span> <span class='ocrx_word' id='word_1_293' title='bbox 359 2704 459 2767; x_wconf 82' lang='grc' dir='ltr'>Εἰς</span> <span class='ocrx_word' id='word_1_294' title='bbox 491 2705 738 2764; x_wconf 85' lang='grc' dir='ltr'>δουλείαν</span> <span class='ocrx_word' id='word_1_295' title='bbox 774 2711 941 2765; x_wconf 84' lang='grc' dir='ltr'>αὑτοῦ</span> <span class='ocrx_word' id='word_1_296' title='bbox 973 2713 1279 2786; x_wconf 75' lang='grc' dir='ltr'>ὑπάγομεν,</span> <span class='ocrx_word' id='word_1_297' title='bbox 1321 2718 1504 2789; x_wconf 84' lang='grc' dir='ltr'>πάσης</span> <span class='ocrx_word' id='word_1_298' title='bbox 1554 2720 1709 2773; x_wconf 84' lang='grc' dir='ltr'>ἐλευ-</span> 
     </span>
    </p>
   </div>
   <div class='ocr_carea' id='block_1_44' title="bbox 134 2789 1709 2882">
    <p class='ocr_par' dir='ltr' id='par_1_44' title="bbox 134 2789 1709 2882">
     <span class='ocr_line' id='line_1_44' title="bbox 134 2789 1709 2882; baseline 0.014 -39"><span class='ocrx_word' id='word_1_299' title='bbox 134 2789 316 2863; x_wconf 82' lang='grc' dir='ltr'>θερίας</span> <span class='ocrx_word' id='word_1_300' title='bbox 353 2799 724 2870; x_wconf 85' lang='grc' dir='ltr'>τιμιωτέραν·</span> <span class='ocrx_word' id='word_1_301' title='bbox 776 2805 888 2858; x_wconf 82' lang='grc' dir='ltr'><strong>ἀπὸ</strong></span> <span class='ocrx_word' id='word_1_302' title='bbox 931 2807 1038 2876; x_wconf 80' lang='grc' dir='ltr'>γὰρ</span> <span class='ocrx_word' id='word_1_303' title='bbox 1090 2807 1366 2871; x_wconf 84' lang='grc' dir='ltr'>ἀπωλείας</span> <span class='ocrx_word' id='word_1_304' title='bbox 1409 2811 1490 2871; x_wconf 86' lang='grc' dir='ltr'><strong>εἰς</strong></span> <span class='ocrx_word' id='word_1_305' title='bbox 1531 2827 1709 2882; x_wconf 85' lang='grc' dir='ltr'>σωτη-</span> 
     </span>
    </p>
   </div>
   <div class='ocr_carea' id='block_1_45' title="bbox 134 2884 1710 2970">
    <p class='ocr_par' dir='ltr' id='par_1_45' title="bbox 134 2884 1710 2970">
     <span class='ocr_line' id='line_1_45' title="bbox 134 2884 1710 2970; baseline 0.015 -35"><span class='ocrx_word' id='word_1_306' title='bbox 134 2884 275 2952; x_wconf 84' lang='grc' dir='ltr'>ρίαν,</span> <span class='ocrx_word' id='word_1_307' title='bbox 315 2889 414 2941; x_wconf 82' lang='grc' dir='ltr'>καὶ</span> <span class='ocrx_word' id='word_1_308' title='bbox 444 2890 552 2944; x_wconf 84' lang='grc' dir='ltr'><strong>ἀπὸ</strong></span> <span class='ocrx_word' id='word_1_309' title='bbox 592 2892 820 2950; x_wconf 84' lang='grc' dir='ltr'>θανάτου</span> <span class='ocrx_word' id='word_1_310' title='bbox 855 2897 945 2966; x_wconf 62' lang='grc' dir='ltr'><strong>ζείς</strong></span> <span class='ocrx_word' id='word_1_311' title='bbox 980 2897 1145 2970; x_wconf 78' lang='grc' dir='ltr'>ζωήν,</span> <span class='ocrx_word' id='word_1_312' title='bbox 1190 2899 1580 2966; x_wconf 81' lang='grc' dir='ltr'>ὑποτάττοντες</span> <span class='ocrx_word' id='word_1_313' title='bbox 1609 2904 1710 2958; x_wconf 87' lang='grc' dir='ltr'><strong>αὺ-</strong></span> 
     </span>
    </p>
   </div>
   <div class='ocr_carea' id='block_1_46' title="bbox 129 2977 1709 3066">
    <p class='ocr_par' dir='ltr' id='par_1_46' title="bbox 129 2977 1709 3066">
     <span class='ocr_line' id='line_1_46' title="bbox 129 2977 1709 3066; baseline 0.015 -38"><span class='ocrx_word' id='word_1_314' title='bbox 129 2977 249 3038; x_wconf 75' lang='grc' dir='ltr'>τοῦς</span> <span class='ocrx_word' id='word_1_315' title='bbox 275 2979 364 3051; x_wconf 84' lang='grc' dir='ltr'>τῷ</span> <span class='ocrx_word' id='word_1_316' title='bbox 398 2982 642 3056; x_wconf 83' lang='grc' dir='ltr'>Χριστῷ.</span> <span class='ocrx_word' id='word_1_317' title='bbox 686 2988 970 3059; x_wconf 87' lang='grc' dir='ltr'>Ἐννόησον</span> <span class='ocrx_word' id='word_1_318' title='bbox 998 2991 1091 3045; x_wconf 81' lang='grc' dir='ltr'><strong>οὖν</strong></span> <span class='ocrx_word' id='word_1_319' title='bbox 1118 2993 1243 3058; x_wconf 78' lang='grc' dir='ltr'>τοὺς</span> <span class='ocrx_word' id='word_1_320' title='bbox 1275 2995 1334 3047; x_wconf 82' lang='grc' dir='ltr'><strong>ἐν</strong></span> <span class='ocrx_word' id='word_1_321' title='bbox 1374 2995 1582 3066; x_wconf 82' lang='grc' dir='ltr'><strong>Ἐφέσῳ</strong></span> <span class='ocrx_word' id='word_1_322' title='bbox 1609 2997 1709 3063; x_wconf 84' lang='grc' dir='ltr'>τὰς</span> 
     </span>
    </p>
   </div>
   <div class='ocr_carea' id='block_1_47' title="bbox 130 3072 1707 3159">
    <p class='ocr_par' dir='ltr' id='par_1_47' title="bbox 130 3072 1707 3159">
     <span class='ocr_line' id='line_1_47' title="bbox 130 3072 1707 3159; baseline 0.012 -38"><span class='ocrx_word' id='word_1_323' title='bbox 130 3072 376 3138; x_wconf 76' lang='grc' dir='ltr'>μαγικάς</span> <span class='ocrx_word' id='word_1_324' title='bbox 401 3075 579 3128; x_wconf 83' lang='grc' dir='ltr'>αὐτῶν</span> <span class='ocrx_word' id='word_1_325' title='bbox 621 3077 836 3148; x_wconf 82' lang='grc' dir='ltr'>βίϐλους</span> <span class='ocrx_word' id='word_1_326' title='bbox 860 3083 1338 3152; x_wconf 77' lang='grc' dir='ltr'>κατακαύσαντας,</span> <span class='ocrx_word' id='word_1_327' title='bbox 1371 3085 1468 3140; x_wconf 73' lang='grc' dir='ltr'><strong>καὶ</strong></span> <span class='ocrx_word' id='word_1_328' title='bbox 1493 3089 1707 3159; x_wconf 86' lang='grc' dir='ltr'>νοήσεις</span> 
     </span>
    </p>
   </div>
   <div class='ocr_carea' id='block_1_48' title="bbox 130 3159 941 3238">
    <p class='ocr_par' dir='ltr' id='par_1_48' title="bbox 130 3159 941 3238">
     <span class='ocr_line' id='line_1_48' title="bbox 130 3159 941 3238; baseline 0.021 -28"><span class='ocrx_word' id='word_1_329' title='bbox 130 3159 242 3224; x_wconf 85' lang='grc' dir='ltr'><strong>πῶς</strong></span> <span class='ocrx_word' id='word_1_330' title='bbox 274 3163 677 3233; x_wconf 68' lang='grc' dir='ltr'>ᾐχμαλώτευσε</span> <span class='ocrx_word' id='word_1_331' title='bbox 709 3172 941 3238; x_wconf 89' lang='grc' dir='ltr'>Παῦλος.</span> 
     </span>
    </p>
   </div>
   <div class='ocr_carea' id='block_1_49' title="bbox 195 3254 1710 3341">
    <p class='ocr_par' dir='ltr' id='par_1_49' title="bbox 195 3254 1710 3341">
     <span class='ocr_line' id='line_1_49' title="bbox 195 3254 1710 3341; baseline 0.016 -39"><span class='ocrx_word' id='word_1_332' title='bbox 195 3269 218 3302; x_wconf 70' lang='grc' dir='ltr'><strong>ι</strong></span> <span class='ocrx_word' id='word_1_333' title='bbox 261 3254 382 3307; x_wconf 74' lang='grc' dir='ltr'><strong>Καὶ</strong></span> <span class='ocrx_word' id='word_1_334' title='bbox 417 3257 474 3309; x_wconf 88' lang='grc' dir='ltr'><strong>ἐν</strong></span> <span class='ocrx_word' id='word_1_335' title='bbox 511 3259 712 3332; x_wconf 69' lang='grc' dir='ltr'>ἑτοίμῳ</span> <span class='ocrx_word' id='word_1_336' title='bbox 739 3263 952 3334; x_wconf 74' lang='grc' dir='ltr'>ἔχοντες</span> <span class='ocrx_word' id='word_1_337' title='bbox 991 3267 1273 3339; x_wconf 72' lang='grc' dir='ltr'>ἐκδικῆσαι</span> <span class='ocrx_word' id='word_1_338' title='bbox 1314 3270 1492 3324; x_wconf 82' lang='grc' dir='ltr'>πᾶσαν</span> <span class='ocrx_word' id='word_1_339' title='bbox 1529 3289 1710 3341; x_wconf 80' lang='grc' dir='ltr'>παρα-</span> 
     </span>
    </p>
   </div>
   <div class='ocr_carea' id='block_1_50' title="bbox 127 3343 1710 3432">
    <p class='ocr_par' dir='ltr' id='par_1_50' title="bbox 127 3343 1710 3432">
     <span class='ocr_line' id='line_1_50' title="bbox 127 3343 1710 3432; baseline 0.015 -39"><span class='ocrx_word' id='word_1_340' title='bbox 127 3343 277 3414; x_wconf 78' lang='grc' dir='ltr'>κοὴν,</span> <span class='ocrx_word' id='word_1_341' title='bbox 310 3346 442 3401; x_wconf 82' lang='grc' dir='ltr'>ὅταν</span> <span class='ocrx_word' id='word_1_342' title='bbox 488 3350 751 3426; x_wconf 79' lang='grc' dir='ltr'>πληρωθῇ</span> <span class='ocrx_word' id='word_1_343' title='bbox 805 3355 957 3426; x_wconf 83' lang='grc' dir='ltr'>ὑμῶν</span> <span class='ocrx_word' id='word_1_344' title='bbox 1003 3360 1036 3427; x_wconf 82' lang='grc' dir='ltr'><strong>ή</strong></span> <span class='ocrx_word' id='word_1_345' title='bbox 1085 3359 1321 3432; x_wconf 85' lang='grc' dir='ltr'>ὑπακοή.</span> <span class='ocrx_word' id='word_1_346' title='bbox 1365 3379 1388 3414; x_wconf 65' lang='grc' dir='ltr'>θ</span> <span class='ocrx_word' id='word_1_347' title='bbox 1441 3361 1710 3416; x_wconf 84' lang='grc' dir='ltr'>Ἐνταῦθα</span> 
     </span>
    </p>
   </div>
   <div class='ocr_carea' id='block_1_51' title="bbox 127 3435 1708 3526">
    <p class='ocr_par' dir='ltr' id='par_1_51' title="bbox 127 3435 1708 3526">
     <span class='ocr_line' id='line_1_51' title="bbox 127 3435 1708 3526; baseline 0.016 -41"><span class='ocrx_word' id='word_1_348' title='bbox 127 3435 215 3487; x_wconf 80' lang='grc' dir='ltr'><strong>καί</strong></span> <span class='ocrx_word' id='word_1_349' title='bbox 242 3437 475 3503; x_wconf 86' lang='grc' dir='ltr'>τούτους</span> <span class='ocrx_word' id='word_1_350' title='bbox 506 3442 794 3514; x_wconf 86' lang='grc' dir='ltr'>ἐφόϐησεν.</span> <span class='ocrx_word' id='word_1_351' title='bbox 840 3448 1014 3520; x_wconf 82' lang='grc' dir='ltr'>Ὑμᾶς</span> <span class='ocrx_word' id='word_1_352' title='bbox 1044 3449 1172 3524; x_wconf 81' lang='grc' dir='ltr'>γὰρ,</span> <span class='ocrx_word' id='word_1_353' title='bbox 1217 3454 1406 3524; x_wconf 76' lang='grc' dir='ltr'>φησὶν,</span> <span class='ocrx_word' id='word_1_354' title='bbox 1441 3454 1708 3526; x_wconf 85' lang='grc' dir='ltr'>ἀναμένο-</span> 
     </span>
    </p>
   </div>
   <div class='ocr_carea' id='block_1_52' title="bbox 117 3529 1709 3618">
    <p class='ocr_par' dir='ltr' id='par_1_52' title="bbox 117 3529 1709 3618">
     <span class='ocr_line' id='line_1_52' title="bbox 117 3529 1709 3618; baseline 0.014 -41"><span class='ocrx_word' id='word_1_355' title='bbox 117 3541 242 3618; x_wconf 72' lang='grc' dir='ltr'><strong>¹μεν,</strong></span> <span class='ocrx_word' id='word_1_356' title='bbox 303 3529 375 3582; x_wconf 66' lang='grc' dir='ltr'><strong>ἵν’</strong></span> <span class='ocrx_word' id='word_1_357' title='bbox 421 3533 552 3586; x_wconf 81' lang='grc' dir='ltr'>ὅταν</span> <span class='ocrx_word' id='word_1_358' title='bbox 605 3535 695 3589; x_wconf 84' lang='grc' dir='ltr'><strong>διά</strong></span> <span class='ocrx_word' id='word_1_359' title='bbox 747 3538 845 3608; x_wconf 84' lang='grc' dir='ltr'>τῆς</span> <span class='ocrx_word' id='word_1_360' title='bbox 900 3543 1277 3612; x_wconf 81' lang='grc' dir='ltr'>παραινέσεως</span> <span class='ocrx_word' id='word_1_361' title='bbox 1325 3545 1709 3618; x_wconf 86' lang='grc' dir='ltr'>διορθώσωμεν</span> 
     </span>
    </p>
   </div>
   <div class='ocr_carea' id='block_1_53' title="bbox 127 3617 1710 3709">
    <p class='ocr_par' dir='ltr' id='par_1_53' title="bbox 127 3617 1710 3709">
     <span class='ocr_line' id='line_1_53' title="bbox 127 3617 1710 3709; baseline 0.016 -40"><span class='ocrx_word' id='word_1_362' title='bbox 127 3617 265 3687; x_wconf 81' lang='grc' dir='ltr'>ὑμᾶς</span> <span class='ocrx_word' id='word_1_363' title='bbox 311 3622 409 3675; x_wconf 77' lang='grc' dir='ltr'>καὶ</span> <span class='ocrx_word' id='word_1_364' title='bbox 460 3623 862 3700; x_wconf 84' lang='grc' dir='ltr'>ἀποστήσωμεν</span> <span class='ocrx_word' id='word_1_365' title='bbox 888 3632 1132 3699; x_wconf 80' lang='grc' dir='ltr'>ἐκείνων,</span> <span class='ocrx_word' id='word_1_366' title='bbox 1182 3636 1304 3689; x_wconf 88' lang='grc' dir='ltr'>τότε</span> <span class='ocrx_word' id='word_1_367' title='bbox 1334 3637 1565 3702; x_wconf 83' lang='grc' dir='ltr'>ἐκείνοις</span> <span class='ocrx_word' id='word_1_368' title='bbox 1612 3617 1710 3709; x_wconf 79' lang='grc' dir='ltr'>μό·-</span> 
     </span>
    </p>
   </div>
   <div class='ocr_carea' id='block_1_54' title="bbox 124 3713 1710 3797">
    <p class='ocr_par' dir='ltr' id='par_1_54' title="bbox 124 3713 1710 3797">
     <span class='ocr_line' id='line_1_54' title="bbox 124 3713 1710 3797; baseline 0.014 -36"><span class='ocrx_word' id='word_1_369' title='bbox 124 3725 253 3778; x_wconf 77' lang='grc' dir='ltr'>νοις,</span> <span class='ocrx_word' id='word_1_370' title='bbox 280 3713 700 3786; x_wconf 78' lang='grc' dir='ltr'>ἀπολειφθεῖσιν</span> <span class='ocrx_word' id='word_1_371' title='bbox 724 3721 966 3787; x_wconf 85' lang='grc' dir='ltr'>ἀνιάτοις</span> <span class='ocrx_word' id='word_1_372' title='bbox 989 3724 1055 3789; x_wconf 67' lang='grc' dir='ltr'>δ’,</span> <span class='ocrx_word' id='word_1_373' title='bbox 1087 3725 1184 3796; x_wconf 80' lang='grc' dir='ltr'><strong>τὴν</strong></span> <span class='ocrx_word' id='word_1_374' title='bbox 1202 3729 1376 3797; x_wconf 86' lang='grc' dir='ltr'>τομὴν</span> <span class='ocrx_word' id='word_1_375' title='bbox 1402 3729 1710 3797; x_wconf 82' lang='grc' dir='ltr'>ἐπενέγκω-</span> 
     </span>
    </p>
   </div>
   <div class='ocr_carea' id='block_1_55' title="bbox 131 3804 1708 3889">
    <p class='ocr_par' dir='ltr' id='par_1_55' title="bbox 131 3804 1708 3889">
     <span class='ocr_line' id='line_1_55' title="bbox 131 3804 1708 3889; baseline 0.014 -37"><span class='ocrx_word' id='word_1_376' title='bbox 131 3817 244 3870; x_wconf 85' lang='grc' dir='ltr'>μεν.</span> <span class='ocrx_word' id='word_1_377' title='bbox 274 3804 401 3857; x_wconf 76' lang='grc' dir='ltr'><strong>«Ἐν</strong></span> <span class='ocrx_word' id='word_1_378' title='bbox 423 3807 657 3882; x_wconf 65' lang='grc' dir='ltr'>ἑτοίμῳ)</span> <span class='ocrx_word' id='word_1_379' title='bbox 690 3811 786 3867; x_wconf 82' lang='grc' dir='ltr'><strong>οὖν</strong></span> <span class='ocrx_word' id='word_1_380' title='bbox 804 3811 999 3884; x_wconf 76' lang='grc' dir='ltr'>ἔχομεν</span> <span class='ocrx_word' id='word_1_381' title='bbox 1012 3815 1112 3888; x_wconf 80' lang='grc' dir='ltr'>τὴν</span> <span class='ocrx_word' id='word_1_382' title='bbox 1135 3819 1428 3889; x_wconf 84' lang='grc' dir='ltr'>τιμωρίαν,</span> <span class='ocrx_word' id='word_1_383' title='bbox 1449 3819 1564 3874; x_wconf 86' lang='grc' dir='ltr'>ἀλλ’</span> <span class='ocrx_word' id='word_1_384' title='bbox 1578 3821 1708 3875; x_wconf 89' lang='grc' dir='ltr'>ἀνα-</span> 
     </span>
    </p>
   </div>
   <div class='ocr_carea' id='block_1_56' title="bbox 127 3891 1706 3982">
    <p class='ocr_par' dir='ltr' id='par_1_56' title="bbox 127 3891 1706 3982">
     <span class='ocr_line' id='line_1_56' title="bbox 127 3891 1706 3982; baseline 0.011 -36"><span class='ocrx_word' id='word_1_385' title='bbox 127 3891 216 3982; x_wconf 62' lang='grc' dir='ltr'><strong>μὶξ</strong></span> <span class='ocrx_word' id='word_1_386' title='bbox 270 3893 450 3949; x_wconf 75' lang='grc' dir='ltr'>ὄντων</span> <span class='ocrx_word' id='word_1_387' title='bbox 505 3897 680 3969; x_wconf 80' lang='grc' dir='ltr'>ὑμῶν,</span> <span class='ocrx_word' id='word_1_388' title='bbox 734 3902 1081 3974; x_wconf 86' lang='grc' dir='ltr'>κωλυόμεθα,</span> <span class='ocrx_word' id='word_1_389' title='bbox 1133 3906 1221 3961; x_wconf 77' lang='grc' dir='ltr'><strong>ἵνα</strong></span> <span class='ocrx_word' id='word_1_390' title='bbox 1278 3908 1354 3980; x_wconf 78' lang='grc' dir='ltr'>μὴ</span> <span class='ocrx_word' id='word_1_391' title='bbox 1405 3912 1500 3963; x_wconf 79' lang='grc' dir='ltr'>καὶ</span> <span class='ocrx_word' id='word_1_392' title='bbox 1550 3910 1706 3982; x_wconf 83' lang='grc' dir='ltr'>ὑμῶν</span> 
     </span>
    </p>
   </div>
   <div class='ocr_carea' id='block_1_57' title="bbox 123 3980 1708 4074">
    <p class='ocr_par' dir='ltr' id='par_1_57' title="bbox 123 3980 1708 4074">
     <span class='ocr_line' id='line_1_57' title="bbox 123 3980 1708 4074; baseline 0.014 -40"><span class='ocrx_word' id='word_1_393' title='bbox 123 3980 332 4053; x_wconf 68' lang='grc' dir='ltr'>ἅψηται</span> <span class='ocrx_word' id='word_1_394' title='bbox 366 3987 400 4056; x_wconf 80' lang='grc' dir='ltr'><strong>ή</strong></span> <span class='ocrx_word' id='word_1_395' title='bbox 442 3988 645 4061; x_wconf 87' lang='grc' dir='ltr'>πληγή.</span> <span class='ocrx_word' id='word_1_396' title='bbox 690 3993 789 4046; x_wconf 86' lang='grc' dir='ltr'>Διά</span> <span class='ocrx_word' id='word_1_397' title='bbox 831 3993 888 4046; x_wconf 85' lang='grc' dir='ltr'>δὲ</span> <span class='ocrx_word' id='word_1_398' title='bbox 929 3994 1025 4048; x_wconf 87' lang='grc' dir='ltr'><strong>τοῦ</strong></span> <span class='ocrx_word' id='word_1_399' title='bbox 1076 3998 1270 4065; x_wconf 70' lang='grc' dir='ltr'>εἰπεῖν,</span> <span class='ocrx_word' id='word_1_400' title='bbox 1310 4017 1328 4050; x_wconf 80' lang='grc' dir='ltr'><strong>ι</strong></span> <span class='ocrx_word' id='word_1_401' title='bbox 1369 3998 1539 4054; x_wconf 85' lang='grc' dir='ltr'>Ὅταν</span> <span class='ocrx_word' id='word_1_402' title='bbox 1566 3980 1708 4074; x_wconf 82' lang='grc' dir='ltr'>πλη-</span> 
     </span>
    </p>
   </div>
   <div class='ocr_carea' id='block_1_58' title="bbox 129 4075 1706 4164">
    <p class='ocr_par' dir='ltr' id='par_1_58' title="bbox 129 4075 1706 4164">
     <span class='ocr_line' id='line_1_58' title="bbox 129 4075 1706 4164; baseline 0.013 -37"><span class='ocrx_word' id='word_1_403' title='bbox 129 4075 268 4147; x_wconf 74' lang='grc' dir='ltr'>ρωθῇ</span> <span class='ocrx_word' id='word_1_404' title='bbox 306 4077 464 4146; x_wconf 82' lang='grc' dir='ltr'>ὑμῶν</span> <span class='ocrx_word' id='word_1_405' title='bbox 491 4081 528 4150; x_wconf 66' lang='grc' dir='ltr'>ρή</span> <span class='ocrx_word' id='word_1_406' title='bbox 563 4083 798 4156; x_wconf 79' lang='grc' dir='ltr'>ὑπακοὴ,</span> <span class='ocrx_word' id='word_1_407' title='bbox 830 4104 848 4138; x_wconf 68' lang='grc' dir='ltr'><strong>ι</strong></span> <span class='ocrx_word' id='word_1_408' title='bbox 882 4087 1180 4143; x_wconf 88' lang='grc' dir='ltr'>αἰνίττεται</span> <span class='ocrx_word' id='word_1_409' title='bbox 1203 4089 1582 4157; x_wconf 79' lang='grc' dir='ltr'>ὑπακούοντας</span> <span class='ocrx_word' id='word_1_410' title='bbox 1606 4095 1706 4164; x_wconf 84' lang='grc' dir='ltr'>μὲν</span> 
     </span>
    </p>
   </div>
   <div class='ocr_carea' id='block_1_59' title="bbox 91 4167 1706 4249">
    <p class='ocr_par' dir='ltr' id='par_1_59' title="bbox 91 4167 1706 4249">
     <span class='ocr_line' id='line_1_59' title="bbox 91 4167 1706 4249; baseline 0.015 -34"><span class='ocrx_word' id='word_1_411' title='bbox 91 4229 98 4236; x_wconf 84' lang='lat'>_</span> <span class='ocrx_word' id='word_1_412' title='bbox 127 4167 215 4220; x_wconf 69' lang='grc' dir='ltr'>καὶ</span> <span class='ocrx_word' id='word_1_413' title='bbox 241 4167 370 4235; x_wconf 84' lang='grc' dir='ltr'>νῦν,</span> <span class='ocrx_word' id='word_1_414' title='bbox 401 4170 517 4223; x_wconf 86' lang='grc' dir='ltr'>ἀλλ’</span> <span class='ocrx_word' id='word_1_415' title='bbox 545 4172 606 4225; x_wconf 77' lang='grc' dir='ltr'>οὐ</span> <span class='ocrx_word' id='word_1_416' title='bbox 637 4174 880 4238; x_wconf 85' lang='grc' dir='ltr'>τελείως.</span> <span class='ocrx_word' id='word_1_417' title='bbox 910 4178 1096 4233; x_wconf 87' lang='grc' dir='ltr'>Ταῦτα</span> <span class='ocrx_word' id='word_1_418' title='bbox 1119 4181 1176 4234; x_wconf 83' lang='grc' dir='ltr'>δὲ</span> <span class='ocrx_word' id='word_1_419' title='bbox 1216 4182 1451 4249; x_wconf 85' lang='grc' dir='ltr'>ἀπειλεῖ,</span> <span class='ocrx_word' id='word_1_420' title='bbox 1496 4184 1583 4238; x_wconf 74' lang='grc' dir='ltr'>ἵνα</span> <span class='ocrx_word' id='word_1_421' title='bbox 1612 4187 1706 4239; x_wconf 74' lang='grc' dir='ltr'>καὶ</span> 
     </span>
    </p>
   </div>
   <div class='ocr_carea' id='block_1_60' title="bbox 124 4252 1708 4348">
    <p class='ocr_par' dir='ltr' id='par_1_60' title="bbox 124 4252 1708 4348">
     <span class='ocr_line' id='line_1_60' title="bbox 124 4252 1708 4348; baseline 0.013 -39"><span class='ocrx_word' id='word_1_422' title='bbox 124 4252 262 4313; x_wconf 76' lang='grc' dir='ltr'>οὗτοι</span> <span class='ocrx_word' id='word_1_423' title='bbox 293 4263 537 4315; x_wconf 71' lang='grc' dir='ltr'>κάικείνοι</span> <span class='ocrx_word' id='word_1_424' title='bbox 567 4263 927 4336; x_wconf 83' lang='grc' dir='ltr'>διορθωθῶσι,</span> <span class='ocrx_word' id='word_1_425' title='bbox 957 4271 1050 4324; x_wconf 83' lang='grc' dir='ltr'><strong>καὶ</strong></span> <span class='ocrx_word' id='word_1_426' title='bbox 1085 4271 1288 4344; x_wconf 80' lang='grc' dir='ltr'>μηδένα</span> <span class='ocrx_word' id='word_1_427' title='bbox 1332 4274 1534 4347; x_wconf 80' lang='grc' dir='ltr'>πλήξῃ.</span> <span class='ocrx_word' id='word_1_428' title='bbox 1558 4276 1708 4348; x_wconf 86' lang='grc' dir='ltr'>Πρό-</span> 
     </span>
    </p>
   </div>
   <div class='ocr_carea' id='block_1_61' title="bbox 126 4350 1706 4431">
    <p class='ocr_par' dir='ltr' id='par_1_61' title="bbox 126 4350 1706 4431">
     <span class='ocr_line' id='line_1_61' title="bbox 126 4350 1706 4431; baseline 0.014 -30"><span class='ocrx_word' id='word_1_429' title='bbox 126 4365 278 4418; x_wconf 85' lang='grc' dir='ltr'>τερον</span> <span class='ocrx_word' id='word_1_430' title='bbox 311 4350 368 4404; x_wconf 72' lang='grc' dir='ltr'>δι</span> <span class='ocrx_word' id='word_1_431' title='bbox 409 4354 466 4405; x_wconf 87' lang='grc' dir='ltr'>ὲν</span> <span class='ocrx_word' id='word_1_432' title='bbox 498 4356 631 4426; x_wconf 80' lang='grc' dir='ltr'>ἡμῖν</span> <span class='ocrx_word' id='word_1_433' title='bbox 665 4356 919 4429; x_wconf 76' lang='grc' dir='ltr'>λογισμοὶ</span> <span class='ocrx_word' id='word_1_434' title='bbox 968 4362 1332 4431; x_wconf 79' lang='grc' dir='ltr'>συνίστανται,</span> <span class='ocrx_word' id='word_1_435' title='bbox 1368 4367 1706 4422; x_wconf 77' lang='grc' dir='ltr'>παλαιόντων</span> 
     </span>
    </p>
   </div>
   <div class='ocr_carea' id='block_1_62' title="bbox 1823 1890 3402 1961">
    <p class='ocr_par' dir='ltr' id='par_1_62' title="bbox 1823 1890 3402 1961">
     <span class='ocr_line' id='line_1_62' title="bbox 1823 1890 3402 1961; baseline 0.003 -17"><span class='ocrx_word' id='word_1_436' title='bbox 1823 1890 1878 1944; x_wconf 90' lang='lat' dir='ltr'><strong>in</strong></span> <span class='ocrx_word' id='word_1_437' title='bbox 1912 1890 2225 1958; x_wconf 85' lang='lat' dir='ltr'><strong>obsequium</strong></span> <span class='ocrx_word' id='word_1_438' title='bbox 2257 1892 2533 1961; x_wconf 66' lang='lat' dir='ltr'><strong>Cbt&#39;isti.jc</strong></span> <span class='ocrx_word' id='word_1_439' title='bbox 2572 1893 2916 1961; x_wconf 84' lang='lat' dir='ltr'><strong>Captivitatis</strong></span> <span class='ocrx_word' id='word_1_440' title='bbox 2937 1895 3253 1949; x_wconf 83' lang='lat' dir='ltr'><strong>vocabulum</strong></span> <span class='ocrx_word' id='word_1_441' title='bbox 3293 1901 3402 1951; x_wconf 88' lang='lat' dir='ltr'><strong>duo</strong></span> 
     </span>
    </p>
   </div>
   <div class='ocr_carea' id='block_1_63' title="bbox 1823 1980 3401 2055">
    <p class='ocr_par' dir='ltr' id='par_1_63' title="bbox 1823 1980 3401 2055">
     <span class='ocr_line' id='line_1_63' title="bbox 1823 1980 3401 2055; baseline 0.004 -20"><span class='ocrx_word' id='word_1_442' title='bbox 1823 1980 2092 2050; x_wconf 80' lang='lat' dir='ltr'><strong>signiﬁcat</strong></span> <span class='ocrx_word' id='word_1_443' title='bbox 2120 1997 2134 2035; x_wconf 86' lang='lat'><strong>:</strong></span> <span class='ocrx_word' id='word_1_444' title='bbox 2165 1992 2220 2036; x_wconf 92' lang='lat' dir='ltr'><strong>et</strong></span> <span class='ocrx_word' id='word_1_445' title='bbox 2259 1998 2325 2037; x_wconf 78' lang='lat' dir='ltr'><strong>ex</strong></span> <span class='ocrx_word' id='word_1_446' title='bbox 2356 1984 2606 2040; x_wconf 85' lang='lat' dir='ltr'><strong>libertate</strong></span> <span class='ocrx_word' id='word_1_447' title='bbox 2634 1986 2867 2054; x_wconf 89' lang='lat' dir='ltr'><strong>lapsum,</strong></span> <span class='ocrx_word' id='word_1_448' title='bbox 2906 1997 2958 2039; x_wconf 88' lang='lat' dir='ltr'><strong>et</strong></span> <span class='ocrx_word' id='word_1_449' title='bbox 2982 1986 3276 2055; x_wconf 78' lang='lat' dir='ltr'><strong>perfectam</strong></span> <span class='ocrx_word' id='word_1_450' title='bbox 3311 2004 3401 2042; x_wconf 85' lang='lat' dir='ltr'><strong>ca-</strong></span> 
     </span>
    </p>
   </div>
   <div class='ocr_carea' id='block_1_64' title="bbox 1822 2074 3397 2149">
    <p class='ocr_par' dir='ltr' id='par_1_64' title="bbox 1822 2074 3397 2149">
     <span class='ocr_line' id='line_1_64' title="bbox 1822 2074 3397 2149; baseline 0.005 -24"><span class='ocrx_word' id='word_1_451' title='bbox 1822 2074 2082 2142; x_wconf 89' lang='lat' dir='ltr'><strong>ptionem,</strong></span> <span class='ocrx_word' id='word_1_452' title='bbox 2104 2089 2210 2144; x_wconf 88' lang='lat' dir='ltr'><strong>qua</strong></span> <span class='ocrx_word' id='word_1_453' title='bbox 2226 2076 2348 2146; x_wconf 91' lang='lat' dir='ltr'><strong>quis</strong></span> <span class='ocrx_word' id='word_1_454' title='bbox 2376 2077 2444 2131; x_wconf 91' lang='lat' dir='ltr'><strong>ita</strong></span> <span class='ocrx_word' id='word_1_455' title='bbox 2473 2079 2706 2149; x_wconf 85' lang='lat' dir='ltr'><strong>capitur,</strong></span> <span class='ocrx_word' id='word_1_456' title='bbox 2730 2089 2786 2131; x_wconf 87' lang='lat' dir='ltr'><strong>ut</strong></span> <span class='ocrx_word' id='word_1_457' title='bbox 2813 2094 2880 2133; x_wconf 87' lang='lat' dir='ltr'><strong>ne</strong></span> <span class='ocrx_word' id='word_1_458' title='bbox 2904 2080 3154 2134; x_wconf 86' lang='lat' dir='ltr'><strong>resistere</strong></span> <span class='ocrx_word' id='word_1_459' title='bbox 3183 2081 3397 2149; x_wconf 82' lang='lat' dir='ltr'><strong>quidem</strong></span> 
     </span>
    </p>
   </div>
   <div class='ocr_carea' id='block_1_65' title="bbox 1818 2166 3394 2240">
    <p class='ocr_par' dir='ltr' id='par_1_65' title="bbox 1818 2166 3394 2240">
     <span class='ocr_line' id='line_1_65' title="bbox 1818 2166 3394 2240; baseline 0.006 -21"><span class='ocrx_word' id='word_1_460' title='bbox 1818 2167 2012 2235; x_wconf 79' lang='lat' dir='ltr'><strong>possit.</strong></span> <span class='ocrx_word' id='word_1_461' title='bbox 2041 2166 2202 2222; x_wconf 81' lang='lat' dir='ltr'><strong>Juxta</strong></span> <span class='ocrx_word' id='word_1_462' title='bbox 2245 2172 2536 2225; x_wconf 90' lang='lat' dir='ltr'><strong>secundam</strong></span> <span class='ocrx_word' id='word_1_463' title='bbox 2573 2171 2736 2240; x_wconf 83' lang='lat' dir='ltr'><strong>igitur</strong></span> <span class='ocrx_word' id='word_1_464' title='bbox 2763 2171 3217 2240; x_wconf 72' lang='lat' dir='ltr'><strong>signiﬁcationem</strong></span> <span class='ocrx_word' id='word_1_465' title='bbox 3242 2190 3394 2229; x_wconf 87' lang='lat' dir='ltr'><strong>nunc</strong></span> 
     </span>
    </p>
   </div>
   <div class='ocr_carea' id='block_1_66' title="bbox 1820 2257 3400 2336">
    <p class='ocr_par' dir='ltr' id='par_1_66' title="bbox 1820 2257 3400 2336">
     <span class='ocr_line' id='line_1_66' title="bbox 1820 2257 3400 2336; baseline 0.007 -24"><span class='ocrx_word' id='word_1_466' title='bbox 1820 2257 2018 2315; x_wconf 83' lang='lat' dir='ltr'><strong>l&#39;aulus</strong></span> <span class='ocrx_word' id='word_1_467' title='bbox 2040 2262 2200 2330; x_wconf 81' lang='lat' dir='ltr'><strong>dixit,</strong></span> <span class='ocrx_word' id='word_1_468' title='bbox 2233 2280 2254 2315; x_wconf 70' lang='grc' dir='ltr'><strong>ι</strong></span> <span class='ocrx_word' id='word_1_469' title='bbox 2283 2263 2647 2333; x_wconf 86' lang='lat' dir='ltr'><strong>captivanlcs.</strong></span> <span class='ocrx_word' id='word_1_470' title='bbox 2683 2283 2702 2317; x_wconf 69' lang='grc' dir='ltr'><strong>ι</strong></span> <span class='ocrx_word' id='word_1_471' title='bbox 2738 2267 2853 2320; x_wconf 85' lang='grc' dir='ltr'>Νοη</span> <span class='ocrx_word' id='word_1_472' title='bbox 2883 2268 3026 2321; x_wconf 91' lang='lat' dir='ltr'><strong>enim</strong></span> <span class='ocrx_word' id='word_1_473' title='bbox 3055 2277 3284 2336; x_wconf 84' lang='lat' dir='ltr'><strong>tantum,</strong></span> <span class='ocrx_word' id='word_1_474' title='bbox 3315 2270 3400 2324; x_wconf 84' lang='lat' dir='ltr'><strong>iu-</strong></span> 
     </span>
    </p>
   </div>
   <div class='ocr_carea' id='block_1_67' title="bbox 1819 2355 3402 2424">
    <p class='ocr_par' dir='ltr' id='par_1_67' title="bbox 1819 2355 3402 2424">
     <span class='ocr_line' id='line_1_67' title="bbox 1819 2355 3402 2424; baseline 0.008 -18"><span class='ocrx_word' id='word_1_475' title='bbox 1819 2355 1956 2424; x_wconf 87' lang='lat' dir='ltr'><strong>quit,</strong></span> <span class='ocrx_word' id='word_1_476' title='bbox 1985 2359 2293 2424; x_wconf 83' lang='lat' dir='ltr'><strong>superiores</strong></span> <span class='ocrx_word' id='word_1_477' title='bbox 2337 2374 2545 2424; x_wconf 90' lang='lat' dir='ltr'><strong>sumus,</strong></span> <span class='ocrx_word' id='word_1_478' title='bbox 2566 2369 2624 2414; x_wconf 89' lang='lat' dir='ltr'><strong>et</strong></span> <span class='ocrx_word' id='word_1_479' title='bbox 2653 2360 2936 2415; x_wconf 84' lang='lat' dir='ltr'><strong>victoriam</strong></span> <span class='ocrx_word' id='word_1_480' title='bbox 2982 2362 3288 2417; x_wconf 85' lang='lat' dir='ltr'><strong>obtinemus</strong></span> <span class='ocrx_word' id='word_1_481' title='bbox 3333 2366 3402 2417; x_wconf 89' lang='lat' dir='ltr'><strong>de</strong></span> 
     </span>
    </p>
   </div>
   <div class='ocr_carea' id='block_1_68' title="bbox 1819 2447 3399 2523">
    <p class='ocr_par' dir='ltr' id='par_1_68' title="bbox 1819 2447 3399 2523">
     <span class='ocr_line' id='line_1_68' title="bbox 1819 2447 3399 2523; baseline 0.004 -24"><span class='ocrx_word' id='word_1_482' title='bbox 1819 2447 1963 2500; x_wconf 89' lang='lat' dir='ltr'><strong>omni</strong></span> <span class='ocrx_word' id='word_1_483' title='bbox 1992 2447 2226 2502; x_wconf 84' lang='lat' dir='ltr'><strong>humana</strong></span> <span class='ocrx_word' id='word_1_484' title='bbox 2260 2450 2591 2520; x_wconf 73' lang='lat' dir='ltr'><strong>cogitatione</strong></span> <span class='ocrx_word' id='word_1_485' title='bbox 2629 2459 2683 2508; x_wconf 83' lang='lat' dir='ltr'><strong>et</strong></span> <span class='ocrx_word' id='word_1_486' title='bbox 2704 2451 2998 2518; x_wconf 88' lang='lat' dir='ltr'><strong>intellectu,</strong></span> <span class='ocrx_word' id='word_1_487' title='bbox 3027 2455 3119 2507; x_wconf 90' lang='lat' dir='ltr'><strong>sed</strong></span> <span class='ocrx_word' id='word_1_488' title='bbox 3147 2454 3399 2523; x_wconf 10' lang='lat' dir='ltr'><strong>iui-capti-</strong></span> 
     </span>
    </p>
   </div>
   <div class='ocr_carea' id='block_1_69' title="bbox 1821 2538 3398 2614">
    <p class='ocr_par' dir='ltr' id='par_1_69' title="bbox 1821 2538 3398 2614">
     <span class='ocr_line' id='line_1_69' title="bbox 1821 2538 3398 2614; baseline 0.004 -22"><span class='ocrx_word' id='word_1_489' title='bbox 1821 2538 2042 2593; x_wconf 84' lang='lat' dir='ltr'><strong>vitatem</strong></span> <span class='ocrx_word' id='word_1_490' title='bbox 2084 2540 2252 2595; x_wconf 86' lang='lat' dir='ltr'><strong>etiam</strong></span> <span class='ocrx_word' id='word_1_491' title='bbox 2308 2542 2623 2612; x_wconf 80' lang='lat' dir='ltr'><strong>redigimus,</strong></span> <span class='ocrx_word' id='word_1_492' title='bbox 2673 2559 2792 2614; x_wconf 62' lang='lat' dir='ltr'><strong>quae</strong></span> <span class='ocrx_word' id='word_1_493' title='bbox 2841 2552 2922 2598; x_wconf 90' lang='lat' dir='ltr'><strong>est</strong></span> <span class='ocrx_word' id='word_1_494' title='bbox 2965 2548 3398 2599; x_wconf 86' lang='lat' dir='ltr'><strong>consummatior</strong></span> 
     </span>
    </p>
   </div>
   <div class='ocr_carea' id='block_1_70' title="bbox 1819 2631 3396 2704">
    <p class='ocr_par' dir='ltr' id='par_1_70' title="bbox 1819 2631 3396 2704">
     <span class='ocr_line' id='line_1_70' title="bbox 1819 2631 3396 2704; baseline 0.003 -20"><span class='ocrx_word' id='word_1_495' title='bbox 1819 2631 2066 2686; x_wconf 86' lang='lat' dir='ltr'><strong>victoria.</strong></span> <span class='ocrx_word' id='word_1_496' title='bbox 2100 2632 2323 2699; x_wconf 88' lang='lat' dir='ltr'><strong>Deinde,</strong></span> <span class='ocrx_word' id='word_1_497' title='bbox 2354 2633 2476 2704; x_wconf 90' lang='lat' dir='ltr'><strong>quia</strong></span> <span class='ocrx_word' id='word_1_498' title='bbox 2523 2634 2854 2703; x_wconf 85' lang='lat' dir='ltr'><strong>captivitatis</strong></span> <span class='ocrx_word' id='word_1_499' title='bbox 2891 2635 3206 2688; x_wconf 88' lang='lat' dir='ltr'><strong>vocabulum</strong></span> <span class='ocrx_word' id='word_1_500' title='bbox 3233 2649 3396 2703; x_wconf 73' lang='lat' dir='ltr'><strong>gravo</strong></span> 
     </span>
    </p>
   </div>
   <div class='ocr_carea' id='block_1_71' title="bbox 1817 2722 3396 2795">
    <p class='ocr_par' dir='ltr' id='par_1_71' title="bbox 1817 2722 3396 2795">
     <span class='ocr_line' id='line_1_71' title="bbox 1817 2722 3396 2795; baseline 0.003 -20"><span class='ocrx_word' id='word_1_501' title='bbox 1817 2731 1921 2787; x_wconf 80' lang='lat' dir='ltr'><strong>est,</strong></span> <span class='ocrx_word' id='word_1_502' title='bbox 1959 2722 2129 2790; x_wconf 87' lang='lat' dir='ltr'><strong>addit,</strong></span> <span class='ocrx_word' id='word_1_503' title='bbox 2175 2741 2196 2775; x_wconf 72' lang='grc' dir='ltr'><strong>ι</strong></span> <span class='ocrx_word' id='word_1_504' title='bbox 2236 2725 2301 2778; x_wconf 91' lang='lat' dir='ltr'><strong>ad</strong></span> <span class='ocrx_word' id='word_1_505' title='bbox 2352 2726 2669 2795; x_wconf 88' lang='lat' dir='ltr'><strong>obsequium</strong></span> <span class='ocrx_word' id='word_1_506' title='bbox 2714 2725 2947 2790; x_wconf 82' lang='lat' dir='ltr'><strong>Christi,</strong></span> <span class='ocrx_word' id='word_1_507' title='bbox 2978 2743 2998 2778; x_wconf 82' lang='grc'>›</span> <span class='ocrx_word' id='word_1_508' title='bbox 3044 2725 3148 2780; x_wconf 80' lang='lat' dir='ltr'><strong>hoc</strong></span> <span class='ocrx_word' id='word_1_509' title='bbox 3176 2735 3289 2790; x_wconf 82' lang='lat' dir='ltr'><strong>est,</strong></span> <span class='ocrx_word' id='word_1_510' title='bbox 3328 2728 3396 2780; x_wconf 88' lang='lat' dir='ltr'><strong>ad</strong></span> 
     </span>
    </p>
   </div>
   <div class='ocr_carea' id='block_1_72' title="bbox 1818 2812 3396 2886">
    <p class='ocr_par' dir='ltr' id='par_1_72' title="bbox 1818 2812 3396 2886">
     <span class='ocr_line' id='line_1_72' title="bbox 1818 2812 3396 2886; baseline 0.003 -19"><span class='ocrx_word' id='word_1_511' title='bbox 1818 2813 2134 2867; x_wconf 85' lang='lat' dir='ltr'><strong>servitutem</strong></span> <span class='ocrx_word' id='word_1_512' title='bbox 2162 2812 2278 2882; x_wconf 82' lang='lat' dir='ltr'><strong>ejus</strong></span> <span class='ocrx_word' id='word_1_513' title='bbox 2319 2816 2614 2884; x_wconf 77' lang='lat' dir='ltr'><strong>redigimus</strong></span> <span class='ocrx_word' id='word_1_514' title='bbox 2642 2818 2787 2871; x_wconf 89' lang='lat' dir='ltr'><strong>omni</strong></span> <span class='ocrx_word' id='word_1_515' title='bbox 2817 2816 3066 2871; x_wconf 69' lang='lat' dir='ltr'><strong>libertate</strong></span> <span class='ocrx_word' id='word_1_516' title='bbox 3107 2817 3396 2886; x_wconf 83' lang='lat' dir='ltr'><strong>pretiosio-</strong></span> 
     </span>
    </p>
   </div>
   <div class='ocr_carea' id='block_1_73' title="bbox 1817 2903 3392 2974">
    <p class='ocr_par' dir='ltr' id='par_1_73' title="bbox 1817 2903 3392 2974">
     <span class='ocr_line' id='line_1_73' title="bbox 1817 2903 3392 2974; baseline 0.004 -18"><span class='ocrx_word' id='word_1_517' title='bbox 1817 2915 1931 2957; x_wconf 86' lang='lat' dir='ltr'><strong>rem</strong></span> <span class='ocrx_word' id='word_1_518' title='bbox 1965 2921 1980 2959; x_wconf 90' lang='lat'>:</span> <span class='ocrx_word' id='word_1_519' title='bbox 2013 2903 2081 2958; x_wconf 88' lang='lat' dir='ltr'><strong>ab</strong></span> <span class='ocrx_word' id='word_1_520' title='bbox 2103 2904 2323 2959; x_wconf 86' lang='lat' dir='ltr'><strong>inter-itu</strong></span> <span class='ocrx_word' id='word_1_521' title='bbox 2361 2906 2617 2960; x_wconf 87' lang='lat' dir='ltr'><strong>nimirum</strong></span> <span class='ocrx_word' id='word_1_522' title='bbox 2653 2907 2722 2962; x_wconf 91' lang='lat' dir='ltr'><strong>ad</strong></span> <span class='ocrx_word' id='word_1_523' title='bbox 2758 2907 3014 2974; x_wconf 88' lang='lat' dir='ltr'><strong>salutem,</strong></span> <span class='ocrx_word' id='word_1_524' title='bbox 3062 2924 3092 2961; x_wconf 91' lang='lat' dir='ltr'><strong>a</strong></span> <span class='ocrx_word' id='word_1_525' title='bbox 3119 2921 3292 2963; x_wconf 84' lang='lat' dir='ltr'><strong>morte</strong></span> <span class='ocrx_word' id='word_1_526' title='bbox 3326 2909 3392 2962; x_wconf 89' lang='lat' dir='ltr'><strong>ad</strong></span> 
     </span>
    </p>
   </div>
   <div class='ocr_carea' id='block_1_74' title="bbox 1817 2995 3396 3070">
    <p class='ocr_par' dir='ltr' id='par_1_74' title="bbox 1817 2995 3396 3070">
     <span class='ocr_line' id='line_1_74' title="bbox 1817 2995 3396 3070; baseline 0.005 -23"><span class='ocrx_word' id='word_1_527' title='bbox 1817 2995 1980 3048; x_wconf 87' lang='lat' dir='ltr'><strong>vitam</strong></span> <span class='ocrx_word' id='word_1_528' title='bbox 2053 2995 2391 3066; x_wconf 81' lang='lat' dir='ltr'><strong>subjicienda</strong></span> <span class='ocrx_word' id='word_1_529' title='bbox 2439 3012 2533 3054; x_wconf 90' lang='lat' dir='ltr'><strong>eos</strong></span> <span class='ocrx_word' id='word_1_530' title='bbox 2582 2999 2822 3055; x_wconf 88' lang='lat' dir='ltr'><strong>Christo.</strong></span> <span class='ocrx_word' id='word_1_531' title='bbox 2874 3001 3070 3054; x_wconf 87' lang='lat' dir='ltr'><strong>Animo</strong></span> <span class='ocrx_word' id='word_1_532' title='bbox 3116 3000 3279 3070; x_wconf 82' lang='lat' dir='ltr'><strong>igitur</strong></span> <span class='ocrx_word' id='word_1_533' title='bbox 3311 3015 3396 3055; x_wconf 85' lang='lat' dir='ltr'><strong>te-</strong></span> 
     </span>
    </p>
   </div>
   <div class='ocr_carea' id='block_1_75' title="bbox 1816 3085 3390 3160">
    <p class='ocr_par' dir='ltr' id='par_1_75' title="bbox 1816 3085 3390 3160">
     <span class='ocr_line' id='line_1_75' title="bbox 1816 3085 3390 3160; baseline 0.006 -22"><span class='ocrx_word' id='word_1_534' title='bbox 1816 3085 1970 3140; x_wconf 89' lang='lat' dir='ltr'><strong>volve</strong></span> <span class='ocrx_word' id='word_1_535' title='bbox 1993 3101 2085 3140; x_wconf 91' lang='lat' dir='ltr'><strong>eos</strong></span> <span class='ocrx_word' id='word_1_536' title='bbox 2118 3089 2210 3156; x_wconf 90' lang='lat' dir='ltr'><strong>qui</strong></span> <span class='ocrx_word' id='word_1_537' title='bbox 2237 3088 2460 3158; x_wconf 69' lang='lat' dir='ltr'><strong>magicae</strong></span> <span class='ocrx_word' id='word_1_538' title='bbox 2481 3090 2613 3145; x_wconf 90' lang='lat' dir='ltr'><strong>artis</strong></span> <span class='ocrx_word' id='word_1_539' title='bbox 2645 3090 2810 3145; x_wconf 86' lang='lat' dir='ltr'><strong>libros</strong></span> <span class='ocrx_word' id='word_1_540' title='bbox 2833 3089 3028 3160; x_wconf 86' lang='lat' dir='ltr'><strong>Ephesi</strong></span> <span class='ocrx_word' id='word_1_541' title='bbox 3069 3093 3390 3146; x_wconf 84' lang='lat' dir='ltr'><strong>combusse-</strong></span> 
     </span>
    </p>
   </div>
   <div class='ocr_carea' id='block_1_76' title="bbox 1730 3160 3393 3254">
    <p class='ocr_par' dir='ltr' id='par_1_76' title="bbox 1730 3160 3393 3254">
     <span class='ocr_line' id='line_1_76' title="bbox 1730 3160 3393 3254; baseline 0.006 -21"><span class='ocrx_word' id='word_1_542' title='bbox 1730 3160 1778 3218; x_wconf 65' lang='grc' dir='ltr'><strong>(ἶ</strong></span> <span class='ocrx_word' id='word_1_543' title='bbox 1811 3187 1936 3233; x_wconf 90' lang='lat' dir='ltr'><strong>ruut</strong></span> <span class='ocrx_word' id='word_1_544' title='bbox 1954 3176 2062 3246; x_wconf 70' lang='lat'><strong>&#39;&quot;1,</strong></span> <span class='ocrx_word' id='word_1_545' title='bbox 2094 3191 2146 3235; x_wconf 90' lang='lat' dir='ltr'><strong>et</strong></span> <span class='ocrx_word' id='word_1_546' title='bbox 2170 3181 2375 3235; x_wconf 82' lang='lat' dir='ltr'><strong>videbis</strong></span> <span class='ocrx_word' id='word_1_547' title='bbox 2390 3185 2658 3251; x_wconf 90' lang='lat' dir='ltr'><strong>quomodo</strong></span> <span class='ocrx_word' id='word_1_548' title='bbox 2675 3181 2870 3238; x_wconf 89' lang='lat' dir='ltr'><strong>Paulus</strong></span> <span class='ocrx_word' id='word_1_549' title='bbox 2895 3186 3134 3254; x_wconf 88' lang='lat' dir='ltr'><strong>captivos</strong></span> <span class='ocrx_word' id='word_1_550' title='bbox 3157 3185 3393 3243; x_wconf 77' lang='lat' dir='ltr'><strong>duxerit.</strong></span> 
     </span>
    </p>
   </div>
   <div class='ocr_carea' id='block_1_77' title="bbox 1853 3271 3392 3344">
    <p class='ocr_par' dir='ltr' id='par_1_77' title="bbox 1853 3271 3392 3344">
     <span class='ocr_line' id='line_1_77' title="bbox 1853 3271 3392 3344; baseline 0.004 -18"><span class='ocrx_word' id='word_1_551' title='bbox 1853 3271 2011 3328; x_wconf 74' lang='lat' dir='ltr'><strong>Vens.</strong></span> <span class='ocrx_word' id='word_1_552' title='bbox 2047 3274 2101 3327; x_wconf 89' lang='lat'><strong>6.</strong></span> <span class='ocrx_word' id='word_1_553' title='bbox 2133 3291 2150 3324; x_wconf 78' lang='grc' dir='ltr'><strong>ι</strong></span> <span class='ocrx_word' id='word_1_554' title='bbox 2198 3273 2264 3327; x_wconf 85' lang='lat' dir='ltr'><strong>Et</strong></span> <span class='ocrx_word' id='word_1_555' title='bbox 2290 3275 2342 3328; x_wconf 87' lang='lat' dir='ltr'><strong>in</strong></span> <span class='ocrx_word' id='word_1_556' title='bbox 2376 3285 2623 3344; x_wconf 88' lang='lat' dir='ltr'><strong>promptu</strong></span> <span class='ocrx_word' id='word_1_557' title='bbox 2657 3275 2919 3332; x_wconf 85' lang='lat' dir='ltr'><strong>habentes</strong></span> <span class='ocrx_word' id='word_1_558' title='bbox 2956 3277 3141 3334; x_wconf 86' lang='lat' dir='ltr'><strong>ulcisci</strong></span> <span class='ocrx_word' id='word_1_559' title='bbox 3175 3293 3392 3333; x_wconf 86' lang='lat' dir='ltr'><strong>onmem</strong></span> 
     </span>
    </p>
   </div>
   <div class='ocr_carea' id='block_1_78' title="bbox 1811 3365 3388 3440">
    <p class='ocr_par' dir='ltr' id='par_1_78' title="bbox 1811 3365 3388 3440">
     <span class='ocr_line' id='line_1_78' title="bbox 1811 3365 3388 3440; baseline 0.001 -20"><span class='ocrx_word' id='word_1_560' title='bbox 1811 3365 2253 3431; x_wconf 84' lang='lat' dir='ltr'><strong>inobedientiam,</strong></span> <span class='ocrx_word' id='word_1_561' title='bbox 2287 3381 2408 3421; x_wconf 89' lang='lat' dir='ltr'><strong>cum</strong></span> <span class='ocrx_word' id='word_1_562' title='bbox 2453 3367 2675 3437; x_wconf 87' lang='lat' dir='ltr'><strong>impleta</strong></span> <span class='ocrx_word' id='word_1_563' title='bbox 2709 3367 3081 3440; x_wconf 43' lang='lat' dir='ltr'><strong>fueritgvestra</strong></span> <span class='ocrx_word' id='word_1_564' title='bbox 3125 3370 3388 3426; x_wconf 85' lang='lat' dir='ltr'><strong>obedien-</strong></span> 
     </span>
    </p>
   </div>
   <div class='ocr_carea' id='block_1_79' title="bbox 1815 3456 3386 3530">
    <p class='ocr_par' dir='ltr' id='par_1_79' title="bbox 1815 3456 3386 3530">
     <span class='ocr_line' id='line_1_79' title="bbox 1815 3456 3386 3530; baseline 0.002 -19"><span class='ocrx_word' id='word_1_565' title='bbox 1815 3458 1905 3511; x_wconf 88' lang='lat' dir='ltr'><strong>tia.</strong></span> <span class='ocrx_word' id='word_1_566' title='bbox 1944 3476 1962 3509; x_wconf 76' lang='grc' dir='ltr'><strong>ι</strong></span> <span class='ocrx_word' id='word_1_567' title='bbox 2003 3456 2104 3513; x_wconf 86' lang='lat' dir='ltr'><strong>Hic</strong></span> <span class='ocrx_word' id='word_1_568' title='bbox 2136 3457 2255 3514; x_wconf 88' lang='lat' dir='ltr'><strong>illos</strong></span> <span class='ocrx_word' id='word_1_569' title='bbox 2296 3458 2464 3514; x_wconf 87' lang='lat' dir='ltr'><strong>etiam</strong></span> <span class='ocrx_word' id='word_1_570' title='bbox 2516 3458 2730 3514; x_wconf 89' lang='lat' dir='ltr'><strong>terruit.</strong></span> <span class='ocrx_word' id='word_1_571' title='bbox 2787 3460 2910 3523; x_wconf 88' lang='lat' dir='ltr'><strong>Vos,</strong></span> <span class='ocrx_word' id='word_1_572' title='bbox 2963 3461 3163 3530; x_wconf 88' lang='lat' dir='ltr'><strong>inquit,</strong></span> <span class='ocrx_word' id='word_1_573' title='bbox 3217 3463 3386 3516; x_wconf 88' lang='lat' dir='ltr'><strong>etiam</strong></span> 
     </span>
    </p>
   </div>
   <div class='ocr_carea' id='block_1_80' title="bbox 1811 3553 3389 3623">
    <p class='ocr_par' dir='ltr' id='par_1_80' title="bbox 1811 3553 3389 3623">
     <span class='ocr_line' id='line_1_80' title="bbox 1811 3553 3389 3623; baseline 0.004 -21"><span class='ocrx_word' id='word_1_574' title='bbox 1811 3559 2218 3619; x_wconf 82' lang='lat' dir='ltr'><strong>exspectamus,</strong></span> <span class='ocrx_word' id='word_1_575' title='bbox 2255 3559 2314 3606; x_wconf 92' lang='lat' dir='ltr'><strong>ut</strong></span> <span class='ocrx_word' id='word_1_576' title='bbox 2340 3561 2622 3623; x_wconf 87' lang='lat' dir='ltr'><strong>postquam</strong></span> <span class='ocrx_word' id='word_1_577' title='bbox 2671 3566 2768 3621; x_wconf 85' lang='lat' dir='ltr'><strong>per</strong></span> <span class='ocrx_word' id='word_1_578' title='bbox 2804 3553 3230 3608; x_wconf 84' lang='lat' dir='ltr'><strong>admonitionem</strong></span> <span class='ocrx_word' id='word_1_579' title='bbox 3287 3569 3389 3608; x_wconf 86' lang='lat' dir='ltr'><strong>no-</strong></span> 
     </span>
    </p>
   </div>
   <div class='ocr_carea' id='block_1_81' title="bbox 1802 3644 3390 3700">
    <p class='ocr_par' dir='ltr' id='par_1_81' title="bbox 1802 3644 3390 3700">
     <span class='ocr_line' id='line_1_81' title="bbox 1802 3644 3390 3700; baseline 0.003 -4"><span class='ocrx_word' id='word_1_580' title='bbox 1802 3647 1976 3696; x_wconf 77' lang='lat' dir='ltr'><strong>stram</strong></span> <span class='ocrx_word' id='word_1_581' title='bbox 2002 3644 2402 3698; x_wconf 75' lang='lat' dir='ltr'><strong>correxerimus</strong></span> <span class='ocrx_word' id='word_1_582' title='bbox 2428 3658 2522 3699; x_wconf 86' lang='lat' dir='ltr'><strong>vos</strong></span> <span class='ocrx_word' id='word_1_583' title='bbox 2591 3652 2640 3697; x_wconf 90' lang='lat' dir='ltr'><strong>el</strong></span> <span class='ocrx_word' id='word_1_584' title='bbox 2673 3644 2742 3698; x_wconf 85' lang='lat' dir='ltr'><strong>ab</strong></span> <span class='ocrx_word' id='word_1_585' title='bbox 2773 3645 2878 3699; x_wconf 82' lang='lat' dir='ltr'><strong>illis</strong></span> <span class='ocrx_word' id='word_1_586' title='bbox 2924 3646 3155 3700; x_wconf 83' lang='lat' dir='ltr'><strong>deiicere</strong></span> <span class='ocrx_word' id='word_1_587' title='bbox 3191 3645 3390 3700; x_wconf 80' lang='lat' dir='ltr'><strong>feceri-</strong></span> 
     </span>
    </p>
   </div>
   <div class='ocr_carea' id='block_1_82' title="bbox 1811 3731 3385 3796">
    <p class='ocr_par' dir='ltr' id='par_1_82' title="bbox 1811 3731 3385 3796">
     <span class='ocr_line' id='line_1_82' title="bbox 1811 3731 3385 3796; baseline 0.004 -14"><span class='ocrx_word' id='word_1_588' title='bbox 1811 3744 1949 3796; x_wconf 90' lang='lat' dir='ltr'><strong>mus,</strong></span> <span class='ocrx_word' id='word_1_589' title='bbox 1977 3740 2084 3784; x_wconf 91' lang='lat' dir='ltr'><strong>tum</strong></span> <span class='ocrx_word' id='word_1_590' title='bbox 2124 3731 2229 3786; x_wconf 87' lang='lat' dir='ltr'><strong>illis</strong></span> <span class='ocrx_word' id='word_1_591' title='bbox 2255 3733 2385 3788; x_wconf 84' lang='lat' dir='ltr'><strong>solis</strong></span> <span class='ocrx_word' id='word_1_592' title='bbox 2419 3733 2809 3788; x_wconf 83' lang='lat' dir='ltr'><strong>incurabilibus</strong></span> <span class='ocrx_word' id='word_1_593' title='bbox 2840 3733 3041 3789; x_wconf 86' lang='lat' dir='ltr'><strong>relictis</strong></span> <span class='ocrx_word' id='word_1_594' title='bbox 3089 3735 3385 3790; x_wconf 89' lang='lat' dir='ltr'><strong>sectionem</strong></span> 
     </span>
    </p>
   </div>
   <div class='ocr_carea' id='block_1_83' title="bbox 1809 3822 3389 3898">
    <p class='ocr_par' dir='ltr' id='par_1_83' title="bbox 1809 3822 3389 3898">
     <span class='ocr_line' id='line_1_83' title="bbox 1809 3822 3389 3898; baseline 0.002 -20"><span class='ocrx_word' id='word_1_595' title='bbox 1809 3822 2120 3879; x_wconf 62' lang='lat' dir='ltr'><strong>aderamus.</strong></span> <span class='ocrx_word' id='word_1_596' title='bbox 2177 3823 2234 3878; x_wconf 85' lang='lat' dir='ltr'><strong>lit</strong></span> <span class='ocrx_word' id='word_1_597' title='bbox 2280 3836 2530 3895; x_wconf 87' lang='lat' dir='ltr'><strong>promptu</strong></span> <span class='ocrx_word' id='word_1_598' title='bbox 2575 3827 2740 3897; x_wconf 81' lang='lat' dir='ltr'><strong>igitur</strong></span> <span class='ocrx_word' id='word_1_599' title='bbox 2776 3827 3036 3883; x_wconf 87' lang='lat' dir='ltr'><strong>habemus</strong></span> <span class='ocrx_word' id='word_1_600' title='bbox 3072 3842 3288 3898; x_wconf 66' lang='lat' dir='ltr'><strong>pinnam</strong></span> <span class='ocrx_word' id='word_1_601' title='bbox 3335 3837 3389 3882; x_wconf 86' lang='lat' dir='ltr'><strong>et</strong></span> 
     </span>
    </p>
   </div>
   <div class='ocr_carea' id='block_1_84' title="bbox 1809 3912 3388 3990">
    <p class='ocr_par' dir='ltr' id='par_1_84' title="bbox 1809 3912 3388 3990">
     <span class='ocr_line' id='line_1_84' title="bbox 1809 3912 3388 3990; baseline 0.003 -22"><span class='ocrx_word' id='word_1_602' title='bbox 1809 3912 2086 3979; x_wconf 85' lang='lat' dir='ltr'><strong>ultionem,</strong></span> <span class='ocrx_word' id='word_1_603' title='bbox 2118 3925 2370 3970; x_wconf 65' lang='lat' dir='ltr'><strong>caeterum</strong></span> <span class='ocrx_word' id='word_1_604' title='bbox 2421 3932 2541 3972; x_wconf 89' lang='lat' dir='ltr'><strong>cum</strong></span> <span class='ocrx_word' id='word_1_605' title='bbox 2586 3933 2681 3972; x_wconf 88' lang='lat' dir='ltr'><strong>vos</strong></span> <span class='ocrx_word' id='word_1_606' title='bbox 2722 3918 2824 3973; x_wconf 90' lang='lat' dir='ltr'><strong>illis</strong></span> <span class='ocrx_word' id='word_1_607' title='bbox 2859 3919 3001 3974; x_wconf 86' lang='lat' dir='ltr'><strong>misti</strong></span> <span class='ocrx_word' id='word_1_608' title='bbox 3037 3921 3175 3985; x_wconf 89' lang='lat' dir='ltr'><strong>sitis,</strong></span> <span class='ocrx_word' id='word_1_609' title='bbox 3205 3920 3388 3990; x_wconf 75' lang='lat' dir='ltr'><strong>prohi-</strong></span> 
     </span>
    </p>
   </div>
   <div class='ocr_carea' id='block_1_85' title="bbox 1808 4004 3388 4080">
    <p class='ocr_par' dir='ltr' id='par_1_85' title="bbox 1808 4004 3388 4080">
     <span class='ocr_line' id='line_1_85' title="bbox 1808 4004 3388 4080; baseline 0.004 -22"><span class='ocrx_word' id='word_1_610' title='bbox 1808 4004 1997 4060; x_wconf 89' lang='lat' dir='ltr'><strong>bemur</strong></span> <span class='ocrx_word' id='word_1_611' title='bbox 2023 4005 2224 4071; x_wconf 83' lang='lat' dir='ltr'><strong>adhuc,</strong></span> <span class='ocrx_word' id='word_1_612' title='bbox 2262 4021 2340 4062; x_wconf 85' lang='lat' dir='ltr'><strong>ne</strong></span> <span class='ocrx_word' id='word_1_613' title='bbox 2375 4018 2430 4061; x_wconf 91' lang='lat' dir='ltr'><strong>et</strong></span> <span class='ocrx_word' id='word_1_614' title='bbox 2473 4022 2570 4062; x_wconf 90' lang='lat' dir='ltr'><strong>vos</strong></span> <span class='ocrx_word' id='word_1_615' title='bbox 2597 4009 2753 4079; x_wconf 80' lang='lat' dir='ltr'><strong>plaga</strong></span> <span class='ocrx_word' id='word_1_616' title='bbox 2800 4011 3094 4080; x_wconf 80' lang='lat' dir='ltr'><strong>contingat.</strong></span> <span class='ocrx_word' id='word_1_617' title='bbox 3127 4010 3230 4065; x_wconf 83' lang='lat' dir='ltr'><strong>Per</strong></span> <span class='ocrx_word' id='word_1_618' title='bbox 3283 4012 3388 4066; x_wconf 83' lang='lat' dir='ltr'><strong>lioe</strong></span> 
     </span>
    </p>
   </div>
   <div class='ocr_carea' id='block_1_86' title="bbox 1807 4099 3386 4171">
    <p class='ocr_par' dir='ltr' id='par_1_86' title="bbox 1807 4099 3386 4171">
     <span class='ocr_line' id='line_1_86' title="bbox 1807 4099 3386 4171; baseline 0.003 -18"><span class='ocrx_word' id='word_1_619' title='bbox 1807 4107 1986 4153; x_wconf 91' lang='lat' dir='ltr'><strong>autem</strong></span> <span class='ocrx_word' id='word_1_620' title='bbox 2017 4099 2157 4169; x_wconf 91' lang='lat' dir='ltr'><strong>quod</strong></span> <span class='ocrx_word' id='word_1_621' title='bbox 2190 4099 2293 4163; x_wconf 89' lang='lat' dir='ltr'><strong>ait,</strong></span> <span class='ocrx_word' id='word_1_622' title='bbox 2339 4118 2364 4151; x_wconf 63' lang='grc' dir='ltr'><strong>ι</strong></span> <span class='ocrx_word' id='word_1_623' title='bbox 2403 4100 2535 4154; x_wconf 81' lang='lat' dir='ltr'><strong>Cum</strong></span> <span class='ocrx_word' id='word_1_624' title='bbox 2579 4103 2843 4171; x_wconf 87' lang='lat' dir='ltr'><strong>completa</strong></span> <span class='ocrx_word' id='word_1_625' title='bbox 2885 4102 3046 4157; x_wconf 78' lang='lat' dir='ltr'><strong>fuerit</strong></span> <span class='ocrx_word' id='word_1_626' title='bbox 3082 4102 3386 4158; x_wconf 86' lang='lat' dir='ltr'><strong>obedientia</strong></span> 
     </span>
    </p>
   </div>
   <div class='ocr_carea' id='block_1_87' title="bbox 1809 4190 3384 4264">
    <p class='ocr_par' dir='ltr' id='par_1_87' title="bbox 1809 4190 3384 4264">
     <span class='ocr_line' id='line_1_87' title="bbox 1809 4190 3384 4264; baseline 0.005 -22"><span class='ocrx_word' id='word_1_627' title='bbox 1809 4202 2014 4257; x_wconf 85' lang='lat' dir='ltr'><strong>vestra,</strong></span> <span class='ocrx_word' id='word_1_628' title='bbox 2051 4207 2072 4243; x_wconf 75' lang='grc' dir='ltr'><strong>ι</strong></span> <span class='ocrx_word' id='word_1_629' title='bbox 2105 4191 2267 4246; x_wconf 86' lang='lat' dir='ltr'><strong>tacite</strong></span> <span class='ocrx_word' id='word_1_630' title='bbox 2291 4190 2688 4264; x_wconf 64' lang='lat' dir='ltr'><strong>iudicasz</strong></span> <span class='ocrx_word' id='word_1_631' title='bbox 2719 4207 2812 4248; x_wconf 91' lang='lat' dir='ltr'><strong>eos</strong></span> <span class='ocrx_word' id='word_1_632' title='bbox 2845 4194 3060 4262; x_wconf 89' lang='lat' dir='ltr'><strong>quidem</strong></span> <span class='ocrx_word' id='word_1_633' title='bbox 3091 4195 3384 4251; x_wconf 88' lang='lat' dir='ltr'><strong>etiamnum</strong></span> 
     </span>
    </p>
   </div>
   <div class='ocr_carea' id='block_1_88' title="bbox 1796 4283 3384 4355">
    <p class='ocr_par' dir='ltr' id='par_1_88' title="bbox 1796 4283 3384 4355">
     <span class='ocr_line' id='line_1_88' title="bbox 1796 4283 3384 4355; baseline 0.001 -17"><span class='ocrx_word' id='word_1_634' title='bbox 1796 4283 2051 4349; x_wconf 80' lang='lat' dir='ltr'><strong>obedire,</strong></span> <span class='ocrx_word' id='word_1_635' title='bbox 2104 4283 2203 4338; x_wconf 84' lang='lat' dir='ltr'><strong>sed</strong></span> <span class='ocrx_word' id='word_1_636' title='bbox 2235 4285 2573 4355; x_wconf 82' lang='lat' dir='ltr'><strong>imperfecte.</strong></span> <span class='ocrx_word' id='word_1_637' title='bbox 2610 4284 2736 4339; x_wconf 68' lang='lat' dir='ltr'><strong>Haec</strong></span> <span class='ocrx_word' id='word_1_638' title='bbox 2767 4295 2946 4339; x_wconf 90' lang='lat' dir='ltr'><strong>autem</strong></span> <span class='ocrx_word' id='word_1_639' title='bbox 2983 4285 3384 4352; x_wconf 88' lang='lat' dir='ltr'><strong>interminatur,</strong></span> 
     </span>
    </p>
   </div>
   <div class='ocr_carea' id='block_1_89' title="bbox 1807 4376 3386 4445">
    <p class='ocr_par' dir='ltr' id='par_1_89' title="bbox 1807 4376 3386 4445">
     <span class='ocr_line' id='line_1_89' title="bbox 1807 4376 3386 4445; baseline 0.003 -15"><span class='ocrx_word' id='word_1_640' title='bbox 1807 4385 1867 4430; x_wconf 87' lang='lat' dir='ltr'><strong>ut</strong></span> <span class='ocrx_word' id='word_1_641' title='bbox 1905 4385 1960 4430; x_wconf 86' lang='lat' dir='ltr'><strong>et</strong></span> <span class='ocrx_word' id='word_1_642' title='bbox 1997 4376 2050 4430; x_wconf 89' lang='lat' dir='ltr'><strong>bi</strong></span> <span class='ocrx_word' id='word_1_643' title='bbox 2083 4385 2138 4431; x_wconf 90' lang='lat' dir='ltr'><strong>et</strong></span> <span class='ocrx_word' id='word_1_644' title='bbox 2181 4376 2258 4430; x_wconf 88' lang='lat' dir='ltr'><strong>illi</strong></span> <span class='ocrx_word' id='word_1_645' title='bbox 2293 4377 2571 4433; x_wconf 88' lang='lat' dir='ltr'><strong>meliorem</strong></span> <span class='ocrx_word' id='word_1_646' title='bbox 2604 4377 2770 4431; x_wconf 86' lang='lat' dir='ltr'><strong>vitam</strong></span> <span class='ocrx_word' id='word_1_647' title='bbox 2819 4378 3067 4445; x_wconf 88' lang='lat' dir='ltr'><strong>induant,</strong></span> <span class='ocrx_word' id='word_1_648' title='bbox 3105 4387 3159 4433; x_wconf 90' lang='lat' dir='ltr'><strong>et</strong></span> <span class='ocrx_word' id='word_1_649' title='bbox 3194 4389 3254 4433; x_wconf 92' lang='lat' dir='ltr'><strong>ut</strong></span> <span class='ocrx_word' id='word_1_650' title='bbox 3288 4395 3386 4434; x_wconf 90' lang='lat' dir='ltr'><strong>ue-</strong></span> 
     </span>
    </p>
   </div>
   <div class='ocr_carea' id='block_1_90' title="bbox 125 4439 1711 4546">
    <p class='ocr_par' dir='ltr' id='par_1_90' title="bbox 125 4439 1702 4527">
     <span class='ocr_line' id='line_1_90' title="bbox 125 4439 1702 4527; baseline 0.014 -35"><span class='ocrx_word' id='word_1_651' title='bbox 125 4439 228 4494; x_wconf 79' lang='grc' dir='ltr'>τῶν</span> <span class='ocrx_word' id='word_1_652' title='bbox 261 4445 534 4514; x_wconf 85' lang='grc' dir='ltr'>χειρόνων</span> <span class='ocrx_word' id='word_1_653' title='bbox 576 4447 714 4517; x_wconf 85' lang='grc' dir='ltr'>πρὸς</span> <span class='ocrx_word' id='word_1_654' title='bbox 757 4451 886 4514; x_wconf 87' lang='grc' dir='ltr'>τοὺς</span> <span class='ocrx_word' id='word_1_655' title='bbox 933 4454 1268 4522; x_wconf 88' lang='grc' dir='ltr'>κρείττονας·</span> <span class='ocrx_word' id='word_1_656' title='bbox 1300 4453 1420 4511; x_wconf 74' lang='grc' dir='ltr'>εἶτα</span> <span class='ocrx_word' id='word_1_657' title='bbox 1462 4459 1702 4527; x_wconf 86' lang='grc' dir='ltr'>γίνονται</span> 
     </span>
    </p>
   </div>
   <div class='ocr_carea' id='block_1_91' title="bbox 1816 4439 3386 4546">
    <p class='ocr_par' dir='ltr' id='par_1_91' title="bbox 1816 4467 3386 4526">
     <span class='ocr_line' id='line_1_91' title="bbox 1816 4467 3386 4526; baseline 0.002 -5"><span class='ocrx_word' id='word_1_658' title='bbox 1816 4469 2010 4522; x_wconf 90' lang='lat' dir='ltr'><strong>minem</strong></span> <span class='ocrx_word' id='word_1_659' title='bbox 2039 4467 2405 4524; x_wconf 76' lang='lat' dir='ltr'><strong>ferial.-Prius</strong></span> <span class='ocrx_word' id='word_1_660' title='bbox 2429 4479 2610 4522; x_wconf 88' lang='lat' dir='ltr'><strong>autem</strong></span> <span class='ocrx_word' id='word_1_661' title='bbox 2634 4469 2687 4521; x_wconf 90' lang='lat' dir='ltr'><strong>in</strong></span> <span class='ocrx_word' id='word_1_662' title='bbox 2720 4469 2876 4523; x_wconf 89' lang='lat' dir='ltr'><strong>nobis</strong></span> <span class='ocrx_word' id='word_1_663' title='bbox 2902 4469 3266 4524; x_wconf 84' lang='lat' dir='ltr'><strong>coniiciuntur</strong></span> <span class='ocrx_word' id='word_1_664' title='bbox 3296 4487 3386 4526; x_wconf 81' lang='lat' dir='ltr'><strong>ra-</strong></span> 
     </span>
    </p>
   </div>
   <div class='ocr_carea' id='block_1_92' title="bbox 125 4531 1711 4630">
    <p class='ocr_par' dir='ltr' id='par_1_92' title="bbox 125 4531 1704 4630">
     <span class='ocr_line' id='line_1_92' title="bbox 125 4531 1704 4630; baseline 0.015 -47"><span class='ocrx_word' id='word_1_665' title='bbox 125 4531 419 4630; x_wconf 44' lang='grc' dir='ltr'>ὑῖνὼιιατα,</span> <span class='ocrx_word' id='word_1_666' title='bbox 443 4537 720 4630; x_wconf 77' lang='grc' dir='ltr'>νικιῦντων</span> <span class='ocrx_word' id='word_1_667' title='bbox 735 4541 956 4616; x_wconf 76' lang='grc' dir='ltr'>δηλαδὴ,</span> <span class='ocrx_word' id='word_1_668' title='bbox 985 4546 1073 4599; x_wconf 86' lang='grc' dir='ltr'>ὅτε</span> <span class='ocrx_word' id='word_1_669' title='bbox 1097 4549 1189 4601; x_wconf 78' lang='grc' dir='ltr'><strong>καὶ</strong></span> <span class='ocrx_word' id='word_1_670' title='bbox 1205 4549 1536 4622; x_wconf 85' lang='grc' dir='ltr'>ἐπαίρωνται</span> <span class='ocrx_word' id='word_1_671' title='bbox 1563 4555 1704 4606; x_wconf 77' lang='grc' dir='ltr'>κατὰ</span> 
     </span>
    </p>
   </div>
   <div class='ocr_carea' id='block_1_93' title="bbox 1816 4531 3387 4630">
    <p class='ocr_par' dir='ltr' id='par_1_93' title="bbox 1816 4558 3387 4630">
     <span class='ocr_line' id='line_1_93' title="bbox 1816 4558 3387 4630; baseline 0.001 -16"><span class='ocrx_word' id='word_1_672' title='bbox 1816 4559 2208 4624; x_wconf 67' lang='lat' dir='ltr'><strong>iiocinatioues,</strong></span> <span class='ocrx_word' id='word_1_673' title='bbox 2229 4559 2512 4630; x_wconf 77' lang='lat' dir='ltr'><strong>pejoribus</strong></span> <span class='ocrx_word' id='word_1_674' title='bbox 2545 4559 2830 4613; x_wconf 89' lang='lat' dir='ltr'><strong>adversum</strong></span> <span class='ocrx_word' id='word_1_675' title='bbox 2864 4558 3102 4628; x_wconf 85' lang='lat' dir='ltr'><strong>potiores</strong></span> <span class='ocrx_word' id='word_1_676' title='bbox 3127 4560 3387 4615; x_wconf 84' lang='lat' dir='ltr'><strong>luctanti-</strong></span> 
     </span>
    </p>
   </div>
   <div class='ocr_carea' id='block_1_94' title="bbox 124 4623 1707 4712">
    <p class='ocr_par' dir='ltr' id='par_1_94' title="bbox 124 4623 1707 4712">
     <span class='ocr_line' id='line_1_94' title="bbox 124 4623 1707 4712; baseline 0.013 -34"><span class='ocrx_word' id='word_1_677' title='bbox 124 4623 220 4694; x_wconf 77' lang='grc' dir='ltr'><strong>τῆς</strong></span> <span class='ocrx_word' id='word_1_678' title='bbox 242 4626 423 4694; x_wconf 64' lang='grc' dir='ltr'><strong>6θείοις</strong></span> <span class='ocrx_word' id='word_1_679' title='bbox 449 4629 724 4699; x_wconf 82' lang='grc' dir='ltr'>γνώσεως,</span> <span class='ocrx_word' id='word_1_680' title='bbox 752 4635 848 4688; x_wconf 79' lang='grc' dir='ltr'>καὶ</span> <span class='ocrx_word' id='word_1_681' title='bbox 879 4637 1152 4704; x_wconf 85' lang='grc' dir='ltr'>τοσοῦτον,</span> <span class='ocrx_word' id='word_1_682' title='bbox 1181 4639 1324 4694; x_wconf 81' lang='grc' dir='ltr'>ὥστε</span> <span class='ocrx_word' id='word_1_683' title='bbox 1353 4643 1454 4696; x_wconf 77' lang='grc' dir='ltr'>καὶ</span> <span class='ocrx_word' id='word_1_684' title='bbox 1497 4645 1578 4706; x_wconf 90' lang='grc' dir='ltr'><strong>εἰς</strong></span> <span class='ocrx_word' id='word_1_685' title='bbox 1607 4643 1707 4712; x_wconf 84' lang='grc' dir='ltr'><strong>τὴν</strong></span> 
     </span>
    </p>
   </div>
   <div class='ocr_carea' id='block_1_95' title="bbox 124 4716 1707 4805">
    <p class='ocr_par' dir='ltr' id='par_1_95' title="bbox 124 4716 1707 4805">
     <span class='ocr_line' id='line_1_95' title="bbox 124 4716 1707 4805; baseline 0.012 -38"><span class='ocrx_word' id='word_1_686' title='bbox 124 4716 213 4769; x_wconf 92' lang='grc' dir='ltr'><strong>τοῦ</strong></span> <span class='ocrx_word' id='word_1_687' title='bbox 258 4719 541 4790; x_wconf 80' lang='grc' dir='ltr'>νοήματος</span> <span class='ocrx_word' id='word_1_688' title='bbox 583 4722 630 4756; x_wconf 64' lang='grc'>⁸⁸</span> <span class='ocrx_word' id='word_1_689' title='bbox 677 4724 834 4791; x_wconf 76' lang='grc' dir='ltr'>τάξιν</span> <span class='ocrx_word' id='word_1_690' title='bbox 882 4730 1221 4802; x_wconf 76' lang='grc' dir='ltr'>ἀνατρέχειν,</span> <span class='ocrx_word' id='word_1_691' title='bbox 1265 4725 1376 4786; x_wconf 75' lang='grc' dir='ltr'>οἷον</span> <span class='ocrx_word' id='word_1_692' title='bbox 1425 4732 1707 4805; x_wconf 84' lang='grc' dir='ltr'>λεγόμενοι</span> 
     </span>
    </p>
   </div>
   <div class='ocr_carea' id='block_1_96' title="bbox 123 4810 1709 4897">
    <p class='ocr_par' dir='ltr' id='par_1_96' title="bbox 123 4810 1709 4897">
     <span class='ocr_line' id='line_1_96' title="bbox 123 4810 1709 4897; baseline 0.011 -34"><span class='ocrx_word' id='word_1_693' title='bbox 123 4810 530 4885; x_wconf 81' lang='grc' dir='ltr'>ὲνθοοσιασμοί.</span> <span class='ocrx_word' id='word_1_694' title='bbox 581 4817 740 4872; x_wconf 80' lang='grc' dir='ltr'>Ἐστι</span> <span class='ocrx_word' id='word_1_695' title='bbox 791 4821 902 4892; x_wconf 88' lang='grc' dir='ltr'>γὰρ</span> <span class='ocrx_word' id='word_1_696' title='bbox 931 4822 1138 4894; x_wconf 89' lang='grc' dir='ltr'>νόησις,</span> <span class='ocrx_word' id='word_1_697' title='bbox 1173 4824 1319 4897; x_wconf 79' lang='grc' dir='ltr'>ἁπλῆ</span> <span class='ocrx_word' id='word_1_698' title='bbox 1351 4827 1447 4880; x_wconf 80' lang='grc' dir='ltr'><strong>καὶ</strong></span> <span class='ocrx_word' id='word_1_699' title='bbox 1483 4827 1709 4882; x_wconf 82' lang='grc' dir='ltr'>ἀσυλλό-</span> 
     </span>
    </p>
   </div>
   <div class='ocr_carea' id='block_1_97' title="bbox 122 4905 1706 4992">
    <p class='ocr_par' dir='ltr' id='par_1_97' title="bbox 122 4905 1706 4992">
     <span class='ocr_line' id='line_1_97' title="bbox 122 4905 1706 4992; baseline 0.012 -37"><span class='ocrx_word' id='word_1_700' title='bbox 122 4917 308 4970; x_wconf 79' lang='grc' dir='ltr'>γιστος</span> <span class='ocrx_word' id='word_1_701' title='bbox 351 4905 578 4979; x_wconf 80' lang='grc' dir='ltr'>ἐπιϐολὴ</span> <span class='ocrx_word' id='word_1_702' title='bbox 599 4907 645 4942; x_wconf 63' lang='grc' dir='ltr'><strong>δ’</strong></span> <span class='ocrx_word' id='word_1_703' title='bbox 681 4909 775 4964; x_wconf 86' lang='grc' dir='ltr'><strong>τοῦ</strong></span> <span class='ocrx_word' id='word_1_704' title='bbox 801 4913 916 4980; x_wconf 90' lang='grc' dir='ltr'>νοῦ,</span> <span class='ocrx_word' id='word_1_705' title='bbox 966 4915 1106 4968; x_wconf 80' lang='grc' dir='ltr'>αὐτά</span> <span class='ocrx_word' id='word_1_706' title='bbox 1153 4915 1411 4972; x_wconf 83' lang='grc' dir='ltr'>δεικνῦσα</span> <span class='ocrx_word' id='word_1_707' title='bbox 1458 4917 1528 4971; x_wconf 89' lang='grc' dir='ltr'>τὰ</span> <span class='ocrx_word' id='word_1_708' title='bbox 1560 4919 1706 4992; x_wconf 85' lang='grc' dir='ltr'>πρά-</span> 
     </span>
    </p>
   </div>
   <div class='ocr_carea' id='block_1_98' title="bbox 123 5000 1700 5076">
    <p class='ocr_par' dir='ltr' id='par_1_98' title="bbox 123 5000 1700 5076">
     <span class='ocr_line' id='line_1_98' title="bbox 123 5000 1700 5076; baseline 0.01 -28"><span class='ocrx_word' id='word_1_709' title='bbox 123 5009 311 5064; x_wconf 83' lang='grc' dir='ltr'>γματα</span> <span class='ocrx_word' id='word_1_710' title='bbox 342 5000 669 5068; x_wconf 77' lang='grc' dir='ltr'>κρειττόνως</span> <span class='ocrx_word' id='word_1_711' title='bbox 770 5003 803 5074; x_wconf 87' lang='grc' dir='ltr'><strong>ή</strong></span> <span class='ocrx_word' id='word_1_712' title='bbox 851 5004 1147 5071; x_wconf 79' lang='grc' dir='ltr'>ἀπόδειξις.</span> <span class='ocrx_word' id='word_1_713' title='bbox 1189 5007 1342 5063; x_wconf 81' lang='grc' dir='ltr'>Εἰσὶν</span> <span class='ocrx_word' id='word_1_714' title='bbox 1379 5006 1474 5063; x_wconf 87' lang='grc' dir='ltr'><strong>οῦν</strong></span> <span class='ocrx_word' id='word_1_715' title='bbox 1502 5009 1598 5064; x_wconf 78' lang='grc' dir='ltr'>καὶ</span> <span class='ocrx_word' id='word_1_716' title='bbox 1639 5012 1700 5064; x_wconf 83' lang='grc' dir='ltr'><strong>ἐν</strong></span> 
     </span>
    </p>
   </div>
   <div class='ocr_carea' id='block_1_99' title="bbox 123 5089 1698 5168">
    <p class='ocr_par' dir='ltr' id='par_1_99' title="bbox 123 5089 1698 5168">
     <span class='ocr_line' id='line_1_99' title="bbox 123 5089 1698 5168; baseline 0.01 -29"><span class='ocrx_word' id='word_1_717' title='bbox 123 5089 229 5151; x_wconf 85' lang='grc' dir='ltr'>τοῖς</span> <span class='ocrx_word' id='word_1_718' title='bbox 261 5090 376 5143; x_wconf 79' lang='grc' dir='ltr'>ὑπὸ</span> <span class='ocrx_word' id='word_1_719' title='bbox 403 5091 676 5162; x_wconf 84' lang='grc' dir='ltr'>δαιμόνων</span> <span class='ocrx_word' id='word_1_720' title='bbox 721 5096 1106 5168; x_wconf 85' lang='grc' dir='ltr'>ἀπατωμένοις</span> <span class='ocrx_word' id='word_1_721' title='bbox 1151 5100 1400 5155; x_wconf 86' lang='grc' dir='ltr'>τοιαῦται</span> <span class='ocrx_word' id='word_1_722' title='bbox 1441 5101 1698 5158; x_wconf 85' lang='grc' dir='ltr'>δοκοῦσαι</span> 
     </span>
    </p>
   </div>
   <div class='ocr_carea' id='block_1_100' title="bbox 125 5179 1702 5265">
    <p class='ocr_par' dir='ltr' id='par_1_100' title="bbox 125 5179 1702 5265">
     <span class='ocr_line' id='line_1_100' title="bbox 125 5179 1702 5265; baseline 0.011 -34"><span class='ocrx_word' id='word_1_723' title='bbox 125 5179 362 5252; x_wconf 84' lang='grc' dir='ltr'>νοήσεις,</span> <span class='ocrx_word' id='word_1_724' title='bbox 412 5183 479 5248; x_wconf 77' lang='grc' dir='ltr'>ἃς</span> <span class='ocrx_word' id='word_1_725' title='bbox 522 5187 551 5239; x_wconf 87' lang='grc' dir='ltr'><strong>ὁ</strong></span> <span class='ocrx_word' id='word_1_726' title='bbox 585 5185 818 5255; x_wconf 83' lang='grc' dir='ltr'>Παῦλος,</span> <span class='ocrx_word' id='word_1_727' title='bbox 853 5192 948 5244; x_wconf 85' lang='grc' dir='ltr'><strong>καὶ</strong></span> <span class='ocrx_word' id='word_1_728' title='bbox 991 5191 1045 5244; x_wconf 81' lang='grc' dir='ltr'><strong>εἰ</strong></span> <span class='ocrx_word' id='word_1_729' title='bbox 1077 5207 1161 5256; x_wconf 86' lang='grc' dir='ltr'><strong>τις</strong></span> <span class='ocrx_word' id='word_1_730' title='bbox 1193 5192 1337 5246; x_wconf 81' lang='grc' dir='ltr'>κατὰ</span> <span class='ocrx_word' id='word_1_731' title='bbox 1365 5193 1574 5265; x_wconf 86' lang='grc' dir='ltr'>τοῦτον,</span> <span class='ocrx_word' id='word_1_732' title='bbox 1615 5195 1702 5250; x_wconf 80' lang='grc' dir='ltr'>αἰο</span> 
     </span>
    </p>
   </div>
   <div class='ocr_carea' id='block_1_101' title="bbox 128 5277 1406 5355">
    <p class='ocr_par' dir='ltr' id='par_1_101' title="bbox 128 5277 1406 5355">
     <span class='ocr_line' id='line_1_101' title="bbox 128 5277 1406 5355; baseline 0.007 -26"><span class='ocrx_word' id='word_1_733' title='bbox 128 5277 462 5345; x_wconf 78' lang='grc' dir='ltr'>χμαλωτίζει</span> <span class='ocrx_word' id='word_1_734' title='bbox 496 5281 575 5343; x_wconf 84' lang='grc' dir='ltr'><strong>εἰς</strong></span> <span class='ocrx_word' id='word_1_735' title='bbox 601 5280 699 5350; x_wconf 88' lang='grc' dir='ltr'>τὴν</span> <span class='ocrx_word' id='word_1_736' title='bbox 729 5281 978 5353; x_wconf 83' lang='grc' dir='ltr'>ὑπακοὴν</span> <span class='ocrx_word' id='word_1_737' title='bbox 1008 5283 1099 5336; x_wconf 87' lang='grc' dir='ltr'><strong>τοῦ</strong></span> <span class='ocrx_word' id='word_1_738' title='bbox 1139 5283 1406 5355; x_wconf 86' lang='grc' dir='ltr'>Χριστοῦ.</span> 
     </span>
    </p>
   </div>
   <div class='ocr_carea' id='block_1_102' title="bbox 1802 4650 3386 4719">
    <p class='ocr_par' dir='ltr' id='par_1_102' title="bbox 1802 4650 3386 4719">
     <span class='ocr_line' id='line_1_102' title="bbox 1802 4650 3386 4719; baseline 0.001 -12"><span class='ocrx_word' id='word_1_739' title='bbox 1802 4651 1939 4718; x_wconf 81' lang='lat' dir='ltr'><strong>bus;</strong></span> <span class='ocrx_word' id='word_1_740' title='bbox 2000 4652 2194 4706; x_wconf 88' lang='lat' dir='ltr'><strong>deinde</strong></span> <span class='ocrx_word' id='word_1_741' title='bbox 2227 4651 2362 4705; x_wconf 79' lang='lat' dir='ltr'><strong>ﬁunt</strong></span> <span class='ocrx_word' id='word_1_742' title='bbox 2402 4650 2764 4705; x_wconf 83' lang='lat' dir='ltr'><strong>exaltationes</strong></span> <span class='ocrx_word' id='word_1_743' title='bbox 2807 4650 2888 4705; x_wconf 85' lang='lat' dir='ltr'><strong>vel</strong></span> <span class='ocrx_word' id='word_1_744' title='bbox 2941 4651 3271 4719; x_wconf 85' lang='lat' dir='ltr'><strong>altitudines,</strong></span> <span class='ocrx_word' id='word_1_745' title='bbox 3307 4655 3386 4708; x_wconf 84' lang='lat' dir='ltr'><strong>vi-</strong></span> 
     </span>
    </p>
   </div>
   <div class='ocr_carea' id='block_1_103' title="bbox 1804 4741 3471 4812">
    <p class='ocr_par' dir='ltr' id='par_1_103' title="bbox 1804 4741 3471 4812">
     <span class='ocr_line' id='line_1_103' title="bbox 1804 4741 3471 4812; baseline -0.004 -14"><span class='ocrx_word' id='word_1_746' title='bbox 1804 4743 2032 4800; x_wconf 87' lang='lat' dir='ltr'><strong>ctoriam</strong></span> <span class='ocrx_word' id='word_1_747' title='bbox 2069 4741 2325 4798; x_wconf 80' lang='lat' dir='ltr'><strong>videlicet</strong></span> <span class='ocrx_word' id='word_1_748' title='bbox 2355 4743 2752 4806; x_wconf 82' lang='lat' dir='ltr'><strong>obtinentibus,</strong></span> <span class='ocrx_word' id='word_1_749' title='bbox 2791 4742 3013 4812; x_wconf 88' lang='lat' dir='ltr'><strong>quando</strong></span> <span class='ocrx_word' id='word_1_750' title='bbox 3038 4755 3225 4798; x_wconf 89' lang='lat' dir='ltr'><strong>coutra</strong></span> <span class='ocrx_word' id='word_1_751' title='bbox 3248 4745 3385 4800; x_wconf 88' lang='lat' dir='ltr'><strong>divi-</strong></span> <span class='ocrx_word' id='word_1_752' title='bbox 3460 4783 3471 4792; x_wconf 83' lang='lat'><strong><em>,</em></strong></span> 
     </span>
    </p>
   </div>
   <div class='ocr_carea' id='block_1_104' title="bbox 1804 4831 3444 4902">
    <p class='ocr_par' dir='ltr' id='par_1_104' title="bbox 1804 4831 3444 4902">
     <span class='ocr_line' id='line_1_104' title="bbox 1804 4831 3444 4902; baseline 0.003 -15"><span class='ocrx_word' id='word_1_753' title='bbox 1804 4847 1929 4887; x_wconf 78' lang='lat' dir='ltr'><strong>nam</strong></span> <span class='ocrx_word' id='word_1_754' title='bbox 1959 4831 2322 4900; x_wconf 69' lang='lat' dir='ltr'><strong>cognitionem</strong></span> <span class='ocrx_word' id='word_1_755' title='bbox 2352 4832 2656 4902; x_wconf 77' lang='lat' dir='ltr'><strong>eriguntur,</strong></span> <span class='ocrx_word' id='word_1_756' title='bbox 2701 4833 2944 4902; x_wconf 88' lang='lat' dir='ltr'><strong>adeoque</strong></span> <span class='ocrx_word' id='word_1_757' title='bbox 2978 4840 3036 4886; x_wconf 93' lang='lat' dir='ltr'><strong>ut</strong></span> <span class='ocrx_word' id='word_1_758' title='bbox 3066 4833 3148 4888; x_wconf 88' lang='lat' dir='ltr'><strong>vel</strong></span> <span class='ocrx_word' id='word_1_759' title='bbox 3177 4834 3392 4889; x_wconf 81' lang='lat' dir='ltr'><strong>iutelle—</strong></span> <span class='ocrx_word' id='word_1_760' title='bbox 3441 4890 3444 4892; x_wconf 84' lang='lat'><strong>.</strong></span> 
     </span>
    </p>
   </div>
   <div class='ocr_carea' id='block_1_105' title="bbox 1804 4923 3382 4995">
    <p class='ocr_par' dir='ltr' id='par_1_105' title="bbox 1804 4923 3382 4995">
     <span class='ocr_line' id='line_1_105' title="bbox 1804 4923 3382 4995; baseline 0.001 -17"><span class='ocrx_word' id='word_1_761' title='bbox 1804 4935 1926 4978; x_wconf 91' lang='lat' dir='ltr'><strong>ctus</strong></span> <span class='ocrx_word' id='word_1_762' title='bbox 1969 4924 2146 4979; x_wconf 92' lang='lat' dir='ltr'><strong>locum</strong></span> <span class='ocrx_word' id='word_1_763' title='bbox 2184 4933 2474 4993; x_wconf 86' lang='lat' dir='ltr'><strong>occupent,</strong></span> <span class='ocrx_word' id='word_1_764' title='bbox 2497 4923 2687 4994; x_wconf 84' lang='lat' dir='ltr'><strong>quales</strong></span> <span class='ocrx_word' id='word_1_765' title='bbox 2717 4933 2843 4978; x_wconf 89' lang='lat' dir='ltr'><strong>sunt</strong></span> <span class='ocrx_word' id='word_1_766' title='bbox 2869 4926 2963 4995; x_wconf 88' lang='lat' dir='ltr'><strong>qui</strong></span> <span class='ocrx_word' id='word_1_767' title='bbox 3005 4927 3259 4981; x_wconf 87' lang='lat' dir='ltr'><strong>dicuntur</strong></span> <span class='ocrx_word' id='word_1_768' title='bbox 3299 4925 3382 4979; x_wconf 83' lang='lat' dir='ltr'><strong>fu-</strong></span> 
     </span>
    </p>
   </div>
   <div class='ocr_carea' id='block_1_106' title="bbox 1775 5015 3381 5082">
    <p class='ocr_par' dir='ltr' id='par_1_106' title="bbox 1775 5015 3381 5082">
     <span class='ocr_line' id='line_1_106' title="bbox 1775 5015 3381 5082; baseline 0 -12"><span class='ocrx_word' id='word_1_769' title='bbox 1775 5031 1973 5082; x_wconf 64' lang='lat' dir='ltr'><strong>.rores,</strong></span> <span class='ocrx_word' id='word_1_770' title='bbox 2011 5016 2127 5070; x_wconf 88' lang='lat' dir='ltr'><strong>sive</strong></span> <span class='ocrx_word' id='word_1_771' title='bbox 2178 5015 2416 5072; x_wconf 91' lang='lat' dir='ltr'><strong>numinis</strong></span> <span class='ocrx_word' id='word_1_772' title='bbox 2476 5015 2711 5071; x_wconf 81' lang='lat' dir='ltr'><strong>amatus.</strong></span> <span class='ocrx_word' id='word_1_773' title='bbox 2763 5015 2858 5072; x_wconf 89' lang='lat' dir='ltr'><strong>Est</strong></span> <span class='ocrx_word' id='word_1_774' title='bbox 2890 5016 3034 5072; x_wconf 89' lang='lat' dir='ltr'><strong>enim</strong></span> <span class='ocrx_word' id='word_1_775' title='bbox 3080 5017 3381 5071; x_wconf 79' lang='lat' dir='ltr'><strong>intellectus</strong></span> 
     </span>
    </p>
   </div>
   <div class='ocr_carea' id='block_1_107' title="bbox 1807 5105 3378 5176">
    <p class='ocr_par' dir='ltr' id='par_1_107' title="bbox 1807 5105 3378 5176">
     <span class='ocr_line' id='line_1_107' title="bbox 1807 5105 3378 5176; baseline -0.001 -15"><span class='ocrx_word' id='word_1_776' title='bbox 1807 5105 2038 5176; x_wconf 77' lang='lat' dir='ltr'><strong>simplex</strong></span> <span class='ocrx_word' id='word_1_777' title='bbox 2066 5114 2122 5161; x_wconf 90' lang='lat' dir='ltr'><strong>et</strong></span> <span class='ocrx_word' id='word_1_778' title='bbox 2166 5107 2586 5162; x_wconf 83' lang='lat' dir='ltr'><strong>ratiocinatione</strong></span> <span class='ocrx_word' id='word_1_779' title='bbox 2626 5122 2828 5162; x_wconf 87' lang='lat' dir='ltr'><strong>vacans</strong></span> <span class='ocrx_word' id='word_1_780' title='bbox 2869 5107 3068 5164; x_wconf 88' lang='lat' dir='ltr'><strong>mentis</strong></span> <span class='ocrx_word' id='word_1_781' title='bbox 3097 5105 3238 5160; x_wconf 89' lang='lat' dir='ltr'><strong>actio</strong></span> <span class='ocrx_word' id='word_1_782' title='bbox 3277 5107 3378 5159; x_wconf 87' lang='lat' dir='ltr'><strong>im-</strong></span> 
     </span>
    </p>
   </div>
   <div class='ocr_carea' id='block_1_108' title="bbox 1807 5198 3371 5269">
    <p class='ocr_par' dir='ltr' id='par_1_108' title="bbox 1807 5198 3371 5269">
     <span class='ocr_line' id='line_1_108' title="bbox 1807 5198 3371 5269; baseline -0.002 -15"><span class='ocrx_word' id='word_1_783' title='bbox 1807 5206 2029 5267; x_wconf 87' lang='lat' dir='ltr'><strong>petusve</strong></span> <span class='ocrx_word' id='word_1_784' title='bbox 2057 5198 2172 5268; x_wconf 86' lang='lat' dir='ltr'><strong>ipsa</strong></span> <span class='ocrx_word' id='word_1_785' title='bbox 2208 5213 2368 5268; x_wconf 88' lang='lat' dir='ltr'><strong>opera</strong></span> <span class='ocrx_word' id='word_1_786' title='bbox 2421 5199 2614 5254; x_wconf 87' lang='lat' dir='ltr'><strong>melius</strong></span> <span class='ocrx_word' id='word_1_787' title='bbox 2639 5201 2926 5254; x_wconf 87' lang='lat' dir='ltr'><strong>ostendens</strong></span> <span class='ocrx_word' id='word_1_788' title='bbox 2951 5213 3129 5269; x_wconf 75' lang='lat' dir='ltr'><strong>,quam</strong></span> <span class='ocrx_word' id='word_1_789' title='bbox 3163 5199 3371 5252; x_wconf 83' lang='lat' dir='ltr'><strong>demon-</strong></span> 
     </span>
    </p>
   </div>
   <div class='ocr_carea' id='block_1_109' title="bbox 1806 5288 3378 5360">
    <p class='ocr_par' dir='ltr' id='par_1_109' title="bbox 1806 5288 3378 5360">
     <span class='ocr_line' id='line_1_109' title="bbox 1806 5288 3378 5360; baseline -0.001 -16"><span class='ocrx_word' id='word_1_790' title='bbox 1806 5289 2018 5346; x_wconf 87' lang='lat' dir='ltr'><strong>stratio.</strong></span> <span class='ocrx_word' id='word_1_791' title='bbox 2050 5288 2188 5345; x_wconf 88' lang='lat' dir='ltr'><strong>Sunt</strong></span> <span class='ocrx_word' id='word_1_792' title='bbox 2215 5291 2378 5360; x_wconf 78' lang='lat' dir='ltr'><strong>igitur</strong></span> <span class='ocrx_word' id='word_1_793' title='bbox 2400 5300 2455 5345; x_wconf 91' lang='lat' dir='ltr'><strong>et</strong></span> <span class='ocrx_word' id='word_1_794' title='bbox 2484 5290 2537 5344; x_wconf 91' lang='lat' dir='ltr'><strong>in</strong></span> <span class='ocrx_word' id='word_1_795' title='bbox 2561 5290 2628 5345; x_wconf 92' lang='lat' dir='ltr'><strong>iis</strong></span> <span class='ocrx_word' id='word_1_796' title='bbox 2653 5290 2846 5360; x_wconf 88' lang='lat' dir='ltr'><strong>quibus</strong></span> <span class='ocrx_word' id='word_1_797' title='bbox 2871 5305 2899 5343; x_wconf 92' lang='lat' dir='ltr'><strong>a</strong></span> <span class='ocrx_word' id='word_1_798' title='bbox 2923 5291 3255 5346; x_wconf 57' lang='lat' dir='ltr'><strong>daemonibus</strong></span> <span class='ocrx_word' id='word_1_799' title='bbox 3284 5291 3378 5344; x_wconf 85' lang='lat' dir='ltr'><strong>itu-</strong></span> 
     </span>
    </p>
   </div>
   <div class='ocr_carea' id='block_1_110' title="bbox 129 5375 3383 5456">
    <p class='ocr_par' dir='ltr' id='par_1_110' title="bbox 129 5375 3383 5456">
     <span class='ocr_line' id='line_1_110' title="bbox 129 5375 3383 5456; baseline 0.004 -30"><span class='ocrx_word' id='word_1_800' title='bbox 129 5375 368 5441; x_wconf 89' lang='lat' dir='ltr'><strong>ponitur,</strong></span> <span class='ocrx_word' id='word_1_801' title='bbox 398 5376 554 5443; x_wconf 84' lang='lat' dir='ltr'><strong>tales,</strong></span> <span class='ocrx_word' id='word_1_802' title='bbox 581 5385 639 5431; x_wconf 88' lang='lat' dir='ltr'><strong>ut</strong></span> <span class='ocrx_word' id='word_1_803' title='bbox 671 5377 910 5445; x_wconf 88' lang='lat' dir='ltr'><strong>videtur,</strong></span> <span class='ocrx_word' id='word_1_804' title='bbox 974 5378 1299 5450; x_wconf 76' lang='lat' dir='ltr'><strong>intellectus,</strong></span> <span class='ocrx_word' id='word_1_805' title='bbox 1340 5397 1479 5452; x_wconf 90' lang='lat' dir='ltr'><strong>quos</strong></span> <span class='ocrx_word' id='word_1_806' title='bbox 1543 5380 1766 5450; x_wconf 86' lang='lat' dir='ltr'><strong>Paulus,</strong></span> <span class='ocrx_word' id='word_1_807' title='bbox 1804 5393 1863 5439; x_wconf 88' lang='lat' dir='ltr'><strong>et</strong></span> <span class='ocrx_word' id='word_1_808' title='bbox 1894 5385 1938 5440; x_wconf 86' lang='lat' dir='ltr'><strong>si</strong></span> <span class='ocrx_word' id='word_1_809' title='bbox 1961 5385 2102 5456; x_wconf 67' lang='lat' dir='ltr'><strong>{quis</strong></span> <span class='ocrx_word' id='word_1_810' title='bbox 2141 5386 2282 5444; x_wconf 81' lang='lat' dir='ltr'><strong>alius</strong></span> <span class='ocrx_word' id='word_1_811' title='bbox 2303 5385 2454 5443; x_wconf 85' lang='lat' dir='ltr'><strong>Pauli</strong></span> <span class='ocrx_word' id='word_1_812' title='bbox 2485 5385 2679 5456; x_wconf 87' lang='lat' dir='ltr'><strong>spiritu</strong></span> <span class='ocrx_word' id='word_1_813' title='bbox 2723 5386 2937 5451; x_wconf 90' lang='lat' dir='ltr'><strong>ductus,</strong></span> <span class='ocrx_word' id='word_1_814' title='bbox 2963 5385 3200 5453; x_wconf 85' lang='lat' dir='ltr'><strong>captivos</strong></span> <span class='ocrx_word' id='word_1_815' title='bbox 3234 5383 3383 5440; x_wconf 89' lang='lat' dir='ltr'><strong>ducit</strong></span> 
     </span>
    </p>
   </div>
   <div class='ocr_carea' id='block_1_111' title="bbox 127 5467 874 5529">
    <p class='ocr_par' dir='ltr' id='par_1_111' title="bbox 127 5467 874 5529">
     <span class='ocr_line' id='line_1_111' title="bbox 127 5467 874 5529; baseline 0.009 -9"><span class='ocrx_word' id='word_1_816' title='bbox 127 5467 192 5521; x_wconf 87' lang='lat' dir='ltr'><strong>ad</strong></span> <span class='ocrx_word' id='word_1_817' title='bbox 230 5467 596 5526; x_wconf 88' lang='lat' dir='ltr'><strong>obedientiam</strong></span> <span class='ocrx_word' id='word_1_818' title='bbox 645 5470 874 5529; x_wconf 85' lang='lat' dir='ltr'><strong>Christi.</strong></span> 
     </span>
    </p>
   </div>
   <div class='ocr_carea' id='block_1_112' title="bbox 190 5624 691 5698">
    <p class='ocr_par' dir='ltr' id='par_1_112' title="bbox 190 5624 691 5698">
     <span class='ocr_line' id='line_1_112' title="bbox 190 5624 691 5698; baseline 0.008 -16"><span class='ocrx_word' id='word_1_819' title='bbox 190 5624 268 5667; x_wconf 65' lang='grc' dir='ltr'><strong>ιιι</strong></span> <span class='ocrx_word' id='word_1_820' title='bbox 303 5629 420 5686; x_wconf 79' lang='lat' dir='ltr'><strong>Act.</strong></span> <span class='ocrx_word' id='word_1_821' title='bbox 455 5647 572 5698; x_wconf 77' lang='lat' dir='ltr'><strong>xu,</strong></span> <span class='ocrx_word' id='word_1_822' title='bbox 603 5631 691 5688; x_wconf 78' lang='grc'><strong>19.</strong></span> 
     </span>
    </p>
   </div>
   <div class='ocr_carea' id='block_1_113' title="bbox 1449 5727 2021 5793">
    <p class='ocr_par' dir='ltr' id='par_1_113' title="bbox 1449 5727 2021 5793">
     <span class='ocr_line' id='line_1_113' title="bbox 1449 5727 2021 5793; baseline 0.005 -7"><span class='ocrx_word' id='word_1_823' title='bbox 1449 5727 1651 5790; x_wconf 67' lang='grc' dir='ltr'>νεηνίαι</span> <span class='ocrx_word' id='word_1_824' title='bbox 1691 5727 2021 5793; x_wconf 86' lang='lat' dir='ltr'><strong>lectiones.</strong></span> 
     </span>
    </p>
   </div>
   <div class='ocr_carea' id='block_1_114' title="bbox 201 5822 3366 5904">
    <p class='ocr_par' dir='ltr' id='par_1_114' title="bbox 201 5822 3366 5904">
     <span class='ocr_line' id='line_1_114' title="bbox 201 5822 3366 5904; baseline 0.003 -27"><span class='ocrx_word' id='word_1_825' title='bbox 201 5822 247 5853; x_wconf 77' lang='lat'><strong>“</strong></span> <span class='ocrx_word' id='word_1_826' title='bbox 278 5823 742 5897; x_wconf 83' lang='grc' dir='ltr'>ὑποταπεινοῦμεν</span> <span class='ocrx_word' id='word_1_827' title='bbox 758 5840 814 5884; x_wconf 88' lang='grc' dir='ltr'><strong>ο.</strong></span> <span class='ocrx_word' id='word_1_828' title='bbox 891 5826 938 5860; x_wconf 78' lang='grc'><strong>⁸⁸</strong></span> <span class='ocrx_word' id='word_1_829' title='bbox 960 5827 1140 5882; x_wconf 80' lang='grc' dir='ltr'>ὅπλων</span> <span class='ocrx_word' id='word_1_830' title='bbox 1174 5844 1228 5884; x_wconf 93' lang='grc' dir='ltr'><strong>ο.</strong></span> <span class='ocrx_word' id='word_1_831' title='bbox 1305 5827 1350 5859; x_wconf 71' lang='grc'>⁸⁸</span> <span class='ocrx_word' id='word_1_832' title='bbox 1376 5829 1475 5899; x_wconf 79' lang='grc' dir='ltr'>μὲν</span> <span class='ocrx_word' id='word_1_833' title='bbox 1495 5831 1827 5904; x_wconf 80' lang='grc' dir='ltr'>ἁργέστερον</span> <span class='ocrx_word' id='word_1_834' title='bbox 1860 5849 1912 5888; x_wconf 92' lang='grc' dir='ltr'><strong>ο.</strong></span> <span class='ocrx_word' id='word_1_835' title='bbox 1957 5834 1998 5865; x_wconf 69' lang='grc'><strong>’⁷</strong></span> <span class='ocrx_word' id='word_1_836' title='bbox 2033 5832 2266 5897; x_wconf 84' lang='grc' dir='ltr'>ἀνιάτως</span> <span class='ocrx_word' id='word_1_837' title='bbox 2293 5847 2346 5903; x_wconf 82' lang='grc' dir='ltr'><strong>ο,</strong></span> <span class='ocrx_word' id='word_1_838' title='bbox 2392 5832 2436 5865; x_wconf 72' lang='grc'><strong>⁸³</strong></span> <span class='ocrx_word' id='word_1_839' title='bbox 2465 5830 2773 5902; x_wconf 81' lang='grc' dir='ltr'>νοσήματος</span> <span class='ocrx_word' id='word_1_840' title='bbox 2795 5847 2849 5888; x_wconf 93' lang='grc' dir='ltr'><strong>ο.</strong></span> <span class='ocrx_word' id='word_1_841' title='bbox 2930 5831 2976 5865; x_wconf 63' lang='grc' dir='ltr'><strong>δ’</strong></span> <span class='ocrx_word' id='word_1_842' title='bbox 3009 5829 3281 5904; x_wconf 77' lang='grc' dir='ltr'>μεταϐολὴ</span> <span class='ocrx_word' id='word_1_843' title='bbox 3319 5843 3366 5887; x_wconf 91' lang='lat' dir='ltr'><strong>o.</strong></span> 
     </span>
    </p>
   </div>
  </div>
