3898 6584
526 391 634 457 903
1458 380 2039 449 THEOPHYLACTI

2212 377 2499 438 gGARl/E
2533 376 2767 436 ARCHI
2780 375 2883 436 ΕΡ.
3663 373 3751 440 904

595 500 760 556 Vens.
783 499 840 554 7.
871 516 891 552 ι
928 498 1058 567 Qua:
1092 494 1160 552 ad
1197 494 1390 551 faciem
1421 506 1551 551 sunt
1584 494 1780 549 videte.
1819 511 1838 546 ι
1874 491 1987 547 Non
2018 504 2107 545 so-

2285 506 2305 540 ι
2341 487 2421 541 Τὰ
2452 486 2593 542 κατὰ
2626 487 2918 558 πρόσωπον
2950 484 3197 556 βλέπετε.
3246 504 3270 538 ο
3308 486 3386 539 Οὐ
3434 484 3617 556 μόνους
3650 488 3751 551 τοὺς

526 593 609 648 los
654 594 971 662 deccptores
1016 588 1408 659 perterrefacit,
1441 601 1625 642 verum
1651 586 1813 641 etiam
1842 585 2062 653 decepto

2211 578 2532 642 ἀπατῶντας
2584 578 2826 647 ἐκφοϐεῖ,
2897 576 3035 630 ἀλλὰ
3087 577 3182 630 καὶ
3224 579 3340 639 τοῖς
3402 577 3750 645 ἀπατωμένοις

525 682 785 750 increpat.
827 680 1119 748 Propterea
1161 677 1312 744 dicit,
1348 675 1427 730 Ex
1449 676 1516 732 iis
1551 690 1671 746 quze
1718 671 2064 744 apparentju‘

2211 674 2445 744 ἐπιτιμᾷ·
2476 672 2557 727 διό
2588 688 2774 741 φησιν’
2813 669 2947 724 Ἀπὸ
2975 670 3082 723 τῶν
3108 668 3452 739 φαινομένων
3474 667 3673 740 κρίνετε
3695 669 3750 736 ⁸⁸,

524 775 720 836 dicate,
762 770 817 825 .si
854 770 977 840 quis
1025 768 1289 839 superbit,
1347 769 1394 825 si
1439 768 1562 838 quis
1613 767 1852 839 locuples
1889 774 1996 829 est,
2046 779 2063 819 ε

2209 762 2349 827 εἴτις
2371 762 2728 834 μεγαλαυχεῖ,
2755 763 2807 817 εί
2828 780 2903 827 τις
2932 761 3173 825 πλουτεῖ,
3202 762 3352 824 εἴτις
3383 760 3584 831 ἀρετῆς
3603 777 3748 831 προσ-

519 863 643 927 quis
681 862 898 915 virtutis
938 860 1175 931 imagine
1226 859 1455 916 vestitus
1496 868 1603 914 est.

1228 859 1455 916 vestitus
1496 868 1603 914 est.
2204 856 2404 908 ωπεῖον
2439 854 2767 925 περίκειται.

595 974 614 1005 ι
656 952 712 1008 Si
758 955 879 1023 quis
920 953 1143 1008 confidit
1186 953 1287 1008 sibi
1317 949 1521 1006 Christi
1559 964 1620 1005 se
1651 961 1794 1010 esse,
1839 947 1941 1000 hoc
1977 958 2105 999 rur-

2254 965 2284 998 ,ι
2325 945 2472 1010 Eiet;
2505 944 2766 998 πέποιθεν
2788 942 2978 1015 ἑαυτῷ
3024 942 3262 1015 Χριστοῦ
3292 938 3455 1010 εῖναι,
3487 944 3632 998 τοῦτο
3673 947 3746 1002 λοο

519 1061 639 1102 sum
672 1047 811 1115 apud
854 1059 973 1101 sese
1016 1045 1236 1114 cogitet,
1261 1043 1401 1113 quod
1432 1042 1571 1097 sicut
1607 1041 1722 1110 ipse
1757 1037 1960 1093 Christi
1990 1047 2058 1091 εει

2206 1039 2438 1107 γιζέσθω
2460 1037 2622 1092 πάλιν
2648 1037 2741 1106 ἀφ’
2772 1035 2990 1101 ἑαυτοῦ,
3016 1037 3097 1091 ὅτι
3124 1034 3307 1098 καθὼς
3333 1035 3498 1099 αὐτὸς
3522 1039 3745 1107 Χριστοῦ,

522 1139 594 1191 ita
636 1149 690 1192 et
729 1152 855 1191 nos.
890 1154 910 1187 ι
966 1135 1379 1205 Pseudapostoli
1429 1134 1572 1188 enim
1627 1131 2003 1202 gloriabantur
2045 1145 2061 1180 ι

2207 1129 2345 1184 οὕτω
2384 1129 2477 1184 καὶ
2503 1131 2690 1200 ἡμεῖς.
2730 1147 2750 1181 ι
2788 1130 2852 1182 Οί
2886 1128 2996 1201 γὰρ
3022 1127 3447 1198 ψευδαπόστολοι
3477 1130 3746 1199 ἐμεγαλαύ-

520 1230 924 1298 superbiebant,
949 1228 1093 1298 quod
1141 1226 1346 1283 Christi
1399 1234 1602 1288 essent,
1657 1234 1712 1278 et
1749 1222 1892 1292 quod
1933 1219 2059 1274 Cbri

2202 1239 2330 1293 χουν
2362 1222 2436 1285 ὡς
2467 1219 2701 1291 Χριστοῦ
2748 1219 2924 1287 ὄντες,
2954 1222 3049 1274 καὶ
3096 1221 3236 1291 τάχα
3260 1221 3552 1277 αὐτόπται.
3586 1221 3650 1274 Ti.
3680 1223 3741 1286 δὲ,

519 1332 661 1377 stum
701 1322 805 1391 ipsi
840 1320 1073 1375 viderint
1097 1318 1303 1375 forsan.
1346 1337 1365 1370 ι
1393 1317 1546 1387 Apud
1579 1316 1815 1385 seipsum
1848 1332 1866 1365 ι
1917 1321 2058 1368 auter

2208 1334 2226 1371 ι
2252 1314 2374 1385 Ἀφ’
2398 1308 2850 1381 sunteas-sinam
2879 1313 3000 1367 ἀντὶ
3019 1312 3137 1379 τοῦ,
3163 1314 3254 1384 Μὴ
3287 1315 3647 1384 impetretut"
3667 1317 3744 1387 τὴν

519 1413 676 1478 dixit,
716 1427 832 1482 pro,
871 1410 989 1467 Non
1022 1420 1299 1481 exspectet
1338 1417 1578 1464 nostram
1621 1409 1880 1461 adversus
1922 1404 2058 1473 ipsm

2204 1405 2474 1476 ἡμετέραν
2505 1406 2627 1458 κατ’
2661 1403 2828 1457 αὐτοῦ
2872 1403 3215 1475 ἐπιτίμησιν,
3246 1403 3360 1460 ἀλλ’
3395 1405 3652 1470 ἐννοείτω,
3680 1407 3743 1462 ὅτι

518 1504 965 1575 objurgatiouem,
1018 1505 1111 1558 sed
1148 1501 1412 1572 intelligat
1455 1498 1596 1568 quod
1648 1495 1946 1551 secundum
1997 1494 2057 1551 ho

2205 1496 2323 1549 κατ’
2351 1494 2483 1547 αὐτὸ
2511 1493 2671 1548 τοῦτο
2699 1494 2759 1548 τὸ
2784 1490 2927 1549 εἶναι
2974 1493 3237 1563 Χριστοῦ,
3272 1494 3425 1547 οὐδὲν
3466 1494 3617 1547 πλέον
3655 1495 3744 1565 εχει

518 1597 693 1661 ipsum
738 1597 881 1665 quod
916 1596 1118 1651 Christi
1164 1603 1268 1661 est,
1322 1592 1455 1646 nihil
1504 1589 1661 1645 nobis
1698 1589 1770 1644 sit
1825 1587 2057 1657 superim

2204 1586 2382 1661 ἡμῶν.
2423 1588 2497 1640 Οὐ
2539 1587 2646 1658 γὰρ
2689 1588 2898 1651 ἐκεῖνος
2940 1587 3042 1657 μὲν
3089 1586 3351 1658 Χριστοῦ,
3383 1586 3495 1655 ἐγὼ
3530 1587 3582 1640 δὲ
3610 1587 3743 1642 ἄλλου

516 1681 634 1743 Non
683 1690 827 1745 enim
899 1689 988 1744 ille
1051 1687 1268 1758 quidem
1319 1683 1544 1748 Christi,
1612 1696 1712 1750 ego
1774 1694 1901 1735 vero
1961 1678 2055 1733 altt

2203 1677 2368 1740 τινός.
2413 1676 2575 1732 ’Λλλὰ
2602 1677 2762 1732 τοῦτο
2801 1678 2898 1749 μιν
2929 1678 3420 1748 συγκαταϐατικῶς
3446 1676 3610 1745 εἶπεν,
3644 1679 3742 1735 ἐπεὶ

518 1781 633 1837 rius
662 1775 957 1852 cujuspiam
988 1795 1130 1835 sum.
1167 1777 1364 1833 Verum
1396 1777 1499 1831 hoc
1524 1789 1585 1830 se
1614 1774 1980 1830 submitteudo
2016 1772 2057 1825 d1

1852 1774 1980 1828 endo
2016 1772 2099 1825 di-
2129 1829 2170 1852 ἣ
2204 1768 2411 1845 προῖὼν
2449 1770 2694 1825 δείκνυσι
2720 1770 2886 1826 πόσον
2923 1770 3085 1835 αὐτὸς
3115 1769 3391 1842 ὑπερέχει.

516 1873 616 1937 xit,
651 1870 1089 1941 quandoquidem
1122 1868 1379 1938 deinceps
1431 1867 1486 1921 itt
1520 1864 1870 1934 sequentibus
1908 1870 2096 1919 osten-

518 1964 596 2018 dit
629 1972 894 2032 quautum
930 1963 1045 2030 ipse
1077 1960 1328 2017 excellat.
1646 2014 1649 2017 ,

588 2047 749 2104 Vens.
785 2048 841 2105 8.
881 2066 899 2100 ι
938 2048 1071 2105 Nam
1117 2049 1163 2103 si
1204 2049 1436 2117 amplius
1472 2048 1673 2123 aliquid
1710 2046 1976 2121 gloriatus
2016 2045 2101 2101 fu.

2270 2063 2299 2098 »ι
2323 2042 2448 2098 Ἐὰν
2471 2041 2579 2123 γέιρ
2606 2042 2698 2095 καὶ
2721 2043 2981 2119 περισσόν
3002 2060 3053 2096 τι
3078 2043 3426 2114 καυχήσομαι
3455 2042 3611 2115 [ναις.
3634 2060 3744 2098 καυ-

515 2152 612 2193 ero
634 2140 700 2193 de
726 2146 993 2208 potestate
1019 2153 1182 2208 quam
1222 2138 1369 2194 dedit
1400 2139 1531 2195 mihi
1565 2121 1823 2195 Dominus
1867 2138 1937 2193 ad
1972 2138 2052 2193 azd

2202 2132 2448 2207 χήσωμ.]
2494 2121 2558 2186 πε
2569 2135 2621 2204 pi.
2641 2133 2739 2204 τῆς
2773 2131 3026 2199 ἐξουσίας
3048 2128 3115 2206 ἧς
3143 2135 3310 2188 ἔδωκέ
3332 2136 3465 2205 μοιό
3481 2135 3664 2204 Κύριος
3678 2138 3741 2199 ei;

517 2231 845 2297 ticationem,
890 2240 944 2287 et
995 2246 1101 2286 non
1149 2232 1217 2287 ad
1252 2231 1694 2300 destructionem,
1743 2248 1850 2288 non
1902 2232 2056 2288 erubt

2202 2228 2511 2297 οἰκοδομὴν,
2541 2228 2633 2280 καὶ
2660 2227 2760 2280 οὐκ
2794 2228 2874 2289 εἰς
2909 2226 3249 2297 καθαίρεσιν,
3281 2227 3383 2280 οὐκ
3417 2227 3741 2298 αἰσχυνθήσο-

516 2338 688 2377 scam.
708 2340 729 2375 ι
755 2321 869 2377 Non
902 2323 1055 2388 dixit,
1104 2323 1200 2379 Est
1220 2324 1350 2379 mihi
1388 2333 1626 2395 potestas
1653 2324 1908 2396 puniendi
1932 2334 1985 2379 et
2008 2339 2055 2379 οι

2204 2337 2324 2389 μαι.
2362 2337 2381 2370 ι
2430 2320 2546 2373 Οὐκ
2590 2314 2736 2384 εἷπε,
2785 2317 3049 2383 Κολὰζειν
3094 2318 3202 2389 ἔχω
3234 2319 3485 2385 ἐξουσίαν
3517 2319 3607 2372 καὶ
3629 2320 3739 2372 ἀπο·

514 2415 749 2479 cidendi,
796 2430 915 2485 qua:
962 2416 1065 2471 illis
1113 2432 1218 2471 non
1252 2427 1355 2484 est,
1421 2416 1514 2473 sed
1549 2418 1705 2488 longe
1741 2407 2053 2472 submissius

2198 2413 2441 2466 τιννύναι
2463 2411 2594 2481 ἐγὼ,
2617 2414 2814 2467 ἐκεῖνοι
2844 2413 2899 2467 δὲ
2924 2414 3024 2467 οὐκ
3058 2413 3274 2484 ἔχουσιν
3297 2429 3313 2444 ·
3349 2412 3467 2469 ἀλλ’
3502 2412 3733 2471 ὑπεσταλ-

520 2527 539 2559 ι
571 2509 803 2578 amplius
849 2509 1127 2577 quiddam.
1158 2528 1175 2561 ι
1214 2507 1323 2565 Νεε
1346 2509 1499 2577 dixit,
1538 2506 1595 2565 Si
1622 2510 1840 2577 glorier,
1885 2524 2059 2564 verum

2201 2510 2399 2579 μένωςν
2438 2510 2737 2580 (Περισσόν
2777 2527 2852 2564 τι.
2895 2509 3006 2565 Καὶ
3045 2510 3145 2563 οὐκ
3174 2507 3351 2581 εἶπεν,
3396 2508 3526 2565 Ἐὰν
3559 2508 3737 2578 καυχῶ-

519 2623 537 2652 ι
579 2601 634 2657 Si
664 2602 922 2672 gloriatus
961 2601 1133 2666 fuero,
1177 2619 1196 2654 ι
1260 2602 1503 2669 hoc.est,
1528 2601 1572 2657 si
1619 2599 1835 2671 gloriari
1879 2599 2058 2654 voluer

2201 2618 2322 2671 μαι,
2365 2600 2500 2667 ἀλλ’,
2556 2597 2729 2657 ιἘὰν
2786 2603 3195 2672 καυχήσωμαι,
3231 2620 3252 2653 ι
3303 2601 3598 2664 τουτέστιν,
3639 2599 3736 2653 Ἐὰν

514 2694 580 2753 de
617 2700 882 2762 potestate
918 2707 1081 2763 quam
1117 2692 1262 2747 dedit
1294 2694 1425 2747 mihi
1452 2692 1734 2757 Dominus,
1762 2706 1954 2746 rursus
1993 2691 2053 2762 ip:

2198 2689 2448 2761 βουληθῶ
2488 2691 2761 2762 «περὶτῆς
2792 2690 3061 2759 ἐξουσίας,
3088 2692 3273 2763 φησὶν,
3303 2686 3372 2764 ἦς
3393 2691 3586 2745 δέδωκέ
3621 2690 3736 2758 potri

516 2795 683 2837 totum
727 2784 1027 2841 ascribens.
1097 2784 1295 2854 Accepi
1336 2794 1516 2838 autent
1569 2785 1708 2839 hanc
1770 2793 2055 2853 potestate:

2197 2780 2453 2852 Κύριοςοι
2489 2782 2650 2835 πάλιν
2666 2783 2728 2836 τὸ
2756 2784 2861 2839 πᾶν
2891 2782 3043 2854 αὑτῷ
3064 2782 3359 2846 ἀνατιθείς.
3388 2780 3665 2835 Ἐλαῦον⁸²
3690 2779 3735 2832 δὲ

514 2891 544 2929 a
582 2875 710 2942 Deo,
744 2887 803 2929 ut
828 2876 893 2933 ad
932 2876 1089 2931 [idem
1130 2876 1413 2941 aediﬁcem,
1455 2875 1717 2930 beneficia
1751 2875 2053 2945 impertiens

2194 2872 2402 2945 ταύτην
2424 2873 2576 2945 παρὰ
2591 2874 2750 2941 Θεοῦ,
2768 2874 2854 2928 ἵνα
2873 2876 2951 2938 είς
2966 2872 3064 2945 τὴν
3077 2874 3258 2927 πίστιν
3273 2872 3539 2944 οἰκοδομῶ
3551 2873 3733 2942 εὐεργε-

532 2978 619 3020 .οιι
651 2972 708 3019 ut
745 2966 982 3033 puuiam.
1020 2964 1198 3030 Quare
1238 2964 1402 3034 igitur
1432 2963 1637 3031 dixisti,
1685 2980 1702 3014 ι
1736 2962 2071 3031 cogitatione:

2194 2965 2326 3030 τῶν,
2356 2966 2455 3037 οὐχ
2489 2965 2576 3021 ἵνα
2605 2965 2819 3031 κολάζω
2836 2968 2902 3022 ⁸³.
2936 2968 3059 3032 Πῶς
3085 2966 3177 3020 οὖν
3204 2965 3380 3032 εἶπες,
3416 2984 3435 3018 ι
3466 2965 3732 3035 Λογισμοῦς

517 3059 855 3113 destruentes
875 3044 938 3109 ιρι
968 3057 1231 3121 Quoniam
1254 3057 1357 3111 hoc
1393 3055 1567 3124 ipsum
1594 3055 1824 3110 maxime
1849 3062 1944 3110 est
1958 3054 2056 3110 aedi

2195 3059 2627 3130 καθαιροῦντες;
2680 3060 2802 3114 Ὀτι
2832 3059 2965 3114 αὐτὸ
3016 3057 3175 3113 τοῦτο
3211 3060 3449 3131 μάλιστα
3480 3057 3731 3124 οἰκοδομεῖν

516 3147 720 3215 ficatio,
776 3148 1015 3203 marcida
1078 3147 1348 3216 demoliri,
1396 3147 1781 3217 obstaculaque
1829 3146 2055 3217 dejicere

2194 3150 2255 3205 τδ
2311 3149 2535 3224 [πάντα]
2570 3153 2638 3206 τὰ
2685 3152 2863 3223 σαθρὰ
2904 3151 3209 3222 καθαιρεῖν,
3240 3152 3338 3206 καὶ
3378 3152 3446 3206 τὰ
3477 3150 3730 3221 κωλύματα

511 3238 794 3313 ρυοιιιυᾶο
836 3242 999 3311 igitur
1047 3242 1179 3312 ipsis
1222 3241 1616 3306 interminaris,
1655 3240 1836 3295 sinon
1878 3240 1929 3295 in
1992 3238 2050 3295 de

2194 3245 2573 3304 καταϐάλλειν.
2597 3247 2722 3310 Πῶς
2743 3242 2836 3301 οῦν
2858 3247 3043 3310 αὐτοῖς
3070 3244 3337 3313 ἀπειλεῖς,
3375 3248 3424 3301 εί
3452 3246 3548 3323 otia:
3573 3245 3726 3307 ἔλαθε,

511 3337 866 3395 ειτιιειίοιιειιι
909 3336 1161 3404 accepisti
1186 3335 1545 3406 potestatem?
1568 3333 1847 3405 Praecipue
1874 3334 2050 3405 quidet

2191 3333 2273 3393 είς
2302 3333 2620 3405 καθαίρεσιν
2647 3335 2748 3407 τῂν
2774 3334 3057 3403 ὲξουσίαν;
3089 3336 3519 3407 Προηγουμένως
3549 3336 3635 3406 μὲν
3664 3338 3726 3397 εἰς

515 3428 578 3479 ιιι
610 3426 1020 3483 aediﬁcationem
1053 3428 1234 3496 accepi
1266 3446 1280 3481 :
1314 3428 1394 3481 sin
1419 3427 1701 3497 quisquam
1732 3426 1900 3483 fuerit
1943 3428 2054 3482 incr

2189 3425 2481 3496 οἰκοδομὴν
2512 3425 2723 3481 ἐλασονσ
2755 3427 2853 3481 ἐὰν
2884 3427 2941 3481 δέ
2967 3444 3049 3492 τις
3071 3428 3297 3492 ’ἀνίατος
3332 3425 3391 3502 ᾖ,
3428 3427 3519 3482 καὶ
3543 3431 3601 3499 τῇ
3621 3425 3728 3480 καθ·

511 3516 721 3581 rabilis,
757 3515 1106 3571 demolitione
1152 3525 1386 3571 utemur.
1438 3513 1498 3571 Si
1542 3516 1704 3587 igitur
1732 3517 1973 3583 voluero,
2007 3517 2050 3572 in

2192 3516 2403 3589 αιρέσει
2458 3518 2799 3589 χρησόμεθα.
2865 3518 2991 3573 Ἐὰν
3036 3514 3130 3574 οὖν
3176 3520 3414 3591 θελήσω,
3448 3521 3590 3589 φησὶ,
3614 3537 3726 3573 καυ-

508 3611 649 3680 quit,
677 3608 899 3679 gloriari
938 3610 1079 3677 quod
1126 3606 1267 3662 Deus
1320 3607 1522 3676 aliquid
1556 3607 1786 3678 amplius
1825 3609 1953 3663 mihi
1999 3608 2047 3663 dt

2190 3609 2465 3687 χῄσασθαι
2488 3611 2569 3665 ὅτι
2597 3612 2625 3664 ό
2651 3610 2785 3675 Θεὸς
2816 3611 2977 3666 πλέον
3000 3628 3054 3665 τι
3080 3611 3280 3666 δέδωκέ
3312 3629 3426 3682 μοι,
3454 3612 3584 3666 ὥστε
3603 3610 3726 3676 ἐξου-

509 3701 670 3763 derit,
699 3707 752 3751 ul
782 3708 1095 3768 potestatem
1136 3698 1364 3752 habeant
1393 3698 1759 3754 benefaciendi
1795 3699 2048 3770 imprimit

2191 3702 2317 3756 σίαν
2363 3702 2509 3773 ἔχειν
2543 3720 2611 3774 με
2662 3706 2756 3758 καλ⁸
2802 3703 3115 3774 εὐεργετεῖν
3168 3704 3602 3775 προηγουμένως,
3647 3703 3724 3756 καὶ

506 3802 561 3845 et
609 3790 827 3860 quando
873 3805 1056 3861 cogar,
1110 3792 1271 3845 etiam
1320 3791 1594 3860 puniendi,
1658 3808 1676 3841 ι
1723 3807 1832 3850 non
1892 3791 2045 3847 erubc

2188 3795 2315 3850 ὅταν
2348 3796 2623 3850 ἐκϐιασθῶ
2644 3839 2660 3864 ,
2703 3796 2979 3863 κολάζειν,
3032 3816 3050 3850 ι
3085 3796 3186 3851 οὐκ
3232 3798 3668 3868 αίσχυνθήσομαι’
3696 3814 3714 3848 ι

509 3896 679 3949 scam,
718 3899 736 3933 ι
787 3881 887 3935 hoc
912 3893 1017 3953 est,
1049 3897 1153 3936 non
1199 3883 1541 3936 moustrabor
1576 3896 1696 3942 esse
1740 3883 1965 3935 mendax
1999 3900 2048 3938 at

2043 3892 2091 3939 ut
2188 3888 2490 3956 τουτέστιν,
2526 3890 2603 3945 Οὺ
2630 3890 2989 3962 δειχθήσομαι
3014 3890 3255 3961 ψεύστης
3288 3890 3322 3963 ἢ
3359 3890 3582 3958 ἀλαζών.

511 3988 801 4041 arrogans.

578 4064 738 4133 297
765 4065 921 4119 Vens.
951 4064 1104 4118 9-H.
1128 4082 1148 4115 ι
1174 4062 1242 4120 Ut
1262 4078 1366 4118 non
1386 4064 1666 4119 existimer
1689 4074 1943 4135 tauquam
1977 4077 2089 4120 ter-

2268 4083 2287 4114 ι
2330 4064 2447 4121 Ἰνα
2483 4064 2559 4135 μὴ
2584 4064 2720 4131 δόξω
2744 4064 2819 4130 ὡς
2851 4065 2917 4121 ἂν
2944 4067 3197 4136 ἐκφοϐεῖν
3217 4068 3363 4139 ὑμᾶς
3385 4069 3473 4125 διὰ
3498 4069 3597 4127 τῶν
3615 4070 3716 4124 ἑπι-

510 4170 629 4210 rere
660 4172 750 4210 vos
769 4172 864 4225 per
886 4156 1164 4225 epistolas.
1189 4155 1451 4223 Quoniam
1470 4159 1685 4229 quidem
1715 4159 1979 4227 epistola),
2005 4159 2049 4213 in

2190 4154 2415 4213 στολῶν.
2458 4157 2581 4217 Ὀτι
2607 4158 2665 4211 αί
2714 4158 2814 4229 μὲν
2871 4160 3177 4227 ἐπιστολαὶ,
3218 4164 3372 4234 φησὶ,
3418 4163 3616 4236 βαρεῖαι
3640 4161 3717 4215 καὶ

507 4240 645 4315 quit,
667 4262 860 4316 graves
890 4258 1013 4301 sunt
1032 4258 1081 4301 et
1106 4247 1294 4313 fortes,
1319 4246 1606 4317 praesentia
1638 4261 1817 4302 autem
1839 4249 2046 4319 corpori

2221 4247 2406 4320 τχυραί
2427 4264 2441 4279 ο
2476 4250 2508 4320 ή
2535 4250 2593 4304 δὲ
2623 4253 2899 4322 παρουσία
2925 4251 3018 4307 τοῦ
3046 4252 3299 4324 σώματος
3327 4254 3572 4328 ἀσθενὴς,
3602 4254 3718 4309 καὶὸ
3752 4241 3760 4251 ’

506 4337 741 4403 infirma,
760 4348 813 4393 et
844 4355 1021 4394 sermo
1049 4341 1483 4410 contemptibilis.
1520 4342 1631 4396 lloc
1652 4355 1836 4395 autem
1860 4342 2045 4412 geogitc

2183 4334 2341 4405 λόγος
2360 4335 2804 4410 ἐξουθενημένος.
2835 4340 3006 4394 Τοῦτο
3034 4340 3090 4395 δὲ
3119 4341 3420 4410 λογιζέσθω
3446 4345 3472 4397 ό
3494 4340 3712 4404 τοιοῦτος,

506 4434 597 4504 qui
629 4433 890 4504 ejusmodi
925 4444 1027 4499 est,
1081 4434 1224 4504 quod
1263 4435 1449 4504 quales
1484 4450 1672 4489 sumus
1697 4449 1949 4489 sermone
1980 4451 2045 4505 pe

2183 4426 2267 4479 ὅτι
2326 4422 2429 4479 οἷοί
2478 4430 2648 4496 ἐσμεν
2703 4429 2782 4500 τῷ
2846 4430 2990 4499 λόγῳ
3039 4432 3108 4485 δι’
3152 4433 3454 4488 ἐπιστολῶν
3500 4434 3713 4496 ἀπόντες,

505 4526 759 4598 epistolas
811 4527 1081 4592 absentes,
1140 4527 1273 4582 tales
1326 4526 1494 4581 etiam
1554 4516 1741 4582 sumus
1792 4538 2044 4597 praesente

2187 4515 2416 4570 τοιοῦτοι
2444 4518 2537 4570 καὶ
2559 4518 2827 4588 παρόντες
2851 4519 2929 4592 τῷ
2958 4520 3124 4592 ἔργῳ.
3158 4539 3180 4574 ι
3221 4523 3288 4575 '0
3318 4521 3486 4591 λέγει,
3515 4519 3714 4595 τοιοῦτόν

506 4630 693 4689 opere.
731 4631 750 4666 ι
779 4615 929 4682 Quod
961 4617 1038 4670 ait
1097 4627 1179 4671 cst
1212 4616 1516 4684 hujusmodi
1557 4616 1895 4673 :Potuisscm
1928 4617 2045 4688 equi

2178 4608 2329 4660 ἐστιν
2357 4623 2373 4637 ⁸
2434 4608 2748 4682 Ἡὸυνάμην
2781 4613 3187 4685 καυχήσασθαι,
3238 4614 3356 4668 ἀλλ’
3392 4615 3477 4669 ἵνα
3505 4614 3577 4686 μὴ
3607 4612 3712 4676 δόξω

506 4707 625 4765 dem
651 4707 892 4774 gloriari,
924 4708 1015 4764 sed
1045 4724 1109 4767 ne
1136 4708 1319 4763 videar
1350 4718 1556 4764 terrere
1593 4724 1692 4765 vos
1725 4724 1819 4777 per
1843 4708 2045 4764 litteras

2178 4699 2260 4751 ὅτι
2291 4701 2511 4770 ἐκφοσῶ
2543 4702 2689 4773 ὑμᾶς
2728 4702 2819 4756 διὰ
2867 4704 2977 4759 τῶν
3030 4705 3401 4777 γραμμάτιον,
3436 4702 3522 4760 οἷα
3548 4706 3605 4773 δὴ
3648 4702 3708 4755 λέ·

504 4799 955 4868 qnemadmodum
1004 4801 1187 4854 dicunt
1232 4801 1322 4869 qui
1389 4816 1477 4855 me
1529 4801 1932 4859 calumniantur
1968 4820 1984 4861 ,ς
2024 4802 2039 4865 ι

2179 4807 2366 4858 γουσιν
2393 4793 2439 4846 οί
2470 4791 2846 4858 διαϐάλλοντές
2879 4812 2969 4865 με,
2994 4796 3076 4849 ὅτι
3097 4797 3387 4867 Κομπάζει
3410 4800 3470 4850 ὲν
3490 4800 3598 4859 ταῖς
3619 4798 3708 4848 ἑπι-

504 4890 747 4958 epistniis
771 4890 992 4959 grandis
1015 4898 1123 4955 est,
1156 4899 1209 4945 et
1239 4891 1504 4953 horrenda
1536 4893 1759 4946 scribit:
1789 4892 1879 4955 ubi
1900 4905 2040 4947 ante:

2179 4884 2414 4951 στολαῖς,
2448 4887 2541 4940 καὶ
2582 4888 2791 4961 φοϐερὰ
2814 4890 3122 4945 ἐπιστέλλει
3147 4907 3162 4921 ·
3197 4894 3626 4963 παραγενόμενος
3647 4888 3705 4949 δὲ.

503 4981 802 5045 advenerit,
836 4981 1182 5050 despicabilis
1215 4992 1268 5037 et
1298 4982 1726 5053 contemptibilis
1755 4990 1858 5048 est,
1894 4982 2042 5053 argui

2178 4978 2658 5052 εὐκαταφρόνητός
2703 4983 2844 5046 ἐστι,
2907 4983 3005 5036 καὶ
3054 4983 3336 5066 ἐλέγχεται
3399 4984 3476 5055 μὴ
3515 4982 3585 5037 ὣν
3625 4973 3707 5040 οἷος

504 5080 703 5143 turque
740 5087 847 5127 non
886 5086 1009 5128 esse
1055 5073 1177 5129 talis
1216 5075 1392 5143 qualis
1438 5084 1521 5130 est
1560 5074 1613 5128 in
1666 5075 1885 5145 scriptis
1938 5076 2043 5131 suis

2182 5072 2420 5143 γράψει’
2470 5071 2608 5137 ἀλλὰ
2660 5077 2999 5143 γινωσκέτω,
3042 5077 3230 5147 φησὶν,
3289 5078 3441 5141 ὅστις
3472 5076 3519 5114 ⁸⁸
3552 5074 3611 5129 ἄν
3640 5068 3707 5144 ᾖό

503 5162 704 5217 Verum
741 5172 1002 5233 agnoscat
1048 5164 1299 5233 quisquis
1335 5172 1419 5226 est
1451 5165 1541 5234 qui
1598 5163 1722 5221 talia
1754 5165 1904 5231 dicit,
1941 5179 2042 5233 quo

2177 5162 2353 5225 ταῦτα
2376 5161 2574 5233 λέγων,
2598 5164 2680 5227 ὅτι
2711 5165 2771 5228 οὐ
2802 5165 2970 5236 μόνον
3002 5167 3343 5239 ἀπειλοῦμεν
3379 5167 3565 5239 βαρέα,
3600 5162 3705 5218 ἀλλὰ

504 5267 610 5308 ιιοιι
636 5254 808 5308 solum
839 5252 1061 5323 grandia
1092 5252 1523 5318 interminamur,
1551 5268 1735 5308 verum
1765 5254 1928 5308 etiam
1960 5268 2043 5308 cui

2179 5255 2276 5310 καὶ
2299 5255 2577 5328 δυνάμεθα
2615 5258 2884 5331 παρόντες
2916 5261 2999 5325 είς
3043 5259 3205 5340 ἔργον
3258 5261 3357 5328 τὰς
3400 5257 3614 5325 ἀπειλὰς
3639 5253 3704 5320 ἐξ·

494 5338 800 5415 ἰιι-ωεειιιεε
833 5345 1119 5412 fuerimus,
1170 5345 1346 5400 minas
1390 5345 1458 5400 ad
1497 5342 1749 5407 eﬂeCIum
1786 5345 2033 5416 perducet

903 5346 1119 5412 erimus,
1170 5345 1346 5400 minas
1390 5345 1458 5400 ad
1497 5342 1749 5407 effectum
1786 5345 2083 5416 perducere
2175 5350 2442 5423 ενεγκεϊν.

504 5448 811 5505 possumus.
2231 5479 2245 5496 ι

575 5526 737 5584 Vens.
772 5526 911 5584 12.·‹
947 5526 1061 5583 Non
1092 5527 1238 5585 enim
1268 5526 1529 5585 audemus
1551 5516 1791 5584 inserere
1820 5536 1912 5584 aut
1932 5541 2080 5584 com-

2255 5550 2276 5585 ι
2318 5532 2393 5587 Οὐ
2441 5534 2549 5606 γὰρ
2586 5532 2878 5607 τολμῶμεν
2931 5536 3182 5606 ὲγκρῖναι
3222 5536 3564 5613 ἢσυγκρῖναι
3606 5530 3700 5584 intr

1805 5644 2006 5707 Varia:
2032 5645 2365 5711 lectiones.

513 5741 951 5891 μζθοαίνὶξξεται
978 5759 1038 5868 3.
1139 5746 1181 5777 "
1220 5744 1547 5817 λαμϐανέτω
1595 5760 1647 5802 o.
1752 5750 1797 5781 "
1830 5746 2096 5818 ἐλάϐομεν
2141 5762 2195 5805 ο.
2298 5752 2344 5784 ⁵³
2385 5750 2755 5823 οῖκοδομῶμεν
2793 5749 3229 5832 εὐεργετοῦντες,
3258 5751 3354 5827 οὐχ
3379 5750 3461 5804 ἵνα
3497 5739 3692 5805 κολάξωσ

675 5851 690 5867 .
839 5830 946 5877 οιος
1017 5852 1033 5868 .

584 5829 611 5864 ν
637 5828 690 5867 0.
766 5828 810 5844 ¹”
839 5830 946 5877 οιος
978 5828 1033 5868 ο.
