3898 6578
211 489 316 553 9θ5

1007 487 1192 549 ΕΧΓ(
1211 486 1416 548 SlTlO
1458 489 1534 547 IN
1573 486 1810 549 EPIST.
1852 487 1914 548 II
1948 487 2048 549 AD
2085 487 2251 550 COR.
2284 514 2354 529 --·
2390 489 2546 550 CAP.
2590 489 2656 550 X.

3357 488 3460 552 906

207 607 331 668 τούς
361 619 474 656 τισι
510 601 618 655 τῶν
655 599 884 665 ἑαυτοὺς
946 601 1395 654 συνιστανόντων.
1437 617 1456 650 ι
1516 597 1784 652 Ἐνταῦθα

1905 614 2080 654 Jarare
2113 615 2212 656 nos
2246 590 2564 670 quibusdam
2607 600 2696 671 qui
2744 599 2956 669 seipsos
2990 614 3238 654 conamen
3264 601 3395 658 lant.
3440 622 3459 655 ο

205 696 472 761 ἀλαζόνας
498 694 770 749 δείκνυσιν
808 693 968 756 ὄντας
989 694 1253 759 ἐκείνους,
1285 693 1378 746 καὶ
1413 693 1625 763 μεγάλα
1656 692 1786 762 περὶ

213 787 431 842 ἑαυτῶν
472 785 885 857 καυχωμένους.
916 784 1086 855 Φησὶν
1123 779 1239 863 οὖν,
1279 784 1361 837 ὅτι
1395 801 1416 836 ι
1453 783 1528 838 Οὐ
1573 782 1787 855 τολμῶ-

209 897 307 951 μεν
339 881 504 950 ἡμεῖς
535 879 788 950 ἐγκρῖναι
817 878 1068 941 ἑαυτοὺς,
1098 896 1117 930 ι
1147 878 1419 944 τουτέστι,
1445 877 1786 949 συναριθμῆ-

209 989 300 1026 σαι
327 988 343 1004 ο
391 991 412 1024 ι
451 970 485 1041 ἢ
521 973 831 1041 συγκρῖναι,
868 988 887 1021 ›
918 969 1196 1023 τουτέστιν
1229 972 1297 1037 ⁸⁵,
1329 968 1808 1040 ἀντιπαραθεῖναι*-

205 1065 433 1128 ἐαυτοὺς
464 1064 576 1118 τισὶ
602 1065 812 1118 τούτων
855 1063 965 1116 τῶν
1001 1063 1228 1126 ἐαυτοὺς
1256 1059 1651 1117 ἐπαινούντων.

283 1176 305 1210 ι
361 1157 507 1212 Ἀλλ’
552 1157 707 1212 αὐτοὶ
757 1156 815 1209 ἐν
875 1156 1093 1217 ἑαυτοῖς
1153 1155 1383 1219 ἐαυτοὸς
1436 1153 1784 1226 μετροῦντες,

204 1253 298 1305 καὶ
328 1249 714 1320 συγκρίνοντες
765 1247 993 1311 ἑαυτοὺς
1037 1247 1273 1314 ἑαυτοῖς,
1317 1247 1379 1300 οὐ
1428 1246 1722 1301 συνιοῦσιν.
1762 1263 1781 1298 ι

215 1345 468 1407 Ἐκεῖνοι,
507 1341 695 1412 φησὶν,
718 1341 820 1394 οὐκ
855 1340 1070 1406 ἀξιοῦσι
1123 1339 1262 1411 πρός
1289 1355 1446 1401 τινας
1485 1337 1663 1392 ἀλλων
1692 1338 1789 1390 ἀν-

207 1547 390 1582 νονται
421 1529 516 1582 καὶ
551 1527 890 1598 ἁμιλλῶνται
920 1525 1057 1596 πρὸς
1089 1525 1377 1595 ἀλλήλους,
1401 1524 1497 1578 καὶ
1534 1523 1634 1576 οὐκ
1667 1525 1786 1576 αἰσ-

205 1621 461 1675 θάνονται
481 1621 600 1684 πῶς
628 1619 736 1672 είσι
773 1617 1178 1685 καταγέλαστοι
1209 1615 1438 1670 τοιαῦτα
1464 1615 1790 1680 ἀλαζονευό-

208 1731 384 1784 μενοι.
451 1713 722 1775 Ἕκαστος
767 1711 876 1782 γὰρ
929 1709 1126 1763 ἐαυτὸν
1184 1708 1422 1780 κρείττω
1467 1708 1664 1776 λέγων,
1697 1706 1790 1759 τὸν

203 1805 396 1876 ἕτερον
440 1803 808 1858 καταϐάλλειο
845 1801 941 1855 καὶ
989 1800 1133 1856 οῦτω
1179 1800 1380 1864 πάντες
1421 1799 1489 1852 δι’
1544 1799 1789 1870 ἀλλήλων

203 1899 486 1968 εὐδόκιμοι
515 1896 797 1967 φαίνονται
817 1911 831 1926 ·
885 1895 1026 1967 ὅπερ
1053 1893 1266 1964 γελοῖον
1319 1892 1378 1947 ὃν
1418 1894 1479 1946 οὒ
1506 1892 1786 1946 συνιοῦσιν

201 1991 385 2046 αὐτοί.

283 2099 302 2130 ι
347 2081 540 2149 Ἡμεῖς
572 2079 628 2132 δὲ
675 2079 777 2132 οὐκ
829 2078 912 2140 εἰς
949 2076 1024 2132 -τά
1067 2077 1282 2149 ἄμετρα
1316 2075 1726 2148 καυχησόμεθα.
1765 2095 1782 2128 ι

215 2171 450 2226 Ἐκεῖνοι
471 2172 582 2243 γὰρ
610 2172 771 2244 τυχὸν
797 2170 1176 2244 κομπάζοντες
1207 2170 1416 2240 ἔλεγον,
1443 2171 1525 2224 ὅτι
1548 2171 1692 2244 Πρὸς
1721 2170 1789 2224 τὲ

202 2265 423 2336 πέρατα
478 2264 582 2334 τῆς
632 2264 736 2334 γῆς
791 2263 1130 2334 ἀφικόμεθα,
1171 2263 1268 2316 καὶ
1312 2262 1412 2333 τὴν
1461 2261 1792 2332 οἰκουμένην

201 2353 651 2424 ἐπεστρέψαμεν.
694 2353 834 2407 Ἀλλ’
871 2354 1036 2423 ήμεῖς
1067 2353 1168 2424 οὐχ
1192 2350 1358 2417 οὕτω,
1393 2351 1584 2422 φησίν.

282 2466 302 2499 ι
354 2447 516 2500 Ἀλλὰ
550 2447 692 2500 κατά
732 2446 792 2500 τὸ
830 2446 1032 2517 μέτρον
1087 2445 1182 2498 τοῦ
1214 2445 1462 2509 κανόνος,
1492 2437 1553 2498 οῦ
1599 2438 1792 2514 ἐμέρι-

201 2563 304 2596 σεν
338 2544 385 2575 ⁸⁸
436 2545 568 2614 ἡμῖν
625 2545 652 2596 6
703 2541 836 2606 Θεὸς
903 2541 1131 2612 μέτρου,
1167 2539 1456 2609 ἐφικέσθαι
1503 2537 1634 2610 ἄχρι
1697 2536 1792 2591 καὶ

200 2635 388 2704 ὑμῶν.
425 2653 447 2687 ι
476 2635 686 2704 Ὥσπερ
704 2635 975 2703 γεωργοῖς
1005 2631 1308 2702 ἀμπελῶνα
1329 2629 1556 2701 διαιρῶν
1585 2631 1612 2682 6
1633 2627 1790 2695 Θεὸς,

197 2727 355 2782 οῦτω
411 2726 508 2780 καὶ
579 2727 712 2797 ήμῖν
763 2727 876 2787 τοῖς
939 2723 1261 2787 ἀποστόλοις
1312 2723 1413 2794 τὴν
1465 2721 1794 2791 οἰκουμένην

197 2817 512 2890 ἀφώρισεν.
554 2815 712 2872 Κατά
767 2815 861 2870 οὖν
918 2816 981 2870 τὸ
1035 2815 1235 2887 μέτρον
1283 2814 1378 2868 τοῦ
1441 2813 1690 2878 κανόνος,
1732 2804 1794 2867 οὗ

196 2911 471 2980 ἐμέρισεν
493 2910 626 2980 ήμῖν
647 2911 675 2962 6
713 2907 870 2972 Θεὸς,
902 2907 1318 2978 καυχησόμεθα.
1373 2907 1534 2960 Ποῖον
1564 2905 1621 2959 δέ
1673 2907 1794 2959 ἐστι

195 3001 270 3052 τὸ
311 2998 552 3069 μέτρον;
593 2997 687 3062 Τὸ,
741 3014 760 3049 ι
803 2999 998 3069 ’Δχρις
1028 2997 1180 3068 ὑμῶν
1209 2994 1528 3066 ἀφικέσθαι.
1569 3013 1588 3048 ι
1640 2994 1796 3048 Ἐπεὶ

194 3087 304 3145 οὖν
329 3090 491 3144 τοῦτό
542 3091 692 3143 ἐστιν
738 3089 894 3161 ήμῶν
946 3089 1006 3142 τὸ
1054 3088 1278 3160 μέτρον,
1327 3088 1458 3159 ἄχρι
1511 3089 1605 3143 καὶ
1637 3085 1795 3158 ὑμῶν

199 3182 568 3254 καυχώμεθα.

1888 691 1986 747 llic
2007 692 2126 746 illos
2151 704 2468 763 arrOgantes
2497 707 2617 748 esse
2637 694 2894 758 ostendit,
2926 709 2990 749 ac
3023 695 3190 747 multa
3217 696 3461 764 adeoque

1888 799 2079 855 magna
2106 785 2172 840 de
2199 785 2394 857 seipsis
2423 786 2716 857 jactantes.
2745 787 2887 842 Dicit
2912 787 3074 858 igitur
3106 805 3120 842 :
3155 806 3175 841 ι
3215 789 3323 844 Nos
3356 806 3459 844 non

1887 877 2148 932 audeums
2173 877 2414 932 inserere
2448 877 2714 947 nosipsos,
2745 898 2764 930 ι
2793 881 2895 934 hoc
2921 887 3025 943 est,
3051 894 3489 947 connumerare,‘

1893 970 2409 1040 «velieomparare,»
2447 970 2548 1026 hoc
2576 978 2679 1034 est,
2713 987 2984 1042 opponere
3019 987 3116 1029 nos
3143 973 3464 1043 quibusdam

1889 1073 2077 1114 eorum
2110 1059 2202 1130 qui
2233 1060 2442 1130 seipsos
2472 1061 2788 1131 praedicant.

1970 1171 1988 1204 ι
2031 1151 2138 1207 Sed
2171 1151 2270 1222 ipsi
2311 1153 2364 1206 in
2399 1153 2594 1222 seipsis
2623 1153 2834 1224 seipsos
2877 1154 3185 1222 metientes.
3231 1167 3286 1212 et
3315 1172 3466 1212 comv

1892 1253 2146 1315 parantes
2181 1245 2390 1314 seipsos
2444 1245 2706 1316 sibiipsis,
2759 1260 2868 1302 non
2905 1247 3234 1318 intelligunt.
3295 1268 3312 1301 ι
3358 1250 3464 1311 liti,

1894 1338 2092 1406 inquit,
2124 1337 2188 1392 ad
2220 1339 2531 1409 quempiam
2564 1339 2795 1394 aliorum
2828 1339 3065 1395 conferri
3111 1358 3214 1395 non
3249 1343 3471 1412 dignm:-

1891 1439 2000 1497 tur,
2039 1430 2134 1484 sed
2175 1430 2274 1500 ipsi
2321 1432 2562 1502 sibiipsis
2603 1431 2977 1497 conferuntur,
3039 1448 3332 1502 secumque
3369 1435 3470 1503 ipsi

1893 1530 2106 1578 certant
2134 1538 2260 1593 erga
2285 1537 2344 1577 se
2376 1533 2581 1588 mutuo,
2613 1539 2711 1578 nec
2738 1525 2982 1578 sentiunt
3009 1540 3168 1595 quam
3201 1527 3310 1580 sint
3343 1526 3473 1580 ridi--

1891 1614 1998 1669 culi
2027 1615 2099 1668 ita
2134 1629 2255 1670 sese
2275 1606 3047 1686 ostentantestnusquisque
3072 1617 3216 1672 enim
3235 1619 3469 1688 seipsum

1895 1706 2170 1762 meliorem
2195 1706 2404 1774 dicens,
2426 1706 2655 1763 alterum
2681 1707 2886 1777 dejicit,
2915 1709 3100 1779 sicque
3117 1725 3305 1766 omnes
3331 1709 3472 1764 inter

1893 1813 1953 1852 se
1988 1809 2174 1853 mutuo
2207 1797 2448 1870 insignes
2482 1800 2752 1856 videntur.
2789 1799 2941 1867 Quod
2971 1817 3135 1872 quam
3183 1803 3472 1858 ridiculum

1895 1889 1984 1954 sit,
2017 1889 2118 1960 ipsi
2140 1903 2262 1944 non'
2281 1890 2608 1963 intelligunt.

1968 2075 2130 2132 Vens.
2163 2076 2249 2130 l5.
2283 2094 2301 2127 ι
2341 2075 2446 2131 Nos
2470 2085 2648 2132 autem
2690 2093 2792 2131 non
2822 2079 2874 2132 in
2913 2078 3235 2134 immensum
3270 2079 3474 2151 gloria-

1894 2168 2091 2222 bimur.
2133 2186 2152 2219 ›
2200 2166 2278 2222 llli
2315 2169 2459 2222 enim
2494 2167 2723 2223 fortasse
2759 2170 3052 2238 gloriantes
3092 2171 3364 2240 dicebant,
3392 2174 3474 2226 Ad

1895 2259 2031 2314 ﬁnes
2064 2270 2221 2314 terra:
2253 2260 2602 2327 accessimus,
2636 2262 2930 2333 orbemque
2956 2273 3218 2320 terrarum
3247 2281 3476 2322 conver-

1894 2355 2076 2408 timus.
2109 2354 2175 2405 At
2198 2367 2296 2408 nos
2323 2368 2430 2407 non
2455 2353 2556 2418 sic,
2593 2353 2788 2424 inquit.

1971 2461 1988 2493 ι
2025 2441 2130 2496 Sed
2165 2442 2316 2508 juxta
2361 2457 2667 2498 mensuram
2727 2443 2926 2515 regulae
2971 2461 3078 2517 qua
3129 2447 3284 2504 nobis
3335 2450 3474 2505 Deus

1895 2533 2124 2604 partitus
2149 2541 2235 2587 est
2261 2547 2592 2597 mensuram,
2621 2535 2957 2604 pertingendi
2991 2552 3159 2606 usque
3189 2539 3256 2593 ad
3293 2555 3410 2596 vos.
3449 2561 3468 2592 ι

1894 2625 2356 2693 Quemadmodum
2396 2625 2607 2681 colonis
2646 2627 2856 2681 vineam
2894 2627 3038 2684 Deus
3076 2630 3290 2694 dividit,
3329 2631 3474 2686 lnmc

1894 2723 1961 2776 ad
1993 2723 2210 2776 modum
2240 2698 2394 2778 nobis
2423 2723 2684 2792 apostolis
2720 2725 2834 2780 suis
2869 2733 3137 2780 terrarum
3167 2726 3355 2780 orbem
3379 2741 3472 2782 se-

1893 2818 2154 2886 gregavit.
2185 2814 2491 2871 Secundum
2527 2816 2690 2888 igitur
2720 2831 3036 2873 mensuram
3076 2815 3273 2888 regulae
3305 2832 3472 2888 quam

1896 2910 2130 2980 partitus
2167 2918 2253 2964 est
2301 2908 2454 2964 nobis
2513 2907 2684 2976 Deus,
2730 2907 3102 2980 gloriabimur.
3159 2910 3347 2978 Qualis
3389 2921 3475 2966 est

1896 3013 2076 3057 autem
2107 3001 2396 3056 mensura?
2428 3000 2852 3071 «Utperveuiam
2871 3001 3110 3071 adusque
3131 3015 3278 3057 vos.»
3311 2999 3473 3058 Post-

1894 3109 2058 3166 quam
2082 3094 2245 3166 igitur
2262 3094 2379 3150 brae
2401 3105 2582 3152 nostra
2607 3109 2735 3164 pars
2756 3103 2860 3162 est,
2883 3095 2950 3150 ad
2979 3108 3076 3150 vos
3105 3093 3270 3150 etiam
3297 3108 3474 3164 usque

1896 3188 2212 3258 gloriamur.

280 3296 302 3328 ι
349 3276 426 3329 Οὐ
464 3275 572 3347 γὰρ
603 3275 678 3338 ῶς
710 3274 786 3346 μή
837 3272 1229 3345 ἀφικνούμενοι
1263 3275 1344 3338 εἰς
1381 3273 1525 3343 ὑμᾶς
1559 3273 1794 3343 ὑπερεκ-

1973 3281 2135 3335 Vens.
2170 3279 2256 3334 14.
2299 3297 2318 3332 ι
2351 3279 2469 3334 Νοιι
2496 3278 2639 3335 enim
2683 3277 2838 3348 quasi
2873 3293 2976 3333 non
3007 3279 3375 3350 pertingentes
3406 3279 3475 3332 ad

199 3371 466 3440 τείνομεν
493 3368 721 3432 ἑαυτούς
747 3385 762 3400 ο
798 3369 962 3439 μέχρι
999 3367 1107 3438 γὰρ
1135 3371 1228 3420 καὶ
1289 3368 1444 3438 ὑμῶν
1475 3367 1794 3436 ἐφθάσαμεν

201 3466 261 3518 ἐν
288 3464 374 3534 τῷ
407 3461 726 3533 Εὐαγγελίῳ
745 3461 840 3514 τοῦ
861 3458 1122 3531 Χριστοῦ.
1149 3477 1168 3510 ι
1203 3459 1363 3523 Εἰκὸς
1393 3455 1460 3529 ἦν
1488 3460 1610 3523 τοὺς
1634 3458 1798 3528 ψευδ-

207 3556 560 3618 αποστόλους
617 3555 714 3608 καὶ
772 3554 901 3610 ἄνευ
961 3555 1205 3626 κηρύξαι
1241 3554 1283 3585 ⁵⁷
1317 3552 1796 3622 παραγενομένους

200 3650 573 3720 ὁπουδήποτε,
635 3650 699 3702 ἐκ
753 3648 856 3718 τῆς
900 3647 1063 3718 ψιλῆς
1111 3646 1407 3716 ἐπιδημίας
1462 3645 1796 3714 κομπάζειν,

201 3745 299 3798 καὶ
344 3743 406 3795 τὸ
441 3741 548 3794 πᾶν
579 3741 794 3803 ἑαυτοῖς
832 3739 1170 3809 λογίζεσθαι.
1207 3737 1378 3808 Φησὶν
1430 3733 1524 3790 οὖν
1557 3738 1586 3789 ὁ
1637 3734 1800 3788 ’Λπό-

205 3835 428 3898 στολος,
461 3834 544 3886 ὅτι
566 3833 678 3903 Οὐχ
710 3831 785 3894 ὡς
819 3829 895 3900 μὴ
922 3831 1231 3899 φθάσαντες
1255 3830 1335 3892 εἰς
1358 3828 1523 3898 ὑμᾶς,
1557 3827 1798 3896 ὑπερεκ-

202 3929 470 3997 τείνομεν
492 3925 740 3988 ἑαυτούς.
789 3941 808 3976 ι
861 3924 1208 3993 Ἐφθάσαμεν
1239 3922 1366 3992 γὰρ,
1409 3939 1427 3972 ι
1461 3922 1560 3990 οὐχ
1591 3920 1798 3986 ἁπλῶς,

205 4020 352 4085 ἀλλ’,
389 4037 408 4070 ι
448 4021 508 4071 ἐν
541 4017 617 4087 τῷ
652 4016 968 4085 Εὐαγγελίιρ
1001 4015 1094 4068 τοῦ
1120 4013 1398 4086 Χριστοῦτ
1441 4033 1458 4066 ι
1496 4013 1796 4076 τουτέστιν,

203 4115 333 4188 οὐχὶ
394 4111 571 4181 ψιλῶς
621 4109 1086 4180 ἐπιδημήσαντες,
1157 4112 1231 4172 ὼς
1270 4109 1487 4173 ἐκεῖνοι,
1523 4106 1660 4161 ἁλλά
1708 4106 1802 4159 καὶ

211 4206 366 4275 μετὰ
393 4203 489 4256 τοῦ
521 4203 580 4256 τὸ
607 4201 942 4269 Εὑαγγέλιον
969 4200 1286 4272 κηρύττειν.

282 4319 303 4352 ι
342 4297 463 4350 Οὐκ
489 4298 568 4359 είς
618 4295 688 4348 τὰ
729 4295 948 4365 ἄμετρα
1004 4293 1354 4363 καυχώμενοι
1395 4294 1452 4345 ἐν
1497 4290 1801 4362 ἀλλοτρίοις

207 4393 435 4454 κόποις,
475 4388 665 4442 ἐλπίδα
697 4388 752 4441 δέ
775 4387 1010 4458 ἔχοντες,
1035 4384 1410 4454 αὐξανομένης
1433 4382 1534 4452 τῆς
1564 4385 1803 4445 πίστεως

207 4484 398 4555 ὑμῶν,
432 4485 489 4534 ἐν
525 4482 656 4552 ὑμῖν
684 4479 1092 4552 μεγαλυνθῆναι
1123 4477 1268 4530 κατά
1295 4476 1386 4530 τὸν
1417 4476 1619 4529 κανόνα
1640 4473 1800 4545 ήμῶν

207 4581 283 4640 εἰς
325 4576 653 4646 περισσείαν
673 4592 688 4606 ο
728 4577 806 4637 εἰς
832 4575 898 4626 τὰ
941 4572 1346 4642 ὑπερεπέκεινα
1375 4569 1528 4639 ὑμῶν
1553 4568 1802 4636 Εὑαγγε-

206 4668 486 4734 λίζεσθαι,
529 4668 630 4720 οὐκ
674 4668 732 4719 ἐν
795 4664 1064 4736 ἀλλοτρίῳ
1110 4662 1322 4726 κανόνι,
1371 4664 1450 4725 είς
1485 4662 1556 4714 τὰ
1600 4661 1798 4730 έτοιμα

207 4760 626 4832 καυχήσασθαι.
685 4777 704 4809 ι
755 4757 1040 4826 Ἐμφαίνει
1084 4753 1330 4816 ἐκείνους
1382 4753 1797 4823 καλλωπιζομέ-

207 4869 335 4916 νους
371 4854 486 4914 τοῖς
521 4851 630 4904 τῶν
656 4848 975 4904 ἀποστόλων
1006 4847 1220 4910 κόποις,
1243 4849 1338 4900 καὶ
1363 4847 1443 4908 είς
1473 4844 1544 4898 τὰ
1583 4845 1798 4915 ἀμετρα

211 4943 612 5014 καυχωμένους
639 4957 652 4975 ο
675 4941 980 5014 τουτέστιν,
1012 4938 1391 5010 ὑπερϐολικῶς
1417 4937 1514 4991 καὶ
1537 4937 1595 4988 ἐν
1638 4935 1799 4990 ἀλλο-

209 5011 646 5107 τρίοίςήκόποις.
709 5011 854 5088 ’Ᾱλλ“
903 5033 1004 5102 οὐχ
1055 5033 1218 5104 ἡμεῖς
1245 5029 1457 5094 οὕτως’
1512 5028 1629 5082 ἀλλ’
1695 5029 1800 5092 ἕως

212 5129 374 5199 ὑμῶν
411 5126 743 5196 φθάσαντες,
809 5125 1002 5196 μέχρις
1065 5124 1220 5196 ὑμῶν
1275 5121 1796 5196 παρῤησιαζόμεθα.

224 5219 562 5290 Ἐλπίζομεν
625 5219 704 5285 δὲ,
741 5218 818 5281 είς
860 5219 952 5271 τὸν
1005 5217 1341 5289 Θεὸνδηλαδὴ
1396 5217 1478 5288 (οὗ
1526 5218 1634 5287 γὰρ
1665 5218 1806 5270 ἀπο-

217 5313 517 5381 φαίνεσθαι
542 5312 736 5366 εἴωθεν
790 5313 818 5364 6
875 5310 1131 5381 Παῦλος),
1173 5311 1465 5375 ὅτιὶκανῶς
1522 5313 1669 5378 ὑμᾶς
1704 5314 1792 5367 δι-

216 5405 620 5472 δάξαντες,καὶ
669 5403 1008 5474 αὐξήσαντες
1047 5405 1149 5474 τὴν
1194 5405 1376 5458 πίστιν
1430 5403 1606 5474 ὑμῶν,
1659 5405 1800 5460 ὥστε

225 5498 637 5568 μεγαλυνθῆναι
678 5513 746 5566 με
767 5498 825 5549 ἐν
877 5496 1027 5566 ὑμῖν.
1073 5494 1207 5548 Τότε
1261 5495 1370 5566 γάρ
1431 5495 1799 5565 μεγαλύνεται

225 5594 256 5646 6
295 5591 642 5656 διδάσκαλος,
717 5591 846 5644 ὅταν
909 5589 1120 5661 αὐξάνῃ
1195 5592 1264 5644 τά
1325 5589 1436 5642 τῶν
1519 5589 1800 5660 μαθητῶν,

225 5685 326 5740 καὶ
375 5686 406 5738 6
460 5682 640 5738 κανὼν
695 5681 861 5736 αὑτοῦ
913 5683 994 5745 εἰς
1055 5682 1379 5753 περισσείαν
1407 5683 1454 5715 ⁸⁸
1506 5685 1802 5757 προϐαίνῃο

1900 3388 2014 3436 vos,
2046 3373 2664 3443 superexzemlimusnos
2697 3390 2712 3425 :
2745 3387 2914 3440 usque
2945 3371 3012 3425 ad
3048 3386 3141 3425 vos
3170 3371 3314 3425 enim
3349 3362 3475 3440 per-

1899 3467 2144 3520 Venimus
2199 3466 2250 3518 in
2295 3466 2584 3534 Evangelio
2633 3463 2856 3518 Christi.
2911 3479 2929 3514 ι
2991 3461 3298 3517 Verisimile
3355 3473 3476 3515 erat

1900 3557 2350 3628 psendapustolos
2385 3557 2466 3611 vel
2514 3556 2632 3610 sine
2663 3556 3051 3626 praedicatione
3079 3551 3262 3624 aliquo
3303 3569 3474 3622 usque

1900 3650 2191 3720 profectos,
2243 3665 2308 3703 ex
2351 3649 2495 3703 nuda
2535 3657 2591 3704 et
2639 3648 2872 3716 simplici
2928 3646 3262 3716 profectione
3297 3645 3475 3700 elatos

1901 3757 2044 3807 esse,
2081 3758 2144 3796 ac
2195 3752 2362 3795 totum
2406 3741 2507 3795 sibi
2537 3740 2826 3810 imputare.
2863 3741 2952 3793 Ait
2986 3753 3116 3808 ergo
3149 3738 3473 3808 Apostolus:

1901 3838 2017 3892 Non
2054 3848 2306 3906 tanquam
2343 3835 2410 3890 ad
2463 3851 2559 3890 vos
2607 3850 2710 3889 non
2759 3833 3191 3904 pervenerimus,
3229 3833 3479 3902 nosipsos

1901 3929 2247 3987 extendimus
2277 3947 2290 3982 :
2319 3927 2486 3998 298
2525 3945 2543 3978 ι
2578 3924 2929 3981 Pervenimus
2962 3944 2982 3976 ι
3017 3925 3184 3990 enim,
3212 3939 3316 3978 non
3344 3923 3479 3978 sim-

1901 4026 2134 4095 pliciter,
2168 4023 2259 4077 sed
2293 4039 2311 4072 ι
2349 4021 2401 4075 in
2461 4019 2752 4090 Evangelio
2783 4019 2982 4074 Christi
3013 4036 3027 4072 :
3067 4036 3087 4070 ι
3122 4020 3223 4072 hoc
3255 4028 3337 4073 est
3371 4034 3475 4070 non

1904 4115 2044 4169 nude
2057 4122 2110 4168 et
2125 4112 2441 4182 simpliciter
2460 4110 2893 4182 peregrinantes,
2909 4119 2968 4164 ut
2984 4109 3082 4175 illi,
3103 4125 3287 4165 verum
3309 4109 3476 4164 etiam

1902 4223 2024 4264 cum
2057 4206 2330 4276 Evangelii
2367 4205 2769 4274 praedicatione.

1977 4301 2140 4356 \‘ans.
2176 4301 2265 4366 15,
2303 4301 2390 4356 l6.
2429 4319 2448 4352 ι
2487 4297 2605 4354 Non
2646 4300 2699 4354 in
2733 4299 3053 4354 immensum
3085 4296 3377 4368 gloriantes
3427 4299 3478 4350 in

1900 4393 2096 4450 alienis
2148 4393 2446 4459 laboribus,
2499 4407 2648 4463 spem
2692 4400 2871 4447 autem
2907 4391 3171 4446 habentes
3199 4401 3480 4445 crescente

1906 4486 2008 4541 ﬁde
2040 4496 2236 4551 vestra,
2268 4486 2322 4540 in
2354 4484 2511 4539 Vobis
2541 4484 2716 4554 magni
2760 4483 2874 4537 ﬁeri
2905 4482 3202 4537 secundum
3234 4483 3477 4551 regulam

1905 4589 2146 4633 nostram
2180 4579 2246 4632 ad
2268 4576 2656 4633 abundantiam
2691 4592 2705 4629 ε
2735 4585 2791 4629 ιιι
2817 4575 2978 4628 etiam
3009 4574 3061 4628 in
3089 4574 3172 4628 illa
3196 4589 3315 4642 qua:
3341 4575 3478 4628 ultra

1905 4687 1999 4726 vos
2055 4683 2178 4726 sunt
2232 4669 2582 4739 Evangelium
2628 4668 3006 4738 prazdicemus,
3046 4682 3152 4722 non
3205 4668 3258 4721 in
3303 4667 3478 4722 aliena

1904 4764 2108 4833 regula,
2136 4773 2193 4816 ut
2214 4763 2278 4817 de
2310 4763 2394 4816 his
2425 4777 2544 4830 qua:
2584 4770 2768 4832 parata
2800 4769 2928 4816 sunt
2973 4761 3292 4830 gloriemur.
3330 4780 3349 4812 ι
3394 4759 3480 4813 ln-

1905 4857 2050 4910 tlicat
2087 4855 2206 4909 illos
2238 4854 2600 4924 apostolorum
2642 4853 2919 4909 laboribus
2961 4850 3171 4915 extolli,
3219 4863 3273 4906 et
3316 4865 3478 4921 supra

1906 4949 2125 5004 modum
2154 4958 2206 5000 et
2237 4961 2545 5003 mensuram
2575 4946 2816 5017 gloriari,
2846 4947 2950 5002 hoc
2971 4957 3054 5001 est
3085 4947 3152 5002 ad
3196 4960 3476 5001 excessum

1907 5056 2080 5110 usque
2116 5049 2170 5095 ct
2209 5039 2262 5094 in
2313 5039 2504 5094 alienis
2542 5038 2838 5094 laboribus.
2871 5041 2939 5092 At
2981 5055 3078 5094 nos
3109 5054 3213 5093 non
3249 5039 3348 5103 sic,
3383 5038 3479 5092 sed

1906 5134 1971 5188 ad
2004 5149 2098 5188 vos
2141 5147 2310 5197 usque
2346 5131 2746 5201 pervenientes.
2781 5134 2848 5187 ad
2899 5147 2994 5186 vos
3026 5146 3197 5201 usque
3228 5131 3480 5186 libertate

1909 5237 2097 5282 n0stra
2121 5227 2344 5281 utimur.
2380 5225 2672 5295 Speramus
2699 5237 2904 5291 autem,
2937 5226 2993 5280 in
3028 5225 3197 5280 Deum
3228 5225 3482 5280 videlicet

1912 5321 2042 5390 (non
2068 5317 2206 5373 solet
2237 5317 2380 5373 enim
2411 5317 2687 5388 explicare
2718 5316 2958 5386 Paulus),
2989 5317 3132 5386 quod
3151 5317 3363 5373 abunde
3385 5331 3481 5372 vos

1909 5413 2168 5466 docentes
2202 5417 2256 5465 ct
2287 5418 2541 5479 augentes
2577 5410 2735 5465 ﬁdem
2761 5417 2992 5464 vestram
3021 5409 3377 5474 inveniamur,
3420 5418 3480 5461 ut

1910 5503 2046 5558 adeo
2080 5501 2261 5572 magni
2289 5500 2413 5556 ﬁam
2443 5516 2542 5571 ego
2568 5503 2620 5556 in
2645 5500 2818 5556 vobis.
2852 5500 3006 5556 'l‘une
3031 5500 3177 5557 enim
3208 5501 3387 5572 magni
3418 5501 3481 5554 lit

1910 5603 2230 5665 praeceptor,
2263 5607 2384 5647 cum
2417 5608 2505 5648 res
2548 5593 2932 5663 discipulorum
2983 5594 3272 5660 creverint,
3300 5607 3363 5646 ac
3394 5607 3481 5646 re-

1911 5688 2034 5758 gula
2066 5685 2183 5754 ejus
2224 5703 2242 5738 (
2271 5683 2339 5738 ad
2359 5683 2741 5739 abundantiam
2784 5702 2802 5736 ι
2838 5685 3163 5754 processerit
3197 5701 3212 5738 :
3241 5683 3340 5738 hoc
3373 5689 3479 5754 est,

1557 5827 1758 5888 Varias
1787 5827 2117 5890 lectiones.

303 5952 349 5984 ⁸⁵
379 5953 547 6025 ήγουν
566 5965 616 6006 ο.
697 5952 745 5985 ⁸⁸
767 5949 1068 6022 ἐμέτρησεν
1101 5967 1156 6002 o.
1232 5951 1276 5982 ⁸⁷
1302 5949 1395 6004 τοῦ
1426 5949 1658 6023 κηρύξαι
1690 5949 1764 6008 'm.
1842 5954 1887 5986 ⁸⁸
1918 5949 2196 6026 μεσιτείαν
2221 5965 2278 6007 ο.

511 6049 779 6106 Puncta
818 6045 935 6107 Gn.
975 6044 1075 6105 CX
1093 6044 1253 6110 XIV.

711 6141 726 6178 /

3071 6039 3142 6104 29
