3898 6576
352 422 482 491 *911
1297 417 1872 481 THEOPHYLACTI
1911 417 2325 482 BULGARL‘E
2351 411 2704 477 ARCIIIEP.
3538 396 3633 461 912

380 536 683 605 nuissetis;
733 545 954 608 propter
985 534 1087 591 hoc
1133 534 1278 591 enim
1324 536 1543 607 adjecit,
1580 555 1598 589 ι
1637 534 1808 603 Quem
1852 551 1919 591 no

2136 537 2237 589 Ὃν
2275 533 2377 588 οὐκ
2410 528 2782 604 ἐκηρύξαμεν.
2822 541 2841 578 ι
2888 522 2954 577 Εἰ
2987 521 3045 576 δὲ
3080 518 3150 574 τὰ
3191 514 3341 608 αύτᾶγ
3372 512 3635 608 κεφάλαια

372 630 811 704 praedicavimns.
836 646 856 681 ι
880 628 975 683 Sin
1007 641 1135 682 vero
1160 626 1348 683 cadent
1373 626 1496 682 lidei
1524 626 1701 697 capita
1725 635 1873 692 sunt,
1904 626 1911 681 i

2097 624 2161 697 ῆς
2193 623 2450 690 πίστεως,
2488 603 2541 675 τί
2572 620 2635 674 τὸ
2664 616 2826 673 πλέον
2876 612 3107 676 ἐκείνοις
3138 611 3218 677 ⁶⁶;
3246 607 3359 663 Καὶ
3388 607 3513 678 ὅρα,
3544 603 3636 657 οὐκ

377 696 491 796 quo
527 697 684 780 nobis
706 718 783 778 illi
812 721 1120 792 superiores
1149 720 1325 776 sunt?
1355 696 1603 775 Observa
1633 734 1820 791 porro,
1852 734 1916 775 no

2098 696 2241 782 [πεν,
2282 715 2366 769 ὃτι
2401 712 2531 766 Εί’ό
2572 708 2868 782 ἐρχόμενος
2911 704 3074 761 πλέον
3109 719 3163 757 τι
3203 696 3474 770 κηρύσσει
3500 713 3515 727 ·
3549 696 3637 749 καὶ

380 789 542 884 dixit,
590 815 647 871 Si
668 816 744 880 "is,
774 789 1061 884 qui-venit,
1090 814 1344 885 quiddam
1372 814 1604 884 amplius
1634 789 1919 884 praedicarit

2104 809 2175 882 ἀρ
2208 807 2373 862 πλέον
2420 822 2474 859 τι
2504 804 2693 873 ἔλεγον
2738 802 2878 874 μετὰ
2914 798 3159 861 πλείονος
3193 791 3514 853 αύθεντείας
3554 789 3640 843 καὶ

380 910 456 966 rit
480 881 632 982 (nam
663 881 920 978 quiddam
954 881 1187 979 amplius
1221 923 1412 979 magna
1452 881 1576 962 eum
1618 881 1919 961 auctoritati

2099 881 2264 958 ιολλοῦ
2311 900 2406 956 τοῦ
2445 898 2675 965 κάλλους
2715 895 2826 949 τῶν
2883 892 3145 965 ῥημάτων
3168 904 3184 919 ο
3217 886 3355 949 ἀλλ’,
3396 903 3416 935 ι
3452 881 3638 936 ’Δλλον

379 976 663 1074 multaque
681 976 969 1059 verborum
994 976 1258 1072 elegantia
1287 976 1561 1065 dicebant,
1591 1001 1709 1067 sed,
1731 1017 1750 1052 ι
1783 1000 1918 1056 ΑΙίιιι

2095 994 2287 1068 ιησοῦν
2329 991 2616 1064 κηρύσσει,
2657 988 2718 1043 δν
2762 986 2865 1041 ούκ
2905 982 3258 1055 ἐκηρύξαμεν
3287 996 3299 1008 ο
3341 997 3361 1032 ι
3404 977 3547 1047 ὅπερ
3580 976 3634 1029 ού

379 1096 564 1152 Jesum
602 1096 997 1166 praedicaverit,
1035 1109 1194 1164 quem
1227 1108 1333 1148 non
1368 1092 1802 1163 prmdicavitttus,
1844 1111 1864 1144 ι
1895 1108 1918 1145 a

2101 1087 2261 1161 ρείαν
2304 1085 2421 1158 ἔχει
2465 1079 2843 1144 καλλιεπείας,
2889 1097 2908 1131 ι
2946 1076 3016 1131 Ἢ
3046 1073 3263 1144 πνεῦμα
3290 1068 3640 1166 ἓτερον-λαμ-

382 1187 525 1257 quod
556 1203 662 1244 non
713 1195 798 1242 est
833 1186 1135 1241 necessaria
1189 1184 1458 1240 sermonis
1486 1184 1768 1257 elegantia.
1805 1204 1825 1238 ι
1859 1186 1921 1241 At

2107 1182 2265 1237 ἀνετε
2290 1196 2305 1211 ’
2346 1197 2366 1231 ι
2402 1178 2706 1238 τουτέστιν,
2738 1174 2800 1227 El
2829 1167 3264 1240 πλουσιωτέρους
3291 1165 3441 1236 ὑμᾶς
3474 1160 3642 1216 ἐποίει

382 1280 647 1350 Spiritum
680 1278 843 1332 aliuru
873 1276 1139 1346 accipitis,
1190 1295 1208 1327 ι
1250 1275 1353 1330 hoc
1382 1285 1488 1341 est,
1521 1250 1921 1346 si'opulentiort

2105 1290 2129 1325 ν
2171 1272 2302 1335 τοῖς
2326 1268 2724 1339 πνευματικοῖς
2754 1261 3091 1336 χαρίσμασιν
3118 1273 3133 1288 ·
3167 1257 3306 1328 ὅπερ
3341 1254 3462 1350 οὐδὲ
3493 1250 3644 1305 τοῦτο

381 1384 481 1425 vos
519 1369 721 1423 faceret
747 1369 799 1421 in
837 1343 1210 1435 spiritualibus
1246 1364 1424 1429 donis,
1457 1364 1604 1434 quod
1633 1343 1819 1433 ipsum
1845 1380 1920 1420 or:

2100 1365 2241 1415 εἷται
2270 1359 2541 1431 κομψείας
2578 1355 2777 1425 λόγων.
2816 1372 2835 1405 ι
2882 1350 2954 1405 Ἦ
2994 1345 3328 1415 Εὑαγγέλιον
3353 1343 3541 1412 ἕτερον
3622 1357 3638 1390 ι

385 1462 552 1516 tionis
602 1471 884 1516 venustate
939 1474 1048 1513 non
1101 1458 1324 1528 indiget.
1383 1475 1403 1510 ι
1463 1456 1557 1512 Vel
1615 1457 1924 1528 Evangeliut

2128 1454 2252 1507 ούδέ
2279 1452 2443 1516 τοῦτο
2471 1450 2647 1519 λόγων
2691 1447 2893 1502 δεῖται.
2930 1438 3217 1511 Πανταχοῦ
3261 1438 3319 1492 δέ
3356 1435 3528 1507 δηλοῖ,
3572 1432 3645 1528 δτι

386 1551 533 1606 aliud
590 1567 605 1605 :
659 1568 678 1602 ›
729 1564 904 1619 neque
959 1548 1027 1602 ad
1085 1547 1189 1602 hoc
1220 1524 1380 1614 ‘opus
1435 1546 1669 1602 habebat
1709 1524 1919 1604 oration

2107 1549 2172 1619 ύχ
2207 1545 2396 1609 ἁπλῶς
2422 1546 2475 1599 εί
2502 1561 2555 1597 τι
2586 1540 2749 1596 πλέον
2781 1539 3021 1608 λέγουσι,
3054 1533 3345 1606 προσέχειν
3383 1529 3488 1593 δεῖ,
3539 1524 3646 1582 ἀλλ’

280 1720 285 1723 ν
388 1644 561 1701 Cultu.
593 1640 803 1712 Ubique
834 1650 1016 1696 autem
1051 1639 1277 1705 indicat,
1305 1637 1453 1710 quod
1484 1654 1588 1693 non
1624 1637 1819 1708 Sitltplit

2107 1641 2129 1694 ῐ
2168 1657 2222 1693 τι
2247 1639 2499 1707 λέγουσιν
2529 1635 2557 1689 ὃ
2598 1632 2858 1704 λεχθῆναι
2905 1629 2950 1662 ⁶⁴¹
3003 1628 3133 1692 ἔδει,
3185 1625 3281 1679 καὶ
3321 1620 3455 1693 παρ’
3496 1619 3646 1692 ἡμῶν

390 1740 437 1796 si
469 1738 598 1808 quid
629 1734 986 1791 excellentius
1011 1736 1216 1798 dicant,
1252 1734 1534 1789 attendere
1573 1742 1841 1802 oporteat,
1876 1750 1929 1789 sc

2106 1730 2458 1805 παρελείφθη.
2492 1748 2510 1782 ι
2551 1728 2690 1797 Ὅρα
2733 1724 2840 1796 γάρ
2869 1738 2883 1753 ·
2921 1739 2941 1773 ι
2982 1720 3178 1775 ’Δλλον
3226 1715 3435 1786 Ἰησοῦν
3464 1714 3524 1768 ὃν
3555 1713 3645 1767 ούκ

389 1829 439 1885 si
485 1807 614 1897 quid
660 1825 848 1881 dicant
899 1824 1045 1895 quod
1100 1823 1393 1879 dicendum
1444 1833 1611 1890 esset,
1664 1832 1721 1878 et
1755 1837 1785 1877 ο
1821 1823 1926 1878 nob

2107 1823 2423 1897 κηρύξαμεν
2446 1839 2461 1853 ο
2497 1818 2724 1890 Πνεῦμα
2747 1817 2960 1888 ἕτερον,
2993 1814 3022 1868 δ
3048 1814 3148 1866 οὐκ
3173 1809 3398 1865 ἐλάϐετε
3417 1825 3432 1840 υ
3475 1807 3646 1876 Εύαγο

388 1919 815 1991 praetermissum
870 1916 1055 1973 fuerit.
1107 1916 1348 1972 Observa
1396 1917 1541 1971 enim
1583 1933 1599 1972 :
1637 1934 1656 1969 ι
1700 1908 1903 1982 Alium,

2109 1923 2259 1979 ’έλιον
2296 1923 2506 1992 Ξτερον,
2535 1918 2566 1973 δ
2597 1918 2699 1972 ούκ
2728 1912 3006 1979 ἐδέξασθε.
3029 1927 3049 1962 ι
3074 1910 3238 1963 Ὥστε
3263 1906 3389 1960 ἐπεὶ
3416 1906 3488 1960 τὰ
3518 1904 3648 1958 αὐτὰ

389 2014 591 2083 inquit,
634 2030 652 2064 ι
705 2009 910 2078 Jesum,
942 2024 1101 2081 quem
1151 2025 1256 2064 non
1307 2010 1716 2081 praedicavimus
1755 2029 1773 2067 :
1808 2012 1928 2082 Spir

2108 2015 2319 2084 έγουσι,
2360 2013 2413 2067 τί
2445 2011 2582 2084 πρὸς
2633 2008 2831 2072 αὐτοὺς
2865 2005 3166 2077 κεχήνατε;
3224 2001 3335 2054 Καὶ
3372 1995 3557 2066 ἐπειδὴ
3586 1996 3647 2048 τὰ

393 2117 507 2162 ιιιιη
560 2103 748 2169 alium,
808 2117 970 2173 quem
1037 2117 1143 2157 non
1200 2103 1493 2173 accepistis
1549 2121 1563 2158 :
1620 2103 1932 2175 Erangeliut

2104 2105 2222 2159 ιύτὰ
2275 2104 2564 2174 λέγουσιν,
2628 2094 2674 2157 ὧ
2749 2098 2967 2162 Παῦλε,
3030 2094 3084 2148 τί
3138 2093 3335 2155 αὐτοὺς
3393 2088 3643 2151 κωλύειςς

395 2197 578 2261 aliud,
625 2194 768 2264 quod
812 2208 918 2249 non
965 2192 1274 2263 accepistis.
1320 2212 1338 2246 ι
1376 2191 1512 2249 Cum
1559 2193 1746 2266 itaque
1789 2196 1934 2251 eadet

2105 2198 2246 2264 Οτιξ
2282 2198 2350 2267 τῇ
2415 2194 2706 2266 ὑποκρίσει
2776 2190 3056 2264 χρώμενοι
3136 2186 3301 2255 ἕτερα
3375 2181 3644 2249 εἰσάγουσι

396 2290 603 2354 dicant,
632 2287 760 2357 quid
795 2286 849 2342 in
877 2301 972 2342 eos
1002 2286 1270 2342 initiatis?
1302 2285 1601 2357 Postquam
1629 2302 1760 2359 ergo
1789 2287 1978 2344 eadem
2078 2290 2348 2363 δόγματα.

374 2383 715 2455 ςρτωὰἰιιιιηι,
749 2396 782 2437 o
809 2380 996 2445 Paule,
1022 2380 1150 2450 quid
1184 2395 1279 2435 eos
1310 2380 1610 2449 prohibes?
1643 2380 1780 2448 Quia
1807 2382 1982 2455 hypo-

371 2476 526 2533 -crisi
559 2484 796 2541 utentes,
834 2473 940 2529 alia
968 2474 1222 2544 dogmata
1252 2473 1624 2530 introducunt.
3114 2513 3127 2520 -

471 2569 633 2626 Vens.
672 2568 728 2626 5.
766 2586 787 2621 ι
833 2566 1100 2623 Existimo
1131 2566 1277 2623 enim
1322 2580 1408 2623 me
1438 2566 1572 2622 nihil
1603 2580 1726 2623 esse
1757 2565 1985 2624 inferio-

2161 2581 2182 2616 ι
2245 2559 2554 2631 Λογίζομαι
2594 2554 2707 2629 γὰρ
2765 2553 2936 2627 μηδὲν
2976 2547 3340 2623 ὑστερηκέναι
3373 2543 3482 2600 τῶν
3519 2542 3646 2615 ὑπὲρ

377 2680 512 2721 -rem
548 2664 613 2721 iis
649 2661 751 2733 qui
773 2661 952 2733 magni
985 2659 1273 2713 admodum
1318 2669 1445 2714 sunt
1478 2659 1730 2730 apostoli.
1772 2678 1791 2712 ι
1832 2661 1916 2715 Dei

2105 2656 2207 2711 ιίαν
2240 2652 2582 2709 ἀποστόλων.
2619 2671 2639 2703 ι
2675 2649 2879 2706 Λοιπὸν
2908 2648 3021 2709 τοῖς
3043 2644 3174 2713 περὶ
3203 2641 3413 2711 Πέτρον
3434 2637 3644 2708 συγκρὶ-

382 2773 529 2827 υιιιρε
576 2756 721 2812 Petri
756 2755 1121 2812 seetatoribus
1165 2760 1293 2809 se'se
1328 2729 1559 2817 coitfert,
1599 2754 1703 2810 hoc
1746 2753 1921 2809 indica

2110 2766 2169 2805 ἐι
2195 2747 2410 2811 ἑαυτὸν,
2444 2742 2604 2800 τοῦτο
2628 2742 2801 2810 δεῖξαι
2835 2739 3026 2805 θέλων,
3055 2738 3137 2790 ὅτι
3162 2735 3225 2788 El
3255 2732 3391 2804 ἐμοῦ
3419 2748 3473 2784 τι
3502 2729 3649 2781 πλέον

384 2851 589 2905 «τοίους
641 2865 656 2903 ;
704 2847 771 2921 Si
801 2861 886 2901 me
922 2845 1078 2915 plura
1126 2853 1351 2910 norunt,
1407 2847 1568 2901 etiam
1623 2856 1679 2901 et
1730 2846 1874 2913 illis;
1918 2865 1923 2898 :

2098 2842 2259 2907 ἴσασι,
2284 2840 2381 2895 καὶ
2420 2839 2648 2892 ἐκείνων
2673 2852 2689 2869 ⁸
2733 2836 2813 2899 είς
2844 2834 3046 2889 ἄτοπον
3076 2828 3308 2896 ἀπάγων
3350 2823 3440 2879 τὸν
3475 2821 3637 2887 λόγον.

376 2939 694 2997 absurdum
733 2919 891 3007 30],
945 2936 1174 2991 ducens.
1216 2935 1456 2991 Observa
1497 2947 1676 2993 autem
1712 2935 1833 3006 ejus
1885 2938 1915 2991 Il

2105 2937 2234 3009 ὐρα
2271 2934 2329 2989 δὲ
2374 2927 2881 3001 ταπεινοφροσύνην
2908 2942 2923 2955 ·
2960 2943 2979 2977 ι
3030 2921 3357 2992 Λογίζομαι,
3410 2937 3429 2971 ι
3478 2919 3644 2989 φησιν,

402 3036 709 3092 ruilitatem.
743 3052 764 3087 ι
805 3033 1090 3099 Existimo,
1129 3050 1149 3085 ι
1186 3033 1380 3103 inquit,
1438 3032 1489 3088 id
1527 3042 1611 3088 est
1650 3042 1798 3106 puto,
1845 3036 1941 3088 arb

2105 3022 2225 3093 tiov,
2286 3026 2584 3095 Ἦγοῦμαι,
2646 3020 2876 3093 νομίζω,
2927 3018 3024 3072 καὶ
3068 3014 3221 3069 ούδέν
3273 3009 3644 3082 ὰποφαντικόν.

380 3140 525 3184 ⁸ιιόι·
565 3146 581 3184 :
608 3136 664 3182 et
694 3124 831 3180 nihil
859 3124 1106 3180 enuntiat
1137 3133 1193 3181 et
1222 3124 1487 3180 decernit.
1517 3122 1636 3180 Non
1651 3103 1919 3195 wsimplicil

2107 3120 2205 3189 )ύχ
2231 3117 2418 3181 ἁπλῶς
2443 3117 2501 3170 δέ
2531 3115 2703 3193 λέγει,
2744 3111 2869 3167 Τῶν
2911 3108 3248 3168 ἀποστόλων,
3277 3104 3437 3169 ἀλλὰ,
3487 3121 3505 3154 ι
3541 3103 3646 3155 Τῶν

405 3227 588 3275 autem
630 3217 780 3284 dicit,
813 3215 1058 3288 Reliquis
1089 3214 1373 3288 apostolis,
1405 3216 1522 3282 sed,
1559 3235 1579 3269 ι
1622 3215 1692 3273 Iis
1718 3193 1810 3288 qui
1853 3233 1944 3273 sur:

2108 3212 2235 3283 ὅπερ
2283 3210 2427 3274 λίαν,
2483 3227 2503 3260 ι
2551 3207 2783 3276 Πέτρον,
2827 3203 2923 3258 καὶ
2957 3200 3233 3270 Ἰωάννην,
3271 3197 3368 3251 καὶ
3414 3193 3647 3250 Ἰἐκωεον

378 3311 595 3367 «eximii
626 3308 882 3381 apostoli,
918 3327 937 3361 ι
987 3308 1231 3376 Petrum,
1269 3307 1563 3376 Iacobum,
1605 3307 1868 3364 Joannem
1902 3309 1915 3363 i

2108 3269 2492 3372 tlvtatdpevog.
2541 3269 2718 3352 Τοῦτο
2764 3269 2820 3350 δέ
2870 3311 3060 3365 φησιν,
3106 3269 3292 3359 ἐπειδὴ
3341 3288 3525 3342 τούτου
3564 3284 3647 3338 νῦν

408 3410 609 3459 nuens.
650 3379 827 3472 Atque
868 3402 972 3457 Itoc
1016 3401 1168 3467 dicit,
1203 3401 1328 3471 quia
1363 3401 1475 3471 jam
1517 3400 1814 3458 necessitas
1844 3402 1947 3457 istu

2106 3395 2258 3467 χρεία
2283 3391 2375 3464 ἦν,
2404 3392 2531 3447 ἐπεὶ
2556 3388 2793 3461 ἀλλαχοῦ
2826 3404 2992 3461 φησιν
3020 3403 3035 3418 ·
3083 3403 3103 3438 ι
3143 3386 3240 3449 Ὃς
3275 3383 3376 3437 οὐκ
3403 3379 3515 3451 είμὶ
3542 3380 3645 3432 ἱκα-

382 3494 760 3566 ..postulabat,
802 3508 938 3549 cum
997 3501 1176 3547 tamen
1216 3492 1351 3547 alibi
1398 3493 1589 3547 dicat:
1643 3509 1663 3543 ι
1727 3491 1830 3558 Qui
1882 3509 1921 3545 ut

1301 3493 1351 3547 bi
1398 3493 1589 3547 dicat:
1643 3509 1663 3543 ι
1727 3491 1830 3558 Qui
1882 3507 1988 3547 non
2093 3489 2184 3554 νὸς
2209 3486 2490 3544 καλεῖσθαι
2511 3484 2835 3548 ἀπόστολος.

402 3602 528 3644 sum
560 3585 753 3657 dignus
786 3584 971 3640 vocari
1002 3583 1280 3655 apostolus
1306 3593 1351 3639 ι’.
1387 3601 1407 3634 ι

480 3696 650 3755 Vens.
677 3697 731 3753 6.
773 3715 792 3749 ι
829 3695 965 3751 Nam
990 3696 1090 3751 etsi
1121 3695 1407 3766 imperitus
1440 3710 1709 3764 sermone,
1746 3697 1841 3754 sed
1885 3711 1992 3752 non

2173 3710 2192 3745 ι
2224 3691 2287 3746 Εἰ
2310 3690 2367 3744 δὲ
2402 3689 2495 3743 καὶ
2522 3686 2738 3758 ἰδιώτης
2763 3683 2842 3751 τῷ
2871 3683 3037 3752 λόγῳ,
3060 3678 3176 3735 ἀλλ’
3208 3678 3269 3732 ού
3295 3678 3359 3749 τῇ
3392 3675 3592 3745 γνώσει.
3624 3691 3639 3725 ι

394 3791 654 3847 scientia.
684 3788 1157 3859 «Quandoquidem
1177 3789 1229 3842 in
1248 3789 1348 3844 ltoc
1365 3787 1467 3843 sibi
1483 3788 1772 3860 placebant
1790 3802 1933 3858 pseut

2109 3782 2326 3853 Ἐπειδὴ
2374 3779 2627 3851 ἐντούτῳ
2674 3774 3112 3841 ἐκαλλωπίζοντο
3138 3775 3185 3827 oi
3224 3767 3641 3843 ψευδαπόστολοι,

404 3882 668 3953 apostoli,
710 3882 853 3951 quod
909 3857 1013 3935 non
1063 3890 1250 3935 essent
1292 3857 1534 3946 indocti,
1568 3857 1806 3936 ostendit
1850 3894 1943 3950 qut

2106 3876 2175 3948 τῷ
2207 3876 2281 3947 μὴ
2312 3870 2455 3928 εἶναι
2484 3871 2725 3939 ἰδιῶται,
2747 3867 3019 3924 δείκνυσιν
3053 3865 3240 3931 αὐτὸς,
3273 3863 3357 3949 ὅτι
3385 3862 3443 3916 ού
3478 3857 3645 3929 φεύγει

411 3990 522 4030 non
559 3972 830 4027 inlicielur
860 3984 981 4026 sese
1026 3970 1337 4041 imperitum
1373 3984 1493 4026 esse
1514 4009 1529 4036 ,
1555 3980 1718 4041 atque
1744 3972 1846 4025 hoc
1869 3944 1950 4027 ἐει

2105 3944 2517 4040 τηνήίδιωτείαν,
2555 3964 2693 4019 ἀλλὰ
2722 3961 2817 4017 καὶ
2874 3959 3202 4030 σεμνύνεται
3241 3944 3510 4025 ἐπίαύτῇ.
3552 3948 3644 4002 Καὶ

414 4065 601 4136 gloria
632 4062 799 4119 ducit.
827 4059 939 4116 Nec
964 4062 1117 4127 dicit,
1168 4061 1392 4116 Etiamsi
1440 4060 1689 4118 indoctus
1739 4076 1804 4117 ac
1848 4063 1945 4117 rud

2107 4063 2160 4116 ού
2200 4060 2368 4131 λέγει,
2393 4058 2476 4113 δτι
2504 4057 2577 4123 ΕΞ,
2598 4056 2692 4111 καὶ
2727 4052 2944 4123 ἰδιώτης
2974 4052 3113 4120 εἰμὶ,
3153 4047 3291 4104 ἀλλὰ
3342 4045 3435 4100 καὶ
3462 4043 3508 4097 οἱ

414 4159 543 4223 sim,
580 4168 871 4211 commune
900 4153 1002 4209 hoc
1028 4154 1158 4208 mihi
1190 4169 1315 4209 cum
1346 4154 1559 4210 caeteris
1586 4163 1670 4210 est
1707 4156 1953 4225 apostoli:

2104 4153 2301 4218 στολοι,
2355 4152 2441 4204 ἵνα
2494 4150 2571 4220 μὴ
2628 4146 2757 4219 δόξῃ
2808 4141 3218 4198 συνδιαϐάλλειν
3281 4138 3508 4200 αὐτούς·
3549 4131 3643 4225 ἀλλ’

382 4264 486 4307 ‘ne
517 4252 763 4305 videatur
782 4264 884 4302 una
918 4248 1196 4304 criminari
1229 4248 1376 4320 ipsos
1404 4266 1417 4301 :
1462 4250 1556 4305 sed
1589 4224 1876 4305 exterioris
1906 4265 1921 4304 ε

2104 4243 2234 4300 αὐτὸ
2274 4243 2337 4297 τὸ
2366 4243 2599 4313 πρᾶγμα
2637 4239 2735 4309 τῆς
2788 4236 2987 4303 ἔξωθεν
3022 4235 3215 4303 σοφίας
3269 4228 3534 4320 καθαιρεῖ,
3581 4224 3643 4284 ὡς

417 4343 636 4416 ρίεηιὶω
666 4343 842 4413 ipsum
874 4343 1151 4412 negotium
1184 4341 1344 4406 tollit,
1382 4357 1536 4411 reque
1557 4350 1719 4412 atque
1752 4342 1807 4397 in
1831 4342 1956 4413 prio}

2103 4337 2198 4392 καὶ
2235 4338 2294 4391 ἐν
2352 4334 2599 4407 προτέρᾳ
2650 4331 2852 4396 ἔδειξεν
2903 4327 3036 4382 αὐτὸ
3074 4326 3137 4381 οὐ
3185 4325 3350 4396 μόνον
3398 4319 3642 4416 ἀνόνητον,

420 4431 659 4504 Epistula
691 4433 1016 4489 monstravit
1044 4446 1163 4486 eam
1195 4445 1301 4485 non
1350 4430 1525 4485 solum
1572 4406 1692 4486 esse
1734 4406 1959 4486 inutilen

2105 4427 2243 4485 ἀλλὰ
2273 4427 2476 4499 μᾶλλον
2496 4406 2593 4481 καὶ
2619 4422 3017 4496 λυμαινόμενον
3055 4422 3121 4491 τῇ
3146 4418 3276 4489 δόξῃ
3295 4415 3387 4470 τοῦ
3417 4406 3644 4504 σταυροῦ.

415 4542 606 4584 verum
641 4525 867 4597 gloriam
891 4525 1071 4596 potius
1097 4525 1278 4579 crucis
1309 4521 1579 4577 subruere
1601 4537 1666 4578 ac
1690 4524 1954 4578 devastart

2106 4521 2195 4593 Τῷ
2234 4520 2376 4590 λόγῳ
2393 4517 2489 4575 οῦν
2515 4519 2630 4590 ειμι
2660 4515 2912 4588 ίδιώτηςν
2931 4513 2992 4567 οὐ
3019 4515 3084 4584 τῇ
3113 4512 3334 4580 γνώσει.
3366 4505 3460 4559 Διὰ
3484 4501 3645 4597 τούτου

420 4620 686 4676 Sermone
734 4592 904 4690 igitur?
935 4619 1184 4673 indoctus
1231 4631 1375 4681 sum,
1428 4617 1656 4673 scientia
1716 4616 1959 4686 haudqua

2108 4592 2173 4670 δέ
2209 4615 2509 4677 αἰνίττεται
2584 4611 2851 4676 ἐκείνους,
2917 4609 3001 4662 ὅτι
3071 4606 3198 4659 ὅσον
3248 4605 3315 4673 τῇ
3378 4592 3647 4690 εὐγλωττίῗ

419 4730 605 4787 quam.
641 4712 744 4770 Per
778 4714 880 4770 hoc
914 4722 1094 4768 autem
1123 4711 1244 4766 illos
1269 4711 1471 4774 innuit,
1505 4710 1648 4780 quod
1688 4723 1797 4781 quo
1832 4724 1953 4780 mag

2107 4706 2471 4778 κομπάζουσι,
2530 4702 2784 4766 τοσοῦτον
2830 4697 3232 4771 ἐστερημένους
3264 4695 3361 4765 τῆς
3406 4689 3497 4745 τοῦ
3533 4680 3646 4740 Θεοῦ

384 4824 389 4828 “
420 4802 501 4862 illi
533 4805 844 4876 eloquentia
879 4803 1182 4874 gloriantur
1204 4841 1219 4867 ,
1256 4818 1321 4858 eo
1368 4800 1682 4871 cognitione
1729 4800 1824 4855 Dei
1859 4800 1923 4870 ip:

1765 4800 1824 4854 lei
1859 4800 2006 4870 ipsos
2106 4798 2379 4871 γνώσεως,
2401 4800 2495 4853 καὶ
2528 4794 2746 4861 ἰδιώτας
2774 4795 2934 4859 ὄντας
2970 4791 3088 4848 κατ’
3111 4791 3304 4862 αὑτήν.

421 4902 598 4972 magis
619 4916 742 4957 esse
791 4902 1041 4966 orbatos,
1080 4908 1133 4954 et
1163 4905 1430 4968 quatenus
1468 4897 1536 4951 ad
1580 4896 1755 4967 ipsam
1790 4895 2006 4958 attinet,

419 5010 517 5052 eos
536 5010 657 5051 esse
686 4994 881 5050 idiotas
899 5004 947 5050 et
975 4994 1243 5050 indoctos.

500 5123 520 5159 ι
560 5104 669 5161 Sed
716 5106 769 5160 in
803 5106 994 5175 quavis
1039 5118 1098 5159 re
1127 5102 1401 5159 manifesti
1437 5117 1627 5158 sumus
1662 5100 1717 5155 in
1751 5100 2005 5155 omnibus

2188 5111 2208 5145 t
2277 5090 2418 5146 Ἀλλ’
2457 5091 2516 5144 ἐν
2560 5089 2733 5143 παντὶ
2792 5084 3200 5157 φανερωθέντες
3256 5083 3319 5136 ἐν
3379 5080 3533 5133 πᾶσιν
3582 5073 3646 5133 εἰς

423 5212 551 5268 erga
585 5213 700 5252 vos.
733 5214 752 5248 ι
789 5166 906 5251 Νοιι
930 5194 1384 5266 quemadmodum
1408 5190 1830 5264 pseudapostoli,
1857 5189 1962 5244 aliu

2112 5185 2278 5256 ὑμᾶς.
2325 5201 2344 5236 ι
2386 5184 2498 5252 Οὐχ
2547 5181 2737 5247 ὥσπερ
2770 5180 2820 5233 οἱ
2859 5175 3292 5249 ψευδαπόστολοι
3351 5172 3472 5229 ἄλλο
3521 5166 3644 5268 Mf:

424 5308 635 5355 sumus,
672 5300 727 5346 et
772 5290 918 5346 aliud
971 5300 1343 5360 apparemus:
1394 5300 1584 5340 verum
1641 5283 1694 5337 in
1752 5281 1963 5336 omnibu

2111 5277 2240 5332 ἄλλο
2270 5276 2595 5348 φαινόμεθα,
2624 5274 2741 5328 ἀλλ’
2769 5274 2828 5326 ἐν
2859 5274 3045 5337 πᾶσιν,
3075 5264 3158 5333 οἷς
3185 5267 3447 5338 ποιοῦμεν
3474 5260 3555 5316 καὶ
3575 5256 3643 5360 lt:

426 5399 546 5456 qua:
581 5383 813 5438 iacimus
832 5393 885 5438 et
906 5382 1162 5445 dicimus,
1188 5377 1465 5434 manifesti
1499 5389 1688 5430 sumus
1711 5388 1839 5441 erga
1871 5387 1965 5426 vos

2111 5346 2303 5441 γομεν,
2342 5346 2571 5439 φανεροί
2605 5368 2772 5437 ἐσμεν
2802 5366 2882 5428 είς
2912 5363 3055 5435 ὑμᾶς
3083 5374 3097 5390 ⁸
3132 5360 3360 5430 οὐδεμία
3387 5352 3559 5418 διπλόη
3578 5346 3639 5413 ,ἦ

426 5447 604 5549 neque
648 5476 756 5532 ulla
786 5485 872 5530 est
903 5475 954 5529 iu
1012 5472 1169 5528 nobis
1222 5470 1515 5542 duplicitas
1547 5468 1631 5524 vel
1678 5468 1965 5539 hypocrisi:

2113 5463 2405 5535 ὑπόκρισις
2436 5463 2494 5516 ἐν
2530 5462 2688 5534 ἡμῖν,
2721 5457 2913 5530 ὥσπερ
2946 5454 3202 5522 ἐκείνοις,
3230 5447 3502 5509 εύλαὸείας
3528 5452 3637 5509 προ-

536 5631 557 5659 ¹
585 5633 609 5690 ι
645 5633 773 5691 Cor.
804 5648 892 5699 xv,
925 5631 981 5687 9.

1759 5746 1954 5809 Variae
1999 5745 2322 5808 lectiones.

500 5875 551 5910 “
574 5852 772 5932 ἐνίκων
800 5887 853 5930 o.
929 5870 972 5903 θ’
1005 5867 1260 5938 δεχθῆναι
1297 5882 1353 5924 0.
