3898 6574
248 380 343 446 913

970 385 1377 449 EXPOSITIO
1414 389 1497 450 IN
1534 391 1773 454 EPIST.
1817 393 1876 454 ll
1920 397 2021 456 AD
2059 396 2229 459 COR.
2256 426 2322 448 -ι-
2350 399 2508 462 CA-P.
2551 399 2660 460 XI.

3369 395 3496 464 sua

249 497 465 548 σωπεῖον
480 495 642 564 μόνον
670 497 1096 570 περικειμένοις,
1131 502 1226 553 καὶ
1246 500 1421 556 πάντα
1453 501 1520 556 τΞι
1551 502 1799 574 χείριστα

1909 519 1961 562 ιιι
1991 509 2043 562 in
2070 508 2175 564 illis
2193 510 2281 578 qui
2313 509 2425 564 sola
2461 509 2686 578 pietatis
2718 522 2953 582 persona
2983 518 3108 568 sunt
3140 510 3346 581 amicti,
3384 513 3504 570 (le--

245 604 386 641 ποιου
397 604 495 642 σιν.

312 697 330 730 ι
374 680 439 731 Ἢ
478 680 754 749 ἁμαρτίαν
800 683 1056 752 ἐποίησα,
1117 683 1356 756 ἐμαυτὸν
1407 684 1682 742 ταὴὲτΰῶν
1711 688 1801 742 ἵνα

247 773 391 841 ὑμεῖς
407 771 682 843 ὑψωθῆτε,
714 776 796 828 ὅτι
841 775 1054 848 δωρεὰν
1081 777 1142 831 τὸ
1169 776 1266 832 τοῦ
1295 779 1432 833 Θεοῦ
1467 781 1802 849 Εὑαγγέλιον

244 865 674 935 εὐηγγελισάμην
700 867 867 938 ὕμῖν;
907 887 926 919 ι
963 869 1156 935 Τοῦτο,
1183 871 1374 942 φησὶν,
1405 872 1675 942 ἥμαρτον,
1708 873 1804 926 καὶ

243 954 322 1008 διὰ
353 953 502 1008 τοῦτό
535 973 628 1026 μοι
651 959 902 1024 ἐγκαλεῖν
920 959 1071 1031 ἔχετε
1098 963 1192 1015 καὶ
1225 963 1800 1035 κατεπαίρεσθαίμου,

241 1047 313 1099 ὅτι
350 1046 689 1104 ἐταπείνωσα
721 1051 978 1121 ἐμαυτὸν,
1015 1054 1326 1125 προσαιτῶν
1357 1058 1453 1110 καὶ
1494 1056 1801 1127 λιμώττων,

253 1154 269 1186 ι
296 1135 378 1188 ἵνα
405 1135 562 1204 ὑμεῖς
609 1138 913 1211 Metilii-:5,»
935 1143 1235 1213 τουτέστιν,
1259 1146 1651 1218 οἰκοδομηθῆτε
1667 1149 1803 1220 πρὸς

239 1227 328 1297 τὴν
350 1227 530 1282 πίστιν
567 1246 582 1295 ;
617 1231 730 1285 Ούκ
747 1234 1193 1300 ἐσκανδαλίζοντο
1235 1239 1344 1309 γὰρ
1384 1239 1569 1294 λοιπὸν
1605 1241 1672 1313 (ὃ
1703 1243 1800 1295 καὶ

241 1319 456 1392 μεγίστη
507 1321 692 1375 αὐτῶν
749 1327 1098 1398 κατηγορία),
1159 1329 1242 1383 ὅτι
1280 1332 1379 1385 οὐκ
1427 1331 1804 1402 ᾠκοδομοῦντο

237 1410 418 1476 ἄλλως,
465 1415 514 1467 εἰ
547 1413 622 1485 μὴ
653 1417 818 1481 αὐτὸς
876 1419 1311 1493 ἐλιμαγχονείτο.
1386 1423 1605 1497 Ἐπειδὴ
1638 1425 1695 1480 δέ
1720 1424 1802 1479 δι-

239 1501 446 1557 έϐαλλον
475 1506 663 1574 αὑτὸν,
705 1509 787 1562 ὅτι
819 1512 1011 1582 παρὼν
1049 1516 1166 1584 μὲν,
1187 1516 1448 1581 ταπεινὸς
1474 1558 1489 1583 ,
1522 1517 1678 1572 ἀπὼν
1705 1519 1760 1573 δέ
1785 1559 1799 1584 ,

238 1597 530 1666 κομπάζειο
589 1600 666 1666 ὡς
720 1602 862 1678 ὑπὲρ
915 1605 1108 1661 τούτου
1167 1609 1611 1680 ἀπολογούμενος
1666 1611 1798 1678 νῦν,

236 1689 442 1760 πλήττει
475 1693 697 1761 αὐτοὺς,
731 1697 817 1751 ὅτι
858 1699 1130 1766 Ταπεινδς
1157 1702 1376 1773 γέγονα,
1410 1703 1526 1758 ἀλλ’
1553 1705 1710 1776 ὑμεῖς
1757 1706 1803 1739 ⁸⁸

237 1781 467 1854 ὑψώθητε
492 1786 554 1838 ἐκ
577 1787 797 1844 τούτου.

301 1987 316 2019 ι
358 1969 556 2034 Ἀλλας
607 1972 930 2044 Ἐκκλησίας
980 1978 1258 2050 ἐσύλησα,
1319 1981 1499 2037 λαϐὼν
1566 1983 1796 2054 ὀψώνιον

235 2058 357 2129 πρὸς
392 2059 488 2132 τὴν
517 2062 676 2133 ὑμῶν
702 2065 1004 2124 διακονίαν.
1044 2090 1062 2122 ι
1098 2072 1294 2126 Καίτοι
1322 2075 1556 2144 ἠδύνατο
1585 2078 1796 2146 εἰπεῖν,

233 2147 302 2200 ὅτι
343 2149 432 2203 Ἐκ
479 2152 590 2205 τῶν
627 2159 826 2226 χειρῶν
858 2176 961 2228 μου
983 2159 1170 2231 ἤσθιον
1192 2179 1208 2194 ⁸
1248 2163 1388 2218 ἀλλὰ
1422 2164 1800 2235 πληκτικώτε-

237 2255 316 2309 ρον
342 2241 426 2294 τὸν
445 2242 606 2312 λόγον
636 2247 823 2314 ποιῶν,
843 2251 983 2321 Παρ’
1011 2252 1210 2320 ἄλλων,
1241 2257 1429 2326 φησὶν,
1457 2256 1672 2324 ἔλαϐον,
1702 2259 1799 2314 καὶ

234 2331 408 2397 ταῦτα,
445 2335 575 2405 ὑμῖν
633 2338 1076 2411 διακονούμενος.
1116 2344 1189 2397 Τὸ
1239 2345 1332 2414 δὲ,
1370 2365 1389 2399 ι
1431 2347 1703 2420 Ἐσύλησα
1728 2390 1742 2415 ,
1773 2369 1792 2402 ι

233 2423 341 2477 ἀντὶ
361 2425 473 2491 τοῦ,
515 2429 865 2499 Ἐγύμνωσα,
906 2435 1002 2488 καὶ
1035 2436 1275 2507 πένητας
1309 2439 1508 2505 αὐτοὺς
1540 2443 1794 2512 ἐποίησα.

234 2515 518 2575 Δίνίττεται
559 2522 622 2575 δὲ
667 2525 761 2577 καὶ
804 2527 931 2591 τοὺς
985 2529 1321 2597 Μακεδόνας,
1357 2533 1423 2587 Οἳ
1473 2534 1797 2590 πενέστατοι

233 2605 398 2674 ὄντες,
427 2611 506 2666 ἔτι
544 2615 643 2668 καὶ
697 2618 800 2687 ἐμὲ
852 2615 998 2689 εἶχον
1041 2623 1540 2694 προσεπιτρίὸοντα
1577 2628 1797 2694 αὐτοὺς,

235 2702 396 2757 καίτοι
440 2707 499 2760 ού
551 2711 828 2779 περιττῶν
869 2712 1117 2784 ἔχρῃζον,
1157 2715 1295 2769 ἀλλὰ
1320 2717 1433 2772 τῶν
1482 2719 1800 2788 ἀναγκαίων

234 2795 652 2869 δαπανημάτων.
696 2803 956 2873 Ὀψώνιον
1012 2807 1121 2880 γὰρ
1181 2809 1376 2865 ἔλαϐον
1402 2825 1418 2842 θ
1477 2812 1598 2866 ἀλλ’
1649 2815 1800 2885 ὅμως

1901 601 2119 656 terrima
2169 617 2396 671 quaeque
2435 612 2734 670 patrantes.

1973 694 2135 748 Vens.
2167 695 2218 748 7'.
2260 712 2279 746 ι
2314 693 2453 747 Num
2491 704 2766 763 peccatum
2807 696 2948 765 feci,
2986 699 3254 770 meipsum
3301 699 3506 755 bn..nl---

1901 785 2042 839 lians
2082 794 2140 838 ιιι
2168 800 2269 841 vos
2317 786 2719 854 exaltaremini,
2748 790 2890 860 quod
2923 791 3090 862 gratis
3124 790 3478 860 Evangelium

1902 876 1994 931 Dei
2033 876 2320 946 prmdicavi
2353 878 2548 933 vobis?
2581 898 2601 931 ι
2638 880 2692 934 In
2728 881 2866 947 hoc,
2898 883 3095 950 inquit,
3143 883 3390 952 peccavi,
3425 891 3490 938 et

1901 980 2187 1041 propterea
2220 981 2304 1026 est
2341 987 2440 1027 cur
2483 986 2569 1027 me
2607 974 2910 1040 accusetis,
2953 985 3008 1028 et
3059 976 3344 1030 adversum
3394 991 3504 1031 [ηε--

1901 1061 2224 1128 ell‘eramini,
2265 1064 2523 1134 quoniam
2583 1063 2754 1131 dejeci
2813 1067 3115 1136 meipsuin,
3162 1068 3482 1123 mendicans

1901 1163 1954 1208 et
1975 1153 2172 1208 famem
2191 1155 2428 1224 patiens?
2455 1173 2474 1207 ι
2499 1155 2568 1212 Ut
2583 1170 2676 1210 vos
2691 1155 3090 1222 cxaltaremini,
3113 1175 3131 1208 ι
3154 1157 3256 1212 hoc
3282 1167 3385 1225 est,
3411 1159 3480 1213 ad

1903 1243 2062 1299 ﬁdem
2099 1243 2532 1302 :edilicaremini.
2563 1244 2680 1301 Non
2716 1246 2858 1300 enim
2883 1245 3295 1302 offendebantur
3327 1249 3506 1303 dein-r-

1901 1350 2028 1405 ccps
2058 1337 2076 1406 (
2101 1353 2220 1408 qum
2245 1337 2482 1392 maxima
2518 1346 2605 1393 est
2632 1352 2820 1393 eorum
2849 1338 3157 1412 accusatio)
3194 1341 3338 1409 quod
3373 1355 3480 1394 non

1901 1429 2061 1484 aliter
2100 1431 2544 1495 :edilicabanlur,
2602 1431 2709 1486 nisi
2755 1431 2870 1500 ipse
2920 1430 3066 1487 fame
3121 1443 3476 1502 premeretur.

1901 1520 2037 1588 Quia
2066 1538 2196 1578 vero
2234 1525 2710 1579 calumniabantur
2743 1540 2887 1589 eum,
2916 1525 3061 1596 quod
3099 1539 3338 1594 praesens
3384 1525 3491 1579 ιω-

1901 1614 2044 1668 milis
2075 1625 2244 1684 esset,
2272 1617 2469 1672 absens
2504 1633 2632 1673 vero
2664 1617 3031 1688 gloriabatur,
3077 1618 3179 1672 bac
3211 1619 3277 1673 de
3304 1633 3362 1672 re
3388 1633 3486 1672 ve-

1901 1705 2001 1763 luti
2035 1707 2342 1781 apologiam
2387 1718 2598 1776 texens,
2629 1709 2756 1766 ferit
2782 1725 2875 1765 eos
2921 1727 2934 1765 :
2971 1709 3103 1765 Vilis
3149 1711 3367 1777 quidem
3403 1707 3483 1764 fa-

1903 1811 2020 1878 ctqs
2044 1819 2162 1858 sunt
2215 1813 2269 1860 et
2319 1805 2588 1875 abjectus,
2641 1815 2898 1861 caeterum
2934 1819 3033 1861 vos
3081 1805 3207 1861 inde
3259 1803 3481 1861 exaltati

1901 1894 2053 1949 estis.
2533 1898 2535 1901 ’

1977 1987 2142 2042 Vens.
2180 1989 2233 2045 8.
2273 2008 2292 2041 ι
2325 1990 2473 2045 Alias
2518 1991 2793 2048 Ecclesias
2838 1979 3173 2062 exspoliari,
3207 1991 3483 2059 accipiens

1903 2083 2172 2152 stipendia
2228 2085 2295 2139 ad
2350 2084 2716 2140 ministerium
2751 2095 3014 2141 vestrum.
3049 2104 3069 2138 ι
3129 2084 3243 2140 Etsi
3297 2083 3484 2139 dicere

1900 2167 2165 2246 patuisset
2188 2217 2203 2242 ,
2229 2178 2303 2231 Ex
2333 2193 2590 2233 manuum
2633 2193 2876 2233 mearum
2911 2177 3095 2234 labore
3121 2177 3479 2242 manducavi,

1901 2277 2140 2322 attamen
2159 2270 2490 2338 asperiorem
2509 2273 2811 2326 orationem
2844 2270 3073 2336 faciens,
3109 2271 3190 2326 Ab
3220 2270 3359 2337 aliis,
3394 2271 3484 2325 in-

1900 2359 2036 2428 quit,
2077 2362 2285 2429 accepi,
2309 2361 2470 2432 idque
2494 2379 2617 2417 cum
2657 2363 2709 2417 in
2739 2363 2902 2419 vestri
2932 2377 3110 2418 essem
3152 2363 3477 2419 ministerio.

1906 2469 1924 2501 ι
1957 2450 2290 2520 Exspoliavi,
2331 2471 2350 2506 ι
2385 2463 2563 2510 autem
2582 2455 2740 2519 dixit,
2764 2471 2861 2524 pro
2882 2454 3113 2520 Nudavi,
3137 2465 3189 2510 et
3217 2469 3482 2526 pauperes

1901 2559 1994 2599 eos
2034 2543 2160 2598 feci.
2193 2544 2520 2602 Macedones
2553 2547 2827 2618 intelligit,
2864 2548 2955 2618 qui
2988 2547 3201 2602 tametsi
3257 2561 3480 2617 pauper-

1903 2637 2023 2690 rimi
2065 2647 2284 2702 essent,
2331 2640 2426 2694 ’me
2465 2647 2646 2695 tamen
2691 2639 2969 2696 habebant
3003 2655 3064 2697 se
3129 2647 3475 2694 atterentem.

1899 2723 2064 2799 Atqui
2106 2731 2396 2801 superﬂuis
2421 2746 2528 2788 non
2563 2732 2896 2803 indigebam,
2935 2718 3122 2788 verum
3156 2730 3481 2788 necessariis

1900 2820 2164 2877 duntaxat
2185 2821 2513 2893 sumptibus.
2537 2821 2702 2893 302
2723 2821 3060 2893 Stipendium
3079 2822 3222 2878 enim
3256 2820 3438 2891 accepi
3467 2837 3480 2876 :

234 2887 341 2987 ούδέ
372 2889 545 2946 ταῦτά
575 2911 668 2962 μοι
702 2896 942 2951 ἐδώκατε
970 2913 985 2926 '
1009 2899 1037 2952 ὃ
1072 2901 1304 2974 μεγίστη
1344 2905 1673 2976 κατηγορία,
1708 2909 1799 2963 καὶ

1909 2923 1960 2968 at
2009 2930 2104 2970 vos
2147 2931 2215 2970 ue
2265 2887 2368 2972 ista
2433 2887 2848 2987 quidem—milii
2901 2915 3301 2986 suppeditatis:
3363 2887 3483 2984 qua:

234 2977 286 3030 τδ
308 2983 500 3050 χεῖρον,
549 2985 636 3038 ὅτι
685 2987 821 3058 πρὸς
853 2988 952 3059 τὴν
992 2990 1148 3062 ὑμῶν
1178 2993 1456 3050 διακονίαν
1481 3013 1495 3026 ο
1528 2997 1658 3068 ὑμῖν
1690 3000 1799 3070 γάρ

1909 3007 2135 3061 maxima
2174 3023 2305 3063 sane
2334 3017 2420 3064 est
2450 2977 2756 3072 accusatio,
2785 3016 2840 3063 ct
2866 2977 3186 3079 quod-pejus
3211 3014 3324 3074 est,
3364 3025 3383 3058 ι
3415 3007 3484 3060 ad

236 3075 527 3168 κηρύσσων,
568 3078 666 3133 καὶ
705 3078 775 3134 τὰ
822 3081 978 3153 ὑμῶν
1018 3085 1406 3159 ἐργαζόμενος,
1448 3092 1582 3161 παρ’
1622 3092 1799 3147 ἄλλων

1909 3098 2266 3153 ministerium
2300 3106 2575 3155 vestrum:
2612 3118 2632 3151 ›
2663 3098 2820 3154 vobis
2841 3098 2984 3153 enim
3032 3096 3373 3168 praedicans,
3428 3104 3484 3152 et

234 3165 542 3242 ἐτρεφόμην.

301 3278 318 3312 ι
355 3263 457 3317 Καὶ
488 3266 687 3338 παρὼν
716 3270 853 3344 πρὸς
877 3272 1021 3344 ὑμᾶς
1055 3275 1149 3328 καὶ⁹
1171 3276 1511 3349 ὑστερηθεὶς,
1575 3281 1636 3336 οὐ
1666 3299 1800 3338 κατ-

236 3354 757 3427 ενάρκησαοῦδενός.
795 3385 814 3418 ι
856 3367 1132 3436 Τριπλοῦν
1165 3369 1543 3445 τὸ-ἐγκλημαο
1576 3375 1658 3429 ὅτι
1687 3375 1799 3430 Καὶ

237 3447 352 3515 παρ’
385 3448 510 3519 ὑμῖν
562 3451 661 3520 ὢν,
707 3456 803 3510 καὶ
835 3456 965 3528 ὑμῖν
1003 3459 1441 3532 διακονούμενος,
1494 3466 1590 3519 καὶ
1638 3466 1798 3520 ὑστε-

237 3536 508 3609 ρούμενος,
590 3545 690 3599 οὐκ
775 3548 1014 3620 ἠξιώθην
1073 3552 1256 3622 λόγου.
1329 3556 1404 3609 Οὐ
1476 3557 1637 3627 μόνον
1700 3561 1800 3613 οὐκ

236 3629 544 3703 ἐπέμψατε,
636 3639 773 3710 ὅπερ
838 3643 886 3694 οί
968 3643 1278 3710 Μακεδόνες
1359 3648 1608 3716 ἐποίουν,
1685 3650 1799 3706 ἀλλ’

237 3721 344 3814 asas
381 3729 625 3799 παρόντα
653 3731 932 3801 ἐτρέφετε.
991 3735 1065 3789 Τὸ
1111 3736 1188 3800 δὲ,
1250 3757 1270 3791 ι
1307 3740 1380 3793 Οὐ
1412 3742 1800 3814 κατενάρκησα

236 3813 465 3886 οὐδενὸς,
501 3841 520 3874 ι
580 3822 738 3878 τοῦτο
797 3825 844 3859 ⁸³
890 3827 1082 3896 δηλοῖ,
1125 3831 1238 3884 Οὐκ
1291 3833 1614 3906 ἐπεσάρησά
1668 3813 1796 3891 τινι.

236 3905 381 3974 Δηλοί
431 3911 486 3965 δέ
529 3913 731 3977 αὐτοὺς
781 3916 856 3981 ὼς
900 3919 1148 3991 ὀκνηρῶς
1180 3922 1273 3976 καὶ
1299 3905 1592 3995 ναρκωδῶς
1621 3929 1803 3998 εἰσφέ-

241 4010 433 4062 ροντας.
501 4001 666 4066 Τινὲς
695 4003 754 4056 δέ
802 4005 894 4068 τὸ,
949 4025 966 4058 ς
1004 4009 1078 4062 Οὐ
1138 4011 1562 4083 κατενάρκησα,
1594 4034 1612 4068 ι
1677 4018 1801 4071 ἀντὶ

238 4086 340 4179 τοῦ,
369 4091 478 4144 Οὐκ
506 4092 837 4167 ὴμέλησα,ῆ
871 4098 1242 4172 ῥᾳθυμότερος
1281 4103 1417 4174 πρὸς
1448 4106 1508 4158 τὸ
1541 4108 1802 4179 κήρυγμα

239 4178 464 4248 γέγοναθ
541 4185 681 4240 ἀλλά
748 4191 880 4258 παρ’
933 4191 1069 4262 ἐμοῦ
1121 4195 1221 4265 μὲν
1260 4197 1358 4251 ὅσα
1393 4197 1521 4266 ἔδει,
1586 4178 1804 4270 ἐγένετο

238 4275 307 4335 είς
349 4277 442 4348 τὴν
482 4279 760 4352 ὑμετέραν
805 4284 1080 4354 σωτηρίαν
1109 4301 1125 4317 ο
1183 4289 1241 4341 ἐν
1293 4290 1490 4362 ἐνδείᾳη
1516 4291 1575 4346 δὲ
1617 4293 1664 4326 ⁷ο
1721 4293 1802 4348 δι-

238 4363 456 4459 ἐτριδον,
493 4371 592 4426 καὶ
630 4373 730 4427 οὐκ
753 4373 952 4448 ᾔτησα,
992 4378 1113 4433 οὐδὲ
1143 4380 1370 4446 ἐξέλυσα
1398 4383 1498 4456 τὴν
1523 4385 1805 4459 ὑπομονὴν

238 4455 502 4536 ἀποναρκή
511 4480 636 4528 σας.

1823 3196 1871 3261 c
1902 3199 2083 3246 vestra
2114 3205 2300 3257 agens,
2329 3193 2396 3246 ab
2427 3191 2548 3247 aliis
2571 3191 2776 3250 alebar.

1976 3281 2140 3338 Vens.
2174 3281 2228 3338 9.
2270 3299 2288 3334 ι
2332 3281 2397 3336 Et
2437 3297 2558 3338 cum
2605 3298 2780 3339 essem
2815 3283 2959 3354 apud
3011 3298 3108 3338 vos
3149 3291 3203 3336 ct
3238 3295 3479 3351 egerem,

1903 3374 2036 3429 nulli
2060 3389 2326 3431 onerosus
2371 3374 2468 3432 fui.
2503 3394 2523 3428 ι
2568 3375 2788 3445 Triplex
2831 3383 2916 3432 est
2958 3375 3234 3430 accusatio
3269 3391 3282 3429 :
3315 3371 3481 3444 prior,

1902 3468 2045 3538 quod
2076 3483 2198 3524 cum
2238 3469 2380 3538 apud
2407 3483 2504 3524 vos
2543 3484 2782 3540 prmeeus
2818 3468 3013 3524 fuerim
3048 3487 3062 3522 :
3092 3467 3264 3522 altera
3288 3506 3303 3530 ,
3338 3466 3485 3536 quod

1901 3558 2058 3613 vobis
2109 3557 2416 3614 inserviens
2451 3576 2464 3612 :
2501 3558 2696 3624 tertia,
2743 3557 2888 3626 quod
2939 3558 3106 3612 rebus
3159 3553 3486 3610 necessariis

1900 3650 2212 3715 destitutus,
2235 3665 2343 3704 non
2374 3649 2448 3704 fui
2480 3649 2532 3704 in
2576 3649 2757 3720 aliquo
2795 3649 3016 3704 habitus
3058 3659 3306 3702 numero.
3365 3643 3482 3699 Non

1902 3743 2077 3798 solum
2107 3742 2250 3796 enim
2277 3739 2548 3794 mihialibi
2569 3740 2750 3810 agenti
2776 3753 2881 3795 non
2906 3737 3132 3794 misistis
3160 3735 3481 3806 quidquam,

1903 3837 1955 3890 id
1986 3834 2130 3904 quod
2163 3834 2490 3889 Macedones
2541 3831 2843 3897 faciebant,
2897 3831 2989 3886 scd
3035 3845 3103 3885 ne
3160 3833 3482 3898 prmsentem

1901 3926 2118 3995 quidem
2174 3923 2420 3979 alebatis.
2473 3922 2622 3978 lstud
2687 3932 2911 3988 autem,
2952 3940 2970 3972 ι
3008 3919 3149 3974 Nulli
3212 3933 3483 3975 onerosus

1904 4017 2002 4084 fui,
2043 4036 2062 4068 ι
2103 4026 2186 4073 est
2207 4031 2324 4087 pro,
2355 4013 2474 4071 Non
2513 4017 2735 4086 gravavi
2764 4029 3111 4085 quemquam.
3144 4012 3351 4068 [ndicat
3382 4027 3482 4066 att-

1905 4120 2010 4166 tein
2041 4124 2134 4166 eos
2157 4111 2396 4180 segniter
2421 4124 2485 4166 ac
2525 4124 2648 4164 cum
2672 4117 2894 4179 torpore
2930 4107 3300 4164 contribuere.
3333 4103 3483 4161 Non-

1904 4203 2035 4257 nulli
2068 4203 2316 4270 verbum,
2335 4203 2411 4258 Οὐ
2432 4201 2842 4275 κατενάρκησα,
2875 4216 2994 4271 pro,
3023 4198 3140 4255 Non
3170 4198 3482 4271 posthabui,

1907 4294 1990 4349 vel
2017 4294 2236 4366 segnior
2258 4296 2326 4350 ad
2352 4291 2904 4366 praedicationemtui
2923 4333 2937 4357 ,
2967 4291 3242 4362 accipiunt
3276 4309 3290 4345 :
3329 4289 3421 4345 sed
3453 4307 3483 4343 ιι

1913 4401 2001 4442 me
2034 4387 2273 4458 quidem,
2307 4401 2645 4459 quaecunque
2668 4388 2742 4443 ad
2759 4384 2988 4442 salutem
3020 4392 3259 4439 vestram
3295 4395 3484 4438 neces-

1907 4480 2056 4536 saria
2082 4487 2258 4547 erant,
2292 4478 2738 4550 perﬁciebantur.
2781 4475 2953 4532 Porro
2999 4490 3184 4531 rerum
3231 4489 3484 4530 necessa-

237 4549 420 4650 ri“_""'“
453 4558 710 4630 ίηάίίζηιιε
739 4563 880 4634 ³9υά
919 4577 1016 4622 V05
1055 4564 1273 4634 Vixi.et
1325 4583 1434 4626 non
1486 4570 1618 4641 petii
1681 4572 2001 4648 quidquam,
2066 4591 2242 4648 neque
2299 4578 2618 4650 patientiam
2667 4594 2846 4635 meam
2908 4577 3132 4636 dissolvi
3181 4573 3483 4646 terpentior

237 4648 478 4708 redditus.

305 4759 322 4791 ι
351 4742 419 4796 Τὸ
443 4746 554 4818 γὰρ
578 4748 866 4821 ὑστέρημά
888 4768 987 4823 μου
1010 4755 1554 4830 προσανεπλήρωσαν
1570 4759 1619 4814 οἱ
1652 4759 1799 4829 ᾁδελ-

1985 4778 2004 4817 ι
2035 4758 2170 4815 Nam
2203 4761 2348 4830 quod
2377 4760 2508 4816 mibi
2540 4759 2744 4825 deerat,
2769 4757 3150 4832 suppleverunt
3174 4756 3370 4811 fratres
3395 4752 3485 4822 qui

239 4831 322 4935 φο)
351 4835 592 4935 ἐλθόντες
622 4841 730 4896 ἀπὸ
762 4845 1123 4913 Μακεδονίας.
1162 4868 1180 4900 r
1216 4848 1311 4912 Εἰς
1337 4850 1674 4921 ζηλοτυπίαν
1699 4853 1800 4908 αὐε-

238 4925 352 5019 τοὺς
391 4925 804 5000 ἐμϐάλλει,·τνα
841 4937 938 4990 καὶ
987 4939 1190 5012 μᾶλλον
1235 4941 1482 5017 διεγείρῃ
1532 4944 1672 5015 πρὸς
1699 4944 1800 5019 τὴν

241 5015 618 5111 ἐλεημοσύνην,
642 5029 718 5094 ὡς
756 5031 825 5086 ἂν
866 5033 941 5105 μὴ
961 5035 1290 5111 ⁷Ιλττηθέντες
1313 5037 1420 5091 ὑπὸ
1453 5015 1566 5094 τῶν
1602 5015 1797 5096 Μακε-

240 5105 388 5202 δύνων
408 5117 464 5169 ἐν
500 5117 580 5188 τῷ
627 5119 824 5190 θρέψαι
869 5105 1033 5178 αὐτδν
1059 5105 1098 5191 ,“
1125 5119 1406 5197 ἡττηθῶσι
1459 5127 1558 5182 καὶ
1613 5129 1673 5184 ἐν
1727 5132 1795 5202 τῇ

241 5197 582 5280 ἐλεημοσύνη.
621 5211 807 5265 Εἰπὼν
843 5212 920 5279 δὲ,
949 5234 968 5268 ι
1007 5215 1345 5288 ’Υστέρημα,
1376 5237 1396 5271 ι
1419 5218 1691 5274 δείκνυσιν

242 5293 382 5352 οὐδὲν
417 5303 557 5377 ὑπὲρ
585 5305 684 5378 τὴν
709 5308 1014 5378 ἀναγκαίαν
1035 5313 1227 5383 χρείαν
1255 5311 1484 5368 ἐλαϐεν·
1522 5313 1573 5367 οἱ
1605 5314 1800 5370 Φιλιπ-

245 5387 413 5458 πήσιοι
437 5395 492 5449 δὲ
509 5392 650 5468 ἦσαν
679 5400 729 5453 οἱ
761 5399 1060 5473 θρέψαντες
1089 5403 1274 5461 αὐτόν.

313 5499 330 5530 ι
373 5485 478 5540 Καὶ
504 5489 562 5544 ἐν
594 5492 757 5545 παντὶ
783 5493 965 5565 ἀϐαρῆ
998 5496 1127 5567 ὑμῖν
1151 5497 1390 5567 ἐμαυτὸν
1408 5499 1674 5571 ἐτήρησα,
1705 5501 1802 5554 καὶ

249 5574 472 5646 τηρήσω.
508 5599 528 5632 ι
563 5583 847 5640 Δείκνυσιν
874 5587 957 5642 ὅτι
991 5591 1083 5642 καὶ
1108 5589 1272 5663 βάρος
1294 5590 1524 5663 ἡγοῦντο
1547 5591 1645 5655 τὰς
1673 5610 1800 5664 τρο-

1908 4862 2224 4909 venerunta
2259 4853 2592 4910 Macedonia.
2630 4872 2649 4907 ι
2683 4855 2764 4909 Ad
2789 4851 3190 4909 animlatiouem
3220 4863 3315 4904 eos
3342 4845 3484 4902 invi-

1908 4952 2008 5011 tat,
2059 4959 2166 5014 quo
2201 4946 2373 5014 magis
2403 4946 2468 5000 ad
2513 4947 2915 5018 eleemosynam
2944 4945 3148 5000 excitet
3177 4959 3190 4996 :
3223 4953 3293 4995 ne
3321 4937 3484 4993 abla-

1907 5036 2202 5093 cedonibus
2233 5037 2358 5092 victi
2390 5038 2442 5092 in
2479 5038 2672 5094 alendo
2703 5053 2850 5106 eum,
2875 5038 2940 5093 in.
2973 5037 3314 5104 eleemosyna
3344 5046 3482 5102 quo-

1907 5143 2011 5199 que
2057 5128 2422 5185 vincerentur.
2475 5129 2609 5186 Cum
2631 5145 2762 5186 vero
2817 5129 2914 5195 ait,
2968 5146 2988 5180 ι
3032 5126 3186 5194 Quod
3225 5123 3356 5179 mihi
3391 5123 3486 5179 de-

1898 5232 2037 5287 erat,
2065 5241 2084 5274 ι
2120 5223 2322 5278 indicat
2352 5238 2476 5280 sese
2493 5223 2630 5278 nihil
2654 5223 2928 5294 accepisse
2953 5221 3093 5276 ultra
3118 5215 3484 5274 necessarium

1899 5328 2078 5369 usum.
2136 5313 2511 5387 Philippenses
2567 5326 2745 5372 autem
2811 5316 3031 5371 fuerunt
3080 5313 3173 5384 qui
3234 5309 3487 5366 aluerunt

1899 5419 2102 5473 Ipsum.

1983 5514 2000 5546 ι
2043 5494 2185 5549 Et-in
2219 5497 2468 5552 omnibus
2513 5497 2632 5552 sine
2669 5509 2835 5552 onere
2864 5507 2951 5552 me
2981 5494 3134 5552 vobis
3163 5490 3382 5550 servavi
3426 5499 3484 5545 et

1905 5588 2154 5643 servabo.
2203 5607 2221 5640 ι
2271 5587 2473 5646 Iudicat
2520 5588 2664 5659 quod
2711 5601 3005 5660 gravamen
3053 5583 3479 5648 arbitrabantuc,

1546 5724 1744 5788 Varia)
1786 5725 2113 5790 lectiones.

315 5834 356 5863 ”
383 5837 463 5891 ἵνα
507 5841 603 5912 ύμ.
662 5842 912 5915 ὑψωθῆτε
951 5861 1003 5902 0.
1079 5851 1122 5884 ⁸³
1170 5848 1446 5902 τουτέστιν
1478 5865 1529 5904 υ.
1609 5851 1652 5884 ⁷ο
1677 5848 1785 5918 ἐγὼ
1815 5848 1873 5903 δέ
1903 5850 1958 5903 ἐν
1990 5848 2165 5920 ἐνδείᾳ
2234 5868 2287 5904 υ.
