3898 6588
413 383 519 446 9ἰὸ
1293 378 1870 442 THEOPHYLACTI
1912 379 1973 438 Β]

2077 379 2326 444 SAR”!
2361 374 2721 447 ARCHIEP.
3534 388 3629 453 916

415 497 672 552 sinucius
725 494 781 550 ei
821 492 1192 564 suppeditare.
1248 494 1478 552 Pulchre
1525 505 1709 551 autem
1760 494 1964 565 addidit

2096 497 2203 566 φὰς
2229 500 2379 572 αὐτῷ
2410 504 2690 574 χορηγῶ.
2725 499 2922 565 Καλῶς
2953 500 3009 555 δὲ
3039 500 3120 567 τὸ,
3155 519 3172 553 ι
3206 501 3460 573 Τηρήσω.
3501 522 3519 555 ι
3554 508 3635 580 Μὴ

414 611 432 642 ι
461 589 723 645 Servabo.
756 606 775 641 ι
814 587 892 642 Ne
922 591 1063 644 enim
1096 590 1448 660 existimetis,
1480 591 1675 662 inquit,
1700 591 1844 662 quod
1869 590 1973 646 haec

2093 595 2203 664 γὰρ
2236 594 2520 664 νομίσητε,
2563 595 2752 665 φησιν,
2776 595 2859 647 ὅτι
2888 593 3059 647 ταῦτα
3095 587 3266 658 εἶπον,
3297 594 3383 647 ἵνα
3420 594 3508 648 τοῦ
3535 596 3637 651 λοιο

412 683 640 739 dixerim
678 691 736 738 ut
773 680 828 737 in
861 693 1134 752 posterum
1166 684 1430 755 accipiam
1469 699 1498 739 ο
1529 685 1722 740 vobis:
1757 684 1973 739 Servavi

2093 685 2200 740 ποῦ
2227 686 2376 742 λάϐω
2424 687 2556 758 παρ’
2597 687 2780 757 ὑμῶν·
2815 686 2948 740 ἀλλὰ
2973 685 3068 740 καὶ
3097 703 3115 738 ι
3149 686 3388 762 ἐτήρησα
3427 688 3639 758 ἐμαυτὸν

407 776 552 832 enim
578 790 687 842 me,
713 789 784 831 ac
800 777 1030 832 servabo
1053 775 1314 846 deinceps
1333 777 1468 833 citra
1487 792 1778 848 grsvamen
1809 775 1973 847 :qund

2091 773 2295 845 ἀϐαρῆ,
2345 775 2440 831 καὶ
2462 776 2716 847 τηρήσωο
2755 794 2776 830 ι
2806 774 3066 846 δμεγάλη
3116 775 3294 830 αὐτῶν
3346 775 3541 848 πληγὴ,
3593 783 3638 834 εἰ

407 867 600 936 ingens
635 880 822 921 eorum
855 866 1053 922 vulnus
1098 872 1202 930 est,
1249 867 1514 936 siquidem
1562 881 1672 924 non
1718 867 1855 922 ultra
1901 865 1973 920 eis

2095 866 2232 938 μηδὲ
2289 867 2370 922 ἔτι
2422 867 2618 940 θαρῤεῖ
2648 867 2836 932 αὐτοῖς
2863 869 2932 928 ’⁸.
2965 866 3102 922 ἀλλὰ
3148 867 3402 934 καθάπαξ
3434 868 3636 938 ἀπέγνω

410 957 678 1025 conﬁdat,
717 957 810 1014 sed
846 958 1066 1015 omnino
1109 957 1312 1029 aliquid
1359 958 1433 1014 ab
1465 958 1544 1014 eis
1596 959 1844 1030 accipere
1872 959 1973 1029 [de-

2087 956 2273 1012 λαϐεῖν
2303 975 2355 1011 τι
2385 959 2517 1031 παρ’
2549 957 2751 1013 αὐτῶν.

409 1059 615 1124 speret.

474 1142 643 1199 Vsus.
675 1142 764 1198 l0.
802 1161 822 1196 ι
869 1142 964 1199 Est
1006 1143 1440 1208 veritastristi
1470 1143 1528 1199 in
1570 1157 1680 1209 me,
1717 1141 1973 1214 quoniam

2160 1160 2182 1195 ι
2225 1143 2416 1198 Ἔστιν
2436 1141 2664 1213 ἀλήθεια
2686 1139 2925 1214 Χριστοῦ
2952 1142 3012 1195 ὲν
3041 1140 3189 1211 ἐμοὶ,
3216 1140 3302 1195 ὅτι
3328 1139 3364 1212 ἡ
3394 1139 3636 1212 καύχησις

401 1233 660 1302 gloriatio
697 1233 814 1288 huic
857 1240 964 1288 non
999 1233 1322 1304 infringatur
1365 1235 1419 1288 in
1453 1245 1540 1288 me
1574 1233 1626 1288 in
1668 1233 1973 1303 regionibus

2083 1233 2223 1304 αὕτη
2258 1234 2319 1287 ού
2369 1234 2714 1304 φραγήσεται
2746 1233 2826 1295 εἰς
2869 1233 2970 1300 ἐμὲ
3020 1230 3080 1284 ὲν
3122 1232 3235 1294 τοῖς
3278 1228 3500 1300 κλίμασι
3550 1232 3636 1300 τῆς

398 1324 641 1379 Achaia.
694 1343 718 1378 ν
762 1323 838 1379 Ns
876 1324 1187 1380 existiment
1219 1325 1364 1396 quod
1412 1333 1703 1394 propterea
1752 1325 1973 1389 dixerit,

2093 1327 2338 1397 ’Δχαϊας.
2379 1345 2399 1379 t
2439 1327 2559 1380 Ἵνα
2585 1325 2660 1396 μὴ
2692 1324 3009 1395 νομίσωσιν,
3041 1323 3125 1376 ὃτι
3161 1322 3249 1375 διὰ
3279 1325 3438 1378 τοῦτο
3481 1315 3633 1382 εἶπεν,

406 1434 425 1466 ι
468 1413 710 1472 Servabo
739 1417 1024 1486 meipsun,
1064 1435 1083 1468 ι
1135 1426 1192 1472 ut
1216 1419 1384 1488 magis
1421 1431 1518 1473 eos
1548 1416 1616 1470 ad
1659 1414 1973 1486 impertien-

2078 1419 2164 1473 ὅτι
2193 1435 2211 1468 ι
2258 1414 2771 1488 Τηρήσωὲμαυτὸν,
2805 1432 2823 1466 ι
2859 1413 2947 1467 ῖνα
2975 1412 3176 1484 μᾶλλον
3207 1410 3405 1474 αὐτοὺς
3432 1411 3635 1476 ἐφελκύ-

400 1504 530 1558 dum
561 1507 881 1572 attraheret,
913 1505 990 1560 ait
1023 1523 1037 1560 :
1068 1504 1376 1562 Secundum
1405 1505 1711 1569 veritatem,
1741 1518 1862 1574 qua
1890 1512 1973 1558 est

2079 1523 2263 1576 σηται,
2297 1505 2430 1576 φησί
2452 1520 2464 1535 ·
2497 1503 2634 1558 Κατ’
2665 1502 2927 1574 ἀληθειαν
2981 1501 3081 1572 τὴν
3131 1503 3192 1554 ὲν
3221 1500 3446 1571 Χριστῷ
3481 1501 3634 1568 Ἰησοῦ

398 1595 456 1648 in
493 1593 714 1650 Christo
745 1593 871 1651 Jesu
891 1637 906 1662 ,
934 1596 1053 1652 dico
1073 1635 1091 1662 ,
1115 1596 1255 1667 quod
1289 1612 1398 1652 non
1424 1597 1525 1652 sim
1553 1597 1843 1667 quidquam
1872 1609 1967 1650 ac-

2077 1596 2244 1664 λέγω,
2271 1597 2358 1650 ὅτι
2387 1596 2446 1649 ού
2480 1595 2724 1666 λήψομαι
2747 1611 2761 1625 ’
2787 1595 2874 1648 ἵνα
2901 1593 2960 1647 δὲ
2986 1595 3034 1628 ’⁸
3059 1593 3133 1664 μή
3161 1609 3246 1655 τις
3270 1590 3430 1644 αὑτὸν
3461 1591 3637 1664 νομίιη

399 1697 679 1757 cepturus.
710 1684 790 1743 Ne
811 1696 990 1744 autem
1017 1689 1286 1759 quispiam
1309 1688 1604 1744 arbitretur
1630 1704 1759 1744 eum
1778 1705 1845 1745 ex
1872 1693 1968 1746 do-

2077 1691 2364 1760 ἀλγοῦντα,
2401 1691 2434 1762 ἢ
2476 1690 2836 1761 ὀργιζόμενον
2865 1687 3038 1742 ταῦτα
3058 1686 3265 1755 λέγειν,
3299 1683 3559 1755 καύχησιν
3583 1677 3635 1734 τὸ

396 1776 515 1833 lore
563 1778 650 1834 vel
693 1778 972 1834 iracundia
1013 1778 1129 1835 haec
1175 1779 1382 1848 dicere,
1433 1779 1804 1851 gioriationem
1854 1797 1968 1837 rem

2078 1786 2312 1855 πρᾶγμα
2349 1783 2527 1838 καλεῖ.
2557 1783 2631 1836 Τὸ
2655 1783 2712 1836 δὲ
2755 1781 3032 1835 ἀδάπανον
3062 1776 3364 1848 κηρύσσειν
3392 1776 3450 1829 τὸ
3481 1775 3636 1842 Εὐαγ-

397 1869 570 1938 ipsam
595 1868 852 1938 appellat.
885 1869 1067 1925 Gratis
1093 1869 1236 1925 enim
1269 1871 1569 1940 praedicare
1596 1871 1972 1939 Evangelium,

2079 1851 2282 1947 γελιον,
2315 1879 2579 1947 καύχημα
2619 1875 2764 1945 μέγα
2811 1872 2960 1944 αύτῷ
2989 1867 3080 1944 ἧν,
3123 1871 3198 1934 ὡς
3239 1869 3382 1939 ὑπὲρ
3411 1868 3530 1932 τοὺς
3555 1867 3633 1920 τοῦ

393 1960 642 2031 gloriatio
672 1964 722 2017 ei
764 1977 960 2033 magna
991 1970 1134 2028 erat,
1163 1977 1261 2018 ceu
1292 1962 1433 2018 ultra
1475 1963 1678 2019 ChriSIi
1715 1965 1973 2020 terminos

2083 1967 2324 2040 Χριστοῦ
2352 1969 2513 2040 ὅρους
2545 1968 2635 2023 διὰ
2665 1964 2901 2038 Χριστὸν
2939 1962 3203 2035 πηδῶντι.
3237 1960 3357 2016 Καὶ
3389 1961 3470 2024 τὸ,
3512 1979 3530 2011 ι
3569 1961 3632 2014 Ού

393 2059 617 2121 propter
641 2051 924 2108 Christum
945 2053 1273 2124 prosilienti.
1300 2051 1368 2109 Et
1393 2053 1537 2125 quod
1561 2055 1661 2120 ait,
1688 2071 1708 2108 ι
1743 2053 1860 2110 Non
1891 2055 1973 2109 in-

2084 2062 2450 2134 φραγήσεται,
2498 2078 2518 2113 r
2557 2059 2666 2113 ἀπὸ
2715 2057 2818 2128 τῆς
2872 2056 3190 2128 μεταφορᾶς
3217 2053 3334 2107 τῶν
3364 2051 3632 2121 ποταμῶν·

392 2144 680 2216 l'ringetur,
710 2163 732 2198 ›
765 2146 880 2202 sive
903 2146 1240 2214 obstruetur,
1276 2147 1593 2217 metaphora
1627 2157 1709 2204 est
1739 2164 1766 2202 ιι
1794 2147 1973 2203 ﬂumi-

2081 2155 2157 2219 ὼς
2186 2155 2295 2226 γὰρ
2325 2154 2429 2223 τῆς
2464 2152 2656 2224 φήμης
2676 2148 2823 2222 αύτῷ
2854 2147 3086 2220 ῥεούσης
3131 2145 3434 2216 πανταχοῦ,
3463 2145 3629 2215 φησίν·

392 2236 554 2292 nibus
585 2236 892 2309 desumpta.
928 2235 1211 2309 Tanquam
1257 2239 1401 2294 enim
1447 2239 1564 2295 haec
1610 2238 1660 2294 ei
1705 2237 1846 2294 fama
1877 2253 1973 2307 per

2082 2245 2159 2298 Ού
2186 2244 2534 2316 φραγήσεται
2578 2242 2640 2297 τὸ
2669 2241 2830 2297 καλὸν
2861 2238 3022 2294 τοῦτο
3049 2238 3232 2311 ῥεῦμα
3277 2238 3374 2291 καὶ
3403 2233 3595 2301 ἔνδοξον
3617 2277 3631 2302 ,

395 2343 586 2386 omnes
627 2337 898 2385 terrarum
935 2329 1074 2386 ﬁnes
1103 2329 1334 2398 ﬂueret,
1367 2331 1499 2388 dicit
1531 2347 1546 2387 :
1588 2330 1706 2388 Non
1745 2333 1970 2387 obtura-

2080 2337 2170 2392 διὰ
2195 2336 2292 2391 τοῦ
2327 2336 2518 2390 λαϐεῖν
2551 2353 2622 2405 με
2656 2334 2765 2389 ἀπο
2809 2333 2903 2388 τοῦ
2937 2331 3057 2388 νῦν.
3110 2330 3226 2386 Kai.
3279 2329 3341 2382 τὸ
3373 2329 3536 2382 εἰπεῖν
3564 2329 3630 2394 δὲ,

395 2421 543 2478 bitur
584 2425 758 2479 bonus
797 2433 852 2480 et
882 2424 1116 2482 celebris
1144 2425 1250 2483 iste
1287 2440 1496 2489 rumor,
1539 2439 1637 2495 per
1679 2425 1782 2482 hoc
1825 2424 1969 2496 quod

2087 2449 2104 2482 r
2146 2430 2236 2484 Ἐν
2265 2431 2380 2493 τοῖς
2417 2428 2646 2500 κλίμασι
2671 2428 2769 2499 τῆς
2803 2426 3053 2498 Ἀχαΐας,
3083 2443 3102 2477 t
3130 2420 3461 2494 πλήττοντός
3483 2420 3628 2474 ἐστιν.

393 2515 555 2586 303
586 2515 786 2588 aliquid
813 2517 1036 2587 posthac
1072 2517 1359 2590 accipiam.
1388 2518 1542 2586 Quod
1577 2519 1674 2584 ait,
1713 2536 1732 2570 ι
1775 2519 1828 2573 lu
1868 2517 1970 2572 cli-

2079 2525 2142 2577 El
2170 2522 2279 2594 γὰρ
2314 2521 2579 2592 καύχησις
2639 2521 2817 2586 τοῦτο,
2853 2515 3130 2589 πανταχοῦ
3163 2515 3278 2569 ἔδει
3329 2513 3628 2585 φυλάττειν’

395 2610 630 2664 tristibus
673 2609 927 2677 Achaia,
965 2629 988 2664 ›
1021 2610 1265 2668 ferientis
1295 2621 1380 2668 est
1426 2629 1442 2668 :
1476 2609 1532 2666 Si
1567 2611 1713 2666 enim
1744 2612 1858 2666 haec
1885 2619 1972 2667 est

2077 2618 2128 2671 εἰ
2159 2615 2218 2670 δὲ
2270 2616 2328 2670 ἐν
2385 2615 2570 2678 αὐτοῖς
2619 2614 2804 2685 μόνοις
2828 2611 3108 2682 φυλάττει,
3147 2607 3424 2682 πρόδηλον
3448 2606 3523 2660 ὅτι
3549 2605 3631 2676 οὐχ

391 2697 586 2768 gloria,
621 2699 737 2756 haec
777 2700 976 2772 ubique
1003 2701 1356 2758 custodienda
1411 2711 1531 2758 erat
1565 2719 1578 2757 :
1609 2701 1694 2756 sin
1741 2702 1794 2756 in
1838 2701 1970 2770 ipsis

2077 2708 2414 2780 ὑγιαίνουσιν
2437 2708 2613 2776 αὐτοὶ,
2637 2706 2714 2771 ὡς
2740 2706 2790 2760 οἱ
2816 2703 2995 2760 λοιποί
3018 2703 3113 2760 ⁷³..

391 2791 526 2846 solis
552 2805 869 2859 conservat,
893 2794 1240 2866 perspicuum
1267 2805 1355 2854 est
1397 2797 1540 2866 quod
1568 2795 1671 2867 ipsi
1711 2810 1819 2852 non
1856 2793 1970 2853 sint

393 2897 529 2938 sana
559 2891 740 2940 mente
767 2885 998 2955 prmditi,
1029 2887 1355 2958 reliquorum
1385 2887 1576 2944 instar.

466 2974 640 3033 Vens.
665 2978 758 3034 Η.
794 2997 816 3030 ι
855 2979 1074 3047 Quare!
1108 2979 1244 3048 Quia
1278 2995 1386 3036 non
1436 2981 1600 3052 diligo
1645 2981 1781 3036 vos?
1825 2979 1966 3036 Deus

2154 3009 2172 3042 ι
2205 2987 2305 3042 Διὰ
2331 2985 2422 3054 τίς
2455 2985 2582 3041 Ὅτι
2615 2983 2716 3038 οὐκ
2757 2979 2958 3051 ἀγαπῶ
2981 2979 3161 3052 ύμᾶςς
3195 2979 3262 3033 '0
3301 2977 3432 3041 Θεὸς
3462 2971 3578 3030 οἶδε.
3607 2993 3624 3027 ι

392 3073 563 3131 novit.
599 3091 622 3127 ι
651 3073 971 3131 Proiaturus
1010 3089 1229 3132 causam
1279 3092 1378 3134 cur
1421 3094 1528 3134 non
1579 3078 1848 3149 acceperit
1897 3079 1966 3134 ab

2077 3078 2366 3136 Μέλλωντ1⁵
2418 3075 2736 3144 εἰσαγαγεῖν
2777 3072 2878 3146 τὴν
2905 3071 3088 3126 αἰτίαν
3132 3069 3197 3123 δι’
3231 3068 3301 3141 ἢν
3350 3067 3447 3121 οὐκ
3493 3061 3628 3118 ἔλαϐε

393 3164 549 3234 ipsis,
585 3177 806 3236 propter
837 3168 1287 3238 pseudapostolos
1318 3170 1600 3238 nimirum,
1643 3172 1795 3240 prius
1823 3171 1967 3227 tollit

2077 3172 2208 3244 παρ’
2235 3169 2440 3234 αὐτῶν,
2483 3168 2580 3222 καὶ
2608 3167 2693 3220 ὅτι
2721 3163 2809 3218 διὰ
2829 3165 2956 3227 τοὺς
2992 3159 3489 3233 ψευδαποστόλους,
3517 3154 3628 3226 πρός

393 3260 541 3326 qnod
588 3258 1002 3328 suspicabantur
1055 3260 1367 3319 Corinthii:
1417 3262 1574 3330 Quia,
1620 3272 1680 3318 ut
1733 3264 1966 3328 videtur,

2077 3282 2233 3338 τερον
2266 3265 2479 3337 ἀναιρεῖ
2512 3263 2651 3333 ὅπερ
2682 3259 2990 3331 ὑπενόησαν
3022 3259 3090 3314 ἂν
3115 3259 3166 3312 οἰ
3201 3255 3503 3329 Κορίνθιοι,
3557 3253 3627 3307 ὅτι

396 3349 543 3417 quod
603 3363 705 3405 nos
753 3365 859 3406 non
914 3350 1120 3423 diligis,
1163 3367 1272 3408 non
1326 3353 1546 3424 accipis.
1600 3353 1717 3409 lino
1764 3353 1966 3424 potius,

2089 3360 2178 3426 Ὠς
2223 3358 2394 3425 ἔοικε,
2423 3356 2514 3411 διὰ
2559 3355 2622 3410 τὸ
2653 3355 2832 3427 μισεῖν
2869 3351 3042 3425 ἡμᾶς,
3090 3350 3152 3406 ού
3186 3350 3518 3422 λαμϐάνεις·
3549 3346 3626 3400 καί

398 3441 594 3510 inquit,
623 3440 748 3510 quia
780 3457 879 3498 vos
905 3441 1089 3514 diligo,
1125 3453 1182 3501 et
1209 3443 1338 3500 nolo
1370 3460 1465 3501 vos
1495 3444 1640 3512 laedi,
1671 3453 1856 3516 utpote
1875 3445 1967 3516 qui

2078 3470 2266 3526 φησιν,
2297 3453 2381 3506 δτι
2409 3449 2629 3505 Μᾶλλον
2660 3447 2798 3503 διότι
2843 3445 3066 3514 ἀγαπῶ,
3096 3444 3194 3498 καὶ
3233 3443 3299 3497 ού
3337 3441 3472 3496 θέλω
3504 3439 3627 3507 ὑμᾶς

396 3535 558 3590 facito
585 3536 902 3592 scandalum
937 3538 1237 3608 patiamini.
1280 3536 1483 3595 Verum
1515 3538 1653 3594 adeo
1690 3537 1970 3607 perspicue

2079 3544 2370 3618 βλαϐῆναι,
2402 3541 2478 3606 ὡς
2510 3540 2710 3613 ῥᾳδίως
2743 3534 3289 3606 σκανδαλιζομένους.
3343 3531 3479 3587 Ἀλλ’
3507 3528 3627 3583 οὕτω

398 3643 506 3682 non
530 3627 682 3695 dicit,
706 3645 775 3685 ne
807 3630 1232 3689 imbecillitatem
1275 3645 1468 3688 eorum
1496 3640 1724 3702 arguat:
1777 3630 1873 3685 sed
1899 3629 1966 3684 ad

2081 3640 2180 3712 μὲν
2234 3637 2422 3706 σαφῶς
2459 3635 2522 3690 οὐ
2566 3634 2750 3702 λέγει,
2779 3631 2866 3684 ἴνα
2901 3629 2979 3702 μὴ
3007 3629 3120 3700 ,τὴν
3150 3627 3440 3682 ἀσθένειαν
3471 3621 3626 3680 αὐτῶν

395 3721 557 3777 aliam
587 3736 812 3779 causam
835 3740 1144 3781 sermonem
1171 3727 1460 3782 convertit.

2077 3730 2272 3800 ἐλέγξῃ
2293 3745 2307 3760 ο
2341 3727 2426 3798 ἐφ’
2460 3726 2654 3797 ἑτέραν
2681 3723 2738 3777 δὲ
2763 3722 2943 3778 αἰτίαν
2973 3721 3167 3793 τρέπει
3191 3719 3286 3773 τὸν
3315 3720 3490 3787 λόγον.

469 3813 634 3871 Vsus.
671 3815 759 3871 ἃ.
813 3835 832 3869 ι
878 3816 1030 3884 Quod
1084 3829 1268 3875 autem
1320 3820 1500 3884 facio,
1545 3829 1600 3874 et
1657 3818 1872 3884 faciam,
1913 3826 1973 3874 ut

2154 3839 2175 3874 ι
2219 3822 2287 3873 Ὃ
2322 3818 2377 3872 δὲ
2408 3816 2569 3881 ποιῶ,
2600 3815 2694 3868 καὶ
2719 3813 2954 3884 ποιήσω,
2981 3811 3069 3864 ἵνα
3104 3809 3328 3879 ἐκκόψω
3355 3810 3451 3879 τὴν
3481 3807 3655 3876 ἀφορ-’

395 3912 670 3976 amputem
711 3906 1053 3964 occasionem
1098 3922 1311 3974 eorum,
1362 3910 1452 3979 qui
1498 3910 1682 3966 volunt
1729 3911 1973 3966 occasio-

2081 3910 2187 3984 μὴν
2231 3909 2341 3963 τῶν
2387 3906 2649 3962 θελόντων
2684 3903 2959 3976 ἀφορμὴν,
3014 3902 3102 3956 ἵνα
3136 3903 3194 3955 ὲν
3232 3894 3278 3970 ᾧ
3323 3898 3624 3970 καυχῶνται,

395 4011 542 4062 nem,
568 4007 628 4051 ut
649 3995 707 4052 in
727 3998 1172 4068 quoglorientur,
1198 4000 1545 4055 inveniantur
1566 4001 1708 4056 sicut
1725 4011 1780 4057 et
1797 4017 1916 4058 nos.
1944 4021 1964 4055 ι

399 4089 500 4145 llic
534 4089 976 4148 manifestissime
1002 4107 1221 4148 causam
1255 4094 1514 4164 explicat,
1549 4111 1646 4150 cur
1677 4111 1783 4150 non
1815 4110 1973 4150 acce-

399 4182 558 4247 perit.
588 4181 855 4248 Quoniam
889 4183 1033 4241 enim
1067 4185 1219 4241 novit
1242 4185 1514 4252 diabolus,
1546 4189 1687 4257 quod
1726 4188 1972 4244 homines

399 4274 560 4342 hujus
595 4274 778 4330 saeculi
811 4275 1078 4344 studiosi,
1115 4291 1212 4348 per
1245 4278 1350 4333 hoc
1391 4278 1630 4335 maxime
1658 4289 1967 4350 captantur,

398 4367 547 4431 quod
579 4367 832 4424 doctores
860 4366 993 4424 nihil
1029 4369 1323 4440 accipiant.
1355 4369 1548 4427 docuit
1576 4371 1969 4441 pseudaposto-

2077 4368 2227 4432 λους,
2258 4364 2460 4432 ἐδίδαξε
2493 4364 2621 4427 τοὺς
2660 4359 3128 4432 ψευδαποστόλους
3164 4357 3261 4413 καὶ
3305 4356 3464 4412 τοῦτο
3510 4355 3624 4407 ὐπο-

398 4472 482 4513 .os
534 4459 678 4514 istud
721 4474 938 4531 quoque
975 4460 1254 4518 simtrlare.
1297 4460 1411 4518 Hoc
1444 4464 1586 4519 enim
1631 4479 1816 4520 revera
1861 4477 1970 4520 non

2079 4455 2384 4530 κρίνεσθαι.
2412 4454 2547 4508 Ούδὲ
2571 4453 2700 4525 γὰρ,
2729 4453 2851 4507 οὐδὲ
2877 4451 3036 4506 τοῦτο
3058 4448 3278 4522 ἀληθῶς
3311 4443 3622 4517 κατώρθουν,

400 4550 698 4617 faciebat,
748 4552 964 4609 etiamsi
1013 4555 1207 4611 divites
1253 4563 1468 4623 essent;
1525 4570 1716 4612 verum
1757 4557 1972 4613 etiamsi

2079 4554 2132 4607 εἰ
2168 4553 2261 4606 καί
2306 4545 2553 4603 πλούσιοι
2601 4543 2778 4619 ἦσαν’
2828 4544 2965 4601 ἀλλὰ
3017 4543 3325 4635 δοκοῦντες*
3341 4542 3416 4613 μὴ
3442 4533 3626 4635 lup-Sci-

397 4643 712 4698 videren-tur
742 4643 878 4699 nihil
908 4645 1174 4715 accipere,
1213 4647 1554 4718 accipiebant
1581 4659 1784 4706 tamen.
1824 4650 1972 4706 Pro-

2080 4663 2215 4714 νειν,
2243 4641 2568 4714 ἐλάμϐανον.
2597 4639 2687 4694 Διὸ
2708 4639 2831 4694 οὐδὲ
2859 4635 3034 4703 εἶπεν,
3059 4635 3176 4691 Ἵνα
3205 4638 3264 4689 ὲν
3290 4629 3333 4705 ᾧ
3360 4629 3624 4699 κατορθοῦν

398 4745 591 4806 pterca
644 4749 750 4792 non
799 4735 956 4802 dixit,
1013 4737 1165 4795 Utin
1213 4754 1320 4810 quo
1351 4745 1596 4810 gnaviter
1621 4750 1811 4813 agunt,
1849 4743 1971 4811 sed,

2080 4755 2188 4802 σιν,
2213 4734 2350 4799 ἀλλ’,
2401 4751 2421 4786 ι
2461 4732 2552 4789 Ἐν
2584 4725 2628 4801 ᾧ
2653 4731 2996 4803 καυχῶνται·
3041 4747 3062 4780 ι
3113 4728 3144 4783 ὃ
3187 4729 3286 4786 καὶ
3335 4722 3622 4790 ἀλαζονείας

395 4847 428 4880 1
482 4826 541 4882 in
597 4842 708 4899 quo
756 4828 1100 4900 gloriantur:
1140 4849 1164 4884 ›
1207 4836 1353 4904 quod
1409 4842 1464 4890 et
1513 4836 1839 4904 armgantim
1887 4847 1972 4892 est

2077 4829 2349 4885 διικτικόν
2388 4828 2557 4881 ἐστιν.
2605 4825 2665 4881 ’0
2702 4825 2885 4880 τοίνυν
2943 4820 3268 4884 Ἀπόστολος
3301 4818 3472 4875 ταῦτα
3518 4829 3622 4866 suv-

2077 3999 2343 4072 εὑρεθῶσι
2369 3995 2552 4060 καθὼς
2581 3993 2676 4049 καὶ
2707 3994 2887 4064 ἡμεῖς.
2930 4010 2949 4044 ι
2995 3991 3262 4045 Ἐνταῦθα
3293 3987 3625 4060 ἀριδηλότατα

2077 4093 2178 4164 τὴν
2221 4090 2401 4144 αἰτίαν
2446 4087 2629 4157 τίθησι
2673 4085 2741 4139 δι’
2775 4087 2841 4158 ἢν
2879 4085 2980 4140 ούκ
3013 4083 3228 4137 ἐλαϐεν.
3279 4079 3494 4147 Ἐπειδὴ
3536 4076 3625 4145 γὰρ

2077 4178 2218 4237 οἶδεν
2239 4183 2306 4214 ⁷⁵·
2327 4183 2354 4233 ὁ
2379 4179 2650 4242 διάϐολος,
2673 4178 2755 4231 ὅτι
2781 4177 2830 4230 oi
2858 4175 3102 4247 βιωτικοὶ
3132 4177 3190 4228 ὲν
3211 4173 3390 4243 τούτῳ
3422 4169 3626 4241 μάλιστα

2077 4271 2475 4345 θεραπεύονται
2495 4271 2561 4337 ⁷³,
2607 4268 2668 4321 ὲν
2698 4263 2774 4340 τῷ
2806 4266 2882 4339 μὴ
2906 4263 3208 4332 λαμϐάνειν
3247 4265 3375 4328 τοὺς
3399 4261 3624 4316 διδασκά⁹

396 4918 690 4976 indicium.
750 4919 1019 4988 Quocirca
1080 4921 1392 4994 Apostolus,
1450 4925 1599 4981 hisce
1642 4925 1972 4997 conspectis,

401 5013 646 5070 decrevit
670 5014 812 5084 apud
863 5029 1008 5082 sese,
1058 5031 1127 5073 ne
1155 5017 1448 5087 quidquam
1498 5020 1747 5089 accipere
1779 5033 1810 5074 a
1837 5034 1976 5088 quo-

403 5117 602 5174 quam,
627 5106 791 5178 idque
814 5120 936 5162 cum
957 5119 1278 5179 paupertate
1307 5119 1625 5180 gravaretur
1643 5127 1663 5165 :
1692 5120 1751 5165 ut
1772 5121 1980 5168 resecet

402 5203 588 5252 ansam
615 5204 675 5253 et
719 5197 1063 5255 occasionem
1103 5198 1340 5262 illorum,
1386 5199 1488 5254 nec
1533 5198 1708 5255 locum
1744 5201 1981 5256 habeant

401 5288 659 5357 carpendi
691 5302 839 5344 eum.
888 5288 1054 5358 Atqui
1106 5289 1220 5343 haec
1278 5302 1388 5342 non
1417 5297 1538 5342 erat
1572 5288 1925 5358 reprehensio
1959 5303 1976 5342 :

401 5380 670 5451 siquidem
701 5379 784 5436 lex
825 5381 1027 5437 Christi
1059 5389 1203 5436 erat.
1233 5379 1487 5436 Attamen
1531 5381 1658 5449 quia
1685 5380 1975 5449 Corinthii,

403 5486 502 5527 ceu
534 5471 760 5540 inﬁrmi,
787 5473 948 5532 facile
976 5472 1238 5530 seandalo
1257 5471 1702 5536 sttccumbebant,
1729 5473 1970 5543 seipsum

402 5564 718 5622 custodivit.
747 5564 827 5622 Ac
864 5564 1122 5635 deinceps
1172 5564 1230 5619 in
1279 5561 1404 5620 aliis
1447 5561 1740 5621 interiores
1771 5564 1975 5624 inventi

2079 4922 2225 4988 ιδὼν,
2259 4919 2426 4993 ῶρισε
2466 4918 2596 4992 παρ’
2654 4917 2836 4989 ἑαυτῷ
2864 4914 2959 4970 τοῦ
2999 4914 3073 4986 μὴ
3099 4913 3285 4967 λαϐεῖν
3310 4928 3362 4965 τι
3389 4907 3531 4980 παρὰ
3556 4921 3622 4956 τι·

2076 5031 2190 5080 νος.
2220 5013 2314 5068 καὶ
2341 5009 2514 5067 ταῦτα
2549 5011 2865 5080 πενόμενος,
2902 5008 2988 5061 ἵνα
3031 5005 3244 5078 ἐκκόψῃ
3269 5004 3372 5076 τὴν
3399 4996 3622 5071 ἀφορμὴν

2074 5105 2320 5170 δκείνων,
2366 5104 2462 5157 καὶ
2510 5101 2586 5174 μὴ
2614 5101 2816 5174 εὕρωσι
2836 5101 2884 5132 ⁷⁸
2927 5097 3112 5171 χώραν
3151 5097 3245 5151 τοῦ
3285 5088 3620 5168 μωμήσασθαι

2075 5197 2260 5252 αὐτόν.
2294 5195 2490 5250 Καίτοι
2522 5193 2682 5250 τοῦτο
2715 5191 2910 5264 μῶμος
2939 5191 3039 5246 οὐκ
3080 5186 3182 5262 ἦν·
3211 5189 3372 5261 νόμος
3415 5184 3517 5255 γὰρ
3541 5176 3618 5232 τοῦ

2077 5288 2313 5361 Χριστοῦ
2348 5290 2537 5344 ἐστιν’
2591 5283 2705 5342 ἀλλ’
2756 5287 2906 5357 ὅμως
2958 5283 3149 5356 ἐπειδὴ
3180 5282 3257 5346 ὡς
3307 5277 3540 5336 ἀσθενεῖς
3577 5267 3617 5321 οἰ

2078 5385 2356 5457 Κορίνθιοι
2403 5382 2853 5439 εύσκανδάλιστοι
2895 5378 3056 5453 ἦσαν,
3108 5375 3370 5448 ἐφύλαξεν
3431 5369 3614 5457 ἑαυτόν.

2080 5453 2195 5533 καὶ·
2227 5477 2412 5532 λοιπὸν
2461 5478 2518 5529 ἐν
2549 5479 2662 5539 τοῖς
2692 5475 2868 5538 ἄλλοις
2895 5470 3275 5542 ἐλαττούμενοι
3301 5467 3350 5520 οἱ
3376 5453 3612 5535 ψευδαπό·

2085 5569 2260 5624 στολοι
2285 5609 2302 5636 ,
2335 5569 2458 5624 οὐδὲ
2489 5570 2558 5639 ςὲν
2602 5567 2774 5640 τούτῳ
2812 5565 2984 5621 πλέον⁵
3037 5581 3090 5619 τι
3126 5563 3318 5634 ἔσχον·
3364 5557 3413 5610 εἰ
3456 5553 3612 5624 μήτις

1702 5707 1905 5772 Variis
1929 5709 2257 5777 lectiones.

478 5830 526 5871 τι
558 5828 754 5894 αύτούς
783 5845 834 5884 ο.
915 5831 958 5862 ⁷³
992 5827 1066 5893 ὡς
1102 5828 1168 5883 ἂν
1196 5828 1249 5884 δὲ
1274 5845 1326 5886 o.
1403 5831 1450 5864 "
1473 5829 1658 5885 πολλοὶ
1684 5847 1736 5888 ο.
1816 5833 1858 5866 ⁷⁸
1899 5832 2066 5888 θέλων
2097 5849 2169 5888 tn.
2248 5834 2315 5865 “'
2347 5827 2456 5886 εἶδε
2493 5844 2545 5888 o.‘
2625 5831 2674 5864 "
2711 5829 2796 5886 ἴσ.
2830 5826 3156 5902 θηρεύονται
3189 5844 3242 5885 o.
3317 5826 3360 5860 ⁷⁸
3391 5823 3538 5895 ἔχωσι
3562 5828 3612 5870 ου
