3898 6622
233 337 340 410 911

1016 336 1426 400 EXPOSITIO
1466 337 1550 402 IN
1591 335 1830 402 EPIST.
1876 336 1940 398 II
1975 338 2076 398 AD
2113 339 2282 402 COR.
2319 367 2385 378 -
2417 343 2577 405 CAP.
2614 342 2721 404 Xl.

3412 331 3540 398 918-.

235 456 384 510 εἴποι
402 500 418 520 ,
462 454 556 509 δτι
587 455 695 509 καὶ
725 454 782 508 ἐν
809 452 984 524 τούτῳ
1031 451 1444 527 ἠλαττώθησαν,
1472 455 1556 509 ὅτι
1582 472 1644 508 τε
1680 452 1846 508 πλού-

1964 457 2374 526 )εουιιαροειοιί,
2419 472 2594 526 neque
2623 455 2677 512 in
2718 456 2820 511 hoc
2849 451 3225 510 excellebant:
3264 449 3369 506 nisi
3396 449 3520 521 quis

239 562 348 600 σιοι
380 543 546 607 ὅντες
585 545 756 598 αὐτοὶ
781 545 882 597 οὐκ
912 543 1237 614 ἐλάμϐανον,
1273 544 1373 599 τοῦ
1407 544 1624 598 Παύλου
1651 545 1712 598 ὲν
1742 561 1840 598 πε-

235 639 327 708 νίᾳ
358 637 542 707 πολλῇ
579 637 665 707 μὴ
697 637 1065 708 λαμϐάνοντος
1087 652 1104 666 ι
1137 637 1232 690 καὶ
1258 639 1340 690 ὅτι
1380 637 1501 690 οὐδὲ
1529 636 1688 693 τοῦτο
1716 636 1847 707 ἀλη-

237 731 346 796 θῶς
379 729 750 803 κατώρθουν,
777 730 898 785 ἀλλ’
927 729 1279 802 ὑπεκρίνοντο
1299 748 1314 763 ·
1343 733 1376 785 ὁ
1400 730 1457 784 δέ
1485 749 1551 800 γε
1580 730 1844 784 Ἀπόστο-

236 823 332 890 λος
367 823 608 896 ἀληθῶς
641 823 956 895 κατώρθου.

314 1023 336 1058 ι
376 1003 447 1058 Ol
470 1002 592 1074 γάρ
614 1000 856 1057 τοιοῦτοι
889 1000 1334 1072 ψευδαπόστολοι,
1362 1000 1616 1072 ἐργάται,
1657 1001 1845 1067 δόλιοι,

243 1092 892 1166 μετασχηματιζόμενοι
921 1093 1003 1156 εἰς
1049 1092 1386 1157 ἀποστόλους
1418 1093 1678 1166 Χριστοῦ.
1717 1112 1736 1146 ι
1781 1094 1847 1148 τι

240 1184 425 1252 λέγεις
449 1199 464 1248 ;
504 1183 574 1234 Oi
607 1181 854 1253 Χριστὸν
879 1181 1271 1252 κηρύσσοντες,
1296 1185 1344 1236 oi
1373 1183 1713 1253 Εύαγγέλιον
1732 1183 1850 1238 ἔτε-

241 1292 336 1346 ρον
371 1272 449 1343 μὴ
484 1274 889 1340 ἐπεισάγοντες
913 1274 981 1339 τ’,
1011 1273 1086 1338 ὡς
1116 1274 1378 1346 ἀνωτέρω
1407 1276 1657 1347 εἴρηκας,
1685 1275 1846 1346 ψευδο

240 1363 542 1421 απόστολοι
601 1363 740 1431 νῢν;
797 1363 926 1430 Ναὶ,
957 1365 1113 1435 φησὶ,
1145 1365 1214 1420 δι’
1243 1366 1374 1420 αὐτὸ
1401 1365 1587 1420 τοῦτο·
1621 1367 1854 1436 ὐποκρι-

1947 550 2114 614 dicat,
2137 551 2282 618 quod
2298 551 2351 604 in
2374 551 2477 606 hoc
2499 549 2664 605 etiam
2689 546 2976 606 inferiores
2994 546 3124 611 sint,
3147 543 3288 614 quod
3315 543 3520 598 divitiis

1947 641 2232 699 afﬂuentes
2258 641 2359 710 ipsi
2395 641 2532 699 nihil
2559 641 2899 716 accipereut,
2929 653 3051 700 cum
3101 636 3300 693 Paulus
3348 650 3416 690 ne
3460 635 3516 690 in

1946 735 2112 794 multa
2139 735 2358 804 quidem
2385 743 2624 806 egestate
2643 732 2933 803 quidquam
2956 729 3225 799 acceperit
3253 747 3267 784 :
3301 737 3357 784 et
3375 727 3519 798 quod

1947 841 2124 896 neque
2158 827 2259 882 hoc
2293 841 2422 882 vere
2451 824 2826 896 perﬁciebant,
2853 823 2950 884 sed
2977 821 3305 884 simulabant
3329 839 3344 876 :
3375 819 3520 891 Apo-

1948 913 2120 972 stolus
2153 923 2334 970 autem
2367 929 2556 969 revera
2583 911 2917 986 perﬁciebat.

2020 1008 2184 1064 Vsus.
2218 1007 2307 1062 l5.
2360 1025 2379 1058 ι
2417 1006 2549 1061 Nam
2601 1005 2908 1083 huiusmodi
2948 1004 3346 1076 pseudapostoli
3393 1015 3522 1060 sunt

1947 1100 2185 1171 operarii
2239 1099 2486 1164 subdoli,
2539 1084 2988 1167 transﬁgurantes
3037 1111 3098 1159 se
3143 1096 3196 1152 in
3249 1094 3520 1165 apostolos

1946 1189 2172 1248 Christi.
2212 1209 2232 1243 ι
2283 1189 2421 1256 Quid
2467 1187 2592 1242 ais?
2631 1187 2906 1248 Christum
2961 1187 3363 1251 annuntiautes,
3422 1199 3521 1240 nee

1948 1279 2094 1337 aliud
2127 1279 2476 1350 Evangelium
2525 1278 2930 1334 iutroducentes
2951 1316 2968 1343 ,
3000 1287 3058 1331 ιιι
3092 1291 3254 1345 supra
3283 1289 3521 1332 comme-

1947 1371 2211 1435 morasti,
2261 1367 2662 1440 pseudapostoli
2721 1382 2867 1423 nunc
2921 1363 3092 1421 sunt?
3141 1363 3272 1430 Nae,
3324 1362 3521 1433 inquit,

239 1455 460 1522 νόμενοι
511 1453 637 1524 γὰρ
693 1451 902 1516 ταῦτα,
946 1453 1123 1527 λάθρα
1176 1455 1367 1512 ἀνόσια
1418 1456 1849 1530 παρεισφέρουσι

1964 1473 2171 1537 >ropter
2210 1466 2316 1520 hoc
2363 1463 2563 1533 ipsum.
2595 1461 2703 1517 ista
2747 1461 2890 1516 enim
2928 1457 3267 1523 simulantes,
3299 1453 3522 1510 claucu~

242 1546 522 1613 δόγματα.
584 1561 605 1595 ι
652 1543 924 1615 Ἐργάται
960 1544 1018 1598 δὲ
1052 1545 1242 1612 δόλιοι,
1289 1565 1307 1602 ι
1347 1545 1484 1600 καθὸ
1513 1547 1848 1618 ἐργάζεσθαι

1964 1573 2059 1613 um
2083 1555 2249 1628 impia
2281 1555 2535 1628 dogmata
2563 1550 2930 1609 subinferuut.
2966 1566 2984 1600 ι
3017 1545 3258 1618 Operarii
3291 1563 3311 1599 ι
3339 1551 3520 1599 autem

246 1640 344 1707 μὲν
382 1637 686 1702 δοκοῦσιν,
737 1637 1027 1693 ἀνασπῶσι
1067 1639 1126 1696 δὲ
1173 1639 1244 1696 τὰ
1293 1640 1703 1710 πεφυτευμένα,
1756 1641 1849 1694 καὶ

1964 1669 1975 1703 ι
2014 1648 2208 1714 dolosi,
2249 1665 2268 1700 ι
2301 1653 2573 1717 quatenus
2603 1642 2816 1714 operari
2860 1640 3075 1712 quidem
3105 1637 3381 1700 videntur,
3437 1649 3526 1688 re-

249 1731 437 1802 σχῆμα
475 1731 661 1801 μόνον
682 1731 731 1764 ⁷⁸
759 1730 976 1802 ἔχουσιν
1000 1731 1340 1799 ἀποστόλων,
1373 1731 1469 1792 καὶ
1507 1730 1672 1802 δορὰν
1711 1746 1846 1802 προ-

1964 1743 2155 1799 vellunt
2184 1749 2366 1803 autem
2406 1738 2668 1810 plantata,
2704 1749 2770 1790 ac
2799 1733 3024 1804 ﬁguram
3063 1738 3275 1785 tantum
3324 1724 3535 1783 habent

247 1824 449 1885 ὁάτων,
484 1821 658 1877 λύκοι
685 1822 743 1876 δέ
773 1823 912 1876 εἰσιν
935 1822 1127 1887 ὅντως.

1964 1835 2366 1908 apostolorum,
2415 1842 2472 1888 et
2515 1829 2710 1903 pellem
2759 1827 2963 1894 ovium,
3018 1822 3129 1897 lupi
3179 1829 3362 1889 autem
3402 1824 3529 1874 sunt

323 2022 343 2054 ι
382 2003 500 2056 Καὶ
531 2003 602 2057 ού
632 2003 983 2074 θαυμαστόν·
1009 2003 1170 2068 αύτδς
1199 2003 1308 2074 γὰρ
1337 2003 1366 2056 ό
1397 2003 1644 2067 Σατανᾶς
1681 2020 1855 2078 μετα-

2020 1945 2050 1981 ν
2157 1968 2172 1984 .

1964 1945 2017 1986 re
2034 1942 2200 2079 εἰς.
2235 2018 2324 2076 14.
2358 2036 2378 2071 ι
2409 2015 2518 2073 Nec
2549 2015 2690 2080 enim
2720 2012 2937 2072 mirum.
2969 2007 3088 2079 Ipse
3114 2016 3347 2075 namque
3371 2001 3530 2057 Sata-

256 2099 676 2171 σχηματίζεται
736 2099 816 2162 εις
870 2098 1102 2167 ἄγγελον
1141 2097 1341 2167 φωτός.
1388 2116 1410 2151 ι
1466 2097 1637 2154 Ὅταν
1665 2097 1776 2169 γὰρ
1820 2099 1854 2154 ό

1964 2129 2057 2178 nas
2079 2110 2434 2182 transﬁgurat
2454 2122 2512 2164 se
2543 2106 2598 2162 in
2621 2103 2867 2176 angelum
2893 2101 3048 2164 lucis,
3077 2117 3097 2152 ι
3122 2095 3286 2170 304
3303 2093 3530 2163 Quando

253 2191 588 2254 διδάσκαλος
625 2191 816 2246 αὐτῶν
858 2191 1044 2247 πάντα,
1069 2189 1283 2261 τολμᾷ,
1329 2189 1482 2245 οὐδὲν
1531 2188 1853 2260 θαυμαστὸν

1964 2209 2150 2264 doctor
2188 2218 2378 2264 eorum
2423 2201 2654 2263 Satanas
2694 2196 2878 2256 omnia
2914 2193 3099 2258 audet,
3149 2189 3286 2247 nihil
3331 2188 3526 2244 mirum

254 2283 350 2338 καὶ
380 2283 622 2348 τούτους
646 2283 933 2355 μιμεῖσθαι
956 2282 1139 2340 αὐτόν.
1179 2303 1201 2339 ι
1234 2281 1498 2352 Ἄγγελον
1516 2281 1573 2335 δὲ
1604 2280 1782 2354 φωτὸς
1821 2301 1844 2337 ι

1964 2303 2061 2364 ιιοε
2097 2297 2299 2356 imitari
2335 2297 2531 2366 ipsum.
2565 2290 2825 2364 Angelum
2854 2297 3034 2345 autem
3068 2284 3206 2342 lucis
3238 2281 3370 2339 dicit
3402 2295 3527 2336 eum

199 2405 201 2407 ι
263 2374 416 2439 λέγει
442 2374 542 2428 τὸν
595 2375 916 2447 παρρησίαν
959 2374 1174 2446 ἔχοντα,
1207 2374 1300 2430 τὸν
1332 2374 1415 2445 τῷ
1441 2372 1682 2446 ἀληθινῷ
1708 2373 1849 2441 φωτὶ

1964 2393 2050 2462 qui
2098 2390 2346 2446 ﬁduciam
2376 2387 2561 2450 habet,
2588 2384 2681 2455 qui
2713 2397 2843 2437 vero
2873 2379 3066 2435 lumini
3103 2385 3270 2442 astat,
3297 2375 3388 2447 qui
3431 2387 3530 2444 per

258 2467 621 2536 παρεστῶτα,
647 2467 746 2521 τὸν
764 2467 1095 2537 ἀγγέλλοντα
1115 2468 1197 2522 ὅτι
1221 2465 1316 2520 καὶ
1340 2469 1368 2520 ό
1389 2465 1523 2530 Θεὸς
1540 2466 1656 2534 φῶς
1677 2465 1850 2530 ἐστιν,

260 2561 317 2612 ὲν
344 2559 426 2630 τῷ
460 2561 560 2614 καὶ
592 2560 766 2617 αὐτὸν
798 2555 938 2614 εἶναι
989 2560 1125 2628 φῶς.
1169 2559 1725 2632 Μετασχηματίζεται
1755 2557 1852 2614 καὶ

261 2651 338 2712 εις
373 2651 637 2705 τοιοῦτον
667 2652 718 2684 ⁷⁸
745 2653 774 2705 ό
810 2651 1078 2717 διάϐολος,
1126 2652 1187 2710 οὗ
1213 2652 1423 2722 γίνεται
1451 2651 1714 2716 τοιοῦτος.
1745 2649 1854 2706 Οὖσ-

261 2758 367 2805 τως
395 2738 494 2797 οὖν
517 2736 622 2798 καὶ
651 2737 804 2799 οὗτοι
831 2745 1019 2815 σχῆμα
1047 2743 1208 2812 μόνον
1232 2745 1492 2817 φέρουσιν
1516 2743 1852 2816 ἀποστόλων,

262 2836 360 2890 οὐκ
387 2836 566 2909 αὐτὴν
591 2838 702 2910 τὴν
737 2837 1052 2911 ἐνέργειαν.
1087 2838 1452 2910 Μανθάνομεν
1478 2839 1537 2894 δὲ
1577 2837 1854 2904 ἐντεῦθεν,

263 2927 342 2982 ὅτι
379 2929 443 2982 τὸ
489 2928 638 2999 πρὸς
687 2929 951 2998 ἐπίδειξίν
996 2947 1053 2985 τι
1101 2932 1296 2998 ποιεῖν,
1340 2930 1577 3002 μάλιστα
1631 2929 1854 2985 πάντων

263 3020 602 3078 διαϐολικόν.

341 3133 362 3166 ι
399 3114 478 3167 Οὐ
512 3115 668 3184 μέγα
701 3109 795 3171 οὖν
825 3116 876 3170 ei
905 3115 999 3171 καὶ
1026 3115 1076 3170 oi
1103 3115 1341 3171 διάκονοι
1375 3115 1542 3172 αύτοῦ
1577 3132 1852 3188 μετασχηρ

273 3204 600 3273 ματιζονται
631 3205 713 3270 ὡς
759 3205 1001 3262 διάκονοι
1050 3205 1423 3278 δικαιοσύνης,
1472 3201 1551 3268 ὧν
1594 3207 1656 3261 τδ
1700 3207 1856 3277 τέλος

271 3294 422 3349 ἔσται
450 3297 602 3352 κατὰ
625 3298 696 3352 τὰ
722 3297 859 3369 ἔργα
881 3298 1080 3352 αὐτῶν.
1121 3316 1140 3351 ι
1176 3297 1489 3364 Τουτέστιν,
1511 3300 1587 3365 ὡς
1616 3299 1856 3356 διάκονοι

269 3387 365 3441 τοῦ
398 3389 752 3459 Εύαγγελίου
779 3390 878 3444 τοῦ
909 3391 1008 3462 τὴν
1040 3391 1394 3464 δικαιοσύνην
1428 3391 1672 3462 ἔχοντοςο
1705 3393 1738 3464 ἢ
1773 3393 1856 3447 ὅτι

273 3479 501 3536 δικαίων
551 3483 776 3553 ἀνδρῶν
819 3483 981 3549 δόξαν
1025 3484 1239 3548 ἑαυτοῖς
1289 3485 1693 3555 περιτιθέασιν
1740 3482 1856 3544 ἀλλ’

273 3574 373 3628 οὐκ
401 3575 774 3646 ἐκφεύξονται
810 3578 891 3642 εἰς
914 3576 1100 3640 τέλος·
1125 3575 1266 3636 κατά
1293 3577 1404 3648 γὰρ
1430 3575 1499 3634 τὰ
1518 3575 1655 3649 ἔργα
1677 3576 1858 3632 αὐτῶν

277 3663 428 3720 ἔσται
479 3667 545 3721 τὸ
593 3668 753 3733 τέλος
791 3667 992 3733 αὐτῶν,
1042 3667 1329 3734 τουτέστι,
1380 3669 1640 3739 πονηρόν.
1691 3667 1857 3727 Ὥστε

278 3757 382 3812 ἀπὺ
413 3759 525 3813 τῶν
581 3760 768 3831 ἔργων
821 3760 1004 3816 αὐτῶν
1053 3761 1475 3832 ἑπιγνωσόμεθα
1523 3760 1753 3825 αὐτούς·
1797 3760 1861 3816 τὸ

279 3852 386 3925 γὰρ
410 3854 569 3919 τέλος
600 3853 946 3926 κατάλληλον
972 3855 1083 3918 τοῖς
1122 3853 1305 3926 ἔργοις
1339 3854 1578 3919 ἕξουσιν.

352 3964 370 3996 ι
412 3947 585 4001 Πάλιν
625 3947 771 4016 λέγω
817 3948 934 4019 (μή
968 3964 1053 4012 τις
1085 3965 1152 4018 με
1195 3946 1321 4018 δόξῃ
1363 3947 1573 4019 ἄφρονα
1601 3942 1778 4009 εἶναι·
1811 3949 1861 4003 εἰ

281 4034 334 4090 δὲ
364 4039 436 4108 μή
477 4056 567 4107 γε,
593 4040 702 4097 κᾶν
745 4038 822 4104 ὡς
859 4039 1070 4111 ἄφρονα
1093 4040 1318 4108 δέξασθέ
1345 4059 1436 4112 με,
1469 4042 1552 4100 ἵνα
1584 4041 1740 4111 κάγὼ
1767 4061 1861 4114 μι-

284 4129 413 4196 κρόν
449 4148 505 4183 τι
542 4132 944 4202 καυχήσωμαι.
979 4151 998 4186 ι
1033 4134 1096 4187 Ei
1127 4134 1241 4205 γὰρ
1267 4136 1362 4190 καὶ
1397 4137 1500 4207 ἤδη
1529 4137 1862 4210 προδιορθώ-

289 4235 436 4274 σεσιν
477 4223 780 4295 ἐχρήσατο,
815 4224 929 4278 ἀλλ’
971 4226 1140 4296 ὅμως,
1197 4227 1312 4281 Ούκ
1360 4227 1661 4301 ἀρκοῦμαι,
1699 4231 1857 4302 φησὶ,

285 4313 395 4375 τοῖς
429 4315 770 4385 εξρημένοις,
806 4315 943 4370 ἀλλά
973 4317 1138 4372 πάλιν
1181 4317 1346 4388 λέγω,
1394 4320 1481 4374 ἵνα
1534 4338 1556 4374 ι
1598 4324 1760 4394 μήτις
1791 4340 1860 4394 με

1960 2485 2064 2542 hoc
2104 2480 2248 2553 quod
2295 2481 2409 2550 ipse
2455 2478 2636 2533 lumen
2688 2475 2779 2540 sit,
2827 2470 3232 2543 ostenditquod
3284 2477 3339 2524 et
3391 2467 3533 2523 Deus

1958 2575 2142 2635 lumen
2177 2581 2280 2629 est.
2328 2570 2580 2626 Diabolus
2613 2582 2742 2622 vero
2785 2567 2836 2622 in
2887 2564 3048 2620 talem
3084 2559 3528 2618 trausl'ormatur,

1962 2683 2068 2726 non
2099 2675 2281 2722 autem
2314 2663 2441 2720 talis
2476 2663 2556 2717 ﬁt.
2587 2659 2742 2720 Hunc
2767 2664 2832 2714 ad
2860 2657 3082 2717 modum
3106 2662 3162 2719 et
3182 2652 3258 2708 illi
3300 2649 3528 2720 ﬁguram

1965 2769 2172 2815 tantum
2197 2755 2562 2826 apostolorum
2591 2761 2820 2826 gerunt,
2857 2765 2960 2806 non
3007 2749 3179 2820 ipsam
3208 2741 3528 2800 efﬁcaciam.

1964 2851 2103 2909 [line
2126 2858 2306 2908 autem
2334 2849 2598 2910 discimus
2617 2845 2760 2917 quod
2790 2843 2858 2904 ad
2881 2839 3302 2903 ostentationem
3323 2833 3529 2908 aliquid

1964 2944 2167 3010 facere,
2197 2943 2433 3000 maxime
2461 2941 2534 2998 sit
2558 2937 2908 3003 diabolicum.

2031 3121 2200 3178 Vnus.
2237 3120 2332 3177 l5.
2366 3138 2386 3179 ι
2417 3118 2534 3181 Νοη
2558 3126 2643 3184 est
2671 3133 2805 3190 ergo
2834 3113 3184 3190 magnum,si
3217 3121 3274 3170 et
3294 3109 3530 3170 ministri

1955 3215 2076 3286 eius
2099 3212 2555 3284 transﬁgurenIur
2578 3210 2740 3268 veluti
2769 3207 3000 3266 ministri
3018 3205 3264 3280 iustitiae,
3297 3217 3528 3282 quorum

1957 3303 2080 3360 ﬁnis
2101 3305 2204 3359 erit
2227 3301 2523 3359 secundum
2552 3315 2714 3370 opera
2757 3300 3018 3370 ipsorum.
3059 3314 3079 3350 ι
3116 3295 3230 3354 Hoc
3265 3304 3390 3359 est,
3424 3307 3524 3348 ccu

1955 3395 2196 3458 ministri
2259 3392 2533 3464 Evangelii
2575 3390 2840 3463 justitiam
2892 3387 3178 3454 habentis,
3233 3385 3317 3444 vel
3374 3383 3527 3456 quod

1950 3487 2221 3555 iustorum
2251 3485 2495 3541 virorum
2541 3483 2768 3553 gloriam
2814 3479 3052 3550 sibiipsis
3083 3479 3521 3548 circumponuut.

1959 3579 2068 3636 Sed
2095 3593 2204 3635 non
2246 3577 2503 3648 elfugient
2550 3575 2766 3632 tandem
2803 3591 2818 3629 :
2857 3573 3153 3633 secundum
3186 3573 3330 3629 enim
3363 3587 3530 3643 Opera

1958 3685 2193 3737 eorum,
2247 3671 2356 3727 erit
2399 3669 2563 3732 etiam
2620 3667 2744 3724 ﬁnis
2797 3681 3026 3733 eorum,
3081 3666 3136 3723 id
3192 3674 3279 3722 est
3333 3665 3528 3722 malus.

1964 3763 2148 3834 Itaque
2199 3763 2267 3819 ab
2323 3761 2580 3832 operibus
2642 3760 2882 3832 ipsorum
2937 3772 3294 3830 agnoscemus
3338 3757 3526 3828 ipsos:

1961 3855 2127 3911 ﬁnem
2163 3855 2308 3910 enim
2334 3853 2756 3922 respondentem
2787 3851 3044 3922 operibus
3077 3849 3371 3909 habebunt.

2035 3944 2200 4004 Vsus.
2230 3943 2322 4002 16.
2358 3963 2380 3998 ι
2422 3944 2620 4005 lterum
2649 3943 2770 4004 dico
2798 3941 2890 4014 (ne
2915 3941 3036 4012 quis
3081 3950 3232 4015 putet
3281 3955 3370 4002 me
3403 3939 3534 3996 insi-

1962 4037 2198 4108 pientem
2242 4049 2398 4096 esse:
2439 4033 2708 4106 alioquin,
2754 4033 2841 4090 vel
2885 4043 3142 4104 tanquam
3187 4031 3534 4104 insipientem

1961 4129 2192 4201 accipite
2223 4144 2345 4197 me,
2377 4137 2437 4185 ut
2483 4137 2541 4188 et
2587 4142 2690 4200 ego
2736 4127 3006 4192 modicum
3050 4126 3179 4198 quid
3229 4124 3471 4201 glorier).
3500 4143 3525 4200 ρ

1961 4200 2189 4278 Etiamsi
2209 4220 2355 4277 enim
2381 4219 2550 4275 multa
2573 4219 2685 4292 jam
2715 4218 3049 4292 mitigatione
3072 4232 3202 4274 usus
3230 4224 3368 4283 erat,
3409 4200 3536 4272 Non

1962 4319 2248 4370 contentus
2273 4319 2454 4374 tamen
2480 4324 2621 4378 sum,
2645 4308 2840 4381 inquit,
2861 4307 3322 4373 commemoratis,
3345 4321 3536 4364 verum

287 4400 408 4475 δόξῃ
440 4405 658 4477 ἄφρονα
681 4402 845 4463 εῖναι.
881 4425 902 4460 t
938 4409 1012 4468 Ta
1045 4407 1146 4480 μὲν
1172 4410 1280 4483 γὰρ
1309 4391 1619 4485 καυχᾶσθαι
1647 4391 1855 4479 ἀπλῶς,

1968 4407 2166 4464 iterum
2193 4404 2338 4469 dico,
2391 4421 2412 4458 ι
2448 4417 2521 4458 ne
2561 4403 2684 4473 quis
2729 4413 2816 4464 me
2865 4399 3142 4459 existimet
3191 4398 3535 4470 insipientem
3571 4391 3578 4397 ’

287 4493 602 4570 ἀφροσύνης
647 4499 832 4553 ἐστίν’
868 4498 982 4568 ἐγὼ
1013 4499 1106 4567 δὲ,
1144 4502 1242 4574 οὐχ
1298 4504 1375 4568 ὡς
1420 4506 1646 4576 ἀνόητος
1696 4506 1857 4566 τοῦτο

289 4587 443 4650 ποιῶ,
479 4589 596 4644 ἀλλ’
633 4591 1098 4664 ἀναγκαζόμενος.
1135 4593 1325 4664 Ὅμως
1373 4596 1424 4650 ει
1476 4597 1552 4669 μὴ
1587 4599 1856 4668 συγγινώ-

290 4679 444 4732 σκετέ
481 4699 594 4752 μοι,
633 4683 751 4740 ἀλλ’
777 4684 843 4739 ἑκ
884 4685 1085 4749 παντὸς
1111 4684 1323 4757 ἄφρονα
1349 4687 1447 4742 καὶ
1492 4689 1593 4759 tu!
1617 4689 1854 4761 κρίνετε,

296 4770 466 4826 καίτοι
506 4776 656 4830 κατὰ
689 4776 937 4848 ἀνάγκην
968 4779 1342 4851 καυχώμενον,
1377 4779 1438 4835 οὐ
1485 4781 1858 4855 παραιτοῦμαι

292 4863 461 4922 τοῦτο.
501 4870 714 4924 Οὐκοῦν
759 4870 836 4934 ὡς
889 4869 1123 4942 ἄφρονος
1155 4871 1415 4943 ἀνέχεσθέ
1445 4889 1550 4945 μου
1575 4874 1862 4944 λέγοντος,

299 4971 316 5003 ι
351 4955 433 5010 ἴνα
459 4960 637 5030 κάγὼ,
667 4979 689 5014 ι
723 4961 1020 5028 τουτέστιν,
1052 4961 1244 5036 ὥσπερ
1271 4965 1490 5033 ικεϊνοι,
1529 4984 1550 5019 ι
1577 4967 1864 5040 καυχήσω-

298 5063 411 5119 μαι,
449 5071 467 5104 ι
506 5053 643 5108 ἀλλὰ
673 5055 768 5110 καὶ
805 5055 965 5110 τοῦτο
997 5074 1017 5110 ι
1051 5056 1246 5127 μικρόν
1278 5073 1352 5114 τι.
1387 5073 1409 5112 ι

372 5248 389 5282 ι
421 5232 485 5285 Ὃ
511 5233 680 5301 λαλῶ,
703 5236 764 5290 ού
783 5235 929 5290 λαλῶ
952 5235 1098 5290 κατά
1118 5233 1348 5308 Κύριον,
1374 5235 1494 5290 ἀλλ”
1513 5236 1590 5300 ὡς
1610 5237 1670 5292 ἂν
1694 5238 1863 5310 ἀφρο-

307 5319 452 5395 σύνῃ,
483 5325 540 5378 ὲν
571 5327 748 5400 ταύτῃ
776 5329 843 5398 τῇ
875 5327 1177 5382 ὑποστάσει
1208 5327 1307 5397 τῆς
1350 5329 1696 5400 καυχήσεως.
1735 5349 1754 5382 ι
1798 5332 1863 5387 '0

303 5408 474 5479 λαλῶ,
505 5421 692 5490 φησὶν,
729 5420 830 5474 οὐκ
862 5418 979 5478 ἔστι
1009 5420 1166 5475 ,κατά
1199 5419 1428 5491 Κύριον,
1467 5421 1746 5487 τουτέστι,
1794 5424 1866 5478 τὰ

308 5503 547 5575 ῥήματαο
595 5511 624 5564 ό
654 5510 714 5564 δὲ
749 5510 951 5577 σκοπὸς
999 5511 1109 5566 τῶν
1148 5512 1436 5584 ῥημάτων,
1483 5512 1691 5584 σφόδρα
1723 5516 1866 5571 κατὰ

1970 4518 2115 4568 esse.
2161 4520 2182 4556 ι
2221 4489 2457 4558 Gloriari
2483 4499 2627 4562 enim
2675 4497 3020 4568 simpliciter,
3067 4495 3373 4567 insipientia
3411 4504 3534 4551 est:

1966 4612 2068 4669 ego
2097 4604 2279 4651 autem
2309 4609 2417 4652 non
2465 4601 2720 4663 tanquam
2773 4590 3036 4660 insipiens
3077 4590 3180 4654 hoc
3225 4589 3387 4658 iacio,
3442 4588 3538 4644 sed

1966 4697 2209 4748 coactus.
2235 4687 2491 4745 Attamen
2520 4685 2566 4742 si
2592 4683 2722 4743 mihi
2751 4698 2858 4740 non
2874 4682 3174 4755 ignoscitis,
3196 4682 3290 4738 sed
3315 4681 3538 4738 omnino

1965 4781 2308 4851 insipientem
2366 4792 2454 4834 me
2495 4775 2773 4846 iudicatis,
2813 4775 3027 4839 etiamsi
3072 4777 3390 4834 necessitate
3441 4774 3539 4830 ad-

1963 4887 2122 4934 actus
2152 4877 2375 4949 glorier,
2410 4891 2518 4931 που
2547 4876 2790 4932 detrecto
2830 4875 2956 4932 hoc.
3003 4872 3236 4950 Proinde
3281 4884 3536 4941 tanquam

1965 4970 2311 5041 insipientem
2354 4968 2622 5026 sustinete
2647 4982 2734 5024 me
2758 4967 3092 5038 loquentem,
3127 4974 3182 5027 ut
3209 4973 3262 5022 et
3286 4978 3405 5036 ego,
3432 4962 3536 5018 hoc

1927 5097 1931 5106 ν
1962 5072 2072 5128 est,
2100 5060 2326 5132 perinde
2354 5074 2420 5116 ac
2449 5059 2550 5126 illi,
2590 5059 2835 5130 glorier;
2879 5060 2974 5116 sed
3015 5066 3073 5116 et
3120 5056 3226 5116 hoc
3261 5054 3530 5114 modicum

1960 5153 2110 5225 quid.

2032 5245 2199 5301 Vsus.
2239 5245 2329 5300 l7.
2363 5261 2382 5298 t
2421 5242 2577 5312 Quod
2610 5242 2823 5313 loquor,
2865 5256 2971 5297 non
3014 5239 3204 5309 loquor
3235 5235 3532 5292 secundum

1963 5336 2276 5404 Dominum,
2300 5336 2394 5393 sed
2423 5334 2582 5408 quasi
2609 5335 2664 5389 in
2697 5333 3028 5404 insipientia,
3063 5330 3116 5385 iu
3151 5331 3250 5384 hac
3279 5331 3534 5386 substan-

1964 5428 2038 5482 tia
2073 5426 2430 5498 gloriationis.
2488 5443 2510 5480 ι
2567 5422 2720 5493 Quod
2767 5423 2980 5492 loquor,
3031 5419 3207 5491 inquit
3232 5457 3250 5486 ,
3298 5432 3405 5473 non
3451 5424 3535 5472 est

1965 5519 2262 5576 secundum
2291 5517 2593 5584 Dominum,
2624 5527 2820 5586 nempe
2840 5513 2888 5571 si
2925 5510 3090 5570 verba
3118 5518 3330 5584 spectes
3356 5525 3370 5564 :
3413 5521 3535 5566 sco-

1593 5655 1792 5720 Variae
1820 5657 2150 5728 lectiones.

373 5763 418 5799 "
442 5768 895 5842 ἐπιγινώσκοντες
939 5791 1002 5852 ⁸ο.
1079 5778 1126 5812 ⁷³
1160 5778 1262 5847 μὶν
1310 5793 1362 5836 o.
1442 5779 1487 5813 "
1537 5778 1729 5836 τοῦτον
1757 5797 1810 5837 o.
