3898 6574
423 310 530 376 919
1348 307 1922 372 THEOPHYLACTI
1956 305 2364 366 BUI.GARI/E
2402 307 2756 370 ARCHIEP.
3538 307 3633 372 950

323 489 338 496 _
424 441 523 496 pus
549 439 680 480 vero
714 424 997 481 verborum
1027 434 1105 480 est
1143 425 1427 480 admodum
1471 425 1765 480 secundum
1815 419 1984 475 Domi-

2103 418 2330 490 Κύριον.
2364 421 2478 474 Οὐκ
2525 415 2646 475 εἷπε
2680 421 2771 486 δὲ,
2801 418 2891 474 Ἐν
2919 417 3214 490 ἀφροσύνῃ,
3241 416 3376 484 ἀλλ’,
3411 437 3431 471 ι
3476 419 3556 486 Ὠς
3587 427 3635 477 ἐν

426 536 576 575 num.
611 519 727 575 Non
768 519 902 574 dixit
933 519 1221 581 autem,-lu
1247 519 1582 589 insipientia,
1614 518 1731 582 sed,
1762 533 1781 568 ι
1816 512 1984 569 Veluti

2103 511 2401 583 ἀφροσύνῃ.
2444 531 2462 564 ι
2497 513 2684 566 Ἐοικε
2713 511 2822 581 γάρ
2854 508 3136 583 ἀφροσύνῃ
3173 510 3206 581 ἡ
3238 509 3496 580 καύχησις
3525 529 3632 581 μου,

421 615 478 668 in
535 611 896 682 insipientia:
958 629 976 663 ›
1038 611 1253 665 videtur
1309 610 1452 664 enim
1503 607 1814 676 insipientia
1873 617 1984 660 esse

2103 605 2195 658 οὐκ
2223 605 2337 658 ἐστι
2385 603 2444 658 δὲ
2491 603 2727 675 ἀληθῶς.
2765 603 2884 656 Ἵνα
2930 602 2988 656 δὲ
3018 600 3092 673 μὴ
3122 602 3366 672 νομίσῃς.
3420 598 3495 654 ὅτι
3519 620 3636 655 παν-

421 704 673 774 gloriatio
699 719 816 760 mea
845 721 858 758 :
892 721 998 760 nou
1030 714 1112 760 est
1144 713 1321 759 autem
1348 718 1553 757 revera.
1581 699 1650 756 Ut
1675 709 1850 754 autem
1882 712 1984 754 non

2103 698 2262 768 ταχοῦ
2286 698 2344 751 ὲν
2363 696 2645 770 ἀφροσύνῃ
2666 696 2841 760 λαλεῖ,
2863 695 2957 749 καὶ
2983 695 3046 748 οὐ
3070 693 3208 747 κατά
3227 694 3451 764 Κύριον,
3473 695 3633 762 φησὶν,

421 797 700 851 existimes
744 795 887 866 quod
923 796 1119 867 ubique
1170 796 1220 851 in
1274 794 1579 864 insipientia
1630 792 1904 861 loquatur,
1939 796 1984 844 el

2103 792 2183 846 ὅτι
2200 789 2289 844 Ἐν
2316 789 2490 862 τούτῳ
2509 789 2588 860 τῷ
2613 791 2767 861 μέρει
2791 789 2891 858 τῆς
2927 788 3264 859 καυχήσεως,
3289 787 3388 839 οὐκ
3408 788 3462 840 ὲν
3481 787 3637 850 ἄλλοις

425 904 528 941 non
568 887 862 943 secundum
897 887 1204 952 Dominum,
1236 887 1328 951 ait,
1373 887 1429 941 In
1457 885 1556 940 hac
1587 893 1740 955 parte
1787 881 1987 954 gloria-

423 978 602 1040 tinnis,
641 994 744 1033 non
772 978 824 1034 in
855 978 1123 1048 aliquibus
1149 979 1289 1033 aliis.

492 1070 653 1125 Vens.
684 1070 770 1126 18.
809 1090 828 1123 ι
868 1070 1136 1137 Quoniam
1170 1071 1321 1126 multi
1355 1071 1650 1140 gloriantur
1691 1066 1985 1125 secundum

417 1173 659 1225 carnem,
705 1167 759 1214 et
803 1175 902 1230 ego
942 1160 1231 1230 gloriabor.
1267 1180 1284 1213 ι
1327 1161 1435 1216 llnc
1473 1174 1575 1225 est,
1632 1165 1696 1217 de
1723 1161 1988 1220 externis.

417 1255 484 1306 de
515 1255 733 1321 generis
755 1253 1060 1321 splendore,
1097 1256 1162 1308 de
1196 1255 1628 1319 circumcisione,
1667 1254 1732 1308 de
1768 1252 1988 1319 majori-

419 1345 518 1398 bus
575 1342 834 1399 Hebraeis.
889 1343 1000 1400 Hoc
1053 1345 1195 1400 enim
1245 1357 1323 1401 est
1374 1348 1517 1416 quod
1553 1363 1658 1400 non
1692 1344 1985 1400 secundum

423 1430 708 1486 Detninum
757 1433 1016 1502 loquitur,
1066 1451 1186 1491 cum
1218 1436 1288 1491 ub
1324 1437 1628 1506 linjusmodi
1686 1437 1984 1504 gloriatur:

419 1535 539 1589 quae
564 1521 704 1576 enim
740 1523 942 1579 utilitas
986 1525 1268 1580 llebrtcum
1305 1527 1465 1582 esse?
1509 1527 1628 1581 Non
1679 1527 1842 1596 igitur
1874 1536 1990 1579 tan-

421 1627 582 1681 quam
615 1613 872 1669 virtutem
922 1616 1035 1670 haec
1089 1633 1251 1686 pono,
1290 1634 1474 1673 verum
1533 1618 1814 1672 enimvero
1862 1619 1988 1686 quia

2092 884 2257 938 τισίν.

2143 1068 2188 1121 ἰ
2239 1067 2393 1122 Ἐπεὶ
2424 1065 2608 1120 πολλοὶ
2639 1063 2954 1136 καυχῶνται
2983 1059 3127 1114 κατὰ
3156 1058 3253 1130 τὴν
3288 1057 3480 1128 σάρκα,
3506 1058 3640 1125 κάγὼ

2094 1164 2463 1233 καυχήσομαι.
2513 1179 2532 1213 ι
2582 1159 2898 1221 Τουτέστιν,
2964 1153 3074 1208 ἀπὸ
3125 1153 3233 1206 τῶν
3285 1150 3498 1216 ἔξωθεν,
3549 1151 3640 1204 ἀπὸ

2091 1253 2393 1322 εὐγενείας,
2430 1251 2536 1306 ἀπὸ
2567 1251 2660 1304 τοῦ
2697 1247 3002 1320 περιτομὴν
3023 1246 3192 1316 ἔχειν,
3232 1245 3328 1298 καὶ
3367 1243 3640 1314 προγόνους

2104 1344 2411 1416 ⁹Εϐραίους.
2445 1343 2617 1397 Τοῦτο
2650 1340 2758 1410 γάρ
2789 1341 2955 1403 ἐστιν,
2977 1340 3141 1406 ὅπερ(
3173 1337 3234 1388 οὐ
3255 1334 3392 1387 κατὰ
3421 1335 3634 1403 Κύριον»

2091 1437 2265 1502 λαλεῖ,
2307 1439 2368 1490 τὸ
2408 1434 2719 1506 καυχᾶσθαι
2760 1433 2854 1484 ἐπὶ
2891 1429 3186 1492 τοιούτοις·
3237 1427 3292 1480 τί
3341 1427 3444 1495 γὰρ
3477 1425 3640 1494 ὄφελος

2113 1529 2382 1600 Ἐϐραίων
2427 1523 2603 1592 sint;
2654 1525 2729 1577 Οὐ
2763 1522 2941 1576 τοίνυν
2995 1521 3070 1584 ὡς
3100 1518 3305 1589 ἀρετὴν
3353 1515 3519 1569 ταῦτα
3566 1518 3638 1569 τί-

2099 1623 2257 1692 θημι,
2293 1619 2411 1674 ἀλλ’
2443 1618 2629 1686 ἐπειδὴ
2665 1618 2882 1680 ἐκεῖνοι,
2913 1612 3069 1683 φησὶ,
3099 1608 3412 1679 καυχῶνται
3447 1610 3499 1660 ὲν
3537 1607 3641 1660 τού-

423 1704 495 1757 illi
529 1704 581 1759 in
621 1706 927 1776 ltujusmodi
962 1724 1018 1764 se
1041 1709 1271 1779 jactaut,
1321 1712 1444 1766 inde
1475 1722 1528 1766 et
1565 1727 1663 1781 ego
1704 1725 1984 1780 emupara-

2103 1733 2231 1779 τοις,
2281 1711 2437 1782 κάγὼ
2484 1711 2583 1781 τὴν
2637 1709 2930 1780 σύγκρισιν
2974 1701 3366 1774 ἀναγκάζομαι
3416 1699 3640 1754 ἐντεῦθεν

424 1797 623 1851 tionem
657 1797 836 1855 facere
865 1815 1047 1872 cogor.

489 1885 820 1958 305VERS.
842 1888 924 1942 19.
956 1909 973 1942 ι
1003 1889 1257 1946 Libt'ntcr
1277 1893 1417 1961 enim
1438 1895 1712 1949 Sustinetis
1741 1895 1994 1963 insipien-

422 1986 522 2038 tes,
543 1992 664 2030 cum
685 1977 802 2032 sitis
821 1979 918 2048 ipsi
939 1979 1230 2049 sapientes.
1267 2001 1286 2035 ι
1311 1981 1439 2048 Vos,
1476 1983 1673 2053 inquit,
1694 1985 1882 2055 cogitis
1906 1999 1992 2041 me

421 2069 546 2122 talia
583 2070 764 2129 dicere
798 2072 960 2139 :!nisi
1013 2075 1154 2128 enim
1193 2086 1246 2149 et
1285 2091 1377 2131 vos
1413 2077 1794 2146 suscepissetis
1845 2078 1988 2144 illos,

419 2170 474 2213 ct
527 2175 590 2216 ex
645 2163 746 2216 hoc
781 2163 1014 2218 viderem
1071 2181 1165 2220 ros
1206 2167 1344 2234 lmdi,
1397 2168 1502 2223 huc
1541 2184 1639 2238 ego
1701 2184 1832 2224 sane
1882 2184 1988 2224 non

420 2268 592 2309 essent
649 2270 986 2325 progressus.
1050 2257 1384 2327 lnsipientes
1439 2271 1616 2316 autem
1675 2269 1832 2317 vocat
1871 2277 1986 2327 eos,

420 2347 512 2416 qui
554 2358 777 2417 pmpter
815 2349 1058 2403 carnalia
1095 2351 1418 2421 gloriantur.
1455 2352 1512 2408 Si
1552 2353 1696 2407 enim
1740 2354 1805 2407 de
1829 2353 1986 2423 spiri-

421 2437 651 2493 tualibus
679 2439 922 2511 gloriari,
955 2442 1195 2496 stultitiae
1225 2444 1436 2512 signum
1468 2463 1481 2499 :
1537 2454 1740 2514 quanto
1795 2445 1988 2513 magis,

418 2530 484 2585 de
513 2531 671 2586 rebus
708 2547 826 2602 qua:
863 2534 1084 2589 omnino
1121 2549 1228 2594 non
1283 2533 1620 2601 suntiQuod
1675 2544 1853 2589 autem
1891 2536 1985 2599 ait,

422 2641 441 2672 ε
482 2623 802 2692 lnsipientes
834 2639 956 2679 cum
982 2625 1130 2690 sitis,
1171 2644 1190 2676 ι
1227 2625 1520 2695 jucundum
1569 2642 1698 2681 sane
1753 2625 1987 2692 videtur,

417 2721 787 2766 verumtamen
812 2714 1212 2769 accusationem
1242 2715 1694 2771 vehementiorem
1715 2716 1984 2771 continet:

418 2802 680 2870 Quoniam
707 2805 959 2870 scientes,
988 2806 1184 2874 inquit,
1214 2807 1471 2876 peccatis.
1502 2804 1636 2861 Nam
1660 2806 1705 2862 si
1727 2805 1988 2877 insipien-

417 2905 500 2952 tes
527 2896 742 2960 essetis,
764 2897 919 2952 venia
943 2898 1110 2954 eratis
1139 2897 1304 2968 digni.

493 2985 656 3045 Vnus.
685 2987 778 3044 20.
819 3005 840 3041 ι
879 2988 1170 3045 Sustinetis
1200 2989 1344 3045 enim
1391 2989 1436 3046 si
1467 2991 1590 3060 quis
1616 3004 1708 3046 vos
1729 2990 1780 3044 in
1817 2989 1987 3046 servi-

2094 1807 2392 1862 ποιεῖσθαι.

2169 1918 2187 1950 ι
2234 1899 2438 1962 Ἡδέως
2489 1896 2598 1968 γὰρ
2629 1893 2888 1965 ἀνέχεσθε
2931 1892 3040 1946 τῶν
3089 1889 3369 1959 ἀφρόνων,
3412 1887 3639 1959 φρόνιμοι

2091 1987 2264 2052 ὄντες.
2333 2005 2354 2039 ι
2412 1985 2624 2056 Ὑμεῖς,
2695 1985 2882 2054 φησιν,
2941 1978 3282 2048 ἀναγκάζετέ
3330 1996 3396 2048 με
3444 1977 3640 2030 τοιαῦτα

2092 2079 2294 2148 λέγειν’
2324 2079 2374 2131 εί
2406 2077 2480 2149 μὴ
2521 2076 2632 2147 γὰρ
2673 2075 2767 2129 καὶ
2797 2075 2955 2144 ὑμεῖς
2995 2071 3249 2143 ὲδέχεσθε
3275 2070 3530 2136 ἐκείνους,
3560 2069 3640 2124 καὶ

2089 2176 2156 2231 ὲκ
2201 2174 2393 2229 τούτου
2427 2173 2616 2243 ἑώρων
2658 2169 3228 2242 παραϐλαπτομένους
3271 2169 3437 2238 ὑμᾶς,
3472 2166 3563 2219 οὐκ
3586 2165 3641 2220 ἂν

2092 2270 2214 2325 οὐδὲ
2244 2267 2355 2338 ἐγὼ
2391 2267 2483 2320 ἐπὶ
2512 2265 2675 2320 τοῦτο
2703 2261 2890 2336 ἦλθον.
2934 2265 3216 2334 Ἀφρονας
3247 2262 3304 2316 δὲ
3337 2262 3505 2327 καλεῖ,
3533 2259 3640 2320 τοὺς

2091 2361 2187 2416 ἐπὶ
2216 2361 2328 2423 τοῖς
2357 2358 2644 2430 σαρκικοῖς
2679 2352 3086 2424 καυχωμένους.
3123 2355 3188 2406 Ei
3220 2353 3334 2421 γὰρ
3365 2351 3456 2405 καὶ
3487 2351 3541 2404 τὸ
3563 2351 3640 2403 ἐπὶ

2090 2453 2484 2522 πνευματικοῖς
2530 2448 2859 2519 καυχᾶσθαι,
2913 2447 3148 2519 μωρίας·
3182 2447 3340 2516 πόσῳ
3373 2444 3562 2515 μᾶλλον
3592 2444 3640 2498 τὺ

2097 2540 2192 2593 ἐπὶ
2221 2541 2332 2602 τοῖς
2365 2539 2439 2609 μὴ
2462 2537 2613 2592 οὖσιν
2641 2538 2816 2605 ὃλως;
2849 2537 2921 2589 Τὸ
2955 2536 3035 2602 δὲ,
3074 2555 3092 2586 ι
3137 2536 3405 2604 Φρόνιμοι
3434 2535 3588 2598 ὄντες,
3619 2552 3636 2585 ι

2095 2631 2245 2686 δοκεῖ
2280 2632 2378 2702 μὲν
2416 2631 2602 2703 ἱλαρὸν
2634 2625 2794 2695 εἶναι,
2830 2629 2968 2700 πλὴν
3017 2629 3217 2700 μᾶλλον
3280 2627 3520 2682 ἐπίτασιν
3546 2627 3639 2695 ἔχει

2087 2724 2450 2796 κατηγορίας,
2468 2723 2550 2777 ὅτι
2595 2723 2682 2776 Ἐν
2711 2721 2931 2789 γνώσει,
2960 2721 3146 2791 φησὶν,
3187 2719 3551 2790 ἁμαρτάνετε.
3583 2717 3635 2770 El
3702 2775 3710 2782 ,

2087 2817 2198 2890 γὰρ
2217 2817 2436 2888 ἀνόητοι
2462 2811 2582 2888 ἦτε,
2613 2813 2944 2885 συγγνώμης
2974 2812 3041 2868 ἂν
3070 2807 3170 2883 ἦτε
3202 2811 3374 2877 ἄξιοι.

2166 3016 2186 3050 ι
2227 2995 2515 3068 ’Δνέχεσθε
2548 2994 2678 3065 γὰρ,
2709 2993 2842 3056 εῐτις
2897 2993 3041 3063 ὑμᾶς
3077 2991 3424 3046 καταδουλοῖ.
3463 3009 3481 3044 ι
3513 2990 3634 3060 Ὀρα

416 3084 584 3134 intem
615 3078 826 3148 redigit.
865 3095 884 3132 ι
916 3077 1157 3136 Observa
1201 3089 1456 3150 quantam
1488 3079 1838 3136 servilitatem
1875 3081 1984 3137 Co-

2103 3091 2263 3163 ιοόσην
2287 3087 2719 3160 δουλοπρέπειαν
2747 3087 3048 3156 κατηγορεῖ
3071 3084 3182 3137 τῶν
3210 3083 3530 3154 Κορινθίων,
3562 3082 3638 3134 καὶ

415 3167 741 3225 t-intltiorum
769 3181 1010 3236 accuset,
1063 3177 1117 3225 et
1145 3169 1286 3242 quod
1317 3183 1477 3240 supra
1507 3173 1722 3226 modum
1755 3171 1986 3242 pseuda-

417 3259 643 3328 postolis
677 3275 736 3316 se
771 3262 1156 3317 submiserant.

493 3372 512 3404 ‹
547 3350 603 3408 Si
645 3355 766 3424 quis
789 3353 1034 3419 devorat,
1068 3356 1110 3410 si
1144 3354 1265 3424 quis
1307 3355 1522 3426 accipit.
1569 3373 1587 3407 ι
1629 3353 1813 3411 Viden‘
1843 3354 1985 3426 quod

415 3444 618 3500 iudicet
667 3459 761 3501 eos
809 3447 1078 3517 accipere,
1113 3447 1276 3517 idque
1307 3461 1428 3501 cum
1464 3446 1982 3519 ltyperbolc?Nam,

419 3553 440 3587 ι
477 3534 728 3604 Devorat,
774 3554 793 3590 ι
829 3536 927 3591 hoc.
974 3536 1266 3608 significat.
1307 3537 1493 3608 Itaque
1540 3547 1592 3592 et
1637 3537 1778 3608 quod
1819 3552 1985 3607 supra

413 3629 572 3693 dixit,
622 3647 641 3680 ι
684 3625 754 3684 Ut
784 3629 836 3684 in
892 3645 1000 3700 quo
1052 3629 1375 3700 gloriantur,
1421 3649 1440 3683 ι
1477 3630 1613 3686 bene
1644 3630 1803 3684 dixit.
1851 3627 1984 3684 Glo-

411 3719 698 3774 iiationem
749 3719 893 3774 enim
929 3719 1120 3785 solam,
1193 3735 1300 3776 non
1349 3720 1634 3776 veritatem
1689 3718 1981 3786 habebant,

410 3810 734 3866 simulantes
759 3825 818 3866 se
849 3825 956 3866 non
987 3811 1256 3881 accipere.

486 3920 507 3955 ι
540 3903 596 3958 Si
627 3903 748 3972 quis
775 3903 1074 3959 extollitur.
1115 3922 1135 3956 ι
1169 3903 1283 3959 Hoc
1308 3915 1412 3968 est,
1445 3905 1488 3960 si
1518 3905 1711 3976 quisin
1745 3913 1982 3975 potesta-

410 4004 520 4049 tem
585 4010 735 4049 suam
779 4011 874 4050 vos
924 3981 1139 4067 redigit,
1200 4006 1255 4052 et
1305 4007 1494 4052 contra
1553 4014 1648 4053 vos
1700 3998 1979 4054 attollitur.

407 4087 598 4156 Neque
645 4086 789 4140 enim
847 4087 1003 4143 mites
1063 4087 1263 4142 domini
1321 4097 1466 4155 sunt,
1517 4090 1609 4145 sed
1655 4091 1872 4147 onerosi
1928 4101 1984 4147 et

411 4179 644 4235 molesti.

490 4290 511 4326 ι
542 4272 599 4327 Si
633 4272 756 4344 quis
781 4288 878 4329 vos
903 4273 954 4328 in
1002 4273 1194 4328 faciem
1223 4273 1400 4340 caedit,
1429 4274 1572 4344 iusta
1599 4275 1979 4331 contumeliam

413 4365 622 4434 loquor.
658 4381 677 4415 ι
705 4360 899 4418 Vidisti
941 4363 1207 4420 intensam
1231 4374 1286 4420 et
1325 4365 1697 4421 vehementem
1729 4366 1978 4437 iniuriam

412 4464 576 4527 atque
607 4457 970 4527 arrogantiam
1003 4476 1017 4514 :
1058 4458 1190 4529 ipsis
1221 4458 1363 4514 enim
1409 4467 1662 4529 tanquam
1695 4459 1984 4530 mancipiis

414 4547 722 4602 utebantur.
761 4547 887 4604 llaec
931 4559 1110 4604 autem
1149 4550 1299 4617 dicit,
1354 4564 1460 4605 non
1496 4550 1638 4620 quod
1681 4553 1733 4605 in
1787 4551 1982 4608 faciem

407 4637 850 4704 verberarentur,
896 4653 1080 4694 verum
1119 4642 1262 4711 quod
1299 4657 1403 4697 non
1434 4643 1642 4698 minora
1667 4653 1986 4714 paterentur

410 4727 481 4782 iis
507 4727 598 4796 qui
630 4727 683 4782 in
716 4728 909 4784 faciem
946 4731 1261 4789 ferirentur.
1293 4732 1374 4789 Ad
1414 4736 1799 4792 contumeliam
1834 4736 1978 4793 enim

407 4834 596 4876 eorum
646 4823 748 4877 Itoc
805 4824 961 4880 dixit.
1011 4824 1223 4880 Etenim
1285 4828 1413 4896 quid
1473 4827 1578 4885 hoc
1607 4831 1817 4896 turpius
1859 4843 1982 4886 esse

410 4922 595 4986 queat,
627 4917 845 4986 quando
872 4929 928 4973 et
952 4919 1210 4989 pecunias
1235 4935 1427 4992 resque
1463 4921 1700 4991 illorum,
1729 4934 1784 4979 et
1821 4925 1986 4980 liber-

410 5016 601 5074 talem,
639 5021 694 5065 et
751 5011 1010 5067 honorem
1065 5012 1406 5080 auferentes,
1466 5023 1720 5086 tanquam
1794 5031 1984 5073 servos

407 5093 528 5156 tiles
561 5101 947 5159 tractaverint?

476 5191 763 5252 “£115.21.
799 5215 819 5249 ι
869 5195 1150 5268 Tanquam
1221 5214 1320 5254 nos
1371 5199 1570 5255 infirmi
1626 5200 1908 5257 fuerimus.
1955 5220 1975 5254 ι

404 5285 569 5356 (Zujus
605 5288 680 5343 rei
753 5289 948 5358 gratia,
1023 5290 1225 5362 inquit,
1293 5291 1440 5362 ipsos
1491 5292 1806 5347 sustinetis?
1840 5291 1976 5348 Num

403 5379 528 5446 quia
563 5395 662 5435 nos
692 5381 892 5436 infirmi
925 5399 1134 5450 sumus,
1163 5399 1261 5439 nec
1300 5398 1587 5452 possumus
1609 5385 1796 5441 eodem
1820 5386 1978 5440 modo

405 5472 682 5529 vrbiscum
720 5467 1050 5546 ager'e?N‘on
1105 5477 1181 5532 ita
1214 5491 1273 5532 se
1307 5491 1394 5532 res
1429 5476 1609 5532 liabet.
1663 5475 1774 5532 Nos
1791 5459 1975 5547 -enim,

2086 3187 2162 3251 ὡς
2207 3184 2328 3257 μεθ’
2381 3181 2689 3256 ὑπερϐολῆς
2734 3179 3092 3258 ὑπεκέκλιντο
3134 3181 3248 3243 τοῖς
3298 3175 3637 3249 ψευδαποστό-

2087 3278 2222 3342 λοις.
2892 3333 2895 3335 ,

2161 3387 2182 3422 ι
2249 3367 2398 3432 Εῐτις
2443 3363 2742 3430 κατεσθίει,
2783 3364 2920 3428 εῖτις
2961 3362 3255 3435 λαμϐάνει.
3295 3381 3314 3415 ι
3371 3362 3526 3431 Ὀρᾷς
3567 3360 3634 3411 ὄτι

2087 3462 2365 3516 δείκνυσιν
2394 3459 2592 3523 αὐτοὺς
2624 3457 3024 3530 λαμϐάνοντας,
3056 3459 3148 3511 καὶ
3172 3455 3296 3528 μεθ’
3322 3453 3632 3524 ὑπερϐολῆς

2087 3555 2163 3611 Τὸ
2193 3554 2327 3625 γὰρ,
2369 3571 2388 3603 ι
2426 3551 2740 3618 Κατεσθίει,
2769 3571 2788 3604 ι
2809 3550 2964 3605 τοῦτο
2995 3550 3168 3620 δηλοῖ.
3201 3549 3368 3602 Ὥστε
3397 3547 3488 3600 καὶ
3519 3547 3634 3613 ὅπερ

2087 3643 2343 3712 ἀνωτέρω
2361 3641 2566 3711 ἔλεγεν,
2592 3660 2612 3695 ι
2634 3640 2752 3696 Ἰνα
2779 3642 2837 3696 ὲν
2853 3634 2898 3710 ᾧ
2919 3639 3253 3710 καυχῶνται,
3281 3659 3299 3692 ι
3317 3638 3488 3700 καλῶς
3513 3633 3630 3689 εἷπε.

2088 3736 2366 3808 Καὺχημα
2401 3736 2561 3807 μόνον
2605 3734 2738 3806 γὰρ,
2779 3735 2879 3788 οὐκ
2913 3734 3175 3806 ἀλήθειαν
3222 3727 3390 3804 εἶχον,
3432 3732 3632 3800 ὑποκρι-

2088 3829 2304 3898 νόμενοι
2336 3826 2411 3899 μὴ
2437 3826 2758 3898 λαμϐάνειν.

2165 3943 2184 3976 ι
2222 3923 2369 3988 Eiet;
2425 3924 2732 3996 ἐπαίρεται.
2787 3944 2806 3976 ι
2853 3922 3167 3985 Τουτέστιν,
3223 3923 3359 3983 εἴτις
3403 3917 3632 3981 κατεξου-

2087 4014 2265 4078 σιάζει
2292 4012 2470 4086 ὑμῶν,
2515 4015 2610 4067 καὶ
2641 4013 3056 4083 κατεπαίρεταισ
3084 4011 3208 4064 οὐδὲ
3244 4011 3354 4082 γὰρ
3382 4011 3566 4081 ἥμεροι
3591 4006 3630 4056 οἱ

2084 4105 2364 4174 δεσπόται,
2403 4105 2540 4166 ἀλλά
2573 4106 2822 4178 φορτικοὶ
2848 4105 2941 4160 καὶ
2971 4102 3251 4175 ἐπαχθεῖς.

2166 4308 2185 4341 ι
2222 4286 2372 4350 Εῖτις
2398 4287 2544 4358 ὑμᾶς
2589 4286 2670 4348 είς
2711 4283 3003 4356 πρόσωπον
3049 4281 3218 4352 δέρει,
3257 4278 3400 4334 κατά
3436 4275 3632 4347 ἀτιμίαν

2088 4380 2254 4450 λέγω.
2295 4399 2313 4432 ι
2345 4373 2500 4443 Εἶδες
2546 4377 2798 4432 ἐπίτασιν
2847 4375 3072 4446 ἀτιμίας
3088 4373 3133 4405 ⁸⁸
3175 4373 3272 4426 καὶ¹
3303 4370 3538 4443 ὕϐρεωςς
3571 4366 3630 4427 ὡς

2089 4472 2445 4544 ἀνδραπόδοις
2479 4471 2590 4542 γὰρ
2643 4471 2828 4534 αὐτοῖς
2869 4467 3128 4539 ἐχρῶντο.
3161 4465 3352 4520 Ταῦτα
3401 4464 3455 4516 δὲ
3484 4462 3628 4528 λέγει,

2089 4566 2187 4637 οὐχ
2219 4566 2301 4618 ὅτι
2325 4567 2404 4626 είς
2431 4562 2555 4633 ὄψιν
2589 4562 2906 4624 ιτύπτοντο,
2935 4557 3051 4612 ἀλλ’
3080 4559 3161 4611 ὅτι
3191 4556 3300 4610 τῶν
3359 4556 3438 4618 είς
3482 4549 3628 4621 πρόσ-

2089 4655 2604 4728 ωποντυπτομένων
2628 4655 2728 4710 οὐκ
2746 4652 3024 4708 ἔλαττον⁸¹
3045 4651 3283 4722 ἔπασχον
3300 4664 3316 4680 ⁸
3338 4647 3471 4719 πρδς
3494 4643 3628 4712 ὓϐριν

2089 4751 2198 4823 γὰρ
2228 4751 2410 4806 αὐτῶν
2440 4746 2562 4804 εἷπε
2579 4749 2648 4782 ⁸⁸⁶
2680 4748 2860 4802 τοῦτο.
2884 4747 2995 4801 Καὶ⁹
3033 4744 3144 4816 γάρ
3163 4745 3215 4797 τί
3249 4740 3436 4797 τούτου
3461 4730 3634 4823 γένοιτ’

2089 4821 2564 4912 ἀνήαίσχρότερον,
2598 4841 2729 4894 ὅταν
2758 4839 2852 4892 καὶ
2881 4838 2948 4891 τὰ
2974 4836 3233 4906 χρήματα
3269 4829 3446 4887 αὐτῶν
3468 4827 3528 4892 θ’,
3554 4821 3628 4875 καὶ

2087 4934 2186 5004 τὴν
2215 4931 2548 5004 ἐλευθερίαν,
2574 4931 2671 4985 καὶ
2717 4928 2817 5001 τὴν
2854 4928 3026 5000 τιμὴν
3059 4925 3408 4996 ἀφελόμενοι,
3436 4919 3505 4983 ὼς
3528 4913 3627 4970 δού-

2087 5022 2200 5088 λοις
2227 5023 2412 5088 αὐτοῖς
2431 5023 2481 5056 ⁸³
2503 5021 2797 5094 κέχρηνται
2819 5038 2834 5088 ;

2159 5221 2178 5254 ι
2225 5203 2312 5267 Ὠς
2341 5203 2424 5256 ὅτι
2459 5203 2622 5274 ἡμεῖς
2679 5201 3083 5273 ἠσθενήσαμεν.
3116 5219 3136 5253 ι
3172 5197 3328 5261 Τίνος
3361 5195 3415 5248 δὲ
3441 5193 3623 5249 ἕνεκεν.

2082 5295 2268 5364 φησιν,
2301 5292 2482 5350 αὐτῶν
2511 5293 2769 5364 ἀνέχεσθε
2793 5309 2809 5358 ;
2857 5291 2947 5356 Ὠς
2976 5290 3042 5346 ἂν
3080 5290 3236 5362 ήμῶν
3262 5282 3620 5343 ἀσθενούντων,

2083 5387 2180 5441 καὶ
2210 5386 2284 5458 μὴ
2315 5387 2632 5458 δυναμένων
2673 5384 2818 5440 οὕτω
2866 5384 3170 5456 κεχρῆσθαι
3196 5383 3356 5454 ὕμῖνς
3381 5380 3508 5447 ὅπερ
3532 5371 3620 5425 οὐκ

2081 5481 2220 5536 ἔστι.
2258 5479 2370 5534 Καὶ
2419 5480 2579 5552 ἡμεῖς
2627 5478 2737 5550 γάρ
2776 5476 3052 5549 δυνάμεθα
3090 5476 3259 5540 οὕτως
3319 5459 3616 5544 ὑϐριστικῶς

1710 5617 1912 5681 Variae
1932 5617 2264 5682 lectiones.

476 5741 522 5775 ίιο
554 5743 812 5806 ἀπονοίας
839 5760 890 5797 o.
968 5746 1007 5777 δ’
1050 5745 1307 5800 ἐλάττονα
1351 5746 1587 5817 πάσχετε
1617 5760 1669 5801 0.
1746 5745 1814 5779 ⁸⁸⁶
1846 5745 2000 5816 ὑμῶν
2029 5741 2181 5800 εἷπον
2304 5761 2359 5801 ο.
2393 5790 2398 5794 .

2466 5741 2511 5774 ⁸³
2562 5742 2788 5813 ὑμῶνο.
2869 5742 2918 5774 ⁸³
2942 5741 3069 5812 ὑμῖν
3127 5756 3181 5796 ο.
