3898 6572
191 369 284 437 921

947 369 1355 434 EXPOSITIO
1395 374 1475 434 IN
1505 374 1743 436 EPIST.
1785 375 1847 436 II
1882 377 1983 436 AD
2019 375 2186 438 COR.
2219 403 2290 416 —
2325 377 2485 441 CAP.
2526 377 2632 439 XI.

3309 375 3424 441 922

194 484 309 550 ύμῖν
359 479 751 549 ἐμπεριπατεῖν
777 492 792 507 ⁸
840 477 955 531 ἀλλ’
1010 480 1070 532 οὐ
1141 481 1444 552 βουλόμεθα
1498 481 1735 545 πάντως.

1847 483 2046 551 inquit,
2077 499 2362 553 possumus
2395 487 2530 540 adeo
2579 482 2969 539 contumeliose
2996 497 3092 538 vos
3147 481 3424 540 invadere.

196 575 366 628 Πᾶσαν
423 565 514 623 οῦν
548 570 648 639 τὴν
703 569 883 623 αἰτίαν
937 570 1040 640 τῆς
1093 573 1318 626 ἐκείνων
1361 575 1644 637 ἀπονοίας,
1675 577 1741 645 τῇ

191 663 376 717 τούτων
401 659 796 732 δουλοπρεπείᾳ
848 661 1190 729 ἀνατίθησιν.
1251 663 1437 733 Ὑμεῖς
1472 664 1581 734 γὰρ
1621 663 1743 717 δου-

191 753 528 825 λικώτερον⁶⁸
559 755 742 818 αὐτοῖς
772 753 1210 825 ὑποκλινόμενοι,
1243 759 1335 808 καὶ
1378 757 1609 819 ἐκείνοις
1638 756 1741 826 τῆς

191 856 380 924 ῦσρεως
402 849 564 906 αἴτιοί
588 852 732 917 ὲστε,
775 853 870 905 καὶ
913 853 1046 923 ἡμῖν
1080 851 1190 905 τῶν
1221 851 1510 923 παρόντων
1529 851 1733 906 λόγων.

254 1052 270 1084 ι
315 1032 400 1084 Ἐν
420 1024 464 1099 ᾧ
491 1031 538 1084 δ’
565 1032 630 1086 ἄν
654 1048 740 1096 τις
759 1030 934 1102 τολμᾷ
958 1031 1038 1103 (ὲν
1067 1029 1350 1104 ἀφροσύνῃ
1373 1029 1539 1099 λέγω)
1561 1027 1745 1100 τολμῶ

189 1123 342 1194 κάγώ.
375 1142 394 1175 ι
421 1123 565 1194 Ὅρα
591 1122 755 1177 πάλιν
784 1121 946 1177 αὐτὸν
968 1123 1176 1194 τόλμαν
1198 1123 1293 1177 καὶ
1327 1121 1640 1191 ἀφροσύνην
1685 1121 1745 1174 τὺ

189 1221 397 1292 πρᾶγμα
427 1216 716 1281 καλοῦντα,
759 1217 855 1270 καὶ⁸
887 1216 1166 1286 μονονουχὶ
1195 1214 1451 1283 λέγοντα.
1515 1213 1616 1285 Βία
1650 1213 1744 1265 ἰπὶ

187 1309 326 1364 τοῦτο
357 1307 606 1379 ἔρχομαι.
630 1307 822 1361 Καίτοι
850 1308 1022 1371 πόσας
1044 1306 1469 1379 προδιορθιῖηεις
1502 1321 1746 1375 προκατ-

189 1401 441 1462 εσάλλετο,
485 1401 580 1452 καὶ
621 1399 787 1463 ἄλλας
834 1400 940 1470 πρὸ
968 1400 1210 1467 τυύτων;
1263 1398 1448 1452 Ταῦτα
1487 1397 1543 1450 δὲ
1600 1399 1746 1451 ποιεῖ

185 1492 433 1546 παιδεύων
468 1492 564 1544 καὶ
590 1493 759 1562 ἡμᾶς,
788 1492 1033 1561 ἀνάγκης
1069 1492 1239 1562 χωρὶς
1272 1490 1347 1560 μὴ
1381 1488 1636 1561 ἔρχεσθαι
1662 1490 1742 1552 είς

184 1583 430 1646 τοιούτους
451 1583 668 1652 λόγους.
687 1586 855 1645 Φησὶν
879 1584 992 1648 οὖν,
1019 1585 1100 1638 ὅτι
1121 1604 1138 1636 ι
1163 1584 1248 1637 Ἐν
1265 1577 1385 1650 ᾧᾶν
1410 1602 1428 1636 ι
1454 1583 1740 1651 πράγματι

188 1698 205 1732 ι
230 1678 388 1748 τολμᾷ
412 1695 496 1741 τις
523 1680 854 1749 καυχᾶσθαι,
886 1698 906 1731 ι
932 1677 1114 1748 τολμῶ
1145 1675 1298 1744 κάγώ
1325 1693 1337 1707 ·
1379 1694 1398 1728 ι
1433 1675 1606 1728 ταῦτα
1623 1675 1732 1742 γάρ

183 1771 356 1836 ἔξωθεν
384 1770 884 1825 συνυπακουστέον.
916 1765 1052 1823 Εἶτα
1080 1768 1371 1836 καταλέγει
1415 1767 1485 1820 τὰ
1537 1765 1624 1835 ἐφ’
1654 1759 1736 1828 οἷς

181 1862 483 1933 καυχῶνται.

1763 1845 1807 1900 Β

245 2062 262 2095 t
306 2041 542 2112 Ἐϐραῖοί
571 2041 712 2109 sict;
748 2038 904 2109 κάγώ
935 2055 950 2070 ο
997 2035 1328 2109 ’ῐσραηλῖταί
1357 2036 1497 2103 είσί;
1529 2034 1686 2104 κάγώ
1709 2052 1726 2067 ο

183 2136 384 2204 Σπέρμα
419 2135 674 2206 Ἀϐραάμ
701 2135 845 2202 εἰσι;
881 2132 1055 2201 κάγώ.
1097 2151 1117 2184 ι
1169 2132 1385 2200 Ἐπειδὴ
1418 2131 1478 2183 οὐ
1527 2130 1730 2194 πάντες

181 2230 224 2281 ol
261 2228 494 2300 Ἐὃραῖοι
532 2228 866 2299 Ἰσραηλῖται
897 2223 1055 2298 ἦσαν’
1083 2226 1306 2296 καὶγὰρ
1325 2223 1611 2279 Μωαϐῖται
1635 2222 1731 2277 καὶ⁹

195 2323 525 2392 Ἀμμανῖται,
585 2321 704 2391 ἅμα
748 2320 1030 2390 Ἐϐραίους
1073 2319 1298 2381 ἑαυτοὺς
1351 2317 1569 2372 ἐποίουν
1598 2331 1613 2345 ·
1645 2315 1732 2370 διά

184 2413 316 2465 τοῦτο
346 2413 688 2483 ἐκκαθαίρων
713 2411 810 2480 τὴν
833 2410 1109 2476 εὐγένειαν
1127 2411 1193 2474 ⁸⁸,
1217 2409 1464 2478 ἐπήγαγε
1483 2425 1497 2440 ο
1524 2427 1542 2460 ι
1563 2407 1735 2478 Σπέρ-

188 2522 250 2574 μα
297 2505 705 2576 Ἀὁραάμείσι;
738 2505 920 2574 κάγώ·
957 2523 976 2556 ›
1011 2503 1101 2556 τὸν
1138 2503 1322 2556 Ἰσαὰκ
1338 2501 1535 2572 δηλῶν.

245 2615 264 2650 ι
315 2597 556 2652 Διάκονοι
617 2597 857 2668 Χριστοῦ
917 2599 1022 2650 είσι
1077 2595 1468 2667 (παραφρονῶν
1524 2593 1730 2665 λαλῶ);

186 2686 306 2757 ὑπὲρ
332 2689 456 2756 ἐγώ.
499 2707 518 2741 ι
545 2687 684 2740 Φασί
704 2704 870 2753 τινες,
895 2688 978 2740 ὅτι
1013 2687 1113 2740 οὐκ
1134 2687 1242 2740 ἔδει
1273 2686 1412 2740 κατά
1441 2685 1733 2756 σύγκρισιν

185 2777 459 2847 ἐξενεγκεῖν
493 2779 586 2832 τὸν
615 2778 794 2847 λόγον,
831 2777 970 2832 ἀλλά
1001 2778 1348 2831 παντάπασιν
1385 2776 1730 2846 ἀρνήσασθαι

183 2869 232 2922 τὸ
262 2864 387 2924 εἶναι
419 2869 709 2933 διακόνους
742 2870 1006 2939 Χριστοῦ.
1059 2869 1170 2922 Καὶ⁵
1196 2869 1428 2939 λέγομεν
1455 2870 1538 2921 ὅτι
1567 2867 1726 2922 τοῦτο

188 2963 272 3031 μιᾷ
298 2963 450 3030 ῥήσει
477 2962 774 3032 ἐδήλωσεν,
804 2961 976 3014 εἰπὼν
1009 2962 1207 3024 αὐτοὺς
1235 2961 1730 3032 ψευδαποστόλους.

185 3051 282 3106 Νῦν
307 3055 360 3107 δὲ
389 3055 530 3108 κατά
579 3054 875 3126 σύγκρισιν
919 3052 1010 3107 τὸν
1052 3053 1212 3121 λόγον
1247 3050 1526 3106 ποιεῖσθαι
1557 3051 1732 3120 ἀρξά-

187 3161 344 3214 μενος,
369 3147 465 3217 τὴν
489 3147 583 3201 διὰ
606 3147 718 3200 τῶν
743 3147 1091 3218 πραγμάτων
1120 3144 1398 3210 ἀπόδειξιν
1429 3143 1641 3211 εἰσάγει
1661 3142 1730 3208 ⁸⁸,

185 3238 266 3290 καὶ
292 3239 464 3293 δίδωσι
511 3243 658 3294 νοεῖν
691 3239 768 3310 τῷ
797 3240 1067 3309 ἀκροατῇ,
1097 3239 1179 3291 ὅτι
1229 3238 1394 3300 αὐτὸς
1424 3235 1523 3306 μέν
1559 3237 1728 3299 ἐστιν,

185 3330 538 3398 ἑκεῖνοιδὲφῦ.
569 3333 742 3402 Φησὶν
769 3328 886 3396 οὖν,
907 3333 988 3384 ότι
1012 3329 1076 3383 Εἰ
1105 3329 1201 3384 καὶ
1229 3329 1468 3382 διάκονοι
1496 3327 1733 3398 Χριστοῦ

186 3426 482 3486 εἰσιν,·ἀλλά
512 3428 610 3480 καὶ
635 3424 810 3488 οὔτως
839 3424 978 3494 ὑπὲρ
1027 3423 1226 3486 αὐτοὺς
1254 3421 1386 3491 ἐγώ.
1420 3420 1531 3476 Καὶ
1563 3420 1731 3474 πάλιν

185 3517 585 3589 παραφροσύνην
643 3517 798 3571 καλεῖ
842 3515 905 3569 τὸ
951 3516 1208 3587 πρᾶγμα,
1251 3514 1341 3569 διὰ
1373 3514 1436 3568 τὸ
1495 3511 1734 3582 πέλαγος

187 3605 270 3676 τῆς
299 3607 795 3680 ταπεινοφροσύνης
823 3605 1012 3660 αὑτοῦ.

247 3805 266 3840 ι
305 3787 390 3844 Ἐν
413 3790 603 3852 κόποις
631 3787 1058 3860 περισσοτέρως,
1086 3787 1159 3857 ζὲν
1189 3787 1430 3858 πληγαῖς
1460 3783 1733 3855 ὑπερϐαλ-

184 3879 379 3950 λόντως,
410 3883 467 3938 ὲν
496 3883 768 3954 φυλακαῖς
793 3879 1224 3952 περισσοτέρως.
1261 3897 1279 3930 ι
1309 3876 1620 3946 Καταλέγει
1663 3873 1734 3928 τὰ

187 3975 637 4045 χαρακτηρίζοντα
698 3975 828 4037 τοὺς
886 3971 1243 4036 ἀποστόλους,
1304 3970 1400 4023 κα)⁸
1452 3969 1613 4038 ἀφεὶς
1665 3967 1735 4022 τὰ

189 4069 388 4136 σημεῖα,
414 4069 519 4124 ἀπὸ
552 4066 664 4120 τῶν
714 4064 1042 4138 πειρασμῶν
1093 4063 1320 4134 ἄρχεται
1356 4079 1370 4093 ·
1407 4061 1502 4115 καί
1544 4077 1732 4132 φησιν,

187 4153 256 4208 ὅτι
301 4159 402 4212 Καὶ
438 4159 640 4222 κόπους
671 4156 890 4221 πλείους
934 4156 1290 4226 ἀναδέχομαι,
1334 4154 1498 4208 τόπον
1548 4169 1609 4206 τε
1662 4155 1728 4207 ἐκ

188 4245 332 4300 τόπου
361 4248 624 4319 ἀμείόων,
657 4248 752 4301 καὶ
807 4246 1074 4301 διδάσκων
1103 4246 1298 4308 νυκτὸς
1357 4247 1450 4299 καὶ
1487 4244 1724 4317 ἡμέρας,

189 4339 268 4391 καί
289 4340 361 4394 ἔτι
383 4345 501 4406 ταῖς
528 4342 722 4413 χερσὶν
749 4339 1115 4411 ἐργαζόμενος
1144 4353 1158 4368 ⁸
1195 4338 1331 4392 ἀλλά
1379 4340 1473 4392 καὶ
1522 4338 1584 4391 τὸ
1615 4339 1734 4408 μεῖ-

190 4429 284 4499 ζον,
307 4435 391 4487 καὶ
407 4435 620 4505 πληγὰς
645 4433 953 4504 ὑπομένων,
977 4433 1070 4486 καὶ
1087 4431 1289 4496 ταύτας
1314 4431 1691 4503 ὑπερϐολικῶς
1715 4448 1730 4466 ’

189 4527 269 4578 καὶ
289 4527 342 4580 τὸ
380 4527 456 4581 ἔτι
484 4529 692 4599 μεῖζον,
723 4527 863 4598 μετὰ
897 4526 1005 4580 τῶν
1039 4526 1265 4596 πληγῶν
1302 4526 1398 4578 καὶ
1428 4525 1729 4594 φυλακιζό-
1764 4545 1805 4600 ι)

196 4631 347 4683 μενος.
372 4619 442 4672 Τὸ
473 4619 549 4685 δὲ,
591 4639 610 4671 ‹
653 4617 1156 4689 ’Υπερὸαλλόντως,
1191 4635 1210 4668 ι
1246 4619 1338 4670 καὶ
1357 4618 1441 4683 τὸ,
1483 4637 1499 4670 ‹
1531 4617 1729 4686 Περισ-

192 4708 422 4778 σοτέρως,
469 4731 488 4764 ι
536 4711 867 4784 συγκριτικὰ
940 4711 1038 4781 μέν
1099 4711 1261 4776 εἰσιν,
1292 4710 1368 4773 ὡς
1423 4711 1560 4783 πρὸς
1602 4710 1730 4774 τοὺς

191 4797 628 4869 ψευδαποστόλους
659 4821 673 4835 °
707 4805 846 4875 πλὴν
868 4803 994 4856 καθ’
1031 4803 1294 4857 ὑπόθεσιν
1322 4819 1337 4835 ⁸
1377 4799 1515 4869 οἷον,
1547 4805 1730 4857 Ἔστω

191 4890 260 4942 ὅτι
284 4896 528 4951 κοπιῶσιν
559 4898 760 4950 ἐκεῖνοι
791 4911 805 4925 ⁸
854 4894 972 4949 ἀλλ’
1013 4894 1125 4964 ἐγὼ
1185 4897 1588 4966 περισσοτέρως
1634 4896 1730 4948 καὶ

193 4977 629 5052 ὑπερεαλλόντως.
663 4988 822 5051 Τινὲς
854 4986 933 5051 δὲ,
965 4987 1026 5041 οὐ
1085 4987 1231 5042 κατὰ
1265 4987 1552 5058 σύγκρισιν
1582 4987 1732 5057 είρῆ-

195 5070 300 5126 σθαι
325 5079 490 5133 ταῦτά
516 5100 703 5152 φασιν,
735 5082 853 5135 ἀλλ’
893 5080 1081 5147 ἁπλῶς
1105 5081 1425 5153 περιουσίας
1479 5080 1575 5133 καὶ
1603 5082 1728 5134 ὲπι·

193 5163 374 5232 τάσεως
408 5169 542 5227 εἶναι
575 5175 904 5245 σημαντικά.

206 5341 216 5354 .
255 5273 270 5303 ι
294 5258 404 5354 ΔἸΞν
429 5263 675 5325 θανάτοις
699 5263 979 5328 πολλάκις.
1016 5283 1034 5316 ι
1071 5265 1147 5318 Οὐ
1177 5263 1338 5334 μόνον
1366 5264 1433 5335 τῇ
1469 5264 1729 5334 προθέσει

197 5346 546 5421 ἀποθνήσκων,
576 5358 713 5411 ἀλλὰ
757 5359 852 5411 καὶ
884 5360 965 5423 είς
1007 5356 1285 5422 κινδύνους
1315 5355 1395 5427 τῷ
1427 5356 1541 5410 όντι
1567 5357 1732 5412 θανα-

199 5439 440 5510 τηφόρους
469 5448 831 5520 ὲκδιδόμενοςο

265 5548 281 5578 ε
335 5530 461 5590 Ὑπὸ
521 5539 786 5596 Ἰουδαίων
819 5541 1080 5606 πεντάκις
1119 5539 1531 5612 τεσσαράκοντα
1577 5543 1730 5614 παρά

1849 579 1943 632 sed
1987 576 2240 632 nolumus
2305 577 2555 632 omnino.
2618 575 2938 632 Universam
2989 566 3423 644 igitur'causam

1850 671 2178 741 arrogantia:
2241 669 2482 732 illorum,
2541 670 2769 724 istorum
2841 669 3121 724 servilitati
3179 667 3422 724 ascribit.

1849 761 1958 817 Vos
2005 763 2150 816 enim
2185 763 2368 816 servili
2399 763 2688 815 admodum
2719 775 2870 815 more
2903 761 3036 829 ipsis
3067 760 3318 830 subjecti,
3368 770 3426 815 et

1845 850 1954 906 illis
2001 849 2209 919 injuriae
2258 859 2508 905 auctores
2535 850 2688 914 estis,
2757 849 3020 920 nobisque
3069 851 3422 919 praesentium

1847 957 2160 998 sermonum
2203 955 2442 995 OCCQSIO.

1925 1055 1945 1091 ι
1981 1038 2094 1093 lmo
2134 1038 2188 1092 in
2221 1051 2328 1106 quo
2359 1036 2480 1106 quis
2511 1036 2675 1091 audet
2713 1034 2833 1105 (per
2875 1035 3238 1104 insipientiam
3280 992 3447 1107 dico)‘

1844 1129 2018 1184 audeo
2066 1137 2123 1184 et
2185 1143 2306 1197 ego.
2346 1147 2365 1180 ι
2398 1125 2534 1182 Vide
2569 1142 2782 1182 rursum
2823 1127 2964 1195 quod
3022 1127 3302 1181 audaciam
3371 1136 3424 1180 et

1846 1219 2211 1290 insipientiam
2255 1234 2366 1274 rem
2412 1217 2670 1288 appellat,
2719 1233 2783 1272 ac
2842 1217 2986 1286 quod
3047 1225 3253 1270 tantum
3316 1233 3421 1270 non

1845 1312 2007 1376 dicat,
2041 1312 2090 1365 vi
2123 1310 2355 1380 quadam
2392 1311 2492 1363 huc
2529 1309 2785 1378 pervenio
2809 1318 2863 1364 et
2897 1306 3206 1378 pertrahor.
3239 1307 3424 1373 Quan-

1847 1414 1928 1460 tas
1963 1414 2141 1458 autem
2174 1413 2228 1458 et
2257 1403 2394 1459 alias
2447 1389 2926 1472 praecorrectiones
2957 1400 3270 1472 praestrinxit
3299 1411 3425 1455 ante

1843 1495 2191 1552 hasce?Haec
2255 1504 2437 1548 autem
2514 1494 2665 1558 facit,
2723 1495 2926 1549 docens
2985 1501 3233 1565 nos,put
3289 1493 3422 1544 citra

1842 1593 2222 1647 necessitatem
2264 1592 2330 1645 ad
2363 1589 2679 1660 hujusmodi
2738 1602 3016 1642 sermones
3048 1601 3152 1640 non
3189 1586 3419 1638 descen-

1840 1685 2051 1741 damus.
2083 1683 2173 1737 Ait
2201 1697 2330 1753 ergo
2361 1700 2375 1735 :
2405 1677 2460 1734 In
2493 1695 2552 1734 re
2582 1692 2903 1749 quacunque
2957 1678 3116 1730 audet
3157 1674 3424 1743 quispiam

1840 1777 2003 1849 306
2035 1776 2274 1848 gloriari,
2297 1773 2490 1827 laudeo
2559 1780 2613 1826 et
2657 1785 2756 1841 ego
2792 1789 2805 1824 :
2838 1771 2952 1824 haec
3011 1768 3154 1821 enim
3221 1768 3422 1821 subau-

1838 1877 2029 1931 dienda
2088 1881 2234 1929 sunt.
2291 1870 2496 1927 Deinde
2559 1883 2623 1924 ea
2696 1870 2964 1928 recenset,
3008 1869 3229 1931 propter
3293 1870 3412 1928 quae

1832 1967 2154 2038 glorientur.

1906 2057 2074 2111 Vens.
2105 2054 2196 2110 Ἡ.
2230 2073 2247 2106 ι
2287 2050 2493 2107 Hebraei
2520 2047 2759 2104 sunt?et
2793 2060 2891 2116 ego
2924 2064 2937 2101 :
2973 2041 3230 2097 lsraelita:
3252 2039 3422 2094 sunt?

1834 2159 1886 2208 et
1943 2165 2079 2220 ego:
2115 2163 2300 2202 semen
2361 2144 2592 2198 Abrahae
2633 2140 2868 2196 sunt?et
2906 2154 3027 2208 ego.
3073 2155 3092 2188 ›
3132 2135 3268 2200 Quia
3314 2149 3419 2188 non

1834 2260 2028 2300 Omnes
2062 2240 2269 2294 Πριηεωὶ
2325 2237 2582 2290 Israelita;
2637 2234 2856 2288 fuerunt
2887 2232 3034 2301 (nam
3071 2239 3126 2284 et
3175 2225 3420 2282 Moabitze

1833 2347 1887 2392 et
1917 2333 2237 2390 Ammonitae
2263 2331 2472 2399 seipsos
2506 2327 2762 2382 llebrmos
2790 2323 3109 2392 faciebant),
3137 2330 3416 2392 propterea

1835 2426 2052 2498 generis
2113 2422 2454 2492 splendorem
2511 2432 2841 2487 expurgatis,
2899 2415 3171 2467 intulitzt
3216 2409 3418 2465 Semen

1833 2515 2130 2573 Abrahami
2166 2512 2404 2567 sunt?et
2427 2525 2561 2579 ego;
2601 2527 2618 2560 ι
2657 2507 2897 2562 Isaacum
2929 2507 3178 2559 innuens.

1906 2607 2072 2662 Vens.
2128 2605 2220 2659 25.
2281 2622 2300 2654 ι
2373 2600 2604 2656 Ministri
2664 2597 2866 2652 Christi
2917 2594 3178 2664 sunt(ut
3244 2592 3422 2648 minus

1834 2701 2050 2771 sapiens
2100 2695 2504 2766 loquor)?plus
2536 2707 2655 2764 ego.
2685 2710 2704 2744 ι
2768 2690 2935 2744 Aiunt
2983 2688 3224 2757 quidam,
3276 2683 3422 2754 quod

1834 2807 1930 2862 per
1952 2789 2429 2859 'comparationem
2459 2799 2761 2840 sermonem
2797 2781 3040 2852 proferre
3072 2796 3176 2834 non
3205 2777 3417 2839 debuit,

1835 2885 1928 2939 sed
1969 2882 2287 2952 simpliciter
2338 2893 2537 2949 negare
2572 2893 2666 2930 eos
2697 2891 2816 2929 esse
2867 2874 3148 2928 ministros
3195 2869 3417 2924 Christi.

1833 2977 1947 3033 lllis
1976 2975 2393 3046 respondemus,
2427 2973 2568 3040 quod
2600 2969 2702 3023 hoc
2738 2967 2898 3022 unica
2932 2965 3170 3021 dictione
3202 2962 3412 3030 signiti-

1835 3067 2062 3134 caverit,
2119 3081 2242 3121 cum
2303 3064 2440 3118 dixit
2486 3077 2580 3118 eos
2611 3075 2730 3115 esse
2791 3055 3258 3128 pseudapostolos.
3291 3051 3414 3107 Jam

1837 3175 1980 3214 nunc
2008 3173 2136 3212 vero
2165 3171 2262 3226 per
2285 3153 2742 3224 comparationem
2771 3151 2933 3203 verba
2956 3147 3138 3202 facere
3160 3159 3416 3210 exorsus,

1838 3267 1933 3322 per
1961 3266 2053 3305 res
2076 3246 2595 3303 demonstrationem
2629 3233 2868 3307 adducit,
2900 3241 3096 3309 datque
3118 3237 3419 3305 intelligere

1837 3341 2096 3405 auditori,
2148 3355 2208 3396 se
2258 3338 2476 3411 quidem
2526 3351 2646 3390 esse
2696 3333 2896 3388 Christi
2940 3331 3266 3393 ministrum,
3300 3327 3420 3380 illos

1836 3451 1966 3490 vero
2021 3433 2262 3489 minime.
2313 3432 2555 3496 Aitergo
2593 3427 2730 3497 quod
2769 3425 2879 3478 Etsi
2926 3423 3125 3478 Christi
3187 3420 3417 3474 ministri

1836 3535 1986 3592 sunt,
2019 3539 2083 3581 ea
2115 3534 2295 3577 tamen
2327 3522 2558 3585 ratione,
2593 3527 2651 3572 ut
2681 3525 2734 3572 et
2767 3531 2868 3585 ego
2899 3516 2950 3569 in
2984 3516 3085 3569 hoc
3112 3512 3416 3566 ministerio

1834 3635 1928 3677 eos
1955 3615 2293 3674 antecellam.
2327 3613 2404 3668 Ac
2435 3626 2620 3665 rursus
2643 3624 2751 3664 rem
2779 3606 3151 3674 insipientiam
3178 3600 3418 3672 appellat

1838 3718 2061 3783 propter
2095 3704 2421 3762 humilitatis
2449 3716 2562 3757 suae
2595 3697 3037 3753 immensitatem.

1913 3821 1933 3855 ι
1967 3799 2024 3855 In
2062 3796 2340 3853 laboribus
2371 3791 2760 3852 abundantius,
2785 3789 2839 3842 in
2897 3785 3070 3856 plagis
3102 3797 3264 3853 supra
3297 3795 3416 3836 mo-

1837 3893 1987 3955 dum,
2060 3889 2114 3944 in
2170 3884 2484 3942 carceribus
2545 3878 2926 3936 abundantius.
2965 3895 2984 3929 ι
3061 3874 3419 3929 Characteres

1837 3983 2210 4057 apostolorum
2266 3987 2535 4041 recenset,
2589 3984 2644 4030 et
2686 3972 2858 4043 signis
2915 3966 3322 4040 prtetermissis,
3381 3980 3411 4017 a

1839 4055 2222 4133 tentationibus
2297 4067 2619 4141 principium
2672 4063 2841 4119 ducit.
2899 4060 3138 4116 Labores
3183 4055 3404 4127 (inquit)

1834 4169 2018 4240 plures
2047 4179 2146 4234 ego
2173 4160 2434 4230 suscipio,
2463 4158 2640 4212 locum
2694 4168 2760 4208 ex
2793 4153 2909 4207 loco
2961 4158 3298 4221 permutans,
3354 4160 3420 4199 ac

1835 4261 2036 4315 docens
2066 4263 2226 4310 noctu
2262 4263 2314 4308 et
2345 4251 2600 4316 interdiu,
2659 4255 2922 4318 praeterea
2976 4243 3223 4297 manibus
3269 4240 3420 4294 labo-

1835 4367 1981 4416 rans,
2018 4353 2124 4404 imo
2147 4346 2292 4418 quod
2318 4345 2492 4414 majus
2521 4351 2625 4406 est,
2661 4342 2885 4394 verbera
2914 4337 3215 4397 sustinens,
3245 4347 3418 4402 eaque

1835 4458 2000 4511 supra
2031 4441 2246 4495 modum
2285 4456 2298 4492 :
2332 4447 2442 4491 tum
2505 4433 2645 4504 quod
2685 4429 2861 4485 adhuc
2911 4424 3082 4494 majus
3141 4434 3245 4489 est,
3293 4438 3416 4476 cum

1833 4533 2146 4589 verberibus
2201 4530 2366 4584 etiam
2415 4525 2728 4582 carceribus
2789 4521 3144 4588 mancipatus.
3185 4535 3204 4568 ι
3240 4515 3415 4585 Supra

1835 4628 2053 4682 modum
2114 4643 2133 4677 ι
2167 4634 2370 4688 autem,
2433 4631 2507 4687 et,
2547 4638 2567 4673 ι
2634 4617 3015 4679 abundantius,
3075 4631 3093 4665 ι
3136 4625 3420 4681 compara-

1838 4719 1944 4774 tiva
2016 4726 2177 4781 sunt,
2252 4715 2416 4768 veluti
2489 4713 2555 4766 ad
2620 4707 3107 4782 pseudapostolos;
3195 4720 3410 4760 verum-

1837 4821 2012 4866 tamen
2048 4825 2143 4880 per
2173 4806 2620 4879 suppositionem,
2663 4803 2826 4858 veluti
2864 4803 3007 4857 dicat
3044 4817 3058 4854 :
3095 4799 3222 4854 Esto
3271 4798 3414 4866 quod

1836 4901 2080 4957 laborent
2126 4900 2224 4964 illi,
2279 4908 2335 4953 at
2374 4911 2472 4968 ego
2521 4897 2878 4952 excellentius
2919 4902 2975 4948 et
3020 4889 3407 4946 abundantius.

1832 4993 2085 5050 Nonnulli
2133 5003 2310 5047 autem
2347 4991 2460 5046 haec
2495 5006 2600 5044 non
2634 5005 2733 5060 per
2762 4988 3224 5057 comparationem
3267 4983 3411 5037 dicta

1836 5102 1960 5142 esse
2005 5095 2277 5146 asserunt.
2316 5085 2411 5140 sed
2443 5083 2765 5153 simpliciter
2791 5079 3100 5151 significare
3131 5077 3411 5133 abundau-

1839 5179 1968 5234 tiam
2001 5189 2054 5232 et
2079 5177 2464 5232 iutensionem.

1913 5287 1932 5322 ι
1979 5268 2036 5324 In
2070 5269 2338 5324 mortibus
2392 5267 2726 5339 frequenter.
2761 5282 2780 5318 ι
2820 5261 2935 5317 Νοη
2980 5260 3151 5317 solum
3186 5275 3251 5314 ex
3280 5273 3408 5326 pro-

1836 5361 2012 5431 posito
2045 5361 2306 5427 moriens,
2343 5373 2530 5414 verum
2555 5358 2622 5412 ad
2650 5354 2926 5412 mortifera
2972 5351 3130 5422 plane
3173 5347 3411 5422 pericula

1837 5451 2092 5518 traditus,

1909 5546 2075 5600 Vsus.
2098 5544 2188 5602 24.
2224 5564 2242 5598 ι
2277 5543 2322 5599 Α
2348 5543 2547 5602 Judaeis
2574 5539 2859 5615 quinquies
2888 5539 3287 5610 quadragenas,
3305 5548 3415 5593 una

1477 5684 1676 5748 Varie)
1726 5685 2051 5752 lectiones.

263 5784 304 5819 “
322 5788 482 5851 δοῦλοι
529 5815 580 5856 0.
656 5802 702 5837 °'
753 5801 1036 5859 ἀσθένειαν
1068 5818 1121 5859 0.
1200 5803 1245 5836 ⁸⁸
1277 5801 1474 5873 ἐπάγει
1505 5820 1578 5860 tn.
