3898 6570
480 331 588 397 9'23

1397 327 1975 398 THEOPIIYLACTI
2023 328 2435 389 BULGABLE
2474 330 2832 391 ARCIIlEP.

3609 333 3712 399 924

473 423 678 499 minus.
703 437 904 509 accepi.
928 456 945 489 ι
971 435 1353 504 Quamobrem,
1387 436 1502 492 Una
1537 437 1715 492 minus
1737 438 1758 492 ?
1780 437 1888 492 Lex
1915 448 2052 504 eral,

2191 439 2290 491 ιίαν
2319 438 2528 495 ἔλαϐον.
2558 459 2576 493 ι
2607 441 2708 496 Δια
2735 443 2814 507 τὶ,
2853 460 2871 495 ι
2907 439 3062 512 Παρὰ
3106 439 3267 509 pinv;
3304 459 3323 493 ι
3345 440 3524 512 Νόμος
3544 438 3714 516 ipse»;

474 548 598 592 eum
626 534 716 603 qui
747 532 928 603 plures
955 547 1116 600 quam
1152 529 1503 600 quadraginta
1537 528 1720 600 plagas
1751 530 2051 600 vapulando

476 629 798 698 accepisset,
829 625 1243 695 ignominiosum
1276 639 1415 679 esse.
1461 623 1825 680 Decreverant
1873 625 2054 694 itaque

480 724 698 792 dempta
760 735 866 773 una
925 718 1282 790 quadraginta
1350 718 1500 783 dare,
1537 717 1640 772 hoc
1700 726 1802 782 est,
1830 716 2055 786 triginta

479 831 669 872 novem
707 831 720 869 :
754 823 811 868 ut
843 810 1056 868 etiamsi
1085 811 1135 864 in
1169 811 1286 879 ipso
1338 808 1662 864 verberandi
1696 809 1897 878 impetu
1935 824 2055 863 ver-

479 909 681 963 berans
715 906 1026 970 excederet,
1061 901 1415 972 quadraginta
1452 901 1564 967 det,
1596 916 1694 956 nec
1721 901 1940 956 infamis
1964 901 2058 958 fiat

478 1003 524 1057 is
554 1001 643 1070 qui
672 999 920 1067 caeditur,
948 997 1146 1069 quippe
1167 995 1257 1065 qui
1292 995 1432 1050 intra
1460 993 1739 1049 decretum
1771 1010 2056 1050 numerum

477 1107 654 1148 caesus
680 1093 774 1158 sit.

559 1181 722 1238 Vens.
755 1181 846 1236 25.
879 1199 900 1232 ι
936 1181 1042 1234 Ter
1077 1179 1240 1250 virgis
1277 1193 1450 1234 caesus
1488 1193 1630 1244 sum,
1664 1177 1830 1235 semel
1854 1177 2061 1249 lapida-

480 1284 568 1331 tus
595 1289 737 1328 sum.
788 1291 806 1324 ι
873 1269 988 1326 Non
1043 1274 1223 1328 omnia
1277 1286 1398 1340 quae
1452 1286 1643 1340 passus
1699 1281 1783 1326 est
1838 1269 2058 1333 Paulus.

482 1362 637 1417 nobis
683 1360 1006 1429 conscripsit
1044 1358 1259 1414 Lucas:
1315 1359 1464 1414 vides
1511 1360 1656 1414 enim
1719 1360 1886 1416 multa
1935 1377 2056 1434 qua:

482 1455 573 1511 bic
626 1464 946 1509 enumerata
999 1462 1146 1520 sunt,
1203 1451 1364 1523 307
1409 1452 1556 1506 illum
1625 1454 2062 1524 praetermisisse.

484 1545 603 1600 Non
635 1546 778 1601 enim
809 1545 926 1617 ipse
964 1545 1030 1601 ad
1059 1547 1472 1601 ostentationem
1507 1546 1834 1617 conscripsit
1886 1545 2064 1604 histo-

487 1641 649 1695 riam.

560 1729 956 1810 Vsas.?5,26.
1002 1751 1022 1784 ι
1056 1731 1162 1790 Ter
1207 1731 1549 1803 naufragium
1612 1732 1740 1798 feci,
1796 1743 1956 1789 nocte
2013 1740 2068 1790 et

2156 529 2380 584 πλείονα
2399 532 2507 584 τῶν
2525 531 2940 604 τεσσαράκοντα
2965 531 3321 602 τυπτόμενον,
3344 531 3536 602 ἄτιμον
3561 532 3709 592 εἶναι.

2155 622 2364 694 ὥρισαν
2400 620 2492 677 οῦν
2519 625 2669 695 παρὰ
2701 625 2832 695 μίαν
2859 624 3082 690 διδόναι,
3112 625 3384 689 τουτέστι,
3435 628 3713 696 τριάκοντα

2157 715 2346 769 ἐννέα*
2381 716 2469 771 ἵνα
2504 717 2607 771 κᾶν
2639 719 2706 789 τῇ
2746 715 2896 789 ῥύμῃ
2943 716 3042 770 τοῦ
3088 715 3311 772 τύπτειν
3345 717 3642 789 ἐξενεχθεὶς
3689 723 3713 774 6

2157 807 2402 874 τύπτων,
2464 811 2724 882 περισσὸν
2765 811 2862 881 δῷ,
2906 811 3322 882 τεσσαράκοντα
3371 811 3468 881 δῷ,
3529 813 3618 865 καὶ
3647 813 3714 882 μὴ

2159 900 2385 972 γένηται
2417 904 2612 973 ἄτιμος
2659 905 2688 956 6
2716 903 3076 974 τυπτόμενος,
3106 904 3182 968 ὡς
3211 904 3362 966 ὲντδς
3393 903 3491 957 τοῦ
3521 920 3712 974 νενομι-

2162 993 2362 1066 σμένου
2397 994 2637 1070 ἀριθμοῦ
2677 995 2927 1067 πληγείς.

2240 1199 2258 1233 ι
2294 1180 2425 1252 Τρὶς
2443 1174 2828 1250 ὲρῤαὸδίσθην,
2851 1177 3000 1244 ἅπαξ
3031 1178 3342 1250 ἐλιθάσθην.
3377 1196 3398 1230 ι
3422 1178 3498 1231 Ού
3522 1179 3700 1244 πάντα,

2163 1273 2201 1330 ἃ
2223 1271 2495 1329 πέπονθεν
2524 1273 2552 1326 6
2580 1271 2812 1338 Παῦλος,
2851 1271 3194 1342 συνέγραψεν
3225 1274 3358 1341 ἡμῖν
3401 1274 3431 1326 6
3483 1273 3679 1336 Λουκᾶς
3699 1289 3712 1304 ο

2163 1366 2296 1436 δρᾷς
2311 1364 2417 1435 γὰρ
2438 1363 2513 1426 ὼς
2535 1363 2703 1417 πολλὰ
2715 1363 2821 1416 τῶν
2845 1363 3078 1418 ἐνταῦθα
3098 1365 3209 1433 άπη
3221 1363 3574 1435 ριθμημένων
3596 1382 3718 1434 παρ-

2164 1459 2351 1512 έλιπεν
2421 1458 2650 1520 έκεῖνος.
2688 1457 2764 1511 Ού
2793 1458 2902 1528 γὰρ
2928 1458 3064 1528 πρὸς
3109 1457 3423 1528 φιλοτιμίαν
3486 1457 3632 1528 αὐτῷ
3661 1459 3718 1514 τὰ

2168 1551 2269 1622 τῆς
2294 1552 2619 1623 συγγραφῆς
2642 1549 2687 1582 ⁸⁷
2719 1551 3048 1622 πεπόνηται.

2252 1755 2272 1789 ι
2312 1736 2447 1808 Τρ“ις
2501 1734 2842 1805 ἐναυάγησα,
2879 1733 3223 1806 νυχθήμερον
3257 1735 3316 1788 ὲν
3353 1733 3433 1804 τῷ
3473 1733 3617 1804 βυθῷ
3639 1751 3722 1788 πε-

487 1824 578 1881 die
619 1827 675 1880 ln
705 1823 968 1895 profundo
997 1825 1104 1895 egi,
1137 1825 1191 1882 in
1243 1826 1528 1881 itineribus
1577 1842 1738 1896 σῶμα.
1774 1849 1802 1877 ι
1868 1826 2073 1896 Ecquid

2191 1829 2404 1898 ποίηκα.
2447 1827 2811 1896 Ὀδοιπορίαις
2861 1825 3141 1888 πολλάκις.
3183 1845 3201 1878 ι
3232 1826 3341 1879 Καὶ
3405 1825 3459 1880 τί
3503 1826 3632 1896 πρὸς
3673 1826 3723 1879 τὸ

486 1916 554 1970 ad
590 1915 956 1986 Evangelium,
981 1916 1121 1986 quod
1154 1917 1490 1988 naufragium
1521 1918 1599 1973 sis
1645 1919 1878 1990 passus?
1933 1918 2068 1974 Pro-

488 2017 609 2078 pter
673 2007 1046 2076 Evangelium,
1105 2007 1290 2077 longas
1361 2017 1415 2062 et
1497 2011 1896 2066 transmarinas
1952 2010 2069 2066 vias

489 2115 764 2168 etnensus,
790 2101 1136 2171 naufragium
1173 2101 1296 2158 feci.
1321 2100 1488 2158 Noctu
1539 2112 1716 2157 autem
1739 2113 1795 2158 et
1831 2103 2068 2158 interdiu

489 2193 546 2247 in
595 2192 863 2264 profundo
915 2196 1140 2249 natavit.
1191 2193 1444 2249 Nonnulli
1499 2205 1771 2259 asserunt,
1826 2197 1967 2266 quod
2017 2196 2068 2250 iu

489 2287 722 2356 quodam
759 2295 918 2356 puteo
961 2297 1080 2357 post
1112 2287 1411 2359 periculum
1477 2289 1616 2358 apud
1668 2288 1933 2360 Lystrios,
1985 2289 2070 2344 cui

493 2391 691 2432 nomen
744 2377 1104 2449 Bytbo(qua:
1148 2394 1252 2435 vox
1299 2379 1509 2434 Latinis
1541 2380 1963 2448 profunditatem
1995 2381 2064 2435 si-

489 2470 754 2542 gnificat)
781 2470 993 2526 abditus
1028 2471 1226 2527 fuerit:
1260 2482 1314 2530 et
1339 2488 1480 2528 nunc
1514 2473 1580 2529 de
1605 2473 1711 2529 isto
1743 2473 2005 2544 loquitur.

562 2585 592 2613 ιι
627 2563 890 2620 Periculis
922 2565 1228 2622 fluviorum.
1270 2583 1291 2620 ι
1343 2564 1476 2622 Nam
1506 2575 1561 2623 et
1609 2582 1796 2623 amnes
1827 2567 2076 2639 trajicere

490 2659 809 2728 cogebatur.

571 2769 590 2804 ι
633 2750 894 2807 Periculis
935 2749 1233 2820 latronum,
1266 2750 1522 2820 periculis
1566 2766 1633 2806 ex
1683 2765 1901 2821 genere,
1929 2750 2078 2820 peri-

491 2845 631 2902 culis
662 2861 728 2901 ex
754 2846 1024 2916 gentibus,
1060 2845 1316 2916 periculis
1368 2845 1422 2900 in
1469 2845 1714 2911 civitate,
1749 2845 2000 2914 periculis
2025 2844 2078 2901 in

493 2938 810 3002 solitudine,
841 2938 1098 3006 periculis
1125 2937 1180 2992 in
1213 2937 1372 2992 mari.
1407 2955 1425 2989 ι
1467 2935 1676 3008 Ubique
1703 2936 1932 2993 Satanas
1960 2937 2075 2993 belo

491 3029 605 3084 lum
666 3029 910 3099 gerebat,
935 3037 990 3084 et
1015 3027 1158 3083 Deus
1181 3025 1495 3083 certaminis
1546 3028 1766 3098 praemia
1811 3042 2079 3097 propone-

495 3122 614 3178 bat.
648 3122 859 3177 Etenim
885 3120 1122 3176 latrones
1158 3130 1271 3176 tum
1317 3133 1347 3174 a
1377 3120 1624 3189 gentibus
1675 3119 2077 3186 excitabantur,

2176 1921 2534 1990 Εὐαγγέλιον,
2562 1922 2610 1974 εί
2643 1921 3027 1991 ὲναυάγησαςς
3057 1917 3156 1972 Διὰ
3189 1918 3248 1970 τδ
3269 1917 3600 1986 Εὑαγγέλιον
3633 1916 3724 1986 γὰρ

2179 2011 2400 2084 μακρὰς
2425 2013 2518 2067 καὶ
2550 2009 2894 2073 διαποντίους
2945 2008 3298 2078 στελλόμενος
3334 2008 3512 2071 ὀδοὺς,
3589 2007 3719 2059 Evan-

2177 2105 2378 2174 ἁγησα.
2417 2104 2778 2174 Νυχθήμερον
2804 2102 2862 2156 δὲ
2902 2104 2960 2156 ὲν
2987 2101 3066 2174 τῷ
3103 2101 3251 2172 βυθῷ
3279 2101 3553 2169 διεγένετο
3586 2100 3726 2169 νηχό-

2182 2215 2363 2268 μενος.
2391 2195 2550 2260 Τινὲς
2587 2197 2644 2252 δέ
2670 2213 2854 2266 φασιν,
2884 2196 2965 2250 ὅτι
2999 2194 3056 2248 ἐν
3107 2211 3214 2248 τινι
3243 2194 3457 2264 νφρέατι
3486 2195 3622 2264 μετὰ
3646 2193 3724 2246 τὸν

2179 2291 2238 2343 ὲν
2291 2289 2561 2358 Λύστροις
2613 2288 2859 2342 κίνδυνον
2908 2285 3338 2358 κατακρυφθεὶς,
3384 2285 3545 2358 Βυθῷ
3593 2285 3725 2355 λεγοο

2183 2381 2352 2454 μένῳ,
2382 2380 2478 2438 νῦν
2513 2379 2672 2434 τοῦτο
2709 2379 2878 2450 λέγει.

2258 2576 2278 2610 ι
2315 2555 2603 2620 Κινδύνοις
2630 2554 2912 2626 ποταμῶν.
2945 2572 2964 2608 ι
2999 2554 3108 2608 Καὶ
3123 2553 3234 2626 γὰρ
3261 2551 3357 2607 καὶ
3381 2551 3721 2624 διαπορθμεύ-

2183 2668 2265 2706 ειν
2305 2651 2588 2719 ποταμοὺς
2619 2648 2988 2719 ἠναγκάζετο.

2261 2761 2280 2796 t
2311 2741 2597 2805 Κινδύνοις
2623 2739 2858 2813 λῃστῶν,
2915 2737 3183 2802 κινδύνοις
3216 2737 3281 2792 ὲκ
3319 2737 3537 2805 γένους,
3570 2735 3724 2791 κινδύ-

2184 2853 2297 2898 νοις
2326 2835 2387 2900 ιε
2411 2834 2602 2900 ἐθνῶν,
2639 2833 2909 2897 κινδύνοις
2939 2833 2998 2886 ἐν
3032 2831 3208 2896 πόλει,
3250 2829 3520 2892 κινδύνοις
3543 2831 3601 2884 ὲν
3619 2830 3728 2899 ἐρη-

2189 2926 2306 2998 μίᾳ,
2339 2924 2607 2988 κινδύνοις
2651 2925 2710 2980 ὲν
2742 2923 3013 2996 θαλάσσῃ.
3051 2941 3070 2975 ι
3099 2920 3382 2993 Πανταχοῦ
3445 2922 3538 2976 καὶ¹
3579 2922 3608 2975 6
3631 2920 3726 2975 διὰ-

2188 3019 2344 3084 6ολος
2373 3017 2654 3088 ἐπολέμει,
2689 3017 2785 3070 καὶ
2805 3019 2834 3071 6
2862 3016 2996 3080 Θεὸς
3031 3017 3099 3070 τὰ
3129 3011 3268 3072 ἆθλα
3303 3015 3607 3085 προύτίθει.
3637 3012 3728 3068 Καὶ

2189 3111 2298 3183 γὰρ
2315 3110 2511 3182 λῃσταὶ
2537 3109 2914 3180 ὲπηγείροντο,
2941 3108 3034 3161 καὶ
3059 3111 3210 3177 παρὰ
3241 3107 3353 3160 τῶν
3383 3106 3628 3170 ἐθνικῶν,
3651 3104 3728 3158 καὶ

496 3221 612 3266 tum
656 3227 686 3266 a
709 3213 952 3281 cognatis
980 3211 1198 3279 Judazis,
1227 3212 1318 3282 qui
1355 3187 1468 3283 prae
1495 3211 1698 3266 invidia
1729 3223 1919 3267 contra
1953 3228 2074 3268 eum

2191 3203 2340 3274 παρὰ
2373 3203 2482 3257 τῶν
2519 3201 2802 3272 συγγενῶν
2844 3201 3140 3269 Ἰουδαίων,
3172 3201 3221 3255 οἳ
3262 3202 3360 3256 καὶ
3391 3200 3586 3270 μᾶλλον
3625 3200 3729 3252 ἐπο-

497 3302 706 3359 eli'erati
745 3303 916 3374 magis
947 3303 1357 3374 impugnabant.
1393 3302 1660 3374 Numquid
1690 3320 1820 3360 vero
1843 3305 1895 3359 in
1944 3306 2078 3360 urbe

497 3395 863 3466 periculorum
909 3411 1100 3466 expers
1145 3394 1301 3450 erat?
1341 3394 1786 3466 Haudquaquam.
1839 3397 1978 3466 Ergo
2029 3398 2080 3452 in

499 3485 834 3542 solitudine?
864 3488 1060 3542 Verum
1093 3501 1268 3557 neque
1295 3488 1404 3542 illic
1425 3490 1640 3558 quidem
1669 3504 1684 3542 :
1715 3503 1779 3544 ac
1800 3490 1844 3543 si
1879 3500 2079 3546 terrain

498 3576 751 3648 fugisset,
785 3578 951 3634 maris
986 3593 1112 3635 eum
1142 3578 1378 3649 pericula
1417 3578 1778 3650 excipiebant.

578 3783 598 3818 ι
637 3761 898 3820 Periculis
923 3763 976 3818 in
1005 3763 1152 3820 falsis
1175 3764 1452 3820 fratribus.
1482 3783 1501 3817 ι
1545 3762 1669 3819 Haec
1717 3780 1932 3821 rursum
1979 3764 2086 3820 alia

502 3857 714 3928 species
748 3866 834 3912 est
894 3857 1229 3923 tentationis,
1278 3857 1518 3912 omnium
1568 3858 1802 3912 maxime
1847 3858 2086 3915 dolorem

506 3947 776 4003 incutiens
803 3955 852 4000 et
885 3946 1129 4016 gignens,
1157 3961 1187 4000 a
1218 3944 1371 4002 falsis
1403 3945 1904 4002 fratribusinsidias
1931 3947 2038 4017 pati
2073 3963 2088 4000 :

507 4041 650 4106 quod
682 4046 737 4093 et
769 4037 932 4092 David
959 4037 1216 4107 lugebat:
1252 4056 1268 4089 ι
1305 4037 1568 4104 Quoniam
1598 4039 1641 4091 si
1675 4038 1930 4092 inimicus
1964 4055 2086 4091 ma-

507 4127 786 4183 ledixisset
827 4127 978 4192 mibi,
1023 4128 1400 4183 sustinuissem
1427 4129 1648 4196 utique:
1685 4135 1738 4180 tu
1773 4143 1899 4182 vero
1928 4129 2088 4182 homo

510 4221 782 4276 unanimis
813 4231 877 4288 s;
918 4239 937 4272 ι
971 4233 1026 4276 et
1056 4221 1250 4277 iterum
1281 4239 1294 4276 :
1337 4239 1355 4274 ι
1390 4221 1561 4276 Homo
1591 4221 1737 4289 pacis
1772 4236 1904 4278 mea:
1933 4223 1972 4275 τ.
2018 4240 2038 4276 ι

585 4407 748 4463 Vsus.
784 4405 875 4460 27.
910 4422 929 4458 ι
970 4401 1028 4459 ln
1057 4404 1242 4460 labore
1270 4413 1324 4459 et
1355 4419 1620 4471 aerumna,
1645 4405 1698 4460 in
1736 4404 1936 4476 vigiliis
1969 4421 2093 4462 cre-

2189 3295 2414 3366 λέμουν.
2441 3293 2863 3365 ὲκθηριούμενοι
2891 3294 2982 3349 διὰ
3023 3296 3124 3366 τὴν
3174 3295 3295 3349 κατ’
3321 3293 3488 3348 αὑτοῦ
3528 3290 3727 3362 ζηλοτυ-

2170 3389 2340 3444 -πίαν,
2367 3383 2516 3458 ’Δρα
2554 3387 2610 3441 δὲ
2645 3389 2702 3440 ὲν
2733 3389 2799 3458 τῇ
2839 3386 2992 3440 πόλει
3043 3386 3326 3450 ἀκίνδυνος
3350 3381 3725 3456 ἦν;ούδαμῶς.

2189 3481 2392 3535 Λοιπὸν
2431 3477 2526 3534 οὖν
2583 3479 2642 3533 ὲν
2699 3479 2946 3550 ἐρημίας
2983 3479 3121 3534 Ἀλλ’
3147 3479 3255 3532 οὐδ’
3283 3482 3340 3532 ὲν
3395 3479 3596 3548 ταύτῃ⁶
3639 3475 3722 3529 xiv

2191 3572 2291 3643 τὴν
2346 3571 2451 3642 γῆν
2505 3570 2728 3639 ἔφυγεν,
2783 3572 2834 3624 oi
2883 3572 2942 3625 ἐν
2997 3570 3243 3644 θαλάσσῃ
3304 3571 3539 3625 κίνδυνοι
3587 3566 3726 3625 διεδέ-

2193 3683 2374 3738 χοντο.

2271 3777 2292 3812 ι
2322 3757 2601 3823 Κινδύνοις
2632 3760 2692 3814 ὲν
2720 3756 3131 3827 ψευδαδέλφοις.
3173 3774 3190 3808 ι
3237 3755 3413 3812 Τοῦτο
3453 3754 3602 3812 πάλιν
3624 3751 3726 3810 ἀλλο

2197 3847 2337 3913 είδος
2393 3849 2730 3921 πειρασμοῦ,
2783 3850 2881 3907 καὶ
2939 3848 3342 3918 ἀλγεινότατον,
3377 3849 3442 3900 τὸ
3480 3845 3618 3916 παρὰ
3642 3844 3726 3897 τῶν

2194 3942 2563 4014 ψευδωνύμων
2628 3944 2722 3996 καὶ
2789 3941 3098 4010 ὑποκριτῶν
3129 3940 3374 4009 ἀδελφῶν
3422 3937 3727 3993 ἐπιϐουλεύσ-

2197 4035 2323 4088 σθαι
2350 4049 2362 4064 ·
2423 4035 2452 4088 ὃ
2507 4033 2602 4088 καὶ
2649 4034 2678 4086 6
2729 4032 2894 4088 Δαὸἱδ
2946 4032 3238 4100 ὁδύρεται’
3280 4050 3299 4086 ι
3330 4031 3454 4086 Ὅτι
3495 4032 3542 4083 εί
3577 4028 3728 4098 ἐχθρὸς

2203 4125 2447 4182 ὠνείδισέ
2509 4143 2600 4195 με,
2635 4125 2922 4196 ὑπήνεγκα
2969 4124 3067 4180 ἄν·
3111 4124 3177 4178 σὺ
3217 4123 3300 4189 δὲ,
3361 4123 3607 4192 ἄνθρωπε
3645 4117 3728 4171 i06-

2201 4218 2376 4289 ψυχε·
2418 4234 2437 4268 ι
2495 4216 2589 4276 καὶ
2644 4216 2827 4282 πάλιν,
2877 4234 2895 4268 ι
2943 4215 3006 4270 '0
3055 4214 3343 4286 ἅνθρωπος
3392 4214 3490 4284 τῆς
3548 4210 3730 4279 εἰρήνης

2208 4329 2334 4383 μου.
2379 4329 2398 4362 ι

2282 4424 2300 4456 ι
2350 4405 2440 4458 Ἐν
2463 4404 2618 4475 κόπῳ
2652 4403 2747 4459 καὶ
2772 4401 2985 4473 μόχθῳ,
3015 4401 3074 4457 ὲν
3100 4399 3431 4471 ἀγρυπνίαις
3461 4396 3726 4453 nondum

514 4497 690 4553 bro.»
743 4494 855 4550 Non
908 4496 1038 4550 satis
1083 4494 1298 4549 fuerunt
1343 4495 1551 4550 externi
1607 4512 1855 4566 angores,
1913 4512 2074 4552 vernn

2207 4493 2323 4548 Οὐκ
2349 4494 2511 4563 ἢρκει
2550 4492 2617 4546 τὰ
2653 4491 2803 4563 παρὰ
2823 4492 2932 4543 τῶν
2969 4488 3193 4555 ἔξωθεν,
3221 4487 3357 4542 ἀλλὰ
3383 4487 3477 4540 καὶ
3500 4483 3639 4544 αὐτὸς
3667 4480 3728 4532 ol-

516 4592 631 4656 ipse
659 4587 820 4642 etiam
846 4603 906 4642 se
942 4588 1170 4658 propriis
1206 4587 1480 4645 laboribus
1509 4603 1570 4643 ac
1620 4587 2102 4658 defatigationibus

513 4688 680 4750 atque
708 4677 952 4732 excubiis
984 4678 1222 4746 gattrivil.

590 4787 613 4822 ι
649 4769 946 4842 lnjejuniis
975 4784 1136 4840 saepe,
1172 4771 1225 4824 in
1267 4770 1470 4841 frigore
1514 4779 1569 4827 et
1606 4772 1864 4840 nuditate,
1911 4784 2107 4843 praeter

512 4854 606 4914 illa
635 4875 755 4931 quae.
785 4861 1118 4916 extrinsecus
1141 4870 1288 4917 sunt.
1331 4880 1348 4914 ι
1386 4859 1682 4931 Postquam
1718 4870 1865 4918 tanta
1909 4878 2104 4932 passus

512 4961 655 5020 crat,
689 4969 754 5007 ne
789 4953 1094 5008 necessaria
1127 4951 1342 5020 quidem
1394 4951 1671 5016 alimonia,
1701 4967 1874 5023 neque
1901 4955 2102 5008 amictu

518 5047 828 5102 abundabat
873 5047 1022 5103 orbis
1082 5055 1351 5103 terrarum
1407 5051 1596 5102 doctor
1640 5063 1654 5102 :
1692 5061 1878 5102 verum
1931 5050 2106 5105 nudus

518 5142 814 5206 certabat,
848 5156 912 5196 ac
942 5145 1080 5195 tame
1104 5140 1357 5194 laborans
1396 5139 1686 5210 pugnabat.
1734 5140 1896 5208 Atqui
1948 5142 2104 5210 plura

519 5231 1038 5300 prretermisitzlioc
1065 5231 1212 5287 enim
1260 5241 1344 5286 est
1375 5231 1516 5300 quod
1550 5231 1646 5298 ait,
1689 5248 1718 5302 ι⁵
1768 5229 1972 5288 Praeter
2017 5233 2105 5286 illa

518 5337 646 5395 qua:
679 5322 1022 5380 extrinsecus
1049 5332 1177 5380 sunt
1209 5339 1223 5379 :
1255 5341 1274 5377 ι
1312 5322 1418 5378 imo
1447 5337 1514 5379 ne
1548 5337 1609 5381 ea
1635 5322 1848 5394 quidem
1875 5339 2103 5394 quorum

635 5505 658 5535 '
693 5503 833 5560 Psal.
871 5519 981 5571 Liv,
1009 5502 1093 5559 14.
1210 5503 1227 5538 ί
1263 5500 1407 5557 Psd.
1440 5517 1526 5565 XL,
1564 5499 1648 5555 l0.

2208 4587 2368 4643 κοθεν
2390 4585 2572 4648 πόνοις
2595 4585 2690 4638 καὶ
2713 4581 2928 4655 μόχθοις
2948 4582 3234 4654 ἐπέτριϐεν
3258 4579 3475 4643 ἑαυτὸν,
3499 4575 3730 4642 13.16790-

2209 4679 2416 4742 πνίαις.

2283 4793 2303 4826 ‹
2350 4775 2439 4830 Ἐν
2501 4772 2780 4844 νηστείαις
2805 4770 2850 4804 ⁸⁸
2885 4767 3170 4832 πολλάκις,
3228 4765 3286 4818 ἐν
3334 4761 3497 4834 ψύχει
3544 4757 3626 4812 καὶ
3654 4770 3728 4820 γυ·

2211 4867 2463 4939 μνότητι,
2501 4865 2674 4938 χωρὶς
2703 4864 2812 4917 τῶν
2846 4860 3142 4932 παρεκτός.
3189 4876 3208 4911 ι
3249 4855 3499 4910 Τοσαῦτα
3527 4849 3727 4939 πάσχωνν

2208 4935 2329 5012 οὐδὲ
2373 4935 2476 5027 τῆς
2503 4935 2831 5025 *ἀναγκαίας
2877 4953 3114 5023 ηὐπόρει
3151 4947 3382 5021 τροφῆς,
3416 4943 3531 4998 οὐδὲ
3563 4935 3724 4994 σκεπά-

2217 5065 2451 5120 σματος,
2490 5051 2519 5104 ό
2540 5051 2638 5120 τῆς
2667 5045 2991 5117 οἰκουμένης
3009 5041 3330 5102 διδάσκαλος
3353 5055 3368 5070 ο
3397 5035 3528 5091 ἀλλὰ
3563 5033 3643 5085 καὶ
3664 5043 3725 5094 γυ·

2216 5143 2350 5213 μνδς
2404 5141 2724 5214 ἠγωνίζετο,
2761 5141 2859 5194 καὶ
2915 5136 3204 5207 λιμώττων
3264 5121 3724 5214 ἐπύκτευεοκαίτιι

2210 5210 2282 5286 τὰ
2338 5210 2508 5290 πλείω
2550 5229 2869 5303 παρέλειψε.
2930 5228 3103 5282 Τοῦτο
3133 5225 3242 5296 γάρ
3277 5225 3396 5277 ἐστι
3425 5221 3500 5283 τὸ,
3541 5235 3559 5270 ι
3588 5210 3723 5303 Χωρξς

2212 5322 2320 5377 τῶν
2344 5298 2660 5394 παρικτόςλ
2691 5340 2710 5377 ι
2743 5298 2946 5393 μᾶλλον
2983 5318 3060 5386 δὲ,
3084 5317 3209 5373 οὐδὲ
3235 5314 3413 5371 ταῦτα
3436 5306 3507 5368 ὧν
3535 5298 3727 5374 ἐπεμνή·

1858 5595 2059 5659 νοτία)
2095 5595 2429 5659 lectiones.

601 5773 652 5808 ⁸⁷
687 5773 904 5845 γραφῆς
943 5787 995 5830 o.
1073 5769 1119 5803 ⁸³
1150 5771 1207 5824 ὲν
1234 5767 1381 5840 λιμῷ
1409 5767 1503 5822 καὶ
1531 5765 1696 5837 δίψει,
1749 5765 1807 5818 ὲν
1833 5763 2110 5836 νηστείαις
2141 5779 2212 5818 ιιι.
2293 5835 2298 5838 1
