  <div class='ocr_page' id='page_1' title='image "/cluster/home/n/w/nwhite01/storage/ocr_20150623/124/hvd.32044019208206/504.png"; bbox 0 0 3898 6572; ppageno 0'>
   <div class='ocr_carea' id='block_1_1' title="bbox 177 374 3434 445">
    <p class='ocr_par' dir='ltr' id='par_1_1' title="bbox 177 374 3434 445">
     <span class='ocr_line' id='line_1_1' title="bbox 177 374 3434 445; baseline -0.001 -1"><span class='ocrx_word' id='word_1_1' title='bbox 177 379 274 445; x_wconf 75' lang='lat'><strong>925</strong></span> <span class='ocrx_word' id='word_1_2' title='bbox 904 374 1320 438; x_wconf 84' lang='lat' dir='ltr'><strong>EXPOSITIO</strong></span> <span class='ocrx_word' id='word_1_3' title='bbox 1356 376 1442 439; x_wconf 82' lang='lat' dir='ltr'><strong>IN</strong></span> <span class='ocrx_word' id='word_1_4' title='bbox 1485 376 1730 439; x_wconf 81' lang='lat' dir='ltr'><strong>EPIST.</strong></span> <span class='ocrx_word' id='word_1_5' title='bbox 1769 377 1834 438; x_wconf 80' lang='lat' dir='ltr'><strong>ll</strong></span> <span class='ocrx_word' id='word_1_6' title='bbox 1872 378 1974 438; x_wconf 81' lang='lat' dir='ltr'><strong>AD</strong></span> <span class='ocrx_word' id='word_1_7' title='bbox 2013 379 2184 442; x_wconf 80' lang='lat' dir='ltr'><strong>COR.</strong></span> <span class='ocrx_word' id='word_1_8' title='bbox 2227 403 2294 416; x_wconf 90' lang='grc'><strong><em>-</em></strong></span> <span class='ocrx_word' id='word_1_9' title='bbox 2335 381 2496 443; x_wconf 78' lang='lat' dir='ltr'><strong>CAP.</strong></span> <span class='ocrx_word' id='word_1_10' title='bbox 2531 382 2638 444; x_wconf 78' lang='lat' dir='ltr'><strong>XI.</strong></span> <span class='ocrx_word' id='word_1_11' title='bbox 3325 375 3434 440; x_wconf 74' lang='lat'><strong>926</strong></span> 
     </span>
    </p>
   </div>
   <div class='ocr_carea' id='block_1_2' title="bbox 177 480 1716 565">
    <p class='ocr_par' dir='ltr' id='par_1_2' title="bbox 177 480 1716 564">
     <span class='ocr_line' id='line_1_2' title="bbox 177 480 1716 564; baseline -0.005 -16"><span class='ocrx_word' id='word_1_12' title='bbox 177 493 287 564; x_wconf 76' lang='grc' dir='ltr'>σθιι,</span> <span class='ocrx_word' id='word_1_13' title='bbox 316 488 436 544; x_wconf 82' lang='grc' dir='ltr'>κατ’</span> <span class='ocrx_word' id='word_1_14' title='bbox 471 482 610 554; x_wconf 74' lang='grc' dir='ltr'>εἶδος</span> <span class='ocrx_word' id='word_1_15' title='bbox 664 480 842 554; x_wconf 71' lang='grc' dir='ltr'>εἶπεν,</span> <span class='ocrx_word' id='word_1_16' title='bbox 900 488 1024 544; x_wconf 77' lang='grc' dir='ltr'>ἀλλ’·</span> <span class='ocrx_word' id='word_1_17' title='bbox 1049 482 1129 544; x_wconf 79' lang='grc' dir='ltr'>ὧν</span> <span class='ocrx_word' id='word_1_18' title='bbox 1154 490 1256 560; x_wconf 83' lang='grc' dir='ltr'>μὲν</span> <span class='ocrx_word' id='word_1_19' title='bbox 1301 485 1371 563; x_wconf 73' lang='grc' dir='ltr'>ἦν</span> <span class='ocrx_word' id='word_1_20' title='bbox 1406 487 1678 559; x_wconf 78' lang='grc' dir='ltr'>εῦληπτος</span> <span class='ocrx_word' id='word_1_21' title='bbox 1707 496 1716 541; x_wconf 74' lang='grc' dir='ltr'><strong>ι</strong></span> 
     </span>
    </p>
   </div>
   <div class='ocr_carea' id='block_1_3' title="bbox 1894 480 3433 565">
    <p class='ocr_par' dir='ltr' id='par_1_3' title="bbox 1894 491 3433 565">
     <span class='ocr_line' id='line_1_3' title="bbox 1894 491 3433 565; baseline -0.001 -19"><span class='ocrx_word' id='word_1_22' title='bbox 1894 491 2114 557; x_wconf 74' lang='lat' dir='ltr'><strong>emittit,</strong></span> <span class='ocrx_word' id='word_1_23' title='bbox 2155 493 2437 560; x_wconf 79' lang='lat' dir='ltr'><strong>speciatim</strong></span> <span class='ocrx_word' id='word_1_24' title='bbox 2462 496 2752 565; x_wconf 76' lang='lat' dir='ltr'><strong>expressit,</strong></span> <span class='ocrx_word' id='word_1_25' title='bbox 2784 493 2879 550; x_wconf 87' lang='lat' dir='ltr'><strong>sed</strong></span> <span class='ocrx_word' id='word_1_26' title='bbox 2903 507 3130 564; x_wconf 89' lang='lat' dir='ltr'><strong>quorum</strong></span> <span class='ocrx_word' id='word_1_27' title='bbox 3173 505 3433 550; x_wconf 75' lang='lat' dir='ltr'><strong>muneras</strong></span> 
     </span>
    </p>
   </div>
   <div class='ocr_carea' id='block_1_4' title="bbox 175 578 1714 658">
    <p class='ocr_par' dir='ltr' id='par_1_4' title="bbox 175 581 1714 658">
     <span class='ocr_line' id='line_1_4' title="bbox 175 581 1714 658; baseline -0.002 -20"><span class='ocrx_word' id='word_1_28' title='bbox 175 583 411 658; x_wconf 81' lang='grc' dir='ltr'>ἀριθμὸς,</span> <span class='ocrx_word' id='word_1_29' title='bbox 443 581 896 654; x_wconf 79' lang='grc' dir='ltr'>ἀπηριθμήσατο,</span> <span class='ocrx_word' id='word_1_30' title='bbox 931 600 952 636; x_wconf 77' lang='grc' dir='ltr'><strong>ι</strong></span> <span class='ocrx_word' id='word_1_31' title='bbox 986 583 1280 649; x_wconf 78' lang='grc' dir='ltr'>Πεντάκις,</span> <span class='ocrx_word' id='word_1_32' title='bbox 1319 603 1338 637; x_wconf 77' lang='grc' dir='ltr'><strong>ι</strong></span> <span class='ocrx_word' id='word_1_33' title='bbox 1385 583 1575 645; x_wconf 82' lang='grc' dir='ltr'>εἰπὼν,</span> <span class='ocrx_word' id='word_1_34' title='bbox 1613 582 1714 636; x_wconf 70' lang='grc' dir='ltr'><strong>καὶ</strong></span> 
     </span>
    </p>
   </div>
   <div class='ocr_carea' id='block_1_5' title="bbox 1889 578 3428 658">
    <p class='ocr_par' dir='ltr' id='par_1_5' title="bbox 1893 580 3428 651">
     <span class='ocr_line' id='line_1_5' title="bbox 1893 580 3428 651; baseline 0.001 -17"><span class='ocrx_word' id='word_1_35' title='bbox 1893 580 1994 634; x_wconf 84' lang='lat' dir='ltr'><strong>cile</strong></span> <span class='ocrx_word' id='word_1_36' title='bbox 2016 582 2187 648; x_wconf 86' lang='lat' dir='ltr'><strong>potuit</strong></span> <span class='ocrx_word' id='word_1_37' title='bbox 2208 585 2615 651; x_wconf 81' lang='lat' dir='ltr'><strong>comprehendi,</strong></span> <span class='ocrx_word' id='word_1_38' title='bbox 2635 585 2994 650; x_wconf 86' lang='lat' dir='ltr'><strong>enumeravit,</strong></span> <span class='ocrx_word' id='word_1_39' title='bbox 3021 605 3049 633; x_wconf 74' lang='grc' dir='ltr'>α</span> <span class='ocrx_word' id='word_1_40' title='bbox 3075 583 3375 651; x_wconf 78' lang='lat' dir='ltr'><strong>Quinquies</strong></span> <span class='ocrx_word' id='word_1_41' title='bbox 3409 599 3428 633; x_wconf 80' lang='grc' dir='ltr'><strong>ι</strong></span> 
     </span>
    </p>
   </div>
   <div class='ocr_carea' id='block_1_6' title="bbox 178 671 1717 750">
    <p class='ocr_par' dir='ltr' id='par_1_6' title="bbox 178 677 1717 750">
     <span class='ocr_line' id='line_1_6' title="bbox 178 677 1717 750; baseline -0.003 -17"><span class='ocrx_word' id='word_1_42' title='bbox 178 679 328 750; x_wconf 84' lang='grc' dir='ltr'>ιΤρίς</span> <span class='ocrx_word' id='word_1_43' title='bbox 347 693 395 730; x_wconf 75' lang='grc'><strong>’1</strong></span> <span class='ocrx_word' id='word_1_44' title='bbox 418 677 530 730; x_wconf 82' lang='grc' dir='ltr'><strong>τῶν</strong></span> <span class='ocrx_word' id='word_1_45' title='bbox 550 677 606 730; x_wconf 84' lang='grc' dir='ltr'>δὲ</span> <span class='ocrx_word' id='word_1_46' title='bbox 623 677 1049 749; x_wconf 73' lang='grc' dir='ltr'>δυσαριθμήτων</span> <span class='ocrx_word' id='word_1_47' title='bbox 1079 678 1348 750; x_wconf 74' lang='grc' dir='ltr'><strong>ἀορίστως</strong></span> <span class='ocrx_word' id='word_1_48' title='bbox 1373 677 1717 748; x_wconf 74' lang='grc' dir='ltr'><strong>ἐπεμνήσθη⁴</strong></span> 
     </span>
    </p>
   </div>
   <div class='ocr_carea' id='block_1_7' title="bbox 1894 671 3433 750">
    <p class='ocr_par' dir='ltr' id='par_1_7' title="bbox 1894 671 3433 746">
     <span class='ocr_line' id='line_1_7' title="bbox 1894 671 3433 746; baseline 0.001 -19"><span class='ocrx_word' id='word_1_49' title='bbox 1894 687 1948 727; x_wconf 69' lang='grc' dir='ltr'><strong>ιι</strong></span> <span class='ocrx_word' id='word_1_50' title='bbox 1987 671 2093 728; x_wconf 85' lang='lat' dir='ltr'><strong>Ter</strong></span> <span class='ocrx_word' id='word_1_51' title='bbox 2129 693 2150 725; x_wconf 78' lang='grc' dir='ltr'><strong>ι</strong></span> <span class='ocrx_word' id='word_1_52' title='bbox 2191 675 2417 730; x_wconf 83' lang='lat' dir='ltr'><strong>dicens:</strong></span> <span class='ocrx_word' id='word_1_53' title='bbox 2449 691 2634 731; x_wconf 89' lang='lat' dir='ltr'><strong>eorum</strong></span> <span class='ocrx_word' id='word_1_54' title='bbox 2669 691 2798 732; x_wconf 89' lang='lat' dir='ltr'><strong>vero</strong></span> <span class='ocrx_word' id='word_1_55' title='bbox 2826 691 2945 746; x_wconf 73' lang='lat' dir='ltr'><strong>qua:</strong></span> <span class='ocrx_word' id='word_1_56' title='bbox 2987 691 3090 730; x_wconf 90' lang='lat' dir='ltr'><strong>nou</strong></span> <span class='ocrx_word' id='word_1_57' title='bbox 3128 673 3286 729; x_wconf 82' lang='lat' dir='ltr'><strong>facile</strong></span> <span class='ocrx_word' id='word_1_58' title='bbox 3332 675 3433 728; x_wconf 90' lang='lat' dir='ltr'><strong>sub</strong></span> 
     </span>
    </p>
   </div>
   <div class='ocr_carea' id='block_1_8' title="bbox 179 766 1718 840">
    <p class='ocr_par' dir='ltr' id='par_1_8' title="bbox 179 767 1718 840">
     <span class='ocr_line' id='line_1_8' title="bbox 179 767 1718 840; baseline -0.003 -17"><span class='ocrx_word' id='word_1_59' title='bbox 179 789 196 823; x_wconf 88' lang='grc' dir='ltr'><strong>ι</strong></span> <span class='ocrx_word' id='word_1_60' title='bbox 227 768 628 840; x_wconf 75' lang='grc' dir='ltr'>Περισσοτέρως</span> <span class='ocrx_word' id='word_1_61' title='bbox 665 786 684 819; x_wconf 77' lang='grc' dir='ltr'><strong>ι</strong></span> <span class='ocrx_word' id='word_1_62' title='bbox 743 768 872 840; x_wconf 81' lang='grc' dir='ltr'>γὰρ,</span> <span class='ocrx_word' id='word_1_63' title='bbox 923 769 1057 838; x_wconf 82' lang='grc' dir='ltr'><strong>φησί</strong></span> <span class='ocrx_word' id='word_1_64' title='bbox 1079 808 1094 833; x_wconf 95' lang='grc'><strong>,</strong></span> <span class='ocrx_word' id='word_1_65' title='bbox 1124 768 1242 834; x_wconf 71' lang='grc' dir='ltr'>καὶ,</span> <span class='ocrx_word' id='word_1_66' title='bbox 1276 787 1296 820; x_wconf 85' lang='grc' dir='ltr'><strong>ι</strong></span> <span class='ocrx_word' id='word_1_67' title='bbox 1335 767 1718 838; x_wconf 67' lang='grc' dir='ltr'>’Υπερϐαλλόν</span> 
     </span>
    </p>
   </div>
   <div class='ocr_carea' id='block_1_9' title="bbox 1896 766 3435 840">
    <p class='ocr_par' dir='ltr' id='par_1_9' title="bbox 1896 766 3435 831">
     <span class='ocr_line' id='line_1_9' title="bbox 1896 766 3435 831; baseline 0 -11"><span class='ocrx_word' id='word_1_68' title='bbox 1896 781 2121 821; x_wconf 88' lang='lat' dir='ltr'><strong>nnerum</strong></span> <span class='ocrx_word' id='word_1_69' title='bbox 2147 771 2369 831; x_wconf 82' lang='lat' dir='ltr'><strong>cadunt,</strong></span> <span class='ocrx_word' id='word_1_70' title='bbox 2414 768 2690 823; x_wconf 75' lang='lat' dir='ltr'><strong>indefinite</strong></span> <span class='ocrx_word' id='word_1_71' title='bbox 2745 769 3030 825; x_wconf 89' lang='lat' dir='ltr'><strong>meminit:</strong></span> <span class='ocrx_word' id='word_1_72' title='bbox 3073 785 3091 820; x_wconf 88' lang='grc' dir='ltr'><strong>ι</strong></span> <span class='ocrx_word' id='word_1_73' title='bbox 3141 766 3435 822; x_wconf 77' lang='lat' dir='ltr'><strong>Abundan-</strong></span> 
     </span>
    </p>
   </div>
   <div class='ocr_carea' id='block_1_10' title="bbox 175 857 1714 932">
    <p class='ocr_par' dir='ltr' id='par_1_10' title="bbox 175 857 1714 932">
     <span class='ocr_line' id='line_1_10' title="bbox 175 857 1714 932; baseline -0.002 -17"><span class='ocrx_word' id='word_1_74' title='bbox 175 879 288 924; x_wconf 84' lang='grc' dir='ltr'>τως,</span> <span class='ocrx_word' id='word_1_75' title='bbox 312 877 332 912; x_wconf 77' lang='grc' dir='ltr'><strong>ι</strong></span> <span class='ocrx_word' id='word_1_76' title='bbox 364 859 480 925; x_wconf 75' lang='grc' dir='ltr'>καὶ,</span> <span class='ocrx_word' id='word_1_77' title='bbox 522 878 542 911; x_wconf 87' lang='grc' dir='ltr'><strong>ι</strong></span> <span class='ocrx_word' id='word_1_78' title='bbox 570 857 900 923; x_wconf 69' lang='grc' dir='ltr'>Πολλάκις.»</span> <span class='ocrx_word' id='word_1_79' title='bbox 953 860 1096 932; x_wconf 84' lang='grc' dir='ltr'>Ὅρα</span> <span class='ocrx_word' id='word_1_80' title='bbox 1125 861 1182 914; x_wconf 81' lang='grc' dir='ltr'>δὲ</span> <span class='ocrx_word' id='word_1_81' title='bbox 1211 859 1332 924; x_wconf 85' lang='grc' dir='ltr'><strong>πῶς</strong></span> <span class='ocrx_word' id='word_1_82' title='bbox 1355 858 1594 914; x_wconf 85' lang='grc' dir='ltr'>τοσαῦτα</span> <span class='ocrx_word' id='word_1_83' title='bbox 1621 859 1714 912; x_wconf 81' lang='grc' dir='ltr'>άπ‹</span> 
     </span>
    </p>
   </div>
   <div class='ocr_carea' id='block_1_11' title="bbox 1896 857 3435 932">
    <p class='ocr_par' dir='ltr' id='par_1_11' title="bbox 1896 857 3435 930">
     <span class='ocr_line' id='line_1_11' title="bbox 1896 857 3435 930; baseline 0.002 -20"><span class='ocrx_word' id='word_1_84' title='bbox 1896 871 1943 911; x_wconf 76' lang='grc' dir='ltr'><strong>ιι</strong></span> <span class='ocrx_word' id='word_1_85' title='bbox 1977 875 1996 910; x_wconf 77' lang='grc' dir='ltr'><strong>ι</strong></span> <span class='ocrx_word' id='word_1_86' title='bbox 2030 857 2198 923; x_wconf 80' lang='lat' dir='ltr'><strong>enim,</strong></span> <span class='ocrx_word' id='word_1_87' title='bbox 2233 859 2431 928; x_wconf 79' lang='lat' dir='ltr'><strong>inquit,</strong></span> <span class='ocrx_word' id='word_1_88' title='bbox 2464 869 2518 913; x_wconf 90' lang='lat' dir='ltr'><strong>et</strong></span> <span class='ocrx_word' id='word_1_89' title='bbox 2549 878 2568 912; x_wconf 83' lang='grc' dir='ltr'><strong>ι</strong></span> <span class='ocrx_word' id='word_1_90' title='bbox 2605 859 2778 930; x_wconf 87' lang='lat' dir='ltr'><strong>Supra</strong></span> <span class='ocrx_word' id='word_1_91' title='bbox 2815 860 3053 926; x_wconf 88' lang='lat' dir='ltr'><strong>modum,</strong></span> <span class='ocrx_word' id='word_1_92' title='bbox 3088 878 3108 911; x_wconf 73' lang='grc' dir='ltr'><strong>ι</strong></span> <span class='ocrx_word' id='word_1_93' title='bbox 3143 870 3217 923; x_wconf 91' lang='lat' dir='ltr'><strong>et,</strong></span> <span class='ocrx_word' id='word_1_94' title='bbox 3261 877 3281 910; x_wconf 80' lang='grc' dir='ltr'><strong>ι</strong></span> <span class='ocrx_word' id='word_1_95' title='bbox 3305 859 3435 914; x_wconf 84' lang='lat' dir='ltr'><strong>Fre-</strong></span> 
     </span>
    </p>
   </div>
   <div class='ocr_carea' id='block_1_12' title="bbox 180 948 1719 1026">
    <p class='ocr_par' dir='ltr' id='par_1_12' title="bbox 180 948 1719 1026">
     <span class='ocr_line' id='line_1_12' title="bbox 180 948 1719 1026; baseline -0.004 -16"><span class='ocrx_word' id='word_1_96' title='bbox 180 951 612 1026; x_wconf 86' lang='grc' dir='ltr'>αριθμησάμενος</span> <span class='ocrx_word' id='word_1_97' title='bbox 635 953 897 1023; x_wconf 81' lang='grc' dir='ltr'>δυσχερῆ,</span> <span class='ocrx_word' id='word_1_98' title='bbox 926 953 1027 1006; x_wconf 76' lang='grc' dir='ltr'><strong>οὐκ</strong></span> <span class='ocrx_word' id='word_1_99' title='bbox 1073 948 1253 1018; x_wconf 81' lang='grc' dir='ltr'>εἶπεν,</span> <span class='ocrx_word' id='word_1_100' title='bbox 1271 954 1433 1017; x_wconf 81' lang='grc' dir='ltr'><strong>ὅσους</strong></span> <span class='ocrx_word' id='word_1_101' title='bbox 1466 951 1719 1023; x_wconf 58' lang='lat' dir='ltr'><strong>estsaepe-</strong></span> 
     </span>
    </p>
   </div>
   <div class='ocr_carea' id='block_1_13' title="bbox 1895 948 3434 1026">
    <p class='ocr_par' dir='ltr' id='par_1_13' title="bbox 1895 950 3434 1023">
     <span class='ocr_line' id='line_1_13' title="bbox 1895 950 3434 1023; baseline 0.001 -21"><span class='ocrx_word' id='word_1_102' title='bbox 1895 960 2086 1007; x_wconf 73' lang='lat' dir='ltr'><strong>tenter.</strong></span> <span class='ocrx_word' id='word_1_103' title='bbox 2124 969 2144 1004; x_wconf 79' lang='grc' dir='ltr'><strong>ι</strong></span> <span class='ocrx_word' id='word_1_104' title='bbox 2207 950 2339 1007; x_wconf 84' lang='lat' dir='ltr'><strong>Vide</strong></span> <span class='ocrx_word' id='word_1_105' title='bbox 2378 961 2559 1007; x_wconf 76' lang='lat' dir='ltr'><strong>autem</strong></span> <span class='ocrx_word' id='word_1_106' title='bbox 2590 953 2862 1023; x_wconf 85' lang='lat' dir='ltr'><strong>quomodo</strong></span> <span class='ocrx_word' id='word_1_107' title='bbox 2908 962 2984 1008; x_wconf 91' lang='lat' dir='ltr'><strong>tot</strong></span> <span class='ocrx_word' id='word_1_108' title='bbox 3019 963 3273 1023; x_wconf 87' lang='lat' dir='ltr'><strong>tantaque</strong></span> <span class='ocrx_word' id='word_1_109' title='bbox 3302 966 3434 1006; x_wconf 90' lang='lat' dir='ltr'><strong>enu-</strong></span> 
     </span>
    </p>
   </div>
   <div class='ocr_carea' id='block_1_14' title="bbox 177 1011 1716 1119">
    <p class='ocr_par' dir='ltr' id='par_1_14' title="bbox 177 1011 1716 1119">
     <span class='ocr_line' id='line_1_14' title="bbox 177 1011 1716 1119; baseline -0.001 -20"><span class='ocrx_word' id='word_1_110' title='bbox 177 1011 265 1119; x_wconf 74' lang='grc' dir='ltr'><strong>ψεν</strong></span> <span class='ocrx_word' id='word_1_111' title='bbox 284 1011 427 1107; x_wconf 45' lang='lat' dir='ltr'><strong>sic.&quot;</strong></span> <span class='ocrx_word' id='word_1_112' title='bbox 449 1011 710 1116; x_wconf 48' lang='lat' dir='ltr'><strong>dipteros),</strong></span> <span class='ocrx_word' id='word_1_113' title='bbox 739 1011 1000 1117; x_wconf 48' lang='grc' dir='ltr'>Ξμανμὲν</span> <span class='ocrx_word' id='word_1_114' title='bbox 1060 1011 1496 1118; x_wconf 84' lang='grc' dir='ltr'>μετριοφρονῶν,</span> <span class='ocrx_word' id='word_1_115' title='bbox 1531 1011 1658 1116; x_wconf 49' lang='grc' dir='ltr'>ἅμα.</span> <span class='ocrx_word' id='word_1_116' title='bbox 1677 1045 1716 1098; x_wconf 75' lang='grc' dir='ltr'><strong>δί</strong></span> 
     </span>
    </p>
   </div>
   <div class='ocr_carea' id='block_1_15' title="bbox 1921 1011 3460 1119">
    <p class='ocr_par' dir='ltr' id='par_1_15' title="bbox 1921 1011 3460 1117">
     <span class='ocr_line' id='line_1_15' title="bbox 1921 1011 3460 1117; baseline 0 -20"><span class='ocrx_word' id='word_1_117' title='bbox 1921 1058 2057 1100; x_wconf 80' lang='lat' dir='ltr'><strong>:rans</strong></span> <span class='ocrx_word' id='word_1_118' title='bbox 2086 1045 2336 1111; x_wconf 81' lang='lat' dir='ltr'><strong>adversa,</strong></span> <span class='ocrx_word' id='word_1_119' title='bbox 2373 1062 2479 1100; x_wconf 85' lang='lat' dir='ltr'><strong>non</strong></span> <span class='ocrx_word' id='word_1_120' title='bbox 2507 1011 2707 1102; x_wconf 79' lang='lat' dir='ltr'><strong>dixerit</strong></span> <span class='ocrx_word' id='word_1_121' title='bbox 2730 1056 2862 1117; x_wconf 87' lang='lat' dir='ltr'><strong>quot</strong></span> <span class='ocrx_word' id='word_1_122' title='bbox 2893 1049 2961 1101; x_wconf 87' lang='lat' dir='ltr'><strong>ad</strong></span> <span class='ocrx_word' id='word_1_123' title='bbox 3001 1011 3276 1102; x_wconf 66' lang='lat' dir='ltr'><strong>Christum</strong></span> <span class='ocrx_word' id='word_1_124' title='bbox 3305 1011 3460 1100; x_wconf 56' lang='lat' dir='ltr'><strong>conc!</strong></span> 
     </span>
    </p>
   </div>
   <div class='ocr_carea' id='block_1_16' title="bbox 178 1137 1717 1210">
    <p class='ocr_par' dir='ltr' id='par_1_16' title="bbox 178 1137 1717 1210">
     <span class='ocr_line' id='line_1_16' title="bbox 178 1137 1717 1210; baseline -0.003 -16"><span class='ocrx_word' id='word_1_125' title='bbox 178 1141 262 1195; x_wconf 76' lang='grc' dir='ltr'><strong>καὶ</strong></span> <span class='ocrx_word' id='word_1_126' title='bbox 289 1138 576 1204; x_wconf 78' lang='grc' dir='ltr'>διδάσκων,</span> <span class='ocrx_word' id='word_1_127' title='bbox 606 1139 691 1192; x_wconf 82' lang='grc' dir='ltr'>ὅτι</span> <span class='ocrx_word' id='word_1_128' title='bbox 724 1138 827 1193; x_wconf 79' lang='grc' dir='ltr'>κᾶν</span> <span class='ocrx_word' id='word_1_129' title='bbox 860 1139 1030 1209; x_wconf 73' lang='grc' dir='ltr'>μηδὲν</span> <span class='ocrx_word' id='word_1_130' title='bbox 1066 1139 1293 1210; x_wconf 86' lang='grc' dir='ltr'>γένηται</span> <span class='ocrx_word' id='word_1_131' title='bbox 1340 1138 1504 1192; x_wconf 81' lang='grc' dir='ltr'>πλέον</span> <span class='ocrx_word' id='word_1_132' title='bbox 1529 1137 1608 1209; x_wconf 82' lang='grc' dir='ltr'>τῷ</span> <span class='ocrx_word' id='word_1_133' title='bbox 1633 1153 1717 1190; x_wconf 80' lang='grc' dir='ltr'>πο·</span> 
     </span>
    </p>
   </div>
   <div class='ocr_carea' id='block_1_17' title="bbox 1896 1137 3435 1210">
    <p class='ocr_par' dir='ltr' id='par_1_17' title="bbox 1896 1137 3435 1208">
     <span class='ocr_line' id='line_1_17' title="bbox 1896 1137 3435 1208; baseline 0.001 -18"><span class='ocrx_word' id='word_1_134' title='bbox 1896 1137 2090 1204; x_wconf 73' lang='lat' dir='ltr'><strong>:rterit,</strong></span> <span class='ocrx_word' id='word_1_135' title='bbox 2119 1137 2282 1194; x_wconf 80' lang='lat' dir='ltr'><strong>simul</strong></span> <span class='ocrx_word' id='word_1_136' title='bbox 2307 1138 2523 1208; x_wconf 89' lang='lat' dir='ltr'><strong>quidem</strong></span> <span class='ocrx_word' id='word_1_137' title='bbox 2551 1139 2826 1194; x_wconf 82' lang='lat' dir='ltr'><strong>moderata</strong></span> <span class='ocrx_word' id='word_1_138' title='bbox 2859 1139 3095 1208; x_wconf 88' lang='lat' dir='ltr'><strong>spirans,</strong></span> <span class='ocrx_word' id='word_1_139' title='bbox 3139 1138 3299 1193; x_wconf 89' lang='lat' dir='ltr'><strong>simul</strong></span> <span class='ocrx_word' id='word_1_140' title='bbox 3341 1152 3435 1192; x_wconf 85' lang='lat' dir='ltr'><strong>ve-</strong></span> 
     </span>
    </p>
   </div>
   <div class='ocr_carea' id='block_1_18' title="bbox 178 1181 1717 1303">
    <p class='ocr_par' dir='ltr' id='par_1_18' title="bbox 178 1181 1717 1303">
     <span class='ocr_line' id='line_1_18' title="bbox 181 1181 1702 1210; baseline -0.003 -16"><span class='ocrx_word' id='word_1_141' title='bbox 181 1181 262 1195; x_wconf 71' lang='grc' dir='ltr'><em>η...</em></span> <span class='ocrx_word' id='word_1_142' title='bbox 290 1181 576 1204; x_wconf 55' lang='grc' dir='ltr'><strong>-.-κ-μνη</strong></span> <span class='ocrx_word' id='word_1_143' title='bbox 608 1181 691 1192; x_wconf 68' lang='grc' dir='ltr'><strong>..η</strong></span> <span class='ocrx_word' id='word_1_144' title='bbox 725 1181 823 1193; x_wconf 75' lang='grc' dir='ltr'><strong>η...</strong></span> <span class='ocrx_word' id='word_1_145' title='bbox 860 1181 1027 1209; x_wconf 39' lang='lat' dir='ltr'><strong>ru--.</strong></span> <span class='ocrx_word' id='word_1_146' title='bbox 1076 1181 1293 1210; x_wconf 79' lang='grc'><strong>,-,.,....</strong></span> <span class='ocrx_word' id='word_1_147' title='bbox 1348 1181 1499 1192; x_wconf 74' lang='grc'><strong>....--,</strong></span> <span class='ocrx_word' id='word_1_148' title='bbox 1539 1181 1606 1209; x_wconf 61' lang='grc' dir='ltr'><strong>με,</strong></span> <span class='ocrx_word' id='word_1_149' title='bbox 1639 1181 1702 1190; x_wconf 80' lang='lat'><strong>..-</strong></span> 
     </span>
     <span class='ocr_line' id='line_1_19' title="bbox 178 1229 1717 1303; baseline -0.001 -18"><span class='ocrx_word' id='word_1_150' title='bbox 178 1229 427 1302; x_wconf 76' lang='grc' dir='ltr'>νουμένῳ,</span> <span class='ocrx_word' id='word_1_151' title='bbox 463 1231 559 1284; x_wconf 83' lang='grc' dir='ltr'><strong>καί</strong></span> <span class='ocrx_word' id='word_1_152' title='bbox 617 1229 760 1284; x_wconf 72' lang='grc' dir='ltr'>οὕτω</span> <span class='ocrx_word' id='word_1_153' title='bbox 821 1230 890 1285; x_wconf 83' lang='grc' dir='ltr'>τὰ</span> <span class='ocrx_word' id='word_1_154' title='bbox 939 1231 1050 1286; x_wconf 85' lang='grc' dir='ltr'><strong>τῶν</strong></span> <span class='ocrx_word' id='word_1_155' title='bbox 1100 1231 1310 1303; x_wconf 92' lang='grc' dir='ltr'>μισθῶν</span> <span class='ocrx_word' id='word_1_156' title='bbox 1337 1229 1495 1286; x_wconf 66' lang='grc' dir='ltr'>ἕσται</span> <span class='ocrx_word' id='word_1_157' title='bbox 1525 1229 1717 1302; x_wconf 74' lang='grc' dir='ltr'>πεπλη</span> 
     </span>
    </p>
   </div>
   <div class='ocr_carea' id='block_1_19' title="bbox 1925 1181 3464 1303">
    <p class='ocr_par' dir='ltr' id='par_1_19' title="bbox 1925 1181 3464 1301">
     <span class='ocr_line' id='line_1_20' title="bbox 1925 1181 3404 1208; baseline 0.002 -19"><span class='ocrx_word' id='word_1_158' title='bbox 1925 1181 2090 1204; x_wconf 44' lang='grc' dir='ltr'><strong>ν.ν...,</strong></span> <span class='ocrx_word' id='word_1_159' title='bbox 2119 1181 2282 1194; x_wconf 72' lang='lat'><strong>-.......</strong></span> <span class='ocrx_word' id='word_1_160' title='bbox 2552 1181 2826 1194; x_wconf 69' lang='lat'><strong>....,..-......</strong></span> <span class='ocrx_word' id='word_1_161' title='bbox 2859 1181 3095 1208; x_wconf 58' lang='grc' dir='ltr'><strong>..νη-..η</strong></span> <span class='ocrx_word' id='word_1_162' title='bbox 3139 1181 3299 1193; x_wconf 75' lang='lat'><strong>.........</strong></span> <span class='ocrx_word' id='word_1_163' title='bbox 3351 1181 3404 1192; x_wconf 72' lang='grc' dir='ltr'>,ν</span> 
     </span>
     <span class='ocr_line' id='line_1_21' title="bbox 1935 1181 3464 1301; baseline -0.001 -17"><span class='ocrx_word' id='word_1_164' title='bbox 1935 1229 2156 1298; x_wconf 84' lang='lat' dir='ltr'><strong>docens,</strong></span> <span class='ocrx_word' id='word_1_165' title='bbox 2189 1233 2334 1301; x_wconf 86' lang='lat' dir='ltr'><strong>quod</strong></span> <span class='ocrx_word' id='word_1_166' title='bbox 2366 1232 2581 1286; x_wconf 84' lang='lat' dir='ltr'><strong>etiamsi</strong></span> <span class='ocrx_word' id='word_1_167' title='bbox 2616 1231 2752 1286; x_wconf 85' lang='lat' dir='ltr'><strong>nihil</strong></span> <span class='ocrx_word' id='word_1_168' title='bbox 2795 1231 3024 1301; x_wconf 81' lang='lat' dir='ltr'><strong>amplius</strong></span> <span class='ocrx_word' id='word_1_169' title='bbox 3051 1230 3313 1286; x_wconf 76' lang='lat' dir='ltr'><strong>laboranti</strong></span> <span class='ocrx_word' id='word_1_170' title='bbox 3340 1181 3464 1284; x_wconf 70' lang='grc' dir='ltr'><strong>οι)-Ι</strong></span> 
     </span>
    </p>
   </div>
   <div class='ocr_carea' id='block_1_20' title="bbox 180 1320 3439 1395">
    <p class='ocr_par' dir='ltr' id='par_1_20' title="bbox 180 1320 3439 1395">
     <span class='ocr_line' id='line_1_22' title="bbox 180 1320 3439 1395; baseline -0.001 -19"><span class='ocrx_word' id='word_1_171' title='bbox 180 1323 404 1395; x_wconf 83' lang='grc' dir='ltr'>ρωμὲνα.</span> <span class='ocrx_word' id='word_1_172' title='bbox 1841 1320 2046 1387; x_wconf 81' lang='lat' dir='ltr'><strong>veniat,</strong></span> <span class='ocrx_word' id='word_1_173' title='bbox 2080 1323 2164 1376; x_wconf 90' lang='lat' dir='ltr'><strong>vel</strong></span> <span class='ocrx_word' id='word_1_174' title='bbox 2198 1323 2279 1378; x_wconf 92' lang='lat' dir='ltr'><strong>sic</strong></span> <span class='ocrx_word' id='word_1_175' title='bbox 2310 1337 2527 1392; x_wconf 89' lang='lat' dir='ltr'><strong>quoque</strong></span> <span class='ocrx_word' id='word_1_176' title='bbox 2552 1323 2765 1392; x_wconf 84' lang='lat' dir='ltr'><strong>plenam</strong></span> <span class='ocrx_word' id='word_1_177' title='bbox 2814 1322 3118 1376; x_wconf 87' lang='lat' dir='ltr'><strong>mercedem</strong></span> <span class='ocrx_word' id='word_1_178' title='bbox 3163 1321 3236 1373; x_wconf 88' lang='lat' dir='ltr'><strong>sit</strong></span> <span class='ocrx_word' id='word_1_179' title='bbox 3285 1333 3439 1375; x_wconf 83' lang='lat' dir='ltr'><strong>acce-</strong></span> 
     </span>
    </p>
   </div>
   <div class='ocr_carea' id='block_1_21' title="bbox 1845 1422 2065 1483">
    <p class='ocr_par' dir='ltr' id='par_1_21' title="bbox 1845 1422 2065 1483">
     <span class='ocr_line' id='line_1_23' title="bbox 1845 1422 2065 1483; baseline -0.005 -18"><span class='ocrx_word' id='word_1_180' title='bbox 1845 1422 2065 1483; x_wconf 89' lang='lat' dir='ltr'><strong>pturus.</strong></span> 
     </span>
    </p>
   </div>
   <div class='ocr_carea' id='block_1_22' title="bbox 241 1499 1780 1582">
    <p class='ocr_par' dir='ltr' id='par_1_22' title="bbox 241 1506 1740 1582">
     <span class='ocr_line' id='line_1_24' title="bbox 241 1506 1740 1582; baseline 0.003 -22"><span class='ocrx_word' id='word_1_181' title='bbox 241 1527 260 1560; x_wconf 83' lang='grc' dir='ltr'><strong>ι</strong></span> <span class='ocrx_word' id='word_1_182' title='bbox 313 1506 374 1562; x_wconf 86' lang='lat' dir='ltr'><strong>&#39;H</strong></span> <span class='ocrx_word' id='word_1_183' title='bbox 433 1507 792 1574; x_wconf 77' lang='grc' dir='ltr'>ὲπισύστασίς</span> <span class='ocrx_word' id='word_1_184' title='bbox 843 1524 947 1580; x_wconf 86' lang='grc' dir='ltr'><strong>μου</strong></span> <span class='ocrx_word' id='word_1_185' title='bbox 1007 1507 1202 1582; x_wconf 68' lang='grc' dir='ltr'>ἡκαθ*</span> <span class='ocrx_word' id='word_1_186' title='bbox 1233 1509 1470 1581; x_wconf 74' lang='grc' dir='ltr'>ἡμέραν.</span> <span class='ocrx_word' id='word_1_187' title='bbox 1505 1527 1524 1564; x_wconf 76' lang='grc' dir='ltr'><strong>ι</strong></span> <span class='ocrx_word' id='word_1_188' title='bbox 1564 1506 1740 1564; x_wconf 78' lang='grc' dir='ltr'>Τουτ-</span> 
     </span>
    </p>
   </div>
   <div class='ocr_carea' id='block_1_23' title="bbox 1898 1499 3437 1582">
    <p class='ocr_par' dir='ltr' id='par_1_23' title="bbox 1921 1499 3437 1582">
     <span class='ocr_line' id='line_1_25' title="bbox 1921 1499 3437 1582; baseline -0.001 -26"><span class='ocrx_word' id='word_1_189' title='bbox 1921 1521 1940 1556; x_wconf 89' lang='grc' dir='ltr'><strong>ι</strong></span> <span class='ocrx_word' id='word_1_190' title='bbox 1978 1501 2240 1559; x_wconf 87' lang='lat' dir='ltr'><strong>lustantia</strong></span> <span class='ocrx_word' id='word_1_191' title='bbox 2283 1521 2402 1560; x_wconf 86' lang='lat' dir='ltr'><strong>mea</strong></span> <span class='ocrx_word' id='word_1_192' title='bbox 2436 1505 2770 1576; x_wconf 86' lang='lat' dir='ltr'><strong>quotidiana.</strong></span> <span class='ocrx_word' id='word_1_193' title='bbox 2809 1523 2829 1558; x_wconf 78' lang='grc' dir='ltr'><strong>ι</strong></span> <span class='ocrx_word' id='word_1_194' title='bbox 2869 1505 2982 1561; x_wconf 82' lang='lat' dir='ltr'><strong>lloc</strong></span> <span class='ocrx_word' id='word_1_195' title='bbox 3032 1510 3136 1570; x_wconf 88' lang='lat' dir='ltr'><strong>est,</strong></span> <span class='ocrx_word' id='word_1_196' title='bbox 3187 1499 3437 1582; x_wconf 81' lang='lat' dir='ltr'><strong>furibun-</strong></span> 
     </span>
    </p>
   </div>
   <div class='ocr_carea' id='block_1_24' title="bbox 180 1595 1719 1674">
    <p class='ocr_par' dir='ltr' id='par_1_24' title="bbox 180 1600 1717 1674">
     <span class='ocr_line' id='line_1_26' title="bbox 180 1600 1717 1674; baseline 0.002 -19"><span class='ocrx_word' id='word_1_197' title='bbox 180 1602 393 1673; x_wconf 80' lang='grc' dir='ltr'>έστιν,ή</span> <span class='ocrx_word' id='word_1_198' title='bbox 453 1600 643 1670; x_wconf 77' lang='grc' dir='ltr'>ἔφοδος</span> <span class='ocrx_word' id='word_1_199' title='bbox 677 1604 711 1674; x_wconf 76' lang='grc' dir='ltr'>ἡ</span> <span class='ocrx_word' id='word_1_200' title='bbox 771 1600 1071 1673; x_wconf 76' lang='grc' dir='ltr'><strong>μανιώδης,</strong></span> <span class='ocrx_word' id='word_1_201' title='bbox 1135 1603 1231 1656; x_wconf 64' lang='grc' dir='ltr'><strong>κα)⁸</strong></span> <span class='ocrx_word' id='word_1_202' title='bbox 1279 1602 1717 1674; x_wconf 83' lang='grc' dir='ltr'>ήὲπανάστασις</span> 
     </span>
    </p>
   </div>
   <div class='ocr_carea' id='block_1_25' title="bbox 1900 1595 3439 1674">
    <p class='ocr_par' dir='ltr' id='par_1_25' title="bbox 1900 1595 3439 1670">
     <span class='ocr_line' id='line_1_27' title="bbox 1900 1595 3439 1670; baseline -0.001 -19"><span class='ocrx_word' id='word_1_203' title='bbox 1900 1598 2208 1652; x_wconf 80' lang='lat' dir='ltr'><strong>tsinsnltus</strong></span> <span class='ocrx_word' id='word_1_204' title='bbox 2237 1606 2291 1652; x_wconf 86' lang='lat' dir='ltr'><strong>et</strong></span> <span class='ocrx_word' id='word_1_205' title='bbox 2349 1598 2694 1664; x_wconf 88' lang='lat' dir='ltr'><strong>iusnrrectio,</strong></span> <span class='ocrx_word' id='word_1_206' title='bbox 2737 1614 2842 1668; x_wconf 88' lang='lat' dir='ltr'><strong>qua</strong></span> <span class='ocrx_word' id='word_1_207' title='bbox 2900 1598 3066 1670; x_wconf 77' lang='lat'><strong>308</strong></span> <span class='ocrx_word' id='word_1_208' title='bbox 3121 1595 3314 1666; x_wconf 82' lang='lat' dir='ltr'><strong>vulgus</strong></span> <span class='ocrx_word' id='word_1_209' title='bbox 3370 1608 3439 1650; x_wconf 83' lang='lat' dir='ltr'><strong>ex</strong></span> 
     </span>
    </p>
   </div>
   <div class='ocr_carea' id='block_1_26' title="bbox 175 1689 1714 1768">
    <p class='ocr_par' dir='ltr' id='par_1_26' title="bbox 175 1692 1714 1767">
     <span class='ocr_line' id='line_1_28' title="bbox 175 1692 1714 1767; baseline 0.001 -20"><span class='ocrx_word' id='word_1_210' title='bbox 175 1695 238 1766; x_wconf 68' lang='grc' dir='ltr'><strong>ην</strong></span> <span class='ocrx_word' id='word_1_211' title='bbox 274 1692 550 1748; x_wconf 88' lang='grc' dir='ltr'>ποιοῦνται</span> <span class='ocrx_word' id='word_1_212' title='bbox 582 1694 703 1748; x_wconf 88' lang='grc' dir='ltr'>κατ’</span> <span class='ocrx_word' id='word_1_213' title='bbox 735 1694 872 1766; x_wconf 74' lang='grc' dir='ltr'>ἐμοῦ</span> <span class='ocrx_word' id='word_1_214' title='bbox 906 1695 1032 1749; x_wconf 83' lang='grc' dir='ltr'>καθ’</span> <span class='ocrx_word' id='word_1_215' title='bbox 1060 1693 1298 1766; x_wconf 76' lang='grc' dir='ltr'>ἑκάστην</span> <span class='ocrx_word' id='word_1_216' title='bbox 1321 1696 1368 1750; x_wconf 88' lang='lat' dir='ltr'><strong>ol</strong></span> <span class='ocrx_word' id='word_1_217' title='bbox 1391 1695 1552 1767; x_wconf 84' lang='grc' dir='ltr'><strong>δῆμοι</strong></span> <span class='ocrx_word' id='word_1_218' title='bbox 1582 1698 1714 1767; x_wconf 58' lang='grc' dir='ltr'>κοινῆ</span> 
     </span>
    </p>
   </div>
   <div class='ocr_carea' id='block_1_27' title="bbox 1393 1689 2932 1768">
    <p class='ocr_par' dir='ltr' id='par_1_27' title="bbox 1393 1689 2932 1768">
     <span class='ocr_line' id='line_1_29' title="bbox 1393 1689 2932 1768; baseline -0.003 -18"><span class='ocrx_word' id='word_1_219' title='bbox 1393 1695 1552 1767; x_wconf 84' lang='grc' dir='ltr'>δῆμοι</span> <span class='ocrx_word' id='word_1_220' title='bbox 1582 1697 1739 1768; x_wconf 80' lang='grc' dir='ltr'>κοινῇ</span> <span class='ocrx_word' id='word_1_221' title='bbox 1846 1689 2124 1745; x_wconf 86' lang='lat' dir='ltr'><strong>communi</strong></span> <span class='ocrx_word' id='word_1_222' title='bbox 2159 1691 2428 1746; x_wconf 75' lang='lat' dir='ltr'><strong>sententia</strong></span> <span class='ocrx_word' id='word_1_223' title='bbox 2468 1707 2555 1746; x_wconf 91' lang='lat' dir='ltr'><strong>me</strong></span> <span class='ocrx_word' id='word_1_224' title='bbox 2591 1692 2932 1747; x_wconf 89' lang='lat' dir='ltr'><strong>adoriuntur.</strong></span> 
     </span>
    </p>
   </div>
   <div class='ocr_carea' id='block_1_28' title="bbox 209 1805 376 1841">
    <p class='ocr_par' dir='ltr' id='par_1_28' title="bbox 209 1805 376 1841">
     <span class='ocr_line' id='line_1_30' title="bbox 209 1805 376 1841; baseline -0.006 0"><span class='ocrx_word' id='word_1_225' title='bbox 209 1805 376 1841; x_wconf 74' lang='grc' dir='ltr'>νωμη.</span> 
     </span>
    </p>
   </div>
   <div class='ocr_carea' id='block_1_29' title="bbox 174 1805 1713 1951">
    <p class='ocr_par' dir='ltr' id='par_1_29' title="bbox 174 1805 1713 1951">
     <span class='ocr_line' id='line_1_31' title="bbox 209 1805 376 1841; baseline -0.006 0"><span class='ocrx_word' id='word_1_226' title='bbox 209 1805 297 1841; x_wconf 78' lang='grc' dir='ltr'>νωο</span> <span class='ocrx_word' id='word_1_227' title='bbox 362 1826 376 1840; x_wconf 92' lang='grc'><strong>.</strong></span> 
     </span>
     <span class='ocr_line' id='line_1_32' title="bbox 174 1805 1713 1951; baseline 0.001 -20"><span class='ocrx_word' id='word_1_228' title='bbox 174 1805 206 1858; x_wconf 61' lang='grc' dir='ltr'><strong>Ὺ</strong></span> <span class='ocrx_word' id='word_1_229' title='bbox 397 1878 644 1951; x_wconf 82' lang='grc' dir='ltr'>μέριμνα</span> <span class='ocrx_word' id='word_1_230' title='bbox 701 1877 895 1932; x_wconf 80' lang='grc' dir='ltr'>πασῶν</span> <span class='ocrx_word' id='word_1_231' title='bbox 948 1877 1063 1932; x_wconf 83' lang='grc' dir='ltr'><strong>τῶν</strong></span> <span class='ocrx_word' id='word_1_232' title='bbox 1100 1876 1465 1948; x_wconf 83' lang='grc' dir='ltr'>Ἐκκλησιῶν.</span> <span class='ocrx_word' id='word_1_233' title='bbox 1513 1896 1532 1931; x_wconf 79' lang='grc' dir='ltr'><strong>ι</strong></span> <span class='ocrx_word' id='word_1_234' title='bbox 1565 1877 1713 1932; x_wconf 85' lang='grc' dir='ltr'>Τοῦτι</span> 
     </span>
    </p>
   </div>
   <div class='ocr_carea' id='block_1_30' title="bbox 1903 1805 3442 1951">
    <p class='ocr_par' dir='ltr' id='par_1_30' title="bbox 1921 1869 3442 1928">
     <span class='ocr_line' id='line_1_33' title="bbox 1921 1869 3442 1928; baseline 0.001 -4"><span class='ocrx_word' id='word_1_235' title='bbox 1921 1889 1942 1924; x_wconf 88' lang='grc' dir='ltr'><strong>ι</strong></span> <span class='ocrx_word' id='word_1_236' title='bbox 2007 1869 2329 1926; x_wconf 83' lang='lat' dir='ltr'><strong>Sollicitudo</strong></span> <span class='ocrx_word' id='word_1_237' title='bbox 2382 1871 2624 1928; x_wconf 88' lang='lat' dir='ltr'><strong>omnium</strong></span> <span class='ocrx_word' id='word_1_238' title='bbox 2677 1871 3063 1928; x_wconf 89' lang='lat' dir='ltr'><strong>Ecclesiarum.</strong></span> <span class='ocrx_word' id='word_1_239' title='bbox 3104 1890 3124 1925; x_wconf 79' lang='grc' dir='ltr'><strong>ι</strong></span> <span class='ocrx_word' id='word_1_240' title='bbox 3186 1871 3313 1927; x_wconf 70' lang='lat' dir='ltr'><strong>Haec</strong></span> <span class='ocrx_word' id='word_1_241' title='bbox 3357 1880 3442 1928; x_wconf 91' lang='lat' dir='ltr'><strong>est</strong></span> 
     </span>
    </p>
   </div>
   <div class='ocr_carea' id='block_1_31' title="bbox 173 1963 1712 2043">
    <p class='ocr_par' dir='ltr' id='par_1_31' title="bbox 173 1970 1711 2043">
     <span class='ocr_line' id='line_1_34' title="bbox 173 1970 1711 2043; baseline 0 -17"><span class='ocrx_word' id='word_1_242' title='bbox 173 1971 232 2026; x_wconf 76' lang='grc' dir='ltr'>τὸ</span> <span class='ocrx_word' id='word_1_243' title='bbox 263 1971 550 2040; x_wconf 80' lang='grc' dir='ltr'>κεφάλαιον</span> <span class='ocrx_word' id='word_1_244' title='bbox 617 1970 878 2027; x_wconf 85' lang='grc' dir='ltr'>ἁπάντων</span> <span class='ocrx_word' id='word_1_245' title='bbox 903 1988 919 2005; x_wconf 89' lang='grc'><strong>·</strong></span> <span class='ocrx_word' id='word_1_246' title='bbox 947 1972 997 2026; x_wconf 89' lang='grc' dir='ltr'><strong>εἰ</strong></span> <span class='ocrx_word' id='word_1_247' title='bbox 1027 1970 1138 2042; x_wconf 83' lang='grc' dir='ltr'>γὰρ</span> <span class='ocrx_word' id='word_1_248' title='bbox 1203 1972 1382 2036; x_wconf 84' lang='grc' dir='ltr'>οἰκίας</span> <span class='ocrx_word' id='word_1_249' title='bbox 1412 1971 1546 2042; x_wconf 78' lang='grc' dir='ltr'>μιᾶς</span> <span class='ocrx_word' id='word_1_250' title='bbox 1602 1988 1711 2043; x_wconf 87' lang='grc' dir='ltr'><strong>προ</strong></span> 
     </span>
    </p>
   </div>
   <div class='ocr_carea' id='block_1_32' title="bbox 1899 1963 3438 2043">
    <p class='ocr_par' dir='ltr' id='par_1_32' title="bbox 1899 1963 3438 2037">
     <span class='ocr_line' id='line_1_35' title="bbox 1899 1963 3438 2037; baseline 0.001 -20"><span class='ocrx_word' id='word_1_251' title='bbox 1899 1978 2054 2018; x_wconf 77' lang='lat' dir='ltr'><strong>Imma</strong></span> <span class='ocrx_word' id='word_1_252' title='bbox 2083 1964 2347 2020; x_wconf 89' lang='lat' dir='ltr'><strong>omnium.</strong></span> <span class='ocrx_word' id='word_1_253' title='bbox 2383 1964 2444 2020; x_wconf 89' lang='lat' dir='ltr'><strong>Si</strong></span> <span class='ocrx_word' id='word_1_254' title='bbox 2471 1965 2614 2020; x_wconf 86' lang='lat' dir='ltr'><strong>enim</strong></span> <span class='ocrx_word' id='word_1_255' title='bbox 2651 1965 2696 2020; x_wconf 89' lang='lat' dir='ltr'><strong>is</strong></span> <span class='ocrx_word' id='word_1_256' title='bbox 2723 1965 2816 2037; x_wconf 90' lang='lat' dir='ltr'><strong>qui</strong></span> <span class='ocrx_word' id='word_1_257' title='bbox 2864 1965 3023 2020; x_wconf 89' lang='lat' dir='ltr'><strong>unius</strong></span> <span class='ocrx_word' id='word_1_258' title='bbox 3067 1963 3438 2020; x_wconf 80' lang='lat' dir='ltr'><strong>tantummodo</strong></span> 
     </span>
    </p>
   </div>
   <div class='ocr_carea' id='block_1_33' title="bbox 173 2047 1712 2136">
    <p class='ocr_par' dir='ltr' id='par_1_33' title="bbox 173 2062 1712 2136">
     <span class='ocr_line' id='line_1_36' title="bbox 173 2062 1712 2136; baseline -0.001 -19"><span class='ocrx_word' id='word_1_259' title='bbox 173 2062 302 2117; x_wconf 86' lang='grc' dir='ltr'>νοῶν</span> <span class='ocrx_word' id='word_1_260' title='bbox 332 2081 436 2129; x_wconf 89' lang='grc' dir='ltr'>τις,</span> <span class='ocrx_word' id='word_1_261' title='bbox 477 2063 792 2130; x_wconf 71' lang='grc' dir='ltr'>καὶταῦτα,</span> <span class='ocrx_word' id='word_1_262' title='bbox 816 2062 1036 2129; x_wconf 76' lang='grc' dir='ltr'><strong>οἰκέτας</strong></span> <span class='ocrx_word' id='word_1_263' title='bbox 1069 2064 1210 2136; x_wconf 76' lang='grc' dir='ltr'>ἔχων</span> <span class='ocrx_word' id='word_1_264' title='bbox 1250 2065 1346 2119; x_wconf 79' lang='grc' dir='ltr'><strong>καὶ</strong></span> <span class='ocrx_word' id='word_1_265' title='bbox 1397 2063 1712 2136; x_wconf 75' lang='grc' dir='ltr'>οἰκονόμους</span> 
     </span>
    </p>
   </div>
   <div class='ocr_carea' id='block_1_34' title="bbox 1900 2047 3439 2136">
    <p class='ocr_par' dir='ltr' id='par_1_34' title="bbox 1900 2047 3439 2128">
     <span class='ocr_line' id='line_1_37' title="bbox 1900 2047 3439 2128; baseline 0 -17"><span class='ocrx_word' id='word_1_266' title='bbox 1900 2047 2037 2112; x_wconf 71' lang='lat' dir='ltr'><strong>imus</strong></span> <span class='ocrx_word' id='word_1_267' title='bbox 2069 2070 2256 2112; x_wconf 90' lang='lat' dir='ltr'><strong>curam</strong></span> <span class='ocrx_word' id='word_1_268' title='bbox 2285 2057 2446 2128; x_wconf 77' lang='lat' dir='ltr'><strong>gerit,</strong></span> <span class='ocrx_word' id='word_1_269' title='bbox 2492 2056 2655 2128; x_wconf 84' lang='lat' dir='ltr'><strong>idque</strong></span> <span class='ocrx_word' id='word_1_270' title='bbox 2689 2073 2815 2113; x_wconf 93' lang='lat' dir='ltr'><strong>cum</strong></span> <span class='ocrx_word' id='word_1_271' title='bbox 2866 2055 3099 2112; x_wconf 82' lang='lat' dir='ltr'><strong>famulos</strong></span> <span class='ocrx_word' id='word_1_272' title='bbox 3130 2064 3183 2112; x_wconf 90' lang='lat' dir='ltr'><strong>et</strong></span> <span class='ocrx_word' id='word_1_273' title='bbox 3214 2069 3439 2112; x_wconf 82' lang='lat' dir='ltr'><strong>(econo-</strong></span> 
     </span>
    </p>
   </div>
   <div class='ocr_carea' id='block_1_35' title="bbox 173 2149 1712 2230">
    <p class='ocr_par' dir='ltr' id='par_1_35' title="bbox 173 2155 1712 2230">
     <span class='ocr_line' id='line_1_38' title="bbox 173 2155 1712 2230; baseline 0 -20"><span class='ocrx_word' id='word_1_274' title='bbox 173 2155 286 2210; x_wconf 74' lang='grc' dir='ltr'>ούδὲ</span> <span class='ocrx_word' id='word_1_275' title='bbox 310 2156 568 2210; x_wconf 82' lang='grc' dir='ltr'>ἀναπνεῖν</span> <span class='ocrx_word' id='word_1_276' title='bbox 597 2155 770 2227; x_wconf 86' lang='grc' dir='ltr'>ἰσχύει</span> <span class='ocrx_word' id='word_1_277' title='bbox 799 2171 816 2188; x_wconf 75' lang='grc'><strong>⁸</strong></span> <span class='ocrx_word' id='word_1_278' title='bbox 847 2156 901 2210; x_wconf 90' lang='grc' dir='ltr'><strong>τί</strong></span> <span class='ocrx_word' id='word_1_279' title='bbox 929 2158 1160 2230; x_wconf 78' lang='grc' dir='ltr'>πάσχειν</span> <span class='ocrx_word' id='word_1_280' title='bbox 1184 2158 1330 2224; x_wconf 85' lang='grc' dir='ltr'>εἰκὸς</span> <span class='ocrx_word' id='word_1_281' title='bbox 1347 2156 1527 2230; x_wconf 78' lang='grc' dir='ltr'>ψυχὴν</span> <span class='ocrx_word' id='word_1_282' title='bbox 1586 2156 1712 2228; x_wconf 87' lang='grc' dir='ltr'>μίαν</span> 
     </span>
    </p>
   </div>
   <div class='ocr_carea' id='block_1_36' title="bbox 1900 2149 3439 2230">
    <p class='ocr_par' dir='ltr' id='par_1_36' title="bbox 1900 2149 3439 2222">
     <span class='ocr_line' id='line_1_39' title="bbox 1900 2149 3439 2222; baseline -0.001 -17"><span class='ocrx_word' id='word_1_283' title='bbox 1900 2165 1962 2205; x_wconf 84' lang='lat' dir='ltr'><strong>os</strong></span> <span class='ocrx_word' id='word_1_284' title='bbox 1987 2149 2203 2216; x_wconf 89' lang='lat' dir='ltr'><strong>habeat,</strong></span> <span class='ocrx_word' id='word_1_285' title='bbox 2234 2165 2302 2204; x_wconf 89' lang='lat' dir='ltr'><strong>ne</strong></span> <span class='ocrx_word' id='word_1_286' title='bbox 2336 2150 2608 2222; x_wconf 84' lang='lat' dir='ltr'><strong>respirare</strong></span> <span class='ocrx_word' id='word_1_287' title='bbox 2631 2150 2848 2221; x_wconf 86' lang='lat' dir='ltr'><strong>quidem</strong></span> <span class='ocrx_word' id='word_1_288' title='bbox 2893 2151 3066 2222; x_wconf 89' lang='lat' dir='ltr'><strong>possit</strong></span> <span class='ocrx_word' id='word_1_289' title='bbox 3098 2168 3112 2207; x_wconf 89' lang='lat'><strong>:</strong></span> <span class='ocrx_word' id='word_1_290' title='bbox 3149 2149 3278 2221; x_wconf 90' lang='lat' dir='ltr'><strong>quid</strong></span> <span class='ocrx_word' id='word_1_291' title='bbox 3329 2149 3439 2222; x_wconf 86' lang='lat' dir='ltr'><strong>pati</strong></span> 
     </span>
    </p>
   </div>
   <div class='ocr_carea' id='block_1_37' title="bbox 178 2241 1717 2326">
    <p class='ocr_par' dir='ltr' id='par_1_37' title="bbox 178 2248 1717 2326">
     <span class='ocr_line' id='line_1_40' title="bbox 178 2248 1717 2326; baseline 0.002 -24"><span class='ocrx_word' id='word_1_292' title='bbox 178 2249 312 2320; x_wconf 89' lang='grc' dir='ltr'><strong>μετά</strong></span> <span class='ocrx_word' id='word_1_293' title='bbox 368 2248 640 2304; x_wconf 79' lang='grc' dir='ltr'>τοσούτων</span> <span class='ocrx_word' id='word_1_294' title='bbox 695 2250 975 2316; x_wconf 83' lang='grc' dir='ltr'>κινδύνων,</span> <span class='ocrx_word' id='word_1_295' title='bbox 1042 2252 1228 2325; x_wconf 81' lang='grc' dir='ltr'>πάσης</span> <span class='ocrx_word' id='word_1_296' title='bbox 1275 2252 1376 2326; x_wconf 81' lang='grc' dir='ltr'>τῆς</span> <span class='ocrx_word' id='word_1_297' title='bbox 1412 2249 1717 2323; x_wconf 73' lang='grc' dir='ltr'>οἰκουμένη</span> 
     </span>
    </p>
   </div>
   <div class='ocr_carea' id='block_1_38' title="bbox 1901 2241 3440 2326">
    <p class='ocr_par' dir='ltr' id='par_1_38' title="bbox 1901 2241 3440 2313">
     <span class='ocr_line' id='line_1_41' title="bbox 1901 2241 3440 2313; baseline -0.001 -16"><span class='ocrx_word' id='word_1_298' title='bbox 1901 2241 2140 2298; x_wconf 72' lang='lat' dir='ltr'><strong>:risimile</strong></span> <span class='ocrx_word' id='word_1_299' title='bbox 2169 2251 2253 2298; x_wconf 87' lang='lat' dir='ltr'><strong>est</strong></span> <span class='ocrx_word' id='word_1_300' title='bbox 2293 2243 2526 2296; x_wconf 88' lang='lat' dir='ltr'><strong>animam</strong></span> <span class='ocrx_word' id='word_1_301' title='bbox 2568 2258 2749 2308; x_wconf 88' lang='lat' dir='ltr'><strong>unam,</strong></span> <span class='ocrx_word' id='word_1_302' title='bbox 2782 2257 2902 2313; x_wconf 77' lang='lat' dir='ltr'><strong>qua:</strong></span> <span class='ocrx_word' id='word_1_303' title='bbox 2931 2242 3075 2296; x_wconf 87' lang='lat' dir='ltr'><strong>inter</strong></span> <span class='ocrx_word' id='word_1_304' title='bbox 3100 2250 3178 2294; x_wconf 90' lang='lat' dir='ltr'><strong>tot</strong></span> <span class='ocrx_word' id='word_1_305' title='bbox 3204 2241 3440 2310; x_wconf 88' lang='lat' dir='ltr'><strong>pericula</strong></span> 
     </span>
    </p>
   </div>
   <div class='ocr_carea' id='block_1_39' title="bbox 174 2333 1713 2416">
    <p class='ocr_par' dir='ltr' id='par_1_39' title="bbox 174 2342 1124 2416">
     <span class='ocr_line' id='line_1_42' title="bbox 174 2342 1124 2416; baseline 0.003 -21"><span class='ocrx_word' id='word_1_306' title='bbox 174 2342 579 2414; x_wconf 77' lang='grc' dir='ltr'>φροντίζουσαν,</span> <span class='ocrx_word' id='word_1_307' title='bbox 605 2343 700 2398; x_wconf 83' lang='grc' dir='ltr'><strong>καὶ</strong></span> <span class='ocrx_word' id='word_1_308' title='bbox 727 2343 869 2416; x_wconf 78' lang='grc' dir='ltr'>ὑπὲρ</span> <span class='ocrx_word' id='word_1_309' title='bbox 894 2342 1084 2416; x_wconf 79' lang='grc' dir='ltr'>ψυχῶν</span> <span class='ocrx_word' id='word_1_310' title='bbox 1108 2362 1124 2413; x_wconf 87' lang='grc'><strong>;</strong></span> 
     </span>
    </p>
   </div>
   <div class='ocr_carea' id='block_1_40' title="bbox 1903 2333 3442 2416">
    <p class='ocr_par' dir='ltr' id='par_1_40' title="bbox 1903 2333 3442 2406">
     <span class='ocr_line' id='line_1_43' title="bbox 1903 2333 3442 2406; baseline 0 -18"><span class='ocrx_word' id='word_1_311' title='bbox 1903 2349 1945 2388; x_wconf 87' lang='grc' dir='ltr'><strong>ὀ</strong></span> <span class='ocrx_word' id='word_1_312' title='bbox 1977 2335 2234 2391; x_wconf 86' lang='lat' dir='ltr'><strong>universo</strong></span> <span class='ocrx_word' id='word_1_313' title='bbox 2260 2335 2415 2401; x_wconf 87' lang='lat' dir='ltr'><strong>orbe,</strong></span> <span class='ocrx_word' id='word_1_314' title='bbox 2450 2335 2698 2406; x_wconf 89' lang='lat' dir='ltr'><strong>adeoque</strong></span> <span class='ocrx_word' id='word_1_315' title='bbox 2726 2349 2827 2405; x_wconf 91' lang='lat' dir='ltr'><strong>pro</strong></span> <span class='ocrx_word' id='word_1_316' title='bbox 2857 2334 3143 2389; x_wconf 85' lang='lat' dir='ltr'><strong>animabus</strong></span> <span class='ocrx_word' id='word_1_317' title='bbox 3168 2341 3251 2388; x_wconf 91' lang='lat' dir='ltr'><strong>est</strong></span> <span class='ocrx_word' id='word_1_318' title='bbox 3293 2333 3442 2388; x_wconf 87' lang='lat' dir='ltr'><strong>solli-</strong></span> 
     </span>
    </p>
   </div>
   <div class='ocr_carea' id='block_1_41' title="bbox 1851 2425 2003 2482">
    <p class='ocr_par' dir='ltr' id='par_1_41' title="bbox 1851 2425 2003 2482">
     <span class='ocr_line' id='line_1_44' title="bbox 1851 2425 2003 2482; baseline 0 -2"><span class='ocrx_word' id='word_1_319' title='bbox 1851 2425 1960 2482; x_wconf 87' lang='lat' dir='ltr'><strong>cita</strong></span> <span class='ocrx_word' id='word_1_320' title='bbox 1979 2425 2003 2480; x_wconf 68' lang='lat'><strong>7</strong></span> 
     </span>
    </p>
   </div>
   <div class='ocr_carea' id='block_1_42' title="bbox 242 2515 1781 2600">
    <p class='ocr_par' dir='ltr' id='par_1_42' title="bbox 242 2519 1744 2596">
     <span class='ocr_line' id='line_1_45' title="bbox 242 2519 1744 2596; baseline 0.001 -22"><span class='ocrx_word' id='word_1_321' title='bbox 242 2539 262 2574; x_wconf 87' lang='grc' dir='ltr'><strong>ι</strong></span> <span class='ocrx_word' id='word_1_322' title='bbox 295 2520 392 2586; x_wconf 85' lang='grc' dir='ltr'>Τίς</span> <span class='ocrx_word' id='word_1_323' title='bbox 417 2520 654 2585; x_wconf 79' lang='grc' dir='ltr'>ἀσθενεῖ,</span> <span class='ocrx_word' id='word_1_324' title='bbox 681 2521 775 2577; x_wconf 73' lang='grc' dir='ltr'><strong>καὶ</strong></span> <span class='ocrx_word' id='word_1_325' title='bbox 803 2522 904 2576; x_wconf 82' lang='grc' dir='ltr'><strong>οὐκ</strong></span> <span class='ocrx_word' id='word_1_326' title='bbox 927 2519 1176 2590; x_wconf 83' lang='grc' dir='ltr'>ἀσθενῶ;</span> <span class='ocrx_word' id='word_1_327' title='bbox 1207 2520 1360 2576; x_wconf 77' lang='grc' dir='ltr'>«Ἵνα</span> <span class='ocrx_word' id='word_1_328' title='bbox 1380 2521 1456 2594; x_wconf 86' lang='grc' dir='ltr'>μή</span> <span class='ocrx_word' id='word_1_329' title='bbox 1478 2539 1564 2585; x_wconf 88' lang='grc' dir='ltr'><strong>τις</strong></span> <span class='ocrx_word' id='word_1_330' title='bbox 1585 2523 1744 2596; x_wconf 70' lang='grc' dir='ltr'>εἴπῃ,</span> 
     </span>
    </p>
   </div>
   <div class='ocr_carea' id='block_1_43' title="bbox 1994 2515 3533 2600">
    <p class='ocr_par' dir='ltr' id='par_1_43' title="bbox 1994 2515 3533 2600">
     <span class='ocr_line' id='line_1_46' title="bbox 1994 2515 3533 2600; baseline 0.002 -31"><span class='ocrx_word' id='word_1_331' title='bbox 1994 2532 2084 2574; x_wconf 23' lang='lat' dir='ltr'><strong>ins.</strong></span> <span class='ocrx_word' id='word_1_332' title='bbox 2103 2515 2199 2574; x_wconf 74' lang='lat'><strong>29.</strong></span> <span class='ocrx_word' id='word_1_333' title='bbox 2224 2536 2243 2570; x_wconf 88' lang='grc' dir='ltr'><strong>ι</strong></span> <span class='ocrx_word' id='word_1_334' title='bbox 2270 2515 2747 2585; x_wconf 85' lang='lat' dir='ltr'><strong>Quisinﬁrmatur,</strong></span> <span class='ocrx_word' id='word_1_335' title='bbox 2770 2526 2824 2572; x_wconf 90' lang='lat' dir='ltr'><strong>et</strong></span> <span class='ocrx_word' id='word_1_336' title='bbox 2847 2530 2946 2588; x_wconf 83' lang='lat' dir='ltr'><strong>ego</strong></span> <span class='ocrx_word' id='word_1_337' title='bbox 2969 2533 3073 2573; x_wconf 90' lang='lat' dir='ltr'><strong>non</strong></span> <span class='ocrx_word' id='word_1_338' title='bbox 3100 2517 3391 2574; x_wconf 79' lang='lat' dir='ltr'><strong>inﬁrmor?</strong></span> <span class='ocrx_word' id='word_1_339' title='bbox 3413 2537 3433 2572; x_wconf 79' lang='grc' dir='ltr'><strong>ι</strong></span> <span class='ocrx_word' id='word_1_340' title='bbox 3531 2597 3533 2600; x_wconf 3' lang='grc' dir='ltr'><strong>η</strong></span> 
     </span>
    </p>
   </div>
   <div class='ocr_carea' id='block_1_44' title="bbox 171 2607 1710 2684">
    <p class='ocr_par' dir='ltr' id='par_1_44' title="bbox 171 2610 1710 2684">
     <span class='ocr_line' id='line_1_47' title="bbox 171 2610 1710 2684; baseline 0.002 -19"><span class='ocrx_word' id='word_1_341' title='bbox 171 2611 249 2666; x_wconf 77' lang='grc' dir='ltr'>ὅτι</span> <span class='ocrx_word' id='word_1_342' title='bbox 296 2611 600 2684; x_wconf 86' lang='grc' dir='ltr'>Ἐμερίμνα</span> <span class='ocrx_word' id='word_1_343' title='bbox 635 2612 754 2683; x_wconf 86' lang='grc' dir='ltr'>μὲν,</span> <span class='ocrx_word' id='word_1_344' title='bbox 775 2612 916 2684; x_wconf 80' lang='grc' dir='ltr'>πλὴν</span> <span class='ocrx_word' id='word_1_345' title='bbox 950 2611 1138 2676; x_wconf 89' lang='grc' dir='ltr'>ἀπλῶς</span> <span class='ocrx_word' id='word_1_346' title='bbox 1173 2610 1341 2681; x_wconf 71' lang='grc' dir='ltr'>οὕτω,</span> <span class='ocrx_word' id='word_1_347' title='bbox 1385 2612 1538 2684; x_wconf 75' lang='grc' dir='ltr'>δηλοῖ</span> <span class='ocrx_word' id='word_1_348' title='bbox 1559 2615 1655 2667; x_wconf 74' lang='grc' dir='ltr'><strong>καὶ</strong></span> <span class='ocrx_word' id='word_1_349' title='bbox 1681 2632 1710 2668; x_wconf 93' lang='grc' dir='ltr'><strong>τ</strong></span> 
     </span>
    </p>
   </div>
   <div class='ocr_carea' id='block_1_45' title="bbox 1902 2607 3441 2684">
    <p class='ocr_par' dir='ltr' id='par_1_45' title="bbox 1902 2607 3441 2680">
     <span class='ocr_line' id='line_1_48' title="bbox 1902 2607 3441 2680; baseline 0 -15"><span class='ocrx_word' id='word_1_350' title='bbox 1902 2626 1924 2665; x_wconf 81' lang='lat' dir='ltr'><strong>e</strong></span> <span class='ocrx_word' id='word_1_351' title='bbox 1953 2611 2078 2680; x_wconf 86' lang='lat' dir='ltr'><strong>quis</strong></span> <span class='ocrx_word' id='word_1_352' title='bbox 2108 2610 2272 2675; x_wconf 82' lang='lat' dir='ltr'><strong>dicat,</strong></span> <span class='ocrx_word' id='word_1_353' title='bbox 2313 2607 2592 2666; x_wconf 89' lang='lat' dir='ltr'><strong>Sollicitus</strong></span> <span class='ocrx_word' id='word_1_354' title='bbox 2613 2611 2830 2680; x_wconf 90' lang='lat' dir='ltr'><strong>quidem</strong></span> <span class='ocrx_word' id='word_1_355' title='bbox 2860 2620 2964 2678; x_wconf 89' lang='lat' dir='ltr'><strong>est,</strong></span> <span class='ocrx_word' id='word_1_356' title='bbox 2990 2626 3174 2665; x_wconf 88' lang='lat' dir='ltr'><strong>verum</strong></span> <span class='ocrx_word' id='word_1_357' title='bbox 3206 2611 3284 2666; x_wconf 88' lang='lat' dir='ltr'><strong>sic</strong></span> <span class='ocrx_word' id='word_1_358' title='bbox 3309 2612 3441 2666; x_wconf 85' lang='lat' dir='ltr'><strong>sim-</strong></span> 
     </span>
    </p>
   </div>
   <div class='ocr_carea' id='block_1_46' title="bbox 173 2700 1712 2778">
    <p class='ocr_par' dir='ltr' id='par_1_46' title="bbox 173 2700 1707 2777">
     <span class='ocr_line' id='line_1_49' title="bbox 173 2700 1707 2777; baseline -0.001 -17"><span class='ocrx_word' id='word_1_359' title='bbox 173 2701 304 2770; x_wconf 75' lang='grc' dir='ltr'>εἶδος</span> <span class='ocrx_word' id='word_1_360' title='bbox 328 2709 426 2777; x_wconf 75' lang='grc' dir='ltr'>τῆς</span> <span class='ocrx_word' id='word_1_361' title='bbox 459 2705 754 2776; x_wconf 82' lang='grc' dir='ltr'>μερίμνης.</span> <span class='ocrx_word' id='word_1_362' title='bbox 778 2705 894 2759; x_wconf 77' lang='grc' dir='ltr'><strong>Καὶ</strong></span> <span class='ocrx_word' id='word_1_363' title='bbox 917 2705 1018 2760; x_wconf 79' lang='grc' dir='ltr'><strong>οὐκ</strong></span> <span class='ocrx_word' id='word_1_364' title='bbox 1041 2700 1217 2773; x_wconf 81' lang='grc' dir='ltr'>εἶπεν,</span> <span class='ocrx_word' id='word_1_365' title='bbox 1237 2706 1321 2760; x_wconf 84' lang='grc' dir='ltr'>ὅτι</span> <span class='ocrx_word' id='word_1_366' title='bbox 1354 2706 1613 2760; x_wconf 83' lang='grc' dir='ltr'>Κοινωνῶ</span> <span class='ocrx_word' id='word_1_367' title='bbox 1637 2706 1707 2777; x_wconf 81' lang='grc' dir='ltr'>τῆ</span> 
     </span>
    </p>
   </div>
   <div class='ocr_carea' id='block_1_47' title="bbox 1905 2700 3444 2778">
    <p class='ocr_par' dir='ltr' id='par_1_47' title="bbox 1907 2704 3444 2775">
     <span class='ocr_line' id='line_1_50' title="bbox 1907 2704 3444 2775; baseline 0 -15"><span class='ocrx_word' id='word_1_368' title='bbox 1907 2707 2084 2771; x_wconf 82' lang='lat' dir='ltr'><strong>ieiter,</strong></span> <span class='ocrx_word' id='word_1_369' title='bbox 2132 2705 2368 2775; x_wconf 79' lang='lat' dir='ltr'><strong>speciem</strong></span> <span class='ocrx_word' id='word_1_370' title='bbox 2411 2706 2576 2760; x_wconf 88' lang='lat' dir='ltr'><strong>etiam</strong></span> <span class='ocrx_word' id='word_1_371' title='bbox 2625 2704 3005 2761; x_wconf 83' lang='lat' dir='ltr'><strong>sollicitudinis</strong></span> <span class='ocrx_word' id='word_1_372' title='bbox 3065 2706 3287 2762; x_wconf 82' lang='lat' dir='ltr'><strong>indicat.</strong></span> <span class='ocrx_word' id='word_1_373' title='bbox 3333 2705 3444 2760; x_wconf 87' lang='lat' dir='ltr'><strong>Nec</strong></span> 
     </span>
    </p>
   </div>
   <div class='ocr_carea' id='block_1_48' title="bbox 172 2796 1711 2872">
    <p class='ocr_par' dir='ltr' id='par_1_48' title="bbox 172 2796 1711 2872">
     <span class='ocr_line' id='line_1_51' title="bbox 172 2796 1711 2872; baseline 0.001 -20"><span class='ocrx_word' id='word_1_374' title='bbox 172 2797 428 2870; x_wconf 77' lang='grc' dir='ltr'>ἀθυμίας,</span> <span class='ocrx_word' id='word_1_375' title='bbox 455 2798 594 2866; x_wconf 79' lang='grc' dir='ltr'>ἀλλ’,</span> <span class='ocrx_word' id='word_1_376' title='bbox 635 2799 724 2862; x_wconf 84' lang='grc' dir='ltr'>Ὠς</span> <span class='ocrx_word' id='word_1_377' title='bbox 755 2796 919 2858; x_wconf 77' lang='grc' dir='ltr'>αὐτὸς</span> <span class='ocrx_word' id='word_1_378' title='bbox 947 2796 1217 2865; x_wconf 80' lang='grc' dir='ltr'>ἀσθενῶν,</span> <span class='ocrx_word' id='word_1_379' title='bbox 1243 2797 1386 2854; x_wconf 77' lang='grc' dir='ltr'>οὕτω</span> <span class='ocrx_word' id='word_1_380' title='bbox 1434 2799 1711 2872; x_wconf 76' lang='grc' dir='ltr'>διάκειμαι</span> 
     </span>
    </p>
   </div>
   <div class='ocr_carea' id='block_1_49' title="bbox 1902 2796 3441 2872">
    <p class='ocr_par' dir='ltr' id='par_1_49' title="bbox 1905 2797 3441 2870">
     <span class='ocr_line' id='line_1_52' title="bbox 1905 2797 3441 2870; baseline 0 -16"><span class='ocrx_word' id='word_1_381' title='bbox 1905 2799 2007 2866; x_wconf 80' lang='lat' dir='ltr'><strong>xit,</strong></span> <span class='ocrx_word' id='word_1_382' title='bbox 2075 2797 2354 2870; x_wconf 81' lang='lat' dir='ltr'><strong>Particops</strong></span> <span class='ocrx_word' id='word_1_383' title='bbox 2395 2813 2513 2854; x_wconf 88' lang='lat' dir='ltr'><strong>sum</strong></span> <span class='ocrx_word' id='word_1_384' title='bbox 2585 2800 2858 2867; x_wconf 59' lang='lat' dir='ltr'><strong>maeroris,</strong></span> <span class='ocrx_word' id='word_1_385' title='bbox 2921 2799 3039 2867; x_wconf 88' lang='lat' dir='ltr'><strong>sed,</strong></span> <span class='ocrx_word' id='word_1_386' title='bbox 3098 2800 3256 2855; x_wconf 81' lang='lat' dir='ltr'><strong>Velut</strong></span> <span class='ocrx_word' id='word_1_387' title='bbox 3325 2799 3441 2870; x_wconf 88' lang='lat' dir='ltr'><strong>ipse</strong></span> 
     </span>
    </p>
   </div>
   <div class='ocr_carea' id='block_1_50' title="bbox 183 2877 1722 2970">
    <p class='ocr_par' dir='ltr' id='par_1_50' title="bbox 183 2889 1718 2970">
     <span class='ocr_line' id='line_1_53' title="bbox 183 2889 1718 2970; baseline 0 -24"><span class='ocrx_word' id='word_1_388' title='bbox 183 2892 489 2946; x_wconf 78' lang='grc' dir='ltr'>Ἄσθένειαν</span> <span class='ocrx_word' id='word_1_389' title='bbox 516 2893 573 2946; x_wconf 82' lang='grc' dir='ltr'>δὲ</span> <span class='ocrx_word' id='word_1_390' title='bbox 627 2890 854 2970; x_wconf 81' lang='grc' dir='ltr'>νοήσεις</span> <span class='ocrx_word' id='word_1_391' title='bbox 889 2889 990 2962; x_wconf 84' lang='grc' dir='ltr'>μὲν</span> <span class='ocrx_word' id='word_1_392' title='bbox 1014 2891 1110 2944; x_wconf 67' lang='grc' dir='ltr'><strong>καὶ</strong></span> <span class='ocrx_word' id='word_1_393' title='bbox 1137 2891 1236 2963; x_wconf 82' lang='grc' dir='ltr'>τὴν</span> <span class='ocrx_word' id='word_1_394' title='bbox 1265 2891 1607 2964; x_wconf 80' lang='grc' dir='ltr'>σωματικὴν,</span> <span class='ocrx_word' id='word_1_395' title='bbox 1638 2892 1718 2963; x_wconf 84' lang='grc' dir='ltr'><strong>μά</strong></span> 
     </span>
    </p>
   </div>
   <div class='ocr_carea' id='block_1_51' title="bbox 1902 2877 3441 2970">
    <p class='ocr_par' dir='ltr' id='par_1_51' title="bbox 1907 2877 3441 2965">
     <span class='ocr_line' id='line_1_54' title="bbox 1907 2877 3441 2965; baseline 0.001 -18"><span class='ocrx_word' id='word_1_396' title='bbox 1907 2892 2093 2948; x_wconf 91' lang='lat' dir='ltr'><strong>ﬁrmus</strong></span> <span class='ocrx_word' id='word_1_397' title='bbox 2125 2892 2253 2956; x_wconf 90' lang='lat' dir='ltr'><strong>sim,</strong></span> <span class='ocrx_word' id='word_1_398' title='bbox 2286 2891 2514 2963; x_wconf 88' lang='lat' dir='ltr'><strong>perinde</strong></span> <span class='ocrx_word' id='word_1_399' title='bbox 2557 2891 2784 2949; x_wconf 65' lang='lat' dir='ltr'><strong>aﬂectus</strong></span> <span class='ocrx_word' id='word_1_400' title='bbox 2835 2877 2978 2950; x_wconf 86' lang='lat' dir='ltr'><strong>sum.</strong></span> <span class='ocrx_word' id='word_1_401' title='bbox 3026 2893 3298 2965; x_wconf 84' lang='lat' dir='ltr'><strong>lntclliges</strong></span> <span class='ocrx_word' id='word_1_402' title='bbox 3341 2907 3441 2948; x_wconf 83' lang='lat' dir='ltr'><strong>au-</strong></span> 
     </span>
    </p>
   </div>
   <div class='ocr_carea' id='block_1_52' title="bbox 173 2980 1712 3057">
    <p class='ocr_par' dir='ltr' id='par_1_52' title="bbox 173 2980 1711 3056">
     <span class='ocr_line' id='line_1_55' title="bbox 173 2980 1711 3056; baseline 0.002 -20"><span class='ocrx_word' id='word_1_403' title='bbox 173 2981 326 3037; x_wconf 86' lang='grc' dir='ltr'>λιστα</span> <span class='ocrx_word' id='word_1_404' title='bbox 355 2982 412 3036; x_wconf 84' lang='grc' dir='ltr'>δὲ</span> <span class='ocrx_word' id='word_1_405' title='bbox 441 2984 536 3036; x_wconf 74' lang='grc' dir='ltr'><strong>καὶ</strong></span> <span class='ocrx_word' id='word_1_406' title='bbox 569 2981 668 3055; x_wconf 80' lang='grc' dir='ltr'>τὴν</span> <span class='ocrx_word' id='word_1_407' title='bbox 697 2983 962 3054; x_wconf 77' lang='grc' dir='ltr'>ψυχικήν.</span> <span class='ocrx_word' id='word_1_408' title='bbox 992 2981 1068 3037; x_wconf 67' lang='lat' dir='ltr'><strong>To</strong></span> <span class='ocrx_word' id='word_1_409' title='bbox 1102 2980 1181 3052; x_wconf 64' lang='grc' dir='ltr'>δὲ,</span> <span class='ocrx_word' id='word_1_410' title='bbox 1213 3000 1234 3036; x_wconf 82' lang='grc' dir='ltr'><strong>ι</strong></span> <span class='ocrx_word' id='word_1_411' title='bbox 1269 2981 1389 3050; x_wconf 85' lang='grc' dir='ltr'>Τίς,</span> <span class='ocrx_word' id='word_1_412' title='bbox 1421 3001 1442 3036; x_wconf 72' lang='grc' dir='ltr'><strong>ι</strong></span> <span class='ocrx_word' id='word_1_413' title='bbox 1473 2981 1595 3038; x_wconf 75' lang='grc' dir='ltr'>Κᾶν</span> <span class='ocrx_word' id='word_1_414' title='bbox 1642 2983 1711 3056; x_wconf 81' lang='grc' dir='ltr'><strong>μέ</strong></span> 
     </span>
    </p>
   </div>
   <div class='ocr_carea' id='block_1_53' title="bbox 1899 2980 3438 3057">
    <p class='ocr_par' dir='ltr' id='par_1_53' title="bbox 1904 2985 3438 3057">
     <span class='ocr_line' id='line_1_56' title="bbox 1904 2985 3438 3057; baseline 0.001 -18"><span class='ocrx_word' id='word_1_415' title='bbox 1904 3000 1956 3039; x_wconf 92' lang='lat' dir='ltr'><strong>m</strong></span> <span class='ocrx_word' id='word_1_416' title='bbox 1987 2985 2076 3040; x_wconf 89' lang='lat' dir='ltr'><strong>hic</strong></span> <span class='ocrx_word' id='word_1_417' title='bbox 2110 2985 2484 3040; x_wconf 88' lang='lat' dir='ltr'><strong>inﬁrmitatem</strong></span> <span class='ocrx_word' id='word_1_418' title='bbox 2533 2986 2804 3054; x_wconf 83' lang='lat' dir='ltr'><strong>corporis.</strong></span> <span class='ocrx_word' id='word_1_419' title='bbox 2845 2985 3188 3057; x_wconf 90' lang='lat' dir='ltr'><strong>potissimum</strong></span> <span class='ocrx_word' id='word_1_420' title='bbox 3221 2999 3352 3042; x_wconf 90' lang='lat' dir='ltr'><strong>vero</strong></span> <span class='ocrx_word' id='word_1_421' title='bbox 3383 2992 3438 3040; x_wconf 90' lang='lat' dir='ltr'><strong>et</strong></span> 
     </span>
    </p>
   </div>
   <div class='ocr_carea' id='block_1_54' title="bbox 171 3071 1710 3152">
    <p class='ocr_par' dir='ltr' id='par_1_54' title="bbox 171 3071 946 3152">
     <span class='ocr_line' id='line_1_57' title="bbox 171 3071 946 3152; baseline 0.003 -24"><span class='ocrx_word' id='word_1_422' title='bbox 171 3090 264 3144; x_wconf 82' lang='grc' dir='ltr'>γας</span> <span class='ocrx_word' id='word_1_423' title='bbox 379 3076 534 3146; x_wconf 71' lang='grc' dir='ltr'>φησὶ,</span> <span class='ocrx_word' id='word_1_424' title='bbox 559 3077 666 3130; x_wconf 72' lang='grc' dir='ltr'>κᾶν</span> <span class='ocrx_word' id='word_1_425' title='bbox 698 3074 946 3146; x_wconf 74' lang='grc' dir='ltr'>εὐτελής.</span> 
     </span>
    </p>
   </div>
   <div class='ocr_carea' id='block_1_55' title="bbox 1906 3071 3445 3152">
    <p class='ocr_par' dir='ltr' id='par_1_55' title="bbox 1906 3077 3445 3149">
     <span class='ocr_line' id='line_1_58' title="bbox 1906 3077 3445 3149; baseline 0 -15"><span class='ocrx_word' id='word_1_426' title='bbox 1906 3080 2061 3135; x_wconf 69' lang='lat' dir='ltr'><strong>iimze.</strong></span> <span class='ocrx_word' id='word_1_427' title='bbox 2097 3077 2256 3146; x_wconf 87' lang='lat' dir='ltr'><strong>Quod</strong></span> <span class='ocrx_word' id='word_1_428' title='bbox 2280 3079 2379 3143; x_wconf 88' lang='lat' dir='ltr'><strong>ait,</strong></span> <span class='ocrx_word' id='word_1_429' title='bbox 2415 3098 2435 3131; x_wconf 84' lang='grc' dir='ltr'><strong>ι</strong></span> <span class='ocrx_word' id='word_1_430' title='bbox 2473 3077 2630 3146; x_wconf 83' lang='lat' dir='ltr'><strong>Quis,</strong></span> <span class='ocrx_word' id='word_1_431' title='bbox 2663 3097 2683 3132; x_wconf 74' lang='grc' dir='ltr'><strong>ι</strong></span> <span class='ocrx_word' id='word_1_432' title='bbox 2717 3079 3090 3148; x_wconf 83' lang='lat' dir='ltr'><strong>accipiendum</strong></span> <span class='ocrx_word' id='word_1_433' title='bbox 3141 3087 3244 3144; x_wconf 83' lang='lat' dir='ltr'><strong>est,</strong></span> <span class='ocrx_word' id='word_1_434' title='bbox 3287 3086 3445 3149; x_wconf 77' lang='lat' dir='ltr'><strong>quasi</strong></span> 
     </span>
    </p>
   </div>
   <div class='ocr_carea' id='block_1_56' title="bbox 1772 3167 2902 3258">
    <p class='ocr_par' dir='ltr' id='par_1_56' title="bbox 1772 3167 2902 3258">
     <span class='ocr_line' id='line_1_59' title="bbox 1772 3167 2902 3258; baseline 0 -34"><span class='ocrx_word' id='word_1_435' title='bbox 1772 3197 1821 3258; x_wconf 68' lang='grc' dir='ltr'>ο</span> <span class='ocrx_word' id='word_1_436' title='bbox 1849 3169 2014 3235; x_wconf 84' lang='lat' dir='ltr'><strong>dicat,</strong></span> <span class='ocrx_word' id='word_1_437' title='bbox 2048 3169 2174 3225; x_wconf 86' lang='lat' dir='ltr'><strong>Sive</strong></span> <span class='ocrx_word' id='word_1_438' title='bbox 2201 3182 2429 3237; x_wconf 77' lang='lat' dir='ltr'><strong>magnus</strong></span> <span class='ocrx_word' id='word_1_439' title='bbox 2459 3167 2555 3232; x_wconf 88' lang='lat' dir='ltr'><strong>sit,</strong></span> <span class='ocrx_word' id='word_1_440' title='bbox 2611 3168 2729 3224; x_wconf 82' lang='lat' dir='ltr'><strong>sive</strong></span> <span class='ocrx_word' id='word_1_441' title='bbox 2757 3167 2902 3224; x_wconf 86' lang='lat' dir='ltr'><strong>vilis.</strong></span> 
     </span>
    </p>
   </div>
   <div class='ocr_carea' id='block_1_57' title="bbox 236 3253 1775 3336">
    <p class='ocr_par' dir='ltr' id='par_1_57' title="bbox 236 3261 1734 3336">
     <span class='ocr_line' id='line_1_60' title="bbox 236 3261 1734 3336; baseline 0.001 -21"><span class='ocrx_word' id='word_1_442' title='bbox 236 3279 258 3315; x_wconf 82' lang='grc' dir='ltr'><strong>ι</strong></span> <span class='ocrx_word' id='word_1_443' title='bbox 291 3261 390 3328; x_wconf 83' lang='grc' dir='ltr'>Τίς</span> <span class='ocrx_word' id='word_1_444' title='bbox 439 3261 874 3331; x_wconf 75' lang='grc' dir='ltr'>σκανδαλίζεται,</span> <span class='ocrx_word' id='word_1_445' title='bbox 934 3263 1030 3319; x_wconf 82' lang='grc' dir='ltr'><strong>καί</strong></span> <span class='ocrx_word' id='word_1_446' title='bbox 1057 3262 1160 3319; x_wconf 71' lang='grc' dir='ltr'>οῦκ</span> <span class='ocrx_word' id='word_1_447' title='bbox 1207 3262 1322 3332; x_wconf 75' lang='grc' dir='ltr'><strong>ἐγὼ</strong></span> <span class='ocrx_word' id='word_1_448' title='bbox 1353 3262 1673 3336; x_wconf 85' lang='grc' dir='ltr'>πυροῦμαι;</span> <span class='ocrx_word' id='word_1_449' title='bbox 1715 3283 1734 3317; x_wconf 75' lang='grc' dir='ltr'><strong>ι</strong></span> 
     </span>
    </p>
   </div>
   <div class='ocr_carea' id='block_1_58' title="bbox 1904 3253 3443 3336">
    <p class='ocr_par' dir='ltr' id='par_1_58' title="bbox 1925 3253 3443 3329">
     <span class='ocr_line' id='line_1_61' title="bbox 1925 3253 3443 3329; baseline -0.001 -16"><span class='ocrx_word' id='word_1_450' title='bbox 1925 3277 1944 3313; x_wconf 86' lang='grc' dir='ltr'><strong>ι</strong></span> <span class='ocrx_word' id='word_1_451' title='bbox 1981 3259 2115 3328; x_wconf 86' lang='lat' dir='ltr'><strong>Quis</strong></span> <span class='ocrx_word' id='word_1_452' title='bbox 2169 3259 2599 3323; x_wconf 80' lang='lat' dir='ltr'><strong>scandalizatur,</strong></span> <span class='ocrx_word' id='word_1_453' title='bbox 2626 3267 2686 3314; x_wconf 91' lang='lat' dir='ltr'><strong>et</strong></span> <span class='ocrx_word' id='word_1_454' title='bbox 2712 3274 2812 3329; x_wconf 78' lang='lat' dir='ltr'><strong>ego</strong></span> <span class='ocrx_word' id='word_1_455' title='bbox 2865 3273 2973 3314; x_wconf 88' lang='lat' dir='ltr'><strong>non</strong></span> <span class='ocrx_word' id='word_1_456' title='bbox 3020 3257 3186 3314; x_wconf 80' lang='lat' dir='ltr'><strong>uror?</strong></span> <span class='ocrx_word' id='word_1_457' title='bbox 3251 3253 3443 3312; x_wconf 81' lang='lat' dir='ltr'><strong>Anim-</strong></span> 
     </span>
    </p>
   </div>
   <div class='ocr_carea' id='block_1_59' title="bbox 172 3348 1711 3430">
    <p class='ocr_par' dir='ltr' id='par_1_59' title="bbox 172 3355 1711 3430">
     <span class='ocr_line' id='line_1_62' title="bbox 172 3355 1711 3430; baseline 0.001 -20"><span class='ocrx_word' id='word_1_458' title='bbox 172 3355 307 3428; x_wconf 81' lang='grc' dir='ltr'>Ὅρα</span> <span class='ocrx_word' id='word_1_459' title='bbox 347 3357 464 3422; x_wconf 86' lang='grc' dir='ltr'><strong>πῶς</strong></span> <span class='ocrx_word' id='word_1_460' title='bbox 499 3359 816 3430; x_wconf 82' lang='grc' dir='ltr'>παρέστησε</span> <span class='ocrx_word' id='word_1_461' title='bbox 870 3357 969 3430; x_wconf 84' lang='grc' dir='ltr'>τὴν</span> <span class='ocrx_word' id='word_1_462' title='bbox 1032 3357 1340 3430; x_wconf 79' lang='grc' dir='ltr'>ὑπερϐολὴν</span> <span class='ocrx_word' id='word_1_463' title='bbox 1401 3359 1500 3430; x_wconf 82' lang='grc' dir='ltr'><strong>τῆς</strong></span> <span class='ocrx_word' id='word_1_464' title='bbox 1526 3357 1711 3428; x_wconf 80' lang='grc' dir='ltr'>ὀδύνης</span> 
     </span>
    </p>
   </div>
   <div class='ocr_carea' id='block_1_60' title="bbox 1902 3348 3441 3430">
    <p class='ocr_par' dir='ltr' id='par_1_60' title="bbox 1902 3348 3441 3422">
     <span class='ocr_line' id='line_1_63' title="bbox 1902 3348 3441 3422; baseline -0.003 -16"><span class='ocrx_word' id='word_1_465' title='bbox 1902 3351 2068 3408; x_wconf 90' lang='lat' dir='ltr'><strong>lverte</strong></span> <span class='ocrx_word' id='word_1_466' title='bbox 2117 3349 2387 3422; x_wconf 88' lang='lat' dir='ltr'><strong>quomodo</strong></span> <span class='ocrx_word' id='word_1_467' title='bbox 2439 3349 2645 3405; x_wconf 89' lang='lat' dir='ltr'><strong>doloris</strong></span> <span class='ocrx_word' id='word_1_468' title='bbox 2693 3348 3120 3420; x_wconf 84' lang='lat' dir='ltr'><strong>magnitudinem</strong></span> <span class='ocrx_word' id='word_1_469' title='bbox 3153 3359 3441 3416; x_wconf 79' lang='lat' dir='ltr'><strong>expresse-</strong></span> 
     </span>
    </p>
   </div>
   <div class='ocr_carea' id='block_1_61' title="bbox 179 3438 1718 3524">
    <p class='ocr_par' dir='ltr' id='par_1_61' title="bbox 179 3449 1718 3524">
     <span class='ocr_line' id='line_1_64' title="bbox 179 3449 1718 3524; baseline 0 -20"><span class='ocrx_word' id='word_1_470' title='bbox 179 3451 567 3522; x_wconf 78' lang='grc' dir='ltr'>Ἐμπίπραμαι</span> <span class='ocrx_word' id='word_1_471' title='bbox 595 3452 724 3524; x_wconf 78' lang='grc' dir='ltr'>γὰρ,</span> <span class='ocrx_word' id='word_1_472' title='bbox 758 3452 915 3523; x_wconf 78' lang='grc' dir='ltr'>φησί,</span> <span class='ocrx_word' id='word_1_473' title='bbox 955 3450 1051 3506; x_wconf 76' lang='grc' dir='ltr'><strong>καὶ</strong></span> <span class='ocrx_word' id='word_1_474' title='bbox 1100 3450 1355 3522; x_wconf 86' lang='grc' dir='ltr'>καίομαι,</span> <span class='ocrx_word' id='word_1_475' title='bbox 1383 3451 1479 3505; x_wconf 76' lang='grc' dir='ltr'><strong>καὶ</strong></span> <span class='ocrx_word' id='word_1_476' title='bbox 1521 3449 1593 3505; x_wconf 88' lang='grc' dir='ltr'><strong>τά</strong></span> <span class='ocrx_word' id='word_1_477' title='bbox 1646 3450 1718 3521; x_wconf 46' lang='grc' dir='ltr'>μὲι</span> 
     </span>
    </p>
   </div>
   <div class='ocr_carea' id='block_1_62' title="bbox 1907 3438 3446 3524">
    <p class='ocr_par' dir='ltr' id='par_1_62' title="bbox 1907 3438 3446 3511">
     <span class='ocr_line' id='line_1_65' title="bbox 1907 3438 3446 3511; baseline -0.004 -13"><span class='ocrx_word' id='word_1_478' title='bbox 1907 3453 1940 3498; x_wconf 87' lang='lat' dir='ltr'><strong>t.</strong></span> <span class='ocrx_word' id='word_1_479' title='bbox 1970 3443 2240 3498; x_wconf 86' lang='lat' dir='ltr'><strong>Incendor</strong></span> <span class='ocrx_word' id='word_1_480' title='bbox 2269 3443 2440 3509; x_wconf 88' lang='lat' dir='ltr'><strong>enim,</strong></span> <span class='ocrx_word' id='word_1_481' title='bbox 2489 3440 2688 3511; x_wconf 83' lang='lat' dir='ltr'><strong>inquit,</strong></span> <span class='ocrx_word' id='word_1_482' title='bbox 2725 3448 2782 3496; x_wconf 91' lang='lat' dir='ltr'><strong>et</strong></span> <span class='ocrx_word' id='word_1_483' title='bbox 2837 3455 3002 3507; x_wconf 88' lang='lat' dir='ltr'><strong>uror;</strong></span> <span class='ocrx_word' id='word_1_484' title='bbox 3057 3438 3276 3509; x_wconf 86' lang='lat' dir='ltr'><strong>aliaque</strong></span> <span class='ocrx_word' id='word_1_485' title='bbox 3321 3452 3446 3508; x_wconf 82' lang='lat' dir='ltr'><strong>pas-</strong></span> 
     </span>
    </p>
   </div>
   <div class='ocr_carea' id='block_1_63' title="bbox 170 3531 1709 3616">
    <p class='ocr_par' dir='ltr' id='par_1_63' title="bbox 170 3541 1709 3616">
     <span class='ocr_line' id='line_1_66' title="bbox 170 3541 1709 3616; baseline -0.003 -17"><span class='ocrx_word' id='word_1_486' title='bbox 170 3544 300 3599; x_wconf 79' lang='grc' dir='ltr'>ἀλ).α</span> <span class='ocrx_word' id='word_1_487' title='bbox 329 3545 557 3616; x_wconf 76' lang='grc' dir='ltr'>πάσχων</span> <span class='ocrx_word' id='word_1_488' title='bbox 589 3543 832 3616; x_wconf 80' lang='grc' dir='ltr'>ἔχαιρεν,</span> <span class='ocrx_word' id='word_1_489' title='bbox 865 3543 1023 3609; x_wconf 87' lang='grc' dir='ltr'>εἰδὼς</span> <span class='ocrx_word' id='word_1_490' title='bbox 1051 3544 1136 3598; x_wconf 85' lang='grc' dir='ltr'>ὅτι</span> <span class='ocrx_word' id='word_1_491' title='bbox 1161 3543 1303 3614; x_wconf 76' lang='grc' dir='ltr'>ὑπὲρ</span> <span class='ocrx_word' id='word_1_492' title='bbox 1332 3542 1428 3596; x_wconf 90' lang='grc' dir='ltr'><strong>τοῦ</strong></span> <span class='ocrx_word' id='word_1_493' title='bbox 1473 3541 1709 3608; x_wconf 74' lang='grc' dir='ltr'>Δεσπὸτο</span> 
     </span>
    </p>
   </div>
   <div class='ocr_carea' id='block_1_64' title="bbox 1906 3531 3445 3616">
    <p class='ocr_par' dir='ltr' id='par_1_64' title="bbox 1906 3531 3445 3605">
     <span class='ocr_line' id='line_1_67' title="bbox 1906 3531 3445 3605; baseline -0.001 -17"><span class='ocrx_word' id='word_1_494' title='bbox 1906 3549 1944 3589; x_wconf 80' lang='grc' dir='ltr'><strong>ιε</strong></span> <span class='ocrx_word' id='word_1_495' title='bbox 1977 3534 2286 3603; x_wconf 70' lang='lat' dir='ltr'><strong>laetabatur,</strong></span> <span class='ocrx_word' id='word_1_496' title='bbox 2319 3535 2517 3605; x_wconf 85' lang='lat' dir='ltr'><strong>quippe</strong></span> <span class='ocrx_word' id='word_1_497' title='bbox 2552 3535 2644 3605; x_wconf 92' lang='lat' dir='ltr'><strong>qui</strong></span> <span class='ocrx_word' id='word_1_498' title='bbox 2688 3533 2855 3590; x_wconf 88' lang='lat' dir='ltr'><strong>sciret</strong></span> <span class='ocrx_word' id='word_1_499' title='bbox 2892 3547 3015 3588; x_wconf 85' lang='lat' dir='ltr'><strong>sese</strong></span> <span class='ocrx_word' id='word_1_500' title='bbox 3068 3546 3168 3601; x_wconf 86' lang='lat' dir='ltr'><strong>pro</strong></span> <span class='ocrx_word' id='word_1_501' title='bbox 3219 3531 3445 3586; x_wconf 86' lang='lat' dir='ltr'><strong>Domino</strong></span> 
     </span>
    </p>
   </div>
   <div class='ocr_carea' id='block_1_65' title="bbox 169 3623 1708 3708">
    <p class='ocr_par' dir='ltr' id='par_1_65' title="bbox 169 3634 1708 3708">
     <span class='ocr_line' id='line_1_68' title="bbox 169 3634 1708 3708; baseline -0.002 -18"><span class='ocrx_word' id='word_1_502' title='bbox 169 3638 334 3693; x_wconf 88' lang='grc' dir='ltr'>ταῦτα</span> <span class='ocrx_word' id='word_1_503' title='bbox 360 3639 581 3708; x_wconf 82' lang='grc' dir='ltr'>πάσχει.</span> <span class='ocrx_word' id='word_1_504' title='bbox 627 3636 892 3692; x_wconf 81' lang='grc' dir='ltr'>Ἐνταῦθα</span> <span class='ocrx_word' id='word_1_505' title='bbox 937 3637 994 3691; x_wconf 76' lang='grc' dir='ltr'>δὲ</span> <span class='ocrx_word' id='word_1_506' title='bbox 1043 3635 1464 3708; x_wconf 82' lang='grc' dir='ltr'>διετιτρὼσκετο</span> <span class='ocrx_word' id='word_1_507' title='bbox 1512 3635 1614 3706; x_wconf 78' lang='grc' dir='ltr'>τὴν</span> <span class='ocrx_word' id='word_1_508' title='bbox 1648 3634 1708 3704; x_wconf 79' lang='grc' dir='ltr'><strong>ψι</strong></span> 
     </span>
    </p>
   </div>
   <div class='ocr_carea' id='block_1_66' title="bbox 1906 3623 3445 3708">
    <p class='ocr_par' dir='ltr' id='par_1_66' title="bbox 1906 3623 3445 3688">
     <span class='ocr_line' id='line_1_69' title="bbox 1906 3623 3445 3688; baseline -0.002 -9"><span class='ocrx_word' id='word_1_509' title='bbox 1906 3642 1944 3683; x_wconf 33' lang='grc' dir='ltr'>κο</span> <span class='ocrx_word' id='word_1_510' title='bbox 1976 3627 2104 3682; x_wconf 86' lang='lat' dir='ltr'><strong>talia</strong></span> <span class='ocrx_word' id='word_1_511' title='bbox 2135 3627 2300 3682; x_wconf 76' lang='lat' dir='ltr'><strong>ferre.</strong></span> <span class='ocrx_word' id='word_1_512' title='bbox 2333 3625 2433 3681; x_wconf 85' lang='lat' dir='ltr'><strong>Hic</strong></span> <span class='ocrx_word' id='word_1_513' title='bbox 2465 3641 2596 3682; x_wconf 91' lang='lat' dir='ltr'><strong>vero</strong></span> <span class='ocrx_word' id='word_1_514' title='bbox 2641 3627 2822 3680; x_wconf 89' lang='lat' dir='ltr'><strong>anima</strong></span> <span class='ocrx_word' id='word_1_515' title='bbox 2873 3624 3246 3688; x_wconf 79' lang='lat' dir='ltr'><strong>sauciabatur,</strong></span> <span class='ocrx_word' id='word_1_516' title='bbox 3306 3623 3445 3677; x_wconf 90' lang='lat' dir='ltr'><strong>adeo</strong></span> 
     </span>
    </p>
   </div>
   <div class='ocr_carea' id='block_1_67' title="bbox 170 3713 1709 3805">
    <p class='ocr_par' dir='ltr' id='par_1_67' title="bbox 170 3727 1706 3805">
     <span class='ocr_line' id='line_1_70' title="bbox 170 3727 1706 3805; baseline -0.003 -19"><span class='ocrx_word' id='word_1_517' title='bbox 170 3731 287 3805; x_wconf 81' lang='grc' dir='ltr'>χὴν,</span> <span class='ocrx_word' id='word_1_518' title='bbox 325 3731 466 3785; x_wconf 88' lang='grc' dir='ltr'>ῶστε</span> <span class='ocrx_word' id='word_1_519' title='bbox 493 3733 554 3784; x_wconf 67' lang='grc' dir='ltr'><strong>τὸ</strong></span> <span class='ocrx_word' id='word_1_520' title='bbox 585 3729 1040 3795; x_wconf 75' lang='grc' dir='ltr'>σκανδαλίζεσθαί</span> <span class='ocrx_word' id='word_1_521' title='bbox 1069 3747 1215 3794; x_wconf 86' lang='grc' dir='ltr'>τινα,</span> <span class='ocrx_word' id='word_1_522' title='bbox 1243 3731 1339 3784; x_wconf 81' lang='grc' dir='ltr'><strong>καὶ</strong></span> <span class='ocrx_word' id='word_1_523' title='bbox 1381 3729 1476 3783; x_wconf 72' lang='grc' dir='ltr'>τὸν</span> <span class='ocrx_word' id='word_1_524' title='bbox 1511 3727 1706 3799; x_wconf 87' lang='grc' dir='ltr'>τυχόντ</span> 
     </span>
    </p>
   </div>
   <div class='ocr_carea' id='block_1_68' title="bbox 1909 3713 3448 3805">
    <p class='ocr_par' dir='ltr' id='par_1_68' title="bbox 1909 3713 3448 3790">
     <span class='ocr_line' id='line_1_71' title="bbox 1909 3713 3448 3790; baseline -0.004 -16"><span class='ocrx_word' id='word_1_525' title='bbox 1909 3760 1910 3768; x_wconf 57' lang='grc' dir='ltr'><strong>η</strong></span> <span class='ocrx_word' id='word_1_526' title='bbox 1955 3719 2060 3775; x_wconf 91' lang='lat' dir='ltr'><strong>boc</strong></span> <span class='ocrx_word' id='word_1_527' title='bbox 2115 3719 2314 3790; x_wconf 86' lang='lat' dir='ltr'><strong>ipsum,</strong></span> <span class='ocrx_word' id='word_1_528' title='bbox 2347 3718 2489 3790; x_wconf 88' lang='lat' dir='ltr'><strong>quod</strong></span> <span class='ocrx_word' id='word_1_529' title='bbox 2539 3717 2755 3788; x_wconf 90' lang='lat' dir='ltr'><strong>aliquis,</strong></span> <span class='ocrx_word' id='word_1_530' title='bbox 2790 3715 3038 3786; x_wconf 84' lang='lat' dir='ltr'><strong>quamvis</strong></span> <span class='ocrx_word' id='word_1_531' title='bbox 3092 3713 3332 3786; x_wconf 83' lang='lat' dir='ltr'><strong>vulgaris</strong></span> <span class='ocrx_word' id='word_1_532' title='bbox 3374 3713 3448 3769; x_wconf 89' lang='lat' dir='ltr'><strong>sit</strong></span> 
     </span>
    </p>
   </div>
   <div class='ocr_carea' id='block_1_69' title="bbox 174 3805 1713 3896">
    <p class='ocr_par' dir='ltr' id='par_1_69' title="bbox 174 3820 1713 3896">
     <span class='ocr_line' id='line_1_72' title="bbox 174 3820 1713 3896; baseline -0.001 -19"><span class='ocrx_word' id='word_1_533' title='bbox 174 3825 263 3880; x_wconf 78' lang='lat' dir='ltr'><strong>xui.</strong></span> <span class='ocrx_word' id='word_1_534' title='bbox 315 3824 756 3896; x_wconf 68' lang='grc' dir='ltr'>ἀπερριμμένον,</span> <span class='ocrx_word' id='word_1_535' title='bbox 815 3823 976 3878; x_wconf 83' lang='grc' dir='ltr'>πλέον</span> <span class='ocrx_word' id='word_1_536' title='bbox 1031 3824 1238 3876; x_wconf 78' lang='grc' dir='ltr'>ἐκεῖνον</span> <span class='ocrx_word' id='word_1_537' title='bbox 1273 3822 1428 3893; x_wconf 72' lang='grc' dir='ltr'>ἠνία.</span> <span class='ocrx_word' id='word_1_538' title='bbox 1469 3820 1528 3875; x_wconf 83' lang='grc'><strong>’0</strong></span> <span class='ocrx_word' id='word_1_539' title='bbox 1578 3821 1636 3875; x_wconf 77' lang='grc' dir='ltr'><em>δέ</em></span> <span class='ocrx_word' id='word_1_540' title='bbox 1680 3837 1713 3890; x_wconf 83' lang='grc' dir='ltr'>γ</span> 
     </span>
    </p>
   </div>
   <div class='ocr_carea' id='block_1_70' title="bbox 1908 3805 3447 3896">
    <p class='ocr_par' dir='ltr' id='par_1_70' title="bbox 1959 3805 3447 3882">
     <span class='ocr_line' id='line_1_73' title="bbox 1959 3805 3447 3882; baseline -0.003 -16"><span class='ocrx_word' id='word_1_541' title='bbox 1959 3811 2231 3882; x_wconf 84' lang='lat' dir='ltr'><strong>abjectus,</strong></span> <span class='ocrx_word' id='word_1_542' title='bbox 2309 3808 2626 3866; x_wconf 83' lang='lat' dir='ltr'><strong>scandalum</strong></span> <span class='ocrx_word' id='word_1_543' title='bbox 2686 3810 2947 3879; x_wconf 88' lang='lat' dir='ltr'><strong>patiatur,</strong></span> <span class='ocrx_word' id='word_1_544' title='bbox 3007 3808 3183 3877; x_wconf 81' lang='lat' dir='ltr'><strong>ipsum</strong></span> <span class='ocrx_word' id='word_1_545' title='bbox 3241 3805 3447 3874; x_wconf 83' lang='lat' dir='ltr'><strong>majore</strong></span> 
     </span>
    </p>
   </div>
   <div class='ocr_carea' id='block_1_71' title="bbox 172 3896 1711 3985">
    <p class='ocr_par' dir='ltr' id='par_1_71' title="bbox 172 3911 1711 3985">
     <span class='ocr_line' id='line_1_74' title="bbox 172 3911 1711 3985; baseline 0 -19"><span class='ocrx_word' id='word_1_546' title='bbox 172 3915 332 3969; x_wconf 70' lang='grc' dir='ltr'>Δαῦὶδ</span> <span class='ocrx_word' id='word_1_547' title='bbox 369 3916 415 3947; x_wconf 82' lang='grc'><strong><em>⁹⁹</em></strong></span> <span class='ocrx_word' id='word_1_548' title='bbox 449 3915 669 3969; x_wconf 86' lang='grc' dir='ltr'>δίδωσιν</span> <span class='ocrx_word' id='word_1_549' title='bbox 702 3916 836 3985; x_wconf 78' lang='grc' dir='ltr'>ἡμῖν</span> <span class='ocrx_word' id='word_1_550' title='bbox 875 3914 1018 3967; x_wconf 85' lang='grc' dir='ltr'>νοεῖν</span> <span class='ocrx_word' id='word_1_551' title='bbox 1060 3913 1141 3980; x_wconf 85' lang='grc' dir='ltr'>τὸ,</span> <span class='ocrx_word' id='word_1_552' title='bbox 1187 3931 1206 3966; x_wconf 79' lang='grc' dir='ltr'><strong>ι</strong></span> <span class='ocrx_word' id='word_1_553' title='bbox 1247 3911 1560 3984; x_wconf 84' lang='grc' dir='ltr'>Πυροῦμαι,</span> <span class='ocrx_word' id='word_1_554' title='bbox 1596 3930 1616 3965; x_wconf 72' lang='grc' dir='ltr'><strong>ι</strong></span> <span class='ocrx_word' id='word_1_555' title='bbox 1649 3912 1711 3966; x_wconf 82' lang='grc' dir='ltr'><strong>ἀν</strong></span> 
     </span>
    </p>
   </div>
   <div class='ocr_carea' id='block_1_72' title="bbox 1904 3896 3443 3985">
    <p class='ocr_par' dir='ltr' id='par_1_72' title="bbox 1906 3896 3443 3969">
     <span class='ocr_line' id='line_1_75' title="bbox 1906 3896 3443 3969; baseline -0.007 -9"><span class='ocrx_word' id='word_1_556' title='bbox 1906 3918 2084 3960; x_wconf 70' lang='lat' dir='ltr'><strong>(more</strong></span> <span class='ocrx_word' id='word_1_557' title='bbox 2100 3901 2391 3958; x_wconf 81' lang='lat' dir='ltr'><strong>alliciebat.</strong></span> <span class='ocrx_word' id='word_1_558' title='bbox 2423 3899 2594 3956; x_wconf 88' lang='lat' dir='ltr'><strong>Porro</strong></span> <span class='ocrx_word' id='word_1_559' title='bbox 2632 3900 2798 3954; x_wconf 85' lang='lat' dir='ltr'><strong>David</strong></span> <span class='ocrx_word' id='word_1_560' title='bbox 2819 3900 2998 3964; x_wconf 89' lang='lat' dir='ltr'><strong>docet,</strong></span> <span class='ocrx_word' id='word_1_561' title='bbox 3023 3899 3163 3969; x_wconf 90' lang='lat' dir='ltr'><strong>quod</strong></span> <span class='ocrx_word' id='word_1_562' title='bbox 3185 3917 3204 3950; x_wconf 83' lang='grc' dir='ltr'><strong>ι</strong></span> <span class='ocrx_word' id='word_1_563' title='bbox 3229 3896 3392 3961; x_wconf 87' lang='lat' dir='ltr'><strong>Uror,</strong></span> <span class='ocrx_word' id='word_1_564' title='bbox 3421 3915 3443 3950; x_wconf 77' lang='grc' dir='ltr'><strong>ι</strong></span> 
     </span>
    </p>
   </div>
   <div class='ocr_carea' id='block_1_73' title="bbox 169 3989 1708 4079">
    <p class='ocr_par' dir='ltr' id='par_1_73' title="bbox 169 4000 1708 4079">
     <span class='ocr_line' id='line_1_76' title="bbox 169 4000 1708 4079; baseline -0.001 -19"><span class='ocrx_word' id='word_1_565' title='bbox 169 4009 218 4061; x_wconf 74' lang='grc' dir='ltr'>τὶ</span> <span class='ocrx_word' id='word_1_566' title='bbox 237 4007 354 4075; x_wconf 89' lang='grc' dir='ltr'>τοῦ,</span> <span class='ocrx_word' id='word_1_567' title='bbox 383 4007 840 4079; x_wconf 79' lang='grc' dir='ltr'>Σκανδαλίζομαι.</span> <span class='ocrx_word' id='word_1_568' title='bbox 862 4008 1077 4079; x_wconf 80' lang='grc' dir='ltr'>Ὥσπερ</span> <span class='ocrx_word' id='word_1_569' title='bbox 1104 4007 1214 4078; x_wconf 85' lang='grc' dir='ltr'>γὰρ</span> <span class='ocrx_word' id='word_1_570' title='bbox 1238 4000 1384 4074; x_wconf 78' lang='grc' dir='ltr'>εἶπε,</span> <span class='ocrx_word' id='word_1_571' title='bbox 1405 4026 1424 4060; x_wconf 89' lang='grc' dir='ltr'><strong>ι</strong></span> <span class='ocrx_word' id='word_1_572' title='bbox 1457 4007 1556 4072; x_wconf 85' lang='grc' dir='ltr'>Τίς</span> <span class='ocrx_word' id='word_1_573' title='bbox 1586 4007 1708 4060; x_wconf 86' lang='grc' dir='ltr'>ἀσθε</span> 
     </span>
    </p>
   </div>
   <div class='ocr_carea' id='block_1_74' title="bbox 1906 3989 3445 4079">
    <p class='ocr_par' dir='ltr' id='par_1_74' title="bbox 1906 3989 3445 4064">
     <span class='ocr_line' id='line_1_77' title="bbox 1906 3989 3445 4064; baseline -0.005 -12"><span class='ocrx_word' id='word_1_574' title='bbox 1906 4010 1970 4063; x_wconf 92' lang='grc' dir='ltr'>·ο,</span> <span class='ocrx_word' id='word_1_575' title='bbox 2003 3993 2390 4063; x_wconf 57' lang='grc' dir='ltr'>,δοοηάειιὶεοικ</span> <span class='ocrx_word' id='word_1_576' title='bbox 2436 3991 2846 4064; x_wconf 78' lang='lat' dir='ltr'><strong>intelligendum</strong></span> <span class='ocrx_word' id='word_1_577' title='bbox 2878 4001 2982 4048; x_wconf 89' lang='lat' dir='ltr'><strong>est.</strong></span> <span class='ocrx_word' id='word_1_578' title='bbox 3017 3990 3084 4047; x_wconf 89' lang='lat' dir='ltr'><strong>Ut</strong></span> <span class='ocrx_word' id='word_1_579' title='bbox 3108 3989 3255 4046; x_wconf 88' lang='lat' dir='ltr'><strong>enim</strong></span> <span class='ocrx_word' id='word_1_580' title='bbox 3287 3991 3445 4054; x_wconf 80' lang='lat' dir='ltr'><strong>dixit,</strong></span> 
     </span>
    </p>
   </div>
   <div class='ocr_carea' id='block_1_75' title="bbox 170 4082 1709 4171">
    <p class='ocr_par' dir='ltr' id='par_1_75' title="bbox 170 4097 1709 4171">
     <span class='ocr_line' id='line_1_78' title="bbox 170 4097 1709 4171; baseline -0.001 -18"><span class='ocrx_word' id='word_1_581' title='bbox 170 4103 264 4164; x_wconf 77' lang='grc' dir='ltr'>νεῖ,</span> <span class='ocrx_word' id='word_1_582' title='bbox 300 4104 393 4156; x_wconf 75' lang='grc' dir='ltr'><strong>καὶ</strong></span> <span class='ocrx_word' id='word_1_583' title='bbox 419 4102 524 4155; x_wconf 81' lang='grc' dir='ltr'>οῦκ</span> <span class='ocrx_word' id='word_1_584' title='bbox 556 4100 810 4169; x_wconf 80' lang='grc' dir='ltr'>ἀσθενῶ;</span> <span class='ocrx_word' id='word_1_585' title='bbox 851 4121 868 4154; x_wconf 81' lang='grc' dir='ltr'><strong>ι</strong></span> <span class='ocrx_word' id='word_1_586' title='bbox 912 4099 1056 4155; x_wconf 78' lang='grc' dir='ltr'>οὕτω</span> <span class='ocrx_word' id='word_1_587' title='bbox 1095 4100 1274 4171; x_wconf 79' lang='grc' dir='ltr'>φησί’</span> <span class='ocrx_word' id='word_1_588' title='bbox 1309 4097 1429 4153; x_wconf 81' lang='grc' dir='ltr'>Κᾶν</span> <span class='ocrx_word' id='word_1_589' title='bbox 1457 4097 1709 4154; x_wconf 71' lang='grc' dir='ltr'>σκανδαλι</span> 
     </span>
    </p>
   </div>
   <div class='ocr_carea' id='block_1_76' title="bbox 1903 4082 3442 4171">
    <p class='ocr_par' dir='ltr' id='par_1_76' title="bbox 1912 4082 3442 4156">
     <span class='ocr_line' id='line_1_79' title="bbox 1912 4082 3442 4156; baseline -0.001 -14"><span class='ocrx_word' id='word_1_590' title='bbox 1912 4087 2044 4155; x_wconf 80' lang='lat' dir='ltr'><strong>Quis</strong></span> <span class='ocrx_word' id='word_1_591' title='bbox 2083 4087 2415 4156; x_wconf 87' lang='lat' dir='ltr'><strong>inlirmatur,</strong></span> <span class='ocrx_word' id='word_1_592' title='bbox 2449 4094 2504 4142; x_wconf 90' lang='lat' dir='ltr'><strong>et</strong></span> <span class='ocrx_word' id='word_1_593' title='bbox 2536 4101 2636 4156; x_wconf 77' lang='lat' dir='ltr'><strong>ego</strong></span> <span class='ocrx_word' id='word_1_594' title='bbox 2667 4100 2773 4140; x_wconf 91' lang='lat' dir='ltr'><strong>non</strong></span> <span class='ocrx_word' id='word_1_595' title='bbox 2818 4083 3105 4139; x_wconf 83' lang='lat' dir='ltr'><strong>inﬁrtuor?</strong></span> <span class='ocrx_word' id='word_1_596' title='bbox 3153 4101 3176 4134; x_wconf 77' lang='grc' dir='ltr'><strong>ι</strong></span> <span class='ocrx_word' id='word_1_597' title='bbox 3205 4083 3285 4138; x_wconf 91' lang='lat' dir='ltr'><strong>sic</strong></span> <span class='ocrx_word' id='word_1_598' title='bbox 3317 4082 3392 4137; x_wconf 88' lang='lat' dir='ltr'><strong>ait</strong></span> <span class='ocrx_word' id='word_1_599' title='bbox 3426 4101 3442 4140; x_wconf 86' lang='lat'><strong>:</strong></span> 
     </span>
    </p>
   </div>
   <div class='ocr_carea' id='block_1_77' title="bbox 174 4175 1713 4258">
    <p class='ocr_par' dir='ltr' id='par_1_77' title="bbox 174 4189 1713 4258">
     <span class='ocr_line' id='line_1_80' title="bbox 174 4189 1713 4258; baseline -0.001 -12"><span class='ocrx_word' id='word_1_600' title='bbox 174 4193 322 4258; x_wconf 83' lang='grc' dir='ltr'>ζεταί</span> <span class='ocrx_word' id='word_1_601' title='bbox 353 4212 460 4257; x_wconf 79' lang='grc' dir='ltr'>τις,</span> <span class='ocrx_word' id='word_1_602' title='bbox 493 4194 656 4258; x_wconf 82' lang='grc' dir='ltr'>αὐτὸς</span> <span class='ocrx_word' id='word_1_603' title='bbox 693 4194 836 4248; x_wconf 84' lang='grc' dir='ltr'>δοκῶ</span> <span class='ocrx_word' id='word_1_604' title='bbox 893 4191 1378 4258; x_wconf 79' lang='grc' dir='ltr'>σκανδαλίζεσθαι,</span> <span class='ocrx_word' id='word_1_605' title='bbox 1426 4189 1524 4245; x_wconf 78' lang='grc' dir='ltr'><strong>καὶ</strong></span> <span class='ocrx_word' id='word_1_606' title='bbox 1574 4208 1713 4245; x_wconf 87' lang='grc' dir='ltr'>σπου</span> 
     </span>
    </p>
   </div>
   <div class='ocr_carea' id='block_1_78' title="bbox 1904 4175 3443 4258">
    <p class='ocr_par' dir='ltr' id='par_1_78' title="bbox 1904 4175 3443 4250">
     <span class='ocr_line' id='line_1_81' title="bbox 1904 4175 3443 4250; baseline -0.005 -16"><span class='ocrx_word' id='word_1_607' title='bbox 1904 4190 1916 4234; x_wconf 94' lang='lat' dir='ltr'><strong>L</strong></span> <span class='ocrx_word' id='word_1_608' title='bbox 1945 4181 1988 4236; x_wconf 89' lang='lat' dir='ltr'><strong>si</strong></span> <span class='ocrx_word' id='word_1_609' title='bbox 2014 4179 2412 4237; x_wconf 85' lang='lat' dir='ltr'><strong>scandalizatur</strong></span> <span class='ocrx_word' id='word_1_610' title='bbox 2439 4179 2658 4249; x_wconf 88' lang='lat' dir='ltr'><strong>aliquis,</strong></span> <span class='ocrx_word' id='word_1_611' title='bbox 2709 4192 2810 4250; x_wconf 71' lang='lat' dir='ltr'><strong>ego</strong></span> <span class='ocrx_word' id='word_1_612' title='bbox 2839 4191 3056 4248; x_wconf 87' lang='lat' dir='ltr'><strong>quoque</strong></span> <span class='ocrx_word' id='word_1_613' title='bbox 3101 4175 3443 4232; x_wconf 84' lang='lat' dir='ltr'><strong>scandaliza-</strong></span> 
     </span>
    </p>
   </div>
   <div class='ocr_carea' id='block_1_79' title="bbox 171 4266 1710 4360">
    <p class='ocr_par' dir='ltr' id='par_1_79' title="bbox 171 4283 1710 4360">
     <span class='ocr_line' id='line_1_82' title="bbox 171 4283 1710 4360; baseline -0.001 -20"><span class='ocrx_word' id='word_1_614' title='bbox 171 4287 310 4352; x_wconf 75' lang='grc' dir='ltr'>δάξω</span> <span class='ocrx_word' id='word_1_615' title='bbox 332 4286 586 4343; x_wconf 79' lang='grc' dir='ltr'>ἰάσασθαι</span> <span class='ocrx_word' id='word_1_616' title='bbox 607 4288 669 4341; x_wconf 82' lang='grc' dir='ltr'>τὸ</span> <span class='ocrx_word' id='word_1_617' title='bbox 699 4289 871 4351; x_wconf 81' lang='grc' dir='ltr'>πάθος</span> <span class='ocrx_word' id='word_1_618' title='bbox 902 4288 980 4354; x_wconf 85' lang='grc' dir='ltr'>ὼς</span> <span class='ocrx_word' id='word_1_619' title='bbox 1006 4287 1158 4360; x_wconf 72' lang='grc' dir='ltr'>ἐμόν.</span> <span class='ocrx_word' id='word_1_620' title='bbox 1195 4286 1307 4340; x_wconf 87' lang='grc' dir='ltr'>Ποῦ</span> <span class='ocrx_word' id='word_1_621' title='bbox 1331 4287 1391 4340; x_wconf 79' lang='grc' dir='ltr'><strong>δέ</strong></span> <span class='ocrx_word' id='word_1_622' title='bbox 1425 4302 1561 4356; x_wconf 83' lang='grc' dir='ltr'>φησι</span> <span class='ocrx_word' id='word_1_623' title='bbox 1585 4283 1710 4338; x_wconf 87' lang='grc' dir='ltr'>τοῦτ</span> 
     </span>
    </p>
   </div>
   <div class='ocr_carea' id='block_1_80' title="bbox 1905 4266 3444 4360">
    <p class='ocr_par' dir='ltr' id='par_1_80' title="bbox 1929 4266 3444 4343">
     <span class='ocr_line' id='line_1_83' title="bbox 1929 4266 3444 4343; baseline -0.004 -18"><span class='ocrx_word' id='word_1_624' title='bbox 1929 4273 2138 4340; x_wconf 91' lang='lat' dir='ltr'><strong>videor,</strong></span> <span class='ocrx_word' id='word_1_625' title='bbox 2170 4271 2347 4343; x_wconf 90' lang='lat' dir='ltr'><strong>doque</strong></span> <span class='ocrx_word' id='word_1_626' title='bbox 2392 4287 2615 4343; x_wconf 85' lang='lat' dir='ltr'><strong>operam</strong></span> <span class='ocrx_word' id='word_1_627' title='bbox 2662 4272 2804 4326; x_wconf 80' lang='lat' dir='ltr'><strong>tualo</strong></span> <span class='ocrx_word' id='word_1_628' title='bbox 2855 4269 2982 4325; x_wconf 83' lang='lat' dir='ltr'><strong>huic</strong></span> <span class='ocrx_word' id='word_1_629' title='bbox 3025 4266 3252 4332; x_wconf 88' lang='lat' dir='ltr'><strong>mederi,</strong></span> <span class='ocrx_word' id='word_1_630' title='bbox 3299 4266 3444 4320; x_wconf 84' lang='lat' dir='ltr'><strong>haud</strong></span> 
     </span>
    </p>
   </div>
   <div class='ocr_carea' id='block_1_81' title="bbox 173 4357 1712 4453">
    <p class='ocr_par' dir='ltr' id='par_1_81' title="bbox 173 4377 1712 4453">
     <span class='ocr_line' id='line_1_84' title="bbox 173 4377 1712 4453; baseline -0.001 -22"><span class='ocrx_word' id='word_1_631' title='bbox 173 4378 199 4430; x_wconf 80' lang='grc' dir='ltr'>ὁ</span> <span class='ocrx_word' id='word_1_632' title='bbox 246 4380 410 4433; x_wconf 85' lang='grc' dir='ltr'>Δαυῖδ</span> <span class='ocrx_word' id='word_1_633' title='bbox 437 4399 453 4447; x_wconf 87' lang='grc'><strong>;</strong></span> <span class='ocrx_word' id='word_1_634' title='bbox 483 4398 502 4432; x_wconf 86' lang='grc' dir='ltr'><strong>ι</strong></span> <span class='ocrx_word' id='word_1_635' title='bbox 546 4381 634 4434; x_wconf 81' lang='grc' dir='ltr'>Ἐν</span> <span class='ocrx_word' id='word_1_636' title='bbox 690 4381 769 4451; x_wconf 83' lang='grc' dir='ltr'>τῷ</span> <span class='ocrx_word' id='word_1_637' title='bbox 831 4378 1349 4453; x_wconf 83' lang='grc' dir='ltr'>ὑπερηφανεύεσθαι</span> <span class='ocrx_word' id='word_1_638' title='bbox 1409 4378 1504 4432; x_wconf 81' lang='grc' dir='ltr'>τὸν</span> <span class='ocrx_word' id='word_1_639' title='bbox 1549 4377 1712 4446; x_wconf 66' lang='grc' dir='ltr'>ἀσεϐῆ</span> 
     </span>
    </p>
   </div>
   <div class='ocr_carea' id='block_1_82' title="bbox 1897 4357 3436 4453">
    <p class='ocr_par' dir='ltr' id='par_1_82' title="bbox 1897 4357 3436 4436">
     <span class='ocr_line' id='line_1_85' title="bbox 1897 4357 3436 4436; baseline -0.006 -16"><span class='ocrx_word' id='word_1_640' title='bbox 1897 4381 2012 4421; x_wconf 76' lang='lat' dir='ltr'><strong>:cus</strong></span> <span class='ocrx_word' id='word_1_641' title='bbox 2039 4376 2201 4436; x_wconf 74' lang='lat' dir='ltr'><strong>atque</strong></span> <span class='ocrx_word' id='word_1_642' title='bbox 2227 4380 2406 4420; x_wconf 87' lang='lat' dir='ltr'><strong>meum</strong></span> <span class='ocrx_word' id='word_1_643' title='bbox 2439 4362 2599 4420; x_wconf 83' lang='lat' dir='ltr'><strong>foret.</strong></span> <span class='ocrx_word' id='word_1_644' title='bbox 2635 4362 2737 4420; x_wconf 85' lang='lat' dir='ltr'><strong>Ubi</strong></span> <span class='ocrx_word' id='word_1_645' title='bbox 2774 4377 2904 4419; x_wconf 87' lang='lat' dir='ltr'><strong>vero</strong></span> <span class='ocrx_word' id='word_1_646' title='bbox 2926 4359 3094 4415; x_wconf 84' lang='lat' dir='ltr'><strong>David</strong></span> <span class='ocrx_word' id='word_1_647' title='bbox 3127 4360 3271 4415; x_wconf 89' lang='lat' dir='ltr'><strong>istuc</strong></span> <span class='ocrx_word' id='word_1_648' title='bbox 3315 4357 3436 4411; x_wconf 78' lang='lat' dir='ltr'><strong>ait?</strong></span> 
     </span>
    </p>
   </div>
   <div class='ocr_carea' id='block_1_83' title="bbox 172 4451 1711 4544">
    <p class='ocr_par' dir='ltr' id='par_1_83' title="bbox 172 4471 1687 4544">
     <span class='ocr_line' id='line_1_86' title="bbox 172 4471 1687 4544; baseline 0 -20"><span class='ocrx_word' id='word_1_649' title='bbox 172 4471 528 4543; x_wconf 76' lang='grc' dir='ltr'>ἐμπυρίζεται</span> <span class='ocrx_word' id='word_1_650' title='bbox 558 4474 586 4528; x_wconf 84' lang='grc' dir='ltr'>ὁ</span> <span class='ocrx_word' id='word_1_651' title='bbox 611 4474 861 4544; x_wconf 78' lang='grc' dir='ltr'>πτωχὸς,</span> <span class='ocrx_word' id='word_1_652' title='bbox 898 4492 918 4526; x_wconf 73' lang='grc' dir='ltr'><strong>ι</strong></span> <span class='ocrx_word' id='word_1_653' title='bbox 945 4473 1220 4538; x_wconf 81' lang='grc' dir='ltr'>τουτέστι,</span> <span class='ocrx_word' id='word_1_654' title='bbox 1262 4471 1687 4537; x_wconf 77' lang='grc' dir='ltr'>Σκανδαλίζεται</span> 
     </span>
    </p>
   </div>
   <div class='ocr_carea' id='block_1_84' title="bbox 1910 4451 3449 4544">
    <p class='ocr_par' dir='ltr' id='par_1_84' title="bbox 1913 4451 3449 4528">
     <span class='ocr_line' id='line_1_87' title="bbox 1913 4451 3449 4528; baseline -0.005 -15"><span class='ocrx_word' id='word_1_655' title='bbox 1913 4459 2049 4514; x_wconf 90' lang='lat' dir='ltr'><strong>Dum</strong></span> <span class='ocrx_word' id='word_1_656' title='bbox 2088 4459 2332 4528; x_wconf 86' lang='lat' dir='ltr'><strong>superbit</strong></span> <span class='ocrx_word' id='word_1_657' title='bbox 2363 4458 2584 4528; x_wconf 85' lang='lat' dir='ltr'><strong>impius,</strong></span> <span class='ocrx_word' id='word_1_658' title='bbox 2639 4456 2945 4511; x_wconf 87' lang='lat' dir='ltr'><strong>incenditur</strong></span> <span class='ocrx_word' id='word_1_659' title='bbox 2973 4467 3173 4523; x_wconf 89' lang='lat' dir='ltr'><strong>pauper</strong></span> <span class='ocrx_word' id='word_1_660' title='bbox 3195 4458 3246 4517; x_wconf 81' lang='grc' dir='ltr'><strong>ιι,</strong></span> <span class='ocrx_word' id='word_1_661' title='bbox 3274 4468 3296 4504; x_wconf 78' lang='grc' dir='ltr'><strong>ι</strong></span> <span class='ocrx_word' id='word_1_662' title='bbox 3344 4451 3449 4506; x_wconf 87' lang='lat' dir='ltr'><strong>boc</strong></span> 
     </span>
    </p>
   </div>
   <div class='ocr_carea' id='block_1_85' title="bbox 173 4542 1712 4635">
    <p class='ocr_par' dir='ltr' id='par_1_85' title="bbox 173 4557 1712 4635">
     <span class='ocr_line' id='line_1_88' title="bbox 173 4557 1712 4635; baseline 0.001 -23"><span class='ocrx_word' id='word_1_663' title='bbox 173 4561 402 4633; x_wconf 78' lang='grc' dir='ltr'>πτωχὸς,</span> <span class='ocrx_word' id='word_1_664' title='bbox 435 4565 502 4632; x_wconf 82' lang='grc' dir='ltr'><strong>τῇ</strong></span> <span class='ocrx_word' id='word_1_665' title='bbox 531 4561 742 4635; x_wconf 77' lang='grc' dir='ltr'>διανοίᾳ</span> <span class='ocrx_word' id='word_1_666' title='bbox 765 4562 905 4634; x_wconf 83' lang='grc' dir='ltr'>ὁρῶν</span> <span class='ocrx_word' id='word_1_667' title='bbox 934 4562 1062 4627; x_wconf 80' lang='grc' dir='ltr'>τοὺς</span> <span class='ocrx_word' id='word_1_668' title='bbox 1087 4561 1342 4629; x_wconf 77' lang='grc' dir='ltr'>ἀναξίους</span> <span class='ocrx_word' id='word_1_669' title='bbox 1363 4562 1409 4593; x_wconf 79' lang='grc'><strong>⁹¹</strong></span> <span class='ocrx_word' id='word_1_670' title='bbox 1448 4557 1712 4615; x_wconf 77' lang='grc' dir='ltr'>πλουτοῦν</span> 
     </span>
    </p>
   </div>
   <div class='ocr_carea' id='block_1_86' title="bbox 1907 4542 3446 4635">
    <p class='ocr_par' dir='ltr' id='par_1_86' title="bbox 1907 4542 3446 4618">
     <span class='ocr_line' id='line_1_89' title="bbox 1907 4542 3446 4618; baseline -0.002 -19"><span class='ocrx_word' id='word_1_671' title='bbox 1907 4559 1954 4616; x_wconf 72' lang='lat' dir='ltr'><strong>.t,</strong></span> <span class='ocrx_word' id='word_1_672' title='bbox 1987 4549 2386 4606; x_wconf 83' lang='lat' dir='ltr'><strong>scandalizatur</strong></span> <span class='ocrx_word' id='word_1_673' title='bbox 2415 4562 2640 4618; x_wconf 88' lang='lat' dir='ltr'><strong>pauper,</strong></span> <span class='ocrx_word' id='word_1_674' title='bbox 2671 4553 2852 4602; x_wconf 91' lang='lat' dir='ltr'><strong>mente</strong></span> <span class='ocrx_word' id='word_1_675' title='bbox 2902 4559 3002 4601; x_wconf 88' lang='lat' dir='ltr'><strong>sua</strong></span> <span class='ocrx_word' id='word_1_676' title='bbox 3054 4551 3307 4613; x_wconf 82' lang='lat' dir='ltr'><strong>repetens</strong></span> <span class='ocrx_word' id='word_1_677' title='bbox 3359 4542 3446 4596; x_wconf 88' lang='lat' dir='ltr'><strong>iu-</strong></span> 
     </span>
    </p>
   </div>
   <div class='ocr_carea' id='block_1_87' title="bbox 174 4640 1713 4724">
    <p class='ocr_par' dir='ltr' id='par_1_87' title="bbox 174 4652 924 4724">
     <span class='ocr_line' id='line_1_90' title="bbox 174 4652 924 4724; baseline 0.004 -21"><span class='ocrx_word' id='word_1_678' title='bbox 174 4667 264 4715; x_wconf 84' lang='grc' dir='ltr'><strong>τας</strong></span> <span class='ocrx_word' id='word_1_679' title='bbox 289 4654 387 4705; x_wconf 74' lang='grc' dir='ltr'>καὶ</span> <span class='ocrx_word' id='word_1_680' title='bbox 426 4652 924 4724; x_wconf 85' lang='grc' dir='ltr'>ὑπεραιρομένους.</span> 
     </span>
    </p>
   </div>
   <div class='ocr_carea' id='block_1_88' title="bbox 1176 4640 2715 4724">
    <p class='ocr_par' dir='ltr' id='par_1_88' title="bbox 1851 4640 2715 4714">
     <span class='ocr_line' id='line_1_91' title="bbox 1851 4640 2715 4714; baseline -0.003 -16"><span class='ocrx_word' id='word_1_681' title='bbox 1851 4645 2042 4714; x_wconf 79' lang='lat' dir='ltr'><strong>dignos</strong></span> <span class='ocrx_word' id='word_1_682' title='bbox 2068 4643 2404 4698; x_wconf 86' lang='lat' dir='ltr'><strong>ditescentes</strong></span> <span class='ocrx_word' id='word_1_683' title='bbox 2439 4649 2494 4696; x_wconf 89' lang='lat' dir='ltr'><strong>et</strong></span> <span class='ocrx_word' id='word_1_684' title='bbox 2524 4640 2715 4695; x_wconf 86' lang='lat' dir='ltr'><strong>elatos.</strong></span> 
     </span>
    </p>
   </div>
   <div class='ocr_carea' id='block_1_89' title="bbox 243 4727 1782 4817">
    <p class='ocr_par' dir='ltr' id='par_1_89' title="bbox 243 4743 1751 4817">
     <span class='ocr_line' id='line_1_92' title="bbox 243 4743 1751 4817; baseline 0 -20"><span class='ocrx_word' id='word_1_685' title='bbox 243 4762 261 4797; x_wconf 84' lang='grc' dir='ltr'><strong>ι</strong></span> <span class='ocrx_word' id='word_1_686' title='bbox 300 4745 362 4798; x_wconf 87' lang='grc' dir='ltr'>Εἰ</span> <span class='ocrx_word' id='word_1_687' title='bbox 395 4745 708 4814; x_wconf 74' lang='grc' dir='ltr'>καυχᾶσθαι</span> <span class='ocrx_word' id='word_1_688' title='bbox 737 4745 839 4809; x_wconf 85' lang='grc' dir='ltr'>δεῖ,</span> <span class='ocrx_word' id='word_1_689' title='bbox 863 4745 930 4798; x_wconf 79' lang='grc' dir='ltr'><strong>τὰ</strong></span> <span class='ocrx_word' id='word_1_690' title='bbox 965 4747 1064 4817; x_wconf 82' lang='grc' dir='ltr'>τῆς</span> <span class='ocrx_word' id='word_1_691' title='bbox 1093 4745 1382 4809; x_wconf 84' lang='grc' dir='ltr'>ἀσθενείας</span> <span class='ocrx_word' id='word_1_692' title='bbox 1416 4761 1518 4816; x_wconf 89' lang='grc' dir='ltr'><strong>μου</strong></span> <span class='ocrx_word' id='word_1_693' title='bbox 1541 4743 1751 4812; x_wconf 86' lang='grc' dir='ltr'>καυχή-</span> 
     </span>
    </p>
   </div>
   <div class='ocr_carea' id='block_1_90' title="bbox 1916 4727 3455 4817">
    <p class='ocr_par' dir='ltr' id='par_1_90' title="bbox 1924 4727 3455 4802">
     <span class='ocr_line' id='line_1_93' title="bbox 1924 4727 3455 4802; baseline -0.003 -15"><span class='ocrx_word' id='word_1_694' title='bbox 1924 4733 2086 4789; x_wconf 75' lang='lat' dir='ltr'><strong>Vens.</strong></span> <span class='ocrx_word' id='word_1_695' title='bbox 2124 4734 2214 4789; x_wconf 75' lang='lat'><strong>30.</strong></span> <span class='ocrx_word' id='word_1_696' title='bbox 2251 4751 2272 4786; x_wconf 88' lang='grc' dir='ltr'><strong>ι</strong></span> <span class='ocrx_word' id='word_1_697' title='bbox 2324 4731 2380 4788; x_wconf 83' lang='lat' dir='ltr'><strong>Si</strong></span> <span class='ocrx_word' id='word_1_698' title='bbox 2413 4731 2638 4802; x_wconf 79' lang='lat' dir='ltr'><strong>gloriari</strong></span> <span class='ocrx_word' id='word_1_699' title='bbox 2686 4736 2921 4798; x_wconf 90' lang='lat' dir='ltr'><strong>oportet,</strong></span> <span class='ocrx_word' id='word_1_700' title='bbox 2963 4743 3083 4796; x_wconf 65' lang='lat' dir='ltr'><strong>quae</strong></span> <span class='ocrx_word' id='word_1_701' title='bbox 3113 4727 3455 4787; x_wconf 84' lang='lat' dir='ltr'><strong>inﬁrmitatis</strong></span> 
     </span>
    </p>
   </div>
   <div class='ocr_carea' id='block_1_91' title="bbox 178 4821 1717 4910">
    <p class='ocr_par' dir='ltr' id='par_1_91' title="bbox 178 4835 1712 4910">
     <span class='ocr_line' id='line_1_94' title="bbox 178 4835 1712 4910; baseline -0.002 -20"><span class='ocrx_word' id='word_1_702' title='bbox 178 4853 362 4910; x_wconf 87' lang='grc' dir='ltr'>σομαι.</span> <span class='ocrx_word' id='word_1_703' title='bbox 412 4856 432 4891; x_wconf 74' lang='grc' dir='ltr'><strong>ι</strong></span> <span class='ocrx_word' id='word_1_704' title='bbox 479 4837 794 4893; x_wconf 80' lang='grc' dir='ltr'>Ἀσθένειαν</span> <span class='ocrx_word' id='word_1_705' title='bbox 824 4838 982 4892; x_wconf 83' lang='grc' dir='ltr'>καλεῖ</span> <span class='ocrx_word' id='word_1_706' title='bbox 1005 4838 1131 4902; x_wconf 79' lang='grc' dir='ltr'>τοὺς</span> <span class='ocrx_word' id='word_1_707' title='bbox 1177 4835 1472 4908; x_wconf 80' lang='grc' dir='ltr'>διωγμούς.</span> <span class='ocrx_word' id='word_1_708' title='bbox 1518 4835 1610 4889; x_wconf 87' lang='grc' dir='ltr'>Ἐν</span> <span class='ocrx_word' id='word_1_709' title='bbox 1639 4836 1712 4903; x_wconf 74' lang='grc' dir='ltr'><strong>γά</strong></span> 
     </span>
    </p>
   </div>
   <div class='ocr_carea' id='block_1_92' title="bbox 1920 4821 3459 4910">
    <p class='ocr_par' dir='ltr' id='par_1_92' title="bbox 1920 4821 3459 4894">
     <span class='ocr_line' id='line_1_95' title="bbox 1920 4821 3459 4894; baseline -0.003 -15"><span class='ocrx_word' id='word_1_710' title='bbox 1920 4841 1987 4880; x_wconf 69' lang='lat' dir='ltr'><strong>ea:</strong></span> <span class='ocrx_word' id='word_1_711' title='bbox 2034 4834 2180 4891; x_wconf 90' lang='lat' dir='ltr'><strong>sunt,</strong></span> <span class='ocrx_word' id='word_1_712' title='bbox 2242 4823 2534 4894; x_wconf 81' lang='lat' dir='ltr'><strong>gloriabor.</strong></span> <span class='ocrx_word' id='word_1_713' title='bbox 2570 4841 2589 4876; x_wconf 79' lang='grc' dir='ltr'><strong>ι</strong></span> <span class='ocrx_word' id='word_1_714' title='bbox 2619 4821 2992 4876; x_wconf 84' lang='lat' dir='ltr'><strong>Inﬁrmitatem</strong></span> <span class='ocrx_word' id='word_1_715' title='bbox 3041 4821 3459 4891; x_wconf 67' lang='lat' dir='ltr'><strong>persecutiones</strong></span> 
     </span>
    </p>
   </div>
   <div class='ocr_carea' id='block_1_93' title="bbox 177 4907 1716 5002">
    <p class='ocr_par' dir='ltr' id='par_1_93' title="bbox 177 4929 1716 5002">
     <span class='ocr_line' id='line_1_96' title="bbox 177 4929 1716 5002; baseline -0.002 -19"><span class='ocrx_word' id='word_1_716' title='bbox 177 4930 248 5000; x_wconf 87' lang='grc' dir='ltr'>τῷ</span> <span class='ocrx_word' id='word_1_717' title='bbox 275 4929 590 5002; x_wconf 88' lang='grc' dir='ltr'>λιμώττειν,</span> <span class='ocrx_word' id='word_1_718' title='bbox 630 4930 728 4984; x_wconf 74' lang='grc' dir='ltr'><strong>καὶ</strong></span> <span class='ocrx_word' id='word_1_719' title='bbox 787 4930 1143 5002; x_wconf 76' lang='grc' dir='ltr'>πλήττεσθαι,</span> <span class='ocrx_word' id='word_1_720' title='bbox 1181 4931 1278 4984; x_wconf 77' lang='grc' dir='ltr'><strong>καὶ</strong></span> <span class='ocrx_word' id='word_1_721' title='bbox 1335 4931 1617 4998; x_wconf 83' lang='grc' dir='ltr'>ναυαγεῖν,</span> <span class='ocrx_word' id='word_1_722' title='bbox 1654 4946 1716 4981; x_wconf 83' lang='grc' dir='ltr'>κα</span> 
     </span>
    </p>
   </div>
   <div class='ocr_carea' id='block_1_94' title="bbox 1914 4907 3453 5002">
    <p class='ocr_par' dir='ltr' id='par_1_94' title="bbox 1914 4907 3453 4979">
     <span class='ocr_line' id='line_1_97' title="bbox 1914 4907 3453 4979; baseline -0.005 -9"><span class='ocrx_word' id='word_1_723' title='bbox 1914 4925 2009 4970; x_wconf 58' lang='lat' dir='ltr'><strong>teat</strong></span> <span class='ocrx_word' id='word_1_724' title='bbox 2037 4935 2052 4973; x_wconf 85' lang='lat'><strong>:</strong></span> <span class='ocrx_word' id='word_1_725' title='bbox 2083 4916 2134 4970; x_wconf 92' lang='lat' dir='ltr'><strong>iu</strong></span> <span class='ocrx_word' id='word_1_726' title='bbox 2165 4914 2449 4972; x_wconf 88' lang='lat' dir='ltr'><strong>tolerantia</strong></span> <span class='ocrx_word' id='word_1_727' title='bbox 2481 4914 2624 4969; x_wconf 84' lang='lat' dir='ltr'><strong>enim</strong></span> <span class='ocrx_word' id='word_1_728' title='bbox 2650 4913 2861 4979; x_wconf 68' lang='lat' dir='ltr'><strong>inediae,</strong></span> <span class='ocrx_word' id='word_1_729' title='bbox 2887 4913 3197 4977; x_wconf 87' lang='lat' dir='ltr'><strong>verberum,</strong></span> <span class='ocrx_word' id='word_1_730' title='bbox 3224 4907 3453 4966; x_wconf 48' lang='lat' dir='ltr'><strong>murra-</strong></span> 
     </span>
    </p>
   </div>
   <div class='ocr_carea' id='block_1_95' title="bbox 175 4999 1714 5094">
    <p class='ocr_par' dir='ltr' id='par_1_95' title="bbox 175 4999 1714 5094">
     <span class='ocr_line' id='line_1_98' title="bbox 175 4999 1714 5094; baseline -0.001 -21"><span class='ocrx_word' id='word_1_731' title='bbox 175 4999 346 5077; x_wconf 76' lang='grc' dir='ltr'>τάλλα</span> <span class='ocrx_word' id='word_1_732' title='bbox 397 5023 577 5076; x_wconf 87' lang='grc' dir='ltr'>πάντα</span> <span class='ocrx_word' id='word_1_733' title='bbox 629 4999 890 5092; x_wconf 79' lang='grc' dir='ltr'>πάσχειν,</span> <span class='ocrx_word' id='word_1_734' title='bbox 925 5021 1304 5094; x_wconf 81' lang='grc' dir='ltr'>ἡάνθρωπίνη</span> <span class='ocrx_word' id='word_1_735' title='bbox 1344 5021 1604 5074; x_wconf 82' lang='grc' dir='ltr'>ἀσθένεια</span> <span class='ocrx_word' id='word_1_736' title='bbox 1635 5018 1714 5073; x_wconf 83' lang='grc' dir='ltr'><strong>δεί</strong></span> 
     </span>
    </p>
   </div>
   <div class='ocr_carea' id='block_1_96' title="bbox 1918 4999 3457 5094">
    <p class='ocr_par' dir='ltr' id='par_1_96' title="bbox 1918 4999 3457 5078">
     <span class='ocr_line' id='line_1_99' title="bbox 1918 4999 3457 5078; baseline -0.007 -15"><span class='ocrx_word' id='word_1_737' title='bbox 1918 5011 1945 5072; x_wconf 62' lang='grc' dir='ltr'>ι,</span> <span class='ocrx_word' id='word_1_738' title='bbox 1980 5008 2320 5078; x_wconf 84' lang='lat' dir='ltr'><strong>aliorumque</strong></span> <span class='ocrx_word' id='word_1_739' title='bbox 2353 5005 2617 5060; x_wconf 86' lang='lat' dir='ltr'><strong>malorum</strong></span> <span class='ocrx_word' id='word_1_740' title='bbox 2663 5003 2944 5073; x_wconf 87' lang='lat' dir='ltr'><strong>patientia,</strong></span> <span class='ocrx_word' id='word_1_741' title='bbox 2977 5003 3215 5059; x_wconf 86' lang='lat' dir='ltr'><strong>bumana</strong></span> <span class='ocrx_word' id='word_1_742' title='bbox 3269 4999 3457 5054; x_wconf 72' lang='lat' dir='ltr'><strong>imbe-</strong></span> 
     </span>
    </p>
   </div>
   <div class='ocr_carea' id='block_1_97' title="bbox 177 5091 1716 5188">
    <p class='ocr_par' dir='ltr' id='par_1_97' title="bbox 177 5091 1716 5188">
     <span class='ocr_line' id='line_1_100' title="bbox 177 5091 1716 5188; baseline -0.003 -22"><span class='ocrx_word' id='word_1_743' title='bbox 177 5131 388 5172; x_wconf 83' lang='grc' dir='ltr'>κνυται.</span> <span class='ocrx_word' id='word_1_744' title='bbox 421 5116 675 5188; x_wconf 86' lang='grc' dir='ltr'>Σημείων</span> <span class='ocrx_word' id='word_1_745' title='bbox 726 5091 785 5168; x_wconf 67' lang='grc' dir='ltr'>δὲ</span> <span class='ocrx_word' id='word_1_746' title='bbox 835 5091 1165 5170; x_wconf 66' lang='grc' dir='ltr'>ἐνταῦθανού</span> <span class='ocrx_word' id='word_1_747' title='bbox 1220 5091 1532 5186; x_wconf 82' lang='grc' dir='ltr'>μέμνηται·</span> <span class='ocrx_word' id='word_1_748' title='bbox 1562 5113 1716 5166; x_wconf 61' lang='grc' dir='ltr'>ἐκεῖνι</span> 
     </span>
    </p>
   </div>
   <div class='ocr_carea' id='block_1_98' title="bbox 1916 5091 3455 5188">
    <p class='ocr_par' dir='ltr' id='par_1_98' title="bbox 1916 5091 3455 5167">
     <span class='ocr_line' id='line_1_101' title="bbox 1916 5091 3455 5167; baseline -0.006 -13"><span class='ocrx_word' id='word_1_749' title='bbox 1916 5101 2047 5156; x_wconf 77' lang='lat' dir='ltr'><strong>llitas</strong></span> <span class='ocrx_word' id='word_1_750' title='bbox 2109 5101 2532 5155; x_wconf 84' lang='lat' dir='ltr'><strong>demonstratur.</strong></span> <span class='ocrx_word' id='word_1_751' title='bbox 2592 5097 2881 5167; x_wconf 73' lang='lat' dir='ltr'><strong>Siguorum</strong></span> <span class='ocrx_word' id='word_1_752' title='bbox 2940 5103 3121 5150; x_wconf 86' lang='lat' dir='ltr'><strong>autem</strong></span> <span class='ocrx_word' id='word_1_753' title='bbox 3193 5091 3280 5147; x_wconf 90' lang='lat' dir='ltr'><strong>bic</strong></span> <span class='ocrx_word' id='word_1_754' title='bbox 3335 5105 3455 5146; x_wconf 69' lang='lat' dir='ltr'><strong>nom</strong></span> 
     </span>
    </p>
   </div>
   <div class='ocr_carea' id='block_1_99' title="bbox 178 5183 1717 5280">
    <p class='ocr_par' dir='ltr' id='par_1_99' title="bbox 178 5183 1717 5280">
     <span class='ocr_line' id='line_1_102' title="bbox 178 5183 1717 5280; baseline -0.002 -18"><span class='ocrx_word' id='word_1_755' title='bbox 178 5208 278 5279; x_wconf 75' lang='grc' dir='ltr'><strong>γὰρ</strong></span> <span class='ocrx_word' id='word_1_756' title='bbox 333 5183 702 5278; x_wconf 34' lang='grc' dir='ltr'>Θεοῦ-’δῶρον</span> <span class='ocrx_word' id='word_1_757' title='bbox 726 5203 797 5279; x_wconf 78' lang='grc' dir='ltr'>ἦν</span> <span class='ocrx_word' id='word_1_758' title='bbox 821 5225 835 5240; x_wconf 89' lang='grc'><strong>·</strong></span> <span class='ocrx_word' id='word_1_759' title='bbox 872 5207 1046 5262; x_wconf 89' lang='grc' dir='ltr'>ταῦτα</span> <span class='ocrx_word' id='word_1_760' title='bbox 1093 5208 1151 5262; x_wconf 81' lang='grc' dir='ltr'>δὲ</span> <span class='ocrx_word' id='word_1_761' title='bbox 1179 5183 1317 5280; x_wconf 76' lang='grc' dir='ltr'>μετά</span> <span class='ocrx_word' id='word_1_762' title='bbox 1345 5183 1443 5276; x_wconf 67' lang='grc' dir='ltr'>τῆς</span> <span class='ocrx_word' id='word_1_763' title='bbox 1473 5205 1569 5262; x_wconf 89' lang='grc' dir='ltr'><strong>τοῦ</strong></span> <span class='ocrx_word' id='word_1_764' title='bbox 1608 5205 1717 5260; x_wconf 84' lang='grc' dir='ltr'>Θεο</span> 
     </span>
    </p>
   </div>
   <div class='ocr_carea' id='block_1_100' title="bbox 1916 5183 3455 5280">
    <p class='ocr_par' dir='ltr' id='par_1_100' title="bbox 1916 5183 3455 5264">
     <span class='ocr_line' id='line_1_103' title="bbox 1916 5183 3455 5264; baseline -0.01 -14"><span class='ocrx_word' id='word_1_765' title='bbox 1916 5192 2122 5261; x_wconf 85' lang='lat' dir='ltr'><strong>emiuit,</strong></span> <span class='ocrx_word' id='word_1_766' title='bbox 2154 5192 2418 5264; x_wconf 84' lang='lat' dir='ltr'><strong>siquidem</strong></span> <span class='ocrx_word' id='word_1_767' title='bbox 2446 5206 2509 5247; x_wconf 90' lang='lat' dir='ltr'><strong>ea</strong></span> <span class='ocrx_word' id='word_1_768' title='bbox 2539 5189 2760 5246; x_wconf 82' lang='lat' dir='ltr'><strong>fuerunt</strong></span> <span class='ocrx_word' id='word_1_769' title='bbox 2791 5190 2992 5244; x_wconf 89' lang='lat' dir='ltr'><strong>donum</strong></span> <span class='ocrx_word' id='word_1_770' title='bbox 3040 5185 3154 5241; x_wconf 89' lang='lat' dir='ltr'><strong>Dei.</strong></span> <span class='ocrx_word' id='word_1_771' title='bbox 3183 5183 3306 5239; x_wconf 66' lang='lat' dir='ltr'><strong>llaec</strong></span> <span class='ocrx_word' id='word_1_772' title='bbox 3340 5197 3455 5236; x_wconf 71' lang='lat' dir='ltr'><strong>au-</strong></span> 
     </span>
    </p>
   </div>
   <div class='ocr_carea' id='block_1_101' title="bbox 180 5275 1719 5431">
    <p class='ocr_par' dir='ltr' id='par_1_101' title="bbox 180 5275 1461 5374">
     <span class='ocr_line' id='line_1_104' title="bbox 180 5275 1461 5374; baseline 0.003 -22"><span class='ocrx_word' id='word_1_773' title='bbox 180 5275 341 5374; x_wconf 69' lang='grc' dir='ltr'>ῥοπῆς</span> <span class='ocrx_word' id='word_1_774' title='bbox 379 5302 472 5356; x_wconf 79' lang='grc' dir='ltr'><strong>καὶ</strong></span> <span class='ocrx_word' id='word_1_775' title='bbox 490 5301 590 5372; x_wconf 80' lang='grc' dir='ltr'>τὴν</span> <span class='ocrx_word' id='word_1_776' title='bbox 610 5275 790 5356; x_wconf 75' lang='grc' dir='ltr'>αὐτοῦ</span> <span class='ocrx_word' id='word_1_777' title='bbox 819 5302 866 5334; x_wconf 81' lang='lat'><strong><em>”</em></strong></span> <span class='ocrx_word' id='word_1_778' title='bbox 899 5275 1193 5374; x_wconf 60' lang='lat' dir='ltr'><strong>{inopoqu</strong></span> <span class='ocrx_word' id='word_1_779' title='bbox 1225 5275 1461 5356; x_wconf 70' lang='grc' dir='ltr'>ἐδείκνυ.</span> 
     </span>
    </p>
   </div>
   <div class='ocr_carea' id='block_1_102' title="bbox 1908 5275 3447 5431">
    <p class='ocr_par' dir='ltr' id='par_1_102' title="bbox 1908 5275 3447 5431">
     <span class='ocr_line' id='line_1_105' title="bbox 1915 5275 3447 5354; baseline -0.006 -15"><span class='ocrx_word' id='word_1_780' title='bbox 1915 5301 1987 5353; x_wconf 93' lang='lat' dir='ltr'><strong>m,</strong></span> <span class='ocrx_word' id='word_1_781' title='bbox 2019 5299 2124 5340; x_wconf 90' lang='lat' dir='ltr'><strong>una</strong></span> <span class='ocrx_word' id='word_1_782' title='bbox 2164 5299 2288 5340; x_wconf 87' lang='lat' dir='ltr'><strong>cum</strong></span> <span class='ocrx_word' id='word_1_783' title='bbox 2325 5282 2424 5340; x_wconf 89' lang='lat' dir='ltr'><strong>Dei</strong></span> <span class='ocrx_word' id='word_1_784' title='bbox 2455 5281 2695 5354; x_wconf 87' lang='lat' dir='ltr'><strong>potentia</strong></span> <span class='ocrx_word' id='word_1_785' title='bbox 2729 5281 2899 5351; x_wconf 87' lang='lat' dir='ltr'><strong>ipsius</strong></span> <span class='ocrx_word' id='word_1_786' title='bbox 2932 5277 3093 5335; x_wconf 88' lang='lat' dir='ltr'><strong>etiam</strong></span> <span class='ocrx_word' id='word_1_787' title='bbox 3114 5275 3447 5349; x_wconf 75' lang='lat' dir='ltr'><strong>patientiam</strong></span> 
     </span>
     <span class='ocr_line' id='line_1_106' title="bbox 1908 5377 2378 5431; baseline 0 -1"><span class='ocrx_word' id='word_1_788' title='bbox 1908 5377 2378 5431; x_wconf 68' lang='lat' dir='ltr'><strong>lmntonstrabant.</strong></span> 
     </span>
    </p>
   </div>
   <div class='ocr_carea' id='block_1_103' title="bbox 1983 5383 2378 5431">
    <p class='ocr_par' dir='ltr' id='par_1_103' title="bbox 1983 5383 2378 5431">
     <span class='ocr_line' id='line_1_107' title="bbox 1983 5383 2378 5431; baseline 0 -1"><span class='ocrx_word' id='word_1_789' title='bbox 1983 5383 2378 5431; x_wconf 84' lang='lat' dir='ltr'><strong>monstrabant.</strong></span> 
     </span>
    </p>
   </div>
   <div class='ocr_carea' id='block_1_104' title="bbox 245 5390 1784 5540">
    <p class='ocr_par' dir='ltr' id='par_1_104' title="bbox 245 5463 1744 5540">
     <span class='ocr_line' id='line_1_108' title="bbox 245 5463 1744 5540; baseline 0.001 -19"><span class='ocrx_word' id='word_1_790' title='bbox 245 5483 266 5521; x_wconf 81' lang='grc' dir='ltr'><strong>ι</strong></span> <span class='ocrx_word' id='word_1_791' title='bbox 311 5463 372 5523; x_wconf 80' lang='grc'><strong>⁸0</strong></span> <span class='ocrx_word' id='word_1_792' title='bbox 400 5466 535 5531; x_wconf 75' lang='grc' dir='ltr'>Θεὸς</span> <span class='ocrx_word' id='word_1_793' title='bbox 579 5466 671 5521; x_wconf 72' lang='grc' dir='ltr'><strong>καὶ</strong></span> <span class='ocrx_word' id='word_1_794' title='bbox 735 5465 930 5539; x_wconf 74' lang='grc' dir='ltr'>Πατὴρ</span> <span class='ocrx_word' id='word_1_795' title='bbox 975 5465 1070 5520; x_wconf 89' lang='grc' dir='ltr'><strong>τοῦ</strong></span> <span class='ocrx_word' id='word_1_796' title='bbox 1127 5466 1334 5540; x_wconf 85' lang='grc' dir='ltr'>Κυρίου</span> <span class='ocrx_word' id='word_1_797' title='bbox 1364 5465 1524 5538; x_wconf 76' lang='grc' dir='ltr'>ἡμῶν</span> <span class='ocrx_word' id='word_1_798' title='bbox 1567 5465 1744 5539; x_wconf 80' lang='grc' dir='ltr'>Ἰησοῦ</span> 
     </span>
    </p>
   </div>
   <div class='ocr_carea' id='block_1_105' title="bbox 1912 5390 3451 5540">
    <p class='ocr_par' dir='ltr' id='par_1_105' title="bbox 1912 5390 3451 5526">
     <span class='ocr_line' id='line_1_109' title="bbox 1912 5390 2378 5432; baseline 0.006 -5"><span class='ocrx_word' id='word_1_799' title='bbox 1912 5390 2378 5432; x_wconf 70' lang='grc' dir='ltr'>ιωιιιοηειιουοηι.</span> 
     </span>
     <span class='ocr_line' id='line_1_110' title="bbox 1926 5457 3451 5526; baseline -0.007 0"><span class='ocrx_word' id='word_1_800' title='bbox 1926 5470 2089 5526; x_wconf 76' lang='lat' dir='ltr'><strong>Vsus.</strong></span> <span class='ocrx_word' id='word_1_801' title='bbox 2119 5469 2210 5525; x_wconf 81' lang='lat' dir='ltr'><strong>3t.</strong></span> <span class='ocrx_word' id='word_1_802' title='bbox 2255 5486 2275 5523; x_wconf 90' lang='grc' dir='ltr'><strong>ι</strong></span> <span class='ocrx_word' id='word_1_803' title='bbox 2313 5468 2455 5526; x_wconf 84' lang='lat' dir='ltr'><strong>Deus</strong></span> <span class='ocrx_word' id='word_1_804' title='bbox 2495 5475 2550 5526; x_wconf 91' lang='lat' dir='ltr'><strong>et</strong></span> <span class='ocrx_word' id='word_1_805' title='bbox 2598 5466 2762 5526; x_wconf 85' lang='lat' dir='ltr'><strong>Pater</strong></span> <span class='ocrx_word' id='word_1_806' title='bbox 2800 5461 3010 5522; x_wconf 89' lang='lat' dir='ltr'><strong>Domini</strong></span> <span class='ocrx_word' id='word_1_807' title='bbox 3077 5461 3254 5520; x_wconf 84' lang='lat' dir='ltr'><strong>nostri</strong></span> <span class='ocrx_word' id='word_1_808' title='bbox 3310 5457 3451 5518; x_wconf 70' lang='lat' dir='ltr'><strong>Iesu</strong></span> 
     </span>
    </p>
   </div>
   <div class='ocr_carea' id='block_1_106' title="bbox 280 5609 726 5676">
    <p class='ocr_par' dir='ltr' id='par_1_106' title="bbox 280 5609 726 5676">
     <span class='ocr_line' id='line_1_111' title="bbox 280 5609 726 5676; baseline -0.002 -11"><span class='ocrx_word' id='word_1_809' title='bbox 280 5622 306 5652; x_wconf 80' lang='grc' dir='ltr'><strong>ιι</strong></span> <span class='ocrx_word' id='word_1_810' title='bbox 332 5609 476 5667; x_wconf 80' lang='lat' dir='ltr'><strong>Psal.</strong></span> <span class='ocrx_word' id='word_1_811' title='bbox 519 5625 598 5676; x_wconf 73' lang='lat' dir='ltr'><strong>Ix,</strong></span> <span class='ocrx_word' id='word_1_812' title='bbox 632 5610 726 5665; x_wconf 74' lang='lat'><strong>23.</strong></span> 
     </span>
    </p>
   </div>
   <div class='ocr_carea' id='block_1_107' title="bbox 1492 5702 2050 5767">
    <p class='ocr_par' dir='ltr' id='par_1_107' title="bbox 1492 5702 2050 5767">
     <span class='ocr_line' id='line_1_112' title="bbox 1492 5702 2050 5767; baseline 0.005 -3"><span class='ocrx_word' id='word_1_813' title='bbox 1492 5702 1689 5766; x_wconf 76' lang='lat' dir='ltr'><strong>Variae</strong></span> <span class='ocrx_word' id='word_1_814' title='bbox 1716 5702 2050 5767; x_wconf 88' lang='lat' dir='ltr'><strong>lectiones.</strong></span> 
     </span>
    </p>
   </div>
   <div class='ocr_carea' id='block_1_108' title="bbox 248 5830 1950 5905">
    <p class='ocr_par' dir='ltr' id='par_1_108' title="bbox 248 5830 1950 5905">
     <span class='ocr_line' id='line_1_113' title="bbox 248 5830 1950 5905; baseline 0 -17"><span class='ocrx_word' id='word_1_815' title='bbox 248 5831 292 5866; x_wconf 79' lang='lat'><strong>&#39;°</strong></span> <span class='ocrx_word' id='word_1_816' title='bbox 324 5834 452 5905; x_wconf 75' lang='grc' dir='ltr'>πρὸς</span> <span class='ocrx_word' id='word_1_817' title='bbox 475 5850 528 5892; x_wconf 92' lang='lat' dir='ltr'><strong>o.</strong></span> <span class='ocrx_word' id='word_1_818' title='bbox 606 5835 652 5868; x_wconf 83' lang='lat'><strong>’°</strong></span> <span class='ocrx_word' id='word_1_819' title='bbox 681 5830 892 5898; x_wconf 74' lang='grc' dir='ltr'>Παῦλος</span> <span class='ocrx_word' id='word_1_820' title='bbox 922 5848 974 5889; x_wconf 91' lang='grc' dir='ltr'>ο.</span> <span class='ocrx_word' id='word_1_821' title='bbox 1051 5833 1094 5867; x_wconf 80' lang='grc'><strong>⁹¹</strong></span> <span class='ocrx_word' id='word_1_822' title='bbox 1128 5832 1360 5900; x_wconf 74' lang='grc' dir='ltr'>ἀναξίως</span> <span class='ocrx_word' id='word_1_823' title='bbox 1394 5849 1450 5889; x_wconf 92' lang='lat' dir='ltr'><strong>o.</strong></span> <span class='ocrx_word' id='word_1_824' title='bbox 1527 5832 1572 5866; x_wconf 71' lang='grc' dir='ltr'>η</span> <span class='ocrx_word' id='word_1_825' title='bbox 1613 5833 1705 5888; x_wconf 87' lang='grc' dir='ltr'><strong>τοῦ</strong></span> <span class='ocrx_word' id='word_1_826' title='bbox 1737 5834 1876 5889; x_wconf 83' lang='grc' dir='ltr'>Θεοῦ</span> <span class='ocrx_word' id='word_1_827' title='bbox 1897 5850 1950 5890; x_wconf 92' lang='lat'><strong>0.</strong></span> 
     </span>
    </p>
   </div>
  </div>
