3898 6622
449 392 555 456 92'!
1332 385 1914 451 THEOPHYLACTI
1951 379 2365 446 BULGARIIE
2403 384 2766 447 ARCHIEP.
2981 345 2996 364 δ
3573 384 3666 448 928

440 503 664 572 Christi,
693 504 785 574 qui
820 511 905 560 est
944 501 1258 560 benedictus
1289 501 1342 556 in
1378 501 1604 565 saecula,
1635 501 1740 555 scit
1763 497 1904 569 quod
1929 511 2032 551 non

2151 495 2373 562 Κριστοῦ
2413 495 2575 564 οἶδεν,
2605 499 2634 551 ὁ
2670 496 2746 552 ὣν
2772 493 3070 566 εὐλογητὸς
3103 495 3182 559 είς
3211 493 3339 558 τοὺς
3372 493 3581 563 αἰῶνας,
3609 500 3681 553 ὅτι

446 598 696 652 mentiar.
738 616 758 650 ι
793 596 927 651 Cum
960 597 1012 650 in
1050 593 1322 664 prioribus
1357 594 1558 648 nullam
1602 592 1789 648 fecerit
1825 589 2028 646 confir-

2151 584 2194 636 ιύ
2219 584 2508 657 ψεύδομαι.
2545 606 2564 638 ι
2614 585 2716 639 Ἐπ
2791 585 2969 639 οὐδενὶ
3012 585 3124 639 τῶν
3184 583 3469 656 προτέρων
3520 587 3676 641 διαϐεο

449 690 742 750 mulionem
779 703 967 743 eorum
1002 702 1123 756 qua:
1151 687 1374 751 diceret,
1420 686 1507 740 hic
1537 684 1847 749 confirmat,
1885 691 1940 738 et
1963 681 2027 735 fi-

2151 676 2367 731 5αίωσίν
2417 696 2539 732 τινα
2571 679 2978 749 ποιησάμενος,
3023 676 3262 732 ἐνταῦθα
3303 675 3680 733 διαϐεϐαιοῦται

445 781 569 836 dem
600 781 856 836 conciliat
909 781 1026 836 suis
1082 780 1266 834 verbis
1295 797 1310 834 :
1343 782 1528 833 forsan
1595 779 1718 846 quia
1763 775 2028 830 vetustius

2151 771 2230 824 ιαὶ
2265 771 2552 825 πιστοῦται
2579 787 2593 802 ·
2637 773 2768 835 ῐσως
2801 769 2938 824 διότι
2971 769 3328 841 ἀρχαιότερον
3351 763 3419 838 ἦν
3451 770 3538 822 καὶ
3565 771 3678 842 ἁδη-

442 885 562 926 erat
589 881 642 928 et
672 873 956 926 obscurius
1006 873 1147 941 quod
1185 871 1431 925 dicturus
1477 879 1632 934 erat;
1671 866 1880 936 caetera}
1903 881 2029 920 vero

2151 862 2372 933 ιότερον.
2421 862 2602 916 Tum
2629 862 2675 894 "
2705 862 2762 915 δὲ
2813 863 2908 916 καὶ
2962 864 3148 928 αὐτοῖς
3195 860 3470 934 γνώριμα,
3507 856 3611 916 οἷον
3651 865 3678 936 ἠ

445 962 575 1030 ipsis
601 971 755 1016 erant
789 963 1026 1031 cognita,
1054 970 1111 1014 ut
1143 960 1474 1025 sollicitudo,
1504 959 1664 1028 idque
1699 973 1869 1026 genus
1899 955 2024 1008 alia.

2151 955 2400 1026 ιέριμνα,
2437 955 2532 1009 καὶ
2566 957 2636 1009 τά
2673 955 2859 1012 λοιπά.

519 1052 680 1109 Vens.
705 1053 849 1108 52.1
910 1053 1182 1116 Damasci,
1243 1052 1562 1122 prapositus
1615 1050 1790 1121 gentis
1851 1048 2031 1104 Arene

2212 1067 2230 1099 ι
2283 1048 2371 1101 Ἐν
2401 1047 2678 1119 Δαμασκῷ
2703 1050 2731 1100 ὁ
2757 1049 3029 1120 ἐθνάρχης
3066 1048 3266 1119 Ἀρέτα
3309 1047 3407 1101 τοῦ
3442 1046 3680 1118 βασιλέως

444 1147 588 1216 regis
617 1145 958 1202 custodiebat
985 1145 1259 1199 civitatem
1319 1143 1796 1205 Damascenorum,
1833 1151 1890 1194 ut
1946 1154 2032 1195 me

2151 1141 2391 1212 ιφρούρει
2414 1141 2512 1212 τὴν
2546 1144 2922 1212 Δαμασκηνῶν
2959 1142 3133 1206 πόλιν,
3157 1141 3352 1195 πιάσαι
3389 1158 3455 1211 με
3478 1141 3672 1199 θέλων.ι

445 1238 961 1307 comprehenderet.
1009 1255 1027 1288 ι
1063 1234 1298 1290 Observa
1325 1243 1587 1304 quantum
1621 1233 1785 1286 fuerit
1811 1231 2030 1294 bellum,

2151 1233 2279 1304 Ὀρα
2331 1234 2424 1286 τὸν
2476 1234 2731 1305 πόλεμον,
2771 1235 2917 1300 ὅσος,
2968 1235 3022 1287 εἴ
3044 1251 3108 1304 γε
3157 1233 3228 1287 δι’
3261 1233 3423 1287 αὑτὸν
3451 1234 3676 1305 ἐφρούρει

447 1329 714 1399 siquidem
769 1327 936 1397 ipsius
966 1342 1126 1380 causa
1179 1327 1429 1395 priueeps
1479 1324 1726 1394 praesidio
1783 1322 2034 1377 firmabat

2151 1327 2239 1398 τὴν
2279 1326 2437 1380 πόλιν
2471 1327 2498 1380 ὀ
2543 1326 2762 1398 ἄρχων·
2802 1328 3021 1392 πάντως
3069 1327 3124 1381 δὲ
3161 1328 3260 1381 ούκ
3328 1327 3394 1382 ἂν
3445 1326 3577 1380 οὕτω
3616 1327 3679 1380 δι-

448 1423 664 1484 urbem,
695 1420 1056 1487 excubiasque
1113 1419 1325 1489 agebat.
1382 1415 1813 1484 llaudquaquam
1853 1425 2034 1468 autem

2151 1417 2316 1471 ἑκειτο
2343 1419 2371 1470 ό
2407 1418 2700 1487 ἐθνάρχης,
2743 1420 2790 1472 εἰ
2826 1419 2899 1489 μὴ
2928 1422 2956 1472 ὁ
2991 1419 3204 1472 Παύλου
3229 1418 3388 1490 ζῆλος
3412 1419 3680 1489 ὲπυρπόλει

449 1528 510 1571 se
546 1514 618 1567 ita
649 1511 914 1581 "gessisset
960 1511 1137 1580 gentis
1196 1508 1502 1577 praefectus,
1565 1507 1616 1560 ni
1677 1505 1826 1560 Pauli
1891 1507 2037 1560 zelus

2151 1508 2204 1562 τὰ
2233 1508 2430 1563 πάντα.
2478 1509 2744 1582 Πενθερὸς
2769 1510 2826 1564 δὲ
2873 1510 3120 1583 Ἡρώδου
3151 1514 3179 1565 ὁ
3213 1511 3458 1582 Ἀρέτας.

450 1601 631 1655 omnia
662 1599 1003 1654 incendisset.
1037 1599 1158 1653 Fuit
1193 1609 1374 1653 autem
1409 1598 1601 1652 Arelas
1634 1596 1864 1650 llerodis
1893 1599 2036 1667 regis

451 1707 630 1747 SOCPI‘.

530 1783 800 1838 \‘Ens.33.
841 1801 858 1834 ι
889 1781 965 1838 Ac
994 1783 1158 1853 309
1186 1799 1282 1852 per
1319 1783 1616 1839 fenestram
1652 1784 1702 1835 in
1727 1793 1906 1850 spot-ta
1942 1782 2034 1835 dc-

453 1874 654 1929 missus
669 1891 786 1929 sum
807 1891 900 1944 per
917 1892 1153 1939 murum,
1179 1887 1232 1930 et
1249 1875 1407 1945 effugi
1430 1891 1620 1929 manus
1637 1875 1775 1946 ejus.
1797 1895 1813 1928 ι
1837 1873 2031 1946 Effugi,
2069 1845 2108 1899 η

456 1963 690 2020 llerilem
727 1965 894 2036 legem
928 1966 1238 2033 complens:
1275 1983 1395 2021 nam
1428 1980 1480 2023 et
1501 1967 1760 2022 Dominus
1787 1969 2035 2038 migravit

460 2059 529 2111 de
557 2058 674 2112 loco
705 2059 757 2112 in
779 2059 976 2114 locum.
1016 2060 1130 2116 Non
1157 2063 1298 2116 enim
1332 2077 1468 2131 Opus
1499 2072 1582 2117 est
1617 2071 1668 2114 ut
1710 2062 1955 2130 uosipsos
1979 2063 2031 2115 in

455 2152 783 2208 tentationes
830 2154 1160 2221 injiciamus.
1213 2154 1312 2210 Ubi
1344 2156 1507 2222 igitur
1555 2155 1864 2224 hujusmoJi
1908 2165 2034 2210 sunt

456 2243 620 2309 mala,
647 2259 675 2298 e
703 2245 896 2316 quibus
923 2247 1152 2301 evadere
1179 2262 1282 2300 non
1316 2249 1511 2317 possis,
1537 2247 1651 2301 solo
1677 2247 1784 2302 Deo
1808 2246 2035 2316 indiges,

457 2335 602 2390 etab
625 2336 714 2389 illo
741 2339 998 2390 duntaxat
1017 2353 1138 2392 cum
1165 2338 1507 2408 inquirenda,
1540 2351 1650 2394 tutu
1676 2341 2036 2409 exspectanda

459 2437 546 2482 est
574 2427 837 2484 liheratio.
867 2429 960 2485 Sin
993 2431 1288 2488 tolerabilis
1319 2449 1381 2487 ac
1419 2435 1699 2488 moderata
1734 2435 1893 2489 fuerit
1924 2441 2042 2487 teu-

460 2522 612 2582 tatio,
641 2535 669 2573 a
699 2521 853 2575 nobis
879 2522 1044 2577 etiam
1078 2525 1280 2594 aliquid
1309 2528 1723 2596 excogitandum
1745 2536 1827 2580 est
1853 2543 1869 2581 :
1893 2526 2040 2596 atqui

461 2611 544 2662 vel
574 2611 654 2665 sic
692 2622 860 2666 totum
899 2615 1006 2667 Deo
1061 2615 1430 2681 tribuendum,
1477 2616 1929 2680 quemadmodum
1987 2626 2043 2672 et

464 2700 565 2755 iste
595 2702 646 2755 in
677 2713 859 2772 sporta
890 2705 1093 2776 effugit.
1115 2707 1337 2760 Etiamsi
1366 2708 1506 2761 enim
1539 2722 1662 2762 cum
1684 2704 1902 2763 Christo
1923 2722 2044 2765 esse

465 2803 760 2862 expeteret,
784 2795 1011 2850 salutem
1044 2807 1224 2852 tamen
1265 2801 1578 2856 mortalium
1609 2801 1844 2869 amabat,
1879 2815 2044 2872 seque

466 2885 641 2953 ipsum
675 2887 823 2941 verbi
853 2887 1158 2944 ministerio
1190 2891 1466 2948 servabat.

1059 3001 1290 3061 CAPUT
1323 3004 1440 3061 X1].
1679 3049 1683 3052 «

2733 2984 2987 3040 ΚΕΦΑΛ.
3022 2984 3123 3038 ΙΒ¹.

538 3110 706 3168 Vens.
740 3115 792 3168 Ι.
823 3132 842 3166 ι
870 3112 1100 3170 Gloriari
1120 3131 1247 3172 vero
1275 3119 1615 3188 nonjexpedit
1646 3121 1799 3176 mihi.
1819 3121 2043 3177 Veniam

2223 3120 2242 3154 ι
2280 3099 2604 3172 Καυχᾶσθαι
2643 3099 2700 3152 δὲ
2729 3099 2790 3153 ού
2825 3099 3094 3170 συμφέρει
3127 3113 3249 3169 μοι’
3282 3095 3570 3168 ἐλεύσομαι
3604 3095 3688 3166 γάρ

475 3203 620 3255 enim
654 3203 718 3256 ad
749 3205 988 3261 visiones
1016 3213 1070 3261 et
1104 3208 1456 3265 revelationes
1488 3210 1718 3266 Domini.
1752 3231 1772 3264 ι
1811 3212 1944 3280 Quia
1975 3211 2044 3269 ad

2151 3195 2226 3260 εἰς
2254 3194 2518 3258 ὀπτασίας
2545 3193 2639 3248 καὶ
2663 3191 3036 3263 ἀποκαλύψεις
3072 3191 3300 3262 Κυρίου.
3335 3208 3355 3243 ι
3401 3187 3609 3259 Ἐπειδὴ
3628 3188 3689 3250 είς

471 3293 630 3348 aliam
655 3295 988 3364 gloriationis
1014 3296 1243 3354 formam
1269 3301 1484 3369 transit,
1518 3318 1637 3374 qua:
1663 3303 1841 3374 ipsum
1863 3307 2046 3374 splen—

2151 3288 2335 3358 ἕτερον
2392 3281 2532 3350 εἶδος
2585 3287 2912 3356 καυχήσεως
2967 3283 3324 3355 μεταδαίνει,
3376 3283 3510 3354 ὅπερ
3558 3281 3689 3334 αὐτὸν

469 3385 652 3438 didum
673 3387 923 3452 faciebat,
951 3389 1337 3445 revelationum
1376 3392 1650 3459 nimirum,
1677 3393 1791 3450 Non
1808 3397 2047 3464 expedit,

473 3476 673 3545 inquit,
729 3479 859 3533 mihi
919 3481 1042 3548 hoc,
1076 3497 1144 3538 ne
1175 3498 1260 3538 me
1289 3483 1356 3538 ad
1406 3487 1770 3556 arrogantiam
1813 3487 2044 3542 attollat.

471 3569 608 3635 Quid
639 3585 766 3626 vero
792 3573 836 3626 si
863 3587 965 3626 non
996 3575 1184 3629 dicas?
1207 3592 1386 3632 nonne
1409 3587 1586 3635 tamen
1619 3578 1708 3632 illa
1740 3579 1918 3634 nosti?
1943 3578 2049 3636 Sed

472 3677 577 3714 non
622 3678 773 3732 atque
806 3663 1103 3733 efferimur,
1137 3683 1258 3723 cum
1294 3669 1390 3738 ipsi
1420 3686 1483 3724 ea
1518 3671 1660 3740 apud
1694 3686 1790 3726 nos
1842 3686 2048 3741 cogno-

471 3755 694 3820 scimus,
735 3766 896 3828 atque
928 3771 1049 3814 cum
1097 3761 1162 3815 ad
1203 3761 1338 3817 alios
1383 3762 1724 3831 proferimus,
1764 3772 1820 3820 et
1873 3764 2048 3819 mani-

480 3847 760 3902 festamus.
801 3849 927 3905 ηιιιο
987 3860 1166 3907 autem
1204 3869 1308 3907 non
1345 3853 1500 3922 dixit,
1562 3869 1658 3909 ceu
1693 3855 1807 3924 ipse
1831 3855 1903 3910 sit
1933 3869 2051 3926 pas-

473 3954 634 3992 surus
659 3941 856 4010 aliquid
888 3943 1217 4012 hujusmodi,
1254 3946 1347 4001 sed
1388 3956 1445 3999 ut
1478 3947 1688 4001 erudiat
1717 3962 1837 4014 nos,
1865 3957 1922 4002 ut
1950 3949 2048 4002 hu-

468 4027 702 4096 jnsmodi
737 4033 876 4098 apud
933 4049 1034 4089 nos
1088 4035 1189 4103 ipsi
1230 4037 1625 4092 contineamus.
1664 4038 1801 4120 Quin
1853 4048 1910 4094 et
1942 4040 2045 4094 alia

2217 1807 2235 1840 ι
2274 1788 2382 1843 Καὶ
2412 1787 2498 1842 διὰ
2531 1787 2747 1857 θυρίδος
2783 1789 2840 1842 ἐν
2878 1787 3126 1862 σαργάνῃ
3167 1788 3471 1858 ἐχαλάσθην
3501 1787 3580 1841 διὰ
3607 1789 3684 1842 τεῦ

2135 1883 2371 1952 τείχους,
2398 1883 2490 1936 καὶ
2512 1878 2778 1949 ἐξέφυγον
2812 1881 2911 1942 τὰς
2940 1883 3130 1952 χεῖρας
3161 1881 3347 1935 αὑτοῦ.
3386 1901 3404 1932 ›
3433 1881 3686 1949 Ἐξέφυγε,

2138 1972 2470 2026 Δεσποτικὸν
2517 1972 2680 2040 νόμον
2730 1969 2989 2041 πληρῶν·
3029 1971 3120 2022 καὶ
3167 1972 3278 2037 γὰρ
3322 1969 3417 2022 καὶ
3455 1970 3482 2020 ὁ
3515 1969 3688 2039 Κύριος

2143 2066 2438 2136 μεθίστατο
2468 2065 2531 2116 ἐκ
2576 2065 2744 2116 τόπου
2785 2065 2863 2125 είς
2893 2063 3090 2116 τόπον·
3134 2062 3195 2115 ού
3233 2062 3339 2132 γάρ
3375 2061 3690 2132 ἐπιρῤίπτειν

2140 2158 2368 2220 ἑαυτούς
2398 2159 2506 2220 τοῖς
2542 2157 2871 2227 πειρασμοῖς
2896 2155 2997 2211 δεῖ.
3035 2154 3204 2208 Ἔνθα
3248 2155 3346 2224 μὲν
3376 2150 3472 2206 οὖν
3501 2153 3691 2223 ἄφυκτα

2139 2254 2206 2304 τὰ
2234 2252 2399 2316 κακὰ,
2427 2248 2521 2302 τοῦ
2549 2249 2684 2302 Θεοῦ
2716 2249 2796 2301 δεῖ
2829 2249 3008 2318 μόνον,
3041 2249 3135 2301 καὶ
3162 2246 3292 2319 παρ’
3315 2248 3521 2300 ἐκείνου
3551 2247 3690 2316 μόνον

2140 2341 2404 2413 ζητητέον
2452 2343 2549 2396 καὶ
2587 2342 2952 2412 ἀναμενετέον
2987 2342 3087 2410 τὴν
3133 2341 3435 2412 λύτρωσιν·
3486 2338 3600 2393 ἔνθα
3643 2341 3691 2393 δὲ

2143 2435 2456 2505 σύμμετρος
2486 2435 2514 2487 ό
2550 2433 2878 2504 πειρασμὸς,
2914 2433 3010 2486 καὶ
3038 2431 3249 2486 οἴκοθέν
3280 2449 3333 2485 τι
3367 2430 3690 2501 ἐπινοητέον·

2139 2525 2219 2596 τῷ
2255 2524 2376 2596 Θεῷ
2417 2524 2602 2594 μέντοι
2640 2525 2734 2578 καὶ
2761 2523 2904 2576 οὕτω
2946 2523 3008 2577 τδ
3039 2525 3146 2576 πᾶν
3176 2522 3488 2587 ἀναθετέον,
3525 2521 3687 2591 ὥσπερ

2140 2617 2204 2688 δὴ
2240 2613 2516 2680 ueniebam;
2551 2619 2609 2669 ἐν
2656 2617 2902 2688 σαργάνῃ
2944 2617 3221 2685 διέφυγεν.
3253 2616 3315 2668 Ei
3344 2615 3454 2686 γὰρ
3488 2617 3575 2668 καὶ
3609 2616 3688 2666 σὺν

2141 2709 2364 2780 Χριστῷ
2395 2707 2535 2762 εἶναι
2565 2709 2850 2778 ἐπεθύμει,
2883 2709 3020 2762 άλλά
3051 2707 3146 2761 καὶ
3175 2711 3274 2778 τῆς
3303 2706 3574 2777 σωτηρίας
3601 2707 3688 2760 τῶν

2142 2799 2448 2873 ἀνθρώπων
2474 2801 2602 2872 ¹ἤρα,
2632 2800 2726 2854 καὶ
2750 2799 2828 2871 τῷ
2855 2799 3170 2870 κηρύγματι
3192 2797 3384 2854 ἑαυτὸν
3407 2799 3602 2870 ἐτήρει.

2150 3381 2320 3436 ἐποίει
2345 3379 2616 3450 λαμπρὸν,
2650 3377 2710 3431 τὸ
2733 3376 3260 3446 τῶνάποκαλύψεων,
3286 3376 3570 3447 φησὶνηότι
3599 3371 3688 3425 «οὖ

2150 3471 2420 3543 συμφέρει
2468 3488 2558 3543 μοι
2591 3489 2610 3523 ι
2649 3469 2827 3536 τοῦτο,
2849 3469 2934 3524 ἵνα
2959 3469 3032 3540 μή
3055 3485 3122 3539 με
3143 3469 3223 3532 εἰς
3243 3469 3500 3521 ἀπόνοιαν
3519 3467 3687 3537 ἐπάρῃ.

2147 3564 2214 3618 Τί
2257 3565 2315 3618 δὲ
2345 3563 2440 3618 ἐὰν
2476 3563 2550 3634 μὴ
2597 3562 2787 3634 εῐπῃςς
2827 3563 2927 3616 οὐκ
2978 3558 3129 3626 οἶδας
3175 3563 3324 3633 ὅμως
3365 3560 3536 3625 αύτά;
3580 3559 3690 3612 Ἀλλ’

2149 3657 2248 3726 οὐχ
2281 3655 2482 3726 ὁμοίως
2516 3655 2860 3727 ἐπαιρόμεθα
2889 3655 3043 3708 αὐτοὶ
3087 3653 3291 3717 εἰδότες
3322 3653 3485 3715 αὐτὰ,
3515 3654 3602 3704 καὶ
3629 3651 3687 3712 είς

2149 3748 2413 3820 ἀλλήλους
2433 3748 2484 3782 ⁹⁶
2509 3749 2852 3819 ἐκφέροντες.
2877 3747 3062 3800 Ταῦτα
3088 3745 3142 3799 δὲ
3164 3746 3332 3814 λέγει,
3354 3745 3452 3814 οὺχ
3466 3743 3540 3805 ὡς
3561 3741 3688 3802 αὐτὸς

2155 3840 2369 3913 μέλλων
2402 3839 2595 3894 παθεῖν
2621 3858 2672 3893 τι
2712 3840 2975 3902 τοιοῦτον,
3011 3837 3129 3891 ἀλλ’
3167 3839 3316 3908 ἡμᾶς
3360 3835 3617 3890 παιδεύων
3637 3833 3688 3884 τὰ

2148 3932 2377 3988 τοιαῦτα
2417 3931 2548 4004 παρ’
2584 3933 2799 3994 ἑαυτοῖς
2830 3929 3104 4001 κατέχειν.
3143 3929 3254 3982 Καὶ⁵
3285 3926 3460 3990 ἄλλως
3488 3926 3562 3989 δὲ,
3601 3922 3686 3974 «Ui

2151 4024 2442 4096 συμφέρει,
2478 4042 2498 4077 ι
2536 4023 2622 4078 ἴνα
2653 4025 2724 4095 μή
2754 4041 2838 4088 τις
2873 4040 2942 4093 με
2973 4022 3172 4094 νομίσῃ
3199 4021 3340 4089 ὑπὲρ
3367 4020 3396 4072 δ
3425 4019 3684 4090 βλέπειμε.

475 4123 720 4176 ratione:
745 4123 893 4176 «Non
923 4127 1226 4190 conducit,»
1265 4144 1336 4181 ne
1357 4129 1477 4194 quis
1503 4144 1587 4182 me
1617 4131 1873 4198 majorem
1900 4131 2046 4185 arbi-

477 4222 649 4264 tretur
679 4229 838 4280 quam
880 4215 1023 4270 videt
1054 4231 1138 4270 me
1166 4234 1180 4272 :
1208 4218 1257 4271 id
1298 4221 1439 4286 quod
1475 4221 1529 4273 in
1563 4234 1846 4289 progressu
1893 4221 2045 4277 dicit.

476 4296 878 4368 Pseudapustoli
918 4303 1060 4357 enim
1115 4305 1325 4360 etiamsi
1381 4308 1512 4361 nihil
1545 4309 1832 4377 haberent,
1866 4311 2051 4380 loque-

477 4390 676 4443 bantur
705 4401 902 4447 tamen.
939 4393 1037 4448 llic
1089 4411 1215 4451 vero
1248 4408 1447 4461 noster,
1498 4401 1709 4455 etiamsi
1743 4402 1938 4456 multas
1972 4405 2050 4457 vi-

476 4481 657 4535 siones
688 4482 895 4538 Domini
923 4497 976 4539 et
1008 4490 1366 4545 revelationes
1395 4491 1638 4558 haberet,
1671 4495 1830 4550 unius
1871 4505 2046 4550 tamen

477 4576 808 4629 solummodo
841 4579 1100 4644 meminit,
1127 4582 1350 4650 ejusque
1377 4583 1597 4641 invitus.
1632 4585 1860 4644 Noveris
1888 4604 2050 4659 porro

478 4663 619 4728 quod
659 4668 914 4723 revelatio
949 4671 1123 4739 majus
1158 4676 1438 4744 quidpiam
1477 4679 1638 4734 habet
1663 4695 1823 4748 quam
1874 4682 2048 4737 visio:

479 4755 594 4809 h.ec
627 4761 767 4810 enim
797 4767 1169 4819 tantummodo
1206 4769 1385 4821 videre
1425 4769 1553 4823 facit
1585 4788 1598 4824 :
1636 4772 1891 4827 revelatio
1926 4789 2054 4828 vero

479 4850 646 4904 altius
669 4853 917 4920 quiddam
953 4871 1110 4924 quam
1141 4858 1374 4926 videtur,
1413 4863 1666 4917 denudat.

559 4940 720 5001 Vsus.
751 4945 806 4999 2.
844 4966 862 4998 ι
907 4947 1032 5004 Seio
1072 4951 1343 5006 hominem
1381 4954 1432 5008 in
1473 4955 1690 5010 Christo
1719 4967 1844 5012 ante
1884 4973 2057 5016 annos

481 5037 907 5103 quatuordecim.
944 5060 973 5088 ι
1014 5039 1198 5110 Neque
1236 5044 1476 5098 omnium
1518 5047 1904 5104 revelationum
1939 5068 2056 5108 me-

484 5125 637 5180 minit
663 5127 963 5197 (molestus
1003 5134 1148 5188 enim
1196 5136 1384 5192 fuisset
1420 5157 1435 5195 :
1467 5155 1588 5194 nam
1623 5143 1803 5198 multa:
1825 5147 2055 5216 erant),

483 5227 661 5282 neque
693 5231 880 5273 omnes
929 5222 1156 5277 reticet:
1199 5226 1294 5278 sed
1329 5225 1408 5278 vel
1437 5226 1661 5293 invitus,
1700 5231 1766 5284 de
1791 5247 1894 5285 una
1940 5235 2058 5290 sola

486 5305 744 5374 loquitur,
777 5320 834 5364 ut
866 5311 1065 5368 indicet
1095 5315 1232 5384 quod
1258 5325 1312 5370 et
1343 5318 1499 5388 hujus
1527 5318 1699 5375 invito
1733 5325 2055 5380 mentionem

489 5396 703 5452 fecerit.
750 5401 967 5456 Addidit
1013 5415 1214 5470 autem,
1252 5423 1272 5457 ‹
1314 5407 1369 5460 In
1426 5409 1665 5473 Christo,
1705 5431 1723 5464 ι
1761 5428 1827 5467 ne
1881 5415 2061 5469 dicant

487 5493 880 5560 pseudapostoli
900 5497 1040 5563 quod
1069 5513 1097 5550 a
1143 5498 1383 5554 dmmone
1412 5501 1481 5554 sit
1509 5503 1729 5570 perinde
1758 5515 1944 5574 raptus
1973 5517 2059 5561 at-

487 5594 593 5649 que
647 5583 852 5639 Simon.
895 5585 1082 5657 Neque
1138 5598 1332 5655 praeter
1384 5591 1648 5647 rationem
1706 5603 1918 5664 tempus
1977 5606 2061 5652 est

2154 4116 2221 4169 Ὀ
2250 4117 2343 4170 καὶ
2381 4115 2694 4169 ύποκατιὼν
2722 4115 2894 4184 λέγει.
2928 4115 2990 4168 Οἱ
3041 4114 3149 4184 γὰρ
3182 4111 3593 4183 ψευδαπόστολοι
3617 4110 3688 4162 καὶ

2154 4205 2322 4276 μηδὲν
2353 4205 2570 4275 ἔχοντες
2597 4205 2813 4273 ἔλεγον·
2859 4195 3014 4267 οὗτος
3055 4204 3111 4256 δὲ
3147 4204 3325 4256 καίτοι
3360 4201 3556 4264 πολλάς
3580 4201 3687 4270 ἔχων

2152 4297 2418 4360 ὀπτασίας
2439 4298 2646 4368 Κυρίου
2670 4297 2762 4350 καὶ
2783 4296 3176 4365 ἀποκαλύψεις,
3199 4295 3348 4366 ὅμως
3373 4297 3499 4365 μιᾶς
3518 4296 3687 4364 μέμνησ

2139 4411 2279 4459 ⁸ται,
2333 4395 2429 4448 καὶ
2473 4394 2678 4464 ταύτης
2711 4393 2880 4447 ἄκων.
2926 4392 3064 4446 Ἰσθι
3100 4392 3155 4445 δὲ
3186 4392 3268 4445 ὄτι
3299 4393 3333 4462 η
3385 4386 3686 4456 ἀποκάλυψις

2158 4484 2320 4539 πλέον
2364 4503 2417 4538 τι
2451 4485 2630 4556 Extat”
2667 4485 2767 4554 τῆς
2814 4484 3104 4546 ὀπτασίας.
3172 4482 3236 4534 Ἦ
3274 4483 3371 4551 μὲν
3411 4482 3516 4552 γὰρ
3562 4479 3686 4548 μόνον

2159 4579 2379 4649 βλέπειν
2408 4579 2626 4632 δίδωσιν
2645 4595 2661 4610 ’
2692 4577 2832 4648 αὕτη
2863 4577 2920 4631 δὲ
2948 4577 3039 4630 καί
3069 4593 3121 4629 τι
3151 4574 3449 4646 βαθύτερον
3481 4572 3563 4627 τοῦ
3582 4573 3686 4641 ὀρωο

2161 4672 2322 4744 μένου
2349 4673 2680 4742 άπογυμνοϊ.

2237 4969 2256 5004 ι
2297 4947 2428 5004 Οἶδα
2469 4949 2758 5024 ἄνθρωπον
2790 4951 2848 5002 ἐν
2888 4949 3111 5021 Χριστῷ
3142 4949 3248 5020 πρὸ
3291 4948 3682 5004 ἐτῶνδεκατεσ-

2163 5042 2365 5113 σάρων.
2402 5060 2421 5104 ι
2458 5038 2598 5094 Ούτε
2632 5041 2823 5093 πασῶν
2852 5041 2962 5092 τῶν
3009 5039 3410 5110 ἀποκαλύψεων
3455 5039 3682 5109 μέμνηται

2161 5131 2452 5204 (φορτικὸς
2476 5131 2584 5203 γὰρ
2611 5131 2677 5185 ἂν
2696 5131 2743 5162 ’⁸
2766 5126 2855 5202 ἦν,
2887 5131 3097 5184 πολλῶν
3133 5131 3330 5200 οὐσῶν)
3349 5170 3365 5197 ,
3397 5129 3512 5185 οὔτε
3541 5127 3681 5183 πάσας

2157 5226 2496 5296 παρασιωπᾷ
2518 5240 2532 5256 ·
2564 5224 2699 5278 ἀλλά
2739 5224 2835 5277 καὶ
2878 5224 2958 5294 μὴ
2987 5223 3178 5289 θέλων,
3215 5224 3364 5292 λέγει
3400 5221 3517 5292 περὶ
3547 5217 3680 5289 μόνης

2161 5319 2310 5389 μιᾶς,
2349 5317 2436 5370 ἵνα
2482 5315 2632 5386 δείξῃ
2661 5317 2742 5369 ὅτι
2773 5315 2924 5369 ἄκων
2972 5315 3064 5369 καὶ
3093 5315 3299 5387 ταύτης
3331 5316 3596 5386 μέμνηται.
3625 5303 3680 5406 Ti

2156 5410 2234 5476 δὲ,
2281 5428 2300 5462 ι
2348 5410 2436 5462 ‘Ev
2463 5408 2710 5480 Χριστῷ,
2743 5427 2761 5460 ι
2808 5407 3172 5479 προσέθηκεν,
3215 5408 3302 5462 ἵνα
3333 5408 3405 5478 μὴ
3429 5405 3624 5458 εἴπωσιν
3640 5407 3676 5446 οι

2158 5501 2608 5572 ψευδαπόστολοι,
2657 5503 2738 5555 ὅτι
2770 5501 2877 5555 ὑπὸ
2919 5501 3192 5570 δαιμόνων
3221 5500 3443 5572 ἡρπάγη
3478 5485 3678 5557 ὠςόΣί·

2165 5614 2302 5668 μων.
2334 5597 2448 5651 Οὐκ
2477 5596 2686 5667 ἀλόγως
2717 5595 2775 5650 δὲ
2805 5597 2927 5652 ούδέ
2962 5598 2989 5652 ὁ
3033 5595 3224 5669 χρόνος
3262 5595 3585 5667 πρόσκειται·
3611 5581 3675 5635 ἵνα

1796 5734 1994 5795 νεηνίαι
2025 5737 2359 5800 lectiones.

561 5853 605 5884 ⁸³
635 5852 800 5908 ταῦτα
834 5871 885 5912 0.
964 5860 1008 5891 οδ
1045 5857 1235 5923 ἄλλους
1276 5877 1346 5915 ιιι.
1428 5865 1471 5895 ⁸⁵
1504 5866 1616 5916 ἐστι
1649 5881 1700 5919 o.
1779 5863 1824 5895 ³⁸
1855 5881 2046 5938 φορτικ

2151 5865 2244 5936 (ἀρ
2346 5880 2401 5918 0.
