3898 6570
189 473 274 536 929

890 464 1296 526 EXPOSITIO
1338 465 1417 526 IN
1460 463 1703 525 EPIST.
1739 465 1802 524 II
1838 466 1938 526 AD
1977 465 2148 527 (ΞΟΠ.
2178 488 2231 498 -
2276 466 2434 526 CAP.
2477 466 2616 526 XII.

3278 458 3386 522 930

183 591 332 661 μάθῃς
352 586 426 638 ὅτι
447 581 815 651 δεκατέσσαρα
842 580 938 650 ἔτη
972 584 1224 653 σιγήσας,
1255 583 1357 635 οὑκ
1379 582 1444 635 ἂν
1467 582 1588 635 οὐδὲ
1619 581 1712 636 νῦν

1827 583 2154 652 adjunctum,
2186 591 2244 634 ut
2274 583 2450 636 discas
2472 582 2612 650 quod
2637 595 2756 635 cum
2782 575 3189 650 quatuordecim
3221 589 3391 628 annos

179 681 318 754 χωρὶς
348 676 580 744 ἀνάγκης
618 671 939 744 ὲξελάλησε.
974 674 1086 727 Καὶ
1123 674 1206 727 ὃτι
1236 674 1284 726 εί
1311 672 1420 744 πρὸ
1449 673 1709 726 δεκατεσέ

179 772 330 842 σάρων
354 767 504 832 ἑτῶν,
536 763 793 819 τοιούτων
823 762 1045 833 ἠξίωτο,
1071 764 1299 834 πηλίκος
1331 765 1428 818 νῦν
1472 763 1710 834 ὑπάρχει

186 864 299 935 μετὰ
324 859 596 922 τοσούτους
625 856 764 929 ὑπὲρ
791 857 1035 929 Χριστοῦ
1067 856 1379 922 κινδύνουςί

243 1061 259 1092 ι
293 1040 426 1095 (Ehe
452 1036 756 1108 ἐνσώματι,
778 1039 880 1092 οὐκ
908 1034 1058 1094 οῖδαο
1089 1040 1200 1093 εἴτε
1225 1041 1381 1102 ἐκτὸς
1406 1040 1500 1095 τοῦ
1527 1042 1714 1112 σώμα-

175 1149 266 1198 τος,
307 1132 396 1184 οὐκ
421 1126 531 1184 οἶδα
559 1145 573 1160 ·
593 1130 620 1182 6
645 1129 777 1192 Θεὸς
805 1125 976 1200 οἶδεν)
1008 1131 1330 1202 ἁρπαγέντα
1357 1133 1450 1186 τὸν
1475 1134 1713 1187 τοιοῦτον

176 1225 261 1284 ἕως
298 1221 467 1292 τρίτου
505 1219 759 1289 οὐρανοῦ.
798 1239 818 1271 3
864 1221 1006 1292 Ὅρα
1042 1221 1566 1300 μετριοφροσύνην,
1594 1223 1712 1287 πῶς

174 1313 474 1386 ὀμολογεῖέμὴ
493 1314 684 1367 είδέναι
706 1314 815 1367 εἴτε
847 1314 904 1367 ὲν
929 1316 1142 1386 σώματι
1173 1311 1262 1386 ἦν,
1295 1315 1404 1368 εἴτε
1439 1317 1594 1380 ἐκτὸς
1614 1315 1711 1370 τοῦ

176 1406 406 1476 σώματος,
434 1407 519 1459 ὅτε
546 1405 793 1477 ἡρπάγη.
832 1405 1085 1477 «Τρίτον»
1121 1407 1178 1461 δὲ
1214 1407 1503 1478 (οὐρανὸν)
1539 1407 1713 1471 οὕτως

174 1497 226 1550 ἃν
249 1498 430 1567 νοήσῃς
451 1510 464 1524 ⁶
515 1495 576 1548 Ἥ
611 1496 651 1548 Γ
656 1495 806 1566 ραφὴ
836 1495 928 1548 τὸν
952 1495 1091 1567 ἀέρα
1123 1496 1281 1550 καλεῖ
1309 1497 1560 1568 οὐρανὸν,
1597 1496 1673 1560 ὡς
1693 1535 1709 1562 ,

180 1588 289 1641 «Τά
311 1585 520 1640 πετεινά
547 1586 642 1640 τοῦ
690 1585 920 1658 οὐρανοῦ
942 1601 958 1618 ·
1009 1605 1029 1640 3
1073 1588 1186 1652 καὶ,
1227 1606 1246 1640 ι
1291 1587 1357 1641 Ἦ
1391 1588 1585 1658 δρόσος
1615 1586 1711 1640 τοῦ

173 1678 388 1750 οὐρανοῦ·
425 1698 442 1730 3
493 1677 603 1732 ἰδοὺ
663 1674 816 1741 οὗτος
864 1673 946 1742 εἷς
987 1679 1235 1748 οὐρανός.
1277 1676 1434 1733 Οἶδεν
1482 1678 1712 1748 οὐρανὸν

175 1772 327 1825 καὶτὸ
357 1771 659 1842 στερέωμα.
697 1790 716 1824 ι
771 1772 1030 1826 Ἑκάλεσε
1065 1791 1082 1824 3
1115 1774 1223 1842 γὰρ
1255 1791 1273 1824 ι
1306 1773 1367 1825 τὸ
1397 1773 1708 1842 στερέωμα.

174 1863 399 1929 οὐρανόν·
437 1882 455 1916 3
495 1863 604 1916 ἰδοὺ
639 1863 893 1935 δεύτερος
922 1858 1100 1929 οὗτος.
1137 1862 1259 1918 Οἵδε
1302 1865 1360 1918 δὲ
1389 1864 1608 1918 καὶτὸν
1653 1866 1712 1917 ὲν

174 1957 290 2026 ἀρχῇ
311 1954 772 2028 δημιουργηθέντα
791 1956 930 2028 μετὰ
953 1958 1050 2028 τῆς
1075 1957 1179 2028 γῆς
1199 1974 1213 1988 ο
1247 1957 1354 2010 ἰδοὺ
1382 1958 1582 2028 τρίτος.

233 2155 252 2191 ε
279 2139 378 2193 Καὶ
394 2133 506 2193 οῖδα
529 2139 621 2194 τὸν
646 2139 889 2195 τοιοῦτον
915 2140 1203 2214 ἄνθρωπον
1233 2142 1365 2213 (εἴτε
1390 2143 1448 2194 ὲν
1475 2141 1711 2212 σώματι,

173 2231 254 2285 οὐκ
277 2227 401 2298 οἴδα,
430 2234 539 2286 εἴτε
571 2233 736 2295 ἐκτὸς
761 2233 858 2288 τοῦ
891 2235 1177 2303 σώματος,
1209 2235 1310 2288 οὐκ
1331 2229 1449 2287 οἶδα
1476 2252 1490 2264 ·
1528 2235 1556 2288 6
1583 2233 1716 2298 Θεὸς

172 2318 285 2374 οἶδεν
304 2324 318 2391 )
337 2363 351 2386 ,
377 2325 455 2378 ὅτι
481 2326 710 2396 ἡρπάγη
741 2327 824 2390 είς
854 2326 946 2379 τὸν
973 2327 1328 2398 παράδεισον,
1363 2327 1456 2380 καὶ
1481 2327 1716 2396 ἤκουσεν

175 2414 362 2485 άρῤητα
404 2416 738 2488 ῥήμασιηᾶ
785 2419 886 2470 οὐκ
915 2417 1036 2483 ἐξὸν
1083 2416 1358 2488 ἀνθρώπῳ
1398 2416 1652 2487 λαλῆσαι.
1689 2435 1710 2469 3

173 2505 282 2559 ’Λπὺ
309 2506 394 2562 τοῦ
428 2508 640 2579 τρίτου,
689 2511 877 2579 φησὶν,
905 2507 1139 2580 οὐρανοῦ
1170 2508 1324 2573 αὖθις
1373 2511 1598 2580 ἡρπάγη
1639 2510 1720 2573 είς

172 2597 246 2649 τὸν
267 2599 597 2670 παράδεισον.
631 2601 898 2672 Ἢρπάγη
924 2602 1021 2672 μὲν
1044 2595 1160 2662 οὖν,
1185 2601 1272 2653 ἴνα
1299 2601 1433 2672 μηδὲ
1457 2603 1513 2654 ὲν
1541 2599 1718 2670 τούτῳ

172 2689 357 2743 ἔλαττον
390 2690 487 2765 ἔχῃ
519 2692 628 2747 τῶν
661 2694 867 2747 λοιπῶν
905 2693 1223 2748 ἀποστόλων
1250 2694 1360 2746 τῶν
1389 2692 1721 2762 συγγεγονό-

172 2797 260 2834 των
295 2782 367 2853 τῷ
395 2785 643 2856 Χριστῷ.
681 2787 792 2838 Καὶ
839 2804 858 2838 τ
901 2787 982 2849 είς
1042 2786 1133 2838 τὸν
1183 2787 1513 2857 παράδεισον
1569 2805 1588 2838 3
1640 2785 1720 2852 δὲ,

172 2868 327 2940 ἐπειδὴ
360 2872 489 2924 πολὺ
521 2871 580 2926 τὸ
613 2870 793 2942 ὄνομα
819 2871 911 2925 τοῦ
935 2871 1138 2942 χωρίου
1164 2871 1356 2924 τούτου
1385 2871 1685 2941 ὲφημίζετο
1712 2889 1722 2902 π

173 2958 272 3012 ὅθεν
297 2961 386 3015 καὶ
428 2961 506 3034 τῷ
552 2963 732 3038 λῃστῇ
783 2963 974 3017 τοῦτον
1025 2966 1052 3016 6
1087 2963 1293 3032 Κύριος
1333 2962 1719 3032 ἐπηγγείλατο.

176 3067 193 3102 ι
228 3052 455 3126 ’Δρρητα
500 3075 519 3108 3
552 3057 609 3110 δὲ
668 3075 686 3108 ι
739 3058 961 3128 ῥήματα
991 3057 1246 3126 ἤκουσεν,
1291 3074 1310 3107 3
1351 3055 1388 3110 ἃ
1421 3057 1534 3118 τοῖς
1585 3053 1726 3108 κατὰ

173 3143 424 3216 ἄνθρωπον
456 3147 722 3218 φρονοῦσι
743 3188 758 3214 ,
792 3147 888 3201 καὶ
913 3147 1083 3217 μηδὲν
1108 3146 1480 3218 πνευματικὸν
1510 3145 1726 3217 ἔχουσιν

172 3235 253 3288 οὐκ
293 3237 457 3303 ἔξεστι
484 3241 744 3310 λαλῆσαι.
789 3239 1070 3293 Ἐντεῦθεν
1098 3239 1155 3292 δὲ
1179 3239 1358 3309 δῆλον,
1388 3239 1469 3292 ὅτι
1499 3241 1531 3309 ἡ
1567 3239 1725 3306 λεγο-

176 3325 287 3397 μένη
311 3296 514 3384 [imoimo
539 3296 939 3402 Ἀποκάλυψις,
971 3296 1416 3401 ψευδεπίγραςρος
1435 3347 1448 3362 ·
1476 3296 1594 3395 πίῦς
1617 3296 1726 3403 γὰρ
1751 3296 1797 3357 c

174 3415 244 3480 οὔ,
271 3421 321 3474 εί
347 3439 406 3490 γε
436 3424 656 3495 ἄρρητοι
681 3421 822 3495 ἦσαν
860 3425 1044 3478 ἐκεῖνα
1062 3441 1088 3489 ;-.
1109 3425 1268 3477 Κατὰ
1301 3423 1398 3493 μὲν
1419 3418 1510 3477 οῦν
1543 3425 1602 3477 τὸ
1632 3427 1729 3494 ρη-

172 3509 450 3585 τὸν,ἒτερος
474 3516 644 3579 τόπος
667 3517 694 3568 6
712 3515 892 3586 τρίτος
913 3516 1163 3585 οὐρανὸς,
1187 3516 1279 3568 καὶ
1297 3516 1383 3568 ἓτε
1395 3533 1483 3584 ρος
1509 3516 1536 3567 6
1555 3516 1729 3585 παρά-

172 3599 351 3666 δεισος·
378 3605 515 3658 κατὰ
552 3605 610 3658 δὲ
661 3603 759 3674 τὴν
807 3603 1123 3676 ἀναγωγὴν,
1149 3604 1300 3674 ὺτάχα
1333 3604 1430 3674 μὲν
1475 3605 1503 3657 6
1545 3603 1726 3669 αὐτὸς,

173 3693 289 3762 τάχα
315 3696 367 3748 δὲ
399 3697 493 3767 οὐχ
524 3698 552 3750 6
578 3696 768 3759 αὐτός.
802 3696 1021 3749 Πολλῶν
1047 3699 1156 3767 γάρ
1184 3695 1351 3748 ὄντων
1375 3695 1482 3748 τῶν
1513 3696 1729 3762 ἀναγω-

175 3786 319 3851 γικῶς
349 3789 390 3819 ⁸⁷
425 3788 868 3859 λεχθησομένων,
893 3788 1048 3856 ὀλίγα
1077 3788 1313 3857 ἐροῦμεν
1340 3787 1435 3841 καὶ
1466 3787 1732 3856 εὐληπτό-

173 3894 305 3949 τεραι.
338 3882 486 3935 Ἔστι
534 3884 650 3954 γὰρ
689 3881 903 3952 πρῶτος
951 3881 1209 3952 οὐρανὸς,
1244 3881 1306 3933 τὸ
1340 3881 1513 3950 πέρας
1561 3880 1658 3932 καὶ
1701 3880 1731 3932 6

174 3968 278 4037 ὅρος
302 3973 395 4042 τῆς
415 3973 616 4044 ὴθικῆς
652 3975 719 4040 ⁵⁸,
743 3975 872 4028 ὅταν
897 3989 981 4035 τις
1009 3973 1077 4027 τὰ
1102 3973 1209 4044 ἤθη
1240 3971 1437 4026 ἑαυτοῦ
1467 3971 1727 4044 ῥυθμίσῃ.

177 4056 288 4116 Εἶτα
311 4064 340 4133 ἠ
363 4067 588 4136 φυσικὴ,
623 4064 880 4136 δεύτερος
906 4063 1158 4136 οὐρανὸς,
1195 4065 1322 4118 ὅταν
1352 4081 1434 4125 τις
1466 4064 1564 4134 τὴν
1587 4062 1730 4131 γνῶ-

177 4169 248 4207 σιν
276 4158 367 4227 τῆς
403 4158 498 4211 τοῦ
543 4159 753 4220 παντὸς
800 4157 1016 4226 φύσεως
1038 4159 1110 4224 ⁸³,
1160 4157 1234 4221 ὡς
1274 4158 1516 4226 ἐφικτὸν,
1572 4151 1754 4227 περιέ

172 4247 328 4320 ορίσῃ.
355 4243 487 4304 Εἶτα
513 4251 546 4320 ἠ
579 4248 892 4320 θεολογικὴ,
922 4249 1104 4320 τρίτος
1134 4249 1382 4320 οὐρανὸς,
1407 4249 1535 4304 ὅταν
1566 4265 1650 4312 τις
1672 4247 1732 4301 τὸ

173 4335 368 4402 ὲψικτὸν
393 4340 531 4402 τέως
567 4337 721 4410 αὐτῷ
769 4339 968 4409 μέτρον
991 4339 1006 4369 ί
1043 4341 1142 4409 τῆς
1162 4338 1270 4392 τῶν
1301 4338 1590 4409 θειοτέρων
1637 4339 1733 4392 καὶ

172 4426 293 4500 ὑπὲρ
320 4430 515 4498 γνῶσιν
566 4429 936 4500 καταλήψεως
969 4429 1153 4503 φθάσῃ
1182 4429 1271 4483 διὰ
1317 4429 1570 4500 θεωρίας.
1620 4427 1733 4482 Καὶ

171 4519 195 4570 6
240 4521 436 4586 Παῦλος
473 4523 661 4576 τοίνυν
711 4523 768 4574 ὲν
803 4524 916 4585 τοῖς
970 4523 1100 4593 περὶ
1149 4523 1249 4593 τὴν
1283 4521 1496 4593 Τριάδα
1538 4524 1728 4585 τόποις

171 4609 363 4677 ἐγένετο
385 4615 664 4684 άρπαγεὶς
683 4613 928 4678 πάντως,
961 4613 1262 4676 τουτέστιν,
1288 4613 1533 4685 ὑπερῦὰς
1555 4614 1732 4667 πάντα

171 4702 229 4756 τά
251 4707 505 4773 γεγονότα
523 4723 537 4738 ο
571 4706 670 4760 καὶ
701 4703 828 4759 οὔτε
855 4707 913 4759 ὲν
940 4704 1155 4777 σώματι
1181 4704 1256 4759 ὣν
1280 4705 1422 4776 (οὐδὲ
1439 4705 1548 4777 γὰρ
1573 4705 1735 4776 ἑνήρ-

170 4811 244 4861 γει
270 4797 406 4852 κατὰ
433 4799 534 4862 τὰς
567 4796 897 4868 σωματικὰς
931 4797 1262 4868 αἰσθήσεις),
1286 4795 1411 4850 οῠτε
1447 4796 1604 4860 ἐκτὸς
1635 4795 1731 4850 τοῦ

174 4887 403 4958 σώματος
425 4907 438 4922 ·
466 4893 685 4962 ἤργησε
717 4889 830 4960 γάρ
862 4889 1012 4960 αὖτῷ
1040 4891 1138 4942 καὶ
1171 4891 1204 4960 ὴ
1230 4891 1412 4960 νόησις
1436 4891 1478 4944 ³.
1502 4889 1593 4943 Ἐν
1625 4889 1734 4961 γὰρ

170 4981 268 5043 τοῖς
299 4981 460 5047 θείοις
493 4985 660 5054 ἀργεῖ
691 4983 843 5036 πᾶσα
871 4984 903 5054 ἡ
941 4981 1262 5052 ἀνθρωπίνη
1302 4983 1511 5052 νόησις,
1551 4984 1736 5054 ἁρπα-

174 5067 383 5138 ζομένου
411 5074 506 5128 τοῦ
537 5072 834 5146 ἀνθρώπου
860 5074 902 5136 ³,
939 5073 1030 5127 καὶ
1065 5072 1480 5144 λαμϐανομένου
1516 5075 1622 5128 ὑπὸ
1639 5075 1734 5130 τοῦ

174 5159 314 5227 Θεοῦ,
344 5151 482 5219 ὥστε
522 5169 619 5220 καὶ
649 5166 743 5219 ὑπ’
788 5165 1002 5220 ἐκείνου
1051 5165 1318 5237 φέρεσθαι
1367 5167 1460 5219 καὶ
1490 5168 1737 5237 ἐνεργεῖ-

176 5250 308 5306 σθαι.
339 5255 495 5309 Ἐπεὶ
524 5257 585 5310 δὲ
620 5258 711 5311 καὶ
740 5259 798 5311 ὲν
824 5260 938 5321 τοῖς
963 5258 1062 5328 τῆς
1086 5257 1366 5326 θεολογίας
1391 5257 1578 5320 τόποις
1606 5258 1737 5311 ἀνα.

176 5341 346 5409 ϐάσεις
402 5349 534 5413 εἰσὶ,
585 5349 676 5402 διὰ
732 5349 891 5402 τοῦτο
945 5349 1254 5420 ἀρπάζεται
1304 5347 1458 5411 αὖθις
1513 5348 1593 5412 εἰς
1641 5348 1735 5403 τὸν

179 5435 517 5507 παράδεισον,
562 5442 675 5504 τοῖς
721 5439 1157 5511 μυστικωτέροις
1205 5438 1306 5510 τῆς
1345 5437 1602 5511 θεότητος
1642 5441 1734 5495 ὲν-

280 5600 303 5629 ν
333 5593 468 5647 Gen.
503 5610 540 5661 ι,
568 5595 624 5649 8.

1815 676 2184 740 conticuisset,
2217 689 2284 728 ne
2305 690 2444 728 nunc
2475 673 2789 743 protulisset
2813 672 3055 742 quidem,
3099 670 3150 723 ni
3187 681 3386 723 neces-

1813 766 1975 821 sitate
1998 765 2311 834 compulsus
2330 763 2540 819 fuisset.
2566 763 2644 818 Ac
2673 764 2716 818 si
2755 763 2948 818 talibus
2979 771 3105 816 ante
3131 769 3392 830 quatuor-

1813 856 1986 912 decim
2016 869 2192 910 annos
2215 855 2468 923 dignatus
2497 863 2596 917 est,
2622 863 2855 922 quantus
2893 867 3036 907 nunc
3058 856 3291 919 est‘post
3316 855 3395 904 tot

1815 955 2074 1017 tantaque
2126 963 2226 1017 pro
2249 948 2468 1002 Christo
2515 945 2786 1015 pericula!

1895 1057 1915 1092 ι
1951 1038 2078 1095 Sive
2104 1039 2158 1093 in
2189 1053 2438 1108 corpore,
2468 1037 2654 1092 nescio
2681 1054 2695 1090 :
2726 1037 2838 1091 sive
2877 1027 3026 1092 extra
3051 1050 3267 1105 corpus,
3295 1050 3394 1090 ne-

1813 1130 1931 1185 scio
1966 1130 1984 1200 (
2013 1129 2156 1186 Deus
2194 1129 2386 1201 novit)
2419 1141 2628 1200 raptum
2659 1127 2966 1198 hujusmodi
2989 1142 3162 1196 usque
3190 1128 3254 1180 ad
3282 1135 3396 1180 ter-

1816 1224 1946 1276 tium
1984 1223 2202 1277 omium.
2247 1242 2265 1275 3
2307 1221 2438 1277 Vide
2469 1222 2588 1291 ejus
2615 1221 2958 1285 modestiam,
2994 1221 3069 1274 uti
3102 1220 3301 1272 fatetur
3340 1232 3397 1272 se

1813 1313 2064 1384 ignorare
2097 1331 2224 1368 num
2276 1317 2328 1369 in
2367 1328 2593 1380 corpore
2642 1312 2826 1376 fuerit,
2862 1327 2930 1366 an
2984 1321 3136 1366 extra
3173 1325 3396 1379 corpus.

1811 1403 1975 1474 310
2027 1405 2244 1474 quando
2278 1413 2466 1473 raptus
2492 1413 2599 1459 est.
2630 1422 2647 1455 ι
2680 1401 2922 1458 Tertium
2956 1421 2974 1454 3
3012 1413 3188 1456 autem
3227 1419 3245 1452 ι
3279 1415 3399 1455 coe-

1811 1496 1920 1550 lum
1960 1515 1981 1549 3
2040 1498 2118 1552 sic
2167 1497 2433 1568 intelligas
2475 1496 2602 1551 licet
2633 1514 2646 1550 :
2676 1494 2956 1566 Scriptura
3007 1509 3189 1548 aerem
3234 1503 3392 1548 vocat

1811 1586 2030 1651 caelum,
2055 1595 2134 1652 ut,
2171 1606 2191 1640 ι
2225 1587 2484 1642 Volucres
2531 1587 2677 1653 caeli,
2713 1606 2731 1638 3
2760 1598 2834 1653 et,
2877 1606 2896 1639 ι
2932 1586 3044 1640 Ros
3070 1586 3191 1640 coeli
3223 1603 3236 1639 :
3278 1603 3296 1636 3
3332 1601 3397 1638 en

1813 1677 1943 1731 illud
1980 1693 2141 1730 unum
2190 1678 2406 1733 caelum.
2464 1677 2713 1732 Necnon
2765 1679 3166 1731 {irritamentum
3203 1677 3401 1730 coelum

1811 1778 1992 1823 vocat.
2025 1786 2044 1820 ι
2084 1766 2307 1822 Vocavit
2344 1787 2362 1820 3
2397 1770 2539 1824 enim
2575 1786 2593 1819 ι
2626 1767 3024 1822 ﬁrmamentum
3052 1766 3246 1821 cmlum
3280 1774 3304 1803 τ
3333 1785 3346 1818 :
3379 1785 3396 1814 3

1812 1875 1878 1914 en
1931 1861 2125 1915 coelum
2155 1859 2302 1914 istud
2330 1863 2648 1915 secundum.
2683 1860 2816 1914 lllud
2851 1861 3014 1914 etiam
3044 1861 3096 1914 in
3140 1859 3404 1929 principio

1748 1945 1790 1999 Β
1821 1968 1941 2005 cum
1975 1961 2117 2006 terra
2151 1960 2418 2016 creatum,
2451 1951 2646 2007 caelum
2678 1961 2874 2005 vocat:
2907 1965 3034 2005 ecce
3064 1950 3258 2004 emittm
3293 1959 3404 2002 ter--

1821 2055 1956 2098 1111111

1887 2136 2052 2192 Vens.
2079 2138 2132 2198 '5,
2165 2137 2219 2191 4.
2258 2154 2277 2188 ι
2319 2136 2386 2191 Et
2407 2136 2839 2207 sciohujusmodi
2873 2136 3146 2191 hominem
3173 2136 3323 2208 (sive
3350 2137 3402 2189 in

1815 2243 2069 2299 corpore,
2097 2230 2210 2284 sive
2233 2236 2387 2284 extra
2429 2243 2645 2298 corpus,
2674 2229 2876 2294 nescio,
2905 2227 3045 2283 Deus
3077 2228 3229 2298 scit),
3264 2229 3408 2298 quod

1817 2330 2006 2393 raptus
2031 2323 2103 2376 sit
2132 2322 2185 2375 in
2217 2321 2547 2391 paradisum,
2580 2330 2634 2374 et
2666 2321 2935 2374 audiverit
2965 2335 3164 2375 arcana
3199 2324 3394 2384 verba,

1817 2430 1938 2485 quas
1971 2429 2080 2470 non
2109 2413 2235 2470 licet
2264 2413 2466 2468 homini
2498 2414 2666 2483 loqui.
2707 2431 2726 2465 3
2765 2415 2810 2466 A
2838 2415 2996 2469 tertio
3022 2414 3182 2480 coelo,
3209 2415 3406 2483 inqni',

1821 2521 2012 2562 rursus
2063 2515 2249 2576 raptus
2282 2515 2366 2562 est
2401 2507 2452 2560 in
2511 2506 2844 2576 paradisum.
2885 2505 3093 2577 Raptus
3131 2518 3216 2561 est
3249 2521 3400 2574 ergo,

1819 2607 1968 2653 utne
2017 2597 2069 2651 in
2105 2597 2208 2652 hoc
2241 2596 2458 2666 quidem
2492 2597 2715 2667 reliquis
2748 2597 3010 2666 apostolis
3057 2597 3148 2667 qui
3189 2597 3408 2651 Christo

1820 2690 2198 2755 convixerunt,
2244 2691 2316 2744 sit
2347 2688 2591 2743 inferior.
2627 2707 2646 2741 ι
2686 2688 2740 2742 in
2792 2691 3098 2758 paradisum
3127 2707 3146 2742 3
3205 2699 3407 2755 autem,

1821 2781 2082 2851 quoniam
2129 2780 2343 2834 celebre
2393 2780 2497 2834 loci
2548 2779 2706 2848 hujus
2751 2797 2944 2836 nomen
2979 2783 3408 2850 praedicabatur;

1823 2875 1967 2928 unde
1994 2880 2048 2927 et
2067 2874 2316 2928 eumdem
2340 2872 2598 2927 Dominus
2616 2873 2808 2928 latroni
2829 2876 3094 2944 promisit.
3129 2894 3148 2928 ι
3176 2876 3346 2931 Verba
3385 2895 3406 2928 3

1823 2979 1989 3034 porro
2049 2981 2070 3017 α
2104 2979 2300 3020 arcana
2341 2983 2362 3017 3
2400 2973 2492 3020 aut
2550 2964 2840 3021 ineﬂ'ahilia
2887 2984 2907 3018 ‹
2958 2969 3186 3032 audivit,
3232 2985 3251 3018 3
3288 2983 3410 3037 qua:

1827 3058 2064 3112 humana
2100 3067 2306 3112 tantum
2338 3058 2695 3128 spirantibus,
2742 3059 2985 3130 nihilque
3013 3060 3414 3130 spiritualeha-

1827 3147 2103 3214 bentibus,
2159 3163 2263 3203 non
2315 3148 2439 3203 licet
2487 3149 2690 3219 eloqui.
2741 3151 2878 3206 Hinc
2909 3152 3115 3222 liquido
3162 3165 3411 3224 apparet,

1830 3237 2236 3294 Revelationem
2264 3239 2413 3294 Pauli
2438 3241 2660 3306 dictam,
2688 3243 2828 3297 falso
2855 3242 2929 3296 illi
2949 3245 3238 3313 ascriptam
3267 3261 3410 3301 esse.

1831 3330 2112 3397 Quomodo
2142 3333 2288 3387 enim
2319 3333 2479 3397 alias,
2531 3335 2800 3403 siquidem
2837 3335 2924 3390 illa
2958 3335 3250 3390 ineﬂ‘abilia
3283 3337 3401 3392 fue-

1833 3431 1958 3478 runt
1983 3423 2006 3476 ?
2029 3424 2110 3478 Ad
2165 3424 2390 3480 verbum
2421 3425 2606 3494 igitur,
2626 3424 2842 3480 tertium
2869 3427 3064 3481 caelum
3093 3428 3232 3482 alius
3265 3429 3412 3482 locus

1830 3523 1933 3580 est,
1959 3523 2122 3585 atque
2139 3515 2277 3570 alius
2303 3518 2586 3586 paradisus
2611 3534 2627 3584 ;
2655 3519 2949 3572 secundum
2981 3534 3110 3572 vero
3133 3534 3410 3588 anagogcn

1834 3606 1973 3663 forte
2005 3608 2146 3663 idem
2195 3618 2298 3673 est,
2346 3609 2483 3663 forte
2531 3625 2638 3664 non
2669 3611 2830 3665 idem.
2860 3609 2992 3665 Cum
3053 3611 3199 3664 enim
3247 3611 3412 3664 multa

1829 3699 1944 3755 sint
1997 3702 2292 3770 anagogice
2331 3703 2581 3768 dicenda,
2622 3717 2790 3770 pauca
2847 3703 3110 3765 dicemus,
3166 3713 3220 3757 et
3251 3714 3414 3771 captu

1831 3788 2097 3845 faciliora.
2127 3789 2384 3846 Estenim
2415 3793 2648 3860 primum
2682 3791 2905 3858 coelum,
2936 3792 3055 3848 linis
3070 3809 3131 3847 ac
3155 3794 3415 3848 terminus

1832 3882 2047 3947 ethicte,
2089 3885 2310 3952 quando
2350 3896 2529 3937 mores
2559 3897 2684 3938 suos
2706 3885 2992 3952 quisquam
3037 3894 3182 3938 recte
3213 3885 3416 3937 forma-

1833 3975 1992 4029 verit.
2020 3972 2226 4029 Deinde
2276 3973 2545 4029 naturalis
2600 3975 2936 4045 philosophia
2966 3985 3050 4030 est
3090 3976 3286 4030 ccelum
3325 3991 3415 4029 seu

1831 4063 2092 4129 cundutn,
2126 4078 2250 4118 cum
2275 4065 2554 4117 scientiam
2589 4064 2785 4133 aliquis
2817 4069 2883 4119 de
2938 4066 3176 4120 universi
3225 4067 3416 4134 00εηί-

1837 4155 2002 4220 tione,
2025 4164 2292 4224 quatenus
2311 4153 2424 4208 lieri
2449 4164 2649 4224 potest,
2675 4156 3187 4226 circumscripserit.
3212 4156 3419 4212 Deinde

1836 4247 2052 4300 tertium
2080 4246 2300 4311 coelum,
2323 4246 2622 4316 theologica
2642 4247 2984 4312 estscientia,
3015 4250 3228 4316 quando
3255 4251 3411 4317 quis-

1833 4337 2000 4408 piam,
2025 4349 2286 4408 quantum
2334 4338 2402 4393 ab
2433 4339 2525 4392 illo
2562 4340 2678 4394 ﬁeri
2717 4350 2912 4409 potest,
2943 4355 3276 4406 mensuram,
3308 4357 3415 4410 qua

1843 4447 1934 4487 res
1983 4432 2178 4486 divinae
2225 4443 2280 4486 et
2325 4433 2615 4485 humanam
2655 4434 3020 4502 cognitionem
3083 4435 3416 4489 excedentes

1789 4590 1806 4597 ψ
1833 4525 2226 4595 percipiuntur,
2257 4524 2483 4594 adeptus
2512 4523 2675 4578 fuerit
2722 4541 2821 4595 per
2867 4528 3405 4596 contemplationem.

1763 4652 1812 4712 ο
1839 4616 2036 4672 Paulus
2065 4617 2230 4684 igitur
2256 4617 2321 4670 ad
2349 4631 2411 4670 ea
2433 4631 2554 4686 qua:
2580 4617 2734 4685 juxta
2759 4615 3083 4672 Trinitatem
3117 4627 3244 4672 sunt
3274 4618 3412 4682 loca,

1835 4707 2058 4763 omnino
2084 4715 2271 4774 raptus
2296 4716 2435 4768 erat,
2487 4707 2588 4760 hoc
2631 4717 2735 4774 est,
2769 4723 2958 4764 omnes
2991 4720 3270 4765 creaturas
3317 4726 3414 4765 ex-

1832 4813 2135 4868 superans;
2187 4812 2362 4868 neque
2391 4798 2444 4851 in
2468 4814 2693 4868 corpore
2721 4801 3049 4856 constitutus
3087 4821 3100 4855 :
3127 4818 3232 4855 non
3269 4803 3414 4856 enim

1833 4890 2159 4960 operabatur
2191 4903 2288 4959 per
2320 4903 2613 4958 COI‘pOI'COS
2649 4905 2880 4956 sensus;
2915 4907 3086 4961 neque
3115 4904 3266 4946 extra
3291 4907 3415 4946 00r-

1836 4997 1936 5053 pus
1965 4997 1980 5036 :
2007 4980 2300 5050 torpuisset
2329 4981 2470 5035 enim
2497 4981 2545 5035 ei
2579 4981 2885 5038 intellectus
2917 4985 3101 5038 etiam.
3133 4981 3192 5037 ln
3219 4983 3415 5039 divinis

1841 5074 1984 5128 enim
2012 5073 2174 5130 rebus
2211 5083 2387 5148 torpet
2407 5074 2585 5130 omnis
2616 5075 2915 5131 intellectus
2937 5078 3223 5139 humanus,
3258 5087 3410 5144 rapto

1844 5167 2068 5223 homine
2094 5177 2148 5223 et
2178 5183 2206 5222 a
2242 5167 2350 5224 Deo
2381 5168 2790 5237 comprehenso,
2826 5177 2882 5220 ut
2904 5166 2974 5220 ab
3004 5167 3095 5219 illo
3122 5176 3335 5235 agatur,
3359 5178 3415 5220 et

1843 5261 2213 5328 operationem
2236 5259 2486 5328 accipiat.
2520 5257 2655 5324 Quia
2680 5273 2806 5312 vero
2822 5265 2875 5311 et
2901 5258 2955 5310 in
2989 5255 3415 5326 theologizelot-is

1842 5352 2190 5408 ascensiones
2220 5359 2368 5414 sunt,
2402 5360 2688 5418 propterea
2722 5363 2910 5404 rursus
2945 5349 3148 5418 rapitur
3173 5349 3225 5402 in
3259 5363 3416 5415 para-

1825 5443 2042 5510 (disum,
2063 5442 2438 5500 arcanioribus
2462 5441 2762 5496 divinitatis
2785 5440 3060 5512 mysteriis
3083 5440 3414 5503 immoraus;

1488 5709 1688 5772 Varia!
1734 5710 2061 5773 lectiones.

187 5869 207 5901 ³
245 5805 664 5928 ’ἐδάναλογικῶς
703 5827 755 5868 0.
831 5812 878 5847 "
905 5815 1018 5877 τοῖς
1068 5811 1279 5884 ἠθικαῖς
1314 5827 1366 5869 0-

233 5891 258 5928 ν
317 5893 342 5928 :
370 5894 423 5928 ο.

233 5891 342 5939 νοοῖ
370 5894 423 5934 0.

1473 5817 1519 5848 ⁹⁹
1551 5818 1804 5885 γνώσεως
1834 5834 1884 5872 0.

1985 5819 2000 5847 ¹
2028 5818 2156 5870 ὅταν
2179 5833 2263 5881 τις
2293 5817 2426 5880 τέως
2449 5815 2510 5870 τὸ
2547 5815 2677 5870 αὐτὸ
2705 5815 2902 5888 μέτρον
2925 5831 2979 5872 0.
3085 5821 3107 5851 ⁸
3138 5815 3336 5885 γνῶσις
3359 5829 3416 5872 o.
