3898 6572
226 453 328 519 9ἶ3

968 455 1376 519 EXPOSITIO
1417 453 1503 516 IN
1544 455 1786 518 EPIST.
1829 455 1891 516 II
1922 458 2024 520 AD
2062 457 2236 524 COR.
2269 484 2323 498 ’-
2363 461 2527 524 CAP.
2576 463 2723 524 XII.

3369 469 3478 532 934

226 588 411 646 ρυγμα
439 569 735 636 ἀντίθεσιν,
785 570 882 625 καὶ
937 573 1048 625 τῶν
1079 572 1339 628 κινδύνων
1362 573 1655 644 ἐπιφορὰν,
1692 573 1793 642 ἀγ·

1903 575 2226 644 illationem,
2263 576 2514 645 angelum
2549 577 2768 633 Satanae
2800 577 3117 634 nominavit.
3161 577 3203 632 Α
3239 592 3345 646 quo
3377 595 3484 637 au—

220 663 376 734 γελον
399 663 576 717 Σατᾶν
604 663 878 734 ὠνόμασε.
925 663 1087 736 Παρά
1136 665 1282 727 τίνος
1309 665 1366 718 δὲ
1394 664 1554 734 ἐδόθη
1585 681 1599 730 ;
1633 663 1798 735 Παρά

219 755 310 811 τοῦ
325 755 486 820 Θεοῦ,
511 755 666 826 φησὶ,
684 755 1060 826 συνεχωρήθη·
1081 754 1240 809 τοῦτο
1256 755 1364 827 γάρ
1380 755 1458 821 τὸ,
1489 774 1508 807 ι
1534 755 1742 825 Ἐδόθτγ
1769 772 1790 808 ο

222 849 313 901 καὶ
349 849 450 919 οὐχ
479 846 569 902 ἵνα
611 847 761 912 ἅπαξ
815 865 882 918 με
939 847 1229 922 κολαφίσῃ,
1283 847 1398 902 ἀλλ’
1449 846 1560 903 ἀεί.
1605 847 1679 900 To
1713 847 1795 915 δὲ,

227 957 244 989 ι
284 939 406 992 Ἷνα
439 938 514 1009 μὴ
542 938 958 1008 ὑπεραίρωμαι,
1010 956 1029 990 ι
1090 938 1234 1000 τινές
1271 939 1500 1010 ἐνόησαν
1524 940 1646 992 ἀντὶ⁵
1671 937 1795 1007 τοῦ,

221 1029 336 1082 Ἵνα
371 1029 447 1097 μὴ
481 1030 588 1082 ύπδ
641 1026 752 1081 τῶν
812 1028 1118 1098 ἀνθρώπιον
1164 1028 1496 1099 δοξάζωμαι.
1555 1028 1696 1082 Ἀλλ’
1733 1029 1794 1084 οὐ

215 1123 375 1176 τοῦτο
407 1124 556 1191 λέγει
591 1122 807 1188 Παῦλος
828 1120 1089 1185 ἐνταῦθα,
1127 1123 1176 1174 εί
1206 1123 1302 1174 καὶ
1328 1123 1587 1194 ἀνωτέρω
1613 1118 1794 1190 εἶπεν,

215 1216 332 1268 ἀλλ’
369 1215 502 1268 me
530 1214 710 1279 τοῦτο,
742 1215 860 1268 Ἵνα
892 1213 969 1291 μὴ
1018 1213 1303 1279 κενοδοξῶ,
1337 1215 1503 1286 φησίν
1531 1231 1547 1246 ·
1580 1216 1794 1289 ἀνθρω·

215 1323 315 1369 πος
341 1307 452 1377 γὰρ
482 1301 550 1378 ἦν
577 1307 669 1360 καὶ
701 1307 885 1370 αὑτός.

291 1419 308 1452 ι
359 1400 532 1471 ’Υπὲρ
561 1400 756 1454 τούτου
792 1401 915 1472 τρὶς
943 1400 1032 1454 τὸν
1070 1400 1276 1472 Κύριον
1304 1401 1679 1470 παρεκάλεσα,
1705 1402 1795 1456 ἵνα

211 1494 425 1564 ἀποστῇ
471 1493 567 1547 ἀπ’
617 1491 793 1564 ἐμοῦ·
841 1493 936 1547 καὶ
993 1493 1186 1564 εἴρηκέ
1219 1509 1351 1564 μοι’
1392 1493 1581 1565 Ἀρκεῖ
1637 1511 1719 1547 σοι
1756 1495 1792 1565 ἠ

207 1586 372 1658 χάρις
403 1603 560 1655 μου.»
588 1615 658 1626 -
691 1584 888 1656 ιΤρὶς,
925 1602 948 1638 a
972 1586 1092 1639 ἀντὶ
1114 1586 1231 1652 τοῦ,
1265 1585 1549 1652 πολλάκις,
1594 1603 1614 1637 t
1653 1602 1795 1656 παρα

211 1679 471 1733 εκάλεσα.
500 1697 519 1730 ι
569 1675 682 1732 ’Καὶ
703 1677 859 1730 τοῦτο
879 1677 939 1731 δὲ
963 1676 1486 1748 ταπεινοφροσύνης,
1515 1676 1576 1730 τὸ
1597 1675 1791 1748 δμολο-

208 1773 408 1842 γῆσαι,
442 1771 525 1824 ὃτι
555 1770 652 1823 ούκ
674 1770 836 1840 ἔφερε
864 1771 962 1833 τὰς
991 1769 1287 1833 ἐπιϐουλὰς
1309 1771 1406 1823 καὶ
1429 1768 1527 1832 τὰς
1557 1767 1789 1837 θλίψεις,

206 1863 305 1916 καὶ
332 1863 423 1915 διὰ
447 1861 608 1914 τοῦτο
634 1861 958 1934 παρεκάλει.
985 1863 1221 1934 Εἶρηκεν
1248 1857 1348 1914 οὖν
1375 1875 1468 1932 μοι
1488 1877 1502 1891 ·
1536 1877 1557 1912 ι
1603 1861 1794 1932 ’Λρκεῖ

209 1973 316 2022 σοι,
358 1973 378 2008 ι
403 1956 486 2009 ὅτι
513 1957 764 2026 τοιαύτην
787 1954 966 2009 ἔδωκά
991 1971 1072 2008 σοι
1089 1955 1269 2026 χάριν,
1288 1955 1375 2009 ἵνα
1393 1954 1623 2024 νεκροὺς
1646 1954 1790 2023 ἐγεί-

209 2065 335 2120 ρῃς,
367 2048 460 2102 ἵνα
502 2047 762 2118 δυνάμεις
815 2047 998 2112 πάσας
1047 2048 1329 2120 ἐπιτελῇς.
1366 2047 1460 2119 Μὴ
1509 2047 1664 2117 ζήτει
1695 2047 1790 2100 καὶ

204 2140 498 2195 ἀκίνδυνόν
543 2155 626 2193 σοι
685 2138 1002 2210 προῦαίνειν
1061 2139 1125 2193 τὸ
1178 2141 1483 2212 κήρυγμα·
1538 2137 1791 2211 περιττὸν

204 2233 317 2304 γάρ
338 2233 457 2285 ἐστι
485 2230 679 2285 τοῦτο*
720 2231 749 2285 ὃ
767 2231 832 2285 δέ
865 2232 1029 2304 ἀρκεῖ
1055 2248 1159 2296 σοι,
1179 2231 1404 2294 ἔλαὸες.

285 2340 306 2376 ι
359 2323 430 2376 Ἦ
463 2324 573 2395 γὰρ
591 2321 820 2394 δύναμίς
853 2340 956 2394 μου
1009 2325 1071 2377 ἐν
1093 2323 1353 2394 ἀσθενείᾳ
1397 2321 1718 2376 τελειοῦται.
1763 2338 1784 2374 ι

204 2415 531 2479 Τουτέστιν,
597 2415 737 2469 ’Δλὶε
794 2416 924 2478 ἴσως
972 2414 1182 2485 ἀλγεῖς,
1227 2407 1274 2468 ὧ
1309 2413 1508 2482 Παῦλε,
1538 2415 1618 2487 μὴ
1662 2413 1791 2486 δόξῃ

201 2508 368 2563 τοῦτο
416 2509 704 2572 ἀσθενείας
757 2505 899 2563 εἶναι
929 2508 1089 2578 ἐμῆς,
1135 2507 1196 2561 τὸ
1234 2508 1460 2572 πολλοὺς
1512 2506 1592 2578 τῷ
1647 2506 1791 2577 λόγῳ

199 2601 582 2655 ἐπιϐουλεύειν
602 2616 616 2632 ·
649 2600 865 2671 θάρρει.
922 2601 1055 2653 Τότε
1083 2597 1193 2669 γὰρ
1220 2598 1556 2668 ’τελεώτερον
1589 2595 1790 2668 μᾶλλον

199 2695 551 2766 διαφαίνεται
594 2695 628 2765 ἠ
658 2692 892 2763 δύναμίς
945 2707 1076 2761 μου,
1139 2691 1266 2744 ὅταν
1303 2689 1625 2759 διωκόμενοι
1679 2687 1792 2744 τῶν

198 2785 518 2842 διωκόντων
567 2782 936 2857 πεεριγίνεσθε.
995 2784 1146 2854 Ὅρα
1193 2781 1278 2846 δὲ,
1339 2781 1455 2843 πῶς
1481 2780 1651 2844 αὐτὸς
1689 2779 1792 2851 μὲν

199 2883 406 2952 ἔφησε,
439 2879 531 2934 διά
552 2878 712 2933 τοῦτο
738 2877 1026 2947 ἐκδοθῆναι
1049 2877 1166 2939 τοῖς
1199 2875 1554 2945 πειρασμοῖς,
1595 2873 1684 2926 ἵνα
1707 2872 1790 2944 ’μὴ

197 2975 578 3045 ὑπεραίρηται
603 2987 620 3004 ο
650 2973 679 3025 ὁ
704 2970 762 3025 δὲ
796 2970 928 3034 Θεὸς
982 2969 1148 3039 ἀλλην
1180 2968 1363 3022 αἰτίαν
1413 2967 1536 3020 εἶπε
1571 2964 1786 3031 τούτου,

196 3062 394 3134 τδτὴν
455 3061 685 3132 δύναμιν
738 3059 902 3114 αὐτοῦ
940 3059 1072 3112 τότε
1117 3056 1409 3128 φαίνεσθαι
1469 3056 1530 3110 τὸ
1573 3055 1789 3111 τέλειον

197 3155 463 3228 ἔχουσαν,
498 3155 626 3210 ὅταν
665 3171 684 3207 ι
723 3153 782 3207 ἐν
828 3151 1107 3222 ἀσθενείᾳ,
1149 3169 1168 3204 ι
1196 3149 1494 3219 τουτέστιν,
1536 3150 1602 3204 ἐν
1625 3149 1790 3218 διωγ-

202 3251 336 3322 μοῖς
378 3249 476 3304 καὶ
503 3247 775 3312 κινδύνοις
797 3243 954 3302 αὐτοὶ
988 3238 1145 3299 ὦσιν.

284 3455 308 3490 t
346 3435 584 3489 Ἥδιστα
617 3427 713 3487 οὖν
741 3429 944 3500 μᾶλλον
985 3427 1340 3500 καυχήσομαι
1373 3425 1439 3481 ἐν
1475 3424 1596 3488 ταῖς
1629 3423 1792 3480 ἀσθε-

202 3529 394 3590 νείαις
445 3525 682 3598 μου,·ἴνα
709 3521 1065 3594 ἐπισκηνώσῃ
1093 3521 1180 3573 ἐπ’
1219 3519 1321 3589 ἐμὲ
1351 3518 1387 3590 ἡ
1436 3516 1666 3589 δύναμις
1695 3515 1792 3573 τοῦ

203 3616 481 3690 Χριστοῦ.
539 3635 558 3668 ι
603 3613 779 3680 Ἐπεὶ,
840 3613 995 3682 φησι,
1034 3611 1206 3664 ταῦτα
1251 3611 1465 3682 ἥκουσα
1493 3610 1587 3664 καὶ
1625 3609 1709 3664 ὅτι
1757 3611 1793 3683 ἡ

203 3705 448 3775 δύναμις
498 3703 594 3757 τοῦ
657 3700 792 3754 Θεοῦ
843 3704 902 3754 ἐν
965 3698 1222 3771 ἀσθενείᾳ
1247 3698 1577 3764 τελειοῦται,
1608 3699 1794 3755 λοιπὸν

208 3800 570 3868 καυχήσομαι
604 3796 664 3849 ἐν
696 3797 818 3858 ταῖς
848 3792 1158 3856 ἀσθενείαις
1193 3810 1317 3862 μου.
1349 3785 1521 3847 Δῦται
1543 3793 1659 3863 γὰρ
1683 3793 1794 3863 ὅσῳ

210 3892 437 3954 πλείους
470 3889 602 3954 εἰσὶ,
637 3887 882 3959 τοσούτῳ
901 3885 1291 3957 δαψιλεστέραν
1319 3885 1419 3955 τὴν
1443 3883 1674 3956 δύναμιν
1697 3885 1793 3939 τοῦ

207 3981 354 4037 Θεοῦ
379 3979 700 4051 προξενοῦσί
742 3995 854 4049 μοι.
903 3978 994 4050 Μὴ
1051 3977 1234 4030 τοίνυν
1265 3976 1530 4048 νομίσητέ
1575 3993 1668 4048 με,
1709 3977 1794 4031 ὅτι

211 4075 290 4139 ὡς
323 4072 664 4143 λυπούμενος
708 4065 862 4125 εἶπον
887 4070 956 4125 τὰ
1015 4069 1145 4142 περὶ
1198 4067 1294 4122 τοῦ
1327 4068 1616 4135 σκόλοπος,
1653 4067 1794 4122 ἀλλά

211 4166 424 4238 μᾶλλον
478 4163 685 4235 χαίρων
732 4163 828 4217 καὶ
859 4160 1241 4232 καυχώμενος,
1289 4159 1366 4224 ὡς
1417 4159 1513 4213 καὶ
1555 4159 1656 4230 τὴν
1696 4158 1794 4213 τοῦ

211 4259 353 4314 Θεοῦ
383 4258 612 4328 δύναμιν
635 4256 855 4310 πλείονα
880 4253 1263 4325 ἐπισπώμενος
1285 4252 1421 4326 πρὸς
1444 4252 1682 4324 ἐμαυτὸν
1707 4251 1796 4306 διά

213 4355 318 4424 τῆς
349 4351 654 4412 ἐπιτάσεως
683 4349 790 4402 τῶν
825 4347 1082 4416 θλίψεων.

295 4461 314 4495 ι
353 4443 446 4495 Διὸ
475 4440 678 4494 εὐδοκῶ
709 4441 767 4493 ἐν
800 4442 920 4502 ταῖς
955 4437 1285 4505 ἀσθενείαις,
1339 4438 1398 4490 ἐν
1448 4435 1697 4508 ὕϐρεσιν,
1737 4436 1796 4490 ἐν

219 4535 514 4603 ἀνάγκαις,
549 4533 607 4585 ἐν
633 4533 917 4601 διωγμοῖς,
953 4532 1011 4583 ἐν
1049 4528 1439 4601 στενοχωρίαις
1474 4529 1618 4600 ύπέρ
1653 4528 1794 4597 Χριο

1902 675 2011 723 tem
2045 669 2202 724 datus
2231 669 2356 724 est?
2399 670 2447 722 Δ
2477 669 2584 724 Deo
2617 669 2840 741 (inquit)
2875 670 3176 741 permissus
3204 680 3324 739 est;
3372 674 3480 732 hoc

1900 759 2046 815 enim
2075 761 2316 828 estquod
2346 761 2442 826 ait,
2474 780 2493 812 t
2529 761 2696 817 Datus
2721 771 2804 818 est
2834 780 2848 816 :
2885 781 2904 815 ι
2934 778 3040 816 nou
3069 773 3128 817 ut
3153 766 3320 818 semel
3345 764 3476 821 mihi

1899 850 2159 920 colaphos
2193 849 2420 921 iulligat,
2448 854 2539 908 sed
2572 869 2805 924 semper.
2831 855 2990 922 Quod
3026 870 3150 910 vero
3185 857 3302 910 ait:
3343 874 3362 909 ι
3397 856 3476 912 Ne

1898 942 2152 1007 extollar,
2198 961 2216 995 ι
2245 944 2466 1012 quidam
2495 945 2875 1011 intellexerunt
2898 962 2994 1016 pro
3012 962 3078 1000 eo
3105 952 3244 1016 quod
3265 958 3370 1015 est,
3399 949 3477 1004 Ne

1898 1034 1969 1089 ab
2003 1035 2314 1091 hominibus
2347 1036 2640 1106 gloriﬁcer.
2696 1037 2859 1108 312
2919 1039 3025 1094 Sed
3067 1041 3116 1092 id
3151 1040 3346 1096 Paulus
3382 1042 3474 1096 hic

1899 1137 2005 1178 non
2044 1123 2205 1189 dicit,
2241 1124 2456 1180 etiamsi
2493 1140 2654 1195 supra
2695 1128 2897 1181 dixerit
2933 1129 3069 1182 :sed
3101 1129 3236 1184 illud
3271 1130 3468 1200 ipsum,

1894 1215 1974 1271 Ne
2002 1231 2143 1272 vane
2175 1217 2444 1287 gloriosus
2489 1219 2613 1286 sint,
2653 1220 2828 1290 inquit
2859 1238 2873 1274 :
2909 1221 3071 1276 homo
3095 1224 3244 1277 enim
3271 1233 3325 1278 et
3348 1223 3474 1293 ipse

1896 1316 2034 1363 erat.

1968 1397 2137 1455 Vens.
2170 1399 2224 1468 8,
2260 1399 2315 1456 9.
2358 1419 2376 1452 ι
2413 1400 2588 1472 Super
2609 1403 2716 1456 ltoc
2735 1411 2822 1456 ter
2843 1401 3133 1458 Dominum
3175 1407 3386 1472 rogavi,
3413 1413 3477 1459 ut

1893 1490 2196 1546 discederet
2236 1506 2265 1545 a
2297 1507 2420 1559 nte;
2455 1501 2510 1546 et
2543 1492 2679 1546 dixit
2711 1493 2840 1546 mihi
2868 1509 2881 1547 :
2917 1492 3126 1549 Sullicit
3160 1495 3255 1549 tibi
3299 1497 3476 1564 gratia

1893 1599 2034 1640 mea.
2073 1602 2096 1636 ι
2128 1613 2200 1628 --
2227 1603 2247 1637 ι
2283 1585 2412 1650 Ter,
2448 1606 2470 1640 δ
2504 1603 2624 1656 pro,
2656 1587 2808 1658 Smpe
2831 1590 3130 1660 imploravi.
3164 1591 3328 1662 Atqui
3374 1592 3476 1647 hoc

1893 1675 2054 1729 etiam
2077 1675 2397 1732 humilitatis
2420 1688 2523 1742 est,
2548 1676 2705 1732 fateri
2728 1680 2870 1748 quod
2917 1695 3024 1734 non
3051 1681 3218 1737 ferret
3243 1682 3473 1738 insidias

1893 1780 1957 1820 ac
2001 1765 2340 1832 alllictioues,
2371 1777 2428 1824 et
2455 1778 2738 1840 propterea
2769 1784 2927 1838 opem
2963 1771 3297 1842 imploraret.
3329 1773 3473 1827 Dixit

1893 1859 2054 1929 igitur
2079 1861 2210 1917 mihi
2245 1879 2258 1916 :
2291 1860 2439 1916 Satis
2459 1871 2541 1916 est
2567 1863 2709 1932 quod
2730 1863 2896 1917 talem
2921 1863 3022 1918 tibi
3052 1865 3280 1931 gratiam
3309 1863 3475 1920 dede-

1825 1933 1868 1989 Β
1898 1953 2021 2018 rim,
2050 1962 2110 2007 ut
2126 1963 2374 2009 mortuos
2393 1954 2624 2020 excites,
2644 1963 2702 2008 ιιι
2727 1955 2956 2010 virtutes
2987 1971 3178 2010 omnes
3201 1956 3471 2026 perﬁcias.

1895 2043 1976 2098 Ne
2005 2059 2216 2114 quaeras
2239 2045 2407 2116 igitur
2426 2055 2488 2099 ut
2518 2047 2654 2100 citra
2682 2047 2985 2116 periculum
3019 2047 3334 2117 pmdicatio
3366 2049 3464 2104 tibi

1897 2135 2275 2205 progrediatur
2303 2153 2317 2190 :
2349 2150 2808 2203 wpervacaneum
2850 2138 2994 2193 enim
3034 2140 3136 2195 hoc
3175 2151 3276 2194 est.
3316 2139 3472 2207 Quod

1896 2236 2076 2282 autem
2106 2228 2244 2283 satis
2275 2239 2359 2283 εει
2383 2228 2508 2292 tibi,
2542 2229 2828 2298 accepisti.

1971 2338 1992 2372 ι
2027 2318 2212 2376 Virtus
2248 2320 2391 2375 estita
2443 2336 2564 2375 mea
2609 2322 2930 2376 inﬁrmitate
2963 2322 3262 2392 perﬁcitur.
3305 2343 3324 2378 ι
3359 2323 3476 2380 Hunc

1896 2417 2001 2473 est,
2020 2407 2276 2464 Fortasse
2294 2409 2463 2475 doles,
2479 2425 2513 2465 ο
2530 2410 2717 2477 Paulo,
2737 2426 2807 2466 ne
2825 2411 3069 2466 videatur
3089 2413 3475 2471 imbecillitatis

1897 2515 2017 2556 esse
2063 2516 2220 2568 meae,
2259 2503 2400 2569 quod
2439 2501 2594 2556 inulti
2625 2502 2790 2558 verbo
2833 2518 2956 2558 meo
2993 2504 3220 2560 insidias
3259 2509 3470 2562 machi-

1898 2603 2133 2648 nentur:
2165 2595 2396 2649 conﬁtle.
2437 2594 2574 2650 Tutu
2607 2596 2752 2650 enim
2808 2595 3098 2667 perfectius
3127 2598 3343 2653 videtur
3373 2615 3471 2668 po-

1899 2687 2064 2741 testia
2092 2701 2234 2754 mea,
2268 2686 2486 2756 quando
2528 2688 2966 2758 persecutionem
3001 2690 3170 2758 passi,
3210 2705 3473 2760 persecu-

1899 2788 2046 2836 tores
2080 2780 2336 2835 viceritis.
2372 2779 2510 2835 Vide
2544 2790 2722 2836 autem
2768 2783 3042 2852 quomodo
3085 2783 3286 2840 dixerit
3331 2785 3468 2855 ipse,

1896 2881 2118 2941 propter
2148 2871 2250 2926 hoc
2287 2871 2582 2927 obnoxium
2615 2886 2737 2928 sese
2766 2888 2828 2928 ac
2855 2874 3113 2929 traditum
3159 2875 3475 2931 tcntationi-

1895 2963 2033 3029 bus,
2081 2977 2150 3017 ne
2201 2961 2516 3017 extollatur.
2570 2962 2712 3018 Deus
2761 2973 2942 3018 autem
2995 2965 3158 3019 aliam
3204 2965 3471 3024 rationem

1895 3057 2132 3112 reddidit
2165 3055 2346 3124 huius,
2381 3055 2640 3111 nimirum
2689 3058 2834 3126 quod
2881 3057 3124 3127 potentia
3145 3057 3326 3128 ipsius
3361 3069 3472 3114 tum

1897 3148 2144 3203 videatur
2201 3147 2722 3203 consummationem
2779 3149 3008 3218 habere,
3058 3153 3280 3222 quando
3336 3172 3355 3206 ι
3415 3156 3471 3209 iu

1900 3239 2238 3304 inﬁrmitate,
2277 3259 2296 3293 ι
2322 3241 2428 3297 hoc
2459 3250 2564 3309 est,
2593 3241 2648 3296 in
2667 3243 3148 3312 persocutionibus
3174 3253 3231 3302 et
3259 3247 3478 3317 pericu-

1818 3300 1862 3362 C
1893 3332 1962 3389 lis
1981 3331 2084 3402 ipsi
2109 3300 2335 3390 iuerint.

1971 3443 1992 3478 ι
2030 3423 2418 3482 Libentissime
2445 3425 2610 3496 igitur
2632 3425 2908 3497 gloriabor
2940 3426 3120 3497 potius
3147 3427 3202 3482 in
3237 3427 3472 3484 inﬁrmi-

1896 3519 2098 3576 tatibus
2127 3519 2296 3590 meis,
2343 3528 2403 3574 ut
2434 3520 2698 3574 inhabitet
2729 3521 2782 3573 in
2826 3535 2914 3575 me
2955 3521 3128 3576 virtus
3169 3521 3392 3575 Christi.
3445 3540 3467 3575 ι

1894 3611 2035 3680 Quia
2080 3611 2338 3684 (;inquit)
2374 3611 2489 3666 haec
2539 3611 2744 3678 audivi,
2797 3612 2937 3679 quod
2981 3613 3224 3682 potentia
3278 3613 3371 3669 Dei
3418 3615 3473 3670 iu

1895 3703 2213 3762 inﬁrmitate
2232 3703 2535 3773 perﬁcitur.
2569 3703 2825 3771 deinceps
2843 3702 3127 3772 gloriabor
3157 3706 3209 3759 in
3237 3705 3471 3760 iaﬁrmi~

1897 3797 2097 3853 tatibus
2127 3797 2283 3852 meis.
2311 3795 2407 3852 iis
2440 3797 2584 3852 enim
2625 3811 2735 3866 quo
2760 3797 2949 3867 plures
2979 3796 3207 3862 fuerint,
3238 3813 3306 3854 eo
3339 3799 3473 3854 ube-

1895 3891 2094 3947 riorem
2146 3889 2240 3947 Dei
2281 3891 2584 3962 putentiam
2638 3890 2770 3962 mihi
2820 3891 3134 3946 conciliant.
3183 3889 3264 3947 Ne
3310 3893 3475 3961 igitur

1895 3957 2466 4052 arbitrctnini,-qttod
2513 3957 2674 4037 velt-ii
2720 3982 3080 4038 contristatus
3139 3981 3208 4036 de
3254 3957 3476 4037 stituulo

1894 4075 2057 4130 verba
2106 4074 2362 4140 fecerim;
2394 4067 2490 4128 sed
2518 4073 2708 4128 laetans
2741 4074 2922 4144 potius
2961 4088 3025 4128 ac
3051 4072 3313 4143 glorians,
3355 4081 3477 4126 tau-

1896 4181 2058 4236 quam
2083 4165 2176 4222 Dei
2203 4165 2502 4237 potentiam
2526 4162 2788 4232 majorem
2815 4165 3099 4221 attrahcns
3120 4163 3188 4220 ad
3207 4165 3474 4236 meipsum

1896 4275 1992 4330 per
2020 4259 2368 4314 :tﬂlicliottutn
2419 4259 2802 4314 ittteusionetn.
3370 4261 3381 4276 '

1969 4438 2136 4495 Vens.
2172 4437 2258 4493 ιο.
2298 4456 2318 4490 ι
2352 4437 2582 4507 Propter
2628 4437 2773 4506 quod
2819 4436 3008 4505 placeo
3042 4435 3170 4490 mihi
3219 4435 3270 4490 in
3313 4435 3470 4494 inﬁr-

1899 4532 2200 4596 mitatibus,
2226 4531 2278 4584 in
2308 4529 2676 4596 contumeliis,
2708 4530 2760 4582 in
2785 4527 3228 4589 necessitatibus,
3264 4527 3316 4582 in
3342 4543 3467 4599 per-

218 4622 371 4682 στοῦ.
439 4645 458 4679 ι
503 4623 866 4695 Ἐπεθύμουν,
905 4622 1094 4692 φησιν,
1133 4621 1206 4685 ῶς
1254 4620 1570 4692 ἄνθρωπος,
1613 4618 1793 4673 ἀπαλ-

1903 4625 2294 4686 secutionibus,
2320 4624 2370 4676 in
2391 4622 2655 4692 angustiis
2675 4636 2776 4692 pro
2795 4621 3037 4677 Christo.
3071 4638 3090 4672 ι
3121 4619 3477 4689 Expetebam.

215 4722 456 4791 λαγῆναι
487 4718 596 4771 τῶν
649 4717 876 4772 δεινῶν·
931 4715 1053 4768 ἐπεὶ
1090 4715 1146 4769 δὲ
1201 4714 1415 4784 ἤκουσα
1471 4713 1509 4767 ἃ.
1562 4713 1796 4784 ἥκουσα,

217 4813 412 4866 ἐκτοτε
437 4812 530 4864 καὶ
560 4808 852 4878 καυχῶμαι
904 4807 998 4860 καὶ
1035 4804 1262 4868 εὐδοκῶ,
1288 4804 1590 4868 τουτέστιν,
1635 4803 1802 4857 ἐπευο

219 4905 550 4975 φραίνομαι,
582 4889 923 4972 εὐχαριστῶν
949 4896 1358 4969 εύαρεστοῦμαι
1387 4897 1446 4949 ἐν
1466 4894 1800 4959 ἀσθενείαις.

220 5001 380 5056 Εἶτα.
406 4997 494 5050 ἵνα
528 4994 604 5066 μὴ
635 4993 864 5065 νομίσῃς
909 4990 1147 5061 πυρετὸν
1173 4989 1219 5022 ¹⁶
1247 4989 1344 5044 καὶ
1376 4988 1618 5042 τοιαῦτα.
1647 4988 1806 5058 νοσή-

225 5107 397 5161 ματα,
439 5085 734 5158 ἐρμηνεύει
780 5099 866 5136 σοι
915 5081 1142 5146 ταύτας,
1195 5080 1280 5134 ὅτι
1327 5079 1385 5134 αἱ
1456 5077 1666 5149 ὕϐρεις,
1706 5078 1805 5132 καὶ

219 5183 414 5244 τᾶλλα,
451 5181 588 5234 εἰσὶν
621 5179 680 5234 αἱ
705 5177 1001 5232 ἀσθένειαι.
1039 5173 1225 5228 Ταῦτα
1254 5174 1312 5227 δέ
1359 5173 1601 5234 καὶτοὺς
1640 5171 1806 5241 ψευδο

225 5273 560 5336 αποστόλους
619 5267 974 5339 καταισχύνει
1004 5268 1098 5320 ἐπὶ
1139 5269 1252 5329 τοῖς
1294 5264 1559 5326 ἐναντίοις
1589 5279 1808 5333 καυχω-

231 5370 453 5440 μένους,
485 5366 560 5428 th;
584 5361 870 5427 ἀντιθέους
895 5376 911 5391 ·
947 5359 1042 5414 καὶ
1072 5361 1197 5423 τοὺς
1243 5356 1493 5427 μαθητὰς
1539 5371 1805 5425 παραμυ·

226 5461 426 5523 θεῖται,
455 5459 544 5511 ἶνα
581 5455 656 5529 μὴ
697 5452 1137 5524 ἐπαισχύνωνται
1188 5449 1267 5521 τῷ
1300 5446 1629 5516 διδασκάλῳ,
1669 5445 1808 5499 ἀλλά

231 5552 434 5624 μᾶλλον
485 5552 580 5604 καὶ
620 5543 1167 5618 ἐγκαλλωπίζωνται,
1201 5541 1278 5606 ῶς
1324 5539 1421 5595 τοῦ
1461 5538 1598 5592 Θεοῦ
1650 5535 1810 5591 τοῦτο

229 5645 501 5711 θέλοντος,
533 5645 626 5698 καὶ
650 5642 791 5711 ὑπὲρ
829 5636 1066 5710 Χριστοῦ
1107 5635 1276 5690 όντων
1310 5633 1418 5688 τῶν
1445 5631 1732 5688 κινδύνων.

1246 5751 1278 5789 I

1896 4715 2092 4785 inquit,
2133 4713 2368 4769 hominis
2419 4714 2611 4778 instar,
2660 4727 2691 4766 a
2725 4712 2889 4767 rebus
2933 4711 3179 4766 adversis
3228 4711 3476 4776 liberari,

1897 4807 1994 4860 sed
2026 4815 2313 4874 postquam
2343 4801 2524 4858 audivi
2568 4816 2690 4872 quae
2719 4800 2922 4866 audivi,
2949 4801 3146 4856 exinde
3184 4801 3384 4870 glorior
3419 4808 3478 4854 et

1896 4896 2165 4962 oblcctor,
2191 4896 2294 4951 hoc
2323 4902 2429 4960 est,
2460 4893 2756 4955 exhilaror.
2785 4894 3207 4949 oblectationem
3236 4892 3391 4961 capio
3415 4894 3476 4948 in

1897 4985 2331 5042 inﬁrmitatibus.
2366 4983 2591 5050 Deinde,
2625 4997 2696 5039 ne
2719 4983 3002 5039 existimes
3033 4982 3254 5047 febrim,
3293 4991 3386 5036 aut
3417 4982 3473 5036 id

1897 5090 2072 5141 genus
2095 5075 2313 5130 morbos
2336 5073 2495 5141 alios,
2537 5073 2928 5144 interpretatur
2950 5072 3062 5142 ipse
3084 5071 3177 5125 tibi
3205 5070 3300 5125 has
3321 5068 3475 5125 inﬁr-

1905 5169 2145 5234 mitates,
2199 5167 2444 5224 indicans
2495 5167 2640 5238 quod
2690 5167 2801 5222 sint
2846 5164 3205 5231 contumeliae,
3264 5175 3320 5220 et
3368 5165 3475 5221 alia

1903 5259 2172 5328 quazdam,
2194 5259 2538 5316 inﬁrmitates
2559 5261 2695 5316 istae.
2719 5258 2842 5313 Haec
2863 5271 3022 5328 porro
3038 5255 3480 5326 pseudapostolos

1901 5353 2069 5408 etiam
2098 5351 2447 5422 pudefaciunt
2474 5352 2526 5406 in
2556 5350 2846 5407 contrariis
2870 5348 3186 5418 gloriantes,
3215 5356 3474 5414 tanquam

1902 5445 2016 5501 Deo
2068 5447 2371 5502 contrarios
2419 5463 2433 5499 :
2491 5459 2556 5500 ac
2601 5442 2896 5511 discipulos
2939 5440 3094 5510 juxta
3139 5441 3476 5503 consolatur,

1905 5553 1973 5594 ne
2004 5539 2243 5594 doctoris
2267 5538 2348 5593 sui
2375 5538 2595 5593 nomine
2614 5535 2961 5599 erubescant,
2979 5533 3073 5588 sed
3096 5529 3273 5603 potius
3292 5529 3477 5588 decori

1904 5632 2008 5686 hoc
2045 5631 2147 5684 sibi
2189 5630 2484 5693 ascribaut,
2530 5643 2628 5683 ceu
2679 5627 2792 5683 Deo
2832 5627 2939 5681 hoc
2981 5623 3220 5694 volente,
3279 5631 3331 5681 et
3377 5636 3480 5694 pro

1897 5723 2110 5778 Christi
2145 5723 2314 5794 gloria
2349 5722 2674 5779 instantibus
2704 5716 2988 5793 periculis.

1537 5823 1737 5887 Variae
1763 5819 2122 5918 lectioness

308 5927 354 5962 '°
380 5928 600 6001 πυρετῷ
623 5925 718 5982 καὶ
740 5923 986 5990 τοιαῦτα,
1004 5923 1201 5994 ἐρμην.
1235 5934 1290 5974 0.
