3898 6570
1346 437 1922 498 TllEOPIIYLACT-I
1979 434 2391 496 BULGARI/E
2436 434 2791 495 ARCIIIEP.
3596 433 3687 497 936

2234 565 2252 598 ι
2293 548 2464 600 Ὅταν
2506 547 2612 617 γὰρ
2672 544 2920 610 ἀσθενῶ,
2973 543 3094 598 τότε
3133 543 3358 608 δυνατός
3419 543 3554 611 εἰμι.
3589 563 3605 595 ι
3652 547 3704 600 Τί

2149 638 2488 709 θαυμάζεις,
2521 642 2569 692 εξ
2604 638 2699 692 τοῦ
2751 638 2886 692 Θεοῦ
2925 637 3217 708 ἡδύναμις
3257 637 3381 690 τότε
3420 636 3706 708 δείκνυται,

2149 733 2258 785 Καὶ
2309 732 2421 804 γὰρ
2453 735 2546 785 καὶ
2598 731 2708 798 ἐγὼ
2737 733 2858 784 τετε
2898 731 3126 793 δυνατός
3176 729 3325 800 ειμι,
3363 728 3463 798 τῆς
3509 729 3702 800 χάριτος

466 441 573 506 935

534 552 698 624 313
731 569 748 602 ι
778 549 1003 618 Quando
1030 548 1174 603 enim
1197 547 1471 612 inﬁrtnor,
1499 559 1607 604 tum
1633 560 1822 620 potens
1851 564 1992 603 sum.
2021 565 2040 598 ι
2081 552 2126 606 Α

467 643 607 715 Quid
637 643 850 698 miraris
885 642 1025 710 quod
1053 628 1141 695 Dei
1170 642 1408 711 potentia
1442 652 1552 696 tum
1595 643 1996 696 demonstretur
2021 640 2044 693 ?

471 752 592 790 nam
623 745 675 788 et
704 749 806 803 ego
837 743 948 786 tum
999 743 1193 802 potens
1249 748 1390 798 sum,
1441 733 1678 804 largiore
1732 733 1822 787 Dei
1871 733 2042 803 gratia

1476 826 1639 878 veluti
1683 842 1806 879 cum
1835 826 2042 882 carceri

2160 823 2534 893 Ξαψιλεστέρας
2568 823 2861 892 ἐπιούσης·
2891 822 3080 890 ὥσπερ
3110 823 3198 874 ὅτε
3233 819 3566 891 ὲνεκλείσθη,
3601 821 3702 875 τότε

2145 917 2236 970 τὸν
2287 917 2677 986 δεσμοφύλακα
2728 918 3069 986 κατήχησενο
3110 916 3197 968 ὅτε
3233 912 3559 983 ὲναυάγησε,
3595 915 3702 979 τοὺς

2147 1015 2205 1066 ὲν
2245 1016 2308 1083 τῇ
2341 1013 2490 1083 νήσῳ
2529 1012 2846 1083 Βαρδάρους
2878 1011 3174 1082 ἐξέπληξεν
3198 1026 3224 1066 ’.
3253 1011 3342 1064 ὅτε
3379 1009 3458 1080 τῷ
3499 1010 3700 1084 δικαστῇ

2149 1106 2400 1176 παρέστη
2444 1105 2748 1174 δεδεμένος,
2777 1105 2899 1156 τότε
2936 1103 3101 1157 αὐτοῦ
3134 1103 3228 1154 καὶ
3261 1101 3371 1154 τῶν
3403 1103 3701 1173 κατηγόρων

2148 1198 2514 1268 περιεγένετο.
2545 1197 2715 1250 Ὅταν
2758 1191 2850 1250 οὖν
2894 1196 3133 1264 ἠσθένει.
3181 1196 3482 1258 τουτέστιν,
3523 1195 3576 1245 ἐν
3607 1196 3700 1258 τοῖς

2149 1289 2411 1353 κινδύνοις
2439 1284 2528 1360 ἦν,
2555 1288 2674 1341 τότε
2699 1288 2918 1351 δυνατὸς
2945 1283 3010 1360 ἦν
3034 1289 3126 1342 καὶ
3155 1286 3430 1356 λαμπρός.

468 828 602 884 mihi
653 836 919 898 pra-septe
951 835 1005 880 et
1051 827 1340 881 assistente
1395 843 1408 880 :

466 919 712 974 inclusus
775 929 881 983 est,
935 919 1175 972 carceris
1234 918 1514 972 custodem
1571 918 1622 971 in
1669 917 1868 971 Christi
1941 917 2046 972 [ide

463 1011 698 1066 instituit
730 1023 755 1051 ι
782 1028 795 1064 :
820 1012 1037 1081 quando
1065 1011 1408 1081 naulraginm
1436 1026 1625 1081 passus
1647 1021 1749 1075 est,
1779 1010 2043 1065 insolares

463 1101 726 1157 Barbaros
748 1104 1006 1156 attonitos
1035 1102 1266 1157 reddidit
1289 1103 1314 1142 δ
1342 1121 1355 1156 :
1390 1104 1604 1171 quando
1639 1118 1822 1157 coram
1859 1103 2044 1172 judice

461 1194 514 1247 in
544 1194 777 1248 vinculis
821 1194 1029 1260 astitit,
1084 1195 1200 1264 ipso
1239 1203 1294 1248 et
1358 1195 1766 1249 accusatoribus
1796 1198 2045 1265 superior

459 1284 636 1339 tactus
673 1294 754 1338 est
777 1294 826 1338 ο.
863 1283 1090 1350 Quando
1137 1285 1299 1355 igitur
1346 1285 1598 1341 imbecilli
1634 1297 1776 1351 erat,
1809 1288 1906 1341 hoe
1937 1297 2042 1355 est,

463 1376 515 1428 in
578 1376 830 1444 periculis
895 1376 1244 1444 constitutus,
1316 1390 1426 1432 tum
1476 1387 1690 1449 potens,
1771 1377 1928 1434 fortis
1989 1389 2044 1435 et

463 1470 780 1538 splendidus
819 1479 954 1524 erat.

541 1563 704 1618 Vens.
755 1565 844 1618 Η.
889 1583 909 1616 ι
958 1564 1154 1619 Factus
1200 1581 1319 1620 sum
1372 1565 1656 1634 insipiens,
1715 1565 2042 1635 gloriando:

473 1670 566 1709 vos
633 1670 718 1710 me
782 1657 1061 1724 coegistis.
1113 1676 1132 1708 ι
1184 1655 1394 1712 Rursus
1452 1655 1822 1712 defensionem
1893 1665 2046 1726 parat

463 1749 794 1816 gloriationis
861 1763 992 1803 suae.
1040 1747 1104 1802 Et
1149 1764 1310 1818 supra
1367 1749 1612 1819 quidem,
1685 1767 1704 1800 ι
1761 1747 2042 1817 Tanquam

2160 1745 2259 1798 Καὶ
2315 1743 2574 1813 ἀνωτέρω
2638 1741 2758 1812 μὲν,
2829 1759 2848 1792 ι
2914 1737 3003 1802 Ὠς
3052 1739 3263 1807 ἄφρονα
3302 1735 3524 1802 δέξασθέ
3559 1751 3690 1803 με,ι

467 1841 831 1908 insipientem,
872 1861 892 1892 ι
931 1841 1087 1908 dixit,
1147 1861 1165 1894 ι
1205 1841 1465 1911 suscipite
1506 1858 1613 1905 me,
1663 1860 1683 1894 ι
1719 1851 1796 1905 et,
1837 1859 1854 1893 ι
1895 1839 2042 1894 Tan-

2160 1838 2334 1904 ἔλεγε·
2389 1837 2504 1899 καὶ,
2544 1854 2562 1887 ι
2623 1835 2710 1899 Ὠς
2761 1836 2818 1886 ἐν
2863 1831 3176 1904 ἀφροσύνῃ·
3227 1849 3244 1881 ι
3296 1831 3390 1883 νῦν
3429 1828 3484 1880 δὲ
3523 1827 3608 1880 καὶ
3630 1826 3696 1890 τὸ,

461 1946 623 1999 quam
683 1935 736 1984 in
806 1931 1112 2002 insipientia
1163 1948 1179 1986 :
1241 1949 1260 1983 ι
1333 1898 1478 1986 nunc
1533 1942 1714 1986 autem
1781 1931 2044 2002 particula

2160 1946 2174 1980 ι
2226 1898 2332 1990 Ὧς,
2367 1944 2387 1978 ι
2425 1898 2651 1989 ἀνελὼν,
2686 1898 3326 1992 άφροναέαυτδνῄκαλεί.
3371 1915 3582 1986 Ἐπειδὴ
3606 1918 3696 1986 γὰρ

469 2039 488 2073 ι
526 2023 807 2091 Tanquam
853 2042 871 2074 ι
949 2024 1150 2091 ablata,
1188 2025 1529 2094 insipientem
1585 2025 1824 2095 seipsum
1866 2037 2042 2080 vocat.

2160 2018 2557 2074 κατεσκεύασεν
2591 2017 2626 2071 ἃ
2665 2013 2933 2079 ἐϐούλετο,
2977 2013 3322 2084 θαρρούντως
3342 2008 3525 2062 λοιπὸν
3551 2025 3696 2060 κατα·

463 2112 599 2168 Cum
653 2117 800 2169 enim
870 2115 1212 2170 conﬁrmavit
1277 2131 1400 2186 quae
1457 2117 1648 2182 voluit,
1711 2119 2045 2174 conﬁdenter

2160 2112 2407 2182 γινώσκει
2460 2110 2554 2166 τοῦ
2601 2109 2843 2164 τοιούτου
2881 2105 3286 2177 ἐλαττώματος,
3337 2102 3599 2156 παιδεύων
3647 2103 3698 2154 ἐκ

467 2207 694 2274 posthac
737 2205 894 2260 talem
951 2206 1222 2262 defectum
1270 2208 1620 2274 condemnat,
1659 2211 1914 2264 erudiens
1949 2226 2045 2264 nos

2160 2203 2502 2278 περιουσίας,
2538 2204 2809 2274 μηδέποτε
2843 2198 3153 2272 καυχᾶσθαι
3175 2239 3190 2264 ,
3233 2197 3483 2266 ἀνάγκης
3533 2194 3603 2266 μὴ
3625 2192 3698 2247 οὔ·

465 2298 700 2365 ahunde,
759 2314 825 2353 ne
883 2315 1118 2368 unquam
1186 2302 1304 2356 sine
1355 2303 1679 2358 necessitate
1728 2301 2043 2373 gloriemur,

2160 2316 2281 2369 της·
2325 2297 2460 2351 ὅπου
2489 2313 2556 2365 γε
2591 2296 2686 2349 καὶ
2730 2295 2977 2365 ἀνάγκης
3007 2290 3192 2361 οὔσης,
3222 2289 3432 2360 ἄφρονα
3464 2284 3640 2340 ἑαυτὸν
3676 2286 3697 2337 ὀ

466 2390 930 2460 quandoquidem,
1001 2403 1230 2464 urgente
1295 2397 1638 2460 necessitate,
1706 2396 2043 2464 insipientem

2160 2390 2360 2453 Παῦλος
2389 2390 2564 2443 καλεῖ.
2603 2407 2621 2441 ι
2665 2387 2986 2458 Ὑμεῖς⁶γάρ
3015 2402 3080 2456 με
3106 2383 3481 2455 ἠναγκάσατε·
3515 2399 3534 2431 ι
3573 2394 3697 2431 τουτσ

466 2500 586 2539 sese
639 2485 836 2540 Paulus
875 2487 1124 2557 appellet.
1171 2506 1190 2539 ι
1239 2485 1344 2544 Vos
1391 2489 1536 2543 enim
1575 2505 1659 2542 me
1703 2491 1982 2560 coegistis,
2017 2507 2036 2540 ι

2160 2485 2284 2548 ἐστι,
2321 2481 2635 2552 Κηδόμενος
2681 2481 2778 2550 τῆς
2817 2479 2972 2548 ὑμῶν
3007 2475 3280 2547 σωτηρίας
3328 2473 3504 2528 ταῦτα
3551 2466 3694 2536 εἶπον,

468 2577 572 2631 hoc
615 2589 718 2639 est,
759 2579 962 2634 Vestrae
999 2579 1184 2635 salutis
1221 2581 1482 2636 rationem
1525 2581 1731 2636 habens
1765 2584 1879 2636 haec
1913 2583 2044 2649 dixi,

2160 2576 2338 2646 ἐπειδὴ
2378 2575 2568 2645 ἑώρων
2607 2576 2690 2628 ὅτι
2724 2574 2772 2625 οἱ
2813 2568 3238 2640 ψευδαπόστολοι
3285 2569 3350 2621 ὲκ
3401 2564 3495 2619 τοῦ
3526 2565 3696 2634 καυχᾶο

465 2684 586 2720 ‹-ιιιιι
637 2669 878 2723 viderem
929 2671 1072 2738 quod
1120 2671 1517 2740 pseudapostoli
1569 2685 1664 2740 per
1723 2669 2042 2740 iactantiam

2160 2667 2275 2722 τθαι
2326 2667 2733 2736 διαψθείρουσιν
2772 2664 2916 2735 ὑμᾶς
2972 2663 3339 2731 προσέχοντας
3391 2659 3602 2720 αὐτοῖς·
3643 2653 3695 2708 δι’

465 2775 616 2812 suam
672 2776 766 2815 vos
837 2761 968 2830 ipsis
1036 2763 1378 2818 attendentes
1454 2775 1830 2834 corrumpunt.
1894 2763 2044 2820 llauc

2160 2761 2280 2817 ιύτὺ
2323 2760 2483 2814 τοῦτο
2534 2758 2760 2829 εἱλόμην
2804 2755 2898 2811 οὖν
2939 2756 3035 2808 καὶ
3065 2753 3230 2818 αὐτὸς
3266 2752 3445 2806 είπεῐν
3485 2766 3539 2803 τι
3580 2745 3697 2816 ὑπὲρ

2223 1579 2242 1612 ι
2276 1559 2479 1627 Γέγονα
2513 1557 2702 1627 ἄφρων
2734 1553 3085 1625 καυχώμενος
3105 1569 3116 1581 ·
3161 1553 3320 1624 ὑμεῖς
3372 1568 3440 1621 με
3472 1550 3699 1620 ἡναγκά-

2151 1667 2299 1704 σατε.
2338 1669 2357 1702 ι
2412 1649 2581 1703 Πάλιν
2625 1648 2978 1715 ἀπολογεῖται
3026 1645 3165 1713 ὑπὲρ
3221 1644 3320 1714 τῆς
3380 1642 3695 1712 καυχήσεως.

469 2850 634 2919 igitur
675 2852 743 2906 ob
802 2868 914 2907 rem
971 2853 1114 2914 volui
1163 2862 1220 2908 et
1272 2855 1384 2925 ipse
1432 2855 1616 2910 dicere
1664 2856 1919 2926 quiddam
1975 2859 2042 2914 de

469 2945 700 3013 incipso,
736 2945 786 2998 in
819 2947 981 3001 vestri
1010 2948 1263 3018 gratiam.

545 3052 564 3084 ι
624 3035 733 3104 Ego
782 3037 928 3090 enim
971 3037 1231 3094 debebam
1291 3055 1322 3094 a
1373 3039 1527 3096 vobis
1574 3043 1963 3098 commendari.
2019 3059 2039 3095 ι

451 3125 573 3181 'Par
627 3138 764 3194 erat,
805 3129 1000 3198 inquit,
1051 3143 1109 3186 ut
1147 3147 1240 3189 vos
1279 3149 1397 3189 mea
1451 3137 1631 3205 potius
1684 3137 2042 3192 recenseretis

2147 2851 2386 2927 ἐμαυτοῦ
2417 2850 2483 2907 δι’
2516 2851 2682 2923 ὑμᾶς.

2223 3055 2242 3089 ι
2300 3033 2444 3104 Ἐγὼ
2493 3031 2603 3103 γὰρ
2654 3028 2884 3099 ὤφειλον
2935 3027 3027 3098 ὑφ’
3086 3025 3240 3096 ὑμῶν
3297 3022 3689 3078 συνίστασθαι.»

2152 3128 2320 3194 Ἔδει,
2355 3126 2544 3198 φησὶν,
2578 3125 2722 3194 ὑμᾶς
2769 3122 2968 3192 μᾶλλον
2997 3118 3067 3172 τά
3115 3118 3224 3188 ἐμά
3252 3116 3588 3182 καταλέγειν,
3620 3109 3693 3166 καὶ

468 3219 1033 3293 depimdicaretisqne.
1073 3225 1208 3291 Quia
1267 3242 1395 3284 vero
1432 3227 1482 3282 id
1519 3243 1627 3283 non
1677 3229 1907 3296 fecistis,
1945 3230 2040 3285 sed

2160 3221 2421 3291 εὐφημεῖν
2445 3234 2459 3247 ·
2491 3216 2615 3270 ἐπεὶ
2645 3214 2702 3268 δὲ
2736 3215 2892 3267 τοῦτο
2920 3212 3021 3265 οὐκ
3065 3211 3381 3279 ἐποιήσατε.
3417 3205 3528 3260 ἀλλ’
3572 3201 3691 3256 ὲκεί-

468 3311 577 3366 illis
628 3325 860 3368 mentem
921 3317 1676 3393 adhibuistis,icorruptique
1712 3321 1869 3388 estis,
1932 3323 2047 3378 haec

469 3403 659 3458 salutis
688 3416 880 3460 vestra:
905 3421 1066 3461 causa
1087 3408 1223 3464 dixi.

551 3515 569 3548 ι
605 3495 747 3551 Nihil
794 3501 937 3552 enim
989 3500 1213 3555 inferior
1259 3501 1330 3558 l‘ui
1383 3503 1452 3559 iis
1495 3505 1586 3575 qui
1618 3521 1782 3576 supra
1829 3507 2045 3562 modum

469 3599 595 3644 sunt
647 3579 897 3659 a‘postoli,
947 3593 1048 3647 etsi
1097 3594 1227 3648 nihil
1275 3597 1398 3649 sim.
1432 3615 1450 3648 ι
1489 3597 1660 3668 Supra
1710 3613 1832 3653 cum
1872 3601 2048 3656 ambi-

467 3683 671 3750 guitate
716 3684 977 3738 nonnulla
1018 3685 1200 3743 dixit:
1243 3707 1261 3740 ι
1296 3689 1558 3746 Existimo
1587 3693 1730 3748 enim
1787 3711 1873 3750 me
1900 3699 2045 3754 nulla

470 3773 523 3826 in
551 3789 607 3827 re
635 3774 942 3832 inferiorem
968 3776 1134 3834 fuisse
1155 3776 1180 3816 δ
1209 3797 1224 3846 ;
1264 3800 1282 3832 ι
1320 3799 1462 3838 nunc
1492 3791 1669 3840 autem
1701 3787 1889 3857 majori
1921 3806 2043 3845 cum

468 3870 793 3923 auctoritate
849 3871 1004 3936 dixit,
1043 3890 1062 3923 ‹
1107 3872 1247 3928 Nihil
1279 3874 1508 3964 inferior
1546 3895 1687 3947 sum,
1731 3899 1750 3933 ι
1809 3884 1910 3938 hoc
1963 3896 2047 3941 est

470 3955 587 4011 Non
623 3973 740 4012 smn
774 3963 1150 4028 postferendus
1190 3955 1404 4036 magnis
1437 3968 1542 4024 illis
1572 3971 1850 4040 apostolis,
1884 3973 2044 4030 Petro

465 4060 520 4101 et
545 4048 708 4102 Petro
730 4051 1018 4107 sitnilibus.
1041 4051 1422 4111 Verumtamen
1448 4059 1534 4114 hic
1561 4065 1791 4130 pr0priae
1812 4078 2045 4119 consue-

468 4142 666 4196 tudinis
705 4159 808 4197 uon
843 4155 928 4199 est
955 4147 1174 4213 oblitus,
1207 4153 1303 4204 sed
1349 4152 1636 4208 subintulit
1670 4173 1682 4210 :
1716 4175 1733 4208 ι
1768 4157 1876 4210 Etsi
1907 4159 2040 4212 nihil

467 4234 588 4288 sim.
625 4253 642 4286 ι
681 4237 1062 4295 Animadverte
1109 4252 1287 4297 autem
1335 4243 1451 4313 ejus
1509 4250 1869 4317 prudentiam.
1920 4250 2040 4307 Non

468 4327 610 4379 enim
667 4344 826 4398 porro
879 4334 1307 4403 pseudapostolis
1363 4339 1602 4408 seipsum
1671 4343 1898 4406 confert,
1945 4347 2041 4398 sed

468 4417 607 4470 nulla
648 4419 859 4474 illorum
901 4424 1082 4478 habita
1138 4427 1366 4492 ratione,
1403 4431 1482 4484 vel
1515 4433 1644 4500 ipsis
1675 4435 1932 4502 apostolis
1983 4452 2040 4491 se

468 4525 648 4578 parem
683 4527 808 4567 esse
863 4517 1072 4580 statuit,
1107 4521 1304 4590 quippe
1349 4525 1441 4590 qui
1492 4523 1610 4578 illos
1643 4539 1832 4580 omnes
1883 4526 2036 4583 facile

466 4609 703 4666 superet.
744 4601 918 4658 Simul
954 4617 1133 4662 autem
1169 4610 1366 4675 innuit,
1406 4622 1547 4682 quod
1599 4601 1871 4683 aposnilos
1903 4635 2036 4671 t'on-

468 4692 684 4746 tumelia
713 4695 949 4752 alliciant
980 4699 1271 4770 Corinthii,
1308 4707 1520 4761 quando
1559 4710 1819 4777 apostolis
1854 4724 2036 4780 parem

468 4795 793 4852 poSIpOItant
826 4791 1278 4859 pseudapostolis.

2152 3331 2265 3377 νοις
2305 3311 2629 3383 προσείχετε
2674 3308 2768 3362 καὶ
2805 3304 3200 3375 διεφθείρεσθε,
3246 3297 3401 3355 εἷπον
3429 3298 3590 3355 ταῦτα
3621 3294 3693 3348 διὰ

2149 3407 2251 3478 τὴν
2285 3405 2442 3475 ὑμῶν
2469 3401 2762 3474 σωτηρίαν.

2227 3517 2246 3552 ι
2287 3497 2456 3552 Οὐδὲν
2485 3495 2594 3567 γὰρ
2627 3495 2902 3565 ὑστέρησα
2936 3491 3043 3546 τῶν
3075 3489 3214 3560 ὑπὲρ
3245 3488 3368 3541 λίαν
3397 3486 3689 3550 ἀποστόλων,

2151 3597 2200 3658 εἰ
2234 3591 2332 3646 καὶ
2372 3590 2526 3645 οὐδέν
2583 3591 2721 3658 είμι.
2765 3606 2784 3638 ι
2852 3585 3139 3655 Ἀνωτέρω
3195 3583 3298 3653 μὲν
3334 3580 3468 3650 μετὰ
3517 3577 3687 3631 ἐνδοια-

2151 3686 2314 3757 σμοῦ,
2352 3703 2372 3737 ι
2411 3681 2713 3751 Λογίζομαι
2759 3679 2890 3749 γὰρ,
2933 3697 2951 3730 ι
3005 3675 3162 3746 φησὶ,
3223 3693 3241 3726 ι
3285 3673 3451 3743 μηδὲν
3495 3671 3688 3738 ύστερτΓ

2149 3780 2338 3834 κέναι’
2385 3796 2404 3830 ι
2444 3776 2540 3829 νῦν
2569 3775 2624 3828 δὲ
2661 3772 3215 3839 ὲξουσιαστικώτερον
3248 3763 3421 3829 εἷπεν,
3456 3765 3531 3816 ὅτι
3562 3780 3578 3812 ι
3609 3759 3687 3811 Οὐ·

2148 3874 2235 3928 δὲν
2267 3869 2546 3941 ὑστέρησα
2566 3885 2582 3900 ·
2637 3885 2656 3918 ι
2691 3865 2994 3926 τουτέστιν,
3046 3862 3122 3915 Οὐ
3161 3859 3392 3913 κατόπιν
3421 3852 3574 3927 ἦλθον
3602 3850 3686 3903 τῶν

2151 3963 2406 4035 μεγάλων
2438 3958 2755 4016 ἀποστόλων
2781 3956 2890 4008 τῶν
2921 3955 3049 4024 περὶ⁸
3079 3953 3305 4021 Πέτρον.
3331 3949 3475 4016 Πλὴν
3503 3947 3586 4000 καὶ
3617 3944 3686 3996 ὲν-

2147 4058 2324 4112 ταῦθα
2352 4055 2445 4109 τοῦ
2477 4053 2678 4108 οἰκείου
2710 4051 2866 4114 ἔθους
2898 4050 2999 4102 οὐκ
3031 4047 3409 4114 ἐπιλέλησται,
3476 4040 3578 4097 ἀλλ’
3615 4040 3685 4090 ἑπ-

2146 4152 2386 4221 ήγαγενο
2435 4167 2453 4199 ι
2483 4147 2544 4200 El
2577 4146 2673 4200 καὶ
2719 4144 2872 4198 οὐδέν
2895 4144 3029 4212 εἰμι.
3064 4160 3083 4193 ι
3108 4141 3250 4208 Ὅρα
3270 4140 3328 4192 δὲ
3348 4139 3446 4209 τὴν
3485 4135 3683 4189 σύνεσιν.

2145 4243 2348 4297 Οὐκέτι
2375 4241 2484 4313 γὰρ
2531 4241 2644 4303 τοῖς
2684 4235 3141 4308 ψευδαποστόλοις
3180 4233 3376 4286 ἑαυτὸν
3420 4226 3678 4313 συγκρίνει.

2145 4336 2280 4389 ἀλλὰ
2300 4311 2522 4395 τούτους
2558 4331 2678 4384 οὐδὲ
2732 4330 2891 4392 λόγου
2916 4327 3103 4392 ἀξιῶν,
3129 4328 3241 4387 τοῖς
3265 4322 3566 4380 ἀποστόλοις
3589 4311 3679 4375 ἶσος

2145 4424 2285 4482 εἷναι
2313 4424 2740 4483 διαϐεϐαιοῦται,
2770 4424 2834 4474 ὲκ
2865 4421 3186 4489 περιουσίας
3239 4419 3453 4478 πάντως
3478 4407 3675 4481 κρατῶν·

2150 4521 2266 4589 ἅμα
2292 4519 2348 4572 δὲ
2378 4517 2613 4581 δεικνὺς,
2648 4516 2729 4568 ὅτι
2763 4515 2859 4568 καὶ
2887 4514 3014 4576 τοὺς
3042 4511 3374 4572 ἀποστόλους
3413 4503 3678 4572 ὑϐρίζουσιν

2147 4617 2195 4668 oi
2225 4613 2525 4683 Κορίνθιοι,
2547 4611 2674 4663 ὅταν
2702 4609 2792 4660 τὸν
2813 4605 2933 4661 ἴσον
2958 4607 2998 4638 ¹¹
3025 4605 3204 4659 αὐτῶν
3236 4606 3293 4658 ἐν
3317 4601 3572 4671 δευτέροις
3592 4595 3676 4647 τῶν

2143 4706 2598 4779 ψευδαποστόλων
2637 4703 2825 4773 ἔχωσι.

542 4874 700 4931 Vens.
750 4879 838 4935 12.
881 4901 900 4933 ς
959 4883 1122 4954 Signa
1182 4888 1398 4956 quidem
1450 4892 1678 4959 apostoli
1730 4893 1872 4949 facta
1917 4905 2045 4952 sunt

2218 4913 2237 4946 ι
2281 4892 2362 4947 Τά
2404 4891 2502 4962 μὲν
2535 4890 2736 4959 σημεῖα
2758 4886 2852 4940 τοῦ
2912 4884 3210 4956 ἀποστόλου
3254 4876 3602 4952 κατειργάσθη
3633 4875 3676 4925 ἐν

467 4965 524 5020 in
557 4972 726 5024 vobis.
756 4991 776 5023 ι
814 4971 925 5043 Ego
954 4975 1196 5044 quidem,
1245 4981 1440 5051 inquit,
1478 4985 1611 5036 nihil
1649 4999 1767 5038 sum
1804 5006 1816 5039 :
1856 5003 2042 5042 verum

2160 4987 2294 5057 ipiv.
2333 5002 2352 5037 ι
2415 4980 2556 5051 Ἐγὼ
2607 4980 2728 5050 μὲν,
2781 4980 2970 5048 φησὶν,
3010 4977 3163 5029 οὐδέν
3214 4977 3374 5044 εἰμι’
3424 4974 3482 5026 σὺ
3523 4970 3572 5023 δὲ
3617 4969 3674 5034 μὴ

467 5071 522 5117 tu
555 5063 692 5118 istud
731 5080 835 5120 non
863 5069 1113 5137 aspicias,
1163 5071 1258 5126 sed
1304 5073 1697 5141 animadverte,
1731 5077 1872 5146 quod
1909 5080 2043 5134 nihil

2160 5078 2303 5132 τοῦτο
2350 5077 2486 5148 ἴδῃς,
2531 5073 2669 5126 ἀλλὰ
2711 5072 2949 5142 πρόσεχε
2996 5071 3078 5122 ὅτι
3115 5068 3270 5121 οὐδὲν
3322 5067 3551 5119 ἐνέλιπον
3590 5060 3673 5110 τὼν

466 5157 742 5210 omiserim
781 5173 968 5213 eorum
1006 5176 1126 5229 qua:
1149 5179 1335 5218 verum
1367 5167 1675 5235 exprimant
1704 5171 2035 5238 apostolum.

2160 5167 2658 5242 ίαρακτηριζόντων
2708 5163 3095 5218 ἀπόστολον¹¹.
3157 5161 3352 5231 Ὑμεῖς
3410 5159 3508 5228 γὰρ
3556 5154 3666 5224 μάρο

464 5245 571 5300 Vos
609 5249 751 5302 enim
815 5251 946 5305 mihi
986 5255 1362 5310 testimonium
1402 5257 1616 5327 dicetis,
1669 5262 1810 5332 quod
1856 5266 2037 5318 omnia

2160 5279 2301 5334 ;υρες
2324 5262 2405 5314 ὅτι
2433 5260 2612 5312 πάντα
2643 5256 2894 5329 ἐποίησα.

462 5338 800 5408 per-fecerim.

540 5447 562 5482 ο
599 5428 654 5482 lu
683 5433 826 5484 oumi
869 5435 1152 5503 patientia.
1191 5456 1210 5491 ι
1248 5437 1466 5496 Primus
1491 5444 1777 5500 character
1807 5448 2035 5516 apostoli

2213 5467 2232 5500 ι
2282 5447 2373 5501 Ἐν
2422 5442 2575 5514 πάσῃ
2616 5441 2886 5510 ὑπομονῇ.
2930 5457 2950 5491 ι
2992 5436 3215 5507 Πρῶτος
3262 5431 3531 5506 χαρακτὴρ
3557 5426 3661 5516 ᾄττο-

459 5532 543 5580 est
575 5521 854 5590 patientia,
891 5541 952 5582 ac
973 5528 1152 5582 omnia
1181 5539 1401 5588 strenue
1432 5533 1592 5590 ferre.
1639 5539 1744 5594 Sed
1780 5515 1896 5594 vide
1919 5541 2036 5610 ejus

2160 5540 2328 5595 πτόλου
2369 5539 2403 5609 ἡ
2434 5533 2683 5606 ὑπομονὴ
2705 5571 2720 5598 ,
2762 5535 2858 5585 καὶ
2895 5529 2955 5583 τὸ
2984 5530 3161 5583 πάντα
3207 5527 3395 5598 φέρειν
3426 5515 3654 5592 γενναίωςο

565 5696 596 5728 ι
623 5687 746 5746 Act.
779 5707 892 5756 xvr,
926 5691 1014 5746 51.
1166 5696 1194 5734 b
1224 5697 1342 5751 Act.
1396 5711 1614 5773 χχνιιιη
1655 5699 1709 5752 7.
1822 5711 1844 5736 υ
1913 5702 2037 5756 Act.

2160 5717 2224 5767 γι,
2253 5704 2342 5756 51.
2488 5699 2513 5740 ά
2540 5697 2716 5768 Supra
2769 5711 2846 5761 ιι,
2879 5693 2934 5749 5.

1771 5814 1968 5877 Variae
2001 5815 2332 5877 lectiones.

531 5907 577 5943 ¹¹
603 5907 727 5965 ὅσον
761 5926 814 5967 0.
899 5915 938 5946 ¹²
973 5916 1100 5978 τοὺς
1135 5915 1474 5980 ἀποστόλους
1506 5932 1560 5971 ο.
