3898 6584
193 419 300 484 031
963 419 1362 482 EXPOSITIO
1401 421 1483 483 IN
1515 419 1749 482 EPIST.
1789 420 1851 481 II
1889 420 1990 482 AD
2028 414 2290 488 conj—
2326 420 2483 484 CAP.
2512 407 2647 482 XII.

3345 423 3451 488 938

202 531 341 601 Ὅρα
387 531 444 584 δὲ
491 529 588 592 τὴν
637 533 1176 604 ταπεινοφροσύνην,
1226 535 1426 598 πόσους
1462 535 1770 600 κινδύνους,

1899 513 2262 600 tumilitatem,
2325 545 2524 606 quanta
2581 533 2747 608 31E.
2813 535 3072 606 pericula,
3139 550 3454 610 quantaque

204 624 402 684 πόσους
427 622 718 691 πολέμους,
745 625 848 677 τῶν
873 625 1001 685 ἔσω,
1022 625 1128 678 τῶν
1151 626 1276 693 ἔξω,
1303 628 1391 680 διὰ
1421 629 1546 698 μιᾶς
1571 627 1774 697 ταύτης

199 718 398 783 λέξεως
439 721 786 791 αἰνιξάμενος
822 719 1195 790 παρέδραμεν.
1232 721 1296 773 Ὃ
1328 722 1426 790 μὲν
1459 721 1566 791 γὰρ
1595 717 1663 791 ἦν
1686 721 1778 773 αὑ-

199 815 286 867 τοῦ
317 817 677 888 κατόρθωμα,
703 816 801 887 τὴν
826 817 1106 887 ὑπομονήν
1132 834 1297 887 φημι,
1327 819 1425 888 μιᾷ
1446 817 1589 883 λέξει
1621 816 1772 870 εἴπεο

197 910 262 960 τὰ
286 909 345 962 δὲ
368 911 479 961 τῶν
523 912 790 982 σημείων,
822 910 967 980 ἅπερ
1005 912 1106 964 οὐκ
1132 907 1200 982 ἦν
1232 911 1423 975 αὑτοῦ,
1455 910 1591 964 ἀλλὰ
1611 911 1772 983 χάρι-

196 1014 284 1062 τος
316 1001 419 1068 τῆς
455 999 546 1054 τοῦ
579 999 754 1065 Θεοῦ,
799 999 890 1054 διὰ
954 999 1215 1053 πλειόνων
1269 1000 1598 1071 ἐξηγήσατο.
1661 999 1772 1053 Καὶ

196 1093 386 1146 ἄκουε.

264 1204 284 1236 r
339 1186 433 1238 Ἐν
481 1186 728 1258 σημείοις
780 1187 874 1240 καὶ
926 1187 1120 1262 τέρασι
1173 1187 1267 1241 καὶ
1312 1186 1598 1258 δυνάμεσι.
1649 1205 1667 1239 ι
1708 1187 1773 1239 Τί

191 1276 448 1348 διαφέρει
491 1281 719 1350 σημεῖον
751 1279 998 1350 τέρατος,
1025 1278 1245 1350 εἴρηται
1276 1277 1533 1348 ἀλλαχοῦ.
1565 1278 1685 1333 Ἵνα
1719 1277 1777 1331 δὲ

195 1369 265 1438 μὴ
301 1372 509 1443 νομίσῃ
556 1389 640 1436 τις
675 1373 760 1425 ὅτι
798 1372 974 1427 ταῦτα
1004 1373 1097 1425 ἐπὶ
1136 1372 1230 1425 τοῦ
1261 1373 1569 1442 εὐεργετεῖν
1618 1373 1778 1442 μόνον

133 1455 146 1462 ’
190 1463 440 1532 εἴρηται,
471 1464 781 1536 προσέθηκε
804 1465 848 1496 ¹’
879 1465 972 1518 καὶ
1007 1465 1068 1517 τὸ
1106 1483 1124 1516 ι
1161 1463 1486 1534 Δυνάμεσιν.
1525 1482 1544 1516 ι
1594 1463 1659 1518 Ἦ
1686 1462 1778 1517 δύ-

191 1574 362 1626 ναμις
427 1557 536 1627 γὰρ
579 1559 987 1630 ἐμφανέστερον
1025 1558 1120 1612 καὶ
1167 1557 1228 1610 τὸ
1267 1557 1586 1612 κολαστικὸν
1639 1553 1779 1621 εἶδος

188 1647 364 1716 δηλοῖ.
418 1650 558 1720 Ὅρα
594 1649 650 1702 δὲ
691 1651 786 1704 καὶ
832 1650 1072 1704 ἐνταῦθα
1131 1650 1330 1714 πόσους
1381 1651 1628 1720 νεκροὺς,
1687 1650 1776 1701 λε·

190 1742 388 1809 προὺς,
433 1741 698 1810 τυφλοὺς,
749 1743 1165 1811 δαιμονιῶντας,
1223 1743 1430 1806 πάντας
1478 1743 1777 1814 εὐεργετη-

189 1831 408 1897 θέντας,
440 1834 626 1898 ἀπλῶς
670 1835 1027 1906 περιέλαϐενο
1073 1835 1332 1901 ὡσαύτως
1375 1836 1468 1890 καὶ
1508 1837 1635 1900 τοὺς
1674 1854 1778 1890 σω-

189 1924 610 1994 φρονισθέντας,
634 1921 746 1990 οἷος
777 1929 804 1980 ὁ
839 1925 1094 2006 Ἐλύμας.

258 2126 279 2159 ι
325 2108 393 2160 Ti
435 2110 542 2179 γάρ
583 2110 729 2163 ἐστιν
755 2108 782 2161 ὃ
813 2108 1083 2181 ἡττήθητε
1119 2109 1260 2177 ὑπὲρ
1287 2107 1386 2172 τὰς
1417 2109 1606 2174 λοιπὰς
1655 2110 1777 2163 Ἐκο

185 2202 465 2270 κλησὶαςς
513 2220 532 2253 ι
566 2201 684 2254 Ἵνα
733 2201 807 2272 μή
860 2219 942 2266 τις
990 2201 1142 2273 εἴπῃ,
1195 2202 1278 2255 ὅτι
1330 2203 1521 2270 Μέγας
1561 2201 1664 2272 μὲν
1704 2199 1775 2269 εἷ,

185 2293 340 2360 ὅμως
372 2293 436 2344 οὑ
459 2293 695 2345 τοσαῦτα
723 2293 986 2362 εἰργάσω,
1019 2295 1120 2346 ὅσα
1155 2293 1206 2346 οἱ
1245 2293 1535 2346 ἀπόστολοι
1570 2296 1628 2346 ὲν
1657 2297 1780 2359 ταῖς

183 2382 384 2446 ἄλλαις
424 2383 807 2454 Ἐκιιλησῖαις,
854 2383 1020 2455 φησι·
1074 2403 1093 2436 ι
1128 2383 1191 2436 Τί
1233 2385 1538 2456 ήττήΘητες
1575 2404 1592 2436 ι
1627 2403 1784 2439 τουτ-

187 2476 331 2536 έστι,
370 2477 439 2529 Ti
483 2476 701 2531 ἔλαττον
746 2478 972 2548 ἕσχετες
1010 2477 1084 2549 μὴ
1125 2476 1404 2541 ἐλάττονος
1435 2479 1655 2548 ἐτύχετε
1685 2496 1782 2550 χα-

187 2566 466 2635 ρίσματος
496 2569 643 2637 παρὰ
675 2567 802 2630 τοὺς
829 2567 1084 2632 λοιπούς;

262 2676 283 2710 ι
346 2659 413 2711 Ei
460 2659 534 2729 μὴ
585 2661 669 2713 ὅτι
720 2661 882 2724 αὐτὸς
925 2659 1035 2729 ἐγὼ
1063 2662 1124 2715 οὐ
1175 2661 1559 2733 κατενάρκησα
1591 2661 1779 2730 optim;

183 2749 503 2820 χαρίσασθέ
546 2769 635 2820 μοι
661 2751 758 2822 τὴν
789 2752 1008 2808 ἀδικίαν
1039 2753 1262 2824 ταύτην.
1301 2771 1319 2805 ι
1364 2754 1520 2807 Μετὰ
1545 2754 1783 2827 βαρύτη-

182 2858 274 2906 τος
312 2835 520 2914 πολλῆς
556 2845 806 2915 ἐπιτιμᾷ,
856 2846 951 2898 καί
985 2864 1170 2916 φησιν,
1206 2848 1287 2900 ὅτι
1321 2849 1383 2901 Ei
1417 2847 1577 2901 τοῦτο
1613 2849 1783 2917 ἐγκα-

183 2934 362 2996 λεῖτε,
391 2935 474 2988 ὃτι
501 2936 598 2988 οὒκ
622 2935 942 3006 ὲπεϐάρησα
983 2937 1148 3006 ὑμᾶς,
1180 2937 1298 2992 ἀλλ’
1330 2938 1624 3003 ἀδαπάνως
1656 2941 1786 3010 ὑμῖν

183 3028 469 3100 ὲκήρυξα,
509 3028 840 3100 συγγνώμην
869 3031 1039 3084 αἰτῶο
1073 3031 1374 3101 χαρίσασθέ
1409 3050 1498 3102 μοι
1530 3032 1686 3086 τοῦτο
1722 3032 1784 3086 τὸ

181 3121 547 3192 ἁμάρτημαο
582 3121 702 3192 ἅμα
741 3122 800 3175 δὲ
831 3124 927 3175 καὶ
958 3125 1232 3194 ἐγκώμιον
1266 3125 1492 3178 ἐκείνων
1533 3126 1785 3196 περιέχει

183 3211 211 3263 ὁ
241 3213 441 3280 λόγος,
488 3213 541 3265 εῐ
568 3229 630 3280 γε
678 3213 986 3268 ἀδικεῖσθαι
1017 3214 1298 3283 νομίζουσι
1339 3217 1471 3286 παρ’
1511 3215 1677 3268 αὐτοῦ
1709 3215 1784 3289 μὴ

182 3304 534 3369 ἀξιώσαντος
565 3305 752 3359 λαϐεῖν
781 3323 834 3358 τι
866 3304 998 3376 παρ’
1025 3293 1254 3358 αὐτῶν.⁸

263 3417 287 3450 ε
350 3399 484 3452 Ἰδοὺ
535 3401 720 3472 τρίτον
767 3400 927 3453 τοῦτο
977 3401 1211 3470 ἑτοίμως
1259 3400 1368 3473 ἔχω
1414 3399 1590 3454 ὲλΘεῖν
1646 3401 1781 3471 πρὸς

185 3489 368 3558 ὑμᾶς,
407 3492 500 3544 καὶ
530 3492 590 3543 οὐ
628 3495 1034 3564 καταναρκήσω
1075 3495 1262 3566 ὑμῶν·
1297 3495 1356 3547 οὐ
1398 3493 1506 3563 γὰρ
1537 3493 1683 3565 ζητῶ
1715 3495 1785 3548 τὰ

186 3585 382 3654 ὑμῶν,
417 3584 531 3637 ἀλλ’
565 3586 730 3656 ὑμᾶς.
759 3587 874 3640 Ἵνα
906 3588 981 3658 μὴ
1025 3588 1152 3660 δόξῃ
1184 3586 1426 3656 συνεχῶς
1455 3586 1617 3639 τοῦτο
1649 3603 1782 3656 προς

187 3679 392 3748 φέρειν
439 3677 643 3742 αὐτοῖς,
675 3679 750 3740 ὼς
784 3679 848 3732 ἂν
880 3681 988 3732 ἀπό
1027 3697 1091 3746 γε
1123 3681 1214 3734 τοῦ
1246 3680 1340 3733 νῦν
1382 3679 1556 3742 λάϐοι,
1593 3680 1779 3748 φησὶν,

185 3772 272 3823 δτι
323 3769 440 3823 Οὐκ
476 3770 665 3841 ἐπειδὴ
707 3772 768 3824 οὐ
816 3770 1103 3842 λαμϐάνω,
1134 3773 1223 3826 διὰ
1264 3772 1422 3825 τοῦτο
1451 3773 1510 3825 οὐ
1542 3771 1782 3842 παραγί-

187 3877 390 3930 νομαι,
423 3859 558 3914 ἀλλά
598 3862 693 3913 καὶ
725 3859 977 3931 δεύτερον
1019 3863 1424 3932 παρεγενόμην,
1461 3861 1555 3914 καὶ
1602 3859 1783 3931 τρίτον

188 3951 664 4022 παρεσκεύασμαι
689 3953 732 3983 ¹⁸
759 3953 953 4019 ἐλθεῖν,
1003 3956 1098 4007 καὶ
1131 3955 1230 4006 οὐκ
1261 3954 1584 4023 ὲπιϐαρήσω
1613 3952 1782 4022 ὑμᾶς.

189 4043 301 4095 Διὰ
337 4043 418 4107 τί;
451 4045 564 4114 uox
611 4044 694 4096 δτι
722 4044 1040 4115 πλήττεσθε,
1083 4045 1193 4097 οὐδ’
1221 4045 1302 4097 ὅτι
1331 4044 1630 4108 άσθενεῖτε,
1666 4042 1782 4096 ἀλλ’

189 4136 276 4187 δτι
310 4134 456 4202 ὑμᾶς
487 4133 658 4202 ζητῶ,
689 4136 750 4188 οὐ
779 4135 847 4189 τὰ
896 4136 1072 4205 ὑμῶν,
1121 4136 1388 4201 τουτέστι,
1423 4137 1535 4205 Τὴν
1588 4133 1781 4204 ὑμετέ-

197 4227 308 4295 ράν
350 4225 628 4296 σωτηρίαν
659 4227 752 4279 καὶ
785 4226 881 4290 τὰς
911 4225 1110 4296 ψυχὰς,
1138 4226 1199 4278 οὑ
1231 4227 1299 4280 τὰ
1326 4227 1585 4297 χρήματα
1607 4226 1674 4279 ³⁵.

273 4426 296 4459 c
334 4407 411 4460 Οὐ
443 4407 552 4478 γὰρ
586 4408 793 4477 ὀφείλει
823 4408 890 4462 τὰ
920 4409 1086 4462 τέκνα
1128 4411 1240 4472 τοῖς
1278 4408 1494 4478 γονεῦσι
1523 4410 1786 4481 θησαυρί-

198 4493 344 4556 ζειν,
379 4499 494 4552 ἀλλ’
524 4501 573 4552 οἱ
605 4503 781 4568 γονεῖς
819 4502 931 4563 τοῖς
963 4502 1191 4564 τέκνοις.
1230 4519 1249 4554 ι
1290 4502 1506 4573 Ἐπειδὴ
1539 4502 1683 4565 εἰκὸς
1716 4497 1786 4573 ἦν

1812 1899 1854 1955 Β
1886 1917 2239 1988 prehenderit

1876 628 2041 692 bella,
2063 639 2171 682 tam
2202 628 2436 694 interna,
2465 643 2626 698 quam
2657 639 2905 694 externa,
2941 645 3044 684 una
3086 631 3190 685 hac
3215 633 3452 688 dietione

1877 720 2230 776 subindicans
2273 722 2724 790 prtetereurrerit.
2758 721 2910 788 Quod
2941 724 3084 778 enim
3123 734 3241 780 erat
3283 727 3452 797 ipsius

1879 829 2038 885 opus,
2072 816 2353 883 patientia,
2379 815 2654 880 nimirum,
2690 816 2843 870 unica
2865 815 3101 871 dictione
3136 819 3449 887 expressit;

1879 908 2020 978 quod
2052 922 2182 962 vero
2238 907 2302 960 ad
2333 906 2488 978 signa
2519 907 2736 974 attinet,
2769 923 2886 977 quae
2916 907 3085 976 ipsius
3113 908 3239 964 'non
3272 919 3450 978 erant,

1878 1003 1974 1058 sed
2023 1001 2212 1072 gratiae
2260 1000 2378 1066 Dei,
2429 1000 2670 1072 pluribus
2720 1002 3029 1069 enarravit;
3080 1003 3208 1058 audi
3263 1004 3451 1076 igitur.

1959 1199 1978 1232 ι
2017 1181 2075 1234 in
2114 1179 2302 1249 signis,
2355 1188 2409 1234 et
2453 1177 2730 1248 prodigiis,
2794 1187 2850 1234 et
2890 1177 3196 1234 virtutibus.
3248 1197 3267 1232 ι
3312 1180 3456 1248 Quid

1882 1272 2096 1328 differat
2115 1273 2327 1343 signum
2361 1287 2389 1325 a
2420 1271 2689 1342 prodigio,
2716 1270 2841 1326 alibi
2867 1271 3071 1326 dictum
3094 1280 3197 1326 est.
3219 1271 3298 1328 Ne
3330 1288 3457 1328 vero

1883 1367 2160 1421 existimet
2193 1366 2386 1436 aliquis
2425 1365 2538 1421 haec
2569 1371 2636 1420 de
2677 1365 2807 1421 solis
2843 1365 3121 1420 beneficiis
3141 1366 3282 1422 dicta
3313 1381 3458 1432 esse,

1889 1477 1909 1512 ι
1950 1458 2008 1514 in
2042 1459 2345 1528 ,‘virtutibns
2404 1478 2423 1511 ι
2475 1459 2784 1529 appositum
2841 1467 2949 1514 est.
2991 1457 3124 1513 Nam
3163 1460 3334 1515 virtus
3361 1475 3458 1516 seu

1883 1553 2143 1619 potentia,
2207 1551 2337 1606 illud
2391 1552 2553 1606 etiam
2612 1551 2758 1622 quod
2813 1552 3070 1620 puniendi
3127 1551 3238 1606 vim
3293 1552 3459 1608 habet

1884 1652 2068 1710 aperte
2093 1641 2385 1711 significat.
2423 1641 2633 1712 Repula
2663 1651 2844 1696 autem
2875 1643 2988 1709 hic,
3029 1653 3159 1713 quot
3195 1644 3303 1698 vita
3355 1645 3456 1699 de-

1885 1732 2120 1799 iunCtos,
2171 1735 2438 1806 leprosos,
2496 1749 2690 1797 cmeos.
2753 1735 3086 1790 dremouibus
3131 1745 3450 1806 occupatos,

1885 1842 2076 1882 omnes
2129 1843 2245 1883 ase
2302 1827 2580 1882 beneﬁciis
2639 1825 2883 1891 alrectos,
2945 1826 3265 1896 simpliciter
3311 1843 3461 1885 com-

2302 1935 2316 1972 :
2368 1934 2434 1974 ac
2490 1919 2674 1974 itidem
2723 1921 3041 1989 castigatos,
3115 1918 3293 1987 qualis
3344 1921 3460 1991 ipse

1884 2010 2122 2083 Elymas.

1961 2104 2122 2160 Vens.
2162 2105 2248 2160 i5.
2290 2123 2309 2157 ι
2353 2104 2491 2172 Quid
2550 2107 2694 2161 enim
2727 2115 2811 2162 est
2866 2111 3012 2179 quod
3049 2111 3225 2166 minus
3266 2110 3462 2166 habui-

1883 2199 1982 2254 stis
2035 2199 2247 2252 eaeteris
2288 2195 2589 2253 Ecclesiis?
2643 2218 2662 2251 ι
2720 2197 2799 2255 Ne
2837 2202 2962 2271 quis
3009 2203 3174 2267 dicat,
3232 2203 3463 2275 Magnus

1885 2291 2102 2360 quidem
2161 2306 2239 2356 es,
2277 2303 2653 2347 verumtamen
2715 2308 2820 2347 non
2875 2302 3022 2348 tanta
3073 2304 3331 2366 operatus
3379 2310 3462 2358 es.

1884 2391 2084 2454 quanta
2144 2383 2369 2452 apostoli
2417 2383 2470 2437 in
2505 2385 2627 2440 aliis
2693 2383 2975 2450 Ecciesiis,
3010 2387 3134 2442 ait:
3171 2405 3191 2440 ι
3249 2387 3304 2443 1η
3348 2403 3458 2458 quo

1887 2475 2171 2532 inferiores
2201 2475 2420 2532 fuistis?
2454 2495 2472 2528 ι
2513 2477 2613 2532 hoc
2641 2486 2744 2542 est,
2777 2477 2914 2544 Quid
2946 2480 3124 2536 minus
3156 2481 3466 2537 habuistis?

1885 2585 2013 2622 num
2045 2569 2220 2622 minus
2251 2570 2449 2623 donum
2471 2569 2610 2624 nacti
2644 2569 2800 2637 estis,
2843 2586 3003 2640 quam
3028 2573 3253 2628 exteri?

1894 2679 1912 2712 ι
1959 2660 2070 2715 Nisi
2122 2663 2265 2731 quod
2334 2661 2450 2732 ipse
2504 2676 2603 2730 ego
2649 2677 2758 2718 non
2817 2663 3038 2732 gravavi
3072 2663 3210 2718 vos?
3267 2663 3464 2721 donate

1888 2753 2018 2807 mihi
2045 2753 2184 2808 hanc
2242 2753 2520 2821 injuriam.
2597 2772 2616 2807 ι
2669 2752 2862 2824 Magna
2919 2769 3040 2810 cum
3102 2757 3367 2826 gravitate
3409 2767 3467 2813 et

1889 2842 2182 2913 asperitate
2230 2843 2501 2911 obiurgat,
2557 2842 2830 2914 inquiens,
2881 2842 2937 2898 Si
2975 2845 3076 2899 hoc
3122 2844 3354 2914 culpatis
3409 2847 3463 2901 in

1889 2949 1994 2999 me,
2049 2933 2191 3003 quod
2233 2949 2331 2988 vos
2394 2949 2496 2988 non
2566 2934 2861 3004 gravarim,
2919 2938 3014 2990 sed
3059 2934 3181 2991 sine
3248 2945 3462 3007 sumptu

1886 3027 2234 3094 Evangelium
2268 3027 2417 3082 vobis
2441 3027 2873 3098 praedicaverim,
2897 3029 3113 3084 veniam
3141 3037 3300 3101 peto;
3336 3046 3467 3083 eon-

1887 3119 2082 3174 donate
2115 3119 2246 3174 mihi
2280 3130 2564 3188 peccatum
2593 3120 2716 3176 hoc.
2745 3119 2915 3175 Simul
2941 3129 3123 3176 autem
3156 3121 3463 3177 eneomiunt

1813 3244 1858 3304 ο
1891 3213 2100 3266 illorum
2148 3213 2390 3265 continet
2437 3227 2638 3278 sermo,
2688 3211 2956 3282 siquidem
3002 3213 3197 3283 injuria
3227 3229 3286 3269 se
3326 3211 3465 3268 εισῖοί

1892 3313 2104 3374 putant,
2135 3319 2200 3359 eo
2231 3303 2372 3374 quod
2405 3303 2538 3357 nihil
2583 3303 2649 3358 ab
2678 3302 2746 3358 iis
2780 3303 3026 3375 accipere
3068 3306 3314 3374 dignatus
3355 3313 3463 3360 est.

1968 3393 2130 3449 Vens.
2184 3394 2276 3448 14.
2313 3413 2332 3446 ι
2384 3393 2524 3448 Ecce
2575 3393 2688 3464 jam
2722 3394 2882 3449 tertio
2931 3395 3036 3450 hoc
3080 3406 3300 3466 paratus
3342 3412 3465 3451 sum

1892 3489 2074 3542 venire
2109 3487 2175 3542 ad
2223 3501 2338 3552 vos,
2371 3493 2424 3541 et
2453 3501 2557 3540 non
2587 3500 2684 3540 ero
2712 3486 2892 3556 gravis
2924 3486 3117 3550 vobis;
3177 3503 3283 3540 non
3319 3489 3464 3542 enim

1892 3593 2074 3648 quaero
2101 3593 2220 3648 quae
2251 3588 2429 3632 vestra
2464 3585 2610 3642 sunt,
2649 3578 2740 3633 sed
2779 3578 2948 3646 γοδς»
2987 3577 3063 3634 Ne
3092 3579 3339 3633 videatur
3366 3581 3468 3634 hoc

1893 3671 2154 3725 continuo
2189 3668 2432 3738 proferre
2466 3668 2620 3736 ipsis,
2662 3669 2818 3738 quasi
2880 3669 3104 3738 posthac
3143 3677 3464 3744 accepturus

1892 3759 1962 3814 sit
2010 3759 2329 3828 quidquam,
2382 3759 2457 3812 ait
2492 3780 2503 3812 ;
2541 3753 2659 3810 Non
2697 3746 2976 3828 propterea
2998 3759 3140 3827 quod
3177 3772 3282 3812 non
3318 3759 3467 3814 acci-

1892 3851 2057 3920 piam,
2083 3864 2199 3904 eam
2228 3849 2298 3905 ob
2321 3864 2538 3904 causam
2566 3850 2632 3904 ad
2656 3865 2750 3904 vos
2777 3866 2880 3905 non
2908 3851 3064 3906 venio
3097 3867 3113 3904 :
3143 3849 3270 3919 quin
3301 3851 3465 3905 etiam

1893 3945 2129 3997 secundo
2175 3943 2357 4008 invisi,
2407 3957 2470 3996 ac
2511 3943 2668 3998 tertio
2709 3941 2822 4010 jam
2866 3953 3086 4014 paratus
3124 3958 3241 3998 sum
3271 3945 3337 3996 ad
3373 3958 3469 3998 vos

1892 4035 2165 4106 proﬁcisci
2227 4050 2328 4090 nec
2377 4037 2683 4106 aggravabo
2723 4051 2840 4090 vos.
2893 4034 3306 4102 Quamobrem?
3345 4033 3464 4090 Non

1891 4128 2018 4198 quia
2090 4129 2392 4196 terremiui,
2461 4142 2635 4196 neque
2695 4129 2838 4203 quod
2889 4127 3088 4181 inﬁrmi
3153 4126 3294 4191 sitis,
3370 4127 3466 4180 sed

1892 4221 2017 4289 quia
2075 4237 2179 4275 non
2239 4231 2438 4288 vestra,
2492 4222 2586 4276 sed
2628 4235 2723 4275 vos
2773 4221 2918 4290 ipsos
2951 4233 3153 4288 quiero,
3207 4219 3308 4274 hoc
3358 4226 3466 4284 est,

1898 4312 2138 4368 Vestram
2173 4313 2399 4368 salutem
2449 4323 2501 4366 et
2530 4313 2758 4378 animas,
2787 4330 2891 4369 non
2916 4312 3200 4383 pecunias.

1968 4425 1987 4459 ι
2028 4407 2145 4462 Non
2176 4407 2321 4461 enim
2357 4406 2556 4462 debent
2581 4407 2680 4460 {iiii
2710 4407 3026 4476 parentibus
3069 4405 3462 4470 thesaurizare,

1894 4499 1986 4554 sed
2011 4510 2260 4570 parentes
2284 4499 2428 4553 (iliis.
2460 4518 2478 4551 ι
2507 4497 2658 4567 Quia_
2681 4498 2972 4554 verisimile
3006 4508 3123 4554 erat
3147 4512 3240 4554 eos
3261 4499 3463 4564 dicere,

200 4585 411 4645 αὐτοὺς
444 4593 634 4645 ιὶπεῖνο
669 4594 743 4646 Οὐ
775 4593 881 4663 γὰρ
913 4591 1087 4656 ἔξεστι
1128 4593 1218 4646 καὶ
1269 4594 1415 4664 ἡμᾶς
1450 4593 1593 4663 ἔχειν
1617 4595 1660 4625 ¹⁶
1690 4595 1779 4647 καὶ

1896 4591 2007 4645 Non
2058 4593 2200 4645 enim
2235 4591 2386 4656 licet,
2435 4601 2494 4644 ut
2528 4600 2581 4645 et
2616 4606 2714 4644 nos
2753 4600 2808 4644 et
2841 4601 3030 4646 nostra
3062 4591 3280 4658 habeas,
3317 4593 3466 4647 ideo-

198 4680 274 4729 τὰ
332 4675 521 4744 ἡμῶν·
575 4676 710 4730 ὣστε
764 4685 862 4754 οὐχ
908 4685 1077 4754 ἡδέως
1116 4685 1389 4738 διάκεισαι
1420 4685 1556 4754 πρὸς
1603 4686 1783 4754 ἡμᾶς’

198 4772 298 4823 διὰ
330 4769 488 4821 τοῦτο
520 4769 777 4836 λογισμὸν
823 4773 1041 4840 ἐπάγει,
1077 4777 1160 4830 δτι
1193 4777 1258 4828 Οἱ
1308 4778 1484 4842 γονεῖς
1514 4775 1789 4841 ὀφείλουσι

197 4862 324 4921 τοῖς
355 4860 570 4922 τέκνοις
605 4859 834 4912 διδόναι·
873 4861 991 4914 ἀντὶ
1022 4867 1130 4915 τῶν
1179 4865 1514 4917 διδασκάλων
1547 4865 1641 4917 καὶ
1679 4864 1788 4918 τῶν

203 4951 498 5021 μαθητῶν,
529 4953 653 5014 τοὺς
685 4955 927 5022 πατέρας
980 4955 1075 5006 καὶ
1105 4956 1172 5007 τὰ
1209 4956 1376 5009 τέκνα
1403 4957 1661 5020 λαϐὼν¹⁷,
1697 4958 1790 5009 καὶ

197 5046 395 5108 δείξας
445 5046 528 5096 ὅτι
567 5044 786 5116 ὀφειλὴν
834 5047 1127 5117 ἐκπληροῖ,
1171 5047 1266 5099 καὶ
1309 5047 1679 5115 ἀπαραίτητον
1726 5047 1788 5100 τὸ

200 5139 362 5207 πρᾶγ
372 5156 467 5207 μα.

291 5251 308 5282 ι
362 5230 504 5298 Ἐγὼ
554 5231 611 5284 δὲ
660 5231 855 5303 ἥδιστα
910 5233 1207 5305 δαπανὴσω
1258 5236 1353 5290 καὶ
1403 5232 1788 5303 ἐκδαπανηθή-

205 5341 382 5392 σνιμαι
437 5324 579 5395 ὑπὲρ
621 5327 730 5377 τῶν
777 5324 963 5397 ψυχῶν
1011 5327 1183 5396 ὑμῶν.
1220 5347 1239 5378 ι
1293 5328 1454 5395 Ἐγὼ,
1506 5327 1692 5395 φησιν,
1725 5325 1785 5377 οὐ

206 5417 376 5486 μόνον
411 5419 470 5469 οὺ
504 5419 580 5486 μὴ
619 5418 862 5488 λήψομαι
892 5420 986 5488 ἀφ’
1015 5421 1188 5488 ὑμῶν,
1222 5421 1356 5474 ἀλλὰ
1393 5420 1593 5490 μᾶλλον
1621 5435 1789 5488 προσ-

203 5510 371 5564 δώσω
394 5527 406 5540 ·
428 5511 586 5564 τοῦτο
607 5516 714 5582 γάρ
742 5515 857 5566 ἐστι
884 5515 964 5577 τὸ,
987 5532 1004 5565 ι
1029 5514 1355 5584 Δαπανήσω.
1387 5533 1404 5565 ι
1432 5514 1542 5568 Καὶ
1568 5513 1618 5564 τί
1648 5510 1790 5578 λέγω

1893 4699 2000 4754 que
2027 4699 2171 4754 aegro
2201 4698 2298 4738 nos
2334 4698 2458 4753 erga
2495 4683 2676 4737 animo
2708 4682 2932 4738 aﬂ‘eetus
2967 4699 3060 4750 es;
3111 4695 3331 4754 pr0pter
3366 4687 3466 4740 hoc

1894 4776 2363 4830 ratiocinationem
2400 4773 2602 4828 infert:
2637 4772 2932 4828 Parentum
2978 4785 3060 4829 est
3089 4775 3272 4829 liberis
3312 4777 3463 4841 dare,

1891 4883 1988 4938 pro
2015 4867 2436 4936 praceptoribus
2464 4881 2530 4922 ac
2561 4866 2838 4936 discipulis
2869 4877 3122 4935 parentes
3151 4882 3215 4922 ac
3266 4867 3465 4920 liberos

1895 4961 2168 5030 accipiens
2223 4975 2237 5012 :
2293 4961 2522 5012 innuens
2568 4959 2640 5012 ita
2687 4972 2747 5012 se
2790 4958 3031 5013 debitum
3082 4958 3465 5027 negotiumque

1893 5047 2246 5102 irreeusabile
2274 5045 2514 5115 explere.

1965 5229 2126 5284 Vens.
2161 5229 2248 5284 15.
2282 5247 2300 5279 ι
2336 5229 2447 5298 Ego
2467 5237 2648 5284 autem
2670 5227 3040 5282 lubentissime
3061 5224 3386 5291 impendam,
3417 5239 3468 5279 et

1894 5323 2341 5393 superimpendar
2367 5337 2463 5392 pro
2486 5321 2767 5376 animabus
2796 5319 3014 5374 vestris.
3057 5336 3076 5368 ι
3107 5318 3238 5388 Ego,
3273 5318 3466 5388 inquit,

1896 5431 2001 5468 non
2038 5413 2208 5467 solum
2249 5428 2353 5466 non
2385 5411 2646 5480 accipiam
2678 5425 2707 5462 a
2741 5407 2902 5478 315
2949 5409 3118 5475 vobis,
3161 5411 3254 5464 sed
3293 5413 3469 5479 pOtins

1900 5507 2114 5571 addam,
2163 5505 2215 5559 id
2265 5505 2407 5558 enim
2454 5511 2537 5557 est
2575 5499 2718 5570 quod
2757 5500 2878 5566 ait,
2917 5518 2935 5552 ι
2983 5501 3310 5572 Impendam.
3347 5522 3366 5554 ι
3409 5503 3472 5554 LL

1531 5652 1731 5714 Variae
1761 5646 2072 5711 lectiones

299 5807 339 5838 ¹³
365 5807 648 5877 πρόκειται
678 5822 730 5862 0.
809 5806 854 5838 “
885 5806 1388 5877 παρεσκευασάμην
1433 5821 1483 5859 0.
1565 5804 1605 5835 ¹³
1649 5803 1762 5877 ἀλλ’
1806 5803 1885 5854 ὅτι
1937 5796 2723 5877 i195";CnTCTJ,A‘EOUté3?t,ji;V
2756 5797 3030 5870 ὑμετέραν
3061 5791 3358 5858 σωτηρίαν,
3413 5809 3478 5847 ω

212 5885 299 5930 τα
327 5877 498 5949 ὑμῶν,
536 5881 804 5940 τουτέστι,
840 5880 909 5931 τὰ
942 5877 1198 5948 χρήματα
1222 5892 1275 5929 0.

594 5977 862 6036 ΡΑτιιοι.
908 5978 1022 6035 (in.
1071 5972 1346 6034 CXXIV.

1744 6113 1764 6137 ἱ

1353 5869 1397 5910 ¹⁶
1422 5877 1516 5929 καὶ
1540 5875 1684 5945 ὑμᾶς
1721 5873 1864 5930 ἔχειν
1893 5872 1962 5924 τὰ
1984 5869 2140 5940 ἡμῶν
2169 5887 2222 5924 0.

2303 5871 2341 5899 ¹⁷
2381 5868 2702 5940 μεταλαϐὼν
2733 5885 2786 5925 0.

3061 5963 3137 6022 30
