3898 6594
206 443 298 512 θιι

958 443 1360 504 EXPOSITIO
1400 445 1480 507 ΙΝ
1520 444 1758 505 EPIST.
1797 444 1856 504 II
1897 445 1996 505 AD
2032 443 2197 508 COR.
2239 471 2298 484 -ν
2327 445 2486 506 CAP.
2526 445 2663 506 XII.

3335 447 3438 511 912

273 572 290 605 ι
324 552 404 605 Τὰ
443 550 498 604 δὲ
542 549 716 605 πάντα
739 550 804 613 ³³,
838 550 1134 620 ἀγαπητοὶ,
1190 551 1328 621 ὑπὲρ
1365 549 1465 620 τῆς
1498 549 1653 620 ὑμῶν
1683 550 1764 602 οἱ-

1945 568 1964 602 ι
2000 551 2128 604 Haec
2167 558 2347 604 autem
2392 551 2596 617 omnia,
2625 549 2824 614 dilecti,
2856 559 3074 622 propter
3123 549 3414 607 aediﬁcatio

201 644 454 714 κοδομῆς.
485 663 502 694 ι
559 642 675 697 Οὐκ
711 637 888 706 εἶπεν,
944 643 1026 697 ὅτι
1057 643 1157 696 Διά
1183 641 1340 696 τοῦτο
1371 642 1542 698 ταῦτα
1589 642 1767 696 πάντα

201 733 453 804 ἐποίησα,
475 733 569 786 καὶ
595 733 698 786 οὐκ
725 731 940 799 ἔλαϐον,
977 732 1112 787 διότι
1160 733 1320 805 ὑμεῖς
1349 735 1475 788 ἔστε
1518 733 1769 797 ἀσθενεῖς

201 825 532 896 (πληκτικὸν
559 826 670 897 γὰρ
711 826 926 897 τοῦτο),
967 825 1124 891 ἀλλὰ,
1159 827 1258 880 Διά
1302 826 1404 897 τὴν
1447 825 1599 896 ὑμῶν
1626 828 1769 878 οἱκο-

198 919 388 990 δομήν.
420 919 538 973 Ἵνα
563 920 693 989 γάρ,
718 919 872 990 φησὶ,
900 918 974 990 μὴ
997 919 1420 990 σκανδαλίζησθε
1449 919 1600 976 ἐπ’ἑδ
1622 917 1768 992 ἐμοὶ,

197 1014 281 1067 διὰ
341 1011 501 1066 τοῦτο
555 1011 658 1066 οὐκ
714 1010 928 1079 ἔλαϐον,
983 1011 1124 1083 ὑπὲρ
1177 1014 1278 1082 τῆς
1315 1011 1590 1084 ὑμετέρας
1627 1011 1773 1084 dips-

197 1105 344 1168 λείας
366 1104 436 1158 ⁸³.

272 1214 292 1248 ι
348 1195 624 1268 Φοϐοῦμαι
682 1194 792 1267 γὰρ
829 1195 1024 1266 μήπως
1080 1193 1252 1250 ἐλθὼν
1303 1196 1399 1267 οὐχ
1450 1195 1596 1260 οἵους
1633 1195 1772 1251 θέλω

196 1285 340 1358 εὕρω
393 1287 560 1356 ὑμᾶς,
611 1285 768 1354 κάγὼ
820 1285 1031 1356 εὑρεθῶ
1064 1287 1192 1358 ὑμῖν
1234 1281 1345 1340 οἷον
1390 1287 1453 1341 οὑ
1503 1287 1704 1340 Θέλετε.
1745 1306 1765 1341 ι

207 1380 371 1450 Ὁρᾷς
417 1378 765 1449 κηδεμονίαν,
812 1379 1126 1450 πατρικήν;
1187 1379 1372 1433 Ἀλλοι
1429 1379 1771 1451 ἡμάρτανον.

197 1470 289 1524 καὶ
314 1470 527 1534 Παῦλος
559 1470 808 1541 ἐφοϐεῖτο
827 1472 872 1504 ’⁸
893 1486 908 1500 ⁶
946 1471 1038 1526 καὶ
1084 1470 1204 1525 οὐδὲ
1233 1471 1624 1539 ἀποφαίνεται,
1657 1473 1773 1526 ἀλλ’

193 1562 456 1626 ὲνδοιάζει
495 1562 606 1615 ἔτι·
653 1581 672 1614 ι
709 1563 944 1634 Μήπως,
1004 1581 1024 1614 ι
1065 1563 1248 1633 φησὶν,
1318 1580 1336 1614 ι
1393 1561 1563 1616 ἐλθὼν
1623 1561 1770 1635 εὕρω

193 1654 292 1724 οὐχ
340 1655 486 1719 οῖους
525 1653 665 1708 θέλω
716 1655 861 1725 ὑμᾶς
899 1673 945 1717 ι,
981 1656 1252 1721 τουτέστι,
1307 1653 1770 1726 διεφθαρμένουςο

195 1748 314 1812 καὶ,
369 1765 388 1798 ι
412 1745 620 1822 εὑρεθῶ
648 1745 802 1816 κάγὼ
839 1765 858 1799 ›
891 1745 949 1811 ἐξ
969 1748 1213 1817 ἀνάγκης
1249 1765 1266 1800 ι
1297 1743 1407 1800 οἷον
1429 1747 1489 1800 οὑ
1513 1746 1716 1815 θέλετε,
1750 1767 1770 1801 ι

191 1841 468 1906 τουτέστι,
502 1838 745 1910 τιμωρὸς
781 1840 874 1893 καὶ
905 1839 1193 1902 κολαστής.

272 2041 293 2076 ι
330 2022 425 2092 Μή
468 2038 586 2084 πως
614 2019 752 2092 ἔρις,
786 2018 960 2090 ζῆλοι,
1013 2019 1198 2090 θυμοὶ,
1239 1999 1497 2090 ὲρίθειαι,
1541 2022 1782 2076 καταλα-

189 2115 334 2180 λιαὶ,
367 2115 712 2188 ψιθυρισμοί,
749 2113 1066 2184 φυσιώσεις,
1100 2113 1526 2168 ἀκαταστασίαι.
1562 2134 1580 2168 ι
1619 2115 1780 2186 Πρῶ-

185 2225 286 2261 τον
312 2205 508 2278 ἔμελλε
547 2205 760 2260 τιθέναι
789 2204 888 2268 τὰς
943 2203 1262 2275 φυσιώσεις·
1315 2204 1437 2260 κατ’
1464 2207 1630 2260 αὐτοῦ
1671 2207 1782 2278 γὰρ

179 2298 603 2370 ἠλαζονεύοντο’
641 2297 758 2352 ἀλλ’
795 2297 948 2371 ὅμως
980 2297 1070 2351 ἴνα
1097 2297 1173 2370 μὴ
1205 2298 1330 2370 δόξῃ
1358 2297 1419 2352 τδ
1451 2299 1646 2352 ἑαυτοῦ
1680 2299 1778 2371 ξη-

179 2396 328 2457 τεῖν,
367 2386 429 2446 τὸ
465 2390 644 2446 κοινὸν
691 2391 840 2460 λέγει
880 2390 1120 2460 πρῶτον.
1165 2389 1300 2443 Ἀπὸ
1345 2390 1454 2460 γὰρ
1482 2391 1577 2444 τοῦ
1610 2389 1776 2464 ζήλου

179 2486 414 2558 καὶτῆς
449 2483 749 2556 βασκανίας
781 2484 958 2538 πάντα
997 2484 1168 2538 τᾶλλα
1203 2483 1469 2537 ἐτίκτετο·
1529 2485 1626 2538 καὶ
1674 2486 1778 2540 πάι

174 2583 271 2636 λιν
325 2579 459 2652 παρ’
497 2578 751 2646 Δἐκείνων
798 2580 826 2632 ὁ
885 2577 1048 2650 ζῆλος
1090 2577 1385 2649 ἀνήπτετο.
1439 2577 1680 2647 Ἐριθεια
1716 2576 1774 2632 δὲ

173 2669 432 2738 λέγεται,
465 2671 594 2724 ὃταν
635 2686 720 2733 τις
766 2670 888 2722 κατ’
914 2669 1033 2740 ἔριν
1079 2666 1425 2740 προκαλῆται
1468 2685 1592 2723 τινα
1612 2667 1657 2700 ³⁷
1683 2666 1778 2722 ἐπὶ

178 2757 309 2812 τόδε
338 2775 412 2814 τι.
448 2759 794 2832 ιι)“ιθι›ρισμδν
839 2759 898 2813 δέ
928 2777 1064 2831 φησι
1095 2762 1195 2831 τὴν
1244 2761 1534 2834 διαϐολήνο
1567 2763 1776 2835 φυσιώ-

182 2861 310 2909 σεις
337 2846 396 2899 δὲ
430 2846 500 2900 τὰ
531 2847 830 2913 ἀλαζονικὰ
872 2849 966 2904 καὶ
1005 2851 1398 2923 πεφυσιωμένα
1443 2854 1580 2926 ήθηο
1614 2855 1646 2928 ἢ
1684 2855 1776 2909 καὶ

179 2932 324 2986 ὅταν
365 2933 447 2998 είς
482 2935 644 3003 φύσιν
677 2943 925 3010 καταστῇ
957 2957 1064 2994 τινι
1110 2941 1143 3010 ἠ
1199 2941 1396 3012 οἴησις.
1437 2945 1574 2997 Κατ’
1606 2945 1774 3000 αὑτοῦ

178 3027 304 3097 γὰρ
342 3029 695 3101 ἐπαιρόμενοι
723 3033 848 3094 τοὺς
886 3031 1354 3101 ψευδαποστόλους
1381 3035 1603 3103 ἐτίμων.

1872 659 1992 699 nem
2048 652 2308 699 vestram.
2351 661 2370 696 ι
2411 643 2532 698 Non
2583 644 2738 709 dixit,
2789 641 3080 712 PrOpterea
3113 644 3229 699 haec
3253 645 3436 700 omnia

1871 735 1996 809 feci,
2039 748 2095 792 et
2141 735 2280 790 nihil
2327 737 2532 806 accepi,
2579 735 2702 808 quia
2746 750 2843 792 vos
2899 735 3096 792 inilrmi
3145 739 3306 806 estis;
3341 737 3443 792 hoc

1869 822 2013 878 etiim
2067 837 2318 894 asperum
2364 823 2558 879 fuisset
2607 839 2671 880 ac
2716 825 2910 880 durum
2957 841 2974 880 :
3037 827 3155 892 sed,
3210 825 3442 896 Propter

1870 926 2112 973 vestram
2142 916 2575 972 aediﬁcationem.
2608 914 2678 972 Ut
2702 917 3081 988 enitn,inquit,
3123 931 3228 972 non
3261 917 3441 973 ol’l'en-

1871 1004 2072 1060 datnini
2116 1004 2169 1058 in
2223 1019 2330 1072 me,
2371 1015 2659 1076 eapropter
2706 1019 2816 1060 non
2861 1005 3063 1075 accepi,
3097 1005 3165 1060 ob
3202 1015 3440 1060 vestram

1873 1109 2068 1163 nempe
2097 1093 2407 1149 utilitatem.

1969 1185 2136 1242 Vens.
2160 1187 2250 1242 20.
2309 1205 2326 1240 ι
2366 1185 2553 1243 Timeo
2585 1187 2730 1243 enim
2766 1202 2834 1244 ne
2882 1188 3022 1244 forte
3052 1204 3176 1245 cum
3211 1205 3434 1258 venero,

1873 1295 1981 1336 non
2015 1280 2201 1352 quales
2231 1280 2351 1336 volo
2388 1296 2484 1337 vos
2521 1281 2828 1347 inveniam;
2880 1289 2935 1338 et
2967 1297 3068 1354 ego
3098 1283 3341 1339 inveniar
3388 1285 3445 1340 in

1871 1377 2048 1446 vobis,
2103 1393 2210 1433 non
2257 1378 2468 1448 qualem
2519 1393 2615 1433 vos
2659 1378 2837 1433 vultis.
2876 1396 2896 1431 ι
2951 1377 3136 1434 Viden‘
3166 1388 3442 1449 paternam

1874 1470 2094 1525 curam?
2153 1469 2256 1524 Alii
2297 1477 2608 1539 peccarunt,
2658 1479 2713 1524 et
2759 1467 2958 1524 Paulus
3006 1469 3236 1536 metuit;
3269 1484 3445 1537 neque

1874 1571 2024 1616 certo
2075 1562 2364 1632 quidquam
2409 1561 2628 1626 asserit,
2663 1563 2759 1617 sed
2793 1560 3002 1616 dubitat
3063 1560 3259 1615 adhuc.
3301 1578 3321 1612 ι
3371 1561 3449 1613 Ne

1875 1649 2033 1716 forte,
2086 1669 2103 1702 ι
2161 1650 2358 1721 inquit,
2403 1669 2422 1702 ι
2458 1665 2578 1704 cum
2613 1665 2831 1716 venero,
2886 1665 2993 1705 non
3040 1649 3231 1721 quales
3281 1648 3444 1706 velim

1873 1759 1970 1800 vos
2003 1744 2296 1807 inveniam,
2335 1761 2355 1795 ι
2406 1743 2508 1800 hoc
2545 1753 2650 1809 est,
2678 1753 2962 1812 corruptos
3001 1759 3017 1799 :
3053 1753 3108 1798 et
3150 1760 3168 1794 ι
3201 1743 3448 1799 inveniar

1874 1852 1972 1906 ego
2026 1855 2045 1888 ι
2099 1835 2407 1890 necessario
2443 1852 2462 1886 ι
2505 1834 2718 1906 qualem
2753 1850 2860 1890 non
2911 1835 3094 1904 vultis,
3133 1852 3154 1890 ι
3199 1835 3304 1892 hoc
3339 1847 3445 1900 est,

1803 1919 1851 1978 B
1881 1925 2021 1979 ultor
2043 1934 2096 1979 et
2129 1925 2364 1995 punitor.

1949 2035 1968 2070 ι
2005 2016 2084 2072 Ne
2140 2033 2247 2088 quo
2275 2018 2436 2074 modo
2471 2018 2869 2085 contentiones,
2897 2018 3296 2088 aemulationes,
3330 2019 3445 2086 irae,

1873 2113 2328 2178 concertationes,
2345 2112 2729 2178 detractiones,
2749 2113 3172 2179 susurrationes,
3210 2111 3447 2168 inﬂatio-

1875 2219 1995 2270 nes,
2015 2205 2360 2261 seditiones.)
2381 2203 2622 2261 Primum
2657 2205 2933 2276 positurus
2954 2212 3073 2261 erat
3106 2205 3445 2272 inﬂationes;
3525 2267 3530 2272 ,

1875 2300 2134 2354 adversus
2179 2301 2358 2369 ipsum
2409 2302 2552 2356 enim
2591 2308 2914 2371 arrogantes
2959 2309 3161 2356 erant:
3205 2310 3448 2357 attamen

1877 2407 1944 2445 ne
1980 2391 2225 2446 videatur
2251 2406 2369 2457 quae
2411 2405 2508 2446 sua
2543 2400 2672 2446 sunt
2695 2405 2960 2460 quaerere,
2995 2391 3138 2461 quod
3162 2404 3451 2446 commune

1877 2490 1980 2547 est,
2013 2481 2248 2551 primunt
2289 2481 2441 2536 dicit.
2477 2481 2558 2535 Ab
2589 2480 2934 2536 aemulatione
2962 2481 3108 2537 enim
3148 2489 3203 2535 et
3250 2479 3448 2535 invidia

1877 2575 2057 2629 omnia
2081 2575 2185 2629 alia
2211 2574 2596 2638 nascebantur,
2621 2588 2684 2629 ac
2713 2588 2926 2628 rursum
2955 2573 3023 2629 ab
3049 2572 3153 2628 illis
3175 2571 3450 2627 :emulatio

1877 2664 2297 2722 accendebatur.
2346 2665 2696 2722 Concertatio
2746 2675 2928 2720 autem
2981 2664 3200 2730 dicitur,
3231 2664 3451 2734 quando

1877 2759 2164 2830 quisquam
2212 2773 2308 2828 per
2381 2742 2531 2814 litem
2583 2765 2842 2828 provocat
2901 2755 3134 2812 alterum
3182 2769 3346 2825 super
3390 2768 3452 2809 re

1877 2851 2151 2920 quapiam.
2205 2849 2652 2907 Susurrationem
2685 2860 2866 2906 autem
2911 2849 3236 2905 calumniam
3273 2854 3451 2903 vocat.

1882 2941 2189 2999 lunationes
2231 2958 2382 3025 vero,
2441 2959 2582 3014 quae,
2628 2944 2694 3000 ad
2741 2944 3163 3000 ostentationem
3205 2951 3260 2998 et
3298 2954 3454 2996 arro-

1882 3036 2120 3106 gantiam
2167 3035 2396 3106 spirant,
2445 3037 2786 3107 tumidosque
2834 3050 3034 3102 mores,
3097 3034 3182 3091 vel
3234 3031 3452 3104 quando

180 3135 294 3173 ceu
332 3121 386 3174 in
427 3133 678 3176 naturam
710 3125 1001 3193 quamdam
1045 3133 1222 3180 tumor
1251 3128 1547 3183 translatus
1585 3129 1767 3184 t‘uerit.
1806 3129 2078 3183 Adversus
2136 3128 2307 3196 ipsum
2339 3128 2484 3181 enim
2510 3127 2660 3194 elati,
2694 3128 3143 3198 pseudapostolos
3208 3130 3449 3184 honora-

181 3208 346 3265 bant.

263 3321 284 3354 ι
332 3303 428 3373 Μὴ
481 3302 642 3357 πάλιν
679 3303 905 3358 ἐλθόντα
962 3321 1028 3376 με
1077 3303 1388 3377 ταπεινώσῃ
1439 3308 1466 3359 ὁ
1511 3306 1642 3370 Θεός
1675 3325 1774 3378 μου

1959 3304 2115 3360 Vens.
2165 3303 2252 3359 2i.
2288 3323 2306 3357 ι
2341 3303 2417 3360 Ne
2453 3305 2647 3360 iterum
2698 3320 2821 3361 cum
2864 3321 3064 3361 venero
3103 3309 3168 3362 ad
3195 3323 3311 3375 vos,
3349 3310 3454 3366 ltu-

182 3395 329 3467 πρὸς
379 3395 546 3464 ὑμᾶς.
595 3412 615 3445 ι
659 3395 974 3462 Τουτέστιν,
1016 3396 1314 3466 Ἀρκεῖτά
1368 3397 1640 3467 πρότερον
1684 3416 1778 3466 φοι

181 3487 400 3558 ϐοὖμαι
423 3487 482 3540 δὲ
514 3489 587 3558 μή
623 3504 741 3552 πως
768 3489 938 3542 ἐλθὼν
964 3489 1294 3560 ἀναγκασθῶ
1327 3489 1615 3561 αὐστηρῶς
1644 3491 1772 3561 ὑμῖν

181 3580 533 3651 χρήσασθαι.
565 3581 912 3636 Ταπείνωσιν
933 3582 1042 3653 γάρ
1069 3581 1228 3636 τοῦτο
1253 3580 1429 3644 καλεῖ,
1462 3581 1524 3635 τὸ
1551 3583 1778 3637 κολάσαι

181 3671 346 3733 τινὰς
376 3669 537 3735 ὅλως,
589 3671 835 3740 καίτοιγε
885 3671 936 3723 oi.
968 3671 1154 3724 πολλοὶ
1188 3671 1349 3736 δόξαν
1383 3671 1587 3741 μᾶλλον
1617 3669 1776 3724 τοῦτο

183 3762 433 3832 ἔχουσιν.
486 3763 601 3816 Οὐκ
648 3759 770 3816 εἶπε
803 3763 878 3827 δὲ,
916 3763 1008 3833 Μὴ
1037 3761 1384 3830 ταπεινωθῶ,
1433 3761 1589 3828 ἀλλά,
1627 3781 1644 3813 ι
1685 3763 1776 3834 Μὴ

181 3857 512 3926 ταπεινώσῃ
563 3872 629 3927 με
663 3857 690 3909 ό
719 3855 852 3918 Θεός
873 3872 887 3887 ο
932 3874 950 3907 ι
987 3856 1248 3910 δεικνύων
1281 3857 1364 3909 ὃτι
1392 3852 1479 3908 διά
1507 3856 1599 3910 τὸν
1643 3854 1776 3907 Θεὸν

183 3942 284 3993 καὶ
317 3940 483 3994 τοῦτο
510 3943 691 4012 μέλλει
719 3945 894 3997 ποιεῖν
916 3943 962 3976 ³⁸
983 3960 997 3976 ο
1024 3945 1120 3998 καὶ
1148 3945 1198 3998 εἱ
1229 3945 1304 4016 μὴ
1331 3940 1400 4015 ἦν
1429 3945 1484 3996 ὲν
1510 3944 1588 4016 τῷ
1623 3945 1776 4014 μέσῳ

183 4035 212 4086 δ
240 4034 386 4098 Θεὸς
420 4036 515 4088 καὶ
560 4035 621 4088 τὸ
657 4036 821 4089 αὑτοῦ
863 4036 1212 4107 πρόσταγμα,
1265 4037 1366 4090 οὐκ
1403 4036 1470 4090 ἂν
1505 4036 1776 4107 αὐστηρὸς

186 4127 374 4197 ἐφάνη
402 4127 495 4196 ἀφ’
528 4127 745 4182 ἑαυτοῦ.
793 4127 866 4180 Τὸ
906 4127 980 4193 δὲ,
1021 4146 1040 4179 ι
1083 4128 1147 4184 Ὀ
1179 4127 1310 4192 Θεός
1351 4144 1476 4198 μου,
1513 4144 1533 4178 ι
1571 4127 1772 4193 εἰπὼν,

183 4219 288 4292 τὴν
321 4219 524 4292 διακαῆ
549 4220 772 4292 ἀγάπην
803 4219 974 4274 αὐτοῦ
1003 4219 1155 4292 δηλοῖ
1187 4221 1324 4292 πρὸς
1357 4219 1447 4274 τὸν
1477 4219 1628 4273 Θεόν.

265 4424 286 4456 ε
336 4403 451 4458 Καὶ
503 4404 761 4474 πενθήσω
802 4401 1035 4465 πολλοὺς
1081 4401 1190 4456 τῶν
1243 4400 1774 4474 προημαρτηκότων.

192 4497 285 4548 καὶ
324 4496 402 4564 μὴ
433 4495 883 4564 μετανοησάντων
909 4495 1002 4548 ἐπὶ
1033 4496 1099 4565 τῇ
1133 4493 1467 4565 ἀκαθαρσίᾳ,
1511 4495 1605 4547 καὶ
1649 4511 1777 4565 πορ-

1885 3399 2186 3466 milietme
2237 3397 2379 3454 Deus
2427 3398 2568 3468 apud
2613 3393 2730 3453 vos.
2769 3416 2789 3451 ι
2841 3396 2954 3454 Hoc
2991 3409 3094 3466 est,
3169 3397 3454 3459 Sutiiciunt

1883 3491 2089 3560 priora.
2125 3488 2304 3544 Metuo
2336 3498 2538 3553 autem,
2573 3504 2639 3544 ne
2665 3489 2778 3560 jam
2814 3491 3034 3546 veniens
3069 3507 3233 3564 cogar
3261 3503 3450 3551 auste-

1885 3583 1994 3636 rius
2044 3581 2324 3636 vobiscum
2385 3595 2578 3651 agere;
2641 3582 3068 3638 humiliationem
3137 3585 3283 3640 enim
3347 3587 3451 3643 hoc

1881 3679 2056 3736 vocat,
2108 3671 2250 3741 quod
2286 3672 2510 3726 omnino
2573 3671 2645 3726 sit
2694 3672 2980 3741 puniturus
3048 3673 3278 3744 aliquos,
3323 3674 3452 3730 licet

1879 3763 2033 3817 multi
2065 3762 2209 3816 istud
2257 3762 2483 3833 gloriam
2511 3775 2632 3818 esse
2657 3772 2898 3818 censent.
2933 3761 3049 3818 Non
3081 3765 3215 3820 dixit
3245 3775 3449 3832 autem,

1877 3851 1956 3908 Ne
2011 3852 2309 3908 ltumilier:
2356 3866 2582 3919 verum,
2619 3871 2638 3906 ι
2675 3852 2751 3908 Ne
2795 3853 3044 3910 humiliet
3087 3871 3173 3912 tle
3222 3855 3385 3922 Deus,
3423 3877 3443 3912 ι

1877 3944 2121 4000 indicans
2152 3946 2295 4016 quod
2355 3945 2451 4001 Dei
2506 3959 2668 4001 causa
2720 3946 2858 4002 istuc
2897 3945 3140 4004 facturus
3182 3949 3276 4004 sit.
3327 3950 3444 4006 Nisi

1878 4038 2022 4094 enim
2069 4038 2455 4094 intervenisset
2491 4038 2668 4102 Deus,
2715 4036 2991 4107 ipsiusque
3047 4041 3384 4108 mandatum.
3417 4058 3450 4098 a

1877 4130 2057 4198 seipso
2111 4144 2219 4185 non
2267 4129 2338 4184 ita
2395 4137 2647 4194 austerus
2684 4137 2849 4183 esset.
2905 4128 3057 4196 Quod
3111 4143 3294 4188 autem
3350 4133 3446 4200 ait,

1875 4239 1904 4286 ¹ι
1944 4221 2087 4277 Deus
2141 4237 2319 4287 meus,
2379 4238 2398 4274 ι
2455 4219 2734 4276 ardentem
2774 4219 2891 4291 ejus
2937 4221 3259 4281 eharitatem
3320 4239 3450 4297 erga

1881 4315 2049 4369 Deum
2086 4315 2192 4381 indi
2201 4322 2308 4370 cat.

1957 4425 1975 4459 ι
2023 4408 2090 4462 Ει
2120 4407 2334 4477 lugeam
2367 4408 2599 4476 Imultos,
2637 4425 2702 4466 ex
2763 4412 2846 4468 his
2892 4411 2984 4482 qui
3017 4419 3144 4467 ante
3191 4424 3449 4480 peccave-

1881 4507 2028 4562 runt,
2057 4508 2111 4552 et
2138 4514 2243 4552 non
2270 4501 2880 4568 egeruntpmnitentiam
2903 4516 3064 4570 super
3085 4501 3444 4560 immunditia,

192 4581 342 4652 νείᾳ.
398 4587 493 4640 καὶ
533 4587 814 4658 ἀσελγείᾳ,
970 4586 1314 4658 ἐπραξαν.]›
1376 4586 1517 4657 Ὅρα
1560 4588 1628 4639 τὰ
1671 4584 1767 4638 τοῦ

1883 4600 1932 4644 et
1977 4590 2352 4658 fornicatione,
2386 4598 2440 4646 et
2483 4591 2834 4661 impudicitia,
2873 4607 3034 4662 quam
3078 4601 3381 4665 gesserunt.
3421 4611 3440 4642 ›

192 4670 504 4724 ἀποστόλου
552 4678 856 4748 σπλάγχνα,
894 4676 1012 4742 πῶς
1040 4677 1180 4748 ὑπὲρ
1206 4671 1282 4731 ὧν
1310 4676 1458 4732 ἄλλοι
1493 4678 1768 4742 πταίουσι,

1883 4681 2015 4736 Vide
2031 4682 2375 4752 apostolicam
2398 4660 2848 4751 misericordiam,
2889 4660 3158 4754 quomodo
3193 4697 3291 4754 pro
3314 4683 3447 4737 alio.

195 4765 414 4817 πενθεῖ.
441 4763 555 4816 Οὐκ
577 4760 697 4817 εἷπε
722 4769 801 4830 δὲ,
826 4770 1067 4833 Πάντας,
1102 4768 1259 4837 ἀλλὰ,
1294 4789 1312 4822 ι
1337 4769 1570 4831 Πολλούς
1589 4786 1603 4800 ·
1635 4787 1655 4822 ι
1681 4769 1775 4824 καὶ

194 4857 295 4928 οὐχ
347 4856 538 4921 ἁπλῶς
580 4859 709 4922 τοὺς
751 4859 1168 4932 ἡμαρτηκότας,
1223 4864 1360 4918 ἀλλά
1419 4882 1438 4916 ι
1484 4864 1560 4936 μὴ
1606 4881 1775 4934 μετα-

194 4954 541 5023 νοήσανταςο
587 4971 608 5005 ι
656 4947 802 5007 οὗτοι
847 4954 956 5028 γὰρ
1003 4957 1146 5021 ἄξιοι
1193 4958 1445 5023 πένθους,
1503 4959 1552 5012 οι
1585 4961 1645 5013 ὲν
1699 4958 1778 5031 τῷ

195 5045 480 5115 τραύματι
527 5045 806 5116 μένοντες.
858 5051 970 5104 Καὶ
998 5051 1117 5104 οὐδὲ
1147 5053 1370 5116 τούτους
1418 5053 1774 5120 ἐκκαλύπτει,

198 5137 377 5202 διδοὺς
410 5139 593 5204 αὐτοῖς
635 5139 829 5213 ῥᾳδίαν
857 5141 954 5208 τὴν
998 5144 1134 5214 πρὸς
1169 5147 1459 5215 μετάνοιαν
1493 5146 1775 5202 ἐπάνοδον.

200 5230 311 5285 Καὶ
349 5233 460 5302 γὰρ
490 5233 579 5287 διὰ
605 5232 768 5288 τοῦτο
807 5237 900 5289 καὶ
929 5236 1217 5307 μετανοίας
1255 5237 1524 5307 ἐμνήσθη,
1552 5237 1640 5290 ἵνα
1668 5238 1772 5309 ἀρ-

203 5324 422 5377 πὰσωσι
445 5325 676 5398 ταύτην,
721 5327 818 5382 καὶ
849 5327 925 5398 μὴ
973 5326 1144 5382 ἐλθὼν
1185 5327 1395 5399 κολάσῃ
1434 5328 1654 5393 αὐτοὺς,
1686 5328 1781 5382 καὶ

205 5415 456 5487 πενθήσει
486 5417 574 5471 διὰ
603 5419 786 5485 τοῦτο,
828 5419 857 5472 ὅ
892 5421 1031 5486 ἐστι,
1074 5420 1145 5473 τὰ
1170 5419 1375 5489 ἔσχατα
1411 5419 1650 5491 λυπηθῇ.
1678 5421 1782 5488 Ση-

211 5505 443 5573 μείωσαι
485 5508 542 5560 δὲ
571 5510 632 5562 τὺ
667 5513 797 5582 περὶ
849 5511 1165 5579 μετανοίας,
1196 5510 1286 5563 διὰ
1331 5511 1459 5574 τοὺς
1501 5509 1780 5564 Ναυατια-

208 5598 352 5663 νούς.
412 5599 783 5672 ’Δκαθαρσίαν
835 5603 914 5669 δὲ,
972 5604 1154 5656 πᾶσαν
1195 5602 1475 5673 ἁμαρτίαν
1530 5603 1778 5674 νοήσεις’

1401 5710 1434 5736 ο

1878 4789 1996 4828 rum
2014 4773 2226 4829 delictis
2241 4773 2530 4844 ipseluget.
2547 4770 2662 4829 Non
2683 4774 2813 4828 dixit
2827 4784 3007 4828 autem
3023 4772 3206 4843 317,
3225 4773 3446 4831 Omnes,

1878 4865 1993 4931 sed,
2026 4883 2043 4915 ι
2065 4863 2263 4919 Multos
2288 4879 2305 4930 ;
2329 4882 2348 4915 ι
2380 4878 2479 4918 nec
2499 4863 2838 4932 simpliciter,
2864 4861 2964 4930 Qui
2987 4868 3296 4934 peecarunt,
3329 4860 3446 4922 sed,

1889 4973 1908 5008 ι
1943 4956 2089 5022 Quos
2125 4969 2230 5012 non
2261 4954 2510 5026 paenituit
2543 4969 2765 5009 suorum
2799 4955 3066 5010 scelerum
3102 4969 3116 5006 :
3158 4970 3180 5004 ι
3217 4950 3272 5004 hi
3301 4948 3446 5003 enim

1885 5047 2030 5118 digni
2065 5057 2191 5102 sunt
2232 5049 2400 5114 luctu,
2427 5047 2516 5117 qui
2551 5046 2604 5101 in
2641 5047 2866 5103 vulnere
2897 5050 3232 5116 permanent.
3263 5039 3450 5108 Neque

1883 5140 2017 5196 istos
2053 5139 2265 5210 retegit,
2301 5141 2440 5194 dans
2470 5139 2551 5194 eis
2601 5137 2814 5194 facilem
2847 5138 2914 5192 ad
2965 5131 3333 5206 paenitentiam
3361 5142 3448 5182 re-

1885 5235 2077 5290 ditum.
2125 5231 2254 5286 Eam
2291 5233 2436 5287 enim
2470 5233 2537 5287 ob
2577 5247 2689 5286 rem
2723 5239 2779 5285 et
2814 5225 3144 5300 poenitentiae
3177 5218 3448 5282 meminit,

1884 5336 1942 5380 ut
1975 5340 2095 5380 eam
2157 5325 2445 5394 arripiant,
2504 5339 2603 5378 nec
2662 5322 2754 5376 ubi
2810 5317 3037 5379 venerit,
3085 5312 3272 5381 puniat
3328 5323 3446 5372 eos.

1883 5429 1946 5468 ac
1976 5422 2262 5482 propterea
2288 5413 2488 5481 lugeat,
2524 5410 2624 5464 hoc
2655 5418 2737 5465 est
2769 5445 2784 5470 ,
2811 5418 3024 5460 summo
3053 5412 3290 5454 mmrore
3316 5411 3450 5450 con-

1883 5507 2114 5561 liciatur.
2149 5507 2384 5560 Observa
2427 5512 2608 5556 autem
2656 5498 2795 5568 quod
2821 5493 2964 5550 istud
2998 5492 3064 5546 de
3106 5485 3453 5560 pmnitentia,

1882 5608 2102 5670 propter
2137 5594 2462 5650 Novatianos
2504 5591 2707 5646 dictum
2753 5595 2854 5642 est.
2903 5582 3007 5638 Per
3053 5576 3454 5635 immunditiam
3517 5648 3523 5656 ν

1535 5746 1736 5810 Varias
1769 5744 2097 5808 lectiones.

277 5871 511 5926 ηταῦτα
537 5890 592 5928 o.
670 5876 714 5905 “
751 5878 805 5928 ἐν
831 5891 882 5930 o.

961 5877 1006 5906 ’⁸
1059 5875 1211 5946 ὑμῶν
1257 5873 1529 5945 σωτηρίας
1556 5891 1604 5930 o.
1686 5875 1732 5906 ⁸⁸

1883 5873 2046 5927 δεῖται
2110 5883 2162 5922 o.
2240 5865 2286 5897 "
2333 5860 2718 5933 προσκαλεῖται
2755 5871 2806 5911 ο.
2886 5855 2931 5920 ’,⁸
2978 5852 3153 5903 είπείν
3185 5863 3241 5904 ο.
