3898 6578
497 372 621 437 .913

1406 378 1979 440 I‘IIEOPIIYLACTI
2025 383 2094 442 BI

2203 383 2435 443 iAllI/E
2478 384 2831 448 ARClIIEP.
3651 392 3740 456 944

520 498 700 541 autent
749 486 982 557 quodvis
1034 499 1310 558 peccatum
1369 490 1627 561 accipies,
1677 492 1908 563 quodiis
1951 493 2094 549 enim

2203 497 2354 549 πᾶσα
2377 498 2418 529 ¹⁹
2456 497 2565 568 γὰρ
2597 499 2946 570 ἀκαθάρτους
2996 503 3173 554 ποιεῖ’
3205 500 3236 571 ἢ
3290 500 3496 567 ίδικῶς,
3538 503 3630 568 τὰς
3657 507 3744 560 τῶν

514 585 790 644 peceatum
849 576 1149 631 imnmndos
1171 575 1328 632 facit.
1358 575 1454 633 νει
1486 581 1789 650 speciatim,
1825 581 2088 636 nefariam

516 682 806 738 corporum
853 669 1166 735 misturam,
1217 686 1320 740 qua
1365 669 1596 726 nefanda
1651 675 2086 731 committuntur.

519 759 633 813 Non
670 758 812 814 enim
846 775 989 814 unus
1018 770 1135 815 erat
1177 761 1267 832 qui
1301 760 1601 819 fornicatus
1632 776 1772 832 erat,
1806 767 1899 822 sed
1933 765 2089 821 inulti

515 853 671 922 idque
710 852 762 906 in
797 851 1063 923 plerisque
1098 853 1436 908 lasciviarum
1465 857 1766 923 speciebus.

1089 966 1321 1023 CAPUT
1370 968 1508 1025 Xlll.

591 1080 748 1136 Vens.
780 1083 831 1136 1.
872 1099 888 1133 ι
927 1081 1063 1136 Ecce
1088 1083 1250 1136 tertio
1283 1083 1384 1137 hoc
1427 1085 1581 1140 venio
1613 1086 1680 1140 ad
1717 1103 1809 1142 vos
1844 1105 1859 1143 :
1899 1088 1949 1142 iu
1998 1103 2093 1143 ore

511 1178 741 1231 duorum
776 1179 992 1230 testium
1025 1185 1119 1230 aut
1170 1179 1330 1230 trium
1365 1178 1529 1230 stabit
1569 1192 1730 1232 omne
1767 1181 2015 1233 verbum.
2067 1199 2085 1231 ι

512 1269 742 1323 Perinde
773 1283 834 1323 ac
879 1270 1018 1323 Deus
1049 1270 1211 1323 multa
1257 1269 1676 1336 intermittatur,
1727 1272 1778 1326 itt
1831 1272 2094 1343 supplicio

511 1371 689 1414 autem
720 1360 1000 1416 inferendo
1031 1376 1248 1430 semper
1267 1371 1554 1418 cunctatur
1580 1381 1593 1416 :
1620 1363 1762 1417 hunc
1784 1363 1849 1418 ad
1879 1365 2094 1419 modum

511 1454 752 1509 imitator
771 1455 888 1524 ejus
915 1453 1113 1510 Paulus
1144 1455 1308 1508 multa
1334 1457 1792 1525 prtetestiftcatur,
1820 1458 2091 1526 inquiens,

515 1549 665 1602 Sicut
689 1548 948 1618 scriptum
976 1555 1080 1611 est,
1111 1563 1293 1602 coram
1327 1549 1534 1603 duobus
1558 1559 1649 1603 aut
1677 1551 1847 1604 tribus
1870 1551 2094 1607 testibus

509 1653 723 1692 omnem
756 1640 1185 1693 controversiam
1225 1638 1340 1693 sive
1375 1639 1787 1707 ambiguitatem
1823 1641 1965 1706 sisti,
1995 1642 2096 1696 hoc

509 1741 588 1784 est
625 1730 934 1784 conﬁrmari
969 1748 981 1783 :
1023 1732 1094 1784 ita
1138 1731 1309 1783 tribus
1346 1731 1479 1784 meis
1512 1731 1836 1785 adventibus
1861 1771 1874 1794 ,
1931 1747 2096 1788 omne

2197 590 2528 660 σωματικῶν
2575 590 2780 661 μίξεων
2829 593 3259 664 ἀρῤητοποιίας·
3293 591 3354 646 οὐ
3401 596 3509 663 γὰρ
3547 590 3620 657 εἷς
3646 591 3746 666 ἦνό

2194 683 2524 755 πορνεύσας,
2551 685 2687 740 ἀλλά
2714 685 2923 751 πολλοὶ,
2949 675 3044 739 καὶ
3073 687 3130 738 ὲν
3155 687 3371 749 πολλοῖς
3401 687 3593 740 εἴδεσιν
3616 688 3747 742 ἀσελ-

2191 792 2383 842 γειων.

2958 899 2982 915 1

2794 982 3046 1036 ΚΕΦΑΔ.
3085 979 3183 1036 ῙΓ.

2276 1117 2294 1150 ι
2357 1097 2487 1151 Ἰδοὺ
2528 1098 2711 1169 τρίτον
2760 1099 2918 1150 τοῦτο
2975 1097 3207 1169 ἔρχομαι
3253 1099 3393 1170 πρὸς
3449 1099 3622 1168 ὑμᾶς·
3673 1100 3746 1156 ἐπὶ

2201 1191 2468 1260 στόματος
2494 1191 2586 1243 δύο
2635 1189 2932 1264 μαρτύρων
2974 1193 3069 1245 καὶ
3101 1190 3269 1262 τριῶν
3308 1190 3630 1263 σταθήσεται
3661 1199 3746 1248 πᾶν

2201 1283 2377 1354 ῥῆμα.
2427 1301 2444 1334 ›
2488 1283 2698 1352 Ὥσπερ
2745 1284 2773 1335 ὀ
2821 1283 2952 1346 Θεὸς
3003 1283 3220 1335 ἀπειλεῖ
3257 1284 3463 1349 πολλὰ,
3509 1285 3676 1354 μέλλει
3702 1287 3745 1340 δὲ

2197 1377 2285 1432 ἀεὶ
2311 1376 2446 1448 πρὸς
2466 1377 2525 1430 τὸ
2552 1375 2915 1446 τιμωρεῖσθαι
2937 1391 2950 1406 ⁸
2977 1374 3119 1429 οὕτω
3146 1376 3240 1429 καὶ
3266 1379 3293 1430 ὁ
3313 1377 3508 1429 τούτου
3541 1379 3745 1449 μιμητὴς

2199 1469 2411 1534 Παῦλος
2463 1466 3006 1540 προδιαμαρτύρεται
3064 1469 3257 1540 πολλὰ,
3315 1470 3413 1524 καί
3466 1488 3648 1542 φησιν,
3683 1472 3744 1525 ὅτι

2199 1562 2410 1633 Ὥσπερ
2443 1562 2776 1634 γέγραπται,
2813 1559 3071 1614 Ἐνὼπιον
3099 1561 3192 1615 δύο
3223 1563 3253 1631 ἢ
3280 1563 3455 1634 τριῶν
3493 1566 3746 1635 μαρτύρων

2202 1655 2456 1710 ἵστασθαι
2488 1656 2670 1709 πᾶσαν
2699 1651 3059 1723 ἀμφιϐολίαν,
3089 1655 3360 1717 τουτέστι,
3401 1655 3743 1726 βεϐαιοῦσθαι·

2198 1749 2339 1802 οὕτω
2370 1747 2466 1801 καὶ
2504 1748 2597 1802 ἐπὶ
2625 1747 2734 1801 τῶν
2761 1749 2928 1818 τριῶν
2961 1768 3063 1820 μου
3099 1749 3418 1818 παρουσιῶν
3439 1789 3455 1811 ,
3494 1749 3595 1802 πᾶν
3624 1749 3746 1820 ρἧια

512 1825 756 1890 verbum,
790 1839 895 1892 quo
922 1822 1305 1876 interminatus
1339 1837 1457 1876 sum
1491 1823 1664 1886 vobis,
1695 1832 1963 1877 statuetur
1999 1824 2094 1877 ad-

2203 1839 2552 1908 ἀπειλητικδν
2585 1841 3074 1910 κατασταθήσεται
3100 1840 3223 1894 καθ’
3255 1838 3413 1909 ὑμῶν
3433 1879 3449 1904 ,
3482 1841 3569 1892 καὶ
3601 1857 3747 1910 κυρω-

510 1918 727 1970 vcrs'um
764 1930 858 1969 vos
884 1955 898 1979 ,
927 1925 981 1969 et
1010 1914 1316 1968 stabilietur
1337 1955 1350 1980 ,
1386 1913 1486 1968 nisi
1524 1914 1879 1982 resipueritis.
1915 1912 2094 1970 Testi-

479 2015 497 2046 '-
516 2008 821 2063 moniorum
849 2007 993 2062 enim
1021 2006 1138 2061 loco
1161 2004 1422 2060 adventus
1450 2021 1576 2060 suos
1604 2006 1775 2074 ponit.

581 2100 743 2156 Vens.
777 2100 832 2154 2.
881 2118 898 2151 ι
937 2099 1168 2154 Praedixi
1206 2108 1259 2153 et
1290 2099 1543 2168 praedico,
1590 2105 1647 2151 ut
1699 2112 1937 2166 praesens
1971 2111 2095 2152 cum

508 2209 685 2250 essem
719 2196 937 2258 iterum,
965 2202 1020 2246 et
1043 2192 1236 2246 absens
1266 2206 1407 2245 nunc
1432 2191 1612 2245 scribo
1653 2191 1718 2244 iis
1745 2191 1832 2258 qui
1861 2189 2094 2246 antehac

493 2296 865 2358 'peccaverunt
889 2325 902 2350 ,
933 2295 986 2340 et
1024 2283 1250 2354 reliquis
1285 2285 1569 2348 omnibus,
1624 2284 1767 2354 quod
1800 2283 1843 2338 si
1892 2297 2094 2339 venero

509 2381 725 2446 iterum,
759 2394 864 2432 non
894 2393 1133 2448 parcam.
1188 2394 1206 2428 ι
1257 2376 1526 2444 Praedixi,
1570 2377 1782 2446 inquit,
1813 2384 1868 2430 et
1907 2389 2098 2432 rursus

497 2471 764 2540 prmdiro.
795 2468 1263 2535 Quemadmodum
1299 2468 1444 2520 enim
1480 2467 1724 2521 secundo
1755 2465 2052 2521 adveniens
2075 2505 2092 2531 ,

507 2573 562 2618 et
610 2576 851 2634 praesens
883 2560 1034 2614 vobis
1068 2559 1217 2626 dixi;
1254 2558 1335 2613 sic
1371 2559 1665 2620 etiamnum
1699 2556 1850 2610 hisce
1897 2555 2095 2609 litteris

507 2655 823 2726 pronuntio,
862 2656 928 2708 iis
951 2654 1167 2723 quidem
1205 2652 1294 2720 qui
1329 2649 1525 2721 ﬂagitia
1553 2651 1963 2710 commiserunt,
1996 2663 2095 2702 ceu

503 2748 875 2818 indigentibus
910 2745 1286 2809 correctione;
1343 2743 1568 2811 reliquis
1604 2753 1781 2796 autem
1815 2756 1913 2795 ceu
1947 2739 2097 2796 testi-

498 2840 614 2894 -lius
637 2877 652 2902 ,
683 2856 700 2890 ι
745 2837 801 2892 Si
839 2852 1028 2891 rursus
1057 2850 1276 2902 venero,
1311 2851 1420 2890 non
1451 2849 1690 2905 parcam.
1731 2853 1749 2886 ι
1795 2833 1906 2888 Nec
1938 2835 2093 2898 dixit,

505 2931 776 2997 ‘Puniam,
830 2931 923 2985 sed
967 2939 1190 2999 paterno
1237 2929 1401 2984 verbo
1455 2929 1708 2998 parcendi
1759 2943 1891 2983 usus
1939 2935 2023 2983 est
2076 2945 2090 2983 :

509 3021 663 3089 Quod
723 3023 766 3076 si
826 3022 968 3076 enim
1017 3021 1369 3087 incorrectos,
1428 3021 1623 3091 inquit,
1673 3022 1949 3088 invenero,
1988 3038 2092 3077 non

510 3114 710 3168 diutius
743 3114 1176 3182 procrastinaho.

589 3207 751 3263 Vens.
777 3209 831 3262 5.
879 3226 897 3259 ι
947 3207 1213 3274 Quoniam
1249 3206 1621 3278 probationem
1653 3207 1770 3276 ejus
1798 3209 1888 3278 qui
1921 3209 1974 3261 in
2011 3222 2095 3262 me
2119 3204 2163 3266 C

511 3301 772 3370 loquitur,
807 3299 1048 3366 Christi,
1082 3301 1350 3370 qumritis.
1387 3319 1405 3351 ι
1438 3299 1584 3356 'Cum
1616 3317 1807 3370 magna
1847 3301 2098 3371 indigna-

512 3390 659 3445 tione
703 3391 768 3445 ad
809 3399 1218 3446 contemnentes
1259 3390 1434 3460 ipsum
1473 3392 1636 3445 veluti
1683 3391 2003 3445 imbecillum
2041 3401 2095 3445 et

511 3483 664 3536 nihili
718 3482 1033 3548 hominem,
1087 3483 1200 3535 hare
1245 3482 1397 3536 dicit.
1455 3482 1901 3552 Quandoquidem
1951 3481 2093 3535 enim

511 3576 676 3632 vultis
701 3576 1005 3646 explorare,
1036 3593 1159 3630 num
1199 3575 1448 3630 Christus
1480 3577 1530 3629 in
1579 3589 1663 3630 me
1705 3586 2093 3640 commoretur,

511 3687 572 3725 ac
603 3681 884 3740 propterea
923 3685 1006 3724 me
1033 3670 1220 3724 ridetis
1252 3667 1346 3723 ce'u
1390 3669 1686 3734 inﬁrmmn,
1720 3677 1772 3722 et
1806 3683 1834 3721 a
1869 3668 2095 3722 Christo

509 3761 823 3827 desertum,
852 3763 1158 3830 agnoscetis
1208 3761 1430 3815 omnino
1454 3801 1469 3827 ,
1509 3761 1560 3813 ni
1597 3760 1760 3814 vitam
1806 3774 2096 3827 moresque

510 3864 722 3908 vestros
749 3853 1117 3910 correxeritis.
1145 3852 1551 3908 Commonstrat
1579 3858 1757 3904 autem
1791 3849 2094 3918 spiritualia

511 3957 635 3998 esse
672 3959 792 4012 qua:
828 3944 1082 4013 loquatur
1123 3942 1283 3996 verba
1309 3982 1324 4008 ,
1361 3942 1724 4011 deincepsque
1777 3937 2099 3994 nit-tuendas

511 4049 634 4090 esse
661 4033 838 4088 minas
870 4049 1017 4098 suas,
1049 4032 1274 4101 perinde
1305 4047 1366 4086 ac
1403 4033 1446 4086 si
1478 4032 1730 4086 Christus
1761 4029 2092 4100 loqueretur.

512 4125 628 4180 Non
655 4123 774 4180 ideo
798 4133 977 4179 autem
1007 4124 1264 4194 puniebat
1294 4138 1389 4178 eos
1415 4123 1575 4177 veluti
1604 4123 1976 4191 probationem
2003 4130 2096 4176 aut

510 4215 899 4286 experientiam
933 4215 1160 4270 daturus
1191 4233 1204 4270 :
1249 4229 1433 4269 verum
1463 4214 1587 4282 quia
1613 4210 1983 4266 insanabiliter
2003 4213 2096 4265 de-

511 4311 803 4378 liquerant.
837 4307 892 4363 Si
921 4323 1102 4378 cogar,
1130 4307 1325 4377 inquit,
1356 4304 1522 4376 318
1545 4319 1755 4374 pinnam
1784 4319 2000 4358 sumere
2031 4305 2096 4360 de

510 4400 686 4464 vchis,
719 4401 959 4470 adeoque
993 4400 1182 4468 punire
1214 4413 1340 4466 vos,
1375 4399 1622 4452 sentietis
1662 4410 1758 4465 per
1786 4409 1950 4465 opera
1979 4396 2095 4468 ipsa

511 4493 938 4561 explorationem
965 4506 1126 4562 quam
1158 4491 1423 4560 quaeritis.

590 4601 610 4635 ι
646 4582 746 4650 Qui
777 4599 900 4653 erga
934 4597 1030 4637 vos
1066 4598 1170 4636 non
1214 4594 1295 4637 est
1345 4583 1617 4644 inﬁrmus,
1655 4583 1748 4637 sed
1782 4592 1974 4654 potens
2009 4591 2094 4639 est

514 4678 566 4730 in
595 4675 766 4730 vobis.
803 4693 822 4726 ι
858 4673 968 4728 Cur
999 4675 1282 4744 apposuit,
1317 4692 1336 4725 ‹
1367 4673 1506 4741 Erga
1536 4690 1652 4740 vos,
1697 4692 1714 4726 ι
1745 4691 1867 4730 cum
1894 4677 2093 4746 ubique

511 4777 702 4835 potens
730 4767 836 4820 sit?
871 4766 1003 4832 Quia
1045 4766 1340 4821 verisimile
1380 4776 1498 4820 erat
1534 4781 1626 4821 eos
1647 4767 1759 4837 jam
1795 4779 1952 4822 antea
1998 4784 2095 4822 ex-

516 4867 700 4928 pertos
728 4872 849 4912 esse
882 4857 1198 4925 potentiam.
1235 4857 1326 4911 Ait
1357 4857 1520 4926 igitur
1557 4877 1571 4912 :
1606 4857 1743 4925 Quia
1782 4861 1893 4928 jam
1933 4866 2089 4914 antea

513 4951 942 5016 experimentum
975 4948 1266 5016 accepistis
1292 4988 1306 5011 ,
1337 4948 1562 5002 omnino
1602 4951 1832 5004 novistis
1863 4951 2004 5020 quod
2036 4950 2091 5004 in

513 5055 610 5095 vos
641 5056 746 5095 non
777 5041 846 5094 sit
885 5039 1149 5102 inﬁrmus,
1195 5040 1290 5092 sed
1334 5037 1513 5104 fortis,
1543 5040 1594 5094 id
1629 5049 1709 5094 est
1741 5050 1948 5108 potens.
1997 5040 2091 5096 Vel

514 5133 639 5201 quia
670 5133 730 5185 in
757 5133 858 5187 hac
885 5132 994 5184 vita
1029 5131 1320 5199 potentiam
1361 5146 1516 5185 suam
1547 5133 1597 5185 in
1630 5147 1726 5186 vos
1757 5133 2093 5188 demonstrat

512 5223 642 5278 dum
677 5223 875 5293 corrigi
921 5223 1182 5291 potestis,
1235 5224 1542 5290 percutiens
1590 5237 1686 5276 vos
1738 5239 1914 5288 nunc,
1948 5234 2004 5278 ut
2037 5226 2092 5280 in

515 5315 700 5372 futuro
743 5315 947 5383 judicio
988 5315 1224 5368 dimittat
1273 5330 1286 5365 :
1330 5328 1458 5382 erga
1506 5313 1750 5370 inﬁdeles
1807 5324 1988 5370 autem
2039 5318 2090 5371 in

515 5410 602 5461 die
623 5407 832 5476 judieii.
864 5405 1036 5460 Simul
1068 5414 1248 5460 autem
1282 5405 1486 5460 indicat
1510 5406 1674 5474 quod,
1700 5407 1909 5460 etiamsi
1931 5407 2091 5475 puni-

512 5506 668 5552 turus
705 5498 796 5561 sit,
834 5512 892 5550 se
929 5508 1104 5551 tamen
1141 5514 1244 5550 non
1279 5497 1617 5565 puniturum,
1658 5496 1750 5549 sed
1790 5495 2087 5553 Christum.

591 5609 609 5641 ι
648 5589 785 5644 Nam
815 5601 868 5644 et
901 5591 944 5644 si
979 5591 1270 5644 cruciﬁxus
1301 5597 1383 5643 est
1413 5605 1476 5643 ex
1513 5589 1852 5652 inlirmitate,
1885 5590 1978 5642 sed
2009 5590 2092 5642 vi-

2121 4546 2174 4607 D

2199 1934 2427 2006 θήσεται
2474 1933 2569 1986 ἐὰν
2602 1933 2677 2004 μὴ
2709 1934 3083 2004 μετανοήσητε
3106 1951 3120 1964 ο
3168 1934 3291 1987 ἀντὶ
3339 1931 3626 2005 μαρτύρων
3663 1935 3748 2004 γὰρ

2196 2029 2294 2087 τὰς
2322 2023 2623 2093 παρουσίας
2651 2023 2816 2077 αὑτοῦ
2850 2026 3059 2097 τίθησι.

2274 2134 2293 2167 ι
2333 2115 2647 2186 Προείρηκα
2681 2119 2776 2169 καὶ
2808 2117 3062 2188 προλέγω
3092 2117 3167 2180 ὡς
3200 2115 3391 2188 παρὼν
3423 2117 3487 2170 τὸ
3517 2117 3744 2186 δεύτερον,

2199 2207 2293 2262 καὶ
2334 2206 2489 2262 ἀπὼν
2528 2208 2622 2262 νῦν
2653 2209 2852 2280 γράφω
2879 2211 2993 2273 τοῖς
3034 2211 3522 2280 προημαρτηκόσι,
3555 2211 3637 2261 καὶ
3661 2212 3746 2272 τοῖς

2197 2300 2406 2366 λοιποῖς
2431 2303 2596 2356 πᾶσιν
2615 2343 2631 2369 ,
2657 2303 2739 2357 ὅτι
2769 2302 2864 2355 ὲάν
2893 2303 3032 2356 ἔλθω
3062 2285 3143 2366 είς
3172 2303 3232 2356 τδ
3267 2303 3430 2358 πάλιν
3453 2343 3470 2368 ,
3505 2303 3563 2355 οὐ
3601 2303 3746 2371 φείσο-

2201 2412 2322 2466 μαι.
2379 2413 2396 2447 ι
2451 2395 2562 2449 Καὶ
2609 2397 2903 2466 προεῖπον,
2940 2398 3105 2467 φησὶ,
3140 2397 3237 2450 καὶ
3291 2395 3448 2450 πάλιν
3503 2395 3740 2465 προλέγω·

2198 2483 2388 2556 ὥσπερ
2428 2486 2534 2556 γὰρ
2578 2485 2834 2557 δεύτερον
2885 2488 3337 2559 παραγενόμενος
3386 2489 3485 2542 καὶ
3523 2487 3745 2560 caprini“

2200 2577 2329 2648 ὑμῖν
2357 2572 2530 2642 εἷπον,
2564 2576 2705 2631 οὕτω
2738 2581 2833 2631 καὶ
2857 2578 2952 2632 νῦν
2977 2579 3065 2634 διά
3096 2580 3205 2632 τῶν
3235 2581 3581 2650 γραμμάτων
3609 2596 3744 2649 προα-

2198 2671 2466 2738 ναφωνῶ,
2518 2675 2631 2731 τοῖς
2670 2673 2768 2741 μὲν
2816 2672 3310 2744 προημαρτηκόσιν
3337 2713 3353 2735 .
3392 2675 3468 2737 ὡς
3515 2673 3744 2740 δεομένοις

2197 2762 2566 2835 διορθώσεως·
2605 2766 2718 2829 τοῖς
2759 2767 2813 2819 δὲ
2848 2765 3078 2832 λοιποῖς,
3117 2765 3192 2829 ὥς
3244 2765 3553 2835 μάρτυσιν
3599 2784 3616 2816 ι
3649 2765 3743 2818 Ὀτι

2198 2857 2294 2911 ἐὰν
2318 2857 2456 2912 ἔλθω
2486 2859 2566 2922 εἰς
2594 2857 2656 2911 τὸ
2688 2859 2873 2925 πάλιν,
2905 2861 2966 2914 οὗ
2999 2860 3280 2928 φείσομαι.
3319 2877 3338 2912 ι
3368 2859 3478 2914 Καὶ
3499 2860 3593 2913 οὐκ
3613 2854 3740 2926 εἷπε,

2199 2950 2430 3004 Κολάσω
2449 2992 2464 3016 ,
2513 2951 2651 3004 ἀλλά
2697 2952 2953 3022 πατρικῷ
2994 2953 3202 3022 ῥήματι
3231 2953 3508 3024 ἐχρήσατο
3528 2993 3542 3018 ,
3573 2953 3640 3022 τῷ
3665 2953 3741 3020 τῆς

2203 3043 2441 3113 φειδοῦς.
2498 3045 2560 3098 El
2596 3044 2704 3114 γὰρ
2750 3044 3109 3117 ἀδιορθώτους
3147 3044 3401 3118 εὕροιμι,
3437 3028 3610 3100 οὐκέτι
3639 3048 3741 3100 ἀνα·

2199 3135 2365 3189 δαλοῦ
2376 3154 2474 3204 μαι
2505 3136 2570 3201 ⁸¹,
2607 3136 2793 3207 φησίν.

2274 3246 2293 3278 ι
2357 3229 2510 3282 Ἐπεὶ
2552 3229 2785 3300 δοκιμὴν
2828 3227 3041 3296 ζητεῖτε
3077 3229 3171 3282 τοῦ
3221 3230 3279 3283 ὲν
3335 3229 3460 3300 ἐμοὶ
3499 3228 3739 3290 λαλοῦντος

2199 3321 2462 3390 Χριστοῦ.
2505 3341 2523 3373 ›
2552 3323 2708 3375 Μετά
2740 3321 2936 3375 πολλοῦ
2969 3321 3060 3374 τοῦ
3091 3322 3268 3390 θυμοῦ
3302 3323 3438 3393 πρὸς
3473 3323 3593 3384 τοὺς
3616 3321 3736 3385 ἐξου-

2199 3410 2490 3474 θενοῦντας
2513 3411 2676 3464 αὑτὸν
2701 3411 2776 3474 ὡς
2797 3411 2999 3471 ἀσθενῆ
3029 3414 3124 3464 καὶ
3145 3413 3582 3484 ἐξουθενημένον,
3601 3411 3738 3465 ταῦτά

2199 3489 2386 3566 φησιν.
2441 3499 2658 3570 Ἐπειδὴ
2705 3501 2812 3570 γὰρ
2845 3499 3098 3570 βούλεσθε
3130 3501 3466 3572 δοκιμάζειν,
3501 3505 3546 3556 εἰ
3573 3505 3624 3555 ὲν
3644 3504 3737 3572 ἐμοὶ

2197 3590 2225 3641 ὁ
2259 3587 2492 3658 Χριστὸς
2541 3591 2712 3653 οἰκεῖ,
2753 3592 2847 3642 καὶ
2885 3591 2972 3644 διὰ
3022 3591 3179 3645 τοῦτό
3215 3610 3283 3663 με
3335 3595 3636 3664 κωμῳδεῖτε

2197 3678 2401 3747 ἀσθενῆ
2431 3679 2526 3731 καὶ
2555 3681 2762 3750 ἔρημον
2793 3681 2888 3733 τοῦ
2923 3683 3162 3752 Χριστοῦ
3188 3703 3200 3715 ·
3231 3685 3506 3753 γνώσεσθε
3539 3687 3733 3746 πάντως,

2199 3764 2362 3834 εἴπερ
2394 3765 2713 3837 ἀδιόρθωτοι
2745 3769 2989 3838 μείνητε.
3020 3771 3272 3826 Δείκνυσι
3305 3774 3396 3838 δὲ,
3428 3776 3506 3828 ὅτι
3535 3791 3734 3843 πνευμα-

2197 3859 2326 3910 τικὰ
2371 3861 2477 3911 εἱσι
2517 3860 2584 3911 τὰ
2615 3861 2876 3930 ῥήματα,
2914 3860 2949 3916 ἃ
2987 3862 3134 3932 λέγει
3161 3904 3175 3926 ,
3233 3867 3324 3919 καὶ
3373 3866 3547 3920 λοιπὸν
3573 3868 3640 3919 δεῖ
3663 3881 3733 3932 φοι

2198 3949 2409 4002 δεῖσθαι
2441 3951 2539 4020 τὴν
2569 3952 2798 4022 ἀπειλὴν
2822 3993 2837 4018 ,
2875 3954 2950 4016 ὡς
2976 3956 3070 4008 τοῦ
3101 3957 3340 4026 Χριστοῦ
3371 3959 3656 4020 λαλοῦντος.
3676 3954 3731 4008 0'3

2196 4041 2285 4095 διὰ
2307 4042 2462 4096 τοῦτο
2486 4043 2542 4096 δὲ
2571 4045 2853 4111 ἐκόλαζεν,
2883 4048 2960 4110 ὡς
2993 4048 3225 4118 δοκιμὴν
3251 4051 3436 4114 αὐτοῖς
3464 4055 3550 4106 καὶ
3577 4053 3732 4120 πεῖραν

2195 4131 2413 4185 δώσων·
2468 4134 2608 4187 Ἀλλ’
2646 4137 2832 4209 ἐπειδὴ
2871 4138 3066 4192 ἀνίατα
3105 4142 3477 4212 ἁμαρτάνετε.
3522 4145 3578 4196 El
3604 4144 3734 4209 ἀναγ-

2197 4223 2404 4289 κασθῶ,
2437 4225 2594 4292 φησὶ,
2623 4226 2852 4281 κολάσαι
2893 4229 3058 4298 ὑμᾶς,
3103 4231 3317 4285 εἴσεσθε
3346 4233 3435 4286 διὰ
3465 4233 3566 4286 τῶν
3592 4233 3732 4302 ἔργων

2197 4313 2378 4369 αὐτῶν
2393 4317 2504 4389 «τὴν
2537 4317 2768 4390 δοκιμὴν
2803 4319 2870 4390 ἢν
2902 4319 3139 4394 ζητεῖτε.

2275 4599 2298 4632 ί
2335 4581 2432 4644 Ὃς
2456 4581 2534 4644 είς
2559 4582 2702 4652 ὑμᾶς
2719 4583 2820 4636 οὐκ
2843 4584 3077 4652 ἀσθενεῖ,
3099 4586 3233 4640 ἀλλά
3253 4588 3470 4642 δυνατεῖ
3489 4591 3542 4634 ἐν
3567 4580 3688 4649 ὑμῖν·
3709 4595 3722 4627 ³

2201 4672 2300 4724 Διά
2326 4672 2377 4724 τί
2413 4673 2719 4744 προσέθηκε
2754 4677 2836 4741 τὸ,
2873 4695 2891 4728 ι
2922 4677 3014 4740 Εἰς
3049 4679 3212 4749 ὑμᾶς,
3248 4699 3266 4731 ι
3301 4674 3476 4727 καίτοι
3503 4669 3727 4739 πανταχοῦ

2201 4761 2425 4826 δυνατός
2454 4765 2608 4829 tam;
2641 4768 2786 4820 Διότι
2819 4768 2964 4830 εἰκός
2998 4771 3144 4820 ἐστιν
3173 4766 3370 4828 αὐτοὺς
3394 4769 3484 4820 καὶ
3512 4767 3726 4836 πρότερον

2202 4855 2572 4926 πειρασθῆναι
2615 4857 2714 4927 τῆς
2740 4859 3042 4928 δυνάμεως.
3075 4857 3244 4925 Φησὶν
3273 4855 3396 4922 οὖν,
3435 4862 3512 4912 ὅτι
3549 4855 3643 4923 Ἀφ’
3668 4846 3725 4907 ὦ)

2197 4946 2297 5017 ἤδη
2322 4950 2518 5016 πεῖραν
2541 4949 2818 5019 εἰλήφατε,
2843 4949 3144 5018 γινώσκετε
3169 4950 3409 5018 πάντως,
3433 4953 3510 5003 ὅτι
3533 4951 3598 5004 είς
3616 4949 3724 5016 ὑμᾶς

2195 5039 2295 5092 οὐκ
2326 5041 2563 5106 ἀσθενεῖ,
2597 5043 2735 5095 ἀλλά
2765 5043 2999 5107 δυνατεῖ,
3029 5045 3298 5110 τουτέστι,
3327 5045 3562 5099 δύναται.
3592 5041 3724 5094 ’ίιὸτι

2195 5132 2253 5184 ὲν
2282 5130 2358 5200 τῷ
2390 5131 2490 5201 μὲν
2525 5134 2752 5203 παρόντι
2783 5134 2882 5205 τὴν
2926 5133 3154 5204 δύναμιν
3192 5135 3272 5198 είς
3309 5135 3452 5205 ὑμᾶς
3477 5136 3722 5198 δείκνυται»

2194 5223 2317 5285 τοὺς
2341 5221 2704 5294 ὄιορθωθῆναι
2731 5224 3082 5295 δυναμένους,
3115 5226 3368 5297 πλήττων
3398 5228 3508 5293 νῦν,
3537 5228 3612 5280 ἵνα
3635 5223 3724 5277 τότε

2197 5315 2382 5386 ἀφήσῃ
2403 5331 2415 5343 ’
2450 5318 2527 5378 εἰς
2557 5316 2612 5368 δὲ
2657 5319 2781 5379 τοὺς
2811 5317 3098 5382 ἀπίστους,
3135 5318 3275 5371 κατά
3306 5320 3404 5390 τὴν
3435 5321 3626 5390 ἡμέραν
3652 5312 3723 5378 τῆς

2198 5408 2456 5476 κρίσεως.
2487 5407 2740 5461 Δείκνυσι
2785 5408 2882 5461 καὶ
2913 5411 2994 5462 ὅτι
3020 5411 3063 5441 ³³
3092 5413 3138 5462 εἰ
3187 5412 3280 5464 καὶ
3315 5413 3492 5482 μέλλει
3530 5406 3723 5479 τιμωρῇ·

2201 5497 2416 5560 σασθαι,
2449 5499 2550 5551 οῦκ
2572 5499 2734 5560 αὐτὸς
2758 5503 3152 5571 τιμωρήσεται,
3187 5501 3302 5555 ἀλλ’
3334 5505 3360 5554 ὁ
3385 5502 3616 5573 Χριστός.

2280 5609 2298 5642 ι
2340 5592 2448 5644 Καὶ
2480 5593 2588 5664 γὰρ
2621 5593 2939 5665 ἐσταυρώθη
2971 5596 3028 5663 εξ
3055 5596 3378 5665 ἀσθενείας,
3429 5595 3550 5650 ἀλλὰ
3587 5593 3640 5662 ζῇ
3669 5589 3716 5637 ἐκ

1847 5710 2043 5770 Variae
2083 5709 2414 5778 lectiones.

586 5823 628 5856 ⁵⁸
658 5818 867 5882 πάντας
919 5833 973 5871 0.
1055 5817 1098 5849 ³⁰
1127 5816 1285 5870 ἀπὼν
1309 5831 1362 5871 ο.
1442 5817 1484 5847 ³¹
1521 5813 1904 5884 ἁνακαλοῦμαι
1941 5831 1993 5868 ο.

2072 5817 2115 5848 ³⁸
2151 5814 2242 5868 οὖν
2273 5837 2323 5870 υ.
