3898 6574
138 469 249 538 945

929 469 1336 533 EXPOSITIO
1372 469 1451 530 ΙΝ
1495 467 1732 528 EPIST.
1774 467 1834 526 II
1871 468 1972 528 AD
2009 466 2176 529 COR.
2205 467 2454 530 -CAP.
2495 468 2660 529 XIII.

3306 435 3434 528 eis

138 593 432 664 δυνάμεως
460 590 618 646 Θεοῦ.
659 609 676 644 ι
712 588 909 645 Πολλοὶ
945 587 1391 653 σκανδαλίζονται
1416 588 1480 640 ὲκ
1507 585 1607 656 τῆς
1640 585 1738 657 ῥή-

1864 583 1920 639 rit
1940 599 2006 638 ex
2033 584 2232 639 virtute
2256 583 2372 639 Dei.
2404 603 2421 637 ι
2451 584 2702 655 Plerique
2726 583 2827 638 hoc
2852 589 3000 637 textu
3031 579 3418 638 offenduntur:

140 703 288 750 σεως
318 684 526 757 ταύτης
551 702 564 716 ο
607 684 742 738 ἀλλὰ
772 682 909 752 μάθε
934 723 949 748 ,
985 683 1068 735 ὅτι
1110 681 1330 749 λέγεται
1360 677 1613 734 ἀσθένεια
1647 677 1738 731 καὶ

141 784 174 851 ή
202 781 301 834 τοῦ
340 778 626 852 σώματος’
670 779 892 847 λέγεται
927 777 1020 844 δέ,
1051 775 1146 830 καὶ
1180 777 1212 845 ἡ
1263 773 1394 843 περὶ
1422 773 1536 844 τὴν·
1559 772 1740 825 πίστιν

142 872 423 943 σαθρότης
445 887 460 901 ⁶
491 872 566 934 ὡς
604 871 687 938 τὸ,
726 889 743 922 ι
792 869 898 926 Τὸν
921 867 1252 924 ἀσθενοῦντα
1277 869 1342 937 τῇ
1369 866 1548 918 πίστει
1579 881 1740 935 προσ-

141 965 486 1034 λαμϐάνετε.
527 983 546 1017 ι
591 964 826 1032 Λέγεται
855 963 911 1016 δὲ
941 961 1200 1016 ἀσθένεια
1233 959 1326 1012 καὶ
1357 960 1412 1011 αἱ
1454 955 1739 1010 ἐπιϐουλαὶ

140 1057 240 1110 καὶ
287 1057 335 1108 oi
364 1055 638 1122 κίνδυνοι,
677 1055 774 1108 καὶ
825 1053 1068 1124 ἀτιμίαι,
1117 1053 1190 1114 ὡς
1239 1049 1319 1116 τὺ,
1364 1068 1380 1100 ‹
1421 1048 1638 1102 Εύδοκῶ
1684 1049 1740 1100 ἐν

142 1145 495 1209 ἀσθενείαις,
539 1163 557 1196 ι
594 1145 690 1198 καὶ
723 1143 791 1198 τὰ
832 1143 1083 1198 τοιαῦτα.
1140 1139 1300 1195 Κατά
1340 1139 1500 1192 τοῦτο
1542 1137 1633 1191 οῦν
1682 1137 1743 1190 τδ

145 1239 599 1307 σημαινόμενον,
639 1235 697 1302 ἐξ
740 1235 1026 1298 ἀσθενείας
1078 1230 1401 1302 ἐσταυρώθη
1455 1232 1482 1284 6
1535 1229 1742 1300 Κύριος

144 1327 442 1400 ἐπιϐουλὴν
466 1327 787 1399 ὑπομείνας,
812 1327 906 1380 καὶ
933 1326 1197 1390 κῖνδυνον,
1216 1322 1311 1379 καὶ
1336 1322 1496 1394 ὓϐριν
1523 1338 1536 1351 ⁸
1567 1321 1743 1374 ταῦτα

142 1425 252 1490 γὰρ
279 1421 537 1474 δοκοῦσιν
567 1421 627 1486 ἐξ
651 1419 938 1483 ἀσθενείας
972 1418 1240 1488 γίνεσθαι.
1268 1416 1483 1486 Ὠσπερ
1509 1410 1600 1468 οῦν
1632 1431 1743 1484 μω-

146 1514 270 1584 ρΞαν
306 1513 464 1582 λέγει
506 1513 716 1576 Παῦλος
749 1513 808 1565 τὸ
840 1514 1129 1582 κήρυγμα,
1175 1509 1273 1580 οὐχ
1302 1509 1377 1572 ὡς
1407 1507 1490 1573 ὃν,
1519 1505 1634 1561 ἀλλ’
1669 1505 1744 1569 ὡς

145 1605 510 1676 νομιζόμενον
555 1607 668 1667 τοῖς
711 1604 1000 1666 ἀπίστοις⁸
1036 1602 1180 1656 οὕτω
1229 1602 1322 1655 καὶ
1358 1601 1417 1666 ἐξ
1458 1599 1744 1662 ἀσθενείας

143 1699 279 1768 amat
311 1699 697 1771 σταυρωθῆναι
716 1699 806 1752 τὸν
831 1696 1055 1768 Κύριον,
1073 1698 1174 1766 τῆς
1198 1694 1565 1766 νομιζομένης
1593 1692 1746 1762 παρά

145 1795 257 1853 τοῖς
288 1791 570 1854 ἀπίστοις,
597 1791 655 1844 ού
676 1791 773 1859 τῆς
800 1788 988 1860 οῦσης.
1030 1790 1137 1859 «Ζῇ
1169 1787 1352 1856 μέντοι
1373 1788 1434 1838 ἐκ
1463 1785 1745 1853 δυνάμεως

145 1880 348 1944 Θεοῦ,»
385 1881 659 1942 τουτέστι,
686 1879 782 1934 τοῦ
813 1880 1050 1951 Πατρὶς,
1071 1881 1191 1949 ἦτοι
1223 1877 1322 1947 τῆς
1354 1875 1540 1930 αὐτοῦ’
1569 1875 1746 1928 πάντα

145 1971 254 2041 γὰρ
288 1971 363 2024 τὰ
391 1971 486 2024 τοῦ
519 1971 732 2042 Ila-.96;
761 2012 776 2034 ,
827 1970 923 2024 καὶ⁸
957 1969 1121 2024 αὑτοῦ
1154 1968 1260 2020 εἰσι
1282 1983 1294 1998 ·
1335 1967 1428 2020 καὶ
1460 1966 1527 2019 τὰ
1559 1963 1744 2025 αὐτοῦ,
1776 1937 1822 1996 Β

146 2065 241 2117 τοῦ
280 2066 524 2136 Πατρός.
556 2065 722 2118 Ὥστε
759 2065 854 2118 καὶ
902 2065 936 2134 ἡ
969 2062 1196 2132 δύναμις
1233 2060 1391 2132 κοινὴ
1413 2101 1426 2123 ,
1465 2059 1666 2131 μᾶλλον
1693 2059 1748 2111 δὲ

148 2155 314 2218 αὐτὸς
367 2158 485 2208 ἐστι
531 2154 760 2226 δύναμις
812 2154 905 2207 τοῦ
963 2151 1200 2222 Πατρός,
1253 2152 1417 2203 Ὥστε
1462 2149 1555 2202 καὶ
1589 2147 1751 2211 αὐτὸς

149 2248 353 2300 ἑαυτὸν
386 2247 708 2318 ἀνέστησεν,
735 2246 924 2317 ὥσπερ
955 2245 1049 2298 καὶ
1076 2246 1335 2314 προεῖπε·
1369 2263 1385 2294 ‹
1423 2242 1639 2297 Λύσατε
1662 2241 1751 2293 τὸν

153 2339 281 2392 ναὸν
314 2339 530 2404 τοῦτον,
563 2342 658 2392 καὶ
687 2339 863 2408 ἐγερὼ
894 2337 1079 2390 αὐτόν.
1115 2355 1132 2386 ι
1163 2333 1350 2388 Ταῦτα
1376 2335 1430 2388 δέ
1458 2334 1634 2387 πάντα
1659 2332 1750 2386 λέ-

155 2445 242 2496 γει
275 2430 305 2482 6
336 2428 569 2495 Παῦλος,
598 2429 784 2490 ἐπειδὴ
810 2427 1126 2491 ἐξουθὲνουν
1158 2427 1343 2492 αὑτὸν,
1375 2426 1449 2488 ὡς
1481 2425 1754 2495 διωκόμε-

150 2538 238 2574 ιον
272 2521 346 2592 δὴ
379 2522 475 2575 καὶ
508 2521 1016 2590 ἐπιϐουλευόμενον,
1047 2521 1142 2573 καὶ
1176 2519 1236 2584 ἐξ
1262 2519 1547 2581 ἀσθενείας
1577 2517 1754 2571 ταῦτα

157 2614 400 2682 πάσχειν
449 2611 721 2682 ἐνόμιζον.
761 2613 1041 2665 Δείκνυσιν
1074 2611 1165 2665 οῦν
1205 2613 1286 2664 ὃτι
1318 2615 1412 2665 καὶ
1461 2613 1489 2664 6
1519 2611 1754 2681 Χριστος

154 2705 314 2757 οὐδὲν
351 2706 417 2758 ἐκ
445 2704 546 2776 τῆς
590 2704 956 2776 νομιζομένης
995 2703 1202 2776 ταύτης
1255 2703 1542 2766 ἀσθενείας
1585 2719 1756 2774 παρε-

157 2793 363 2864 ϐλάϐη.

231 2907 252 2938 ι
299 2887 416 2941 Καὶ
444 2889 554 2958 γὰρ
587 2889 748 2959 ἡμεῖς
780 2886 1118 2958 ἀσθενοῦμεν
1152 2888 1208 2940 ἐν
1236 2886 1407 2957 αὐτῷ,
1435 2887 1570 2940 ἀλλὰ
1599 2885 1758 2956 ζησό,

157 2979 304 3052 μεθα
335 2981 435 3034 σὺν
466 2981 616 3052 αὐτῷ
647 2983 711 3035 ἐκ
741 2981 1023 3051 δυνάμεως
1055 2978 1190 3032 Θεοῦ
1221 2980 1297 3040 είς
1330 2979 1494 3049 ὑμᾶς.
1530 2998 1548 3030 ι
1586 2979 1756 3031 Τουτ-

80 3131 85 3138 ε
155 3071 298 3133 ἐστι,
325 3071 672 3141 Διωκόμεθα,
709 3071 1064 3141 ἑλαυνόμεθα·
1093 3071 1265 3123 ταῦτα
1284 3070 1390 3139 γὰρ
1416 3071 1448 3140 ἠ
1479 3069 1754 3124 ἀσθένεια.

161 3181 180 3216 ι
203 3163 300 3216 Ἑν
336 3162 540 3232 αὐτῷ.»
580 3165 700 3218 ἀντὶ
734 3163 849 3229 τοῦ,
883 3162 962 3216 Δι’
1001 3162 1186 3228 αὐτὸν,
1225 3163 1318 3216 καὶ
1346 3162 1404 3214 τὸ
1452 3161 1617 3215 αὑτοῦ
1648 3163 1752 3234 κή-

1845 678 1993 749 atqui
2037 678 2182 733 disce
2227 679 2368 749 quod
2410 678 2621 732 dicatur
2661 675 2950 731 inﬁrmitas
2990 681 3102 728 tum
3139 673 3421 744 corporis,

1845 783 1956 826 tmn
1993 773 2140 828 circa
2173 771 2329 826 ﬁdem
2361 771 2633 834 debilitas,
2663 780 2722 824 ut
2765 784 2829 825 eo
2863 769 2968 824 loci
3019 785 3032 823 :
3075 786 3094 821 ι
3139 767 3422 823 lnﬁrmum

1845 866 1897 918 in
1935 865 2036 918 ﬁde
2065 863 2322 934 suscipite
2354 875 2398 919 θ.
2431 882 2450 916 ι
2493 863 2694 918 Dicitur
2725 877 2911 916 rursus
2946 860 3238 915 inﬁrmitas
3261 860 3423 914 etiam

1845 957 2050 1013 insidia:
2075 958 2224 1026 ipsae,
2259 967 2314 1012 et
2345 955 2610 1028 pericula,
2633 964 2688 1010 et
2717 955 3061 1025 ignominize,
3096 963 3156 1009 ut
3194 968 3317 1008 cum
3349 952 3429 1006 di-

1845 1051 1958 1115 cit,
1991 1070 2007 1102 ι
2047 1049 2303 1105 Oblector
2329 1050 2382 1104 in
2415 1048 2820 1103 inﬁrmitatibus
2850 1046 2896 1109 τ,
2937 1065 2954 1097 ι
2989 1055 3044 1100 et
3074 1045 3291 1100 similia.
3326 1042 3427 1098 Se-

1845 1143 2082 1198 cundum
2119 1144 2260 1200 hanc
2287 1143 2452 1214 igitur
2475 1141 2926 1213 signiﬁcationem
2957 1138 3215 1192 Dominus
3245 1151 3311 1191 ex
3343 1137 3424 1189 in—

1845 1237 2102 1291 ﬁrmitate
2142 1237 2436 1292 cruciﬁxus
2476 1245 2592 1300 est,
2633 1233 2862 1288 insidias
2910 1240 2963 1286 et
3004 1229 3327 1301 periculum,
3376 1239 3430 1281 et

1846 1327 2101 1397 injuriam
2135 1343 2325 1398 passus
2360 1347 2376 1384 :
2410 1329 2524 1383 hznc
2555 1326 2700 1383 enim
2733 1326 2987 1380 videntur
3017 1339 3082 1378 ex
3113 1321 3428 1376 inﬁrmitate

1849 1419 1986 1473 ﬁeri.
2015 1419 2254 1474 Perinde
2284 1418 2448 1487 igitur
2480 1426 2536 1472 ut
2563 1414 2847 1471 stultitiam
2876 1425 3035 1468 vocat
3067 1410 3270 1466 Paulus
3299 1428 3434 1481 prae-

1847 1511 2196 1576 dicationem,
2241 1527 2348 1567 non
2400 1511 2542 1580 quod
2575 1509 2679 1574 sit,
2713 1509 2805 1562 sed
2853 1506 2994 1574 quod
3035 1504 3111 1560 ita
3158 1513 3437 1574 reputetur

1846 1603 1914 1657 ab
1946 1603 2254 1657 inlidelibus
2292 1621 2304 1656 :
2342 1601 2422 1657 sic
2464 1617 2528 1658 ex
2571 1601 2887 1655 inﬁrmitate
2924 1597 3214 1651 Dominum
3251 1596 3434 1650 cruci-

1848 1695 1939 1766 ﬁgi
1971 1695 2122 1760 dicit,
2153 1710 2270 1764 quae
2301 1695 2374 1750 ita
2405 1694 2472 1748 ab
2506 1692 2803 1749 incredulis
2835 1691 3272 1756 existimabatur,
3314 1705 3434 1743 cum

1850 1799 2153 1843 tamennon
2185 1799 2353 1844 esset.
2387 1787 2846 1842 «Vivittamenex
2873 1786 3110 1856 potentia
3147 1785 3294 1848 Dei,»
3333 1785 3434 1838 hoc.

1849 1891 1954 1944 est,
1990 1881 2195 1944 Patris,
2219 1881 2330 1934 sive
2358 1896 2454 1934 sua
2489 1879 2682 1949 ipsius.
2727 1878 2860 1932 Nam
2895 1891 3228 1946 qumcnnque
3259 1873 3444 1930 Patris,

1853 1983 1998 2034 sunt,
2023 1973 2184 2026 etiam
2218 1971 2384 2040 ipsius
2412 1981 2535 2024 sunt
2559 1973 2594 2037 ;?
2625 1980 2678 2024 et
2719 1985 2836 2040 quae
2873 1969 3043 2038 ipsius
3069 1976 3216 2033 sunt,
3263 1967 3440 2021 Patris

1852 2079 1998 2123 sunt.
2051 2068 2218 2137 Igitur
2249 2079 2303 2121 et
2335 2067 2574 2138 potentia
2607 2065 2916 2122 communis
2953 2073 3035 2120 est
3053 2063 3179 2130 ,.vcl
3221 2065 3398 2134 potius
3420 2100 3440 2131 ,

1856 2161 1967 2229 ipse
1993 2169 2076 2215 est
2098 2160 2339 2229 potentia
2364 2148 2565 2213 Patris.
2591 2157 2826 2213 Proinde
2863 2157 2976 2227 ipse
3004 2156 3164 2211 etiam
3201 2157 3439 2226 seipsum

1854 2253 2105 2306 excitavit
2132 2291 2148 2316 ,
2177 2253 2318 2307 sicut
2347 2236 2596 2322 prazdixit
2625 2261 2650 2299 8
2686 2269 2699 2306 :
2734 2269 2752 2303 ι
2788 2250 2991 2305 Solvite
3021 2249 3278 2318 templum
3316 2248 3440 2312 hoc,

1855 2353 1908 2398 cl.
1937 2345 2185 2401 excitabo
2219 2344 2372 2398 illud.
2412 2363 2430 2396 ›
2473 2343 2597 2398 llaec
2631 2354 2814 2397 autem
2846 2343 3028 2398 omnia
3063 2339 3197 2396 dicit
3220 2338 3441 2402 Paulus,

1855 2438 1982 2507 quia
2015 2436 2438 2492 contemnebant
2478 2435 2652 2504 ipsum
2684 2475 2699 2498 ,
2754 2445 2812 2488 nt
2856 2435 2941 2502 qui
2980 2432 3443 2502 persecutionibus

1857 2539 1912 2583 et
1943 2528 2152 2582 insidiis
2185 2539 2328 2581 esset
2350 2527 2648 2590 obnoxius,
2683 2535 2845 2595 atque
2876 2540 2938 2578 ex
2982 2523 3299 2577 inﬁrmitate
3331 2521 3444 2575 haec

1857 2635 1978 2674 eum
2003 2621 2106 2690 pati
2127 2617 2532 2673 existimabant.
2554 2616 2805 2674 Ostendit
2831 2617 3010 2685 itaque
3031 2615 3170 2680 quod
3194 2613 3444 2668 Christus

1858 2729 1928 2770 ex
1953 2714 2078 2779 hac,
2110 2723 2170 2769 ut
2198 2714 2489 2783 putabatur
2511 2751 2527 2778 ,
2564 2711 2882 2766 inﬁrmitate
2912 2708 3042 2762 nihil
3073 2707 3256 2761 damni
3285 2721 3442 2760 accc-

1858 2808 2021 2879 perit.

1930 2898 2098 2955 Vens.
2131 2901 2184 2954 4.
2221 2919 2239 2950 ι
2276 2897 2411 2952 Nam
2445 2907 2499 2954 et
2527 2913 2624 2953 nos
2653 2896 2851 2952 inﬁrmi
2882 2910 3072 2950 sumus
3103 2894 3153 2947 in
3185 2893 3322 2962 ipso,
3351 2890 3444 2944 sed

1861 2988 2111 3043 vivemus
2153 3002 2274 3042 cum
2325 2988 2441 3057 ipso
2474 3001 2539 3041 ex
2588 2985 2788 3040 virtute
2825 2983 2918 3037 Dei
2948 2997 3076 3052 erga
3127 2995 3243 3034 vos.
3283 2998 3300 3030 ι
3336 2977 3447 3031 Hoc

1861 3089 1966 3146 est,
2006 3079 2449 3136 Persecutionem
2483 3079 2740 3148 patimur,
2778 3078 3052 3148 agitamur
3096 3093 3111 3133 :
3154 3073 3267 3129 hzec
3301 3073 3444 3127 enim

1862 3189 1946 3234 est
1977 3178 2283 3233 inﬁrmitas.
2320 3196 2337 3229 ι
2376 3176 2431 3230 ln
2464 3178 2602 3243 ipso,
2637 3193 2655 3227 ι
2691 3175 2794 3228 hoc
2823 3183 2925 3235 est,
2976 3165 3202 3242 Propter
3245 3171 3445 3240 ipsum,

161 3273 381 3328 ρυγμα.
423 3255 564 3309 Ἀλλ’
592 3257 781 3328 ὥσπερ
812 3257 1018 3314 ἐκεῖνος
1049 3256 1109 3308 ού
1139 3254 1464 3325 παρεὸλάϐη
1489 3297 1502 3316 ,
1538 3251 1755 3308 ἐπιδουι

1864 3273 2145 3342 ipsiusque
2174 3271 2422 3325 verbum.
2455 3270 2522 3322 At
2556 3266 2781 3337 perinde
2806 3279 2870 3320 ac
2903 3264 2994 3320 ille
3034 3279 3138 3318 non
3177 3270 3261 3317 est
3289 3261 3448 3316 lzesus

157 3347 404 3412 λευθεὶς,
431 3348 604 3411 οὓτως
624 3348 744 3400 οὐδὲ
774 3349 933 3423 ἡμεῖς
950 3365 963 3378 °
985 3347 1119 3401 άλλά
1142 3346 1420 3418 ζησόμεθα
1447 3348 1544 3400 σὺν
1567 3346 1716 3418 αύτῷ
1736 3363 1750 3378 ο

157 3441 472 3506 τουτέστιν,
515 3441 804 3511 Ἀήττητοι
836 3440 1249 3511 εὑρεθησόμεθα
1275 3441 1354 3502 είς
1390 3440 1564 3510 ὑμᾶς’
1599 3457 1755 3494 τουτ-

161 3535 341 3596 έστιν,
380 3536 460 3596 είς
504 3536 606 3606 τὴν
647 3534 922 3604 ὑμετέραν
967 3533 1260 3604 ὠφέλειαν,
1307 3534 1534 3602 Μήποτε
1567 3533 1624 3587 δὲ
1674 3533 1756 3587 ἔτι

161 3626 326 3693 φοόεῖ
379 3625 612 3689 αὐτοὺς,
652 3625 736 3678 ὅτι
785 3625 847 3678 El
902 3627 998 3678 καὶ
1044 3626 1254 3678 δοκεῖτε
1303 3627 1454 3696 ἡμᾶς
1488 3625 1756 3690 ἀσθενεῖς,

161 3719 306 3772 ἀλλὰ
330 3718 534 3783 ζῶντές
556 3719 724 3789 ἐσμεν
753 3720 832 3780 εἰς
860 3718 1026 3788 ὑμᾶς,
1053 3719 1352 3786 τουτέστιν,
1393 3720 1471 3783 είς
1503 3719 1584 3786 τὸ,
1617 3722 1670 3774 ετ
1693 3737 1756 3789 γε

167 3812 246 3882 μὴ
277 3811 639 3882 διορθωθῆτε,
673 3812 907 3866 κολάσαι
952 3813 1118 3882 ὑμᾶς.

243 3923 265 3958 ι
321 3905 584 3969 Ἑαυτοὺς
621 3905 933 3977 πειράζετε,
971 3907 1020 3957 εί
1049 3907 1173 3961 ἐστέ
1207 3907 1263 3960 ἐν
1293 3907 1359 3978 τῇ
1394 3908 1596 3976 πίστει,
1629 3911 1758 3962 ἐαυ-

163 3999 300 4059 τοῦς
340 3995 692 4061 δοκιμάζετε.
734 4015 752 4047 ι
796 3998 908 4050 Καὶ
937 3986 989 4050 ei
1024 3997 1188 4064 λέγω,
1228 3998 1380 4067 φησὶ,
1432 4001 1556 4068 περὶ
1589 4001 1761 4068 ἐμαυ-

165 4088 264 4142 τοῦ
293 4129 306 4150 ,
332 4091 416 4141 ὅτι
459 4090 486 4141 6
520 4087 756 4157 Χριστὸς
791 4089 846 4142 ἐν
887 4089 1013 4158 ἐμοὶ
1047 4089 1200 4140 λαλεῖ
1224 4128 1238 4153 ,
1290 4090 1382 4142 καὶ
1414 4090 1493 4142 ὅτι
1528 4090 1761 4161 δύναμαι

171 4179 302 4249 μὲν,
337 4177 480 4250 πλὴν
503 4179 712 4231 ἐκεῖνον
739 4177 1074 4258 μιμούμενος
1106 4178 1197 4230 τὸν
1229 4179 1631 4250 σταυρωθέντα,
1664 4181 1763 4232 οὐκ

167 4271 544 4342 ἐπεξέρχομαι
564 4272 728 4341 ὑμῖν;
764 4272 874 4324 Καὶ
898 4273 1057 4342 ὑμεῖς
1078 4273 1210 4343 γὰρ,
1241 4274 1289 4325 εί
1317 4273 1614 4344 βουληθῆτε
1640 4274 1765 4329 ἑαυ-

170 4366 301 4427 τοὺς
335 4363 588 4428 ἐξετάσαι
617 4404 632 4430 ,
664 4363 860 4434 ὄψεσθε
909 4365 966 4417 ἐν
1005 4365 1217 4428 ἑαυτοῖς
1253 4366 1342 4418 τὸν
1377 4365 1612 4436 Χριστόν
1635 4384 1648 4396 ο
1690 4367 1767 4420 εἶ-

172 4474 286 4526 περ
319 4458 477 4528 ἔχετε
523 4460 723 4522 πάντες
754 4459 855 4530 τὴν
903 4457 1086 4512 πίστιν
1128 4459 1216 4529 (οί
1253 4460 1362 4531 γὰρ
1413 4458 1765 4522 πιστεύοντες

173 4546 301 4600 τότε
329 4549 813 4621 ἐθαυματούργουν
839 4550 857 4620 )
879 4591 894 4616 ,
926 4551 957 4620 ἢ
1001 4551 1102 4620 τὴν
1131 4551 1320 4614 ἁπλῶς
1354 4553 1568 4619 πίστιν,
1601 4551 1634 4620 ἢ
1666 4551 1765 4622 τὴν

1864 3364 2077 3420 insidiis
2095 3365 2314 3434 petitus,
2337 3362 2416 3417 sie
2436 3376 2606 3430 neque
2623 3373 2740 3413 nos.
2763 3357 2868 3412 Sed
2895 3357 3136 3411 vivemus
3164 3370 3284 3408 cum
3310 3353 3448 3422 ipso,

1867 3457 1917 3510 id
1937 3465 2040 3522 est,
2073 3453 2421 3510 lnviucibiles
2453 3449 2790 3505 inveniemur
2820 3462 2944 3514 erga
2977 3461 3093 3508 vos,
3127 3445 3231 3498 hoc
3258 3455 3359 3506 est,
3381 3443 3448 3495 ad

1867 3556 2098 3602 vestram
2123 3541 2586 3600 commoditatem.
2611 3536 2863 3591 Fortasse
2890 3541 3071 3589 autem
3093 3532 3262 3586 adhuc
3281 3537 3448 3582 terret

1866 3654 1980 3702 eos,
2003 3637 2138 3691 Nam
2163 3635 2207 3691 si
2236 3633 2458 3704 putatis,
2493 3629 2766 3700 inquiens,
2791 3638 2846 3681 et
2886 3643 2983 3682 nos
3031 3640 3149 3679 esse
3181 3621 3447 3682 inﬁrmos,

1865 3729 2057 3785 scitote
2090 3741 2188 3780 nos
2213 3739 2334 3780 esse
2363 3723 2605 3778 viventes
2635 3734 2764 3788 erga
2793 3732 2918 3780 vos,
2943 3716 3046 3770 hoc
3071 3726 3153 3769 est
3175 3754 3189 3776 ,
3220 3712 3286 3765 ad
3321 3726 3413 3764 vos
3435 3753 3448 3776 ,

1867 3821 1969 3876 nisi
2001 3820 2162 3874 vitam
2193 3827 2248 3873 et
2273 3830 2454 3871 mores
2481 3813 2639 3869 aliter
2661 3809 3029 3868 institueritis.
3059 3805 3379 3877 ptuiiendos.

1937 3912 2104 3966 Vsus.
2138 3910 2192 3965 5.
2225 3928 2244 3961 ι
2284 3907 2394 3964 Vos
2436 3907 2583 3977 ipsos
2617 3913 2852 3968 tentate,
2891 3917 3016 3954 nmn
3064 3898 3183 3953 sitis
3227 3898 3280 3952 in
3327 3895 3449 3957 ﬁde,

1868 4005 1970 4074 ipsi
2003 4020 2097 4060 vos
2125 4003 2373 4074 probate.
2402 4020 2422 4054 ι
2463 4000 2603 4065 Quid
2634 3998 2833 4062 dicam,
2864 3993 3030 4066 319
3053 3990 3249 4062 inquit,
3277 3991 3341 4045 de
3369 4004 3452 4043 me

1869 4100 2006 4164 ipso,
2040 4095 2182 4166 quod
2217 4094 2469 4150 Christus
2498 4098 2549 4148 in
2579 4108 2666 4147 me
2697 4090 3058 4166 loquatur,_et
3087 4083 3232 4154 quod
3267 4091 3453 4154 potens

1869 4191 1994 4255 sim,
2038 4189 2184 4242 illum
2221 4197 2400 4242 tamen
2445 4185 2768 4242 cruciﬁxum
2801 4160 3081 4244 lmitatus,
3113 4191 3216 4232 non
3260 4175 3453 4234 invado

1870 4281 2006 4336 vos?
2035 4279 2168 4334 Nam
2197 4278 2283 4333 vel
2309 4292 2425 4341 vos,
2458 4277 2502 4330 si
2531 4277 2740 4331 vosmet
2766 4273 3054 4342 explorare
3086 4266 3285 4332 velitis,
3311 4265 3453 4320 vide-

1870 4372 1996 4425 laitis
2028 4369 2081 4424 in
2114 4369 2266 4425 vobis
2292 4369 2425 4439 ipsis
2456 4365 2736 4422 Christum
2771 4382 2785 4418 :
2825 4363 2871 4419 si
2896 4361 3112 4432 quidem
3139 4373 3330 4414 omnes
3354 4357 3453 4411 ha-

1872 4465 2008 4519 betis
2038 4463 2194 4518 ﬁdem
2219 4460 2545 4532 (credentes
2573 4458 2718 4513 enim
2754 4468 2862 4510 tum
2891 4453 3150 4524 miracula
3179 4448 3453 4518 edebant),

1873 4558 1956 4611 vel
1991 4557 2148 4610 Iidem
2183 4555 2524 4624 simpliciter,
2557 4552 2639 4607 vel
2669 4551 2970 4620 signorum,
2999 4565 3120 4619 qua:
3167 4545 3451 4614 specialior

175 4638 289 4692 τῶν
333 4642 608 4708 σημείων,
648 4643 772 4712 ἥτις
824 4642 1111 4711 ίδικωτέρα
1162 4644 1330 4697 ἐστίν.
1382 4643 1582 4708 Ὥστε,
1618 4645 1666 4696 εί
1708 4646 1755 4697 ἐι

1871 4659 1974 4703 est.
2000 4648 2235 4703 Proinde
2255 4648 2300 4701 si
2322 4647 2374 4700 in
2400 4646 2550 4700 vobis
2571 4644 2850 4714 discipulis
2875 4642 3130 4699 Christus
3157 4649 3261 4706 est,
3289 4636 3455 4694 multo

177 4731 310 4799 ὑμῖν
335 4733 446 4793 τοῖς
477 4731 744 4800 μαθηταῖς
773 4736 801 4787 6
823 4735 1056 4806 Χριστὸς
1076 4777 1090 4798 ,
1119 4735 1300 4806 πολλῷ
1330 4737 1531 4806 μᾶλλον
1561 4740 1616 4790 ἐν
1642 4737 1766 4808 ἐμοὶ

175 4820 257 4890 τῷ
285 4820 615 4892 διδασκάλῳ.

260 4931 280 4964 ι
312 4913 384 4965 Ἣ
417 4913 518 4966 ούκ
551 4915 944 4984 ἐπιγινώσκετε
981 4919 1210 4982 ἑαυτοὺς
1239 4960 1252 4984 ,
1284 4920 1367 4972 ὅτι
1406 4917 1612 4990 Ἰησοῦς
1638 4919 1771 4990 Χρι-

181 5003 309 5066 στός
340 5004 487 5057 ἐστιν
515 5006 574 5058 ὲν
600 5006 732 5076 ύμῖν
758 5049 772 5073 ,
810 5010 859 5061 εί
893 5011 1024 5080 μήτι
1055 5011 1307 5081 ἀδόκιμοί
1339 5015 1495 5077 sats;
1539 5033 1556 5064 ι
1595 5011 1766 5066 Τουτ-

181 5097 334 5150 έστιν
357 5139 371 5162 ,
401 5098 450 5149 εί
488 5099 619 5168 μήτι
657 5099 949 5167 ὲξεπὲσετε
982 5104 1080 5172 τῆς
1126 5104 1348 5175 χάριτος
1375 5105 1482 5158 τῶν
1528 5105 1769 5175 σημείων

181 5189 250 5258 ἡν
276 5187 520 5241 ἐλάϐετε.
555 5190 858 5244 Λίνίττεται
887 5192 942 5245 δέ
985 5194 1184 5256 αὐτοὺς
1214 5195 1308 5247 καὶ
1337 5193 1660 5263 διεφθάρθαι
1691 5195 1771 5255 είς

183 5284 276 5334 τὸν
313 5280 450 5351 βίον.
497 5283 715 5354 Ἐπειδὴ
763 5285 886 5357 γὰρ·
919 5286 1103 5338 πολλοὶ
1155 5285 1339 5339 πίστιν
1377 5285 1628 5354 ἔχοντες,
1671 5283 1772 5352 τῆς

184 5375 294 5428 τῶν
345 5375 642 5445 θαυμάτων
677 5379 955 5449 ἐνεργείας
993 5376 1132 5450 ἦσαν
1197 5379 1417 5450 ἄμοιροι
1444 5377 1510 5441 ³³,
1558 5377 1653 5430 ἀτε
1692 5377 1774 5428 δι-

190 5467 526 5539 εφθαρμένοι
555 5471 644 5523 τὸν
677 5469 812 5540 βίον,
843 5473 1004 5542 φησὶν
1040 5473 1145 5536 ὅτι,
1187 5473 1275 5536 Ὦς
1303 5472 1502 5534 ἔοικεν,
1534 5470 1634 5522 οὐκ
1664 5469 1776 5520 ἐπι-

192 5560 488 5629 γινώσκετε
535 5563 764 5627 ἐαυτοίις
813 5563 896 5617 ὃτι
926 5563 1041 5617 ἔστι
1075 5564 1310 5636 Χριστὸς
1341 5567 1398 5617 ἐν
1439 5563 1605 5632 ύμῖν;
1659 5561 1776 5613 Ούκ

301 5731 324 5758 ο
358 5719 514 5775 Rom.
570 5736 681 5788 xw,
742 5723 790 5776 l.
947 5723 966 5762 τ
1009 5721 1053 5777 lI
1077 5723 1202 5780 Cor.
1240 5738 1337 5791 xu,
1371 5723 1454 5778 l0.

1875 4744 2045 4812 magis
2075 4742 2128 4795 in
2163 4755 2248 4794 me
2281 4747 2613 4809 praeceptore
2643 4746 2848 4792 vestro.

1942 4921 2212 4974 «'Ann’on
2274 4919 2601 4989 cognoscitis
2653 4917 3050 4987 vosmetipsos,
3114 4914 3256 4985 quod
3302 4911 3454 4966 Jesus

1871 5012 2124 5068 Christus
2156 5013 2208 5065 in
2241 5009 2396 5065 vobis
2427 5021 2536 5076 est,
2571 5009 2674 5064 nisi
2714 5009 2927 5079 reprobi
2960 5007 3123 5062 sitis?
3156 5025 3174 5057 ι
3217 5003 3327 5057 lloc
3356 5011 3455 5062 est,

1877 5106 1979 5160 nisi
2011 5103 2328 5160 excideritis
2360 5119 2390 5158 e
2427 5104 2603 5173 gratia
2639 5102 2919 5172 signorum
2954 5114 3116 5169 quam
3151 5093 3455 5164 accupistis.

1873 5192 2055 5248 lnnuit
2088 5203 2270 5248 autem
2299 5207 2395 5247 eos
2423 5192 2474 5245 in
2509 5191 2617 5245 vita
2658 5203 2943 5258 corruptos
2978 5203 3118 5244 esse.
3152 5185 3284 5252 Quia
3317 5183 3456 5238 enim

1876 5283 2123 5356 plerique
2154 5285 2310 5339 ﬁdem
2361 5284 2661 5349 habentes,
2707 5281 3092 5335 miraculorum
3132 5273 3456 5345 operationis

1878 5389 2128 5448 expertes
2155 5386 2348 5443 erant,
2382 5391 2445 5432 eo
2479 5377 2620 5446 quod
2661 5376 2710 5428 in
2746 5374 2855 5428 vita
2886 5371 3124 5438 corrupti
3169 5378 3320 5422 erant
3345 5406 3360 5426 ,
3394 5365 3456 5423 Ut

1871 5470 2112 5534 videtur,
2157 5470 2366 5540 inquit,
2421 5485 2525 5522 non
2587 5467 2884 5536 agnoscitis
2944 5481 3038 5519 vos
3084 5465 3265 5532 ipsos,
3318 5458 3457 5530 quod

1877 5560 2126 5614 Christus
2147 5559 2306 5614 Jesus
2337 5567 2421 5614 est
2450 5557 2502 5612 in
2526 5555 2718 5611 vobis?
2749 5553 2862 5610 Non
2897 5561 2979 5608 est
3010 5549 3186 5606 autem
3211 5550 3264 5604 in
3287 5547 3458 5614 vobis,

1608 5723 1632 5761 ⁸
1660 5717 1816 5773 Joan.
1872 5732 1932 5780 ll,
1973 5717 2058 5772 I9.

1511 5839 1709 5901 Varia:
1735 5838 2065 5901 lectiones.

273 5940 315 5971 ³³
339 5937 536 6011 ἔρημοι
567 5956 620 5996 0.

569 6037 610 6070 δ
678 6059 690 6087 ρ
