3898 6570
247 443 332 508 919

909 434 1319 495 EXI’OSITIO
1355 435 1433 495 ΙΝ
1464 434 1703 496 EPIST.
1745 435 1808 498 II
1848 435 1948 495 AD
1989 435 2157 496 COR.
2187 460 2256 470 -·
2284 435 2442 496 CAP.
2471 433 2642 496 XIII.

3338 426 3446 490 950

243 553 499 623 ἀποτόμως
532 547 840 619 χρήσωμαι.
877 547 1017 600 κατὰ
1066 545 1163 617 τὴν
1202 547 1451 614 ἐξουσίαν
1498 548 1564 618 ἢν
1596 546 1767 600 ἔδωκὲ

1881 563 2110 618 βιτεεοηε
2149 549 2341 604 durius
2369 562 2557 615 agam,
2593 546 2893 602 secundum
2928 550 3250 614 potestatem
3281 559 3442 611 quam

246 667 318 720 μοι
343 649 368 699 6
385 645 575 713 Κύριος
596 643 672 703 είς
698 639 1006 708 οἰκοδομὴν,
1033 639 1125 693 καὶ
1142 639 1241 692 οὐκ
1267 641 1345 702 είς
1376 639 1718 710 καθαίρεσιν.
1743 656 1765 690 ι

253 736 437 805 Ἐπειδὴ
462 733 658 803 σφίδρα
683 730 987 802 ἐπέπληξεν
1015 731 1214 793 αὐτοὺς
1242 731 1337 784 καὶ
1364 731 1646 802 ἠπείλησε,
1673 730 1774 784 νῦν

242 827 571 892 ἀπολογεῖται,
598 821 690 876 καί
719 837 881 892 φησι⁸
920 821 1018 875 Διὰ
1042 820 1202 875 τοῦτο
1227 819 1402 883 οὕτως
1430 819 1668 891 ἔγραψα,
1693 819 1770 884 ὡς

239 911 524 982 βουλόμενος
555 908 683 978 ἄχρι
711 909 820 962 τῶν
851 910 1200 980 γραμμάτων
1233 903 1374 962 εἶναι
1405 909 1504 981 τὴν
1537 908 1768 981 ἀπειλὴν

237 1011 314 1062 καὶ
337 1006 423 1077 τὴν
453 1001 786 1073 ἀποτομίαν,
816 1002 951 1056 ἀλλὰ
978 1003 1053 1073 μὴ
1084 1003 1142 1055 ὲν
1183 1003 1296 1066 τοῖς
1322 1001 1504 1071 ἔργοις
1533 1001 1774 1072 ἐπιδελιχδ

236 1102 387 1170 θῆναι.
418 1095 504 1166 Μὴ
533 1093 925 1165 διορθωθέντας
950 1094 1060 1165 γάρ
1085 1094 1304 1150 κολάσω
1327 1094 1546 1157 πάντως
1572 1095 1768 1148 almus-

235 1207 348 1262 μως,
377 1188 555 1257 ἐπειδὴ
587 1186 836 1251 ἐξουσίαν
867 1186 1076 1240 δέδωκὲ
1102 1205 1192 1258 μοι
1210 1189 1240 1241 6
1263 1185 1488 1258 Κύριος.
1526 1187 1620 1240 Ἐκ
1645 1184 1788 1239 τού-·

231 1302 306 1338 του
327 1278 410 1336 οῦν
437 1280 704 1335 δείκνυσιν
736 1280 818 1334 ὅτι
856 1280 951 1332 καὶ
985 1280 1014 1332 ό
1047 1279 1251 1350 Κύριος
1289 1278 1357 1331 δι’
1392 1278 1558 1332 αὐτοῦ
1601 1278 1771 1349 μέσου

230 1375 437 1437 κολάζει.
471 1372 742 1428 Δεικνύων
773 1371 831 1426 δὲ
872 1372 956 1425 ὅτι
997 1371 1100 1424 οὐκ
1143 1370 1405 1442 ἐπιθυμεῖ
1445 1373 1512 1442 τῇ
1550 1369 1772 1441 ὶξουσίᾳ

229 1465 496 1538 χρησασθαι
528 1465 609 1528 εἰς
647 1463 745 1535 τὴν
780 1463 1005 1518 ἐκείνων
1041 1464 1350 1534 τιμωρίαν,
1390 1461 1770 1535 προσέθηκεν,

225 1559 292 1611 ὃτι
323 1557 554 1618 ιΟὐκῖείς
583 1555 927 1626 καθαίρεσιν,
959 1553 1076 1609 ἀλλ’
1103 1555 1182 1620 είς
1213 1553 1502 1626 οἰκοδομήν
1527 1569 1576 1607 ἰ
1609 1571 1770 1608 τουτ-

227 1651 357 1713 έστι,
386 1647 809 1718 προηγουμένως
837 1647 866 1700 6
910 1647 1117 1719 Κύριος
1161 1647 1222 1700 οὺ
1267 1646 1515 1718 βούλεται
1571 1645 1771 1701 καθαίδ

227 1739 422 1812 ρεινιί.
462 1737 784 1810 καθαιρεῖν]
804 1738 871 1804 ³⁸,
931 1739 1050 1810 ἦτοι
1083 1739 1359 1806 κολάζειν,
1409 1739 1526 1792 ἀλλ’
1567 1737 1772 1792 οἰκοδο-

226 1839 347 1906 μεῖν,
375 1833 668 1900 τουτέστιν,
707 1833 1019 1904 εὐεργετεῖν
1039 1848 1051 1863 ’
1088 1833 1228 1906 πλὴν
1250 1834 1342 1888 καὶ
1369 1834 1432 1888 τὸ
1450 1836 1560 1896 τοῖς
1586 1833 1772 1903 ἀδιορ-

1873 640 2132 694 Dominus
2165 640 2312 694 dedit
2361 639 2494 693 mihi
2543 639 2597 693 in
2645 637 3092 700 aedificationem,
3129 643 3186 689 et
3239 651 3347 688 non
3390 636 3443 690 in

1874 733 2318 787 destruetionem.
2355 749 2375 782 ι
2411 731 2698 800 Postquam
2730 730 2931 784 acriter
2953 735 3048 782 eds
3074 736 3364 788 terruerat,
3394 737 3448 781 et

1872 823 2252 879 interminatus
2282 830 2432 888 eral,
2471 837 2610 877 nunc
2637 821 3006 876 defensionem
3039 829 3198 890 parat
3227 858 3242 882 ,
3279 818 3410 872 Eam
3430 858 3446 882 ,

1874 916 2162 988 inquiens,
2215 915 2286 971 ob
2334 929 2557 970 causam
2604 914 2682 969 sic
2716 913 2946 982 scripsi,
2988 912 3134 983 quod
3182 911 3445 967 voluerim

1871 1009 2050 1065 minas
2076 1018 2130 1064 et
2165 1006 2512 1063 severitatem
2544 1007 2612 1062 ad
2641 1005 2852 1060 litteras
2883 1020 3057 1074 usque
3085 1017 3242 1067 esse,
3269 1018 3446 1073 neque

1873 1117 1932 1158 re
1949 1103 2066 1172 ipsa
2085 1112 2140 1158 et
2161 1101 2418 1172 operibus
2441 1098 2828 1155 demonstrari.
2858 1095 2974 1151 Non
3002 1105 3276 1151 correctos
3302 1095 3446 1148 enim

1872 1193 2094 1248 omnino
2115 1195 2326 1249 duriter
2349 1193 2565 1263 puniam
2599 1207 2665 1248 ae
2687 1206 2897 1256 severe,
2922 1193 3180 1262 quoniam
3207 1198 3446 1261 potesta-

1871 1291 1980 1340 tem
2014 1285 2168 1342 dedit
2205 1286 2334 1340 mibi
2366 1284 2650 1340 Dominus.
2679 1283 2818 1340 Hine
2853 1284 3056 1338 indicat
3087 1281 3230 1350 quod
3268 1281 3450 1335 Domi-

1873 1389 1976 1432 nus
2005 1379 2166 1433 etiam
2197 1393 2293 1448 per
2324 1379 2532 1448 ipsum,
2563 1386 2623 1432 ut
2654 1377 2914 1439 medium,
2944 1375 3120 1445 punit.
3154 1373 3446 1428 Common-

1874 1479 2058 1525 strans
2085 1481 2250 1540 porro
2267 1471 2411 1540 quod
2435 1483 2543 1525 non
2569 1469 2837 1524 desideret
2865 1475 3133 1538 potestate
3157 1477 3252 1518 sua
3279 1465 3351 1517 uti
3381 1466 3446 1518 ad

1873 1561 2092 1616 illorum
2125 1562 2471 1630 supplicium,
2505 1561 2780 1632 apposuit,
2813 1578 2830 1612 ι
2871 1557 2986 1614 Non
3014 1559 3080 1611 ad
3116 1557 3447 1612 destructio-

1873 1669 2030 1718 nem,
2067 1655 2160 1709 sed
2195 1653 2262 1708 ad
2304 1654 2716 1710 aedificationem
2755 1670 2770 1708 :
2815 1671 2835 1705 ι
2884 1652 2987 1707 lrcc
3021 1659 3144 1714 est,
3182 1648 3449 1718 imprimis

1874 1741 2135 1799 Dominus
2175 1756 2286 1798 non
2315 1744 2430 1799 vult
2461 1745 2766 1808 destruere,
2791 1744 2905 1799 sive
2935 1741 3152 1812 punire,
3188 1741 3286 1795 sed
3311 1741 3446 1795 aedi-

1874 1831 2074 1900 ficare,
2109 1834 2211 1890 boc
2249 1844 2366 1902 est,
2401 1835 2741 1890 benefacere.
2787 1834 2950 1904 Atqui
2986 1831 3446 1901 incorrigibilibus

222 1900 385 1992 θὼτοις
416 1929 641 1995 ἐπάγειν
673 1928 715 1960 ³⁷
897 1900 1236 1998 καθαίρεσιν,
1278 1926 1586 1998 οἰκοδομεῖν
1626 1900 1764 1984 ἐστι.

1881 1923 2300 1981 destructionem
2326 1927 2602 1992 inducere,
2635 1928 2904 1985 aedificare
2932 1939 3037 1983 est.

281 2038 298 2072 t
331 2021 398 2073 T6
421 2018 626 2084 λοιπόν,
661 2020 903 2088 ἀδελφοὶ,
933 2019 1175 2091 χαίρετε.
1210 2036 1229 2070 ι
1291 2016 1465 2087 Ἐγὼ,
1509 2018 1664 2089 φησι,
1697 2017 1768 2072 τὰ

219 2111 428 2180 ἐμαυτοῦ
477 2110 735 2180 ἐποίησα.
799 2110 1126 2164 Ὕπόλοιπον
1169 2105 1263 2164 οῦν
1306 2112 1454 2164 ἐστιν
1500 2111 1646 2179 ὑμᾶς
1697 2109 1770 2164 τὰ

219 2200 399 2254 ἑαυτῶν
430 2205 886 2270 συνεισενεγκεῖν.
919 2201 1319 2273 Διορθωθέντες
1349 2202 1483 2272 γάρ,
1515 2203 1769 2273 ἀμάραν-

225 2309 292 2345 ιον
317 2291 570 2362 κτήσεσθε
603 2291 712 2362 τὴν
742 2292 850 2347 άπὸ
886 2293 982 2347 τοῦ
1013 2293 1319 2358 συνειδότος
1356 2294 1556 2366 χαράν,
1593 2295 1642 2348 εί
1670 2298 1768 2348 καὶ

219 2384 368 2456 λύπης
401 2386 618 2457 ῥήματα
654 2388 784 2458 ὑμῖν
812 2383 988 2444 εἷπον.

280 2497 296 2530 ι
335 2480 754 2552 Καταρτὶζεσθε.
795 2500 816 2533 ι
867 2482 1015 2536 ’Δντὶ
1047 2480 1179 2548 τοῦ,
1209 2482 1418 2536 Τέλειοι
1461 2481 1677 2551 γίνεσθε
1707 2483 1766 2537 ἐν

221 2589 261 2624 τε
283 2571 496 2642 δόγμασι
523 2574 617 2627 καὶ⁵
651 2575 712 2626 ἐν
737 2573 858 2646 βίῳ,
882 2575 980 2629 καὶ
1009 2574 1388 2648 ἀναπληροῦτε
1409 2579 1477 2630 τά
1506 2575 1764 2631 λείποντα

215 2663 340 2734 ὑμῖν.

276 2774 292 2806 ι
329 2757 759 2828 Παρακαλεῖσθε.
803 2777 824 2810 ι
871 2759 1090 2831 Ἐπειδὴ
1120 2759 1308 2814 πολλοὶ
1356 2755 1497 2831 ἦσαν
1547 2765 1596 2815 οἱ
1646 2779 1764 2816 mt-

216 2851 389 2918 ρασμοὶ
417 2850 508 2902 καὶ
533 2851 581 2902 οι
609 2849 875 2916 κίνδυνοι,
901 2850 1037 2921 φησι
1057 2865 1070 2879 ο
1101 2851 1520 2921 Παρακαλεῖσθε
1550 2855 1644 2906 καὶ
1673 2853 1764 2921 ὑφ’

213 2939 395 2994 ἑαυτῶν
423 2941 514 2994 καὶ
545 2941 644 2996 ὑπ’
671 2941 918 3012 ἀλλήλων
941 2942 1008 3004 ³⁸,
1033 2942 1129 2996 καὶ
1163 2943 1270 2996 ὑπὸ
1299 2941 1402 3014 τῆς
1431 2946 1512 3007 εἰς
1539 2945 1601 2997 τὸ
1643 2943 1766 3014 βέλ-

214 3047 307 3085 τιον
333 3033 658 3104 μεταϐολῆς.
699 3032 925 3105 Μεγάλη
955 3033 1065 3106 γάρ
1093 3033 1478 3106 παράκλησις,
1522 3037 1766 3102 συνειδὸς

212 3121 410 3189 ἀγαθόν.

276 3215 383 3323 «1:6
402 3216 528 3270 αὐτὸ
547 3219 824 3288 φρονεῖτε,
848 3217 1178 3290 εἰρηνεύετε.
1219 3237 1239 3272 ι
1274 3220 1448 3273 Τοῦτο
1479 3222 1573 3274 καί⁵
1603 3221 1660 3273 ὲν
1692 3223 1760 3293 τῇ
1789 3259 1835 3323 C

211 3307 426 3379 προτέρᾳ
445 3310 652 3373 αὐτοὺς
669 3310 980 3380 ᾑτησεν,ὡς
995 3310 1494 3377 διαστασιάζοντας.
1523 3315 1680 3369 Ἔστι
1706 3315 1766 3370 δὲ

210 3399 260 3452 τὸ
279 3400 399 3454 αὐτὸ
430 3403 529 3474 μὲν
549 3405 777 3474 φρονεῖν
806 3405 864 3457 ὲν
895 3405 1006 3467 τοῖς
1035 3403 1290 3476 δόγματι,
1327 3405 1404 3478 μὴ
1461 3407 1766 3478 εἰρηνεύειν

208 3492 253 3544 δὲ
304 3495 357 3546 ὲν
434 3496 546 3560 τοῖς
615 3495 752 3566 πρὸς
814 3495 1115 3566 ἀλλήλους·
1161 3497 1448 3570 ἀμφότερα
1503 3499 1684 3553 τοίνυν
1738 3499 1768 3554 ὀ

210 3585 399 3654 Παῦλος
431 3589 675 3645 ἀπαιτεῖ.

280 3699 297 3731 ι
333 3683 438 3736 Καὶ
466 3683 494 3735 ό
523 3682 662 3745 Θεὸς
687 3681 786 3752 τῆς
814 3682 1038 3754 εἰρήνης
1064 3682 1158 3736 καὶ
1197 3683 1419 3753 ἀγάπης
1457 3683 1610 3738 ἔσται
1647 3683 1766 3754 μεθ’

210 3771 366 3840 ὑμῶν.
405 3791 424 3826 ι
463 3774 537 3827 Ού
585 3773 752 3845 μόνον
778 3776 1058 3844 παραινεῖ,
1099 3773 1236 3828 ἀλλὰ
1292 3777 1386 3828 καὶ
1440 3774 1660 3846 εὔχεται
1684 3791 1697 3804 °
1731 3776 1766 3849 ἢ

207 3862 314 3915 οὐδὲ
341 3865 468 3937 εὐχή
501 3867 623 3920 ἐστι
668 3866 848 3933 τοῦτο,
909 3867 1046 3921 ἀλλὰ
1083 3866 1178 3920 τοῦ
1219 3867 1529 3932 ἀκολούθως
1570 3867 1768 3937 ὲσομέ·

209 3971 290 4008 νου
315 3960 793 4030 προαναφώνησις,
815 3961 897 4013 ὅτι
913 3959 1044 4014 Ἐάν
1063 3959 1405 4032 είρηνιύητε,
1421 3959 1593 4022 όΘεδς
1615 3959 1769 4013 ἔσται

210 4047 318 4113 μεθ’
355 4050 527 4120 ὑμῶν.
573 4049 825 4123 Ἀγάπης
853 4047 908 4104 δὲ
947 4048 1082 4115 Θεδς
1125 4047 1366 4122 λέγεται,
1463 4051 1538 4116 ὡς
1566 4054 1769 4122 ταύτης

208 4140 366 4210 πηγὴ,
403 4141 436 4213 ἢ
475 4143 550 4208 ὼς
579 4142 788 4211 ταύτην
823 4142 1204 4214 ἐνδειξάμενος
1250 4146 1330 4206 είς
1361 4145 1510 4215 ἡμᾶς
1536 4144 1772 4215 ὑπερσο-

209 4231 352 4298 λικήν
373 4251 387 4265 ·
419 4236 453 4306 ἢ
494 4236 572 4300 ὼς
607 4235 738 4289 ἔνθα
765 4236 914 4289 ἐστὶν
952 4236 1168 4308 ἀγάπη,
1210 4236 1326 4290 ἐκεῖ
1351 4238 1448 4290 καὶ
1483 4237 1648 4301 αὐτὸς
1671 4235 1774 4303 ὢν,

208 4324 291 4376 καὶ
322 4326 602 4398 Δεσπότης
639 4325 853 4398 ταύτης
881 4328 1225 4398 φαινόμενος.
1263 4328 1538 4394 Ὡσαύτως
1567 4330 1626 4384 δὲ
1677 4331 1774 4385 καὶ

208 4414 296 4484 τῆς
319 4418 570 4489 εἰρήνης’
599 4419 632 4490 ἢ
663 4419 740 4484 ὡς
761 4421 914 4492 πηγὴ
929 4421 1216 4494 ταύτης,ἢ
1251 4422 1327 4487 ὡς
1357 4422 1683 4495 εἰρηνεύσας
1703 4425 1774 4478 τά

209 4507 258 4558 ὲν
305 4511 536 4582 οὺρανῷ,
569 4511 666 4564 καὶ
715 4512 784 4566 τὰ
833 4513 930 4567 ἐπὶ
967 4514 1092 4584 γῆς,
1135 4513 1274 4583 ἢὼς
1314 4517 1592 4587 Δεσπότης
1634 4519 1772 4588 κτή-

213 4614 392 4667 ματος.

278 4793 296 4828 ι
345 4778 694 4836 Ἀσπάσασθε
736 4780 1001 4854 ἀλλήλους
1032 4785 1089 4838 ὲν
1133 4785 1401 4857 φιλήματι
1432 4787 1593 4858 ἁγίῳ.
1633 4807 1652 4841 ι
1683 4787 1780 4860 Μὴ

209 4864 414 4940 ὑπούλῳ
476 4875 574 4926 καὶ
609 4872 834 4944 δολερῷ,
860 4873 935 4938 ὡς
965 4877 992 4927 6
1037 4875 1239 4940 Ἰούδας
1268 4893 1280 4906 ·
1317 4877 1405 4932 διὰ
1454 4878 1614 4933 τοῦτο
1664 4881 1773 4953 γάρ

209 4959 482 5032 φιλοῦμεν,
539 4965 628 5018 ἴνα
681 4967 885 5036 μᾶλλον
943 4969 1295 5038 ἀνακαίωμεν
1355 4969 1454 5039 τὴν
1506 4971 1771 5042 ἀγάπην·

210 5052 388 5125 ἐπειδὴ
419 5057 480 5109 τὸ
520 5057 694 5126 στόμα
719 5059 837 5111 ἐστὶ
881 5059 1118 5128 μάλιστα
1159 5060 1268 5112 τῶν
1300 5055 1475 5114 ἄλλων
1511 5061 1690 5132 μελῶν
1716 5063 1779 5117 τὸ

211 5145 532 5216 συνδεσμοῦν
575 5150 675 5212 τὰς
725 5149 923 5220 ψυχάς.
979 5151 1090 5205 Καὶ
1143 5153 1251 5222 γὰρ
1291 5153 1386 5207 καί⁹
1420 5153 1561 5208 οἶκοι
1599 5157 1771 5212 ἐπαν-

211 5233 373 5298 ιόντες
417 5239 518 5309 τὴν
548 5238 744 5294 ἕνωσιν
775 5240 1044 5311 δηλοῦμεν
1075 5241 1140 5308 ³⁹,
1176 5242 1254 5311 τῷ
1288 5243 1517 5314 στόματι
1557 5245 1776 5313 φιλοῦν-

209 5341 316 5386 τες.
353 5329 419 5382 ’Ἢ
478 5333 576 5385 καὶ
606 5333 794 5404 ἐπειδὴ
825 5334 952 5398 ναός
979 5336 1145 5404 ἐσμεν
1172 5336 1267 5388 τοῦ
1298 5335 1459 5399 Θεοῦ,
1497 5337 1774 5408 πρόθυρον

211 5416 264 5470 δὲ
290 5420 477 5475 τούτου
512 5423 607 5476 τοῦ
639 5423 768 5477 ναοῦ
789 5425 851 5478 τὸ
881 5426 1074 5496 στόμα,
1099 5427 1166 5481 τά
1200 5427 1450 5499 πρόθυρα
1475 5427 1742 5499 φιλοῦμεν
1761 5448 1774 5463 ·

213 5506 298 5562 διὰ
327 5511 534 5568 τούτων
565 5514 674 5585 γὰρ
695 5516 804 5568 τῶν
826 5515 1114 5588 προθύρων
1133 5517 1440 5590 εἰσέρχεται
1469 5519 1498 5572 ό
1518 5518 1776 5588 Χριστὸς,

213 5599 335 5655 ὅταν
369 5608 737 5678 κοινωνῶμεν.

1867 2016 1912 2082 ἢ
1940 2013 2104 2070 Vens.
2131 2018 2218 2072 ll.
2254 2035 2274 2070 ι
2306 2017 2459 2085 Quod
2483 2019 2748 2090 reliquum
2773 2029 2876 2088 est,
2902 2022 3118 2089 fratres,
3143 2023 3389 2094 gaudete.
3421 2041 3440 2076 ι

1868 2107 2005 2178 Ego,
2034 2108 2242 2176 inquit,
2270 2109 2414 2178 quod
2443 2122 2624 2166 meum
2666 2122 2750 2168 est
2783 2111 2884 2168 feci
2911 2153 2932 2181 ,
2962 2113 3230 2185 reliquum
3275 2124 3357 2169 est
3390 2121 3453 2168 ut

1867 2212 1966 2254 vos
1991 2209 2172 2254 vestra
2201 2199 2364 2255 etiam
2392 2200 2706 2261 conferatis.
2735 2202 2798 2260 Si
2825 2205 2969 2258 enim
3003 2206 3169 2260 vitam
3201 2217 3440 2261 vestram

1867 2291 2254 2359 eorrexeritis,
2287 2292 2740 2351 immarcescibile
2781 2297 3134 2365 possidebitis
3165 2297 3445 2354 censcien-

1867 2385 1959 2440 tia).
1979 2386 2234 2457 gaudium
2255 2427 2270 2453 ,
2297 2389 2510 2444 etiamsi
2541 2387 2716 2444 tristia
2745 2390 2898 2446 vobis
2933 2390 3142 2446 locutus
3171 2393 3298 2445 sim.

1946 2497 1966 2531 ‹
2002 2478 2197 2550 lntegri
2233 2489 2426 2536 estote.
2467 2495 2486 2535 ι
2523 2480 2635 2536 [loc
2665 2492 2768 2544 est,
2800 2482 3025 2552 perfecti
3058 2493 3255 2549 estote,
3290 2491 3344 2536 et
3388 2483 3440 2535 in

1868 2571 2138 2641 doctrina,
2159 2581 2213 2628 et
2236 2572 2290 2628 in
2318 2573 2581 2641 moribus,
2605 2589 2668 2630 ac
2693 2574 2895 2644 replete
2913 2590 3033 2645 quae
3054 2575 3246 2630 desunt
3267 2575 3441 2628 vobis.

1942 2773 1960 2806 ι
1992 2752 2436 2811 Consolationem
2461 2756 2714 2826 accipite.
2742 2769 2762 2808 ι
2791 2756 2927 2822 Quia
2956 2755 3133 2810 multae
3154 2754 3314 2826 321-
3340 2753 3446 2808 fuco

1867 2854 1996 2900 runt
2025 2845 2356 2902 tentationes
2386 2855 2441 2901 et
2461 2846 2727 2918 pericula,
2757 2845 3216 2911 Consolationetn,
3244 2845 3442 2914 inquit,
3500 2880 3509 2890 ι

1867 2934 2098 3004 accipite
2152 2945 2207 2990 et
2241 2951 2271 2990 a
2321 2936 2474 2992 vobis
2523 2937 2692 3007 ipsis,
2731 2946 2785 2993 et
2814 2936 2952 2991 alter
2987 2936 3056 2991 ab
3088 2935 3260 2991 altero
3282 2974 3298 3000 ,
3331 2945 3387 2990 et
3417 2949 3448 2989 a

1868 3027 2264 3096 permutatione
2291 3027 2458 3083 vestri
2508 3028 2560 3083 in
2604 3029 2817 3085 melius.
2852 3028 3041 3100 Magna
3077 3029 3222 3084 cuim
3255 3042 3446 3082 consoo

1869 3117 1997 3173 latio
2031 3127 2136 3186 est,
2178 3121 2512 3176 conscientia
2547 3121 2709 3176 bona.

1948 3229 1966 3263 ‹
2003 3209 2146 3266 ldem
2215 3212 2414 3282 sapite,
2478 3228 2666 3282 pacem
2720 3213 2939 3270 habete.
2971 3233 2989 3267 ι
3042 3213 3154 3269 lloc
3228 3227 3447 3285 quoque

1869 3302 1926 3357 in
1978 3304 2166 3374 priore
2207 3303 2446 3373 Epistoia
2493 3305 2564 3359 ab
2611 3305 2677 3360 iis
2711 3306 2866 3376 petiit
2898 3321 2995 3362 ceu
3039 3305 3447 3362 dissidentibus.

1869 3396 2144 3469 Continuit
2185 3409 2368 3454 autem
2420 3397 2562 3454 idem
2599 3411 2791 3469 sapere
2840 3399 2896 3455 in
2952 3400 3307 3456 unanimitate
3361 3401 3452 3455 do-

1869 3489 2084 3555 ctrinae,
2115 3493 2458 3560 pacem'vero
2483 3506 2588 3546 non
2617 3504 2878 3546 exercere
2910 3491 2964 3546 in
2998 3501 3183 3546 mutua
3221 3505 3448 3548 convero

1872 3582 2108 3638 satione.
2145 3582 2381 3654 Utraque
2411 3598 2542 3655 ergo
2580 3584 2714 3654 ipsis
2749 3582 2950 3641 Paulus
2981 3583 3240 3655 postulat.

1952 3692 1971 3726 ι
2018 3671 2085 3729 Et
2123 3675 2266 3730 Deus
2310 3675 2457 3744 pacis
2486 3684 2543 3730 et
2569 3675 2874 3732 dilectionis
2925 3677 3030 3732 erit
3085 3675 3387 3733 vobiscum.
3425 3696 3444 3729 ι
3488 3667 3506 3682 ⁸

1873 3766 1990 3822 Νοιι
2027 3766 2200 3823 solum
2233 3767 2573 3834 adhortatur,
2611 3782 2800 3824 verum
2837 3769 3002 3824 etiam
3041 3769 3444 3838 exoptatiouem

1873 3857 2106 3927 adjicit;
2136 3856 2219 3912 vel
2248 3873 2317 3913 ne
2347 3857 2460 3912 haec
2484 3856 2706 3926 quidem
2743 3865 2828 3912 est
2854 3857 3156 3927 exoptatio,
3189 3855 3284 3912 sed
3311 3856 3450 3928 ejus,

1872 3949 2017 4019 quod
2069 3960 2468 4019 consequenter
2513 3947 2762 4003 futurum
2795 3957 2906 4015 est,
2935 3948 3216 4019 pradictio
3246 3965 3260 4002 :
3296 3949 3454 4004 uimi-

1873 4052 2017 4107 rum‘,
2071 4041 2130 4097 Si
2167 4056 2353 4112 pacem
2402 4042 2544 4098 inter
2579 4045 2678 4098 vds
2712 4041 2982 4107 alueritis,
3032 4037 3173 4098 Deus
3219 4042 3324 4097 erit
3353 4057 3453 4098 vo-

1874 4133 2111 4189 biscum.
2149 4133 2447 4190 Cbaritatis
2504 4143 2690 4189 autem
2744 4132 2887 4190 Deus
2922 4133 3139 4201 dicitur,
3183 4133 3266 4188 vel
3312 4136 3455 4204 quod

1874 4224 1996 4283 fons
2049 4228 2122 4283 sit
2159 4225 2336 4296 hujus,
2387 4225 2472 4283 vel
2510 4227 2652 4297 quod
2695 4241 2816 4281 eam
2867 4241 2999 4296 erga
3050 4241 3151 4282 nos
3195 4226 3451 4282 eximiam

1874 4319 2172 4376 ostenderit
2201 4335 2216 4374 :
2245 4319 2330 4375 vel
2343 4319 2490 4390 quod
2513 4319 2604 4376 ubi
2632 4319 2982 4388 sitcbaritas,
3002 4317 3114 4374 lllic
3134 4326 3190 4372 et
3220 4318 3340 4386 ipse
3367 4319 3454 4382 sit,

1876 4421 1931 4466 et
1984 4411 2248 4468 Dominus
2287 4411 2449 4482 hujus
2503 4421 2786 4482 appareat.
2838 4410 3102 4466 Similiter
3151 4419 3205 4464 et
3258 4409 3452 4478 pacis:

1877 4501 1994 4558 sive
2040 4504 2182 4573 quod
2215 4502 2342 4559 fons
2383 4503 2456 4557 sit
2501 4501 2686 4572 hujus,
2735 4502 2850 4558 sive
2898 4501 3044 4571 quod
3097 4510 3206 4556 tam
3252 4517 3372 4572 quae
3403 4501 3456 4558 iu

1807 4634 1853 4693 Β
1881 4595 2041 4660 calo,
2076 4610 2240 4667 quam
2277 4609 2398 4664 qua:
2425 4605 2588 4664 super
2617 4604 2816 4650 terram
2850 4595 3165 4666 pacaverit;
3202 4595 3286 4650 vel
3313 4597 3457 4666 quod

1881 4691 1956 4747 sit
1993 4688 2249 4745 Dominus
2280 4689 2418 4759 ejus,
2458 4694 2714 4758 tanquam
2742 4687 3126 4756 possessionis.

1949 4780 2112 4836 Vsus.
2140 4781 2227 4836 l2.
2255 4799 2273 4833 ι
2303 4780 2551 4836 Salutate
2575 4794 2672 4835 vos
2697 4788 2882 4835 mutuo
2905 4779 2960 4834 in
2985 4780 3174 4836 osculo
3198 4788 3405 4836 sancto.
3434 4798 3452 4832 ι

1881 4872 1996 4928 Nou
2038 4871 2220 4928 fucato
2275 4886 2341 4928 ac
2387 4871 2594 4940 doloso,
2645 4869 2796 4926 Juda’.
2838 4871 3036 4928 instar.
3071 4872 3302 4943 Propter
3358 4875 3460 4928 hoc

1877 4966 2023 5021 enim
2063 4949 2397 5033 oscula'mur,
2430 4973 2491 5020 ut
2517 4963 2692 5036 magis
2719 4965 3080 5021 accendamus
3110 4965 3454 5022 charitatem.

1876 5055 2015 5110 Nam
2059 5071 2121 5110 os
2167 5065 2276 5123 pra:
2319 5055 2533 5114 cteteris
2597 5055 2858 5112 membris
2923 5056 3137 5112 animas
3191 5055 3462 5125 praecipue

1878 5150 2175 5205 connectit.
2211 5147 2348 5204 Nam
2386 5149 2607 5205 domum
2664 5151 2890 5216 reversi,
2947 5147 3190 5205 osculum
3249 5147 3462 5217 ﬁgendo

1881 5246 2136 5300 unionem
2184 5243 2574 5314 significamus.
2616 5243 2716 5299 Vel
2761 5243 2887 5312 quia
2956 5240 3215 5309 templum
3266 5254 3458 5294 sumus

1883 5337 2000 5403 Dei,
2033 5337 2192 5407 hujus
2218 5345 2398 5390 autem
2423 5335 2604 5406 templi
2631 5333 2956 5390 vestibulqu
2979 5341 3064 5388 est
3082 5347 3167 5398 os,
3193 5331 3459 5388 vestibula

1881 5428 2214 5484 osculantur.
2269 5427 2372 5483 Per
2433 5429 2547 5482 haec
2625 5426 2770 5481 enim
2825 5423 3090 5480 vestibula
3150 5423 3457 5494 ingreditur

1883 5518 2162 5584 Christus,
2195 5521 2414 5592 quando
2442 5525 2929 5578 communicantes.

1555 5728 1752 5789 Varia:
1787 5727 2116 5790 lectiones.

315 5862 357 5892 ³⁸
391 5867 678 5950 ἐπιφέρειν.
702 5874 802 5938 τὴν
840 5871 1178 5950 καθαίρεσιν,
1239 5871 1490 5950 ἧτοιᾼτίἳθ
1513 5873 1743 5950 ’κόλασιν
1765 5891 1777 5905 ι
1800 5874 1941 5950 ’ἀλλ’-
1961 5874 2262 5950 οἰκοδομεῖν
2308 5873 2449 5930 θέλει
2481 5892 2532 5932 ο.
2613 5877 2655 5908 ³¹
2688 5876 3134 5950 ἀνοικοδομήτοις
3170 5877 3457 5947 ἐπιφέρειν

218 5945 264 5982 τ.
296 5948 349 5988 κ.
381 5938 633 6011 οἰκοδομή
664 5942 809 5997 ἐστιν
837 5959 890 6000 o.
969 5938 1208 5998 ³’ἀλλων
1232 5938 1285 5999 υ.
1365 5942 1418 6009 ³’,
1445 5938 1729 6016 δηλοῦντες
1757 5944 1834 6017 τῷ
1855 5945 2010 6016 στόμ.
2055 5938 2315 6016 φιλοῦμεν
2353 5961 2403 5999 o.
