  <div class='ocr_page' id='page_1' title='image "/cluster/home/n/w/nwhite01/storage/ocr_20150623/124/hvd.32044019208206/517.png"; bbox 0 0 3898 6622; ppageno 0'>
   <div class='ocr_carea' id='block_1_1' title="bbox 251 497 280 525">
    <p class='ocr_par' dir='ltr' id='par_1_1' title="bbox 251 497 280 525">
     <span class='ocr_line' id='line_1_1' title="bbox 251 497 280 525; baseline 0 0"><span class='ocrx_word' id='word_1_1' title='bbox 251 497 280 525; x_wconf 83' lang='lat'>\</span> 
     </span>
    </p>
   </div>
   <div class='ocr_carea' id='block_1_2' title="bbox 431 443 3655 517">
    <p class='ocr_par' dir='ltr' id='par_1_2' title="bbox 431 443 3655 517">
     <span class='ocr_line' id='line_1_2' title="bbox 431 443 3655 517; baseline 0.001 -7"><span class='ocrx_word' id='word_1_2' title='bbox 431 443 532 512; x_wconf 85' lang='lat' dir='ltr'><strong>95I</strong></span> <span class='ocrx_word' id='word_1_3' title='bbox 1302 451 1612 514; x_wconf 80' lang='lat' dir='ltr'><strong>TIIEOPI—I</strong></span> <span class='ocrx_word' id='word_1_4' title='bbox 1622 455 1880 513; x_wconf 81' lang='lat' dir='ltr'><strong>I’LAC’I‘I</strong></span> <span class='ocrx_word' id='word_1_5' title='bbox 1913 454 2321 515; x_wconf 62' lang='lat' dir='ltr'><strong>BULGARIE</strong></span> <span class='ocrx_word' id='word_1_6' title='bbox 2359 454 2715 517; x_wconf 80' lang='lat' dir='ltr'><strong>ARCHIEP.</strong></span> <span class='ocrx_word' id='word_1_7' title='bbox 3560 452 3655 514; x_wconf 59' lang='lat'><strong>93?.</strong></span> 
     </span>
    </p>
   </div>
   <div class='ocr_carea' id='block_1_3' title="bbox 501 566 2044 641">
    <p class='ocr_par' dir='ltr' id='par_1_3' title="bbox 501 566 2044 641">
     <span class='ocr_line' id='line_1_3' title="bbox 501 566 2044 641; baseline 0.005 -23"><span class='ocrx_word' id='word_1_8' title='bbox 501 583 523 618; x_wconf 78' lang='grc' dir='ltr'><strong>ι</strong></span> <span class='ocrx_word' id='word_1_9' title='bbox 568 566 817 622; x_wconf 88' lang='lat' dir='ltr'><strong>Salutant</strong></span> <span class='ocrx_word' id='word_1_10' title='bbox 851 582 946 621; x_wconf 86' lang='lat' dir='ltr'><strong>vos</strong></span> <span class='ocrx_word' id='word_1_11' title='bbox 990 567 1163 623; x_wconf 89' lang='lat' dir='ltr'><strong>sancti</strong></span> <span class='ocrx_word' id='word_1_12' title='bbox 1213 581 1422 624; x_wconf 82' lang='lat' dir='ltr'><strong>omnes.</strong></span> <span class='ocrx_word' id='word_1_13' title='bbox 1467 587 1485 622; x_wconf 79' lang='grc' dir='ltr'><strong>ι</strong></span> <span class='ocrx_word' id='word_1_14' title='bbox 1528 568 1836 626; x_wconf 79' lang='lat' dir='ltr'><strong>Pracsentes</strong></span> <span class='ocrx_word' id='word_1_15' title='bbox 1882 571 2044 641; x_wconf 39' lang='lat' dir='ltr'><strong>qui-4</strong></span> 
     </span>
    </p>
   </div>
   <div class='ocr_carea' id='block_1_4' title="bbox 2119 566 3661 641">
    <p class='ocr_par' dir='ltr' id='par_1_4' title="bbox 2189 571 3661 640">
     <span class='ocr_line' id='line_1_4' title="bbox 2189 571 3661 640; baseline -0.001 -16"><span class='ocrx_word' id='word_1_16' title='bbox 2189 590 2208 624; x_wconf 83' lang='grc' dir='ltr'><strong>ι</strong></span> <span class='ocrx_word' id='word_1_17' title='bbox 2260 572 2624 637; x_wconf 80' lang='grc' dir='ltr'><strong>Ἀσπάζονται</strong></span> <span class='ocrx_word' id='word_1_18' title='bbox 2654 573 2799 640; x_wconf 78' lang='grc' dir='ltr'>ὑμᾶς</span> <span class='ocrx_word' id='word_1_19' title='bbox 2829 573 2877 624; x_wconf 77' lang='lat' dir='ltr'><strong>oi</strong></span> <span class='ocrx_word' id='word_1_20' title='bbox 2919 571 3063 638; x_wconf 73' lang='grc' dir='ltr'>ἅγιοι</span> <span class='ocrx_word' id='word_1_21' title='bbox 3098 571 3318 634; x_wconf 84' lang='grc' dir='ltr'>πάντες.</span> <span class='ocrx_word' id='word_1_22' title='bbox 3359 591 3378 623; x_wconf 77' lang='grc' dir='ltr'><strong>ι</strong></span> <span class='ocrx_word' id='word_1_23' title='bbox 3408 571 3543 633; x_wconf 63' lang='grc' dir='ltr'>Τοὺς</span> <span class='ocrx_word' id='word_1_24' title='bbox 3579 574 3661 640; x_wconf 71' lang='grc' dir='ltr'>μὲν</span> 
     </span>
    </p>
   </div>
   <div class='ocr_carea' id='block_1_5' title="bbox 427 661 2004 734">
    <p class='ocr_par' dir='ltr' id='par_1_5' title="bbox 427 661 2004 734">
     <span class='ocr_line' id='line_1_5' title="bbox 427 661 2004 734; baseline 0.002 -19"><span class='ocrx_word' id='word_1_25' title='bbox 427 661 548 717; x_wconf 75' lang='lat' dir='ltr'><strong>dem</strong></span> <span class='ocrx_word' id='word_1_26' title='bbox 595 677 692 730; x_wconf 90' lang='lat' dir='ltr'><strong>per</strong></span> <span class='ocrx_word' id='word_1_27' title='bbox 742 661 982 716; x_wconf 89' lang='lat' dir='ltr'><strong>osculum</strong></span> <span class='ocrx_word' id='word_1_28' title='bbox 1029 663 1324 728; x_wconf 78' lang='lat' dir='ltr'><strong>connectit,</strong></span> <span class='ocrx_word' id='word_1_29' title='bbox 1367 663 1621 717; x_wconf 85' lang='lat' dir='ltr'><strong>absentes</strong></span> <span class='ocrx_word' id='word_1_30' title='bbox 1667 674 1847 718; x_wconf 87' lang='lat' dir='ltr'><strong>autem</strong></span> <span class='ocrx_word' id='word_1_31' title='bbox 1905 679 2004 734; x_wconf 88' lang='lat' dir='ltr'><strong>per</strong></span> 
     </span>
    </p>
   </div>
   <div class='ocr_carea' id='block_1_6' title="bbox 429 752 2002 813">
    <p class='ocr_par' dir='ltr' id='par_1_6' title="bbox 429 752 2002 813">
     <span class='ocr_line' id='line_1_6' title="bbox 429 752 2002 813; baseline 0.001 -5"><span class='ocrx_word' id='word_1_32' title='bbox 429 752 827 809; x_wconf 74' lang='lat' dir='ltr'><strong>salutationem.</strong></span> <span class='ocrx_word' id='word_1_33' title='bbox 869 752 982 808; x_wconf 77' lang='lat' dir='ltr'><strong>lino</strong></span> <span class='ocrx_word' id='word_1_34' title='bbox 1015 763 1069 810; x_wconf 84' lang='lat' dir='ltr'><strong>et</strong></span> <span class='ocrx_word' id='word_1_35' title='bbox 1103 755 1266 810; x_wconf 86' lang='lat' dir='ltr'><strong>hosce</strong></span> <span class='ocrx_word' id='word_1_36' title='bbox 1295 754 1574 811; x_wconf 88' lang='lat' dir='ltr'><strong>connectit</strong></span> <span class='ocrx_word' id='word_1_37' title='bbox 1617 771 1680 811; x_wconf 91' lang='lat' dir='ltr'><strong>os</strong></span> <span class='ocrx_word' id='word_1_38' title='bbox 1711 781 1723 813; x_wconf 92' lang='lat'><strong>:</strong></span> <span class='ocrx_word' id='word_1_39' title='bbox 1777 772 1900 812; x_wconf 89' lang='lat' dir='ltr'><strong>nam</strong></span> <span class='ocrx_word' id='word_1_40' title='bbox 1934 757 2002 811; x_wconf 89' lang='lat' dir='ltr'><strong>ab</strong></span> 
     </span>
    </p>
   </div>
   <div class='ocr_carea' id='block_1_7' title="bbox 430 846 1216 917">
    <p class='ocr_par' dir='ltr' id='par_1_7' title="bbox 430 846 1216 917">
     <span class='ocr_line' id='line_1_7' title="bbox 430 846 1216 917; baseline 0.001 -15"><span class='ocrx_word' id='word_1_41' title='bbox 430 861 527 902; x_wconf 84' lang='lat' dir='ltr'><strong>ore</strong></span> <span class='ocrx_word' id='word_1_42' title='bbox 559 846 813 901; x_wconf 79' lang='lat' dir='ltr'><strong>salutatio</strong></span> <span class='ocrx_word' id='word_1_43' title='bbox 835 848 1216 917; x_wconf 82' lang='lat' dir='ltr'><strong>proficiscitur.</strong></span> 
     </span>
    </p>
   </div>
   <div class='ocr_carea' id='block_1_8' title="bbox 503 937 2002 1012">
    <p class='ocr_par' dir='ltr' id='par_1_8' title="bbox 503 937 2002 1012">
     <span class='ocr_line' id='line_1_8' title="bbox 503 937 2002 1012; baseline 0.006 -21"><span class='ocrx_word' id='word_1_44' title='bbox 503 937 664 993; x_wconf 77' lang='lat' dir='ltr'><strong>Vsus.</strong></span> <span class='ocrx_word' id='word_1_45' title='bbox 704 941 787 994; x_wconf 79' lang='lat' dir='ltr'><strong>l5.</strong></span> <span class='ocrx_word' id='word_1_46' title='bbox 835 959 854 992; x_wconf 88' lang='grc' dir='ltr'><strong>ι</strong></span> <span class='ocrx_word' id='word_1_47' title='bbox 891 938 1074 996; x_wconf 86' lang='lat' dir='ltr'><strong>Gratia</strong></span> <span class='ocrx_word' id='word_1_48' title='bbox 1126 941 1337 996; x_wconf 85' lang='lat' dir='ltr'><strong>Domini</strong></span> <span class='ocrx_word' id='word_1_49' title='bbox 1386 945 1557 998; x_wconf 85' lang='lat' dir='ltr'><strong>nostri</strong></span> <span class='ocrx_word' id='word_1_50' title='bbox 1606 943 1732 1001; x_wconf 80' lang='lat' dir='ltr'><strong>Jesu</strong></span> <span class='ocrx_word' id='word_1_51' title='bbox 1777 945 2002 1012; x_wconf 84' lang='lat' dir='ltr'><strong>Christi,</strong></span> 
     </span>
    </p>
   </div>
   <div class='ocr_carea' id='block_1_9' title="bbox 429 1030 2006 1108">
    <p class='ocr_par' dir='ltr' id='par_1_9' title="bbox 429 1030 2006 1108">
     <span class='ocr_line' id='line_1_9' title="bbox 429 1030 2006 1108; baseline 0.006 -24"><span class='ocrx_word' id='word_1_52' title='bbox 429 1039 482 1086; x_wconf 86' lang='lat' dir='ltr'><strong>et</strong></span> <span class='ocrx_word' id='word_1_53' title='bbox 516 1030 750 1087; x_wconf 83' lang='lat' dir='ltr'><strong>charitas</strong></span> <span class='ocrx_word' id='word_1_54' title='bbox 792 1032 910 1098; x_wconf 89' lang='lat' dir='ltr'><strong>Dei,</strong></span> <span class='ocrx_word' id='word_1_55' title='bbox 969 1041 1023 1089; x_wconf 87' lang='lat' dir='ltr'><strong>et</strong></span> <span class='ocrx_word' id='word_1_56' title='bbox 1076 1035 1496 1091; x_wconf 79' lang='lat' dir='ltr'><strong>communicatio</strong></span> <span class='ocrx_word' id='word_1_57' title='bbox 1541 1036 1716 1093; x_wconf 86' lang='lat' dir='ltr'><strong>sancti</strong></span> <span class='ocrx_word' id='word_1_58' title='bbox 1771 1035 2006 1108; x_wconf 87' lang='lat' dir='ltr'><strong>Spiritus</strong></span> 
     </span>
    </p>
   </div>
   <div class='ocr_carea' id='block_1_10' title="bbox 427 1119 2004 1197">
    <p class='ocr_par' dir='ltr' id='par_1_10' title="bbox 427 1119 2004 1197">
     <span class='ocr_line' id='line_1_10' title="bbox 427 1119 2004 1197; baseline 0.004 -23"><span class='ocrx_word' id='word_1_59' title='bbox 427 1119 499 1174; x_wconf 86' lang='lat' dir='ltr'><strong>sit</strong></span> <span class='ocrx_word' id='word_1_60' title='bbox 533 1135 653 1176; x_wconf 93' lang='lat' dir='ltr'><strong>cum</strong></span> <span class='ocrx_word' id='word_1_61' title='bbox 701 1122 952 1177; x_wconf 78' lang='lat' dir='ltr'><strong>erunibus</strong></span> <span class='ocrx_word' id='word_1_62' title='bbox 992 1124 1163 1180; x_wconf 88' lang='lat' dir='ltr'><strong>vobis.</strong></span> <span class='ocrx_word' id='word_1_63' title='bbox 1200 1127 1395 1182; x_wconf 78' lang='lat' dir='ltr'><strong>Amen.</strong></span> <span class='ocrx_word' id='word_1_64' title='bbox 1433 1145 1452 1178; x_wconf 82' lang='grc' dir='ltr'><strong>ι</strong></span> <span class='ocrx_word' id='word_1_65' title='bbox 1489 1127 1780 1197; x_wconf 81' lang='lat' dir='ltr'><strong>Postquam</strong></span> <span class='ocrx_word' id='word_1_66' title='bbox 1813 1142 2004 1184; x_wconf 80' lang='lat' dir='ltr'><strong>omnes</strong></span> 
     </span>
    </p>
   </div>
   <div class='ocr_carea' id='block_1_11' title="bbox 425 1211 2006 1286">
    <p class='ocr_par' dir='ltr' id='par_1_11' title="bbox 425 1211 2006 1286">
     <span class='ocr_line' id='line_1_11' title="bbox 425 1211 2006 1286; baseline 0.006 -20"><span class='ocrx_word' id='word_1_67' title='bbox 425 1211 802 1282; x_wconf 76' lang='lat' dir='ltr'><strong>coniunxerat,</strong></span> <span class='ocrx_word' id='word_1_68' title='bbox 849 1214 969 1270; x_wconf 86' lang='lat' dir='ltr'><strong>Filii</strong></span> <span class='ocrx_word' id='word_1_69' title='bbox 1020 1218 1272 1286; x_wconf 79' lang='lat' dir='ltr'><strong>gratiam,</strong></span> <span class='ocrx_word' id='word_1_70' title='bbox 1323 1234 1475 1276; x_wconf 89' lang='lat' dir='ltr'><strong>more</strong></span> <span class='ocrx_word' id='word_1_71' title='bbox 1505 1219 1687 1286; x_wconf 89' lang='lat' dir='ltr'><strong>solito,</strong></span> <span class='ocrx_word' id='word_1_72' title='bbox 1735 1222 1816 1277; x_wconf 88' lang='lat' dir='ltr'><strong>eis</strong></span> <span class='ocrx_word' id='word_1_73' title='bbox 1852 1236 2006 1276; x_wconf 84' lang='lat' dir='ltr'><strong>com-</strong></span> 
     </span>
    </p>
   </div>
   <div class='ocr_carea' id='block_1_12' title="bbox 428 1312 2006 1383">
    <p class='ocr_par' dir='ltr' id='par_1_12' title="bbox 428 1312 2006 1383">
     <span class='ocr_line' id='line_1_12' title="bbox 428 1312 2006 1383; baseline 0.007 -25"><span class='ocrx_word' id='word_1_74' title='bbox 428 1313 703 1374; x_wconf 85' lang='lat' dir='ltr'><strong>precatur,</strong></span> <span class='ocrx_word' id='word_1_75' title='bbox 757 1321 854 1376; x_wconf 87' lang='lat' dir='ltr'><strong>per</strong></span> <span class='ocrx_word' id='word_1_76' title='bbox 884 1323 1044 1376; x_wconf 88' lang='lat' dir='ltr'><strong>quam</strong></span> <span class='ocrx_word' id='word_1_77' title='bbox 1075 1312 1318 1365; x_wconf 81' lang='lat' dir='ltr'><strong>servavit</strong></span> <span class='ocrx_word' id='word_1_78' title='bbox 1348 1327 1470 1378; x_wconf 86' lang='lat' dir='ltr'><strong>nos,</strong></span> <span class='ocrx_word' id='word_1_79' title='bbox 1515 1328 1620 1369; x_wconf 90' lang='lat' dir='ltr'><strong>non</strong></span> <span class='ocrx_word' id='word_1_80' title='bbox 1652 1327 1717 1367; x_wconf 80' lang='lat' dir='ltr'><strong>ex</strong></span> <span class='ocrx_word' id='word_1_81' title='bbox 1751 1312 2006 1383; x_wconf 85' lang='lat' dir='ltr'><strong>operibus</strong></span> 
     </span>
    </p>
   </div>
   <div class='ocr_carea' id='block_1_13' title="bbox 431 1397 2004 1476">
    <p class='ocr_par' dir='ltr' id='par_1_13' title="bbox 431 1397 2004 1476">
     <span class='ocr_line' id='line_1_13' title="bbox 431 1397 2004 1476; baseline 0.007 -26"><span class='ocrx_word' id='word_1_82' title='bbox 431 1397 651 1465; x_wconf 88' lang='lat' dir='ltr'><strong>nostris,</strong></span> <span class='ocrx_word' id='word_1_83' title='bbox 697 1399 791 1454; x_wconf 87' lang='lat' dir='ltr'><strong>sed</strong></span> <span class='ocrx_word' id='word_1_84' title='bbox 836 1415 900 1456; x_wconf 76' lang='lat' dir='ltr'><strong>ex</strong></span> <span class='ocrx_word' id='word_1_85' title='bbox 933 1401 1129 1469; x_wconf 86' lang='lat' dir='ltr'><strong>gratia,</strong></span> <span class='ocrx_word' id='word_1_86' title='bbox 1185 1413 1453 1461; x_wconf 89' lang='lat' dir='ltr'><strong>mactatus</strong></span> <span class='ocrx_word' id='word_1_87' title='bbox 1495 1405 1607 1476; x_wconf 87' lang='lat' dir='ltr'><strong>ipse</strong></span> <span class='ocrx_word' id='word_1_88' title='bbox 1660 1421 1758 1476; x_wconf 91' lang='lat' dir='ltr'><strong>pro</strong></span> <span class='ocrx_word' id='word_1_89' title='bbox 1799 1407 2004 1462; x_wconf 87' lang='lat' dir='ltr'><strong>nobis:</strong></span> 
     </span>
    </p>
   </div>
   <div class='ocr_carea' id='block_1_14' title="bbox 431 1489 2006 1566">
    <p class='ocr_par' dir='ltr' id='par_1_14' title="bbox 431 1489 2006 1566">
     <span class='ocr_line' id='line_1_14' title="bbox 431 1489 2006 1566; baseline 0.008 -26"><span class='ocrx_word' id='word_1_90' title='bbox 431 1503 495 1543; x_wconf 90' lang='lat' dir='ltr'><strong>ac</strong></span> <span class='ocrx_word' id='word_1_91' title='bbox 539 1489 885 1547; x_wconf 87' lang='lat' dir='ltr'><strong>dilectionem</strong></span> <span class='ocrx_word' id='word_1_92' title='bbox 919 1492 1114 1556; x_wconf 85' lang='lat' dir='ltr'><strong>Patris,</strong></span> <span class='ocrx_word' id='word_1_93' title='bbox 1167 1511 1272 1566; x_wconf 91' lang='lat' dir='ltr'><strong>qua</strong></span> <span class='ocrx_word' id='word_1_94' title='bbox 1303 1497 1493 1552; x_wconf 80' lang='lat' dir='ltr'><strong>dilexit</strong></span> <span class='ocrx_word' id='word_1_95' title='bbox 1537 1513 1657 1564; x_wconf 87' lang='lat' dir='ltr'><strong>nos,</strong></span> <span class='ocrx_word' id='word_1_96' title='bbox 1711 1498 1846 1555; x_wconf 84' lang='lat' dir='ltr'><strong>dans</strong></span> <span class='ocrx_word' id='word_1_97' title='bbox 1871 1499 2006 1554; x_wconf 86' lang='lat' dir='ltr'><strong>Uni-</strong></span> 
     </span>
    </p>
   </div>
   <div class='ocr_carea' id='block_1_15' title="bbox 431 1582 2006 1661">
    <p class='ocr_par' dir='ltr' id='par_1_15' title="bbox 431 1582 2006 1661">
     <span class='ocr_line' id='line_1_15' title="bbox 431 1582 2006 1661; baseline 0.008 -26"><span class='ocrx_word' id='word_1_98' title='bbox 431 1582 672 1650; x_wconf 87' lang='lat' dir='ltr'><strong>genitum</strong></span> <span class='ocrx_word' id='word_1_99' title='bbox 727 1599 826 1655; x_wconf 92' lang='lat' dir='ltr'><strong>pro</strong></span> <span class='ocrx_word' id='word_1_100' title='bbox 856 1587 1036 1643; x_wconf 89' lang='lat' dir='ltr'><strong>nobis.</strong></span> <span class='ocrx_word' id='word_1_101' title='bbox 1075 1585 1360 1659; x_wconf 83' lang='lat' dir='ltr'><strong>Tanquam</strong></span> <span class='ocrx_word' id='word_1_102' title='bbox 1400 1599 1580 1644; x_wconf 89' lang='lat' dir='ltr'><strong>autem</strong></span> <span class='ocrx_word' id='word_1_103' title='bbox 1619 1592 2006 1661; x_wconf 79' lang='lat' dir='ltr'><strong>interrogatus,</strong></span> 
     </span>
    </p>
   </div>
   <div class='ocr_carea' id='block_1_16' title="bbox 433 1675 2004 1753">
    <p class='ocr_par' dir='ltr' id='par_1_16' title="bbox 433 1675 2004 1753">
     <span class='ocr_line' id='line_1_16' title="bbox 433 1675 2004 1753; baseline 0.006 -25"><span class='ocrx_word' id='word_1_104' title='bbox 433 1675 702 1731; x_wconf 84' lang='lat' dir='ltr'><strong>undenam</strong></span> <span class='ocrx_word' id='word_1_105' title='bbox 741 1677 857 1732; x_wconf 85' lang='lat' dir='ltr'><strong>Filii</strong></span> <span class='ocrx_word' id='word_1_106' title='bbox 900 1679 1074 1749; x_wconf 82' lang='lat' dir='ltr'><strong>gratia</strong></span> <span class='ocrx_word' id='word_1_107' title='bbox 1128 1680 1402 1745; x_wconf 83' lang='lat' dir='ltr'><strong>adveniat,</strong></span> <span class='ocrx_word' id='word_1_108' title='bbox 1444 1681 1520 1736; x_wconf 83' lang='lat' dir='ltr'><strong>Ex</strong></span> <span class='ocrx_word' id='word_1_109' title='bbox 1560 1681 1760 1751; x_wconf 85' lang='lat' dir='ltr'><strong>Patris,</strong></span> <span class='ocrx_word' id='word_1_110' title='bbox 1809 1683 2004 1753; x_wconf 81' lang='lat' dir='ltr'><strong>inquit,</strong></span> 
     </span>
    </p>
   </div>
   <div class='ocr_carea' id='block_1_17' title="bbox 431 1766 2008 1837">
    <p class='ocr_par' dir='ltr' id='par_1_17' title="bbox 431 1766 2008 1837">
     <span class='ocr_line' id='line_1_17' title="bbox 431 1766 2008 1837; baseline 0.006 -16"><span class='ocrx_word' id='word_1_111' title='bbox 431 1766 743 1824; x_wconf 82' lang='lat' dir='ltr'><strong>dilectione.</strong></span> <span class='ocrx_word' id='word_1_112' title='bbox 779 1769 918 1837; x_wconf 88' lang='lat' dir='ltr'><strong>Quid</strong></span> <span class='ocrx_word' id='word_1_113' title='bbox 950 1786 1078 1826; x_wconf 83' lang='lat' dir='ltr'><strong>vero</strong></span> <span class='ocrx_word' id='word_1_114' title='bbox 1111 1772 1326 1828; x_wconf 79' lang='lat' dir='ltr'><strong>effecit?</strong></span> <span class='ocrx_word' id='word_1_115' title='bbox 1355 1775 1790 1831; x_wconf 89' lang='lat' dir='ltr'><strong>communionem</strong></span> <span class='ocrx_word' id='word_1_116' title='bbox 1832 1775 2008 1831; x_wconf 90' lang='lat' dir='ltr'><strong>sancti</strong></span> 
     </span>
    </p>
   </div>
   <div class='ocr_carea' id='block_1_18' title="bbox 2108 661 3653 736">
    <p class='ocr_par' dir='ltr' id='par_1_18' title="bbox 2108 661 3653 736">
     <span class='ocr_line' id='line_1_18' title="bbox 2108 661 3653 736; baseline -0.005 -17"><span class='ocrx_word' id='word_1_117' title='bbox 2108 667 2387 736; x_wconf 84' lang='grc' dir='ltr'><strong>παρόντας</strong></span> <span class='ocrx_word' id='word_1_118' title='bbox 2414 665 2500 718; x_wconf 84' lang='grc' dir='ltr'>διὰ</span> <span class='ocrx_word' id='word_1_119' title='bbox 2528 663 2622 718; x_wconf 88' lang='grc' dir='ltr'><strong>τοῦ</strong></span> <span class='ocrx_word' id='word_1_120' title='bbox 2652 664 2956 734; x_wconf 74' lang='grc' dir='ltr'><strong>φιλήματος</strong></span> <span class='ocrx_word' id='word_1_121' title='bbox 2985 663 3264 725; x_wconf 79' lang='grc' dir='ltr'><strong>συνάπτει,</strong></span> <span class='ocrx_word' id='word_1_122' title='bbox 3297 663 3422 725; x_wconf 69' lang='grc' dir='ltr'>τοὺς</span> <span class='ocrx_word' id='word_1_123' title='bbox 3444 661 3498 713; x_wconf 73' lang='grc' dir='ltr'>δὲ</span> <span class='ocrx_word' id='word_1_124' title='bbox 3516 663 3653 713; x_wconf 74' lang='grc' dir='ltr'>ἁπόν·</span> 
     </span>
    </p>
   </div>
   <div class='ocr_carea' id='block_1_19' title="bbox 2105 754 3664 828">
    <p class='ocr_par' dir='ltr' id='par_1_19' title="bbox 2105 754 3664 828">
     <span class='ocr_line' id='line_1_19' title="bbox 2105 754 3664 828; baseline -0.002 -18"><span class='ocrx_word' id='word_1_125' title='bbox 2105 775 2205 822; x_wconf 81' lang='grc' dir='ltr'>τας</span> <span class='ocrx_word' id='word_1_126' title='bbox 2240 757 2329 811; x_wconf 81' lang='grc' dir='ltr'>διὰ</span> <span class='ocrx_word' id='word_1_127' title='bbox 2360 760 2458 826; x_wconf 75' lang='grc' dir='ltr'><strong>τῆς</strong></span> <span class='ocrx_word' id='word_1_128' title='bbox 2489 759 2885 828; x_wconf 80' lang='grc' dir='ltr'><strong>προσρήσεως·</strong></span> <span class='ocrx_word' id='word_1_129' title='bbox 2915 757 3006 810; x_wconf 77' lang='grc' dir='ltr'>καὶ</span> <span class='ocrx_word' id='word_1_130' title='bbox 3042 756 3266 818; x_wconf 75' lang='grc' dir='ltr'><strong>τούτους</strong></span> <span class='ocrx_word' id='word_1_131' title='bbox 3307 755 3366 808; x_wconf 81' lang='grc' dir='ltr'>δὲ</span> <span class='ocrx_word' id='word_1_132' title='bbox 3413 754 3475 808; x_wconf 79' lang='grc' dir='ltr'><strong>τὸ</strong></span> <span class='ocrx_word' id='word_1_133' title='bbox 3506 755 3664 824; x_wconf 73' lang='grc' dir='ltr'>στόμα</span> 
     </span>
    </p>
   </div>
   <div class='ocr_carea' id='block_1_20' title="bbox 2108 848 3437 921">
    <p class='ocr_par' dir='ltr' id='par_1_20' title="bbox 2108 848 3437 921">
     <span class='ocr_line' id='line_1_20' title="bbox 2108 848 3437 921; baseline -0.002 -17"><span class='ocrx_word' id='word_1_134' title='bbox 2108 848 2404 904; x_wconf 85' lang='grc' dir='ltr'>συνάπτει·</span> <span class='ocrx_word' id='word_1_135' title='bbox 2439 850 2549 903; x_wconf 84' lang='grc' dir='ltr'>ἀπὸ</span> <span class='ocrx_word' id='word_1_136' title='bbox 2585 850 3004 919; x_wconf 50' lang='grc' dir='ltr'>γὰρβτόματος</span> <span class='ocrx_word' id='word_1_137' title='bbox 3035 852 3069 921; x_wconf 79' lang='grc' dir='ltr'><strong>η</strong></span> <span class='ocrx_word' id='word_1_138' title='bbox 3107 849 3437 919; x_wconf 82' lang='grc' dir='ltr'><strong>πρόσρησις.</strong></span> 
     </span>
    </p>
   </div>
   <div class='ocr_carea' id='block_1_21' title="bbox 2182 939 3662 1015">
    <p class='ocr_par' dir='ltr' id='par_1_21' title="bbox 2182 939 3662 1015">
     <span class='ocr_line' id='line_1_21' title="bbox 2182 939 3662 1015; baseline -0.003 -19"><span class='ocrx_word' id='word_1_139' title='bbox 2182 961 2202 996; x_wconf 81' lang='grc' dir='ltr'><strong>ι</strong></span> <span class='ocrx_word' id='word_1_140' title='bbox 2242 944 2309 997; x_wconf 83' lang='grc' dir='ltr'><strong>Ἠ</strong></span> <span class='ocrx_word' id='word_1_141' title='bbox 2341 943 2501 1015; x_wconf 83' lang='grc' dir='ltr'>χάρις</span> <span class='ocrx_word' id='word_1_142' title='bbox 2539 943 2634 996; x_wconf 86' lang='grc' dir='ltr'><strong>τοῦ</strong></span> <span class='ocrx_word' id='word_1_143' title='bbox 2665 943 2870 1012; x_wconf 88' lang='grc' dir='ltr'>Κυρίου</span> <span class='ocrx_word' id='word_1_144' title='bbox 2902 942 3058 1013; x_wconf 81' lang='grc' dir='ltr'>ἡμῶν</span> <span class='ocrx_word' id='word_1_145' title='bbox 3089 942 3264 1011; x_wconf 83' lang='grc' dir='ltr'>Ἰησοῦ</span> <span class='ocrx_word' id='word_1_146' title='bbox 3296 939 3558 1011; x_wconf 86' lang='grc' dir='ltr'>Χριστοῦ,</span> <span class='ocrx_word' id='word_1_147' title='bbox 3584 941 3662 992; x_wconf 55' lang='grc' dir='ltr'><strong>καλ</strong></span> 
     </span>
    </p>
   </div>
   <div class='ocr_carea' id='block_1_22' title="bbox 2107 1031 3665 1107">
    <p class='ocr_par' dir='ltr' id='par_1_22' title="bbox 2107 1031 3665 1107">
     <span class='ocr_line' id='line_1_22' title="bbox 2107 1031 3665 1107; baseline -0.005 -17"><span class='ocrx_word' id='word_1_148' title='bbox 2107 1037 2142 1107; x_wconf 75' lang='grc' dir='ltr'><strong>ἡ</strong></span> <span class='ocrx_word' id='word_1_149' title='bbox 2174 1036 2364 1106; x_wconf 79' lang='grc' dir='ltr'>ἀγάπη</span> <span class='ocrx_word' id='word_1_150' title='bbox 2401 1034 2497 1088; x_wconf 88' lang='grc' dir='ltr'><strong>τοῦ</strong></span> <span class='ocrx_word' id='word_1_151' title='bbox 2528 1034 2688 1098; x_wconf 85' lang='grc' dir='ltr'>Θεοῦ,</span> <span class='ocrx_word' id='word_1_152' title='bbox 2725 1034 2823 1088; x_wconf 72' lang='grc' dir='ltr'><strong>καὶ</strong></span> <span class='ocrx_word' id='word_1_153' title='bbox 2856 1037 2890 1103; x_wconf 82' lang='grc' dir='ltr'>ἡ</span> <span class='ocrx_word' id='word_1_154' title='bbox 2916 1034 3169 1088; x_wconf 83' lang='grc' dir='ltr'>κοινωνία</span> <span class='ocrx_word' id='word_1_155' title='bbox 3193 1033 3288 1087; x_wconf 86' lang='grc' dir='ltr'><strong>τοῦ</strong></span> <span class='ocrx_word' id='word_1_156' title='bbox 3316 1033 3478 1101; x_wconf 79' lang='grc' dir='ltr'>ἁγίου</span> <span class='ocrx_word' id='word_1_157' title='bbox 3508 1031 3665 1084; x_wconf 77' lang='grc' dir='ltr'>Πνεῦ-</span> 
     </span>
    </p>
   </div>
   <div class='ocr_carea' id='block_1_23' title="bbox 2111 1125 3666 1198">
    <p class='ocr_par' dir='ltr' id='par_1_23' title="bbox 2111 1125 3666 1198">
     <span class='ocr_line' id='line_1_23' title="bbox 2111 1125 3666 1198; baseline -0.005 -14"><span class='ocrx_word' id='word_1_158' title='bbox 2111 1145 2304 1197; x_wconf 85' lang='grc' dir='ltr'>ματος,</span> <span class='ocrx_word' id='word_1_159' title='bbox 2330 1129 2466 1197; x_wconf 79' lang='grc' dir='ltr'>μετὰ</span> <span class='ocrx_word' id='word_1_160' title='bbox 2484 1127 2704 1182; x_wconf 88' lang='grc' dir='ltr'>πάντων</span> <span class='ocrx_word' id='word_1_161' title='bbox 2747 1127 2925 1198; x_wconf 78' lang='grc' dir='ltr'>ὑμῶν.</span> <span class='ocrx_word' id='word_1_162' title='bbox 2971 1128 3167 1196; x_wconf 86' lang='grc' dir='ltr'>Ἀμήν.</span> <span class='ocrx_word' id='word_1_163' title='bbox 3215 1144 3234 1177; x_wconf 77' lang='grc' dir='ltr'><strong>ι</strong></span> <span class='ocrx_word' id='word_1_164' title='bbox 3287 1125 3511 1194; x_wconf 78' lang='grc' dir='ltr'>Ἐπειδὴ</span> <span class='ocrx_word' id='word_1_165' title='bbox 3562 1141 3666 1176; x_wconf 81' lang='grc' dir='ltr'>συν-</span> 
     </span>
    </p>
   </div>
   <div class='ocr_carea' id='block_1_24' title="bbox 2105 1215 3666 1292">
    <p class='ocr_par' dir='ltr' id='par_1_24' title="bbox 2105 1215 3666 1292">
     <span class='ocr_line' id='line_1_24' title="bbox 2105 1215 3666 1292; baseline -0.006 -17"><span class='ocrx_word' id='word_1_166' title='bbox 2105 1221 2244 1292; x_wconf 77' lang='grc' dir='ltr'>ῆψεν</span> <span class='ocrx_word' id='word_1_167' title='bbox 2269 1221 2540 1285; x_wconf 75' lang='grc' dir='ltr'>ἅπαντας,</span> <span class='ocrx_word' id='word_1_168' title='bbox 2590 1219 2884 1289; x_wconf 75' lang='grc' dir='ltr'>ἐπεύχεται</span> <span class='ocrx_word' id='word_1_169' title='bbox 2936 1219 3123 1282; x_wconf 82' lang='grc' dir='ltr'>αὐτοῖς</span> <span class='ocrx_word' id='word_1_170' title='bbox 3171 1218 3312 1271; x_wconf 77' lang='grc' dir='ltr'>κατὰ</span> <span class='ocrx_word' id='word_1_171' title='bbox 3357 1217 3421 1270; x_wconf 73' lang='grc' dir='ltr'>τὸ</span> <span class='ocrx_word' id='word_1_172' title='bbox 3475 1215 3666 1278; x_wconf 78' lang='grc' dir='ltr'>εἰωθὸς,</span> 
     </span>
    </p>
   </div>
   <div class='ocr_carea' id='block_1_25' title="bbox 2105 1306 3668 1387">
    <p class='ocr_par' dir='ltr' id='par_1_25' title="bbox 2105 1306 3668 1387">
     <span class='ocr_line' id='line_1_25' title="bbox 2105 1306 3668 1387; baseline -0.006 -18"><span class='ocrx_word' id='word_1_173' title='bbox 2105 1316 2206 1387; x_wconf 81' lang='grc' dir='ltr'>τὴν</span> <span class='ocrx_word' id='word_1_174' title='bbox 2256 1315 2417 1387; x_wconf 85' lang='grc' dir='ltr'>χάριν</span> <span class='ocrx_word' id='word_1_175' title='bbox 2468 1313 2565 1368; x_wconf 90' lang='grc' dir='ltr'><strong>τοῦ</strong></span> <span class='ocrx_word' id='word_1_176' title='bbox 2630 1313 2777 1377; x_wconf 87' lang='grc' dir='ltr'>Υῑοῦ,</span> <span class='ocrx_word' id='word_1_177' title='bbox 2817 1312 2884 1366; x_wconf 89' lang='grc' dir='ltr'>δι’</span> <span class='ocrx_word' id='word_1_178' title='bbox 2922 1307 2990 1385; x_wconf 84' lang='grc' dir='ltr'><strong>ἦς</strong></span> <span class='ocrx_word' id='word_1_179' title='bbox 3050 1313 3256 1365; x_wconf 79' lang='grc' dir='ltr'>ἔσωσεν</span> <span class='ocrx_word' id='word_1_180' title='bbox 3295 1311 3469 1379; x_wconf 79' lang='grc' dir='ltr'>ἡμᾶς,</span> <span class='ocrx_word' id='word_1_181' title='bbox 3501 1308 3592 1361; x_wconf 80' lang='grc' dir='ltr'><strong>οὐκ</strong></span> <span class='ocrx_word' id='word_1_182' title='bbox 3620 1306 3668 1372; x_wconf 76' lang='grc' dir='ltr'>ἐξ</span> 
     </span>
    </p>
   </div>
   <div class='ocr_carea' id='block_1_26' title="bbox 2108 1401 3670 1478">
    <p class='ocr_par' dir='ltr' id='par_1_26' title="bbox 2108 1401 3670 1478">
     <span class='ocr_line' id='line_1_26' title="bbox 2108 1401 3670 1478; baseline -0.005 -19"><span class='ocrx_word' id='word_1_183' title='bbox 2108 1407 2287 1478; x_wconf 82' lang='grc' dir='ltr'>ἔργων</span> <span class='ocrx_word' id='word_1_184' title='bbox 2309 1407 2619 1477; x_wconf 75' lang='grc' dir='ltr'>ἡμετέρων,</span> <span class='ocrx_word' id='word_1_185' title='bbox 2648 1404 2786 1458; x_wconf 71' lang='grc' dir='ltr'>ἀλλὰ</span> <span class='ocrx_word' id='word_1_186' title='bbox 2813 1404 3020 1475; x_wconf 78' lang='grc' dir='ltr'>χάριτι,</span> <span class='ocrx_word' id='word_1_187' title='bbox 3055 1405 3292 1473; x_wconf 61' lang='grc' dir='ltr'>σφαγεὶς</span> <span class='ocrx_word' id='word_1_188' title='bbox 3334 1402 3502 1464; x_wconf 78' lang='grc' dir='ltr'>αὐτὸς</span> <span class='ocrx_word' id='word_1_189' title='bbox 3548 1401 3670 1471; x_wconf 77' lang='grc' dir='ltr'>ὑπὲρ</span> 
     </span>
    </p>
   </div>
   <div class='ocr_carea' id='block_1_27' title="bbox 2107 1493 3668 1569">
    <p class='ocr_par' dir='ltr' id='par_1_27' title="bbox 2107 1493 3668 1569">
     <span class='ocr_line' id='line_1_27' title="bbox 2107 1493 3668 1569; baseline -0.004 -18"><span class='ocrx_word' id='word_1_190' title='bbox 2107 1498 2264 1567; x_wconf 82' lang='grc' dir='ltr'>ήμῶν</span> <span class='ocrx_word' id='word_1_191' title='bbox 2285 1513 2300 1530; x_wconf 80' lang='grc'><em>³</em></span> <span class='ocrx_word' id='word_1_192' title='bbox 2327 1497 2422 1550; x_wconf 74' lang='grc' dir='ltr'>καὶ</span> <span class='ocrx_word' id='word_1_193' title='bbox 2458 1497 2558 1568; x_wconf 80' lang='grc' dir='ltr'><strong>τὴν</strong></span> <span class='ocrx_word' id='word_1_194' title='bbox 2615 1497 2839 1569; x_wconf 81' lang='grc' dir='ltr'><strong>ἀγάπην</strong></span> <span class='ocrx_word' id='word_1_195' title='bbox 2872 1497 2965 1550; x_wconf 88' lang='grc' dir='ltr'><strong>τοῦ</strong></span> <span class='ocrx_word' id='word_1_196' title='bbox 3016 1496 3252 1568; x_wconf 83' lang='grc' dir='ltr'>Πατρδς,</span> <span class='ocrx_word' id='word_1_197' title='bbox 3295 1495 3365 1565; x_wconf 70' lang='grc' dir='ltr'>ἢν</span> <span class='ocrx_word' id='word_1_198' title='bbox 3399 1493 3668 1563; x_wconf 78' lang='grc' dir='ltr'>ἠγάπησεν</span> 
     </span>
    </p>
   </div>
   <div class='ocr_carea' id='block_1_28' title="bbox 2109 1582 3670 1660">
    <p class='ocr_par' dir='ltr' id='par_1_28' title="bbox 2109 1582 3670 1660">
     <span class='ocr_line' id='line_1_28' title="bbox 2109 1582 3670 1660; baseline -0.006 -19"><span class='ocrx_word' id='word_1_199' title='bbox 2109 1589 2279 1660; x_wconf 70' lang='grc' dir='ltr'>ἡμᾶς,</span> <span class='ocrx_word' id='word_1_200' title='bbox 2328 1587 2453 1652; x_wconf 79' lang='grc' dir='ltr'>δοὺς</span> <span class='ocrx_word' id='word_1_201' title='bbox 2506 1586 2598 1640; x_wconf 75' lang='grc' dir='ltr'><strong>τὸν</strong></span> <span class='ocrx_word' id='word_1_202' title='bbox 2645 1587 2926 1657; x_wconf 80' lang='grc' dir='ltr'>Μονογενῆ</span> <span class='ocrx_word' id='word_1_203' title='bbox 2976 1585 3118 1656; x_wconf 78' lang='grc' dir='ltr'>ὑπὲρ</span> <span class='ocrx_word' id='word_1_204' title='bbox 3168 1583 3350 1654; x_wconf 78' lang='grc' dir='ltr'>ἡμῶν.</span> <span class='ocrx_word' id='word_1_205' title='bbox 3395 1582 3603 1635; x_wconf 71' lang='grc' dir='ltr'>Ὡσανεὶ</span> <span class='ocrx_word' id='word_1_206' title='bbox 3623 1582 3670 1633; x_wconf 71' lang='grc' dir='ltr'>δὲ</span> 
     </span>
    </p>
   </div>
   <div class='ocr_carea' id='block_1_29' title="bbox 2110 1673 3671 1751">
    <p class='ocr_par' dir='ltr' id='par_1_29' title="bbox 2110 1673 3671 1751">
     <span class='ocr_line' id='line_1_29' title="bbox 2110 1673 3671 1751; baseline -0.006 -17"><span class='ocrx_word' id='word_1_207' title='bbox 2110 1681 2439 1751; x_wconf 82' lang='grc' dir='ltr'>ὲρωθηθείς’</span> <span class='ocrx_word' id='word_1_208' title='bbox 2468 1679 2640 1734; x_wconf 86' lang='grc' dir='ltr'>Πόθεν</span> <span class='ocrx_word' id='word_1_209' title='bbox 2668 1681 2702 1751; x_wconf 87' lang='grc' dir='ltr'>ἠ</span> <span class='ocrx_word' id='word_1_210' title='bbox 2732 1680 2893 1750; x_wconf 85' lang='grc' dir='ltr'>χάρις</span> <span class='ocrx_word' id='word_1_211' title='bbox 2921 1678 3015 1732; x_wconf 87' lang='grc' dir='ltr'><strong>τοῦ</strong></span> <span class='ocrx_word' id='word_1_212' title='bbox 3047 1677 3178 1730; x_wconf 83' lang='grc' dir='ltr'>Υίοῦ</span> <span class='ocrx_word' id='word_1_213' title='bbox 3207 1695 3220 1741; x_wconf 92' lang='grc'>;</span> <span class='ocrx_word' id='word_1_214' title='bbox 3251 1676 3444 1746; x_wconf 61' lang='grc' dir='ltr'>φησιν,</span> <span class='ocrx_word' id='word_1_215' title='bbox 3474 1674 3551 1726; x_wconf 80' lang='grc' dir='ltr'>ὅτι</span> <span class='ocrx_word' id='word_1_216' title='bbox 3591 1673 3671 1726; x_wconf 82' lang='grc' dir='ltr'><strong>Ἕκ</strong></span> 
     </span>
    </p>
   </div>
   <div class='ocr_carea' id='block_1_30' title="bbox 2109 1766 3671 1842">
    <p class='ocr_par' dir='ltr' id='par_1_30' title="bbox 2109 1766 3671 1842">
     <span class='ocr_line' id='line_1_30' title="bbox 2109 1766 3671 1842; baseline -0.006 -17"><span class='ocrx_word' id='word_1_217' title='bbox 2109 1774 2208 1842; x_wconf 79' lang='grc' dir='ltr'><strong>τῆς</strong></span> <span class='ocrx_word' id='word_1_218' title='bbox 2245 1771 2341 1825; x_wconf 87' lang='grc' dir='ltr'><strong>τοῦ</strong></span> <span class='ocrx_word' id='word_1_219' title='bbox 2376 1772 2591 1842; x_wconf 83' lang='grc' dir='ltr'>Πατρὺς</span> <span class='ocrx_word' id='word_1_220' title='bbox 2639 1773 2884 1841; x_wconf 86' lang='grc' dir='ltr'>ἀγάπης.</span> <span class='ocrx_word' id='word_1_221' title='bbox 2941 1771 3006 1822; x_wconf 86' lang='grc' dir='ltr'>Τί</span> <span class='ocrx_word' id='word_1_222' title='bbox 3055 1769 3114 1822; x_wconf 76' lang='grc' dir='ltr'>δὲ</span> <span class='ocrx_word' id='word_1_223' title='bbox 3173 1766 3671 1839; x_wconf 74' lang='grc' dir='ltr'>κατώρθωσεςτὴν</span> 
     </span>
    </p>
   </div>
   <div class='ocr_carea' id='block_1_31' title="bbox 433 1857 2044 1933">
    <p class='ocr_par' dir='ltr' id='par_1_31' title="bbox 433 1857 2004 1933">
     <span class='ocr_line' id='line_1_31' title="bbox 433 1857 2004 1933; baseline 0.003 -21"><span class='ocrx_word' id='word_1_224' title='bbox 433 1857 692 1928; x_wconf 84' lang='lat' dir='ltr'><strong>Spiritus,</strong></span> <span class='ocrx_word' id='word_1_225' title='bbox 725 1859 824 1915; x_wconf 88' lang='lat' dir='ltr'><strong>boc</strong></span> <span class='ocrx_word' id='word_1_226' title='bbox 851 1870 955 1928; x_wconf 88' lang='lat' dir='ltr'><strong>est,</strong></span> <span class='ocrx_word' id='word_1_227' title='bbox 984 1862 1455 1932; x_wconf 85' lang='lat' dir='ltr'><strong>participationem</strong></span> <span class='ocrx_word' id='word_1_228' title='bbox 1485 1871 1542 1918; x_wconf 90' lang='lat' dir='ltr'><strong>et</strong></span> <span class='ocrx_word' id='word_1_229' title='bbox 1581 1864 2004 1933; x_wconf 84' lang='lat' dir='ltr'><strong>assumptionem</strong></span> 
     </span>
    </p>
   </div>
   <div class='ocr_carea' id='block_1_32' title="bbox 2119 1857 3664 1933">
    <p class='ocr_par' dir='ltr' id='par_1_32' title="bbox 2119 1857 3664 1932">
     <span class='ocr_line' id='line_1_32' title="bbox 2119 1857 3664 1932; baseline -0.006 -14"><span class='ocrx_word' id='word_1_230' title='bbox 2119 1865 2398 1918; x_wconf 80' lang='grc' dir='ltr'>κοινωνίαν</span> <span class='ocrx_word' id='word_1_231' title='bbox 2449 1864 2543 1917; x_wconf 88' lang='grc' dir='ltr'><strong>τοῦ</strong></span> <span class='ocrx_word' id='word_1_232' title='bbox 2593 1864 2748 1931; x_wconf 85' lang='grc' dir='ltr'>ἁγίου</span> <span class='ocrx_word' id='word_1_233' title='bbox 2783 1862 3124 1932; x_wconf 84' lang='grc' dir='ltr'>Πνεύματος,</span> <span class='ocrx_word' id='word_1_234' title='bbox 3157 1860 3430 1922; x_wconf 81' lang='grc' dir='ltr'>τουτέστι,</span> <span class='ocrx_word' id='word_1_235' title='bbox 3465 1857 3558 1928; x_wconf 78' lang='grc' dir='ltr'>τὴν</span> <span class='ocrx_word' id='word_1_236' title='bbox 3589 1874 3664 1926; x_wconf 79' lang='grc' dir='ltr'>με·</span> 
     </span>
    </p>
   </div>
   <div class='ocr_carea' id='block_1_33' title="bbox 431 1933 2044 2028">
    <p class='ocr_par' dir='ltr' id='par_1_33' title="bbox 431 1933 2044 2026">
     <span class='ocr_line' id='line_1_33' title="bbox 431 1933 2044 2026; baseline 0.002 -20"><span class='ocrx_word' id='word_1_237' title='bbox 431 1951 572 2022; x_wconf 75' lang='lat' dir='ltr'><strong>cjus,</strong></span> <span class='ocrx_word' id='word_1_238' title='bbox 609 1967 712 2022; x_wconf 87' lang='lat' dir='ltr'><strong>qua</strong></span> <span class='ocrx_word' id='word_1_239' title='bbox 752 1954 1183 2020; x_wconf 84' lang='lat' dir='ltr'><strong>sanctificamur,</strong></span> <span class='ocrx_word' id='word_1_240' title='bbox 1213 1956 1446 2011; x_wconf 85' lang='lat' dir='ltr'><strong>adventu</strong></span> <span class='ocrx_word' id='word_1_241' title='bbox 1481 1956 1716 2026; x_wconf 82' lang='lat' dir='ltr'><strong>Spiritus</strong></span> <span class='ocrx_word' id='word_1_242' title='bbox 1738 1955 2008 2012; x_wconf 91' lang='lat' dir='ltr'><strong>Paracleti</strong></span> <span class='ocrx_word' id='word_1_243' title='bbox 2040 1933 2044 1991; x_wconf 62' lang='grc' dir='ltr'><strong>ί</strong></span> 
     </span>
    </p>
   </div>
   <div class='ocr_carea' id='block_1_34' title="bbox 2119 1933 3670 2028">
    <p class='ocr_par' dir='ltr' id='par_1_34' title="bbox 2119 1950 3670 2028">
     <span class='ocr_line' id='line_1_34' title="bbox 2119 1950 3670 2028; baseline -0.006 -18"><span class='ocrx_word' id='word_1_244' title='bbox 2119 1957 2278 2028; x_wconf 81' lang='grc' dir='ltr'>τοχὴν</span> <span class='ocrx_word' id='word_1_245' title='bbox 2311 1957 2501 2020; x_wconf 78' lang='grc' dir='ltr'>αὐτοῦ,</span> <span class='ocrx_word' id='word_1_246' title='bbox 2540 1961 2634 2009; x_wconf 75' lang='grc' dir='ltr'>καὶ</span> <span class='ocrx_word' id='word_1_247' title='bbox 2666 1956 2765 2027; x_wconf 81' lang='grc' dir='ltr'><strong>τὴν</strong></span> <span class='ocrx_word' id='word_1_248' title='bbox 2811 1955 3135 2024; x_wconf 77' lang='grc' dir='ltr'>μετάληψιν,</span> <span class='ocrx_word' id='word_1_249' title='bbox 3183 1953 3304 2006; x_wconf 83' lang='grc' dir='ltr'>καθ’</span> <span class='ocrx_word' id='word_1_250' title='bbox 3339 1952 3411 2022; x_wconf 81' lang='grc' dir='ltr'>ἢν</span> <span class='ocrx_word' id='word_1_251' title='bbox 3475 1950 3670 2018; x_wconf 74' lang='grc' dir='ltr'>ἁγιαζόσ</span> 
     </span>
    </p>
   </div>
   <div class='ocr_carea' id='block_1_35' title="bbox 431 2045 2011 2119">
    <p class='ocr_par' dir='ltr' id='par_1_35' title="bbox 431 2045 2011 2119">
     <span class='ocr_line' id='line_1_35' title="bbox 431 2045 2011 2119; baseline 0.003 -20"><span class='ocrx_word' id='word_1_252' title='bbox 431 2046 488 2099; x_wconf 90' lang='lat' dir='ltr'><strong>in</strong></span> <span class='ocrx_word' id='word_1_253' title='bbox 522 2060 620 2100; x_wconf 89' lang='lat' dir='ltr'><strong>nos</strong></span> <span class='ocrx_word' id='word_1_254' title='bbox 660 2045 948 2115; x_wconf 88' lang='lat' dir='ltr'><strong>participes</strong></span> <span class='ocrx_word' id='word_1_255' title='bbox 999 2047 1167 2118; x_wconf 87' lang='lat' dir='ltr'><strong>ipsius</strong></span> <span class='ocrx_word' id='word_1_256' title='bbox 1196 2049 1346 2113; x_wconf 84' lang='lat' dir='ltr'><strong>facti,</strong></span> <span class='ocrx_word' id='word_1_257' title='bbox 1397 2050 1504 2103; x_wconf 90' lang='lat' dir='ltr'><strong>imo</strong></span> <span class='ocrx_word' id='word_1_258' title='bbox 1527 2059 1579 2104; x_wconf 88' lang='lat' dir='ltr'><strong>et</strong></span> <span class='ocrx_word' id='word_1_259' title='bbox 1614 2048 1713 2118; x_wconf 90' lang='lat' dir='ltr'><strong>ipsi</strong></span> <span class='ocrx_word' id='word_1_260' title='bbox 1749 2049 1803 2104; x_wconf 90' lang='lat' dir='ltr'><strong>in</strong></span> <span class='ocrx_word' id='word_1_261' title='bbox 1841 2049 2011 2119; x_wconf 83' lang='lat' dir='ltr'><strong>Spiri—</strong></span> 
     </span>
    </p>
   </div>
   <div class='ocr_carea' id='block_1_36' title="bbox 435 2142 2008 2214">
    <p class='ocr_par' dir='ltr' id='par_1_36' title="bbox 435 2142 2008 2214">
     <span class='ocr_line' id='line_1_36' title="bbox 435 2142 2008 2214; baseline 0.005 -24"><span class='ocrx_word' id='word_1_262' title='bbox 435 2148 550 2191; x_wconf 87' lang='lat' dir='ltr'><strong>tum</strong></span> <span class='ocrx_word' id='word_1_263' title='bbox 581 2149 971 2207; x_wconf 77' lang='lat' dir='ltr'><strong>permutantur,</strong></span> <span class='ocrx_word' id='word_1_264' title='bbox 1008 2156 1111 2196; x_wconf 93' lang='lat' dir='ltr'><strong>non</strong></span> <span class='ocrx_word' id='word_1_265' title='bbox 1144 2142 1406 2208; x_wconf 87' lang='lat' dir='ltr'><strong>essentia,</strong></span> <span class='ocrx_word' id='word_1_266' title='bbox 1446 2144 1538 2198; x_wconf 89' lang='lat' dir='ltr'><strong>sed</strong></span> <span class='ocrx_word' id='word_1_267' title='bbox 1571 2143 2008 2214; x_wconf 87' lang='lat' dir='ltr'><strong>participatione.</strong></span> 
     </span>
    </p>
   </div>
   <div class='ocr_carea' id='block_1_37' title="bbox 437 2229 2008 2307">
    <p class='ocr_par' dir='ltr' id='par_1_37' title="bbox 437 2229 2008 2307">
     <span class='ocr_line' id='line_1_37' title="bbox 437 2229 2008 2307; baseline 0.004 -23"><span class='ocrx_word' id='word_1_268' title='bbox 437 2229 538 2286; x_wconf 80' lang='lat' dir='ltr'><strong>Ubi</strong></span> <span class='ocrx_word' id='word_1_269' title='bbox 570 2245 698 2285; x_wconf 86' lang='lat' dir='ltr'><strong>vero</strong></span> <span class='ocrx_word' id='word_1_270' title='bbox 732 2241 860 2290; x_wconf 86' lang='lat' dir='ltr'><strong>sunt</strong></span> <span class='ocrx_word' id='word_1_271' title='bbox 886 2234 975 2302; x_wconf 89' lang='lat' dir='ltr'><strong>qui</strong></span> <span class='ocrx_word' id='word_1_272' title='bbox 1008 2233 1266 2303; x_wconf 90' lang='lat' dir='ltr'><strong>Spiritum</strong></span> <span class='ocrx_word' id='word_1_273' title='bbox 1301 2247 1543 2291; x_wconf 88' lang='lat' dir='ltr'><strong>sanctum</strong></span> <span class='ocrx_word' id='word_1_274' title='bbox 1579 2237 1851 2307; x_wconf 88' lang='lat' dir='ltr'><strong>rejiciunt,</strong></span> <span class='ocrx_word' id='word_1_275' title='bbox 1883 2237 2008 2306; x_wconf 88' lang='lat' dir='ltr'><strong>quia</strong></span> 
     </span>
    </p>
   </div>
   <div class='ocr_carea' id='block_1_38' title="bbox 435 2320 2014 2399">
    <p class='ocr_par' dir='ltr' id='par_1_38' title="bbox 435 2320 2014 2399">
     <span class='ocr_line' id='line_1_38' title="bbox 435 2320 2014 2399; baseline 0.004 -24"><span class='ocrx_word' id='word_1_276' title='bbox 435 2320 491 2376; x_wconf 90' lang='lat' dir='ltr'><strong>in</strong></span> <span class='ocrx_word' id='word_1_277' title='bbox 523 2321 687 2392; x_wconf 77' lang='lat'><strong>322</strong></span> <span class='ocrx_word' id='word_1_278' title='bbox 735 2323 999 2394; x_wconf 88' lang='lat' dir='ltr'><strong>principio</strong></span> <span class='ocrx_word' id='word_1_279' title='bbox 1031 2325 1389 2396; x_wconf 87' lang='lat' dir='ltr'><strong>Epistolarum</strong></span> <span class='ocrx_word' id='word_1_280' title='bbox 1437 2329 1613 2397; x_wconf 88' lang='lat' dir='ltr'><strong>ipsum</strong></span> <span class='ocrx_word' id='word_1_281' title='bbox 1651 2344 1757 2384; x_wconf 91' lang='lat' dir='ltr'><strong>non</strong></span> <span class='ocrx_word' id='word_1_282' title='bbox 1818 2327 2014 2399; x_wconf 86' lang='lat' dir='ltr'><strong>ponit?</strong></span> 
     </span>
    </p>
   </div>
   <div class='ocr_carea' id='block_1_39' title="bbox 439 2413 2014 2490">
    <p class='ocr_par' dir='ltr' id='par_1_39' title="bbox 439 2413 2014 2490">
     <span class='ocr_line' id='line_1_39' title="bbox 439 2413 2014 2490; baseline 0.004 -22"><span class='ocrx_word' id='word_1_283' title='bbox 439 2414 520 2468; x_wconf 83' lang='lat' dir='ltr'><strong>En</strong></span> <span class='ocrx_word' id='word_1_284' title='bbox 562 2413 671 2483; x_wconf 87' lang='lat' dir='ltr'><strong>jam</strong></span> <span class='ocrx_word' id='word_1_285' title='bbox 709 2418 908 2487; x_wconf 86' lang='lat' dir='ltr'><strong>posuit,</strong></span> <span class='ocrx_word' id='word_1_286' title='bbox 963 2429 1018 2474; x_wconf 86' lang='lat' dir='ltr'><strong>et</strong></span> <span class='ocrx_word' id='word_1_287' title='bbox 1051 2417 1294 2474; x_wconf 89' lang='lat' dir='ltr'><strong>Trinitas</strong></span> <span class='ocrx_word' id='word_1_288' title='bbox 1347 2421 1440 2474; x_wconf 85' lang='lat' dir='ltr'><strong>tibi</strong></span> <span class='ocrx_word' id='word_1_289' title='bbox 1471 2437 1499 2474; x_wconf 93' lang='lat' dir='ltr'><strong>a</strong></span> <span class='ocrx_word' id='word_1_290' title='bbox 1535 2419 1704 2475; x_wconf 88' lang='lat' dir='ltr'><strong>Paulo</strong></span> <span class='ocrx_word' id='word_1_291' title='bbox 1745 2420 2014 2490; x_wconf 86' lang='lat' dir='ltr'><strong>complete</strong></span> 
     </span>
    </p>
   </div>
   <div class='ocr_carea' id='block_1_40' title="bbox 435 2511 2018 2586">
    <p class='ocr_par' dir='ltr' id='par_1_40' title="bbox 435 2511 2018 2586">
     <span class='ocr_line' id='line_1_40' title="bbox 435 2511 2018 2586; baseline 0.003 -23"><span class='ocrx_word' id='word_1_292' title='bbox 435 2520 809 2566; x_wconf 78' lang='lat' dir='ltr'><strong>enutneratur.</strong></span> <span class='ocrx_word' id='word_1_293' title='bbox 864 2511 967 2568; x_wconf 85' lang='lat' dir='ltr'><strong>Per</strong></span> <span class='ocrx_word' id='word_1_294' title='bbox 1010 2530 1173 2585; x_wconf 89' lang='lat' dir='ltr'><strong>quam</strong></span> <span class='ocrx_word' id='word_1_295' title='bbox 1202 2515 1450 2570; x_wconf 87' lang='lat' dir='ltr'><strong>veritatis</strong></span> <span class='ocrx_word' id='word_1_296' title='bbox 1484 2515 1736 2586; x_wconf 81' lang='lat' dir='ltr'><strong>dogmata</strong></span> <span class='ocrx_word' id='word_1_297' title='bbox 1792 2514 2018 2569; x_wconf 76' lang='lat' dir='ltr'><strong>ﬁrmiter</strong></span> 
     </span>
    </p>
   </div>
   <div class='ocr_carea' id='block_1_41' title="bbox 437 2605 2017 2678">
    <p class='ocr_par' dir='ltr' id='par_1_41' title="bbox 437 2605 2017 2678">
     <span class='ocr_line' id='line_1_41' title="bbox 437 2605 2017 2678; baseline 0.003 -21"><span class='ocrx_word' id='word_1_298' title='bbox 437 2605 758 2672; x_wconf 78' lang='lat' dir='ltr'><strong>retinentes,</strong></span> <span class='ocrx_word' id='word_1_299' title='bbox 793 2620 854 2661; x_wconf 86' lang='lat' dir='ltr'><strong>ac</strong></span> <span class='ocrx_word' id='word_1_300' title='bbox 891 2607 1055 2662; x_wconf 88' lang='lat' dir='ltr'><strong>vitam</strong></span> <span class='ocrx_word' id='word_1_301' title='bbox 1101 2609 1474 2678; x_wconf 79' lang='lat' dir='ltr'><strong>incorruptam</strong></span> <span class='ocrx_word' id='word_1_302' title='bbox 1503 2610 1853 2663; x_wconf 82' lang='lat' dir='ltr'><strong>ostendentes</strong></span> <span class='ocrx_word' id='word_1_303' title='bbox 1886 2623 2017 2662; x_wconf 90' lang='lat' dir='ltr'><strong>con-</strong></span> 
     </span>
    </p>
   </div>
   <div class='ocr_carea' id='block_1_42' title="bbox 438 2699 2016 2769">
    <p class='ocr_par' dir='ltr' id='par_1_42' title="bbox 438 2699 2016 2769">
     <span class='ocr_line' id='line_1_42' title="bbox 438 2699 2016 2769; baseline 0.003 -21"><span class='ocrx_word' id='word_1_304' title='bbox 438 2710 741 2764; x_wconf 78' lang='lat' dir='ltr'><strong>servemur,</strong></span> <span class='ocrx_word' id='word_1_305' title='bbox 790 2706 848 2752; x_wconf 89' lang='lat' dir='ltr'><strong>ut</strong></span> <span class='ocrx_word' id='word_1_306' title='bbox 905 2713 1088 2752; x_wconf 85' lang='lat' dir='ltr'><strong>revera</strong></span> <span class='ocrx_word' id='word_1_307' title='bbox 1136 2699 1359 2768; x_wconf 81' lang='lat' dir='ltr'><strong>perfecti</strong></span> <span class='ocrx_word' id='word_1_308' title='bbox 1397 2699 1588 2764; x_wconf 79' lang='lat' dir='ltr'><strong>simus,</strong></span> <span class='ocrx_word' id='word_1_309' title='bbox 1627 2699 1878 2769; x_wconf 89' lang='lat' dir='ltr'><strong>utrinque</strong></span> <span class='ocrx_word' id='word_1_310' title='bbox 1919 2714 2016 2753; x_wconf 92' lang='lat' dir='ltr'><strong>nos</strong></span> 
     </span>
    </p>
   </div>
   <div class='ocr_carea' id='block_1_43' title="bbox 440 2790 2016 2861">
    <p class='ocr_par' dir='ltr' id='par_1_43' title="bbox 440 2790 2016 2861">
     <span class='ocr_line' id='line_1_43' title="bbox 440 2790 2016 2861; baseline 0.003 -19"><span class='ocrx_word' id='word_1_311' title='bbox 440 2797 588 2844; x_wconf 83' lang='lat' dir='ltr'><strong>recte</strong></span> <span class='ocrx_word' id='word_1_312' title='bbox 629 2790 910 2855; x_wconf 86' lang='lat' dir='ltr'><strong>habentes,</strong></span> <span class='ocrx_word' id='word_1_313' title='bbox 944 2801 998 2846; x_wconf 88' lang='lat' dir='ltr'><strong>et</strong></span> <span class='ocrx_word' id='word_1_314' title='bbox 1047 2791 1140 2846; x_wconf 87' lang='lat' dir='ltr'><strong>Dei</strong></span> <span class='ocrx_word' id='word_1_315' title='bbox 1183 2792 1236 2846; x_wconf 91' lang='lat' dir='ltr'><strong>in</strong></span> <span class='ocrx_word' id='word_1_316' title='bbox 1279 2791 1550 2846; x_wconf 84' lang='lat' dir='ltr'><strong>Trinitate</strong></span> <span class='ocrx_word' id='word_1_317' title='bbox 1599 2792 1824 2861; x_wconf 80' lang='lat' dir='ltr'><strong>perfecti</strong></span> <span class='ocrx_word' id='word_1_318' title='bbox 1873 2792 2016 2846; x_wconf 89' lang='lat' dir='ltr'><strong>servi</strong></span> 
     </span>
    </p>
   </div>
   <div class='ocr_carea' id='block_1_44' title="bbox 442 2877 2017 2952">
    <p class='ocr_par' dir='ltr' id='par_1_44' title="bbox 442 2877 2017 2952">
     <span class='ocr_line' id='line_1_44' title="bbox 442 2877 2017 2952; baseline 0.004 -22"><span class='ocrx_word' id='word_1_319' title='bbox 442 2877 669 2945; x_wconf 79' lang='lat' dir='ltr'><strong>perfecti</strong></span> <span class='ocrx_word' id='word_1_320' title='bbox 701 2879 981 2936; x_wconf 87' lang='lat' dir='ltr'><strong>declarati.</strong></span> <span class='ocrx_word' id='word_1_321' title='bbox 1021 2881 1119 2937; x_wconf 79' lang='lat' dir='ltr'><strong>Cui</strong></span> <span class='ocrx_word' id='word_1_322' title='bbox 1155 2882 1322 2952; x_wconf 80' lang='lat' dir='ltr'><strong>gloria</strong></span> <span class='ocrx_word' id='word_1_323' title='bbox 1359 2882 1412 2936; x_wconf 93' lang='lat' dir='ltr'><strong>in</strong></span> <span class='ocrx_word' id='word_1_324' title='bbox 1445 2882 1640 2938; x_wconf 67' lang='lat' dir='ltr'><strong>saecula</strong></span> <span class='ocrx_word' id='word_1_325' title='bbox 1672 2883 2017 2937; x_wconf 61' lang='lat' dir='ltr'><strong>saeculorum.</strong></span> 
     </span>
    </p>
   </div>
   <div class='ocr_carea' id='block_1_45' title="bbox 442 2971 638 3029">
    <p class='ocr_par' dir='ltr' id='par_1_45' title="bbox 442 2971 638 3029">
     <span class='ocr_line' id='line_1_45' title="bbox 442 2971 638 3029; baseline 0.02 -5"><span class='ocrx_word' id='word_1_326' title='bbox 442 2971 638 3029; x_wconf 78' lang='lat' dir='ltr'><strong>Amen.</strong></span> 
     </span>
    </p>
   </div>
   <div class='ocr_carea' id='block_1_46' title="bbox 458 3188 1626 3222">
    <p class='ocr_par' dir='ltr' id='par_1_46' title="bbox 458 3188 1626 3222">
     <span class='ocr_line' id='line_1_46' title="bbox 458 3188 1626 3222; baseline 0.002 -3"><span class='ocrx_word' id='word_1_327' title='bbox 458 3188 1626 3222; x_wconf 44' lang='grc' dir='ltr'><strong>ω</strong></span> 
     </span>
    </p>
   </div>
   <div class='ocr_carea' id='block_1_47' title="bbox 2120 2041 3672 2121">
    <p class='ocr_par' dir='ltr' id='par_1_47' title="bbox 2120 2041 3672 2121">
     <span class='ocr_line' id='line_1_47' title="bbox 2120 2041 3672 2121; baseline -0.008 -17"><span class='ocrx_word' id='word_1_328' title='bbox 2120 2051 2296 2121; x_wconf 72' lang='grc' dir='ltr'>μεθα,</span> <span class='ocrx_word' id='word_1_329' title='bbox 2336 2053 2402 2121; x_wconf 82' lang='grc' dir='ltr'>τῇ</span> <span class='ocrx_word' id='word_1_330' title='bbox 2438 2051 2524 2118; x_wconf 75' lang='grc' dir='ltr'><strong>ἐφ’</strong></span> <span class='ocrx_word' id='word_1_331' title='bbox 2555 2049 2702 2119; x_wconf 76' lang='grc' dir='ltr'><strong>ἡμᾶς</strong></span> <span class='ocrx_word' id='word_1_332' title='bbox 2767 2049 3112 2116; x_wconf 69' lang='grc' dir='ltr'>ἐπιφοιτήσει</span> <span class='ocrx_word' id='word_1_333' title='bbox 3175 2044 3270 2098; x_wconf 89' lang='grc' dir='ltr'><strong>τοῦ</strong></span> <span class='ocrx_word' id='word_1_334' title='bbox 3332 2041 3672 2112; x_wconf 78' lang='grc' dir='ltr'>Παρακλὴτου</span> 
     </span>
    </p>
   </div>
   <div class='ocr_carea' id='block_1_48' title="bbox 2117 2133 3672 2209">
    <p class='ocr_par' dir='ltr' id='par_1_48' title="bbox 2117 2133 3672 2209">
     <span class='ocr_line' id='line_1_48' title="bbox 2117 2133 3672 2209; baseline -0.01 -11"><span class='ocrx_word' id='word_1_335' title='bbox 2117 2143 2369 2198; x_wconf 71' lang='grc' dir='ltr'>κοινωνοὶ</span> <span class='ocrx_word' id='word_1_336' title='bbox 2390 2141 2558 2195; x_wconf 77' lang='grc' dir='ltr'>αὐτοῦ</span> <span class='ocrx_word' id='word_1_337' title='bbox 2577 2141 2882 2209; x_wconf 83' lang='grc' dir='ltr'>γενόμενοι,</span> <span class='ocrx_word' id='word_1_338' title='bbox 2906 2140 3002 2194; x_wconf 71' lang='grc' dir='ltr'><strong>καὶ</strong></span> <span class='ocrx_word' id='word_1_339' title='bbox 3025 2137 3253 2206; x_wconf 81' lang='grc' dir='ltr'>Πνεῦμα</span> <span class='ocrx_word' id='word_1_340' title='bbox 3282 2135 3378 2188; x_wconf 60' lang='grc' dir='ltr'><strong>καὶ⁵</strong></span> <span class='ocrx_word' id='word_1_341' title='bbox 3402 2136 3569 2193; x_wconf 68' lang='grc' dir='ltr'>αὐτοὶ,</span> <span class='ocrx_word' id='word_1_342' title='bbox 3590 2133 3672 2185; x_wconf 72' lang='grc' dir='ltr'>οὐκ</span> 
     </span>
    </p>
   </div>
   <div class='ocr_carea' id='block_1_49' title="bbox 2118 2224 3670 2306">
    <p class='ocr_par' dir='ltr' id='par_1_49' title="bbox 2118 2224 3670 2306">
     <span class='ocr_line' id='line_1_49' title="bbox 2118 2224 3670 2306; baseline -0.008 -17"><span class='ocrx_word' id='word_1_343' title='bbox 2118 2235 2297 2306; x_wconf 77' lang='grc' dir='ltr'>οὐσίᾳ,</span> <span class='ocrx_word' id='word_1_344' title='bbox 2333 2233 2472 2288; x_wconf 84' lang='grc' dir='ltr'>ἀλλά</span> <span class='ocrx_word' id='word_1_345' title='bbox 2505 2233 2720 2304; x_wconf 80' lang='grc' dir='ltr'>μεθέξει</span> <span class='ocrx_word' id='word_1_346' title='bbox 2765 2233 2947 2295; x_wconf 62' lang='grc' dir='ltr'>ὅντες-ζ</span> <span class='ocrx_word' id='word_1_347' title='bbox 2973 2231 3085 2284; x_wconf 89' lang='grc' dir='ltr'><strong>Ποῦ</strong></span> <span class='ocrx_word' id='word_1_348' title='bbox 3109 2230 3166 2283; x_wconf 89' lang='grc' dir='ltr'><strong>δέ</strong></span> <span class='ocrx_word' id='word_1_349' title='bbox 3199 2232 3338 2283; x_wconf 81' lang='grc' dir='ltr'>εἰσιν</span> <span class='ocrx_word' id='word_1_350' title='bbox 3371 2229 3421 2280; x_wconf 87' lang='grc' dir='ltr'><strong>οί</strong></span> <span class='ocrx_word' id='word_1_351' title='bbox 3452 2227 3511 2280; x_wconf 78' lang='grc' dir='ltr'><strong>τὸ</strong></span> <span class='ocrx_word' id='word_1_352' title='bbox 3529 2224 3670 2278; x_wconf 72' lang='grc' dir='ltr'>Πνεῦο</span> 
     </span>
    </p>
   </div>
   <div class='ocr_carea' id='block_1_50' title="bbox 2121 2318 3671 2398">
    <p class='ocr_par' dir='ltr' id='par_1_50' title="bbox 2121 2318 3671 2398">
     <span class='ocr_line' id='line_1_50' title="bbox 2121 2318 3671 2398; baseline -0.007 -18"><span class='ocrx_word' id='word_1_353' title='bbox 2121 2345 2198 2398; x_wconf 86' lang='grc' dir='ltr'><strong>μα</strong></span> <span class='ocrx_word' id='word_1_354' title='bbox 2259 2325 2598 2390; x_wconf 74' lang='grc' dir='ltr'>ἀθετοῦντες,</span> <span class='ocrx_word' id='word_1_355' title='bbox 2630 2324 2764 2377; x_wconf 84' lang='grc' dir='ltr'>διότι</span> <span class='ocrx_word' id='word_1_356' title='bbox 2818 2326 2892 2394; x_wconf 82' lang='grc' dir='ltr'>μὴ</span> <span class='ocrx_word' id='word_1_357' title='bbox 2931 2326 2986 2376; x_wconf 78' lang='grc' dir='ltr'>ἐν</span> <span class='ocrx_word' id='word_1_358' title='bbox 3046 2323 3191 2393; x_wconf 83' lang='grc' dir='ltr'><strong>ἀρχῇ</strong></span> <span class='ocrx_word' id='word_1_359' title='bbox 3217 2320 3328 2374; x_wconf 86' lang='grc' dir='ltr'>τῶν</span> <span class='ocrx_word' id='word_1_360' title='bbox 3372 2318 3671 2372; x_wconf 67' lang='grc' dir='ltr'>Ἐπιστολῶν</span> 
     </span>
    </p>
   </div>
   <div class='ocr_carea' id='block_1_51' title="bbox 2121 2412 3670 2487">
    <p class='ocr_par' dir='ltr' id='par_1_51' title="bbox 2121 2412 3670 2487">
     <span class='ocr_line' id='line_1_51' title="bbox 2121 2412 3670 2487; baseline -0.008 -15"><span class='ocrx_word' id='word_1_361' title='bbox 2121 2418 2256 2472; x_wconf 72' lang='grc' dir='ltr'>αὐτὸ</span> <span class='ocrx_word' id='word_1_362' title='bbox 2314 2416 2566 2487; x_wconf 61' lang='grc' dir='ltr'>τίθητιεκ</span> <span class='ocrx_word' id='word_1_363' title='bbox 2617 2417 2747 2469; x_wconf 79' lang='grc' dir='ltr'>Ἰδοὺ</span> <span class='ocrx_word' id='word_1_364' title='bbox 2801 2416 2910 2484; x_wconf 77' lang='grc' dir='ltr'><strong>γὰρ</strong></span> <span class='ocrx_word' id='word_1_365' title='bbox 2956 2413 3188 2477; x_wconf 78' lang='grc' dir='ltr'>τέθεικε,</span> <span class='ocrx_word' id='word_1_366' title='bbox 3226 2413 3323 2467; x_wconf 73' lang='grc' dir='ltr'><strong>καὶ</strong></span> <span class='ocrx_word' id='word_1_367' title='bbox 3354 2415 3388 2483; x_wconf 83' lang='grc' dir='ltr'>ἡ</span> <span class='ocrx_word' id='word_1_368' title='bbox 3421 2412 3582 2481; x_wconf 81' lang='grc' dir='ltr'>Τριάς</span> <span class='ocrx_word' id='word_1_369' title='bbox 3608 2426 3670 2461; x_wconf 79' lang='grc' dir='ltr'><strong>σοι</strong></span> 
     </span>
    </p>
   </div>
   <div class='ocr_carea' id='block_1_52' title="bbox 2123 2502 3671 2582">
    <p class='ocr_par' dir='ltr' id='par_1_52' title="bbox 2123 2502 3671 2582">
     <span class='ocr_line' id='line_1_52' title="bbox 2123 2502 3671 2582; baseline -0.007 -18"><span class='ocrx_word' id='word_1_370' title='bbox 2123 2511 2556 2582; x_wconf 75' lang='grc' dir='ltr'>ἀπηρτισμένως</span> <span class='ocrx_word' id='word_1_371' title='bbox 2591 2508 2696 2561; x_wconf 81' lang='grc' dir='ltr'><strong>ὑπὸ</strong></span> <span class='ocrx_word' id='word_1_372' title='bbox 2740 2507 2834 2560; x_wconf 89' lang='grc' dir='ltr'><strong>τοῦ</strong></span> <span class='ocrx_word' id='word_1_373' title='bbox 2886 2506 3101 2560; x_wconf 82' lang='grc' dir='ltr'>Παύλου</span> <span class='ocrx_word' id='word_1_374' title='bbox 3148 2505 3568 2576; x_wconf 73' lang='grc' dir='ltr'>ἀπηρίθμηται’</span> <span class='ocrx_word' id='word_1_375' title='bbox 3599 2502 3671 2569; x_wconf 42' lang='grc' dir='ltr'>ὕει’</span> 
     </span>
    </p>
   </div>
   <div class='ocr_carea' id='block_1_53' title="bbox 2123 2597 3671 2674">
    <p class='ocr_par' dir='ltr' id='par_1_53' title="bbox 2123 2597 3671 2674">
     <span class='ocr_line' id='line_1_53' title="bbox 2123 2597 3671 2674; baseline -0.007 -18"><span class='ocrx_word' id='word_1_376' title='bbox 2123 2599 2189 2674; x_wconf 82' lang='grc' dir='ltr'><strong>ἧς</strong></span> <span class='ocrx_word' id='word_1_377' title='bbox 2219 2599 2652 2673; x_wconf 82' lang='grc' dir='ltr'>συντηροίμεθα,</span> <span class='ocrx_word' id='word_1_378' title='bbox 2687 2601 2755 2655; x_wconf 83' lang='grc' dir='ltr'><strong>τά</strong></span> <span class='ocrx_word' id='word_1_379' title='bbox 2792 2617 2853 2652; x_wconf 85' lang='grc' dir='ltr'><strong>τε</strong></span> <span class='ocrx_word' id='word_1_380' title='bbox 2887 2599 3136 2668; x_wconf 88' lang='grc' dir='ltr'>δόγματα</span> <span class='ocrx_word' id='word_1_381' title='bbox 3163 2600 3260 2667; x_wconf 82' lang='grc' dir='ltr'>τῆς</span> <span class='ocrx_word' id='word_1_382' title='bbox 3293 2597 3550 2669; x_wconf 76' lang='grc' dir='ltr'>ἀληθείας</span> <span class='ocrx_word' id='word_1_383' title='bbox 3565 2612 3671 2649; x_wconf 77' lang='grc' dir='ltr'>κατ-</span> 
     </span>
    </p>
   </div>
   <div class='ocr_carea' id='block_1_54' title="bbox 2124 2687 3661 2766">
    <p class='ocr_par' dir='ltr' id='par_1_54' title="bbox 2124 2687 3661 2766">
     <span class='ocr_line' id='line_1_54' title="bbox 2124 2687 3661 2766; baseline -0.007 -18"><span class='ocrx_word' id='word_1_384' title='bbox 2124 2695 2341 2766; x_wconf 82' lang='grc' dir='ltr'>έχοντες</span> <span class='ocrx_word' id='word_1_385' title='bbox 2370 2694 2632 2765; x_wconf 77' lang='grc' dir='ltr'>βεϐαίως,</span> <span class='ocrx_word' id='word_1_386' title='bbox 2668 2694 2760 2747; x_wconf 74' lang='grc' dir='ltr'>καὶ</span> <span class='ocrx_word' id='word_1_387' title='bbox 2787 2692 2880 2746; x_wconf 79' lang='grc' dir='ltr'><strong>τὸν</strong></span> <span class='ocrx_word' id='word_1_388' title='bbox 2907 2691 3020 2762; x_wconf 77' lang='grc' dir='ltr'>βίον</span> <span class='ocrx_word' id='word_1_389' title='bbox 3044 2690 3374 2762; x_wconf 71' lang='grc' dir='ltr'>ἀδιάφθορον</span> <span class='ocrx_word' id='word_1_390' title='bbox 3399 2687 3661 2742; x_wconf 80' lang='grc' dir='ltr'>ἐπιδεικνὺ-</span> 
     </span>
    </p>
   </div>
   <div class='ocr_carea' id='block_1_55' title="bbox 2128 2777 3670 2858">
    <p class='ocr_par' dir='ltr' id='par_1_55' title="bbox 2128 2777 3670 2858">
     <span class='ocr_line' id='line_1_55' title="bbox 2128 2777 3670 2858; baseline -0.005 -18"><span class='ocrx_word' id='word_1_391' title='bbox 2128 2805 2298 2858; x_wconf 88' lang='grc' dir='ltr'>μενοι,</span> <span class='ocrx_word' id='word_1_392' title='bbox 2334 2787 2420 2839; x_wconf 75' lang='grc' dir='ltr'>ἵνα</span> <span class='ocrx_word' id='word_1_393' title='bbox 2449 2786 2526 2856; x_wconf 85' lang='grc' dir='ltr'>τῷ</span> <span class='ocrx_word' id='word_1_394' title='bbox 2559 2786 2674 2839; x_wconf 78' lang='grc' dir='ltr'>ὄντι</span> <span class='ocrx_word' id='word_1_395' title='bbox 2699 2784 3131 2854; x_wconf 77' lang='grc' dir='ltr'>κατηρτισμένοι</span> <span class='ocrx_word' id='word_1_396' title='bbox 3161 2777 3338 2852; x_wconf 80' lang='grc' dir='ltr'>ὦμεν,</span> <span class='ocrx_word' id='word_1_397' title='bbox 3372 2782 3670 2851; x_wconf 65' lang='grc' dir='ltr'>ἀμφοτέρως</span> 
     </span>
    </p>
   </div>
   <div class='ocr_carea' id='block_1_56' title="bbox 2129 2873 3670 2948">
    <p class='ocr_par' dir='ltr' id='par_1_56' title="bbox 2129 2873 3670 2948">
     <span class='ocr_line' id='line_1_56' title="bbox 2129 2873 3670 2948; baseline -0.006 -15"><span class='ocrx_word' id='word_1_398' title='bbox 2129 2878 2220 2934; x_wconf 84' lang='grc' dir='ltr'><strong>θεν</strong></span> <span class='ocrx_word' id='word_1_399' title='bbox 2250 2879 2432 2942; x_wconf 79' lang='grc' dir='ltr'>καλῶς</span> <span class='ocrx_word' id='word_1_400' title='bbox 2467 2878 2704 2948; x_wconf 78' lang='grc' dir='ltr'>ἔχοντες,</span> <span class='ocrx_word' id='word_1_401' title='bbox 2727 2876 2824 2930; x_wconf 76' lang='grc' dir='ltr'><strong>καὶ</strong></span> <span class='ocrx_word' id='word_1_402' title='bbox 2855 2876 3033 2930; x_wconf 86' lang='grc' dir='ltr'>δοῦλοι</span> <span class='ocrx_word' id='word_1_403' title='bbox 3064 2876 3258 2928; x_wconf 86' lang='grc' dir='ltr'>τέλειοι</span> <span class='ocrx_word' id='word_1_404' title='bbox 3283 2873 3378 2929; x_wconf 91' lang='grc' dir='ltr'><strong>τοῦ</strong></span> <span class='ocrx_word' id='word_1_405' title='bbox 3405 2873 3597 2926; x_wconf 85' lang='grc' dir='ltr'>τελείου</span> <span class='ocrx_word' id='word_1_406' title='bbox 3623 2874 3670 2924; x_wconf 78' lang='grc' dir='ltr'>ἐν</span> 
     </span>
    </p>
   </div>
   <div class='ocr_carea' id='block_1_57' title="bbox 2129 2963 3671 3042">
    <p class='ocr_par' dir='ltr' id='par_1_57' title="bbox 2129 2963 3671 3042">
     <span class='ocr_line' id='line_1_57' title="bbox 2129 2963 3671 3042; baseline -0.004 -17"><span class='ocrx_word' id='word_1_407' title='bbox 2129 2973 2321 3041; x_wconf 84' lang='grc' dir='ltr'>Τριὰδι</span> <span class='ocrx_word' id='word_1_408' title='bbox 2353 2971 2489 3025; x_wconf 83' lang='grc' dir='ltr'>Θεοῦ</span> <span class='ocrx_word' id='word_1_409' title='bbox 2519 2970 2868 3042; x_wconf 83' lang='grc' dir='ltr'>δεικνύμενοι</span> <span class='ocrx_word' id='word_1_410' title='bbox 2894 2985 2908 2999; x_wconf 73' lang='grc'><strong>⁸</strong></span> <span class='ocrx_word' id='word_1_411' title='bbox 2932 2963 2976 3037; x_wconf 84' lang='grc' dir='ltr'>ᾧ</span> <span class='ocrx_word' id='word_1_412' title='bbox 3004 2972 3038 3040; x_wconf 78' lang='grc' dir='ltr'>ἡ</span> <span class='ocrx_word' id='word_1_413' title='bbox 3069 2967 3196 3034; x_wconf 78' lang='grc' dir='ltr'>δόξα</span> <span class='ocrx_word' id='word_1_414' title='bbox 3224 2971 3304 3033; x_wconf 80' lang='grc' dir='ltr'>είς</span> <span class='ocrx_word' id='word_1_415' title='bbox 3340 2967 3470 3031; x_wconf 79' lang='grc' dir='ltr'>τοὺς</span> <span class='ocrx_word' id='word_1_416' title='bbox 3499 2965 3671 3026; x_wconf 66' lang='grc' dir='ltr'>αίῶνυς</span> 
     </span>
    </p>
   </div>
   <div class='ocr_carea' id='block_1_58' title="bbox 2128 3063 2743 3134">
    <p class='ocr_par' dir='ltr' id='par_1_58' title="bbox 2128 3063 2743 3134">
     <span class='ocr_line' id='line_1_58' title="bbox 2128 3063 2743 3134; baseline 0 -17"><span class='ocrx_word' id='word_1_417' title='bbox 2128 3063 2238 3119; x_wconf 82' lang='grc' dir='ltr'><strong>τῶν</strong></span> <span class='ocrx_word' id='word_1_418' title='bbox 2269 3063 2502 3118; x_wconf 84' lang='grc' dir='ltr'>αίώνων.</span> <span class='ocrx_word' id='word_1_419' title='bbox 2547 3065 2743 3134; x_wconf 77' lang='grc' dir='ltr'><strong>’Λμήν.</strong></span> 
     </span>
    </p>
   </div>
   <div class='ocr_carea' id='block_1_59' title="bbox 1209 3213 2929 3532">
    <p class='ocr_par' dir='ltr' id='par_1_59' title="bbox 1209 3213 2929 3532">
     <span class='ocr_line' id='line_1_59' title="bbox 1209 3213 2929 3532; baseline 0.001 -1"><span class='ocrx_word' id='word_1_420' title='bbox 1209 3213 2929 3532; x_wconf 48' lang='grc' dir='ltr'>ὦῖῡΥΛΑΚΤΟΥ</span> 
     </span>
    </p>
   </div>
   <div class='ocr_carea' id='block_1_60' title="bbox 907 3633 3238 3756">
    <p class='ocr_par' dir='ltr' id='par_1_60' title="bbox 907 3633 3238 3756">
     <span class='ocr_line' id='line_1_60' title="bbox 907 3633 3238 3756; baseline 0 -3"><span class='ocrx_word' id='word_1_421' title='bbox 907 3637 2211 3756; x_wconf 78' lang='grc' dir='ltr'><strong>ΑΡΧΙΕΠΙΣΚΟΠΟΥ</strong></span> <span class='ocrx_word' id='word_1_422' title='bbox 2283 3633 3238 3756; x_wconf 88' lang='grc' dir='ltr'><strong>ΒΟΥΛΓΑΡΙΑΣ</strong></span> 
     </span>
    </p>
   </div>
   <div class='ocr_carea' id='block_1_61' title="bbox 2027 3850 2150 3898">
    <p class='ocr_par' dir='ltr' id='par_1_61' title="bbox 2027 3850 2150 3898">
     <span class='ocr_line' id='line_1_61' title="bbox 2027 3850 2150 3898; baseline -0.016 0"><span class='ocrx_word' id='word_1_423' title='bbox 2027 3850 2150 3898; x_wconf 73' lang='lat' dir='ltr'><strong>THE</strong></span> 
     </span>
    </p>
   </div>
   <div class='ocr_carea' id='block_1_62' title="bbox 659 3986 3473 4084">
    <p class='ocr_par' dir='ltr' id='par_1_62' title="bbox 659 3986 3473 4084">
     <span class='ocr_line' id='line_1_62' title="bbox 659 3986 3473 4084; baseline -0.001 -4"><span class='ocrx_word' id='word_1_424' title='bbox 659 3992 886 4081; x_wconf 87' lang='grc' dir='ltr'><strong>ΤΟΥ</strong></span> <span class='ocrx_word' id='word_1_425' title='bbox 961 3991 1298 4083; x_wconf 81' lang='grc' dir='ltr'>ΑΓΙΟΥ</span> <span class='ocrx_word' id='word_1_426' title='bbox 1349 3993 1820 4084; x_wconf 90' lang='grc' dir='ltr'><strong>ΠΑΥΛΟΥ</strong></span> <span class='ocrx_word' id='word_1_427' title='bbox 1894 3993 2186 4082; x_wconf 89' lang='grc' dir='ltr'><strong>ΠΡΟΣ</strong></span> <span class='ocrx_word' id='word_1_428' title='bbox 2262 3986 2762 4078; x_wconf 83' lang='grc' dir='ltr'><strong>ΓΑΛΑΤΑΣ</strong></span> <span class='ocrx_word' id='word_1_429' title='bbox 2839 3989 3473 4078; x_wconf 89' lang='grc' dir='ltr'><strong>ΕΠΙΣΤΟΛΗΣ</strong></span> 
     </span>
    </p>
   </div>
   <div class='ocr_carea' id='block_1_63' title="bbox 1688 4188 2459 4314">
    <p class='ocr_par' dir='ltr' id='par_1_63' title="bbox 1688 4188 2459 4314">
     <span class='ocr_line' id='line_1_63' title="bbox 1688 4188 2459 4314; baseline 0.001 -1"><span class='ocrx_word' id='word_1_430' title='bbox 1688 4188 2459 4314; x_wconf 84' lang='grc' dir='ltr'><strong>ΕΞΗΓΗΣΙΣ</strong></span> 
     </span>
    </p>
   </div>
   <div class='ocr_carea' id='block_1_64' title="bbox 1314 4589 2833 4840">
    <p class='ocr_par' dir='ltr' id='par_1_64' title="bbox 1314 4589 2833 4840">
     <span class='ocr_line' id='line_1_64' title="bbox 1314 4589 2833 4840; baseline -0.003 -87"><span class='ocrx_word' id='word_1_431' title='bbox 1314 4589 2833 4840; x_wconf 78' lang='lat' dir='ltr'><strong>THEOPHYLACTI</strong></span> 
     </span>
    </p>
   </div>
   <div class='ocr_carea' id='block_1_65' title="bbox 1611 4849 2540 4912">
    <p class='ocr_par' dir='ltr' id='par_1_65' title="bbox 1611 4849 2540 4912">
     <span class='ocr_line' id='line_1_65' title="bbox 1611 4849 2540 4912; baseline -0.008 -2"><span class='ocrx_word' id='word_1_432' title='bbox 1611 4853 1976 4912; x_wconf 71' lang='lat' dir='ltr'><strong>BULGABIAS</strong></span> <span class='ocrx_word' id='word_1_433' title='bbox 2014 4849 2540 4909; x_wconf 80' lang='lat' dir='ltr'><strong>ARCHIEPISCOPI</strong></span> 
     </span>
    </p>
   </div>
   <div class='ocr_carea' id='block_1_66' title="bbox 963 5007 3179 5109">
    <p class='ocr_par' dir='ltr' id='par_1_66' title="bbox 963 5007 3179 5109">
     <span class='ocr_line' id='line_1_66' title="bbox 963 5007 3179 5109; baseline -0.006 -2"><span class='ocrx_word' id='word_1_434' title='bbox 963 5015 1586 5109; x_wconf 80' lang='lat' dir='ltr'><strong>EPISTOL/E</strong></span> <span class='ocrx_word' id='word_1_435' title='bbox 1662 5015 1921 5106; x_wconf 88' lang='lat' dir='ltr'><strong>DIVI</strong></span> <span class='ocrx_word' id='word_1_436' title='bbox 1999 5009 2355 5101; x_wconf 85' lang='lat' dir='ltr'><strong>PAULI</strong></span> <span class='ocrx_word' id='word_1_437' title='bbox 2436 5012 2586 5099; x_wconf 88' lang='lat' dir='ltr'><strong>AD</strong></span> <span class='ocrx_word' id='word_1_438' title='bbox 2661 5007 3179 5101; x_wconf 60' lang='lat' dir='ltr'><strong>GALATAS</strong></span> 
     </span>
    </p>
   </div>
   <div class='ocr_carea' id='block_1_67' title="bbox 1707 5202 2443 5311">
    <p class='ocr_par' dir='ltr' id='par_1_67' title="bbox 1707 5202 2443 5311">
     <span class='ocr_line' id='line_1_67' title="bbox 1707 5202 2443 5311; baseline -0.01 0"><span class='ocrx_word' id='word_1_439' title='bbox 1707 5202 2443 5311; x_wconf 87' lang='lat' dir='ltr'><strong>EXPOSITIO.</strong></span> 
     </span>
    </p>
   </div>
   <div class='ocr_carea' id='block_1_68' title="bbox 598 5549 1869 5684">
    <p class='ocr_par' dir='ltr' id='par_1_68' title="bbox 598 5549 1869 5684">
     <span class='ocr_line' id='line_1_68' title="bbox 598 5549 1869 5684; baseline -0.016 -60"><span class='ocrx_word' id='word_1_440' title='bbox 598 5564 762 5638; x_wconf 78' lang='lat'><strong>323</strong></span> <span class='ocrx_word' id='word_1_441' title='bbox 807 5549 1737 5684; x_wconf 46' lang='grc' dir='ltr'><strong>ΑΒΟΠΜῗΙΞῖΞΊῌΑΙὲξΙΞΤΟιιἘ</strong></span> <span class='ocrx_word' id='word_1_442' title='bbox 1775 5551 1869 5605; x_wconf 80' lang='lat' dir='ltr'><strong>AD</strong></span> 
     </span>
    </p>
   </div>
   <div class='ocr_carea' id='block_1_69' title="bbox 532 5736 2046 5810">
    <p class='ocr_par' dir='ltr' id='par_1_69' title="bbox 532 5736 2046 5810">
     <span class='ocr_line' id='line_1_69' title="bbox 532 5736 2046 5810; baseline -0.012 -5"><span class='ocrx_word' id='word_1_443' title='bbox 532 5749 709 5805; x_wconf 80' lang='lat' dir='ltr'><strong>Multa</strong></span> <span class='ocrx_word' id='word_1_444' title='bbox 748 5745 1068 5804; x_wconf 80' lang='lat' dir='ltr'><strong>vehementia</strong></span> <span class='ocrx_word' id='word_1_445' title='bbox 1091 5752 1139 5796; x_wconf 80' lang='lat' dir='ltr'><strong>et</strong></span> <span class='ocrx_word' id='word_1_446' title='bbox 1168 5739 1534 5810; x_wconf 78' lang='lat' dir='ltr'><strong>indignatione</strong></span> <span class='ocrx_word' id='word_1_447' title='bbox 1560 5736 1807 5803; x_wconf 76' lang='lat' dir='ltr'><strong>refertum</strong></span> <span class='ocrx_word' id='word_1_448' title='bbox 1838 5743 1914 5787; x_wconf 71' lang='lat' dir='ltr'><strong>est</strong></span> <span class='ocrx_word' id='word_1_449' title='bbox 1948 5750 2046 5788; x_wconf 72' lang='lat' dir='ltr'><strong>ex—</strong></span> 
     </span>
    </p>
   </div>
   <div class='ocr_carea' id='block_1_70' title="bbox 2220 5523 3608 5664">
    <p class='ocr_par' dir='ltr' id='par_1_70' title="bbox 2220 5523 3608 5664">
     <span class='ocr_line' id='line_1_70' title="bbox 2220 5523 3608 5664; baseline -0.019 -64"><span class='ocrx_word' id='word_1_450' title='bbox 2220 5544 2579 5600; x_wconf 81' lang='grc' dir='ltr'><strong>ΥΗΟΘΕΣΙΣ</strong></span> <span class='ocrx_word' id='word_1_451' title='bbox 2644 5535 3428 5664; x_wconf 45' lang='grc' dir='ltr'><strong>ΤΗΣΣᾳιᾶΟἶῖνΓΑΛΑΤΛΣ</strong></span> <span class='ocrx_word' id='word_1_452' title='bbox 3476 5523 3608 5579; x_wconf 83' lang='lat' dir='ltr'><strong>EIII-</strong></span> 
     </span>
     <span class='ocr_line' id='line_1_71' title="bbox 2933 5621 3102 5663; baseline -0.036 1"><span class='ocrx_word' id='word_1_453' title='bbox 2933 5621 2976 5663; x_wconf 87' lang='grc' dir='ltr'><strong>Λ</strong></span> <span class='ocrx_word' id='word_1_454' title='bbox 3039 5639 3102 5659; x_wconf 63' lang='grc' dir='ltr'><strong>υ.</strong></span> 
     </span>
    </p>
   </div>
   <div class='ocr_carea' id='block_1_71' title="bbox 2933 5621 3102 5663">
    <p class='ocr_par' dir='ltr' id='par_1_71' title="bbox 2933 5621 3102 5663">
     <span class='ocr_line' id='line_1_72' title="bbox 2933 5621 3102 5663; baseline -0.03 0"><span class='ocrx_word' id='word_1_455' title='bbox 2933 5621 3102 5663; x_wconf 54' lang='lat' dir='ltr'><strong>Auli.</strong></span> 
     </span>
    </p>
   </div>
   <div class='ocr_carea' id='block_1_72' title="bbox 2218 5701 3660 5795">
    <p class='ocr_par' dir='ltr' id='par_1_72' title="bbox 2218 5701 3660 5795">
     <span class='ocr_line' id='line_1_73' title="bbox 2218 5701 3660 5795; baseline -0.015 -10"><span class='ocrx_word' id='word_1_456' title='bbox 2218 5731 2461 5785; x_wconf 67' lang='grc' dir='ltr'>Πολλοῦ</span> <span class='ocrx_word' id='word_1_457' title='bbox 2516 5727 2583 5781; x_wconf 79' lang='grc' dir='ltr'>τὸ</span> <span class='ocrx_word' id='word_1_458' title='bbox 2634 5725 2940 5795; x_wconf 77' lang='grc' dir='ltr'>προοίμιον</span> <span class='ocrx_word' id='word_1_459' title='bbox 2965 5721 3124 5791; x_wconf 76' lang='grc' dir='ltr'>γέμει</span> <span class='ocrx_word' id='word_1_460' title='bbox 3156 5719 3370 5789; x_wconf 79' lang='grc' dir='ltr'>θυμοῦ,</span> <span class='ocrx_word' id='word_1_461' title='bbox 3397 5713 3481 5771; x_wconf 80' lang='grc' dir='ltr'>καί</span> <span class='ocrx_word' id='word_1_462' title='bbox 3531 5701 3660 5795; x_wconf 60' lang='grc' dir='ltr'><strong>πᾶιῖα</strong></span> 
     </span>
    </p>
   </div>
   <div class='ocr_carea' id='block_1_73' title="bbox 459 5793 2044 5906">
    <p class='ocr_par' dir='ltr' id='par_1_73' title="bbox 459 5828 2043 5906">
     <span class='ocr_line' id='line_1_74' title="bbox 459 5828 2043 5906; baseline -0.013 -7"><span class='ocrx_word' id='word_1_463' title='bbox 459 5845 687 5906; x_wconf 71' lang='lat' dir='ltr'><strong>ordinm,</strong></span> <span class='ocrx_word' id='word_1_464' title='bbox 721 5851 770 5895; x_wconf 72' lang='lat' dir='ltr'><strong>et</strong></span> <span class='ocrx_word' id='word_1_465' title='bbox 804 5842 1046 5894; x_wconf 75' lang='lat' dir='ltr'><strong>universa</strong></span> <span class='ocrx_word' id='word_1_466' title='bbox 1078 5831 1459 5902; x_wconf 77' lang='lat' dir='ltr'><strong>propemodum</strong></span> <span class='ocrx_word' id='word_1_467' title='bbox 1483 5828 1724 5898; x_wconf 81' lang='lat' dir='ltr'><strong>Epistola</strong></span> <span class='ocrx_word' id='word_1_468' title='bbox 1755 5843 2043 5897; x_wconf 76' lang='lat' dir='ltr'><strong>:perperno</strong></span> 
     </span>
    </p>
   </div>
   <div class='ocr_carea' id='block_1_74' title="bbox 2119 5793 3656 5906">
    <p class='ocr_par' dir='ltr' id='par_1_74' title="bbox 2145 5793 3656 5906">
     <span class='ocr_line' id='line_1_75' title="bbox 2145 5793 3656 5906; baseline -0.018 -28"><span class='ocrx_word' id='word_1_469' title='bbox 2145 5822 2372 5890; x_wconf 76' lang='grc' dir='ltr'>σχεδὸν</span> <span class='ocrx_word' id='word_1_470' title='bbox 2410 5821 2447 5887; x_wconf 83' lang='grc' dir='ltr'>ἡ</span> <span class='ocrx_word' id='word_1_471' title='bbox 2496 5793 2818 5881; x_wconf 62' lang='grc' dir='ltr'>Ἐπισεολῆ</span> <span class='ocrx_word' id='word_1_472' title='bbox 2841 5830 2854 5843; x_wconf 81' lang='lat'><strong><em>°</em></strong></span> <span class='ocrx_word' id='word_1_473' title='bbox 2898 5812 2962 5866; x_wconf 83' lang='grc' dir='ltr'>τὸ</span> <span class='ocrx_word' id='word_1_474' title='bbox 2987 5812 3114 5906; x_wconf 33' lang='grc' dir='ltr'>γὰρ-</span> <span class='ocrx_word' id='word_1_475' title='bbox 3139 5809 3263 5906; x_wconf 39' lang='grc' dir='ltr'><strong>ἀεὶ-</strong></span> <span class='ocrx_word' id='word_1_476' title='bbox 3284 5793 3656 5906; x_wconf 35' lang='lat' dir='ltr'><strong>emanavit???</strong></span> 
     </span>
    </p>
   </div>
   <div class='ocr_carea' id='block_1_75' title="bbox 461 5922 2041 5990">
    <p class='ocr_par' dir='ltr' id='par_1_75' title="bbox 461 5922 2041 5990">
     <span class='ocr_line' id='line_1_76' title="bbox 461 5922 2041 5990; baseline -0.012 0"><span class='ocrx_word' id='word_1_477' title='bbox 461 5937 602 5990; x_wconf 77' lang='lat' dir='ltr'><strong>enim</strong></span> <span class='ocrx_word' id='word_1_478' title='bbox 645 5940 971 5989; x_wconf 75' lang='lat' dir='ltr'><strong>ntansuetum</strong></span> <span class='ocrx_word' id='word_1_479' title='bbox 1004 5944 1114 5984; x_wconf 77' lang='lat' dir='ltr'><strong>esse</strong></span> <span class='ocrx_word' id='word_1_480' title='bbox 1153 5943 1276 5988; x_wconf 86' lang='lat' dir='ltr'><strong>erqa</strong></span> <span class='ocrx_word' id='word_1_481' title='bbox 1330 5922 1634 5978; x_wconf 78' lang='lat' dir='ltr'><strong>disrionlos.</strong></span> <span class='ocrx_word' id='word_1_482' title='bbox 1675 5923 1761 5974; x_wconf 83' lang='lat' dir='ltr'><strong>aui</strong></span> <span class='ocrx_word' id='word_1_483' title='bbox 1797 5925 2041 5975; x_wconf 79' lang='lat' dir='ltr'><strong>increua-</strong></span> 
     </span>
    </p>
   </div>
   <div class='ocr_carea' id='block_1_76' title="bbox 2148 5881 3655 5981">
    <p class='ocr_par' dir='ltr' id='par_1_76' title="bbox 2148 5881 3655 5981">
     <span class='ocr_line' id='line_1_77' title="bbox 2148 5881 3655 5981; baseline -0.027 -11"><span class='ocrx_word' id='word_1_484' title='bbox 2148 5881 2272 5980; x_wconf 61' lang='lat' dir='ltr'><strong>coit;</strong></span> <span class='ocrx_word' id='word_1_485' title='bbox 2326 5881 2613 5981; x_wconf 58' lang='grc' dir='ltr'>μαθηταῖς</span> <span class='ocrx_word' id='word_1_486' title='bbox 2649 5904 3030 5974; x_wconf 70' lang='grc' dir='ltr'>ἐπιπλήξεως</span> <span class='ocrx_word' id='word_1_487' title='bbox 3087 5901 3416 5970; x_wconf 77' lang='grc' dir='ltr'>δεομένοις,</span> <span class='ocrx_word' id='word_1_488' title='bbox 3441 5894 3500 5949; x_wconf 83' lang='grc' dir='ltr'>οὐ</span> <span class='ocrx_word' id='word_1_489' title='bbox 3537 5881 3655 5939; x_wconf 75' lang='grc' dir='ltr'>διδα-</span> 
     </span>
    </p>
   </div>
  </div>
