3898 6572
266 455 350 519 3'33
1048 448 1456 511 EXPOSITZO
1500 449 1576 508 1N
1603 449 1801 510 EPlS'l

1905 452 1985 513 Π)
2021 453 2291 516 GALAT.
2313 482 2385 493 -
2418 458 2576 520 CAP.
2606 462 2652 525 Ι.
2718 503 2733 510 υ

3383 466 3491 530 934

278 560 494 619 nullon.
530 560 706 616 Τοῦτο
743 560 845 617 καὶ
894 565 927 618 ό
959 564 1178 631 Κύριος
1224 560 1389 615 ποιεῖν
1416 576 1427 590 ·
1453 562 1562 614 τόν
1602 577 1665 613 τε
1690 556 1801 630 ’γὰρ

1913 565 2053 618 tione
2083 582 2213 636 opus
2260 568 2471 634 habent,
2522 588 2624 624 non
2667 583 2741 625 est
2786 573 2906 628 boni
2941 579 3301 647 praceptoris.
3339 575 3489 635 Idem

275 651 467 719 Πέτρον
509 652 868 719 μακαρίσας,
894 648 1023 707 εἶτα
1080 652 1180 706 καὶ
1225 649 1470 718 ἐπιτιμᾷ
1490 668 1505 682 ·
1536 651 1635 704 καὶ
1668 650 1810 717 τοὺς

268 744 500 814 μαθητὰς
524 741 590 796 δὲ
615 743 953 811 ἀσυνέτους
977 742 1286 800 ἀποκαλεῖ.
1306 744 1416 797 Καὶ
1437 743 1676 809 Παῦλος
1695 743 1812 812 μὲν

269 832 362 893 οὖν
393 835 485 889 καὶ
514 837 660 902 πρὸς
687 835 917 902 ἄλλους
938 837 1054 906 μὲν
1094 836 1360 906 γράφων,
1399 837 1810 902 αὐστηρότητι

267 930 542 1001 κέχρηται,
592 927 794 997 ὥσπερ
833 925 947 983 οὖν
996 929 1150 996 πρὸς
1203 929 1593 995 Κορινθίους·
1630 926 1809 996 μάλι-

264 1041 360 1079 στα
411 1020 476 1074 δὲ
521 1020 670 1088 πρὸς
727 1022 1008 1086 Γαλάτας
1061 1021 1336 1084 τούτους.
1395 1019 1468 1074 Ἡ
1525 1018 1595 1072 δὲ
1649 1020 1809 1073 αἰτία

262 1116 509 1180 τοιαύτη·
562 1114 626 1165 Ol
679 1111 748 1177 ἐξ
820 1112 1117 1167 Ἰουδαίων
1175 1111 1637 1175 πιστεύσαντες,
1687 1110 1809 1180 ἅμα

258 1208 354 1277 μὲν
379 1206 478 1260 τοῦ
508 1204 779 1273 πατρῴου
814 1206 1005 1273 νόμου
1035 1204 1333 1273 ἐχόμενοι,
1369 1202 1491 1272 ἅμα
1521 1202 1590 1255 δὲ
1642 1203 1807 1257 διδὰο

257 1302 451 1354 σκαλοι
499 1295 649 1352 εἶναι
705 1299 1074 1367 ὀρεγόμενοι,
1113 1294 1443 1350 ἐδίδασκον
1505 1295 1803 1360 Γαλάτας,

252 1393 330 1446 ὅτι
362 1390 452 1445 δεῖ
473 1389 953 1459 περιτέμνεσθαι,
1004 1390 1103 1443 και
1151 1387 1419 1442 Σάϐϐατα
1452 1389 1547 1440 καὶ
1573 1403 1804 1455 νουμηο

252 1486 370 1551 νίας
401 1484 599 1552 τηρεῖν
625 1500 641 1514 ⁸
668 1482 808 1548 τοὺς
835 1482 944 1552 γὰρ
994 1479 1127 1549 περὶ
1165 1480 1397 1547 Πέτρον
1420 1479 1506 1548 μὴ
1548 1479 1807 1532 κωλύειν

251 1577 436 1630 ταῦτα.
468 1575 575 1628 Kal
604 1574 843 1641 ἀληθῶς
884 1589 948 1641 γε
995 1574 1107 1626 οὐκ
1158 1571 1429 1625 ἐκώλυον
1459 1566 1648 1636 οὗτοι,
1687 1575 1802 1638 οὐχ

250 1670 318 1735 ὠς
339 1665 804 1736 δοτματίζοντες,
834 1666 972 1718 ἀλλ’
1011 1666 1089 1731 ὡς
1118 1665 1702 1734 συγκαταϐαίνοντες
1729 1662 1803 1731 τῇ

246 1761 507 1826 ἀσθενείᾳ
565 1757 687 1812 τῶν
747 1759 817 1822 ἐξ
865 1758 1176 1813 Ἰουδαίων
1225 1761 1712 1811 πεπιστευκότων
1732 1756 1800 1820 ⁸⁸,

246 1850 324 1919 οἷς
353 1852 443 1907 καὶ
471 1851 825 1918 ἐκήρυττον.
863 1852 926 1904 '0
952 1850 1020 1904 δὲ
1066 1852 1312 1917 Παῦλος
1350 1852 1553 1906 ἔθνεσι
1586 1844 1801 1917 κηρύτ-

244 1963 364 2010 των,
395 1946 463 1998 οὐ
494 1946 703 2012 χρείαν
719 1939 846 2011 εἶχε
869 1943 984 2012 τῆς
1012 1942 1532 2012 συγ-καταϐάσεως
1558 1942 1803 2008 ταύτης.

247 2039 361 2090 Ὅτε
384 2037 530 2105 γοῦν
545 2036 616 2088 ἐν
637 2037 802 2105 χρείᾳ
821 2034 1086 2105 γέγονεν,
1105 2034 1201 2089 καὶ
1228 2035 1411 2101 αὐτὸς
1437 2032 1799 2103 συγκατέϐη,

241 2130 327 2185 καὶ
347 2128 651 2198 περιέτεμε
668 2126 786 2198 μὲν
814 2127 922 2181 τὸν
946 2127 1249 2196 Τιμόθεον.
1279 2128 1575 2196 ἠγνίσατο
1599 2127 1667 2179 δὲ
1695 2129 1805 2179 αὺ-

241 2222 331 2287 τὸς
358 2222 500 2274 κατὰ
528 2221 640 2274 τὸν
687 2223 897 2289 νόμον.
943 2220 1105 2273 Ἀλλ’
1133 2223 1189 2273 οί
1237 2218 1580 2285 ἀπατεῶνες
1610 2220 1682 2272 οὐ
1707 2216 1800 2272 λέ-

242 2330 430 2384 αοντες
460 2314 566 2379 τὰς
597 2314 815 2377 αἰτίας,
852 2311 926 2366 δι’
958 2311 1032 2377 ἂς
1055 2310 1155 2364 καὶ
1180 2314 1237 2365 οι
1282 2312 1416 2378 περὶ
1446 2312 1674 2378 Πέτρον
1703 2311 1798 2364 καὶ

242 2403 391 2458 αὐτοὶ
416 2405 603 2457 ταῦτα
634 2404 902 2468 ἐποίουν,
935 2400 1397 2471 παρελογίζοντο
1417 2401 1561 2466 τοὺς
1585 2402 1804 2470 ἀφελε-

240 2495 494 2564 στέμους,
550 2496 651 2550 καὶ
705 2494 853 2549 αὐτὸ
901 2493 1110 2564 μέντοι
1165 2494 1342 2548 τοῦτο
1395 2497 1483 2560 εὶς
1511 2494 1804 2561 διαϐολὴν

240 2591 461 2643 Παύλου
515 2588 878 2657 προέφερον,
919 2587 1008 2651 τὸ,
1062 2587 1211 2641 ποτὲ
1241 2585 1358 2656 μὲν
1406 2586 1800 2654 περιτέμνειν,

240 2680 369 2734 ποτὲ
413 2681 480 2734 δὲ
526 2679 804 2748 ἀναιρεῖν
870 2677 989 2746 τὴν
1029 2679 1381 2748 περιτομὴν,
1421 2679 1519 2733 καὶ
1570 2679 1798 2732 ἄλλοτε

239 2774 383 2827 ἄλλα
433 2774 814 2840 κηρύσσειν·
854 2769 953 2825 καὶ
1006 2770 1105 2824 ἐπὶ
1167 2768 1386 2836 πᾶσιν,
1436 2771 1517 2836 ὡς
1580 2773 1651 2825 οὐ
1710 2769 1807 2824 δεῖ

239 2865 438 2930 Παύλῳ
467 2864 807 2926 πείθεσθαι,
846 2861 909 2927 ὃς
948 2861 1088 2916 οὔτε
1142 2863 1404 2931 Χριστὸν
1450 2857 1632 2928 εἶδεν,
1665 2863 1803 2916 οὔτε

237 2958 405 3013 αὑτοῦ
433 2957 565 3011 ἐστι
577 2955 878 3025 μαθητὴς,
911 2954 1073 3009 ἀλλὰ
1096 2952 1217 3008 τῶν
1240 2955 1602 3009 ἀποστόλων
1620 2969 1636 2987 ·
1663 2955 1805 3021 τοὺς

237 3049 296 3102 δὲ
319 3050 442 3118 περὶ
484 3049 735 3118 Πέτρον,
761 3049 842 3114 ὡς
866 3048 1170 3113 αὐτόπτας
1200 3047 1665 3116 προσδέχεσθαι.
1696 3046 1801 3100 Διὰ

236 3140 408 3195 ταῦτα
453 3141 672 3196 τοίνυν
720 3138 978 3206 διακαής
1036 3137 1153 3206 τὴν
1197 3136 1432 3207 ψυχὴν,
1473 3139 1803 3205 συντίθησι

236 3234 338 3302 τὴν
376 3232 780 3300 Ἐπιστολὴν·
833 3232 934 3286 καὶ
987 3229 1226 3298 πρῶτόν
1279 3248 1347 3301 γε
1394 3230 1545 3298 πρὸς
1600 3230 1799 3285 ἐκεῖνο

236 3325 617 3391 ἀποτείνεται,
654 3325 685 3380 ὃ
736 3324 957 3379 ἐκεῖνοι
996 3324 1214 3392 ἔλεγον
1251 3322 1666 3391 διορύττοντες
1693 3326 1798 3377 αὺ-

237 3420 331 3475 τοῦ
354 3421 465 3488 τὴν
492 3421 829 3487 ὑπόληψιν,
853 3418 942 3472 ὅτι
969 3419 1026 3471 οἱ
1038 3415 1157 3488 μὲν
1179 3416 1356 3471 ἄλλοι
1381 3416 1486 3471 τοῦ
1517 3417 1794 3487 Χριστοῦ,

235 3516 401 3583 αὐτὸς
424 3517 492 3571 δὲ
531 3516 654 3570 τῶν
681 3514 1045 3571 ἀποστόλων
1080 3512 1211 3568 ἐστὶ
1236 3511 1511 3583 μαθητής
1534 3529 1549 3543 ο
1575 3513 1669 3568 διὸ
1698 3513 1795 3567 καὶ

235 3605 407 3676 οὕτως
433 3609 682 3680 ἄρχεται
707 3624 722 3640 ο
1186 3642 1189 3643 ν

1913 657 2071 710 etiam
2102 657 2358 713 Dominus
2393 663 2523 727 agit.
2558 660 2686 716 Cum
2712 666 2850 719 enim
2874 665 3086 721 Petrum
3117 672 3323 725 beatum
3352 687 3491 738 prir-

1911 746 2138 802 dicasset
2170 746 2219 815 ιι,
2251 762 2427 817 postea
2448 754 2628 806 itidem
2659 754 2899 824 objurgat
2933 772 2953 821 ;
2980 775 3040 811 ac
3092 761 3381 829 discipulos
3404 763 3490 816 inv

1910 840 2087 895 doctos
2148 852 2198 894 et
2237 853 2474 896 carentes
2505 846 2770 899 intellectu
2828 849 3058 918 appellat
3094 852 3137 906 ί.
3176 852 3250 906 Αο
3284 853 3488 907 Paulus

1909 943 2045 981 certe
2073 930 2283 997 quidem
2306 930 2374 983 ad
2414 932 2547 986 alios
2586 934 2840 1001 scribens,
2881 947 3194 993 austeritate
3232 959 3358 997 usus
3390 955 3486 1007 est,

1909 1021 2345 1088 quemadmodum
2374 1025 2444 1076 ad
2463 1023 2758 1079 Corinthios
2781 1023 2830 1093 i;
2858 1029 3185 1093 potissimum
3212 1042 3387 1085 autem
3417 1036 3488 1086 ad

1910 1111 2130 1167 Galatas
2187 1114 2366 1169 hosce.
2414 1114 2591 1169 Causa
2647 1133 2762 1171 vero
2797 1129 2872 1171 est
2904 1118 3230 1188 hujusmotli.
3285 1123 3388 1188 Qui
3423 1139 3489 1178 ea:

1907 1207 2112 1260 Judaeis
2143 1205 2212 1259 ad
2237 1206 2394 1275 ﬁdem
2427 1219 2770 1272 accesseram,
2812 1212 3010 1275 partim
3064 1214 3272 1282 quidem
3312 1215 3488 1282 patria

1906 1301 2017 1367 lege
2043 1300 2261 1363 detenti,
2291 1301 2486 1365 partim
2514 1316 2632 1354 vero
2669 1300 2914 1355 doctores
2955 1319 3065 1356 esse
3106 1305 3485 1366 desiderantes,

1907 1389 2158 1443 docebant
2187 1388 2409 1443 Galatas
2436 1390 2886 1444 circumcision‘em
2925 1407 3036 1444 esse
3061 1394 3410 1456 retinendam,
3440 1404 3486 1445 et

1907 1481 2140 1536 Sabbata
2187 1492 2237 1535 et
2281 1483 2576 1536 neomenias
2622 1483 2896 1538 servanda.
2954 1482 3099 1536 Nam
3148 1482 3290 1537 Petri
3334 1485 3490 1537 disci-

1903 1575 2017 1643 puli
2069 1575 2180 1628 ha’c
2241 1590 2343 1629 non
2417 1575 2680 1628 vetabant.
2772 1574 2848 1628 Ac
2917 1591 3093 1628 revera
3141 1573 3306 1645 32a,
3371 1575 3490 1641 qui-

1886 1671 2023 1719 dem
2062 1668 2154 1721 isti
2187 1683 2290 1720 non
2336 1669 2602 1730 vetabant,
2637 1684 2739 1721 non
2769 1667 2905 1734 quod
2930 1668 3003 1719 ita
3029 1666 3293 1730 docerent,
3316 1681 3487 1719 verum

1904 1765 2043 1829 quod
2076 1762 2377 1829 inﬁrmitati
2425 1777 2628 1825 eorum,
2656 1762 2745 1828 qui
2777 1777 2841 1813 ex
2884 1761 3090 1815 Jutlwis
3115 1762 3483 1823 crediderant,

1906 1854 2393 1915 contlescenderent,
2441 1855 2629 1922 quibus
2666 1856 2823 1906 etiam
2868 1854 3250 1920 praedicabant.
3284 1853 3486 1905 Paulus

1906 1964 2024 2003 vero
2054 1949 2145 2016 qui
2164 1947 2404 2017 gentibus
2425 1947 2772 2016 prtedicabat,
2800 1949 2902 2001 ista
2929 1947 3357 2002 condescensione
3381 1963 3485 1999 non

1905 2039 2192 2110 indigebat.
2230 2038 2296 2091 At
2326 2041 2373 2091 si
2402 2039 2615 2107 quando
2633 2056 2764 2103 opus
2803 2050 2958 2102 esset,
2997 2041 3106 2108 ipse
3146 2040 3303 2091 etiam
3337 2037 3485 2090 obse-

1904 2133 2166 2186 cundabat
2194 2147 2213 2185 :
2248 2133 2369 2185 hinc
2411 2143 2489 2185 est
2536 2132 2674 2200 quod
2706 2132 3089 2184 circumciderit
3121 2129 3477 2190 Timotheum,

1904 2225 2142 2293 quodque
2192 2225 2301 2293 ipse
2333 2224 2697 2293 sanctiﬁcatus
2728 2227 2796 2277 sit
2839 2223 3121 2276 secundum
3159 2222 3342 2290 legem.
3378 2227 3478 2273 At-

1905 2318 1991 2386 qui
2039 2318 2348 2386 impostores
2402 2335 2502 2371 non
2546 2319 2816 2372 retldentes
2864 2333 3054 2370 caus/ts
3102 2332 3197 2368 cur
3219 2315 3406 2368 Petrus
3436 2327 3484 2367 et

1903 2409 1993 2477 qui
2035 2424 2152 2462 cum
2180 2410 2289 2476 ipso
2315 2420 2488 2469 erant,
2519 2410 2656 2463 talia
2704 2408 2960 2471 facerent,
2992 2408 3320 2474 decipiebant
3356 2409 3486 2459 sim-

1902 2495 2171 2566 pliciores,
2212 2507 2263 2552 et
2305 2508 2486 2552 tamen
2514 2500 2611 2552 hoc
2662 2499 2833 2567 ipsum
2865 2499 2920 2551 in
2964 2497 3130 2551 Pauli
3162 2499 3486 2550 calumniam

1902 2590 2254 2659 proferebant,
2311 2593 2452 2661 quod
2504 2592 2644 2646 alias
2701 2591 3120 2657 circumcideret,
3164 2590 3302 2643 alios
3367 2607 3485 2643 vero

1904 2683 2356 2735 circumcisionem
2411 2682 2634 2744 tolleret,
2688 2692 2734 2735 et
2778 2681 2914 2735 alias
2959 2682 3069 2734 alia
3116 2681 3430 2748 pra'dicaret
3465 2693 3486 2729 :

1904 2782 1954 2827 et
1993 2789 2104 2845 pra:
2131 2775 2392 2837 omnibus,
2461 2773 2635 2827 Paulo
2669 2790 2771 2828 non
2823 2791 2934 2827 esse
2995 2754 3483 2843 obtemperandum,

1905 2868 2102 2935 quippe
2140 2869 2227 2936 qui
2258 2882 2420 2936 neque
2443 2866 2714 2921 Christum
2746 2868 2988 2934 vidisset,
3023 2884 3187 2939 neque
3204 2867 3319 2935 ejus
3351 2876 3482 2920 esset

1904 2960 2211 3029 discipulus,
2245 2962 2333 3013 sed
2358 2961 2742 3027 apostolorum.
2768 2959 2984 3014 Petrum
3011 2972 3209 3026 autem,
3239 2976 3355 3012 cum
3381 2975 3485 3012 ctr-

1904 3055 2029 3106 teris
2060 3053 2337 3121 apostolis,
2376 3070 2466 3106 ceu
2494 3069 2581 3107 eos
2614 3054 2705 3123 qui
2748 3053 2853 3121 ipsi
2884 3052 3156 3108 Christum
3208 3055 3482 3116 uidissent,

1903 3146 2284 3214 suscipiendos.
2330 3144 2440 3199 llas
2473 3147 2537 3198 ab
2586 3163 2776 3200 causas
2823 3151 2999 3200 animo
3044 3163 3295 3201 accensus
3344 3146 3485 3213 Apo-

1905 3238 2090 3298 stolus.
2121 3236 2410 3307 Epistolam
2451 3237 2590 3292 hanc
2630 3240 2938 3292 conscribit.
2981 3239 3055 3291 Ac
3097 3239 3321 3305 primum
3360 3238 3481 3306 qui-

1903 3332 2023 3385 dem
2048 3348 2105 3385 eo
2128 3348 2424 3385 sermonem
2476 3331 2682 3402 dirigit,
2707 3333 2844 3402 quod
2879 3332 2962 3385 illi
2993 3333 3262 3391 dicebant,
3305 3331 3485 3397 perfo-

1904 3422 2102 3474 dientes
2126 3423 2201 3475 ita
2222 3432 2271 3476 et
2292 3423 2550 3476 elerantes
2584 3422 2697 3490 ejus
2745 3423 3171 3484 testimationem,
3205 3422 3480 3482 nimirum,

1903 3515 2043 3582 quod
2085 3515 2182 3568 alii
2221 3514 2429 3584 quidem
2477 3525 2642 3566 essent
2672 3511 2891 3577 Christi,
2918 3514 3026 3581 ipse
3059 3528 3179 3566 vero
3209 3510 3481 3582 apostolo-

1907 3623 2021 3660 rum
2062 3605 2375 3676 discipulus.
2415 3605 2699 3674 Propterea
2727 3605 2801 3659 sic
2832 3606 3043 3658 orditur
3070 3619 3090 3659 :

690 3932 1806 4049 THEOPHYLACTI
1884 3933 3021 4049 COMMENTARIUS

1239 4160 1320 4222 IN
1363 4158 1829 4223 EPISTOLAM
1875 4160 1987 4221 AD
2033 4159 2436 4222 GALATAS.

639 4456 1038 4536 ΚΕΦᾸΑΑῙΟΝ
1074 4479 1371 4535 ΠΡΩΤΟΝ.

303 4615 324 4652 ι
350 4597 563 4663 Παῦλος
593 4596 915 4660 ἀπόστολος,
947 4597 1049 4650 οὐκ
1078 4596 1176 4650 ἀπ’
1206 4593 1534 4666 ἀνθρώπων,
1565 4593 1691 4649 οὐδὲ
1726 4595 1796 4651 δι’

230 4690 529 4762 ἀνθρώπου.
568 4709 591 4741 ι
627 4690 843 4751 Εὐθέως
868 4691 1085 4760 ἀναιρεῖ
1105 4689 1165 4743 τδ
1194 4684 1336 4742 εἶναι
1363 4687 1670 4759 ἀνθρώπων
1695 4705 1801 4760 μα-

230 4780 408 4853 θητής.
443 4784 559 4837 Οὐκ
594 4781 692 4836 ἀπ’
726 4781 1031 4854 ἀνθρώπων
1081 4783 1213 4851 γὰρ,
1266 4781 1382 4835 ἀλλ’
1431 4778 1659 4842 ἄνωθεν,
1697 4780 1796 4835 καὶ

227 4873 317 4924 ἀπ’
343 4874 579 4944 οὐρανοῦ
609 4873 814 4944 ἐκλήθη
840 4890 853 4904 ο
886 4872 982 4927 καὶ
1008 4875 1069 4927 οὐ
1111 4873 1179 4927 δι’
1208 4872 1522 4943 ἀνθρώπου,
1554 4872 1671 4927 ἀλλ’
1694 4873 1796 4926 αὐ-

226 4963 313 5017 τοῦ
343 4967 435 5020 τοῦ
469 4966 732 5036 Χριστοῦ.
778 4966 1069 5021 Ἑὸάπτισε
1123 4965 1225 5037 μὲν
1271 4965 1382 5037 γὰρ
1427 4965 1590 5020 αὐτὸν
1633 4967 1797 5021 Ἀνα-

227 5055 369 5117 νῑας·
402 5054 520 5111 ἀλλ’
554 5058 657 5111 οὐκ
697 5059 904 5119 ἐκεῖνος
960 5057 1099 5130 πρὸς
1136 5059 1237 5127 τὴν
1276 5057 1461 5111 πίστιν
1510 5057 1794 5122 ἐκάλεσεν,

227 5145 337 5201 ἀλλ’
363 5149 458 5201 ἀπ’
491 5150 725 5221 οὐρανοῦ
773 5152 802 5203 ὁ
851 5150 1105 5221 Χριστός.
1144 5149 1243 5203 Διὰ
1298 5149 1351 5202 τι
1393 5149 1452 5201 δὲ
1502 5148 1603 5204 οὐκ
1647 5146 1795 5215 εἷπε,

228 5237 430 5301 Παῦλος
462 5243 685 5312 κλητὸς,
736 5240 878 5308 ἀλλ’,
928 5260 946 5294 ι
998 5241 1356 5306 Ἀπόστολος;
1401 5260 1421 5295 s
1478 5243 1625 5295 Διότι
1667 5242 1798 5310 περὶ

227 5330 409 5385 τούτου
437 5336 545 5398 πᾶς
574 5329 643 5406 ἦν
674 5336 704 5388 ὁ
735 5334 914 5403 λόγος,
949 5333 1218 5403 λεγόντων
1248 5334 1333 5388 ὅτι
1365 5334 1458 5388 ὑπ’
1490 5332 1797 5405 ἀνθρώπων

229 5423 517 5490 ἀπόστολος
547 5427 959 5498 κεχειροτόνητο
980 5441 996 5458 σ
1026 5427 1163 5498 πρὸς
1191 5426 1352 5481 τοῦτο
1380 5425 1471 5482 οὖν
1494 5427 1792 5492 ἐνίσταται,

226 5506 430 5575 δεικνὺς
458 5512 540 5566 ὃτι
563 5515 664 5567 οὐκ
687 5513 803 5568 ἐστι
839 5515 1022 5569 τοῦτο.

329 5643 359 5686 ι
397 5643 587 5701 Matth.
614 5662 727 5714 nn,
768 5646 856 5702 l7.
946 5649 964 5690 ί
1000 5648 1190 5707 Matth.
1219 5666 1310 5720 xv,
1342 5649 1431 5706 16.

1825 4485 1875 4545 1)

2311 4482 2475 4554 325
2512 4479 2741 4539 CAPUT
2778 4478 3071 4537 PRIMUM.

1975 4592 2140 4651 Vens.
2177 4594 2229 4650 l.
2263 4612 2282 4647 ι
2315 4595 2512 4650 Paulus
2551 4595 2826 4665 apostolus
2873 4611 2977 4651 non
3027 4595 3098 4650 ab
3140 4597 3476 4666 hominibus,

1905 4703 2082 4758 neque
2122 4703 2222 4758 per
2273 4688 2569 4743 hominem.
2611 4707 2631 4741 ι
2677 4687 2825 4743 Illico
2881 4690 3025 4758 quod
3080 4690 3357 4746 hominum
3409 4694 3481 4747 sit

1902 4780 2199 4848 discipulus
2231 4779 2386 4834 tollit.
2426 4779 2544 4832 Non
2577 4780 2643 4833 ab
2669 4779 2979 4834 hominibus
3004 4780 3171 4846 enim,
3205 4784 3298 4836 sed
3328 4801 3358 4837 e
3386 4799 3479 4836 su-

1903 4874 2107 4943 pernis,
2150 4873 2395 4941 adeoque
2446 4873 2662 4926 caelitus
2711 4880 2934 4926 vocatus
2968 4873 3066 4927 fuit
3107 4892 3122 4941 ;
3162 4884 3346 4927 etnon
3385 4889 3480 4942 per

1900 4965 2193 5031 hominem,
2225 4966 2317 5019 sed
2358 4979 2454 5029 per
2482 4963 2657 5033 ipsum
2687 4964 2988 5020 Christum.
3027 4965 3327 5035 Baptizavit
3356 4967 3479 5033 qui-

1895 5057 2015 5113 dem
2048 5056 2219 5126 ipsum
2254 5055 2517 5121 Ananias,
2566 5055 2664 5110 sed
2712 5060 2758 5110 ts
2802 5057 2869 5111 ad
2911 5058 3069 5112 [idem
3103 5072 3208 5110 non
3244 5058 3475 5121 vocavit,

1894 5164 2082 5206 verum
2117 5164 2147 5202 e
2173 5148 2328 5205 ctelis
2364 5147 2638 5204 Christus.
2689 5148 2761 5203 At
2807 5163 2907 5203 cur
2943 5162 3047 5201 non
3091 5146 3246 5213 dixit,
3282 5146 3476 5201 Paulus

1902 5251 2145 5309 vocatus,
2175 5241 2292 5307 sed,
2334 5259 2352 5293 ι
2393 5240 2734 5311 Apostolus?
2773 5259 2793 5293 ι
2836 5240 2972 5306 Quia
3013 5239 3115 5292 hac
3152 5239 3220 5292 de
3262 5255 3320 5292 re
3363 5248 3474 5293 tota

1902 5343 2021 5388 erat
2055 5332 2282 5403 quaestio
2308 5341 2472 5401 atque
2516 5345 2739 5396 sermo;
2776 5328 3029 5383 dicebant
3055 5326 3201 5381 enim
3238 5328 3377 5396 quod
3407 5329 3475 5383 ab

1904 5427 2215 5482 hominibus
2244 5424 2520 5495 apostolus
2551 5423 2761 5479 electus
2805 5430 2972 5475 esset.
3005 5421 3301 5475 Adversum
3337 5419 3477 5474 istuc

1900 5534 2032 5588 ergo
2062 5518 2337 5585 renititur,
2367 5517 2659 5574 ostendens
2700 5527 2814 5570 rem
2838 5526 2960 5570 sese
2990 5512 3150 5568 aliter
3179 5513 3399 5570 habere.

1533 5648 1547 5701 i
1587 5649 1606 5704 Ι
1640 5649 1763 5705 Cor.
1801 5664 1855 5715 ν,
1913 5651 1969 5707 2.

1539 5764 1733 5828 Varia:
1766 5763 2095 5830 lectiones.

327 5877 377 5914 ⁸⁸
423 5888 790 5947 πιστευόντων
842 5905 896 5946 o.
