3898 6566
483 433 592 495 955

481 633 574 702 qui
603 631 884 687 suscitavit
911 645 1032 685 eum
1069 646 1098 684 a
1129 632 1378 688 mortuis.
1422 650 1440 683 ι
1477 631 1640 701 Atqui
1672 634 1807 689 Acta
1836 643 2058 703 apostoo

482 725 683 789 lorum,
733 738 762 776 a
805 721 1006 792 Spiritu
1037 733 1225 778 sancto
1277 724 1516 779 iudicant
1547 740 1672 780 eum
1716 735 2058 794 segregatum

485 830 608 871 esse
639 815 706 869 ad
748 815 1094 884 apostolicam
1129 814 1457 870 iunctionem
1488 816 1537 870 II.
1580 815 1928 883 Perspicuum
1963 818 2060 885 igi-

481 921 569 964 tur
599 908 744 978 quod
775 908 848 962 sit
893 922 1002 962 una
1046 919 1288 978 potestas
1315 918 1366 962 et
1402 909 1524 964 Filii
1555 919 1611 964 et
1644 910 1821 965 Patris
1852 920 1905 964 ct
1937 909 2061 980 Spi-

477 1002 638 1056 ritus.
676 989 918 1056 Observa
954 1000 1044 1054 hie
1089 999 1546 1072 prmpositionetn,
1590 1021 1608 1054 ι
1661 1001 1802 1067 Per,
1844 1021 1862 1055 ι
1907 1003 2056 1058 Patri

472 1089 801 1158 appositam.
850 1104 915 1146 ac
963 1089 1164 1144 Filium
1212 1092 1387 1161 primo
1426 1091 1786 1159 nominatum,
1841 1105 2060 1163 propter

477 1182 765 1237 iuereticos
801 1183 892 1252 qui
940 1183 992 1237 in
1030 1183 1178 1238 hisce
1209 1186 1373 1239 rebus
1416 1185 1617 1240 θυι-ἰοεί
1667 1195 1814 1239 sunt.
1847 1185 2058 1252 Oppor-

475 1283 609 1330 tune
639 1283 819 1330 autem
873 1277 1121 1331 meminit
1176 1277 1366 1332 tnortis
1411 1288 1468 1332 et
1514 1278 1948 1342 resurrectionis,
1999 1289 2058 1333 ut

476 1369 804 1437 persuadeat
841 1383 936 1422 eos
967 1383 1072 1422 non
1103 1368 1304 1423 diutius
1343 1368 1443 1439 legi
1481 1368 1764 1424 advertere
1790 1370 2053 1437 animum,

477 1473 598 1526 qua
645 1458 780 1512 nihil
807 1459 883 1512 eis
924 1461 1174 1514 conferre
1202 1460 1375 1528 possit
1421 1477 1434 1515 :
1473 1461 1565 1516 sed
1609 1461 1831 1517 Christo
1855 1464 2055 1532 potius,

475 1550 568 1617 qui
607 1564 702 1617 pro
729 1549 862 1616 ipsis
892 1560 1134 1604 mortuus
1164 1561 1247 1605 est
1276 1561 1330 1605 et
1369 1553 1698 1606 resurrexit.
1730 1552 1865 1607 Tum
1911 1554 2052 1624 quod

479 1655 684 1708 magtnc
714 1642 784 1694 sit
831 1642 1261 1711 ingratitudinis,
1312 1658 1341 1696 a
1393 1643 1484 1697 tali
1525 1653 1780 1714 tantoque
1828 1645 2054 1700 benefa-

475 1743 630 1786 ctore
658 1731 910 1787 deiicere.
949 1732 1109 1788 Pater
1157 1744 1335 1788 autem
1362 1734 1536 1804 ipsum
1583 1737 1873 1793 suscitasse
1917 1738 2054 1792 dici-

477 1830 588 1886 tur,
639 1829 750 1874 tum
802 1832 1022 1891 propter
1069 1824 1374 1876 auditorum
1436 1823 1879 1892 imbecillitatem,
1937 1837 2048 1881 tum

725 478 738 488 .
1402 426 1976 489 THEOPHYLACTI
2016 425 2350 488 BULGARI
2365 430 2426 488 ,Ε
2465 431 2817 493 ARCIIIEP.

558 561 578 594 ι
626 539 732 596 Sed
785 554 880 610 per
931 537 1115 594 Jesum
1153 537 1456 604 Christum,
1501 549 1556 594 et
1600 539 1769 594 Deum
1820 539 2048 601 Patretn1

2242 557 2261 590 ι
2297 539 2458 594 Ἀλλά
2495 541 2584 595 διὰ
2626 542 2800 613 Ἰησοῦ
2835 540 3098 613 Χριστοῦ,
3155 541 3246 595 καὶ
3296 540 3429 595 Θεοῦ
3475 541 3693 610 Πατρὶς,

3606 432 3697 496 956

2161 631 2257 684 τοῦ
2314 633 2629 701 ἐγείραντος
2673 633 2838 687 αὐτὸν
2895 634 2958 686 ὲκ
3009 631 3238 702 νεκρῶν.
3282 650 3302 684 ι
3353 633 3461 686 Καὶ
3512 634 3609 704 μὴν
3651 637 3698 688 αἱ

2163 723 2395 788 Πράξεις
2442 723 2548 775 ὑπὸ
2594 722 2688 776 τοῦ
2732 724 3053 794 Πνεύματος
3100 723 3352 793 δηλοῦσιν
3401 724 3554 778 αὐτὸν
3585 726 3698 793 duo.

2163 813 2414 882 ρισθῆναι
2464 815 2544 877 είς
2582 814 2680 885 τὴν
2733 815 3064 884 ἀποστολήν.
3135 815 3305 885 Δῆλον
3343 815 3454 880 οὖν,
3497 815 3570 870 ὅτι
3618 818 3698 886 μία

2158 903 2379 968 ἐξουσία
2414 903 2566 968 Υίοῦ,
2600 905 2695 958 καὶ
2729 905 3071 976 Πνεῦματος,
3103 907 3198 958 καὶ
3222 906 3454 976 Πατρός.
3485 907 3698 977 Σημειω-

2161 1011 2250 1048 σαι
2287 995 2365 1060 δὲ,
2398 997 2490 1050 καὶ
2521 996 2616 1064 τὸ,
2658 1015 2676 1048 ι
2715 998 2837 1063 Διὰ,
2879 1016 2896 1050 ι
2933 999 3027 1051 ἐπὶ
3077 997 3170 1051 τοῦ
3208 998 3422 1069 Πατρὸς
3452 1001 3693 1068 κείμενον,

2159 1088 2253 1140 καὶ
2283 1089 2498 1160 πρῶτον
2532 1089 2625 1143 τὸν
2660 1090 2788 1142 Υἱὸν
2834 1089 3231 1160 ὀνομασθέντα,
3268 1090 3359 1144 διὰ
3408 1090 3528 1152 τούς
3553 1091 3697 1145 ταῦτα

2160 1179 2698 1250 περιεργαζομένους
2732 1181 3067 1252 αἱρετικούς.
3109 1180 3397 1250 Εὐκαίρως
3448 1180 3503 1234 δὲ
3531 1183 3698 1250 ἀναμι-

2162 1272 2394 1341 μνήσκει
2419 1271 2515 1324 τοῦ
2536 1271 2769 1327 θανάτου
2791 1274 2885 1326 καὶ
2907 1274 3006 1344 τῆς
3037 1273 3408 1335 ἀναστάσεως,
3443 1273 3525 1324 ἵνα
3560 1275 3696 1344 πείσῃ

2155 1363 2352 1427 αὐτοὺς
2386 1364 2582 1435 μηκέτι
2613 1365 2691 1437 τῷ
2739 1366 2888 1436 νόμῳ
2935 1366 3247 1436 προσέχειν,
3286 1364 3365 1435 τῷ
3396 1364 3552 1435 μηδὲν
3581 1367 3697 1437 ὑπὲρ

2156 1453 2337 1509 αὐτῶν
2375 1456 2769 1522 είσενεγκόντι’
2808 1455 2944 1510 ἀλλὰ
2969 1456 3047 1521 τῷ
3080 1454 3326 1527 Χριστῷ,
3362 1453 3438 1523 τῷ
3466 1455 3595 1523 ὑπὲρ
3621 1457 3698 1507 αὐ-

2153 1549 2266 1602 τῶν
2313 1549 2642 1605 ἀποθανόντι
2682 1551 2776 1603 καὶ
2807 1551 3102 1605 ἀναστάντι
3124 1565 3138 1578 ο
3167 1550 3266 1604 καὶ
3293 1549 3374 1603 ὅτι
3403 1548 3462 1601 τὸ
3488 1549 3696 1603 τοιούτου

2154 1641 2486 1710 ἀφίστασθαι
2507 1641 2817 1712 εὐεργέτου,
2855 1641 3098 1712 μεγάλης
3121 1640 3533 1709 ἀγνωμοσύνης.
3559 1639 3700 1709 Λέγε·

2155 1750 2248 1786 ται
2270 1733 2327 1787 δὲ
2349 1733 2514 1786 αὐτὸν
2536 1734 2750 1804 ἐγεῖραι
2779 1738 2805 1788 ὁ
2827 1735 3040 1805 Πατὴρ,
3062 1733 3158 1786 καὶ
3179 1733 3272 1786 διὰ
3290 1733 3390 1802 τὴν
3409 1732 3512 1786 τῶν
3533 1733 3699 1802 ἀκροα-

2155 1825 2265 1879 τῶν
2295 1827 2605 1892 ἀσθένειαν,
2638 1829 2732 1881 καὶ
2762 1827 2896 1881 διότι
2927 1828 3007 1890 είς
3031 1828 3123 1880 τὸν
3149 1826 3374 1898 Πατέρα
3396 1826 3567 1879 πάντα
3593 1829 3698 1880 ἀνα-

475 1912 616 1977 quod
647 1912 714 1966 ad
748 1912 961 1967 Patrem
993 1914 1152 1968 etiam
1187 1913 1489 1970 referantur
1517 1933 1848 1989 quaecunque
1877 1919 2046 1975 Filius

2159 1917 2438 1986 φέρονται,
2473 1920 2574 1972 ὅσα
2608 1919 2637 1970 δ
2689 1918 2818 1982 Υἱὸς
2865 1921 3031 1972 ποιεί.
3085 1920 3158 1972 Οὐ
3195 1918 3307 1989 γὰρ
3360 1917 3527 1989 δήπου
3564 1917 3698 1980 αὐτὸς

474 2001 624 2058 facit.
654 2003 770 2058 Non
805 2006 947 2059 enim
981 2007 1070 2063 ille
1109 2012 1175 2062 ad
1203 2012 1440 2078 seipsum
1483 2012 1832 2067 excitandum
1877 2013 2050 2081 impo-

480 2105 598 2150 tens
633 2107 770 2161 erat,
804 2098 895 2165 qui
942 2099 993 2152 in
1027 2099 1201 2168 ipsum
1238 2105 1584 2161 credentibus
1617 2103 1757 2160 istud
1788 2104 1956 2171 dedit,
1991 2114 2050 2160 ut

477 2186 560 2239 vel
609 2186 721 2242 sola
765 2203 1054 2258 corporum
1097 2208 1321 2249 suorum
1363 2195 1554 2252 umbra
1600 2205 1842 2252 mortuos
1881 2197 2049 2252 susci-

476 2285 672 2332 tareut.

541 2371 704 2428 Vsus.
731 2374 786 2428 2.
832 2393 853 2428 ι
898 2374 966 2430 Ει
994 2376 1084 2445 qui
1128 2391 1340 2434 mecum
1378 2387 1503 2433 sunt
1543 2395 1732 2436 omnes
1763 2380 1981 2437 fratres.
2021 2399 2040 2433 ι

465 2466 605 2533 Quia
645 2467 1114 2524 calumniabantur
1142 2486 1294 2538 eum,
1326 2471 1470 2542 quod
1515 2473 1664 2528 solus
1711 2475 1825 2528 hac
1849 2475 2047 2542 praedi-

463 2567 639 2622 caret,
668 2559 870 2615 indicat
911 2560 1025 2630 jam
1077 2577 1225 2618 nunc
1269 2563 1560 2635 plerosque
1605 2565 1709 2622 sibi
1759 2566 1896 2622 alios
1925 2581 2045 2622 esse

464 2653 701 2718 ejusdem
735 2655 1016 2708 sententiae
1051 2656 1362 2724 participes.

537 2761 562 2797 ‹
597 2745 850 2801 Ecclesiis
896 2746 1143 2802 Galatiae.
1187 2767 1206 2800 ι
1242 2748 1454 2818 Reputa
1498 2751 1586 2806 hic
1635 2750 1752 2819 ejus
1798 2752 2044 2820 indigna-

471 2832 669 2887 tionem
727 2843 889 2902 atque
941 2837 1203 2892 dolorem.
1260 2838 1378 2894 Non
1403 2841 1550 2895 enim
1602 2841 1760 2908 dixit,
1797 2842 2040 2910 Dilectis,

465 2924 835 2992 sanctiﬁcatis,
875 2943 1050 2997 neque
1099 2929 1358 2988 Eeclesiis
1392 2933 1525 2998 Dei,
1559 2936 1655 2990 sed
1705 2937 2040 3006 simpliciter,

2155 2009 2351 2063 ἑαυτὸν
2379 2011 2590 2079 ἐγεῖραι
2621 2010 2881 2074 ἀδύνατος
2926 2007 3014 2084 ἦν,
3051 2010 3108 2074 ὃς
3156 2013 3253 2065 καὶ
3300 2009 3422 2076 τοῖς
3460 2013 3533 2074 είς
3563 2007 3696 2064 αὐξὸν

2155 2102 2480 2156 πιστεύσασι
2498 2102 2542 2134 ⁸⁸
2570 2104 2770 2157 δέδωκε
2802 2103 3029 2174 νεκροὺς
3058 2104 3301 2175 ὲγείρειν
3323 2103 3430 2158 ἀπὸ
3456 2104 3602 2168 σκιᾶς
3618 2105 3695 2175 μό·

2155 2212 2252 2264 νης
2279 2196 2388 2248 τῶν
2418 2197 2688 2266 σωμάτων
2719 2196 2920 2252 αὐτῶν.

2231 2400 2251 2432 ι
2299 2381 2407 2433 Καὶ
2432 2381 2482 2432 ol
2516 2380 2613 2434 σὺν
2646 2380 2771 2449 ἐμοὶ
2803 2378 3000 2441 πάντες
3025 2377 3274 2449 ἀδελφοί.
3316 2396 3336 2430 ι
3387 2375 3586 2444 Ἐπειδὴ
3607 2373 3694 2429 διέο

2155 2473 2352 2527 ϐαλλον
2383 2473 2548 2528 αὐτὸν
2577 2473 2655 2537 ὡς
2687 2473 2850 2542 μόνον
2882 2473 3055 2526 ταῦτα
3098 2471 3460 2543 κηρύττοντα,
3490 2470 3690 2522 δείκνυσι

2153 2566 2249 2620 νῦν
2268 2570 2315 2599 δ’
2344 2568 2419 2631 ὡς
2447 2565 2677 2629 πολλοὺς
2723 2566 2815 2618 καὶ
2845 2564 3042 2628 ἄλλους
3067 2563 3186 2635 ἔχει
3231 2562 3335 2633 τῆς
3365 2562 3577 2632 γνώμης
3598 2577 3690 2613 κοιο

2153 2658 2377 2722 νωνούς.

2227 2769 2246 2801 ι
2286 2751 2418 2813 Ταῖς
2440 2748 2793 2821 Ἐκκλησίαις
2827 2750 2927 2819 τῆς
2959 2748 3255 2810 Γαλατίας.
3299 2765 3318 2799 ι
3351 2745 3489 2816 Ὅρα
3519 2744 3594 2797 τὸν
3617 2743 3690 2795 θυ-

2157 2841 2257 2913 μὸν
2288 2842 2384 2896 καὶ
2429 2841 2532 2911 τὴν
2561 2841 2776 2914 ὀδύνην.
2807 2843 2882 2895 Οὐ
2913 2839 3024 2909 γὰρ
3057 2834 3207 2902 εἶπε,
3243 2838 3369 2899 Τοῖς
3406 2835 3685 2905 ἀγαπητοῖς.

2150 2937 2262 2996 τοῖς
2292 2933 2667 3004 ἡγιασμένοις,
2703 2934 2846 2997 οὐδὲ,
2876 2934 3010 2995 Ταῖς
3060 2928 3413 2999 Ἐκκλησίαις
3439 2928 3524 2980 τοῦ
3549 2925 3685 2989 Θεοῦ,

463 3034 487 3066 ι
526 3014 786 3072 Ecclesiis
834 3018 1078 3078 Galatiae.
1113 3021 1303 3090 i-Quia
1348 3040 1477 3080 vero
1520 3027 1854 3084 dissidebant
1905 3030 2046 3084 inter

2157 3023 2264 3078 ἀλλ’
2317 3023 2540 3086 ἁπλῶς,
2597 3041 2616 3075 ι
2656 3024 2790 3087 Ταῖς
2828 3021 3181 3092 Ἑκκλησίαις
3227 3021 3333 3090 τῆς
3376 3018 3633 3080 Γαλατίας.
3668 3034 3682 3066 ι

457 3119 607 3182 sese,
635 3107 766 3162 istos
790 3124 894 3162 non
928 3111 1122 3174 iniuria
1169 3114 1370 3170 multas
1397 3125 1555 3172 vocat
1596 3117 1880 3175 Ecclesias.
1913 3119 2044 3176 Par-

2163 3115 2316 3168 Ἐπεὶ
2347 3116 2402 3169 δὲ
2434 3115 2527 3170 καὶ
2555 3115 2954 3178 διεστασίαζον,
2978 3113 3206 3177 εἰκότως
3237 3115 3336 3166 καὶ
3363 3112 3552 3175 πολλὰς
3587 3112 3685 3162 Ἐκ-

473 3199 569 3252 tim
608 3215 736 3254 vero
763 3215 855 3256 eos
888 3203 1256 3272 pudefacieus,
1291 3209 1343 3263 in
1376 3226 1542 3266 unum
1578 3213 1779 3284 colligit
1805 3231 1901 3284 per
1941 3217 2042 3271 hoc

2157 3207 2378 3277 κλησίας
2397 3207 2622 3270 τούτους
2647 3207 2906 3276 ὀνομάζει
2927 3221 2940 3235 °
2968 3204 3085 3274 ἅμα
3114 3204 3171 3259 δὲ
3204 3206 3303 3258 καὶ
3330 3204 3590 3274 ἐντρέπων
3612 3201 3688 3254 αὐ-

420 3344 428 3354 ,
459 3287 680 3346 nomen.
713 3291 812 3360 Qui
843 3296 984 3349 enim
1017 3297 1069 3350 in
1108 3301 1274 3354 multa
1299 3311 1427 3356 sunt
1457 3305 1637 3367 divisi.
1675 3323 1781 3360 non
1816 3319 2044 3377 possunt

2157 3304 2294 3366 τοὺς,
2321 3302 2545 3370 συνάγει
2573 3304 2652 3365 είς
2684 3302 2743 3356 ἓν
2771 3301 2861 3355 διὰ
2883 3301 2978 3354 τοῦ
3005 3299 3271 3364 ὀνόματος
3295 3300 3502 3353 τούτου.
3526 3300 3581 3352 0i
3603 3297 3685 3366 γὰρ

455 3380 625 3452 326
663 3382 762 3438 hac
793 3385 1198 3444 uomenclatura
1229 3393 1508 3462 appellari,
1541 3411 1663 3465 qua:
1694 3401 2042 3456 concordiam

2157 3399 2226 3458 είς
2269 3396 2438 3450 πολλὰ
2469 3397 2790 3470 διῃρημένοι
2846 3393 2906 3448 οὐ
2939 3394 3192 3450 δύνανται
3241 3395 3420 3466 ταύτῃ
3447 3390 3682 3446 καλεῖσθαι

461 3472 751 3541 signiﬁcat.

530 3564 690 3621 Vens.
717 3565 773 3626 5.
813 3586 833 3622 ι
870 3569 1053 3626 Gratia
1085 3573 1242 3630 vobis
1271 3585 1327 3632 et
1372 3592 1498 3648 pax.
1538 3598 1557 3631 ι
1599 3578 1734 3647 Quia
1773 3581 2047 3652 periclita-

463 3654 661 3710 bantur
713 3674 781 3714 ne
823 3664 996 3730 gratia
1043 3667 1381 3733 exciderent,
1430 3681 1716 3740 propterea
1753 3677 1895 3742 quod
1928 3677 2046 3729 aui-

459 3762 601 3836 mum
643 3749 709 3803 ad
745 3749 914 3820 legem
945 3756 1298 3829 applicarent,
1343 3759 1674 3830 imprecatur
1703 3763 1844 3820 hanc
1889 3764 2038 3836 ipsis.

456 3835 720 3901 Quoniam
782 3856 910 3897 vero
971 3847 1181 3916 seipsos
1242 3849 1424 3904 hostes
1471 3851 1561 3905 Dei
1610 3851 1879 3922 fecerunt,
1913 3835 2044 3910 ista-

457 3935 672 4012 tucntes
702 3930 893 4002 legalis
939 3951 1060 4005 quae
1089 3938 1178 3994 ille
1209 3942 1539 4009 aboleverat,
1587 3944 1652 3998 ad
1685 3961 1870 4016 pacem
1917 3948 2040 4006 illos

463 4034 685 4079 revocat
711 4041 775 4079 ac
807 4028 1039 4083 reducit.

532 4131 553 4166 ι
590 4115 636 4166 Α
666 4114 777 4170 Deo
817 4116 996 4174 Patre.
1035 4139 1054 4172 ι
1092 4121 1234 4178 Deus
1281 4123 1444 4180 Pater
1477 4138 1660 4184 vester
1704 4129 1883 4186 factus
1931 4143 2036 4190 est.

453 4205 659 4263 Unde?
687 4208 759 4262 Ex
792 4209 906 4279 lege
932 4212 997 4266 ad
1029 4230 1187 4281 quam
1222 4217 1465 4280 iuhiatis,
1491 4236 1558 4273 an
1596 4237 1659 4274 ex
1715 4221 2039 4291 baptismate

457 4300 708 4355 Christi?
749 4303 1028 4369 Quomodo
1054 4307 1216 4374 igitur
1243 4312 1566 4364 aversamiui
1599 4314 2038 4370 benefactorem?

451 4388 695 4446 Observa
724 4405 900 4448 autem
935 4401 1076 4466 quod
1103 4400 1210 4462 ait,
1249 4419 1268 4451 ι
1305 4401 1344 4454 Α
1380 4401 1490 4458 Deo
1518 4402 1699 4469 Patre,
1741 4426 1757 4457 ι
1795 4407 1915 4463 sine
1947 4424 2037 4463 ar-

453 4482 640 4548 ticulo,
673 4496 892 4554 propter
927 4504 1019 4542 eos
1047 4490 1136 4559 qui
1174 4491 1368 4547 Filium
1415 4493 1576 4552 Patre
1607 4498 1870 4554 minorem
1907 4516 2029 4555 esse

2143 3488 2211 3557 τῇ
2241 3488 2610 3558 προσηγορίᾳ,
2641 3487 2674 3558 ἦ
2706 3484 3027 3556 συμφωνίαν
3059 3485 3230 3555 δηλοῖ.

2222 3597 2241 3629 ι
2287 3578 2461 3649 Χάρις
2502 3579 2632 3648 ὑμῖν
2662 3579 2757 3630 καὶ
2792 3579 3005 3650 εἰρήνη.
3051 3596 3070 3630 ι
3115 3575 3344 3642 Ἐπειδὴ
3387 3573 3681 3629 ἐκινδύνευον

2143 3672 2242 3740 τῆς
2279 3670 2502 3742 χάριτος
2534 3670 2810 3734 ἐκπεσεῖν,
2855 3671 2919 3722 ὲκ
2964 3667 3058 3722 τοῦ
3106 3667 3401 3737 προσέχειν
3447 3664 3517 3734 τῷ
3544 3665 3678 3732 νόμῳ,

2145 3762 2438 3833 ἐπεύχεται
2484 3762 2690 3832 ταύτην
2745 3763 2966 3826 αὐτοῖς⁹
3023 3761 3118 3815 καὶ
3171 3759 3366 3831 ἐπειδὴ
3432 3757 3679 3827 πολεμίους

2143 3857 2373 3918 ἑαυτοὺς
2399 3853 2493 3908 τοῦ
2533 3855 2672 3908 Θεοῦ
2722 3854 3009 3926 ἐποίησαν,
3045 3853 3310 3917 ίστῶντες
3337 3852 3408 3906 τά
3437 3849 3628 3920 νομικὰ,
3650 3845 3677 3898 ἃ

2143 3949 2350 4012 ἐκεῖνος
2385 3947 2725 4020 κατήργησε,
2755 3947 2892 4019 πρὸς
2923 3947 3021 4017 τὴν
3061 3946 3292 4018 εἰρήνην
3325 3944 3513 4007 αὐτοὺς
3546 3943 3677 3994 ἐπαν-

2142 4041 2285 4110 άγει.

2219 4151 2237 4184 ι
2289 4133 2419 4186 Ἀπὸ
2444 4130 2581 4186 Θεοῦ
2612 4131 2849 4201 Πατρός.
2889 4148 2908 4182 ι
2949 4129 3006 4184 '0
3033 4129 3166 4192 Θεὸς
3197 4125 3555 4200 Πατὴρύμῶν
3578 4121 3674 4190 ὲγέ-

2140 4241 2280 4280 νετο,
2313 4225 2516 4291 Πόθεν;
2564 4224 2698 4278 ’Δπὸ
2727 4224 2820 4277 τοῦ
2851 4223 3018 4294 νόμου
3039 4262 3054 4286 ,
3087 4221 3225 4292 πρὸς
3254 4219 3317 4274 δν
3352 4213 3671 4292 κεχήνατε.ῆ

2139 4317 2247 4370 ἀπὸ
2283 4316 2376 4369 τοῦ
2429 4316 2803 4385 βαπτίσματος
2837 4315 2931 4370 τοῦ
2974 4313 3248 4385 Χριστοῦ;
3288 4314 3412 4376 Πῶς
3454 4307 3539 4365 οὖν
3563 4309 3673 4362 ἀπο·

2139 4407 2438 4478 στρέφεσοε
2467 4407 2561 4460 τὸν
2587 4407 2886 4477 εὐεργέτην
2911 4424 2924 4471 ;
2963 4405 3282 4475 Σημείωσαι
3315 4405 3371 4458 δὲ
3399 4405 3476 4468 τὸ,
3503 4421 3519 4453 ι
3567 4398 3672 4452 Ἀπὸ

2137 4499 2272 4553 Θεοῦ
2304 4499 2538 4570 Πατρὸς,
2581 4518 2600 4550 ι
2628 4500 2795 4571 χωρὶς
2821 4498 2916 4552 τοῦ
2943 4499 3148 4570 ἄρθρου
3178 4500 3448 4568 κείμενον,
3471 4495 3549 4548 διὰ
3571 4492 3670 4551 τούς

447 4573 802 4642 concludunt,
834 4593 900 4631 ex
946 4580 1048 4635 hoc
1087 4583 1228 4650 quod
1259 4583 1498 4643 Joannes
1532 4589 1684 4656 dicit,
1719 4609 1738 4642 ι
1778 4591 1845 4646 Ει
1891 4591 2028 4648 Deus

2163 4587 2394 4646 λάττονα
2423 4592 2750 4660 εἰσάγοντας
2782 4591 2880 4645 τὸν
2909 4591 3060 4655 Υἱὸν,
3096 4591 3162 4644 ὲκ
3190 4589 3286 4644 τοῦ
3320 4589 3412 4643 τὸν
3458 4586 3670 4651 Ἰωάννην

444 4670 573 4717 ενοι
601 4661 838 4720 Verbum
869 4666 913 4732 1,
943 4687 962 4719 ι
997 4670 1112 4725 sine
1139 4675 1386 4731 articulo.

2157 4687 2346 4755 ,ἐγεινσ
2383 4703 2403 4738 t
2435 4683 2547 4738 Καὶ
2573 4685 2704 4748 Θεὸς
2731 4679 2801 4756 ἦν
2831 4686 2860 4738 ό
2889 4683 3084 4750 Λόγος,
3125 4701 3144 4734 ι
3180 4681 3351 4752 χωρὶς
3380 4679 3581 4751 ἄρθρου.

529 4772 551 4806 ι
583 4754 649 4809 Et
679 4753 907 4813 Domino
941 4772 1128 4817 nostro
1156 4763 1281 4819 Jesu
1315 4766 1554 4827 Christo.
1593 4790 1614 4827 ι
1645 4771 1761 4827 Non
1802 4775 1884 4830 lex
1929 4775 2027 4830 do-

2205 4753 2229 4830 τ
2268 4778 2378 4832 Καὶ
2396 4777 2600 4849 Κυρίου
2631 4753 2787 4848 ἡμῶν
2821 4775 2995 4847 Ἰησοῦ
3019 4774 3279 4846 Χριστοῦ.
3307 4793 3326 4827 ι
3354 4774 3460 4842 οὐχ
3489 4771 3514 4823 ὸ
3537 4768 3667 4835 νόμος

448 4841 631 4900 minus
682 4859 866 4903 noster
906 4861 1010 4919 est,
1056 4855 1150 4909 sed
1185 4855 1436 4912 Christus
1483 4860 1659 4917 Jesus.
1715 4863 1832 4934 Ipsa
1868 4881 2031 4932 porro

2157 4866 2292 4940 ιμῶν
2327 4841 2537 4940 κύριος.
2589 4841 2704 4923 ὁιλίς
2747 4870 2776 4922 ό
2810 4841 3044 4939 Χριστὸς
3074 4841 3314 4937 ζΙησοῦς.
3346 4841 3458 4918 Kal
3479 4859 3596 4916 αὐτὰ
3621 4856 3663 4908 δὲ

447 4935 673 4994 nomina
699 4938 947 4997 beneﬁcii
976 4954 1106 4999 sunt
1142 4947 1361 5004 indicia.
1408 4949 1567 5006 Jesus
1600 4955 1770 5018 enim,
1809 4957 1973 5012 veluti
2000 4975 2029 5013 a

2229 4935 2492 5030 ὀνόματα,
2514 4963 2614 5028 τῆς
2639 4935 2959 5030 εὐεργεσίας
2985 4935 3313 5014 eveniunt.
3345 4954 3540 5026 Ἰησοῦς
3559 4949 3662 5018 γὰρ,

447 5031 691 5100 peccatis
720 5046 942 5089 servans
985 5039 1269 5106 pepulum.
1315 5041 1568 5098 Christus
1597 5061 1628 5099 a
1657 5047 1892 5116 Spiritus
1930 5066 2032 5104 un-

2157 5056 2213 5118 ὓς
2242 5056 2351 5108 ἀπὸ
2375 5053 2482 5106 τῶν
2513 5052 2800 5122 ἁμαρτιῶν
2832 5051 3014 5115 σώσας
3038 5052 3130 5104 τὸν
3161 5051 3287 5106 λαόν
3305 5067 3320 5082 ο
3352 5049 3443 5102 καὶ
3468 5040 3664 5113 Χριστὸς

449 5119 650 5188 ctiune,
693 5139 798 5191 qua
834 5140 930 5194 pro
975 5129 1131 5186 nobis
1171 5141 1370 5187 unctus
1405 5143 1510 5202 est,
1543 5138 1897 5196 sanetiﬂcaus
1938 5156 2032 5196 na-

2157 5147 2212 5209 ῑὲ,
2243 5145 2351 5198 ἀπὸ
2380 5144 2480 5214 τῆς
2510 5119 2604 5198 τοῦ
2634 5119 2780 5197 Πνεύ
2791 5161 2962 5215 ματος
2996 5145 3254 5216 χρίσεως,
3283 5143 3348 5212 ἣν
3380 5139 3511 5207 ὑπὲρ
3533 5128 3662 5202 ἡμῶν

443 5221 625 5270 suram
654 5226 892 5270 nostram
918 5234 1014 5289 per
1040 5226 1494 5296 assumptionetu,
1517 5244 1581 5286 ac
1622 5232 1779 5289 nobis
1800 5235 2032 5306 largiens

2157 5237 2394 5306 ιχρίσθη.
2443 5237 2679 5302 ἁγιάσας
2727 5236 2830 5304 τὴν
2862 5234 3022 5304 φύσιν
3053 5236 3111 5287 έν
3160 5234 3240 5306 τῷ
3282 5229 3656 5301 προσλήμματι,

441 5313 509 5358 ιιι
530 5305 608 5361 sic
641 5310 1006 5368 nominemnr.
1891 5305 1899 5306 ί

2157 5305 2231 5384 tat
2257 5305 2380 5392 δοὺς
2413 5331 2545 5399 ἡμῖν
2573 5327 2746 5391 οὕτως
2773 5327 3159 5397 ὀνομάζεσθαι.

523 5394 686 5452 Vsus.
719 5399 774 5455 4.
817 5419 836 5453 ι
883 5403 986 5470 Qui
1035 5407 1186 5462 dedit
1229 5411 1584 5480 semetipsum
1639 5429 1739 5484 pro
1787 5419 2026 5486 peccatis

2210 5439 2231 5472 ι
2271 5420 2379 5473 Τοῦ
2408 5394 2592 5482 δόντος
2617 5420 2808 5472 ἑαυτὸν
2842 5394 2972 5490 περὶ
3001 5418 3112 5471 τῶν
3149 5413 3429 5488 ἁμαρτιῶν
3453 5407 3606 5480 ἡμῶν.
3634 5418 3650 5451 ι

444 5489 672 5547 nostris.
709 5509 730 5544 ι
763 5491 844 5546 Ειι
890 5497 1126 5566 seipsum
1170 5500 1321 5556 dedit
1362 5520 1376 5557 :
1415 5517 1522 5560 non
1562 5507 1724 5578 igitur
1755 5520 1812 5564 ut
1841 5525 2031 5569 servus

2157 5513 2267 5568 1δού
2304 5511 2497 5566 ἑαυτὸν
2529 5511 2790 5567 δέδωκεν·
2822 5489 2925 5565 οὐκ.
2967 5510 3077 5583 ἄρα
3105 5511 3180 5574 ὡς
3219 5509 3396 5572 δοῦλος
3419 5499 3645 5570 omam

562 5644 588 5686 ιι
633 5646 754 5705 Act.
793 5665 911 5719 xm,
940 5653 997 5708 2.
1115 5653 1315 5712 1.loan.
1340 5661 1431 5726 ι,1

1783 5775 1984 5838 Variae
2019 5775 2350 5840 lectiones.

517 5857 571 5904 δ’
602 5865 917 5922 πιστεύουσι
959 5883 1031 5924 ιιι.
1111 5867 1155 5899 ⁸³
1187 5864 1254 5924 αὐ
1309 5885 1363 5927 ο.
