3898 6566
263 429 365 498 957

1085 437 1489 501 EXPOSITIO
1527 439 1611 500 IN
1647 441 1889 506 EPIST.
1928 442 2028 502 AD
2055 443 2324 506 GALAT.
2361 471 2430 481 —-
2468 419 2626 507 CAP.
2661 446 2710 507 Ι.

3416 449 3522 514 958

266 563 380 600 σεν.
415 541 587 600 Ὅταν
615 535 711 598 οὖν
743 539 1006 615 ἀκούσῃς,
1037 545 1201 598 αὐτὸν
1227 545 1334 599 ὑπὸ
1370 546 1465 600 τοῦ
1497 547 1709 618 Πατρὸς
1754 547 1839 599 δε-

1953 549 2102 602 hcrili
2128 550 2284 619 jussu
2315 562 2574 622 operatus
2606 562 2710 608 est.
2743 550 2878 608 Cum
2915 551 3079 622 igitur
3105 552 3258 609 audis
3286 554 3458 623 ipsqu
3490 575 3522 612 a

263 637 448 692 δόσθαι
466 677 482 703 ,
510 639 606 708 τὴν
637 637 886 691 εὐδοκίαν
921 637 1016 691 καὶ
1041 639 1140 708 τὴν
1166 639 1383 709 θέλησιν
1407 640 1576 694 ἐννόει
1610 641 1704 692 τοῦ
1731 642 1842 693 Πα-

265 730 412 801 τρός.
448 730 658 784 Ἔδωκε
703 729 759 783 δὲ
797 731 1012 796 ἑαυτὸν,
1067 731 1154 784 ἵνα
1207 732 1492 802 ἀπαλλάξῃ
1538 733 1686 802 ἡμᾶς
1733 731 1841 785 τῶν

267 821 572 895 ἁμαρτιῶν,
603 816 678 875 ὧν
725 825 754 876 ό
807 823 971 893 νόμος
1024 823 1331 887 ἀπαλλάξαι
1379 824 1480 877 οὐκ
1516 823 1688 891 ἴσχυε.
1719 822 1843 886 Πῶς

267 915 359 967 οὖν
386 916 478 967 τὸν
514 913 899 978 ἀπαλλάξαντα
931 913 1184 983 ἀφέντες,
1220 913 1297 983 τῷ
1326 913 1476 984 νόμῳ
1516 914 1838 984 προσέχετε,

265 1006 342 1076 τῷ
375 1005 544 1077 μηδὲν
576 1005 923 1076 ὠφελήσαντι
947 1023 961 1071 ;

347 1117 366 1151 ι
416 1099 604 1164 Ὅπως
629 1098 878 1170 ἐξέληται
909 1099 1055 1168 ἡμᾶς
1083 1097 1192 1150 ἀπὸ
1214 1095 1307 1150 τοῦ
1336 1097 1630 1160 ἐνεστῶτος
1652 1095 1844 1158 αἰῶνος

270 1189 530 1263 πονηροῦ.
575 1209 595 1243 ι
659 1189 924 1243 Ἐνταῦοα
973 1190 1020 1243 οἰ
1071 1190 1362 1258 Μανιχαῖοι
1413 1186 1731 1255 ἐπιπηδῶσι
1765 1185 1843 1256 τῷ

272 1281 441 1352 ῥητῷ,
477 1282 747 1347 λέγιντες,
793 1281 873 1334 ὅτι
910 1279 1042 1333 Ἰδοῦ
1077 1279 1312 1348 πονηρὸν
1344 1279 1569 1332 ἐκάλεσε
1602 1280 1693 1331 τὸν
1723 1279 1844 1331 ἐνε-

272 1373 451 1426 στῶτα
497 1373 694 1436 αἰῶνα,
741 1373 861 1442 ἡτοι
906 1372 1004 1441 τὴν
1054 1371 1200 1441 ζωὴν
1240 1370 1421 1440 ἡμῶν.
1467 1371 1582 1424 Οὐκ
1627 1368 1742 1422 ἐστι
1789 1367 1845 1422 δὲ

268 1463 442 1516 τοῦτο.
468 1460 606 1514 Οὐτε
629 1462 737 1532 γὰρ
753 1464 806 1514 αἰ
825 1461 1026 1531 ἡμέραι
1058 1462 1290 1530 πονηραί
1313 1459 1478 1515 αὐταί⁵
1502 1459 1624 1514 καθ’
1649 1459 1846 1523 ἑαυτάς

268 1555 288 1624 (
306 1553 390 1616 τίς
416 1552 526 1621 γὰρ
553 1553 790 1623 πονηρία
809 1551 902 1605 τοῦ
933 1551 1156 1621 ἡλιακοῦ
1181 1551 1406 1621 δρόμου,
1434 1550 1469 1621 ἡ
1497 1549 1594 1602 τοῦ
1625 1549 1847 1619 διαστή-

267 1664 438 1716 ματος
466 1646 573 1701 τῶν
611 1645 834 1716 ἡμερῶν
857 1644 914 1715 ;)
952 1643 1091 1700 Οὑτε
1124 1645 1158 1714 ἡ
1196 1643 1312 1715 ζωὴ
1343 1642 1504 1714 ἡμῶν
1552 1641 1692 1711 αὐτὴ
1723 1641 1844 1694 καθ’

262 1739 465 1808 ἑαυτὴν
498 1738 713 1808 πονηρά
743 1740 889 1790 ἐστι·
926 1737 1045 1800 πῶς
1084 1737 1215 1806 γὰρ,
1249 1737 1305 1789 ἐν
1411 1735 1504 1788 τδν
1545 1734 1677 1787 Θεὸν
1725 1735 1846 1786 ἐπι-

261 1831 632 1901 γινώσκομεν,
664 1830 758 1882 καὶ
784 1828 914 1898 περὶ
945 1827 1054 1880 τῶν
1085 1827 1388 1898 μελλόντων
1412 1824 1845 1894 φιλοσοφοῦμεν;

1945 638 2104 692 Patre
2131 641 2313 694 datum
2345 657 2487 709 esse,
2523 644 2954 700 benevolentiam
2987 643 3168 701 Patris
3199 654 3256 700 et
3278 646 3524 704 volunta-

1948 735 2052 781 tem
2101 728 2362 800 iutellige.
2405 733 2559 787 Dedit
2588 745 2766 792 autem
2799 736 3060 807 seipsum,
3107 747 3164 792 ut
3195 739 3386 794 liberet
3421 755 3522 794 nos

1945 833 1974 872 a
2014 821 2276 886 peccatis,
2317 837 2343 875 a
2379 825 2576 891 quibus
2613 825 2698 879 lex
2731 826 2963 885 liberare
2995 844 3102 883 non
3148 829 3334 885 valuit.
3383 832 3523 897 Quo-

1946 911 2106 964 modo
2148 911 2313 980 igitur
2361 914 2650 970 liberatore
2684 928 2864 974 vestro
2904 920 3158 986 dimisso,
3211 920 3313 992 legi
3347 933 3524 978 atten-

1947 1000 2094 1065 ditis,
2130 1018 2248 1072 quae
2282 1005 2413 1059 nihil
2451 1007 2604 1062 vobis
2635 1007 2942 1076 profuerit?

2021 1111 2039 1143 ι
2093 1093 2160 1148 Ut
2189 1096 2422 1165 eriperet
2465 1113 2563 1168 nos
2614 1113 2682 1152 ex
2724 1103 2973 1168 praesenti
3022 1105 3218 1160 saeculo
3272 1106 3452 1162 malo.
3493 1126 3516 1158 ι

1947 1180 2045 1237 llic
2075 1181 2349 1239 Manichaei
2401 1188 2566 1242 textui
2611 1189 2718 1243 vim
2766 1189 2995 1259 faciunt,
3044 1193 3302 1260 dicentes,
3353 1195 3520 1261 Ecce,

1946 1271 2199 1326 saeculum
2245 1290 2500 1342 przesens,
2538 1278 2653 1333 sive
2695 1279 2858 1333 vitam
2901 1291 3163 1347 nostram,
3196 1285 3394 1338 malum
3435 1301 3526 1355 ap-

1947 1362 2185 1431 pellavit.
2220 1363 2334 1418 Huc
2371 1374 2550 1420 autem
2601 1383 2704 1422 non
2739 1378 2823 1424 cst
2872 1371 2965 1425 ita.
2998 1370 3186 1441 Neque
3231 1373 3374 1427 enim
3407 1375 3522 1431 dies

1947 1454 2078 1523 ipsae
2112 1469 2206 1524 per
2239 1470 2298 1510 se
2329 1456 2484 1513 mala:
2513 1467 2659 1516 sunt.
2691 1460 2820 1526 Quae
2862 1463 3007 1517 enim
3053 1465 3293 1532 pravitas
3334 1481 3523 1523 cursus

1947 1547 2164 1613 solaris,
2204 1548 2287 1603 vel
2340 1551 2547 1605 dierum
2591 1551 2905 1608 intervalli?
2957 1555 3140 1625 Neque
3183 1559 3294 1612 vita
3337 1569 3521 1619 nostra

1947 1652 2044 1706 per
2077 1653 2197 1692 sese
2239 1655 2404 1709 prava
2445 1653 2570 1708 e51;
2616 1647 2891 1712 quomodo
2921 1648 3067 1702 enim
3114 1649 3164 1702 in
3211 1663 3316 1718 qua
3356 1651 3521 1706 Deum

1948 1731 2311 1798 agnoscimus,
2347 1749 2410 1787 ac
2435 1732 2503 1788 de
2531 1734 2725 1790 futuris
2753 1737 3196 1808 philosophatum
3220 1740 3242 1795 i
3276 1739 3383 1796 Sed
3426 1758 3526 1796 stc—

1949 1821 2127 1874 culum
2189 1838 2431 1892 pravum,
2481 1827 2822 1894 operationes
2871 1844 3065 1898 pravas
3117 1832 3266 1897 dicit,
3303 1842 3358 1888 et
3403 1849 3525 1888 cor-

261 1925 382 1980 ἀλλ*
410 1925 583 1978 αἰῶνα
613 1921 872 1992 πονηρὸν,
905 1919 1004 1984 τὰς
1039 1920 1265 1991 πράξεις
1294 1919 1427 1989 φησί
1453 1918 1550 1982 τὰς
1576 1918 1840 1990 πονηρὰς,

1953 1923 2157 1984 ruptam
2191 1915 2521 1970 voluntatem
2554 1921 3044 1988 :quetnadmodum
3097 1938 3194 1977 nos
3241 1927 3524 1979 consuevi-

261 2018 419 2072 καὶ⁴³
447 2016 548 2088 τὴν
580 2015 982 2086 διεφθαρμένην
1035 2012 1378 2082 προαίρεσιν.
1417 2010 1629 2078 Ὥσπερ
1647 2008 1693 2040 ⁸⁵
1739 2009 1838 2093 κα).

1953 2021 2068 2060 mus
2118 2007 2318 2071 dicere,
2353 2008 2546 2062 Malum
2597 2010 2758 2064 habui
2791 2011 2950 2075 diem,
2999 2028 3102 2068 non
3157 2019 3521 2086 tempus,sed

259 2111 432 2180 ἡμεῖς
468 2107 742 2177 εἰώθαμεν
767 2105 970 2174 λέγειν,
1001 2101 1192 2171 Κακὴν
1219 2101 1376 2171 ἔσχον
1405 2100 1642 2170 ἡμέραν,
1669 2099 1728 2152 οὐ
1754 2100 1845 2152 τὸν

1953 2097 2412 2154 circumstantiam
2445 2109 2498 2154 et
2524 2102 2790 2158 actionem
2835 2117 3174 2162 accusantes.
3227 2107 3341 2164 Non
3371 2112 3516 2166 enim

262 2201 480 2273 καιρδν,
512 2199 648 2252 ἀλλά
681 2198 778 2269 τὴν
811 2197 1157 2267 περίστασιν,
1200 2194 1294 2246 καί
1333 2193 1430 2264 τὴν
1481 2191 1681 2262 πρᾶξιν
1725 2191 1845 2244 δια-

1953 2198 2005 2242 ιιι
2036 2205 2132 2245 nos
2170 2192 2388 2247 occidat
2417 2203 2472 2248 et
2513 2193 2695 2263 ejiciat
2727 2213 2758 2252 e
2790 2199 3042 2268 praesenti
3077 2202 3206 2268 vita,
3235 2215 3520 2274 propterea

258 2292 570 2355 ϐάλλοντες.
599 2291 674 2344 Οὐ
706 2290 814 2360 γὰρ
840 2289 930 2342 ἵνα
957 2287 1104 2357 ἡμᾶς
1133 2284 1453 2355 ἀποκτείνῃ.
1498 2284 1592 2337 καὶ
1633 2283 1844 2354 ἐκϐάλῃ

1953 2294 2188 2339 mortuus
2226 2294 2310 2340 est
2335 2287 2628 2356 Christus;
2679 2304 2866 2345 verum
2905 2303 3018 2347 uta
3061 2296 3242 2364 pravis
3269 2298 3524 2366 operibus

258 2385 360 2453 τῆς
403 2381 688 2453 παρούσης
725 2379 894 2448 ζωῆς,
927 2378 1015 2432 διὰ
1043 2375 1204 2430 τοῦτο
1230 2372 1501 2430 ἀπέθανεν
1526 2373 1554 2425 ό
1585 2371 1846 2443 Χριστὸς,

257 2475 379 2528 ἀλλ’
404 2474 496 2529 ἶνα
512 2472 621 2526 τῶν
641 2471 895 2541 πονηρῶν
920 2467 1174 2540 πράξεων
1199 2465 1488 2534 ἀπαλλάξῃ
1513 2463 1607 2518 τοῦ
1632 2462 1842 2518 λοιποῦ.

271 2565 498 2636 Ἐπειδὴ
514 2564 620 2633 γὰρ
639 2560 790 2616 εἶπεν
816 2563 1097 2629 ἀνωτέρω,
1121 2559 1202 2612 ὃτι
1220 2558 1461 2611 Ἔδωκεν
1485 2554 1677 2609 ἑαυτὸν
1701 2555 1843 2625 ὑπὲρ

255 2659 371 2714 τῶν
406 2656 694 2729 ἁμαρτιῶν
727 2653 910 2726 ἡμῶν,
935 2653 1234 2714 τουτέστιν,
1266 2648 1672 2718 Ἠλευθέρωσεν
1693 2648 1843 2715 ἡμᾶς

254 2755 370 2806 τῶν
412 2749 824 2821 προγεγονότων
873 2745 1270 2814 πταισμάτωνο
1319 2742 1472 2810 λέγει
1521 2742 1729 2806 λοιπὸν,
1761 2741 1844 2794 ὅτι

255 2845 359 2898 καί.
396 2843 535 2913 πρὸς
560 2841 624 2894 τὸ
655 2839 849 2911 μέλλον
883 2836 1185 2906 ἀσφάλειαν
1214 2834 1435 2896 ἔδωκεν,
1466 2833 1554 2886 ἵνα
1589 2831 1842 2902 ἐξέληται

1941 2372 2193 2443 deinceps
2237 2393 2333 2431 nos
2387 2378 2602 2434 liberet.
2658 2380 2793 2435 Cum
2855 2384 3002 2438 enim
3059 2402 3222 2455 supra
3272 2390 3522 2458 dixisset,

1951 2463 2350 2534 Dedit'seipsum
2376 2485 2476 2540 pro
2507 2473 2744 2539 peccatis
2779 2476 3002 2538 nostris,
3026 2475 3128 2531 hoc
3154 2486 3256 2543 est,
3292 2478 3519 2534 Libera-

1951 2558 2028 2609 vit
2059 2573 2154 2613 nos
2183 2575 2212 2613 a
2244 2563 2530 2630 prmteritis
2559 2563 2851 2622 sceleribus
2884 2584 2896 2621 :
2933 2569 3159 2636 posthac
3183 2570 3260 2624 ait
3297 2573 3437 2641 quod
3468 2581 3526 2627 et

1951 2647 2002 2701 in
2031 2647 2269 2704 futurqu
2307 2654 2451 2708 dedit
2487 2656 2643 2711 nobis
2677 2660 3046 2724 securitatem,
3085 2671 3144 2716 ut
3180 2677 3278 2716 nos
3315 2678 3345 2717 a
3382 2665 3521 2721 mala

1951 2743 2358 2796 conversatione
2401 2747 2623 2801 eximat.
2658 2746 2770 2803 Lex
2819 2761 2997 2804 autem
3041 2768 3217 2823 neque
3251 2758 3525 2824 przeterita

1952 2843 2169 2902 peccata
2201 2835 2420 2903 delevit,
2454 2853 2550 2894 nec
2574 2839 2640 2893 ad
2675 2839 2851 2894 futura
2884 2842 3069 2898 valuit.

252 2939 291 3008 ἡ
302 2937 410 3006 μᾶς
445 2934 548 2999 τῆς
578 2935 818 3006 πονηρᾶς
847 2929 1144 2999 διαγωγῆς.
1196 2925 1254 2981 ’0
1289 2925 1454 2996 νόμος
1483 2925 1562 2988 δὲ,
1604 2923 1728 2977 οὔτε
1798 2921 1864 2978 τὰ
1905 2927 2274 2994 προγεγονότα
2345 2931 2718 3005 ἁμαρτήματα
2791 2937 3099 3009 ἐξήλειφεν,
3131 2939 3257 2995 οὐτε
3299 2939 3434 3012 πρὸς
3466 2939 3527 2994 τὸ

256 3029 460 3102 μέλλον
499 3028 736 3098 ἐνίσχυε.

343 3142 363 3175 ι
415 3120 572 3174 Κατὰ
600 3120 659 3171 τὸ
691 3117 901 3188 θέλημα
931 3113 1025 3168 τοῦ
1057 3111 1192 3166 Θεοῦ
1225 3110 1321 3164 καὶ
1351 3109 1565 3180 Πατρδς
1602 3109 1780 3180 ἡμῶν.
1820 3129 1838 3161 ι

2019 3108 2183 3178 327
2224 3128 2242 3161 ι
2286 3106 2597 3165 Secundum
2637 3113 2963 3170 voluntatem
3002 3116 3096 3172 Dei
3131 3126 3184 3174 et
3220 3119 3399 3175 Patris
3427 3135 3526 3174 no-

273 3214 506 3284 Ἐπειδὴ
535 3211 782 3281 ἐνόμιζον
809 3210 1007 3261 ἐκεῖνοι
1032 3207 1114 3259 ὅτι
1143 3203 1236 3257 τοῦ
1266 3203 1400 3256 Θεοῦ
1433 3203 1848 3273 παρακούουσιν

253 3307 502 3375 ἀφέντες
533 3303 623 3356 τὸν
652 3301 837 3372 νόμον,
873 3297 1182 3370 διορθοῦται
1216 3297 1317 3377 τὴν
1351 3296 1609 3348 ὑπόνοιαν
1641 3294 1842 3360 αὐτῶν,

254 3397 482 3458 δεικνὺς
510 3396 592 3448 ὃτι
617 3393 829 3463 θέλημα
855 3390 950 3444 τοῦ
983 3389 1196 3461 Πατρός
1223 3390 1361 3452 ἐστι,
1393 3388 1452 3441 τδ
1482 3387 1570 3440 διὰ
1593 3385 1686 3439 τοῦ
1716 3385 1845 3439 Υἰοῦ

255 3488 731 3558 ἐλευθερωθῖψαι.
770 3485 933 3554 Ὁρᾷς
967 3483 1028 3537 δε
1054 3484 1136 3537 ὅτι
1167 3483 1268 3534 οὐκ
1301 3477 1448 3546 εἰπε,
1480 3479 1615 3532 Κατ’
1653 3477 1852 3532 ὲπιταο

256 3586 369 3655 γὴν
399 3581 498 3636 τοῦ
535 3579 772 3649 Πατρδς,
808 3577 969 3640 ἀλλὰ,
1014 3595 1032 3628 ι
1083 3575 1243 3630 Κατά
1285 3574 1346 3634 τὸ
1381 3573 1622 3644 Θέλημα,
1662 3590 1678 3622 ι
1724 3589 1849 3624 του-

254 3677 441 3740 τέστι,
480 3674 581 3745 τὴν
625 3671 892 3726 εὐδοκίαν.
955 3668 1138 3723 Εἰπὼν
1175 3668 1233 3721 δὲ
1292 3667 1511 3737 Πατέρα
1563 3665 1719 3735 ἡμῶν
1757 3664 1848 3718 τὸν

257 3769 425 3830 Θεὸν,
457 3765 621 3820 πάλιν
663 3761 760 3816 τοῦ
793 3759 1086 3831 εὐεργέτου
1129 3757 1539 3828 ὑπομιμνήσκει
1576 3754 1846 3826 Χριστοῦ,

255 3859 320 3921 ὃς
347 3857 446 3910 τὸν
487 3853 652 3909 αὐτοῦ
695 3852 941 3923 Πατέρα,
989 3852 1085 3904 καὶ
1125 3850 1283 3921 ἡμῶν
1324 3851 1546 3921 Πατέρα
1595 3849 1845 3920 ἐποίησε.

256 3947 394 4010 Πῶς
425 3940 522 4000 οῦν
553 3943 742 3998 τούτου
775 3941 1113 4010 ἀφίστασθες

343 4057 365 4091 ‹
407 4031 482 4108 Ὦ
506 4038 538 4106 ἡ
562 4036 686 4102 δόξα
712 4037 791 4098 εἰς
811 4035 935 4097 τοὺς
962 4033 1166 4097 αἰῶνας
1187 4033 1556 4100 τῶνναίώνων.
1595 4031 1789 4102 ’Λμὴν.
1821 4048 1842 4084 ι

258 4128 526 4199 Οὐδαμοῦ
552 4126 786 4197 ἀλλαχοῦ
811 4128 870 4180 ὲν
908 4125 1220 4196 προοιμίοις
1244 4124 1326 4186 τὸ,
1363 4144 1379 4176 ι
1429 4124 1627 4194 Ἀμὴν,
1664 4144 1682 4176 ι
1712 4122 1846 4189 θείς,

257 4221 508 4278 ἐνταῦθα
533 4220 746 4274 τέθεικε
769 4236 783 4252 ·
814 4219 1032 4282 δεικνὺς
1062 4219 1145 4271 ὅτι
1193 4221 1219 4272 ὁ
1246 4217 1405 4286 λόγος
1439 4215 1845 4289 ἀπηρτισμένος

259 4315 420 4370 ἐστὶν
451 4312 625 4384 αὐτῷ,
659 4313 756 4366 καί.
783 4310 918 4382 πρὸς
950 4312 1049 4381 τὴν
1087 4311 1424 4381 κατηγορίαν
1453 4309 1563 4363 τῶν
1593 4308 1849 4363 Γαλατῶν

260 4407 434 4462 ἰκανά
467 4405 534 4458 τὰ
563 4403 867 4474 εἰρημένα·
904 4404 996 4456 καὶ
1047 4403 1157 4472 γὰρ
1191 4403 1513 4472 ἀναμνήσας
1541 4402 1649 4472 τῶν
1702 4401 1844 4470 ἀφά-

255 4513 376 4552 των
399 4494 497 4548 τοῦ
524 4492 658 4546 Θεοῦ
686 4491 1038 4562 εὐεργεσιῶν,
1074 4490 1134 4556 ἐξ
1157 4485 1233 4544 ὧν
1256 4491 1642 4562 κατεκρίνοντο
1675 4487 1843 4558 οὗτοι,

257 4587 529 4658 ἀφιέντες
578 4585 668 4638 τὸν
716 4585 1158 4654 εὐεργετήσαντα
1183 4584 1227 4617 ⁸⁵
1265 4584 1541 4654 Χριστόν·
1595 4580 1713 4636 εἶτα
1758 4585 1849 4638 ἐκ·

257 4679 500 4748 πλαγείς
528 4678 752 4742 ταύτας,
780 4677 876 4730 καὶ
921 4675 1118 4747 μηκέτι
1167 4677 1336 4746 μηδὲν
1385 4676 1685 4746 δυνάμενος
1719 4675 1848 4729 ἄλλο

257 4779 398 4845 περί
432 4771 611 4827 αὐτῶν
641 4769 897 4836 ἐξειπεῖν,
932 4771 1016 4832 εἰς
1043 4769 1356 4839 δοξολογίαν
1386 4768 1702 4822 κατακλείει
1754 4769 1847 4823 τὸν

255 4868 449 4936 λόγον.

343 4979 364 5011 c
404 4955 682 5028 Θαυμάζω
704 4958 786 5011 ὅτι
810 4953 953 5010 οὑτω
982 4953 1194 5024 ταχέως
1222 4952 1576 5024 μετατίθεσθε
1613 4953 1721 5006 ἀπὸ
1753 4951 1853 5006 τοῦ

257 5050 602 5113 καλέσαντος
654 5049 798 5120 ὑμᾶς
851 5048 910 5102 ἐν
959 5046 1144 5118 χάριτι
1186 5043 1446 5116 Χριστοῦ.
1497 5063 1516 5096 ›
1566 5043 1849 5098 Δείκνυσιν

261 5141 354 5198 ὅτι
398 5140 642 5211 μεγάλην
669 5139 792 5211 τινα
819 5138 1089 5209 ὑπόληψιν
1139 5137 1271 5208 περί
1313 5136 1493 5190 αὐτῶν
1544 5132 1678 5206 εἶχε.
1713 5137 1851 5190 Θαυ-

264 5233 436 5307 μὰζω
463 5235 595 5305 γὰρ,
626 5232 812 5302 φησὶν,
841 5232 954 5302 εῐγε
990 5234 1150 5304 ὑμεῖς
1180 5231 1232 5286 οἰ
1261 5229 1500 5284 τοσαῦτα
1537 5229 1848 5298 πεπονηκό-

263 5344 368 5390 τες
394 5328 454 5379 ἐν
481 5329 548 5397 τῇ
581 5325 793 5390 πίστει,
824 5324 968 5379 οὑτω
999 5325 1214 5396 ταχέως
1247 5322 1630 5394 μετατίθεσθε..
1658 5323 1762 5375 Δύο
1789 5321 1850 5375 δὲ

261 5421 340 5475 τὰ
383 5417 724 5488 ἐγκλήματα,
739 5417 800 5470 τό
819 5433 901 5484 τε,
943 5435 963 5468 ‹
999 5414 1392 5479 Μετατίθεσθε,
1425 5433 1445 5467 ι
1475 5415 1569 5468 καί
1587 5414 1667 5477 τδ,
1703 5433 1720 5466 ι
1747 5414 1849 5466 Τα-

264 5509 445 5580 χέως·
476 5526 496 5559 ι
528 5506 670 5561 ὥστε
697 5505 832 5577 μηδὲ
857 5505 1047 5577 χρόνου
1081 5506 1288 5560 δεῖσθαι
1325 5505 1451 5568 τούς
1485 5504 1808 5568 ἀπατῶντας
1828 5520 1845 5538 ο

265 5602 410 5672 ὅπερ
437 5599 750 5669 κουφότητα
770 5597 816 5630 ⁵⁸
860 5597 966 5651 τῶν
1016 5597 1477 5668 παραδεχομένων
1526 5595 1843 5664 κατηγορεῖ.

1949 3203 2071 3255 stri.
2110 3219 2128 3252 ι
2166 3199 2300 3265 Quia
2337 3203 2595 3270 putabant
2625 3205 2697 3258 illi
2731 3208 2872 3275 quod
2908 3209 3014 3262 Deo
3045 3225 3150 3264 non
3186 3211 3527 3281 obtempera-

1949 3292 2430 3349 rentdimittentcs
2475 3294 2680 3366 legem,
2720 3300 3082 3367 suspicionem
3130 3316 3320 3357 eorum
3355 3303 3531 3358 corri-

1948 3384 2046 3454 git,
2095 3385 2392 3440 ostendens
2443 3387 2774 3444 voluntatem
2821 3389 2999 3445 Patris
3049 3405 3190 3458 esse,
3242 3393 3384 3462 quod
3432 3408 3528 3462 per

1949 3475 2145 3530 Filium
2177 3477 2555 3533 liberaremur.
2589 3478 2747 3535 Vides
2776 3489 2956 3536 autem
2989 3483 3130 3553 quod
3165 3498 3271 3538 non
3305 3485 3526 3551 dixerit,

1956 3567 2119 3624 Juxta
2152 3573 2464 3624 mandatum
2497 3570 2690 3636 Patris,
2725 3574 2841 3639 sed,
2888 3594 2906 3627 ι
2943 3574 3246 3631 Secundum
3280 3577 3529 3632 volunta-

1951 3670 2082 3727 tem,
2124 3680 2142 3713 ι
2176 3662 2279 3729 hoc
2317 3670 2424 3726 est,
2458 3663 2877 3732 beueplaeitum.
2911 3665 3111 3722 Dicens
3140 3677 3323 3723 autem
3357 3668 3524 3724 Deum

1949 3753 2165 3808 Patrem
2210 3763 2494 3820 nostrum,
2556 3771 2745 3811 rursus
2794 3756 3154 3814 benciactoris
3212 3774 3526 3815 commoue-

1951 3843 2080 3899 facit
2109 3845 2336 3912 Christi,
2367 3847 2459 3917 qui
2490 3846 2703 3902 Patrem
2732 3863 2913 3912 suum,
2957 3858 3199 3904 nostrum
3225 3851 3386 3906 etiam
3420 3851 3525 3906 Pa-

1951 3947 2084 3992 trem
2113 3937 2258 3992 l'ecit.
2289 3939 2390 4005 Qui
2419 3940 2580 4010 igitur
2606 3940 2674 3994 ab
2707 3941 2809 3996 hoc
2837 3941 3108 3996 deﬁcitis?

2021 4028 2187 4088 Vens.
2237 4031 2292 4087 5.
2349 4050 2369 4084 ι
2428 4030 2528 4088 Cui
2584 4032 2753 4103 gloria
2814 4033 2866 4088 iu
2927 4036 3124 4090 saecula
3180 4036 3522 4094 sazculorum.

1949 4119 2144 4176 Amen.
2182 4139 2200 4172 ι
2247 4121 2381 4177 Cum
2419 4137 2685 4189 nusquam
2725 4123 2851 4178 alibi
2880 4125 2932 4178 in
2959 4126 3196 4182 exordiis
3232 4145 3252 4178 ‹
3291 4129 3462 4182 Amen
3502 4147 3519 4180 ι

1951 4212 2215 4282 posuerit,
2247 4213 2336 4268 hic
2368 4214 2541 4283 ponit,
2575 4201 2824 4270 indicans
2853 4219 2996 4286 quod
3041 4233 3219 4272 sermo
3249 4217 3364 4286 ejus
3398 4235 3530 4274 con-

1943 4315 2255 4367 .sumrnatus
2288 4306 2380 4372 sit,
2420 4317 2476 4361 et
2507 4322 2628 4376 qua:
2661 4308 2906 4374 dixisset,
2931 4309 2996 4364 ad
3027 4311 3337 4366 Galatarum
3366 4327 3530 4366 accu-

1953 4396 2218 4450 sationem
2246 4396 2457 4452 abunde
2485 4398 2618 4454 satis
2650 4413 2790 4454 esse.
2829 4397 3042 4453 Etenim
3084 4402 3357 4456 mentione
3385 4402 3525 4458 facta

1951 4489 2398 4543 inenarrabilium
2459 4492 2550 4545 Dei
2605 4491 3014 4559 beneﬁciorum,
3050 4509 3118 4549 ex
3164 4496 3360 4564 quibus
3405 4513 3532 4552 cou-

1950 4582 2352 4637 demnabantur
2389 4583 2487 4649 illi,
2517 4587 2657 4654 quod
2687 4583 2964 4641 Christum
3006 4587 3407 4646 benefactoretn
3444 4593 3530 4647 di-

1952 4674 2264 4740 tnisissent;
2343 4675 2538 4730 deinde
2587 4676 2888 4732 admiratus
2941 4693 3033 4745 ea,
3088 4693 3186 4734 nec
3235 4681 3527 4749 quidquam

1921 4777 1924 4780 λ
1949 4765 2094 4819 aliud
2131 4767 2196 4820 de
2223 4765 2328 4821 illis
2346 4767 2632 4824 enuntiare
2659 4769 2868 4836 valens,
2896 4769 3180 4842 doxologia
3215 4787 3534 4850 sermonem

1949 4858 2171 4913 claudit.

2024 4951 2182 5007 Vens.
2217 4953 2269 5008 6.
2312 4971 2331 5006 ι
2367 4953 2534 5009 Miror
2561 4955 2703 5024 quod
2736 4955 2870 5010 adeo
2892 4956 3002 5012 cito
3037 4955 3426 5011 transferimiui
3457 4959 3539 5010 ab-

1948 5058 2014 5100 eo
2059 5035 2158 5115 qui
2195 5047 2406 5102 vaeavit
2445 5062 2542 5103 vos
2588 5064 2685 5116 per
2721 5049 2954 5118 gratiam
2997 5047 3217 5103 Christi.
3258 5067 3276 5101 ι
3321 5048 3532 5103 Iudicat;

1948 5137 2089 5206 quod
2120 5153 2369 5206 magnam
2399 5137 2466 5193 de
2509 5139 2642 5208 ipsis
2691 5141 2942 5194 habuerit
2987 5139 3316 5209 opinionem.
3358 5140 3541 5196 Miror»

1949 5231 2117 5295 enim,
2154 5230 2348 5300 inquit,
2387 5232 2528 5299 quod
2566 5247 2662 5288 vos
2688 5233 2779 5301 qui
2813 5233 2948 5288 adeo
2988 5234 3042 5286 in
3081 5233 3188 5288 ﬁde
3218 5235 3535 5301 laboraSIis,

1953 5333 2060 5378 tam
2099 5323 2210 5377 cito
2245 5321 2658 5380 transferimini.
2692 5323 2816 5378 Duae
2867 5323 3039 5392 culpae
3079 5335 3233 5388 sunt,
3285 5334 3338 5380 et
3379 5330 3536 5394 quod-

1960 5432 1980 5474 ι
2015 5413 2452 5483 Trausferimiui,
2492 5433 2510 5467 ι
2550 5424 2608 5470 et
2635 5415 2775 5486 quod
2805 5433 2824 5468 ι
2853 5415 2996 5483 Cito,
3031 5435 3049 5470 ι
3089 5427 3146 5471 ut
3177 5433 3246 5472 ne
3282 5428 3539 5490 tempore

1955 5503 2175 5575 quidem
2209 5521 2350 5574 opus
2383 5505 2619 5561 habeant
2658 5507 2982 5578 impostares
3024 5527 3036 5564 :
3075 5509 3215 5579 quod
3245 5510 3530 5567 levitatem

1955 5595 2347 5664 excipientium
2401 5597 2754 5668 impusturam
2804 5599 3171 5670 reprehendit.
3211 5599 3323 5658 Nec
3363 5600 3535 5671 dixit.

1585 5733 1778 5794 Variae
1805 5733 2129 5796 lectiones.

351 5863 396 5896 ⁵³
418 5863 455 5934 ἦ
479 5878 534 5919 o.
608 5861 652 5895 “
679 5861 819 5918 ὥστε
849 5877 903 5919 ο.
981 5864 1024 5896 ³⁸⁸
1055 5860 1347 5932 εὐεργέτην
1373 5878 1424 5916 o.
1512 5860 1556 5893 “
1591 5859 1924 5930 κουφότητος
1957 5875 2008 5915 o.
