3898 6584
408 457 516 523 9ὒ9

1263 455 1847 518 TIIEOPIIYLACTI
1884 455 2300 517 BULGAm/E
2340 454 2699 517 ABCHIEP.
3529 457 3622 520 900

401 569 676 625 'l‘ranslati
728 569 893 648 estis,
944 567 1059 634 sed,
1112 586 1131 619 ι
1185 566 1624 631 Transferimini,
1665 583 1683 617 ι
1738 565 1840 619 hoc
1886 572 1985 627 est,

2096 564 2206 615 Καὶ
2238 564 2337 616 οὐκ
2376 560 2517 626 εἷπε,
2564 559 2895 628 Μετέθεσθε,
2938 559 3096 628 ἀλλὰ,
3136 578 3154 613 ι
3194 560 3576 616 Μετατῖθεσθεο
3613 586 3628 617 ι

398 658 650 714 Nondum
698 662 900 720 credo.
957 676 1055 714 nec
1108 660 1346 714 arbitror
1389 663 1824 714 consummatam
1868 670 1990 712 esse

402 749 669 805 fraudem.
715 753 1009 807 Considera
1043 753 1132 807 hic
1176 752 1527 823 sapientiam.
1562 755 1698 820 Quia
1742 754 1857 822 lege
1897 753 1991 808 de-

405 843 534 896 tenti
590 842 734 898 Patri
786 845 991 899 servire
1044 848 1417 915 putabantur,
1464 846 1511 899 A
1560 845 1742 912 Patre,
1791 848 1986 915 inquit,

405 934 855 1002 transferuntur,
918 938 1009 1009 qui
1063 940 1304 993 animum
1354 940 1457 1010 legi
1511 939 1790 994 adhibent.
1849 938 1987 993 Nam

408 1043 428 1077 ι
474 1027 543 1080 ab
586 1043 673 1094 eo,
718 1047 736 1081 ι
774 1030 970 1098 inquit,
1020 1050 1039 1082 ι
1085 1031 1177 1100 qui
1227 1032 1442 1087 vocavit
1495 1047 1612 1099 vos,
1667 1052 1686 1085 ι
1734 1032 1836 1087 hoc
1882 1042 1986 1096 est,

398 1120 583 1176 l‘atre.
632 1141 651 1174 ι
684 1123 789 1177 Per
820 1124 1051 1192 gratiam
1091 1124 1318 1188 Christi,
1362 1144 1378 1176 ι
1413 1125 1465 1179 id
1500 1133 1601 1190 est,
1636 1134 1694 1179 ut
1725 1125 1989 1195 justiﬁce-

399 1214 530 1267 mini
578 1230 673 1283 per
701 1213 980 1269 Christum
1020 1232 1033 1269 :
1078 1231 1184 1271 non
1235 1231 1299 1270 ex
1350 1218 1627 1286 operibus,
1669 1220 1764 1272 sed
1794 1217 1985 1288 gratia.

396 1302 570 1357 Filius
620 1304 763 1373 enim
810 1304 1031 1358 exhibet
1077 1306 1449 1360 remissionem
1498 1306 1554 1361 in
1590 1308 1781 1378 gratia,
1827 1307 1990 1363 Pater

400 1404 581 1449 autem
619 1397 686 1449 ad
728 1397 865 1451 hanc
897 1407 1075 1452 vocat.

468 1487 639 1543 Vens.
692 1486 746 1542 7.
789 1506 808 1539 ι
860 1488 938 1543 Ad
991 1489 1136 1543 aliud
1171 1491 1544 1563 Evangelium,
1589 1496 1731 1564 quod
1768 1511 1872 1548 non
1908 1504 1988 1549 est

400 1579 568 1644 aliud,
613 1580 714 1633 nisi
753 1590 883 1635 sunt
922 1580 1090 1651 aliqui
1126 1582 1215 1649 qui
1269 1598 1362 1638 vos
1401 1585 1752 1650 conturbant,
1803 1596 1857 1640 et
1898 1602 1989 1640 vo-

402 1668 521 1723 lnnt
558 1680 873 1738 pervertere
920 1671 1270 1743 Erangelium
1321 1675 1551 1730 CliriSti.
1590 1695 1609 1728 ι
1663 1676 1797 1743 Quia
1834 1694 1984 1732 suam

400 1761 754 1830 imposturam
798 1767 1112 1819 seductores
1159 1766 1507 1838 Evangelium
1551 1770 1837 1835 vocabant,
1869 1772 1987 1840 ipse

403 1857 665 1910 adversus
715 1872 911 1911 nomen
963 1857 1086 1911 illud
1132 1873 1414 1928 pugnans,
1467 1859 1584 1914 Non
1636 1872 1740 1925 est,
1789 1862 1982 1932 inquit,

404 1944 548 1999 aliud
610 1945 985 2015 Evangelium,
1042 1957 1407 2018 pratterquain
1467 1952 1607 2019 quod
1666 1955 1982 2023 accepistis.

395 2034 576 2092 Unum
618 2038 762 2091 enim
816 2047 920 2102 est,
973 2047 1178 2094 rectam
1240 2049 1295 2094 et
1351 2040 1618 2096 sinceram
1673 2045 1984 2111 opinionem

399 2130 710 2194 continens,
764 2131 907 2199 quod
943 2146 1046 2201 ego
1085 2132 1370 2201 prredicavi
1403 2148 1418 2188 :
1453 2134 1555 2189 nisi
1587 2136 1697 2206 jam
1736 2137 1844 2192 sint
1893 2139 1983 2205 qui

397 2222 621 2276 turbent
652 2220 838 2275 oculos
872 2223 1176 2277 animarum
1209 2234 1535 2292 vestrarum,
1567 2238 1619 2280 et
1647 2226 1847 2283 faciant
1882 2230 1984 2285 alia

395 2327 498 2383 pro
531 2313 654 2368 aliis
703 2328 954 2379 cernere,
989 2315 1233 2369 volentes
1276 2318 1592 2371 subvertere
1637 2317 1984 2389 Evangelium

395 2404 624 2462 Christi.
671 2406 744 2460 At
791 2409 897 2461 non
949 2416 1119 2461 totum
1171 2406 1523 2478 Evangelium
1573 2412 1985 2480 subvertebant,

395 2511 586 2553 verum
618 2496 955 2565 de,Sabbato
993 2510 1048 2556 et
1085 2501 1513 2557 Circumcisione
1547 2503 1718 2558 solum
1759 2508 1987 2561 manda-

397 2601 508 2645 tum
544 2592 1092 2648 subintroduxerunt.
1175 2595 1428 2650 Attamen
1461 2596 1664 2651 indicat
1694 2599 1837 2667 quod
1872 2599 1988 2653 exi-

394 2697 559 2751 gnum
580 2686 858 2755 quidpiam
884 2700 1167 2756 perperam
1203 2686 1428 2751 factum,
1461 2689 1772 2744 universum
1805 2689 1985 2744 Evan-

395 2775 598 2843 gelintn
668 2777 904 2831 invertat
966 2796 981 2833 :

394 2869 743 2925 numismatis
768 2870 1062 2940 quidquam
1093 2874 1476 2942 amputaverit,
1506 2882 1677 2928 totum
1711 2878 1985 2932 numisma

399 2959 767 3015 adulterinum
798 2962 1056 3017 reddidit.
1089 2962 1329 3020 Observa
1358 2976 1537 3020 autem
1568 2965 1737 3033 istud,
1767 2978 1989 3038 propter

400 3066 501 3107 eos
527 3054 619 3122 qui
651 3055 863 3120 dicunt,
897 3057 1002 3111 huc
1036 3072 1155 3112 esse
1188 3058 1458 3112 modicum
1488 3069 1654 3128 atque
1687 3064 1823 3117 adeo
1852 3078 1985 3118 con-

399 3143 734 3203 donandum.
789 3147 1075 3219 Arripiunt
1125 3159 1306 3204 autem
1350 3151 1451 3206 hoc
1505 3152 1708 3207 dictum
1753 3152 1987 3209 Marcio-

1053 2779 1277 2847 perinde
1334 2780 1503 2851 328
1570 2796 1634 2837 ac
1694 2784 1784 2852 qui
1854 2772 1995 2856 regii

2093 654 2407 719 τουτέστιν,
2443 653 2669 709 Οὐδέπω
2708 651 2982 717 πιστεύω,
3026 652 3151 705 οὐδὲ
3202 652 3434 723 ἡγοῦμαι
3482 656 3634 725 ἀπηρ-

2092 746 2354 816 statuiqu
2381 742 2521 799 εἶναι
2545 746 2645 818 τὴν
2672 746 2911 815 ἀπάτην.
2939 744 3084 817 Ὅρα
3107 744 3163 797 δὲ
3189 745 3399 813 σοφίαν.
3450 745 3635 819 Ἐπειδὴ

2093 835 2188 889 τοῦ
2219 836 2382 905 νόμου
2420 837 2669 907 ἐχόμενοι
2697 877 2712 901 ,
2762 835 2932 908 ᾤοντο
2964 834 3290 904 θεραπεύειν
3315 836 3401 889 τὸν
3432 837 3634 909 Πατέρα,

2094 930 2283 999 φησὶν,
2321 930 2527 983 ὃτιὰπὸ
2555 930 2649 983 τοῦ
2685 929 2902 1001 Πατρδς
2935 928 3313 1001 μετατίθενται
3346 930 3390 982 oi
3420 929 3491 1000 τῷ
3515 931 3638 1003 νόμῳ

2095 1022 2479 1091 προσέχοντες.
2515 1040 2533 1074 ι
2568 1022 2703 1095 Ἀπὸ
2730 1040 2750 1073 ι
2784 1020 2893 1092 γὰρ
2923 1039 2941 1073 ι
2982 1020 3074 1074 τοῦ
3102 1021 3424 1084 καλέσαντος
3452 1022 3592 1091 ὑμᾶς,
3618 1041 3633 1075 ι

2094 1115 2248 1184 φησι,
2270 1114 2537 1178 τουτέστι,
2562 1114 2655 1167 τοῦ
2681 1112 2919 1185 Πατρός.
2958 1132 2977 1165 ι
3017 1112 3109 1166 Ἐν
3136 1113 3316 1184 χάριτι
3343 1114 3587 1184 Χριστοῦ,
3619 1134 3634 1167 ι

2091 1207 2394 1269 τουτέστιν,
2428 1206 2569 1259 ὥστε
2600 1206 2965 1275 δικαιωθῆναι
3019 1206 3125 1258 ὐπὸ
3175 1205 3437 1276 Χριστοῦ,
3478 1206 3567 1260 οὐκ
3595 1208 3641 1275 ἐξ

2091 1300 2288 1372 ἔργων,
2332 1300 2466 1353 ἀλλὰ
2497 1301 2701 1372 χάριτι.
2744 1299 2804 1352 '0
2843 1301 2943 1367 μὲν
2992 1298 3104 1370 γὰρ
3135 1298 3261 1362 Υἱὸς
3316 1297 3530 1370 παρέχει
3561 1301 3641 1370 τὴν

2090 1390 2285 1460 ἇφ;σιν
2312 1392 2371 1444 έν
2403 1393 2586 1461 χάριτι
2605 1405 2618 1420 ·
2643 1392 2671 1443 δ
2698 1391 2753 1442 δὲ
2786 1392 2976 1460 Πατὴρ
3006 1391 3142 1459 πρὸς
3197 1394 3405 1461 ταύτην
3427 1391 3582 1445 καλεῖ.

2168 1502 2187 1533 ι
2234 1483 2324 1547 Εἰς
2356 1483 2550 1553 ἕτερον
2582 1482 2939 1551 Εὐαγγέλιον,
2974 1482 3003 1535 ὃ
3031 1482 3135 1536 οὐκ
3170 1481 3321 1537 εστιν
3348 1481 3488 1545 ἄλλο,
3514 1483 3557 1535 si
3581 1484 3641 1555 μή

2089 1574 2237 1637 τινές
2277 1574 2415 1627 εἰσιν
2462 1576 2511 1627 οἱ
2541 1575 2915 1640 ταράσσοντες
2963 1573 3130 1642 ὑμᾶς,
3157 1576 3251 1626 καὶ
3300 1572 3531 1636 Θέλοντες
3562 1593 3644 1645 με·

2090 1665 2397 1735 ταστρέψαι
2437 1666 2499 1718 τὸ
2545 1665 2882 1733 Εὐαγγέλιον
2925 1666 3021 1717 τοῦ
3058 1664 3324 1735 Χριστοῦ.
3386 1683 3404 1718 ι
3458 1666 3643 1739 Ἐπειδὴ

2093 1758 2193 1825 τὴν
2225 1758 2439 1812 ἑαυτῶν
2474 1759 2694 1828 ἀπάτην
2745 1759 2797 1809 oi
2833 1756 3025 1812 πλάνοι
3067 1757 3404 1826 Εὐαγγέλιοί
3428 1759 3643 1826 ἐκάλουν,

2090 1850 2252 1912 αὐτδς
2313 1851 2407 1904 καὶ
2441 1850 2577 1920 πρὸς
2619 1849 2681 1903 τὸ
2712 1851 2881 1919 δνομα
2917 1850 3175 1922 μάχεται,
3211 1850 3309 1904 καί
3364 1868 3534 1919 φησιν,
3577 1852 3643 1905 ὅτι

2092 1943 2207 1996 Οὐκ
2241 1940 2392 1995 ἔστιν
2444 1942 2573 1996 ἄλλο
2608 1942 2942 2011 Εὐαγγέλιον
2994 1943 3128 2014 παρ’
3170 1943 3198 1996 δ
3250 1942 3570 2015 παρελάδετε
3588 1945 3642 1999 δ’.

2099 2037 2198 2090 Ἓν
2229 2036 2338 2106 γάρ
2369 2036 2485 2088 ἐστι
2514 2035 2572 2088 τὸ
2604 2034 2702 2105 τὴν
2752 2033 3064 2107 δρθοδοξίαν
3093 2035 3357 2106 περιέχον
3389 2035 3457 2100 ⁸⁸,
3488 2034 3513 2087 ὃ
3555 2035 3645 2102 ἐγὼ

2090 2127 2334 2199 ὲκήρυξα
2355 2144 2367 2158 ·
2396 2129 2443 2180 εξ
2472 2127 2547 2197 μὴ
2576 2129 2681 2198 ἄρα
2708 2127 2855 2184 τινὲς
2876 2127 3001 2190 τούς
3023 2126 3342 2197 ὀφθαλμοὺς
3364 2127 3469 2180 τῶν
3488 2126 3647 2199 ψυχῶν

2092 2219 2245 2288 ὐμῶν
2291 2219 2668 2289 ταράσσουσι,
2697 2219 2792 2271 καὶ
2831 2217 2986 2270 ποιοῦ
3005 2234 3090 2270 σιν
3135 2216 3305 2288 ἕτερα
3337 2218 3448 2271 ἀνθ’
3472 2219 3646 2288 ἑτέρων

2090 2312 2247 2382 ορᾷν,
2276 2311 2525 2373 Θέλοντες
2559 2310 2936 2380 μεταστρέψαι
2966 2297 3026 2362 τὸ
3058 2308 3398 2378 Εὐαγγέλιον
3421 2309 3508 2363 τοῦ
3532 2311 3645 2380 Χρι-

2093 2402 2241 2456 στοῦ.
2288 2402 2397 2456 Kal.
2434 2402 2543 2474 μὴν
2576 2403 2675 2473 οὐχ
2722 2401 2842 2455 ὅλον
2883 2403 2944 2455 τὸ
2983 2402 3317 2470 Εὐαγγέλιον
3361 2404 3645 2473 ἀνέτρεπον,

2089 2494 2226 2550 ἀλλὰ
2280 2495 2379 2566 τὴν
2423 2495 2555 2566 περὶ
2605 2493 2699 2548 τοῦ
2750 2493 3030 2548 Σαδὸοἱτου
3083 2495 3321 2566 καὶτῆς
3364 2496 3647 2568 Περιτομῆς

2093 2587 2256 2658 μόνον
2304 2586 2527 2655 ἐντολὴν
2568 2586 2944 2658 παρεισῆγον·
3001 2587 3115 2639 ἀλλ’
3177 2588 3334 2658 ὅμως
3386 2587 3647 2654 δείκνυσιν,

2091 2678 2171 2732 ὅτι
2219 2678 2315 2733 καὶ
2368 2678 2567 2750 μικρὸν
2628 2679 3027 2750 παραποιηθὲν,
3071 2680 3132 2732 τὸ
3177 2680 3303 2733 ὅλον
3349 2678 3649 2749 Εὐαγγὲλιον

2092 2769 2428 2843 ἀνατρέπειο
2471 2770 2664 2843 ὥσπερ
2704 2772 2799 2825 καὶ
2833 2774 2860 2825 ὁ
2900 2772 2992 2825 τοῦ
3026 2771 3314 2843 βασιλικοῦ
3347 2771 3648 2844 νομίσματος

2095 2863 2295 2934 μικρόν
2320 2880 2371 2916 τι
2401 2863 2730 2936 περικόψας,
2756 2864 2816 2917 τὸ
2847 2865 2967 2918 ὅλον
3002 2865 3247 2935 νόμισμα
3278 2864 3525 2936 κίϐδηλον
3553 2865 3649 2936 sip-

2090 2956 2321 3025 γάσατο.
2363 2957 2684 3028 Σημείωσαι
2717 2957 2773 3011 δὲ
2801 2957 2981 3021 τοῦτο,
3010 2958 3100 3011 διὰ
3122 2958 3251 3022 τοὺς
3282 2959 3556 3027 λέγοντας,
3581 2959 3649 3011 ὅτι

2088 3049 2209 3102 τόδε
2240 3052 2442 3120 μικρόν
2476 3051 2594 3104 ἐστι
2644 3052 2739 3105 καὶ
2776 3052 3181 3122 συγχωρητέον.
3237 3052 3565 3123 Δράσσονται
3602 3050 3650 3105 δὲ

2089 3139 2184 3194 τοῦ
2221 3141 2388 3212 ῥητοῦ
2444 3145 2493 3197 oi
2545 3144 3002 3214 Μαρκιωνισταὶ,
3053 3146 3146 3199 καί
3194 3161 3388 3212 φασιν,
3428 3144 3649 3199 ἐντεῦθεν

394 3236 576 3302 ιιῑειω,
610 3248 921 3293 asserentes
968 3240 1092 3295 hinc
1138 3255 1245 3294 non
1295 3251 1563 3311 quatuor,
1620 3240 1715 3298 sed
1765 3245 1984 3299 unicum

2093 3232 2203 3288 δεῖν
2241 3235 2317 3307 μὴ
2350 3236 2418 3289 τὰ
2462 3236 2731 3310 τέσσαρα,
2767 3235 2885 3292 ἀλλ’
2928 3237 2986 3290 ἓν
3027 3238 3282 3309 δέχεσθαι
3322 3237 3647 3307 Εὐαγγέλιον,

395 3324 755 3399 Evangelium
781 3330 1199 3395 admittendmn,
1232 3333 1373 3402 quod
1411 3332 1512 3403 ipsi
1539 3348 1732 3404 nempe
1757 3337 1988 3391 confuse

394 3424 451 3470 et
485 3418 734 3474 mutilate
789 3429 1234 3490 composuerunt.
1288 3420 1428 3477 Ecce
1480 3422 1649 3489 enim,
1708 3424 1985 3494 inquiunt,

396 3502 600 3561 Pa‘ulns
633 3509 851 3563 unicum
886 3509 1236 3580 Evangelinm
1263 3527 1385 3567 esse
1419 3513 1571 3569 dicit.
1604 3514 1808 3585 Ecquid
1842 3515 1988 3571 hoc?

396 3598 533 3654 Nam
564 3609 617 3655 et
649 3615 748 3656 nos
774 3611 1008 3672 quatuor
1038 3618 1205 3657 unum
1236 3604 1489 3668 dicimus,
1526 3606 1827 3661 secundum
1855 3621 1990 3663 con-

393 3700 616 3745 centum
667 3693 946 3750 nimirum.
999 3693 1185 3764 Neque
1235 3696 1378 3750 enim
1429 3694 1715 3754 Paulusde
1759 3714 1986 3758 numero

394 3796 543 3836 nunc
574 3781 726 3849 dicit,
758 3799 946 3839 verum
995 3784 1063 3839 de
1110 3785 1473 3842 dissonantia.
1512 3786 1648 3855 Quia
1697 3790 1841 3845 enim
1879 3790 1987 3848 dis-

392 3882 553 3929 sunat
581 3873 935 3943 impostorum
968 3875 1297 3945 prmdieatio,
1330 3878 1453 3934 ideo
1488 3894 1591 3935 non
1620 3891 1699 3937 est
1732 3881 1982 3956 Evange-

392 3966 554 4031 lium,
584 3975 643 4021 ut
680 3969 724 4022 si
754 3981 1105 4035 consonaret,
1139 3982 1288 4025 esset
1334 3972 1709 4043 Evangeliutn,
1743 3975 1846 4032 hoc
1877 3986 1979 4046 est,

394 4059 714 4129 praedicatio
735 4061 1053 4130 apostolica.
1081 4061 1317 4119 Proinde
1344 4065 1799 4123 manifestissime
1829 4083 1985 4142 nugae

391 4160 521 4205 sunt
559 4165 681 4220 qua:
719 4149 961 4207 Marcion
995 4152 1082 4209 hic
1110 4153 1338 4224 profert.

465 4238 632 4295 Vens.
684 4240 741 4297 8.
793 4258 814 4294 ι
866 4240 975 4297 Sed
1019 4242 1145 4299 licet
1184 4260 1306 4312 nos,
1343 4256 1436 4302 aut
1485 4250 1708 4321 angelus
1749 4252 1814 4308 de
1845 4254 1983 4311 coelo

392 4331 732 4402 cvangelizet
757 4331 908 4388 vobis
932 4343 1295 4406 praeterquam
1323 4340 1467 4407 quod
1493 4342 1982 4413 evangelizavimus

394 4426 574 4492 vobis,
628 4427 918 4483 anathema
952 4429 1044 4486 sit.
1091 4447 1111 4483 ι
1158 4429 1238 4486 Ne
1271 4434 1395 4503 quis
1444 4434 1591 4489 dicat
1632 4438 1775 4506 quod
1818 4441 1986 4494 ambi-

398 4519 545 4574 tione
576 4519 792 4584 ductus,
825 4536 924 4577 sua
952 4521 1205 4593 dogmata
1229 4523 1422 4595 jactat,
1455 4527 1694 4597 seipsum
1728 4529 1980 4589 devovet.

2088 3325 2117 3379 ὃ
2156 3328 2310 3381 αὐτοὶ
2360 3328 2683 3400 συγχέοντες
2744 3328 2820 3402 [Ῑ.
2871 3329 3066 3403 χέαν.]
3123 3330 3223 3385 καὶ
3280 3329 3649 3401 περικόψαντες

2091 3417 2420 3489 συνέθηκαν.
2452 3418 2589 3473 Ἰδοὺ
2613 3419 2745 3492 γὰρ,
2778 3421 2964 3491 φασὶν,
2989 3423 3017 3476 ὀ
3044 3420 3258 3485 Παῦλος
3288 3420 3350 3476 ἓν
3367 3417 3501 3476 εἶναι
3523 3420 3647 3489 λέγει

2087 3508 2438 3578 Εὐαγγέλιον.
2490 3511 2598 3566 Καὶ
2645 3513 2698 3566 τί
2726 3512 2930 3581 τοῦτο;
2965 3513 3076 3567 Καὶ
3124 3515 3291 3584 ἡμεῖς
3331 3512 3402 3568 τὰ
3433 3514 3644 3582 τέσσαρα

2086 3602 2145 3656 ἓν
2174 3599 2314 3658 εἶναι
2342 3604 2595 3677 λέγομεν,
2625 3607 2769 3661 κατά
2803 3623 2868 3677 γε
2898 3607 3001 3677 τὴν
3030 3607 3357 3676 συμφωνξαν
3376 3621 3391 3637 ·
3422 3606 3534 3660 οὐδὲ
3556 3606 3644 3677 γὰρ

2086 3695 2302 3763 Παῦλος
2325 3699 2451 3770 περὶ
2473 3698 2710 3770 ἀριθμοῦ
2726 3700 2874 3770 λέγει
2892 3697 3012 3764 νῦν,
3042 3699 3179 3753 ἀλλὰ
3211 3700 3343 3771 περὶ
3364 3699 3645 3770 διαφωνίας.

2086 3787 2233 3843 Διότι
2269 3789 2404 3862 γὰρ,
2434 3790 2593 3863 φησὶ,
2620 3791 2884 3860 διαφωνεῖ
2909 3790 2971 3845 τδ
3001 3790 3111 3845 τῶν
3140 3791 3362 3845 πλάνων
3394 3793 3646 3864 κήρυγμα,

2085 3879 2174 3933 διὰ
2201 3880 2360 3936 τοῦτο
2384 3882 2484 3936 οὐκ
2512 3882 2660 3937 ἐστιν
2684 3883 3041 3952 Εὐαγγέλιον,
3075 3882 3149 3947 ὠς
3177 3883 3231 3937 εἴ
3256 3900 3323 3951 γε
3356 3883 3645 3953 συνεφὼνει,

2087 3967 2157 4045 ἦν
2191 3974 2257 4029 ἂν
2292 3975 2650 4045 Εὐαγγέλιον,
2686 3980 2955 4043 τουτέστι,
2994 3982 3259 4049 κήρυγμα
3297 3978 3646 4033 ἀποστολικόν.

2088 4066 2255 4122 Ὥστε
2288 4069 2529 4143 φλυαρία
2565 4070 2744 4144 σαφὴς
2774 4070 2843 4125 τὰ
2864 4071 2958 4125 τοῦ
2988 4072 3341 4143 Μαρκίωνος.

2163 4268 2183 4304 ι
2236 4251 2399 4308 Ἀλλὰ
2439 4255 2544 4309 κᾶν
2574 4255 2757 4326 ἡμεῖς,
2802 4257 2833 4326 ἢ
2883 4255 3119 4326 ἄγγελος
3150 4256 3210 4322 ἐξ
3240 4255 3475 4328 οὐρανοῦ
3505 4257 3647 4324 εὐαγο

2086 4334 2363 4414 γελίζηται
2400 4346 2530 4416 ὑμῖν
2566 4346 2696 4417 παρ’
2731 4346 2759 4401 ὃ
2802 4347 3279 4420 εὐηγγελισάμεθα
3329 4349 3458 4418 ὑμῖν
3480 4389 3495 4413 ,
3535 4346 3646 4401 ἀνά·

2089 4435 2233 4506 θεμα
2263 4437 2422 4494 ἔστω.
2456 4458 2478 4488 ι
2515 4439 2634 4492 Ἵνα
2671 4440 2745 4509 μή
2793 4456 2880 4505 τις
2921 4439 3074 4512 εῖπη.
3118 4440 3200 4494 δτι
3239 4439 3329 4493 διὰ
3377 4436 3647 4509 φιλοδοξίαν

2086 4527 2155 4579 τὰ
2198 4528 2373 4581 οἰκεῖα
2409 4530 2702 4600 συγκροτεῖ
2731 4528 3011 4598 δόγματα,
3045 4530 3142 4583 καὶ
3181 4529 3372 4582 ἑαυτὸν
3402 4527 3646 4595 ἀναθεμα-

394 4610 536 4678 Quia
558 4625 685 4667 vero
712 4613 779 4667 ad
803 4615 1181 4670 auctoritatem
1206 4625 1260 4671 et
1283 4618 1601 4689 dignitatem
1629 4636 1984 4690 personarum

2093 4617 2253 4683 τίζει.
2292 4618 2514 4691 Ἐπειδὴ
2546 4619 2602 4673 δὲ
2631 4622 2728 4674 καὶ
2762 4622 2842 4686 εἰς
2874 4619 3164 4691 ἀξιώματα
3195 4621 3543 4691 κατέφευγον,
3570 4617 3647 4671 καὶ

393 4703 808 4777 confugiebant,
860 4721 924 4762 ac
965 4707 1185 4763 Petrum
1239 4725 1361 4764 cum
1420 4712 1553 4777 suis,
1608 4723 1664 4769 et
1715 4712 1979 4772 Jacobum

395 4798 768 4868 proferebant,
802 4813 921 4854 eam
956 4798 1027 4855 ob
1062 4815 1280 4857 causam
1312 4803 1627 4873 angelorum
1660 4807 1826 4863 etiam
1870 4825 1985 4866 me-

396 4890 575 4947 minit.
609 4889 822 4962 Adjecit
863 4902 1068 4958 autem,
1098 4910 1118 4944 ι
1156 4890 1232 4947 De
1271 4894 1442 4959 coelo,
1484 4912 1503 4947 ι
1540 4898 1980 4970 quandoquidem

394 4991 451 5038 et
481 4983 794 5040 sacerdotes
818 4984 993 5054 angeli
1020 4986 1375 5041 vocabantur.
1401 4985 1481 5042 Ne
1504 4988 1674 5057 igitur
1704 4991 1771 5047 de
1803 5009 1985 5050 sacer-

398 5075 616 5131 dotibus
657 5076 771 5130 baac
818 5075 924 5131 dici
971 5085 1150 5147 putes,
1200 5077 1323 5132 coeli
1372 5079 1984 5153 appositioneﬁsnperas

397 5169 671 5240 potentias
700 5166 1052 5238 signiﬁcavit.
1097 5166 1210 5223 Nec
1248 5168 1411 5233 dixit,
1451 5169 1508 5223 Si
1537 5172 1812 5227 contraria
1846 5190 1985 5243 pra)-

397 5261 601 5326 dicent,
664 5258 793 5327 Sed,
851 5258 909 5314 Si
942 5275 1130 5328 parum
1185 5258 1440 5328 quiddam
1485 5263 1812 5319 annuntient
1846 5282 1986 5337 pra;-

395 5362 481 5409 ter
522 5352 578 5407 id
624 5356 765 5422 quod
810 5350 1273 5409 annuntiavimus.
1318 5348 1422 5405 Per
1474 5352 1580 5406 hoc
1624 5353 1791 5423 igitur
1839 5358 1984 5425 quod

395 5443 616 5515 angelos
666 5444 1108 5508 anathematizat,
1138 5456 1355 5497 omnem
1387 5444 1768 5501 auctoritatem
1797 5448 1981 5519 ejicit;

397 5534 540 5603 quod
585 5548 714 5589 vero
761 5535 1019 5605 seipsum,
1062 5547 1282 5587 omnem
1325 5535 1665 5591 societatem.
1711 5536 1791 5593 Ne
1834 5541 1979 5596 enim

399 5623 532 5681 mibi
561 5623 736 5690 dicas,
773 5622 854 5678 En
894 5621 1189 5692 conpostoli
1231 5622 1306 5678 tui
1339 5622 1613 5680 diversum
1643 5629 1981 5700 praedicant;

2086 4710 2214 4773 τοὺς
2237 4712 2365 4781 περὶ
2397 4711 2603 4782 Πέτρον
2628 4711 2837 4782 προέφε
2849 4727 2939 4780 ρον
2969 4713 3062 4764 καὶ
3087 4709 3346 4767 Ίάκωσον
3367 4726 3381 4738 ·
3410 4707 3493 4761 διὰ
3514 4704 3647 4759 τοῦτο

2089 4801 2186 4856 καὶ
2214 4802 2466 4871 ἀγγέλων
2517 4802 2789 4873 ἐμνήσθη.
2827 4800 3147 4871 Προσέθηκε
3179 4799 3237 4853 δὲ
3276 4801 3365 4866 τὸ,
3407 4816 3427 4850 ι
3456 4798 3541 4863 Ἐξ
3571 4797 3648 4849 οὐ-

2092 4894 2282 4967 ρανοῦ,
2321 4914 2340 4947 ι
2377 4895 2569 4966 ἐπειδὴ
2604 4895 2702 4949 καὶ
2743 4895 2793 4947 οἱ
2840 4896 3007 4965 ἱερεῖς
3031 4933 3046 4959 ,
3091 4892 3317 4963 ἄγγελοι
3359 4889 3645 4946 ἐκαλοῦντο.

2093 4986 2211 5040 Ἵνα
2247 4984 2379 5056 γοῦν
2414 4987 2488 5057 μὴ
2536 4985 2666 5056 περὶ
2709 4984 2903 5056 ἱερέων
2957 4982 3241 5057 ὑπολάδῃς
3274 4980 3549 5050 λέγεσθαι,
3589 4979 3644 5046 τῇ

2090 5078 2187 5134 τοῦ
2218 5077 2451 5150 οὐρανοῦ
2486 5077 2781 5150 προσθήκῃ
2821 5074 2920 5138 τὰς
2969 5076 3084 5130 ἄνω
3112 5073 3369 5144 δυνάμεις
3414 5070 3644 5139 ἐδήλωσε.

2092 5172 2204 5226 Καὶ
2248 5173 2348 5226 οὐκ
2391 5166 2567 5235 εἶπεν,
2621 5170 2704 5223 ὅτι
2758 5169 2887 5221 Ἐὰν
2935 5166 3153 5220 ἐναντία
3200 5161 3640 5229 utensilium.

2095 5260 2249 5327 ἀλλὰ,
2272 5260 2393 5315 Κᾶν
2426 5260 2623 5330 μικρόν
2646 5276 2701 5313 τι
2733 5254 3217 5326 εὐαγγελίζωνται,
3246 5250 3417 5324 παρ“ὃ
3438 5250 3646 5317 εὐηγγε·

2089 5354 2385 5425 λισάμεοα.
2423 5352 2525 5406 Διὰ
2554 5353 2654 5423 μὲν
2693 5346 2787 5405 οὖν
2817 5348 2836 5423 [
2855 5351 2893 5420 f.
2930 5348 3056 5402 add.
3087 5345 3226 5419 τοῦ]
3257 5338 3645 5439 τους-ἀγγέλους

2088 5446 2524 5517 ἀναθεματίσαι,
2573 5446 2681 5498 πᾶν
2717 5442 2936 5512 ἀξίωμα
2999 5438 3287 5493 ἐκϐάλλειν
3333 5432 3420 5490 διὰ
3467 5431 3523 5485 δὲ
3562 5431 3643 5480 τοῦ

2090 5541 2307 5607 ἑαυτὸν,
2341 5540 2524 5593 πᾶσαν
2559 5536 2894 5604 οἰκειότητα.
2957 5532 3051 5604 Μὴ
3085 5532 3197 5604 γάρ
3246 5548 3335 5601 μοι
3375 5526 3544 5594 εἴπῃς.
3576 5520 3643 5573 ὅτι

2089 5636 2153 5691 0i
2181 5633 2570 5691 συναπόστολοῑ
2603 5650 2698 5688 σου
2730 5628 3095 5705 κηρύττουσιν
3123 5626 3320 5693 ἕτεραι
3348 5620 3462 5675 οὐδὲ
3490 5621 3640 5687 ἐμαν-

1712 5771 1912 5838 Varim
1972 5777 2300 5843 lectiones.

472 5898 518 5932 "
550 5896 683 5969 mp‘
707 5896 846 5969 ὅπερ
870 5895 1028 5954 me.
1057 5911 1113 5954 ο.
1193 5894 1253 5982 “V
1295 5893 1535 5969 παρέχον
1573 5913 1630 5957 o.
