3898 6576
260 386 373 451 961

1078 388 1490 459 Ε’ΧΡΟΞΙΤΙΟ
1529 392 1614 456 ΙΝ
1654 392 1896 455 EPIST.
1935 393 2038 456 AD
2078 396 2348 459 GALAT.
2385 424 2456 436 --
2493 397 2651 461 CAP.
2696 398 2746 463 Ι.

3441 395 3551 464 962

263 502 366 555 τοῦ
418 500 671 573 φείδομαι
709 500 873 574 ἕτερα
906 502 1297 575 κηρύσσοντος.
1351 506 1468 578 Οὐχ
1508 506 1583 570 ὡς
1623 525 1858 579 καταγι-

1976 522 2030 563 ne
2060 508 2196 565 mihi
2227 510 2326 582 ipsi
2373 511 2591 582 quidem
2639 527 2804 584 parco
2840 513 2943 569 alia
2973 513 3042 569 ab
3082 510 3168 567 his
3200 510 3544 581 prmdicanti.

264 594 498 649 νώσκων
532 596 589 649 δὲ
619 596 728 650 τῶν
771 598 1091 652 ἀποστόλων
1122 598 1299 653 ταῦτά
1329 617 1515 672 φησιν,
1554 601 1690 656 ἀλλά
1732 600 1859 671 βου-

263 686 501 759 λόμενος
529 690 851 764 ἀπορράψαι
899 693 968 746 τὰ
1018 693 1266 764 στόματα
1311 694 1421 748 τῶν
1472 694 1713 760 πλάνων,
1765 693 1861 748 καὶ

261 781 466 846 δεῖξαι,
500 784 583 837 ὅτι
609 783 831 856 ἀξίωμα
857 783 920 838 ού
952 786 1272 858 προσίεται,
1318 787 1450 841 ὅταν
1487 786 1517 838 ὁ
1541 785 1700 855 λόγος
1727 784 1860 855 περὶ

260 875 361 944 δογ
372 878 564 947 μάτων

344 988 365 1020 ι
422 967 511 1032 Ὧς
542 969 980 1041 προειρήκαμεν,
1014 970 1108 1023 καὶ
1132 968 1259 1040 ἀρτι
1293 969 1456 1024 πάλιν
1482 970 1655 1040 λέγω·
1688 968 1859 1034 Εἴτις

264 1060 422 1131 ὑμᾶς
464 1060 883 1130 εὐαγγελίζεται
921 1063 1056 1133 παρ’
1093 1061 1122 1115 ὃ
1168 1062 1516 1132 παρελάϐετε
1540 1102 1555 1127 ,
1608 1062 1861 1133 ἀνάθεμα

260 1151 436 1206 ἔστω.
484 1170 506 1204 ι
548 1152 669 1207 Ἵνα
721 1152 798 1224 μὴ
836 1152 1137 1223 νομίσωσιν
1184 1153 1294 1206 ἀπὸ
1320 1152 1533 1223 θυμοῦ,
1580 1156 1677 1208 κα)⁴
1718 1155 1861 1208 κατά

262 1246 636 1319 συναρπαγὴν
669 1245 845 1300 ταῦτα
877 1246 1055 1301 εἰπεῖν
1087 1246 1275 1312 αὑτὸν,
1305 1245 1561 1318 δεύτερον
1600 1248 1742 1301 αύτά
1782 1247 1862 1302 τί-

259 1338 419 1408 θησι,
452 1338 668 1402 δεικνὺς
693 1339 775 1392 ὅτι
799 1338 898 1391 οὐκ
929 1338 1194 1407 ἀκρίτως,
1224 1338 1360 1393 ἀλλὰ
1387 1337 1623 1409 βεϐαίως
1646 1341 1740 1393 καὶ
1764 1357 1865 1393 παι

256 1429 402 1497 γίως
439 1428 695 1501 κυρώσας
720 1428 897 1484 ταῦτα
949 1428 1082 1502 παρ’
1114 1431 1297 1501 ἐαυτῷ
1320 1431 1392 1496 δ’,
1425 1430 1600 1497 οὕτως
1639 1434 1862 1503 ἀπεφή-

257 1539 424 1577 νατο.
730 1590 731 1593 η

339 1634 360 1668 α
416 1617 579 1687 Ἀρτι
617 1618 727 1690 γάρ
767 1616 1091 1690 ἀνθρώπους
1142 1616 1337 1684 πείθω,
1393 1616 1426 1690 ἢ
1479 1617 1569 1672 τὸν
1611 1619 1775 1686 Θεόν;
1826 1620 1859 1692 ἦ

257 1708 423 1781 ζητῶ
454 1709 764 1782 ἀνθρώποις
788 1711 1086 1783 ἀρέσκειν;
1123 1729 1142 1763 ι
1179 1711 1383 1767 Μέλλει
1416 1713 1861 1784 ἀπολογήσασθαι

1961 602 2078 658 Non
2129 612 2307 659 autem
2343 607 2486 674 quod
2517 606 2791 676 apostolos
2823 609 3178 673 condenmet,
3215 605 3332 660 haec
3366 602 3551 674 loqui--

1964 703 2091 761 tur;
2140 695 2234 748 sed
2281 694 2465 751 volens
2498 698 2781 751 obstruere
2826 712 2922 753 ora
2971 698 3342 761 seductorum,
3385 704 3549 763 atque

1963 797 2270 843 monstrare
2302 789 2443 855 quod
2495 791 2882 845 auctoritatem
2931 806 3038 846 non
3068 788 3304 844 admittit
3330 787 3549 858 quando

1961 879 2030 934 de
2069 880 2410 948 dogmatibus
2441 884 2497 935 lit
2529 897 2729 939 sermo.

2037 969 2201 1025 Vens.
2247 970 2301 1026 9.
2356 989 2377 1024 ι
2439 971 2590 1027 Sicut
2638 975 3009 1043 pra-diximus,
3061 983 3117 1028 et
3155 988 3299 1029 nunc
3349 972 3549 1028 iterum

1964 1063 2083 1118 dico
2116 1085 2130 1118 :
2165 1064 2220 1117 Si
2251 1066 2375 1134 quis
2408 1065 2559 1119 vobis
2586 1068 3049 1138 evangelizaverit
3070 1072 3290 1136 jpraeter
3321 1066 3371 1119 id
3404 1063 3549 1133 quod

1964 1160 2273 1229 accepistis,
2307 1159 2597 1213 anathema
2631 1159 2723 1215 sit.
2767 1178 2785 1211 ›
2816 1159 2894 1213 Ne
2943 1138 3277 1214 arbitrentur
3314 1174 3436 1213 eum
3480 1154 3550 1211 ab

1966 1252 2068 1318 ira,
2097 1264 2189 1306 aut
2219 1253 2401 1306 animo
2428 1262 2739 1321 correptum
2769 1255 2881 1308 htec
2908 1254 3109 1315 dicere,
3142 1265 3330 1305 rursus
3355 1249 3547 1302 eadem

1963 1347 2134 1416 ponit,
2172 1346 2418 1400 indicans
2457 1346 2602 1416 quod
2635 1361 2738 1400 non
2767 1347 2901 1398 citra
2929 1345 3218 1415 judicium,
3246 1343 3340 1398 sed
3376 1339 3550 1395 ﬁrmi-

1967 1450 2048 1495 ter
2070 1440 2317 1495 etsolide
2347 1440 2486 1510 apud
2516 1454 2574 1494 se
2605 1440 2706 1492 ista
2738 1447 3008 1501 statuens,
3043 1438 3115 1492 ita
3147 1436 3368 1491 dixerit.

2037 1617 2199 1671 Vens.
2234 1619 2323 1670 tu.
2380 1634 2399 1667 ι
2458 1617 2615 1671 Modo
2659 1617 2803 1670 enim
2861 1615 3440 1683 hominibus'suadeo,
3480 1631 3548 1672 an

1964 1707 2119 1763 Deo?
2149 1720 2244 1763 ant
2294 1722 2475 1777 qner
2510 1707 2821 1762 hominibus
2870 1706 3129 1777 placere?
3160 1726 3179 1759 ι
3227 1707 3554 1790 Defensurus

257 1803 397 1872 περὶ
431 1796 506 1855 ὧν
535 1802 878 1872 ἐγκαλεῖται.
913 1806 1030 1858 Ἵνα
1057 1805 1239 1858 τοίνυν
1266 1804 1343 1876 μὴ
1367 1805 1682 1874 ὲπαρθῶσιν
1709 1808 1862 1860 αὐτοὶ

1976 1810 2051 1853 est
2082 1814 2143 1852 ea
2177 1813 2405 1867 quorum
2438 1813 2604 1853 causa
2630 1809 2939 1861 accusatur.
2973 1796 3050 1852 Ne
3083 1798 3250 1869 igitur
3286 1799 3390 1869 ipsi
3418 1799 3552 1856 επε-

255 1870 349 1955 ὼς
376 1890 463 1962 τῷ
508 1870 817 1964 διδασκάλῳ
851 1893 1172 1959 δικάζοντες
1195 1934 1209 1957 ,
1261 1870 1428 1965 ᾦησίο
1481 1870 1579 1965 Μὴ
1611 1894 1862 1966 νομίζετε

1976 1900 2182 1955 rantur,
2214 1890 2377 1943 Veluti
2414 1891 2734 1960 praeceptori
2771 1891 2863 1961 jus
2894 1889 3138 1943 dicentes
3180 1906 3195 1942 :
3239 1888 3317 1944 Ne
3348 1891 3553 1961 cogite-

257 1984 343 2038 ὅτι
375 1985 518 2056 ὑμῖν
570 1986 988 2058 ἀπολογοῦμαι,
1037 1986 1070 2058 ἢ
1110 1989 1254 2058 ὑμᾶς
1291 1988 1443 2057 ζητῶ
1478 1990 1687 2054 πεῖσαι,
1729 1987 1865 2042 ἀλλά

257 2078 413 2147 πρὸς
443 2078 536 2133 τὸν
568 2078 701 2133 Θεόν
747 2096 838 2149 μοι
868 2082 895 2132 ό
946 2082 1057 2144 πᾶς
1103 2080 1283 2149 λόγος.
1329 2079 1496 2134 Ὅθεν
1532 2081 1653 2134 οὐδὲ
1692 2081 1865 2136 ταῦτα

255 2170 494 2240 γράφω,
522 2172 622 2242 τῆς
660 2171 793 2243 παρ’
826 2173 957 2243 ύμῖν
982 2174 1271 2243 ἐφιέμενος
1298 2174 1482 2246 δόξης,
1517 2177 1613 2229 καὶ
1644 2176 1730 2229 ἵνα
1758 2194 1865 2247 μα-

259 2262 445 2332 θητάς
480 2263 697 2335 ἔχοιμι,
741 2264 881 2319 ἀλλὰ
929 2266 1007 2336 τῷ
1056 2266 1177 2338 Θεῷ
1230 2267 1672 2338 ἀπολογούμενος
1724 2270 1864 2341 ὑπὲρ

257 2353 377 2406 τῶν
419 2353 733 2426 δογμάτων,
763 2357 860 2411 καὶ
888 2357 989 2410 ούκ
1030 2356 1342 2428 ἀνθρώποις
1372 2358 1636 2431 ἀρέσκειν
1669 2358 1881 2415 θέλων.¹

264 2445 337 2498 Ἦ
376 2447 482 2500 καὶ
544 2447 752 2513 οὕτως·
801 2449 1023 2521 Ἐπειδὴ
1069 2450 1346 2504 διέϐαλλον
1395 2453 1584 2519 αὐτὸν,
1615 2453 1689 2517 ὡς
1728 2452 1865 2508 ἄλλα

259 2536 404 2606 παρ’
441 2537 626 2602 ἄλλοις
658 2539 1025 2611 κηρύττοντα,
1071 2541 1166 2594 καὶ
1209 2541 1345 2613 πρὸς
1372 2542 1500 2607 τοὺς
1542 2542 1863 2614 ἀνθρώπους

260 2628 768 2698 μεταϐαλλόμενον,
828 2632 1018 2703 φησὶν,
1087 2634 1171 2687 ὅτι
1237 2633 1590 2705 ’Λνθρώπους
1657 2635 1865 2690 πείθειν

262 2722 585 2789 σπουδάζω,
618 2727 713 2779 καὶ
741 2725 951 2789 τούτοις
986 2726 1269 2798 ἀρέσκειν,
1303 2728 1338 2799 ἦ
1371 2727 1448 2798 τῷ
1480 2727 1629 2799 Θεῷ;
1668 2728 1728 2782 El
1757 2729 1864 2801 γάρ

258 2813 594 2885 ἀνθρώποις
629 2817 892 2888 ἀρέσκειν
942 2818 1157 2890 ηθελον,
1207 2818 1428 2885 πάντως
1465 2819 1532 2877 ἂν
1585 2819 1806 2875 ἐποίουν
1836 2821 1865 2875 ὃ

258 2905 489 2976 λέγετε.

339 3016 363 3051 c
411 2999 476 3051 Ei
509 2998 617 3070 γὰρ
641 2998 721 3052 ἔτι
757 2999 1065 3071 ἀνθρώποις
1113 3001 1365 3072 ἤρεσκον,
1400 3002 1639 3073 Χριστοῦ
1666 3002 1856 3067 δοῦλος

258 3092 367 3145 οὐκ
432 3091 502 3146 ἂν
544 3093 715 3164 ήμην.
756 3111 775 3146 ι
812 3096 1231 3160 Κατασκευάζει
1275 3096 1361 3150 ὅτι
1395 3097 1525 3149 οὐκ»
1552 3095 1865 3168 ἀνθρώποις

1969 1983 2059 2047 tis,
2092 1982 2283 2051 inquit,
2314 1983 2457 2049 quod
2490 1983 2631 2051 apud
2674 1997 2766 2037 vos
2798 1980 3172 2036 defensionem
3205 1999 3413 2052 parum,
3461 1994 3556 2040 aut

1965 2070 2120 2125 rubis
2181 2086 2417 2139 quaeram
2473 2072 2799 2142 persuadere
2860 2091 2875 2129 :
2932 2074 3028 2129 sed
3080 2074 3145 2127 ad
3209 2075 3373 2129 Deum
3433 2089 3556 2129 Olli-

1964 2165 2054 2219 nis
2096 2165 2272 2221 oratio
2312 2181 2430 2220 mea
2476 2165 2753 2236 dirigitur.
2799 2165 2953 2221 Unde
2998 2182 3176 2238 neque
3224 2167 3337 2223 b:rc
3369 2170 3553 2224 scribo

1966 2273 2064 2313 ceu
2100 2273 2131 2312 a
2160 2257 2313 2312 vobis
2339 2268 2598 2327 expetens
2631 2259 2882 2327 gloriam,
2914 2259 3146 2332 329m
3175 2268 3234 2314 ut
3256 2260 3555 2329 discipulos

1965 2350 2219 2415 habeam,
2252 2354 2347 2406 sed
2380 2353 2487 2405 Deo
2518 2352 2779 2407 rationem
2814 2354 3045 2408 reddens
3067 2369 3165 2422 pro
3191 2352 3554 2422 dogmatibus,

1964 2455 2019 2501 et
2057 2454 2160 2501 no’n
2192 2456 2249 2500 ut
2275 2447 2582 2503 hominibus
2603 2447 2868 2518 placeam.
2901 2445 2999 2501 Vel
3026 2446 3103 2500 sic
3132 2463 3147 2501 :
3177 2444 3315 2511 Quia
3348 2444 3555 2498 calum-

1968 2537 2259 2593 niabantur
2300 2554 2449 2607 eum,
2480 2556 2578 2594 ceu
2628 2540 2730 2593 alia
2780 2539 2920 2607 apud
2967 2537 3103 2591 alios
3139 2536 3548 2606 prmdicantetn,

1967 2632 2169 2700 quique
2207 2646 2306 2701 pro
2347 2631 2628 2687 hominum
2677 2632 2992 2687 conditione
3030 2645 3151 2685 sese
3195 2637 3551 2698 permutaret,

1968 2724 2066 2790 ait,
2110 2723 2250 2779 Num
2294 2725 2610 2780 hominibus
2658 2726 2887 2780 suadere
2931 2723 3146 2789 studeo,
3190 2722 3403 2793 illisque
3440 2721 3556 2791 pla-

1969 2830 2112 2882 cere,
2142 2833 2211 2869 an
2260 2816 2418 2872 Deo?
2461 2811 2598 2871 Nam
2651 2816 2696 2871 si
2730 2813 3043 2870 hominibus
3074 2811 3287 2882 placere
3340 2811 3553 2877 vellem,

1969 2909 2208 2964 facerem
2239 2909 2463 2965 omnino
2494 2910 2637 2980 quod
2668 2907 2872 2962 dicitis.

2041 3020 2061 3056 ι
2096 3001 2173 3068 Si
2220 3004 2364 3057 enim
2405 3004 2583 3057 adhuc
2632 3000 2940 3057 hominibus
2995 3001 3290 3069 placerem,
3342 2996 3555 3054 Christi

1967 3111 2157 3151 servus
2207 3111 2318 3150 non
2354 3110 2557 3152 essem.
2596 3114 2616 3147 ι
2660 3094 2963 3150 Conﬁrmat
3007 3095 3151 3163 quod
3195 3107 3301 3146 non
3344 3092 3559 3146 studeat

261 3185 535 3255 ἀρέσκειν
576 3185 868 3250 σπουδάζει
891 3202 907 3220 ο
941 3188 1034 3240 καὶ
1068 3187 1183 3255 πῶς
1218 3188 1342 3261 ἂνῆ
1376 3189 1573 3254 αὐτοὺς
1601 3190 1863 3245 κολακεύ·

1976 3189 2283 3245 hominibus
2314 3190 2547 3257 placere.
2568 3188 2632 3242 Et
2662 3204 2769 3259 qua
2795 3187 3014 3242 tandem
3039 3187 3250 3240 ratione
3273 3184 3404 3254 ipsis
3419 3185 3556 3239 adu-

262 3295 444 3344 σειεν,
479 3278 511 3350 ἢ
547 3278 685 3332 ἄλλα
721 3278 850 3350 παρ’
879 3279 1059 3345 ἄλλοις
1089 3280 1377 3352 κηρύξειεν
1408 3298 1423 3349 ;
1459 3283 1522 3335 Ei
1551 3285 1661 3356 γὰρ
1693 3283 1857 3339 τοῦτο

1976 3280 2203 3348 Iaretur,
2248 3292 2303 3337 et
2346 3280 2449 3334 alia
2496 3280 2637 3350 apud
2688 3279 2823 3333 alios
2876 3278 3238 3348 praedicaret?
3275 3276 3332 3331 Si
3381 3276 3553 3339 enim,

261 3371 630 3438 ἐσπούδαζον,
676 3376 777 3426 οὐκ
833 3374 899 3426 ἂν
946 3374 1190 3444 ἀπέστην
1234 3374 1343 3427 τῶν
1404 3375 1735 3444 Ἰουδαϊκῶν,
1772 3377 1867 3431 καὶ

263 3461 584 3532 προσῆλθον
629 3461 706 3532 τῷ
762 3463 986 3535 Χριστῳ
1014 3478 1029 3495 ·
1075 3464 1175 3525 οὐκ
1206 3463 1274 3519 ἂν
1312 3467 1700 3536 κατεφρόνησα
1733 3484 1866 3536 συγ-

259 3552 472 3623 γενῶν,
521 3552 710 3624 φίλων,
753 3553 913 3626 δόξης
965 3556 1263 3629 τοσαύτης,
1315 3558 1412 3612 καὶ
1458 3558 1684 3637 είλόμην
1735 3558 1866 3613 διω-

260 3647 473 3719 γμοὺς,
526 3649 622 3702 καλ⁸
649 3648 947 3716 κινδύνους,
974 3652 1069 3703 καὶ
1102 3652 1350 3722 ἀτιμίας.

345 3758 372 3793 ι
432 3739 691 3813 Γνωρὶζω
734 3740 791 3794 δὲ
837 3741 990 3813 ὑμῖν,
1032 3742 1275 3812 ἀδελφοὶ,
1307 3742 1368 3797 τὸ
1411 3740 1748 3813 Εὐαγγέλιον
1803 3741 1867 3797 τδ

263 3832 668 3903 εὐαγγελισθὲν
718 3834 811 3888 ὑπ’
847 3836 1005 3906 ἐμοῦ,
1040 3836 1125 3890 ὅτι
1165 3836 1266 3890 οὐκ
1320 3835 1436 3890 ἔστι
1484 3837 1608 3890 κατ’
1652 3837 1868 3911 ἀνθρω-

263 3945 412 3981 πον.
438 3946 459 3979 ι
502 3927 700 3981 Μέλλει
739 3927 910 3992 δεῖξαι
968 3929 1177 3993 αὐτοῖς,
1214 3929 1298 3982 ὅτι
1347 3928 1396 3960 ⁸⁰
1442 3928 1684 3999 μετέστη
1743 3929 1865 3982 κατ’

264 4020 536 4091 ἀλήθειαν
577 4022 687 4075 ἀπὸ
726 4022 820 4075 τοῦ
868 4020 1057 4093 νόμου,
1096 4022 1191 4075 καὶ
1246 4021 1336 4076 διὰ
1381 4021 1539 4075 τοῦτο
1590 4021 1866 4093 μέμνηται

264 4112 372 4167 τοῦ
406 4113 678 4185 προτέρου
715 4113 855 4184 βίου,
886 4115 983 4167 καὶ
1012 4114 1112 4184 τῆς
1146 4112 1348 4184 ἀθρόας
1377 4114 1682 4185 μεταϐολῆς
1709 4129 1725 4145 ⁶
1762 4115 1870 4167 δει-

265 4209 434 4270 κνὺς,
470 4208 554 4260 ὅτι
576 4206 692 4260 Οὐκ
715 4205 781 4260 ἂν
812 4206 1106 4278 μετέστη⁸¹
1146 4205 1436 4276 ἀθρόον,εί
1470 4209 1547 4278 μὴ
1586 4207 1866 4277 θειοτέραν

266 4300 399 4354 τινὰ
430 4299 806 4371 πληροφορίαν
839 4301 963 4370 ἔσχε
993 4300 1063 4355 ⁸¹.
1105 4300 1197 4353 Διὸ
1222 4300 1317 4354 καί
1348 4317 1534 4371 φησιν,
1557 4302 1640 4354 ὅτι
1674 4318 1695 4353 ι
1752 4300 1868 4355 Οὐκ

269 4393 396 4447 ἐστι
427 4392 550 4446 κατ’
573 4393 860 4465 ἄνθρωπον
886 4394 947 4447 τὸ
974 4393 1304 4462 Εὐαγγέλιόν
1334 4384 1475 4465 μουέ
1507 4412 1527 4446 ι
1566 4395 1866 4459 τουτέστιν,

269 4485 395 4537 Οὐκ
445 4481 732 4553 ἄνθρωπον
783 4483 939 4554 ἔσχον
994 4483 1338 4547 διδάσκαλον,
1370 4482 1487 4539 ἀλλ’
1542 4484 1712 4539 αὐτοῦ
1769 4484 1865 4541 τοῦ

270 4574 517 4649 Χριστοῦ
552 4576 755 4644 γέγονα
805 4576 1077 4649 μαθητής.

356 4687 374 4719 ι
407 4668 483 4720 Οὐ
519 4668 648 4740 ,γὰρ
676 4667 789 4735 ἐγὼ
834 4671 966 4740 παρ’
1003 4668 1298 4740 ἀνθρώπου
1346 4671 1660 4744 παρέλαϐον
1706 4675 1862 4743 αὐτὸ,

274 4759 420 4812 ἀλλά
452 4759 541 4813 διὰ
566 4758 966 4829 ἀποκαλύψεως
1000 4760 1179 4833 Ἰησοῦ
1207 4763 1472 4834 Χριστοῦ.
1514 4784 1533 4816 ι
1562 4765 1733 4820 Τοῦτο
1757 4769 1862 4837 γὰρ

275 4853 531 4922 ελεγονοί
560 4853 961 4918 διαϐάλλοντες,
1003 4853 1084 4907 ὅτι
1124 4854 1223 4925 οὐχ
1249 4855 1441 4925 ὥσπερ
1469 4858 1517 4909 oi
1547 4857 1861 4921 ἀπόστολοι,

276 4946 546 5015 αύτήκοο,
580 4943 797 5013 ἐγένετο
826 4944 920 4997 τοῦ
946 4942 1207 5013 Χριστοῦ,
1228 4943 1365 4997 ἀλλὰ
1395 4946 1544 5015 παρὰ
1559 4947 1864 5018 ἀνθρώπων

278 5036 558 5106 παρέλαϐε
591 5036 794 5091 πάντα.
824 5038 989 5107 Φησὶν
1024 5032 1139 5102 οὖν,
1169 5038 1253 5090 ὅτι
1278 5036 1449 5101 Αὐτὸς
1480 5040 1686 5100 ἐκεῖνος
1724 5041 1862 5091 ἀπε-

280 5130 493 5200 κάλυψέ
529 5149 620 5201 μοι
642 5131 703 5185 τὸ
754 5131 1105 5200 Εὑαγγέλιον,
1139 5132 1168 5184 ὁ
1214 5131 1464 5195 καὶτοὺς
1493 5132 1624 5201 περὶ
1658 5131 1864 5202 Πέτρον

283 5226 659 5299 μαθητεύσας.

358 5339 378 5371 ι
440 5319 743 5373 Ἠκούσατε
779 5321 890 5391 γὰρ
922 5320 1018 5392 τὴν
1047 5322 1184 5392 ἐμὴν
1220 5322 1574 5392 ἀναστροφήν
1617 5341 1748 5378 ποτε
1806 5328 1864 5379 ἐν

282 5411 360 5480 τῷ
427 5410 768 5482 Ἰουδαϊσμῷ.
832 5430 849 5462 ι
883 5412 1053 5466 Πόθεν
1074 5412 1233 5482 δῆλον
1262 5413 1345 5466 ὅτι
1373 5412 1439 5465 δι’
1466 5414 1864 5483 ἀποκαλύψεως

283 5502 431 5566 θείας
457 5501 765 5572 παρέλαϐον
791 5504 853 5556 τὸ
899 5504 1271 5573 Εὐαγγέλιον;
1316 5505 1428 5565 ςἘκ
1469 5506 1565 5575 τῆς
1595 5509 1865 5578 προτέρας

289 5611 389 5666 μου
421 5596 790 5667 ἀναστρορῆς.
847 5597 907 5650 '0
943 5600 1052 5668 γὰρ
1081 5596 1320 5660 τοιοῦτος
1348 5596 1607 5669 διώκτης,
1648 5600 1761 5663 πῶς
1798 5601 1865 5654 ἂν

1966 3375 2168 3445 inquit,
2200 3374 2303 3429 hoc
2320 3374 2554 3430 studium
2590 3386 2767 3425 meum
2796 3369 3024 3433 fuisset,
3059 3384 3163 3422 non
3184 3366 3554 3423 defecissema

1967 3468 2167 3524 ritibus
2209 3465 2469 3524 Judatcis.
2499 3473 2554 3519 et
2607 3463 2961 3519 accessissem
3001 3459 3245 3524 Christo,
3285 3473 3387 3514 nec
3425 3474 3557 3514 con-

1971 3562 2195 3631 temptis
2215 3560 2407 3615 amicis
2432 3568 2592 3629 atque
2612 3555 2876 3625 cognatis,
2903 3564 3164 3625 tantaque
3198 3551 3391 3621 gloria,
3432 3565 3559 3621 per~

1967 3656 2302 3720 secutiones,
2326 3653 2561 3724 pericula
2586 3661 2641 3706 et
2668 3647 3049 3705 contumeliam
3091 3646 3396 3712 elegissem.

2037 3745 2206 3804 Vens.
2249 3746 2339 3800 11.
2371 3764 2389 3797 ι
2443 3743 2643 3797 Nolunt
2688 3750 2868 3797 autem
2916 3738 3072 3793 vobis
3131 3736 3298 3800 facio,
3326 3732 3549 3794 fratres.

1967 3838 2317 3908 Evangelinm
2354 3834 2496 3927 quod
2546 3833 2897 3903 prtedicatum
2924 3839 3009 3885 est
3047 3845 3077 3883 a
3119 3843 3228 3892 me,
3264 3826 3406 3897 quod
3447 3843 3553 3927 non

1966 3942 2050 3989 est
2099 3920 2394 3988 secundum
2453 3928 2754 3985 hominem.
2784 3944 2803 3980 ι
2838 3924 3320 3979 Demonstraturns
3346 3930 3431 3976 est
3473 3920 3556 3974 eis

1968 4024 2111 4097 quod
2145 4038 2270 4078 vere
2323 4036 2352 4075 a
2389 4019 2505 4090 lege
2544 4018 2844 4081 destiterit;
2895 4016 3125 4084 ideoque
3157 4011 3400 4082 pristina:
3435 4010 3557 4071 vita:

1969 4117 2238 4183 meminit,
2273 4123 2328 4170 et
2365 4112 2663 4185 repentina:
2708 4107 3026 4164 mutationis
3073 4120 3227 4161 suae:
3263 4103 3557 4159 ostendens

1969 4207 2114 4280 quod
2166 4222 2274 4261 non
2317 4206 2452 4260 adeo
2499 4210 2726 4273 repente
2780 4215 2811 4254 a
2842 4197 3129 4253 Judaismo
3162 4196 3473 4259 defecisset,
3501 4193 3563 4247 ni

1970 4300 2293 4357 diviniorem
2340 4298 2580 4369 aliquam
2629 4294 3013 4350 certitudinem
3072 4290 3369 4345 habuisset.
3415 4284 3557 4340 illnc

1969 4396 2155 4461 etiam,
2210 4393 2405 4463 inquit,
2443 4410 2463 4443 ι
2498 4387 2849 4460 Evangelium
2882 4400 3059 4440 meum
3100 4400 3205 4437 non
3244 4390 3329 4437 est
3356 4395 3555 4435 secun.

1972 4491 2101 4545 dum
2157 4487 2457 4551 hominem,
2506 4501 2525 4535 ι
2589 4483 2693 4537 hoc
2748 4490 2851 4545 est,
2904 4494 3009 4532 non
3068 4476 3339 4530 hominem
3393 4471 3556 4527 habui

1893 4558 1942 4615 Β
1970 4590 2377 4654 praeceptorem,
2405 4577 2499 4632 sed
2525 4575 2692 4645 ipsius
2719 4572 2919 4627 Christi
2949 4569 3024 4627 fui
3056 4567 3374 4637 discipulus.

2047 4674 2212 4731 Vens.
2251 4673 2339 4727 12.
2387 4690 2405 4724 t
2462 4669 2578 4724 Non
2627 4668 2771 4723 enim
2837 4682 2936 4737 ego
2985 4665 3052 4717 ab
3096 4665 3316 4717 homine
3373 4658 3554 4726 accepi

1972 4769 2126 4835 illud,
2187 4766 2282 4820 sed
2339 4778 2435 4833 per
2474 4761 2860 4817 revelationem
2923 4756 3051 4813 Jesu
3092 4754 3319 4810 Christi.
3376 4771 3395 4803 ι
3442 4750 3554 4803 ΙΙοω

1973 4863 2118 4917 enim
2153 4857 2485 4926 ohjiciebant
2519 4854 2971 4916 calumniatores,
2997 4849 3141 4918 quod
3174 4862 3302 4910 non,
3330 4855 3388 4897 ut
3418 4857 3556 4911 apo-

1972 4954 2096 5008 stoli
2154 4950 2364 5018 reliqui,
2432 4947 2548 5016 ipse
2598 4946 2903 4998 audivisset
2965 4942 3241 4996 Christum
3277 4975 3291 4997 ,
3350 4934 3443 4986 sed
3486 4932 3555 4985 ab

1975 5042 2284 5100 hominibus
2337 5038 2636 5107 accepisset
2686 5034 2891 5089 omnia.
2943 5033 3031 5084 Ait
3066 5030 3265 5098 igitur:
3302 5023 3391 5077 llle
3444 5023 3555 5090 ipse

1975 5136 2234 5194 revelavit
2268 5131 2399 5187 mihi
2434 5128 2813 5199 Evangelium,
2844 5125 2933 5196 qui
2966 5123 3108 5179 Petri
3156 5118 3370 5174 sodales
3402 5116 3553 5169 insti-
3602 5190 3605 5195 Α

1979 5232 2101 5287 tuit.
2612 5272 2619 5275 -
3480 5299 3487 5309 υ

2049 5322 2213 5378 Vens.
2246 5322 2332 5379 15.
2384 5339 2401 5373 ι
2436 5316 2738 5375 Audivistis
2764 5314 2911 5367 enim
2975 5320 3148 5361 meam
3187 5309 3555 5358 COD\'€I'S:lltt:-

1975 5432 2097 5471 ncm
2153 5414 2443 5482 aliquando
2500 5412 2553 5464 in
2593 5407 2894 5466 Judaismo,
2937 5418 2955 5453 ι
3009 5397 3163 5453 Unde
3206 5396 3417 5466 plannm
3470 5402 3551 5443 est

1976 5508 2117 5579 quod
2150 5522 2246 5575 per
2271 5505 2507 5559 divinam
2534 5500 2919 5555 revelationem
2951 5491 3255 5560 acceperim
3305 5486 3549 5579 Evange-

1974 5572 2107 5654 lium
2132 5572 2163 5651 iv
2187 5596 2261 5651 Ex
2295 5595 2487 5666 priori,
2528 5590 2725 5660 inquit,
2759 5584 3176 5644 conversatione
3233 5594 3377 5633 mea.
3413 5572 3549 5629 Cun

1609 5736 1815 5798 Varia
1846 5738 2175 5802 lectiones.

354 5859 404 5895 δ’
452 5862 586 5935 περὶ
636 5863 831 5918 ἑαυτοῦ
857 5880 911 5918 0.
987 5861 1032 5895 '°
1056 5861 1105 5913 εἰ
1132 5877 1187 5919 0.
1264 5862 1306 5894 ⁸¹
1346 5863 1613 5933 μετέστην
1646 5877 1699 5917 0.
1778 5863 1821 5894 ⁵³
1858 5862 2016 5935 ἔσχον
2045 5880 2095 5916 υ.
