3898 6562
402 386 510 452 96'}

1255 376 1835 441 THEOPHYLACTI
1876 375 2288 436 BULGARI/E
2329 375 2681 436 ARClIlEP.

3535 382 3627 444 964

404 505 552 562 enim
581 502 704 558 talis
740 511 1030 571 tantusque
1079 511 1256 554 essent
1309 506 1648 568 persecutor,
1684 494 1974 564 quomodo,

2130 493 2294 564 ipdw;
2321 491 2682 564 μετεϐλήθην,
2713 492 2763 546 εἰ
2808 492 2884 564 μὴ
2914 491 3036 548 θεία
3065 510 3150 557 τις
3182 493 3508 567 ἀποκάλυψις
3531 503 3630 556 an.

404 610 612 668 quaeso,
639 603 748 649 tam
776 595 956 647 subito
981 600 1323 661 permutatus
1347 605 1548 653 essem,
1586 590 1638 642 ui
1674 587 1854 642 divina
1884 585 1986 640 alio

2130 586 2225 640 υσέ
2263 603 2328 657 με
2359 603 2373 650 ;
2437 586 2562 640 Ὅτι
2619 586 2726 657 γὰρ
2770 585 3002 656 σφοδρὸς
3034 587 3183 657 ήμην
3219 587 3465 659 διώκτης,
3497 591 3634 660 δῆλον

404 705 512 758 qua
559 685 817 740 revelatio
851 684 1110 736 traxisset
1153 681 1280 734 me?
1311 679 1464 746 Quod
1517 678 1660 732 enim
1699 678 1986 731 vehemens

2130 682 2198 734 πὺ
2248 681 2344 734 τοῦ
2373 681 2467 734 καὶ
2499 681 2644 752 ὑμᾶς
2690 680 2926 736 ἀκοῦσαι
2961 681 3088 745 τοὺς
3122 683 3386 751 Γαλάτας,
3415 685 3531 750 τοὺς
3558 703 3634 740 το-

404 795 550 835 eram
585 785 916 848 persecutor,
949 774 1072 828 inde
1111 775 1454 844 perspicuum
1482 780 1586 833 est,
1623 770 1768 839 quod
1788 769 1871 824 vel
1893 783 1988 822 vos

406 872 632 936 Galatae,
667 869 940 939 quigtanto
982 866 1320 926 intervalloa
1348 861 1528 918 Iudaea
1552 862 1785 919 distatis.
1841 861 1992 915 audio
2042 868 2048 880 '

405 975 687 1120 vez'lguod
720 1063 888 1121 supra
918 1049 1137 1104 modum
1168 1048 1535 1120 persequebar
1555 1044 1848 1100 Ecclesiam
1873 1042 1988 1107 Dei,

405 1163 469 1203 ac
491 1146 857 1216 depopulabar
887 1158 1052 1209 .eam.
1095 1161 1112 1194 ι
1159 1142 1548 1196 Animadverte
1575 1137 1849 1209 quomodo
1875 1136 1994 1189 sin-

407 1241 525 1310 gula
554 1255 676 1293 cum
705 1237 1126 1307 exaggeratione
1154 1234 1324 1304 ponit.
1347 1232 1461 1296 Non
1495 1233 1640 1286 enim
1672 1230 1831 1293 dixit,
1861 1227 1994 1282 Per-

409 1331 702 1402 sequebar,
736 1329 857 1393 sed,
879 1330 1015 1385 Cum
1051 1328 1195 1381 omni
1221 1342 1445 1382 excessu
1474 1343 1487 1380 :
1526 1341 1626 1380 nec
1663 1325 1763 1377 hoc
1797 1323 1992 1386 solum,

408 1440 596 1478 verum
633 1424 796 1478 etiam
835 1441 853 1473 ι
884 1420 1318 1490 Βερορυίεώθτ,ι
1359 1420 1462 1473 boc
1503 1427 1604 1482 est,
1629 1415 1910 1470 Suﬂ‘odere
1934 1431 1997 1470 ac

406 1520 623 1573 diruere
655 1517 886 1571 conabar
919 1534 932 1570 :
970 1517 1068 1570 hoc
1101 1514 1245 1569 enim
1282 1511 1692 1582 depopulatoris
1725 1524 1862 1578 Opus
1891 1516 1995 1563 est.

483 1610 644 1664 Vens.
681 1597 774 1662 Μ’.
833 1625 853 1660 ι
915 1606 976 1660 Ει
1028 1606 1376 1677 prolicit-bam
1416 1605 1466 1658 in
1517 1603 1801 1659 Jndaismo
1835 1616 1996 1671 supra

410 1703 612 1757 multos
635 1711 941 1755 comtaneos
963 1701 1014 1754 in
1039 1715 1238 1772 genere
1268 1713 1409 1763 meo,
1447 1697 1810 1751 abundantius
1831 1710 2000 1750 aemu-

2095 773 2286 828 οοῦτον
2331 774 2687 844 διεστηκότας
2710 775 2756 808 ⁸³
2780 775 2883 847 τῆς
2917 777 3202 842 Ἰουδαίας.

2173 1057 2192 1091 ι
2233 1039 2357 1093 Ὅτι
2410 1038 2532 1092 καθ’
2562 1038 2870 1110 ὑπερϐολὴν
2917 1039 3140 1093 ἐδίωκον
3183 1040 3282 1111 τὴν
3346 1041 3642 1111 Ἐκκλησίαν

2096 1134 2190 1188 τοῦ
2221 1135 2379 1199 Θεοῦ,
2405 1137 2498 1190 καὶ
2523 1136 2794 1206 ἐπόρθουν
2826 1138 3020 1205 αὑτήν.
3053 1157 3073 1190 ι
3113 1139 3257 1209 ’Ὀρα
3301 1139 3416 1200 πῶς
3443 1141 3645 1195 ἕκαστον

2097 1227 2236 1297 μετά
2289 1228 2594 1292 ὲπιτάσεως
2639 1229 2878 1299 τίθησιν.
2911 1231 2988 1282 Οὑ
3035 1231 3147 1300 γὰρ
3178 1227 3358 1293 εἶπεν,
3403 1231 3644 1298 Ἐδίωκον,

2095 1322 2251 1386 ἀλλὰ,
2286 1323 2424 1377 Μεθ’
2459 1321 2768 1392 ὑπερϐολῆς
2816 1324 3018 1392 πάσης.
3044 1324 3152 1377 Καὶ
3195 1325 3256 1377 οὑ
3292 1325 3450 1391 μόνον
3493 1325 3646 1392 τοῦτο,

2097 1416 2231 1471 ἀλλὰ
2247 1416 2393 1482 καὶ,ι
2417 1415 2714 1486 Ἐπόρθουν
2730 1433 2746 1448 ·
2761 1434 2779 1467 ι
2798 1415 3067 1481 τουτέστι,
3086 1416 3450 1487 Κατασκάψαι
3467 1418 3653 1487 ἐπεχεί-

2101 1531 2247 1586 ρουν,
2278 1515 2372 1567 καὶ
2425 1513 2688 1583 ἀφανίσαι
2718 1531 2734 1546 ·
2765 1513 2926 1567 τοῦτο
2973 1490 3083 1585 γὰρ
3119 1513 3396 1584 πορθητοῦ
3427 1515 3572 1583 ἔργον
3594 1517 3650 1570 ⁸⁵.

2176 1625 2193 1657 ι
2235 1605 2344 1659 Καὶ
2364 1604 2705 1676 προέκοπτον
2722 1607 2778 1658 ὲν
2797 1605 2877 1676 τῷ
2916 1606 3239 1676 Ἰουδαϊσμῷ
3281 1607 3423 1677 ὑπὲρ
3455 1607 3654 1671 πολλοὺς

2102 1697 2502 1766 συνηλικιώτας
2529 1698 2589 1749 ὲν
2619 1697 2700 1767 τῷ
2729 1697 2880 1766 γένει
2915 1713 3040 1768 μου,
3068 1700 3473 1768 περισσοτέρως
3501 1700 3654 1770 ζηλω-

415 1796 558 1849 lator
583 1795 852 1849 exsistens
883 1806 1108 1864 paterna
1123 1809 1239 1847 rum
1286 1806 1530 1848 mearum
1565 1789 1931 1844 traditionum.
1973 1805 1992 1838 ι

2133 1790 2197 1858 ὴς
2254 1788 2516 1858 ὑπάρχων
2568 1787 2679 1841 τῶν
2721 1788 3008 1856 πατρικῶν
3059 1806 3161 1858 μου
3231 1789 3592 1858 παραδόσεων.
3635 1809 3652 1842 ι

413 1888 531 1942 Pra
562 1886 835 1950 omnibus,
881 1857 1077 1953 inquit,
1131 1885 1221 1955 qui
1273 1894 1429 1938 erant
1483 1881 1591 1937 illis
1645 1881 1998 1950 temporibus,

2141 1857 2288 1951 Υπὲρ
2319 1857 2587 1946 ἅπαντας,
2637 1885 2792 1954 φησι,
2823 1884 2951 1947 τοὺς
2977 1857 3118 1940 κατὰ
3142 1885 3236 1938 τὸν
3280 1857 3444 1940 αὑτὸν
3471 1885 3655 1956 χρόνον,

414 1981 641 2033 multum
668 1978 895 2034 fervoris
926 1978 1089 2048 330
1128 1977 1510 2041 ostendebam,
1552 1991 1615 2029 ac
1651 1976 1706 2029 in
1739 1975 1880 2029 bello
1905 1975 2004 2029 ad-

2130 1975 2423 2045 νερμότητα
2472 1974 2674 2045 πολλὴν
2717 1977 3127 2050 ὲνεδεικνὺμην,
3193 1981 3290 2034 καὶ
3351 1981 3659 2052 προέκοπτον

412 2086 603 2128 versus
635 2071 934 2127 Ecclesiam
991 2071 1374 2141 progrediebar
1406 2087 1420 2124 :
1459 2072 1564 2135 vel,
1589 2070 1712 2140 quia
1752 2068 1997 2124 Celebris

2130 2071 2187 2130 ,ἲς
2247 2067 2338 2120 τὸν
2395 2068 2538 2122 κατὰ
2589 2069 2692 2140 τῆς
2749 2070 3081 2142 Ἐκκλησίας
3131 2074 3376 2144 πόλεμον
3411 2091 3427 2108 ο
3477 2074 3548 2146 ἢ,
3591 2076 3658 2130 ὅτι

411 2179 588 2229 eram,
625 2173 678 2217 et
709 2165 760 2218 in
787 2163 961 2232 pretio
989 2163 1127 2231 apud
1158 2161 1396 2218 Iudaeos.
1417 2161 1494 2216 Ne
1516 2161 1793 2218 existimes
1820 2171 2003 2214 autem

2130 2161 2366 2230 Ἐντιμος
2393 2160 2544 2231 ήμην
2580 2163 2731 2232 παρά
2768 2162 3069 2226 Ἰουδαίοις.
3121 2166 3214 2238 Μὴ
3246 2168 3476 2239 νομίσῃς
3499 2168 3569 2232 δὲ,
3593 2169 3660 2222 ὅτι

412 2257 557 2326 quod
587 2271 735 2308 vanae
750 2255 931 2324 gloria:
958 2255 1144 2309 istlttnc
1170 2270 1254 2310 res
1276 2253 1463 2320 fuerit,
1494 2253 1574 2308 vel
1595 2251 2003 2323 indignationis,

2130 2251 2412 2316 ιενοδοξίας
2438 2247 2507 2324 ἦν
2528 2253 2589 2306 τὸ
2611 2256 2868 2324 πρᾶγμα,
2900 2256 2933 2326 ἢ
2979 2256 3175 2328 θυμοῦ,
3220 2259 3362 2314 ἀλλὰ
3391 2259 3565 2331 ζήλου.
3610 2261 3662 2314 Εἰ

411 2349 506 2404 sed
535 2348 657 2403 zeli.
683 2348 833 2415 Quod
856 2349 900 2402 si
925 2349 1086 2420 igitur
1123 2348 1388 2403 adversus
1414 2347 1710 2403 Ecclesium
1742 2361 1838 2414 pro
1863 2345 2004 2399 nulla

2130 2345 2290 2398 τοίνυν
2343 2345 2415 2398 τὰ
2447 2344 2590 2398 κατὰ
2631 2347 2729 2415 τῆς
2765 2346 3096 2417 Ἐκκλησίας
3128 2351 3188 2403 οὑ
3231 2349 3303 2403 δι’
3341 2352 3657 2418 ἀνθρώπινόν

415 2441 651 2494 humana
688 2455 745 2495 re
786 2441 1116 2511 pugnabam,
1143 2439 1234 2495 sed
1269 2455 1336 2495 ex
1367 2443 1485 2494 zelo
1514 2439 1630 2505 Dei,
1667 2438 1879 2493 etiamsi
1915 2453 2005 2508 per

2130 2455 2164 2491 τι
2194 2437 2434 2502 ἐποίουν,
2468 2438 2608 2492 ἀλλὰ
2628 2439 2772 2493 κατά
2808 2439 2971 2512 ζῆλον
2998 2441 3159 2508 Θεοῦ,
3190 2445 3240 2496 εί
3277 2445 3378 2497 καὶ
3416 2445 3664 2515 πεπλανη·

412 2549 682 2600 errorem,
709 2551 826 2605 qua
861 2535 1071 2589 rati0ne
1102 2535 1214 2604 jam
1259 2548 1403 2588 nunc
1441 2533 1661 2614 quando
1715 2535 2005 2586 veritatem

2130 2532 2291 2596 ιένως
2325 2545 2341 2564 ⁸
2362 2533 2481 2598 πῶς
2511 2533 2628 2598 νῦν,
2661 2535 2749 2588 ὅτε
2793 2535 2893 2606 τὴν
2941 2536 3203 2608 ἀλήθειαν
3237 2537 3504 2606 ἐπέγνων,
3533 2539 3665 2610 δόξης

415 2626 634 2694 agnovi,
676 2626 928 2680 humanae
957 2625 1140 2696 gloriae
1169 2641 1356 2681 amore
1374 2626 1584 2681 diversa
1632 2627 2005 2694 praedicarem,

2130 2625 2278 2697 ἔρωτι
2305 2625 2656 2700 ἀνθρωπίνης
2689 2629 3017 2700 κηρὺττοιμι
3045 2629 3112 2684 ἂν
3137 2631 3274 2685 ἄλλα
3305 2633 3402 2685 καὶ
3425 2632 3568 2697 ἀλλα,
3588 2634 3667 2687 καὶ

415 2727 471 2772 et
501 2733 606 2772 non
637 2733 757 2788 quae
792 2720 994 2772 veritas
1019 2720 1277 2788 postulat,
1307 2727 1360 2772 et
1399 2718 1658 2774 Christus
1675 2733 1760 2773 me
1792 2717 2005 2773 docuit!

2130 2723 2216 2793 26x
2239 2723 2274 2777 ἃ
2296 2723 2329 2793 ἡ
2357 2722 2590 2792 ἀλήθεια
2611 2723 2852 2786 ἀπαιτεῖ,
2879 2724 2972 2777 καὶ⁵
3009 2727 3037 2778 ὁ
3062 2726 3300 2798 Χριστός
3329 2743 3397 2796 με
3425 2726 3664 2792 ὲδίδαξινς

495 2809 663 2864 Vsus.
700 2809 787 2864 15.
831 2827 848 2861 ι
891 2809 1117 2876 Quando
1161 2821 1340 2864 autem
1383 2809 1584 2880 placuit
1623 2811 1754 2874 Deo,
1788 2811 1880 2880 qui
1927 2824 2005 2865 me

2190 2832 2209 2866 ι
2244 2814 2373 2870 Ὅτε
2421 2815 2478 2868 δὲ
2514 2813 2810 2886 εὐδόκησεν
2841 2814 2867 2867 ό
2921 2814 3074 2878 Θεὸς.
3106 2818 3134 2870 ό
3181 2817 3455 2886 ἀφορίσας
3505 2835 3567 2888 με
3615 2819 3665 2872 ἐκ

415 2901 726 2968 segregavit
753 2915 818 2954 ex
861 2910 1014 2954 utero
1041 2903 1226 2955 matris
1260 2916 1412 2956 meae.
1445 2919 1464 2952 ι
1503 2899 1560 2956 Si
1602 2903 1670 2957 ab
1709 2912 1866 2957 utero
1893 2916 2005 2956 ma-

2130 2906 2323 2970 ιοιλίας
2350 2908 2558 2978 μητρός
2591 2925 2715 2978 μου.
2773 2926 2792 2959 ι
2829 2908 2888 2962 Ei
2917 2909 2982 2962 ὲκ
3010 2907 3218 2971 κοιλίας
3251 2911 3460 2983 μητρὸς
3484 2909 3666 2981 ἀφώρι-

419 2993 522 3044 tris
561 3001 875 3061 segregatus
928 3001 1044 3046 erat
1104 2992 1170 3048 ad
1213 2993 1563 3065 Evangelium
1613 3003 1668 3050 et
1717 2993 1922 3049 electus
1979 3009 2005 3047 a

2130 3015 2215 3052 ατο
2269 2999 2406 3071 πρὸς
2437 2999 2498 3052 τδ
2534 2999 2892 3069 Εὑαγγέλιον,
2927 3000 3024 3054 καὶ
3058 3000 3284 3072 ὲξελέγη
3322 3001 3476 3075 παρὰ
3529 3001 3663 3068 Θεοῦ,

421 3081 560 3148 Deo,
597 3085 817 3138 omnino
839 3101 936 3155 per
963 3087 1200 3140 divinam
1242 3087 1554 3157 quampiam
1608 3087 2005 3156 providentiam

2130 3091 2339 3154 πάντως
2364 3091 2455 3146 διά
2503 3108 2626 3146 τινα
2666 3093 2984 3164 οἰκονομίαν
3016 3092 3109 3146 τὸν
3137 3093 3346 3164 μεταξὺ
3379 3095 3560 3166 χρόνον
3586 3113 3668 3149 κα-

423 3174 649 3230 relictus
673 3186 756 3230 est
781 3177 984 3231 interea
1023 3180 1283 3248 temporis
1315 3179 1366 3231 in
1398 3177 1678 3234 Judaismo
1703 3196 1719 3246 ;
1749 3180 2005 3234 nimirum

2130 3186 2375 3258 τελείφθη
2425 3190 2481 3242 ὲν
2528 3187 2607 3260 τῷ
2655 3187 2982 3262 Ἰουδαϊσμῷ
3016 3205 3030 3218 °
3069 3190 3157 3244 ἶνα
3195 3191 3415 3265 δηλαδὴ
3457 3195 3489 3264 ἠ
3525 3189 3669 3256 οὑτως

425 3273 486 3318 ιιι.
517 3274 622 3318 tam
653 3267 928 3336 repentina
950 3267 1067 3337 ejus
1093 3269 1319 3323 mutatio
1350 3269 1548 3324 multos
1570 3270 1622 3325 in
1644 3271 1745 3324 [ide
1767 3271 2005 3324 [innaret

2130 3279 2285 3350 ιθρόα
2311 3279 2475 3333 αὑτοῦ
2507 3279 2781 3350 μεταϐολὴ
2809 3281 3036 3344 πολλοὺς
3067 3280 3414 3354 πιστώσηται
3444 3285 3532 3339 καὶ
3564 3285 3670 3337 ἐπι·

421 3368 479 3412 et
521 3359 842 3416 altt'ultcret.
892 3360 1218 3433 Segregavit
1267 3375 1448 3419 autem
1513 3379 1636 3417 eum
1688 3363 1850 3427 Deus,
1899 3377 2005 3416 non

2130 3373 2412 3442 ιπάσηται.
2440 3371 2714 3444 ’Δφώρισε
2745 3372 2800 3426 δὲ
2827 3373 2991 3427 αὑτὸν
3023 3375 3051 3428 ό
3084 3373 3239 3440 Θεὸς,
3265 3376 3329 3429 οὑ
3367 3376 3505 3430 κατά
3551 3375 3667 3430 ἀπο-

421 3466 521 3520 per
573 3453 930 3522 sortilegiuin,
963 3457 1056 3509 sed
1097 3472 1165 3510 ex
1220 3456 1560 3528 praescieutia
1616 3457 1761 3527 quod
1807 3456 2005 3524 dignus

2130 3464 2412 3536 ιλήρωσιν,
2446 3464 2584 3520 ἀλλά
2633 3466 2778 3519 κατὰ
2828 3467 3142 3537 πρόγνωσιν
3173 3466 3271 3521 τοῦ
3325 3467 3476 3534 ἀξιον
3529 3464 3666 3522 εἶναι.

421 3554 558 3598 erat.

499 3658 519 3691 ι
558 3637 624 3693 Ει
651 3641 868 3695 vocavit
911 3655 1009 3711 per
1039 3641 1269 3713 gratiam
1309 3655 1489 3696 suam.
1527 3659 1545 3692 ι
1588 3641 1730 3696 Deus
1765 3641 1839 3696 ob
1889 3641 2004 3696 vir-

421 3741 593 3789 tutem
629 3735 746 3804 ejus
789 3735 1004 3788 vocavit
1033 3750 1179 3789 eum.
1243 3753 1263 3787 ι
1305 3733 1412 3790 Vas
1451 3735 1592 3789 enim
1646 3734 1950 3802 electionis,
1987 3754 2007 3788 ι

437 3826 640 3896 inquit,
678 3843 696 3877 ι
739 3827 870 3880 mihi
906 3837 989 3881 est
1017 3839 1080 3882 ω.
1111 3847 1129 3880 ι
1153 3827 1273 3898 ipse
1304 3836 1483 3884 autem
1514 3828 1710 3898 insigni
1743 3827 2009 3883 modestia

2194 3667 2212 3698 ι
2245 3647 2356 3701 Καὶ
2391 3646 2628 3711 καλέσας
2679 3645 2768 3699 διὰ
2795 3645 2896 3717 τῆς
2935 3646 3155 3718 χάριτος
3183 3646 3374 3702 αὑτοῦ.
3415 3666 3434 3700 ι
3477 3647 3534 3702 '0
3575 3647 3658 3715 μὲν

2113 3740 2246 3804 Θεὸς
2267 3740 2355 3793 διὰ
2383 3740 2484 3809 τὴν
2511 3741 2714 3810 ἀρετὴν
2739 3739 2905 3794 αὐτοῦ
2937 3733 3198 3796 ἐκάλεσεν
3223 3741 3412 3794 αὑτόν.
3443 3759 3463 3793 ι
3495 3739 3666 3801 Σκεῦος

2114 3833 2222 3902 γὰρ
2271 3831 2504 3900 ἐκλογῆς
2573 3848 2686 3902 μοι,
2732 3851 2752 3884 ι
2819 3830 3006 3901 φησὶν,
3047 3849 3066 3882 ι
3125 3831 3293 3886 ἔστιν.
3337 3849 3358 3883 ι
3416 3831 3578 3894 Δὺτδς
3623 3829 3668 3882 δὲ

2118 3925 2549 3997 μετριοφρονῶν,
2583 3925 2672 3980 διά
2695 3925 2795 3995 τῆς
2823 3925 3068 3998 χάριτος,
3098 3925 3254 3994 φησι,
3288 3922 3574 3995 κληθῆναι,
3615 3921 3664 3974 οὗ

2118 4017 2244 4072 κατ’
2263 4015 2443 4082 ἀξίαν,
2476 4013 2616 4070 ἀλλά
2643 4015 2713 4069 δι’
2744 4015 2917 4070 ἔλεον.

2199 4125 2218 4159 ι
2253 4105 2639 4175 ’Δποκαλὺψαι
2689 4106 2783 4159 τὸν
2840 4107 2968 4160 Υίδν
3017 4105 3184 4161 αὑτοῦ
3235 4107 3297 4160 ὲν
3333 4103 3475 4176 ἐμοί.
3509 4123 3527 4156 ι
3576 4100 3668 4156 Οὑγ

2117 4195 2294 4266 εἶπεν,
2322 4198 2700 4269 Ἀποκαλὺψαι
2722 4201 2746 4253 ὲ
2755 4199 2867 4271 μοὶ,
2894 4199 3011 4254 ἀλλ’
3069 4199 3160 4254 Ἐν
3186 4202 3211 4254 ὲ
3220 4200 3312 4271 μοί
3337 4216 3351 4232 ο
3377 4199 3580 4261 δεικνὺς
3601 4196 3668 4249 ὅτι

425 3920 711 3990 praeditus,
748 3936 844 3989 per
882 3922 1114 3991 gratiam
1156 3937 1215 3977 se
1255 3933 1503 3978 vocatum
1538 3937 1659 3978 esse
1706 3921 1864 3988 dicit,
1905 3935 2013 3976 non

421 4013 493 4066 ob
526 4011 873 4080 dignitatem,
907 4014 1002 4068 sed
1030 4023 1250 4084 prapter
1280 4015 1740 4071 misericordiam.

497 4103 665 4159 Vens.
709 4104 798 4160 l6.
839 4124 859 4158 ι
897 4106 964 4162 Ut
1008 4109 1274 4163 revelaret
1299 4106 1496 4164 Filium
1531 4125 1689 4164 suum
1733 4109 1788 4164 in
1841 4121 1950 4164 me.
1990 4125 2010 4161 ι

426 4193 544 4251 Non
571 4197 732 4262 dixit,
763 4196 833 4253 Ut
874 4199 1142 4254 revelaret
1173 4200 1330 4265 mihi,
1355 4202 1472 4268 sed,
1503 4201 1564 4256 In
1596 4217 1684 4258 me
1712 4219 1726 4256 :
1769 4202 2018 4257 indicans

425 4291 571 4357 quod
597 4305 706 4344 non
735 4292 900 4345 verbo
919 4300 1122 4346 tantum
1139 4292 1416 4359 didicerit,
1444 4308 1632 4348 verum
1655 4294 1816 4348 etiam
1845 4293 2016 4350 multo

428 4380 624 4448 spiritu
688 4396 781 4436 cor
823 4383 1086 4453 repletum
1124 4382 1309 4449 fuerit,
1347 4384 1401 4438 in
1457 4385 1779 4440 interiorem
1831 4385 2014 4440 homi-

430 4485 555 4524 nem
581 4472 889 4542 cognitione
930 4473 1187 4542 intincta,
1215 4483 1271 4531 et
1297 4475 1522 4531 Christo
1551 4475 1608 4530 in
1635 4489 1700 4531 eo
1739 4475 2016 4545 loquente.

505 4687 527 4721 ε
567 4667 1098 4740 Utevangelizarem
1129 4671 1374 4742 ipsumin
1406 4672 1679 4743 gentibus.
1718 4690 1737 4725 ι
1778 4669 2014 4726 Revela-

426 4761 504 4817 vit
563 4763 694 4818 mihi
737 4762 957 4832 Filium,
1007 4781 1115 4821 non
1162 4777 1221 4820 ut
1270 4768 1446 4836 ipsum
1491 4767 1708 4822 videam
1749 4767 1925 4822 solum
1963 4775 2019 4822 et

427 4872 738 4927 agnoscam,
795 4874 984 4914 verum
1028 4869 1086 4915 ut
1132 4861 1256 4916 aliis
1297 4862 1461 4915 etiam
1511 4861 1847 4932 depromam.
1895 4858 2012 4914 Non

429 4951 576 5003 enim
611 4951 835 5006 credere
886 4952 1291 5016 tantummodo,
1330 4967 1518 5007 verum
1546 4961 1601 5006 et
1653 4954 1801 5023 eligi,
1834 4968 1864 5006 a
1901 4951 2016 5008 Deo

428 5039 551 5096 fuit.
586 5044 867 5109 Quomodo
898 5045 1062 5114 igitur
1107 5045 1293 5102 dicitis
1323 5060 1409 5099 me
1439 5045 1506 5099 ab
1561 5044 1872 5099 hominibus
1916 5046 2011 5100 do-

427 5147 573 5190 etum
601 5153 720 5192 esse
737 5138 758 5192 ί
773 5137 893 5192 Non
922 5138 1243 5208 simpliciter
1261 5145 1466 5200 autem,
1490 5135 1561 5191 Ut
1581 5135 2010 5208 evangelizarem

429 5232 629 5296 ipsum,
656 5231 814 5293 dixit,
846 5230 962 5295 sed,
999 5251 1018 5283 ι
1064 5232 1122 5285 lu
1151 5231 1426 5302 gentibus.
1465 5249 1482 5280 ι
1517 5228 1798 5294 Quomodo
1849 5229 2014 5296 igitur

427 5323 679 5391 gentibus
707 5323 1178 5378 circumcisionem
1209 5320 1608 5392 prrcdicavero'!

505 5433 526 5466 ι
564 5415 825 5471 Protinus
856 5432 960 5470 non
984 5416 1184 5471 contuli
1216 5432 1338 5470 cum
1356 5429 1523 5470 carne
1556 5426 1610 5469 et
1661 5414 1946 5485 sanguine.
1988 5433 2007 5466 ι

429 5504 544 5562 lioc
583 5517 690 5575 est,
713 5508 834 5563 Non
861 5524 978 5564 sum
1009 5509 1312 5564 collocutus
1349 5508 1617 5578 apostolis
1651 5527 1664 5564 :
1703 5509 1804 5563 bos
1855 5506 2001 5562 enim

542 5654 581 5681 ιη
619 5643 745 5698 Act.
775 5643 965 5709 tx,15.

2116 4293 2180 4346 οὑ
2219 4292 2365 4362 λόγῳ
2406 4293 2566 4363 μόνον
2591 4292 2820 4363 ἔμαθεν,
2853 4292 2992 4346 ἀλλά
3019 4293 3118 4346 καὶ
3167 4293 3365 4346 πολλοῦ
3393 4289 3668 4360 πνεύματος

2119 4383 2417 4455 ἐπληρώθη
2438 4383 2538 4454 τὴν
2569 4383 2819 4454 καρδίαν,
2849 4386 2929 4446 είς
2947 4384 3038 4436 τὸν
3089 4383 3242 4446 ἐντὸς
3280 4382 3562 4454 ἄνθρωπον
3586 4377 3667 4447 τῆς

2119 4479 2377 4545 γνώσεως
2423 4475 2790 4548 ὲμὸαφείσης,
2841 4475 2938 4529 καὶ
2996 4475 3093 4529 τοῦ
3143 4474 3384 4547 Χριστοῦ
3432 4477 3491 4528 έν
3543 4469 3669 4539 αὑτιῖ·

2047 4565 2094 4624 0
2119 4570 2430 4632 λαλοῦντος.

2195 4684 2216 4718 ι
2261 4667 2380 4720 Ἵνα
2433 4663 2876 4734 εὐαγγελίζωμαι
2931 4664 3094 4718 αὑτὸν
3139 4665 3198 4720 ὲν
3243 4665 3356 4728 τοῖς
3404 4662 3618 4716 ἔθνεσιν.
3651 4677 3668 4710 ι

2119 4758 2470 4828 Ἀπεκάλυψέ
2506 4776 2597 4829 μοι
2631 4758 2722 4812 τὸν
2753 4758 2898 4820 Υίδν,
2933 4759 3032 4829 οὑχ
3062 4757 3155 4812 ῐνα
3187 4757 3354 4812 αὑτὸν
3392 4756 3487 4808 ῐδω
3515 4753 3670 4825 μόνον,

2120 4853 2234 4908 ἀλ)’
2260 4853 2348 4907 ἵνα
2375 4855 2469 4906 καὶ
2497 4853 2576 4916 είς
2624 4851 2818 4916 ἄλλους
2842 4851 3132 4919 ὲξενέγκω.
3167 4851 3242 4904 Οὑ
3260 4850 3369 4920 γὰρ
3393 4850 3453 4902 τὸ
3476 4843 3669 4900 πιστεῦο

2126 4965 2220 5002 σαι
2273 4947 2457 5017 μόνον,
2487 4945 2626 5000 ἀλλά
2656 4945 2752 4998 καὶ
2806 4945 2867 4998 τὸ
2906 4943 3381 5015 χειροτονηθῆναι,
3422 4938 3565 5010 παρά
3594 4934 3670 4990 τοῦ

2121 5038 2260 5093 Θεοῦ
2309 5039 2526 5108 γέγονε.
2556 5037 2682 5100 Πῶς
2719 5032 2811 5091 οὖν
2847 5037 3038 5105 λέγετε
3087 5037 3171 5090 ὅτι
3213 5036 3367 5106 παρά
3401 5030 3671 5104 ἀνθρώπων

2121 5131 2403 5203 ἐδιδάχθην
2424 5147 2439 5196 ;
2459 5131 2574 5200 Οὐχ
2594 5129 2778 5193 ἀπλῶς
2798 5129 2877 5194 δὲ,
2906 5129 3023 5183 Ἵνα
3047 5128 3484 5198 εὐαγγελίζωμαι
3509 5122 3669 5185 αὑτὸν,

2122 5225 2260 5290 ἀλλ’,
2300 5225 2420 5278 «Ἐν
2450 5227 2560 5287 τοῖς
2583 5225 2814 5276 ἔθνεσιν.
2844 5241 2863 5276 ι
2902 5223 3091 5287 Ὥστε,
3119 5221 3236 5286 πῶς
3261 5221 3329 5276 ἂν
3382 5220 3492 5280 τοῖς
3517 5215 3670 5269 ἔθνεσι

2126 5317 2430 5388 κηρύξαιμι
2466 5317 2770 5388 περιτομήν
2795 5333 2810 5382 ;

2201 5429 2218 5461 ι
2246 5410 2469 5474 -Εὑθέως
2500 5412 2562 5462 οὑ
2615 5407 3036 5479 προσανεθέμην
3081 5407 3250 5477 σαρκὶ
3298 5405 3388 5460 καὶ
3417 5403 3614 5471 αἵματι.
3647 5415 3663 5448 ι

2119 5504 2432 5570 Τουτέστιν,
2476 5504 2590 5557 Οὐκ
2637 5505 2718 5568 είς
2754 5503 2915 5572 λόγον
2953 5497 3122 5573 ἦλθον
3171 5503 3288 5565 τοῖς
3336 5495 3661 5554 ἀποστόλοις⁹

1771 5737 1964 5799 Variae
1995 5737 2318 5801 lectiones.

507 5868 554 5901 ⁵⁸
580 5869 957 5939 ἀφεστηκότας
989 5885 1064 5924 ιιι.
1143 5868 1188 5900 ⁵³
1223 5867 1550 5935 πορθοῦντος
1574 5884 1627 5922 o.
