3898 6580
254 411 362 473 965

1041 408 1446 471 EXPOSITIO
1482 407 1567 469 ΙΝ
1606 407 1848 468 EPIST.
1886 408 1984 468 AD
2019 408 2286 472 GALAT.
2329 436 2397 447 -
2435 411 2592 472 CAP.
2629 412 2658 472 Ι

3421 413 3530 478 966

251 527 480 584 τούτους
505 520 615 591 γάρ
648 519 828 590 σάρκα
860 519 950 574 καὶ
983 516 1124 589 αἷμα
1147 520 1326 586 καλεῖ,
1359 519 1466 574 ἀπὸ
1483 520 1584 588 τῆς
1615 518 1823 588 φύσεως

1946 534 2169 575 carnem
2193 531 2248 576 et
2277 521 2594 594 sanguinem
2617 531 2791 589 vocat,
2821 536 2850 577 a
2875 530 3067 578 natura
3089 537 3184 579 eos
3215 524 3524 582 nominans.

251 615 450 676 αὐτοὺς
479 611 766 683 ὀνομάζων
803 611 882 681 ’ἢ
937 611 1126 677 ἁπλῶς
1169 614 1298 686 περὶ
1349 613 1571 668 πάντων
1613 609 1830 680 ἀνθρώ-

249 725 369 760 πων
414 705 575 760 τοῦτὸ
608 723 795 777 φησιν,
826 706 906 761 ὅτι
940 707 1082 780 Παρ³
1120 707 1333 771 οὐδενὸς
1365 703 1656 777 ἀνθρώπου
1691 704 1831 774 ἔμα-

246 796 341 849 Θόν
364 813 437 848 τι.

323 903 342 936 ι
374 885 510 938 Οὐδὲ
541 884 771 954 ἀνῆλθον
800 887 847 921 ³³
890 887 972 952 είς
1011 886 1368 958 Ἰεροσόλυμα
1399 887 1534 959 πρὸς
1566 887 1692 950 τοὺς
1721 885 1830 956 πρὸ

243 977 385 1039 ἐμοῦ
436 977 794 1042 ἀποστόλους.
841 997 860 1030 ι
895 979 1021 1042 Πῶς
1057 978 1152 1033 οὖν
1183 980 1358 1035 ταῦτά
1387 980 1600 1050 φησινό
1657 979 1826 1033 Ἀπόο

243 1065 436 1128 στολος
463 1081 479 1131 ;
509 1060 619 1136 ἆρα
649 1065 792 1120 οὕτω
817 1067 1146 1138 τετύφωται,
1165 1068 1239 1134 ὡς
1267 1069 1362 1123 καὶ
1387 1070 1638 1141 αὐτάρκη
1666 1071 1827 1124 αὑτὸν

237 1160 427 1232 ἑαυτῷ
484 1161 874 1232 νομίξειν,καὶ
935 1163 1008 1235 μὴ
1067 1165 1274 1218 δεῖσθαι
1329 1165 1675 1236 συμϐούλους
1731 1166 1826 1219 καὶ

238 1252 363 1314 πῶς
396 1252 498 1305 οὐκ
523 1254 724 1323 ῆκουσε
765 1253 862 1307 τοῦ
899 1254 1152 1322 λέγοντος
1175 1270 1190 1287 ·
1229 1272 1249 1308 t
1282 1254 1374 1324 Μὴ
1407 1255 1518 1308 ίσθι
1559 1257 1826 1325 φρόνιμος

237 1344 396 1413 παρὰ
418 1345 635 1415 σεαυτῷ
655 1363 668 1412 ;
695 1347 854 1411 ι’καὶ,
874 1365 892 1398 ι
909 1347 1046 1400 Οὐαὶ
1069 1347 1119 1399 οἱ
1145 1347 1353 1400 συνετοὶ
1373 1347 1500 1417 παρ’
1525 1347 1738 1410 ἑαυτοῖς
1759 1364 1772 1412 ;
1800 1366 1819 1399 ι

233 1437 336 1508 Μὴ
390 1438 623 1508 γένοιτο.
678 1439 820 1492 Ἀλλ’
875 1439 1065 1510 ἐπειδὴ
1110 1440 1163 1492 oi
1219 1438 1384 1492 αὑτὸν
1444 1439 1826 1504 διαϐάλλοντες

234 1528 451 1597 ἔλεγον,
482 1531 564 1584 ὅτι
617 1532 745 1596 Τοῖς
781 1531 1106 1595 ἀποστόλοις
1155 1531 1384 1586 ἕπεσθαι
1425 1533 1522 1596 δεῖ,
1556 1532 1671 1588 ἀλλ’
1723 1533 1824 1587 οὐκ

232 1619 426 1689 αὐτῷ·
461 1622 556 1674 καὶ
585 1621 668 1675 ὅτι
714 1621 828 1692 Πρὸ
877 1621 1041 1674 αὑτοῦ
1080 1616 1224 1692 ἦσαν
1251 1623 1452 1675 ἐκεῖνοι
1486 1621 1776 1676 ἀπόστολοι
1804 1637 1819 1652 ο

229 1713 560 1783 ἠναγκάσθη
604 1713 776 1768 ταῦτα
823 1715 1022 1779 είπεῖν,
1082 1713 1172 1768 ἵνα
1219 1714 1348 1778 τοὺς
1377 1713 1613 1778 πλάνους
1652 1731 1822 1768 κατα-

229 1807 448 1877 στείλῃ.
479 1807 592 1860 Καὶ
614 1806 724 1876 γὰρ
749 1805 944 1875 ἀλογον
971 1801 1060 1878 ῆν,
1087 1806 1180 1859 τὸν
1208 1806 1360 1878 παρά
1391 1805 1525 1859 Θεοῦ
1551 1805 1816 1877 μαθόντα,

1948 610 2042 665 Vel
2097 612 2416 682 simpliciter
2453 613 2521 667 de
2555 614 2808 669 omnibus
2858 615 3176 670 mortalibus
3229 616 3332 673 hoc
3370 617 3522 686 dicit,

1939 706 2081 775 quod
2113 705 2158 760 A
2194 706 2339 761 nullo
2367 706 2674 762 mortalium
2705 707 2862 763 didici
2891 707 3206 778 quidquam.

2015 884 2178 939 Vens.
2216 886 2301 941 Π.
2333 905 2352 937 ι
2392 885 2498 941 Nec
2534 888 2754 942 ascendi
2787 887 3160 961 Hierosolyma
3195 891 3262 945 ad
3292 906 3388 946 eos
3428 893 3522 962 qui

1937 988 2064 1031 ante
2093 992 2180 1031 me
2212 977 2428 1032 fuerant
2451 978 2701 1047 apostoli.
2739 997 2759 1033 ι
2804 979 2984 1045 Quare
3003 982 3103 1036 ista
3124 983 3256 1037 dicit
3285 985 3523 1054 Aposto-

1935 1070 2072 1125 lus?
2117 1067 2255 1122 Num
2305 1071 2442 1125 adeo
2477 1069 2834 1136 intumuerat,
2880 1079 2938 1124 ut
2981 1073 3220 1142 seipsnm
3276 1075 3522 1131 sullicere

1940 1165 2042 1218 sibi
2088 1171 2328 1234 putaret,
2367 1178 2468 1218 nec
2506 1179 2641 1234 opus
2691 1163 2891 1218 habere
2946 1165 3296 1221 consultorel
3341 1168 3522 1235 Quare

1939 1271 2046 1310 non
2099 1257 2441 1312 anscultatus
2481 1267 2564 1311 est
2596 1256 2644 1310 ei
2679 1257 2770 1326 qui
2798 1255 2936 1310 dixit
2967 1273 2980 1310 :
3024 1274 3043 1308 ι
3078 1256 3156 1312 Ne
3180 1259 3256 1312 sis
3281 1261 3522 1330 prudens

1937 1347 2076 1416 apud
2115 1349 2456 1416 temetipsum
2491 1347 2566 1400 nl
2599 1368 2618 1398 ι
2650 1357 2728 1413 et,
2767 1365 2786 1398 ι
2827 1345 2916 1401 Va:
2947 1347 3053 1403 illis
3099 1349 3192 1418 qui
3235 1353 3527 1417 prudentes

1936 1445 2063 1490 sunt
2089 1437 2227 1506 apud
2257 1436 2672 1514 .semetipsos°?
2708 1455 2727 1488 ι
2761 1435 3213 1509 Haudquaquam.
3247 1437 3350 1494 Sed
3398 1443 3524 1508 quia

1935 1527 2366 1583 calumniatores
2405 1527 2521 1595 ejus
2557 1528 2830 1595 dicebant,
2867 1531 3011 1600 quod
3082 1530 3372 1601 Apostolos
3425 1547 3526 1586 nos

1932 1620 2086 1690 sequi
2127 1629 2359 1688 oportet,
2392 1634 2499 1675 non
2543 1620 2762 1690 ipsum:
2804 1631 2861 1678 et
2912 1622 3054 1692 quod
3093 1623 3341 1693 Apostoli
3397 1631 3528 1678 ante

1933 1713 2109 1782 ipsum
2137 1712 2376 1779 luerunt,
2403 1721 2628 1769 coactus
2646 1723 2729 1768 est
2751 1714 2866 1770 haec
2888 1715 3090 1779 dicere,
3113 1725 3174 1770 ut
3193 1717 3517 1770 seductores

1931 1805 2206 1860 cohibeat.
2237 1805 2542 1859 Absurdum
2577 1806 2728 1860 enim
2775 1805 2934 1876 331
2986 1815 3124 1872 erat,
3157 1815 3215 1861 ut
3257 1807 3302 1861 is
3347 1806 3440 1877 qui
3493 1823 3523 1860 a

224 1898 555 1972 ἀνθρώποις
630 1900 994 1970 προσανέχειν
1049 1897 1264 1955 λοιπόν.
1320 1898 1398 1955 Οὐ
1444 1901 1628 1952 τοίνυν
1683 1900 1823 1953 ἀπο-

1939 1898 2045 1954 Deo
2099 1897 2399 1962 didicisset,
2442 1897 2755 1952 hominibus
2796 1907 2982 1966 postea
3029 1896 3364 1952 adhaereret.
3403 1897 3522 1953 Non

229 1992 532 2061 νοούμενος
564 1991 738 2045 ταῦτα
770 1990 938 2059 λέγει,
972 1990 1091 2046 ἀλλ’
1141 1991 1230 2046 ἴνα
1277 1989 1428 2062 δείξῃ
1481 1990 1578 2044 τοῦ
1622 1989 1826 2043 οἰκείου

228 2083 601 2154 κηρύγματος
655 2083 716 2136 τὸ
783 2083 1026 2154 ἀξίωμα.
1092 2084 1204 2138 Καὶ
1278 2083 1385 2155 μὴν
1437 2081 1680 2152 ἀπῆλθεν
1746 2083 1828 2146 είς

241 2176 521 2246 Ἰεροσόλυ
532 2193 630 2245 μα,
663 2175 778 2228 ἀλλ’
809 2175 908 2245 οὐχ
932 2174 1074 2228 ὥστε
1099 2175 1266 2230 αὐτὸν
1290 2174 1502 2246 μαθεῖν,
1535 2173 1654 2227 ἀλλ’
1683 2172 1827 2227 ὥστε

229 2271 460 2340 ἑτέρους
491 2269 696 2331 πεῖσαι,
731 2268 812 2320 ὃτι
841 2268 934 2320 κά).
960 2269 1074 2330 τοῖς
1123 2268 1182 2320 ὲν
1231 2266 1626 2338 Ἰεροσολύμοις
1649 2265 1826 2319 ταῦτα

227 2362 406 2415 δοκεῖ.
444 2361 680 2414 Ἔπειτα
731 2359 938 2423 εὐθέως
988 2360 1089 2413 οὐκ
1144 2358 1367 2430 ἀνῆλθε,
1424 2359 1724 2422 τουτέστιν,
1767 2357 1827 2410 ὲν

227 2453 553 2523 προοιμίοις
580 2469 594 2485 ο
628 2452 765 2522 μετά
797 2450 972 2506 ταῦτα
1017 2451 1076 2505 δὲ
1125 2451 1350 2521 ἀνῆλθε,
1382 2451 1480 2504 καὶ
1510 2451 1631 2504 τότε
1681 2449 1824 2519 ὑπὲρ

227 2547 326 2601 τοῦ
363 2547 566 2610 ἄλλους
599 2547 784 2598 πεῖσαι
795 2583 808 2598 .

303 2658 326 2692 ι
401 2637 545 2691 Ἀλλ’
579 2636 821 2708 ἀπῆλθον
870 2636 952 2700 είς
1012 2635 1294 2707 Ἀραϐίαν,
1359 2636 1456 2690 καὶ
1502 2635 1666 2690 πάλιν
1723 2635 1826 2691 ὕπ-

227 2731 489 2803 ἐστρεψα
520 2731 600 2792 είς
635 2727 946 2801 Δαμασκόν.
985 2747 1006 2781 ι
1044 2729 1184 2792 Τοὺς
1206 2729 1592 2800 ἀγεωργήτους
1625 2728 1826 2794 τόπους

224 2821 480 2895 περιῄει,
512 2823 607 2876 καὶ
639 2823 868 2891 ἀγρίους
896 2839 910 2855 ·
941 2821 991 2875 εί
1020 2821 1131 2892 γὰρ
1159 2821 1320 2892 ἔμενε
1358 2820 1501 2892 μετά
1539 2821 1647 2874 τῶν
1684 2823 1824 2876 ἀπο-

224 2914 462 2976 στόλων,
499 2912 836 2977 ὲνεποδίζετο
885 2911 950 2966 ἂν
983 2913 1045 2965 τὸ
1091 2913 1378 2983 κήρυγμα,
1407 2913 1506 2966 καὶ
1553 2913 1650 2983 οὐχ
1680 2911 1824 2966 οὕτω

220 3005 448 3076 ταχέως
473 3001 539 3056 ἀν
561 3003 792 3072 διεδόθη.
814 3003 910 3056 Διά
923 3002 1082 3056 τοῦτο
1109 3003 1246 3074 πρὸς
1278 3004 1344 3057 τά
1365 3003 1682 3074 ἀγριώτατα
1715 3002 1823 3055 τῶν

221 3096 407 3150 ἐθνῶν
439 3095 683 3166 ἔτρεχεν.
719 3094 863 3166 Ὅρα
903 3093 960 3147 δὲ
1001 3094 1533 3164 ταπεινοφροσύνην,
1555 3094 1676 3158 πῶς
1722 3094 1824 3158 τὰς

221 3189 422 3251 πόλεις
452 3187 797 3255 καταλέγων,
828 3186 1068 3257 οὐδαμοῦ
1103 3181 1259 3240 εἶπεν
1289 3189 1450 3252 ὅσους
1483 3187 1816 3257 ἐπέστρεψε,

1939 1992 2108 2062 igitur
2130 1990 2439 2060 arrogantia
2479 1989 2654 2045 elatus
2685 1988 2802 2044 hac
2835 1988 2986 2053 dicit,
3029 2003 3217 2042 verum
3249 1999 3310 2044 ut
3334 1998 3523 2045 osten-

1935 2084 2029 2138 dat
2063 2084 2294 2153 propriae
2321 2081 2722 2152 przedicationis
2765 2095 2880 2136 sua:
2910 2083 3315 2139 auctoritatem.
3351 2082 3512 2151 Atqui

1933 2172 2212 2244 prolectus
2258 2179 2342 2227 est
2377 2171 2775 2244 .llierosolyma
2819 2189 2836 2228 :
2897 2188 3004 2229 non
3059 2183 3240 2229 tamen
3301 2184 3360 2228 ut
3404 2175 3525 2244 ipse

1939 2263 2189 2327 disceret,
2217 2263 2311 2318 sed
2335 2273 2396 2318 ut
2438 2264 2556 2318 aliis
2601 2265 2974 2334 persuaderet,
3001 2267 3144 2335 quod
3185 2266 3300 2321 haec
3352 2269 3520 2321 etiam

1933 2355 2334 2427 Hierosolymis
2396 2357 2688 2427 agentibus
2747 2357 3019 2428 placeant.
3057 2359 3286 2414 'Deinde
3331 2359 3518 2413 statim

1934 2465 2042 2504 non
2086 2448 2353 2514 ascendit,
2382 2449 2485 2505 hoc
2534 2459 2640 2516 est,
2683 2451 2736 2504 in
2775 2450 3099 2521 primordiis
3151 2452 3285 2519 suis,
3334 2459 3519 2520 postea

1933 2557 2064 2599 vero
2097 2542 2362 2608 ascendit,
2391 2552 2448 2598 el
2475 2553 2586 2598 tum
2609 2549 2828 2615 qubque
2879 2553 2938 2599 ut
2970 2544 3092 2600 aliis
3137 2544 3519 2613 persuaderet.

2009 2653 2028 2688 ι
2064 2633 2170 2690 Sed
2197 2634 2305 2689 abii
2357 2634 2410 2689 in
2442 2635 2721 2700 Arabiam,
2754 2645 2808 2692 et
2865 2636 3060 2690 iterum
3103 2651 3358 2692 reversus
3389 2649 3512 2690 sum

1932 2726 2282 2782 Damascum.
2320 2743 2338 2778 ι
2373 2725 2577 2782 Inculta
2626 2727 2744 2783 loca
2795 2727 3140 2794 circumibat,
3167 2737 3222 2782 et
3253 2727 3516 2796 agrestia.

1931 2818 1989 2874 Si
2021 2818 2166 2873 enim
2191 2832 2313 2873 cum
2339 2818 2598 2888 apostolis
2631 2819 3041 2888 permansisset,
3077 2820 3335 2889 impedita
3383 2819 3517 2874 fuis-

1931 2919 2014 2966 set
2047 2911 2164 2981 cjus
2215 2911 2548 2983 praedicatio,
2575 2926 2675 2966 nec
2710 2912 2847 2968 adeo
2896 2911 3151 2968 celeriter
3198 2912 3512 2968 distributa.

1931 3003 2058 3058 ldco
2080 3003 2146 3057 ad
2171 3004 2497 3072 agrestiores
2523 3013 2712 3074 gentes
2740 3005 3016 3060 currebat.
3046 3005 3178 3060 Vide
3203 3015 3380 3068 autem
3402 3005 3520 3075 ejus

1935 3095 2332 3150 humilitatem:
2367 3098 2640 3166 quomodo
2671 3097 2832 3151 urbes
2880 3107 2935 3152 et
2973 3097 3228 3166 regiones
3278 3112 3519 3155 comme-

1931 3200 2171 3252 morans,
2206 3201 2473 3256 nusquam
2525 3186 2740 3241 dixerit
2773 3197 2901 3257 quot
2939 3199 3241 3258 quantosve
3268 3191 3336 3245 ad
3362 3189 3522 3244 Chri-

218 3282 412 3336 καίτοι
441 3296 506 3348 γε
537 3281 594 3332 ὲν
623 3278 902 3349 Δαμασκῷ
929 3277 1072 3332 οῦτω
1093 3278 1315 3350 συνέχεε
1341 3280 1467 3344 τοὺς
1510 3279 1821 3344 Ἰουδαίους,

1939 3288 2070 3332 stum
2082 3253 2434 3343 converterit,
2453 3279 2702 3348 quamvis
2726 3253 2974 3334 Damasci
2992 3281 3128 3337 adeo
3146 3280 3518 3337 conl‘nndehat

221 3374 296 3437 ὡς
352 3374 454 3426 καὶ
490 3369 944 3440 ἐπιϐουλευθῆναι
979 3369 1132 3441 παρά
1163 3370 1258 3423 τοῦ
1308 3370 1600 3442 ἐθνάρχου.
1634 3371 1826 3434 Οὕτως

220 3467 337 3538 ἄρα
395 3465 458 3518 οὐ
513 3463 825 3536 φιλοτιμίας
869 3463 1036 3518 ἕνεκα
1068 3464 1114 3496 ⁵⁵
1160 3463 1329 3534 λέγει,
1363 3463 1399 3518 ἀ
1444 3465 1593 3518 δοκεῖ
1646 3464 1826 3533 λέγειν

226 3556 458 3628 μεγάλα
485 3557 612 3629 περὶ
659 3554 884 3619 ἑαυτοῦ,
910 3555 1048 3610 ἀλλά
1073 3555 1169 3609 τοῦ
1203 3555 1279 3628 μὴ
1331 3555 1600 3627 βλαϐῆναι
1631 3555 1692 3608 τὸ
1725 3557 1824 3626 κήο

226 3667 451 3720 ρυγμα,
482 3649 886 3719 ἀπιστουμένου
914 3647 1104 3714 αὑτοῦ,
1129 3647 1204 3712 ὡς
1249 3648 1505 3712 εὐτελοῦς
1542 3687 1558 3715 ,
1590 3647 1681 3702 καὶ
1714 3663 1825 3719 μα-

223 3737 417 3808 θητῶν
454 3738 719 3809 μαθητοῦ.

299 3850 321 3882 ι
371 3831 610 3883 Ἔπειτα
671 3830 811 3901 μετά
870 3829 964 3899 ἔτη
1004 3830 1130 3902 τρία
1187 3829 1417 3900 ἀνῆλθον
1447 3831 1529 3894 είς
1589 3829 1824 3905 Ἰεροσό-

219 3925 403 3997 λυμα.
440 3922 726 3994 ἱστορῆσαι
753 3923 982 3994 Πέτρον.
1009 3942 1030 3976 ι
1057 3923 1167 3977 Καὶ
1198 3910 1358 3978 τοῦτο
1385 3924 1818 3996 ταπεινοφροσύ-

220 4035 350 4089 νης,
386 4017 443 4070 εί
466 4032 529 4084 γε
564 4017 591 4068 ό
630 4014 869 4068 τοσαῦτα
915 4014 1270 4086 κατορθώσας
1304 4016 1472 4088 ἀπῄει
1522 4018 1662 4088 πρὸς
1717 4017 1821 4070 Πέ-

220 4126 384 4180 τρον,
416 4108 518 4160 οὐκ
542 4105 806 4176 ὠφελείας
839 4106 1027 4174 ἕνεκα,
1063 4106 1177 4161 ἀλλ’
1215 4109 1455 4177 ἱστορίας
1521 4109 1713 4179 μόνης,
1743 4125 1826 4161 τι·

223 4202 352 4272 μῶν
383 4201 462 4263 ὡς
507 4200 732 4271 μείζονα
782 4198 970 4255 αὐτοῦ.
998 4200 1089 4253 Διδ
1121 4200 1242 4254 οὐδὲ
1289 4197 1464 4268 εἷπεν,
1509 4201 1658 4255 Ἰδεῖν
1717 4201 1824 4255 Πέ-

225 4310 394 4361 τρον,
424 4290 568 4357 ἀλλ’,
606 4307 627 4343 ι
689 4291 1034 4361 Ἰστορῆσαιο
1077 4309 1098 4344 ι
1149 4292 1285 4363 ὅπερ
1325 4293 1376 4346 οἱ
1433 4292 1531 4357 τὰς
1582 4293 1824 4363 μεγάλας

222 4388 420 4450 πόλεις
483 4386 580 4439 καὶ
636 4385 897 4455 λαμπρὰς
959 4384 1476 4456 καταμανθάνοντες
1531 4387 1822 4456 λέγουσιν,

224 4480 431 4549 ὥσπερ
458 4479 550 4532 καὶ
581 4479 742 4549 ἡμεῖς
766 4477 1004 4547 ἀπίεμεν
1035 4477 1173 4550 πρὸς
1201 4478 1390 4546 ἀγίους
1415 4478 1612 4551 ἄνδρας
1634 4496 1650 4511 ο
1681 4479 1822 4549 μᾶλ-

1925 3369 2166 3435 Ιιιᾶιτοε,
2200 3378 2258 3423 ιιι
2285 3369 2492 3425 insidiae
2515 3370 2563 3424 ei
2580 3378 2922 3425 struerentur
2946 3386 2974 3424 a
3007 3373 3258 3442 praeside.
3283 3371 3519 3428 Proinde

1932 3479 2052 3533 qua:
2083 3478 2277 3535 magna
2312 3463 2378 3518 de
2423 3477 2546 3518 sese
2579 3478 2803 3518 narrare
2839 3464 3077 3528 videtur,
3118 3463 3360 3535 profecto
3410 3481 3516 3519 non

1926 3552 2242 3607 ambitionis
2280 3560 2335 3607 et
2371 3551 2544 3606 laudis
2585 3552 2759 3622 gratia
2807 3552 2960 3622 dicit,
3013 3554 3128 3620 sed,
3169 3571 3236 3609 ne
3284 3555 3514 3610 laedatur

1927 3643 2265 3713 przedicatio,
2299 3643 2343 3698 si
2382 3643 2517 3713 .ipse
2557 3644 2698 3698 haud
2742 3644 2846 3701 tlde
2878 3647 3074 3717 dignus
3125 3661 3224 3702 ceu
3265 3646 3389 3702 vilis
3443 3661 3510 3700 ac

1927 3733 2314 3803 discipulorum
2349 3735 2643 3804 discipulus
2669 3735 2952 3794 habeatur.

1999 3823 2166 3882 Vens.
2196 3825 2284 3884 18.
2317 3843 2335 3878 ι
2369 3825 2574 3882 Deinde
2614 3839 2732 3900 post
2766 3843 2938 3884 annos
2966 3838 3073 3884 tres
3105 3830 3322 3886 ascendi
3379 3829 3512 3885 Hie-

1928 3920 2226 3991 rosolyma,
2271 3930 2329 3974 ut
2359 3921 2597 3976 viderem
2622 3921 2868 3978 Petrum.
2912 3940 2930 3973 ι
2967 3921 3031 3975 Ει
3054 3923 3156 3977 hoc
3184 3923 3514 3978 humilitatis

1929 4013 2165 4082 signum,
2216 4011 2483 4080 siquidem
2541 4013 2630 4077 is,
2673 4012 2766 4083 qui
2823 4020 2972 4066 tanta
3027 4021 3390 4083 transegerat,
3447 4017 3514 4069 ad

1925 4102 2148 4158 Petrum
2189 4104 2343 4169 abiit,
2380 4119 2486 4159 non
2515 4103 2772 4159 utilitatis
2802 4104 2998 4171 gratia,
3028 4103 3122 4160 sed
3155 4105 3272 4160 solo
3299 4105 3504 4162 visendi

1925 4193 2129 4258 studio,
2164 4194 2440 4248 honorans
2488 4207 2609 4248 eum
2641 4208 2741 4248 ceu
2797 4206 2856 4246 se
2904 4191 3189 4263 majorem.
3220 4191 3512 4264 Propterea

1925 4301 2102 4356 neque
2133 4286 2292 4349 dixit,
2321 4285 2495 4350 Ἰδεῖν,
2530 4284 2581 4339 id
2610 4293 2716 4350 est,
2741 4284 2811 4341 Ut
2841 4301 3121 4342 cernerem
3143 4283 3385 4350 Petrum,
3417 4287 3513 4340 sed

1937 4378 2354 4452 Ἰστορῆσαι,ξίό
2377 4388 2478 4444 est,
2510 4375 2577 4431 Ut
2607 4376 2874 4444 viderem,
2899 4387 3098 4434 etcum
3130 4377 3515 4432 observatiune

1927 4472 2206 4526 intuerer:
2233 4470 2285 4525 id
2314 4469 2461 4539 quod
2496 4483 2720 4538 magnas
2757 4483 2810 4523 et
2837 4469 3122 4538 praeclaras
3166 4469 3326 4524 urbes
3358 4469 3513 4524 addi-

223 4569 319 4624 λεν
337 4569 399 4623 δὲ
423 4570 586 4639 ἡμεῖς
606 4566 876 4638 ὠφελείας
896 4568 1103 4635 ἕνεκεν,
1122 4569 1329 4633 ἐκεῖνος
1353 4569 1410 4624 δὲ
1426 4571 1596 4642 τιμῆς
1621 4570 1814 4641 μόνης.

1939 4571 2142 4617 ιοοιιιεε
2171 4561 2382 4625 dicunt,
2419 4560 2644 4631 perinde
2688 4574 2754 4615 ac
2790 4575 2890 4616 nos
2925 4561 3138 4616 abimus
3185 4561 3251 4614 ad
3285 4570 3508 4615 sanctos

308 4859 331 4892 ι
377 4837 489 4892 Kal.
521 4837 789 4908 ὲπέμεινα
817 4836 953 4909 πρὸς
999 4837 1160 4891 αὑτὸν
1191 4838 1408 4910 ἡμέρας
1439 4837 1758 4892 δεκαπέντε.
1798 4856 1819 4890 ι

229 4933 308 4986 Τὸ
340 4930 443 4999 μὲν
487 4928 985 5001 ίστορῆσαι,τιμῆς
1026 4931 1254 4999 σημεῖον
1279 4945 1294 4962 ο
1324 4929 1386 4983 τὸ
1410 4929 1468 4982 δὲ
1514 4931 1817 5001 ἐπιμεῖναι,

230 5025 425 5095 φιλίας
455 5023 552 5076 καὶ
595 5023 816 5093 ἀγάπης
851 5020 1108 5092 σφοδρᾶς.
1140 5021 1255 5075 Οὑκ
1284 5018 1405 5075 εἷπε
1449 5022 1526 5088 δὲ,
1561 5023 1642 5075 ὅτι
1683 5023 1825 5076 Ἐδι-

229 5117 466 5188 δάχθην,
501 5116 640 5182 ἀλλ’,
679 5135 697 5168 ι
731 5114 1036 5185 Ἐπέμεινα
1067 5114 1206 5184 πρὸς
1243 5114 1430 5180 αὑτὸν,
1483 5134 1502 5168 ι
1541 5115 1664 5169 ἀντὶ
1701 5115 1818 5181 τοῦ,

234 5209 358 5279 μετ’
391 5207 580 5262 αὐτοῦ.

313 5316 337 5349 ι
395 5299 623 5368 Ἕτερον
673 5296 732 5350 δὲ
788 5297 900 5350 τῶν
932 5295 1246 5350 ἀποστόλων
1283 5293 1384 5348 οὐκ
1440 5291 1604 5360 εἶδον,
1649 5293 1699 5346 εἰ
1747 5294 1823 5366 μὴ

245 5387 509 5443 Ἰάκωϐον
560 5387 652 5442 τδν
715 5387 940 5457 ἀδελφὸν
971 5385 1067 5439 τοῦ
1097 5385 1321 5456 Κυρίου.
1373 5403 1392 5438 ι
1449 5384 1548 5438 Διά
1583 5383 1683 5455 μὲν
1731 5385 1824 5438 τὸν

235 5476 451 5547 Πέτρον
480 5475 672 5546 ἀνέϐη,
703 5475 876 5540 οὕτως
910 5474 1077 5528 αὐτὸν
1107 5475 1269 5545 ὲτίμα
1291 5476 1385 5530 καὶ
1410 5474 1617 5528 eumeu-
1650 5470 1758 5529 εἶδε
1780 5475 1825 5512 ’τ

389 5621 417 5650 ιι
470 5613 630 5669 Prov.
674 5630 758 5682 ιιι,
789 5617 842 5672 7.
956 5629 979 5652 °
1010 5615 1114 5671 lsa.
1145 5630 1197 5682 v,
1227 5614 1318 5672 2|.

1925 4652 2118 4707 viros:
2160 4652 2257 4707 sed
2310 4666 2408 4707 nos
2454 4651 2635 4721 potius
2689 4651 2957 4720 utilitatis,
3013 4652 3105 4708 ille
3155 4667 3285 4708 vero
3339 4652 3509 4708 solius

1923 4742 2148 4799 honoris
2175 4742 2369 4813 gratia.

2005 4851 2024 4885 ι
2061 4832 2127 4887 Ει
2155 4833 2329 4888 mansi
2372 4833 2514 4904 apud
2549 4847 2673 4889 eum
2705 4835 2895 4892 diebus
2933 4834 3266 4907 quindecim.
3310 4852 3331 4886 ι
3365 4832 3501 4888 Illud

1922 4924 2163 4994 quidem,
2192 4922 2506 4987 Utvideret,
2536 4927 2758 4982 honoris
2787 4929 2998 4998 signum
3027 4935 3112 4983 est.
3143 4941 3158 4979 :
3189 4937 3509 4996 permanere

1923 5024 2129 5079 autem,
2150 5016 2405 5072 amicitiae
2433 5001 2829 5088 charitatisque
2851 5017 3186 5074 vehementis
3217 5025 3302 5071 est
3349 5030 3511 5086 argu-

1919 5107 2318 5163 mentum.Non
2354 5110 2489 5164 dixit
2520 5118 2704 5164 autem
2727 5110 2869 5179 quod
2905 5109 3014 5164 illic
3041 5109 3235 5164 doctus
3261 5107 3356 5171 sit,
3387 5106 3507 5173 sed,

1927 5219 1946 5254 ι
1987 5200 2164 5256 Manu
2195 5201 2334 5270 apud
2363 5215 2512 5267 eum,
2551 5221 2570 5254 ι
2609 5216 2729 5272 pro,
2758 5217 2881 5256 cum
2906 5201 3041 5270 ipso.

2004 5290 2163 5347 Vens.
2193 5292 2282 5348 l9.
2315 5310 2334 5344 ι
2365 5292 2542 5347 Alium
2570 5301 2752 5348 autem
2781 5289 3148 5359 apostolorum
3179 5288 3286 5342 vidi
3333 5294 3508 5342 nenti-

1929 5399 2080 5449 neut,
2146 5386 2251 5440 nisi
2307 5383 2569 5440 Jacobum
2616 5382 2843 5438 fratrem
2894 5379 3128 5437 Domini.
3189 5397 3208 5432 ι
3275 5377 3508 5448 Propter

1929 5477 2148 5532 Petrum
2176 5475 2396 5547 quidem
2440 5475 2706 5541 ascendit,
2736 5475 2870 5530 adeo
2902 5474 3078 5544 ipsum
3103 5471 3404 5530 honorabat
3440 5483 3505 5526 ac

1564 5732 1758 5796 Vat-ite
1795 5733 2103 5798 lectiones

313 5862 356 5893 ⁵³
407 5858 546 5915 ἀλλά
579 5857 700 5912 οὐδὲ
741 5854 984 5926 ἀπῆλθον
1008 5872 1060 5912 o.
1137 5857 1184 5890 "
1217 5857 1374 5928 χάριν
1404 5872 1458 5914 0.
1534 5859 1579 5893 "
1605 5854 1671 5932 ἧν
1703 5859 1758 5914 δὲ
1797 5860 1892 5916 καὶ
1931 5853 2182 5918 Ἰάκωϐος
2225 5868 2279 5909 o.
