3898 6590
130 406 221 466 {'69

896 394 1306 458 sxrosmo
1336 394 1418 455 IN
1459 352 1842 469 EPIST._AD
1878 392 2150 455 GALAT.
2181 417 2247 429 —-
2279 370 2451 455 CAP?
2480 391 2560 453 II.

3277 394 3384 456 970

130 520 185 575 ἆι
203 513 481 570 πεισθῶσιν
523 512 573 566 οἱ
615 510 1118 581 σκανδαλιζόμενοι,
1154 510 1236 563 ὅτι
1291 507 1522 578 οὐδεμία
1565 507 1688 560 δια-

1807 522 1918 562 nem
1946 508 2198 561 veniente
2232 507 2373 574 quod
2398 502 2875 576 transgrederetur
2900 504 3097 580 legem,
3133 512 3387 564 ascendit

130 610 284 681 (ρωνίσ.
342 609 400 660 ὲν
445 605 527 677 τῷ
585 604 929 676 κηρύγματι,
983 602 1101 657 ἀλλ’
1157 600 1523 671 οἰκονομικῶς
1587 599 1687 668 τὴν

130 699 411 772 περιτομὴν
428 700 477 752 οἱ
501 697 916 769 συγχωροῦντες
943 693 1344 767 συγχωροῦσιν,
1362 693 1438 756 ὡς
1455 693 1690 763 ἐμπερι-

130 796 293 864 τιίμοις
330 791 720 863 κηρύσσοντες,
772 789 891 851 πῶς
944 784 1037 843 οὗν
1109 788 1305 856 ἄλογον
1358 786 1422 839 τὸ
1460 785 1692 855 γενόμε-

131 904 205 941 νον
228 904 242 951 ;
272 886 344 939 Τό
371 901 430 937 τε
485 883 599 956 γὰρ
655 881 885 953 Πνεῦμα
911 881 1052 950 ὑπὲρ
1073 881 1167 935 τοῦ
1195 881 1419 950 ἑτέρους
1465 879 1696 951 διορθω-

132 979 292 1049 οῆναι,
321 975 575 1046 ἐκίνησεν
617 974 782 1030 αὑτὸν
816 973 1086 1041 ἀνελθεῖν,
1117 972 1214 1028 καὶ
1250 972 1411 1037 αὐτὸς
1467 972 1692 1030 εἰκότως

131 1073 410 1141 ὑπήκουσε.

1801 615 1896 669 per
1971 599 2380 663 revelationem,
2416 597 2623 670 Spiritu
2682 601 2785 655 hoc
2831 600 2880 656 ei
2933 610 3276 672 suggerente,
3327 613 3387 657 ut

1800 693 2013 748 discant
2046 701 2099 746 et
2131 692 2559 760 persuadeanlur
2579 692 2672 763 qui
2712 683 3386 766 scandalum'passierant,

1803 783 1948 851 quod
1980 782 2128 837 nulla
2176 781 2246 836 sit
2300 783 2634 838 dissonantia
2677 784 2729 838 itt
2786 786 3169 851 prtedicatione
3213 784 3387 854 verbi,

1803 873 1899 929 sed
1924 873 2014 943 qui
2052 872 2528 928 circumcisionem
2557 875 2949 941 concedebant,
2977 876 3208 932 consilio
3248 894 3389 947 quo-

1800 967 1923 1022 dam
1971 967 2369 1033 concedebant,
2419 981 2613 1037 nempe
2660 967 2786 1037 quia
2831 967 3173 1027 circumcisis
3217 971 3379 1043 333
3452 1000 3457 1005 ο

1804 1060 2211 1131 praedicabant;
2244 1075 2405 1130 quam
2455 1061 2674 1116 tandem
2730 1062 3121 1119 absurditatem
3168 1064 3391 1120 habebit

130 1186 202 1222 res
228 1174 325 1221 μισ
352 1169 375 1222 ?
402 1165 639 1235 Spiritus
663 1164 832 1231 enim,
870 1175 928 1219 ut
951 1163 1042 1218 alii
1072 1163 1504 1235 corrigerentur,
1539 1159 1837 1217 commovit
1895 1158 2069 1230 ipsum
2096 1158 2415 1225 ascendere,
2455 1167 2510 1214 et
2582 1157 2698 1229 ipse
2768 1174 2875 1214 non
2943 1158 3216 1218 immerito
3266 1179 3386 1219 mo-

152 1283 223 1320 em
244 1265 436 1320 cessit.

152 1283 223 1320 em
279 1281 436 1319 essu.

131 1285 151 1322 r
190 1378 206 1409 ι
244 1281 375 1411 ἕατ’
415 1356 552 1410 ίδίαν
595 1354 653 1409 δὲ
695 1326 809 1418 τοῖς
851 1353 1089 1409 δοκοῦσι.
1132 1373 1152 1406 ι
1191 1352 1293 1407 Διά
1336 1352 1397 1406 τὺ
1464 1350 1696 1413 πολλοὺς

128 1449 249 1507 εἶναι
283 1453 410 1516 τοὺς
447 1449 998 1521 σκανδαλιζομένους,
1030 1449 1155 1504 κατ’
1197 1448 1335 1502 ἰδίαν
1370 1447 1556 1519 ὁμιλεῖ
1580 1448 1695 1508 τοῖς

1873 1367 1892 1399 ι
1920 1345 2160 1403 Seorsim
2188 1353 2368 1401 autem
2397 1346 2466 1401 iis
2492 1346 2586 1418 qui
2611 1345 2935 1402 videbantur
2950 1344 3151 1420 aliquid
3173 1365 3316 1408 esse.
3356 1374 3378 1408 ι

1797 1445 1932 1512 Quia
1963 1458 2068 1498 non
2102 1442 2259 1513 pauci
2289 1451 2447 1499 erant
2478 1443 2569 1512 qui
2633 1442 2953 1498 scandalum
3015 1447 3383 1516 patiebantur,

127 1549 241 1620 περὶ
265 1548 471 1619 Πέτρον
495 1548 523 1600 ὁ
559 1546 792 1610 Παῦλος.
821 1546 909 1600 ἵνα
951 1546 1025 1617 μὴ
1071 1545 1262 1608 στάσις
1317 1543 1570 1615 γένηται,
1600 1542 1695 1595 καὶ

1807 1537 1994 1592 Paulus
2026 1535 2277 1607 privatim
2320 1550 2443 1589 cum
2506 1534 2652 1590 Petri
2694 1537 2979 1607 discipulis
3032 1539 3381 1611 colloquitur,

131 1642 298 1712 μεῖζον
331 1642 473 1711 ἀρθῇ
500 1638 563 1693 τὸ
608 1639 930 1693 σκάνδαλον.
989 1638 1267 1710 Μυριάδες
1313 1636 1423 1707 γὰρ
1471 1632 1613 1707 ἦσαν
1647 1635 1695 1688 οί

1807 1647 1864 1685 ne
1890 1629 2089 1687 seditio
2113 1628 2348 1695 oriatur,
2374 1639 2427 1683 et
2446 1638 2504 1683 ut
2530 1627 2707 1697 majus
2736 1628 3058 1684 scandalum
3084 1631 3387 1692 auferatur.

127 1732 614 1803 σκανδαλιζόμενοι,
663 1730 758 1796 οὓς
808 1733 867 1785 ὲν
922 1729 1089 1800 κοινῷ
1141 1729 1509 1793 ἀκούσαντας,
1551 1728 1695 1781 ὃτιό

1807 1721 2068 1777 [nnumeri
2104 1723 2250 1775 enim
2300 1728 2459 1776 erant
2494 1720 2871 1789 scandalizati,
2898 1724 3013 1794 qtti,
3059 1740 3182 1780 cum
3208 1727 3385 1797 palam

127 1825 319 1890 Παῦλος
357 1825 665 1897 περιτομὴν
720 1826 1017 1894 καταργεῖ,
1053 1823 1201 1887 είκὸς
1233 1817 1303 1894 ἦν
1353 1819 1695 1891 ἀναϐορυϐῆ-

1807 1815 2050 1870 audirent
2076 1811 2304 1867 Paulum
2331 1812 2547 1868 abolere
2572 1812 3064 1884 circumcisioncm,
3089 1819 3390 1875 verisimile

128 1934 227 1983 σαι,
286 1918 379 1971 καὶ
425 1917 497 1971 τὰ
546 1918 726 1970 πάντα
768 1917 1024 1988 ταράξαι.
1059 1915 1159 1969 Διὰ
1191 1914 1351 1967 τοῦτο
1375 1913 1555 1967 τοίνυν
1588 1911 1693 1982 ίδίᾳ

124 2011 305 2081 ὁμιλεῖ,
338 2013 501 2066 Τίτον
561 2013 654 2065 καὶ
686 2009 975 2082 Βαρνάϐαν
1007 2008 1146 2080 ἔχων
1181 2009 1489 2080 μάρτυρας,
1528 2008 1695 2060 πᾶσιν

125 2100 418 2171 ἀνθρώποις
448 2101 768 2172 δηλοῦντας,
798 2101 881 2156 δτι
921 2100 1045 2154 οὐδὲ
1076 2102 1191 2163 τοῖς
1237 2099 1559 2164 ἀποστόλοις
1582 2097 1698 2152 ἐδο-

125 2193 208 2256 ξεν
239 2192 478 2246 ἐναντίον
505 2209 561 2245 τι
584 2193 908 2263 κηρύττειν.
938 2191 1246 2256 Δοκοῦντας
1283 2190 1339 2245 δὲ
1361 2189 1559 2261 λέγων,
1595 2190 1696 2244 οὐκ

125 2285 328 2355 ἀναιρεῖ
362 2285 422 2338 τὸ
452 2280 595 2339 εἶναι
629 2284 851 2349 αὐτοὺς,
898 2284 1036 2339 ἀλλά
1060 2283 1203 2355 μετὰ
1231 2284 1333 2352 τῆς
1367 2281 1566 2337 ἑαυτοῦ
1602 2283 1697 2336 καὶ

123 2376 220 2447 τὴν
245 2378 427 2448 κοινὴν
450 2378 709 2432 ἁπάντων
733 2377 915 2448 ψῆφον
943 2374 1160 2448 τίθησιν
1185 2391 1199 2406 ⁸
1229 2374 1420 2446 ὥσπερ
1453 2375 1546 2430 καὶ
1569 2376 1698 2446 περὶ

126 2470 303 2524 ἑαυτοῦ
333 2468 509 2538 εἶπεν,
538 2472 621 2525 ὅτι
649 2470 803 2524 Δοκῶ
852 2467 1011 2539 κάγὼ
1052 2469 1279 2540 Πνεῦμα
1323 2467 1459 2521 Θεοῦ
1512 2467 1695 2538 ἔχειν’

124 2564 210 2633 οὐχ
235 2565 310 2628 ὡς
342 2564 591 2636 ἀναιρῶν
619 2565 681 2618 τὸ
704 2563 875 2634 ἔχειν,
902 2562 1040 2618 ἀλλά
1074 2562 1174 2635 τὴν
1203 2564 1392 2635 κοινὴν
1425 2560 1695 2634 ὑπόληψιν

123 2658 363 2725 είσὰγων.
407 2677 425 2709 ι
465 2657 593 2722 Τοῖς
640 2656 893 2711 δοκοῦσιν
932 2675 951 2710 ι
990 2652 1104 2722 οῦν,
1144 2656 1411 2722 τουτέστι,
1457 2658 1571 2719 τοῖς
1601 2672 1699 2727 με·

122 2748 314 2818 γάλοις,
336 2751 454 2814 τοῖς
484 2748 740 2815 ἐνδόξοις.

186 3039 204 3072 ι
230 3022 447 3092 Μήπως
490 3022 573 3086 είς
638 3020 797 3075 κενὸν
848 3021 1050 3094 τρέχω,
1096 3021 1129 3093 ἢ
1176 3020 1438 3094 ἔδραμον.
1475 3041 1494 3075 ι
1529 3024 1697 3077 Τουτ-

125 3112 286 3176 ἐστιν,
321 3114 445 3167 Ἵνα
479 3113 677 3180 διδάξω
700 3115 829 3178 τοὺς
862 3113 1391 3186 σκανδαλιζομένους
1422 3115 1511 3170 ἐπ’
1545 3116 1691 3187 ἐμοὶ,

1800 1918 1918 1962 erat
1948 1907 2091 1978 quod
2120 1904 2682 1972 tumnltum-ciereut,
2737 1909 3030 1979 omniaque
3083 1912 3387 1969 turbarent.

1798 1998 2092 2068 Propterea
2125 1997 2356 2053 scorsitn
2389 1997 2810 2066 sermocinatur,
2866 1996 3050 2056 Titutn
3099 2014 3153 2058 et
3182 2003 3392 2063 Barna-

1798 2088 1922 2144 bam
1966 2088 2173 2144 habens
2199 2097 2386 2156 testes,
2436 2088 2527 2157 qui
2565 2089 2778 2165 cunctis
2810 2092 3134 2150 mortalibus
3184 2096 3394 2151 denm:-

1798 2181 2021 2246 tiarent,
2051 2179 2194 2248 quod
2224 2192 2292 2233 ne
2326 2177 2588 2248 apostolis
2617 2179 2838 2250 quidem
2872 2182 3159 2241 videbatur
3188 2184 3388 2243 Paulus

1798 2271 2093 2342 quidquam
2125 2269 2258 2340 ipsis
2287 2272 2626 2325 contrarium
2662 2271 2982 2341 praedicare.
3034 2274 3171 2332 Cum
3226 2294 3389 2348 porro

1797 2362 1952 2429 dicit,
1978 2380 1997 2414 ι
2027 2361 2130 2429 Qui
2151 2359 2492 2429 videbantur,
2526 2380 2545 2414 ι
2570 2378 2912 2434 nequaquam
2938 2381 3032 2424 eos
3056 2383 3177 2427 esse
3202 2382 3386 2442 negat,

1797 2471 1987 2512 verum
2020 2471 2139 2510 cum
2181 2472 2280 2512 suo
2314 2455 2487 2528 ipsius
2544 2472 2886 2514 communem
2915 2462 3156 2518 omnium
3211 2466 3394 2521 calcu-

1798 2548 1909 2603 lum
1940 2549 2087 2619 pouit
2118 2549 2612 2620 :quetnadmodum
2638 2562 2695 2606 et
2724 2553 2790 2608 de
2810 2566 2869 2607 se
2888 2553 3001 2623 ipse
3017 2553 3171 2623 dixit,
3190 2554 3393 2613 Videor

1800 2652 1854 2697 et
1883 2656 1983 2714 ego
2014 2639 2279 2713 Spiritum
2304 2639 2397 2698 Dei
2422 2642 2620 2699 habere
2655 2653 2706 2711 ι»,
2741 2659 2848 2699 non
2901 2644 3095 2703 tollens
3174 2647 3281 2706 hoc
3334 2659 3394 2705 ut

1799 2739 1997 2795 habeat
2026 2740 2225 2811 ipsum.
2248 2750 2503 2797 caeterum
2521 2756 2865 2797 communem
2887 2743 3198 2812 Opinionem
3221 2746 3391 2802 addu-

1802 2846 1953 2887 cens.
1990 2830 2177 2903 ltaque
2217 2850 2236 2885 ι
2271 2831 2373 2899 Qui
2405 2831 2731 2891 videbantur
2789 2834 2995 2906 aliquid
3026 2850 3170 2902 esse,
3211 2856 3231 2891 ι
3286 2838 3393 2894 hoc

1797 2936 1901 2985 est.
1929 2925 2137 2995 magnis
2168 2932 2222 2981 ct
2253 2925 2582 2983 celebribus.
3072 2998 3073 3003 η

1875 3033 1895 3068 ι
1932 3014 2011 3070 Ne
2032 3031 2140 3085 quo
2162 3016 2324 3072 modo
2348 3015 2401 3071 itt
2422 3031 2620 3072 vanum
2653 3031 2956 3087 currerem,
2986 3027 3080 3074 aut
3112 3022 3391 3079 cucurris-
3438 3056 3441 3057 ν

1800 3121 1936 3163 sem.
1969 3124 1988 3158 ι
2023 3104 2137 3162 Hoc
2164 3116 2271 3175 est,
2316 3107 2388 3164 Ut
2417 3110 2641 3163 doceam
2672 3124 2766 3166 eos
2791 3111 2883 3181 qui
2907 3113 2958 3167 in
2994 3127 3082 3168 me
3105 3114 3390 3171 oll‘endttn—

120 3206 191 3260 ὅτι
225 3208 329 3260 οὐκ
370 3207 454 3270 είς
482 3206 641 3261 κενὸν
668 3207 887 3279 τρέχω⁸
913 3206 1011 3277 οὐχ
1055 3204 1141 3259 ἵνα
1174 3205 1285 3274 ἐγὼ
1340 3207 1501 3278 μάθω
1527 3226 1541 3241 ο
1576 3208 1695 3272 πῶς

1807 3207 1910 3267 tur,
1937 3199 2079 3268 quod
2104 3213 2208 3253 non
2237 3199 2289 3253 in
2308 3215 2508 3254 vanum
2533 3215 2747 3255 curram
2773 3221 2788 3271 ;
2815 3218 2919 3258 non
2942 3214 3002 3259 ut
3031 3220 3130 3277 ego
3159 3208 3391 3263 discam.

120 3296 236 3368 γὰρ,
275 3300 305 3352 ὀ
350 3298 766 3368 ἀποκαλυφθεὶς
807 3297 958 3370 παρὰ
997 3297 1094 3351 τοῦ
1144 3298 1364 3372 Πατρός
1415 3300 1510 3354 τὸν
1564 3299 1697 3355 Υἱδν

119 3392 203 3444 καὶ
228 3392 289 3445 τδ
326 3392 662 3460 Εὐαγγὲλιον
687 3391 879 3445 τούτου
907 3409 922 3458 ;

187 3498 206 3532 ι
254 3481 399 3534 Ἀλλ’
421 3481 547 3534 οὐδὲ
573 3480 754 3545 Τίτος,
787 3483 816 3535 ὁ
845 3482 945 3536 σὺν
986 3482 1137 3554 ἐμοὶ.
1163 3482 1366 3555 Ἕλλην
1391 3482 1489 3552 ὣν,
1523 3485 1696 3556 ῆναγ-

117 3572 285 3644 κάσθη
352 3573 788 3645 περιτμηθῆναι.
842 3594 861 3628 ι
911 3574 1276 3647 Ἀκρόὸυστος
1313 3576 1391 3630 ὣν
1438 3578 1468 3631 ό
1514 3577 1695 3644 Τίτος,

121 3667 299 3736 φησιν,
343 3667 446 3720 ούκ
494 3668 821 3739 ἠναγκάσθη
872 3669 1309 3741 περιτμηθῆναι.
1339 3671 1519 3743 Ὅπερ
1560 3671 1698 3725 ἀπό-

118 3756 273 3823 δειξις
301 3758 536 3830 μεγίστη
582 3759 678 3814 τοῦ
707 3760 844 3832 μηδὲ
886 3762 1015 3825 τοὺς
1053 3762 1389 3829 ἀποστόλους
1418 3781 1698 3836 προηγου-

123 3853 311 3919 μένως,
353 3852 493 3906 ἀλλά
525 3851 647 3907 κατ’
670 3854 1008 3925 οἰκονομίαν,
1033 3853 1122 3910 διὰ
1142 3857 1269 3919 τοὺς
1295 3857 1360 3909 ὲκ
1389 3840 1695 3928 περιτομῆς

119 3945 363 4008 πιστοὺς,
391 3945 644 4017 δέχεσθαι
674 3946 772 4017 τὴν
800 3948 1130 4020 περιτομὴν,
1183 3949 1279 4002 καὶ
1315 3948 1411 4004 τοῦ
1446 3950 1522 4023 μὴ
1551 3950 1696 4022 ἔχειν

121 4037 439 4108 μέμψασθαι
494 4040 556 4093 τὸ
609 4038 826 4095 Παύλου
881 4041 1167 4113 κήρυγμα,
1199 4036 1261 4095 οὗ
1287 4042 1316 4095 ὁ
1350 4042 1600 4115 μαθητὴς
1626 4039 1695 4116 ἦν

115 4128 508 4199 ἀπερίτμητος.

185 4326 207 4361 ι
239 4307 339 4362 Διά
363 4307 421 4362 δὲ
444 4309 574 4374 τοὺς
603 4312 1012 4383 παρεισάκτους
1035 4312 1458 4384 ψευδαδέλφους,
1496 4314 1696 4380 οἵτινες

114 4398 484 4468 παρεισῆλθον
527 4401 952 4472 κατασκοπῆσαι
994 4403 1098 4475 τὴν
1155 4403 1475 4476 ἐλευθερίαν
1513 4405 1694 4476 ἡμῶν,

110 4487 175 4557 ἢν
207 4488 410 4560 ἔχομεν
440 4492 501 4544 ἐν
535 4492 759 4563 Χριστῷ
803 4493 1005 4564 Ἰησοῦ,
1037 4493 1125 4548 ἵνα
1162 4496 1316 4566 ἡμᾶς
1345 4497 1694 4549 καταδουλώ-

112 4594 332 4636 σωνται.
365 4601 387 4635 ι
429 4583 496 4636 Ἦ
525 4583 781 4650 σύνταξις
823 4584 919 4638 τοῦ
974 4584 1134 4656 λόγου
1186 4586 1399 4640 τοιάδε’
1437 4588 1571 4641 Οὐδὲ
1607 4588 1696 4642 διὰ

109 4675 235 4738 τοὺς
269 4678 684 4747 παρεισάκτους
734 4677 1139 4748 ψευδαδέλφους
1180 4679 1507 4750 ἠναγκάσθη
1537 4680 1697 4746 Τίτος

110 4769 523 4841 περιτμηθῆναι
548 4787 562 4800 ·
598 4770 872 4835 τουτέστι,
900 4772 1099 4824 Καίτοι
1128 4772 1309 4826 αὐτῶν
1335 4773 1382 4804 ⁸⁹
1410 4775 1699 4842 παρόντων

104 4858 215 4913 τῶν
242 4860 678 4931 ἐναντιουμένων
712 4876 827 4930 μοι,
861 4861 1012 4931 ὅμως
1060 4865 1112 4916 οἱ
1141 4863 1451 4929 ἀπόστολοι,
1478 4864 1600 4918 οὐδὲ
1627 4863 1697 4919 δι’

106 4950 304 5012 ἀύτοὺς
318 4950 645 5022 ἠνάγκασαν
662 4952 824 5005 Τίτον
849 4953 1281 5025 περιτμηθῆναι.
1309 4953 1436 5016 Πῶς
1460 4953 1517 5007 δὲ
1536 4953 1699 5023 ψευδ-

108 5040 375 5112 αδέλφους
428 5029 667 5109 τούτους
688 5045 851 5099 καλεῖ
894 5045 1203 5118 περιτομὴν
1239 5047 1694 5118 εἰσηγουμένους,

107 5132 159 5183 εί
204 5150 272 5202 γε
307 5136 406 5190 καὶ
450 5138 501 5190 οἱ
561 5137 856 5191 ἀπόστολοι
909 5137 1117 5209 ταύτην
1162 5138 1441 5209 ἐδέχοντο;
1473 5138 1616 5192 Διότι
1645 5141 1697 5193 oi

108 5225 210 5294 μὲν
238 5228 536 5281 ἀπόστολοι
562 5228 1102 5296 συγκαταδαίνοντες
1134 5232 1251 5294 τοῖς
1290 5230 1357 5284 ὲκ
1386 5231 1698 5302 περιτομῆς

105 5318 488 5389 πιστεύουσιν,
517 5320 769 5391 ἐδέχοντο
804 5322 905 5391 τὴν
939 5323 1267 5396 περιτομὴν,
1292 5323 1387 5378 ἅτε
1424 5323 1700 5388 Ἰουδαίοις

103 5411 480 5479 κηρύσσοντες
502 5429 517 5443 ·
550 5412 707 5467 αὐτοὶ
742 5412 822 5481 δὲ,
858 5413 935 5478 ὡς
961 5415 1385 5486 νομοθετοῦντες
1410 5416 1511 5487 τὴν
1538 5432 1602 5469 πε
1617 5432 1699 5487 ρι-

1801 3290 2081 3360 Quomodo
2141 3293 2286 3347 enim
2349 3292 2642 3361 discerem,
2680 3308 2802 3349 cum
2848 3307 2877 3348 a
2930 3297 3091 3353 Patre
3141 3299 3272 3355 mihi
3320 3301 3394 3357 sit

1800 3382 2070 3440 revelatus
2101 3382 2291 3451 Filius,
2314 3383 2541 3456 ejusque
2567 3381 2918 3458 Evangelium
2945 3388 2968 3444 ‘l

1873 3472 2039 3529 νειιε.
2074 3474 2128 3530 5.
2168 3493 2186 3527 ι
2217 3474 2324 3530 Sed
2373 3489 2548 3546 neque
2605 3470 2759 3531 Titus
2823 3478 2916 3548 qui
2978 3493 3188 3537 mecum
3250 3493 3391 3548 erat,

1803 3582 1929 3620 cum
1981 3573 2128 3622 esset
2178 3565 2418 3633 gentilis,
2477 3566 2787 3635 compulsus
2848 3577 2932 3623 est
2984 3569 3319 3630 circumcidi.
3366 3595 3387 3631 ι

1801 3656 1935 3712 Cum
1962 3648 2286 3727 praeputium
2330 3656 2557 3712 haberet
2579 3653 2759 3722 Titus,
2790 3656 2992 3730 inquit,
3024 3675 3132 3716 non
3163 3662 3392 3721 adactus

1801 3757 1885 3804 est
1918 3747 2261 3803 circumcidi.
2309 3746 2445 3814 Quai'
2468 3762 2553 3802 res
2608 3748 2849 3805 maximo
2910 3761 3228 3822 argumento
3284 3766 3391 3824 est,

1801 3839 1947 3910 quod
1966 3840 2196 3911 apostoli
2222 3854 2328 3894 non
2355 3854 2421 3894 ex
2446 3841 2729 3910 proposito
2741 3848 2796 3896 et
2817 3841 3103 3914 principali
3120 3843 3391 3912 institute,

1802 3933 1897 3988 sed
1925 3945 2026 4002 per
2077 3930 2540 4002 dispensationem
2573 3931 2889 4001 quamdam,
2920 3943 3145 4002 propter
3174 3948 3270 3990 eos
3296 3939 3392 4006 qui

1800 4045 1867 4085 ex
1899 4029 2316 4085 circumcisione
2360 4026 2734 4093 crediderant,
2764 4027 3239 4084 circutncisionem
3297 4030 3394 4084 ad-

1805 4122 2075 4185 miscrint,
2111 4119 2327 4191 etquod
2350 4136 2458 4177 non
2484 4130 2707 4193 possent
2732 4120 2798 4176 de
2822 4119 2979 4176 Pauli
3008 4121 3395 4191 pra-dicatioue

1803 4215 2094 4284 conqueri,
2128 4213 2290 4284 cujus
2317 4214 2617 4286 discipulus
2643 4222 2792 4270 esset
2828 4212 3268 4271 incircumcisus.

1879 4304 2039 4365 νέης.
2068 4308 2126 4364 4.
2159 4327 2177 4362 ι
2213 4307 2444 4380 Propter
2498 4310 2946 4366 subintroductos
2991 4320 3175 4367 autem
3226 4307 3396 4366 falsos

1798 4401 2024 4468 fratres,
2080 4403 2172 4474 qui
2230 4402 2668 4458 subintroieruut
2719 4402 3009 4473 eXplorare
3086 4401 3393 4457 libertatem

1802 4505 2068 4559 nostram,
2099 4510 2263 4566 quam
2300 4474 2567 4550 habemus
2598 4495 2650 4549 in
2687 4493 2909 4549 Christo
2941 4492 3094 4562 Jesu,
3127 4503 3186 4549 ut
3214 4510 3316 4551 nos
3339 4495 3395 4551 in

1801 4586 2121 4642 servitutem
2159 4587 2494 4656 redigerent.
2525 4604 2546 4638 ι
2608 4584 2956 4642 Coustructio
3000 4588 3264 4645 orationis
3311 4599 3399 4651 est

1804 4676 2117 4749 hujusmodi
2151 4694 2165 4734 :
2200 4676 2402 4748 ,Neque
2452 4688 2674 4747 prapter
2732 4677 3180 4735 subintroductos
3228 4681 3396 4737 falsus

1798 4770 2000 4825 fratres
2023 4781 2243 4826 coactus
2260 4771 2510 4825 est'l‘itns
2523 4770 2837 4825 circumcidi
2861 4789 2875 4826 :
2901 4771 3004 4828 hoc
3027 4782 3131 4837 est,
3165 4773 3394 4833 Etiamsi

1806 4864 2062 4919 adessent
2090 4866 2179 4934 qui
2212 4863 2636 4918 adversarentur
2666 4863 2821 4930 mihi,
2851 4865 3084 4935 apostoli
3116 4877 3302 4922 tamen
3324 4884 3394 4922 ne

1803 4964 2029 5027 prepter
2051 4970 2145 5011 eos
2178 4956 2394 5027 quidem
2426 4956 2724 5026 adegerunt
2753 4972 2853 5013 nos
2883 4957 3066 5013 Titum
3096 4958 3392 5015 circumci-

1806 5052 1954 5102 dere.
1990 5047 2271 5115 Quomodo
2300 5058 2479 5103 autem
2519 5047 2689 5104 falsos
2735 5048 2933 5106 fratres
2970 5052 3102 5107 istos
3135 5051 3390 5122 appellat,
3452 5043 3457 5047 ’

1801 5140 1895 5208 qui
1938 5139 2413 5195 circumcisionem
2463 5140 2787 5210 suadebant,
2841 5143 3280 5213 quandoqluidem
3332 5157 3392 5200 et

1803 5229 2033 5301 apostoli
2064 5233 2203 5286 hanc
2232 5232 2610 5302 recipiebant?
2632 5232 2709 5290 Eo
2739 5234 2881 5304 quod
2909 5234 3136 5305 apostoli
3171 5236 3388 5305 quidem

1804 5324 2064 5380 cedentes
2090 5324 2156 5379 iis
2177 5325 2269 5396 qui
2295 5341 2362 5382 ex
2381 5327 2797 5383 circumcisione
2817 5327 3131 5393 credebant,
3155 5329 3394 5387 circum-

1805 5416 2067 5471 cisioncm
2096 5426 2454 5488 receperunt,
2477 5415 2681 5473 Judaeis
2707 5418 2960 5493 nimirum
2988 5421 3343 5489 pradicantes
3370 5442 3387 5481 :

101 5505 285 5574 τιμὴν
351 5506 804 5576 προηγουμένως,
847 5508 942 5561 καὶ
993 5508 1071 5574 ὡς
1099 5508 1461 5578 ⁴ἐκδικοῦντες
1491 5510 1582 5564 τὸν
1612 5511 1695 5564 νό«

1807 5510 1886 5565 illi
1943 5527 2114 5580 vero,
2173 5525 2431 5584 tanquam
2482 5527 2549 5570 ex
2608 5511 2859 5585 professo
2915 5513 3389 5573 circumcisionem

217 5660 249 5698 Ρ
274 5650 294 5702 1
329 5653 453 5707 Cor.
475 5670 571 5722 vtt,
600 5654 691 5709 40.

1479 5754 1680 5817 Varia:
1704 5754 2031 5820 lectiones.

179 5875 231 5907 "
262 5872 436 5937 τιθεὶς
463 5887 516 5929 o.
593 5870 645 5942 ",
676 5871 829 5942 αύτῷ
852 5888 908 5927 o.

434 5967 707 6031 PMROL.
756 5967 872 6029 Gtt.
925 5967 1182 6032 CXXIV.

3003 5977 3072 6037 31
