3898 6574
235 353 335 415 97’!

243 557 474 613 Ἐκεῖνοι
507 560 628 630 μὲν,
657 563 844 634 φησὶν,
877 560 982 620 οἷοι
1012 568 1077 622 ἂν
1097 564 1260 641 ἦσαν,
1282 571 1361 643 τῷ
1387 573 1507 645 Θεῷ
1535 575 1759 646 μελήσει
1787 593 1800 608 ο

224 649 380 706 τοῦτο
418 653 482 707 δὲ
515 650 656 720 οἶδα,
701 656 785 711 ὃτι
833 657 959 730 ἐμοὶ
1010 662 1111 731 μὲν
1162 663 1316 718 οὐδὲν
1366 667 1803 738 ἠναντιώθησαν,

217 743 343 798 ούδέ
411 747 765 819 προσέθηκαν
791 769 845 804 τι
878 752 956 823 τῷ
1001 754 1318 828 κηρύγματι
1353 761 1534 831 μου,ἢ
1567 760 1806 832 διωρθώ-

223 850 409 892 σαντο.

293 946 312 978 ι
363 928 526 983 Ἃ).λᾶ
561 931 895 1000 τούναντίον,
945 935 1146 1002 ἰδόντες
1170 939 1254 992 ὅτι
1307 942 1682 1016 πεπίστευμαι
1739 946 1803 1000 τὸ

215 1020 555 1089 Εὐαγγέλιον
583 1025 684 1094 τῆς
739 1026 1134 1097 ἀκροϐυστίας,
1199 1032 1384 1098 καθὼς
1446 1037 1651 1109 Πέτρος
1700 1039 1802 1110 τῆς

180 1120 182 1122 ⁷
222 1113 535 1184 περιτομῆς
563 1117 612 1182 (ὁ
643 1118 752 1188 γὰρ
787 1119 1087 1192 ἐνεργήσας
1118 1122 1309 1196 Πέτρῳ
1331 1129 1410 1190 είς
1437 1128 1535 1200 τὴν
1568 1131 1801 1186 ἀποστο-

211 1201 311 1272 λὴν
338 1205 441 1274 τῆς
485 1209 812 1280 περιτομῆς,
839 1213 1115 1286 ἐνήργησε
1143 1219 1235 1271 καὶ
1257 1221 1380 1289 ἐμοὶ
1407 1221 1487 1284 είς
1519 1224 1588 1276 τὰ
1618 1223 1795 1294 ἔθνη).

208 1297 304 1348 καὶ
342 1297 560 1363 γνόντες
613 1299 713 1370 τὴν
765 1304 928 1374 χάριν
970 1307 1064 1359 τοῦ
1096 1308 1233 1362 Θεοῦ
1269 1311 1368 1382 τὴν
1400 1311 1648 1369 δοθεῖσάν
1677 1334 1792 1385 μοι,

221 1384 506 1453 Ἰάκωὸος,
535 1391 630 1444 καὶ
675 1395 900 1464 Κηφᾶς,
933 1398 1027 1451 καὶ
1069 1399 1348 1472 Ἰωάννης,
1401 1405 1451 1457 οἱ
1508 1384 1795 1472 δοκοῦντες

206 1480 394 1533 στύλοι
429 1479 586 1549 εἶναι,
621 1485 806 1551 δεξιὰς
833 1488 1044 1546 ἔδωκαν
1079 1493 1204 1563 ἐμοὶ
1253 1496 1349 1549 καὶ
1387 1497 1647 1572 Βαρνάϐᾳ
1679 1517 1792 1554 κοι-

202 1573 428 1640 νωνίας,
457 1574 542 1629 ἴνα
565 1579 726 1648 ἡμεῖς
754 1581 834 1643 εἰς
853 1581 924 1634 τὰ
942 1582 1093 1654 ἔθνη,
1114 1585 1269 1638 αὐτοὶ
1287 1586 1365 1652 δὲ,
1393 1589 1474 1653 είς
1506 1589 1605 1661 τὴν
1635 1609 1792 1662 περι⁸

199 1663 404 1734 τομήν.
453 1684 472 1718 ι
514 1668 670 1730 Τινὲς
738 1670 914 1736 οὕτως
965 1674 1363 1746 ήρμήνευσαν·
1395 1679 1470 1732 Οὐ
1521 1682 1682 1750 μόνον
1702 1683 1792 1737 ού-

195 1750 288 1804 δὲν
322 1754 707 1826 διωρθώσαντο
735 1763 805 1815 τὰ
833 1764 962 1833 ἐμὰ,
991 1765 1127 1820 ἀλλὰ
1148 1769 1478 1838 τούναντίον,
1511 1772 1604 1826 καὶ
1621 1773 1786 1845 διωρ-

199 1841 477 1915 θὼθησαν.
512 1849 623 1902 Οὐκ
657 1849 857 1906 ἔστιδὲ
895 1858 1076 1911 τοῦτο.
1113 1857 1178 1910 Τί
1232 1858 1342 1930 γὰρ
1408 1862 1504 1915 καὶ
1557 1841 1784 1934 ἔμελλον
1819 1847 1861 1904 Β

196 1933 358 1989 αὐτοὶ
424 1941 556 2012 παρ’
588 1942 754 1997 αὐτοῦ
800 1945 1204 2020 διορθωθῆναις
1249 1955 1347 2008 καὶ
1388 1957 1499 2028 γὰρ
1552 1958 1785 2024 ἕκαστος

199 2026 389 2080 αὐτῶν
495 2034 910 2108 άπηρτισμένος
979 2035 1070 2112 ἦν.
1155 2042 1325 2100 Τοῦτο
1405 2026 1537 2117 γοῦν
1600 2050 1782 2120 λέγει’

198 2137 217 2169 ι
280 2120 452 2177 Ἀλλὰ
526 2127 835 2184 τούναντίον
885 2148 895 2162 ·
951 2131 1131 2198 δεξιὰς
1197 2136 1406 2192 ἔδωκαν
1467 2141 1590 2212 ἐμοὶ
1654 2161 1782 2197 κοι-

190 2213 396 2278 νωνίας
421 2230 433 2243 ·
469 2235 488 2268 ι
523 2214 845 2288 εἷταπᾶλλα
875 2224 963 2278 διὰ
998 2226 1165 2296 μέσου
1190 2244 1204 2259 ·
1241 2246 1263 2281 ι
1313 2231 1536 2296 Ἰδόντες
1563 2235 1645 2288 ὅτι
1679 2253 1778 2289 πε·

189 2306 499 2380 πίστευμαι
526 2318 587 2365 τὸ
624 2315 959 2385 Εύαγγέλιον
992 2320 1092 2390 τῆς
1114 2322 1500 2393 ἀκροϐυστίας,
1543 2346 1562 2380 ι
1591 2331 1684 2382 καὶ
1710 2331 1779 2383 τὰ

186 2399 344 2469 ἑξῆς.
383 2401 652 2458 Τοσοῦτον
684 2407 792 2478 γάρ
831 2426 899 2479 με
947 2411 1008 2464 ού
1065 2413 1471 2484 διωρθώσαντο,
1510 2417 1652 2474 ὥστε
1682 2425 1775 2478 καὶ

184 2491 493 2562 ἐπῄνεσαν,
530 2498 625 2548 καὶ
663 2499 1075 2570 συνεφώνησαν,
1109 2504 1195 2558 ἵνα
1245 2505 1357 2576 ἐγὼ
1384 2507 1484 2576 μὲν
1512 2509 1605 2563 καὶ
1634 2511 1778 2584 Βαρ-

185 2581 360 2644 νάϐας
386 2583 466 2646 είς
499 2585 598 2656 τὴν
619 2587 1010 2658 ἀκροΰυστίαν,
1041 2593 1162 2663 ἦτοι
1200 2594 1279 2660 είς
1316 2596 1385 2649 τά
1439 2597 1589 2668 ἔθνη,
1619 2581 1775 2654 αὐτοὶ

178 2670 236 2724 δὲ
279 2675 368 2736 είς
391 2673 489 2744 τὴν
521 2678 846 2751 περιτομὴν,
878 2683 1152 2748 τουτέστι,
1187 2685 1316 2750 τοὺς
1361 2687 1654 2754 Ἰουδαίους
1677 2692 1770 2744 εὑ-

180 2768 614 2834 αγγελίζωνται.
651 2773 930 2847 Περιτομὴ
954 2781 1080 2848 γὰρ,
1114 2778 1212 2832 καὶ
1257 2779 1616 2852 ἀκροϐυστία,
1668 2784 1769 2839 οὐκ

177 2859 327 2912 αὐτὰ
354 2860 424 2912 τά
468 2863 768 2934 πράγματα
818 2866 990 2936 λέγει,
1037 2869 1176 2924 ἀλλὰ
1220 2873 1348 2938 τοὺς
1392 2875 1770 2945 άκροὸύστους

177 2949 272 3000 καὶ
307 2951 433 3013 τοὺς
488 2957 1015 3026 περιτετμημένους.
1067 2960 1330 3015 Ἐνταῦθα
1385 2964 1444 3017 δὲ
1494 2966 1767 3022 δείκνυσιν

173 3040 378 3094 ἑαυτὸν
405 3044 645 3116 ἰσότιμον
679 3049 755 3120 τῷ
793 3051 1009 3123 Πέτρῳ.
1051 3052 1108 3106 '0
1143 3054 1248 3126 γὰρ
1271 3055 1395 3121 δοὺς
1436 3059 1632 3131 ἐκείνῳ
1667 3060 1766 3132 τὴν

173 3134 249 3196 είς
295 3135 421 3198 τοὺς
459 3136 746 3208 Ἑϐραίους
777 3142 1060 3214 ἐνέργειαν
1099 3147 1192 3200 τοῦ
1247 3149 1608 3219 Εὑαγγελίου,
1639 3153 1765 3206 ἐδω-

172 3242 231 3277 ιιε
258 3228 442 3297 κάμοὶ
480 3230 683 3302 ταύτην
713 3235 793 3298 είς
822 3235 893 3289 τὰ
932 3237 1096 3308 ἕθνη.·
1118 3240 1263 3312 Ὅρα

167 3319 250 3371 ὅτι
293 3321 355 3372 ού
393 3321 553 3390 μόνον
588 3329 699 3388 τοῖς
731 3329 1050 3392 ἀποστόλοις
1075 3331 1238 3401 ἤρεσε
1273 3334 1332 3387 τὸ
1374 3337 1637 3406 κηρυγμα
1671 3340 1763 3392 αύ-

169 3413 286 3476 τοῦ,
337 3415 476 3468 ἀλλὰ
504 3418 597 3470 καὶ
623 3419 700 3489 τῷ
733 3419 852 3491 Θεῷ
881 3424 1038 3477 τοῦτο
1060 3425 1254 3481 ἐδόκει.
1292 3427 1354 3481 Ol
1379 3428 1488 3499 γάρ
1517 3431 1759 3486 ἀπόστο-

171 3506 252 3560 λοι
288 3528 307 3558 ι
359 3512 598 3576 γνόντες,
632 3530 650 3564 ι
687 3515 840 3583 φησι,
878 3534 896 3567 ι
933 3518 1032 3588 τὴν
1066 3520 1225 3591 χάριν
1269 3522 1366 3575 τοῦ
1401 3522 1556 3580 Θεοῦ.
1597 3544 1614 3578 ι
1646 3528 1759 3580 Οζκ

169 3594 354 3663 εἶπεν,
398 3603 778 3672 Ἀκούσαντες,
803 3607 918 3661 ἀλλ’
954 3609 1046 3674 Ἐξ
1071 3612 1250 3668 αὐτῶν
1272 3614 1380 3668 τῶν
1409 3619 1757 3688 πραγμάτιον

172 3711 192 3742 ε
221 3695 474 3762 γνόντες,
505 3715 522 3747 ι
569 3699 694 3762 Πῶς
721 3699 829 3771 γὰρ
864 3700 931 3754 ἂν
962 3702 1132 3758 ἔδωκέ
1157 3723 1247 3776 μοι
1268 3707 1367 3776 τὴν
1388 3710 1566 3780 χάριν,
1607 3712 1656 3764 εί
1682 3713 1756 3782 μὴ

169 3786 409 3855 ἀρεστὸν
428 3789 578 3858 αύτῷ
596 3790 656 3844 τὸ
680 3793 922 3847 τοιοῦτον
949 3795 1214 3868 κήρυγμα
1237 3793 1339 3870 ἦν;
1365 3801 1535 3854 Πάλιν
1551 3803 1607 3857 δὲ
1628 3804 1745 3874 μετ’

165 3880 472 3948 ἐγκωμίων
540 3883 651 3935 τῶν
695 3885 861 3954 τριῶν
903 3888 1170 3960 ἐμνήσθη.
1208 3893 1272 3945 οι
1313 3892 1422 3964 γὰρ
1466 3893 1754 3960 δοκοῦντες

166 3972 382 4034 στύλοι,
406 3975 708 4042 τουτέστιν,
745 3977 796 4029 οί
823 3979 1069 4048 μεγάλοι,
1107 3983 1201 4047 οὒς
1241 3989 1443 4049 πάντες
1475 3990 1754 4060 πανταχοῦ

164 4066 532 4138 περιφέρουσι
565 4070 660 4122 καὶ¹
695 4069 1043 4140 δοξάζουσιν,
1075 4071 1222 4130 οὗτοι
1259 4081 1598 4151 μαρτυροῦσι
1639 4100 1750 4153 μοι,

162 4155 249 4209 ὃτι
279 4159 380 4210 καὶ
406 4158 485 4227 τῷ
514 4161 736 4232 Χριστῷ
769 4162 829 4216 τὸ
850 4165 1116 4237 κήρυγμά
1148 4186 1251 4238 μου
1276 4171 1522 4241 ἀρέσκει.
1550 4174 1642 4227 Διὸ
1657 4177 1752 4228 καὶ

175 4266 194 4299 ι
234 4248 421 4313 δεξιὰς
449 4251 656 4305 ἔδωκαν
675 4297 692 4320 ,
728 4274 746 4306 ι
779 4258 1048 4324 τουτέστι,
1081 4259 1499 4332 Συνεφώνησαν,
1523 4266 1615 4318 καὶ
1638 4281 1752 4319 κοι-

162 4345 370 4404 votivo-Ia;
397 4345 546 4413 ἡμᾶς
597 4348 944 4419 ἐποιήσαντο,
978 4353 1075 4406 καὶ
1120 4352 1330 4419 ἔδειξαν
1361 4357 1444 4410 ὅτι
1480 4359 1747 4428 ἀρέσκον-

159 4451 252 4487 ται
285 4437 366 4508 τῷ
391 4437 711 4508 κηρύγματί
741 4458 866 4511 μου,
896 4443 971 4507 ὡς
1008 4445 1173 4516 μηδὲν
1203 4447 1513 4519 διαφέροντι
1537 4451 1633 4505 τοῦ
1659 4452 1748 4505 λό-

166 4542 270 4593 γου
302 4545 511 4582 αυτων.

242 4722 262 4754 ι
302 4705 484 4758 Μόνον
541 4705 651 4761 τῶν
701 4711 935 4782 πτωχῶν
969 4712 1055 4767 ἵνα
1109 4718 1626 4790 μνημονεύωμενοό
1654 4725 1747 4777 καὶ

155 4797 477 4854 ἐσπούδασα
510 4801 641 4854 αὐτὸ
668 4802 826 4857 τοῦτο
869 4807 1114 4876 ποιῆσαι.
1149 4827 1168 4860 ι
1205 4809 1281 4864 Τὸ
1322 4812 1420 4882 μὲν
1455 4815 1741 4886 κήρυγμα,

154 4893 320 4962 φησι,
351 4892 685 4966 διειλόμεθα,
705 4898 830 4962 τοὺς
860 4898 917 4952 δὲ
946 4903 1195 4972 πτωχοὺς
1232 4905 1565 4976 ἀμερίστους
1595 4907 1742 4980 εἶχο-

158 4999 288 5050 μεν.
319 4985 429 5038 Καὶ
468 4985 577 5057 γὰρ
607 4988 664 5041 ἐν
711 4986 1106 5062 Ἰεροσολύμοις
1133 4993 1319 5048 πολλοὶ
1342 4993 1483 5067 ἦσαν
1506 4999 1616 5051 τῶν
1646 5018 1739 5053 πι-

157 5079 509 5134 στευσάντων
537 5079 932 5152 διαρπαγέντες
961 5087 1031 5139 τὰ
1049 5087 1322 5158 προσόντα
1352 5089 1456 5143 ὑπὸ
1482 5091 1589 5144 τῶν
1613 5093 1739 5146 ἀπί-

159 5185 309 5222 στων
349 5171 643 5236 Ἰουδαίων,
677 5175 890 5245 καὶτῆς
917 5176 1223 5245 ἀναγκαίας
1250 5181 1584 5251 ἀποροῦντες
1610 5203 1738 5250 τρο-

157 5268 294 5335 φῆς.
332 5266 442 5334 Οὐχ
465 5263 608 5319 οὕτω
647 5265 756 5338 γὰρ
785 5269 836 5322 oi
871 5268 1136 5341 ’Έλληνες
1189 5272 1494 5344 ἐπολέμουν
1522 5280 1634 5342 τοῖς
1676 5278 1735 5348 ἐξ

151 5353 346 5410 αὐτῶν
378 5359 608 5422 πιστοῖς,
637 5357 762 5410 ὅσον
806 5358 1047 5412 Ἰουδαῖοι
1075 5363 1188 5425 τοῖς
1213 5361 1273 5427 ἐξ
1301 5362 1570 5433 Ἐϐραίων
1600 5369 1734 5438 Χρι-

156 5450 420 5511 οτιανοϊς.
463 5449 555 5501 Διὸ
590 5448 792 5521 πολλὴν
830 5451 1040 5516 Παῦλος
1100 5455 1336 5507 ποιεῖται
1371 5458 1607 5528 σπονδὴν
1633 5460 1736 5528 τῆς

151 5543 243 5606 είς
274 5543 468 5605 αὐτοὺς
501 5542 842 5612 ἐπιμελείας,
893 5543 968 5608 ώς
1020 5543 1116 5599 καὶ
1158 5545 1321 5610 αὐτὸς
1351 5547 1624 5618 ὁμολογεῖ,
1652 5552 1733 5604 ὅτι

157 5654 178 5687 ‹
235 5634 577 5689 Ἐσπούδασα
621 5636 752 5689 αὐτὸ
789 5635 948 5689 τοῦτο
975 5637 1272 5720 ποιῆσαι-ι
1312 5639 1423 5692 Καὶ
1463 5641 1574 5712 γὰρ
1600 5641 1734 5694 πάν-

149 5725 316 5780 τοθεν
355 5728 461 5783 ἀπὸ
493 5727 605 5781 τῶν
634 5728 1090 5801 μαθητευομένων
1122 5728 1390 5800 συνάγων,
1423 5731 1732 5805 διεκόμιζεν

150 5817 322 5885 αὐτὸς
349 5821 552 5886 αὐτοῖς.

1013 363 1418 428 EXPOSITIO
1458 367 1541 430 IN
1580 367 1818 432 EPIST.
1864 373 1963 435 AD
2002 373 2268 438 GALAT.
2307 405 2376 416 -—
2414 363 2572 446 CA'P.
2601 385 2686 449 II.

306 485 322 514 ι
377 466 532 537 Ἐμοὶ
571 470 678 541 γὰρ
706 473 754 524 oi
780 471 1070 540 δοκοῦντες
1115 477 1270 532 οὐδὲν
1327 481 1748 550 προσανέθεντο.
1786 505 1804 536 ι
1839 494 1883 548 Α

3385 406 3490 469 9⁸74

1993 505 2010 539 ι
2052 487 2180 544 Mihi
2207 492 2353 547 enim
2405 496 2494 564 qui
2525 499 2848 558 videbantur
2878 519 2998 564 esse
3047 508 3275 581 aliquid,
3326 511 3488 583 335

1914 577 2050 633 nihil
2085 584 2456 642 contulerunt.
2487 609 2505 640 ι
2543 591 2642 656 llli,
2681 594 2874 665 inquit,
2911 601 3097 670 quales
3124 577 3488 668 iuerintrllee

1911 686 2056 727 cura:
2087 673 2193 728 erit
2234 691 2250 728 :
2285 677 2388 734 hoc
2415 693 2593 738 autem
2637 689 2781 756 novi,
2809 693 2952 759 quod
2978 695 3106 750 mihi
3133 696 3266 752 nihil
3289 698 3484 752 advcr-
3577 755 3580 757 .

1907 765 2009 818 sati
2051 766 2181 833 sint,
2219 784 2399 842 neque
2433 775 2729 847 quidquam
2756 784 3078 843 addiderunt
3110 791 3482 858 przedicationi

1909 871 2062 922 mete,
2095 874 2272 930 neque
2315 870 2670 925 correxerint.

1983 953 2144 1012 Vsus.
2170 956 2290 1012 7-9.
2316 977 2335 1012 ι
2366 960 2473 1016 Sed
2499 975 2710 1032 contra,
2739 984 2864 1024 eum
2897 972 3159 1029 vidissent
3182 978 3326 1047 quod
3349 979 3481 1034 mihi

1903 1044 1974 1099 sit
2007 1048 2381 1106 concreditum
2416 1051 2768 1126 Evangelimn
2802 1064 3074 1131 prreputii,
3121 1044 3264 1123 sicut
3319 1069 3481 1126 Petro

1902 1139 2336 1196 circumcisionis
2369 1143 2480 1214 (qui
2525 1147 2668 1202 enim
2723 1165 2979 1222 operatus
3021 1167 3103 1212 est
3146 1159 3307 1217 Petro
3347 1179 3480 1233 apo-

1900 1231 2154 1284 5tolatum
2185 1234 2642 1305 circumcisionis,
2669 1254 2924 1313 operatus
2948 1256 3031 1303 est
3057 1250 3218 1306 etiam
3254 1254 3385 1310 mihi
3413 1259 3478 1311 ad

1899 1321 2106 1392 gentes)
2131 1339 2145 1386 ;
2173 1335 2226 1380 et
2251 1341 2373 1381 cum
2403 1333 2786 1402 cognovissent
2820 1340 3047 1409 gratiam
3077 1340 3193 1404 Dei,
3219 1361 3338 1415 qua:
3356 1350 3479 1403 data

1897 1423 2043 1466 esset
2069 1415 2226 1480 mihi,
2253 1415 2509 1490 Jacobus,
2559 1423 2775 1494 Cephas
2800 1438 2853 1483 et
2910 1429 3148 1488 Joannes
3201 1437 3292 1505 qui
3327 1441 3479 1494 vide.-

1897 1507 2098 1561 hautur
2137 1510 2404 1568 columnae
2457 1531 2599 1584 esse,
2643 1519 2862 1578 dextras
2914 1525 3178 1582 dederunt
3235 1531 3368 1586 mihi
3425 1542 3484 1588 et

1896 1597 2153 1655 Barnaba:
2189 1605 2488 1671 societatis,
2522 1618 2580 1663 ut
2611 1625 2710 1667 nos
2758 1613 2811 1668 in
2854 1625 3064 1687 gentes,
3107 1619 3208 1689 ipsi
3263 1637 3394 1679 vero
3423 1625 3477 1680 in

1892 1691 2382 1752 circumcisionem.
2426 1718 2445 1752 ι
2509 1701 2764 1760 Nonnulli
2819 1709 2900 1764 sic
2951 1712 3290 1784 interpretati
3349 1730 3480 1772 sunt

1892 1784 2034 1840 hunc
2059 1785 2234 1843 locum
2272 1807 2287 1844 :
2321 1791 2438 1848 Non
2473 1795 2646 1852 solum
2668 1813 2785 1859 non
2819 1815 3172 1860 correxerunt
3208 1823 3348 1874 mea,
3380 1809 3477 1864 sed

1889 1884 2076 1932 contra
2105 1880 2284 1949 potius
2319 1890 2552 1943 correcti
2596 1902 2744 1947 sunt.
2777 1891 2978 1952 Verum
3010 1895 3059 1953 id
3090 1896 3163 1956 ita
3202 1912 3324 1955 esse
3363 1916 3470 1955 non

1893 1979 2088 2040 potest.
2144 1973 2199 2028 ln
2240 1992 2346 2047 quo
2377 1981 2520 2035 enim
2569 1982 2659 2038 isti
2699 1985 2766 2040 ab
2806 2004 2871 2044 eo
2905 1994 3227 2051 emendandi
3272 1998 3470 2056 erant?

1886 2079 2011 2119 nam
2041 2069 2269 2138 quilibet
2305 2087 2492 2128 eorum
2534 2088 2940 2138 consummatus
2971 2095 3112 2142 erat.
3161 2088 3274 2146 Hoc
3305 2071 3468 2164 igitur

1885 2156 2057 2213 dicit:
2108 2179 2128 2213 ι
2190 2159 2296 2218 Sed
2345 2176 2574 2236 contra,
2625 2169 2848 2230 dextras
2895 2177 3159 2235 dederunt
3206 2156 3352 2240 mihi
3381 2201 3470 2242 so-

1882 2248 2096 2304 cietatis
2140 2269 2156 2304 :
2201 2263 2225 2304 ἰ
2265 2254 2457 2312 deinde
2506 2274 2625 2328 quae
2681 2262 3042 2336 interiacent,
3081 2290 3099 2323 ι
3132 2271 3268 2328 Cum
3303 2277 3467 2332 vidis-

1882 2351 2003 2395 sent
2025 2343 2166 2411 quod
2192 2345 2321 2400 mihi
2355 2349 2618 2408 creditum
2651 2357 2721 2410 sit
2744 2355 3093 2430 Evangelium
3126 2369 3394 2438 pracputii,
3437 2389 3458 2422 ι

1881 2441 1932 2485 et
1982 2447 2102 2502 quae
2147 2449 2464 2503 sequuntur.
2503 2441 2732 2501 Tantum
2779 2449 2922 2504 enim
2971 2453 3143 2508 abfuit
3182 2459 3324 2525 quod
3377 2475 3464 2515 me

1880 2539 1986 2579 non
2040 2541 2436 2598 correxerunt,
2490 2546 2548 2591 nt
2604 2550 2659 2592 et
2716 2539 3096 2613 laudaverint,
3155 2564 3459 2608 consense-

1878 2619 2110 2688 rintque,
2145 2629 2203 2675 ut
2252 2638 2351 2692 ego
2384 2636 2436 2680 et
2471 2626 2748 2688 Barnabas
2777 2637 2843 2689 ad
2873 2641 3224 2710 praeputium,
3256 2645 3370 2701 sive
3392 2649 3459 2704 ad

1875 2721 2084 2780 gentes,
2124 2714 2224 2785 ipsi
2271 2732 2399 2774 vero
2441 2721 2507 2775 ad
2549 2721 3018 2787 circumcisionem
3041 2772 3058 2798 ,
3093 2733 3145 2790 id
3177 2745 3283 2803 est,
3315 2746 3456 2809 apud

1874 2801 2091 2860 Judazos
2145 2808 2494 2881 Evangelium
2544 2819 2954 2877 annuntiarent.
3014 2825 3119 2882 Per
3166 2829 3460 2890 circumci-

1873 2898 2081 2953 sionem
2143 2903 2288 2956 enim
2336 2917 2390 2959 et
2443 2912 2762 2977 praeputium
2813 2930 2918 2970 non
2975 2916 3122 2988 ipsas
3182 2938 3300 2989 res,
3357 2934 3455 2983 sed

1875 2991 2227 3058 praeputiatos
2252 3002 2304 3048 ct
2364 2997 2718 3059 circumcisus
2775 3005 3048 3078 intelligit.
3114 3011 3212 3068 llic
3266 3029 3449 3075 autem

1871 3081 2213 3138 demonstrat
2257 3100 2315 3140 se
2362 3087 2603 3156 ejusdem
2641 3109 2761 3151 esse
2795 3113 2916 3152 cum
2970 3099 3130 3158 Petro
3183 3110 3344 3176 pretii
3397 3122 3455 3168 et

1795 3194 1836 3253 ο
1872 3167 2114 3226 honoris.
2153 3173 2252 3238 Qui
2280 3175 2424 3229 enim
2456 3177 2503 3232 ei
2537 3181 2684 3235 dedit
2712 3182 2986 3255 Evangelii
3024 3193 3164 3258 apud
3183 3167 3450 3257 ilebraeos

1303 3241 1380 3308 δὲ,
1416 3243 1532 3308 πῶς
1560 3244 1762 3312 ἔδειξεν

1875 3261 2188 3328 eiiicaciam,
2214 3267 2361 3322 dedit
2396 3280 2451 3324 et
2487 3273 2617 3328 mihi
2652 3276 2792 3331 hanc
2823 3281 2888 3333 ad
2932 3295 3140 3352 gentes.
3205 3289 3444 3348 Observa

1866 3363 2046 3410 autem
2079 3361 2351 3423 quomodo
2395 3363 2671 3434 indicarit,
2735 3373 2876 3442 quod
2941 3377 3136 3434 nedum
3187 3386 3448 3452 apostolis

1868 3450 2183 3517 praedicatio
2201 3467 2298 3509 sua
2333 3455 2615 3527 placuerit,
2637 3477 2824 3518 verum
2843 3467 2945 3537 ipsi
2965 3470 3126 3524 etiam
3152 3450 3260 3528 Deo
3282 3474 3446 3532 fuerit
3473 3549 3480 3556 .

1857 3541 2114 3609 probata.
2161 3564 2182 3597 ι
2223 3546 2355 3602 Cum
2394 3568 2413 3602 ι
2451 3553 2618 3619 enim,
2671 3553 2867 3627 inquit,
2943 3579 2963 3612 ι
3027 3566 3380 3633 agnovissent
3413 3589 3435 3622 ι

1863 3636 2092 3703 apostoli
2134 3656 2155 3691 ι
2211 3643 2438 3710 gratiam
2474 3643 2586 3700 Dei.
2622 3666 2640 3700 ι
2677 3647 2794 3704 Non
2851 3652 3003 3718 dicit,
3069 3657 3438 3728 Audivissent,

1860 3739 2069 3795 verum,
2096 3729 2231 3786 Cum
2267 3749 2333 3790 ex
2380 3735 2514 3804 ipsis
2561 3739 2717 3796 rebus
2760 3761 2781 3795 ι
2820 3747 3220 3814 cognovissent.
3250 3772 3270 3807 ι
3332 3755 3438 3825 Qui

1858 3815 2000 3869 enim
2035 3820 2263 3887 gratiam
2313 3824 2440 3879 mihi
2501 3827 2756 3897 dedisset,
2813 3835 2915 3890 nisi
2967 3840 3278 3907 praedicatio
3334 3815 3438 3902 ista

1857 3904 1993 3962 bene
2015 3909 2061 3963 ei
2086 3912 2536 3982 complacuissct?
2563 3919 2772 3978 Rursus
2795 3935 2972 3993 autem
3001 3945 3104 3986 non
3125 3933 3244 3990 sine
3267 3950 3437 3994 enco-

1857 3995 1968 4051 mio
2001 3998 2160 4054 trium
2214 4001 2431 4060 illorum
2484 4011 2748 4068 meminit.
2803 4015 2905 4080 Qui
2964 4019 3107 4074 enim
3166 4027 3436 4082 columna:

1855 4089 2198 4159 videbantur,
2234 4094 2340 4152 hoc
2389 4108 2495 4168 est,
2549 4105 2750 4174 magni,
2807 4123 2946 4178 quos
2994 4127 3183 4170 omnes
3236 4102 3436 4189 ubique

1855 4181 2250 4238 circumferunt
2308 4195 2362 4242 et
2405 4188 2701 4261 celebrant,
2755 4195 2810 4250 bi
2871 4200 2998 4255 mihi
3063 4203 3429 4262 testimonium

1853 4269 2062 4338 dicunt,
2090 4273 2232 4342 quod
2258 4277 2572 4345 praedicatio
2623 4297 2742 4338 mea
2777 4284 2994 4343 Christo
3047 4290 3243 4359 placet.
3291 4294 3428 4349 Pro-

1850 4370 2035 4431 pterea
2064 4383 2082 4415 ι
2115 4365 2330 4423 dextras
2357 4371 2648 4440 dederunt,
2683 4395 2701 4427 ι
2734 4377 2834 4432 hoc
2864 4388 2964 4444 est,
2997 4378 3424 4452 Consenserunt,

1852 4461 1906 4505 et
1945 4465 2228 4514 consortes
2281 4476 2381 4516 nos
2443 4463 2711 4532 fecerunt,
2764 4471 3222 4542 ostenderuntque
3281 4480 3423 4547 quod

1782 4548 1827 4604 ι)
1857 4558 2029 4599 meam
2052 4549 2414 4617 approbarent
2434 4555 2898 4623 praedicationem,
2925 4563 3122 4633 quippe
3147 4579 3266 4635 qua:
3291 4569 3425 4625 nihil

1849 4635 2139 4694 dissideret
2170 4657 2198 4694 a
2235 4657 2483 4700 sermone
2513 4645 2770 4716 ipsorum.

1921 4728 2082 4787 Vsus.
2114 4734 2196 4788 ιο.
2235 4753 2256 4786 ι
2293 4735 2522 4793 Tantum
2552 4747 2613 4795 ut
2643 4757 2937 4812 pauperum
2971 4762 3240 4808 memores
3272 4769 3423 4810 esse-

1846 4835 1986 4885 mus,
2014 4823 2158 4890 quod
2195 4825 2361 4880 etiam
2413 4829 2681 4887 sollicitus
2715 4833 2790 4888 l'ui
2822 4836 2922 4891 hoc
2949 4837 3123 4907 ipsum
3158 4842 3356 4900 facere.
3395 4866 3414 4898 ι

1846 4910 2316 4986 Ρηειιίοιιιίοιιειη,
2334 4921 2528 4991 inquit,
2549 4923 2938 4996 dividebamus,
2958 4938 3220 5003 pauperes
3238 4944 3418 4990 autem.

1845 5005 2109 5061 indivisos
2151 5009 2503 5069 habebamus.
2541 5014 2934 5090 Hierosolymis
2951 5023 3095 5078 enim
3119 5039 3222 5081 non
3262 5032 3416 5097 pauci

1843 5099 2178 5156 credentium
2213 5102 2433 5160 fuerunt
2484 5105 2846 5168 facultatibus
2901 5115 3015 5170 suis
3055 5117 3267 5188 spoliati
3320 5138 3420 5192 per

1841 5188 2151 5249 incredulos
2172 5194 2410 5259 Iudaeos.
2441 5199 2534 5269 qui
2583 5204 2893 5259 necessario
2949 5206 3110 5261 etiam
3161 5210 3418 5267 alimento

1842 5284 2302 5345 destituebantur.
2334 5289 2450 5347 Non
2511 5293 2655 5349 enim
2686 5297 2820 5352 adeo
2875 5295 3047 5354 Graeci
3087 5301 3418 5362 dimicabant

1841 5375 2129 5434 adversum
2149 5394 2247 5438 eos
2278 5385 2369 5450 qui
2401 5400 2467 5440 ex
2507 5400 2568 5440 se
2609 5389 2972 5456 crediderant,
3001 5403 3263 5462 quantum
3315 5397 3414 5453 Ju-

1837 5469 1935 5525 ἀεὶ
1971 5471 2134 5545 336
2168 5474 2407 5533 Hebraeis
2437 5479 2759 5538 Christianis
2805 5489 3192 5556 repugnabant.
3215 5489 3418 5558 Quam...

1835 5561 2020 5615 obrem
2051 5566 2519 5640 l’aulus;magnam
2541 5572 2780 5644 ipsorum
2802 5591 2988 5632 curam
3009 5581 3172 5650 gerit,
3193 5585 3414 5654 perinde

1836 5666 1899 5706 ac
1916 5657 2290 5726 testaturipse,
2311 5677 2329 5711 ι
2345 5660 2538 5716 Studul
2556 5665 2866 5737 hocipsum,
2881 5669 3154 5741 inquiens,
3175 5672 3368 5732 facere.
3387 5697 3407 5732 ι

1834 5743 2048 5799 Etenim
2089 5748 2327 5820 undique
2369 5768 2398 5807 a
2428 5754 2676 5813 ﬁdelibus
2715 5773 2852 5830 quos
2890 5759 3225 5838 instituerat,
3262 5771 3404 5827 colli.

1832 5849 1886 5902 gr
1901 5850 1987 5904 ns,
2022 5838 2137 5908 ipse
2167 5855 2264 5910 per
2281 5858 2402 5900 sese
2431 5847 2510 5903 eis
2529 5846 2804 5907 afferebat.
