3898 6572
169 389 272 454 931

942 386 1349 448 EXPOSlTIO
1391 385 1467 446 IN
1511 384 1750 444 EPIST.
1793 384 1891 443 AD
1926 384 2192 447 GALAT.
2227 410 2296 421 -
2329 385 2485 447 CAP.
2527 386 2638 449 HI.

3315 379 3426 445 982

177 510 302 563 Υἰού
357 504 447 560 τοῦ
481 504 640 561 Θεοῦ.
677 525 694 558 ι
737 507 803 560 ’Δ
847 505 946 576 μὲν
1003 501 1182 566 εἷπον,
1232 507 1363 576 περὶ
1392 504 1492 573 τῆς
1541 503 1741 572 νοητῆς

1864 500 1964 556 ῖὶιὶἰ
1997 502 2114 560 Dei.
2148 523 2165 556 δ
2195 504 2326 571 Qum
2352 504 2566 573 quidem
2593 503 2724 567 dixi,
2755 502 2823 559 de
2847 503 2955 558 vita
2985 501 3254 572 Spiritnali
3285 501 3418 555 dixi.

172 603 315 672 ζωῆς
333 596 484 652 εἷπον
511 613 524 629 ⁶
557 599 650 652 καὶ
684 598 782 670 τὴν
825 598 1092 668 αἰσθητὴν
1113 599 1170 651 δὲ
1201 596 1372 662 αὐτὴν
1400 596 1549 668 ζωὴν
1577 597 1740 668 εὑρή-

173 709 286 753 σεις
325 689 487 743 οὖσάν
524 705 617 759 μοι
643 688 753 742 ἀπὸ
782 687 1046 760 Χριστοῦ.
1081 688 1190 741 Καὶ
1240 687 1351 758 γὰρ
1379 689 1408 741 6
1434 686 1539 758 μὲν
1576 687 1742 759 νόμος

173 781 663 851 παραϐαινὸμενος,
694 781 906 844 πάντας
950 780 1057 834 ὑπὸ
1091 782 1369 851 ἁμαρτίαν
1391 782 1485 836 καὶ
1519 781 1741 836 κόλασιν

170 875 357 934 ἐποίει,
387 872 480 926 καὶ
509 873 660 928 οὐδὲν
696 873 904 929 ἐκώλυε
955 874 1165 938 πάντας
1213 874 1533 940 ἀπολέσθαι,
1575 876 1745 930 καθά-

173 983 279 1035 περ
321 963 415 1018 ἐπὶ
454 962 548 1018 τοῦ
607 964 1016 1035 κατακλυσμοῦ,
1067 965 1143 1029 ὡς
1179 965 1537 1035 παραϐάτας·
1573 965 1743 1021 ἐλθὼν

171 1059 228 1110 δὲ
252 1061 278 1111 6
304 1059 558 1126 Χριστὸς,
585 1059 894 1129 ἐξήρπασεν
917 1060 1067 1129 ἡμᾶς
1100 1061 1199 1127 τῆς
1228 1061 1632 1131 κατακρίσεως.
1661 1061 1746 1113 δι·

173 1151 408 1214 καιὼσας
457 1152 535 1222 τῷ
585 1153 772 1218 οἰκείῳ
804 1153 1036 1224 θανάτῳ.
1080 1154 1241 1207 Ὥστε
1279 1153 1561 1208 καὶτοῦτο
1589 1155 1742 1224 αὐτὸ,

172 1245 234 1298 τὸ
262 1244 532 1314 αἰσθητῶς
562 1245 658 1297 καὶ
689 1248 746 1297 ἐν
777 1247 941 1312 σαρκὶ
971 1247 1090 1316 ζῇν,
1113 1247 1203 1301 διὰ
1248 1247 1347 1320 τὴν
1378 1248 1459 1309 εἰς
1507 1249 1745 1320 Χριστὸν

174 1335 349 1390 πίστιν
389 1336 610 1405 ἔχομεν,
643 1337 740 1406 τὴν
779 1338 1099 1395 δικαιοῦσαν
1121 1342 1290 1412 ἡμᾶς,
1327 1345 1540 1414 καὶτῆς
1572 1362 1744 1399 κατα-

170 1425 399 1495 κρίσεως
427 1425 871 1495 ἐξαρπάζουσαν.

244 1536 265 1569 ι
304 1517 409 1570 Τοῦ
446 1520 831 1588 ἀγαπήσαντός
892 1539 961 1592 με
1006 1528 1102 1577 καὶ
1159 1526 1498 1595 παραδόντος
1554 1527 1748 1582 ἑαυτὸν

175 1609 313 1679 ὑπὲρ
343 1610 505 1680 ἐμοῦ.
548 1630 565 1662 ι
605 1613 712 1670 Καὶ
748 1611 856 1684 μὴν
897 1614 1038 1685 ὑπὲρ
1066 1614 1284 1671 πάντων
1332 1618 1567 1674 δέδωκεν
1620 1620 1748 1675 ἑαυ-

172 1701 282 1762 τὸν,
315 1706 406 1756 καὶ
439 1704 646 1769 πάντας
685 1706 975 1778 ἠγάπησεν
1000 1724 1012 1739 ·
1043 1709 1156 1762 ἀλλ’
1188 1708 1216 1760 6
1245 1711 1457 1774 Παῦλος
1486 1714 1748 1784 ἐννοήσας

171 1795 329 1848 τίνων
352 1797 668 1863 ἀπαλλάξας
690 1801 838 1868 ἡμᾶς
859 1802 888 1853 6
909 1801 1145 1872 Χριστὸς
1169 1803 1290 1858 τίνα
1314 1804 1627 1874 ἐχαρίσατο,
1654 1806 1749 1858 καὶ

175 1888 447 1956 πυρωθεὶς
505 1893 571 1961 τῇ
621 1891 834 1962 ἀγάπῃ,
866 1891 926 1946 τὸ
978 1895 1154 1950 κοινὸν
1200 1895 1332 1950 ἴδιον
1369 1899 1602 1953 ποιεῖται
1629 1915 1642 1929 ο
1674 1899 1748 1962 ὡς

175 1977 269 2030 καὶ
305 1981 351 2030 οἱ
375 1981 688 2050 προφῆται·
725 2001 746 2033 ι
791 1983 852 2036 '0
888 1983 1040 2048 Θεὸς,
1066 1987 1095 2038 6
1130 1987 1262 2050 Θεός
1297 2006 1398 2057 μου
1421 2005 1435 2019 ο
1477 2007 1497 2042 ι
1535 1991 1655 2056 ἄμα
1691 1991 1750 2045 δὲ

171 2067 262 2120 καὶ
298 2067 529 2132 δεικνὺς,
568 2070 651 2123 ὅτι
681 2071 953 2143 τοσαύτην
985 2072 1067 2127 δεῖ
1111 2074 1270 2144 χάριν
1325 2075 1610 2145 ὁμολογεῖν
1672 2077 1749 2146 τῷ

172 2157 393 2228 Χριστῷ
415 2159 665 2224 ἕκαστον,
693 2163 823 2234 ὅσην
850 2163 915 2217 ἂν
955 2166 1002 2216 εἰ
1031 2166 1123 2218 καὶ
1157 2165 1226 2219 δι’
1249 2167 1415 2221 αὐτὸν
1444 2167 1605 2239 μόνον
1639 2170 1748 2222 ἀπ-

169 2249 440 2304 ἐθανεν⁶⁸.
482 2253 546 2304 Οἱ
572 2254 629 2307 δὲ
647 2257 709 2325 τῇ
731 2255 1030 2329 εὐεργεσίᾳ
1067 2259 1426 2328 χρησάμενοι,
1447 2262 1496 2314 οἱ
1531 2261 1611 2324 εἰς
1637 2263 1708 2316 αὑ

168 2341 257 2393 τὸν
283 2344 670 2410 πιστεύσαντες
698 2350 805 2400 εἰσι
837 2350 1010 2418 μόνοι.
1039 2349 1202 2402 ’Ὥστε
1228 2351 1260 2405 6
1307 2349 1384 2420 τῷ
1408 2351 1556 2422 νόμῳ
1578 2369 1752 2424 προσ-

169 2434 351 2504 έχων,
407 2437 678 2493 δείκνυσιν
753 2441 838 2496 ὅτι
897 2443 1000 2495 οὐκ
1054 2443 1326 2498 ἀπέθανεν
1379 2443 1523 2514 ὑπὲρ
1583 2443 1748 2498 αὐτοῦ

167 2527 196 2581 6
226 2527 479 2599 Χριστός.
539 2533 645 2586 Καὶ
701 2533 820 2598 πῶς
876 2534 1035 2588 τοῦτο
1080 2535 1142 2588 ού
1191 2535 1461 2605 φρίττεις,
1492 2537 1608 2590 ἀλλ’
1652 2538 1750 2591 ἐπὶ

165 2622 252 2671 τὶν
317 2621 476 2689 νόμιον
541 2624 962 2696 παλιιιδρομεῖς,
1016 2627 1288 2698 ἄχρηστον
1371 2629 1468 2684 τὸν
1523 2628 1752 2684 θάνατον

170 2709 258 2762 τοῦ
297 2712 568 2768 Δεσπὸτου
595 2717 891 2783 δεικνύωνς
931 2721 1248 2790 Σημείωσαι
1271 2721 1436 2778 δὲκαὶ
1451 2722 1532 2792 τὸ,
1557 2725 1750 2796 Παρα-

167 2801 322 2856 δῧντα
354 2806 572 2873 ἑαυτὸν,
603 2809 694 2862 διὰ
735 2812 862 2875 τοὺς
890 2813 1236 2883 Ἀρειανούς.

248 2915 267 2946 ι
305 2898 423 2951 Οὐκ
456 2901 634 2954 ἀθετῶ
663 2903 762 2974 τὴν
785 2906 947 2975 χάριν
999 2905 1093 2960 τοῦ
1145 2907 1302 2962 Θεοῦ.
1342 2926 1360 2959 ι
1415 2908 1636 2980 Ἐπειδὴ
1682 2908 1753 2963 τὰ

173 2991 276 3046 ἀπὸ
309 2994 428 3047 τῶν
481 2997 760 3068 λογισμῶν
811 3000 1078 3066 τέθεικεν,
1132 3001 1496 3071 ἀποφαίνεται
1545 3001 1751 3069 λοιπὸν,

175 3083 254 3135 ὅτι
291 3086 414 3139 Οὐκ
447 3089 778 3159 ἀποσεὶομαι
800 3091 900 3161 τὴν
931 3091 1026 3146 τοῦ
1060 3091 1300 3162 Χριστοῦ
1329 3092 1539 3164 δωρεὰν
1563 3095 1631 3165 ἥν
1663 3112 1754 3163 μοι

1843 594 1984 662 Quin
2010 597 2176 652 etiam
2209 599 2377 667 ipsam
2413 599 2581 657 vitam
2633 597 2947 652 seusihilem
2996 595 3240 652 invenies
3282 594 3418 647 mihi

1842 702 1965 742 esse
1998 702 2028 742 a
2056 686 2296 744 Christo.
2331 686 2466 744 Nam
2494 688 2578 743 lex
2619 688 2842 750 violata.
2873 701 3062 747 omnes
3111 693 3334 754 peccato
3363 691 3420 737 et

1844 794 2021 850 paena:
2053 781 2312 845 subdidit,
2347 795 2413 836 ac
2443 780 2576 840 nihil
2601 780 2874 851 prohihnit
2905 777 3194 848 quominus
3232 787 3426 828 omnes

1847 889 1953 927 non
1986 872 2297 940 interirent,
2327 873 2554 943 perinde
2585 887 2649 928 ac
2686 873 2739 928 iu
2769 872 2989 935 diluvio,
3025 885 3126 934 ceu
3170 864 3425 937 praevari-

1845 975 2086 1024 catores.
2111 963 2251 1022 Cum
2296 963 2533 1020 venisset
2571 973 2750 1019 autem
2787 961 3060 1024 Christus,
3095 958 3294 1028 eripuit
3325 970 3424 1011 uos

1846 1073 1877 1113 a
1899 1059 2370 1125 comlemuatiooe,
2399 1057 2706 1126 justitieans
2730 1072 2826 1111 nos
2844 1071 2938 1110 sua
2965 1064 3159 1109 morte.
3191 1050 3433 1106 Proinde

1847 1159 1903 1202 et
1937 1150 2040 1202 hoc
2078 1155 2275 1218 ipsum,
2323 1149 2657 1205 seusihiliter
2698 1159 2752 1203 et
2800 1148 2856 1203 in
2889 1162 3052 1201 carne
3083 1146 3286 1205 vivere,
3331 1158 3428 1212 per

1851 1241 2009 1296 fidem
2045 1242 2096 1296 in
2115 1243 2391 1298 Christum
2419 1243 2704 1304 habemus,
2733 1257 2850 1310 quae
2880 1255 2978 1294 nos
2999 1254 3120 1292 cum
3138 1236 3433 1307 justilicat,

1851 1345 1961 1390 tum
1997 1351 2062 1389 ex
2093 1334 2550 1392 condemualione
2569 1335 2751 1404 eripit.

1931 1536 1950 1568 ι
1990 1516 2090 1583 Qui
2148 1517 2338 1576 dilexit
2395 1531 2504 1582 me,
2537 1527 2597 1574 et
2651 1516 2877 1576 tradidit
2926 1514 3280 1584 semetipsum
3336 1529 3432 1584 pro

1852 1629 1960 1668 me.
2003 1632 2022 1666 ι
2056 1611 2220 1682 Atqui
2256 1625 2353 1682 pro
2385 1611 2640 1667 omnibus
2669 1610 2818 1666 dedit
2858 1611 3118 1679 seipsum,
3159 1618 3432 1666 etmunes

1853 1706 2080 1762 dilexit:
2119 1713 2359 1762 attamen
2409 1703 2607 1764 Paulus
2641 1719 2828 1760 secum
2877 1704 3124 1774 cogitans
3168 1717 3196 1754 a
3233 1701 3432 1770 qumns

1855 1812 1953 1852 nos
2003 1797 2245 1856 liberarit
2298 1797 2572 1860 Christus,
2622 1805 2678 1851 et
2704 1811 2822 1866 qua:
2876 1794 3112 1861 donarit,
3166 1794 3434 1848 charitate

1857 1889 2245 1954 inﬂammatus,
2281 1889 2424 1960 quod
2473 1887 2750 1960 publicum
2799 1897 2904 1951 est,
2952 1886 3231 1956 propriqu
3279 1883 3431 1950 fat-it,

1851 1998 2006 2052 reque
2055 1997 2121 2036 ac
2161 1983 2455 2051 prophetae,
2521 2000 2540 2040 ι
2587 1980 2762 2044 Deus,
2815 1979 2956 2034 Dens
3008 1990 3229 2043 mense,
3272 1996 3291 2031 ι
3350 1979 3433 2032 in-

1852 2074 2048 2145 quiunt
2089 2091 2102 2128 :
2164 2073 2369 2142 pariter
2413 2073 2732 2140 ostendens,
2763 2073 2906 2144 quod
2943 2081 3122 2124 tantas
3181 2079 3434 2140 oporteat

1855 2181 2295 2236 unumquemque
2326 2165 2530 2236 gratias
2571 2165 2795 2224 reddere
2825 2162 3070 2226 Christo,
3123 2171 3357 2231 quantas
3385 2160 3430 2215 si

1852 2276 1951 2330 pro
1981 2260 2099 2329 ipso
2127 2261 2244 2320 solo
2275 2269 2520 2315 mortuus
2555 2268 2721 2323 esset,
2763 2260 3068 2316 exhiberet.
3103 2256 3203 2323 Qui
3247 2265 3430 2311 autem

1854 2354 1957 2408 hoc
2003 2351 2267 2416 beneficio
2319 2354 2400 2406 usi
2435 2362 2580 2416 sunt,
2639 2352 2692 2406 hi
2743 2351 2841 2406 soli
2893 2360 3019 2406 sunt
3065 2350 3152 2420 qui
3183 2350 3428 2405 credunt.

1854 2445 2116 2510 Quocirca
2155 2444 2252 2514 qui
2301 2443 2401 2513 legi
2435 2442 2722 2507 auscultat,
2779 2442 2980 2500 indicat
3018 2440 3298 2500 Christum
3334 2457 3439 2510 pro

1854 2553 1912 2600 se
1941 2553 2048 2597 non
2084 2552 2207 2594 esse
2239 2547 2531 2591 mortuum.
2578 2537 2747 2604 Ecqui
2792 2536 2896 2590 hoc
2948 2549 3056 2592 nou
3089 2536 3301 2599 horres,
3337 2536 3430 2588 sed

1853 2632 1919 2686 ad
1947 2633 2120 2701 legent
2152 2645 2343 2694 rursus
2375 2630 2640 2692 aceurris,
2670 2639 2901 2688 mortem
2951 2627 3165 2684 Domini
3201 2628 3276 2681 tui
3315 2629 3441 2681 inn--

1858 2724 2004 2781 tilem
2035 2723 2373 2781 ostendens?
2401 2723 2643 2781 Observa
2674 2732 2852 2780 autem
2885 2722 3031 2792 quod
3063 2709 3160 2786 ait,
3184 2719 3434 2777 Tradidit

1856 2817 2120 2886 seipsum,
2154 2825 2374 2886 propter
2401 2815 2655 2874 Arieuos.

1933 2908 2098 2964 Vens.
2121 2909 2213 2964 2i.
2247 2927 2270 2962 ι
2306 2905 2655 2974 Non'ahjieio
2682 2907 2907 2977 gratiam
2933 2905 3048 2963 Dei.
3090 2924 3109 2962 ι
3140 2903 3442 2975 Postquam-

1859 3001 2104 3057 rationes
2135 2999 2433 3071 posuisset,
2485 2999 2552 3054 de
2604 3007 2805 3056 caetero
2836 2997 3155 3054 aﬂirmative
3195 3012 3438 3067 pronun-

1861 3092 1983 3158 tiat,
2008 3091 2126 3147 Non
2156 3089 2356 3158 abjicio
2378 3088 2583 3146 Christi
2612 3090 2833 3155 donum,
2857 3088 3002 3156 quod
3033 3088 3162 3143 mihi
3188 3087 3432 3152 donavit,

176 3174 494 3245 ἐχαρίσατο,
527 3180 826 3246 δικαιώσας
871 3199 940 3253 με
994 3183 1166 3255 χωρὶς
1205 3185 1384 3261 ἔργων
1432 3186 1510 3258 τῷ
1541 3189 1751 3264 Θανάτῳ

1864 3199 1984 3239 cum
2023 3198 2110 3238 me
2135 3184 2339 3253 absque
2377 3183 2632 3250 operibus
2662 3195 2759 3250 per
2789 3191 3019 3237 mortem
3051 3196 3204 3236 suam
3233 3180 3438 3251 justiti-

176 3266 366 3331 αὑτοῦ,
409 3271 530 3323 οὐδὲ
564 3271 642 3340 τῷ
667 3274 818 3345 νόμῳ
849 3278 1199 3348 προστρέχω.

247 3380 266 3412 ι
304 3363 374 3416 Εἰ
405 3366 512 3434 γὰρ
549 3366 638 3419 διὰ
667 3370 832 3437 νόμου
860 3370 1200 3444 δ;καιοσύνη,
1231 3375 1340 3446 ἄρα
1386 3378 1619 3449 Χριστὸς
1649 3379 1755 3434 δω-

180 3454 306 3520 ρεὰν
337 3455 631 3514 ἀπέθανεν.
670 3479 688 3511 ι
722 3463 782 3514 Ei
815 3464 922 3533 γὰρ
957 3467 984 3516 6
1017 3465 1202 3535 νόμος,
1233 3469 1389 3538 φησὶ,
1430 3470 1624 3534 σώζειν
1662 3473 1754 3527 καὶ

173 3544 423 3600 δικαιοῦν
463 3551 658 3619 ἰσχύει,
691 3553 719 3603 6
750 3555 985 3622 Χριστὸς
1026 3559 1206 3626 μάτην
1249 3559 1436 3615 λοιπὸν
1491 3564 1750 3619 ἀπέθανε.

175 3639 268 3731 σιὰ.
290 3640 464 3695 τοῦτο
512 3645 621 3713 γὰρ
677 3646 893 3709 πάντως
931 3650 1223 3716 ἀπέθανεν,
1262 3653 1349 3708 ἵνα
1399 3655 1561 3721 αὐτὸς
1609 3659 1757 3731 σώσῃ

175 3728 258 3782 διὰ
287 3731 390 3784 τοῦ
422 3732 680 3799 θανάτου,
711 3735 787 3797 ὡς
814 3737 910 3790 τοῦ
940 3740 1104 3809 νόμου
1143 3740 1217 3811 μὴ
1253 3743 1529 3812 ἰσχύοντος
1555 3763 1568 3776 ·
1595 3747 1671 3810 ὡς
1706 3728 1761 3801 εἴ

173 3838 234 3888 γε
264 3824 435 3889 σώζει
465 3829 494 3879 6
524 3826 707 3897 νόμος,
747 3831 1004 3898 περιττὸς
1047 3834 1074 3885 6
1104 3832 1197 3885 τοῦ
1231 3835 1471 3906 Χριστοῦ
1505 3838 1754 3904 θάνατος.

188 3916 356 3986 Ὁρᾷς
386 3917 492 3972 ποῦ
524 3921 556 3990 ἡ
593 3920 913 3992 βλασφημία
944 3928 1260 3996 προχωρεϊ;

794 4037 1046 4092 ΚΕΦΛΛ.
1089 4039 1162 4094 Γ’.

247 4164 263 4196 ι
301 4141 380 4199 Ὤ
414 4146 632 4218 ἀνόητοι
663 4149 919 4214 Γαλάται,
950 4149 1030 4212 τίς
1055 4151 1201 4220 ὑμᾶς
1225 4153 1496 4209 ἐϐάσκανε
1531 4159 1596 4228 τῇ
1627 4157 1760 4229 άλη-

175 4233 292 4307 οεία
340 4236 418 4306 μὴ
451 4237 734 4294 πείθεσθαι
760 4256 774 4305 ;
805 4259 824 4292 ι
865 4240 1054 4306 Δείξας
1078 4241 1170 4295 διά
1202 4244 1311 4297 τῶν
1351 4248 1636 4318 προτέρων
1678 4250 1760 4306 ὅτι

173 4330 272 4382 οῦκ
311 4322 413 4382 ἀπ’
445 4330 749 4401 ἀνθρώπων
769 4330 836 4405 ἦν
875 4335 1174 4399 ἀπόστολος
1209 4339 1280 4402 ⁶⁹,
1308 4339 1428 4393 οὐδὲ
1455 4341 1523 4394 δι’
1551 4342 1764 4415 ἀνθρώ-

176 4438 313 4483 πων,
374 4425 472 4476 καὶ
545 4425 860 4489 ἀξιόπιστον
926 4428 1116 4485 ἑαυτὸν
1175 4433 1563 4502 καταστήσας,
1621 4436 1761 4506 μετὰ

1857 3275 2032 3340 cavit;
2066 3288 2242 3345 neque
2273 3274 2340 3329 ad
2377 3273 2546 3344 legem
2579 3287 2830 3328 accurro.

1934 3385 1954 3417 σ
1993 3365 2049 3422 Si
2083 3365 2226 3420 enim
2251 3380 2349 3435 per
2375 3364 2546 3436 legem
2571 3363 2803 3432 iustitia,
2834 3377 2962 3430 ergo
2987 3360 3235 3420 Christus
3265 3359 3438 3430 gratis

1860 3468 2102 3513 mortuus
2159 3467 2264 3514 est.
2302 3476 2320 3511 ο
2359 3455 2416 3512 Si
2471 3457 2613 3516 enim
2663 3456 2770 3519 lex,
2832 3454 3044 3523 inquit,
3107 3467 3329 3507 servare
3381 3460 3439 3506 et

1851 3553 2153 3622 justiﬁcare
2181 3561 2377 3620 potest,
2412 3560 2524 3606 tum
2555 3550 2722 3622 340
2752 3549 3004 3608 Christus
3053 3547 3250 3600 frustra
3291 3559 3438 3598 mor-

1860 3653 1982 3699 tuus
2015 3655 2118 3700 est.
2169 3645 2397 3713 Propter
2427 3645 2531 3701 hoc
2582 3642 2726 3698 enim
2763 3640 2984 3696 omnino
3025 3646 3272 3692 mortuus
3323 3645 3434 3701 est,

1859 3747 1917 3790 ut
1952 3738 2070 3805 ipse
2099 3745 2280 3792 servet
2316 3751 2414 3790 nos
2466 3751 2563 3804 per
2609 3744 2862 3798 mortem,
2923 3731 3041 3800 lege
3080 3728 3292 3790 Scilicet
3328 3743 3436 3780 nou

1857 3831 2092 3885 Valente.
2140 3829 2276 3884 Nam
2309 3829 2354 3882 si
2393 3829 2474 3883 lex
2525 3835 2724 3898 servat,
2797 3824 3068 3892 superﬂua
3101 3831 3186 3878 est
3231 3819 3435 3882 Christi

1861 3937 2026 3977 mors.
2071 3919 2260 3976 Videu'
2288 3937 2394 3990 quo
2419 3918 2756 3989 blasphemia
2780 3915 3084 3987 procedat?

2470 4031 2704 4089 CAPUT
2745 4031 2833 4088 lli.

1929 4149 2090 4204 Vens.
2125 4148 2179 4203 l.
2212 4166 2230 4201 ι
2264 4147 2308 4204 Ο
2337 4145 2592 4202 iuseusati
2615 4144 2820 4200 Galatae
2845 4145 2860 4199 ι
2889 4143 3012 4214 quis
3035 4158 3130 4199 vos
3150 4141 3442 4199 fasciuavit

1863 4261 1972 4301 non
2001 4245 2223 4300 obedire
2252 4242 2467 4297 veritati
2491 4242 2514 4295 ?
2537 4259 2556 4294 ι
2585 4241 2720 4296 Cum
2750 4240 2804 4294 in
2824 4237 3095 4309 prioribus
3123 4238 3439 4300 indicasset,

1863 4341 2004 4409 quod
2034 4354 2136 4392 uou
2170 4338 2238 4391 ah
2269 4335 2579 4390 hominibus
2616 4342 2757 4388 esset
2787 4332 3082 4402 apostolus,
3125 4343 3300 4398 neque
3346 4344 3444 4399 per

1865 4431 2134 4492 homines,
2163 4445 2224 4483 ac
2264 4429 2369 4482 tide
2398 4428 2617 4497 dignum
2662 4425 2900 4493 seipsum
2944 4423 3287 4488 reddidisset,
3319 4437 3440 4476 cum

179 4516 432 4580 πλείονος
457 4518 741 4584 αύθεντίας
764 4520 1072 4590 διαλέγεται
1101 4539 1114 4552 ·
1142 4525 1237 4578 καὶ
1274 4525 1486 4594 μέλλων
1531 4526 1629 4599 τὴν
1667 4530 1751 4583 πε·

1871 4525 2058 4592 majori
2113 4522 2443 4577 auctoritate
2487 4520 2748 4589 disputat.
2803 4516 3230 4585 Comparaturus
3278 4530 3444 4584 porro

179 4625 294 4661 στιν
361 4614 653 4679 συγκρῖναι
696 4612 791 4666 καὶ
831 4613 920 4666 τὸν
946 4614 1132 4684 νόμον,
1180 4617 1447 4688 πρότερον
1495 4619 1760 4687 ἀνοήτους

178 4701 376 4767 αὐτοὺς
411 4701 697 4766 ἀποκαλεῖ,
735 4702 836 4772 οὐχ
864 4704 938 4766 ὡς
969 4705 1326 4775 παραδαίνων
1351 4709 1443 4761 τὸν
1471 4708 1636 4778 νόμον
1664 4708 1758 4762 τοῦ

177 4790 445 4864 Χριστοῦ,
479 4795 614 4848 ἀλλά
642 4797 737 4850 καὶ
773 4797 1001 4868 σφόδρα
1049 4798 1228 4869 τηρῶν
1277 4799 1459 4854 αὐτόν.
1495 4801 1569 4854 Οὐ
1591 4801 1701 4873 γὰρ
1733 4803 1762 4857 6

177 4887 363 4949 ἁπλῶς
394 4886 578 4940 καλῶν
612 4887 703 4940 τὸν
738 4887 966 4956 ἀδελνρδν
1014 4889 1178 4943 αὑτοῦ
1230 4891 1434 4963 μωρὸν,
1484 4891 1757 4963 ἐνέχεται,

179 4980 294 5034 ἀλλ’
335 4983 364 5034 ὁ
395 4980 552 5048 εἰκῆ.
603 4974 764 5034 Οὗτοι
805 4981 861 5032 δὲ
911 4981 1131 5043 πάντως
1179 4983 1496 5037 δικαιότατα
1529 4987 1746 5055 ἀνόητοι

180 5073 517 5144 ἐκλήθησαν,
547 5073 596 5123 οἱ
649 5073 924 5126 τοσούτων
994 5073 1216 5140 ἀγαθῶν
1277 5075 1762 5147 ἀναισθητοῦντες,

181 5165 277 5218 καὶ
306 5165 582 5235 ἄχρηστον
615 5165 898 5233 ποιοῦντες
949 5167 1038 5219 τὸν
1082 5166 1179 5220 τοῦ
1224 5169 1462 5241 Χριστοῦ
1507 5170 1760 5229 θάνατον.

182 5257 326 5330 Ὅρα
354 5258 540 5323 δὲ,ὅτι
600 5260 740 5329 μετά
783 5260 882 5324 τὰς
921 5261 1226 5327 ἀποδείξεις
1276 5263 1464 5327 αὐτοῖς
1511 5266 1763 5339 ἐπιτιμᾷ,

184 5354 277 5405 καὶ
306 5352 475 5415 εὐθὺς
502 5352 854 5424 καθυφεησιν.
881 5355 956 5408 Οὐ
983 5355 1093 5427 γάρ
1120 5351 1264 5420 εἷπε,
1302 5357 1398 5420 Τίς
1438 5358 1584 5428 ὑμᾶς
1619 5359 1766 5430 ἠπά-

181 5461 386 5516 τησενς
417 5445 576 5512 ἀλλὰ,
613 5465 630 5498 ι
663 5447 758 5511 Τίς
793 5448 1104 5517 ὲϐάσκανε;
1143 5468 1162 5503 ι
1189 5449 1288 5514 Τίς
1313 5448 1578 5522 ἐφθόνησε
1604 5468 1619 5518 ;
1649 5452 1762 5506 δει-

297 5586 500 5643 'Psal.
536 5605 674 5655 xm,
727 5589 782 5645 5.
900 5591 917 5626 ί
970 5591 1171 5648 Matth.
1223 5606 1279 5658 v,
1320 5591 1414 5648 22.

1870 4620 2024 4672 iidem
2072 4625 2126 4670 et
2189 4617 2384 4684 legem,
2422 4614 2576 4682 prius
2640 4610 2838 4664 stultos
2885 4624 2980 4664 eos
3029 4607 3283 4678 appellat,
3333 4623 3451 4662 non

1867 4711 2273 4779 transgrediens
2301 4708 2472 4778 legem
2502 4704 2731 4770 Christi,
2777 4702 2872 4758 Sed
2903 4701 3256 4756 vehementer
3289 4715 3443 4754 cam—

1868 4804 1985 4858 dem
2020 4815 2244 4856 servans
2267 4801 2312 4852 ι.
2347 4798 2460 4851 Non
2485 4797 2626 4850 enim
2668 4795 2712 4850 is
2739 4793 2831 4865 qui
2863 4791 3186 4864 simpliciter
3216 4788 3442 4843 fratrem

1867 4910 2026 4951 suum
2055 4893 2278 4949 stultum
2317 4889 2572 4960 appellat,
2607 4904 2731 4943 reus
2765 4897 2865 4953 est,
2897 4887 2990 4941 sed
3022 4885 3065 4940 is
3099 4883 3188 4953 qui
3215 4891 3442 4936 temere.

1869 4987 1965 5044 lsti
1997 4995 2174 5042 autem
2207 4985 2431 5041 omnino
2456 4983 2760 5055 justissime
2793 4980 2939 5036 stulti
2968 4978 3140 5033 vocati
3171 4986 3316 5040 sunt,
3352 4973 3459 5042 qui.

1870 5091 1948 5138 tot
1981 5090 2236 5148 tantaque
2275 5078 2417 5133 bona
2453 5093 2558 5131 non
2612 5075 2942 5139 sentiebant,
2985 5081 3034 5126 et
3065 5069 3266 5126 Christi
3300 5083 3446 5122 mor-

1874 5185 1980 5230 tem
2018 5173 2261 5227 inutilem
2296 5169 2585 5225 faciebant.
2627 5165 2870 5223 Observa
2903 5174 3102 5228 autem,
3134 5161 3276 5231 quod
3324 5169 3454 5230 post-

1872 5262 2368 5322 demonstratioues
2400 5277 2519 5315 eos.
2546 5259 2828 5329 Ohjurgat,
2859 5270 2921 5309 ac
2954 5252 3136 5307 Statim
3175 5253 3442 5307 remittat.

1870 5358 1986 5413 Non
2016 5357 2160 5411 enim
2192 5354 2349 5416 dixit,
2391 5353 2523 5419 Quis
2555 5365 2648 5405 vos
2678 5344 2930 5416 decepit?
2978 5343 3095 5408 sed,
3135 5361 3152 5394 ι
3192 5341 3324 5409 Quis
3349 5357 3446 5397 vos

1873 5449 2198 5507 faseinavit‘l
2225 5466 2243 5502 ι
2273 5445 2409 5515 Quis
2444 5444 2636 5501 invidit
2658 5437 3109 5497 vobis‘lindicans
3138 5453 3231 5492 eos
3257 5437 3448 5506 dignas

1538 5682 1733 5745 Variae
1760 5683 2090 5747 lectiones.

262 5785 322 5858 "’q
348 5783 637 5838 ἀπέθανεν.
672 5784 976 5839 Αῑνίττεται
1011 5785 1103 5838 καὶ
1135 5787 1293 5858 τοῦτο
1313 5785 1394 5837 ὅτι
1419 5788 1447 5838 6
1467 5786 1578 5858 μὲν
1608 5786 1838 5858 Χριστὸς
1870 5787 2010 5858 ὑπὲρ
2036 5785 2255 5839 πάκτων
2282 5781 2517 5837 ἀπέθανε
2550 5797 2563 5812 ·

2623 5780 2672 5832 οἱ
2713 5779 2768 5833 δὲ
2800 5794 2874 5836 tu.
2929 5777 3112 5834 [intuit
3145 5781 3302 5832 etiam
3333 5773 3447 5840 hoc,

197 5853 460 5911 Christum
493 5873 760 5911 mortuum
790 5874 900 5913 ceae
927 5872 1020 5926 pro
1049 5857 1304 5910 omnibus.
1383 5858 1425 5888 ⁸ο
1459 5853 1777 5918 meum;
1814 5871 1866 5910 ο.
