3898 6574
274 419 380 481 ιιι
1052 394 1464 481 exessum
1505 418 1582 477 1N
1618 415 1860 477 EPIST.
1901 415 2005 474 AD
2044 384 2308 477 GALKT.
2351 412 2601 478 -CAP.
2642 414 2767 478 III.
3384 396 3534 482 .986

273 529 393 598 εικῆ
421 543 436 562 ·
481 546 501 579 ι
538 527 838 594 τουτέστιν,
885 529 948 582 Εἰ
1004 529 1357 599 βουληθείητε
1402 526 1697 597 ἀνανῆψαι,
1749 527 1851 579 οὐκ

2016 524 2073 579 Si
2113 536 2290 581 tamen
2320 529 2437 583 sine
2463 543 2625 584 causa
2669 547 2685 584 :
2731 550 2750 583 ι
2786 528 2891 584 hoc
2928 538 3033 594 est,
3100 527 3158 584 Si
3195 529 3375 587 velitis
3401 535 3537 589 resi-

272 621 420 692 εἰνῆ,
454 622 577 676 οὐδὲ
632 622 810 692 μάτην
849 622 979 691 ὑμῖν
1022 622 1355 691 πεπόνηται.
1396 618 1853 691 Αἰσχυνέσθωσαν

1982 617 2186 681 ιίεοοιο,
2224 632 2332 672 non
2363 618 2564 672 frustra
2602 634 2778 689 neque
2825 629 3032 676 temere
3066 635 3097 675 a
3127 621 3284 677 vobis
3321 622 3539 678 labora-

273 713 570 768 κάντεῦθεν
600 714 651 765 οἱ
687 713 787 784 τὴν
822 714 1112 783 μετάνοιαν
1166 712 1537 782 ἀναιροῦντες.
1584 711 1714 765 Ἰδοὺ
1744 710 1854 783 γάρ

1984 724 2073 763 um
2114 719 2218 765 est.
2266 708 2552 766 Pudellant
2586 712 2712 767 hinc
2746 713 2838 784 qui
2888 714 3267 783 pmnitentiam
3321 715 3539 769 tollunt.

274 804 650 874 σημειοφόρω,
695 806 791 858 καὶ
831 804 1189 873 ὀμολογηταὶ,
1240 805 1337 857 καὶ
1392 803 1667 873 μάρτυρες
1712 798 1855 874 ἦσαν

1982 803 2099 858 Ecce
2123 803 2268 857 enim
2300 804 2671 870 antesignani,
2701 812 2757 859 et
2786 806 3151 873 confessores,
3183 815 3238 861 et
3273 818 3540 879 martyres

276 891 449 959 οὗτοι,
505 896 621 948 ἀλλ’
653 896 989 958 ἐκπεσόντας
1039 896 1140 949 οὐκ
1196 894 1562 949 ἁποὸἀλλεται
1603 894 1852 962 Παῦλος,

1982 899 2178 951 uerunt
2210 897 2321 961 isti,
2354 897 2445 966 qui
2473 906 2653 952 tamen
2686 912 2806 951 cum
2837 900 3187 966 excidissent,
3223 916 3325 953 non
3364 901 3543 971 rcjicit

273 990 413 1043 ἀλλὰ
449 991 737 1059 προσίεται
768 990 940 1060 ἡδέως
952 1028 968 1043 .

1982 1002 2052 1044 tos
2078 988 2299 1054 Paulus,
2331 989 2424 1045 sed
2449 990 2691 1044 suaviter
2714 990 2938 1059 excipit.

354 1098 373 1131 ι
422 1080 480 1132 '0
509 1078 603 1132 οὖν
648 1079 997 1149 ἐπιχορηγῶν
1043 1078 1174 1148 ὑμῖν
1202 1078 1264 1131 τὸ
1299 1076 1548 1147 Πνεῦμα,
1578 1078 1675 1131 καὶ
1703 1078 1858 1146 ἐνερ-

2032 1080 2199 1135 Vens.
2242 1078 2301 1135 5.
2338 1098 2357 1132 ι
2398 1079 2500 1145 Qui
2549 1095 2679 1149 ergo
2707 1081 2901 1135 tribuit
2946 1082 3100 1138 vobis
3149 1082 3436 1152 Spiritum,
3488 1091 3542 1137 et

272 1172 386 1241 γῶν
413 1170 673 1241 δυνάμεις
705 1172 764 1223 ἐν
816 1172 966 1240 ὑμῖν,
999 1170 1058 1234 ἐξ
1092 1170 1269 1242 ἔργων
1302 1170 1490 1239 νόμον,
1522 1170 1555 1239 ἢ
1589 1167 1650 1234 ἐξ
1685 1168 1857 1236 ἀκοῆς

1982 1172 2189 1227 rirtutes
2218 1184 2479 1241 operatur
2512 1174 2565 1227 iu
2615 1174 2791 1237 vobis,
2828 1188 2891 1227 ex
2929 1176 3191 1242 operibus
3241 1175 3414 1244 legis,
3473 1189 3543 1229 an

273 1265 554 1329 πίστεως;
597 1281 617 1313 ι
685 1264 743 1317 '0
797 1262 952 1326 Θεὸς,
1005 1264 1193 1332 φησιν.
1247 1264 1276 1314 ό
1325 1260 1677 1332 ἐπιχορηγῶν
1726 1260 1857 1330 ὑμῖν

1982 1281 2026 1320 εχ
2059 1266 2246 1319 auditu
2283 1264 2447 1319 ﬁdei?
2483 1283 2501 1317 ι
2536 1263 2679 1319 Deus
2708 1265 2966 1335 (inquit)
3001 1267 3088 1336 qui
3122 1269 3431 1335 suppeditat
3455 1281 3548 1320 vo-

271 1357 336 1409 τὺ
394 1355 641 1426 Πνεῦμα,
695 1354 839 1408 ὥστε
884 1354 1253 1425 προφητεύειν
1305 1356 1399 1408 καὶ
1436 1355 1711 1423 γλώσσαις
1762 1354 1859 1408 λα-

1982 1354 2046 1408 ιίε
2103 1353 2365 1424 Spiritum
2418 1364 2475 1408 ut
2520 1354 2858 1423 prophetetis
2906 1363 2961 1409 et
2993 1355 3192 1424 linguis
3227 1354 3545 1423 loquamini,

272 1446 411 1508 λεῑν.
464 1452 555 1500 καὶ
604 1446 844 1517 ἐνεργῶν
894 1446 1152 1516 δυνάμεις
1181 1448 1237 1499 ἐν
1290 1447 1420 1516 ὑμῖν
1473 1447 1718 1515 σημείων
1767 1448 1861 1499 καὶ

1982 1450 2054 1518 ιιιί
2086 1458 2346 1517 operatur
2373 1449 2427 1503 in
2455 1450 2609 1502 vobis
2632 1450 2860 1503 virtutes
2884 1450 3163 1518 signorum
3193 1460 3246 1502 et
3272 1448 3547 1517 prodigio-

236 1566 243 1571 ρ
273 1538 546 1603 τεράτων,
583 1536 673 1589 διά
702 1538 769 1588 τά
820 1535 883 1588 ἐκ
914 1535 1009 1588 τοῦ
1058 1536 1223 1607 νόμου
1259 1535 1398 1608 ἔργα
1447 1536 1621 1590 ταῦτα
1661 1537 1857 1601 ἐποίει,

1982 1557 2107 1606 -um,
2135 1541 2380 1596 haeccine
2402 1556 2499 1610 per
2530 1542 2664 1612 legis
2691 1557 2856 1612 opera
2879 1540 3131 1608 faciebat,
3159 1543 3312 1610 quasi
3338 1557 3368 1596 a
3396 1542 3548 1595 vobis

274 1628 349 1689 ὡς
381 1628 819 1697 θεραπευόμενος
845 1626 912 1680 δι’
945 1629 1101 1697 ὐμῶν
1129 1628 1304 1682 ταῦτα
1346 1628 1668 1695 τελούντων,
1704 1627 1737 1698 ἢ
1768 1628 1858 1681 διὰ

1985 1640 2065 1686 sta
2123 1632 2508 1701 peragentibus
2554 1635 2865 1699 coleretur;
2922 1649 2990 1686 an
3027 1648 3124 1702 per
3172 1632 3331 1687 ﬁdem
3384 1647 3546 1700 quam

272 1725 376 1794 τὴν
409 1726 591 1779 πίστιν
636 1727 702 1797 ἣν
734 1726 813 1790 είς
860 1725 1097 1796 Χριστὸν
1149 1723 1539 1790 ἐπεδείξασθε;
1588 1724 1863 1795 Πρόδηλον

1986 1739 2018 1777 ιι
2049 1723 2327 1779 Christum
2376 1724 2800 1789 demenstratis?
2850 1724 3080 1779 Planum
3124 1735 3207 1779 εει
3257 1725 3401 1794 quod
3455 1739 3552 1791 per

274 1819 358 1872 ὅτι
401 1818 488 1873 διὰ
542 1820 764 1889 ταύτην.
806 1819 929 1882 Πῶς
973 1814 1066 1873 οὖν
1116 1820 1347 1888 ἀφέντες
1402 1818 1627 1889 ταύτην,
1684 1820 1743 1884 ἐξ
1794 1814 1862 1891 ἦς

1982 1819 2147 1873 idem.
2179 1818 2281 1885 ριιι
2314 1818 2478 1887 igitur
2503 1859 2519 1885 ,
2548 1819 2651 1873 hac
2683 1818 2931 1878 dimissa.
2961 1833 3058 1887 per
3087 1834 3247 1885 quam
3280 1816 3551 1887 glorifica-

279 1910 623 1977 ἐδοξάζεσθε,
674 1867 766 1965 ιζὲὲ
791 1867 1350 1982 ξέν”κᾷἑᾲρξξὸιςᾷἐᾶ
1390 1867 1859 1983 νξέζοέῗέρέῖετὲξ
1899 1867 1940 1921 θ

353 2021 378 2055 ι
420 2003 617 2067 Καθὼς
663 2004 760 2058 καὶ
819 2004 1072 2075 Ἀϐραάμ
1121 2004 1411 2058 ἐπίστευσε
1466 2004 1542 2074 τῷ
1583 2004 1724 2075 Θεῷ,
1768 2007 1863 2060 καὶ

279 2096 537 2168 ἐλογίσθη
593 2096 743 2167 αὐτῷ
803 2098 880 2160 εἰς
933 2096 1301 2168 δικαιοσύνην.
1339 2116 1358 2149 ι
1421 2097 1676 2152 Μάλιστα
1740 2098 1858 2168 μὲν,

277 2192 467 2260 φησιν,
494 2188 600 2242 ἔδει
632 2190 777 2258 ὑμᾶς
807 2188 867 2253 ἐξ
889 2185 964 2243 ὧν
992 2188 1347 2243 ἐπετελέσατε
1381 2190 1624 2261 σημείων
1656 2190 1864 2260 γνῶναι

277 2280 381 2349 τὴν
412 2279 514 2349 τῆς
545 2280 783 2343 πίστεως
825 2278 1092 2349 δύναμινο
1129 2278 1271 2351 πλὴν
1301 2280 1397 2333 καὶ
1444 2279 1579 2351 πρὸς
1605 2281 1697 2334 τὸν
1729 2299 1863 2353 προ-

277 2369 497 2440 πάτορα
545 2370 928 2440 ἀποϐλέψατε,
978 2365 1041 2425 οὐ
1084 2372 1252 2437 πολὺς
1305 2373 1434 2443 ὑμῖν
1486 2374 1515 2425 ὁ
1555 2373 1734 2443 λόγος,
1771 2375 1865 2428 καὶ

277 2465 545 2534 εὑρήσετε
580 2465 677 2518 καὶ
717 2464 882 2519 αὐτὸν
922 2467 986 2518 ἐκ
1015 2465 1251 2529 πίστεως
1293 2465 1677 2521 δικαιωθέντα.
1709 2467 1773 2531 Ei
1808 2468 1865 2521 δὲ

275 2557 307 2609 ό
341 2557 453 2628 προ
478 2557 576 2627 τῆς
626 2557 852 2627 χάριτος
897 2558 961 2611 ἐκ
1019 2557 1252 2622 πίστεως
1304 2557 1633 2625 δικαιοῦται,
1686 2558 1867 2628 πολλῷ

285 2648 488 2716 μᾶλλον
534 2648 586 2700 οἱ
630 2649 730 2719 τῆς
780 2649 1002 2721 χάριτος
1048 2650 1395 2717 ἀξιωθέντες,
1450 2650 1730 2722 ὀφείλουσι
1768 2652 1868 2722 τῆς

281 2742 519 2804 πίστεως
547 2740 787 2810 ἔχεσθαι.

360 2848 382 2883 ι
425 2830 732 2884 Γινώσκετε
759 2831 890 2905 ἄρα,
939 2835 1020 2887 ὅτι
1058 2834 1110 2886 οἱ
1160 2833 1226 2886 ἐκ
1259 2832 1522 2897 πίστεως,
1551 2825 1697 2887 οὗτοί
1727 2834 1868 2889 εἰσιν

282 2925 392 2978 υἱοὶ
442 2923 717 2996 Ἀϐραάμ.
760 2943 778 2978 ι
826 2926 1050 2996 Ἐπειδὴ
1104 2926 1469 2980 ἐδεδοίκεισαν
1532 2926 1732 2997 μήπως
1774 2927 1868 2981 τὸν

283 3017 450 3086 νόμον
498 3017 728 3085 ἀφέντες
770 3017 1047 3070 ἐπιπέσωσι
1090 3006 1197 3086 ’τῆς
1228 3016 1323 3069 τοῦ
1353 3017 1697 3087 πατριάρχου
1735 3034 1870 3087 συγ-

283 3111 502 3177 γενείας
536 3115 553 3178 (
579 3110 787 3182 σφόδρα
824 3110 933 3178 γάρ
972 3111 1330 3180 ἐσεμνύνοντο
1363 3110 1456 3163 ἐπὶ
1486 3108 1722 3180 ταύτῃ),
1757 3109 1869 3163 δεί-

1969 1912 2120 1973 mini,
2155 1912 2222 1965 ad
2256 1910 2426 1982 legem
2451 1910 2675 1966 curritis
2698 1949 2713 1972 ,
2750 1925 2870 1978 qua:
2898 1909 3191 1964 aboletur?

2040 2003 2201 2063 Vens.
2236 2002 2292 2059 6.
2332 2021 2352 2053 ι
2392 2002 2860 2068 Quemadmodum
2911 2013 2967 2057 et
2998 2004 3273 2057 Abraham
3319 2003 3551 2058 credidit

1965 2094 2097 2160 Deo,
2126 2103 2179 2149 et
2210 2101 2512 2163 reputatum
2537 2101 2620 2147 est
2665 2093 2711 2149 ei
2765 2092 2832 2147 ad
2861 2093 3155 2162 justitiam.
3208 2111 3227 2146 ι
3265 2091 3545 2162 Oportuit,

1966 2187 2163 2257 inquit,
2195 2203 2292 2242 vos
2322 2188 2618 2258 pracipue,
2639 2201 2706 2241 ex
2739 2187 3019 2242 miraculis
3054 2202 3172 2255 qua:
3205 2185 3547 2256 perfer-istis,

1968 2281 2090 2336 ﬁdei
2123 2287 2446 2351 potestatem
2476 2293 2809 2351 cognoscere
2857 2295 2875 2334 :
2911 2289 3283 2334 verumtamen
3319 2279 3372 2333 in
3421 2294 3550 2350 pro-

1967 2374 2267 2445 genitorem
2299 2382 2542 2428 vestrum
2583 2371 2856 2426 Abraham
2890 2387 3052 2441 quem
3094 2386 3191 2427 vos
3226 2372 3408 2442 magni
3463 2371 3548 2424 fa»

1968 2468 2116 2532 citis,
2150 2466 2409 2535 respicite
2438 2474 2494 2521 et
2532 2464 2825 2520 invenietis
2863 2465 3040 2532 ipsum
3081 2451 3304 2534 quoque
3346 2479 3412 2518 ex
3449 2463 3554 2516 ﬁds:

1965 2559 2345 2631 justiﬁcalum.
2383 2557 2538 2623 Quod
2568 2557 2612 2611 si
2654 2564 2835 2610 autem
2873 2556 2984 2617 ille,
3017 2556 3106 2623 qui
3159 2565 3286 2608 ante
3319 2554 3553 2625 gratiam

1968 2654 2125 2718 vixit,
2150 2667 2214 2707 ex
2251 2652 2354 2707 ﬁde
2384 2651 2742 2721 juStiﬁcatur,
2774 2651 2945 2703 multo
2975 2649 3147 2718 magis
3187 2648 3220 2702 ii
3253 2648 3342 2716 qui
3376 2648 3555 2719 gratia

1970 2746 2177 2817 dignati
2210 2754 2359 2812 sunt,
2399 2744 2523 2798 ﬁdei
2556 2742 2838 2797 adhaerere
2869 2742 3087 2796 debent.

2042 2836 2211 2892 Vsus.
2244 2837 2300 2891 7.
2354 2854 2372 2888 ι
2424 2835 2752 2906 Cognoscite
2783 2848 2956 2905 ergo,
3008 2833 3153 2903 quod
3208 2833 3300 2903 qui
3334 2846 3399 2886 ex
3452 2830 3558 2887 ﬁde

1972 2939 2121 2995 sunt,
2154 2928 2231 2983 illi
2268 2935 2395 2983 sunt
2434 2927 2529 2982 ﬁlii
2592 2926 2842 2981 Abrahae.
2882 2943 2901 2977 ι
2957 2925 3408 2994 Quandoquidem
3443 2940 3559 2979 me-

1974 3032 2214 3086 tuerant,
2256 3034 2345 3084 ne,
2383 3019 2426 3075 si
2455 3019 2622 3088 legem
2657 3018 3018 3080 dimitterent,
3055 3017 3220 3090 342
3254 3036 3278 3069 ει
3317 3016 3556 3085 patriar-

1973 3114 2088 3169 cha:
2123 3112 2444 3182 cognatione
2471 3110 2788 3165 exciderent
2816 3110 3073 3177 (multum
3126 3112 3271 3162 enim
3316 3109 3387 3164 ob
3416 3108 3560 3163 hanc

282 3220 475 3255 κνυσιν
497 3202 656 3267 αὐτὸς
683 3202 1017 3268 τούναντίον,
1044 3202 1126 3256 ὅτι
1156 3203 1188 3272 ή
1223 3201 1407 3265 πίστις
1437 3201 1638 3271 μᾶλλον
1668 3203 1869 3267 αὐτοὺς

1984 3206 2085 3261 sibi
2126 3202 2502 3270 tribuebant),
2541 3203 2656 3270 ipse
2707 3201 3044 3254 contrarium
3089 3199 3362 3263 ostendit,
3415 3198 3561 3267 quod

280 3297 437 3361 υἱοὺς
464 3299 608 3350 ποιεῖ
651 3295 907 3367 Ἀϐραὰμ
936 3297 1063 3359 τοὺς
1093 3294 1300 3367 ταύτην
1323 3296 1567 3366 ἔχοντας.

364 3490 383 3523 ι
422 3471 728 3541 Προῖδούσα
773 3473 830 3527 δέ
878 3475 911 3541 ἡ
947 3472 1160 3543 Γραφὴ,
1198 3474 1281 3526 ὅτι
1313 3474 1377 3525 ἐκ
1405 3472 1641 3536 πίστεως
1673 3472 1876 3527 δικαιοῖ

285 3566 355 3619 τὰ
392 3563 521 3634 ἔθνη
562 3566 590 3617 ό
621 3565 776 3628 Θεὸς,
807 3565 1317 3635 προευηγγελίσατο
1346 3564 1425 3635 τῷ
1481 3564 1755 3635 Ἀϐραάμ,
1790 3565 1873 3618 ὅτι

299 3658 387 3711 Ἐν
428 3657 516 3710 σοὶ
547 3658 1006 3729 εὐλογηθήσονται
1052 3659 1234 3712 πάντα
1274 3658 1341 3712 τά
1370 3657 1521 3730 ἔθνη.
1564 3677 1583 3710 ι
1630 3657 1875 3711 Ἀποδεί-

287 3767 467 3815 κνυσι,
503 3751 621 3816 πῶς
649 3752 701 3804 οἱ
724 3754 788 3805 ἐκ
815 3753 1076 3815 πίστεως,
1111 3744 1260 3804 οὗτοί
1294 3753 1430 3804 εἰσιν
1461 3752 1569 3804 υἱοὶ
1592 3751 1869 3821 Ἀδραάμο

285 3844 379 3896 καὶ
432 3843 631 3910 ἐπάγει
697 3842 798 3912 τὴν
855 3843 1162 3913 μαρτυρίαν
1210 3844 1318 3895 ἀπὸ
1354 3843 1456 3912 τῆς
1507 3841 1546 3893 Γ
1551 3843 1751 3913 ραφῆς,
1792 3843 1873 3895 ὅτι

289 3953 308 3985 ι
360 3933 452 3986 Ἐν
491 3935 573 3985 σοὶ
617 3932 1084 4002 εὐλογηθήσονται
1110 3931 1178 3984 τά
1213 3930 1341 3999 ἔθνη
1365 3946 1379 3959 ·
1419 3950 1438 3982 ι
1472 3929 1597 3983 ἀντὶ
1627 3929 1746 3989 τοῦ,
1783 3929 1874 3982 Ἐν

282 4024 365 4095 τῷ
400 4022 749 4093 μιμήσασθαι
788 4020 886 4085 τὴν
928 4024 1114 4076 πίστιν
1144 4040 1263 4076 σου.
1293 4021 1547 4074 Δείκνυσι
1579 4021 1636 4075 δὲ
1669 4023 1763 4074 καὶ
1790 4022 1874 4075 ὅτι

281 4114 379 4167 τοῦ
415 4114 582 4184 νόμου
624 4112 969 4184 πρεσϐυτέρα
1005 4115 1039 4185 ἡ
1091 4113 1296 4177 πίστις,
1335 4113 1388 4165 εἶ
1420 4129 1485 4181 γε
1525 4112 1633 4183 πρὸ
1663 4108 1757 4165 τοῦ
1789 4111 1876 4165 νό·

288 4225 394 4276 μου
420 4208 514 4259 τὸν
554 4205 805 4277 Ἀϐραάμ
839 4205 975 4276 αὕτη
1014 4206 1303 4259 ἐδικαίωσε
1325 4224 1338 4236 ο
1375 4207 1471 4259 καὶ
1503 4206 1586 4259 ὅτι
1611 4206 1753 4258 κατὰ
1778 4205 1876 4276 τὴν

1979 3299 2112 3352 ﬁdes
2141 3295 2317 3368 potius
2346 3294 2486 3349 ﬁlios
2516 3292 2753 3347 Abrahze
2787 3285 2987 3347 eﬁiciat
3012 3305 3130 3355 eos,
3155 3291 3244 3361 qui
3273 3291 3443 3362 ipsam
3469 3284 3562 3345 ha-

1974 3394 2156 3447 beant.

2050 3484 2211 3538 \’sas.
2245 3481 2300 3537 8.
2348 3500 2367 3534 ι
2408 3479 2724 3535 Praevidens
2771 3486 2952 3533 autem
2999 3475 3280 3546 Scriptura
3316 3473 3459 3543 quod
3494 3489 3561 3527 ex

1975 3575 2078 3629 ﬁde
2121 3572 2383 3641 justiﬁeet
2432 3581 2624 3642 gentes
2662 3571 2828 3633 Deus,
2865 3567 3256 3639 praenuntiavit
3303 3566 3558 3624 Abrahw,

1974 3669 2118 3737 quod
2150 3665 2205 3720 In
2243 3676 2294 3720 te
2332 3665 2726 3721 benedicentur
2756 3677 2947 3718 omnes
2988 3670 3200 3732 gentes.
3263 3677 3283 3711 ι
3325 3657 3563 3712 Demon-

1975 3771 2110 3816 strat
2140 3759 2416 3831 quomodo
2444 3757 2732 3813 credentes
2766 3757 2876 3812 sint
2926 3755 3020 3810 lilii
3055 3751 3373 3810 Abrahami.
3405 3759 3457 3801 et
3494 3764 3560 3803 ex

1977 3854 2261 3924 Scriptura
2293 3852 2665 3908 testimonium
2706 3850 2916 3921 profert
2951 3865 2967 3904 :
3017 3866 3034 3899 ι
3068 3846 3125 3901 In
3152 3854 3204 3898 te
3233 3842 3562 3898 benediceno

1979 3957 2066 4001 tur
2104 3956 2293 4016 gentes
2314 3952 2368 4010 τι,
2409 3962 2430 3996 ι
2480 3959 2577 4013 pro
2628 3959 2695 3998 eo
2725 3944 2867 4013 quod
2906 3949 3011 4006 est,
3063 3939 3170 3993 Per
3202 3935 3563 3993 imitationem

1980 4039 2100 4093 ﬁdei
2140 4048 2264 4094 tuaa.
2297 4037 2549 4093 Ostendit
2598 4035 2786 4100 etiam,
2841 4032 2983 4105 quod
3019 4032 3136 4100 lege
3183 4030 3256 4084 sit
3291 4027 3565 4096 antiquior

1982 4132 2139 4195 ﬁdes,
2174 4130 2444 4199 siquidem
2484 4129 2849 4182 Abrahamum
2880 4135 3006 4180 ante
3036 4123 3171 4194 legis
3220 4121 3562 4175 sanctionem

1977 4240 2039 4280 ea
2065 4223 2385 4294 justiﬁeavit
2420 4241 2434 4278 :
2472 4229 2525 4276 et
2550 4220 2693 4290 quod
2720 4212 3019 4273 secundum
3056 4212 3393 4284 prophetiam
3446 4226 3564 4276 qua:

285 4303 629 4371 προφητείαν
666 4303 734 4355 τά
761 4301 857 4356 νῦν
887 4303 1150 4372 γινόμενα
1177 4303 1409 4370 γίνεται.
1442 4319 1461 4354 ι
1506 4300 1811 4374 Προῖδοῦσα
1850 4321 1869 4355 ι

1982 4331 2123 4371 nunc
2161 4316 2315 4379 ﬁunt,
2345 4315 2689 4383 contingunt.
2726 4330 2744 4363 ι
2778 4310 3088 4364 Praevidens
3128 4323 3141 4333 ο
3181 4306 3326 4360 enim
3362 4322 3381 4353 ι
3414 4302 3565 4356 Seri-

284 4395 421 4466 γὰρ,
459 4397 646 4463 φησὶν,
701 4413 720 4447 ι
765 4397 800 4465 ἡ
829 4395 1042 4466 Γραφὴ,
1081 4416 1100 4448 ι
1158 4396 1464 4463 τουτέστιν,
1509 4399 1673 4464 αὐτὸς
1718 4402 1746 4453 ό
1787 4400 1869 4453 τδκ

1982 4419 2159 4480 plura,
2199 4426 2218 4460 ι
2258 4408 2458 4475 inquit,
2489 4408 2588 4459 hoc
2620 4411 2725 4466 est,
2757 4403 2874 4472 ipse
2913 4400 3004 4469 qui
3037 4399 3209 4468 legem
3246 4394 3367 4451 tulit
3399 4393 3563 4458 Deus,

284 4488 455 4556 νόμον
487 4487 611 4551 δοὺς
651 4487 805 4551 Θεδς,
859 4486 1134 4557 προώρισε
1192 4488 1269 4559 μὴ
1322 4490 1387 4542 ἐκ
1431 4490 1622 4560 νόμου,
1663 4489 1781 4543 ἀλλ’
1814 4494 1869 4544 ἐκ

1982 4498 2341 4566 ρι’σδιιείὶιιὶνίι
2382 4512 2488 4552 non
2518 4512 2585 4549 ex
2617 4496 2752 4563 lege,
2784 4493 2878 4548 sed
2911 4507 2978 4545 ex
3025 4492 3130 4542 ﬁde
3153 4485 3469 4558 jnstiﬁeari.
3503 4486 3569 4539 Et

288 4582 529 4642 πίστεως
553 4579 923 4635 δικαιοῦσθαι.
958 4580 1069 4633 Καὶ
1109 4582 1210 4634 οὐκ
1251 4577 1426 4647 εἶπεν,
1465 4581 1867 4653 Ἀπεκάλυψεν,

1982 4606 2081 4645 non
2102 4591 2255 4654 dixit,
2284 4588 2586 4651 Revelavit,
2605 4587 2721 4646 sed,
2749 4584 3094 4646 Przediravit,
3122 4582 3400 4646 utdiscas,
3423 4577 3569 4649 quod

287 4673 407 4728 ἀλλ’
467 4693 485 4727 ι
527 4673 966 4743 Εὐηγγελέσατο·
1025 4691 1044 4726 ι
1117 4673 1203 4727 ἵνα
1271 4675 1473 4745 μάθῃς,
1522 4675 1604 4727 ὃτι
1679 4676 1779 4729 καὶ
1845 4678 1869 4730 ὁ

1982 4682 2329 4735 ctAbrabam
2354 4679 2458 4733 hac
2487 4674 2896 4747 justiﬁeatiouis
2930 4672 3163 4728 formula
3197 4671 3411 4726 laetatus
3467 4668 3563 4734 sit,

301 4767 556 4837 Ἀϐραάμ
584 4766 770 4837 ἔχαιρε
804 4768 979 4837 τούτῳ
1009 4767 1086 4837 τῷ
1117 4768 1305 4838 τρόπῳ
1356 4768 1456 4838 τῆς
1492 4766 1869 4836 δικαιώσεως¹,

1982 4780 2147 4839 atque
2176 4771 2320 4825 istud
2348 4769 2401 4824 in
2435 4768 2577 4823 votis
2615 4766 2831 4831 habuit,
2860 4774 2916 4819 ut
2947 4765 3213 4820 eveniret.

290 4861 386 4914 καὶ
420 4861 606 4913 ἐπόθει
639 4859 800 4913 τοῦτο
837 4859 1090 4930 ἐκϐῆναι.

370 4970 390 5005 ι
434 4952 596 5006 Ὥστε
644 4953 694 5005 oi
748 4955 811 5005 ἐκ
862 4951 1122 5016 πίστεως,
1156 4950 1508 5019 εὐλογοῦνται
1543 4951 1641 5005 σὺν
1672 4950 1743 5023 si?
1786 4969 1869 5004 πι-

2058 4946 2220 5002 Vsns.
2261 4947 2316 5003 9.
2352 4968 2374 5001 ‹
2408 4946 2578 5018 Igitur
2612 4946 2704 5015 qui
2737 4960 2802 4999 ex
2847 4943 2953 4998 ﬁde
2987 4950 3135 5006 sunt,
3173 4938 3570 4995 benedicuntur

292 5045 405 5116 στῷ
443 5044 714 5116 Ἀϐραάμ.
758 5063 777 5098 ι
809 5045 1034 5114 Ἐπειδὴ
1083 5043 1463 5115 ἐταράττοντο,
1499 5044 1709 5114 μήποτε
1745 5038 1869 5096 ὦσιν

1982 5053 2103 5094 cum
2140 5038 2281 5095 ﬁdeli
2318 5040 2613 5094 Abraham.
2660 5057 2680 5090 ι
2720 5036 2857 5101 Quia
2891 5036 3250 5089 turbabantur
3277 5030 3567 5099 nequando

295 5138 710 5206 ἐπικατάρατοι,
746 5138 820 5200 ὡς
856 5137 930 5207 μὴ
963 5138 1297 5206 ἐμμένοντες
1320 5137 1399 5208 τῷ
1423 5136 1574 5207 νόμῳ
1605 5142 1622 5204 (
1649 5136 1869 5209 ἐγέγρα-

1982 5134 2089 5189 sint
2121 5132 2415 5197 maledicti,
2449 5145 2548 5186 ceu
2598 5128 2674 5183 illi
2703 5127 2798 5197 qui
2825 5129 2878 5181 in
2914 5126 3030 5192 lege
3070 5139 3175 5178 nou
3208 5130 3561 5192 perseverent

293 5246 399 5283 πτο
430 5230 573 5299 γάρ’
631 5227 1070 5299 Ἐπικατάρατος
1121 5227 1180 5291 ὃς
1231 5227 1331 5280 οὐκ
1372 5226 1600 5297 ἐμμένει
1641 5228 1755 5289 τοῖς
1787 5243 1869 5294 γε·

1984 5224 2291 5294 (seriptum
2317 5231 2402 5277 est
2434 5222 2582 5276 enim
2630 5238 2645 5275 :
2677 5218 3001 5273 Maledictus
3037 5216 3127 5284 qui
3166 5230 3270 5267 non
3304 5227 3566 5282 perseve-

293 5341 446 5393 γραμ
457 5324 638 5392 μένοις
669 5321 727 5374 ἐν
755 5321 835 5393 τῷ
860 5320 1066 5393 νόμῳ),
1099 5321 1412 5375 τούναντίον
1443 5321 1640 5390 μᾶλλον
1669 5320 1869 5375 δείκνυ-

1982 5327 2068 5372 rat
2110 5318 2166 5372 in
2200 5317 2266 5370 iis
2291 5331 2414 5384 quae
2456 5314 2659 5382 scripta
2720 5320 2844 5365 sunt
2871 5312 2923 5363 in
2966 5307 3188 5377 lege'),
3227 5303 3566 5359 contrarium

297 5432 404 5480 σιν,
453 5414 537 5468 ὅτι
581 5414 938 5485 εὐλογημένοι
980 5415 1120 5468 εἰσὶν
1151 5415 1201 5468 oi
1254 5418 1349 5467 τὸν
1393 5414 1556 5484 νόμον
1589 5413 1869 5484 ἀφιέντες,

1987 5424 2130 5465 nunc
2174 5409 2358 5480 potius
2389 5404 2657 5469 ostendit,
2711 5416 2903 5470 nempe
2936 5401 3080 5469 quod
3129 5396 3402 5453 benedicti
3454 5396 3565 5450 sint

298 5507 392 5559 καὶ
446 5508 511 5577 τῇ
574 5507 755 5561 πίστει
806 5506 1146 5579 προσιόντες,
1201 5504 1390 5577 ὥσπερ
1445 5503 1542 5558 καὶ
1597 5505 1625 5557 ὁ
1685 5507 1869 5571 πιστὸς

1987 5502 2078 5573 qui
2108 5500 2281 5569 legem
2311 5496 2653 5565 reliquerint,
2692 5502 2747 5547 et
2772 5492 2839 5545 ad
2874 5491 3031 5545 ﬁdem
3065 5487 3436 5550 accesserint,
3469 5499 3568 5555 pe-

298 5596 552 5669 Ἰισραάμ
579 5599 870 5669 ηὐλόγητο.
1640 5582 1645 5588 ’

1989 5594 2143 5650 rinde
2169 5607 2234 5647 ae
2273 5589 2447 5645 ﬁdelis
2475 5588 2750 5643 Abraham
2783 5584 3100 5642 benedictus
3136 5592 3277 5639 erat.

376 5708 395 5740 ι
444 5692 601 5743 ’Ὁσοι
647 5692 754 5762 γάρ
786 5692 842 5758 ἐξ
870 5691 1046 5762 ἔργων
1084 5691 1251 5762 νόμου
1286 5691 1446 5756 εἰσὶν,
1481 5690 1586 5744 ὐπδ
1632 5691 1869 5763 κατάρα-ι

2064 5687 2225 5743 Vens.
2265 5685 2353 5743 lo.
2395 5700 2413 5736 ι
2454 5683 2780 5752 Quicunque
2821 5678 2965 5736 enim
3011 5692 3078 5734 ex
3131 5676 3389 5748 operibus
3436 5670 3572 5744 legis

448 5871 634 5926 uGen.
687 5886 781 5937 λιι,
819 5864 870 5926 3.
1022 5882 1045 5908 ν
1095 5870 1246 5927 Deut.
1316 5885 1483 5937 sxvtt,
1543 5870 1642 5926 26.
