3898 6572
233 418 351 481 989

1043 420 1446 480 EXI‘OSITIO
1487 422 1565 481 ΙΝ
1609 419 1848 480 EPIST.
1883 421 1982 480 AD
2009 421 2274 483 GALAT.
2306 445 2373 458 -
2401 423 2560 485 CAP.
2601 422 2718 485 IlI.

3392 425 3497 489 990

315 547 335 579 ι
371 524 492 581 Ἵνα
517 526 591 590 είς
614 523 681 578 τὰ
710 523 838 596 ἔθνη
866 526 900 595 ή
927 525 1146 594 εὐλογία
1175 527 1268 580 τοῦ
1308 526 1558 598 Ἀϐραὰμ
1587 529 1810 597 γένηται

1991 525 2132 582 Vsus
2178 529 2267 584 14.
2326 549 2346 580 ε
2383 528 2454 585 Ut
2503 530 2558 584 in
2610 529 2863 601 gentibus
2911 531 3219 589 benedictio
3270 531 3501 591 Abrahae

234 618 298 670 ἰν
333 616 556 686 Χριστῷ
615 614 812 685 Ἰησοῦ.
849 635 870 668 ι
906 615 1006 668 Διὰ
1049 617 1227 678 τοῦτο,
1271 618 1424 687 φησι,
1481 619 1691 688 κατάρα
1726 618 1818 684 γέ-

228 720 394 774 γονεν
428 707 657 771 ἐκεῖνος,
721 724 740 757 ι
771 704 859 758 ῐνα
898 707 976 768 είς
1005 706 1076 759 τὰ
1131 706 1281 776 ἔθνη,
1323 725 1342 758 ι
1371 709 1638 772 τουτέστι,
1691 711 1816 771 τοὺς

234 797 316 868 μὴ
343 797 422 866 τῷ
444 798 595 867 νόμῳ
615 797 959 868 χρωμένους,
999 815 1016 848 ι
1049 800 1082 869 ή
1113 798 1334 867 εὐλογία
1355 799 1453 851 τοῦ
1483 799 1760 868 Ἀϐρααμ,
1791 819 1810 852 ι

229 889 539 953 τουτέστιν,
586 889 621 958 ή
684 890 748 942 ὲκ
801 889 1061 955 πίστεως,
1128 909 1145 942 ι
1203 890 1428 961 γένηται
1482 892 1540 943 ὲν
1593 892 1817 961 Χριστῷ

229 982 437 1052 Ἰησοῦ,
486 1001 506 1034 ι
550 981 837 1045 τουτέστι,
892 981 972 1051 τῷ
1030 981 1306 1051 σπέρματι
1360 983 1458 1035 τοῦ
1520 983 1812 1054 Ἀϐραάμο

227 1075 424 1138 καθὼς
469 1076 563 1129 καὶ
610 1076 942 1146 γέγραπται,
989 1076 1072 1128 ὅτι
1110 1093 1129 1125 ι
1161 1075 1252 1126 Ἐν
1293 1074 1372 1146 τῷ
1414 1075 1690 1145 σπέρματί
1721 1094 1814 1128 σου

229 1167 718 1237 εὐλογηθήσονται,
754 1184 772 1216 ι
816 1165 1114 1228 τουτέστιν,
1153 1168 1211 1220 ὲν
1243 1167 1481 1235 Χριστῷ,
1517 1166 1595 1237 τῷ
1621 1168 1686 1219 ὲκ
1717 1165 1813 1219 σοῦ

227 1261 518 1328 γενομένῳ
565 1259 708 1312 κατὰ
741 1259 939 1328 σάρκα,
986 1259 1334 1323 πιστεύοντες
1365 1258 1567 1331 δηλαδὴ
1608 1261 1686 1323 είς
1717 1260 1816 1313 αὑ-

225 1365 346 1404 τον.

304 1461 431 1516 Ἵνα
473 1463 573 1533 τὴν
607 1465 939 1533 ἐπαγγελίαν
964 1465 1058 1519 τοῦ
1089 1464 1408 1535 Πνεῦματος
1445 1466 1700 1536 λάϐωμεν
1725 1466 1816 1521 διὰ
1838 1477 1861 1500 ⁸

229 1553 338 1624 τῆς
404 1555 661 1620 πίστεως.
707 1575 726 1606 ι
767 1557 866 1609 Διὰ
911 1556 1090 1618 τοῦτο,
1145 1558 1332 1626 φησιν,
1385 1556 1686 1628 ηὑλόγηται
1743 1557 1815 1611 τὰ

223 1645 386 1715 ἔθνη,
419 1647 509 1700 ἵνα
547 1648 642 1702 καὶ
684 1648 747 1701 τὸ
787 1649 1014 1718 Πνεῦμα
1046 1649 1251 1704 λάϐωσι
1283 1641 1370 1702 διὰ
1401 1652 1504 1720 τῆς
1550 1650 1810 1714 πίστεως.

223 1739 460 1810 Ἐπειδὴ
498 1739 608 1809 γὰρ
634 1739 736 1792 οὐκ
784 1735 854 1810 ἦν
891 1740 1148 1806 δέξασθαι
1179 1742 1240 1795 τὸ
1295 1742 1519 1812 Πνεῦμα
1558 1743 1683 1805 τοὺς
1731 1741 1812 1796 ἔτι

221 1834 333 1888 ὐπδ
367 1836 618 1906 κατάραν
651 1834 834 1897 ὄντας,
868 1835 1239 1904 εὐλογοῦνται,
1269 1835 1526 1904 λυθείσης
1564 1836 1664 1906 τῆς
1711 1853 1812 1889 κα·
1843 1875 1885 1930 Β

220 1928 403 1999 τάρας
445 1928 549 1981 ὑπὸ
593 1926 866 1998 Χριστοῦ·
921 1929 1017 1980 καὶ
1050 1929 1171 1980 τότε
1211 1927 1300 1980 διὰ
1328 1927 1430 1998 τῆς
1457 1928 1695 1991 πίστεως
1735 1927 1812 1980 δι-

219 2020 582 2084 καιωθέντες,
629 2019 876 2088 δέχονται
922 2020 1022 2091 τὴν
1057 2020 1392 2087 ἐπαγγελίαν
1423 2019 1519 2072 τοῦ
1552 2021 1809 2090 Πνεύμα-

217 2129 311 2176 τος
334 2131 352 2144 ·
383 2113 421 2167 ἃ
446 2114 556 2184 γὰρ
586 2111 950 2182 ἐπηγγείλατο
992 2112 1020 2163 6
1051 2111 1184 2173 Θεὸς
1209 2111 1286 2182 τῷ
1333 2111 1605 2182 Ἀϐραὰμ,
1645 2129 1812 2164 πνευ-

223 2206 442 2275 ματικὲι
496 2207 608 2258 νοεῖ
658 2199 800 2258 εἶναι
851 2205 878 2256 6
932 2203 1180 2265 Παῦλοςο
1227 2203 1263 2257 ἃ
1309 2204 1510 2276 δηλαδὴ
1539 2203 1635 2258 νῦν
1679 2205 1811 2275 ἡμῖν

219 2297 516 2367 ἐδόθησαν,
545 2296 581 2362 ἥ
608 2313 669 2349 τε
697 2295 916 2364 εὐλογία
955 2297 1051 2349 καὶ
1077 2295 1266 2352 τᾶλλα.

299 2430 321 2464 ι
374 2411 656 2482 Ἀδελφοὶ,
706 2410 848 2464 κατὰ
891 2410 1177 2482 ἄνθρωπον
1228 2410 1395 2481 λέγω.
1446 2429 1465 2463 ι
1525 2409 1811 2480 Ἀνωτέρω

221 2506 499 2576 ἀνοήτους
562 2504 839 2568 καλέσας,
897 2503 993 2558 νῦν
1058 2503 1324 2571 ἀδελφοὺς
1379 2503 1560 2571 λέγει’
1632 2503 1811 2556 ἐκεῖνο

223 2598 353 2668 μὲν,
389 2598 608 2666 στύφων
633 2613 647 2626 ·
696 2597 854 2651 τοῦτο
908 2595 965 2650 δὲ
991 2594 1512 2666 παραμυθούμενος.
1568 2594 1807 2668 Ἀνθρώ-

221 2706 408 2755 πινον,
441 2689 628 2759 φησὶν,
671 2688 982 2757 ὑπόδειγμα
1041 2687 1221 2757 μέλλω
1253 2687 1390 2758 ὑμῖν
1440 2689 1804 2758 παραγαγεῖν.

297 2819 319 2852 ι
371 2802 563 2868 Ὅμως
597 2798 886 2869 ἀνθρώπου
915 2799 1309 2870 κεκυρωμένην
1340 2799 1607 2870 διαθήκην
1636 2802 1812 2865 οὐδεὶς

220 2890 439 2954 ἀθετεῖ,
461 2890 495 2960 ἢ
516 2889 980 2944 ἐπιδιατάσσεται.
1007 2890 1097 2960 Τῷ
1120 2891 1176 2944 δὲ
1205 2890 1459 2961 ’Δὸραὰμ
1483 2892 1744 2961 ἐδόθησαν
1765 2892 1810 2924 ⁷⁸

217 2982 275 3035 αἱ
313 2979 674 3048 ἐπαγγελίαι,
724 2980 819 3032 καὶ
862 2979 940 3049 τῷ
974 2980 1252 3051 σπέρματι
1301 2981 1487 3035 αὐτοῦ.
1525 2982 1600 3035 Οὐ
1632 2981 1806 3049 λέγει,

217 3074 333 3128 Καὶ
371 3075 488 3136 τοῖς
535 3073 868 3142 σπέρμασιν,
921 3071 995 3135 ὡς
1027 3071 1120 3124 ἐπὶ
1175 3072 1407 3135 πολλῶν,
1454 3071 1573 3125 ἀλλ’
1619 3071 1693 3134 ὡς
1725 3071 1812 3141 ἐφ’

217 3165 370 3230 ἑνὸς,
401 3164 514 3217 Καὶ
556 3164 633 3232 τῷ
661 3163 942 3235 σπέρματί
975 3179 1090 3227 σου,
1121 3164 1177 3225 ὃς
1209 3165 1322 3216 ἐστι
1353 3163 1608 3232 Χριστός.
1638 3163 1809 3216 Τοῦτο

214 3257 273 3310 δὲ
301 3256 478 3323 λέγω.
509 3255 786 3324 Διαθήκην
833 3258 1338 3326 προκεκυρωμένην
1383 3255 1488 3306 ὑπὸ
1534 3253 1671 3308 Θεοῦ
1730 3257 1807 3320 εἰς

217 3347 485 3419 Χριστὸν,
519 3348 547 3399 6
580 3347 720 3416 μετὰ
763 3347 1052 3416 τριακόσια
1100 3346 1192 3400 καὶ
1232 3347 1526 3416 τριάκοντα
1573 3348 1666 3418 ἔτη
1697 3357 1809 3418 ’γε-

216 3438 400 3506 γονὼς
450 3438 614 3506 νόμος
665 3438 768 3490 οὐκ
811 3437 1040 3506 ἀκυροῖ,
1091 3439 1171 3500 είς
1213 3438 1274 3490 τὸ
1327 3439 1671 3508 καταργῆσαι
1710 3439 1808 3510 τὴν

217 3528 584 3597 ἐπαγγελίαν.
631 3547 649 3580 ι
689 3527 859 3581 Τοῦτο
906 3528 1156 3599 βούλεται
1185 3529 1378 3596 δεῖξαι,
1412 3531 1492 3584 ὅτι
1526 3533 1559 3602 ή
1598 3533 1805 3597 πίστις,

216 3623 465 3694 διαθήκη
499 3623 644 3676 ἐστὶν
694 3622 1025 3693 ἀρχαιοτέρα
1078 3622 1173 3676 τοῦ
1231 3624 1421 3694 νόμον,
1455 3625 1551 3678 καὶ
1580 3627 1662 3680 ὃτι
1710 3627 1810 3680 οὐκ

217 3717 284 3770 ἂν
312 3715 532 3769 δίκαιον
567 3716 652 3784 εἴη
696 3714 1106 3786 προτιμηθῆναι
1154 3717 1324 3786 αὐτῆς
1358 3718 1449 3770 τὸν
1490 3718 1676 3786 νόμον.
1716 3719 1808 3771 Διὸ

218 3811 318 3862 καὶ
364 3808 430 3860 τὸ
488 3808 791 3876 ὑπόδειγμα
837 3805 1099 3860 τέθεικεν.
1163 3807 1292 3861 Ἐὰν
1337 3809 1446 3878 γὰρ
1497 3809 1805 3881 ἄνθρωπος,

216 3901 382 3970 φησι,
429 3898 704 3970 διάθηται,
765 3900 839 3969 μὴ
869 3900 1043 3972 τολμᾷ
1077 3916 1162 3964 τις
1189 3900 1330 3968 μετὰ
1357 3901 1531 3954 ταῦτα
1550 3903 1595 3934 ⁷⁸
1635 3901 1807 3956 ἐλθὼν

211 3991 600 4060 ἀνατρέψαιῆ
646 3990 1118 4055 ὲπιδιατάξασθαι,
1167 3993 1438 4056 τουτέστι,
1485 3993 1806 4062 προσθεῖναί

217 4101 305 4149 τι;
352 4082 566 4137 Οὐκοῦν
608 4083 811 4154 μᾶλλον
856 4085 950 4138 ἐπὶ
984 4083 1078 4136 τοῦ
1116 4084 1274 4138 Θεοῦ.
1309 4083 1420 4140 Καὶ
1466 4087 1574 4155 γὰρ
1609 4087 1638 4140 6
1676 4087 1809 4150 Θεὸς

215 4176 498 4247 διαθήκην
547 4178 776 4244 ἐποίησε
829 4177 967 4246 πρὸς
1023 4176 1114 4230 τὸν
1176 4175 1453 4246 Ἀϐραὰμ,
1489 4178 1579 4232 ἵνα
1635 4180 1691 4230 ὲν
1732 4178 1809 4250 τῷ

221 4269 509 4338 σπέρματι
536 4267 703 4320 αὑτοῦ
731 4267 1070 4337 εὐλογηθῶσι
1101 4269 1172 4322 τὰ
1209 4268 1357 4338 έονη.
1399 4270 1472 4321 Τὸ
1503 4269 1560 4323 δὲ
1588 4270 1810 4340 σπέρμα

218 4359 392 4415 αὑτοῦ
422 4362 448 4411 6
501 4359 756 4438 Χριστός.
823 4360 896 4412 Οὐ
937 4361 1047 4430 γὰρ
1078 4357 1222 4426 εἶπε,
1274 4363 1402 4426 Τοῖς
1461 4365 1801 4436 σπέρμασιν,

216 4451 307 4504 ἵνα
358 4451 436 4520 μὴ
477 4451 707 4523 νομίσῃς
729 4450 777 4482 ⁷⁸
833 4453 958 4514 τοὺς
1009 4452 1104 4506 ἀπ’
1163 4453 1328 4506 αὑτοῦ
1400 4458 1808 4526 καταγομένους

1920 622 2072 676 ﬁeret
2104 622 2158 676 in
2195 620 2416 677 Christo
2456 622 2605 680 Jesu.
2652 642 2670 676 ι
2708 624 2838 679 Eam
2873 626 2943 680 ob
2981 640 3115 690 rem,
3169 625 3370 696 inquit,
3419 627 3502 679 la-

1915 723 2039 768 etus
2070 721 2154 768 est
2196 712 2520 781 maledictio,
2551 724 2609 769 ut
2641 715 2692 770 in
2723 717 2992 787 gentibus,
3043 717 3147 772 hoc
3179 725 3282 779 est,
3315 718 3379 772 iis
3407 718 3500 783 qui

1916 801 2034 871 lege
2078 817 2184 856 non
2233 803 2527 856 utebantur
2577 821 2598 854 ι
2641 805 2947 861 benedictio
2981 805 3297 872 Abrahami,
3333 827 3352 859 ο
3395 808 3500 862 hoc

1915 902 2021 955 est,
2063 906 2182 961 quze
2207 902 2290 947 est
2321 907 2387 948 ex
2423 892 2548 958 ﬁde,
2585 912 2605 944 ι
2647 892 2799 948 ﬁeret
2829 895 2881 948 in
2910 894 3129 950 Christo
3158 894 3308 957 Jesu,
3345 916 3364 949 ι
3397 898 3500 951 hoc

1916 992 2022 1049 est,
2051 983 2105 1037 in
2152 984 2360 1038 semine
2397 983 2692 1038 Ahrahami
2728 1001 2742 1040 :
2781 985 2922 1039 sicut
2959 994 3013 1040 et
3068 987 3332 1054 scriptum
3372 996 3497 1042 est:

1924 1091 1944 1125 ι
1981 1072 2036 1126 In
2065 1074 2272 1128 semine
2325 1082 2417 1130 tuo
2463 1074 2873 1140 benedicentur,
2913 1093 2933 1127 ι
2969 1075 3021 1129 in
3079 1075 3297 1130 Christo
3325 1092 3390 1130 ex
3446 1086 3501 1130 te

1917 1178 2046 1220 nato
2105 1169 2402 1223 secundum
2459 1183 2720 1233 carnem,
2789 1169 3074 1224 credentes
3127 1169 3376 1224 videlicet
3443 1169 3498 1224 in

1920 1273 2114 1327 ipsum.

1993 1478 2012 1511 ι
2046 1458 2118 1516 Ut
2147 1459 2566 1530 promissionem
2609 1459 2846 1531 Spiritus
2895 1462 3262 1533 acciperemus
3290 1479 3388 1534 per
3433 1463 3498 1519 ﬁ-

1916 1551 2059 1606 dem.
2107 1570 2127 1603 »
2174 1550 2466 1614 Propterea
2522 1553 2772 1624 (inquit)
2835 1555 3226 1610 benedicuntur
3288 1566 3497 1627 gentes,

1916 1653 1972 1698 ut
1999 1655 2053 1700 et
2094 1645 2352 1714 Spiritum
2403 1647 2674 1715 accipiant
2717 1662 2816 1717 per
2850 1648 3028 1702 ﬁdem.
3064 1649 3198 1716 Quia
3233 1649 3377 1704 enim
3430 1650 3498 1705 iis

1914 1740 2004 1808 qui
2036 1739 2209 1793 adhuc
2255 1738 2356 1794 sub
2400 1738 2780 1794 maledictione
2829 1749 3006 1807 erant,
3042 1740 3305 1810 Spiritum
3353 1741 3499 1797 acci-

1914 1846 2042 1900 pere
2076 1846 2177 1884 nou
2205 1831 2424 1898 licebat,
2452 1831 2867 1900 benedicuntur,
2903 1831 3076 1886 soluta
3111 1833 3496 1890 maledictione

1913 1938 1942 1977 a
1971 1922 2188 1977 Christo
2219 1941 2234 1976 :
2272 1932 2489 1990 tumque
2525 1938 2621 1992 per
2655 1924 2814 1979 ﬁdem
2860 1925 3163 1994 justiﬁcati,
3221 1926 3500 1991 accipiunt

1913 2016 2325 2082 premissionem
2381 2012 2633 2084 Spiritus.
2683 2014 2813 2081 Quin
2869 2015 3011 2068 enim
3067 2016 3319 2084 promisit
3356 2016 3498 2074 Deus

1912 2110 2243 2170 Ahrahamo,
2297 2110 2600 2178 spiritualia
2641 2124 2763 2165 esse
2800 2109 3056 2179 intelligit
3107 2107 3328 2173 Paulus,
3375 2123 3496 2178 qua:

1915 2215 2056 2256 nunc
2106 2201 2358 2256 videlicet
2409 2202 2563 2258 nobis
2625 2202 2748 2257 data
2803 2212 2948 2269 sunt,
3006 2202 3123 2271 ipsa
3162 2199 3496 2268 benediétio,

1913 2291 2074 2358 idque
2106 2307 2275 2361 genus
2306 2292 2434 2346 alia.

1983 2401 2148 2459 Vens.
2185 2403 2272 2459 l5.
2320 2422 2338 2455 ι
2372 2402 2616 2472 Fratres,
2653 2406 2947 2459 secundum
2982 2403 3254 2458 hominem
3291 2402 3433 2459 dico.
3468 2421 3491 2458 ι

1914 2496 2089 2564 Supra
2112 2496 2335 2552 stolidos
2359 2498 2591 2560 vocavit,
2624 2513 2766 2550 nunc
2796 2496 2992 2551 fratres
3015 2497 3179 2570 344
3207 2496 3490 2551 nominat:

1914 2590 2005 2644 illo
2033 2589 2247 2658 quidem
2300 2605 2397 2644 eus
2444 2591 2842 2659 perstringens.
2891 2589 2991 2643 hoc.
3025 2589 3336 2644 consolans.
3375 2586 3494 2641 llu-

1914 2698 2153 2744 mannm,
2191 2681 2382 2750 inquit,
2420 2680 2721 2750 exemplum
2761 2682 2912 2736 vobis
2947 2682 3278 2736 adducturus
3309 2696 3452 2735 sum.

1985 2796 2149 2850 Vens.
2194 2795 2382 2850 lii-l7.
2431 2814 2450 2847 ι
2492 2793 2693 2848 Tamen
2726 2793 2959 2847 hominis
2990 2795 3367 2848 conﬁrmatum
3409 2801 3492 2848 te-

1914 2899 2241 2943 stamentum
2294 2904 2452 2942 nemo
2503 2889 2712 2958 spernit
2743 2899 2836 2943 aut
2879 2889 3280 2958 superurdinat.
3316 2888 3494 2942 Abra-

1914 2984 2076 3036 hamo
2101 2992 2280 3035 autem
2310 2982 2446 3034 datm
2473 2990 2598 3036 sunt
2628 2981 3032 3051 promissiones,
3052 2979 3315 3036 etsemiui
3352 2977 3493 3049 ejus.

1914 3074 2030 3129 Non
2064 3074 2234 3128 dicit:
2272 3073 2340 3127 Et
2380 3073 2700 3138 seminibus,
2757 3083 3015 3142 tanquam
3059 3073 3110 3126 in
3165 3073 3370 3138 multis,
3399 3073 3494 3128 sed

1919 3177 2173 3234 tanquam
2225 3165 2278 3217 in
2327 3179 2434 3218 uno
2467 3181 2480 3216 :
2513 3164 2578 3216 Et
2611 3163 2805 3216 semini
2835 3173 2945 3227 tuo,
2976 3166 3064 3232 qui
3099 3173 3182 3218 est
3220 3163 3494 3218 Christus.

1913 3258 2026 3314 lloe
2079 3268 2254 3313 autem
2286 3258 2447 3312 dico:
2481 3255 2885 3310 Testamentum
2947 3267 3103 3312 antea
3144 3255 3414 3309 ﬁrmatum
3463 3270 3498 3309 ιι

1912 3351 2022 3405 Deo
2077 3351 2130 3406 in
2182 3349 2480 3415 Christum,
2529 3357 2651 3415 post
2703 3348 3131 3418 quadringentos
3185 3356 3240 3400 et
3272 3345 3497 3414 triginta

1911 3457 2082 3497 annos
2114 3443 2254 3494 facta
2301 3441 2382 3494 lex
2435 3456 2540 3493 non
2585 3440 2798 3494 irritum
2836 3439 2987 3506 facit,
3020 3439 3087 3494 ad
3124 3439 3493 3493 evacuandam

1912 3534 2348 3603 promissionem.
2389 3550 2408 3582 ι
2463 3530 2574 3586 Hoc
2613 3531 2856 3585 indicare
2905 3532 3039 3596 vult,
3071 3531 3212 3599 quod
3261 3531 3393 3585 ﬁdes
3424 3530 3500 3585 sit

1914 3636 2291 3684 testamentum
2341 3628 2456 3693 lege
2511 3626 2808 3693 antiquius,
2841 3633 2896 3677 et
2938 3621 3082 3692 quod
3137 3623 3381 3692 iniquum
3411 3630 3500 3678 est

1911 3719 1958 3772 ei
1993 3717 2234 3784 praeterri
2279 3717 2471 3786 legem.
2526 3715 2662 3770 Hinc
2710 3724 2766 3768 et
2815 3713 3122 3784 exemplum
3172 3714 3372 3778 posuit.
3431 3711 3494 3767 Si

1911 3811 2056 3864 enim
2111 3810 2272 3864 homo
2305 3807 2548 3877 (inquit)
2585 3814 2965 3860 testamentum
3017 3803 3303 3868 condidit,
3361 3819 3501 3858 nun-

1911 3903 2042 3974 quid
2073 3902 2234 3955 audet
2269 3900 2461 3967 aliquis
2487 3909 2676 3970 postea
2707 3898 2929 3953 veniens
2969 3897 3258 3962 invertere,
3294 3897 3378 3950 vel
3407 3911 3502 3952 sn-

1912 3993 2290 4067 perordiuare,
2328 3993 2430 4045 hoc
2468 4002 2571 4056 est,
2619 4004 2892 4060 apponere
2932 3987 3176 4059 aliquid?
3209 3990 3397 4059 Itaque
3434 3989 3502 4043 de

1912 4089 2024 4142 Deo
2057 4087 2199 4140 idem
2245 4084 2423 4155 potius
2459 4084 2824 4136 sentiendum.
2863 4081 2997 4148 Diam
3029 4089 3084 4135 et
3136 4078 3277 4134 Dens
3333 4088 3504 4134 testa-

1915 4190 2158 4234 mentum
2193 4175 2324 4229 fecit
2373 4189 2496 4228 cum
2533 4174 2866 4238 Ahrahamo,
2909 4183 2966 4225 ut
2998 4172 3052 4224 in
3094 4173 3302 4226 semine
3331 4170 3503 4240 ipsius

1912 4272 2299 4328 benedicentur
2326 4277 2533 4337 gentes.
2571 4264 2766 4318 Semen
2807 4277 2988 4317 autem
3021 4263 3213 4332 ipsius,
3251 4262 3503 4316 Chrislus

1911 4374 2014 4420 est.
2064 4364 2184 4417 Non
2235 4362 2376 4416 enim
2408 4360 2577 4421 dixit,
2649 4355 2996 4424 Seminibus,
3047 4372 3114 4412 ne
3169 4354 3500 4423 intelligeres

1912 4459 1980 4508 ab
2013 4470 2078 4509 eo
2107 4463 2432 4524 propagatos
2474 4449 2692 4504 ιωιωος
2723 4456 2776 4502 et
2804 4447 3102 4500 Ismaelitas
3130 4462 3145 4502 z
3171 4447 3289 4509 sed,
3345 4462 3364 4496 ι
3398 4447 3502 4499 Se-

218 4541 517 4604 Ἰουδαίους
574 4543 670 4595 καὶ
727 4543 1119 4612 Ἰσμαηλίτας·
1180 4545 1347 4606 ἀλλὰ,
1426 4565 1443 4597 ι
1485 4545 1574 4616 Τῷ
1640 4548 1810 4618 σπέρ-

1920 4547 2068 4613 mini,
2116 4565 2134 4597 ι
2173 4545 2225 4598 in
2274 4541 2537 4613 singulari
2573 4557 2588 4594 :
2621 4540 2763 4608 quod
2803 4537 2914 4606 (uti
2949 4538 3150 4591 dictum
3184 4538 3299 4606 est)
3340 4536 3503 4591 Chri-

221 4651 382 4703 ματι,
423 4651 440 4684 ι
477 4633 674 4698 ἑνικῶς
696 4650 709 4664 ’
742 4635 877 4704 ὅπερ
907 4637 1074 4698 ἐστὶν,
1107 4635 1182 4700 ὡς
1213 4637 1450 4707 εἴρηται,
1486 4639 1513 4690 6
1548 4639 1806 4708 Χριστός.

219 4721 347 4785 Πῶς
377 4716 471 4773 οὖν
496 4723 698 4793 ταύτην
728 4721 825 4792 τὴν
851 4723 1141 4794 διαθήκην,
1179 4727 1274 4778 καὶ
1322 4729 1665 4797 συμφωνίαν,
1717 4731 1813 4782 καὶ

218 4811 563 4882 ἐπαγγελίαν
586 4813 810 4868 δύναται
837 4815 1126 4886 ἀκυρῶσαι
1154 4819 1182 4870 6
1208 4818 1394 4887 νόμος,
1427 4819 1513 4872 ἵνα
1541 4821 1620 4890 μὴ
1649 4822 1708 4873 ἐν
1732 4819 1810 4890 τῷ

218 4905 453 4978 Χριστῷ
492 4907 831 4978 εὐλογηθῶσι
880 4910 947 4961 τὰ
977 4907 1128 4979 ἔθνη,
1156 4909 1271 4962 ἀλλ’
1311 4912 1369 4963 ὲν
1409 4913 1530 4973 ταῖς
1558 4915 1813 4981 νομικαίς

219 5000 500 5067 ἑντολαῖς;
525 5000 698 5054 Τοῦτο
725 5002 833 5071 γὰρ
858 5002 1010 5055 οὐδὲν
1023 5003 1152 5057 ἄλλο
1170 5005 1337 5064 ἐστὶν,
1359 5003 1390 5056 ἧ
1416 5006 1810 5072 καταογείσθαι

219 5090 321 5160 τὴν
350 5087 686 5157 ἐπαγγελίαν
708 5105 722 5118 ο
759 5090 898 5160 ὅπερ
923 5091 1146 5146 ἄτοπον.
1204 5121 1210 5126 -

301 5223 319 5254 ι
359 5206 420 5258 ΕΞ
449 5205 561 5276 γὰρ
603 5205 668 5259 ὲκ
713 5205 808 5259 τοῦ
848 5205 1014 5275 νόμου
1042 5207 1074 5276 ή
1126 5206 1483 5278 κληρονομία,
1531 5207 1632 5264 οὐκ
1660 5207 1810 5263 ἔστιν

224 5297 285 5365 ἐξ
338 5299 690 5367 ἐπαγγελίας.
724 5297 814 5368 Τῷ
861 5297 921 5350 δὲ
955 5297 1214 5369 Ἀϐρααμ
1236 5298 1302 5352 δι’
1336 5300 1672 5369 ἐπαγγελίας
1720 5318 1814 5354 κε-

224 5390 490 5461 χάρισται
518 5392 546 5444 6
588 5391 744 5452 Θεὸς.
778 5409 796 5442 ι
831 5388 897 5444 ΕΞ
933 5391 962 5443 6
993 5391 1178 5460 νόμος,
1209 5392 1366 5463 φησὶ,
1394 5392 1680 5465 χαρίζεται
1711 5395 1810 5460 τὰς

227 5483 501 5552 εὐλογίας,
549 5485 646 5538 καὶ
690 5483 838 5555 ζωῆς
892 5484 986 5538 καὶ
1035 5484 1386 5557 δικαιοσύνης
1434 5486 1808 5558 κληρονόμους

226 5583 404 5647 ποιεῖ,
471 5580 656 5635 λοιπὸν
723 5583 758 5654 ή
818 5581 1126 5651 ἐπαγγελία
1177 5583 1366 5652 ἐκείνη
1428 5585 1462 5655 ἡ
1530 5583 1669 5654 πρὸς
1719 5585 1810 5638 τὸν

1914 4648 2029 4694 stus
2087 4645 2192 4692 est.
2249 4632 2529 4702 Quomodo
2586 4632 2751 4702 igitur
2810 4639 3194 4684 testamentum
3266 4632 3391 4696 hoc,
3447 4640 3505 4685 et

1915 4745 2261 4794 consensum,
2299 4738 2354 4783 et
2392 4727 2832 4794 promissionem,
2883 4725 2967 4776 lex
3002 4724 3152 4778 irrita
3197 4725 3376 4778 facere
3404 4739 3506 4795 ρος

1917 4829 2042 4884 test,
2073 4820 2145 4872 ita
2180 4829 2237 4874 ιιι
2263 4822 2316 4872 in
2343 4817 2566 4874 Christo
2603 4831 2709 4868 non
2739 4815 3128 4870 benedicuntur
3159 4825 3369 4885 gentes,
3407 4816 3504 4870 sed

1916 4911 1969 4966 in
2025 4910 2287 4981 legalibus
2337 4907 2640 4962 mandatis?
2703 4906 2814 4961 lloc
2861 4909 3004 4960 enim
3053 4908 3188 4960 nihil
3221 4907 3366 4960 aliud
3421 4915 3505 4960 est

1918 5020 2080 5076 quam
2129 5004 2411 5058 destruere
2469 5011 2525 5056 et
2573 4999 2794 5056 abolere
2843 5000 3265 5069 promissionem
3315 4999 3504 5067 :quod

1919 5097 2214 5154 absurdum
2238 5105 2342 5151 est.

1984 5211 2150 5268 Vens.
2186 5212 2271 5268 18.
2315 5230 2333 5263 ι
2372 5209 2508 5266 Nam
2560 5208 2605 5265 si
2635 5223 2703 5266 ex
2739 5208 2857 5280 lege
2895 5206 3210 5274 hereditas,
3237 5205 3349 5275 iam
3391 5223 3503 5265 non

1911 5316 1995 5364 est
2026 5322 2091 5362 ex
2125 5305 2503 5376 promissione.
2559 5303 2872 5358 Abrahamo
2921 5309 3104 5355 autem
3137 5315 3233 5370 per
3270 5303 3505 5370 promis-

1913 5401 2122 5454 sionem
2150 5399 2372 5454 donavit
2403 5395 2562 5450 Deus.
2601 5413 2624 5450 ι
2665 5392 2721 5448 Si
2760 5393 2846 5447 lex
2897 5390 3141 5462 (inquit)
3195 5391 3366 5446 dormt
3406 5394 3505 5447 be-

1915 5492 2271 5556 nedictioues,
2301 5500 2354 5544 et
2385 5489 2507 5544 vitae
2543 5494 2602 5544 et
2622 5485 2850 5554 iustitia:
2873 5485 3120 5542 heredes
3145 5483 3302 5549 .lacit,
3333 5492 3506 5540 restat

1916 5596 1974 5641 ut
2004 5584 2290 5657 promissio
2329 5583 2416 5641 illa
2463 5581 2774 5638 Abraham
2822 5576 2967 5636 facta
3010 5575 3086 5634 sit
3131 5576 3283 5632 irrita
3305 5589 3370 5633 ac
3413 5591 3504 5635 re-

1568 5724 1766 5790 Variae
1793 5727 2122 5793 lectiones.

297 5842 340 5875 "
366 5844 676 5918 ἐρρήθησαν
707 5863 780 5902 ιιι.
855 5848 900 5880 ⁷⁸
924 5848 1109 5903 τοῦτον
1130 5864 1182 5906 o.
1258 5852 1300 5885 "
1329 5851 1525 5919 νυὲσης
1554 5869 1626 5908 mo
