3898 6560
505 376 605 443 991
674 398 677 403 λ

496 495 638 565 jerta
689 515 702 549 :
741 511 928 550 verum
973 495 1042 549 id'
1073 511 1178 550 non
1230 495 1395 550 habet
1444 498 1709 552 rationem
1756 515 1773 553 :

501 588 644 640 enim
689 603 808 641 cum
841 587 923 640 h-x
953 581 1044 650 sit,
1075 588 1345 653 quomodo
1375 588 1587 642 irritum
1631 588 1789 645 faciet
1819 590 1967 659 prius
2003 602 2085 644 te-

502 680 863 736 stamentum?
894 678 971 734 Ne
1016 680 1238 735 festines
1269 690 1447 734 autem
1486 691 1657 735 totum
1682 680 1982 750 exctnplnm
2020 684 2083 736 ad

502 775 811 827 institutum
850 774 1090 830 trahere.
1138 773 1269 829 Nam
1320 776 1388 830 ob
1430 791 1548 830 eam
1596 791 1713 832 rem
1757 777 1921 829 etiam
1972 776 2087 845 ipse

501 868 657 930 dixit,
718 886 736 919 ι
777 868 1084 922 Secundum
1122 869 1399 922 hominem
1457 869 1647 939 loquor
1700 886 1715 924 :
1769 891 1787 923 ι
1828 871 1926 926 hoc
1977 881 2081 935 est,

502 957 811 1014 Humanum
859 961 1166 1030 exetnplutn
1200 961 1438 1031 profero.
1465 961 1644 1027 Quare
1668 964 1711 1017 si
1767 979 1871 1017 non
1919 965 2088 1033 possit

498 1052 702 1107 divinis
728 1053 1023 1123 aquuari,
1053 1068 1158 1107 non
1182 1055 1404 1109 mirum.

580 1234 749 1289 Vens.
781 1234 867 1287 19.
908 1253 926 1285 ι
965 1232 1102 1300 Quid
1153 1234 1355 1302 igizur?
1395 1232 1499 1287 Lex
1544 1250 1762 1305 propter
1790 1244 2087 1305 transgres-

502 1330 686 1383 siones
726 1327 906 1382 addita
954 1328 1076 1381 est?
1106 1346 1124 1378 ι
1166 1327 1459 1398 Postquam
1498 1328 1656 1383 tidem
1696 1330 1998 1394 extulisset,
2025 1346 2089 1384 ac

500 1423 532 1476 l«
557 1440 619 1494 ge
648 1422 1004 1492 antiquiorem
1030 1437 1152 1475 esse
1179 1422 1525 1486 ostendisset,
1573 1424 1805 1493 obiectio
1837 1425 2089 1480 immine-

502 1515 617 1580 bat,
646 1515 811 1585 Cujus
870 1529 1064 1583 nempe
1137 1514 1212 1570 rei
1268 1515 1437 1586 gratia
1466 1516 1551 1571 lex
1583 1518 1703 1571 data
1744 1518 1835 1583 sit,
1862 1519 1905 1571 si
1956 1517 2087 1574 ﬁdes

502 1607 778 1675 antiquior
821 1616 961 1671 erat,
1003 1619 1057 1661 et
1107 1608 1514 1664 henedietiones
1544 1610 1747 1665 dabat?
1790 1609 1881 1666 Ait
1924 1611 2089 1679 igitur

464 1752 471 1757 ,
503 1699 649 1752 haud
680 1708 880 1753 temere
901 1715 1020 1754 esse
1047 1701 1232 1764 latam,
1261 1701 1353 1755 sed
1382 1703 1869 1770 transgressionum
1889 1704 2084 1772 gratia,

504 1801 561 1844 nt
585 1808 681 1860 pro
714 1791 865 1846 freno
895 1792 961 1846 sil
1005 1792 1227 1861 ludatis,
1262 1795 1559 1864 prohibens
1591 1811 1657 1850 ne
1685 1796 1862 1867 aliqua
1895 1798 2084 1851 saltem

1242 404 1279 459 ο·
1366 378 1943 439 TllEGPIlYLACTI
1980 380 2390 442 BULGARle
2432 381 2792 443 ARCHiEP.
3632 389 3719 451 992

1821 498 2090 567 ἰδοεῑετίον
2113 505 2163 564 Α
2203 498 2474 569 Ἀϐραὰμ.
2522 499 2727 569 ἄκυρός
2778 500 2894 552 ἐστι
2939 496 3057 562 καὶὲ
3088 499 3430 571 ἐκϐέϐληται.
3485 499 3608 556 Ἀλλ’
3641 509 3721 563 ac;

2191 591 2258 644 ἂν
2286 592 2397 662 ἔχοι
2424 591 2582 645 τοῦτο
2615 592 2805 658 λόγον’
2860 592 3325 663 ματαγενέστερος
3358 594 3463 662 γὰρ
3503 593 3571 647 ὣν
3612 599 3722 652 ὀνό-

2192 699 2321 754 μος,
2364 682 2481 746 πῶς
2522 682 2799 753 ἀκυρώσει
2854 683 2955 753 τὴν
3003 684 3275 754 προτέραν
3325 683 3604 755 suam»;
3650 690 3720 761 Μὴ

2191 774 2386 829 σπεῦδε
2409 776 2465 829 δὲ
2496 777 2606 829 πᾶν
2647 775 2708 827 τὸ
2739 774 3049 844 ὑπόδειγμα
3084 776 3164 837 είς
3210 776 3274 828 τὸ
3299 778 3637 845 προκείμενον
3656 782 3722 834 ἐλ-

2189 869 2372 921 κῦσαι.
2418 867 2516 920 Διὰ
2542 867 2701 920 τοῦτο
2735 865 2844 936 γὰρ
2880 868 2975 920 καὶ
3027 866 3189 928 αὐτὸς
3222 862 3373 920 εἶπεν
3428 885 3446 916 ι
3484 869 3619 921 Κατὰ
3650 870 3721 928 ἄν.

2190 961 2407 1031 θρωπον
2437 959 2613 1026 λέγων
2652 977 2671 1010 ι
2710 959 3016 1022 τουτέστιν,
3052 958 3422 1028 Ἀνθρώπινον
3460 959 3721 1029 ὑπὸδειγμι

2189 1055 2445 1123 παράγω.
2494 1051 2657 1103 Ὥστε
2700 1052 2748 1104 εξ
2782 1050 2857 1121 μὴ
2886 1050 3089 1123 δυνηθῇ
3143 1049 3281 1121 πρὸς
3323 1051 3391 1102 τὰ
3423 1050 3535 1104 θεῖα
3566 1053 3721 1117 ἐξισω-

2191 1144 2374 1213 θῆναι,
2403 1145 2556 1197 οὐδὲν
2588 1130 2794 1198 καινόν.

2268 1257 2293 1293 t
2316 1238 2380 1289 Τί
2410 1232 2505 1291 οὖν
2530 1255 2543 1304 ;
2580 1237 2638 1290 '0
2663 1237 2847 1306 νόμος,
2872 1236 2981 1290 τῶν
3011 1235 3384 1304 παραϐάσεων
3413 1237 3561 1306 χάριν
3588 1254 3718 1307 προς-

2190 1330 2381 1401 ετέθης
2428 1348 2445 1380 ι
2505 1329 2727 1399 Ἐπειδὴ
2763 1331 2862 1396 τὴν
2913 1330 3098 1381 πίστιν
3149 1328 3347 1398 ἐπῆρε,
3398 1328 3489 1381 καὶ
3530 1331 3721 1397 πρεσϐυ-

2189 1423 2355 1494 τέραν
2409 1419 2633 1487 ἔδειξεν,
2727 1422 3033 1477 ἀνέκυπτεν
3097 1421 3401 1483 ἀντίθεσις·
3461 1421 3600 1484 Τίνος
3653 1420 3722 1476 οὖν

2189 1518 2375 1571 ἕνεκεν
2396 1518 2423 1569 6
2445 1517 2607 1586 νόμος
2644 1517 2824 1586 ἐδόθη,
2848 1518 2896 1570 εί
2928 1519 2961 1587 ἡ
2979 1520 3158 1579 πίστις
3192 1513 3531 1588 πρεσϐυτέρα
3559 1513 3632 1584 ἦν,
3650 1520 3722 1571 καὶ

2154 1672 2159 1679 ,
2189 1612 2287 1674 τὰς
2317 1611 2565 1680 εὐλογίας
2592 1610 2730 1683 αὕτη
2761 1612 2961 1676 ἐδίδου;
2993 1611 3134 1681 Φησὶ
3160 1611 3365 1675 τοίνυν,
3396 1611 3472 1663 ὅτι
3497 1610 3586 1663 οὐκ
3610 1612 3720 1678 εἰκῆ,

2191 1704 2325 1758 ἀλλὰ
2370 1704 2478 1757 τῶν
2508 1704 2874 1775 παραϐάσεων
2927 1704 3107 1773 χάριν,
3138 1703 3228 1756 ἵνα
3263 1702 3386 1756 ἀντὶ
3427 1701 3622 1771 χαλινοῦ
3655 1707 3721 1773 εἴη

2190 1800 2301 1859 τοῖς
2332 1798 2630 1862 Ἰουδαίοις,
2678 1796 2906 1850 κωλύων
2938 1795 3300 1866 παραϐαίνειν
3333 1795 3480 1855 τινὰς
3505 1795 3621 1863 γοῦν
3642 1795 3724 1848 τῶν

466 1918 472 1927 ς
505 1885 754 1937 mandata
785 1883 1076 1949 violentur,
1112 1884 1229 1940 Ιὶι·οι
1261 1901 1365 1939 non
1390 1887 1593 1940 omnia.
1639 1886 1786 1942 Scite
1812 1898 1991 1942 autem
2024 1889 2078 1942 il-

2190 1889 2441 1955 ἐντολῶν,
2475 1892 2523 1944 εί
2571 1891 2645 1961 μὴ
2696 1891 2791 1947 καὶ
2838 1891 3037 1952 πάσας.
3070 1887 3275 1951 Καλῶς
3318 1887 3374 1940 δὲ
3402 1887 3479 1952 τὺ,
3533 1907 3551 1939 ι
3582 1889 3721 1956 Προσ-

506 1974 614 2038 lnd,
656 1994 674 2029 ι
712 1976 904 2030 Addita
929 1986 1053 2031 est:
1090 1997 1109 2028 ι
1144 1987 1201 2031 ιιι
1225 1978 1426 2033 indicet
1458 1979 1629 2048 legem
1664 1996 1771 2036 non
1802 1996 1923 2036 esse
1949 1996 2089 2051 pra:-

504 2070 661 2135 cipue
685 2085 748 2121 ac
778 2069 954 2138 primo
988 2070 1216 2124 consilio
1237 2070 1440 2137 datam,
1468 2074 1926 2142 quemadmodum
1964 2089 2091 2142 pro-

506 2162 827 2226 missiones;
861 2162 954 2215 sed
982 2160 1143 2234 35.5
1177 2162 1340 2218 veluti
1374 2164 1551 2219 obiter
1574 2164 1811 2221 additam
1839 2167 1909 2220 ob
1946 2168 2084 2221 mul-

466 2234 473 2241 '
505 2261 589 2305 tas
622 2253 1103 2323 transgressiones,
1141 2264 1199 2308 ut
1225 2255 1432 2324 aliquot
1459 2256 1648 2312 saltem
1682 2258 1980 2314 cohiberet.

478 2402 483 2411 ,
581 2363 600 2398 ι
634 2344 813 2400 Donec
858 2347 1065 2401 veniret
1113 2362 1296 2401 semen
1349 2347 1434 2402 cui
1485 2349 1832 2419 promiserat.
1896 2368 1914 2401 ι
1957 2349 2077 2405 Non

506 2451 683 2497 tzunen
710 2446 775 2496 ad
808 2442 1079 2497 intinitum
1107 2458 1280 2513 usque
1329 2454 1541 2514 tempus
1585 2447 1703 2501 data
1729 2457 1811 2502 est
1856 2447 1962 2516 lex,
1996 2463 2089 2504 ve-

462 2597 471 2605 .
507 2548 625 2586 rum
655 2533 863 2600 lntttlitt,
890 2533 1066 2589 donec
1097 2533 1348 2590 Christus
1374 2536 1608 2600 venerit,
1638 2539 1723 2593 cui
1755 2540 2087 2610 promissum

504 2632 587 2678 est
612 2634 666 2679 ιιι
689 2625 742 2681 in
772 2642 836 2681 eo
858 2627 1256 2682 benedicentur
1280 2638 1487 2699 gentes.
1519 2631 1575 2685 Si
1603 2631 1766 2701 igitur
1791 2633 1856 2689 ad
1884 2634 2086 2690 Christi

506 2734 675 2790 usque
693 2720 985 2776 adventum
1005 2722 1126 2776 data
1141 2732 1245 2789 est,
1262 2724 1390 2792 quid
1411 2724 1642 2781 ulterius
1660 2741 1777 2782 eam
1799 2728 2089 2791 producis?

586 2921 605 2954 ι
661 2902 919 2957 Ordinata
963 2920 1055 2972 per
1089 2905 1311 2975 angelos
1359 2907 1413 2961 in
1472 2923 1634 2961 manu
1681 2910 2015 2965 mediatoris.
2060 2930 2079 2964 ι

501 2991 638 3047 Lata
666 3001 770 3059 est,
804 2995 1003 3064 inquit,
1037 2995 1117 3050 lex
1153 3011 1248 3066 per
1275 2997 1631 3055 intermedios
1658 3002 1880 3070 angelos
1912 3003 2089 3057 admi-

504 3085 760 3150 nistrata,
789 3085 872 3139 vel
896 3088 1230 3157 sacerdotes,
1266 3090 1352 3145 vel
1384 3107 1571 3146 revera
1601 3094 1846 3165 angelos.
1872 3094 2084 3149 Etenim

503 3177 569 3231 ad
605 3177 759 3231 tubas
791 3177 912 3232 illas
947 3187 1000 3234 et
1032 3182 1269 3236 tonitrua
1302 3198 1365 3237 ac
1403 3184 1873 3250 terriculamenta,
1909 3185 2083 3256 angeli

2193 1982 2397 2054 ετέθη’
2436 2001 2454 2036 ι
2489 1983 2575 2037 ἵνα
2605 1981 2754 2054 δείξῃ
2783 1981 2872 2036 τὸν
2915 1981 3077 2051 νόμον
3115 1980 3193 2052 μὴ
3248 1980 3727 2051 προηγουμένωςδο-

2192 2076 2376 2141 θέντα,
2408 2074 2596 2147 ὥσπερ
2636 2074 2693 2127 αί
2720 2073 3066 2142 ἐπαγγελίαι.
3095 2073 3213 2127 ἀλλ’
3249 2067 3364 2127 οἷον
3406 2072 3722 2143 παρατεθέντα

2192 2170 2281 2225 διὰ
2309 2171 2407 2234 τὰς
2440 2169 2643 2237 πολλὰς
2681 2168 3047 2239 παραϐάσεις,
3089 2167 3181 2221 ἵνα
3211 2167 3315 2220 κᾶν
3343 2165 3522 2234 ὀλίγας
3557 2165 3720 2236 κωλύῃ.

2271 2364 2289 2398 ι
2339 2347 2535 2417 Ἀχρις
2590 2338 2653 2399 οὗ
2702 2340 2834 2416 ἦλθε
2883 2341 2944 2397 τὸ
3000 2346 3228 2418 σπέρμα
3260 2338 3304 2414 ᾧ
3343 2344 3657 2416 ἐπήγγελται.
3701 2363 3715 2397 ι

2205 2437 2343 2492 Ἀλλ’
2370 2438 2521 2509 ὅμως
2550 2437 2651 2491 οὐκ
2705 2438 2791 2500 είς
2826 2436 3139 2509 ἀπέραντον
3185 2439 3351 2507 ἐδόθη
3390 2440 3416 2492 6
3448 2437 3608 2508 νόμος,
3636 2438 3719 2492 ἀλλ’

2194 2531 2353 2603 ἄχρις
2381 2526 2442 2586 οὗ
2477 2529 2610 2602 ἔλθῃ
2631 2533 2658 2586 6
2691 2529 2951 2599 Χριστὸς,
2993 2523 3038 2598 ᾧ
3073 2531 3412 2601 ἐπήγγελται
3448 2530 3505 2583 τὸ
3532 2530 3720 2598 εὐλογεῖ-

2195 2625 2319 2677 σθαι
2352 2626 2410 2678 ἐν
2460 2623 2611 2695 αὖτῷ
2654 2624 2722 2678 τὰ
2773 2623 2922 2695 ἔθνη.
2977 2622 3038 2677 Et
3088 2624 3278 2678 τοίνυν
3335 2621 3491 2694 μέχρι
3534 2624 3616 2693 τῆς
3651 2622 3719 2676 τοῦ

2194 2715 2435 2789 Χριστοῦ
2488 2716 2796 2788 παρουσίας
2850 2715 3087 2784 δέδοται,
3137 2715 3193 2769 τί
3244 2715 3544 2788 περαιτέρω
3584 2713 3721 2776 ἕλκεις

2193 2809 2358 2865 αὐτόν
2383 2825 2399 2871 ;

2271 2919 2289 2953 t
2328 2901 2616 2969 Διαταγελς
2645 2901 2715 2955 δι’
2737 2902 2984 2972 ἀγγέλων
3017 2903 3075 2956 ἐν
3106 2902 3254 2973 χειρὶ
3282 2901 3517 2988 μεσίτου.
3554 2917 3571 2951 ι
3607 2895 3713 2951 Ἐδό-

2195 2995 2285 3065 θη,
2344 2995 2532 3065 φησιν,
2569 2995 2596 3048 6
2648 2994 2836 3065 νόμος,
2875 2993 3226 3066 διακονηθεὶς
3261 2994 3352 3048 διὰ
3399 2993 3564 3066 μέσων
3596 2989 3717 3057 ἀγγέ·

2192 3086 2321 3155 λων,
2371 3088 2403 3159 ἢ
2436 3087 2546 3141 τῶν
2582 3087 2797 3157 ίερέων,
2833 3088 2865 3160 ἦ
2896 3088 3064 3154 ὅντως
3098 3089 3374 3158 ἀγγέλων.
3408 3088 3510 3141 Καὶ
3538 3086 3629 3156 γὰρ
3652 3083 3721 3137 καὶ

2193 3180 2331 3252 πρὸς
2355 3181 2453 3244 τὰς
2484 3179 2795 3249 σάλπιγγας
2830 3180 3065 3246 ὲκείνας,
3085 3180 3181 3235 καὶ
3197 3179 3303 3243 τὰς
3322 3177 3557 3252 βροντὰς,
3584 3173 3721 3230 καὶτὰ

504 3270 809 3326 admiuiStri
848 3281 1024 3328 erant.
1067 3289 1087 3324 ι
1122 3273 1174 3328 ln
1230 3291 1393 3330 manu
1458 3278 1798 3346 mediatoris,
1839 3298 1858 3332 ι
1897 3282 1948 3334 id
1980 3290 2078 3346 est,

2192 3248 2486 3344 δείγματα,
2523 3248 2748 3342 ἄγγελοι
2778 3271 3087 3337 διηκδνουν.
3119 3291 3138 3324 ι
3177 3272 3274 3326 Ἐν
3298 3248 3441 3344 χειρὶ
3472 3270 3674 3341 μεσίτου,
3703 3284 3718 3317 ι

500 3361 704 3417 Christi
731 3382 743 3417 :
765 3364 1011 3420 indicans
1030 3367 1166 3421 adeo
1185 3369 1327 3438 quod
1345 3380 1397 3423 et
1416 3368 1588 3439 legem
1612 3371 1794 3427 tulerit
1812 3372 2082 3442 Christus,

500 3465 560 3510 t.t
585 3456 656 3510 ita
694 3458 745 3512 in
770 3457 997 3513 arbitrio
1026 3457 1143 3527 ejus
1171 3460 1243 3519 sit
1264 3477 1382 3515 eam
1422 3477 1612 3518 rursus
1642 3463 1853 3523 tollere.

569 3635 733 3691 Vens.
768 3636 859 3691 20.
895 3654 914 3690 ι
948 3637 1218 3694 Mediator
1258 3648 1438 3694 autem
1468 3639 1628 3695 unius
1661 3655 1767 3695 non
1810 3650 1912 3705 est,
1945 3641 2086 3699 Dens

502 3737 682 3782 autem
708 3745 848 3784 unus
875 3738 977 3785 est.
1019 3748 1037 3782 ι
1068 3730 1322 3787 Christus
1347 3733 1528 3801 itaque
1552 3732 1783 3787 duorum
1814 3735 2082 3790 mediator

501 3831 604 3883 est,
653 3821 749 3913 Dei
778 3822 1024 3876 videlicet
1054 3838 1116 3878 ac
1159 3823 1465 3880 hominum.
1505 3825 1858 3884 Mediatorem
1900 3839 2080 3885 autem

503 3911 609 3979 egit
637 3911 778 3965 inter
800 3919 1079 3982 utrosque,
1113 3929 1298 3985 pacem
1330 3914 1601 3983 iaciendo,
1627 3934 1691 3974 ac
1716 3920 1913 3975 betlum
1942 3920 2080 3977 diri-

504 4002 701 4057 mendo
732 4005 872 4073 quod
905 4005 1156 4062 homines
1193 4023 1316 4063 cum
1353 4008 1462 4064 Deo
1505 4023 1813 4081 gesserunt.
1862 4013 1937 4068 Ex
1974 4030 2083 4084 quo

501 4094 646 4147 enim
682 4093 890 4163 sibiipsi
918 4096 1091 4150 univit
1124 4100 1413 4155 humanam
1450 4115 1722 4169 naturam,
1753 4119 1820 4159 ex
1850 4120 1916 4160 eo
1943 4117 2082 4162 tem-

502 4194 634 4247 pore
651 4196 835 4250 pacem
860 4182 1007 4247 fecit,
1026 4201 1246 4240 carnem
1268 4189 1335 4242 ob
1354 4201 1573 4257 peccata
1592 4193 1866 4249 inimicam
1889 4197 2084 4253 divina

505 4284 712 4327 naturm
737 4276 1041 4331 mirandum
1066 4279 1131 4332 ad
1155 4281 1371 4336 modum
1396 4285 1785 4342 commiscens.
1816 4286 2079 4355 Quocirca

501 4368 627 4436 quia
659 4371 925 4425 mediator
965 4381 1018 4426 et
1049 4373 1426 4429 reconciliator
1456 4378 1571 4447 ipse
1599 4388 1703 4446 est,
1735 4381 2081 4452 perpiscuum

499 4470 581 4513 est
610 4460 756 4530 quod
788 4463 901 4532 ipse
932 4475 1137 4531 servet,
1172 4475 1225 4522 et
1253 4483 1361 4523 non
1398 4469 1507 4525 lex.

570 4550 738 4608 Vens.
771 4556 862 4609 21.
918 4576 936 4609 ι
976 4558 1082 4613 Lex
1152 4576 1283 4631 ergo
1333 4564 1594 4620 adversus
1634 4566 1903 4638 promissa
1952 4567 2086 4623 Dei?

505 4644 688 4697 Absit!
725 4665 743 4699 ι
777 4647 833 4703 Si
866 4652 1255 4718 promissiones
1277 4656 1708 4714 benedictionem
1743 4661 1964 4726 dabant,
1995 4660 2082 4717 lex

500 4746 680 4791 autem
737 4741 1174 4799 maledictiouem
1234 4748 1551 4816 introducit,
1599 4753 1947 4823 perspicuum
2002 4762 2086 4809 est

499 4833 644 4899 quod
692 4832 735 4888 si
776 4841 1143 4904 receperimus
1183 4840 1354 4908 ipsam
1393 4853 1647 4913 tanquam
1702 4846 2083 4903 auctoritatem

502 4926 809 4993 habentem,
852 4928 992 4984 tollit
1038 4935 1432 5001 promissiones
1484 4937 1575 4992 Dei
1632 4938 2072 4996 benedictionem

454 5016 457 5023 '
504 5015 717 5073 dantes.
749 5018 855 5074 Sed
881 5021 1062 5076 absit!
1098 5024 1234 5079 Audi
1273 5037 1452 5079 autem
1496 5042 1615 5097 qua:
1651 5040 1973 5094 sequuntur.

576 5128 596 5162 ι
636 5110 691 5165 Si
725 5112 870 5166 enim
918 5114 1040 5167 data
1084 5128 1231 5170 esset
1267 5116 1347 5171 lex
1391 5133 1512 5188 qua:
1557 5122 1728 5189 possit
1778 5123 2076 5190 viviﬁcare,

498 5218 626 5257 vere.
648 5221 712 5259 ex
738 5204 853 5277 lege
873 5206 1266 5277 esseljustitia.
1299 5229 1317 5263 ι
1347 5210 1481 5277 Lex,
1506 5213 1703 5282 inquit,
1732 5224 1863 5271 tunc
1886 5216 2081 5273 fortior

497 5301 644 5347 esset
680 5294 805 5360 lide,
843 5305 898 5350 et
934 5298 1280 5353 benediceret
1329 5306 1385 5354 et
1412 5300 1736 5371 justiticaret
1772 5305 2078 5369 hominem,

499 5385 544 5449 si
579 5387 855 5443 vivitieare
882 5391 1145 5458 potuisset
1177 5406 1239 5446 ac
1271 5407 1516 5447 servare.
1558 5394 1677 5450 Jam
1720 5410 1849 5450 vero
1883 5397 2083 5451 occidit

500 5479 700 5546 potius,
720 5490 991 5549 quatenus
1012 5497 1115 5537 non
1140 5491 1319 5551 potest
1343 5499 1370 5537 a
1390 5487 1626 5553 peccatis
1651 5487 1908 5543 liberare.
1932 5488 2084 5556 Quo-

486 5571 663 5628 modo
687 5573 851 5646 igitur
876 5574 1250 5632 dominabitur
1291 5578 1346 5633 in
1381 5577 1559 5647 tidem,
1588 5595 1711 5653 qua;
1738 5592 1916 5653 potest
1945 5583 2081 5638 vivi-

2194 3363 2463 3428 τουτέστι,
2502 3362 2765 3434 Χριστοῦ.
2802 3362 3057 3416 Δείκνυσι
3104 3362 3215 3435 γὰρ
3247 3363 3339 3417 ὅτι
3383 3364 3472 3416 καὶ
3495 3362 3575 3415 τὸν
3600 3360 3722 3431 νόμον

2193 3456 2223 3508 6
2252 3456 2296 3509 Χ
2305 3455 2488 3526 ριστὺς
2517 3454 2751 3508 δέδωκεν
2778 3470 2792 3484 ’
2816 3454 2959 3509 ὥστε
2995 3453 3091 3509 καὶ
3122 3452 3216 3507 τοῦ
3251 3453 3465 3509 ἀνελεῖν
3495 3450 3630 3505 αὐτὸν
3651 3448 3719 3502 αὖ·

2190 3546 2283 3610 τός
2316 3548 2432 3599 ἐστι
2464 3546 2676 3616 κύριος.

2273 3655 2293 3689 ι
2338 3636 2400 3691 '0
2423 3636 2480 3691 δὲ
2510 3637 2760 3709 μεσίτης,
2804 3636 2925 3702 ἐνὸς
2958 3640 3058 3693 οὐκ
3112 3637 3298 3693 ἐστιν’
3353 3638 3381 3692 6
3416 3637 3470 3692 δέ
3516 3635 3627 3697 Θεὸς
3663 3627 3720 3693 εἷς

2193 3726 2361 3783 ἐστιν.
2395 3747 2414 3779 ι
2444 3727 2610 3779 Ὥστε
2636 3728 2732 3782 καὶ
2755 3729 2782 3779 6
2812 3728 3048 3798 Χριστὸς
3075 3726 3169 3782 δύο
3199 3728 3366 3782 τινῶν
3397 3729 3506 3780 ἐστι
3524 3724 3719 3795 μεσίτης,

2192 3817 2329 3873 Θεοῦ
2391 3808 2594 3891 δηλαδὴ
2668 3821 2768 3872 καὶ
2840 3818 3171 3889 ἀνθρώπων.
3256 3819 3591 3891 Ἔμεσίτευσε
3641 3814 3719 3882 γὰρ

2194 3909 2550 3981 ἀμφοτέροις,
2589 3909 2818 3981 εἰρήνην
2848 3911 3109 3981 ποιήσας,
3156 3909 3252 3963 καὶ
3294 3909 3387 3964 τίον
3423 3909 3630 3978 πόλεμον
3649 3904 3718 3955 1'5-

2194 4020 2314 4070 σας,
2356 4003 2416 4068 δς
2444 3998 2513 4073 ἦν
2544 4005 2657 4066 τοῖς
2692 4002 3008 4074 ἀνθρώποις
3038 4002 3177 4075 πρὸς
3208 4002 3368 4058 Θεόν.
3425 3997 3538 4070 Ἀφ’
3568 3993 3619 4053 οὗ
3641 3997 3720 4066 γὰρ

2190 4097 2405 4168 ἥνωσεν
2449 4094 2628 4166 ἑαυτῷ
2654 4096 2754 4168 τὴν
2795 4095 3147 4167 ἀνθρωπίνην
3198 4096 3386 4165 φύσιν,
3444 4094 3607 4147 ἔκτοτε
3648 4087 3719 4158 τὴν

2192 4192 2421 4261 εἰρήνην
2453 4190 2706 4259 ἐποίησε,
2736 4192 2802 4261 τῇ
2834 4188 2955 4261 θείᾳ
2985 4189 3147 4259 φύσει
3183 4190 3284 4261 τὴν
3328 4187 3521 4261 ἐχθρὰν
3554 4185 3626 4240 διὰ
3648 4182 3721 4251 τῆς

2201 4281 2481 4353 ἁμαρτίας
2544 4283 2724 4353 σάρκα
2779 4282 3104 4355 παραδόξως
3166 4283 3533 4353 ἁνακεράσας.
3592 4277 3720 4335 Ὥστε

2191 4374 2313 4426 ἐπεὶ
2367 4371 2596 4443 μεσίτης
2626 4374 2720 4426 καὶ
2766 4373 3097 4444 διαλλακτὴς
3136 4371 3303 4436 αὑτός
3348 4375 3513 4436 ἐστιν,
3545 4366 3721 4435 εὔδηλον

2190 4471 2265 4535 ὡς
2298 4468 2460 4535 αὐτὸς
2496 4469 2680 4534 σώζει,
2719 4470 2814 4523 καὶ
2848 4471 2945 4540 οὑχ
2968 4470 2997 4522 6
3031 4468 3219 4539 νόμος.

2267 4583 2287 4614 ι
2340 4562 2399 4618 '0
2429 4558 2522 4617 οὖν
2567 4563 2733 4633 νόμος
2779 4563 2923 4618 κατὰ
2953 4562 3060 4615 τῶν
3095 4561 3440 4630 ἐπαγγελιῶν
3471 4558 3556 4612 τοῦ
3587 4553 3718 4613 θεοῦς

2188 4656 2281 4726 Μὴ
2314 4656 2547 4725 γένοιτο.
2593 4675 2611 4708 ι
2652 4658 2712 4710 Ei
2738 4658 2792 4710 ai
2840 4656 2938 4726 μὲν
2970 4656 3301 4724 ἐπαγγελίαι
3348 4644 3719 4726 ηὖ).όγουν,ὁδὲ

2189 4752 2353 4821 νόμος
2381 4750 2627 4818 κατάραν
2659 4750 2871 4817 εἰσάγει
2897 4750 2940 4780 ⁷⁷
2970 4767 2980 4780 ο
3012 4749 3305 4821 πρόδηλον,
3330 4751 3410 4804 ὅτι
3457 4749 3543 4800 ἐὰν
3576 4756 3719 4811 παραυ

2188 4841 2471 4913 δεξώμεθα
2513 4841 2701 4906 αὐτὸν,
2749 4841 2825 4905 ὡς
2871 4842 2931 4895 τὸ
2978 4840 3146 4914 κῦρος
3202 4841 3393 4911 ἔχοντα
3421 4839 3486 4901 ’³,
3520 4837 3619 4890 λύει
3645 4830 3716 4891 τὰς

2189 4936 2526 5004 ἐπαγγελίας
2572 4935 2668 4989 τοῦ
2717 4932 2878 4999 Θεοῦ,
2929 4935 3029 4999 τὰς
3076 4937 3176 5008 τὴν
3217 4935 3464 5002 εὐλογίαν
3491 4926 3712 4985 διδούσαςι

2203 5027 2364 5082 Ἀλλὰ
2389 5030 2462 5100 μὴ
2490 5030 2954 5112 γένοιτ-0.,Ἀκουε
2985 5030 3039 5083 δὲ
3070 5030 3165 5084 καὶ
3199 5030 3306 5084 τῶν
3335 5029 3474 5098 ἑξῆς.

2267 5140 2285 5173 t
2321 5124 2384 5177 Ei
2411 5122 2518 5195 γὰρ
2538 5124 2694 5194 ἐδόθη
2709 5111 2874 5195 νόμος
2897 5124 2925 5177 6
2955 5124 3253 5193 δυνάμενος
3284 5122 3620 5188 ζωοποιῆσαι,
3640 5111 3711 5165 ὃν·

2189 5233 2297 5280 τως
2333 5216 2399 5270 ἂν
2432 5217 2496 5270 ἐκ
2521 5216 2614 5270 τοῦ
2640 5218 2809 5287 νόμου
2849 5213 2917 5287 ἦν
2963 5218 2995 5287 ή
3030 5216 3370 5286 δικαιοσύνη.
3416 5231 3434 5264 ι
3471 5211 3607 5268 Τότε,
3634 5221 3714 5273 φη·

2191 5309 2299 5372 σίν,
2331 5310 2358 5360 ὁ
2381 5309 2543 5377 νόμος
2573 5309 3041 5380 ἐπικρατέστερος
3069 5307 3134 5362 ἂν
3157 5302 3226 5378 ἦν
3256 5306 3354 5375 τῆς
3386 5303 3618 5359 πίστεως,
3641 5290 3712 5344 καὶ

2185 5400 2419 5470 εὐλόγει,
2444 5402 2538 5455 καλ⁸
2574 5402 2813 5455 ἐδικαίου
2844 5402 2936 5456 τον
2983 5401 3295 5470 ἄνθρωπον,
3337 5399 3383 5450 εί
3427 5388 3712 5460 ζωοποιῆσαι

2191 5492 2424 5561 ἠδύνατο
2446 5494 2543 5547 καὶ
2576 5493 2772 5548 σῶσαι.
2804 5492 2920 5545 Νῦν
2944 5492 2999 5546 δὲ
3024 5492 3227 5562 μᾶλλον
3257 5484 3598 5544 ἀποκτιννύει.
3616 5472 3711 5528 καθ’

2191 5583 2220 5638 ὃ
2261 5585 2322 5638 οὐ
2353 5585 2576 5641 δύναται
2620 5584 2910 5658 ἁμαρτιῶν
2939 5583 3329 5655 ἐλευθερῶσαι.
3367 5577 3484 5641 Πῶς
3512 5572 3591 5629 οὖν
3621 5569 3714 5622 ἐπι·

1845 5720 2043 5785 Variae
2086 5722 2411 5787 lectiones.

581 5867 627 5902 '7
661 5866 855 5935 ἐπέείει
884 5883 936 5925 0.
1015 5866 1058 5901 ⁷⁸
1088 5865 1232 5940 ἔχειν
1255 5882 1310 5923 ο.
