3898 6644
190 404 300 466 ’993

978 407 1380 471 EX-I-‘OSITIO
1416 410 1499 472 IN
1532 409 1769 471 EPIST.
1809 412 1907 472 AD
1937 414 2203 480 GALAT.
2242 442 2313 454 σ-
2338 416 2498 478 CAP.
2528 406 2655 475 ιῘΙΙ.

3318 410 3425 473 9η

201 525 463 588 κρατήσει
517 519 615 588 τῆς
674 534 909 583 mit-su);
971 522 1070 588 τῆς
1125 523 1427 593 δυναμένης
1484 524 1766 588 ζωοποιεῖν

1891 529 2037 586 icare
2069 546 2163 601 per
2203 531 2494 601 baptisma,
2531 538 2584 584 et
2643 542 2754 599 qua
2818 520 3087 580 benedicit
3137 528 3191 576 et
3236 520 3436 590 insuti--

203 610 283 662 διὰ
332 610 428 662 τοῦ
490 608 887 679 βαπτίσματος,
930 615 1024 666 καὶ
1066 613 1397 684 εὑλογούσης
1438 614 1533 667 καὶ
1581 614 1762 667 δικαίη

204 700 365 770 ούσης
389 716 405 763 ;

272 808 294 842 ι
340 790 508 843 Ἀλλά
556 790 904 847 συνέκλεισεν
948 795 982 863 ἡ
1032 794 1224 866 Γραφὴ
1271 794 1338 848 τὰ
1376 794 1555 849 πάντα
1589 794 1767 849 "61:6

204 880 500 951 ἁμαρτίαν,
535 880 621 934 ἵνα
651 884 684 953 ἡ
721 884 1020 951 ἐπαγγελία
1049 886 1110 937 ὲκ
1154 886 1390 949 πίστεως
1432 885 1605 957 Ἰησοῦ
1637 888 1768 957 Χρι-

206 974 329 1026 στοῦ
352 972 480 1044 δοθῇ
507 976 619 1037 τοῖς
658 976 1028 1030 πιστεύουσιν.
1066 996 1085 1028 ι
1128 977 1187 1030 Ὀ
1216 978 1399 1047 νόμος,
1448 978 1636 1049 φησὶν,
1668 980 1768 1032 οὐκ

207 1067 387 1137 ἴσχυεν
411 1066 714 1132 ἀπαλλάξαι
748 1069 1052 1139 ἁμαρτιῶν,
1094 1070 1230 1122 ἀλλὰ
1269 1071 1405 1142 πρὸς
1441 1071 1600 1126 τοῦτο
1640 1089 1769 1125 συν-

205 1161 434 1227 ήργησε,
495 1161 629 1229 πρὸς
675 1161 735 1212 τὸ
784 1161 1097 1228 συγκλεῖσαι
1137 1163 1264 1223 τοὺς
1312 1163 1633 1236 ἀνθρώπους
1666 1164 1770 1219 ὑπὸ

205 1252 480 1321 ἁμαρτίαν
507 1268 522 1282 ·
564 1253 828 1317 τουτέστι,
871 1254 1039 1320 δεῖξαι
1083 1256 1279 1318 αὐτοὺς
1331 1257 1767 1327 ἁμαρτάνοντας,

191 1345 298 1420 ,καὶ
335 1344 644 1411 συνωθῆσαι
686 1344 775 1398 ἵνα
819 1345 920 1415 τῆς
955 1347 1202 1415 ἀφέσεως
1239 1347 1640 1418 ἐπιθυμήσωσι,
1679 1351 1771 1402 καὶ

204 1435 600 1504 προσδράμωσι
628 1435 706 1505 τῷ
748 1438 953 1505 ταύτην
992 1436 1276 1506 δυναμένῳ
1308 1441 1612 1508 παρασχεῖν
1640 1441 1773 1509 Χρι-

205 1526 317 1596 στῷ
346 1527 413 1580 ⁸ο.
459 1526 674 1597 Ἐπειδὴ
724 1528 833 1598 γὰρ
863 1530 910 1580 οἱ
957 1528 1220 1591 Ἰουδαῖοι,
1273 1529 1347 1600 μὴ
1395 1530 1774 1599 αἰσθανόμενοι

203 1620 315 1672 τῶν
365 1619 804 1688 ἁμαρτημάτων,
840 1620 959 1673 οὐδὲ
1000 1621 1098 1690 τῆς
1143 1620 1390 1689 ἀφέσεως
1422 1620 1730 1691 ἐπεθύμουν
1756 1637 1771 1654 ³

204 1708 404 1764 δέδωκε
422 1711 511 1763 τὸν
540 1711 702 1780 νόμον
733 1709 1085 1778 συγκλείοντα.
1113 1709 1310 1773 αὐτούς
1335 1726 1349 1741 ο
1371 1711 1398 1763 ὅ
1419 1713 1555 1776 ἐστι,
1590 1729 1776 1765 στενο-

206 1801 486 1870 χωροῦντα
536 1802 627 1855 καὶ
689 1802 927 1872 ἄγχοντα
947 1805 1057 1866 τοῖς
1087 1802 1351 1873 ἐλέγχοις,
1370 1805 1464 1857 καὶ
1492 1803 1775 1857 δεικνύντα

205 1891 593 1962 ἁμαρτωλοὺς,
637 1894 732 1947 καὶ
778 1893 1123 1947 συνωθοῦντα
1169 1894 1248 1958 είς
1277 1894 1340 1947 τὸ
1396 1895 1631 1965 ζητῆσαι
1682 1896 1774 1949 τὸν
1807 1883 1848 1938 Β

205 1981 430 2052 τρόπον,
477 1981 544 2036 δι’
599 1978 660 2038 οὗ
708 1983 930 2038 δυνατὸν
971 1986 1430 2057 συγχωρηθῆναι·
1473 1988 1590 2062 δ’δέ
1628 1990 1776 2042 ἐστιν

203 2073 237 2139 ἠ
288 2074 369 2135 εἰς
400 2073 636 2144 Χριστὸν
677 2074 879 2142 πίστις,
920 2075 988 2129 δι’
1026 2071 1096 2151 ἧς
1138 2076 1508 2149 εύλογούμεθα
1551 2080 1646 2133 καὶ
1700 2079 1776 2149 δι-

206 2162 515 2232 καιούμεθα
547 2162 615 2218 ⁸⁸.

286 2275 306 2306 ι
348 2256 462 2325 Πρδ
490 2257 582 2310 τοῦ
604 2256 661 2309 δὲ
691 2254 866 2310 ἐλθεῖν
888 2257 990 2329 τὴν
1022 2259 1227 2326 πίστιν,
1256 2257 1361 2312 ύπδ
1385 2260 1550 2329 νόμον
1579 2260 1777 2330 ἐφρου-

207 2344 478 2417 ρούμεθα,
516 2345 1006 2415 συγκεκλεισμένοι
1048 2347 1130 2411 εἱς
1159 2348 1260 2417 τὴν
1292 2348 1475 2402 πίστιν
1512 2349 1613 2421 τὴν
1646 2350 1779 2419 μέλ-

205 2435 410 2489 λουσαν
440 2435 912 2509 ἀποκαλυςςθῆναι.
955 2456 974 2490 ι
1026 2437 1083 2491 Ὀ
1111 2439 1296 2510 νόμος,
1342 2440 1530 2507 φησὶν,
1577 2438 1779 2512 πολλὴν

172 2532 177 2539 ’
204 2528 515 2596 ἀσφάλειαν
566 2531 796 2600 παρεῖχε
844 2526 971 2593 τοῖς
1004 2529 1097 2583 ὑπ’
1146 2531 1307 2583 αὐτὸν
1339 2529 1457 2584 οὖσι
1492 2534 1584 2585 καὶ
1613 2550 1780 2603 (ppon-

210 2619 521 2701 μυμένοις,
556 2620 665 2672 τῶν
712 2620 975 2674 πλειόνων
1018 2621 1297 2691 ἁπείργων
1338 2624 1776 2694 ἁμαρτημάτων,

204 2710 305 2761 καὶ
334 2704 444 2762 οἷόν
465 2726 519 2761 τι
540 2714 715 2781 τεῖχος
742 2709 839 2778 ὣν,
857 2711 950 2764 καὶ
970 2712 1268 2781 συγκλείων
1297 2715 1423 2778 τοὺς
1446 2713 1770 2784 ἀνθρώπους

203 2798 308 2852 καὶ
340 2800 663 2869 συναγαγὼν
705 2801 749 2834 ⁸³
779 2805 860 2866 είς
898 2803 999 2874 τὴν
1033 2804 1239 2857 πίστιν.
1291 2804 1454 2871 Πῶς;
1512 2806 1780 2878 Ἐλέγχων

203 2891 319 2963 γὰρ
363 2892 462 2955 τὰς
513 2893 788 2963 ἁμαρτίας
830 2894 899 2962 ⁸³,
957 2896 1053 2948 καὶ
1098 2896 1172 2967 μὴ
1222 2896 1520 2967 δυνάμενος
1576 2900 1781 2952 τούτων

204 2982 603 3055 ἐλευθερῶσαι,
652 2982 710 3050 ἐξ
736 2984 981 3058 ἀνάγκης
1013 2986 1330 3040 ὑπεδείκνυε
1357 2987 1456 3059 τὴν
1494 2987 1674 3041 πίστιν
1703 2989 1779 3042 δι·

201 3075 496 3142 καιοῦσαν,
560 3077 679 3147 ἥτις
736 3072 805 3149 ἢν
865 3079 964 3148 μὲν
1019 3079 1115 3132 καὶ¹
1168 3080 1337 3133 πάλαι
1401 3081 1781 3152 κρυπτομένη,

207 3167 443 3238 ὕστερον
482 3169 537 3222 δὲ
567 3169 945 3243 ἀπεκαλύφθη,
993 3171 1083 3225 ὅτε
1113 3175 1209 3225 καὶ
1241 3175 1268 3226 6
1296 3171 1427 3235 Θεὸς
1456 3172 1778 3244 ἐφανερώθη

207 3262 268 3314 ἐν
306 3260 492 3330 σαρκί.

288 3366 307 3399 ι
364 3349 533 3402 Ὥστε
584 3348 613 3403 6
640 3350 803 3421 νόμος
846 3352 1195 3421 παιδαγωγὸς
1243 3353 1400 3423 ἡμῶν
1447 3353 1669 3424 γέγονεν
1703 3356 1783 3419 είς

207 3440 474 3510 Χριστὸν,
536 3441 622 3493 ἵνα
664 3443 728 3494 ὲκ
776 3442 1015 3506 πίστεως
1053 3444 1454 3515 δικαιωθῶμεν.
1500 3464 1519 3496 ι
1575 3445 1783 3515 Ὥσπερ

196 3534 321 3600 ’γὰρ
368 3534 396 3584 6
441 3532 788 3601 παιδαγωγὸς
839 3535 1019 3603 πάσης
1067 3535 1267 3598 κακίας
1317 3535 1650 3589 ἀπαλλάττει
1692 3537 1784 3589 τὸν

203 3624 351 3687 νέον,
386 3626 482 3676 καὶ
515 3624 581 3677 τὰ
614 3625 914 3697 μαθήματα
957 3626 1111 3698 παρᾲ
1148 3627 1242 3682 τοῦ
1271 3627 1593 3682 διδασκάλου
1629 3629 1784 3700 δέχε-

209 3716 341 3768 σθαι
388 3716 527 3785 μετὰ
571 3716 750 3786 πάσης
788 3717 1112 3788 ἐπιμελείας
1153 3721 1246 3772 καὶ
1296 3720 1576 3791 προσοχῆς
1607 3736 1786 3791 παρα-

209 3806 473 3871 σκευάζει
503 3824 517 3840 ·
549 3808 693 3862 οὕτω
721 3811 817 3861 καὶ
862 3811 890 3862 6
922 3810 1085 3881 νόμος
1130 3810 1334 3881 ἀρετὴν
1362 3829 1421 3865 τε
1467 3812 1784 3882 σύμμετρον

206 3898 469 3952 ἐπαίδευε
495 3901 621 3963 τοὺς
667 3900 755 3952 ὑπ’
791 3900 976 3967 αὐτὸν,
1013 3902 1270 3973 καὶπρὸς
1295 3903 1387 3957 τὸν
1419 3905 1675 3974 Χριστὸν,
1724 3905 1783 3967 ὃς

207 3992 363 4042 ἐστιν
412 3991 440 4043 6
493 3989 830 4059 διδάσκαλος,
874 3994 1077 4062 ἀπῆγε,
1122 3993 1212 4047 διὰ
1257 3995 1350 4048 τοῦ
1404 3996 1646 4065 ἐλέγχειν
1691 3997 1784 4049 καὶ

209 4080 606 4136 ἀποδεικνύναι
639 4083 706 4135 τὰ
742 4084 1115 4156 ἁμαρτήματα
1151 4087 1589 4158 προθυμοτέρους
1615 4090 1785 4141 ποιῶν

202 4172 290 4234 εἰς
312 4172 373 4223 τὸ
395 4171 629 4243 ζητῆσαι
658 4172 746 4226 τὸν
766 4178 862 4244 τὴν
889 4173 1083 4244 ἄφεσιν
1113 4177 1344 4241 διδόντα,
1376 4179 1474 4232 καὶ
1510 4179 1789 4232 δικαιοῦν-·

242 4279 313 4317 τα
360 4266 426 4316 ὲκ
470 4265 724 4328 πίστεως.
768 4268 1222 4337 Δίσχυνέσθωσαν
1264 4270 1358 4324 οὖν
1403 4272 1452 4324 οἱ
1499 4272 1590 4325 τὸν
1624 4273 1787 4342 νόμον

207 4355 619 4417 διαϐάλλοντες.
675 4358 814 4411 Οὔτε
847 4360 955 4431 γάρ
1003 4361 1031 4413 6
1076 4362 1418 4430 παιδαγωγὸς
1447 4364 1787 4418 ἐναντιοῦται

207 4447 291 4520 τῷ
317 4449 649 4520 διδασκάλῳ,
682 4450 807 4504 οὔτε
843 4453 871 4504 6
894 4452 1056 4523 νόμος
1085 4456 1150 4525 τῇ
1187 4456 1363 4526 Καινῇ
1393 4456 1652 4520 ἐναντίος.

292 4562 311 4594 ι
358 4540 653 4612 Ἐλθούσης
687 4544 744 4597 δὲ
794 4543 895 4614 τῆς
940 4546 1196 4610 πίστεως,
1257 4549 1438 4601 οὐκέτι
1486 4550 1592 4603 ὑπὸ
1636 4550 1869 4632 παιδ-Ῑ)

211 4636 435 4703 α’,οωγόν
485 4637 667 4705 ἐσμεν.
699 4637 906 4700 Πάντες
936 4638 1043 4709 γὰρ
1082 4640 1188 4691 υἱοὶ
1220 4639 1355 4694 Θεοῦ
1390 4643 1535 4709 ἐστε,
1575 4643 1662 4696 διὰ
1695 4644 1795 4713 τῆς

214 4726 459 4791 πίστεως
491 4728 548 4780 ἐν
575 4727 800 4799 Χριστῷ
854 4728 1054 4797 Ἰησοῦ.
1091 4748 1113 4781 ι
1168 4730 1480 4803 Ἐλθούσης,
1512 4734 1668 4803 φησὶ,
1694 4735 1793 4805 τῆς

212 4819 481 4882 πίστεως,
516 4818 629 4886 τῆς
667 4821 872 4873 τέλειον
922 4809 1092 4890 ἄνδρα
1126 4823 1411 4894 ποιούσης,
1462 4824 1562 4878 οὐκ
1605 4825 1672 4878 ἂν
1709 4824 1795 4878 ἔτι

206 4910 410 4979 εἴημεν
447 4909 554 4962 ὑπὸ
604 4909 955 4980 παιδαγωγὸν
999 4914 1050 4964 οἱ
1079 4912 1453 4977 τελειωθέντες
1488 4914 1556 4967 δι’
1601 4916 1791 4984 αὐτῆς,

208 5003 315 5053 καὶ
348 5001 448 5071 τὴν
500 5001 805 5073 νηπιότητα
860 5003 1223 5073 ὑπερὸἁντες.
1275 5003 1403 5056 Ὀτι
1449 5005 1557 5075 γὰρ
1598 5006 1795 5058 τέλειοι

208 5091 411 5161 ἄνδρες
439 5092 608 5162 ἐσμὲν
631 5095 694 5147 ἐκ
729 5093 984 5159 πίστεως,
1023 5095 1178 5164 δῆλον
1218 5095 1278 5160 ἐξ
1311 5089 1371 5148 οῦ
1402 5097 1497 5149 καὶ
1524 5097 1630 5149 υἱοὶ
1663 5097 1799 5150 Θεοῦ

209 5182 388 5248 ἐσμεν
408 5178 496 5234 διὰ
519 5181 618 5251 τῆς
662 5185 720 5235 ἐν
769 5182 995 5253 Χριστῷ
1025 5185 1259 5249 πίστεως
1284 5203 1301 5217 υ
1328 5184 1471 5238 οὕτω
1500 5187 1608 5256 γὰρ
1635 5187 1669 5257 ή
1706 5186 1801 5238 σύ-

204 5269 396 5336 ταξις.
456 5272 680 5334 Πάντως
727 5272 784 5326 δὲ
812 5275 840 5326 6
884 5274 1138 5341 ἀξιωθεὶς
1183 5275 1295 5337 υἱὸς
1343 5275 1478 5329 Θεοῦ
1519 5276 1800 5344 γενέσθαι,

207 5364 323 5418 οὐκ
353 5364 711 5435 ἁτελὴς,ού5ὲ
745 5366 958 5435 νήπιος.
982 5367 1145 5419 Ὥστε
1177 5367 1386 5434 γελοῖον
1413 5367 1459 5400 ⁸⁵
1487 5368 1567 5431 τὸ,
1600 5368 1799 5439 ἄνδρας

212 5459 571 5528 γενομένους,
634 5457 713 5528 τῷ
756 5458 1090 5530 παιδαγωγῷ
1150 5459 1300 5531 νόμῳ
1355 5460 1796 5515 ύποτάσσεσθαι’

1866 623 1983 679 cat?

1940 803 2104 859 Vnus.
2137 802 2233 857 22.
2273 819 2293 854 ι
2335 800 2441 856 Sed
2488 799 2752 855 conclusit
2785 797 3063 866 Scriptura
3104 794 3287 849 omnia
3332 794 3433 848 sub

1869 906 2114 967 peccato,
2159 905 2217 949 ut
2250 893 2537 963 promissio
2567 908 2631 946 ex
2669 891 2771 944 tide
2799 889 2924 944 Jcsu
2966 888 3165 942 Christi
3209 889 3434 939 daretur

1869 992 2243 1049 credentibus.
2294 1007 2314 1041 ι
2366 989 2478 1041 Non
2534 986 2724 1053 pomit,
2772 984 2968 1051 inquit,
3019 982 3102 1036 lex
3136 996 3163 1033 a
3196 980 3436 1049 peccatis

1871 1085 2126 1147 liberare,
2148 1095 2336 1135 verum
2357 1082 2422 1132 ad
2450 1083 2549 1131 hoc
2571 1086 2856 1144 cuoperata
2881 1084 2982 1136 est,
3008 1082 3064 1126 ut
3089 1070 3437 1125 concluderet

1873 1175 2118 1227 bmnines
2167 1171 2268 1224 sub
2313 1177 2534 1237 peccato
2569 1185 2582 1221 :
2624 1164 2739 1220 hoc’
2770 1173 2875 1226 est,
2905 1172 2961 1215 ut
2998 1161 3311 1216 ostenderet
3340 1174 3437 1213 eos

1873 1272 2206 1333 peccatores,
2254 1269 2308 1314 et
2339 1258 2683 1326 compelleret
2718 1264 2776 1310 ut
2821 1253 3192 1308 remissionem
3235 1266 3439 1305 concu-

1874 1348 2107 1427 piscant,
2138 1362 2194 1407 et
2237 1352 2561 1405 accederent
2608 1348 2673 1403 ad
2723 1364 2844 1401 cum
2881 1344 2972 1415 qui
3005 1344 3147 1398 hanc
3184 1351 3441 1409 praestare

1874 1446 2066 1515 possit,
2119 1443 2396 1497 Christum
2456 1441 2684 1494 scilicet.
2732 1437 2861 1491 Nam
2920 1450 3044 1490 cum
3088 1432 3281 1497 Judmi,
3331 1445 3439 1485 non

1874 1538 2174 1594 sentientes
2197 1546 2415 1605 peccata
2446 1548 2564 1594 sua,
2598 1531 2974 1586 remiSsiouem
3011 1543 3118 1581 non
3162 1525 3441 1579 desidera-

1878 1633 2019 1690 rcn‘t,
2051 1626 2202 1682 dedit
2231 1626 2401 1694 legem
2430 1623 2841 1678 οοιιι-ιιιόυιιιειη
2881 1635 2995 1686 cos,
3028 1618 3080 1673 id
3134 1625 3240 1683 est,
3285 1631 3441 1671 coar-

1877 1729 2138 1785 ctantem,
2161 1719 2730 1783 constt-ingentemque
2746 1712 3268 1783 pet-increpationes,
3286 1723 3442 1761 mon-

1879 1821 2251 1877 strautemque
2278 1814 2610 1876 peccatores,
2641 1820 2703 1859 ac
2725 1803 3132 1871 compellentem
3166 1800 3441 1868 inquirere

1879 1900 2144 1954 rationem
2170 1895 2335 1968 346
2360 1911 2455 1966 per
2477 1911 2636 1964 quam
2662 1895 2868 1962 possint
2898 1891 3054 1946 venia
3078 1890 3287 1945 donari.
3318 1887 3442 1941 llu-c

1879 1999 2060 2045 autem
2100 1991 2239 2043 ratio
2272 1998 2376 2053 est,
2408 1986 2523 2057 ipsa
2553 1986 2606 2039 iu
2648 1983 2929 2040 Christum
2969 1982 3123 2046 ﬁdes,
3150 1996 3248 2052 per
3279 1995 3441 2050 quam

1877 2081 2249 2139 benedicitnur
2284 2088 2339 2135 et
2383 2079 2769 2147 justiﬁcamur.

1952 2262 2118 2317 Vsus.
2144 2261 2233 2316 ‘23.
2274 2279 2294 2313 ι
2334 2258 2654 2328 Priusquam
2682 2266 2861 2311 autem
2897 2254 3106 2312 veniret
3152 2252 3305 2320 ﬁdes,
3344 2253 3446 2307 sub

1877 2355 1997 2425 lege
2019 2352 2480 2417 custodiebamur,
2509 2349 2745 2406 conclusi
2776 2349 2828 2402 in
2850 2364 2967 2403 eam
2998 2362 3116 2417 qua:
3155 2345 3440 2400 revelanda

1879 2454 2020 2510 erat,
2053 2443 2235 2500 ﬁdem.
2266 2461 2285 2494 ι
2325 2441 2454 2503 Lex,
2486 2440 2680 2509 inquit,
2715 2453 2963 2508 magnam
2996 2436 3265 2508 praebebat
3291 2451 3446 2489 secu-

1880 2537 2098 2593 ritatem
2120 2535 2182 2590 iis
2199 2535 2288 2603 qui
2311 2534 2409 2587 sub
2425 2547 2488 2587 ea
2508 2540 2684 2596 erant,
2707 2546 2767 2585 ac
2783 2529 2850 2584 ab
2873 2528 2958 2581 illa
2975 2527 3445 2587 custodiebantur,

1880 2643 1910 2683 a
1939 2628 2183 2698 pluribus
2211 2626 2447 2697 peccatis
2477 2624 2759 2689 cohibens,
2790 2638 2854 2677 ac
2878 2621 3044 2677 veluti
3073 2633 3264 2674 murus
3290 2619 3444 2689 quis-

1880 2722 2023 2794 piam
2054 2722 2346 2785 exsistens,
2386 2716 2715 2773 concludens
2764 2714 3032 2779 homines,
3085 2711 3465 2781 colligeusque.

1882 2812 1948 2866 ad
1970 2811 2147 2866 ﬁdem.
2165 2812 2280 2876 Qua
2305 2809 2447 2864 istuc
2471 2805 2861 2876 ratione‘ACum
2879 2805 3020 2861 enim
3048 2812 3298 2872 argueret
3326 2816 3454 2870 pec-

1882 2913 2030 2966 cata,
2057 2917 2157 2956 nec
2202 2902 2370 2971 possit
2411 2900 2480 2957 ab
2516 2899 2602 2954 his
2632 2899 2888 2962 liberare,
2956 2894 3262 2950 necessario
3291 2892 3448 2947 ﬁdem

1882 2993 2200 3048 ostendebat
2221 2990 2636 3061 justiﬁcantcm,
2666 3001 2785 3057 qua:
2801 2985 3015 3056 quidem
3034 2983 3160 3037 olim
3184 2981 3453 3037 occultata

1882 3097 2020 3152 erat,
2047 3096 2234 3157 postea
2258 3094 2437 3140 autem
2463 3083 2698 3142 revelata
2726 3091 2833 3148 est,
2864 3079 3085 3152 quando
3109 3078 3252 3136 Deus
3273 3076 3457 3133 inani-7

1886 3179 2115 3235 festatus
2153 3189 2236 3233 est
2265 3177 2319 3231 in
2349 3191 2537 3233 carne.

1958 3360 2123 3415 Vsus.
2157 3360 2248 3415 2i.
2297 3378 2319 3412 ι
2357 3357 2545 3428 itaque
2573 3357 2660 3414 lex
2694 3357 3020 3428 paedagogus
3047 3363 3231 3410 noster
3258 3353 3361 3408 fuit
3397 3352 3452 3408 in

1884 3454 2185 3520 Christum,
2224 3463 2281 3507 ut
2312 3469 2377 3508 ex
2412 3454 2514 3508 fide
2531 3452 2910 3523 justiﬁcemur.
2946 3468 2966 3501 ι
3003 3447 3073 3504 Ut
3106 3447 3250 3502 enim
3273 3452 3453 3515 paeda-

1886 3563 2054 3619 gogns
2086 3550 2155 3602 ab
2186 3547 2332 3602 omni
2365 3545 2571 3600 malitia
2604 3543 2795 3598 liberat
2837 3541 3255 3605 adolescentem,
3302 3552 3365 3592 ac
3397 3547 3457 3590 ut

1886 3639 2198 3710 disciplinas
2232 3653 2263 3692 a
2313 3647 2643 3707 prmceptore
2674 3634 2939 3705 suscipiat
2971 3648 3095 3688 cum
3126 3630 3274 3685 onmi
3323 3643 3479 3683 cura.

1887 3743 2049 3804 atque
2069 3732 2364 3787 attentione
2381 3740 2535 3800 parat
2555 3746 2570 3784 ;
2594 3729 2736 3784 hunc
2755 3727 2823 3782 ad
2842 3727 3053 3781 modum
3074 3724 3155 3778 lex
3178 3723 3231 3777 in
3258 3721 3457 3775 virtute

1888 3824 2166 3878 moderata
2183 3822 2429 3875 alumnos
2442 3835 2590 3885 suos,
2611 3820 2850 3888 adeoque
2860 3831 2954 3872 eos
2971 3815 3061 3885 qui
3080 3812 3180 3870 sub
3203 3826 3263 3868 se
3277 3818 3459 3875 erant,

1889 3911 2226 3974 instituebat,
2258 3918 2309 3963 et
2336 3910 2400 3962 ad
2431 3907 2707 3962 Christum
2737 3907 3011 3960 doctorem
3058 3913 3220 3972 atque
3259 3915 3460 3970 praece-

1887 4012 2098 4073 ptorem
2128 4002 2445 4064 abducebat,
2484 4016 2575 4070 per
2600 3997 3071 4069 reprehensionem
3104 4005 3158 4049 et
3187 3994 3458 4048 ostensio-

1888 4111 2009 4150 nem
2045 4105 2387 4166 peccatorum
2424 4091 2786 4160 promptiores
2820 4089 3025 4144 faciens
3053 4098 3108 4142 et
3138 4087 3460 4150 alacriores,

1888 4197 1947 4239 ut
1979 4193 2284 4254 quaererent
2311 4196 2455 4245 eum,
2481 4181 2569 4250 qui
2603 4193 2756 4237 noxa
2779 4180 3231 4234 condonationem
3260 4179 3455 4243 inaper-

1890 4275 2102 4339 tiretur,
2153 4289 2213 4328 ac
2256 4288 2322 4328 ex
2369 4272 2473 4326 ﬁde
2516 4270 2860 4340 justiﬁcaret.
2907 4269 3111 4324 Pudeat
3155 4284 3283 4337 ergo
3322 4270 3455 4338 legis

1889 4367 2328 4421 calumniatores.
2367 4363 2551 4433 Neque
2588 4361 2732 4417 enim
2776 4365 3097 4431 paedagogus
3131 4362 3456 4413 adversatur

1889 4457 2230 4527 praeceptori,
2279 4468 2450 4522 neque
2492 4454 2574 4508 lex
2617 4461 2877 4521 repugnat
2910 4449 3057 4503 Novo
3089 4446 3459 4502 Testamento.

1970 4550 2129 4604 Vens.
2153 4549 2245 4614 25,
2273 4548 2364 4602 26.
2404 4566 2424 4598 ι
2454 4548 2522 4600 At
2550 4545 2636 4599 ubi
2667 4545 2810 4599 venit
2835 4543 2988 4607 ﬁdes,
3010 4540 3121 4609 jam
3148 4555 3252 4595 non
3274 4554 3467 4595 sumus

1897 4644 1995 4698 sub
2020 4644 2327 4712 paedagogo.
2355 4638 2557 4693 Omnes
2584 4637 2727 4691 enim
2762 4634 2857 4689 ﬁlii
2883 4634 2973 4688 Dei
3003 4633 3136 4688 estis
3169 4647 3265 4701 per
3302 4632 3461 4686 ﬁdem

1896 4735 1948 4788 in
1973 4732 2189 4786 Christo
2213 4729 2364 4787 Jesu.
2399 4748 2420 4782 ι
2452 4730 2581 4783 Cum
2606 4726 2911 4791 advenerit,
2937 4724 3129 4796 inquit,
3164 4723 3315 4789 ﬁdes,
3346 4738 3465 4792 qua:

1895 4826 2071 4879 virum
2107 4823 2404 4891 perfectum
2447 4818 2629 4885 cilicit,
2661 4835 2764 4874 nou
2791 4820 2902 4889 jam
2934 4820 3165 4886 amplius
3192 4832 3314 4871 esse
3343 4830 3470 4883 pos-

1896 4915 2067 4970 simus
2098 4918 2195 4967 sub
2217 4914 2524 4983 pa’dagogo,
2555 4914 2648 4981 qui
2679 4926 2774 4980 per
2800 4910 2972 4980 ipsam
3004 4909 3227 4978 perfecti
3249 4919 3463 4968 sumus,

1896 5017 1952 5061 et
1979 5004 2394 5060 adolescentiam
2446 5002 2811 5072 supergressi.
2847 5001 2998 5068 Quod
3050 4998 3276 5069 perfecti
3320 4998 3464 5051 enim

1897 5099 1997 5152 viri
2034 5114 2221 5153 smnus
2255 5113 2317 5151 cx
2346 5096 2473 5162 title,
2505 5097 2721 5166 planum
2753 5100 2838 5148 est
2876 5108 2940 5147 ex
2973 5106 3038 5146 eo
3064 5093 3204 5160 quod
3233 5089 3325 5142 ﬁlii
3372 5087 3463 5141 Dei

1897 5203 2087 5243 sumus
2106 5205 2199 5258 per
2220 5188 2378 5243 [idem
2407 5190 2457 5241 in
2484 5187 2783 5252 Christum,
2807 5200 2931 5238 nam
2960 5183 3071 5237 haec
3105 5191 3189 5235 est
3221 5190 3469 5233 constru-

1898 5284 2028 5337 cno.
2063 5281 2295 5337 Omnino
2327 5290 2508 5334 autem
2550 5279 2593 5333 is
2623 5277 2713 5347 qui
2746 5293 2812 5331 eo
2849 5278 3053 5330 honore
3079 5283 3161 5326 est
3191 5270 3465 5340 d'guatus,

1899 5384 1958 5429 ut
1988 5373 2157 5428 Filius
2185 5372 2278 5426 Dei
2314 5373 2423 5436 fiat,
2452 5386 2557 5424 non
2577 5381 2657 5425 est
2681 5368 3045 5436 iuqtert'ectus,
3071 5378 3243 5433 neque
3265 5365 3464 5417 infans.

1899 5462 2159 5529 Quocirca
2190 5463 2472 5517 ridiculum
2493 5460 2671 5524 fuerit,
2694 5473 2789 5513 eos
2816 5454 2909 5527 qui
2938 5457 2990 5509 iu
3012 5454 3156 5508 viros
3169 5453 3469 5519 creverint,

1560 5576 1765 5638 Varius
1816 5575 2150 5638 lectiones.

299 5676 497 5761 "$206.;
527 5676 737 5761 πάντας
771 5691 825 5731 0.
875 5677 948 5759 ’⁸³
981 5677 1099 5749 Θεῷ
1119 5693 1170 5761 ρ.
1231 5680 1292 5761 ’⁸⁸
1331 5677 1700 5761 δικαιούμενοι
1724 5693 1804 5758 o._
1854 5677 1900 5709 ⁸³
1934 5676 2196 5731 συνωθῶν
2228 5690 2279 5761 ρ.

2383 5673 2430 5706 ⁸³
2453 5673 2692 5743 ἐλέγχων
2737 5672 2794 5726 δὲ
2834 5671 2967 5743 Δτοῦς
3029 5669 3468 5743 ἁμαρτάνοντας,

216 5745 331 5845 ﬁt-
348 5744 641 5845 δύναμεχπ
693 5748 748 5800 δὲ
797 5747 1019 5813 τούτους
1070 5739 1188 5804 ’τῶν
1222 5750 1508 5822 ἁμαρτιῶν
1544 5739 1913 5819 ἐλευθερῶσαι
1937 5767 1990 5805 o.
2068 5748 2114 5780 “
2148 5745 2285 5817 πρὸς
2331 5743 2422 5799 τὸν
2450 5739 2787 5811 διδάσκαλον,
2827 5741 2885 5806 ὃς
2906 5739 3104 5798 ἐστινὸ
3130 5739 3365 5813 Χριστὸς
3392 5756 3464 5795 ιιι.

310 5818 504 5868 τέλειον
551 5830 605 5870 0.
