3898 6584
229 379 327 444 9')?

1001 375 1412 440 EXPOSlTlO
1449 374 1533 437 IN
1570 373 1810 438 EPIST.
1844 373 1945 436 AD
1982 369 2251 436 GALAT.
2285 399 2352 412 -
2380 373 2540 437 CAP.
2580 372 2685 436 IV.

3361 371 3469 434 943

226 515 320 568 της
347 494 506 568 ἡμῶν
536 492 744 549 ἐκώλυε
788 492 851 552 ⁸³.
888 495 1220 568 Βουλόμενος
1260 498 1314 552 δὲ
1365 498 1509 552 πάνυ
1542 495 1796 550 καθελεῖν

1913 509 2004 548 aus
2031 494 2132 549 hoc
2161 494 2336 555 ﬁeret,
2361 495 2586 548 obstitit.
2622 491 2819 549 Volcns
2841 501 3020 548 autem
3049 505 3271 561 prorsus
3293 494 3480 548 tollere
3533 548 3536 552 ,

221 591 309 644 τὸν
337 588 521 658 νόμον,
554 587 654 641 οὐκ
675 583 849 651 εἶπεν,
883 590 963 643 ὅτι
1011 589 1147 659 Ταῖς
1173 589 1408 660 ἡμέραις
1453 585 1596 660 ἦμεν
1618 587 1794 641 δεδου-

221 679 472 752 λωμένοι,
499 679 638 744 ἀλλ’,
669 698 688 732 t
727 680 864 734 Ὑπὸ
894 683 959 735 τὰ
992 686 1234 753 στοιχεῖα
1268 683 1362 735 τοῦ
1387 683 1614 751 κόσμου,
1646 700 1664 732 ι
1707 682 1797 734 ἴνα

221 773 458 847 ἐντρέψῃ
493 773 697 843 μᾶλλον
733 774 860 838 τοὺς
887 775 934 808 ⁸⁹
961 776 1057 829 καὶ
1105 777 1185 829 ἔτι
1214 775 1292 845 τῷ
1321 776 1474 846 νόμῳ
1493 774 1796 837 ’πείθοντας

222 865 530 936 προσέχειν.
577 866 669 936 Μὴ
715 867 996 938 ταραχθῇς
1053 868 1110 921 δὲ
1152 868 1204 921 εί
1245 885 1309 937 γε
1340 870 1404 920 ἐκ
1435 864 1529 920 τοῦ
1571 866 1798 920 ἀκολού-

223 960 312 1010 θου
337 959 625 1029 ἐπίτροποι
659 960 754 1011 καὶ
797 960 1072 1029 οἰκονόμοι
1123 959 1370 1013 νοοῦνται
1416 961 1486 1012 τὰ
1533 960 1796 1028 στοιχεῖα.

222 1049 444 1119 Πρῶτον
506 1051 605 1120 μὲν
655 1052 762 1118 γὰρ
791 1051 884 1103 τὸν
930 1052 1094 1122 νόμον
1151 1051 1387 1120 ὀφείλεις
1421 1051 1467 1084 ³ο
1502 1049 1798 1120 ἐπίτροπον

219 1143 390 1205 νοεῖν,
429 1141 619 1212 ὥσπερ
650 1141 744 1195 καὶ
774 1142 1139 1211 παιδαγωγὸν,
1195 1142 1319 1212 οὐχὶ
1356 1143 1562 1196 ταῦτα’
1607 1140 1797 1193 ἔπειτα

220 1234 315 1294 τὰς
371 1235 693 1304 νουμηνίας,
751 1235 844 1287 καὶ
889 1234 958 1288 τὰ
991 1234 1269 1300 Σάὕόατα,
1323 1235 1562 1303 στοιχεῖα
1619 1228 1795 1286 εἶπεν.

222 1324 434 1388 ’Δλλως
465 1343 544 1387 τε,
573 1327 668 1379 καὶ
711 1325 798 1379 διὰ
819 1327 879 1378 τὸ
912 1327 976 1379 ἐκ
1017 1327 1336 1397 περιουσίας
1357 1326 1666 1396 ἀποστῆσαι
1703 1322 1796 1378 τοῦ

217 1416 410 1483 νόμου,
442 1419 539 1469 καὶ
562 1416 816 1486 ἐντρέψαι
837 1417 1057 1482 αὐτοὺς,
1092 1417 1249 1471 τοῦτο
1276 1415 1448 1480 οὕτως
1479 1413 1654 1479 εἶπεν,
1694 1416 1800 1469 ὥσ-

219 1523 326 1576 περ
351 1507 449 1559 καὶ
473 1507 680 1576 προῖὼν
699 1507 778 1559 ἔτι
813 1507 1017 1576 μᾶλλον
1043 1507 1230 1572 δείξει.
1265 1507 1422 1570 Τινὲς
1450 1507 1506 1560 δὲ
1535 1510 1798 1577 στοιχεῖα,

217 1599 304 1651 τὶν
339 1599 656 1670 στοιχειώδη
698 1602 792 1652 καὶ
819 1599 1180 1669 είσαγωγικδν
1213 1599 1377 1670 νόμον
1409 1599 1658 1670 ἐνόησαν.

290 1710 309 1742 ι
357 1691 489 1744 Ὅτε
517 1692 572 1743 δὲ
603 1691 733 1763 ἐλοῃ
759 1691 821 1744 τὸ
839 1692 1114 1762 πλήρωμα
1143 1691 1236 1746 τοῦ
1255 1692 1470 1762 χρόνου,
1491 1691 1804 1756 ἐξαπέστει-

216 1783 306 1836 λεν
345 1783 378 1836 6
412 1783 543 1847 Θεὸς
569 1785 662 1837 τὸν
691 1784 819 1838 Υίὺν
871 1785 1038 1838 αὑτοῦ
1078 1785 1371 1856 γενόμενον
1423 1786 1487 1838 ἐκ
1519 1785 1798 1854 γυναικὸς,

217 1876 515 1946 γενόμενον
577 1876 682 1930 ὑπὸ
727 1877 914 1948 νόμον,
972 1877 1058 1930 ἵνα
1115 1879 1241 1939 τοὺς
1273 1877 1376 1931 ὑπὸ
1415 1878 1578 1948 νόμον
1611 1878 1802 1946 ἐξαγο-

219 1971 391 2041 ράσῃ,
437 1968 524 2022 ἵνα
554 1969 652 2039 τὴν
698 1967 970 2024 υἱοθεσίαν
1007 1969 1397 2039 ἀπολάϐωμεν.
1441 1987 1458 2021 ν
1518 1969 1670 2034 Τέως
1703 1970 1803 2040 μὲν

216 2058 309 2116 οὖν
343 2063 532 2132 νήπιοι
565 2061 718 2126 ὅντες
750 2062 854 2116 ὑπὸ
881 2063 1179 2134 νουμηνίας
1212 2058 1352 2134 ἦμεν
1385 2063 1478 2117 καὶ
1507 2062 1761 2116 Σάὁϐατα
1785 2077 1798 2091 ⁶

217 2153 306 2206 ὅτε
335 2153 396 2207 δὲ
419 2148 582 2225 ἦλθεν
616 2155 644 2207 ὁ
670 2153 977 2226 ὡρισμένος
1001 2155 1192 2226 καιρὸς
1221 2157 1316 2227 τῆς
1354 2154 1681 2227 σαρκώσεως
1707 2155 1801 2209 τοῦ

214 2245 486 2317 Χριστοῦ,
524 2247 612 2300 ὅτε
639 2248 748 2301 πᾶν
779 2243 919 2309 εἶδος
961 2247 1163 2308 κακίας
1191 2249 1234 2282 ⁸⁸
1264 2247 1607 2314 διεξελθοῦσα
1634 2251 1666 2320 ἡ
1704 2248 1807 2320 φύ-

218 2352 303 2400 σις
330 2339 368 2408 ἡ
402 2337 716 2408 ἀνθρωπίνη
741 2338 910 2391 ἐδεῖτο
931 2337 1254 2409 θεραπείας,
1273 2359 1302 2391 ’1
1327 2341 1676 2406 ἐξαπέστειλε
1712 2343 1804 2397 τὸν

216 2429 350 2482 Υίὸν
389 2430 556 2484 αὐτοῦ
590 2432 618 2484 6
645 2430 776 2494 Θεὸς
804 2450 822 2482 ι
876 2431 1199 2502 (τουτέστιν,
1255 2433 1554 2505 ηὐδόκησεν
1604 2434 1800 2508 ἐλθεῖν)

223 2541 240 2573 ι
269 2523 594 2592 γενόμενον,
626 2542 646 2575 ι
681 2523 781 2576 οὐκ
804 2518 926 2577 εἷπε
958 2523 1046 2578 διὰ
1079 2527 1358 2594 γυναικὸς,
1411 2527 1500 2581 ῐνα
1531 2530 1606 2600 μὴ
1657 2532 1802 2601 πάρ-

217 2614 342 2669 οδον
373 2615 611 2688 εὕρωσιν
640 2619 688 2670 οἱ
715 2617 988 2683 λέγοντες,
1015 2617 1086 2681 ὡς
1119 2619 1205 2672 διὰ
1238 2619 1474 2690 σωλῆνος
1520 2621 1620 2692 τῆς
1650 2623 1801 2694 Παρ-

215 2705 377 2762 θένου
439 2708 665 2761 διελθεῖν
693 2708 786 2763 τὸν
818 2709 1021 2779 Κύριον
1050 2710 1193 2763 κατὰ
1219 2713 1522 2780 φαντασίαν
1553 2715 1800 2778 πάντως’

213 2800 359 2864 ἀλλ’,
399 2819 418 2853 t
461 2801 558 2854 Ἐκ
595 2803 883 2870 γυναικόςο
917 2821 935 2855 ι
989 2806 1287 2870 τουτέστιν,
1348 2807 1411 2858 ἐκ
1469 2807 1568 2876 τῆς
1617 2809 1804 2872 οὐσίας

214 2899 393 2967 αὐτῆς
420 2897 582 2968 σῶμα
611 2899 866 2962 λαϐόντα,
919 2901 1012 2953 καὶ
1045 2903 1258 2971 καρπὸν
1290 2900 1416 2954 ὄντα
1445 2904 1543 2974 τῆς
1595 2904 1806 2968 κοιλίας

215 2990 416 3058 αὐτῆς.
465 2990 715 3059 Ἐγένετο
748 2991 805 3044 δὲ
827 2991 931 3044 ὑπὸ
961 2993 1145 3062 νίμοιν,
1192 2994 1553 3064 περιτμηθεὶς
1586 2999 1681 3048 καὶ
1716 3011 1806 3048 τε·

213 3080 388 3143 λέσας
450 3084 647 3148 πάντα,
699 3083 765 3136 ἵν’
823 3085 981 3148 ἐκτὸς
1027 3085 1127 3155 τῆς
1178 3086 1427 3157 κατάρας
1485 3087 1802 3156 γενόμενος,

1898 586 2091 654 legem,
2147 601 2254 640 nou
2294 587 2452 649 dixit,
2498 585 2716 652 Diebus,
2749 585 2867 652 sed,
2908 603 2928 636 ι
2959 583 3254 639 Elementis
3292 586 3478 639 mundi

1896 695 2111 733 eramus
2153 679 2204 733 in
2237 679 2554 732 servitutem
2588 679 2799 732 adacti:
2837 697 2858 730 ι
2888 693 2995 748 quo
3031 677 3204 747 magis
3256 675 3486 748 pudefa-

1898 770 2006 825 eiat
2031 784 2124 824 eos
2155 772 2245 840 qui
2277 769 2379 840 legi
2410 769 2832 824 incumbendum
2863 772 3112 826 suadent.
3142 769 3221 824 Ne
3248 769 3486 825 turberis

1899 873 2103 929 autem,
2135 864 2178 919 si
2208 877 2272 916 ex
2321 863 2668 931 consequenti
2725 871 2932 918 tutores
2963 873 3017 917 et
3039 874 3320 918 curatores
3368 864 3481 918 ele-

1900 964 2082 1010 menta
2141 955 2532 1025 intelligantur.
2597 955 2838 1010 Primum
2875 956 3018 1010 enim
3079 957 3251 1027 legem
3313 957 3483 1011 debes

1899 1047 2146 1117 accipere
2178 1055 2430 1113 tutorem,
2463 1048 2687 1115 perinde
2719 1065 2781 1104 ac
2812 1050 3179 1120 paedagogum,
3212 1064 3321 1104 non
3355 1051 3482 1105 ism.

1901 1138 2102 1193 Deinde
2135 1140 2451 1194 neomenias
2473 1150 2526 1194 et
2559 1139 2797 1195 Sabbata
2834 1140 3100 1196 elementa
3127 1141 3294 1214 348
3323 1142 3482 1198 dixit.

1899 1227 2186 1295 Praeterea,
2213 1238 2272 1284 ul
2296 1231 2508 1286 abunde
2531 1247 2626 1286 eos
2650 1247 2679 1285 a
2714 1233 2829 1302 lege
2856 1232 3085 1286 deﬁcere
3112 1231 3280 1286 faciat
3312 1243 3476 1304 atque

1903 1320 2224 1389 pudefaciat,
2252 1321 2352 1376 hoc
2385 1323 2460 1377 ita
2486 1323 2642 1388 dixit,
2670 1324 3122 1393 quemadmodum
3152 1325 3204 1378 in
3230 1340 3482 1395 progres-

1901 1427 1963 1466 su
1987 1414 2241 1483 deinceps
2266 1415 2484 1470 uberius
2504 1417 2783 1471 indicabit.
2809 1417 3054 1472 Nonnulli
3081 1430 3178 1486 per
3218 1419 3484 1480 elementa

1901 1505 2281 1561 elementalem-
2338 1514 2393 1562 et
2454 1509 2906 1565 introductoriam
2969 1510 3141 1582 legem
3207 1505 3488 1568 intellexe-

1906 1605 2050 1650 rttttl.

1976 1688 2282 1756 \’ens.4,5.
2320 1708 2338 1742 ι
2397 1692 2466 1745 At
2523 1693 2612 1748 ubi
2671 1694 2817 1748 venit
2873 1693 3151 1763 plenitudo
3206 1695 3486 1765 temporis.

1907 1781 2054 1836 misit
2081 1781 2225 1838 Deus
2251 1782 2443 1838 Filium
2474 1801 2652 1849 suum,
2689 1785 2885 1840 factum
2909 1801 2973 1840 ex
3005 1787 3253 1853 muliere,
3283 1787 3484 1843 factum

1907 1877 2008 1930 sub
2042 1875 2178 1946 lege,
2223 1887 2285 1931 ut
2322 1891 2416 1932 eos
2451 1879 2541 1948 qui
2583 1881 2680 1932 sub
2722 1877 2836 1949 lege
2881 1889 3038 1934 erant
3074 1880 3387 1946 redimeret,
3428 1889 3488 1934 ut

1905 1969 2247 2040 adoptionem
2295 1970 2525 2024 ﬁliorum
2578 1971 2958 2040 reciperemus.
3010 1989 3029 2023 ι
3080 1971 3348 2038 Quandiu,
3401 1973 3493 2027 in~

1905 2064 2039 2131 quit,
2098 2060 2334 2116 infantes
2367 2075 2604 2127 eramus,
2664 2063 2894 2132 subjecti
2937 2063 3138 2118 fuimus
3187 2064 3488 2122 neomeniis

1903 2165 1958 2209 ct
2022 2154 2323 2209 Sabbatis:
2376 2165 2431 2208 at
2490 2154 2814 2226 simulatque
2852 2156 3072 2210 advenit
3121 2158 3483 2226 praestitutum

1907 2255 2119 2318 tempus
2161 2247 2553 2304 incarnationis
2586 2249 2809 2315 Christi,
2862 2266 2984 2306 cum
3023 2266 3184 2306 omne
3221 2251 3484 2306 scelerum

1904 2354 2072 2409 genus
2109 2355 2390 2410 pergressa
2420 2341 2653 2395 humana
2680 2352 2868 2396 natura
2899 2356 3035 2412 Optls
3066 2342 3288 2398 haberet
3328 2359 3489 2398 cura-

1907 2433 2073 2502 tione,
2114 2453 2132 2485 ‹
2168 2435 2314 2490 misit
2349 2435 2487 2489 Deus
2513 2433 2705 2489 Filium
2754 2449 2908 2490 suum
2943 2453 2961 2487 ι
2998 2439 3123 2504 (hoc
3149 2445 3252 2501 est,
3285 2437 3489 2505 placuit

1906 2527 1955 2580 ei
1990 2536 2047 2580 ut
2083 2527 2334 2599 veniret),
2363 2545 2383 2578 ι
2423 2525 2644 2581 Factum
2686 2545 2702 2579 ι
2738 2543 2843 2582 non
2875 2528 3026 2594 dixit,
3056 2542 3150 2596 per
3182 2527 3486 2593 mulierem,

1908 2633 1974 2673 ne
2028 2618 2235 2672 aditum
2283 2620 2560 2674 inveniant
2608 2617 2698 2689 qui
2749 2628 3000 2672 asserunt
3061 2619 3345 2672 Dominum
3393 2633 3490 2688 per

1906 2714 2171 2783 virginem
2234 2728 2334 2768 ccu
2389 2712 2630 2768 canalem
2695 2713 2978 2767 transiisse
3031 2711 3176 2765 inani
3261 2725 3490 2781 prorsus

1885 2807 2241 2877 apparentia,
2271 2808 2386 2867 sed,
2415 2825 2432 2857 ι
2461 2805 2535 2860 Ε).
2565 2807 2807 2871 muliere,
2848 2823 2865 2857 ι
2898 2806 2999 2858 hoc
3024 2815 3127 2869 est,
3161 2820 3188 2857 a
3236 2805 3492 2859 substan-

1909 2905 1978 2952 tia
2031 2899 2258 2968 virginis
2306 2914 2499 2966 corpus
2559 2898 2934 2967 accipientem,
2981 2906 3034 2950 et
3095 2897 3300 2950 fructus
3351 2897 3489 2950 uteri

1909 2991 2082 3061 ipsius
2125 2993 2499 3045 exsistentem.
2558 2989 2757 3044 Factus
2810 2997 2989 3043 autem
3041 2988 3142 3042 fuit
3198 2989 3296 3043 sub
3353 2989 3491 3057 lege,

1907 3098 2029 3137 cum
2087 3082 2442 3136 circumcisus
2481 3089 2620 3147 erat,
2655 3082 2949 3151 omniaque
2986 3082 3120 3152 legis
3160 3081 3492 3151 perfecitmt

214 3175 370 3246 ἡμᾶς
404 3175 736 3248 ἐξαγοράσῃ.
763 3175 865 3228 Δύο
888 3176 942 3229 δὲ
972 3176 1377 3248 κατορθώματά
1396 3179 1642 3249 φησιτῆς
1672 3197 1803 3251 σαρ-

1913 3175 1976 3228 ab
2047 3173 2423 3227 exsecratione
2498 3182 2800 3242 exemptus,
2840 3173 2909 3226 ab
2971 3173 3342 3228 exsecratione
3393 3188 3492 3226 nos

215 3267 452 3331 κώσεως
478 3267 570 3320 τοῦ
596 3267 832 3337 Χριστοῦ
857 3284 870 3300 ·
905 3270 965 3322 τό
997 3287 1056 3322 τε
1089 3271 1426 3342 ἑξαγοράσαι
1451 3273 1596 3342 ἡμᾶς
1618 3276 1680 3326 ἐκ
1707 3276 1808 3344 τῆς

214 3357 316 3415 τοῦ
338 3360 513 3430 νόμου
541 3360 806 3431 κατάρας,
841 3363 937 3416 καλ⁸
969 3361 1030 3415 τὸ
1064 3363 1359 3417 ἀποδοῦναι
1382 3364 1480 3436 τὴν
1507 3365 1806 3420 υἱοθεσίαν.

222 3472 241 3504 t
282 3453 690 3523 Ἀπολάὸωμεν
723 3473 741 3506 ι
794 3457 869 3519 δὲ,
909 3452 1054 3522 εἷπε,
1111 3458 1328 3522 δεικνὺς
1362 3457 1570 3512 ἄνωθεν
1600 3461 1692 3512 καὶ
1749 3459 1810 3525 ἐξ

218 3546 560 3614 ἐπαγγελίας
593 3547 953 3618 ὀφειλομένην
975 3553 1180 3619 ταύτην
1209 3551 1364 3621 ἡμῖν,
1392 3553 1440 3604 εί
1468 3553 1561 3605 καὶ
1591 3553 1666 3624 μὴ
1696 3553 1808 3606 ἐδί-

216 3637 345 3691 δοτο
369 3638 459 3690 διὰ
477 3639 577 3709 τὴν
594 3641 919 3711 νηπιότητα.
943 3640 1055 3694 Καὶ
1084 3640 1194 3711 γὰρ
1224 3642 1318 3695 καὶ
1343 3643 1376 3713 ή
1403 3644 1809 3712 ἐπαγγελθείσα

215 3729 300 3798 τῷ
346 3729 603 3800 Ἀϐραὰμ
632 3730 986 3803 κληρονομία,
1010 3734 1044 3804 ὴ
1068 3733 1311 3788 υἱοθεσία
1342 3731 1432 3806 ἦν.
1480 3735 1538 3790 ’0
1569 3739 1808 3808 rapuit;

217 3819 326 3891 κλη
336 3823 578 3890 ρονομεί.

301 4022 324 4056 ι
357 4003 486 4057 Ὀτι
517 4003 574 4056 δέ
610 4005 731 4058 ἐστε
761 4005 885 4069 υἱοὶ,
927 4005 1310 4070 ἐξαπέστειλεν
1341 4009 1369 4060 6
1392 4008 1524 4072 Θεὸς
1561 4009 1621 4064 τὸ
1647 4012 1816 4066 Πνεῦ-

222 4117 306 4170 μα
341 4099 440 4152 τοῦ
468 4099 598 4152 Υἱοῦ
643 4101 807 4154 αὑτοῦ
837 4103 894 4154 ἐν
919 4105 1040 4165 ταῖς
1069 4104 1318 4174 καρδίαις
1353 4105 1528 4175 ὑμῶν,
1573 4108 1776 4178 κράζον
1796 4125 1812 4142 ⁸

232 4190 416 4243 Ἀσσὰ
455 4190 485 4243 6
521 4191 731 4261 Πατήρ.
771 4192 934 4245 Ὥστε
961 4194 1143 4247 οὐκέτι
1177 4189 1226 4247 si
1255 4195 1464 4262 δοῦλος,
1495 4197 1634 4252 ἀλλὰ
1660 4199 1772 4263 υἱός
1798 4215 1813 4232 ο

222 4284 366 4337 εἰδὲ
399 4285 534 4348 υίὸς,
576 4286 670 4336 καὶ
719 4285 1087 4356 κληρονόμος⁹
1121 4286 1458 4358 κληρονόμος
1497 4291 1596 4360 μὲν
1658 4292 1817 4362 Θεοῦ,

125 4449 128 4452 _
224 4377 680 4449 σνγκληρονόμος
721 4379 776 4432 δέ
805 4369 1066 4449 Χριστοῦ.
1102 4397 1121 4431 t
1191 4380 1396 4446 Πόθεν,
1441 4386 1613 4454 φησὶ,
1660 4385 1818 4455 δῆλον

222 4473 312 4525 ὃτι
368 4470 671 4534 υἱοθεσίας
701 4471 1049 4541 ἡξιὼθημεν;
1097 4471 1369 4537 Ἀπέδειξε
1419 4476 1518 4544 μὲν
1567 4477 1818 4530 αὐτὸκαὶ

1913 3266 2225 3322 redimeret.
2256 3266 2367 3320 Duo
2406 3276 2585 3321 autem
2631 3265 2838 3319 Christi
2899 3266 3290 3320 incarnationis
3317 3264 3491 3319 ofﬁcia

1910 3359 2067 3415 nobis
2103 3359 2370 3429 exponit:
2405 3358 2660 3424 alterum,
2695 3368 2754 3413 ut
2782 3373 2878 3412 nos
2921 3360 3208 3413 redimeret
3235 3359 3302 3412 ab
3330 3374 3491 3413 exsc-

1911 3453 2157 3508 cratione
2208 3453 2390 3521 legis:
2433 3455 2685 3515 alterum,
2734 3461 2792 3504 ut
2847 3451 3286 3506 subministraret
3336 3450 3493 3506 nobis

1911 3545 2255 3613 adoptionetn
2313 3545 2569 3598 ﬁliorum.
2624 3542 3015 3613 Reciperemus
3065 3555 3280 3610 autem,
3333 3545 3490 3608 dixit,

1912 3638 2154 3691 iudicans
2192 3637 2334 3706 quod
2386 3637 2497 3707 jam
2549 3645 2710 3690 antea
2753 3650 2819 3689 ex
2866 3635 3224 3704 promissione
3278 3635 3344 3690 ad
3394 3650 3494 3690 nos

1915 3729 2256 3800 pertinuerit,
2307 3729 2518 3783 etiamsi
2578 3728 2648 3782 ob
2705 3726 2991 3782 infantiam
3045 3737 3282 3781 nostrain
3338 3730 3496 3782 nobis

1916 3839 2018 3877 non
2051 3823 2210 3877 fuerit
2260 3823 2404 3876 data.
2438 3819 2571 3875 Nam
2606 3831 2660 3874 et
2696 3821 2982 3875 hereditas
3006 3819 3319 3876 Abrahamo
3370 3835 3498 3892 pro-

1917 3916 2106 3976 mi~sa,
2143 3913 2361 3980 adoptio
2400 3922 2535 3966 erat.
2574 3910 2741 3966 Filius
2769 3911 2910 3965 enim
2942 3910 3314 3965 liwreditatem
3360 3912 3492 3966 adit.

1991 4004 2152 4058 Vsus.
2184 4003 2298 4070 6,7.
2336 4022 2354 4055 t
2407 4003 2671 4070 Quoniam
2735 4012 2919 4057 autem
2977 4003 3109 4058 estis
3144 4003 3262 4068 lilii,
3318 4005 3500 4058 emisit

1920 4098 2061 4152 Deus
2094 4098 2356 4165 Spiritum
2389 4095 2509 4150 Filii
2532 4099 2609 4150 sui
2646 4096 2698 4150 itt
2721 4097 2882 4151 corda
2915 4105 3114 4161 vestra,
3151 4095 3498 4161 clamantem,

1919 4191 2067 4246 Abba
2105 4189 2285 4244 l‘atcr.
2323 4189 2508 4255 Itaque
2533 4188 2646 4258 jam
2698 4205 2803 4242 non
2831 4203 2890 4242 es
2925 4203 3135 4252 servus,
3169 4189 3262 4243 sed
3311 4187 3497 4242 ﬁlius:

1919 4284 1964 4337 si
1992 4294 2171 4337 autem
2196 4280 2385 4348 Filius,
2417 4290 2470 4336 et
2505 4284 2696 4345 haeres,
2723 4283 2893 4336 hit-res
2924 4281 3138 4352 quidem
3179 4280 3294 4346 Dei,
3325 4280 3502 4334 cohze-

1924 4394 2010 4431 res
2042 4386 2221 4431 autem
2254 4375 2476 4430 Christi.
2511 4393 2528 4427 ι
2569 4372 2744 4436 Unde,
2784 4375 2972 4442 inquit,
3010 4375 3223 4442 planum
3252 4375 3498 4444 estquod

1923 4469 2153 4523 ﬁLiorum
2207 4470 2495 4535 adoptione
2549 4467 2731 4520 donati
2789 4482 2976 4520 sumus
3004 4465 3026 4519 ?
3056 4465 3312 4520 Patefecit
3354 4468 3500 4520 istud

227 4565 526 4636 πρότερον,
573 4564 661 4616 ὅτε
703 4563 903 4628 ἔδειξεν
953 4565 1101 4634 ἡμᾶς
1141 4565 1377 4634 Χριστὸν
1409 4566 1805 4638 ἐνδεδυμένους,

1923 4560 2176 4622 antehac,
2232 4557 2447 4626 quando
2485 4556 2739 4611 iudicavit
2791 4571 2887 4610 nos
2930 4557 3202 4610 Christum
3237 4557 3496 4624 induisse,

223 4657 283 4719 ὃς
317 4660 470 4707 ἐστιν
502 4655 625 4717 Υίός
649 4669 664 4685 ⁸
693 4655 934 4708 δείκνυσι
957 4655 1012 4708 δὲ
1038 4657 1132 4709 καὶ
1157 4656 1274 4723 νῦν,
1311 4659 1374 4710 ἐκ
1389 4657 1484 4710 τοῦ
1513 4659 1572 4711 τὸ
1596 4659 1817 4728 Πνεῦμα

230 4750 388 4818 ἡμᾶς
419 4747 627 4812 λαϐεῖν,
679 4748 1316 4819 ὃπαρασκευάζειὴμᾶς
1362 4751 1586 4817 Πατέρα
1633 4753 1816 4806 καλεῖν

225 4843 326 4893 τὸν
356 4838 512 4902 Θεὸν,
546 4839 654 4890 τῶν
687 4838 925 4907 καρδιῶν
961 4839 1118 4908 ἡμῶν
1150 4839 1456 4910 ἀπτόμενον
1491 4841 1686 4903 ἐνθέως
1720 4845 1816 4897 καὶ

226 4931 647 5001 καινοπρεπῶς.
683 4931 852 4984 Τοῦτο
888 4930 944 4982 δὲ
969 4931 1069 4983 οὐκ
1094 4930 1159 4985 ἂν
1184 4932 1424 4999 ἐγένετο,
1463 4933 1512 4985 εί
1541 4933 1616 5004 μὴ
1642 4935 1817 4988 υἱοθε-

228 5023 356 5083 σίας
388 5020 727 5090 ἠξιώθημεν.
769 5022 932 5073 Ὥστε
981 5023 1104 5075 ἐπεὶ
1135 5022 1240 5075 υίοί
1292 5025 1459 5093 ἐσμεν
1493 5025 1588 5077 καὶ
1615 5025 1815 5094 κληρο-

226 5115 394 5184 νόμοι
422 5113 484 5166 οὑ
522 5113 633 5166 τῶν
667 5112 938 5183 τυχόντων
989 5114 1356 5184 πραγμάτων,
1409 5114 1546 5168 ἀλλὰ
1589 5115 1698 5168 τῶν
1721 5115 1814 5168 τοῦ

227 5206 394 5266 Θεοῦ,
425 5206 518 5258 καὶ
547 5205 918 5274 συμμερισταὶ
946 5205 1040 5257 τοῦ
1073 5205 1436 5274 Μονογενοῦς,
1490 5206 1544 5258 τί
1580 5207 1739 5261 πάλιν
1770 5207 1819 5238 ⁸³

229 5297 415 5352 δοῦλοι
442 5296 727 5367 γινόμεθα,
755 5295 851 5348 καὶ
913 5295 1219 5366 ἀθετοῦμεν
1261 5297 1359 5368 τὴν
1418 5295 1814 5368 υίοθετήσασαν

232 5391 390 5464 ἡμᾶς
415 5389 624 5455 πίστιν,
649 5388 728 5460 τῷ
755 5387 907 5460 νόμῳ
944 5389 1296 5459 προσέχοντες
1319 5404 1335 5454 ;

320 5585 341 5620 ι
373 5566 537 5622 Ἀλλὰ
569 5566 694 5621 τότε
756 5567 858 5638 μὲν
883 5565 983 5620 οὐκ
1020 5565 1223 5628 εἰδότες
1253 5564 1407 5632 Θεὸν,
1463 5565 1818 5621 ἐδουλεύσατε

1923 4652 2012 4720 qui
2063 4660 2146 4705 est
2197 4648 2388 4703 Filius.
2436 4647 2684 4702 Ostendit
2735 4657 2912 4701 autem
2963 4648 3285 4707 etiamnum.
3337 4663 3403 4700 ex
3435 4665 3500 4700 cu

1923 4743 2065 4811 quod
2095 4741 2354 4810 Spiritum
2392 4755 2488 4794 nos
2518 4741 2908 4808 acceperimus,
2934 4740 3024 4808 qui
3053 4741 3288 4794 instituit
3317 4754 3414 4794 nos
3443 4747 3500 4792 ιιι

1923 4833 2136 4887 Patrem
2201 4845 2454 4885 vocemus
2506 4829 2693 4894 Deum,
2751 4843 2888 4883 novo
2953 4832 3183 4899 quodam
3240 4831 3397 4885 modo
3447 4838 3500 4882 et

1925 4925 2107 4980 divino
2152 4925 2314 4977 corda
2356 4935 2537 4977 nostra
2572 4922 3007 4979 commovendo:
3037 4923 3175 4993 quod
3207 4931 3354 4976 certe
3396 4939 3498 4975 non

1924 5015 2099 5078 ﬁeret,
2150 5014 2202 5067 ni
2241 5013 2472 5066 ﬁliorum
2517 5014 2732 5082 adoptio
2771 5014 2925 5068 nobis
2973 5018 3096 5067 data
3141 5020 3306 5066 esset.
3353 5010 3501 5078 Quo-

1923 5107 2067 5161 circa
2125 5120 2246 5160 cum
2282 5104 2376 5158 filii
2431 5104 2602 5158 simus
2646 5117 2700 5158 et
2748 5105 3009 5170 han-edes,
3056 5117 3156 5157 nou
3201 5102 3498 5170 Vulganunt

1922 5205 2069 5250 certe
2141 5189 2344 5258 rerum,
2407 5205 2665 5249 caeterum
2745 5196 3012 5249 bonorum
3072 5192 3397 5253 divinorum,
3443 5201 3501 5244 et

1926 5286 2218 5356 Unigenito
2262 5285 2596 5351 cohtetedes,
2641 5301 2738 5339 cur
2791 5299 2977 5339 rursus
3021 5283 3160 5337 servi
3211 5279 3497 5343 eﬂicitnur,

1924 5381 2193 5450 ﬁdemque
2220 5394 2340 5450 quae
2365 5395 2464 5434 nos
2490 5380 2541 5434 in
2571 5379 2710 5434 ﬁlios
2729 5378 3020 5448 adoptavit,
3051 5375 3151 5448 legi
3174 5374 3504 5429 attendeudo

1923 5474 2236 5545 rejieimus?

1923 5567 2090 5623 Vsus.
2124 5567 2178 5622 8.
2208 5585 2227 5617 ς
2259 5566 2366 5622 Sed
2408 5573 2539 5622 tunc
2584 5565 2802 5637 quidem
2849 5565 3158 5638 ignorantes
3204 5559 3398 5632 Deum,
3436 5563 3504 5618 iis

1562 5708 1766 5771 Variae
1799 5709 2129 5774 lectiones.

315 5835 366 5869 ⁸³
391 5836 665 5902 ἐνεπόδιζε
694 5851 748 5893 o.
826 5838 871 5871 ⁸⁹
903 5836 1102 5900 αὐτοὺς
1127 5853 1200 5891 m.
1278 5835 1325 5868 "
1351 5833 1640 5906 ὀφείλομεν
1671 5851 1725 5890 0.

1805 5837 1847 5869 "
1875 5837 2085 5906 πλάνης
2131 5851 2184 5890 ο.
2263 5838 2308 5871 θ’
2339 5833 2521 5888 τοίνυν
2561 5849 2614 5890 o.
