3898 6594
452 371 558 436 9:39

1307 369 1881 431 THEOFIIYLACTI
1922 365 2334 439 BULGARIE
2376 363 2728 425 ARCIIIEP.

3496 359 3610 425 1090

440 490 531 558 qui
575 493 766 541 natura
803 498 903 539 non
940 495 1064 540 sunt
1107 485 1182 540 dii
1232 485 1572 539 serviebatis.
1614 503 1633 536 ι
1679 485 1775 539 llic
1820 486 1887 539 ad
1922 500 2008 537 eos

2116 486 2226 545 τοῖς
2263 480 2339 551 μὴ
2370 479 2529 548 φύσει
2563 476 2682 530 οὖσι
2716 474 2876 538 θεοῖς.
2912 490 2931 526 ι
2986 469 3238 526 Ἐνταῦθα
3270 469 3393 541 πρὸς
3438 476 3541 535 τως
3570 475 3620 540 ἐξ

441 581 531 643 qui
562 592 628 632 ex
664 577 913 648 gentibus
965 578 1331 641 crediderant,
1381 590 1686 629 sermonem
1719 576 2009 635 convertit,

442 675 874 723 commonstraus
908 663 1273 718 idololatriam
1298 679 1419 718 esse
1442 665 1649 718 dierum
1681 663 2013 720 observatio-

444 772 589 822 nem,
607 756 851 823 quodque
880 753 1036 808 hodie
1061 754 1177 822 plus
1208 762 1452 822 peccant,
1479 768 1636 819 quam
1660 753 1806 807 olim.
1832 750 2013 818 Quon-

443 847 565 900 dam
616 846 782 909 enim,
835 844 1029 912 inquit,
1090 845 1420 913 iguorabatis
1476 844 1665 906 Deum,
1710 841 1874 915 349
1912 858 2011 896 ceu

444 935 678 989 tenebris
706 935 839 1003 septi
866 945 1028 1004 atque
1059 936 1290 999 seducti,
1327 951 1387 988 ac
1416 944 1704 1005 prepterea
1732 934 2012 988 servieba-

446 1028 511 1080 tis
538 1027 636 1082 soli
669 1036 724 1082 et
764 1027 899 1081 luna:
935 1042 1054 1095 qua:
1086 1043 1191 1079 non
1224 1038 1411 1080 natura
1437 1038 1564 1081 sunt
1604 1026 1700 1079 dii.
1724 1023 1844 1079 Jam
1881 1039 2010 1079 vero

442 1121 491 1173 si
527 1130 645 1188 post
700 1119 939 1174 veritatis
974 1118 1303 1188 agnitionem
1352 1120 1465 1173 dies
1506 1118 1824 1181 observetis,
1876 1116 2011 1171 nihil

441 1184 584 1264 aliud
620 1226 780 1280 quam
831 1184 1112 1264 elementis
1143 1209 1362 1265 servitis
1387 1226 1403 1276 ;
1428 1225 1545 1279 qua:
1599 1210 1748 1280 pejor
1781 1216 1865 1263 est.
1909 1208 2013 1261 im-

441 1305 637 1374 pictas.

515 1391 673 1445 Vens.
705 1392 759 1446 6.
798 1409 819 1444 ι
856 1391 1007 1446 Nunc
1037 1401 1215 1445 autem
1256 1406 1375 1446 cum
1404 1392 1767 1463 eoguoveritis
1820 1393 2008 1458 Deum,

442 1481 549 1535 imo
582 1482 778 1553 cogniti
818 1481 934 1536 sitis
963 1497 991 1534 a
1027 1482 1154 1548 Deo,
1185 1484 1451 1552 quomodo
1484 1485 1857 1539 convertimini
1893 1501 2013 1538 rur-

441 1590 533 1627 sus
584 1576 647 1627 ad
685 1574 897 1628 infirma
945 1586 998 1629 et
1047 1591 1218 1646 egena
1271 1576 1557 1641 elementa,
1593 1577 1791 1647 quibus
1835 1578 2012 1633 denuo

440 1665 651 1719 servire
698 1664 948 1720 vultis?»
998 1662 1151 1720 Nune
1201 1676 1405 1734 autem,
1460 1668 1653 1737 inquit,
1711 1669 2008 1739 cognovisti

441 1758 632 1823 Deum,
670 1757 777 1811 imo
807 1759 986 1828 potius
1014 1773 1117 1813 non
1154 1774 1244 1813 vos
1278 1761 1494 1830 proprio
1527 1761 1709 1815 labore
1734 1761 2012 1816 invenistis

440 1857 495 1901 et
535 1848 831 1920 agnovistis
865 1850 1030 1904 Deum
1080 1850 1277 1920 (neque
1306 1852 1455 1905 enim
1477 1852 1801 1921 quaesivistis
1833 1855 2010 1907 omni-
2046 1835 2085 1891 Β

440 1941 552 2009 no),
594 1942 687 1996 sed
725 1942 841 2012 ipse
871 1956 965 1997 vos
1000 1943 1050 1996 in
1084 1942 1362 2012 profundis
1396 1946 1630 1999 tenebris
1669 1955 1888 2016 agentes
1925 1946 2009 2000 in-

439 2034 657 2104 quisitit
684 2042 738 2090 et
753 2035 1064 2103 assumpsit.
1093 2054 1111 2088 ι
1132 2020 1409 2107 Cognitos,
1434 2056 1453 2089 ι
1480 2040 1620 2092 enim
1643 2054 1761 2108 pro,
1787 2040 2013 2093 Assum-

441 2136 560 2195 ιιιοε
619 2141 650 2180 a
709 2126 838 2191 Deo,
900 2127 1056 2183 dixit.
1117 2127 1397 2195 Quomodo
1452 2131 1615 2199 igitur
1676 2133 2009 2186 revertimini

440 2234 628 2274 rursus
671 2224 735 2274 ad
787 2235 959 2289 egena
997 2231 1051 2276 et
1083 2222 1370 2279 imbecillia
1421 2224 1730 2281 elementa?
1779 2228 1879 2283 hoc
1909 2236 2011 2293 est,

441 2325 561 2380 quae
592 2311 790 2366 nullum
836 2311 998 2367 robur
1028 2314 1223 2369 habent
1252 2316 1319 2370 ad
1347 2320 1619 2386 proposita
1650 2318 1805 2373 nobis
1845 2320 2009 2386 bona,

439 2412 490 2453 et
548 2416 669 2470 quae
715 2416 811 2457 vos
855 2403 1205 2471 spiritualiter
1249 2404 1446 2476 juvare
1482 2409 1804 2476 nequeunt?
1840 2408 2011 2463 Simul

439 2504 618 2546 autem
666 2503 921 2562 tanquam
964 2495 1236 2552 intellectu
1279 2509 1332 2553 et
1378 2514 1561 2562 sensu,
1609 2500 1850 2569 adeoque
1903 2503 2009 2555 vita

436 2583 625 2636 orbata
658 2595 860 2653 essent,
915 2600 1082 2656 egena
1115 2587 1227 2643 haec
1251 2598 1407 2645 vocat
1438 2602 1488 2644 et
1525 2590 1760 2657 infirma,
1800 2594 2013 2648 etiamsi

437 2674 540 2728 hoc
583 2672 783 2731 Graecis
832 2677 1133 2747 displiceat.
1190 2678 1599 2752 Pseudapostoli
1646 2684 1849 2753 itaque,
1888 2693 2012 2738 tau-

436 2778 598 2835 quam
638 2764 770 2836 legis
809 2766 1052 2824 vindices
1076 2810 1092 2832 ,
1128 2770 1335 2824 dierum
1389 2773 1799 2830 observationes
1848 2777 2016 2832 intro-

439 2854 730 2908 duXi-runt.
782 2854 901 2925 Ipse
961 2866 1137 2914 autem
1199 2862 1595 2928 sapientissime
1655 2866 2014 2922 idololatriam

436 2962 552 3001 rem
584 2948 753 3018 ipsam
783 2960 958 3017 vocat,
991 2967 1149 3020 quam
1180 2963 1236 3009 et
1265 2955 1377 3023 ipsa
1406 2954 1489 3031 lex
1521 2958 1789 3026 prohibet.
1832 2959 2015 3028 Quare

437 3037 526 3106 qui
559 3038 659 3093 ista
693 3040 904 3106 docent,
943 3043 1041 3113 legi
1071 3044 1234 3100 etiam
1272 3049 1654 3105 adversantur.

510 3126 670 3183 Vens.
703 3129 787 3184 10.
838 3149 856 3182 ι
890 3128 1013 3187 Dies
1045 3133 1367 3200 observatis,
1419 3145 1475 3191 et
1513 3152 1749 3206 menses,
1780 3149 1835 3197 et
1874 3150 2009 3197 tem-

437 3233 589 3292 pora,
649 3229 703 3274 et
754 3236 943 3277 annos.
983 3240 1002 3273 ι
1046 3222 1120 3278 Ex
1160 3224 1242 3279 Itis
1287 3225 1505 3296 planum
1566 3238 1671 3296 est,
1708 3234 1851 3304 quod
1904 3250 2009 3289 non

441 3308 612 3361 soluat
661 3311 1126 3367 circumeisionem
1166 3316 1535 3384 prtedieabant
1584 3322 2013 3394 pseudapostoli,

441 3418 625 3456 verum
660 3405 818 3457 etiam
859 3404 1020 3462 ferias
1044 3417 1096 3462 et
1131 3410 1425 3466 novilunia.
1884 3400 1889 3410 ’

508 3493 667 3551 Vens.
697 3496 784 3551 ll.
816 3515 835 3549 ι
866 3498 1042 3553 Metuo
1076 3515 1142 3555 ne
1177 3492 1285 3572 quo
1314 3504 1474 3560 modo
1504 3504 1702 3561 frustra
1727 3506 2014 3564 laborave-

438 3584 539 3639 rint
573 3601 699 3655 erga
727 3602 841 3642 vos.
876 3606 895 3640 ι
931 3588 1065 3644 Vide
1102 3592 1525 3648 misericordiam
1557 3595 1673 3665 ejus
1703 3615 1715 3650 :
1751 3598 1825 3653 ἱΗί
1880 3614 2014 3655 con-

437 3677 732 3745 eutitmtur,
788 3687 843 3732 et
876 3678 1077 3737 Paulus
1127 3693 1379 3739 terretur.
1418 3685 1574 3752 Quod
1609 3688 1703 3754 ait,
1731 3706 1750 3740 ι
1783 3690 1862 3746 Ne
1907 3706 2013 3759 (ιιιο

442 3769 625 3833 tundo,
658 3787 676 3820 ι
743 3769 944 3825 iudicat
969 3787 1063 3828 eos
1119 3774 1297 3829 adhuc
1358 3791 1666 3847 superesse,
1722 3796 1824 3837 nec
1884 3783 2010 3838 dum

437 3872 657 3926 prorsus
686 3859 1020 3930 naufragium
1059 3879 1265 3932 passos.
1300 3862 1455 3922 Facit
1505 3881 1683 3925 autem
1729 3873 1809 3927 eis
1838 3890 2009 3944 spem,

436 3949 481 4001 si
528 3948 689 4003 modo
742 3951 907 4006 velint
944 3954 1130 4025 vigiles
1167 3966 1221 4011 et
1255 3959 1422 4013 sobrii
1451 3975 1594 4025 esse,
1650 3978 1756 4018 non
1808 3962 2011 4022 frustra

436 4054 496 4094 se
548 4055 676 4110 erga
727 4056 820 4095 eos
879 4042 1202 4101 laborasse:
1250 4050 1473 4117 perinde
1518 4055 1669 4121 quasi
1719 4054 1862 4110 dicat
1910 4058 2010 4124 eis,

435 4127 761 4186 Mementote
791 4147 1033 4188 meorum
1067 4151 1191 4208 erga
1218 4153 1314 4195 vos
1344 4143 1623 4210 sudorum,
1649 4163 1821 4217 neque
1847 4164 2012 4207 vanos

439 4219 597 4274 facite
626 4220 841 4277 labores
866 4239 1035 4279 meos.

510 4333 777 4390 Vsus-.12.
803 4354 821 4386 ι
853 4336 1036 4393 Estote
1055 4338 1193 4395 sicut
1211 4356 1333 4411 ego,
1349 4343 1473 4411 quia
1489 4356 1543 4400 et
1565 4361 1664 4418 ego
1682 4348 1825 4404 sicut
1842 4366 1957 4407 vos.
1982 4371 2004 4405 ι

433 4424 513 4480 Ad
543 4441 634 4481 eos
658 4428 747 4496 qui
784 4444 847 4483 ex
874 4428 1079 4487 Judseis
1102 4434 1470 4504 crediderant,
1504 4440 1619 4496 hzec
1648 4441 1779 4496 dicit
1804 4461 1818 4498 :
1848 4458 2007 4498 nem-

2114 572 2285 625 ὲονῶν
2321 568 2717 630 πιστεύσαντας
2747 564 3085 621 ἀποτείνεται
3136 561 3336 625 δεικνὺς
3361 562 3436 616 ὅτι
3458 564 3539 617 καὶ
3557 566 3617 616 εί-

2112 663 2482 732 δωλολατρεία
2510 660 2659 715 ἐστὶν
2696 661 2731 731 ή
2759 658 2866 711 τῶν
2901 656 3123 728 ἡμερῶν
3152 657 3522 727 παρατήρησις,
3544 658 3619 708 καὶ

2117 757 2300 828 μεῖζον
2324 755 2355 825 ἢ
2384 755 2551 809 πάλαι
2585 752 2978 823 ἁμαρτάνουσι.
3006 749 3177 802 Πάλαι
3206 748 3317 817 μὲν,
3349 749 3516 817 apud».
3541 747 3622 801 οὐκ

2118 849 2294 920 ᾔδειτε
2318 848 2408 901 τὸν
2428 846 2581 908 Θεὸν,
2603 843 2699 899 ἅτε
2727 841 3099 911 ἐσκοτωμένοι
3119 840 3211 892 καὶ
3239 838 3619 908 πεπλανημένοι·

2114 940 2208 993 καὶ
2235 939 2321 993 διὰ
2352 936 2510 991 τοῦτο
2544 934 2852 990 ἐδουλεύετε
2888 932 3022 1003 ἡλίῳ
3055 932 3147 985 καὶ
3177 930 3385 1001 σελήνῃ,
3414 929 3551 982 ἅτινα
3574 929 3623 982 οὐ

2115 1030 2276 1100 φύσει
2307 1030 2414 1081 εἰσὶ
2440 1027 2553 1081 θεοί
2581 1042 2595 1057 ⁸
2625 1025 2719 1079 νῦν
2759 1026 2814 1078 δὲ
2842 1025 2984 1094 μετά
3022 1023 3118 1093 τὴν
3152 1022 3250 1091 τῆς
3274 1020 3504 1091 ἀληθείας
3527 1021 3622 1073 titl-

2113 1138 2338 1191 γνωσιν,
2366 1119 2460 1172 ἐὰν
2488 1118 2698 1189 ἡμέρας
2728 1116 3140 1187 παρατηρῆσθε,
3169 1115 3311 1167 οὐδὲν
3335 1113 3494 1185 ἀλλ.οῆ
3513 1131 3626 1168 στοι-

2114 1212 2282 1284 χείοις
2304 1209 2624 1282 λατρεύετε,
2648 1208 2743 1262 καὶ
2772 1209 2954 1280 χεῖρον
2988 1206 3049 1260 τὸ
3080 1205 3346 1274 ἀσέϐημα.

2185 1416 2203 1447 ι
2236 1395 2348 1451 Νῦν
2373 1394 2430 1448 δὲ
2463 1393 2680 1463 γνόντες
2712 1391 2866 1456 Θεὸν,
2900 1390 3102 1461 μᾶλλον
3133 1389 3186 1443 δὲ
3213 1387 3517 1458 γνωσθέντες
3541 1391 3625 1444 ὑπὸ

2112 1487 2271 1554 Θεοῦ,
2325 1485 2443 1548 πῶς
2486 1484 2847 1554 ἐπιστρέφετε
2897 1482 3062 1536 πάλιν
3117 1482 3207 1533 ἐπὶ
3254 1480 3319 1533 τὰ
3349 1480 3526 1549 ἀσθενῆ
3554 1483 3629 1535 καὶ

2113 1578 2306 1649 πτωχᾶ
2337 1570 2689 1647 στοιχεῖα,οἷς
2714 1575 2875 1628 πάλιν
2902 1573 3108 1643 ᾄνωθεν
3146 1572 3405 1626 δουλεύειν
3425 1572 3626 1636 θέλετεςι

2112 1672 2227 1726 Νῦν
2271 1672 2347 1735 δὲ,
2383 1671 2571 1739 φησὶν,
2607 1668 2811 1736 ἔγνωτε
2845 1666 3000 1729 Θεὸν,
3049 1664 3249 1736 μᾶλλον
3286 1665 3341 1719 δὲ
3389 1664 3476 1734 οὺχ
3502 1665 3631 1732 ὑμεῖς

2112 1766 2204 1817 τὸν
2231 1764 2362 1816 Θεὸν
2384 1761 2570 1831 οἰκείῳ
2598 1759 2742 1829 πόνῳ
2765 1757 2954 1830 εὕρετε
2976 1758 3071 1812 καὶ
3096 1755 3360 1823 ἐπέγνωτε
3383 1755 3631 1828 (οὐδὲγὰρ,
3652 1778 3655 1785 ·

2114 1857 2233 1911 οὐδὲ
2252 1854 2559 1926 ἐζητήσατε
2588 1852 2771 1917 ὅλως),
2800 1850 2915 1904 ἀλλ’
2943 1849 3106 1913 αὐτὸς
3140 1849 3283 1919 ὑμᾶς
3306 1850 3360 1900 έν
3381 1849 3535 1919 σκότῳ
3554 1848 3630 1918 βα-

2115 1948 2197 2002 θεῖ
2249 1947 2536 2014 διάγοντας
2589 1943 2820 2015 ἐζήτησε
2857 1942 2951 1995 καὶ
2986 1939 3377 2013 Προσιλάδετο.
3408 1940 3473 1992 Τὸ
3524 1938 3628 2008 γὰρ,

2120 2058 2138 2091 ι
2174 2038 2533 2100 Γνωσθέντες,
2564 2053 2584 2087 ι
2622 2036 2740 2089 ἀντὶ
2768 2033 2886 2097 τοῦ,
2919 2031 3358 2102 Προσληιρθέντες
3386 2030 3477 2082 ὑπὸ
3504 2029 3631 2084 Θεοῦ.

2115 2132 2240 2196 Πῶς
2294 2130 2388 2185 οὖν
2420 2130 2781 2201 ἐπιστρέφετε
2813 2127 2859 2159 ⁸³
2892 2126 3053 2179 πάλιν
3105 2125 3201 2177 ἐπὶ
3248 2128 3312 2176 τά
3342 2123 3512 2194 πτωχά
3559 2123 3634 2175 καὶ

2112 2223 2315 2294 ἀσθενῆ
2352 2223 2629 2290 στοιχεῖα;
2688 2216 2967 2280 Τουτέστι,
3025 2214 3092 2269 τά
3135 2214 3399 2285 μηδεμίαν
3441 2212 3628 2282 δύναμιν

2116 2315 2309 2385 ἔχοντα
2340 2313 2473 2384 πρὸς
2499 2312 2545 2344 ⁸⁵
2571 2310 2639 2364 τὰ
2672 2309 3009 2378 προκείμενα
3039 2305 3245 2375 ἀγαθὰ,
3270 2305 3400 2377 μηδὲ
3429 2304 3634 2375 ἰσχύοντα

2117 2404 2499 2476 πνευματικῶς
2533 2401 2842 2471 ὡφελῆσαη
2882 2399 3032 2469 Ἅμα
3063 2399 3118 2452 δὲ
3135 2398 3231 2452 καὶ
3254 2399 3326 2461 ὡς
3350 2398 3635 2466 ὲστερημένι

2118 2497 2233 2561 νοῦ,
2268 2499 2363 2551 καὶ
2398 2495 2724 2564 αἰσθήσεως,
2766 2492 2861 2546 καὶ
2894 2490 3060 2562 ζωῆς,
3095 2488 3291 2559 πτωχά
3321 2487 3479 2541 ταῦτα
3512 2488 3636 2540 καλεῖ

2118 2592 2212 2643 καὶ
2247 2587 2467 2656 ἀσθενῆ,
2513 2585 2617 2639 κᾶν
2654 2584 2919 2654 ’Έλληνες
2974 2581 3415 2653 ἀπαρέσκωνται.
3462 2579 3517 2630 Ol
3560 2580 3634 2648 μὲν

2114 2680 2208 2736 οῦν
2238 2675 2685 2749 ψευδαπόστολοι,
2719 2674 2793 2737 ὡς
2815 2671 2910 2727 τοῦ
2936 2673 3101 2742 νόμου
3138 2669 3535 2742 έκδικηταὶ,τὰ;
3553 2669 3637 2722 τῶν

2114 2774 2341 2845 ήμερῶν
2389 2769 2800 2842 παρατηρήσεις
2829 2768 3047 2837 εἰσῆγον
3068 2781 3081 2795 ·
3116 2765 3281 2829 αὐτὸς
3313 2764 3366 2818 δὲ
3400 2762 3635 2831 σοφώτατα

2116 2861 2558 2932 εἰδωλολατρείαν
2604 2859 2665 2912 τὸ
2709 2858 2942 2929 πρᾶγμα
2994 2857 3187 2921 καλεῖ,
3232 2858 3296 2928 ἢν
3340 2856 3428 2909 καὶ
3455 2854 3637 2917 αύτδςὸ

2115 2958 2277 3028 νόμος
2312 2951 2664 3024 ἀπαγορεύει.
2710 2951 2875 3004 Ὥστε
2936 2949 3033 3004 καὶ¹
3070 2949 3147 3020 τῷ
3202 2950 3348 3021 νόμῳ
3375 2946 3576 3002 ἐναντίοι
3599 2946 3636 2996 οἱ

2115 3046 2290 3101 ταῦτα
2317 3045 2681 3106 διδάσκοντες.

2154 3176 2161 3183 .
2198 3159 2215 3191 ι
2253 3138 2493 3209 Ἡμέρας
2519 3134 2945 3206 παρατηρεῖσθε,
2977 3136 3070 3188 καὶ
3095 3137 3295 3205 μῆνας,
3319 3131 3410 3187 καὶ
3436 3129 3635 3201 καιροὺς,

2118 3231 2211 3286 καὶ
2241 3229 2536 3290 ἐνιαυτούς.
2566 3247 2586 3281 ι
2608 3228 2703 3280 Ἐκ
2727 3226 2932 3280 τούτων
2955 3225 3132 3297 δῆλον,
3161 3227 3247 3279 ὅτι
3268 3226 3327 3279 ού
3353 3228 3497 3296 μόνον
3515 3238 3637 3292 περι-

2114 3323 2288 3394 τομὴν
2342 3323 2642 3393 ἐκήρυττον
2670 3322 2719 3375 οἱ
2770 3319 3222 3391 ψευδαπόστολοι,
3279 3318 3410 3373 ἀλλὰ
3438 3318 3521 3370 καὶ
3560 3316 3637 3374 τὰς

2115 3416 2326 3486 ἑορτὰς,
2354 3417 2447 3468 καὶ
2478 3416 2577 3480 τὰς
2605 3417 2921 3487 νουμηνίας.

2191 3528 2211 3559 ι
2248 3507 2524 3578 Φοϐοῦμαι
2562 3507 2763 3578 μήπως
2819 3507 2941 3577 εἰκῆ
2989 3503 3307 3559 κεκοπίακα
3339 3505 3414 3567 εἰς
3458 3500 3632 3571 ὑμᾶς.)

2117 3600 2257 3670 Ὅρα
2280 3600 2591 3670 σπλάγχνα’
2633 3602 2830 3654 ἐκεῖνοι
2863 3597 3205 3661 σαλεύονται,
3230 3598 3323 3650 κοιλ⁸
3355 3594 3541 3656 Παῦλος
3564 3607 3638 3659 φο-

2113 3691 2309 3747 ϐεῖται.
2335 3693 2408 3744 Τὸ
2435 3691 2514 3754 δὲ,
2556 3710 2575 3743 ι
2612 3692 2847 3764 Μήπως,
2890 3710 2908 3743 ι
2945 3690 3098 3761 δηλοῖ
3131 3689 3214 3742 ἔτι
3235 3689 3429 3751 αὐτοὺς
3457 3685 3638 3756 περιόν·

2113 3803 2229 3848 τας.
2272 3782 2367 3837 καὶ
2416 3784 2585 3854 μήπω
2609 3784 2792 3837 τέλεον
2847 3783 3307 3852 ναυαγήσανταςο
3341 3781 3430 3832 καὶ
3463 3776 3638 3830 δίδωσιν

2114 3876 2295 3936 αὐτοῖς
2324 3874 2535 3939 ἐλπίδα,
2581 3876 2662 3929 ὅτι
2690 3877 2739 3928 εί
2766 3873 2893 3944 θελή
2907 3889 3065 3929 ταιιεν¹
3090 3872 3389 3941 ἀνανῆψαι,
3428 3870 3519 3921 οὐκ
3544 3863 3637 3931 εἰκῆ

2111 3969 2140 4021 ὁ
2166 3969 2245 4031 είς
2275 3968 2472 4031 αὐτοῖδῖ
2526 3968 2819 4038 γεγένηται
2869 3968 3026 4028 πόνος
3053 3967 3102 3998 ⁸⁸
3134 3981 3149 3997 ⁶
3186 3964 3388 4017 ὡσανεὶ
3413 3960 3497 4013 οῦν
3524 3958 3638 4023 λέγει

2113 4061 2296 4124 αὐτοῖς
2315 4077 2327 4091 ·
2367 4062 2658 4132 Μνήσθητε
2694 4060 2803 4113 τῶν
2833 4060 2980 4130 ἐμῶν
3011 4061 3093 4123 εἰς
3123 4060 3269 4130 ὑμᾶς
3300 4056 3541 4129 ἱδρώτων,
3568 4051 3639 4103 καὶ

2114 4153 2190 4224 μὴ
2220 4152 2569 4224 ματαιὼσατέ
2595 4171 2695 4224 μου
2719 4154 2840 4216 τοὺς
2870 4152 3082 4215 πόνους.

2190 4356 2208 4390 ι
2246 4338 2465 4391 Γίνεσθε
2508 4338 2582 4401 ὡς
2614 4335 2748 4407 ἐγὼ,
2806 4338 2887 4390 δτι
2940 4337 3093 4405 κάγὼ
3132 4336 3207 4399 ὠς
3254 4336 3428 4404 ὑμεῖς.
3456 4351 3474 4384 ι
3526 4327 3641 4395 Πρίς

2110 4431 2236 4494 τοὺς
2266 4430 2325 4496 ἐξ
2370 4431 2639 4484 Ἰουδαίων
2670 4430 2843 4484 ταῦτά
2883 4447 3077 4501 φησιν,
3112 4430 3194 4482 ὃτι
3226 4426 3538 4499 Μιμήσαςθέ
3570 4439 3640 4492 με.

436 4531 521 4582 p~,
551 4517 836 4574 Imitamiui
864 4538 968 4581 me.
1000 4522 1135 4579 Nam
1162 4535 1214 4581 et
1245 4543 1343 4597 ego
1364 4532 1612 4599 apprime
1660 4537 1779 4602 lege
1810 4550 2006 4593 accen-

2114 4524 2226 4577 Καὶ
2272 4524 2381 4591 γὰρ
2412 4522 2524 4591 ἐγὼ
2557 4524 2764 4593 σφόδρα
2792 4520 2888 4574 τοῦ
2938 4522 3104 4590 νόμου
3141 4521 3543 4590 περιεκαιὸμῃν.
3582 4516 3640 4577 ὡς

433 4607 619 4669 dcbar,
663 4625 765 4662 non
808 4627 965 4668 secus
1009 4630 1071 4668 ac
1101 4631 1235 4673 vos:
1267 4629 1504 4694 attamen
1549 4623 1734 4679 relicta
1769 4625 1875 4689 illa,
1909 4644 2007 4698 pro

431 4695 649 4752 Christo
688 4715 830 4756 nunc
871 4711 927 4757 et
972 4703 1076 4759 {ide
1110 4707 1327 4765 dimico.
1380 4710 1540 4768 Tales
1583 4725 1636 4770 et
1663 4731 1758 4770 vos
1807 4695 2004 4773 estote.

437 4792 669 4850 Pulchre
706 4807 884 4850 autem
918 4798 1018 4853 hoc
1040 4803 1337 4867 posteriore
1364 4803 1481 4860 loco
1506 4807 1687 4874 posuit
1715 4825 1729 4861 :
1758 4810 2007 4865 homines

430 4885 575 4935 cnim
626 4886 801 4952 potius
830 4886 1095 4943 similibus
1116 4901 1168 4943 et
1204 4892 1440 4961 ejusdem
1485 4899 1700 4967 generis
1742 4901 2004 4970 exemplis

431 4973 743 5041 trahuntur,
767 4992 926 5046 quam
969 4980 1287 5038 rationibus.

504 5082 523 5115 ι
554 5063 793 5132 Fratres;
837 5073 1062 5125 obsecro
1104 5085 1219 5137 vos,
1251 5075 1385 5129 nihil
1430 5092 1514 5131 me
1547 5078 1777 5136 lmsistis.
1814 5101 1834 5137 ι
1865 5083 2000 5151 Quia

429 5169 621 5224 aspere
646 5173 741 5214 eos
766 5159 1102 5231 objurgarat,
1147 5178 1362 5218 rursum
1395 5165 1567 5222 lenire
1608 5170 1776 5240 cupit.
1815 5171 1999 5242 Neque

426 5248 570 5301 enim
601 5250 893 5308 vehemens
923 5253 1149 5308 nimium
1186 5256 1488 5327 oltjurgatio
1527 5260 1769 5328 prodest,
1823 5278 1996 5334 neque

430 5337 593 5390 nimia
629 5339 958 5410 indulgentia
991 5351 1046 5398 et
1074 5343 1268 5398 lenitas
1297 5364 1311 5399 :
1344 5358 1632 5416 propterea
1678 5349 1873 5405 fratres
1906 5367 1999 5405 eos

430 5429 692 5494 nominat,
761 5434 948 5502 gratia:
1002 5434 1342 5504 baptismatis
1400 5440 1725 5494 tiu-titionem
1794 5445 1998 5511 pariter

430 5520 655 5586 faciens,
683 5536 746 5575 ex
776 5538 878 5594 qua
910 5541 1098 5582 omnes
1141 5526 1357 5593 fratres,
1400 5529 1558 5584 velati
1594 5545 1657 5585 ex
1700 5548 1806 5588 uno
1835 5532 1996 5590 Patre

2114 4613 2269 4681 ὑμεῖς
2291 4628 2305 4643 ⁸
2340 4611 2453 4665 ἀλλ’
2484 4613 2673 4681 deﬁxa.
2701 4610 2911 4676 τοῦτον,
2950 4615 3042 4663 καὶ
3078 4609 3172 4662 νῦν
3202 4610 3294 4661 τοῦ
3329 4605 3547 4678 Χριστοῦ
3572 4605 3643 4656 καὶ
3728 4656 3747 4670 ,

2111 4706 2211 4775 τῆς
2246 4706 2483 4767 πίστεως
2512 4703 2818 4774 ὑπερμαχῶ
2838 4721 2849 4734 ·
2876 4702 3107 4756 τοιοῦτοι
3128 4703 3221 4755 καὶ
3252 4702 3405 4770 ὑμεῖς
3438 4696 3638 4766 γίνεσϐε.

2111 4798 2306 4861 Καλῶς
2330 4798 2384 4850 δὲ
2412 4797 2569 4849 τοῦτο
2593 4796 2816 4868 ὓστερον
2858 4796 3122 4850 τέθεικεν.
3174 4797 3236 4849 υἱ
3260 4797 3369 4865 γὰρ
3406 4792 3642 4863 ἀιθρωποι

2112 4889 2311 4960 μᾶλλον
2342 4890 2449 4942 sua
2480 4888 2588 4940 τῶν
2640 4887 2920 4958 ὁμογενῶν,
2954 4886 3368 4956 ὑποδειγμάτων
3405 4884 3638 4943 ἕλκονται,

2110 4982 2143 5054 ἢ
2172 4983 2278 5035 ἀπο
2300 4982 2408 5035 τῶν
2434 4981 2732 5051 λογισμῶν.

2177 5094 2197 5127 ι
2242 5075 2521 5143 Ἀδελφοὶ,
2570 5073 2763 5143 δέομαι
2797 5073 2971 5143 ὑμῶν,
3005 5072 3157 5125 οὐδέν
3202 5089 3267 5143 με
3298 5070 3590 5138 ἧδκήσατε.
3619 5078 3635 5110 ι

2119 5163 2335 5234 Ἐπειδὴ
2380 5164 2585 5233 σφόδρα
2633 5163 2819 5217 αὐτῶν
2874 5163 3179 5233 καθήψατο,
3232 5161 3471 5232 βούλεται
3508 5155 3574 5206 πά
3604 5168 3642 5203 ιν

2107 5257 2361 5327 μαλάξαι.
2423 5256 2559 5310 Οὔτε
2591 5258 2699 5327 γὰρ
2732 5258 2766 5328 ή
2823 5257 3027 5326 σφοδρὰ
3053 5256 3338 5324 ἐπίπληξις
3366 5246 3635 5315 λυσιτελὴς,

2103 5349 2215 5403 οὔτ’
2250 5351 2282 5421 ἡ
2319 5349 2585 5420 παντελὴς
2608 5349 2812 5411 ἄνεσις.
2846 5349 2936 5400 Διὸ
2958 5346 3054 5400 καὶ
3079 5347 3336 5416 ἀδελφοὺς
3356 5341 3539 5399 αὐτοὺς
3564 5351 3641 5388 κα*

2100 5441 2202 5502 λεί,
2240 5442 2355 5509 ἃμα
2387 5442 2600 5508 καὶτῆς
2631 5440 2855 5509 χάριτος
2903 5438 3331 5509 ὑπομιμνήσκων
3353 5430 3443 5485 τοῦ
3473 5423 3641 5498 βαπτί⁶

2107 5546 2338 5599 σματος,
2373 5530 2432 5596 ἐξ
2462 5525 2529 5603 ἧς
2561 5530 2760 5593 πάντες
2793 5528 3034 5598 aegaeo,
3089 5527 3165 5591 ὡς
3197 5527 3256 5591 ιε
3301 5524 3412 5588 ἑνὸς
3460 5510 3639 5587 naua;

1756 5670 1957 5733 Variae
1997 5671 2325 5735 lectiones.

501 5781 548 5815 ⁸³
577 5783 965 5857 έπιστρέφεσθε
1008 5803 1057 5843 ο.
1172 5790 1217 5821 ⁹⁸
1251 5792 1326 5854 εἰς
1356 5806 1405 5845 o.
1484 5794 1529 5826 ³⁸
1561 5794 1725 5859 κότος
1758 5814 1811 5851 o.
