  <div class='ocr_page' id='page_1' title='image "/cluster/home/n/w/nwhite01/storage/ocr_20150623/124/hvd.32044019208206/542.png"; bbox 0 0 3898 6560; ppageno 0'>
   <div class='ocr_carea' id='block_1_1' title="bbox 228 590 1810 668">
    <p class='ocr_par' dir='ltr' id='par_1_1' title="bbox 228 590 1810 668">
     <span class='ocr_line' id='line_1_1' title="bbox 228 590 1810 668; baseline 0.007 -25"><span class='ocrx_word' id='word_1_1' title='bbox 228 590 530 662; x_wconf 77' lang='grc' dir='ltr'><strong>ῥηθέντων,</strong></span> <span class='ocrx_word' id='word_1_2' title='bbox 559 591 642 646; x_wconf 83' lang='grc' dir='ltr'><strong>ὅτι</strong></span> <span class='ocrx_word' id='word_1_3' title='bbox 671 593 733 646; x_wconf 81' lang='grc' dir='ltr'><strong>οὑ</strong></span> <span class='ocrx_word' id='word_1_4' title='bbox 761 592 904 648; x_wconf 81' lang='grc' dir='ltr'><strong>κατὰ</strong></span> <span class='ocrx_word' id='word_1_5' title='bbox 949 594 1250 666; x_wconf 81' lang='grc' dir='ltr'><strong>ἀπέχθειαν</strong></span> <span class='ocrx_word' id='word_1_6' title='bbox 1283 597 1606 668; x_wconf 75' lang='grc' dir='ltr'><strong>ἐλέχθησαν.</strong></span> <span class='ocrx_word' id='word_1_7' title='bbox 1640 599 1810 656; x_wconf 77' lang='grc' dir='ltr'><strong>Οὐδὲν</strong></span> 
     </span>
    </p>
   </div>
   <div class='ocr_carea' id='block_1_2' title="bbox 223 683 1811 763">
    <p class='ocr_par' dir='ltr' id='par_1_2' title="bbox 223 683 1811 763">
     <span class='ocr_line' id='line_1_2' title="bbox 223 683 1811 763; baseline 0.009 -30"><span class='ocrx_word' id='word_1_8' title='bbox 223 684 337 753; x_wconf 85' lang='grc' dir='ltr'><strong>γάρ</strong></span> <span class='ocrx_word' id='word_1_9' title='bbox 371 699 441 752; x_wconf 81' lang='grc' dir='ltr'><strong>με</strong></span> <span class='ocrx_word' id='word_1_10' title='bbox 481 683 806 754; x_wconf 74' lang='grc' dir='ltr'><strong>ἠδικήσατε,</strong></span> <span class='ocrx_word' id='word_1_11' title='bbox 853 685 940 741; x_wconf 79' lang='grc' dir='ltr'><strong>ἵνα</strong></span> <span class='ocrx_word' id='word_1_12' title='bbox 971 688 1064 742; x_wconf 73' lang='grc' dir='ltr'><strong>καὶ</strong></span> <span class='ocrx_word' id='word_1_13' title='bbox 1083 687 1372 759; x_wconf 74' lang='grc' dir='ltr'><strong>ἐχθρωδῶς</strong></span> <span class='ocrx_word' id='word_1_14' title='bbox 1401 690 1530 761; x_wconf 85' lang='grc' dir='ltr'><strong>ὑμῖν</strong></span> <span class='ocrx_word' id='word_1_15' title='bbox 1565 695 1811 763; x_wconf 81' lang='grc' dir='ltr'><strong>προσφέ-</strong></span> 
     </span>
    </p>
   </div>
   <div class='ocr_carea' id='block_1_3' title="bbox 1915 604 3487 687">
    <p class='ocr_par' dir='ltr' id='par_1_3' title="bbox 1915 604 3487 687">
     <span class='ocr_line' id='line_1_3' title="bbox 1915 604 3487 687; baseline 0.014 -29"><span class='ocrx_word' id='word_1_16' title='bbox 1915 604 2068 672; x_wconf 76' lang='lat' dir='ltr'><strong>dixit,</strong></span> <span class='ocrx_word' id='word_1_17' title='bbox 2123 609 2264 678; x_wconf 86' lang='lat' dir='ltr'><strong>quod</strong></span> <span class='ocrx_word' id='word_1_18' title='bbox 2311 625 2416 667; x_wconf 92' lang='lat' dir='ltr'><strong>non</strong></span> <span class='ocrx_word' id='word_1_19' title='bbox 2473 614 2584 670; x_wconf 87' lang='lat' dir='ltr'><strong>sint</strong></span> <span class='ocrx_word' id='word_1_20' title='bbox 2627 615 2832 687; x_wconf 87' lang='lat' dir='ltr'><strong>prolata</strong></span> <span class='ocrx_word' id='word_1_21' title='bbox 2863 635 2926 674; x_wconf 81' lang='lat' dir='ltr'><strong>ex</strong></span> <span class='ocrx_word' id='word_1_22' title='bbox 2977 622 3121 678; x_wconf 85' lang='lat' dir='ltr'><strong>odio.</strong></span> <span class='ocrx_word' id='word_1_23' title='bbox 3155 623 3299 680; x_wconf 84' lang='lat' dir='ltr'><strong>Nihil</strong></span> <span class='ocrx_word' id='word_1_24' title='bbox 3341 604 3487 681; x_wconf 64' lang='lat' dir='ltr'><strong>enim</strong></span> 
     </span>
    </p>
   </div>
   <div class='ocr_carea' id='block_1_4' title="bbox 1915 693 3489 780">
    <p class='ocr_par' dir='ltr' id='par_1_4' title="bbox 1915 693 3489 780">
     <span class='ocr_line' id='line_1_4' title="bbox 1915 693 3489 780; baseline 0.013 -33"><span class='ocrx_word' id='word_1_25' title='bbox 1915 693 2123 763; x_wconf 65' lang='lat' dir='ltr'><strong>injuria;</strong></span> <span class='ocrx_word' id='word_1_26' title='bbox 2167 699 2295 754; x_wconf 90' lang='lat' dir='ltr'><strong>mihi</strong></span> <span class='ocrx_word' id='word_1_27' title='bbox 2339 700 2619 772; x_wconf 91' lang='lat' dir='ltr'><strong>intulistis,</strong></span> <span class='ocrx_word' id='word_1_28' title='bbox 2650 716 2707 760; x_wconf 91' lang='lat' dir='ltr'><strong>ut</strong></span> <span class='ocrx_word' id='word_1_29' title='bbox 2737 708 3007 766; x_wconf 77' lang='lat' dir='ltr'><strong>hostiliter</strong></span> <span class='ocrx_word' id='word_1_30' title='bbox 3049 726 3174 780; x_wconf 73' lang='lat' dir='ltr'><strong>erga</strong></span> <span class='ocrx_word' id='word_1_31' title='bbox 3205 729 3299 769; x_wconf 86' lang='lat' dir='ltr'><strong>vos</strong></span> <span class='ocrx_word' id='word_1_32' title='bbox 3341 730 3489 772; x_wconf 83' lang='lat' dir='ltr'><strong>com-</strong></span> 
     </span>
    </p>
   </div>
   <div class='ocr_carea' id='block_1_5' title="bbox 224 769 1787 867">
    <p class='ocr_par' dir='ltr' id='par_1_5' title="bbox 224 769 1787 867">
     <span class='ocr_line' id='line_1_5' title="bbox 224 769 1787 867; baseline 0.006 -43"><span class='ocrx_word' id='word_1_33' title='bbox 224 789 433 844; x_wconf 88' lang='grc' dir='ltr'><strong>ρωμαι,</strong></span> <span class='ocrx_word' id='word_1_34' title='bbox 475 772 614 828; x_wconf 79' lang='grc' dir='ltr'><strong>ἀλλὰ</strong></span> <span class='ocrx_word' id='word_1_35' title='bbox 649 775 856 846; x_wconf 78' lang='grc' dir='ltr'><strong>μᾶλλον</strong></span> <span class='ocrx_word' id='word_1_36' title='bbox 900 776 995 830; x_wconf 77' lang='grc' dir='ltr'><strong>καὶ</strong></span> <span class='ocrx_word' id='word_1_37' title='bbox 1039 778 1213 867; x_wconf 79' lang='grc' dir='ltr'><strong>μυρία</strong></span> <span class='ocrx_word' id='word_1_38' title='bbox 1244 769 1412 848; x_wconf 83' lang='grc' dir='ltr'><strong>τιμῆς</strong></span> <span class='ocrx_word' id='word_1_39' title='bbox 1458 780 1554 834; x_wconf 81' lang='grc' dir='ltr'><strong>καὶ</strong></span> <span class='ocrx_word' id='word_1_40' title='bbox 1585 783 1787 854; x_wconf 73' lang='grc' dir='ltr'><strong>χάριτοε</strong></span> 
     </span>
    </p>
   </div>
   <div class='ocr_carea' id='block_1_6' title="bbox 1899 769 3487 867">
    <p class='ocr_par' dir='ltr' id='par_1_6' title="bbox 1914 791 3487 867">
     <span class='ocr_line' id='line_1_6' title="bbox 1914 791 3487 867; baseline 0.015 -30"><span class='ocrx_word' id='word_1_41' title='bbox 1914 800 2152 854; x_wconf 84' lang='lat' dir='ltr'><strong>movear,</strong></span> <span class='ocrx_word' id='word_1_42' title='bbox 2191 796 2284 845; x_wconf 84' lang='lat' dir='ltr'><strong>sed</strong></span> <span class='ocrx_word' id='word_1_43' title='bbox 2320 791 2599 849; x_wconf 89' lang='lat' dir='ltr'><strong>innumera</strong></span> <span class='ocrx_word' id='word_1_44' title='bbox 2632 798 2811 867; x_wconf 90' lang='lat' dir='ltr'><strong>potius</strong></span> <span class='ocrx_word' id='word_1_45' title='bbox 2841 799 3060 860; x_wconf 86' lang='lat' dir='ltr'><strong>honoris</strong></span> <span class='ocrx_word' id='word_1_46' title='bbox 3085 812 3141 859; x_wconf 90' lang='lat' dir='ltr'><strong>et</strong></span> <span class='ocrx_word' id='word_1_47' title='bbox 3181 804 3487 861; x_wconf 85' lang='lat' dir='ltr'><strong>dilectionis</strong></span> 
     </span>
    </p>
   </div>
   <div class='ocr_carea' id='block_1_7' title="bbox 219 863 1810 942">
    <p class='ocr_par' dir='ltr' id='par_1_7' title="bbox 219 863 1810 942">
     <span class='ocr_line' id='line_1_7' title="bbox 219 863 1810 942; baseline 0.008 -26"><span class='ocrx_word' id='word_1_48' title='bbox 219 863 362 934; x_wconf 76' lang='grc' dir='ltr'><strong>ἔργα</strong></span> <span class='ocrx_word' id='word_1_49' title='bbox 387 864 738 930; x_wconf 79' lang='grc' dir='ltr'><strong>ἐπεδείξασθέ</strong></span> <span class='ocrx_word' id='word_1_50' title='bbox 784 885 896 938; x_wconf 90' lang='grc' dir='ltr'><strong>μοι.</strong></span> <span class='ocrx_word' id='word_1_51' title='bbox 935 869 1060 934; x_wconf 85' lang='grc' dir='ltr'><strong>Πῶς</strong></span> <span class='ocrx_word' id='word_1_52' title='bbox 1087 866 1180 924; x_wconf 75' lang='grc' dir='ltr'><strong>οὖν</strong></span> <span class='ocrx_word' id='word_1_53' title='bbox 1218 870 1359 924; x_wconf 88' lang='grc' dir='ltr'><strong>κατὰ</strong></span> <span class='ocrx_word' id='word_1_54' title='bbox 1390 871 1690 942; x_wconf 82' lang='grc' dir='ltr'><strong>ἀπέχθειαν</strong></span> <span class='ocrx_word' id='word_1_55' title='bbox 1733 872 1810 929; x_wconf 80' lang='grc' dir='ltr'><strong>εἷ-</strong></span> 
     </span>
    </p>
   </div>
   <div class='ocr_carea' id='block_1_8' title="bbox 219 958 1804 1037">
    <p class='ocr_par' dir='ltr' id='par_1_8' title="bbox 219 958 1804 1037">
     <span class='ocr_line' id='line_1_8' title="bbox 219 958 1804 1037; baseline 0.009 -27"><span class='ocrx_word' id='word_1_56' title='bbox 219 975 325 1011; x_wconf 82' lang='grc' dir='ltr'><strong>πον</strong></span> <span class='ocrx_word' id='word_1_57' title='bbox 344 958 410 1012; x_wconf 83' lang='grc' dir='ltr'><strong>ἂν</strong></span> <span class='ocrx_word' id='word_1_58' title='bbox 431 959 601 1014; x_wconf 87' lang='grc' dir='ltr'><strong>ταῦτα</strong></span> <span class='ocrx_word' id='word_1_59' title='bbox 625 961 820 1028; x_wconf 83' lang='grc' dir='ltr'><strong>;’Δλλὰ</strong></span> <span class='ocrx_word' id='word_1_60' title='bbox 837 962 1038 1035; x_wconf 82' lang='grc' dir='ltr'><strong>δηλαδὴ</strong></span> <span class='ocrx_word' id='word_1_61' title='bbox 1065 964 1360 1035; x_wconf 86' lang='grc' dir='ltr'><strong>κηδόμενος</strong></span> <span class='ocrx_word' id='word_1_62' title='bbox 1385 965 1561 1037; x_wconf 82' lang='grc' dir='ltr'><strong>ὑμῶν,</strong></span> <span class='ocrx_word' id='word_1_63' title='bbox 1591 969 1686 1022; x_wconf 74' lang='grc' dir='ltr'><strong>καὶ</strong></span> <span class='ocrx_word' id='word_1_64' title='bbox 1710 968 1804 1025; x_wconf 77' lang='grc' dir='ltr'><strong>ἀν-</strong></span> 
     </span>
    </p>
   </div>
   <div class='ocr_carea' id='block_1_9' title="bbox 217 1053 1078 1125">
    <p class='ocr_par' dir='ltr' id='par_1_9' title="bbox 217 1053 1078 1125">
     <span class='ocr_line' id='line_1_9' title="bbox 217 1053 1078 1125; baseline 0.012 -23"><span class='ocrx_word' id='word_1_65' title='bbox 217 1053 611 1122; x_wconf 78' lang='grc' dir='ltr'><strong>τιχαρίζεσθαι</strong></span> <span class='ocrx_word' id='word_1_66' title='bbox 647 1057 849 1125; x_wconf 70' lang='grc' dir='ltr'><strong>μᾶλλον</strong></span> <span class='ocrx_word' id='word_1_67' title='bbox 889 1057 1078 1112; x_wconf 83' lang='grc' dir='ltr'><strong>θέλων.</strong></span> 
     </span>
    </p>
   </div>
   <div class='ocr_carea' id='block_1_10' title="bbox 297 1143 1804 1228">
    <p class='ocr_par' dir='ltr' id='par_1_10' title="bbox 297 1143 1804 1228">
     <span class='ocr_line' id='line_1_10' title="bbox 297 1143 1804 1228; baseline 0.012 -35"><span class='ocrx_word' id='word_1_68' title='bbox 297 1161 318 1193; x_wconf 72' lang='grc' dir='ltr'><strong>ι</strong></span> <span class='ocrx_word' id='word_1_69' title='bbox 354 1143 546 1197; x_wconf 79' lang='grc' dir='ltr'><strong>Οἴδατε</strong></span> <span class='ocrx_word' id='word_1_70' title='bbox 569 1145 646 1209; x_wconf 84' lang='grc' dir='ltr'><strong>δέ,</strong></span> <span class='ocrx_word' id='word_1_71' title='bbox 668 1148 750 1200; x_wconf 78' lang='grc' dir='ltr'><strong>ὅτι</strong></span> <span class='ocrx_word' id='word_1_72' title='bbox 779 1147 845 1200; x_wconf 90' lang='grc' dir='ltr'><strong>δι’</strong></span> <span class='ocrx_word' id='word_1_73' title='bbox 874 1148 1160 1204; x_wconf 88' lang='grc' dir='ltr'><strong>ἀσθένειαν</strong></span> <span class='ocrx_word' id='word_1_74' title='bbox 1182 1152 1281 1223; x_wconf 83' lang='grc' dir='ltr'><strong>τῆς</strong></span> <span class='ocrx_word' id='word_1_75' title='bbox 1330 1156 1533 1226; x_wconf 68' lang='grc' dir='ltr'><strong>σαρκὸς</strong></span> <span class='ocrx_word' id='word_1_76' title='bbox 1566 1156 1804 1228; x_wconf 82' lang='grc' dir='ltr'><strong>εὐηγγε-</strong></span> 
     </span>
    </p>
   </div>
   <div class='ocr_carea' id='block_1_11' title="bbox 211 1230 1805 1319">
    <p class='ocr_par' dir='ltr' id='par_1_11' title="bbox 211 1230 1805 1319">
     <span class='ocr_line' id='line_1_11' title="bbox 211 1230 1805 1319; baseline 0.013 -36"><span class='ocrx_word' id='word_1_77' title='bbox 211 1230 460 1304; x_wconf 79' lang='grc' dir='ltr'><strong>λισάμην</strong></span> <span class='ocrx_word' id='word_1_78' title='bbox 493 1237 622 1306; x_wconf 83' lang='grc' dir='ltr'><strong>ὑμῖν</strong></span> <span class='ocrx_word' id='word_1_79' title='bbox 647 1237 708 1290; x_wconf 78' lang='grc' dir='ltr'><strong>τὸ</strong></span> <span class='ocrx_word' id='word_1_80' title='bbox 725 1240 1018 1310; x_wconf 76' lang='grc' dir='ltr'><strong>πρότερονο</strong></span> <span class='ocrx_word' id='word_1_81' title='bbox 1051 1243 1145 1296; x_wconf 79' lang='grc' dir='ltr'><strong>καὶ</strong></span> <span class='ocrx_word' id='word_1_82' title='bbox 1172 1243 1264 1298; x_wconf 83' lang='grc' dir='ltr'><strong>τὸν</strong></span> <span class='ocrx_word' id='word_1_83' title='bbox 1293 1247 1596 1319; x_wconf 82' lang='grc' dir='ltr'><strong>πειρασμὸν</strong></span> <span class='ocrx_word' id='word_1_84' title='bbox 1627 1249 1718 1303; x_wconf 83' lang='grc' dir='ltr'><strong>τὸν</strong></span> <span class='ocrx_word' id='word_1_85' title='bbox 1745 1251 1805 1304; x_wconf 90' lang='grc' dir='ltr'><strong>ἐν</strong></span> 
     </span>
    </p>
   </div>
   <div class='ocr_carea' id='block_1_12' title="bbox 211 1327 1796 1406">
    <p class='ocr_par' dir='ltr' id='par_1_12' title="bbox 211 1327 1796 1406">
     <span class='ocr_line' id='line_1_12' title="bbox 211 1327 1796 1406; baseline 0.012 -29"><span class='ocrx_word' id='word_1_86' title='bbox 211 1327 282 1396; x_wconf 79' lang='grc' dir='ltr'><strong>τῇ</strong></span> <span class='ocrx_word' id='word_1_87' title='bbox 317 1327 486 1397; x_wconf 80' lang='grc' dir='ltr'><strong>σαρκί</strong></span> <span class='ocrx_word' id='word_1_88' title='bbox 517 1346 622 1399; x_wconf 85' lang='grc' dir='ltr'><strong>μου</strong></span> <span class='ocrx_word' id='word_1_89' title='bbox 663 1331 762 1384; x_wconf 88' lang='grc' dir='ltr'><strong>οὐκ</strong></span> <span class='ocrx_word' id='word_1_90' title='bbox 790 1331 1204 1406; x_wconf 80' lang='grc' dir='ltr'><strong>ἐξουθενήσατε,</strong></span> <span class='ocrx_word' id='word_1_91' title='bbox 1237 1338 1357 1392; x_wconf 74' lang='grc' dir='ltr'><strong>οὐδὲ</strong></span> <span class='ocrx_word' id='word_1_92' title='bbox 1403 1340 1747 1400; x_wconf 85' lang='grc' dir='ltr'><strong>διεπτύσατε.</strong></span> <span class='ocrx_word' id='word_1_93' title='bbox 1777 1361 1796 1396; x_wconf 77' lang='grc' dir='ltr'><strong>ι</strong></span> 
     </span>
    </p>
   </div>
   <div class='ocr_carea' id='block_1_13' title="bbox 211 1416 1804 1504">
    <p class='ocr_par' dir='ltr' id='par_1_13' title="bbox 211 1416 1804 1504">
     <span class='ocr_line' id='line_1_13' title="bbox 211 1416 1804 1504; baseline 0.013 -34"><span class='ocrx_word' id='word_1_94' title='bbox 211 1416 438 1486; x_wconf 78' lang='grc' dir='ltr'><strong>Οἴδατε,</strong></span> <span class='ocrx_word' id='word_1_95' title='bbox 472 1421 661 1491; x_wconf 77' lang='grc' dir='ltr'><strong>φησὶν,</strong></span> <span class='ocrx_word' id='word_1_96' title='bbox 689 1423 774 1477; x_wconf 82' lang='grc' dir='ltr'><strong>ὅτι</strong></span> <span class='ocrx_word' id='word_1_97' title='bbox 829 1423 969 1496; x_wconf 85' lang='grc' dir='ltr'><strong>μετὰ</strong></span> <span class='ocrx_word' id='word_1_98' title='bbox 995 1427 1281 1494; x_wconf 82' lang='grc' dir='ltr'>ἀσθενείας</span> <span class='ocrx_word' id='word_1_99' title='bbox 1331 1435 1618 1504; x_wconf 87' lang='grc' dir='ltr'><strong>σαρκικῆς,</strong></span> <span class='ocrx_word' id='word_1_100' title='bbox 1651 1452 1804 1489; x_wconf 72' lang='grc' dir='ltr'><strong>τουτ-</strong></span> 
     </span>
    </p>
   </div>
   <div class='ocr_carea' id='block_1_14' title="bbox 210 1511 1800 1598">
    <p class='ocr_par' dir='ltr' id='par_1_14' title="bbox 210 1511 1800 1598">
     <span class='ocr_line' id='line_1_14' title="bbox 210 1511 1800 1598; baseline 0.012 -37"><span class='ocrx_word' id='word_1_101' title='bbox 210 1511 354 1572; x_wconf 84' lang='grc' dir='ltr'><strong>έστι,</strong></span> <span class='ocrx_word' id='word_1_102' title='bbox 414 1513 551 1582; x_wconf 79' lang='grc' dir='ltr'><strong>μετὰ</strong></span> <span class='ocrx_word' id='word_1_103' title='bbox 579 1514 838 1583; x_wconf 79' lang='grc' dir='ltr'><strong>διωγμῶν</strong></span> <span class='ocrx_word' id='word_1_104' title='bbox 894 1518 989 1572; x_wconf 73' lang='grc' dir='ltr'><strong>καὶ</strong></span> <span class='ocrx_word' id='word_1_105' title='bbox 1041 1520 1306 1576; x_wconf 84' lang='grc' dir='ltr'><strong>κινδύνων</strong></span> <span class='ocrx_word' id='word_1_106' title='bbox 1351 1524 1800 1598; x_wconf 78' lang='grc' dir='ltr'><strong>εὐηγγελισάμην</strong></span> 
     </span>
    </p>
   </div>
   <div class='ocr_carea' id='block_1_15' title="bbox 209 1600 1798 1684">
    <p class='ocr_par' dir='ltr' id='par_1_15' title="bbox 209 1600 1798 1684">
     <span class='ocr_line' id='line_1_15' title="bbox 209 1600 1798 1684; baseline 0.013 -31"><span class='ocrx_word' id='word_1_107' title='bbox 209 1600 367 1671; x_wconf 85' lang='grc' dir='ltr'><strong>ὑμῖν,</strong></span> <span class='ocrx_word' id='word_1_108' title='bbox 409 1603 505 1656; x_wconf 73' lang='grc' dir='ltr'><strong>καὶ</strong></span> <span class='ocrx_word' id='word_1_109' title='bbox 550 1604 659 1660; x_wconf 71' lang='grc' dir='ltr'><strong>οὐδ’</strong></span> <span class='ocrx_word' id='word_1_110' title='bbox 687 1605 858 1672; x_wconf 76' lang='grc' dir='ltr'><strong>οὕτως</strong></span> <span class='ocrx_word' id='word_1_111' title='bbox 901 1611 1293 1684; x_wconf 79' lang='grc' dir='ltr'><strong>ἀπεστράφητέ</strong></span> <span class='ocrx_word' id='word_1_112' title='bbox 1342 1632 1445 1684; x_wconf 86' lang='grc' dir='ltr'><strong>μου</strong></span> <span class='ocrx_word' id='word_1_113' title='bbox 1493 1619 1573 1655; x_wconf 79' lang='grc'><strong>⁹⁶⁶</strong></span> <span class='ocrx_word' id='word_1_114' title='bbox 1610 1617 1732 1672; x_wconf 83' lang='grc' dir='ltr'><strong>οὐδὲ</strong></span> <span class='ocrx_word' id='word_1_115' title='bbox 1768 1619 1798 1672; x_wconf 86' lang='grc' dir='ltr'>ὁ</span> 
     </span>
    </p>
   </div>
   <div class='ocr_carea' id='block_1_16' title="bbox 206 1693 1797 1780">
    <p class='ocr_par' dir='ltr' id='par_1_16' title="bbox 206 1693 1797 1780">
     <span class='ocr_line' id='line_1_16' title="bbox 206 1693 1797 1780; baseline 0.011 -33"><span class='ocrx_word' id='word_1_116' title='bbox 206 1695 522 1766; x_wconf 80' lang='grc' dir='ltr'><strong>πειρασμός</strong></span> <span class='ocrx_word' id='word_1_117' title='bbox 554 1714 657 1769; x_wconf 90' lang='grc' dir='ltr'><strong>μου</strong></span> <span class='ocrx_word' id='word_1_118' title='bbox 703 1693 879 1766; x_wconf 78' lang='grc' dir='ltr'><strong>οὗτος,</strong></span> <span class='ocrx_word' id='word_1_119' title='bbox 911 1704 1211 1772; x_wconf 79' lang='grc' dir='ltr'><strong>τουτέστιν,</strong></span> <span class='ocrx_word' id='word_1_120' title='bbox 1242 1707 1290 1759; x_wconf 81' lang='lat' dir='ltr'><strong>oi</strong></span> <span class='ocrx_word' id='word_1_121' title='bbox 1320 1706 1576 1780; x_wconf 75' lang='grc' dir='ltr'><strong>διωγμοὶ,</strong></span> <span class='ocrx_word' id='word_1_122' title='bbox 1611 1709 1707 1764; x_wconf 77' lang='grc' dir='ltr'><strong>καὶ</strong></span> <span class='ocrx_word' id='word_1_123' title='bbox 1739 1710 1797 1764; x_wconf 77' lang='grc' dir='ltr'><strong>αἱ</strong></span> 
     </span>
    </p>
   </div>
   <div class='ocr_carea' id='block_1_17' title="bbox 207 1783 1799 1874">
    <p class='ocr_par' dir='ltr' id='par_1_17' title="bbox 207 1783 1799 1874">
     <span class='ocr_line' id='line_1_17' title="bbox 207 1783 1799 1874; baseline 0.011 -32"><span class='ocrx_word' id='word_1_124' title='bbox 207 1788 508 1859; x_wconf 82' lang='grc' dir='ltr'><strong>μάστιγες,</strong></span> <span class='ocrx_word' id='word_1_125' title='bbox 557 1794 649 1847; x_wconf 75' lang='grc' dir='ltr'><strong>καὶ</strong></span> <span class='ocrx_word' id='word_1_126' title='bbox 678 1783 1025 1865; x_wconf 68' lang='grc' dir='ltr'><strong>τὰίτοιαῦτα,</strong></span> <span class='ocrx_word' id='word_1_127' title='bbox 1057 1799 1446 1857; x_wconf 84' lang='grc' dir='ltr'><strong>ἐσκανδόιλισεν</strong></span> <span class='ocrx_word' id='word_1_128' title='bbox 1495 1804 1662 1874; x_wconf 84' lang='grc' dir='ltr'><strong>ὑμᾶς,</strong></span> <span class='ocrx_word' id='word_1_129' title='bbox 1702 1803 1799 1858; x_wconf 73' lang='grc' dir='ltr'><strong>καὶ</strong></span> 
     </span>
    </p>
   </div>
   <div class='ocr_carea' id='block_1_18' title="bbox 1913 881 3485 956">
    <p class='ocr_par' dir='ltr' id='par_1_18' title="bbox 1913 881 3485 956">
     <span class='ocr_line' id='line_1_18' title="bbox 1913 881 3485 956; baseline 0.017 -28"><span class='ocrx_word' id='word_1_130' title='bbox 1913 889 2080 946; x_wconf 85' lang='lat' dir='ltr'><strong>opera</strong></span> <span class='ocrx_word' id='word_1_131' title='bbox 2117 881 2243 934; x_wconf 88' lang='lat' dir='ltr'><strong>mibi</strong></span> <span class='ocrx_word' id='word_1_132' title='bbox 2278 883 2622 943; x_wconf 80' lang='lat' dir='ltr'><strong>exhibuistis.</strong></span> <span class='ocrx_word' id='word_1_133' title='bbox 2648 891 2926 956; x_wconf 83' lang='lat' dir='ltr'><strong>Quomodo</strong></span> <span class='ocrx_word' id='word_1_134' title='bbox 2953 895 3096 950; x_wconf 91' lang='lat' dir='ltr'><strong>enim</strong></span> <span class='ocrx_word' id='word_1_135' title='bbox 3126 909 3190 951; x_wconf 79' lang='lat' dir='ltr'><strong>ex</strong></span> <span class='ocrx_word' id='word_1_136' title='bbox 3215 898 3340 954; x_wconf 87' lang='lat' dir='ltr'><strong>odio</strong></span> <span class='ocrx_word' id='word_1_137' title='bbox 3381 898 3485 954; x_wconf 84' lang='lat' dir='ltr'><strong>ista</strong></span> 
     </span>
    </p>
   </div>
   <div class='ocr_carea' id='block_1_19' title="bbox 1910 969 3487 1064">
    <p class='ocr_par' dir='ltr' id='par_1_19' title="bbox 1910 969 3487 1064">
     <span class='ocr_line' id='line_1_19' title="bbox 1910 969 3487 1064; baseline 0.017 -43"><span class='ocrx_word' id='word_1_138' title='bbox 1910 969 2187 1025; x_wconf 83' lang='lat' dir='ltr'><strong>dicerem?</strong></span> <span class='ocrx_word' id='word_1_139' title='bbox 2227 971 2333 1029; x_wconf 87' lang='lat' dir='ltr'><strong>Sed</strong></span> <span class='ocrx_word' id='word_1_140' title='bbox 2381 991 2566 1032; x_wconf 86' lang='lat' dir='ltr'><strong>curam</strong></span> <span class='ocrx_word' id='word_1_141' title='bbox 2599 981 2775 1050; x_wconf 87' lang='lat' dir='ltr'><strong>potius</strong></span> <span class='ocrx_word' id='word_1_142' title='bbox 2804 985 2967 1042; x_wconf 85' lang='lat' dir='ltr'><strong>vestri</strong></span> <span class='ocrx_word' id='word_1_143' title='bbox 3015 1002 3227 1059; x_wconf 81' lang='lat' dir='ltr'><strong>gerens,</strong></span> <span class='ocrx_word' id='word_1_144' title='bbox 3270 1006 3333 1047; x_wconf 88' lang='lat' dir='ltr'><strong>ac</strong></span> <span class='ocrx_word' id='word_1_145' title='bbox 3365 1006 3487 1064; x_wconf 78' lang='lat' dir='ltr'><strong>gra-</strong></span> 
     </span>
    </p>
   </div>
   <div class='ocr_carea' id='block_1_20' title="bbox 1909 1060 2675 1126">
    <p class='ocr_par' dir='ltr' id='par_1_20' title="bbox 1909 1060 2675 1126">
     <span class='ocr_line' id='line_1_20' title="bbox 1909 1060 2675 1126; baseline 0.014 -11"><span class='ocrx_word' id='word_1_146' title='bbox 1909 1060 2104 1117; x_wconf 82' lang='lat' dir='ltr'><strong>tilicari</strong></span> <span class='ocrx_word' id='word_1_147' title='bbox 2133 1066 2285 1120; x_wconf 83' lang='lat' dir='ltr'><strong>vobis</strong></span> <span class='ocrx_word' id='word_1_148' title='bbox 2320 1070 2675 1126; x_wconf 85' lang='lat' dir='ltr'><strong>contendens.</strong></span> 
     </span>
    </p>
   </div>
   <div class='ocr_carea' id='block_1_21' title="bbox 1978 1154 3485 1244">
    <p class='ocr_par' dir='ltr' id='par_1_21' title="bbox 1978 1154 3485 1244">
     <span class='ocr_line' id='line_1_21' title="bbox 1978 1154 3485 1244; baseline 0.015 -33"><span class='ocrx_word' id='word_1_149' title='bbox 1978 1154 2361 1242; x_wconf 43' lang='lat' dir='ltr'><strong>V885..13,14.</strong></span> <span class='ocrx_word' id='word_1_150' title='bbox 2405 1179 2424 1213; x_wconf 84' lang='grc' dir='ltr'><strong>ι</strong></span> <span class='ocrx_word' id='word_1_151' title='bbox 2465 1160 2627 1220; x_wconf 85' lang='lat' dir='ltr'><strong>Scitis</strong></span> <span class='ocrx_word' id='word_1_152' title='bbox 2675 1175 2854 1223; x_wconf 88' lang='lat' dir='ltr'><strong>autem</strong></span> <span class='ocrx_word' id='word_1_153' title='bbox 2886 1172 3028 1240; x_wconf 86' lang='lat' dir='ltr'><strong>quod</strong></span> <span class='ocrx_word' id='word_1_154' title='bbox 3070 1187 3166 1244; x_wconf 87' lang='lat' dir='ltr'><strong>per</strong></span> <span class='ocrx_word' id='word_1_155' title='bbox 3204 1176 3485 1234; x_wconf 80' lang='lat' dir='ltr'><strong>inﬁrmita-</strong></span> 
     </span>
    </p>
   </div>
   <div class='ocr_carea' id='block_1_22' title="bbox 1909 1231 3478 1330">
    <p class='ocr_par' dir='ltr' id='par_1_22' title="bbox 1909 1231 3478 1330">
     <span class='ocr_line' id='line_1_22' title="bbox 1909 1231 3478 1330; baseline 0.015 -29"><span class='ocrx_word' id='word_1_156' title='bbox 1909 1251 2018 1302; x_wconf 82' lang='lat' dir='ltr'><strong>tem</strong></span> <span class='ocrx_word' id='word_1_157' title='bbox 2043 1231 2222 1304; x_wconf 79' lang='lat' dir='ltr'><strong>carnis</strong></span> <span class='ocrx_word' id='word_1_158' title='bbox 2244 1253 2608 1322; x_wconf 84' lang='lat' dir='ltr'><strong>evangciizavi</strong></span> <span class='ocrx_word' id='word_1_159' title='bbox 2642 1257 2796 1315; x_wconf 80' lang='lat' dir='ltr'><strong>vobis</strong></span> <span class='ocrx_word' id='word_1_160' title='bbox 2824 1262 3005 1330; x_wconf 85' lang='lat' dir='ltr'><strong>prius;</strong></span> <span class='ocrx_word' id='word_1_161' title='bbox 3035 1278 3100 1320; x_wconf 88' lang='lat' dir='ltr'><strong>ac</strong></span> <span class='ocrx_word' id='word_1_162' title='bbox 3129 1270 3478 1326; x_wconf 79' lang='lat' dir='ltr'><strong>tentationent</strong></span> 
     </span>
    </p>
   </div>
   <div class='ocr_carea' id='block_1_23' title="bbox 1905 1341 3481 1428">
    <p class='ocr_par' dir='ltr' id='par_1_23' title="bbox 1905 1341 3481 1428">
     <span class='ocr_line' id='line_1_23' title="bbox 1905 1341 3481 1428; baseline 0.019 -40"><span class='ocrx_word' id='word_1_163' title='bbox 1905 1350 2025 1405; x_wconf 65' lang='lat' dir='ltr'><strong>quae</strong></span> <span class='ocrx_word' id='word_1_164' title='bbox 2055 1349 2172 1394; x_wconf 89' lang='lat' dir='ltr'><strong>erat</strong></span> <span class='ocrx_word' id='word_1_165' title='bbox 2217 1341 2270 1395; x_wconf 90' lang='lat' dir='ltr'><strong>in</strong></span> <span class='ocrx_word' id='word_1_166' title='bbox 2302 1357 2469 1400; x_wconf 88' lang='lat' dir='ltr'><strong>carne</strong></span> <span class='ocrx_word' id='word_1_167' title='bbox 2517 1362 2631 1402; x_wconf 90' lang='lat' dir='ltr'><strong>mea</strong></span> <span class='ocrx_word' id='word_1_168' title='bbox 2661 1365 2766 1404; x_wconf 91' lang='lat' dir='ltr'><strong>non</strong></span> <span class='ocrx_word' id='word_1_169' title='bbox 2814 1354 3113 1422; x_wconf 82' lang='lat' dir='ltr'><strong>sprevistis,</strong></span> <span class='ocrx_word' id='word_1_170' title='bbox 3161 1373 3336 1428; x_wconf 90' lang='lat' dir='ltr'><strong>neque</strong></span> <span class='ocrx_word' id='word_1_171' title='bbox 3395 1380 3481 1418; x_wconf 83' lang='lat' dir='ltr'><strong>re-</strong></span> 
     </span>
    </p>
   </div>
   <div class='ocr_carea' id='block_1_24' title="bbox 1903 1429 3481 1512">
    <p class='ocr_par' dir='ltr' id='par_1_24' title="bbox 1903 1429 3481 1512">
     <span class='ocr_line' id='line_1_24' title="bbox 1903 1429 3481 1512; baseline 0.015 -30"><span class='ocrx_word' id='word_1_172' title='bbox 1903 1429 2149 1498; x_wconf 87' lang='lat' dir='ltr'><strong>spuistis.</strong></span> <span class='ocrx_word' id='word_1_173' title='bbox 2181 1449 2201 1484; x_wconf 77' lang='grc' dir='ltr'><strong>ι</strong></span> <span class='ocrx_word' id='word_1_174' title='bbox 2231 1431 2487 1501; x_wconf 85' lang='lat' dir='ltr'><strong>Novistis,</strong></span> <span class='ocrx_word' id='word_1_175' title='bbox 2521 1437 2711 1508; x_wconf 86' lang='lat' dir='ltr'><strong>inquit,</strong></span> <span class='ocrx_word' id='word_1_176' title='bbox 2756 1442 2898 1512; x_wconf 89' lang='lat' dir='ltr'><strong>quod</strong></span> <span class='ocrx_word' id='word_1_177' title='bbox 2941 1461 3062 1502; x_wconf 92' lang='lat' dir='ltr'><strong>cum</strong></span> <span class='ocrx_word' id='word_1_178' title='bbox 3111 1448 3481 1506; x_wconf 80' lang='lat' dir='ltr'><strong>imbecillitate</strong></span> 
     </span>
    </p>
   </div>
   <div class='ocr_carea' id='block_1_25' title="bbox 1905 1521 3476 1613">
    <p class='ocr_par' dir='ltr' id='par_1_25' title="bbox 1905 1521 3476 1613">
     <span class='ocr_line' id='line_1_25' title="bbox 1905 1521 3476 1613; baseline 0.018 -41"><span class='ocrx_word' id='word_1_179' title='bbox 1905 1521 2130 1588; x_wconf 89' lang='lat' dir='ltr'><strong>carnali,</strong></span> <span class='ocrx_word' id='word_1_180' title='bbox 2162 1524 2264 1580; x_wconf 91' lang='lat' dir='ltr'><strong>hoc</strong></span> <span class='ocrx_word' id='word_1_181' title='bbox 2311 1537 2416 1593; x_wconf 90' lang='lat' dir='ltr'><strong>est,</strong></span> <span class='ocrx_word' id='word_1_182' title='bbox 2447 1544 2571 1586; x_wconf 90' lang='lat' dir='ltr'><strong>cum</strong></span> <span class='ocrx_word' id='word_1_183' title='bbox 2617 1537 3086 1603; x_wconf 84' lang='lat' dir='ltr'><strong>persecutionibus</strong></span> <span class='ocrx_word' id='word_1_184' title='bbox 3125 1551 3179 1596; x_wconf 90' lang='lat' dir='ltr'><strong>et</strong></span> <span class='ocrx_word' id='word_1_185' title='bbox 3222 1545 3476 1613; x_wconf 86' lang='lat' dir='ltr'><strong>periculis</strong></span> 
     </span>
    </p>
   </div>
   <div class='ocr_carea' id='block_1_26' title="bbox 1904 1610 3472 1693">
    <p class='ocr_par' dir='ltr' id='par_1_26' title="bbox 1904 1610 3472 1693">
     <span class='ocr_line' id='line_1_26' title="bbox 1904 1610 3472 1693; baseline 0.02 -31"><span class='ocrx_word' id='word_1_186' title='bbox 1904 1610 2055 1666; x_wconf 86' lang='lat' dir='ltr'><strong>vobis</strong></span> <span class='ocrx_word' id='word_1_187' title='bbox 2091 1615 2378 1684; x_wconf 81' lang='lat' dir='ltr'><strong>pracdicavi</strong></span> <span class='ocrx_word' id='word_1_188' title='bbox 2405 1635 2612 1690; x_wconf 88' lang='lat' dir='ltr'><strong>;neque</strong></span> <span class='ocrx_word' id='word_1_189' title='bbox 2637 1623 2716 1679; x_wconf 89' lang='lat' dir='ltr'><strong>sic</strong></span> <span class='ocrx_word' id='word_1_190' title='bbox 2739 1634 2920 1682; x_wconf 89' lang='lat' dir='ltr'><strong>tamen</strong></span> <span class='ocrx_word' id='word_1_191' title='bbox 2947 1633 3177 1686; x_wconf 83' lang='lat' dir='ltr'><strong>aversati</strong></span> <span class='ocrx_word' id='word_1_192' title='bbox 3204 1635 3336 1691; x_wconf 88' lang='lat' dir='ltr'><strong>estis</strong></span> <span class='ocrx_word' id='word_1_193' title='bbox 3362 1651 3472 1693; x_wconf 84' lang='lat' dir='ltr'><strong>mc.</strong></span> 
     </span>
    </p>
   </div>
   <div class='ocr_carea' id='block_1_27' title="bbox 1902 1699 3478 1790">
    <p class='ocr_par' dir='ltr' id='par_1_27' title="bbox 1902 1699 3478 1790">
     <span class='ocr_line' id='line_1_27' title="bbox 1902 1699 3478 1790; baseline 0.021 -36"><span class='ocrx_word' id='word_1_194' title='bbox 1902 1699 2088 1771; x_wconf 82' lang='lat' dir='ltr'><strong>Neque</strong></span> <span class='ocrx_word' id='word_1_195' title='bbox 2121 1704 2224 1760; x_wconf 67' lang='lat' dir='ltr'><strong>ista</strong></span> <span class='ocrx_word' id='word_1_196' title='bbox 2276 1710 2498 1767; x_wconf 87' lang='lat' dir='ltr'><strong>tentatio</strong></span> <span class='ocrx_word' id='word_1_197' title='bbox 2537 1729 2677 1784; x_wconf 87' lang='lat' dir='ltr'><strong>mea,</strong></span> <span class='ocrx_word' id='word_1_198' title='bbox 2725 1717 2777 1772; x_wconf 88' lang='lat' dir='ltr'><strong>id</strong></span> <span class='ocrx_word' id='word_1_199' title='bbox 2810 1729 2916 1786; x_wconf 88' lang='lat' dir='ltr'><strong>est,</strong></span> <span class='ocrx_word' id='word_1_200' title='bbox 2968 1725 3372 1790; x_wconf 87' lang='lat' dir='ltr'><strong>persecutiones</strong></span> <span class='ocrx_word' id='word_1_201' title='bbox 3421 1740 3478 1786; x_wconf 78' lang='lat' dir='ltr'><strong>et</strong></span> 
     </span>
    </p>
   </div>
   <div class='ocr_carea' id='block_1_28' title="bbox 1900 1793 3476 1886">
    <p class='ocr_par' dir='ltr' id='par_1_28' title="bbox 1900 1793 3476 1886">
     <span class='ocr_line' id='line_1_28' title="bbox 1900 1793 3476 1886; baseline 0.018 -41"><span class='ocrx_word' id='word_1_202' title='bbox 1900 1793 2132 1849; x_wconf 82' lang='lat' dir='ltr'><strong>verbera</strong></span> <span class='ocrx_word' id='word_1_203' title='bbox 2185 1803 2240 1852; x_wconf 86' lang='lat' dir='ltr'><strong>ct</strong></span> <span class='ocrx_word' id='word_1_204' title='bbox 2293 1798 2623 1870; x_wconf 87' lang='lat' dir='ltr'><strong>hujusmodi,</strong></span> <span class='ocrx_word' id='word_1_205' title='bbox 2656 1806 3000 1867; x_wconf 79' lang='lat' dir='ltr'><strong>oli‘enderunt</strong></span> <span class='ocrx_word' id='word_1_206' title='bbox 3049 1827 3160 1882; x_wconf 86' lang='lat' dir='ltr'><strong>vos,</strong></span> <span class='ocrx_word' id='word_1_207' title='bbox 3194 1819 3476 1886; x_wconf 56' lang='lat' dir='ltr'><strong>compulee</strong></span> 
     </span>
    </p>
   </div>
   <div class='ocr_carea' id='block_1_29' title="bbox 204 1881 1787 1978">
    <p class='ocr_par' dir='ltr' id='par_1_29' title="bbox 204 1881 1787 1968">
     <span class='ocr_line' id='line_1_29' title="bbox 204 1881 1787 1968; baseline 0.01 -33"><span class='ocrx_word' id='word_1_208' title='bbox 204 1881 475 1954; x_wconf 76' lang='grc' dir='ltr'><strong>ἐποίησεν</strong></span> <span class='ocrx_word' id='word_1_209' title='bbox 531 1884 883 1958; x_wconf 80' lang='grc' dir='ltr'><strong>ἐξουθενῆσαὶ</strong></span> <span class='ocrx_word' id='word_1_210' title='bbox 936 1907 1004 1960; x_wconf 90' lang='grc' dir='ltr'><strong>με</strong></span> <span class='ocrx_word' id='word_1_211' title='bbox 1047 1892 1143 1946; x_wconf 77' lang='grc' dir='ltr'><strong>καὶ</strong></span> <span class='ocrx_word' id='word_1_212' title='bbox 1189 1893 1507 1950; x_wconf 86' lang='grc' dir='ltr'><strong>διαπτύσαι.</strong></span> <span class='ocrx_word' id='word_1_213' title='bbox 1542 1897 1697 1968; x_wconf 77' lang='grc' dir='ltr'><strong>Ἀμα</strong></span> <span class='ocrx_word' id='word_1_214' title='bbox 1736 1896 1787 1951; x_wconf 78' lang='grc' dir='ltr'><strong>δὲ</strong></span> 
     </span>
    </p>
   </div>
   <div class='ocr_carea' id='block_1_30' title="bbox 1899 1881 3474 1978">
    <p class='ocr_par' dir='ltr' id='par_1_30' title="bbox 1900 1895 3474 1978">
     <span class='ocr_line' id='line_1_30' title="bbox 1900 1895 3474 1978; baseline 0.019 -41"><span class='ocrx_word' id='word_1_215' title='bbox 1900 1895 2130 1956; x_wconf 89' lang='lat' dir='ltr'><strong>runtque</strong></span> <span class='ocrx_word' id='word_1_216' title='bbox 2177 1903 2272 1946; x_wconf 88' lang='lat' dir='ltr'><strong>vos</strong></span> <span class='ocrx_word' id='word_1_217' title='bbox 2303 1903 2652 1953; x_wconf 86' lang='lat' dir='ltr'><strong>contemnere</strong></span> <span class='ocrx_word' id='word_1_218' title='bbox 2677 1913 2762 1955; x_wconf 88' lang='lat' dir='ltr'><strong>me</strong></span> <span class='ocrx_word' id='word_1_219' title='bbox 2791 1910 2954 1973; x_wconf 86' lang='lat' dir='ltr'><strong>atque</strong></span> <span class='ocrx_word' id='word_1_220' title='bbox 2984 1919 3255 1976; x_wconf 81' lang='lat' dir='ltr'><strong>respuere.</strong></span> <span class='ocrx_word' id='word_1_221' title='bbox 3301 1909 3474 1978; x_wconf 80' lang='lat' dir='ltr'><strong>Simul</strong></span> 
     </span>
    </p>
   </div>
   <div class='ocr_carea' id='block_1_31' title="bbox 203 1974 1794 2055">
    <p class='ocr_par' dir='ltr' id='par_1_31' title="bbox 203 1974 1794 2055">
     <span class='ocr_line' id='line_1_31' title="bbox 203 1974 1794 2055; baseline 0.012 -28"><span class='ocrx_word' id='word_1_222' title='bbox 203 1974 301 2027; x_wconf 72' lang='grc' dir='ltr'><strong>καὶ</strong></span> <span class='ocrx_word' id='word_1_223' title='bbox 333 1975 592 2046; x_wconf 82' lang='grc' dir='ltr'><strong>ἐντρέπει</strong></span> <span class='ocrx_word' id='word_1_224' title='bbox 633 1979 831 2045; x_wconf 77' lang='grc' dir='ltr'><strong>αὑτοὺς</strong></span> <span class='ocrx_word' id='word_1_225' title='bbox 861 1981 1188 2055; x_wconf 85' lang='grc' dir='ltr'><strong>λεληθότως,</strong></span> <span class='ocrx_word' id='word_1_226' title='bbox 1224 1987 1438 2054; x_wconf 81' lang='grc' dir='ltr'><strong>δεικνὺς</strong></span> <span class='ocrx_word' id='word_1_227' title='bbox 1477 1989 1580 2044; x_wconf 84' lang='grc' dir='ltr'><strong>ὅσα</strong></span> <span class='ocrx_word' id='word_1_228' title='bbox 1624 1989 1794 2045; x_wconf 78' lang='grc' dir='ltr'><strong>ἔπαθε</strong></span> 
     </span>
    </p>
   </div>
   <div class='ocr_carea' id='block_1_32' title="bbox 203 2065 1308 2144">
    <p class='ocr_par' dir='ltr' id='par_1_32' title="bbox 203 2065 1308 2144">
     <span class='ocr_line' id='line_1_32' title="bbox 203 2065 1308 2144; baseline 0.017 -27"><span class='ocrx_word' id='word_1_229' title='bbox 203 2065 368 2137; x_wconf 82' lang='grc' dir='ltr'><strong>παρὰ</strong></span> <span class='ocrx_word' id='word_1_230' title='bbox 394 2067 502 2123; x_wconf 83' lang='grc' dir='ltr'><strong>τῶν</strong></span> <span class='ocrx_word' id='word_1_231' title='bbox 531 2070 963 2144; x_wconf 81' lang='grc' dir='ltr'><strong>ἐναντιουμένων</strong></span> <span class='ocrx_word' id='word_1_232' title='bbox 987 2077 1056 2132; x_wconf 87' lang='grc' dir='ltr'><strong>δι’</strong></span> <span class='ocrx_word' id='word_1_233' title='bbox 1087 2078 1308 2144; x_wconf 79' lang='grc' dir='ltr'><strong>αὐτούς.</strong></span> 
     </span>
    </p>
   </div>
   <div class='ocr_carea' id='block_1_33' title="bbox 282 2160 1796 2249">
    <p class='ocr_par' dir='ltr' id='par_1_33' title="bbox 282 2160 1796 2249">
     <span class='ocr_line' id='line_1_33' title="bbox 282 2160 1796 2249; baseline 0.013 -37"><span class='ocrx_word' id='word_1_234' title='bbox 282 2177 304 2212; x_wconf 72' lang='grc' dir='ltr'><strong>ι</strong></span> <span class='ocrx_word' id='word_1_235' title='bbox 358 2160 502 2214; x_wconf 67' lang='grc' dir='ltr'><strong>Ἀλλ’</strong></span> <span class='ocrx_word' id='word_1_236' title='bbox 524 2162 599 2228; x_wconf 85' lang='grc' dir='ltr'><strong>ὡς</strong></span> <span class='ocrx_word' id='word_1_237' title='bbox 627 2163 859 2235; x_wconf 85' lang='grc' dir='ltr'><strong>ἄγγελον</strong></span> <span class='ocrx_word' id='word_1_238' title='bbox 890 2168 1026 2223; x_wconf 82' lang='grc' dir='ltr'><strong>Θεοῦ</strong></span> <span class='ocrx_word' id='word_1_239' title='bbox 1058 2169 1314 2238; x_wconf 83' lang='grc' dir='ltr'><strong>ἐδέξασθέ</strong></span> <span class='ocrx_word' id='word_1_240' title='bbox 1345 2191 1435 2244; x_wconf 86' lang='grc' dir='ltr'><strong>με,</strong></span> <span class='ocrx_word' id='word_1_241' title='bbox 1453 2175 1528 2239; x_wconf 84' lang='grc' dir='ltr'><strong>ὡς</strong></span> <span class='ocrx_word' id='word_1_242' title='bbox 1560 2175 1796 2249; x_wconf 75' lang='grc' dir='ltr'><strong>Χριστὸν</strong></span> 
     </span>
    </p>
   </div>
   <div class='ocr_carea' id='block_1_34' title="bbox 214 2248 1795 2338">
    <p class='ocr_par' dir='ltr' id='par_1_34' title="bbox 214 2248 1795 2338">
     <span class='ocr_line' id='line_1_34' title="bbox 214 2248 1795 2338; baseline 0.013 -35"><span class='ocrx_word' id='word_1_243' title='bbox 214 2248 454 2322; x_wconf 82' lang='grc' dir='ltr'><strong>Ἰησοῦν.</strong></span> <span class='ocrx_word' id='word_1_244' title='bbox 495 2273 514 2307; x_wconf 75' lang='grc' dir='ltr'><strong>ι</strong></span> <span class='ocrx_word' id='word_1_245' title='bbox 553 2255 731 2324; x_wconf 86' lang='grc' dir='ltr'><strong>Οῦτω,</strong></span> <span class='ocrx_word' id='word_1_246' title='bbox 761 2259 917 2330; x_wconf 81' lang='grc' dir='ltr'><strong>φησὶ,</strong></span> <span class='ocrx_word' id='word_1_247' title='bbox 957 2261 1026 2333; x_wconf 88' lang='grc' dir='ltr'><strong>μέ</strong></span> <span class='ocrx_word' id='word_1_248' title='bbox 1054 2264 1377 2334; x_wconf 78' lang='grc' dir='ltr'><strong>ἐτιμήσατε,</strong></span> <span class='ocrx_word' id='word_1_249' title='bbox 1399 2265 1476 2330; x_wconf 85' lang='grc' dir='ltr'><strong>ὼς</strong></span> <span class='ocrx_word' id='word_1_250' title='bbox 1509 2248 1795 2338; x_wconf 72' lang='grc' dir='ltr'><strong>κρείττονα</strong></span> 
     </span>
    </p>
   </div>
   <div class='ocr_carea' id='block_1_35' title="bbox 200 2338 1794 2430">
    <p class='ocr_par' dir='ltr' id='par_1_35' title="bbox 200 2338 1794 2430">
     <span class='ocr_line' id='line_1_35' title="bbox 200 2338 1794 2430; baseline 0.014 -38"><span class='ocrx_word' id='word_1_251' title='bbox 200 2338 429 2410; x_wconf 72' lang='grc' dir='ltr'><strong>ῆσκατὰ</strong></span> <span class='ocrx_word' id='word_1_252' title='bbox 461 2343 767 2417; x_wconf 80' lang='grc' dir='ltr'><strong>ἄνθρωπον.</strong></span> <span class='ocrx_word' id='word_1_253' title='bbox 805 2350 931 2415; x_wconf 85' lang='grc' dir='ltr'><strong>Πῶς</strong></span> <span class='ocrx_word' id='word_1_254' title='bbox 957 2347 1051 2406; x_wconf 85' lang='grc' dir='ltr'><strong>οῦν</strong></span> <span class='ocrx_word' id='word_1_255' title='bbox 1103 2354 1204 2408; x_wconf 81' lang='grc' dir='ltr'><strong>οὐκ</strong></span> <span class='ocrx_word' id='word_1_256' title='bbox 1255 2356 1477 2424; x_wconf 79' lang='grc' dir='ltr'><strong>ἄτοπον,</strong></span> <span class='ocrx_word' id='word_1_257' title='bbox 1533 2359 1658 2412; x_wconf 90' lang='grc' dir='ltr'><strong>τότε</strong></span> <span class='ocrx_word' id='word_1_258' title='bbox 1692 2358 1794 2430; x_wconf 88' lang='grc' dir='ltr'><strong>μέν</strong></span> 
     </span>
    </p>
   </div>
   <div class='ocr_carea' id='block_1_36' title="bbox 197 2433 1793 2522">
    <p class='ocr_par' dir='ltr' id='par_1_36' title="bbox 197 2433 1793 2522">
     <span class='ocr_line' id='line_1_36' title="bbox 197 2433 1793 2522; baseline 0.013 -36"><span class='ocrx_word' id='word_1_259' title='bbox 197 2433 546 2508; x_wconf 76' lang='grc' dir='ltr'><strong>διωκόμενον</strong></span> <span class='ocrx_word' id='word_1_260' title='bbox 578 2442 672 2496; x_wconf 74' lang='grc' dir='ltr'><strong>καὶ</strong></span> <span class='ocrx_word' id='word_1_261' title='bbox 689 2441 1050 2515; x_wconf 83' lang='grc' dir='ltr'><strong>ἐλαυνόμενον</strong></span> <span class='ocrx_word' id='word_1_262' title='bbox 1076 2446 1326 2518; x_wconf 83' lang='grc' dir='ltr'><strong>δέχεσθαι</strong></span> <span class='ocrx_word' id='word_1_263' title='bbox 1363 2467 1432 2522; x_wconf 88' lang='grc' dir='ltr'><strong>με</strong></span> <span class='ocrx_word' id='word_1_264' title='bbox 1456 2448 1533 2516; x_wconf 83' lang='grc' dir='ltr'><strong>ὡς</strong></span> <span class='ocrx_word' id='word_1_265' title='bbox 1561 2450 1793 2521; x_wconf 82' lang='grc' dir='ltr'><strong>ἄγγελον</strong></span> 
     </span>
    </p>
   </div>
   <div class='ocr_carea' id='block_1_37' title="bbox 198 2525 1791 2608">
    <p class='ocr_par' dir='ltr' id='par_1_37' title="bbox 198 2525 1791 2608">
     <span class='ocr_line' id='line_1_37' title="bbox 198 2525 1791 2608; baseline 0.015 -32"><span class='ocrx_word' id='word_1_266' title='bbox 198 2525 292 2577; x_wconf 74' lang='grc' dir='ltr'><strong>καὶ</strong></span> <span class='ocrx_word' id='word_1_267' title='bbox 327 2528 412 2592; x_wconf 83' lang='grc' dir='ltr'><strong>ὡς</strong></span> <span class='ocrx_word' id='word_1_268' title='bbox 433 2529 692 2602; x_wconf 80' lang='grc' dir='ltr'><strong>Χριστὸν,</strong></span> <span class='ocrx_word' id='word_1_269' title='bbox 723 2534 817 2588; x_wconf 80' lang='grc' dir='ltr'><strong>καὶ</strong></span> <span class='ocrx_word' id='word_1_270' title='bbox 852 2535 930 2608; x_wconf 80' lang='grc' dir='ltr'><strong>μὴ</strong></span> <span class='ocrx_word' id='word_1_271' title='bbox 965 2537 1450 2605; x_wconf 77' lang='grc' dir='ltr'><strong>σκανδαλίζεσθαι·</strong></span> <span class='ocrx_word' id='word_1_272' title='bbox 1508 2542 1604 2597; x_wconf 90' lang='grc' dir='ltr'><strong>νῦν</strong></span> <span class='ocrx_word' id='word_1_273' title='bbox 1632 2543 1693 2601; x_wconf 63' lang='grc' dir='ltr'><strong>δὲ</strong></span> <span class='ocrx_word' id='word_1_274' title='bbox 1722 2545 1791 2600; x_wconf 81' lang='grc' dir='ltr'><strong>τὰ</strong></span> 
     </span>
    </p>
   </div>
   <div class='ocr_carea' id='block_1_38' title="bbox 196 2615 1790 2705">
    <p class='ocr_par' dir='ltr' id='par_1_38' title="bbox 196 2615 1790 2705">
     <span class='ocr_line' id='line_1_38' title="bbox 196 2615 1790 2705; baseline 0.014 -35"><span class='ocrx_word' id='word_1_275' title='bbox 196 2615 403 2673; x_wconf 82' lang='grc' dir='ltr'><strong>δέοντα</strong></span> <span class='ocrx_word' id='word_1_276' title='bbox 443 2623 910 2694; x_wconf 87' lang='grc' dir='ltr'><strong>συμϐουλεύοντα,</strong></span> <span class='ocrx_word' id='word_1_277' title='bbox 959 2629 1036 2695; x_wconf 83' lang='grc' dir='ltr'><strong>ὡς</strong></span> <span class='ocrx_word' id='word_1_278' title='bbox 1080 2631 1275 2704; x_wconf 86' lang='grc' dir='ltr'><strong>ἐχθρὸν</strong></span> <span class='ocrx_word' id='word_1_279' title='bbox 1321 2633 1656 2705; x_wconf 77' lang='grc' dir='ltr'><strong>λογίζεσθαι,</strong></span> <span class='ocrx_word' id='word_1_280' title='bbox 1695 2639 1790 2694; x_wconf 81' lang='grc' dir='ltr'><strong>καὶ</strong></span> 
     </span>
    </p>
   </div>
   <div class='ocr_carea' id='block_1_39' title="bbox 195 2711 759 2788">
    <p class='ocr_par' dir='ltr' id='par_1_39' title="bbox 195 2711 759 2788">
     <span class='ocr_line' id='line_1_39' title="bbox 195 2711 759 2788; baseline 0.016 -24"><span class='ocrx_word' id='word_1_281' title='bbox 195 2711 276 2783; x_wconf 80' lang='grc' dir='ltr'><strong>μὴ</strong></span> <span class='ocrx_word' id='word_1_282' title='bbox 289 2730 395 2788; x_wconf 34' lang='grc' dir='ltr'><strong>μπα</strong></span> <span class='ocrx_word' id='word_1_283' title='bbox 401 2714 593 2788; x_wconf 83' lang='grc' dir='ltr'><strong>ραδέχε</strong></span> <span class='ocrx_word' id='word_1_284' title='bbox 600 2717 724 2772; x_wconf 90' lang='grc' dir='ltr'><strong>σθαι</strong></span> <span class='ocrx_word' id='word_1_285' title='bbox 743 2737 759 2788; x_wconf 86' lang='grc'><strong>;</strong></span> 
     </span>
    </p>
   </div>
   <div class='ocr_carea' id='block_1_40' title="bbox 267 2883 1789 2976">
    <p class='ocr_par' dir='ltr' id='par_1_40' title="bbox 267 2883 1789 2976">
     <span class='ocr_line' id='line_1_40' title="bbox 267 2883 1789 2976; baseline 0.016 -37"><span class='ocrx_word' id='word_1_286' title='bbox 267 2903 288 2939; x_wconf 73' lang='grc' dir='ltr'><strong>ι</strong></span> <span class='ocrx_word' id='word_1_287' title='bbox 321 2887 430 2952; x_wconf 81' lang='grc' dir='ltr'><strong>Τις</strong></span> <span class='ocrx_word' id='word_1_288' title='bbox 479 2883 573 2945; x_wconf 83' lang='grc' dir='ltr'><strong>οῦν</strong></span> <span class='ocrx_word' id='word_1_289' title='bbox 619 2893 648 2946; x_wconf 84' lang='grc' dir='ltr'><strong>ό</strong></span> <span class='ocrx_word' id='word_1_290' title='bbox 676 2898 1029 2969; x_wconf 82' lang='grc' dir='ltr'><strong>μακαρισμὸς</strong></span> <span class='ocrx_word' id='word_1_291' title='bbox 1074 2899 1262 2970; x_wconf 74' lang='grc' dir='ltr'><strong>ὐμῶνς</strong></span> <span class='ocrx_word' id='word_1_292' title='bbox 1299 2920 1319 2954; x_wconf 72' lang='grc' dir='ltr'><strong>ι</strong></span> <span class='ocrx_word' id='word_1_293' title='bbox 1385 2907 1650 2976; x_wconf 86' lang='grc' dir='ltr'><strong>Διαπορεῖ</strong></span> <span class='ocrx_word' id='word_1_294' title='bbox 1693 2909 1789 2963; x_wconf 79' lang='grc' dir='ltr'><strong>καὶ</strong></span> 
     </span>
    </p>
   </div>
   <div class='ocr_carea' id='block_1_41' title="bbox 192 2979 1789 3072">
    <p class='ocr_par' dir='ltr' id='par_1_41' title="bbox 192 2979 1789 3072">
     <span class='ocr_line' id='line_1_41' title="bbox 192 2979 1789 3072; baseline 0.015 -41"><span class='ocrx_word' id='word_1_295' title='bbox 192 2979 597 3052; x_wconf 80' lang='grc' dir='ltr'><strong>ἐκπλήττεται,</strong></span> <span class='ocrx_word' id='word_1_296' title='bbox 629 2987 724 3040; x_wconf 81' lang='grc' dir='ltr'><strong>καί</strong></span> <span class='ocrx_word' id='word_1_297' title='bbox 758 3006 924 3060; x_wconf 82' lang='grc' dir='ltr'><strong>φησι·</strong></span> <span class='ocrx_word' id='word_1_298' title='bbox 955 2991 1052 3056; x_wconf 82' lang='grc' dir='ltr'><strong>Τίς</strong></span> <span class='ocrx_word' id='word_1_299' title='bbox 1096 2995 1320 3064; x_wconf 90' lang='grc' dir='ltr'><strong>γέγονεν</strong></span> <span class='ocrx_word' id='word_1_300' title='bbox 1369 2998 1398 3051; x_wconf 85' lang='grc' dir='ltr'><strong><em>ὁ</em></strong></span> <span class='ocrx_word' id='word_1_301' title='bbox 1437 3001 1789 3072; x_wconf 83' lang='grc' dir='ltr'><strong>μακαρισμὸς</strong></span> 
     </span>
    </p>
   </div>
   <div class='ocr_carea' id='block_1_42' title="bbox 192 3071 1787 3162">
    <p class='ocr_par' dir='ltr' id='par_1_42' title="bbox 192 3071 1787 3162">
     <span class='ocr_line' id='line_1_42' title="bbox 192 3071 1787 3162; baseline 0.015 -38"><span class='ocrx_word' id='word_1_302' title='bbox 192 3071 391 3142; x_wconf 81' lang='grc' dir='ltr'><strong>ὕμῶν;</strong></span> <span class='ocrx_word' id='word_1_303' title='bbox 427 3077 696 3146; x_wconf 82' lang='grc' dir='ltr'><strong>τουτέστι,</strong></span> <span class='ocrx_word' id='word_1_304' title='bbox 741 3081 854 3136; x_wconf 88' lang='grc' dir='ltr'><strong>Ποῦ</strong></span> <span class='ocrx_word' id='word_1_305' title='bbox 884 3083 1127 3156; x_wconf 84' lang='grc' dir='ltr'><strong>ἀπῆλθεν</strong></span> <span class='ocrx_word' id='word_1_306' title='bbox 1153 3089 1336 3144; x_wconf 87' lang='grc' dir='ltr'><strong>ἐκεῖνα</strong></span> <span class='ocrx_word' id='word_1_307' title='bbox 1378 3089 1558 3146; x_wconf 85' lang='grc' dir='ltr'><strong>πάντα</strong></span> <span class='ocrx_word' id='word_1_308' title='bbox 1586 3071 1787 3162; x_wconf 77' lang='grc' dir='ltr'><strong>ἐφὀἷς</strong></span> 
     </span>
    </p>
   </div>
   <div class='ocr_carea' id='block_1_43' title="bbox 190 3162 1858 3274">
    <p class='ocr_par' dir='ltr' id='par_1_43' title="bbox 190 3162 1858 3274">
     <span class='ocr_line' id='line_1_43' title="bbox 190 3162 1858 3274; baseline 0.017 -61"><span class='ocrx_word' id='word_1_309' title='bbox 190 3162 612 3235; x_wconf 82' lang='grc' dir='ltr'><strong>ἐμακαριζεσθε</strong></span> <span class='ocrx_word' id='word_1_310' title='bbox 657 3173 809 3243; x_wconf 67' lang='grc' dir='ltr'><strong>παρὰ</strong></span> <span class='ocrx_word' id='word_1_311' title='bbox 869 3176 1126 3244; x_wconf 83' lang='grc' dir='ltr'><strong>πάντων,</strong></span> <span class='ocrx_word' id='word_1_312' title='bbox 1181 3179 1258 3244; x_wconf 86' lang='grc' dir='ltr'><strong>ὡς</strong></span> <span class='ocrx_word' id='word_1_313' title='bbox 1308 3182 1782 3250; x_wconf 69' lang='grc' dir='ltr'><strong>φιλοδιδάσκαλοιῖ</strong></span> <span class='ocrx_word' id='word_1_314' title='bbox 1811 3209 1858 3274; x_wconf 79' lang='lat' dir='ltr'><strong>c</strong></span> 
     </span>
    </p>
   </div>
   <div class='ocr_carea' id='block_1_44' title="bbox 192 3251 1782 3348">
    <p class='ocr_par' dir='ltr' id='par_1_44' title="bbox 192 3251 1782 3348">
     <span class='ocr_line' id='line_1_44' title="bbox 192 3251 1782 3348; baseline 0.02 -46"><span class='ocrx_word' id='word_1_315' title='bbox 192 3251 292 3314; x_wconf 80' lang='grc' dir='ltr'><strong>Τίς</strong></span> <span class='ocrx_word' id='word_1_316' title='bbox 342 3253 441 3308; x_wconf 82' lang='grc' dir='ltr'><strong>οῦν</strong></span> <span class='ocrx_word' id='word_1_317' title='bbox 468 3257 583 3312; x_wconf 87' lang='grc' dir='ltr'><strong>ἐστι</strong></span> <span class='ocrx_word' id='word_1_318' title='bbox 613 3259 746 3330; x_wconf 86' lang='grc' dir='ltr'><strong>νῦν;</strong></span> <span class='ocrx_word' id='word_1_319' title='bbox 783 3265 878 3330; x_wconf 75' lang='grc' dir='ltr'><strong>Εἰς</strong></span> <span class='ocrx_word' id='word_1_320' title='bbox 913 3267 968 3321; x_wconf 84' lang='grc' dir='ltr'><strong>τι</strong></span> <span class='ocrx_word' id='word_1_321' title='bbox 998 3270 1312 3344; x_wconf 75' lang='grc' dir='ltr'><strong>μετεϐλήθη</strong></span> <span class='ocrx_word' id='word_1_322' title='bbox 1355 3276 1384 3328; x_wconf 83' lang='grc' dir='ltr'><strong><em>ὁ</em></strong></span> <span class='ocrx_word' id='word_1_323' title='bbox 1431 3278 1782 3348; x_wconf 80' lang='grc' dir='ltr'><strong>μακαρισμὸς</strong></span> 
     </span>
    </p>
   </div>
   <div class='ocr_carea' id='block_1_45' title="bbox 188 3340 1780 3440">
    <p class='ocr_par' dir='ltr' id='par_1_45' title="bbox 188 3340 1780 3440">
     <span class='ocr_line' id='line_1_45' title="bbox 188 3340 1780 3440; baseline 0.021 -48"><span class='ocrx_word' id='word_1_324' title='bbox 188 3340 358 3412; x_wconf 80' lang='grc' dir='ltr'><strong>ὑμῶν</strong></span> <span class='ocrx_word' id='word_1_325' title='bbox 388 3346 626 3416; x_wconf 86' lang='grc' dir='ltr'><strong>ἐκεῖνος;</strong></span> <span class='ocrx_word' id='word_1_326' title='bbox 664 3351 780 3407; x_wconf 90' lang='grc' dir='ltr'><strong>Νῦν</strong></span> <span class='ocrx_word' id='word_1_327' title='bbox 805 3355 915 3428; x_wconf 85' lang='grc' dir='ltr'><strong>γὰρ</strong></span> <span class='ocrx_word' id='word_1_328' title='bbox 965 3359 1066 3432; x_wconf 79' lang='grc' dir='ltr'><strong>οὐχ</strong></span> <span class='ocrx_word' id='word_1_329' title='bbox 1112 3340 1235 3433; x_wconf 64' lang='grc' dir='ltr'><strong>ὁρῶ</strong></span> <span class='ocrx_word' id='word_1_330' title='bbox 1272 3340 1480 3434; x_wconf 74' lang='grc' dir='ltr'><strong>τοῦτον,</strong></span> <span class='ocrx_word' id='word_1_331' title='bbox 1514 3340 1601 3432; x_wconf 46' lang='grc' dir='ltr'><strong>ὡς.</strong></span> <span class='ocrx_word' id='word_1_332' title='bbox 1627 3340 1780 3440; x_wconf 75' lang='grc' dir='ltr'><strong>ὑμῶν</strong></span> 
     </span>
    </p>
   </div>
   <div class='ocr_carea' id='block_1_46' title="bbox 188 3432 1153 3516">
    <p class='ocr_par' dir='ltr' id='par_1_46' title="bbox 188 3432 1153 3516">
     <span class='ocr_line' id='line_1_46' title="bbox 188 3432 1153 3516; baseline 0.022 -29"><span class='ocrx_word' id='word_1_333' title='bbox 188 3432 466 3504; x_wconf 74' lang='grc' dir='ltr'><strong>ἐναντίως</strong></span> <span class='ocrx_word' id='word_1_334' title='bbox 493 3443 621 3512; x_wconf 84' lang='grc' dir='ltr'><strong>περὶ</strong></span> <span class='ocrx_word' id='word_1_335' title='bbox 649 3445 750 3516; x_wconf 86' lang='grc' dir='ltr'><strong>ἐμὲ</strong></span> <span class='ocrx_word' id='word_1_336' title='bbox 771 3432 1153 3509; x_wconf 70' lang='grc' dir='ltr'><strong>διατεθέντων.</strong></span> 
     </span>
    </p>
   </div>
   <div class='ocr_carea' id='block_1_47' title="bbox 267 3529 1782 3622">
    <p class='ocr_par' dir='ltr' id='par_1_47' title="bbox 267 3529 1782 3622">
     <span class='ocr_line' id='line_1_47' title="bbox 267 3529 1782 3622; baseline 0.018 -42"><span class='ocrx_word' id='word_1_337' title='bbox 267 3546 288 3579; x_wconf 71' lang='grc' dir='ltr'><strong>ι</strong></span> <span class='ocrx_word' id='word_1_338' title='bbox 325 3529 617 3602; x_wconf 80' lang='grc' dir='ltr'><strong>Μαρτυρῶ</strong></span> <span class='ocrx_word' id='word_1_339' title='bbox 640 3536 749 3608; x_wconf 82' lang='grc' dir='ltr'><strong>γὰρ</strong></span> <span class='ocrx_word' id='word_1_340' title='bbox 786 3538 934 3608; x_wconf 85' lang='grc' dir='ltr'><strong>ὑμῖν,</strong></span> <span class='ocrx_word' id='word_1_341' title='bbox 958 3541 1040 3597; x_wconf 84' lang='grc' dir='ltr'><strong>ὅτι</strong></span> <span class='ocrx_word' id='word_1_342' title='bbox 1066 3545 1116 3598; x_wconf 76' lang='grc' dir='ltr'><strong>εἰ</strong></span> <span class='ocrx_word' id='word_1_343' title='bbox 1144 3544 1393 3615; x_wconf 86' lang='grc' dir='ltr'><strong>δυνατὸν,</strong></span> <span class='ocrx_word' id='word_1_344' title='bbox 1428 3550 1555 3616; x_wconf 83' lang='grc' dir='ltr'><strong>τοὺς</strong></span> <span class='ocrx_word' id='word_1_345' title='bbox 1581 3551 1782 3622; x_wconf 78' lang='grc' dir='ltr'><strong>ὀφθαλ-</strong></span> 
     </span>
    </p>
   </div>
   <div class='ocr_carea' id='block_1_48' title="bbox 189 3621 1780 3712">
    <p class='ocr_par' dir='ltr' id='par_1_48' title="bbox 189 3621 1780 3712">
     <span class='ocr_line' id='line_1_48' title="bbox 189 3621 1780 3712; baseline 0.02 -40"><span class='ocrx_word' id='word_1_346' title='bbox 189 3621 335 3690; x_wconf 77' lang='grc' dir='ltr'><strong>μοὺς</strong></span> <span class='ocrx_word' id='word_1_347' title='bbox 364 3623 521 3693; x_wconf 83' lang='grc' dir='ltr'><strong>ὑμῶν</strong></span> <span class='ocrx_word' id='word_1_348' title='bbox 546 3626 900 3700; x_wconf 77' lang='grc' dir='ltr'><strong>ἐξορύξαντες</strong></span> <span class='ocrx_word' id='word_1_349' title='bbox 940 3635 1006 3690; x_wconf 81' lang='grc' dir='ltr'><strong>ἂν</strong></span> <span class='ocrx_word' id='word_1_350' title='bbox 1035 3636 1274 3694; x_wconf 80' lang='grc' dir='ltr'><strong>ἐδώκατέ</strong></span> <span class='ocrx_word' id='word_1_351' title='bbox 1307 3659 1420 3712; x_wconf 86' lang='grc' dir='ltr'><strong>μοι.</strong></span> <span class='ocrx_word' id='word_1_352' title='bbox 1459 3663 1479 3696; x_wconf 72' lang='grc' dir='ltr'><strong>ι</strong></span> <span class='ocrx_word' id='word_1_353' title='bbox 1533 3621 1644 3699; x_wconf 64' lang='grc' dir='ltr'><strong>Καὶ</strong></span> <span class='ocrx_word' id='word_1_354' title='bbox 1670 3647 1780 3705; x_wconf 84' lang='grc' dir='ltr'><strong>τῶν</strong></span> 
     </span>
    </p>
   </div>
   <div class='ocr_carea' id='block_1_49' title="bbox 184 3710 1780 3800">
    <p class='ocr_par' dir='ltr' id='par_1_49' title="bbox 184 3710 1780 3800">
     <span class='ocr_line' id='line_1_49' title="bbox 184 3710 1780 3800; baseline 0.02 -37"><span class='ocrx_word' id='word_1_355' title='bbox 184 3710 500 3784; x_wconf 67' lang='grc' dir='ltr'><strong>ὀφθαλμῶν</strong></span> <span class='ocrx_word' id='word_1_356' title='bbox 530 3719 711 3775; x_wconf 80' lang='grc' dir='ltr'><strong>αὐτῶν</strong></span> <span class='ocrx_word' id='word_1_357' title='bbox 731 3723 1059 3799; x_wconf 81' lang='grc' dir='ltr'><strong>τιμιώτερόν</strong></span> <span class='ocrx_word' id='word_1_358' title='bbox 1114 3747 1181 3800; x_wconf 88' lang='grc' dir='ltr'><strong>με</strong></span> <span class='ocrx_word' id='word_1_359' title='bbox 1211 3710 1454 3788; x_wconf 82' lang='grc' dir='ltr'><strong>ἐτίθεσθε</strong></span> <span class='ocrx_word' id='word_1_360' title='bbox 1484 3736 1652 3792; x_wconf 82' lang='grc' dir='ltr'><strong>πάλαι</strong></span> <span class='ocrx_word' id='word_1_361' title='bbox 1691 3739 1780 3795; x_wconf 83' lang='grc' dir='ltr'><strong>διὰ</strong></span> 
     </span>
    </p>
   </div>
   <div class='ocr_carea' id='block_1_50' title="bbox 182 3801 1778 3900">
    <p class='ocr_par' dir='ltr' id='par_1_50' title="bbox 182 3801 1778 3900">
     <span class='ocr_line' id='line_1_50' title="bbox 182 3801 1778 3900; baseline 0.018 -45"><span class='ocrx_word' id='word_1_362' title='bbox 182 3801 247 3856; x_wconf 81' lang='grc' dir='ltr'><strong>τὸ</strong></span> <span class='ocrx_word' id='word_1_363' title='bbox 273 3805 555 3878; x_wconf 82' lang='grc' dir='ltr'><strong>κήρυγμα</strong></span> <span class='ocrx_word' id='word_1_364' title='bbox 576 3825 593 3842; x_wconf 89' lang='grc'><strong>·</strong></span> <span class='ocrx_word' id='word_1_365' title='bbox 644 3813 700 3866; x_wconf 84' lang='grc' dir='ltr'><strong>τι</strong></span> <span class='ocrx_word' id='word_1_366' title='bbox 728 3808 821 3868; x_wconf 83' lang='grc' dir='ltr'><strong>οῦν</strong></span> <span class='ocrx_word' id='word_1_367' title='bbox 850 3817 1079 3886; x_wconf 88' lang='grc' dir='ltr'><strong>γέγονεν</strong></span> <span class='ocrx_word' id='word_1_368' title='bbox 1115 3821 1198 3874; x_wconf 80' lang='grc' dir='ltr'><strong>ὅτι</strong></span> <span class='ocrx_word' id='word_1_369' title='bbox 1242 3823 1342 3876; x_wconf 80' lang='grc' dir='ltr'><strong>καὶ</strong></span> <span class='ocrx_word' id='word_1_370' title='bbox 1375 3823 1452 3888; x_wconf 83' lang='grc' dir='ltr'><strong>ὡς</strong></span> <span class='ocrx_word' id='word_1_371' title='bbox 1481 3827 1677 3898; x_wconf 88' lang='grc' dir='ltr'><strong>ἐχθρόν</strong></span> <span class='ocrx_word' id='word_1_372' title='bbox 1708 3845 1778 3900; x_wconf 84' lang='grc' dir='ltr'><strong>με</strong></span> 
     </span>
    </p>
   </div>
   <div class='ocr_carea' id='block_1_51' title="bbox 180 3895 1778 3992">
    <p class='ocr_par' dir='ltr' id='par_1_51' title="bbox 180 3895 1778 3992">
     <span class='ocr_line' id='line_1_51' title="bbox 180 3895 1778 3992; baseline 0.018 -44"><span class='ocrx_word' id='word_1_373' title='bbox 180 3895 284 3950; x_wconf 87' lang='grc' dir='ltr'><strong>νῦν</strong></span> <span class='ocrx_word' id='word_1_374' title='bbox 318 3898 692 3972; x_wconf 85' lang='grc' dir='ltr'><strong>ὑποπτεύετε;</strong></span> <span class='ocrx_word' id='word_1_375' title='bbox 730 3907 969 3963; x_wconf 80' lang='grc' dir='ltr'><strong>¹Ἀτοπον</strong></span> <span class='ocrx_word' id='word_1_376' title='bbox 1000 3910 1110 3982; x_wconf 83' lang='grc' dir='ltr'><strong>γὰρ</strong></span> <span class='ocrx_word' id='word_1_377' title='bbox 1165 3913 1255 3968; x_wconf 68' lang='grc' dir='ltr'><strong>τὸν</strong></span> <span class='ocrx_word' id='word_1_378' title='bbox 1288 3914 1434 3970; x_wconf 77' lang='grc' dir='ltr'><strong>οὕτω</strong></span> <span class='ocrx_word' id='word_1_379' title='bbox 1467 3920 1602 3992; x_wconf 86' lang='grc' dir='ltr'><strong>παρ’</strong></span> <span class='ocrx_word' id='word_1_380' title='bbox 1622 3920 1778 3992; x_wconf 86' lang='grc' dir='ltr'><strong>ὑμῶν</strong></span> 
     </span>
    </p>
   </div>
   <div class='ocr_carea' id='block_1_52' title="bbox 181 3987 1543 4079">
    <p class='ocr_par' dir='ltr' id='par_1_52' title="bbox 181 3987 1543 4079">
     <span class='ocr_line' id='line_1_52' title="bbox 181 3987 1543 4079; baseline 0.018 -40"><span class='ocrx_word' id='word_1_381' title='bbox 181 3987 524 4060; x_wconf 80' lang='grc' dir='ltr'><strong>τιμηθέντα,</strong></span> <span class='ocrx_word' id='word_1_382' title='bbox 546 3993 719 4069; x_wconf 75' lang='grc' dir='ltr'><strong>ἐχθρᾷ</strong></span> <span class='ocrx_word' id='word_1_383' title='bbox 751 3998 948 4074; x_wconf 79' lang='grc' dir='ltr'><strong>γνώμῃ</strong></span> <span class='ocrx_word' id='word_1_384' title='bbox 972 4002 1147 4058; x_wconf 89' lang='grc' dir='ltr'><strong>ταῦτα</strong></span> <span class='ocrx_word' id='word_1_385' title='bbox 1181 4005 1362 4074; x_wconf 90' lang='grc' dir='ltr'><strong>λέγειν</strong></span> <span class='ocrx_word' id='word_1_386' title='bbox 1392 4007 1543 4079; x_wconf 83' lang='grc' dir='ltr'><strong>ὑμῖν.</strong></span> 
     </span>
    </p>
   </div>
   <div class='ocr_carea' id='block_1_53' title="bbox 267 4166 1770 4263">
    <p class='ocr_par' dir='ltr' id='par_1_53' title="bbox 267 4166 1770 4263">
     <span class='ocr_line' id='line_1_53' title="bbox 267 4166 1770 4263; baseline 0.02 -45"><span class='ocrx_word' id='word_1_387' title='bbox 267 4184 290 4219; x_wconf 73' lang='grc' dir='ltr'><strong>ε</strong></span> <span class='ocrx_word' id='word_1_388' title='bbox 323 4166 501 4222; x_wconf 78' lang='grc' dir='ltr'><strong>Ὥστε</strong></span> <span class='ocrx_word' id='word_1_389' title='bbox 530 4170 722 4242; x_wconf 75' lang='grc' dir='ltr'><strong>ἐχθρὸς</strong></span> <span class='ocrx_word' id='word_1_390' title='bbox 751 4176 908 4249; x_wconf 75' lang='grc' dir='ltr'><strong>ὑμῶν</strong></span> <span class='ocrx_word' id='word_1_391' title='bbox 958 4181 1160 4251; x_wconf 86' lang='grc' dir='ltr'><strong>γέγονα</strong></span> <span class='ocrx_word' id='word_1_392' title='bbox 1215 4185 1500 4259; x_wconf 86' lang='grc' dir='ltr'><strong>ἀληθεύων</strong></span> <span class='ocrx_word' id='word_1_393' title='bbox 1552 4191 1712 4263; x_wconf 63' lang='lat' dir='ltr'><strong>finiit;</strong></span> <span class='ocrx_word' id='word_1_394' title='bbox 1750 4215 1770 4248; x_wconf 74' lang='grc' dir='ltr'><strong>ι</strong></span> 
     </span>
    </p>
   </div>
   <div class='ocr_carea' id='block_1_54' title="bbox 185 4256 1778 4353">
    <p class='ocr_par' dir='ltr' id='par_1_54' title="bbox 185 4256 1778 4353">
     <span class='ocr_line' id='line_1_54' title="bbox 185 4256 1778 4353; baseline 0.021 -46"><span class='ocrx_word' id='word_1_395' title='bbox 185 4256 430 4332; x_wconf 73' lang='grc' dir='ltr'><strong>Ἄλλην,</strong></span> <span class='ocrx_word' id='word_1_396' title='bbox 483 4263 670 4332; x_wconf 81' lang='grc' dir='ltr'><strong>φησὶν,</strong></span> <span class='ocrx_word' id='word_1_397' title='bbox 714 4267 815 4322; x_wconf 85' lang='grc' dir='ltr'><strong>οὐκ</strong></span> <span class='ocrx_word' id='word_1_398' title='bbox 852 4264 974 4325; x_wconf 83' lang='grc' dir='ltr'><strong>οῐδα</strong></span> <span class='ocrx_word' id='word_1_399' title='bbox 1019 4271 1224 4346; x_wconf 73' lang='grc' dir='ltr'><strong>ἔχθρας</strong></span> <span class='ocrx_word' id='word_1_400' title='bbox 1257 4256 1462 4346; x_wconf 58' lang='grc' dir='ltr'><strong>αἰτίαν,</strong></span> <span class='ocrx_word' id='word_1_401' title='bbox 1514 4281 1548 4353; x_wconf 77' lang='grc' dir='ltr'>ἢ</span> <span class='ocrx_word' id='word_1_402' title='bbox 1584 4256 1668 4337; x_wconf 72' lang='grc' dir='ltr'><strong>δτι</strong></span> <span class='ocrx_word' id='word_1_403' title='bbox 1697 4256 1778 4342; x_wconf 39' lang='grc' dir='ltr'><strong>’τὰ</strong></span> 
     </span>
    </p>
   </div>
   <div class='ocr_carea' id='block_1_55' title="bbox 180 4347 1778 4451">
    <p class='ocr_par' dir='ltr' id='par_1_55' title="bbox 180 4347 1778 4451">
     <span class='ocr_line' id='line_1_55' title="bbox 180 4347 1778 4451; baseline 0.02 -51"><span class='ocrx_word' id='word_1_404' title='bbox 180 4347 374 4419; x_wconf 78' lang='grc' dir='ltr'><strong>ἀληθῆ</strong></span> <span class='ocrx_word' id='word_1_405' title='bbox 407 4350 537 4422; x_wconf 80' lang='grc' dir='ltr'><strong>ὑμῖν</strong></span> <span class='ocrx_word' id='word_1_406' title='bbox 563 4349 737 4424; x_wconf 76' lang='grc' dir='ltr'><strong>εἶπον,</strong></span> <span class='ocrx_word' id='word_1_407' title='bbox 774 4360 868 4414; x_wconf 73' lang='grc' dir='ltr'><strong>καὶ</strong></span> <span class='ocrx_word' id='word_1_408' title='bbox 900 4361 1106 4435; x_wconf 78' lang='grc' dir='ltr'><strong>ῆλεγξα</strong></span> <span class='ocrx_word' id='word_1_409' title='bbox 1135 4347 1620 4443; x_wconf 79' lang='grc' dir='ltr'><strong>διαφθειρομένους</strong></span> <span class='ocrx_word' id='word_1_410' title='bbox 1647 4376 1778 4451; x_wconf 79' lang='grc' dir='ltr'><strong>περὶ</strong></span> 
     </span>
    </p>
   </div>
   <div class='ocr_carea' id='block_1_56' title="bbox 179 4439 1775 4541">
    <p class='ocr_par' dir='ltr' id='par_1_56' title="bbox 179 4439 1775 4541">
     <span class='ocr_line' id='line_1_56' title="bbox 179 4439 1775 4541; baseline 0.021 -51"><span class='ocrx_word' id='word_1_411' title='bbox 179 4439 252 4492; x_wconf 71' lang='grc' dir='ltr'><strong>τὰ</strong></span> <span class='ocrx_word' id='word_1_412' title='bbox 287 4439 569 4511; x_wconf 84' lang='grc' dir='ltr'><strong>δόγματα.</strong></span> <span class='ocrx_word' id='word_1_413' title='bbox 607 4447 704 4502; x_wconf 81' lang='grc' dir='ltr'><strong>Διὰ</strong></span> <span class='ocrx_word' id='word_1_414' title='bbox 736 4449 895 4505; x_wconf 88' lang='grc' dir='ltr'><strong>τοῦτο</strong></span> <span class='ocrx_word' id='word_1_415' title='bbox 944 4453 1003 4508; x_wconf 81' lang='grc' dir='ltr'><strong>δέ</strong></span> <span class='ocrx_word' id='word_1_416' title='bbox 1055 4455 1258 4527; x_wconf 84' lang='grc' dir='ltr'><strong>μᾶλλον</strong></span> <span class='ocrx_word' id='word_1_417' title='bbox 1309 4439 1440 4516; x_wconf 67' lang='grc' dir='ltr'><strong>ἔδει⁷</strong></span> <span class='ocrx_word' id='word_1_418' title='bbox 1475 4463 1660 4523; x_wconf 89' lang='grc' dir='ltr'><strong>πλεῖόν</strong></span> 
     </span>
    </p>
   </div>
   <div class='ocr_carea' id='block_1_57' title="bbox 1897 1977 3472 2067">
    <p class='ocr_par' dir='ltr' id='par_1_57' title="bbox 1897 1977 3472 2067">
     <span class='ocr_line' id='line_1_57' title="bbox 1897 1977 3472 2067; baseline 0.018 -37"><span class='ocrx_word' id='word_1_419' title='bbox 1897 1985 2078 2033; x_wconf 84' lang='lat' dir='ltr'><strong>autem</strong></span> <span class='ocrx_word' id='word_1_420' title='bbox 2115 1977 2345 2037; x_wconf 86' lang='lat' dir='ltr'><strong>latenter</strong></span> <span class='ocrx_word' id='word_1_421' title='bbox 2370 1983 2647 2054; x_wconf 83' lang='lat' dir='ltr'><strong>pudefacit</strong></span> <span class='ocrx_word' id='word_1_422' title='bbox 2678 2003 2792 2056; x_wconf 85' lang='lat' dir='ltr'><strong>eos,</strong></span> <span class='ocrx_word' id='word_1_423' title='bbox 2819 1994 3114 2054; x_wconf 87' lang='lat' dir='ltr'><strong>ostendens</strong></span> <span class='ocrx_word' id='word_1_424' title='bbox 3145 2011 3348 2067; x_wconf 83' lang='lat' dir='ltr'><strong>quanta</strong></span> <span class='ocrx_word' id='word_1_425' title='bbox 3389 1977 3472 2060; x_wconf 84' lang='lat' dir='ltr'><strong>sit</strong></span> 
     </span>
    </p>
   </div>
   <div class='ocr_carea' id='block_1_58' title="bbox 1896 2071 3023 2142">
    <p class='ocr_par' dir='ltr' id='par_1_58' title="bbox 1896 2071 3023 2142">
     <span class='ocr_line' id='line_1_58' title="bbox 1896 2071 3023 2142; baseline 0.019 -22"><span class='ocrx_word' id='word_1_426' title='bbox 1896 2081 2088 2138; x_wconf 84' lang='lat' dir='ltr'><strong>passus</strong></span> <span class='ocrx_word' id='word_1_427' title='bbox 2121 2071 2189 2126; x_wconf 88' lang='lat' dir='ltr'><strong>ab</strong></span> <span class='ocrx_word' id='word_1_428' title='bbox 2213 2073 2540 2133; x_wconf 86' lang='lat' dir='ltr'><strong>adversariis</strong></span> <span class='ocrx_word' id='word_1_429' title='bbox 2570 2093 2755 2136; x_wconf 87' lang='lat' dir='ltr'><strong>eorum</strong></span> <span class='ocrx_word' id='word_1_430' title='bbox 2787 2084 3023 2142; x_wconf 85' lang='lat' dir='ltr'><strong>nomine.</strong></span> 
     </span>
    </p>
   </div>
   <div class='ocr_carea' id='block_1_59' title="bbox 1973 2161 3468 2256">
    <p class='ocr_par' dir='ltr' id='par_1_59' title="bbox 1973 2161 3468 2256">
     <span class='ocr_line' id='line_1_59' title="bbox 1973 2161 3468 2256; baseline 0.019 -43"><span class='ocrx_word' id='word_1_431' title='bbox 1973 2180 1992 2213; x_wconf 72' lang='grc' dir='ltr'><strong>ι</strong></span> <span class='ocrx_word' id='word_1_432' title='bbox 2033 2161 2138 2220; x_wconf 90' lang='lat' dir='ltr'><strong>Sed</strong></span> <span class='ocrx_word' id='word_1_433' title='bbox 2165 2166 2308 2223; x_wconf 88' lang='lat' dir='ltr'><strong>sicut</strong></span> <span class='ocrx_word' id='word_1_434' title='bbox 2334 2171 2580 2241; x_wconf 80' lang='lat' dir='ltr'><strong>angelum</strong></span> <span class='ocrx_word' id='word_1_435' title='bbox 2612 2170 2706 2228; x_wconf 88' lang='lat' dir='ltr'><strong>Dei</strong></span> <span class='ocrx_word' id='word_1_436' title='bbox 2738 2177 3052 2247; x_wconf 86' lang='lat' dir='ltr'><strong>suscepistis</strong></span> <span class='ocrx_word' id='word_1_437' title='bbox 3079 2195 3186 2248; x_wconf 85' lang='lat' dir='ltr'><strong>me,</strong></span> <span class='ocrx_word' id='word_1_438' title='bbox 3212 2190 3468 2256; x_wconf 89' lang='lat' dir='ltr'><strong>tanquam</strong></span> 
     </span>
    </p>
   </div>
   <div class='ocr_carea' id='block_1_60' title="bbox 1896 2251 3469 2345">
    <p class='ocr_par' dir='ltr' id='par_1_60' title="bbox 1896 2251 3469 2345">
     <span class='ocr_line' id='line_1_60' title="bbox 1896 2251 3469 2345; baseline 0.018 -39"><span class='ocrx_word' id='word_1_439' title='bbox 1896 2251 2172 2311; x_wconf 79' lang='lat' dir='ltr'><strong>Christum</strong></span> <span class='ocrx_word' id='word_1_440' title='bbox 2206 2254 2416 2318; x_wconf 86' lang='lat' dir='ltr'><strong>Jesum.</strong></span> <span class='ocrx_word' id='word_1_441' title='bbox 2453 2279 2473 2314; x_wconf 75' lang='grc' dir='ltr'><strong>ι</strong></span> <span class='ocrx_word' id='word_1_442' title='bbox 2528 2263 2696 2331; x_wconf 76' lang='lat' dir='ltr'><strong>Adeo,</strong></span> <span class='ocrx_word' id='word_1_443' title='bbox 2753 2266 2954 2338; x_wconf 85' lang='lat' dir='ltr'><strong>inquit,</strong></span> <span class='ocrx_word' id='word_1_444' title='bbox 3004 2251 3469 2345; x_wconf 33' lang='lat' dir='ltr'><strong>bonorastisvme,</strong></span> 
     </span>
    </p>
   </div>
   <div class='ocr_carea' id='block_1_61' title="bbox 1894 2348 3468 2439">
    <p class='ocr_par' dir='ltr' id='par_1_61' title="bbox 1894 2348 3468 2439">
     <span class='ocr_line' id='line_1_61' title="bbox 1894 2348 3468 2439; baseline 0.018 -40"><span class='ocrx_word' id='word_1_445' title='bbox 1894 2348 2050 2416; x_wconf 85' lang='lat' dir='ltr'><strong>quasi</strong></span> <span class='ocrx_word' id='word_1_446' title='bbox 2101 2351 2274 2422; x_wconf 85' lang='lat' dir='ltr'><strong>major</strong></span> <span class='ocrx_word' id='word_1_447' title='bbox 2328 2367 2502 2411; x_wconf 90' lang='lat' dir='ltr'><strong>essem</strong></span> <span class='ocrx_word' id='word_1_448' title='bbox 2539 2359 2776 2416; x_wconf 88' lang='lat' dir='ltr'><strong>homine.</strong></span> <span class='ocrx_word' id='word_1_449' title='bbox 2822 2361 3103 2430; x_wconf 84' lang='lat' dir='ltr'><strong>Quomodo</strong></span> <span class='ocrx_word' id='word_1_450' title='bbox 3145 2369 3311 2439; x_wconf 78' lang='lat' dir='ltr'><strong>igitur</strong></span> <span class='ocrx_word' id='word_1_451' title='bbox 3362 2389 3468 2429; x_wconf 86' lang='lat' dir='ltr'><strong>non</strong></span> 
     </span>
    </p>
   </div>
   <div class='ocr_carea' id='block_1_62' title="bbox 1893 2439 3470 2535">
    <p class='ocr_par' dir='ltr' id='par_1_62' title="bbox 1893 2439 3470 2535">
     <span class='ocr_line' id='line_1_62' title="bbox 1893 2439 3470 2535; baseline 0.016 -42"><span class='ocrx_word' id='word_1_452' title='bbox 1893 2439 2188 2496; x_wconf 87' lang='lat' dir='ltr'><strong>absurdum</strong></span> <span class='ocrx_word' id='word_1_453' title='bbox 2223 2455 2326 2513; x_wconf 91' lang='lat' dir='ltr'><strong>est,</strong></span> <span class='ocrx_word' id='word_1_454' title='bbox 2365 2455 2477 2502; x_wconf 91' lang='lat' dir='ltr'><strong>tum</strong></span> <span class='ocrx_word' id='word_1_455' title='bbox 2513 2450 2729 2520; x_wconf 86' lang='lat' dir='ltr'><strong>quidem</strong></span> <span class='ocrx_word' id='word_1_456' title='bbox 2757 2469 2878 2510; x_wconf 76' lang='lat' dir='ltr'><strong>curn</strong></span> <span class='ocrx_word' id='word_1_457' title='bbox 2912 2463 3342 2528; x_wconf 85' lang='lat' dir='ltr'><strong>persecutionem</strong></span> <span class='ocrx_word' id='word_1_458' title='bbox 3375 2481 3470 2535; x_wconf 83' lang='lat' dir='ltr'><strong>pa-</strong></span> 
     </span>
    </p>
   </div>
   <div class='ocr_carea' id='block_1_63' title="bbox 1895 2535 3466 2625">
    <p class='ocr_par' dir='ltr' id='par_1_63' title="bbox 1895 2535 3466 2625">
     <span class='ocr_line' id='line_1_63' title="bbox 1895 2535 3466 2625; baseline 0.017 -40"><span class='ocrx_word' id='word_1_459' title='bbox 1895 2539 2040 2587; x_wconf 89' lang='lat' dir='ltr'><strong>terer</strong></span> <span class='ocrx_word' id='word_1_460' title='bbox 2065 2543 2120 2590; x_wconf 91' lang='lat' dir='ltr'><strong>et</strong></span> <span class='ocrx_word' id='word_1_461' title='bbox 2149 2535 2405 2605; x_wconf 88' lang='lat' dir='ltr'><strong>agitarer,</strong></span> <span class='ocrx_word' id='word_1_462' title='bbox 2442 2555 2528 2596; x_wconf 90' lang='lat' dir='ltr'><strong>me</strong></span> <span class='ocrx_word' id='word_1_463' title='bbox 2553 2556 2582 2596; x_wconf 91' lang='lat' dir='ltr'><strong>a</strong></span> <span class='ocrx_word' id='word_1_464' title='bbox 2608 2544 2758 2602; x_wconf 84' lang='lat' dir='ltr'><strong>vobis</strong></span> <span class='ocrx_word' id='word_1_465' title='bbox 2787 2548 2989 2620; x_wconf 85' lang='lat' dir='ltr'><strong>suscipi</strong></span> <span class='ocrx_word' id='word_1_466' title='bbox 3017 2560 3270 2622; x_wconf 84' lang='lat' dir='ltr'><strong>tanquam</strong></span> <span class='ocrx_word' id='word_1_467' title='bbox 3298 2569 3466 2625; x_wconf 79' lang='lat' dir='ltr'><strong>ange-</strong></span> 
     </span>
    </p>
   </div>
   <div class='ocr_carea' id='block_1_64' title="bbox 1892 2623 3465 2795">
    <p class='ocr_par' dir='ltr' id='par_1_64' title="bbox 1892 2623 3465 2795">
     <span class='ocr_line' id='line_1_64' title="bbox 1892 2623 3465 2795; baseline 0.017 -118"><span class='ocrx_word' id='word_1_468' title='bbox 1892 2623 2002 2680; x_wconf 91' lang='lat' dir='ltr'><strong>lum</strong></span> <span class='ocrx_word' id='word_1_469' title='bbox 2040 2636 2095 2681; x_wconf 91' lang='lat' dir='ltr'><strong>et</strong></span> <span class='ocrx_word' id='word_1_470' title='bbox 2126 2628 2308 2699; x_wconf 79' lang='lat' dir='ltr'><strong>veluti</strong></span> <span class='ocrx_word' id='word_1_471' title='bbox 2355 2632 2655 2704; x_wconf 81' lang='lat' dir='ltr'><strong>Christum,</strong></span> <span class='ocrx_word' id='word_1_472' title='bbox 2687 2647 2741 2695; x_wconf 88' lang='lat' dir='ltr'><strong>et</strong></span> <span class='ocrx_word' id='word_1_473' title='bbox 2781 2655 2875 2696; x_wconf 90' lang='lat' dir='ltr'><strong>vos</strong></span> <span class='ocrx_word' id='word_1_474' title='bbox 2925 2652 3034 2699; x_wconf 84' lang='lat' dir='ltr'><strong>non</strong></span> <span class='ocrx_word' id='word_1_475' title='bbox 3077 2645 3465 2795; x_wconf 46' lang='lat' dir='ltr'><strong>gendizjam</strong></span> 
     </span>
     <span class='ocr_line' id='line_1_65' title="bbox 1892 2722 3465 2795; baseline 0.016 -25"><span class='ocrx_word' id='word_1_476' title='bbox 1892 2729 2018 2772; x_wconf 86' lang='lat' dir='ltr'><strong>vero</strong></span> <span class='ocrx_word' id='word_1_477' title='bbox 2055 2733 2178 2774; x_wconf 78' lang='lat' dir='ltr'><strong>cum</strong></span> <span class='ocrx_word' id='word_1_478' title='bbox 2209 2722 2485 2780; x_wconf 84' lang='lat' dir='ltr'><strong>consulam</strong></span> <span class='ocrx_word' id='word_1_479' title='bbox 2513 2729 2666 2785; x_wconf 83' lang='lat' dir='ltr'><strong>vobis</strong></span> <span class='ocrx_word' id='word_1_480' title='bbox 2694 2746 2815 2795; x_wconf 67' lang='lat' dir='ltr'><strong>qua:</strong></span> <span class='ocrx_word' id='word_1_481' title='bbox 2855 2733 3080 2792; x_wconf 88' lang='lat' dir='ltr'><strong>honesta</strong></span> <span class='ocrx_word' id='word_1_482' title='bbox 3156 2748 3270 2795; x_wconf 91' lang='lat' dir='ltr'><strong>unt.</strong></span> <span class='ocrx_word' id='word_1_483' title='bbox 3301 2741 3465 2795; x_wconf 87' lang='lat' dir='ltr'><strong>veluti</strong></span> 
     </span>
    </p>
   </div>
   <div class='ocr_carea' id='block_1_65' title="bbox 1891 2722 3467 2802">
    <p class='ocr_par' dir='ltr' id='par_1_65' title="bbox 1891 2722 3467 2802">
     <span class='ocr_line' id='line_1_66' title="bbox 1891 2722 3467 2802; baseline 0.016 -32"><span class='ocrx_word' id='word_1_484' title='bbox 1891 2729 2018 2772; x_wconf 85' lang='lat' dir='ltr'><strong>vero</strong></span> <span class='ocrx_word' id='word_1_485' title='bbox 2055 2733 2178 2774; x_wconf 78' lang='lat' dir='ltr'><strong>cum</strong></span> <span class='ocrx_word' id='word_1_486' title='bbox 2209 2722 2485 2780; x_wconf 84' lang='lat' dir='ltr'><strong>consulam</strong></span> <span class='ocrx_word' id='word_1_487' title='bbox 2513 2729 2666 2785; x_wconf 83' lang='lat' dir='ltr'><strong>vobis</strong></span> <span class='ocrx_word' id='word_1_488' title='bbox 2694 2746 2815 2802; x_wconf 67' lang='lat' dir='ltr'><strong>qua:</strong></span> <span class='ocrx_word' id='word_1_489' title='bbox 2855 2722 3270 2802; x_wconf 53' lang='lat' dir='ltr'><strong>honesta‘Hmt,</strong></span> <span class='ocrx_word' id='word_1_490' title='bbox 3301 2741 3467 2797; x_wconf 89' lang='lat' dir='ltr'><strong>veluti</strong></span> 
     </span>
    </p>
   </div>
   <div class='ocr_carea' id='block_1_66' title="bbox 1890 2807 3387 2904">
    <p class='ocr_par' dir='ltr' id='par_1_66' title="bbox 1890 2807 3387 2904">
     <span class='ocr_line' id='line_1_67' title="bbox 1890 2807 3387 2904; baseline 0.019 -42"><span class='ocrx_word' id='word_1_491' title='bbox 1890 2807 2096 2864; x_wconf 90' lang='lat' dir='ltr'><strong>hostem</strong></span> <span class='ocrx_word' id='word_1_492' title='bbox 2121 2810 2353 2882; x_wconf 87' lang='lat' dir='ltr'><strong>judicari</strong></span> <span class='ocrx_word' id='word_1_493' title='bbox 2385 2831 2473 2874; x_wconf 91' lang='lat' dir='ltr'><strong>me</strong></span> <span class='ocrx_word' id='word_1_494' title='bbox 2501 2833 2530 2873; x_wconf 91' lang='lat' dir='ltr'><strong>a</strong></span> <span class='ocrx_word' id='word_1_495' title='bbox 2557 2820 2728 2888; x_wconf 90' lang='lat' dir='ltr'><strong>vobis,</strong></span> <span class='ocrx_word' id='word_1_496' title='bbox 2754 2833 2813 2880; x_wconf 91' lang='lat' dir='ltr'><strong>et</strong></span> <span class='ocrx_word' id='word_1_497' title='bbox 2835 2826 3056 2886; x_wconf 91' lang='lat' dir='ltr'><strong>minime</strong></span> <span class='ocrx_word' id='word_1_498' title='bbox 3091 2833 3291 2904; x_wconf 85' lang='lat' dir='ltr'><strong>suscipi</strong></span> <span class='ocrx_word' id='word_1_499' title='bbox 3317 2834 3342 2890; x_wconf 83' lang='lat'><strong>?</strong></span> <span class='ocrx_word' id='word_1_500' title='bbox 3365 2854 3387 2890; x_wconf 70' lang='grc' dir='ltr'><strong>ι</strong></span> 
     </span>
    </p>
   </div>
   <div class='ocr_carea' id='block_1_67' title="bbox 1962 2899 3466 2988">
    <p class='ocr_par' dir='ltr' id='par_1_67' title="bbox 1962 2899 3466 2988">
     <span class='ocr_line' id='line_1_68' title="bbox 1962 2899 3466 2988; baseline 0.023 -35"><span class='ocrx_word' id='word_1_501' title='bbox 1962 2899 2126 2957; x_wconf 70' lang='lat' dir='ltr'><strong>Vens.</strong></span> <span class='ocrx_word' id='word_1_502' title='bbox 2159 2904 2246 2961; x_wconf 82' lang='grc'><strong>15.</strong></span> <span class='ocrx_word' id='word_1_503' title='bbox 2277 2925 2295 2959; x_wconf 82' lang='grc' dir='ltr'><strong>ι</strong></span> <span class='ocrx_word' id='word_1_504' title='bbox 2339 2908 2437 2964; x_wconf 90' lang='lat' dir='ltr'><strong>Ubi</strong></span> <span class='ocrx_word' id='word_1_505' title='bbox 2469 2921 2554 2968; x_wconf 91' lang='lat' dir='ltr'><strong>est</strong></span> <span class='ocrx_word' id='word_1_506' title='bbox 2577 2928 2707 2985; x_wconf 81' lang='lat' dir='ltr'><strong>ergo</strong></span> <span class='ocrx_word' id='word_1_507' title='bbox 2738 2917 3016 2978; x_wconf 90' lang='lat' dir='ltr'><strong>beatitudo</strong></span> <span class='ocrx_word' id='word_1_508' title='bbox 3039 2899 3258 2988; x_wconf 75' lang='lat' dir='ltr'><strong>vestra?</strong></span> <span class='ocrx_word' id='word_1_509' title='bbox 3279 2948 3296 2980; x_wconf 75' lang='grc' dir='ltr'><strong>ι</strong></span> <span class='ocrx_word' id='word_1_510' title='bbox 3329 2931 3466 2986; x_wconf 80' lang='lat' dir='ltr'><strong>Am-</strong></span> 
     </span>
    </p>
   </div>
   <div class='ocr_carea' id='block_1_68' title="bbox 1888 2991 3468 3077">
    <p class='ocr_par' dir='ltr' id='par_1_68' title="bbox 1888 2991 3468 3077">
     <span class='ocr_line' id='line_1_69' title="bbox 1888 2991 3468 3077; baseline 0.018 -29"><span class='ocrx_word' id='word_1_511' title='bbox 1888 2991 2023 3065; x_wconf 85' lang='lat' dir='ltr'><strong>bigit</strong></span> <span class='ocrx_word' id='word_1_512' title='bbox 2049 3005 2103 3051; x_wconf 86' lang='lat' dir='ltr'><strong>et</strong></span> <span class='ocrx_word' id='word_1_513' title='bbox 2134 2997 2438 3058; x_wconf 88' lang='lat' dir='ltr'><strong>admiratur</strong></span> <span class='ocrx_word' id='word_1_514' title='bbox 2463 3011 2518 3060; x_wconf 90' lang='lat' dir='ltr'><strong>et</strong></span> <span class='ocrx_word' id='word_1_515' title='bbox 2541 3005 2617 3061; x_wconf 89' lang='lat' dir='ltr'><strong>ait</strong></span> <span class='ocrx_word' id='word_1_516' title='bbox 2645 3025 2660 3063; x_wconf 91' lang='lat'><strong>:</strong></span> <span class='ocrx_word' id='word_1_517' title='bbox 2688 3007 2820 3076; x_wconf 76' lang='lat' dir='ltr'><strong>Quae</strong></span> <span class='ocrx_word' id='word_1_518' title='bbox 2838 3021 2922 3069; x_wconf 88' lang='lat' dir='ltr'><strong>est</strong></span> <span class='ocrx_word' id='word_1_519' title='bbox 2947 3013 3224 3076; x_wconf 89' lang='lat' dir='ltr'><strong>beatitudo</strong></span> <span class='ocrx_word' id='word_1_520' title='bbox 3251 3023 3468 3077; x_wconf 81' lang='lat' dir='ltr'><strong>vestra?</strong></span> 
     </span>
    </p>
   </div>
   <div class='ocr_carea' id='block_1_69' title="bbox 1889 3083 3466 3184">
    <p class='ocr_par' dir='ltr' id='par_1_69' title="bbox 1889 3083 3466 3184">
     <span class='ocr_line' id='line_1_70' title="bbox 1889 3083 3466 3184; baseline 0.02 -46"><span class='ocrx_word' id='word_1_521' title='bbox 1889 3083 1994 3140; x_wconf 89' lang='lat' dir='ltr'><strong>hoc</strong></span> <span class='ocrx_word' id='word_1_522' title='bbox 2025 3095 2132 3155; x_wconf 88' lang='lat' dir='ltr'><strong>est,</strong></span> <span class='ocrx_word' id='word_1_523' title='bbox 2159 3088 2404 3156; x_wconf 87' lang='lat' dir='ltr'><strong>Quonam</strong></span> <span class='ocrx_word' id='word_1_524' title='bbox 2457 3097 2704 3156; x_wconf 86' lang='lat' dir='ltr'><strong>abierunt</strong></span> <span class='ocrx_word' id='word_1_525' title='bbox 2745 3102 2835 3157; x_wconf 86' lang='lat' dir='ltr'><strong>illa</strong></span> <span class='ocrx_word' id='word_1_526' title='bbox 2882 3109 3062 3163; x_wconf 88' lang='lat' dir='ltr'><strong>omnia</strong></span> <span class='ocrx_word' id='word_1_527' title='bbox 3093 3120 3312 3184; x_wconf 79' lang='lat' dir='ltr'><strong>propter</strong></span> <span class='ocrx_word' id='word_1_528' title='bbox 3345 3129 3466 3183; x_wconf 68' lang='lat' dir='ltr'><strong>qua</strong></span> 
     </span>
    </p>
   </div>
   <div class='ocr_carea' id='block_1_70' title="bbox 1889 3175 3465 3264">
    <p class='ocr_par' dir='ltr' id='par_1_70' title="bbox 1889 3175 3465 3264">
     <span class='ocr_line' id='line_1_71' title="bbox 1889 3175 3465 3264; baseline 0.02 -34"><span class='ocrx_word' id='word_1_529' title='bbox 1889 3175 2074 3235; x_wconf 80' lang='lat' dir='ltr'><strong>felices</strong></span> <span class='ocrx_word' id='word_1_530' title='bbox 2136 3183 2580 3250; x_wconf 72' lang='lat' dir='ltr'><strong>pratdicabamini</strong></span> <span class='ocrx_word' id='word_1_531' title='bbox 2642 3192 2710 3246; x_wconf 89' lang='lat' dir='ltr'><strong>ab</strong></span> <span class='ocrx_word' id='word_1_532' title='bbox 2766 3196 3038 3264; x_wconf 88' lang='lat' dir='ltr'><strong>omnibus,</strong></span> <span class='ocrx_word' id='word_1_533' title='bbox 3076 3175 3465 3261; x_wconf 41' lang='lat' dir='ltr'><strong>c—eu&#39;doctoris</strong></span> 
     </span>
    </p>
   </div>
   <div class='ocr_carea' id='block_1_71' title="bbox 1887 3270 3461 3358">
    <p class='ocr_par' dir='ltr' id='par_1_71' title="bbox 1887 3270 3461 3358">
     <span class='ocr_line' id='line_1_72' title="bbox 1887 3270 3461 3358; baseline 0.02 -38"><span class='ocrx_word' id='word_1_534' title='bbox 1887 3270 2051 3326; x_wconf 89' lang='lat' dir='ltr'><strong>vestri</strong></span> <span class='ocrx_word' id='word_1_535' title='bbox 2089 3276 2378 3332; x_wconf 87' lang='lat' dir='ltr'><strong>amantes?</strong></span> <span class='ocrx_word' id='word_1_536' title='bbox 2403 3275 2504 3334; x_wconf 86' lang='lat' dir='ltr'><strong>Ubi</strong></span> <span class='ocrx_word' id='word_1_537' title='bbox 2535 3295 2678 3338; x_wconf 91' lang='lat' dir='ltr'><strong>nunc</strong></span> <span class='ocrx_word' id='word_1_538' title='bbox 2718 3286 2843 3341; x_wconf 85' lang='lat' dir='ltr'><strong>est?</strong></span> <span class='ocrx_word' id='word_1_539' title='bbox 2871 3285 2926 3341; x_wconf 94' lang='lat' dir='ltr'><strong>ln</strong></span> <span class='ocrx_word' id='word_1_540' title='bbox 2951 3291 3080 3358; x_wconf 80' lang='lat' dir='ltr'><strong>quid</strong></span> <span class='ocrx_word' id='word_1_541' title='bbox 3127 3306 3461 3352; x_wconf 87' lang='lat' dir='ltr'><strong>commutata</strong></span> 
     </span>
    </p>
   </div>
   <div class='ocr_carea' id='block_1_72' title="bbox 1881 3360 3462 3444">
    <p class='ocr_par' dir='ltr' id='par_1_72' title="bbox 1881 3360 3462 3444">
     <span class='ocr_line' id='line_1_73' title="bbox 1881 3360 3462 3444; baseline 0.018 -29"><span class='ocrx_word' id='word_1_542' title='bbox 1881 3368 1966 3416; x_wconf 82' lang='lat' dir='ltr'><strong>est</strong></span> <span class='ocrx_word' id='word_1_543' title='bbox 2017 3360 2294 3422; x_wconf 85' lang='lat' dir='ltr'><strong>beatitudo</strong></span> <span class='ocrx_word' id='word_1_544' title='bbox 2353 3368 2446 3424; x_wconf 90' lang='lat' dir='ltr'><strong>illa</strong></span> <span class='ocrx_word' id='word_1_545' title='bbox 2495 3374 2716 3429; x_wconf 81' lang='lat' dir='ltr'><strong>vestra?</strong></span> <span class='ocrx_word' id='word_1_546' title='bbox 2755 3374 2908 3434; x_wconf 90' lang='lat' dir='ltr'><strong>Nunc</strong></span> <span class='ocrx_word' id='word_1_547' title='bbox 2939 3381 3080 3436; x_wconf 90' lang='lat' dir='ltr'><strong>enim</strong></span> <span class='ocrx_word' id='word_1_548' title='bbox 3139 3384 3297 3440; x_wconf 89' lang='lat' dir='ltr'><strong>istam</strong></span> <span class='ocrx_word' id='word_1_549' title='bbox 3353 3402 3462 3444; x_wconf 92' lang='lat' dir='ltr'><strong>non</strong></span> 
     </span>
    </p>
   </div>
   <div class='ocr_carea' id='block_1_73' title="bbox 1882 3452 3460 3537">
    <p class='ocr_par' dir='ltr' id='par_1_73' title="bbox 1882 3452 3460 3537">
     <span class='ocr_line' id='line_1_74' title="bbox 1882 3452 3460 3537; baseline 0.018 -29"><span class='ocrx_word' id='word_1_550' title='bbox 1882 3452 2060 3519; x_wconf 83' lang='lat' dir='ltr'><strong>video,</strong></span> <span class='ocrx_word' id='word_1_551' title='bbox 2083 3459 2234 3514; x_wconf 86' lang='lat' dir='ltr'><strong>vobis</strong></span> <span class='ocrx_word' id='word_1_552' title='bbox 2259 3459 2514 3516; x_wconf 89' lang='lat' dir='ltr'><strong>nimirum</strong></span> <span class='ocrx_word' id='word_1_553' title='bbox 2541 3469 2814 3524; x_wconf 83' lang='lat' dir='ltr'><strong>contrario</strong></span> <span class='ocrx_word' id='word_1_554' title='bbox 2845 3472 3005 3527; x_wconf 91' lang='lat' dir='ltr'><strong>modo</strong></span> <span class='ocrx_word' id='word_1_555' title='bbox 3035 3474 3086 3528; x_wconf 93' lang='lat' dir='ltr'><strong>in</strong></span> <span class='ocrx_word' id='word_1_556' title='bbox 3117 3491 3200 3531; x_wconf 90' lang='lat' dir='ltr'><strong>me</strong></span> <span class='ocrx_word' id='word_1_557' title='bbox 3229 3476 3460 3537; x_wconf 62' lang='lat' dir='ltr'><strong>allectis.</strong></span> 
     </span>
    </p>
   </div>
   <div class='ocr_carea' id='block_1_74' title="bbox 1959 3546 3459 3638">
    <p class='ocr_par' dir='ltr' id='par_1_74' title="bbox 1959 3546 3459 3638">
     <span class='ocr_line' id='line_1_75' title="bbox 1959 3546 3459 3638; baseline 0.017 -38"><span class='ocrx_word' id='word_1_558' title='bbox 1959 3564 1977 3600; x_wconf 83' lang='grc' dir='ltr'><strong>ι</strong></span> <span class='ocrx_word' id='word_1_559' title='bbox 2010 3546 2398 3607; x_wconf 88' lang='lat' dir='ltr'><strong>Testimonium</strong></span> <span class='ocrx_word' id='word_1_560' title='bbox 2430 3554 2572 3610; x_wconf 91' lang='lat' dir='ltr'><strong>enim</strong></span> <span class='ocrx_word' id='word_1_561' title='bbox 2597 3559 2856 3628; x_wconf 88' lang='lat' dir='ltr'><strong>perhibeo</strong></span> <span class='ocrx_word' id='word_1_562' title='bbox 2878 3565 3052 3636; x_wconf 87' lang='lat' dir='ltr'><strong>vobis,</strong></span> <span class='ocrx_word' id='word_1_563' title='bbox 3078 3571 3240 3638; x_wconf 88' lang='lat' dir='ltr'><strong>quod,</strong></span> <span class='ocrx_word' id='word_1_564' title='bbox 3263 3571 3309 3626; x_wconf 91' lang='lat' dir='ltr'><strong>si</strong></span> <span class='ocrx_word' id='word_1_565' title='bbox 3341 3571 3389 3627; x_wconf 56' lang='lat' dir='ltr'><strong>ﬁt</strong></span> <span class='ocrx_word' id='word_1_566' title='bbox 3414 3574 3459 3628; x_wconf 91' lang='lat' dir='ltr'><strong>ri</strong></span> 
     </span>
    </p>
   </div>
   <div class='ocr_carea' id='block_1_75' title="bbox 1880 3639 3458 3726">
    <p class='ocr_par' dir='ltr' id='par_1_75' title="bbox 1880 3639 3458 3726">
     <span class='ocr_line' id='line_1_76' title="bbox 1880 3639 3458 3726; baseline 0.019 -34"><span class='ocrx_word' id='word_1_567' title='bbox 1880 3639 2164 3710; x_wconf 87' lang='lat' dir='ltr'><strong>potuisset,</strong></span> <span class='ocrx_word' id='word_1_568' title='bbox 2207 3644 2399 3703; x_wconf 89' lang='lat' dir='ltr'><strong>oculos</strong></span> <span class='ocrx_word' id='word_1_569' title='bbox 2448 3661 2662 3710; x_wconf 86' lang='lat' dir='ltr'><strong>vestros</strong></span> <span class='ocrx_word' id='word_1_570' title='bbox 2708 3655 3012 3726; x_wconf 85' lang='lat' dir='ltr'><strong>eruissetis,</strong></span> <span class='ocrx_word' id='word_1_571' title='bbox 3053 3670 3109 3716; x_wconf 89' lang='lat' dir='ltr'><strong>et</strong></span> <span class='ocrx_word' id='word_1_572' title='bbox 3162 3662 3458 3722; x_wconf 83' lang='lat' dir='ltr'><strong>dedissetis</strong></span> 
     </span>
    </p>
   </div>
   <div class='ocr_carea' id='block_1_76' title="bbox 1880 3730 3461 3817">
    <p class='ocr_par' dir='ltr' id='par_1_76' title="bbox 1880 3730 3461 3817">
     <span class='ocr_line' id='line_1_77' title="bbox 1880 3730 3461 3817; baseline 0.02 -34"><span class='ocrx_word' id='word_1_573' title='bbox 1880 3730 2035 3785; x_wconf 89' lang='lat' dir='ltr'><strong>mihi.</strong></span> <span class='ocrx_word' id='word_1_574' title='bbox 2074 3752 2095 3786; x_wconf 72' lang='grc' dir='ltr'><strong>ι</strong></span> <span class='ocrx_word' id='word_1_575' title='bbox 2130 3732 2270 3790; x_wconf 88' lang='lat' dir='ltr'><strong>Olim</strong></span> <span class='ocrx_word' id='word_1_576' title='bbox 2307 3749 2525 3809; x_wconf 88' lang='lat' dir='ltr'><strong>propter</strong></span> <span class='ocrx_word' id='word_1_577' title='bbox 2554 3745 2700 3802; x_wconf 81' lang='lat' dir='ltr'><strong>verbi</strong></span> <span class='ocrx_word' id='word_1_578' title='bbox 2735 3750 3193 3817; x_wconf 59' lang='lat' dir='ltr'><strong>praedicationem.</strong></span> <span class='ocrx_word' id='word_1_579' title='bbox 3242 3756 3461 3814; x_wconf 68' lang='lat' dir='ltr'><strong>chario~</strong></span> 
     </span>
    </p>
   </div>
   <div class='ocr_carea' id='block_1_77' title="bbox 1883 3827 3460 3924">
    <p class='ocr_par' dir='ltr' id='par_1_77' title="bbox 1883 3827 3460 3924">
     <span class='ocr_line' id='line_1_78' title="bbox 1883 3827 3460 3924; baseline 0.021 -49"><span class='ocrx_word' id='word_1_580' title='bbox 1883 3835 1995 3877; x_wconf 89' lang='lat' dir='ltr'><strong>rem</strong></span> <span class='ocrx_word' id='word_1_581' title='bbox 2025 3838 2112 3880; x_wconf 91' lang='lat' dir='ltr'><strong>me</strong></span> <span class='ocrx_word' id='word_1_582' title='bbox 2137 3827 2309 3886; x_wconf 88' lang='lat' dir='ltr'><strong>oculis</strong></span> <span class='ocrx_word' id='word_1_583' title='bbox 2339 3835 2534 3890; x_wconf 89' lang='lat' dir='ltr'><strong>vestris</strong></span> <span class='ocrx_word' id='word_1_584' title='bbox 2557 3835 2842 3898; x_wconf 83' lang='lat' dir='ltr'><strong>habuistis.</strong></span> <span class='ocrx_word' id='word_1_585' title='bbox 2875 3841 3014 3911; x_wconf 84' lang='lat' dir='ltr'><strong>Quid</strong></span> <span class='ocrx_word' id='word_1_586' title='bbox 3047 3845 3210 3917; x_wconf 83' lang='lat' dir='ltr'><strong>igitur</strong></span> <span class='ocrx_word' id='word_1_587' title='bbox 3232 3851 3460 3924; x_wconf 82' lang='lat' dir='ltr'><strong>contigit</strong></span> 
     </span>
    </p>
   </div>
   <div class='ocr_carea' id='block_1_78' title="bbox 1879 3914 3456 4003">
    <p class='ocr_par' dir='ltr' id='par_1_78' title="bbox 1879 3914 3456 4003">
     <span class='ocr_line' id='line_1_79' title="bbox 1879 3914 3456 4003; baseline 0.023 -38"><span class='ocrx_word' id='word_1_588' title='bbox 1879 3914 2024 3984; x_wconf 82' lang='lat' dir='ltr'><strong>quod</strong></span> <span class='ocrx_word' id='word_1_589' title='bbox 2051 3915 2221 3974; x_wconf 88' lang='lat' dir='ltr'><strong>hostis</strong></span> <span class='ocrx_word' id='word_1_590' title='bbox 2255 3920 2428 3978; x_wconf 85' lang='lat' dir='ltr'><strong>instar</strong></span> <span class='ocrx_word' id='word_1_591' title='bbox 2449 3941 2532 3983; x_wconf 91' lang='lat' dir='ltr'><strong>me</strong></span> <span class='ocrx_word' id='word_1_592' title='bbox 2559 3943 2704 3986; x_wconf 89' lang='lat' dir='ltr'><strong>nunc</strong></span> <span class='ocrx_word' id='word_1_593' title='bbox 2735 3914 3089 4003; x_wconf 75' lang='lat' dir='ltr'><strong>suspicemini</strong></span> <span class='ocrx_word' id='word_1_594' title='bbox 3109 3939 3131 3995; x_wconf 76' lang='grc' dir='ltr'><strong>ῖ</strong></span> <span class='ocrx_word' id='word_1_595' title='bbox 3148 3914 3456 4002; x_wconf 44' lang='lat' dir='ltr'><strong>Absurduvm</strong></span> 
     </span>
    </p>
   </div>
   <div class='ocr_carea' id='block_1_79' title="bbox 1879 4005 3456 4094">
    <p class='ocr_par' dir='ltr' id='par_1_79' title="bbox 1879 4005 3456 4094">
     <span class='ocr_line' id='line_1_80' title="bbox 1879 4005 3456 4094; baseline 0.02 -32"><span class='ocrx_word' id='word_1_596' title='bbox 1879 4005 2024 4062; x_wconf 90' lang='lat' dir='ltr'><strong>enim</strong></span> <span class='ocrx_word' id='word_1_597' title='bbox 2073 4018 2178 4076; x_wconf 87' lang='lat' dir='ltr'><strong>est,</strong></span> <span class='ocrx_word' id='word_1_598' title='bbox 2212 4021 2270 4068; x_wconf 93' lang='lat' dir='ltr'><strong>ut</strong></span> <span class='ocrx_word' id='word_1_599' title='bbox 2307 4013 2352 4070; x_wconf 89' lang='lat' dir='ltr'><strong>is</strong></span> <span class='ocrx_word' id='word_1_600' title='bbox 2388 4015 2480 4088; x_wconf 91' lang='lat' dir='ltr'><strong>qui</strong></span> <span class='ocrx_word' id='word_1_601' title='bbox 2509 4027 2658 4077; x_wconf 86' lang='lat' dir='ltr'><strong>tanto</strong></span> <span class='ocrx_word' id='word_1_602' title='bbox 2688 4035 2719 4077; x_wconf 90' lang='lat' dir='ltr'><strong>a</strong></span> <span class='ocrx_word' id='word_1_603' title='bbox 2757 4023 2915 4084; x_wconf 89' lang='lat' dir='ltr'><strong>vobis</strong></span> <span class='ocrx_word' id='word_1_604' title='bbox 2953 4027 3163 4088; x_wconf 88' lang='lat' dir='ltr'><strong>honore</strong></span> <span class='ocrx_word' id='word_1_605' title='bbox 3191 4033 3264 4089; x_wconf 87' lang='lat' dir='ltr'><strong>sit</strong></span> <span class='ocrx_word' id='word_1_606' title='bbox 3319 4035 3456 4094; x_wconf 66' lang='grc' dir='ltr'><strong>εσυ-</strong></span> 
     </span>
    </p>
   </div>
   <div class='ocr_carea' id='block_1_80' title="bbox 1880 4100 3001 4176">
    <p class='ocr_par' dir='ltr' id='par_1_80' title="bbox 1880 4100 3001 4176">
     <span class='ocr_line' id='line_1_81' title="bbox 1880 4100 3001 4176; baseline 0.021 -23"><span class='ocrx_word' id='word_1_607' title='bbox 1880 4107 2023 4167; x_wconf 87' lang='lat' dir='ltr'><strong>ctus,</strong></span> <span class='ocrx_word' id='word_1_608' title='bbox 2055 4100 2272 4163; x_wconf 88' lang='lat' dir='ltr'><strong>inimica</strong></span> <span class='ocrx_word' id='word_1_609' title='bbox 2303 4106 2418 4166; x_wconf 72' lang='lat' dir='ltr'><strong>hate</strong></span> <span class='ocrx_word' id='word_1_610' title='bbox 2445 4112 2601 4171; x_wconf 87' lang='lat' dir='ltr'><strong>vobis</strong></span> <span class='ocrx_word' id='word_1_611' title='bbox 2627 4126 2808 4174; x_wconf 88' lang='lat' dir='ltr'><strong>mente</strong></span> <span class='ocrx_word' id='word_1_612' title='bbox 2832 4118 3001 4176; x_wconf 90' lang='lat' dir='ltr'><strong>dicat.</strong></span> 
     </span>
    </p>
   </div>
   <div class='ocr_carea' id='block_1_81' title="bbox 1953 4189 3460 4288">
    <p class='ocr_par' dir='ltr' id='par_1_81' title="bbox 1953 4189 3460 4288">
     <span class='ocr_line' id='line_1_82' title="bbox 1953 4189 3460 4288; baseline 0.023 -42"><span class='ocrx_word' id='word_1_613' title='bbox 1953 4189 2116 4250; x_wconf 70' lang='lat' dir='ltr'><strong>Vens.</strong></span> <span class='ocrx_word' id='word_1_614' title='bbox 2142 4195 2230 4254; x_wconf 88' lang='lat' dir='ltr'><strong>l6.</strong></span> <span class='ocrx_word' id='word_1_615' title='bbox 2263 4217 2283 4252; x_wconf 75' lang='grc' dir='ltr'><strong>ι</strong></span> <span class='ocrx_word' id='word_1_616' title='bbox 2313 4200 2456 4273; x_wconf 84' lang='lat' dir='ltr'><strong>Ergo</strong></span> <span class='ocrx_word' id='word_1_617' title='bbox 2480 4203 2732 4274; x_wconf 86' lang='lat' dir='ltr'><strong>inimicus</strong></span> <span class='ocrx_word' id='word_1_618' title='bbox 2772 4210 2927 4270; x_wconf 87' lang='lat' dir='ltr'><strong>vobis</strong></span> <span class='ocrx_word' id='word_1_619' title='bbox 2975 4211 3154 4274; x_wconf 80' lang='lat' dir='ltr'><strong>factus</strong></span> <span class='ocrx_word' id='word_1_620' title='bbox 3183 4231 3460 4288; x_wconf 78' lang='lat' dir='ltr'><strong>sum,-\-e-</strong></span> 
     </span>
    </p>
   </div>
   <div class='ocr_carea' id='block_1_82' title="bbox 1881 4287 3459 4376">
    <p class='ocr_par' dir='ltr' id='par_1_82' title="bbox 1881 4287 3459 4376">
     <span class='ocr_line' id='line_1_83' title="bbox 1881 4287 3459 4376; baseline 0.022 -39"><span class='ocrx_word' id='word_1_621' title='bbox 1881 4297 2001 4338; x_wconf 89' lang='lat' dir='ltr'><strong>rum</strong></span> <span class='ocrx_word' id='word_1_622' title='bbox 2045 4287 2235 4346; x_wconf 89' lang='lat' dir='ltr'><strong>dicens</strong></span> <span class='ocrx_word' id='word_1_623' title='bbox 2284 4293 2517 4351; x_wconf 66' lang='lat' dir='ltr'><strong>vobis?»</strong></span> <span class='ocrx_word' id='word_1_624' title='bbox 2543 4298 2741 4369; x_wconf 87' lang='lat' dir='ltr'><strong>Aliam,</strong></span> <span class='ocrx_word' id='word_1_625' title='bbox 2776 4303 2972 4376; x_wconf 88' lang='lat' dir='ltr'><strong>inquit,</strong></span> <span class='ocrx_word' id='word_1_626' title='bbox 3005 4314 3112 4364; x_wconf 87' lang='lat' dir='ltr'><strong>non</strong></span> <span class='ocrx_word' id='word_1_627' title='bbox 3149 4311 3308 4368; x_wconf 90' lang='lat' dir='ltr'><strong>video</strong></span> <span class='ocrx_word' id='word_1_628' title='bbox 3354 4316 3459 4370; x_wconf 79' lang='lat' dir='ltr'><strong>ini-</strong></span> 
     </span>
    </p>
   </div>
   <div class='ocr_carea' id='block_1_83' title="bbox 1879 4376 3455 4462">
    <p class='ocr_par' dir='ltr' id='par_1_83' title="bbox 1879 4376 3455 4462">
     <span class='ocr_line' id='line_1_84' title="bbox 1879 4376 3455 4462; baseline 0.02 -32"><span class='ocrx_word' id='word_1_629' title='bbox 1879 4376 2098 4436; x_wconf 76' lang='lat' dir='ltr'><strong>micitite</strong></span> <span class='ocrx_word' id='word_1_630' title='bbox 2123 4395 2371 4453; x_wconf 91' lang='lat' dir='ltr'><strong>causam,</strong></span> <span class='ocrx_word' id='word_1_631' title='bbox 2400 4401 2561 4458; x_wconf 89' lang='lat' dir='ltr'><strong>quam</strong></span> <span class='ocrx_word' id='word_1_632' title='bbox 2605 4394 2747 4462; x_wconf 87' lang='lat' dir='ltr'><strong>quod</strong></span> <span class='ocrx_word' id='word_1_633' title='bbox 2791 4395 3074 4455; x_wconf 82' lang='lat' dir='ltr'><strong>veritatem</strong></span> <span class='ocrx_word' id='word_1_634' title='bbox 3116 4400 3267 4460; x_wconf 91' lang='lat' dir='ltr'><strong>vobis</strong></span> <span class='ocrx_word' id='word_1_635' title='bbox 3299 4406 3455 4462; x_wconf 80' lang='lat' dir='ltr'><strong>dixe-</strong></span> 
     </span>
    </p>
   </div>
   <div class='ocr_carea' id='block_1_84' title="bbox 1879 4469 2616 4552">
    <p class='ocr_par' dir='ltr' id='par_1_84' title="bbox 1879 4469 2616 4552">
     <span class='ocr_line' id='line_1_85' title="bbox 1879 4469 2616 4552; baseline 0.018 -28"><span class='ocrx_word' id='word_1_636' title='bbox 1879 4469 2005 4538; x_wconf 89' lang='lat' dir='ltr'><strong>rim,</strong></span> <span class='ocrx_word' id='word_1_637' title='bbox 2065 4477 2616 4552; x_wconf 90' lang='lat' dir='ltr'><strong>reprehenderimque</strong></span> 
     </span>
    </p>
   </div>
   <div class='ocr_carea' id='block_1_85' title="bbox 179 4531 1787 4651">
    <p class='ocr_par' dir='ltr' id='par_1_85' title="bbox 179 4531 1778 4631">
     <span class='ocr_line' id='line_1_86' title="bbox 179 4531 1778 4631; baseline 0.019 -49"><span class='ocrx_word' id='word_1_638' title='bbox 179 4531 552 4602; x_wconf 78' lang='grc' dir='ltr'><strong>ἁγαπηθῆναι</strong></span> <span class='ocrx_word' id='word_1_639' title='bbox 582 4540 714 4610; x_wconf 85' lang='grc' dir='ltr'><strong>παρ’</strong></span> <span class='ocrx_word' id='word_1_640' title='bbox 763 4540 939 4612; x_wconf 81' lang='grc' dir='ltr'><strong>ὑμῶν,</strong></span> <span class='ocrx_word' id='word_1_641' title='bbox 972 4544 1048 4610; x_wconf 85' lang='grc' dir='ltr'><strong>ὡς</strong></span> <span class='ocrx_word' id='word_1_642' title='bbox 1095 4546 1392 4621; x_wconf 81' lang='grc' dir='ltr'><strong>κηδεμόνος</strong></span> <span class='ocrx_word' id='word_1_643' title='bbox 1419 4552 1580 4625; x_wconf 76' lang='grc' dir='ltr'><strong>ἔργον</strong></span> <span class='ocrx_word' id='word_1_644' title='bbox 1617 4531 1778 4631; x_wconf 66' lang='grc' dir='ltr'><strong>ποιῆ-</strong></span> 
     </span>
    </p>
   </div>
   <div class='ocr_carea' id='block_1_86' title="bbox 1899 4531 3458 4651">
    <p class='ocr_par' dir='ltr' id='par_1_86' title="bbox 1899 4531 3458 4651">
     <span class='ocr_line' id='line_1_87' title="bbox 1990 4531 3456 4555; baseline 0.018 -26"><span class='ocrx_word' id='word_1_645' title='bbox 1990 4531 2003 4538; x_wconf 69' lang='lat'><strong>,</strong></span> <span class='ocrx_word' id='word_1_646' title='bbox 2126 4531 2142 4545; x_wconf 87' lang='lat'>_</span> <span class='ocrx_word' id='word_1_647' title='bbox 2228 4531 2615 4552; x_wconf 12' lang='lat'><strong>,,7,,-__---,_-</strong></span> <span class='ocrx_word' id='word_1_648' title='bbox 2672 4531 2758 4542; x_wconf 79' lang='lat'><strong>.--</strong></span> <span class='ocrx_word' id='word_1_649' title='bbox 2829 4531 2927 4545; x_wconf 73' lang='grc'><strong>...-</strong></span> <span class='ocrx_word' id='word_1_650' title='bbox 3111 4531 3144 4550; x_wconf 83' lang='grc' dir='ltr'>ν</span> <span class='ocrx_word' id='word_1_651' title='bbox 3185 4531 3456 4555; x_wconf 68' lang='grc' dir='ltr'><strong>ιιιιυιιιυυθ</strong></span> 
     </span>
     <span class='ocr_line' id='line_1_88' title="bbox 1899 4531 3458 4651; baseline 0.022 -34"><span class='ocrx_word' id='word_1_652' title='bbox 1899 4565 2079 4622; x_wconf 72' lang='lat' dir='ltr'><strong>vestris</strong></span> <span class='ocrx_word' id='word_1_653' title='bbox 2134 4578 2440 4640; x_wconf 87' lang='lat' dir='ltr'><strong>corruptos.</strong></span> <span class='ocrx_word' id='word_1_654' title='bbox 2480 4574 2644 4646; x_wconf 79' lang='lat' dir='ltr'><strong>Atqui</strong></span> <span class='ocrx_word' id='word_1_655' title='bbox 2697 4592 2795 4648; x_wconf 90' lang='lat' dir='ltr'><strong>par</strong></span> <span class='ocrx_word' id='word_1_656' title='bbox 2843 4591 2986 4650; x_wconf 89' lang='lat' dir='ltr'><strong>erat,</strong></span> <span class='ocrx_word' id='word_1_657' title='bbox 3039 4531 3184 4644; x_wconf 62' lang='lat' dir='ltr'><strong>me;</strong></span> <span class='ocrx_word' id='word_1_658' title='bbox 3235 4591 3458 4651; x_wconf 87' lang='lat' dir='ltr'><strong>nomine</strong></span> 
     </span>
    </p>
   </div>
   <div class='ocr_carea' id='block_1_87' title="bbox 181 4635 389 4679">
    <p class='ocr_par' dir='ltr' id='par_1_87' title="bbox 181 4635 389 4679">
     <span class='ocr_line' id='line_1_89' title="bbox 181 4635 389 4679; baseline 0.019 -5"><span class='ocrx_word' id='word_1_659' title='bbox 181 4635 389 4679; x_wconf 80' lang='grc' dir='ltr'><strong>σαντα.</strong></span> 
     </span>
    </p>
   </div>
   <div class='ocr_carea' id='block_1_88' title="bbox 260 4803 1774 4902">
    <p class='ocr_par' dir='ltr' id='par_1_88' title="bbox 260 4803 1774 4902">
     <span class='ocr_line' id='line_1_90' title="bbox 260 4803 1774 4902; baseline 0.02 -46"><span class='ocrx_word' id='word_1_660' title='bbox 260 4822 282 4858; x_wconf 73' lang='grc' dir='ltr'><strong>ι</strong></span> <span class='ocrx_word' id='word_1_661' title='bbox 333 4803 601 4875; x_wconf 90' lang='grc' dir='ltr'><strong>Ζηλοῦσιν</strong></span> <span class='ocrx_word' id='word_1_662' title='bbox 649 4809 796 4880; x_wconf 77' lang='grc' dir='ltr'><strong>ὑμᾶς</strong></span> <span class='ocrx_word' id='word_1_663' title='bbox 827 4812 890 4866; x_wconf 83' lang='grc' dir='ltr'><strong>οὐ</strong></span> <span class='ocrx_word' id='word_1_664' title='bbox 915 4815 1115 4884; x_wconf 84' lang='grc' dir='ltr'><strong>καλῶς,</strong></span> <span class='ocrx_word' id='word_1_665' title='bbox 1144 4817 1260 4873; x_wconf 82' lang='grc' dir='ltr'><strong>ἀλλ’</strong></span> <span class='ocrx_word' id='word_1_666' title='bbox 1291 4820 1572 4880; x_wconf 81' lang='grc' dir='ltr'><strong>ἐκκλεῖσαι</strong></span> <span class='ocrx_word' id='word_1_667' title='bbox 1627 4828 1774 4902; x_wconf 80' lang='grc' dir='ltr'><strong>ὑμᾶς</strong></span> 
     </span>
    </p>
   </div>
   <div class='ocr_carea' id='block_1_89' title="bbox 175 4895 1774 4988">
    <p class='ocr_par' dir='ltr' id='par_1_89' title="bbox 175 4895 1774 4988">
     <span class='ocr_line' id='line_1_91' title="bbox 175 4895 1774 4988; baseline 0.018 -40"><span class='ocrx_word' id='word_1_668' title='bbox 175 4895 462 4971; x_wconf 66' lang='grc' dir='ltr'><strong>θέλουσιν,</strong></span> <span class='ocrx_word' id='word_1_669' title='bbox 493 4898 581 4953; x_wconf 87' lang='grc' dir='ltr'><strong>ῖνα</strong></span> <span class='ocrx_word' id='word_1_670' title='bbox 632 4901 835 4968; x_wconf 80' lang='grc' dir='ltr'><strong>αὐτοὺς</strong></span> <span class='ocrx_word' id='word_1_671' title='bbox 874 4902 1124 4978; x_wconf 77' lang='grc' dir='ltr'><strong>ζηλοῦτε.</strong></span> <span class='ocrx_word' id='word_1_672' title='bbox 1162 4929 1182 4964; x_wconf 74' lang='grc' dir='ltr'><strong>ι</strong></span> <span class='ocrx_word' id='word_1_673' title='bbox 1243 4913 1412 4984; x_wconf 83' lang='grc' dir='ltr'><strong>Ζῆλος</strong></span> <span class='ocrx_word' id='word_1_674' title='bbox 1468 4917 1569 4988; x_wconf 89' lang='grc' dir='ltr'><strong>μέν</strong></span> <span class='ocrx_word' id='word_1_675' title='bbox 1624 4895 1774 4976; x_wconf 80' lang='grc' dir='ltr'><strong>ἐστιν</strong></span> 
     </span>
    </p>
   </div>
   <div class='ocr_carea' id='block_1_90' title="bbox 175 4989 1771 5082">
    <p class='ocr_par' dir='ltr' id='par_1_90' title="bbox 175 4989 1771 5082">
     <span class='ocr_line' id='line_1_92' title="bbox 175 4989 1771 5082; baseline 0.016 -37"><span class='ocrx_word' id='word_1_676' title='bbox 175 4989 422 5061; x_wconf 76' lang='grc' dir='ltr'><strong>ἀγαθὸς,</strong></span> <span class='ocrx_word' id='word_1_677' title='bbox 451 4992 580 5046; x_wconf 77' lang='grc' dir='ltr'><strong>ὅταν</strong></span> <span class='ocrx_word' id='word_1_678' title='bbox 605 5012 692 5060; x_wconf 86' lang='grc' dir='ltr'><strong>τις</strong></span> <span class='ocrx_word' id='word_1_679' title='bbox 728 4997 930 5070; x_wconf 77' lang='grc' dir='ltr'><strong>ἀρετὴν</strong></span> <span class='ocrx_word' id='word_1_680' title='bbox 967 5005 1204 5074; x_wconf 80' lang='grc' dir='ltr'><strong>μιμηταί</strong></span> <span class='ocrx_word' id='word_1_681' title='bbox 1233 5021 1409 5074; x_wconf 73' lang='grc' dir='ltr'><strong>τινος*</strong></span> <span class='ocrx_word' id='word_1_682' title='bbox 1438 5009 1598 5082; x_wconf 84' lang='grc' dir='ltr'><strong>ζῆλος</strong></span> <span class='ocrx_word' id='word_1_683' title='bbox 1624 5014 1680 5069; x_wconf 80' lang='grc' dir='ltr'><strong>δέ</strong></span> <span class='ocrx_word' id='word_1_684' title='bbox 1709 5016 1771 5071; x_wconf 85' lang='grc' dir='ltr'><strong>οὐ</strong></span> 
     </span>
    </p>
   </div>
   <div class='ocr_carea' id='block_1_91' title="bbox 174 5084 1771 5174">
    <p class='ocr_par' dir='ltr' id='par_1_91' title="bbox 174 5084 1771 5174">
     <span class='ocr_line' id='line_1_93' title="bbox 174 5084 1771 5174; baseline 0.016 -36"><span class='ocrx_word' id='word_1_685' title='bbox 174 5084 377 5150; x_wconf 76' lang='grc' dir='ltr'><strong>καλὸς,</strong></span> <span class='ocrx_word' id='word_1_686' title='bbox 409 5086 537 5142; x_wconf 86' lang='grc' dir='ltr'><strong>ὅταν</strong></span> <span class='ocrx_word' id='word_1_687' title='bbox 560 5105 644 5154; x_wconf 89' lang='grc' dir='ltr'><strong>τις</strong></span> <span class='ocrx_word' id='word_1_688' title='bbox 665 5091 872 5166; x_wconf 80' lang='grc' dir='ltr'><strong>σπεύδῃ</strong></span> <span class='ocrx_word' id='word_1_689' title='bbox 890 5094 1139 5151; x_wconf 88' lang='grc' dir='ltr'><strong>ἐκϐαλεῖν</strong></span> <span class='ocrx_word' id='word_1_690' title='bbox 1165 5097 1266 5169; x_wconf 86' lang='grc' dir='ltr'><strong>τῆς</strong></span> <span class='ocrx_word' id='word_1_691' title='bbox 1286 5101 1486 5174; x_wconf 86' lang='grc' dir='ltr'><strong>ἀρετῆς</strong></span> <span class='ocrx_word' id='word_1_692' title='bbox 1507 5105 1596 5159; x_wconf 80' lang='grc' dir='ltr'><strong>τὸν</strong></span> <span class='ocrx_word' id='word_1_693' title='bbox 1633 5124 1771 5162; x_wconf 70' lang='grc' dir='ltr'><strong>κατι</strong></span> 
     </span>
    </p>
   </div>
   <div class='ocr_carea' id='block_1_92' title="bbox 174 5175 1770 5256">
    <p class='ocr_par' dir='ltr' id='par_1_92' title="bbox 174 5175 1770 5256">
     <span class='ocr_line' id='line_1_94' title="bbox 174 5175 1770 5256; baseline 0.015 -27"><span class='ocrx_word' id='word_1_694' title='bbox 174 5177 478 5249; x_wconf 82' lang='grc' dir='ltr'><strong>ορθοῦντα.</strong></span> <span class='ocrx_word' id='word_1_695' title='bbox 574 5175 738 5237; x_wconf 79' lang='grc' dir='ltr'><strong>Οὗτοι</strong></span> <span class='ocrx_word' id='word_1_696' title='bbox 791 5185 975 5240; x_wconf 76' lang='grc' dir='ltr'><strong>τοίνυν</strong></span> <span class='ocrx_word' id='word_1_697' title='bbox 1037 5189 1435 5256; x_wconf 78' lang='grc' dir='ltr'><strong>σπουδάζουσιν</strong></span> <span class='ocrx_word' id='word_1_698' title='bbox 1491 5195 1770 5254; x_wconf 82' lang='grc' dir='ltr'><strong>ἐκκλεῖσαι</strong></span> 
     </span>
    </p>
   </div>
   <div class='ocr_carea' id='block_1_93' title="bbox 175 5270 1772 5360">
    <p class='ocr_par' dir='ltr' id='par_1_93' title="bbox 175 5270 1772 5360">
     <span class='ocr_line' id='line_1_95' title="bbox 175 5270 1772 5360; baseline 0.016 -42"><span class='ocrx_word' id='word_1_699' title='bbox 175 5270 359 5340; x_wconf 73' lang='grc' dir='ltr'><strong>ὑμᾶς,</strong></span> <span class='ocrx_word' id='word_1_700' title='bbox 381 5271 682 5340; x_wconf 79' lang='grc' dir='ltr'><strong>τουτέστιν,</strong></span> <span class='ocrx_word' id='word_1_701' title='bbox 713 5275 967 5332; x_wconf 88' lang='grc' dir='ltr'><strong>ἐκϐαλεῖν</strong></span> <span class='ocrx_word' id='word_1_702' title='bbox 999 5278 1101 5350; x_wconf 87' lang='grc' dir='ltr'><strong>τῆς</strong></span> <span class='ocrx_word' id='word_1_703' title='bbox 1125 5280 1470 5354; x_wconf 84' lang='grc' dir='ltr'><strong>τελειοτάτης</strong></span> <span class='ocrx_word' id='word_1_704' title='bbox 1490 5285 1536 5318; x_wconf 80' lang='grc'><strong>⁸⁷</strong></span> <span class='ocrx_word' id='word_1_705' title='bbox 1563 5288 1622 5341; x_wconf 92' lang='grc' dir='ltr'><strong>ἐν</strong></span> <span class='ocrx_word' id='word_1_706' title='bbox 1643 5288 1772 5360; x_wconf 82' lang='grc' dir='ltr'><strong>Χρι-</strong></span> 
     </span>
    </p>
   </div>
   <div class='ocr_carea' id='block_1_94' title="bbox 177 5359 1770 5454">
    <p class='ocr_par' dir='ltr' id='par_1_94' title="bbox 177 5359 1770 5454">
     <span class='ocr_line' id='line_1_96' title="bbox 177 5359 1770 5454; baseline 0.013 -41"><span class='ocrx_word' id='word_1_707' title='bbox 177 5359 302 5432; x_wconf 78' lang='grc' dir='ltr'><strong>στῷ</strong></span> <span class='ocrx_word' id='word_1_708' title='bbox 340 5363 734 5430; x_wconf 84' lang='grc' dir='ltr'><strong>καταστάσεως</strong></span> <span class='ocrx_word' id='word_1_709' title='bbox 768 5368 864 5422; x_wconf 79' lang='grc' dir='ltr'><strong>καὶ</strong></span> <span class='ocrx_word' id='word_1_710' title='bbox 917 5368 1193 5440; x_wconf 86' lang='grc' dir='ltr'><strong>γνώσεως,</strong></span> <span class='ocrx_word' id='word_1_711' title='bbox 1243 5374 1325 5437; x_wconf 79' lang='grc' dir='ltr'><strong>εις</strong></span> <span class='ocrx_word' id='word_1_712' title='bbox 1368 5375 1427 5429; x_wconf 81' lang='grc' dir='ltr'><strong>δέ</strong></span> <span class='ocrx_word' id='word_1_713' title='bbox 1466 5375 1566 5449; x_wconf 80' lang='grc' dir='ltr'><strong>τὴν</strong></span> <span class='ocrx_word' id='word_1_714' title='bbox 1599 5379 1658 5433; x_wconf 89' lang='grc' dir='ltr'><strong>ἐν</strong></span> 
     </span>
    </p>
   </div>
   <div class='ocr_carea' id='block_1_95' title="bbox 175 5452 1775 5542">
    <p class='ocr_par' dir='ltr' id='par_1_95' title="bbox 175 5452 1775 5542">
     <span class='ocr_line' id='line_1_97' title="bbox 175 5452 1775 5542; baseline 0.011 -34"><span class='ocrx_word' id='word_1_715' title='bbox 175 5453 343 5524; x_wconf 82' lang='grc' dir='ltr'><strong>νόμῳ</strong></span> <span class='ocrx_word' id='word_1_716' title='bbox 365 5452 727 5529; x_wconf 78' lang='grc' dir='ltr'><strong>ἁτελεστέραν</strong></span> <span class='ocrx_word' id='word_1_717' title='bbox 759 5459 1040 5531; x_wconf 86' lang='grc' dir='ltr'><strong>ἐμϐαλεῖν,</strong></span> <span class='ocrx_word' id='word_1_718' title='bbox 1099 5463 1188 5520; x_wconf 75' lang='grc' dir='ltr'><strong>ἵνα</strong></span> <span class='ocrx_word' id='word_1_719' title='bbox 1239 5465 1436 5534; x_wconf 65' lang='grc' dir='ltr'><strong>αὐτοὺς</strong></span> <span class='ocrx_word' id='word_1_720' title='bbox 1469 5472 1665 5542; x_wconf 76' lang='grc' dir='ltr'><strong>τιμᾶτε</strong></span> <span class='ocrx_word' id='word_1_721' title='bbox 1698 5452 1775 5538; x_wconf 82' lang='grc' dir='ltr'><strong>ὡς</strong></span> 
     </span>
    </p>
   </div>
   <div class='ocr_carea' id='block_1_96' title="bbox 177 5543 1770 5637">
    <p class='ocr_par' dir='ltr' id='par_1_96' title="bbox 177 5543 1770 5637">
     <span class='ocr_line' id='line_1_98' title="bbox 177 5543 1770 5637; baseline 0.013 -37"><span class='ocrx_word' id='word_1_722' title='bbox 177 5543 574 5616; x_wconf 65' lang='grc' dir='ltr'><strong>διδασκάλους,</strong></span> <span class='ocrx_word' id='word_1_723' title='bbox 602 5550 697 5604; x_wconf 75' lang='grc' dir='ltr'><strong>καὶ</strong></span> <span class='ocrx_word' id='word_1_724' title='bbox 711 5550 940 5622; x_wconf 77' lang='grc' dir='ltr'><strong>ζηλοῦτε</strong></span> <span class='ocrx_word' id='word_1_725' title='bbox 963 5557 1069 5611; x_wconf 80' lang='grc' dir='ltr'><strong>καὶ</strong></span> <span class='ocrx_word' id='word_1_726' title='bbox 1099 5558 1364 5630; x_wconf 80' lang='grc' dir='ltr'><strong>μιμῆσθε,</strong></span> <span class='ocrx_word' id='word_1_727' title='bbox 1403 5561 1480 5628; x_wconf 85' lang='grc' dir='ltr'><strong>ὡς</strong></span> <span class='ocrx_word' id='word_1_728' title='bbox 1510 5565 1770 5637; x_wconf 84' lang='grc' dir='ltr'><strong>μαθηται.</strong></span> 
     </span>
    </p>
   </div>
   <div class='ocr_carea' id='block_1_97' title="bbox 1885 4657 3455 4748">
    <p class='ocr_par' dir='ltr' id='par_1_97' title="bbox 1885 4657 3455 4748">
     <span class='ocr_line' id='line_1_99' title="bbox 1885 4657 3455 4748; baseline 0.02 -38"><span class='ocrx_word' id='word_1_729' title='bbox 1885 4657 2072 4730; x_wconf 82' lang='lat' dir='ltr'><strong>majori</strong></span> <span class='ocrx_word' id='word_1_730' title='bbox 2098 4673 2185 4717; x_wconf 90' lang='lat' dir='ltr'><strong>me</strong></span> <span class='ocrx_word' id='word_1_731' title='bbox 2206 4675 2394 4719; x_wconf 89' lang='lat' dir='ltr'><strong>amore</strong></span> <span class='ocrx_word' id='word_1_732' title='bbox 2412 4671 2900 4738; x_wconf 83' lang='lat' dir='ltr'><strong>prosequeremini.</strong></span> <span class='ocrx_word' id='word_1_733' title='bbox 2937 4688 3002 4732; x_wconf 88' lang='lat' dir='ltr'><strong>eo</strong></span> <span class='ocrx_word' id='word_1_734' title='bbox 3021 4678 3166 4748; x_wconf 89' lang='lat' dir='ltr'><strong>quod</strong></span> <span class='ocrx_word' id='word_1_735' title='bbox 3189 4685 3455 4742; x_wconf 82' lang='lat' dir='ltr'><strong>curatoris</strong></span> 
     </span>
    </p>
   </div>
   <div class='ocr_carea' id='block_1_98' title="bbox 1881 4747 2455 4810">
    <p class='ocr_par' dir='ltr' id='par_1_98' title="bbox 1881 4747 2455 4810">
     <span class='ocr_line' id='line_1_100' title="bbox 1881 4747 2455 4810; baseline 0.016 -9"><span class='ocrx_word' id='word_1_736' title='bbox 1881 4747 2056 4805; x_wconf 80' lang='lat' dir='ltr'><strong>oﬂicio</strong></span> <span class='ocrx_word' id='word_1_737' title='bbox 2087 4749 2303 4810; x_wconf 79' lang='lat' dir='ltr'><strong>functus</strong></span> <span class='ocrx_word' id='word_1_738' title='bbox 2329 4754 2455 4810; x_wconf 74' lang='lat' dir='ltr'><strong>sim.</strong></span> 
     </span>
    </p>
   </div>
   <div class='ocr_carea' id='block_1_99' title="bbox 1951 4837 3453 4934">
    <p class='ocr_par' dir='ltr' id='par_1_99' title="bbox 1951 4837 3453 4934">
     <span class='ocr_line' id='line_1_101' title="bbox 1951 4837 3453 4934; baseline 0.023 -41"><span class='ocrx_word' id='word_1_739' title='bbox 1951 4837 2112 4896; x_wconf 75' lang='lat' dir='ltr'><strong>Vens.</strong></span> <span class='ocrx_word' id='word_1_740' title='bbox 2137 4841 2224 4898; x_wconf 83' lang='lat' dir='ltr'><strong>t7.</strong></span> <span class='ocrx_word' id='word_1_741' title='bbox 2256 4861 2278 4897; x_wconf 75' lang='grc' dir='ltr'><strong>ι</strong></span> <span class='ocrx_word' id='word_1_742' title='bbox 2304 4842 2656 4905; x_wconf 64' lang='grc' dir='ltr'><strong>ιιΕιιιιιιαιιιυι·</strong></span> <span class='ocrx_word' id='word_1_743' title='bbox 2673 4860 2856 4912; x_wconf 79' lang='lat' dir='ltr'><strong>aute</strong></span> <span class='ocrx_word' id='word_1_744' title='bbox 2883 4871 2980 4918; x_wconf 80' lang='lat' dir='ltr'><strong>vos</strong></span> <span class='ocrx_word' id='word_1_745' title='bbox 3014 4875 3122 4920; x_wconf 87' lang='lat' dir='ltr'><strong>non</strong></span> <span class='ocrx_word' id='word_1_746' title='bbox 3160 4864 3319 4934; x_wconf 87' lang='lat' dir='ltr'><strong>bene,</strong></span> <span class='ocrx_word' id='word_1_747' title='bbox 3356 4872 3453 4928; x_wconf 82' lang='lat' dir='ltr'><strong>sed</strong></span> 
     </span>
    </p>
   </div>
   <div class='ocr_carea' id='block_1_100' title="bbox 1880 4929 3454 5016">
    <p class='ocr_par' dir='ltr' id='par_1_100' title="bbox 1880 4929 3454 5016">
     <span class='ocr_line' id='line_1_102' title="bbox 1880 4929 3454 5016; baseline 0.018 -28"><span class='ocrx_word' id='word_1_748' title='bbox 1880 4929 2169 4990; x_wconf 83' lang='lat' dir='ltr'><strong>excludere</strong></span> <span class='ocrx_word' id='word_1_749' title='bbox 2189 4949 2286 4993; x_wconf 84' lang='lat' dir='ltr'><strong>vos</strong></span> <span class='ocrx_word' id='word_1_750' title='bbox 2314 4937 2536 5007; x_wconf 64' lang='lat' dir='ltr'><strong>volunt,</strong></span> <span class='ocrx_word' id='word_1_751' title='bbox 2561 4949 2621 4998; x_wconf 92' lang='lat' dir='ltr'><strong>ut</strong></span> <span class='ocrx_word' id='word_1_752' title='bbox 2643 4942 2790 5016; x_wconf 78' lang='lat' dir='ltr'><strong>ipsos</strong></span> <span class='ocrx_word' id='word_1_753' title='bbox 2831 4951 3180 5014; x_wconf 70' lang='lat' dir='ltr'><strong>aemulemini.</strong></span> <span class='ocrx_word' id='word_1_754' title='bbox 3213 4975 3233 5011; x_wconf 73' lang='grc' dir='ltr'><strong>ι</strong></span> <span class='ocrx_word' id='word_1_755' title='bbox 3263 4929 3454 5016; x_wconf 58' lang='lat' dir='ltr'><strong>Emu-</strong></span> 
     </span>
    </p>
   </div>
   <div class='ocr_carea' id='block_1_101' title="bbox 1877 5021 3451 5123">
    <p class='ocr_par' dir='ltr' id='par_1_101' title="bbox 1877 5021 3451 5123">
     <span class='ocr_line' id='line_1_103' title="bbox 1877 5021 3451 5123; baseline 0.02 -46"><span class='ocrx_word' id='word_1_756' title='bbox 1877 5021 2008 5080; x_wconf 88' lang='lat' dir='ltr'><strong>latio</strong></span> <span class='ocrx_word' id='word_1_757' title='bbox 2038 5025 2181 5084; x_wconf 75' lang='lat' dir='ltr'><strong>bona</strong></span> <span class='ocrx_word' id='word_1_758' title='bbox 2223 5039 2326 5096; x_wconf 85' lang='lat' dir='ltr'><strong>est,</strong></span> <span class='ocrx_word' id='word_1_759' title='bbox 2356 5034 2577 5101; x_wconf 88' lang='lat' dir='ltr'><strong>quando</strong></span> <span class='ocrx_word' id='word_1_760' title='bbox 2613 5037 2867 5098; x_wconf 90' lang='lat' dir='ltr'><strong>virtutem</strong></span> <span class='ocrx_word' id='word_1_761' title='bbox 2914 5043 3214 5116; x_wconf 84' lang='lat' dir='ltr'><strong>cujuspiam</strong></span> <span class='ocrx_word' id='word_1_762' title='bbox 3255 5052 3451 5123; x_wconf 84' lang='lat' dir='ltr'><strong>aliquis</strong></span> 
     </span>
    </p>
   </div>
   <div class='ocr_carea' id='block_1_102' title="bbox 1875 5115 3451 5214">
    <p class='ocr_par' dir='ltr' id='par_1_102' title="bbox 1875 5115 3451 5214">
     <span class='ocr_line' id='line_1_104' title="bbox 1875 5115 3451 5214; baseline 0.02 -43"><span class='ocrx_word' id='word_1_763' title='bbox 1875 5115 2122 5175; x_wconf 89' lang='lat' dir='ltr'><strong>imitetur</strong></span> <span class='ocrx_word' id='word_1_764' title='bbox 2144 5137 2160 5188; x_wconf 91' lang='lat'><strong>;</strong></span> <span class='ocrx_word' id='word_1_765' title='bbox 2184 5129 2240 5176; x_wconf 83' lang='lat' dir='ltr'><strong>at</strong></span> <span class='ocrx_word' id='word_1_766' title='bbox 2261 5137 2389 5181; x_wconf 88' lang='lat' dir='ltr'><strong>vero</strong></span> <span class='ocrx_word' id='word_1_767' title='bbox 2427 5127 2698 5188; x_wconf 62' lang='lat' dir='ltr'><strong>aemulatio</strong></span> <span class='ocrx_word' id='word_1_768' title='bbox 2729 5146 2838 5189; x_wconf 91' lang='lat' dir='ltr'><strong>non</strong></span> <span class='ocrx_word' id='word_1_769' title='bbox 2861 5134 3002 5192; x_wconf 89' lang='lat' dir='ltr'><strong>bona</strong></span> <span class='ocrx_word' id='word_1_770' title='bbox 3034 5115 3138 5202; x_wconf 80' lang='lat' dir='ltr'><strong>est,</strong></span> <span class='ocrx_word' id='word_1_771' title='bbox 3159 5153 3282 5197; x_wconf 90' lang='lat' dir='ltr'><strong>cum</strong></span> <span class='ocrx_word' id='word_1_772' title='bbox 3326 5115 3451 5214; x_wconf 77' lang='lat' dir='ltr'><strong>quis</strong></span> 
     </span>
    </p>
   </div>
   <div class='ocr_carea' id='block_1_103' title="bbox 1875 5211 3446 5301">
    <p class='ocr_par' dir='ltr' id='par_1_103' title="bbox 1875 5211 3446 5301">
     <span class='ocr_line' id='line_1_105' title="bbox 1875 5211 3446 5301; baseline 0.019 -38"><span class='ocrx_word' id='word_1_773' title='bbox 1875 5220 1998 5264; x_wconf 89' lang='lat' dir='ltr'><strong>eum</strong></span> <span class='ocrx_word' id='word_1_774' title='bbox 2019 5211 2112 5280; x_wconf 92' lang='lat' dir='ltr'><strong>qui</strong></span> <span class='ocrx_word' id='word_1_775' title='bbox 2136 5212 2274 5272; x_wconf 87' lang='lat' dir='ltr'><strong>bene</strong></span> <span class='ocrx_word' id='word_1_776' title='bbox 2307 5229 2368 5272; x_wconf 90' lang='lat' dir='ltr'><strong>se</strong></span> <span class='ocrx_word' id='word_1_777' title='bbox 2409 5220 2659 5289; x_wconf 82' lang='lat' dir='ltr'><strong>gesserit,</strong></span> <span class='ocrx_word' id='word_1_778' title='bbox 2694 5238 2728 5280; x_wconf 69' lang='grc' dir='ltr'>ι</span> <span class='ocrx_word' id='word_1_779' title='bbox 2777 5226 2978 5286; x_wconf 88' lang='lat' dir='ltr'><strong>virtute</strong></span> <span class='ocrx_word' id='word_1_780' title='bbox 3023 5229 3224 5301; x_wconf 88' lang='lat' dir='ltr'><strong>ejicere</strong></span> <span class='ocrx_word' id='word_1_781' title='bbox 3243 5211 3446 5293; x_wconf 77' lang='lat' dir='ltr'><strong>studet.</strong></span> 
     </span>
    </p>
   </div>
   <div class='ocr_carea' id='block_1_104' title="bbox 1873 5297 3446 5395">
    <p class='ocr_par' dir='ltr' id='par_1_104' title="bbox 1873 5297 3446 5395">
     <span class='ocr_line' id='line_1_106' title="bbox 1873 5297 3446 5395; baseline 0.018 -39"><span class='ocrx_word' id='word_1_782' title='bbox 1873 5297 1969 5357; x_wconf 91' lang='lat' dir='ltr'><strong>Isti</strong></span> <span class='ocrx_word' id='word_1_783' title='bbox 1999 5302 2160 5374; x_wconf 83' lang='lat' dir='ltr'><strong>igitur</strong></span> <span class='ocrx_word' id='word_1_784' title='bbox 2191 5307 2440 5365; x_wconf 89' lang='lat' dir='ltr'><strong>nituntur</strong></span> <span class='ocrx_word' id='word_1_785' title='bbox 2458 5326 2556 5368; x_wconf 88' lang='lat' dir='ltr'><strong>vos</strong></span> <span class='ocrx_word' id='word_1_786' title='bbox 2577 5313 2883 5387; x_wconf 78' lang='lat' dir='ltr'><strong>excludere,</strong></span> <span class='ocrx_word' id='word_1_787' title='bbox 2917 5320 3020 5377; x_wconf 88' lang='lat' dir='ltr'><strong>hoc</strong></span> <span class='ocrx_word' id='word_1_788' title='bbox 3053 5297 3160 5384; x_wconf 81' lang='lat' dir='ltr'><strong>est.</strong></span> <span class='ocrx_word' id='word_1_789' title='bbox 3181 5323 3378 5395; x_wconf 88' lang='lat' dir='ltr'><strong>ejicere</strong></span> <span class='ocrx_word' id='word_1_790' title='bbox 3414 5345 3446 5384; x_wconf 85' lang='lat' dir='ltr'><strong>a</strong></span> 
     </span>
    </p>
   </div>
   <div class='ocr_carea' id='block_1_105' title="bbox 1879 5391 3447 5475">
    <p class='ocr_par' dir='ltr' id='par_1_105' title="bbox 1879 5391 3447 5475">
     <span class='ocr_line' id='line_1_107' title="bbox 1879 5391 3447 5475; baseline 0.02 -30"><span class='ocrx_word' id='word_1_791' title='bbox 1879 5391 2273 5460; x_wconf 77' lang='lat' dir='ltr'><strong>perfectissima</strong></span> <span class='ocrx_word' id='word_1_792' title='bbox 2304 5399 2357 5453; x_wconf 90' lang='lat' dir='ltr'><strong>in</strong></span> <span class='ocrx_word' id='word_1_793' title='bbox 2379 5399 2537 5475; x_wconf 77' lang='lat'><strong>351</strong></span> <span class='ocrx_word' id='word_1_794' title='bbox 2581 5402 2805 5464; x_wconf 72' lang='lat' dir='ltr'><strong>Christo</strong></span> <span class='ocrx_word' id='word_1_795' title='bbox 2851 5391 3238 5470; x_wconf 75' lang='lat' dir='ltr'><strong>constitutione</strong></span> <span class='ocrx_word' id='word_1_796' title='bbox 3263 5425 3319 5474; x_wconf 87' lang='lat' dir='ltr'><strong>et</strong></span> <span class='ocrx_word' id='word_1_797' title='bbox 3351 5433 3447 5475; x_wconf 73' lang='lat' dir='ltr'><strong>co-</strong></span> 
     </span>
    </p>
   </div>
   <div class='ocr_carea' id='block_1_106' title="bbox 1881 5481 3452 5580">
    <p class='ocr_par' dir='ltr' id='par_1_106' title="bbox 1881 5481 3452 5580">
     <span class='ocr_line' id='line_1_108' title="bbox 1881 5481 3452 5580; baseline 0.019 -46"><span class='ocrx_word' id='word_1_798' title='bbox 1881 5481 2146 5552; x_wconf 81' lang='lat' dir='ltr'><strong>gnitione,</strong></span> <span class='ocrx_word' id='word_1_799' title='bbox 2198 5501 2263 5543; x_wconf 85' lang='lat' dir='ltr'><strong>ac</strong></span> <span class='ocrx_word' id='word_1_800' title='bbox 2312 5490 2379 5543; x_wconf 88' lang='lat' dir='ltr'><strong>ad</strong></span> <span class='ocrx_word' id='word_1_801' title='bbox 2433 5491 2888 5561; x_wconf 84' lang='lat' dir='ltr'><strong>ituperl&#39;ectiorem</strong></span> <span class='ocrx_word' id='word_1_802' title='bbox 2928 5514 3048 5574; x_wconf 73' lang='lat' dir='ltr'><strong>quae</strong></span> <span class='ocrx_word' id='word_1_803' title='bbox 3086 5513 3173 5559; x_wconf 86' lang='lat' dir='ltr'><strong>est</strong></span> <span class='ocrx_word' id='word_1_804' title='bbox 3229 5505 3282 5561; x_wconf 93' lang='lat' dir='ltr'><strong>in</strong></span> <span class='ocrx_word' id='word_1_805' title='bbox 3330 5506 3452 5580; x_wconf 76' lang='lat' dir='ltr'><strong>lege</strong></span> 
     </span>
    </p>
   </div>
   <div class='ocr_carea' id='block_1_107' title="bbox 1883 5570 3444 5672">
    <p class='ocr_par' dir='ltr' id='par_1_107' title="bbox 1883 5570 3444 5672">
     <span class='ocr_line' id='line_1_109' title="bbox 1883 5570 3444 5672; baseline 0.016 -45"><span class='ocrx_word' id='word_1_806' title='bbox 1883 5570 2122 5641; x_wconf 78' lang='lat' dir='ltr'><strong>injicere,</strong></span> <span class='ocrx_word' id='word_1_807' title='bbox 2181 5589 2238 5634; x_wconf 91' lang='lat' dir='ltr'><strong>ut</strong></span> <span class='ocrx_word' id='word_1_808' title='bbox 2309 5580 2457 5650; x_wconf 83' lang='lat' dir='ltr'><strong>ipsos</strong></span> <span class='ocrx_word' id='word_1_809' title='bbox 2500 5597 2600 5640; x_wconf 89' lang='lat' dir='ltr'><strong>ceu</strong></span> <span class='ocrx_word' id='word_1_810' title='bbox 2633 5570 2992 5664; x_wconf 66' lang='lat' dir='ltr'><strong>praeoptares</strong></span> <span class='ocrx_word' id='word_1_811' title='bbox 3060 5599 3444 5672; x_wconf 72' lang='lat' dir='ltr'><strong>revereamini,</strong></span> 
     </span>
    </p>
   </div>
   <div class='ocr_carea' id='block_1_108' title="bbox 1553 5704 2114 5779">
    <p class='ocr_par' dir='ltr' id='par_1_108' title="bbox 1553 5704 2114 5779">
     <span class='ocr_line' id='line_1_110' title="bbox 1553 5704 2114 5779; baseline 0.027 -15"><span class='ocrx_word' id='word_1_812' title='bbox 1553 5704 1756 5770; x_wconf 67' lang='lat' dir='ltr'><strong>Varia</strong></span> <span class='ocrx_word' id='word_1_813' title='bbox 1781 5706 2114 5779; x_wconf 85' lang='lat' dir='ltr'><strong>lectiones.</strong></span> 
     </span>
    </p>
   </div>
   <div class='ocr_carea' id='block_1_109' title="bbox 261 5811 1106 5890">
    <p class='ocr_par' dir='ltr' id='par_1_109' title="bbox 261 5811 1106 5890">
     <span class='ocr_line' id='line_1_111' title="bbox 261 5811 1106 5890; baseline 0.015 -25"><span class='ocrx_word' id='word_1_814' title='bbox 261 5811 318 5845; x_wconf 80' lang='lat'>“</span> <span class='ocrx_word' id='word_1_815' title='bbox 348 5828 458 5886; x_wconf 68' lang='grc' dir='ltr'><strong>μου</strong></span> <span class='ocrx_word' id='word_1_816' title='bbox 485 5826 539 5872; x_wconf 91' lang='lat' dir='ltr'><strong>o.</strong></span> <span class='ocrx_word' id='word_1_817' title='bbox 612 5815 661 5848; x_wconf 84' lang='lat'><strong>&quot;</strong></span> <span class='ocrx_word' id='word_1_818' title='bbox 687 5817 1031 5890; x_wconf 76' lang='grc' dir='ltr'><strong>τελειοτέρας</strong></span> <span class='ocrx_word' id='word_1_819' title='bbox 1053 5837 1106 5878; x_wconf 91' lang='lat' dir='ltr'><strong>o.</strong></span> 
     </span>
    </p>
   </div>
   <div class='ocr_carea' id='block_1_110' title="bbox 480 5905 1248 5983">
    <p class='ocr_par' dir='ltr' id='par_1_110' title="bbox 480 5905 1248 5983">
     <span class='ocr_line' id='line_1_112' title="bbox 480 5905 1248 5983; baseline 0.02 -14"><span class='ocrx_word' id='word_1_820' title='bbox 480 5905 756 5974; x_wconf 62' lang='lat' dir='ltr'><strong>Parnm.</strong></span> <span class='ocrx_word' id='word_1_821' title='bbox 806 5913 924 5977; x_wconf 78' lang='lat' dir='ltr'><strong>Gn.</strong></span> <span class='ocrx_word' id='word_1_822' title='bbox 967 5913 1248 5983; x_wconf 81' lang='lat' dir='ltr'><strong>CXXIV.</strong></span> 
     </span>
    </p>
   </div>
   <div class='ocr_carea' id='block_1_111' title="bbox 2663 4483 3563 4565">
    <p class='ocr_par' dir='ltr' id='par_1_111' title="bbox 2663 4483 3563 4565">
     <span class='ocr_line' id='line_1_113' title="bbox 2663 4483 3563 4565; baseline 0.02 -26"><span class='ocrx_word' id='word_1_823' title='bbox 2663 4499 2759 4542; x_wconf 85' lang='lat' dir='ltr'><strong>vos</strong></span> <span class='ocrx_word' id='word_1_824' title='bbox 2828 4502 2927 4545; x_wconf 84' lang='lat' dir='ltr'><strong>ceu</strong></span> <span class='ocrx_word' id='word_1_825' title='bbox 2981 4491 3036 4548; x_wconf 83' lang='lat' dir='ltr'><strong>in</strong></span> <span class='ocrx_word' id='word_1_826' title='bbox 3111 4495 3456 4565; x_wconf 86' lang='lat' dir='ltr'><strong>opinionibus</strong></span> <span class='ocrx_word' id='word_1_827' title='bbox 3545 4483 3563 4499; x_wconf 63' lang='grc'><em>’</em></span> 
     </span>
    </p>
   </div>
  </div>
