3898 6566
280 398 417 465 1005

1089 404 1497 489 Exposmo
1535 404 1616 465 IN
1655 367 1895 468 stusr.
1936 404 2036 465 AD
2066 376 2333 465 οΑωτ.
2364 430 2428 440 —-
2454 403 2612 464 CAP.
2655 404 2753 465 IV.

3379 399 3529 466 ’1006

344 532 366 566 ι
406 486 550 568 Ἀλλ’
568 513 597 567 6
621 512 722 586 μὲν
756 517 821 570 ἐκ
841 515 940 588 τῆς
962 486 1272 586 παιδίσκης,
1291 514 1434 568 κατά
1456 513 1633 586 σάρκα
1653 514 1844 583 γεγέν-

2023 511 2188 568 Vens.
2228 512 2319 567 23.
2380 530 2398 562 ι
2433 511 2539 568 Sed
2583 513 2673 583 qui
2707 527 2771 566 ex
2814 509 3027 579 ancilla,
3068 511 3363 568 secundum
3404 528 3528 568 car-

270 620 450 675 νηταισ
475 607 503 659 6
532 604 588 659 δὲ
617 607 682 659 ἐκ
712 605 813 678 τῆς
841 605 1153 679 ἐλευθέρας,
1196 606 1283 659 διὰ
1310 605 1409 674 τῆς
1440 605 1798 674 ἐπαγγελίας.
1824 622 1842 656 ι

283 695 503 768 Ἐπειδὴ
538 696 711 767 λέγων
760 699 910 763 υἱοὺς
952 698 1151 762 αὐτοὺς
1182 692 1323 750 εἶναι
1362 696 1638 768 Ἀϐραὰμ,
1671 697 1847 750 ἐδόκει

272 786 512 841 ἀπίθανα
529 787 728 858 λέγειν,
754 789 887 858 εἴγε
919 791 966 843 οί
991 788 1066 860 μὴ
1097 789 1240 842 κατά
1271 789 1451 859 σάρκα
1488 788 1547 855 ἐξ
1594 787 1849 859 Ἀϐραὰμ

271 882 644 951 γεννηθέντες,
668 884 774 937 υἱοὶ
798 882 962 939 αὐτοῦ
996 884 1104 936 είσι
1124 898 1140 915 ο
1167 883 1357 953 φησιν,
1374 883 1455 936 ὅτι
1476 882 1574 936 καὶ
1598 883 1628 935 6
1660 882 1850 935 Ἰσαὰκ

271 972 300 1024 6
354 973 687 1045 οἰκειότερος
735 974 853 1039 υίὸς
902 974 995 1028 τού
1037 974 1310 1045 Ἀϐραὰμ,
1354 972 1479 1028 οὐδὲ
1508 974 1672 1037 αὐτὸς
1704 971 1849 1028 κατὰ

270 1062 460 1134 σάρκα
487 1065 850 1137 γεγέννηται·
884 1065 1003 1129 πῶς
1032 1066 1143 1138 γὰρ
1175 1065 1277 1137 τῆς
1305 1065 1523 1135 φύσεως
1552 1066 1847 1138 νεκρωθεί-

268 1171 395 1227 σης,
449 1156 544 1208 καὶ
592 1155 690 1226 τῆς
753 1157 970 1227 μήτρας
1023 1157 1466 1227 πεπηρωμένης;
1503 1156 1621 1211 ἀλλ’
1667 1158 1696 1211 6
1754 1158 1848 1212 τοῦ

264 1244 409 1298 Θεοῦ
442 1245 601 1314 λόγος
646 1247 740 1299 καὶ
766 1248 800 1316 ἡ
839 1247 1139 1316 ἐπαγγελία
1168 1247 1329 1303 αὐτὸν
1357 1247 1664 1302 διέπλασεν.
1702 1249 1762 1303 ’0
1794 1249 1851 1305 δὲ

242 1354 254 1419 δ
280 1340 514 1413 ἰσμαὴλ
525 1342 777 1413 ,φύσεως
793 1341 1081 1412 ἀκολουθίᾳ
1095 1342 1439 1413 γεγέννηται.
1454 1341 1629 1396 Τοῦτο
1640 1342 1748 1414 γὰρ
1765 1348 1847 1410 τὸ,

240 1426 296 1485 ir
341 1435 498 1489 Κατὰ
530 1439 771 1506 sipara,»
811 1436 959 1489 ἔστιν
981 1452 996 1468 ο
1026 1435 1141 1489 ἀλλ’
1168 1438 1317 1506 ὅμως
1351 1437 1378 1489 6
1412 1436 1510 1506 μὲν
1541 1437 1684 1490 κατά
1716 1437 1849 1508 σάρο

270 1542 371 1588 κα,
397 1525 581 1590 δοῦλος
614 1525 711 1580 καὶ
755 1526 1034 1598 ἀλλότριος
1063 1526 1164 1597 τῆς
1193 1526 1585 1599 κληρονομίας
1627 1531 1655 1582 ὁ
1680 1528 1735 1582 δὲ
1771 1530 1847 1601 μὴ

269 1619 419 1672 κοιτά
451 1619 651 1689 σάρκα,
671 1618 939 1691 δεσπότης
971 1620 1063 1673 καὶ
1089 1620 1446 1691 κληρονόμος.
1474 1620 1541 1673 Τί
1573 1621 1749 1674 τοίνυν
1793 1622 1854 1676 τὸ

270 1710 486 1765 κωλύον
514 1716 607 1768 καὶ
638 1715 806 1787 ὑμᾶς,
828 1720 876 1772 εί
910 1719 986 1791 μὴ
1031 1720 1127 1773 καὶ
1172 1718 1315 1774 κατά
1354 1720 1538 1790 σάρκα
1591 1720 1853 1789 γεγόνατε

268 1802 351 1915 ἒξ,
374 1804 651 1915 Ἀδραάμη
678 1809 834 1915 υἱοὺς
851 1810 1019 1865 αὐτοῦ
1050 1807 1229 1878 εῐναι;
1266 1812 1362 1867 καὶ
1389 1813 1500 1885 γάρ
1551 1812 1648 1867 καὶ
1691 1813 1851 1881 ὑμεῖς
1884 1855 1929 1915 Β

270 1893 365 1946 διὰ
391 1894 502 1947 τῶν
533 1896 626 1949 ἐπὶ
652 1900 718 1970 τῇ
750 1898 1110 1974 κολυμϐήθρᾳ.
1149 1901 1556 1971 ἐπιλεγομένων
1593 1902 1853 1972 ῥημάτων

265 1982 664 2058 διεπλάσθητε.

354 2184 374 2217 ι
443 2167 641 2222 Ἀτινά
692 2168 848 2223 ἐστιν
894 2169 1362 2243 ἀλληγορούμενα.
1416 2191 1435 2226 ι
1468 2169 1780 2237 Τουτέστιν,
1820 2173 1853 2242 ἡ

275 2259 380 2327 μὲν
420 2259 631 2331 ἱστορία
664 2261 806 2333 α’ύτη
849 2263 913 2333 ού
955 2264 1117 2334 μόνον
1149 2263 1309 2319 τοῦτο
1354 2265 1525 2337 δηλοῖ,
1582 2265 1718 2320 ἀλλά
1758 2267 1855 2320 καὶ

274 2351 414 2406 ἄλλα
448 2353 571 2408 τινὰ
610 2355 906 2428 ἀγορεύει·
963 2357 1042 2411 διὸ
1091 2359 1186 2411 καὶ
1233 2358 1534 2433 ἀλληγορία
1562 2358 1848 2431 κέκληται.

272 2442 460 2508 Τύπος
490 2445 599 2516 γὰρ
624 2442 765 2518 ἦσαν
799 2449 982 2502 ἐκεῖνα
1010 2447 1120 2502 τῶν
1151 2449 1463 2520 παρόντων.

354 2555 374 2588 ι
413 2529 585 2591 Αὖται
617 2538 726 2610 γάρ
756 2541 895 2594 είσιν
926 2542 983 2594 al
1017 2539 1111 2595 δύο
1144 2540 1404 2613 διαθῆκαι
1431 2561 1447 2575 ’
1480 2544 1580 2616 μία
1613 2543 1715 2616 μὲν
1747 2545 1855 2599 ἀπὸ

273 2627 440 2700 ὅρους
468 2629 598 2682 Σινᾶ
631 2631 712 2695 είς
753 2631 996 2685 δουλείαν
1024 2632 1295 2702 γεννῶσα,
1314 2634 1437 2706 ἥτις
1468 2634 1618 2689 ἐστίν
1652 2637 1851 2708 Ἀγαρ.

275 2719 355 2771 Τὸ
383 2717 494 2789 γάρ
529 2721 710 2790 Ἅγαρ
734 2720 865 2773 Σινᾶ
890 2720 1017 2792 ὅρος
1047 2722 1195 2777 ἐστὶν
1240 2725 1299 2777 ὲν
1322 2727 1404 2795 ,τῇ
1458 2724 1689 2797 Ἀραϐίᾳ
1712 2741 1729 2758 ⁶
1759 2743 1854 2780 συ-

286 2817 495 2883 στοιχεῖ
515 2814 573 2869 δὲ
610 2819 676 2887 τῇ
706 2816 801 2870 νῦν
817 2816 1197 2890 Ἰερουσαλὴμ,
1223 2818 1466 2875 δουλεύει
1499 2821 1555 2874 δὲ
1584 2820 1724 2891 μετά
1748 2821 1856 2875 τῶν

279 2907 488 2961 τέκνων
514 2907 706 2977 αὐτῆς.
734 2927 858 2963 ι--ι
889 2904 1078 2965 Αῧται.
1108 2930 1128 2965 ι
1174 2912 1369 2982 notat;
1398 2914 1463 2966 Δί
1486 2914 1579 2968 δύο
1600 2917 1857 2983 γυναῖκες

278 3000 714 3071 άλληγοροῦνται
742 3003 822 3067 εἴς
845 3020 906 3057 τε
935 3003 1033 3074 τὴν
1059 3004 1204 3059 Νέαν
1230 3011 1323 3059 καὶ
1354 3007 1434 3071 είς
1462 3007 1562 3077 τὴν
1612 3008 1856 3063 Παλαιὰν

276 3091 580 3163 Διαθήκην.
616 3093 766 3159 ιιῶςς
793 3094 856 3150 'li
885 3096 984 3167 μὲν
1015 3097 1195 3168 Ἀγαρ
1221 3099 1302 3160 είς
1321 3097 1419 3167 τὴν
1446 3099 1726 3170 inlatam]
1745 3100 1858 3155 Καὶ

1951 618 2073 657 nem
2112 611 2270 658 natus
2300 613 2425 668 est;
2485 605 2577 674 qui
2615 613 2794 658 autem
2825 618 2888 658 ex
2923 602 3113 668 libera,
3155 617 3253 674 per
3289 605 3527 673 promis-

1949 693 2181 749 sionem.
2237 711 2257 745 ι
2310 693 2448 760 Quia
2505 709 2628 750 cum
2688 693 2982 750 allirmaret
3031 710 3126 750 eos
3193 695 3334 750 illius
3404 710 3527 752 esse

1949 782 2265 863 Abrahami,
2313 784 2687 858 improbabilia
2728 786 2935 842 dixisse
2994 787 3294 855 videbatur,
3357 789 3528 858 siqui-

1951 879 2072 933 dem
2097 878 2132 933 ii
2156 879 2248 949 qui
2272 895 2378 934 uon
2412 880 2706 934 secundum
2732 895 2950 936 carnem
2983 897 3044 936 ex
3071 879 3379 936 Abrabatno
3415 881 3524 935 nati

1950 978 2094 1035 sunt,
2117 969 2209 1024 lilii
2237 970 2356 1039 ejus
2376 980 2588 1026 essent:
2620 972 2974 1042 asseritquod
3003 984 3058 1029 et
3088 973 3237 1028 Isaac
3264 975 3529 1042 genuinus

1952 1060 2245 1115 Abrahamt
2277 1060 2442 1126 illius,
2477 1076 2544 1116 ne
2568 1062 2683 1132 ipse
2716 1063 2932 1132 quidem
2966 1064 3261 1119 secundum
3307 1077 3526 1118 carnem

1953 1163 2111 1208 natus
2134 1152 2225 1218 sit,
2252 1152 2269 1222 (
2300 1154 2570 1223 quomodo
2603 1152 2768 1219 enim,
2806 1162 2995 1208 natura
3036 1165 3300 1222 emortua,
3328 1166 3384 1210 et
3413 1152 3528 1209 ma-

1955 1246 2090 1300 trice
2115 1242 2295 1300 el'l‘oeta
2330 1255 2385 1299 et
2430 1245 2672 1300 mutilata
2698 1243 2724 1298 2
2751 1243 2770 1315 )
2804 1245 2897 1301 sed
2926 1243 3018 1299 Dei
3063 1249 3283 1301 verbum
3315 1257 3370 1302 et
3398 1260 3525 1319 pro-

1954 1342 2142 1398 missio
2167 1344 2339 1412 ipsum
2369 1340 2597 1397 eﬂinxil.
2630 1342 2700 1398 At
2740 1355 2868 1397 vero
2908 1341 3099 1396 Ismael
3126 1341 3276 1409 juxta
3324 1353 3530 1397 natura:

1953 1436 2199 1491 ordinem
2232 1446 2393 1493 natus
2435 1443 2571 1491 erat.
2608 1435 2721 1491 lioc
2755 1426 2901 1491 enim
2948 1446 3033 1491 est
3057 1438 3201 1507 quod
3237 1435 3334 1501 ait,
3370 1453 3391 1488 ι
3428 1434 3528 1493 Se-

1955 1528 2190 1582 cundum
2218 1541 2460 1583 carnem.
2502 1545 2526 1583 ι
2557 1529 2810 1583 Attamen
2863 1526 2954 1598 qui
2984 1528 3279 1583 secundmn
3308 1542 3528 1583 carnem

1955 1629 2115 1675 natus
2144 1630 2248 1687 ρει,
2284 1636 2475 1676 servus
2510 1626 2565 1676 et
2606 1619 2813 1675 alienus
2839 1630 2924 1675 est
2970 1620 3039 1674 ab
3074 1619 3404 1686 luereditatc,
3440 1618 3530 1690 qui

1953 1725 2082 1766 vero
2113 1726 2215 1765 non
2253 1722 2333 1767 est
2366 1714 2662 1767 secundum
2694 1727 2937 1779 carnem,
2990 1711 3245 1767 dominus
3276 1721 3330 1767 et
3360 1715 3533 1768 haeres

1956 1813 2060 1857 est.
2113 1802 2253 1869 Quid
2307 1804 2472 1874 igitur
2504 1804 2683 1861 obstat
2717 1806 3004 1875 quominus
3034 1813 3087 1858 et
3124 1820 3243 1868 vos.
3289 1806 3382 1877 qui
3427 1823 3532 1861 nun

1957 1897 2253 1950 secundum
2282 1910 2503 1951 carnem
2536 1897 2644 1952 nati
2678 1897 2812 1952 estis
2838 1913 2903 1952 ex
2935 1895 3270 1964 Abrahamo,
3294 1898 3387 1954 lilii
3417 1898 3483 1967 ej:
3507 1915 3535 1954 s

1956 1986 2116 2041 sitis?
2164 1986 2297 2043 Nam
2330 1998 2383 2044 et
2406 2003 2504 2044 vos
2532 2004 2627 2060 per
2659 1991 2820 2045 verba
2850 2004 2971 2061 quae
3003 1991 3057 2047 in
3098 1990 3423 2062 baptismate
3449 2008 3535 2046 re-

1957 2078 2212 2145 citantur,
2249 2079 2468 2136 formati
2499 2081 2652 2137 eStis.

2032 2167 2190 2226 Vens.
2216 2170 2307 2225 24.
2345 2190 2362 2223 ι
2394 2172 2523 2238 Quae
2556 2180 2683 2226 sunt
2704 2187 2803 2243 per
2828 2173 3141 2244 allegoriam
3166 2173 3329 2230 dicta.
3366 2194 3384 2227 ι
3422 2174 3535 2230 "ne

1956 2270 2060 2329 est,
2105 2262 2218 2316 haec
2257 2263 2473 2333 quidem
2522 2264 2750 2320 historia
2809 2280 2914 2321 non
2961 2267 3065 2323 hoc
3097 2268 3268 2322 solum
3300 2267 3527 2333 iudicat,

1957 2368 2140 2409 verum
2178 2365 2231 2410 et
2270 2356 2373 2411 alia
2401 2357 2645 2427 quaedam
2689 2358 2947 2426 nuntiat;
2988 2361 3132 2416 unde
3177 2368 3234 2416 et
3273 2361 3534 2433 allegoria

1959 2456 2148 2502 vocata
2175 2457 2256 2502 est
2290 2466 2302 2502 :
2341 2447 2510 2519 ﬁgura
2552 2449 2694 2504 enim
2721 2449 2938 2506 fuerunt
2972 2450 3060 2505 illa
3091 2454 3460 2522 praesentium.

1987 2561 1991 2564 ’
2030 2539 2191 2597 Vrsas.
2216 2544 2308 2609 25,
2332 2544 2425 2600 26.
2471 2564 2490 2598 ι
2550 2544 2675 2601 llaec
2713 2546 2854 2602 enim
2887 2546 2994 2602 duo
3021 2554 3150 2603 sunt
3194 2557 3533 2612 testamenta,

1958 2653 2122 2692 unum
2146 2638 2363 2707 quidem
2387 2653 2421 2695 a
2446 2648 2624 2693 tnonte
2644 2638 2798 2704 Sina,
2822 2640 2873 2694 in
2899 2640 3213 2696 servitutem
3243 2655 3535 2709 generatis,

1958 2746 2078 2801 qum
2105 2738 2187 2787 est
2213 2729 2379 2803 Agar.
2409 2736 2555 2801 Agar
2592 2731 2734 2787 enim
2769 2731 2896 2787 Sina
2924 2748 3083 2787 mons
3107 2743 3188 2788 est
3223 2734 3273 2787 in
3304 2733 3534 2801 Arabia;

1958 2821 2245 2893 contiguus
2285 2828 2368 2877 est
2414 2830 2592 2876 autem
2621 2822 2669 2876 ei
2699 2838 2817 2893 quae
2867 2839 3006 2879 nunc
3040 2833 3125 2879 est
3173 2822 3535 2891 lliernsalem,

1959 2915 2126 2969 servit
2150 2925 2327 2968 autem
2348 2927 2470 2967 cum
2496 2913 2619 2968 liliis
2642 2914 2754 2970 suis
2805 2932 2824 2966 ι
2857 2945 2921 2956 -
2942 2933 2960 2967 ι
2990 2914 3153 2971 Haec:
3191 2935 3210 2968 ι
3241 2915 3366 2983 Qua:
3389 2915 3540 2971 haec?

1959 3006 2077 3062 dua:
2105 3006 2358 3062 nimirum
2389 3005 2641 3062 mulieres
2668 3007 2975 3064 referuntur
3006 3022 3102 3079 per
3130 3008 3439 3079 allegoriam
3471 3008 3543 3064 ad

1958 3095 2165 3152 Novum
2194 3107 2246 3153 ct
2270 3096 2435 3153 Vetus
2466 3096 2832 3157 Testamenta.
2856 3097 3140 3166 Quomodo
3166 3101 3355 3172 ?Agar
3394 3100 3538 3156 enim

278 3183 390 3257 γὰρ
416 3184 446 3237 6
468 3184 629 3255 νόμος
658 3186 765 3241 ἀπὸ
793 3188 887 3240 τοῦ
920 3189 1052 3242 Σινᾶ
1081 3189 1241 3261 ὅρους
1265 3190 1442 3263 ἐδόθη.
1467 3191 1541 3244 Τὸ
1566 3191 1621 3245 δὲ
1647 3193 1777 3246 Σινᾶ
1800 3196 1857 3247 ἐν

1963 3188 2027 3244 ad
2058 3187 2243 3244 Vetus.
2276 3190 2486 3244 Etenim
2517 3190 2601 3244 lex
2640 3206 2670 3245 a
2713 3190 2841 3246 Sina
2887 3204 3068 3247 monte
3101 3193 3226 3248 data
3270 3204 3375 3251 est.
3409 3193 3538 3249 Sina

277 3276 515 3348 ’Λραῦία
542 3278 641 3348 μέν
669 3281 834 3345 ἐστιν,
865 3280 1046 3353 Ἀγαρ
1077 3281 1134 3335 δὲ
1163 3282 1409 3336 καλεῖται
1435 3287 1501 3354 τῇ
1543 3282 1808 3355 Ἀρασικῇ
1839 3286 1855 3316 ¹

1967 3298 2096 3338 vero
2127 3283 2180 3336 in
2223 3281 2421 3337 Arabia
2456 3282 2673 3354 quidem
2700 3291 2805 3350 est,
2836 3285 2981 3354 Agar
3019 3293 3200 3337 autem
3233 3284 3542 3354 appellatur

277 3369 503 3442 γλώσσῃ
538 3386 552 3401 ·
609 3364 885 3443 συστοιχεῖ
909 3374 967 3427 δὲ
1015 3376 1108 3428 καὶ
1139 3377 1205 3446 τῇ
1247 3376 1633 3448 Ἰερουσαλήμο
1676 3377 1864 3430 too-cs.

283 3478 392 3528 στι,
420 3462 733 3530 γειτνιάζει,
753 3462 985 3518 ἅπτεται
1004 3480 1019 3495 θ
1048 3465 1081 3535 ἢ
1113 3466 1195 3518 ὅτι
1225 3465 1585 3530 ἀπεικάζεται
1612 3469 1679 3538 τῇ
1711 3468 1863 3521 κάτω

291 3551 675 3624 Ἰερουσαλὴμ.
708 3543 806 3608 καὶ
859 3556 1116 3625 ἀναλογεῖ
1157 3557 1318 3628 αὐτῇ,
1367 3558 1463 3611 καὶ
1513 3560 1594 3623 είς
1644 3559 1863 3631 ἐκείνην

283 3645 711 3715 ὲκλαμὸἀνεται,
737 3647 814 3711 ὡς
840 3648 1161 3720 ὁμοιότητος
1188 3647 1355 3720 οὔσης
1385 3651 1609 3721 ἀμφοῖνο
1650 3650 1863 3725 Ὥσπερ

283 3735 378 3791 οὖν
403 3738 439 3809 ἡ
473 3738 655 3809 Ἀγαρ
682 3738 845 3813 δούλη
874 3737 962 3812 ἦν,
984 3741 1080 3795 καὶ
1098 3743 1177 3806 είς
1201 3742 1448 3798 δουλείαν
1469 3744 1662 3814 ἐγέννα
1680 3758 1695 3773 ⁸
1719 3744 1863 3800 οὕτω

284 3832 380 3886 καὶ
408 3831 439 3884 6
465 3832 631 3904 νόμος
671 3834 700 3886 6
740 3835 807 3888 ὲκ
856 3834 950 3889 τοῦ
992 3836 1126 3890 Σινά
1168 3836 1351 3908 δρους,
1383 3837 1481 3892 τοῦ
1523 3837 1862 3910 καλουμένου

288 3925 492 3997 Ἅγαρ,
515 3926 611 3979 καὶ
663 3926 803 3998 πρὸς
835 3930 936 3999 τὴν
974 3926 1352 4001 ,Ἰερουσαλὴμ
1397 3931 1860 4003 ἀπεικαζομένου,

286 4015 363 4079 ὡς
394 4016 681 4088 συστοίχου
719 4017 871 4082 ὄντος
911 4020 1047 4091 αὐτῇ
1081 4019 1179 4074 καὶ
1205 4021 1490 4090 ἀναλόγου,
1509 4023 1589 4091 εἰς
1617 4021 1863 4075 δουλείαν

287 4111 454 4181 γεννᾷ
487 4111 614 4175 τοὺς
651 4111 802 4182 αὐτῷ
840 4113 1232 4184 προσέχοντας.
1252 4114 1361 4169 Καὶ
1395 4115 1507 4186 γάρ
1534 4116 1591 4168 ὲν
1611 4114 1688 4187 τῷ
1711 4114 1861 4187 νόμῳ

287 4202 424 4255 πολὺ
467 4200 530 4254 τὸ
572 4203 924 4275 ἀνελεύθερον
948 4205 1042 4259 καὶ
1069 4204 1335 4260 δουλικύν.
1356 4207 1431 4260 Ἦ
1457 4224 1519 4260 τε
1550 4207 1661 4279 γὰρ
1690 4209 1862 4280 ἀρετὴ

284 4293 381 4346 ἐπὶ
414 4294 590 4366 μισθῷ
611 4286 981 4366 ἐνομοθετείτο
1011 4297 1258 4369 φθαρτῷ,
1282 4300 1392 4362 τοῖς
1418 4299 1517 4369 τῆς
1544 4300 1668 4371 γῆς,
1693 4303 1862 4371 φημὶ,

286 4386 547 4455 ἀγαθοῖςδ
576 4386 671 4440 καὶ
709 4389 742 4459 ἡ
778 4388 879 4459 τῆς
926 4389 1127 4454 κακίας
1162 4390 1422 4464 ἀποφυγὴ
1447 4391 1538 4446 διὰ
1580 4392 1861 4448 κολάσεων

287 4478 381 4529 καὶ
415 4476 596 4546 φόϐων
635 4480 928 4555 εἰσηγεῖτο.

364 4586 385 4619 ι
458 4566 522 4621 Ἦ
548 4568 605 4622 δὲ
659 4568 772 4625 ἄνω
821 4570 1179 4645 Ἰερουσαλὴμ
1220 4573 1483 4647 ἐλευθέρα
1532 4577 1705 4643 ἐστὶν,
1742 4578 1864 4650 ἥτις

287 4658 406 4732 ἐστὶ
435 4662 617 4731 μήτηρ
646 4662 864 4716 πάντων
885 4663 1062 4734 ἡμῶν.
1093 4684 1114 4717 ι
1164 4666 1224 4722 '0
1249 4667 1348 4738 μὲν
1370 4668 1539 4733 τύπος
1558 4669 1660 4740 τῆς
1684 4672 1825 4741 Ἀγα
1835 4690 1865 4744 ρ

285 4751 344 4803 ὲν
390 4749 608 4824 ,τούτοις
629 4768 644 4784 ·
672 4753 777 4825 ὅρα
803 4753 861 4807 δὲ
889 4756 986 4810 καὶ
1012 4754 1104 4810 τὸν
1133 4756 1233 4828 τῆς
1285 4758 1503 4834 Σάρρας
1521 4777 1535 4792 ο
1567 4759 1708 4832 αὓτη
1756 4764 1866 4836 γὰρ

295 4844 385 4912 τὴν
438 4842 553 4898 ἄνω
611 4843 974 4918 ζίερουσαλὴμ
1028 4850 1366 4917 προετύπου.
1432 4852 1647 4927 Ἐκείνη
1695 4856 1863 4927 γάρὴ

286 4931 441 4996 πόλις
472 4933 584 4986 τῶν
617 4933 845 5001 πιστῶν,
867 4936 960 5005 ἀφ’
983 4930 1052 5009 ἦς
1080 4937 1178 4992 καὶ
1207 4941 1235 4993 6
1265 4939 1430 5011 νόμος
1456 4942 1628 5014 ἡμῖν*
1669 4942 1729 5010 ἐξ
1768 4947 1864 4999 οὐ·

286 5024 453 5098 ρανοῦ
488 5025 596 5098 γὰρ
628 5026 692 5082 τὲ
730 5026 1087 5099 Εὐαγγέλιον.
1134 5031 1441 5105 ,Ἐλευθέρα
1490 5032 1550 5090 δέ
1595 5037 1748 5093 ἐστιν
1800 5039 1866 5094 ἐκ

295 5108 396 5171 ιῶν
430 5116 524 5170 τοῦ
553 5118 719 5190 νόμου
742 5123 1206 5194 ,παρατηρήσεωῃ
1234 5124 1331 5180 καὶ
1356 5125 1536 5182 πάντα
1564 5129 1866 5203 ἐλευθέρως

288 5208 639 5277 διατάττεται
665 5211 761 5264 καὶ
794 5212 1054 5280 εὐγενῶς.
1095 5213 1263 5270 Οὐδὲν
1294 5214 1405 5286 γὰρ
1444 5219 1577 5290 ἡμῖν
1614 5219 1709 5272 ἐπὶ
1773 5236 1865 5291 μι-

289 5299 404 5370 σθῷ
429 5300 614 5372 ὁρατῷ
663 5302 1047 5375 κατορθοῦται,
1086 5306 1208 5360 οὐδὲ
1238 5307 1491 5372 κολάσεις
1546 5310 1861 5379 σωματικαὶ

290 5391 695 5464 ὲπικρέμανται
720 5395 872 5465 ἡμῖν,
900 5394 1034 5451 ἀλλὰ
1065 5401 1161 5453 καὶ
1202 5400 1259 5454 ai
1301 5400 1627 5469 ἐπαγγελίαι
1661 5400 1864 5455 θειότε-

294 5499 408 5552 ραι,
453 5484 551 5539 καὶ
593 5485 649 5537 ai
697 5485 950 5550 κολάσεις
985 5489 1233 5558 εὐγενὲσι
1272 5491 1609 5563 πρέπουσαι,
1636 5492 1699 5547 τὸ
1730 5508 1867 5565 τρα-

298 5567 466 5641 πέζης
491 5575 760 5648 μυστικῆς
788 5578 1193 5655 ὲκκλεισθῆναι,
1218 5586 1310 5640 καὶ
1339 5584 1751 5660 ἐπιτιμηθῆναί.
1856 5628 1859 5633 ι

1964 3375 2201 3429 Arabum
2230 3373 2435 3445 lingua.
2464 3370 2557 3427 Est
2594 3383 2772 3429 autem
2839 3374 3125 3441 contiguus
3161 3372 3541 3447 Jerosolymis,

1967 3467 2018 3521 id
2043 3475 2144 3528 est,
2175 3465 2383 3519 vicinus
2404 3473 2507 3529 est,
2537 3464 2801 3533 contingit
2828 3480 2842 3519 :
2876 3464 2956 3521 rel
2986 3463 3110 3535 quia
3166 3465 3407 3521 inferiori
3449 3467 3543 3523 Je-

1968 3557 2205 3612 rusalem
2252 3554 2619 3618 assimilatur,
2647 3555 2728 3608 vel
2760 3555 2876 3625 ejus
2912 3549 3146 3625 speciem
3182 3571 3290 3626 prae
3328 3569 3387 3612 se
3416 3555 3539 3621 fert,

1965 3658 2020 3704 et
2057 3649 2123 3701 ad
2153 3646 2297 3702 illam
2326 3647 3003 3716 transsumitur,tanquam
3034 3646 3334 3702 similitudo
3361 3647 3432 3702 sit
3455 3649 3540 3701 in~

1967 3751 2049 3796 ter
2091 3749 2340 3809 utraque.
2388 3738 2617 3794 Perinde
2650 3738 2812 3810 igitur
2839 3748 2897 3793 ut
2941 3740 3089 3808 Agar
3135 3753 3288 3793 serva
3333 3747 3450 3792 erat
3489 3748 3543 3793 et

1967 3833 2020 3887 in
2062 3833 2377 3888 servitutem
2409 3831 2747 3902 generabat:
2787 3833 2931 3886 hunc
2979 3829 3048 3886 ad
3092 3832 3306 3886 modum
3351 3830 3434 3886 lex
3474 3846 3539 3887 ex

1967 3934 2150 3981 monte
2193 3924 2324 3980 Sina
2356 3924 2374 3997 (
2399 3924 2490 3994 qui
2517 3923 2814 3994 appellatur
2842 3923 3027 3996 Agar)
3054 3921 3103 3979 ei
3135 3937 3255 3995 qua“:
3285 3938 3430 3980 nunc
3460 3936 3544 3979 est

1963 4010 2263 4073 Jerusalem
2307 4014 2629 4079 assimilato,
2699 4023 2884 4084 utpote
2929 4014 3182 4085 contigue
3227 4014 3326 4079 illi,
3377 4000 3544 4068 adeu-

1966 4122 2071 4178 qne
2106 4106 2243 4176 pari,
2287 4105 2339 4160 in
2364 4105 2678 4161 servitutem
2715 4113 2935 4174 generat
2974 4104 3187 4174 eos'qni
3212 4104 3313 4159 sibi
3358 4102 3543 4172 appel-

1970 4201 2091 4255 lunt
2119 4199 2381 4253 animum.
2408 4196 2542 4252 Nam
2574 4197 2626 4251 in
2673 4196 2788 4267 lege
2838 4196 3096 4266 pleraque
3132 4196 3410 4251 illiberalia
3454 4208 3543 4249 at-

1968 4307 2073 4365 que
2113 4292 2326 4347 servilia
2370 4299 2545 4345 erant.
2601 4287 2790 4346 Virtus
2836 4290 2977 4343 enim
3026 4288 3096 4342 ob
3141 4287 3542 4359 corruptilrilcm

1969 4385 2272 4441 mercedem
2304 4383 2661 4446 statuebatur,
2694 4395 2888 4449 nempe
2912 4381 2983 4435 ob
3012 4388 3223 4435 terrena
3256 4379 3433 4447 bona;
3489 4389 3546 4436 et

1969 4478 2085 4535 viiii
2120 4479 2243 4551 luga
2272 4492 2369 4548 per
2401 4490 2589 4546 poenas
2617 4476 2683 4529 at:
2717 4484 2952 4529 terrores
2981 4472 3448 4528 introducebatur.

1894 4554 1946 4614 Ῑ)
2046 4570 2212 4627 Vsus.
2240 4568 2330 4624 27.
2365 4586 2384 4620 ι
2426 4566 2522 4622 illa
2555 4576 2735 4621 autem
2767 4579 2887 4635 quae
2927 4558 3138 4619 sursum
3181 4572 3266 4618 est
3318 4561 3543 4620 Jerusa-

1972 4663 2106 4731 lem,
2140 4660 2302 4733 353
2348 4658 2515 4715 libera
2547 4666 2647 4721 est,
2680 4672 2803 4728 qua:
2830 4664 3116 4714 est‘mater
3152 4655 3390 4711 omnium
3422 4671 3547 4711 nos-

1975 4767 2142 4811 trum.
2181 4772 2200 4805 ι
2232 4752 2428 4822 Figura
2465 4749 2680 4821 quidem
2706 4748 2872 4821 Agar,
2899 4749 2952 4804 in
2983 4748 3101 4805 istis
3136 4758 3242 4805 est.
3289 4748 3545 4819 Expende

1975 4858 2157 4903 autem
2183 4857 2238 4899 et
2275 4844 2492 4899 Sarrbtr
2523 4843 2773 4913 ﬁguram.
2812 4839 3088 4910 Siquidem
3104 4853 3394 4910 supernam
3439 4840 3544 4895 ista

1971 4937 2270 4994 Jerusalem
2328 4935 2726 5007 praeﬁgurabat.
2776 4931 2909 4987 Nam
2950 4931 3037 4987 illa
3068 4930 3259 4987 civitas
3300 4938 3383 4985 est
3416 4927 3547 4984 lintei-

1974 5031 2126 5096 lium,
2170 5029 2311 5085 unde
2333 5037 2388 5083 et
2424 5026 2508 5084 lex
2545 5026 2702 5084 nobis
2746 5025 2854 5081 lata
2879 5034 3001 5080 est:
3030 5038 3096 5079 ex
3133 5023 3271 5079 coelo
3313 5036 3548 5091 namque

1973 5121 2351 5195 Evangelium.
2395 5120 2588 5198 Libera
2622 5131 2801 5176 autem
2837 5126 2921 5174 est
2961 5132 2991 5173 a
3032 5117 3166 5188 legis
3211 5114 3536 5172 observatio-

1972 5211 2152 5278 nibus,
2193 5221 2496 5281 cunctaque
2530 5211 2700 5266 libere
2741 5209 2958 5266 ordinat
3006 5216 3063 5263 et
3108 5208 3360 5279 ingenue.
3401 5204 3546 5263 Nihil

1960 5306 2106 5361 enim
2137 5321 2167 5360 a
2199 5304 2356 5363 nobis
2399 5305 2470 5360 ob
2519 5302 2783 5358 visibilem
2832 5301 3141 5357 mercedem
3170 5301 3375 5372 geritur
3403 5315 3420 5354 :
3451 5315 3548 5354 ee-

1961 5412 2068 5468 que
2109 5395 2417 5469 corporalia
2446 5395 2607 5451 nobis
2631 5392 2892 5466 supplicia
2924 5393 3229 5457 imminent,
3263 5403 3449 5446 verum
3493 5399 3549 5469 et

1958 5480 2351 5563 promissiones
2397 5487 2734 5553 diriuiores,‘
2765 5495 3015 5556 etpoena:
3060 5483 3308 5557 ingenuis
3351 5498 3539 5539 come

1972 5584 2208 5651 nientes,
2240 5595 2430 5652 nempe
2457 5597 2488 5635 a
2518 5580 2746 5651 mystica
2791 5592 2977 5635 mensa
3013 5576 3227 5637 excludi
3256 5585 3429 5648 atque
3462 5574 3547 5631 in-

1974 5691 2210 5746 creperi.

1622 5773 1821 5835 Varias
1856 5774 2186 5838 lectiones.

429 5846 676 5923 νλράεων
699 5844 765 5925 ό.
790 5841 807 5852 ”
