3898 6588
429 373 568 446 10;)7

1273 369 1846 433 THEOPHYLACTI
1886 370 2291 432 BULGARME
2331 373 2683 435 ARCBIEP.

3519 382 3632 447 1008

495 510 518 545 ι
559 490 830 558 Scriptura
881 496 963 542 est
1007 486 1153 540 enim
1212 493 1239 532 1
1277 503 1291 539 :
1346 483 1576 549 Laetare,
1613 483 1836 547 sterilis,
1871 497 1981 551 qua

2175 501 2192 534 ι
2226 483 2541 554 Γέγραπται
2586 487 2724 554 γάρ’
2764 483 3134 558 Εὐφράνθητι,
3189 489 3370 561 στείρα
3406 491 3521 561 ἠοὺ
3563 496 3632 546 τί.

421 600 530 643 non
567 583 711 654 paris
750 599 764 636 :
810 594 1034 650 erumpe
1081 586 1133 632 et
1192 576 1362 632 clama
1407 590 1529 646 qua:
1573 589 1677 629 non
1733 573 1988 645 partui-is,

419 681 545 752 quia
581 675 734 734 tnulti
771 674 864 729 ﬁlii
897 673 1144 738 desertae,
1187 671 1361 741 magis
1404 667 1563 740 qnam
1595 665 1711 737 ejus
1747 682 1865 736 quac
1896 667 1993 720 ha-

418 774 510 829 bet
549 773 744 825 virum.
804 787 826 823 ι
867 767 1086 838 Figuris
1154 765 1293 820 haud
1339 773 1650 826 contentus,
1698 758 1891 814 lsaiam
1938 759 1992 811 in

417 871 610 917 testem
636 860 786 926 citat,
820 859 909 929 qui
941 856 1183 912 sterilem
1222 868 1286 909 ac
1315 853 1584 908 desertam
1621 848 1854 919 appellat
1887 846 1990 901 Ec.

415 953 635 1008 clesiam
667 966 733 1007 ex
780 949 1031 1022 gentibus
1062 953 1518 1017 coagmentatam.
1561 941 1688 995 Erat
1734 940 1879 995 enim
1910 938 1991 993 di-

416 1045 554 1100 vina:
603 1041 930 1112 cognitionis
984 1052 1153 1094 vacua
1193 1045 1248 1092 et
1287 1037 1492 1106 absque
1530 1031 1739 1092 liberis.
1791 1029 1991 1099 quippe

410 1152 536 1209 quae
572 1134 844 1192 neminem
871 1133 1256 1204 prophetarum
1291 1126 1386 1183 Dei
1422 1123 1726 1198 protulerit,
1759 1120 1841 1176 vel
1890 1122 1989 1178 do-

413 1239 641 1286 ctorem.
674 1225 970 1282 Habenlem
997 1230 1177 1278 autem
1208 1221 1405 1284 virum,
1449 1216 1759 1273 Iudaeorum
1817 1213 1990 1285 Syna-

411 1337 627 1395 gogam,
652 1322 734 1378 vel
758 1321 883 1391 quia
916 1319 1091 1390 legem
1122 1315 1355 1372 habebat
1401 1312 1872 1368 administrantem
1902 1322 1990 1364 res

412 1415 603 1486 ipsius,
641 1413 726 1467 vel
759 1411 888 1482 quia
935 1409 1106 1464 Deum
1161 1409 1358 1476 ipsum.
1405 1423 1424 1457 ι
1464 1404 1696 1473 Erumpe
1744 1420 1762 1454 ι
1797 1401 1982 1471 igitur,

411 1509 512 1564 hoc
544 1516 650 1574 est,
677 1503 876 1560 Vocem
926 1501 1127 1557 laetitiae
1174 1500 1449 1569 eloquere,
1476 1497 1598 1568 quia
1625 1511 1768 1550 nunc
1804 1493 1988 1549 multi-

408 1600 593 1673 plicati
650 1605 777 1653 sunt
815 1596 908 1652 tibi
960 1595 1075 1660 filii,
1115 1603 1168 1649 et
1215 1593 1509 1664 prophetae,
1545 1597 1597 1645 et
1621 1591 1894 1652 doctores,
1931 1595 1988 1641 et

410 1693 507 1750 lilii
539 1691 631 1747 Dei
665 1707 733 1746 ex
789 1698 862 1754 te,
914 1703 978 1744 ac
1041 1687 1356 1743 universum
1389 1693 1659 1740 terrarum
1709 1679 1894 1734 orbem
1932 1688 1986 1732 tu

410 1784 672 1857 genuisti,
706 1795 814 1838 non
844 1779 1056 1835 unicam
1092 1787 1333 1850 gentem,
1370 1785 1428 1830 ut
1465 1773 1774 1828 Judmorum
1808 1769 1986 1840 Syna-

409 1890 565 1947 goga.

481 1967 643 2023 Vsas.
678 1966 770 2033 28,
807 1964 900 2020 29.
940 1981 960 2016 ι
1013 1961 1125 2019 Nos
1171 1965 1376 2026 autem,
1428 1957 1644 2022 fratres,
1686 1954 1985 2012 secundum

409 2061 578 2124 isaac,
619 2057 712 2112 lilii
739 2069 929 2112 sumus
949 2050 1347 2126 promissionis.
1386 2048 1491 2102 Sed
1515 2046 1976 2118 quemadmodum

409 2163 534 2205 tunc
578 2150 624 2204 is
677 2149 798 2220 quis
825 2149 1118 2204 secundum
1164 2157 1388 2200 carnem
1424 2150 1580 2197 natus
1623 2140 1820 2205 fuerat,
1857 2153 1986 2209 per-

407 2240 737 2310 sequebatur
751 2253 876 2296 eum
898 2237 1294 2305 quisecundum
1309 2231 1580 2304 spiritum,
1603 2231 1674 2285 ita
1693 2239 1747 2285 et
1763 2244 1929 2284 nunc.
1958 2245 1978 2281 ι

404 2331 674 2396 Ecclesia,
705 2331 904 2402 inquit,
928 2345 1048 2386 cum
1093 2327 1297 2385 sterilis
1337 2333 1482 2381 esset
1523 2325 1697 2379 instar
1739 2321 1980 2387 Sarrhaz,

407 2439 514 2479 non
577 2420 751 2478 solum
796 2419 1091 2474 liberorum
1151 2415 1498 2471 multitudine
1559 2424 1716 2468 aucta
1771 2420 1874 2478 est,
1926 2419 1984 2466 ut

405 2516 520 2580 illa,
553 2516 650 2573 sed
695 2514 858 2570 etiam
909 2512 1100 2569 eodem
1167 2510 1326 2566 modo
1363 2509 1548 2581 genuit
1596 2521 1705 2577 quo
1761 2506 1873 2560 illa.
1911 2504 1983 2561 Ut

403 2611 554 2667 enim
585 2612 732 2666 illam
762 2624 871 2664 non
917 2617 1112 2662 natura
1140 2615 1367 2660 matrem
1398 2603 1547 2669 fecit,
1571 2603 1666 2657 sed
1695 2600 1982 2672 promissio

407 2704 522 2775 (ille
555 2705 698 2759 enim
736 2701 828 2772 qui
854 2699 1012 2766 dixit,
1046 2717 1067 2750 ι
1109 2697 1421 2754 Secundum
1453 2695 1582 2750 illud
1631 2707 1843 2764 tempus
1891 2708 1981 2749 νεα

404 2796 552 2852 niam
573 2803 622 2860 ε,
655 2810 673 2845 ι
703 2792 915 2848 idemiu
935 2789 1441 2859 uterumingressus
1461 2783 1978 2854 lnfantemellinxit),

401 2889 486 2943 sic
513 2895 568 2942 et
604 2884 658 2940 in
680 2883 856 2949 nobis,
878 2890 938 2936 ut
968 2894 1131 2949 supra
1153 2887 1636 2934 commemoratum
1661 2886 1768 2942 est,
1797 2875 1981 2931 divina

405 2977 571 3034 verba
601 2989 723 3044 quae
756 2975 811 3028 in
865 2972 1188 3039 baptismate
1214 2968 1656 3039 pronuntiantur,
1716 2967 1980 3023 reforma-

399 3071 606 3150 tionem
638 3067 864 3124 l‘aciunt.
911 3063 1202 3129 Praeterea,
1236 3077 1302 3118 ne
1326 3061 1448 3132 quis
1479 3061 1646 3129 dicat,
1674 3060 1862 3128 Qualis
1894 3070 1980 3116 est

404 3165 508 3220 ista
542 3161 782 3252 libertas,
812 3159 1072 3252 quando
1109 3155 1281 3252 Judaei
1338 3154 1609 3226 ﬂagellent
1638 3155 1926 3210 credentes
1961 3171 1976 3210 :
2005 3189 2051 3252 Ο

405 3255 496 3324 qui
527 3263 711 3308 autem
736 3251 986 3306 videntur
1016 3247 1175 3303 liberi
1221 3261 1361 3313 esse,
1394 3247 1830 3317 persecutionem
1885 3261 1982 3316 pa-

404 3344 656 3404 tiuntur?
699 3342 1010 3413 respondet,
1061 3339 1198 3394 Tum
1248 3353 1463 3408 quoque
1508 3338 1692 3393 itidem
1741 3352 1860 3393 sese
1895 3352 1981 3392 res

402 3435 658 3498 habebat.
688 3429 899 3488 Etenim
927 3427 1123 3486 ismael
1151 3429 1575 3498 persequebatur
1597 3425 1770 3492 lsaac,
1801 3437 1976 3480 tamen

401 3528 540 3585 nihil
587 3523 916 3597 impediebat
973 3536 1082 3592 quo
1101 3521 1282 3577 minus
1322 3521 1368 3575 is
1409 3520 1499 3589 qui
1546 3519 1978 3591 persecutionem

400 3629 698 3693 pateretur,
730 3625 879 3675 esset
925 3616 1191 3687 genuinus
1242 3611 1388 3667 (ilius
1425 3611 1746 3678 Abrahami,
1784 3625 1849 3666 ac
1882 3611 1976 3666 do-

401 3714 585 3771 minus
610 3711 1009 3784 persequentis.
1041 3706 1120 3762 Ex
1153 3707 1255 3761 ista
1308 3705 1426 3773 ipsa
1468 3704 1634 3774 igitur
1661 3701 1976 3759 Judaeornm

401 3804 780 3878 persecutione
823 3800 1125 3858 ostenditur
1174 3806 1361 3853 nostra
1410 3796 1476 3850 ad
1505 3795 1752 3852 Isaacum
1783 3794 1979 3851 simili-

403 3899 554 3964 tudo,
577 3908 634 3954 et
661 3895 729 3952 ad
752 3892 1030 3950 Abraham
1064 3891 1432 3948 necessitudo.

469 3984 644 4046 Vsus.
704 3983 795 4041 30.
852 4001 872 4037 ι
905 3981 1011 4038 Sed
1067 3980 1196 4052 quid
1229 3980 1359 4036 dicit
1395 3976 1676 4051 Scriptura
1710 3979 1774 4033 αἳ
1829 3980 1980 4050 Ejice

401 4079 572 4138 lilium
613 4076 860 4143 ancilla;
915 4088 1024 4130 non
1054 4072 1198 4129 enim
1254 4073 1360 4126 erit
1383 4071 1556 4127 haeres
1594 4071 1738 4127 [ilius
1770 4073 1979 4127 ancilla:

400 4188 524 4230 cum
557 4169 670 4226 lilio
701 4168 906 4224 liberae.
945 4182 964 4218 ι
998 4164 1079 4220 Ne
1121 4165 1242 4234 quis
1271 4163 1446 4230 dicat,
1475 4163 1614 4231 Quid
1647 4164 1811 4218 inde?
1847 4179 1978 4219 con-

400 4261 594 4319 solatio
619 4267 702 4314 est
730 4257 1004 4321 ﬁdelibus,
1033 4255 1126 4326 qui
1159 4268 1300 4310 nunc
1323 4269 1352 4307 a
1389 4252 1591 4309 Judazis
1641 4254 1979 4324 persecutio-

400 4369 524 4411 nem
545 4349 714 4424 354
741 4348 1039 4411 sustinent,
1061 4347 1202 4418 quod
1226 4355 1280 4401 et
1309 4345 1462 4402 Isaac
1493 4355 1606 4402 tum
1647 4345 1813 4402 fuerit
1852 4361 1978 4418 per-

399 4446 667 4503 sccutioni
740 4440 1042 4500 obnoxius?
1105 4438 1285 4506 Audi,
1361 4437 1572 4509 inquit,
1646 4439 1775 4509 quid
1831 4439 1976 4495 dicat

2097 589 2317 627 κτουσαο
2348 573 2510 646 ῥῆξον
2530 576 2623 630 καὶ
2651 574 2871 647 βόησον,
2896 577 2928 646 ἡ
2955 576 3055 631 οὐκ
3075 576 3359 643 ὠδίνουσα,
3382 581 3459 635 ὅτι
3484 585 3631 640 πολλὰ

2095 666 2162 719 τὰ
2193 666 2359 720 τέκνα
2391 666 2492 736 τῆς
2527 669 2766 740 ἐρήμου,
2828 669 3034 740 μᾶλλον
3067 671 3100 742 ἢ
3142 673 3242 742 τῆς
3293 673 3510 747 ἐχούσης
3556 678 3634 732 τὸν

2096 757 2288 830 ἄνδρα.
2333 779 2352 812 ι
2399 762 2515 816 Οὐκ
2544 763 2800 834 ἀρκεῖται
2857 766 2971 828 τοῖς
3023 765 3240 832 τύποις,
3277 768 3409 822 ἀλλὰ
3434 772 3522 824 καὶ
3559 773 3635 827 τὸν

2105 849 2335 905 Ἡσαΐαν
2369 852 2609 925 παράγει
2656 854 2676 884 ⁸
2728 854 3008 926 μάρτυρα,
3042 859 3264 928 στεῖραν
3303 858 3398 930 μὲν
3439 861 3634 931 λέγοντα

2095 944 2188 1002 καὶ
2212 945 2419 1017 ἔρημον
2455 946 2554 1019 τὴν
2576 947 2636 1014 ἐξ
2665 949 2838 1006 ἐθνῶν
2874 937 3220 1022 Ἐκκλησίαν.
3253 952 3364 1007 Καὶ
3394 956 3495 1027 γὰρ
3531 958 3636 1030 ἐρη-

2097 1051 2196 1102 μσς
2221 1030 2286 1107 ἦν
2311 1036 2463 1102 θείας
2491 1039 2770 1109 γνώσεως,
2805 1042 2900 1096 καὶ
2931 1043 3182 1110 ἄτεκνος,
3229 1045 3421 1100 οὐδένα
3463 1055 3638 1122 προφῄ.

2094 1146 2198 1202 την
2228 1131 2364 1185 Θεοῦ
2407 1134 2822 1203 προενεγκοῦσα
2863 1134 2896 1208 ἢ
2955 1135 3309 1193 διδάσκαλον·
3339 1138 3552 1210 ἔχουσαν
3592 1144 3638 1198 δέ

2090 1223 2282 1295 ἄνδρα,
2317 1224 2415 1297 τὴν
2478 1224 2746 1282 Ἰουδαίων
2802 1229 3221 1302 Συναγωγὴν,ῆ
3259 1231 3342 1285 ὅτι
3386 1232 3472 1286 τὸν
3499 1236 3638 1304 νόμον

2089 1310 2204 1386 εἶχε
2239 1315 2546 1372 διοικοῦντα
2593 1318 2661 1373 τά
2715 1319 2908 1392 αὐτῆς,
2961 1321 3112 1391 ἢὸτι
3173 1323 3267 1378 τὸν
3313 1323 3443 1378 Θεὸν
3480 1324 3637 1385 αὐτόν.

2073 1423 2116 1457 .ι
2158 1405 2348 1476 Ῥῆξον
2378 1425 2397 1458 ι
2431 1403 2546 1474 οὖν,
2573 1409 2694 1464 ἀντὶ
2725 1410 2819 1464 τοῦ
2842 1413 2906 1477 ν,
2936 1410 3124 1483 Φωνὴν
3152 1412 3486 1486 εὐφροσύνης
3501 1415 3639 1471 ἐκλά-

2089 1494 2273 1566 λησον,
2308 1497 2391 1550 ὅτι
2413 1497 2506 1551 νῦν
2535 1499 2830 1573 ἐπληρώθη
2865 1519 2948 1557 σοι
2980 1503 3050 1557 τὰ
3085 1503 3280 1569 τέκνα,
3314 1505 3408 1558 καὶ
3449 1508 3636 1578 προφῆ-

2088 1603 2199 1654 ται,
2236 1589 2332 1642 καὶ
2356 1589 2689 1655 διδάσκαλοι,
2729 1594 2824 1646 καὶ
2856 1593 2966 1647 υἱοὶ
3013 1593 3152 1648 Θεοῦ
3202 1597 3269 1649 ἐκ
3304 1613 3419 1663 σου,
3447 1599 3534 1650 καὶ
3554 1600 3637 1670 τὴν

2088 1679 2418 1751 οἰκουμένην
2448 1683 2632 1736 πᾶσαν
2673 1685 2737 1738 σὺ
2773 1685 3104 1756 ἐγέννησας,
3131 1687 3231 1759 ούχ
3255 1687 3316 1743 ἓν
3339 1689 3503 1756 ἔθνος,
3527 1690 3638 1762 ὼςή

2101 1769 2374 1826 Ἰουδαίων
2404 1773 2726 1847 Συναγωγή.

2162 1970 2180 2004 ι
2231 1953 2426 2025 Ἡμεῖς
2478 1955 2572 2023 δὲ,
2621 1955 2863 2026 ἀδελφοὶ,
2910 1959 3054 2013 κατὰ
3092 1959 3287 2015 Ἰσαὰκ
3340 1962 3637 2032 ἐπαγγελίας

2087 2047 2252 2100 τέκνα
2285 2047 2472 2118 ἐσμέν.
2517 2048 2656 2101 Ἀλλ’
2697 2048 2887 2122 ὥσπερ
2915 2052 3039 2105 τότε
3070 2052 3099 2105 δ
3156 2053 3304 2107 κατὰ
3334 2055 3501 2126 σάρκα
3527 2071 3636 2125 γεν-

2086 2138 2270 2207 νηθεὶς
2327 2139 2521 2193 ἐδίωκε
2573 2141 2665 2195 τδν
2710 2143 2852 2197 κατὰ
2892 2142 3136 2216 πνεῦμα,
3188 2146 3338 2201 οὕτω
3369 2148 3460 2202 καὶ
3486 2148 3587 2202 νῦν.
3615 2167 3632 2200 ι

2095 2231 2160 2286 ἸΙ
2211 2231 2528 2304 Ἐκκλησία,
2573 2235 2730 2305 φησὶ,
2768 2237 2956 2308 στεῖρα
2985 2234 3142 2305 οὖσα,
3172 2237 3368 2312 ὥσπερ
3395 2241 3428 2310 ἡ
3455 2241 3631 2313 Σάρρα,

2085 2325 2147 2378 οὐ
2205 2327 2368 2396 μόνον
2407 2325 2681 2392 πολύπαις
2737 2329 2961 2397 ἐγένετο
3005 2330 3082 2395 ὡς
3126 2333 3349 2404 ἐκείνη,
3406 2333 3531 2388 ἀλλὰ
3561 2335 3638 2388 καὶ

2083 2413 2255 2477 οὕτως
2289 2415 2583 2487 ἐγέννησεν
2617 2417 2694 2482 ὡς
2720 2419 2928 2492 ἐκείνη.
2987 2421 3262 2492 Καθάπερ
3292 2423 3405 2496 γὰρ
3452 2423 3636 2495 ἐκείνην

2087 2508 2300 2579 μητέρα
2325 2509 2480 2581 ούχή
2507 2509 2694 2580 φύσις,
2728 2512 2846 2566 ἀλλ’
2885 2514 2919 2586 ἡ
2971 2515 3282 2586 ἐπαγγελία
3333 2517 3574 2587 ἐποίησεν
3599 2521 3638 2585 (δ

2083 2602 2193 2673 γὰρ
2221 2600 2413 2666 εἰπὼν,
2457 2620 2479 2656 ι
2505 2605 2665 2659 Κατὰ
2697 2605 2792 2660 τὸν
2830 2608 3024 2680 καιρὸν
3056 2610 3251 2663 τοῦτον
3285 2609 3588 2680 ἐλεύσομαι,
3617 2627 3632 2661 ι

2083 2690 2240 2760 οὗτος
2267 2699 2350 2762 εἰς
2377 2698 2476 2770 τὴν
2509 2699 2673 2771 νηδὺν
2699 2700 2979 2768 εἰσελθὼν,
3013 2701 3074 2755 τὸ
3101 2701 3304 2774 βρέφος
3336 2701 3637 2773 διέπλασεν)⁶

2083 2789 2228 2844 οῦτω
2258 2790 2324 2863 δὴ
2362 2793 2456 2846 καὶ
2483 2794 2572 2863 ἐφ’
2593 2795 2746 2864 ἡμῖν,
2775 2796 2852 2858 ὡς
2881 2797 2976 2850 καὶ
3000 2796 3264 2865 ἀνωτέρω
3295 2796 3528 2868 εἴρηται,
3553 2796 3634 2868 ῥή-

2085 2900 2232 2954 ματα
2255 2882 2376 2938 θεῖα
2396 2884 2496 2954 τὴν
2517 2885 2826 2942 ἀνάπλασιν
2879 2887 3123 2954 ποιοῦσι,
3165 2889 3236 2943 τὰ
3268 2891 3332 2942 ἐν
3365 2893 3431 2962 τῇ
3461 2890 3637 2958 κολυμ-

2082 2975 2260 3049 ϐἡθρίι⁵
2319 2978 2708 3050 ἐπιλεγόμενα.
2758 2977 2914 3047 Εἶτα,
2957 2982 3046 3035 ἵνα
3083 2983 3160 3054 μή
3207 2999 3293 3046 τις
3344 2983 3500 3055 είπῃο
3545 2981 3635 3037 Καὶ

2083 3067 2214 3122 ποία
2245 3069 2386 3140 αῦτη
2416 3069 2723 3143 ἐλευθερία,
2769 3072 2898 3127 ὅταν
2932 3074 2984 3126 oi
3047 3074 3297 3129 Ἰουδαῖοι
3361 3076 3636 3146 μαστίζωσι

2085 3158 2212 3223 τοὺς
2252 3161 2646 3227 πιστεύοντας·
2687 3163 2738 3216 oi
2766 3162 2824 3216 δὲ
2863 3163 3148 3228 δοκοῦντες
3183 3159 3329 3219 εἶναι
3385 3165 3632 3236 ἐλεύθεροι

2087 3250 2374 3308 διώκονται
2399 3269 2414 3319 ;
2442 3255 2627 3324 φησὶν,
2654 3254 2737 3309 ὅτι
2769 3255 2863 3310 καὶ
2889 3257 3013 3310 τότε
3044 3255 3188 3311 οὕτω
3216 3258 3518 3313 συνέϐαινε.
3544 3255 3635 3312 Καὶ

2083 3344 2194 3415 γάρ
2226 3347 2254 3398 ὁ
2299 3345 2524 3420 Ἰσμαὴλ
2563 3348 2754 3403 ἐδίωκε
2770 3351 2864 3404 τὸν
2914 3350 3135 3405 Ἰσαάκ’
3177 3351 3297 3406 ἀλλ’
3331 3354 3475 3423 ὅμως
3508 3351 3635 3405 οὐδὲν

2082 3437 2289 3492 ἐκώλυε
2311 3438 2405 3494 τὸν
2451 3439 2784 3512 διωκόμενον
2826 3443 3049 3516 γνήσιον
3087 3439 3230 3499 εῖναι
3273 3445 3372 3499 τοῦ
3415 3443 3636 3514 ’Δϐραὰμ

2083 3527 2222 3590 υίὸν,
2262 3529 2357 3582 καὶ
2385 3530 2655 3604 δεσπότην
2688 3532 2782 3586 τοῦ
2811 3533 3128 3599 διώκοντος.
3162 3535 3275 3590 Καὶ
3307 3538 3367 3603 ἐξ
3385 3535 3540 3590 αὑτοῦ
3559 3533 3635 3588 οὖν

2081 3618 2271 3672 τούτου
2303 3620 2397 3673 τοῦ
2436 3619 2732 3676 διώκεσθαι
2762 3621 2914 3693 παρὰ
2951 3622 3062 3677 τῶν
3122 3622 3426 3688 Ἰουδαίων,
3460 3623 3637 3677 δείκνυ·

2080 3725 2169 3763 ται
2196 3712 2228 3781 ὴ
2258 3711 2395 3782 πρὸς
2419 3711 2510 3765 τὸν
2552 3713 2741 3768 Ἰσαὰκ
2769 3715 3030 3787 ὁμοιότης
3060 3713 3244 3786 ἡμῶν,
3278 3717 3376 3768 καὶ
3407 3717 3535 3786 πρὸς
3561 3714 3636 3768 τὸν

2094 3799 2188 3853 ’Λϐ
2197 3799 2347 3874 ραὰμ
2376 3802 2664 3874 οίκειότης.

2158 3998 2177 4032 ι
2235 3978 2395 4034 Ἀλλὰ
2419 3978 2473 4032 τί
2498 3977 2706 4052 λέγειὴ
2729 3980 2922 4054 Γραφή
2949 3997 2966 4049 ;
2999 3979 3242 4036 Ἔκϐαλε
3270 3979 3364 4035 τὸν
3409 3979 3520 4034 υίδν
3547 3977 3634 4046 τῆς

2082 4071 2414 4142 παιδίσκης·
2467 4071 2527 4125 ού
2559 4071 2669 4142 γάρ
2723 4073 2798 4144 μὴ
2846 4073 3236 4146 κληρονομήσῃ
3278 4073 3354 4126 ³6
3400 4074 3510 4136 υίὸς
3551 4071 3635 4140 τῆς

2081 4163 2377 4232 παιδίσκης
2414 4162 2554 4234 μετὰ
2593 4163 2688 4216 τοῦ
2720 4163 2836 4218 υίοῦ
2868 4165 2966 4234 τῆς
3012 4164 3329 4237 ἐλευθέρας.
3364 4186 3387 4217 ι
3423 4164 3535 4218 Ἵνα
3566 4161 3630 4232 μή

2078 4271 2164 4317 τις
2193 4253 2323 4327 εἴπῃ
2343 4270 2358 4287 ο
2393 4253 2460 4309 Τί
2484 4253 2615 4323 οῦν;
2651 4255 2998 4326 παράκλησίς
3043 4259 3160 4311 ἐστι
3187 4261 3300 4323 τοῖς
3329 4257 3426 4312 νῦν
3459 4257 3634 4310 διωκο-

2081 4347 2266 4417 μένοις
2313 4347 2468 4420 παρά
2523 4347 2632 4401 τῶν
2684 4347 2953 4420 Ἐϐραίων
2997 4352 3231 4417 πιστοῖς,
3279 4351 3361 4416 τὸ,
3415 4349 3506 4403 καὶ
3556 4346 3634 4400 τὸν

2093 4439 2280 4493 Ἰσαάκ
2309 4440 2430 4493 τότε
2460 4438 2784 4507 διώκεσθαι;
2833 4441 3022 4513 φησὶν,
3061 4443 3170 4510 ὅτι,
3212 4444 3410 4496 ¹Ἀκουε
3430 4441 3481 4493 τί
3505 4437 3634 4506 λέγει

402 4537 703 4609 Scriptura,
746 4543 910 4605 atque
957 4532 1084 4588 inde
1121 4528 1546 4586 consolationem
1581 4531 1834 4599 accipies.
1870 4528 1976 4586 Pro

2088 4531 2361 4603 ἠΓραφὴ,
2416 4531 2513 4586 καὶ
2557 4531 2684 4585 τότε
2735 4533 3185 4606 παρακληθήσῃ·
3236 4535 3356 4588 ἀντὶ
3403 4533 3509 4603 γὰρ
3553 4526 3634 4582 τοῦ

398 4628 730 4699 temporaria
778 4630 922 4682 enim
999 4621 1290 4678 aﬂiictione
1370 4636 1473 4692 qua
1548 4623 1974 4692 persequebatur

395 4720 640 4775 lsaacum
667 4716 888 4782 lsmael,
939 4714 1156 4785 penitus
1201 4713 1440 4784 eiicitur.
1476 4711 1589 4768 Nec
1622 4711 1758 4768 satis
1810 4721 1894 4768 est
1921 4712 1971 4768 ei

397 4812 467 4866 ad
494 4795 709 4882 ptenam
737 4807 881 4878 quod
928 4807 1168 4878 eiicitur,
1222 4815 1476 4861 caeterum
1519 4804 1776 4860 adimitur
1807 4805 1970 4859 etiam

315 4939 369 4991 δ,
396 4906 446 4962 ei
469 4921 537 4960 ne
554 4903 723 4984 possit
749 4915 869 4958 esse
889 4898 1162 4972 particeps
1187 4897 1452 4954 bonorum
1483 4895 1596 4954 lilio
1617 4905 1969 4968 paratorum:

397 4998 541 5070 quod
570 5005 720 5052 certe
771 4993 950 5065 majus
1003 5000 1090 5049 est
1121 4990 1466 5063 supplicium,
1494 4999 1680 5061 utp0te
1705 5003 1737 5045 a
1767 4989 1859 5045 Dei
1883 4990 1975 5060 ju-

395 5091 540 5156 dicio
567 5099 728 5160 atque
754 5086 1022 5144 sententia
1069 5083 1395 5156 principium
1431 5083 1654 5148 ducens,
1702 5092 1758 5138 et
1799 5093 1906 5136 non
1939 5096 1972 5138 a

399 5181 793 5254 persecutione.
845 5177 1088 5234 Observa
1145 5184 1328 5231 autem
1383 5175 1475 5244 qui
1528 5188 1636 5230 non
1679 5172 1973 5229 Abrahami

396 5273 489 5329 sed
539 5272 746 5330 ancilla:
782 5271 949 5326 lilium
1011 5267 1314 5326 nominavit
1339 5281 1488 5332 eum,
1515 5265 1608 5336 qui
1668 5280 1773 5322 non
1809 5266 1977 5336 possit

397 5362 770 5442 haereditatem
798 5362 969 5430 adire,
1012 5376 1042 5415 a
1068 5359 1263 5416 viliore
1293 5372 1427 5414 sexu
1461 5356 1634 5428 ipsum
1666 5357 1968 5428 appellans.

394 5453 782 5526 ,Contemplare
809 5454 974 5526 igitur
1008 5453 1153 5524 quod
1189 5448 1442 5506 indicarit
1488 5449 1658 5519 legem
1698 5449 1872 5520 ipsam
1899 5450 1976 5506 sl-

537 5597 567 5637 1
596 5586 704 5644 lsa.
733 5603 843 5655 Ltv,
875 5588 930 5643 1.
1043 5597 1066 5624 ι
1118 5587 1254 5644 Gen.
1287 5600 1442 5651 xvttt,
1496 5582 1586 5638 l0.

2083 4623 2423 4694 προσκαίρου
2452 4621 2717 4692 διωγμοῦ,
2759 4616 2821 4676 οὗ
2852 4623 3041 4680 ἐδίωκε
3065 4624 3158 4677 τὸν
3209 4622 3410 4688 Ἰσαάκ,
3435 4620 3634 4683 τελείως

2082 4715 2405 4769 ἐκϐάλλεται
2427 4727 2443 4744 ’
2479 4717 2574 4770 καὶ
2593 4715 2654 4770 οὐ
2687 4714 2749 4769 τὸ
2770 4715 3105 4788 ἐκϐληθῆναι
3136 4715 3296 4786 μόνον
3318 4716 3478 4786 ἀρκεῖ
3501 4707 3634 4779 αὑτῴ

2080 4809 2163 4872 είς
2200 4807 2668 4880 τιμωρίαν,.ἀλλά
2701 4808 2903 4878 μᾶλλον
2929 4807 2990 4860 τὸ
3027 4806 3102 4878 μὴ
3154 4806 3407 4878 γενέσθαι
3456 4819 3634 4858 κοινω-

2080 4898 2172 4954 νὸν
2209 4899 2318 4953 τῶν
2367 4900 2788 4971 ἡτοιμασμένων
2849 4898 2928 4971 τῷ
2985 4899 3161 4954 παιδί.
3203 4901 3268 4953 ’0
3305 4899 3400 4953 καὶ
3448 4893 3632 4967 μείζων

2085 4991 2331 5056 κόλασις,
2361 4992 2469 5046 άπδ
2488 4991 2590 5062 τῆς
2609 4991 2704 5046 τοῦ
2729 4989 2864 5046 Θεοῦ
2888 4990 3116 5063 γνώμης
3145 4992 3240 5045 καὶ
3286 4990 3514 5062 κρίσεως
3542 4985 3632 5053 τὴν

2078 5085 2254 5158 ἀρχὴν
2297 5083 2559 5149 λαϐοῦσα,
2605 5084 2701 5139 καὶ
2747 5083 2849 5138 οὐκ
2896 5083 3004 5139 ἀπὸ
3055 5081 3151 5136 τοῦ
3196 5079 3454 5152 διωγμοῦ.
3502 5076 3631 5146 Ὅρα

2075 5179 2152 5244 δὲ,
2179 5179 2298 5242 πῶς
2323 5177 2447 5248 οὐχὶ
2475 5176 2572 5230 τοῦ
2619 5175 2894 5249 ’Δϐραὰμ,
2927 5173 3065 5230 ἀλλὰ
3093 5175 3194 5244 τῆς
3219 5171 3502 5240 παιδίσκης
3529 5166 3629 5220 υίὸν

2073 5269 2350 5342 ὠνόμασε,
2379 5268 2470 5322 τὸν
2527 5267 2604 5340 μὴ
2661 5267 2986 5339 ἀξιούμενον
3041 5263 3471 5338 κληρονομῆσαι,
3528 5256 3625 5313 ἀπὸ

2072 5360 2168 5416 τοῦ
2199 5359 2534 5432 φαυλοτέρου
2566 5359 2760 5429 γένους
2790 5357 2955 5414 αὐτὸν
2999 5357 3205 5413 καλῶν.
3233 5355 3507 5424 Σκόπησον
3533 5345 3627 5401 τοί-

2073 5472 2193 5522 νυν,
2238 5454 2323 5510 ὅτι
2359 5453 2531 5521 ἔδειξε
2560 5454 2653 5509 τὸν
2685 5454 2852 5527 νόμον
2910 5453 3076 5509 αὐτὸν
3110 5450 3494 5524 εἰσηγούμενον
3535 5443 3623 5512 τὴν

1735 5595 1761 5624 ι
1826 5584 1968 5643 Gen.
2009 5605 2128 5656 xxi,
2189 5586 2280 5643 £0.

1736 5701 1938 5764 Varie)
1964 5703 2296 5769 lectiones.

415 5843 418 5846 ’
466 5827 488 5858 ⁸
515 5823 748 5898 παρέχει
796 5839 850 5882 o.
925 5827 967 5859 “
1001 5823 1312 5897 ἐπληθύνθη
1341 5840 1417 5882 In.
1495 5827 1516 5861 ³
1537 5825 1637 5898 τῆς
1674 5827 1990 5898 παιδίσκης,
2018 5829 2116 5884 καὶ
2148 5828 2242 5884 τδν
2271 5827 2390 5883 υίὸν
2422 5827 2621 5900 αὐτῆς,
2665 5828 2726 5884 οὐ
2777 5829 2886 5902 γὰρ
2918 5830 3316 5904 κληρονομήσει
3345 5841 3420 5885 ω.
