3898 6574
316 465 453 531 1009

1125 466 1532 532 EXPOSITIO
1573 470 1653 530 ΙΝ
1696 468 1938 530 EPIST.
1973 468 2072 529 AD
2105 467 2372 528 GALAT.
2399 492 2466 503 -
2499 467 2658 528 CAP.
2694 468 2760 528 V.

3388 439 3561 530 toto

310 587 505 640 ἑαυτοῦ
543 586 859 652 κατάλυσιν,
917 586 970 639 εί
997 603 1061 655 γε
1103 591 1286 643 πάντα
1311 590 1378 643 τὰ
1425 588 1680 659 ρηθέντα,
1717 585 1889 650 τύπος

2006 584 2597 654 Jiipsidissipationem
2661 580 2994 637 induxisse:
3051 579 3319 650 siquidem
3379 585 3560 638 omnia

309 677 439 731 θντα
474 679 582 732 τῶν
621 679 718 733 νῦν
759 679 1084 752 γινομένων,
1123 684 1180 734 ἐν
1213 679 1290 751 τῷ
1325 681 1496 752 νόμῳ,
1530 681 1648 752 ἤτοι
1676 679 1754 751 τῷ
1783 678 1882 750 τῆς

308 771 555 835 Παλαιᾶς
586 771 776 843 βιῆλίῳ
809 772 1114 844 ἱστόρηται.

390 966 408 1000 t
450 947 613 1018 Ἄρα,
641 935 884 1017 ἀδελφοὶ,
905 967 1006 1003 ουκ
1039 951 1207 1020 ἐσμέν
1247 951 1343 1019 τῆς
1377 951 1664 1017 παιδίσκης
1696 951 1884 1014 τέκνα,

308 1039 447 1094 ἀλλὰ
479 1040 578 1110 τῆς
600 1040 910 1112 ἐλευθέρας.
943 1062 962 1095 ι
993 1042 1177 1096 Ταῦτα
1206 1042 1383 1095 πάντα
1415 1045 1572 1107 κινεῖ,
1602 1043 1688 1096 ἵνα
1713 1041 1883 1113 δείξῃ,

317 1131 403 1184 ὅτι
437 1130 498 1184 τὸ
527 1132 816 1202 γενόμενον
843 1132 938 1188 νῦν
979 1135 1106 1204 περὶ⁸
1149 1135 1320 1204 ἡμᾶς,
1355 1135 1460 1205 πρὸ
1504 1134 1719 1188 πολλῶν
1757 1135 1883 1206 χρόο

314 1242 422 1277 νων
448 1223 786 1296 διετυποῦτο.
820 1227 943 1292 Πῶς
967 1227 1057 1281 οῦν
1077 1228 1176 1281 οὐκ
1199 1229 1402 1284 ἄτοπον
1433 1227 1748 1299 ἐλευθερίας
1791 1245 1886 1282 τυ-

305 1317 507 1387 χόντας
539 1318 644 1391 πρὸ
666 1319 937 1374 τοσούτων
967 1321 1128 1386 ἑτῶν,
1186 1323 1349 1377 πάλιν
1381 1321 1610 1387 ἑκόντας
1665 1322 1888 1388 δούλους

307 1409 557 1478 γίνεσθαι
583 1427 599 1478 ;

909 1523 1162 1579 ΚΕΦΑΛ.
1192 1523 1268 1580 E'.

389 1654 408 1688 t
445 1634 522 1706 Τῇ
587 1636 868 1709 ἐλευθερίᾳ
927 1634 1040 1704 οῦν,
1183 1643 1212 1695 ὁ
1255 1643 1490 1713 Χριστὸς
1547 1644 1887 1715 ἠλευθέρωσε

311 1727 486 1797 ἡμᾶς,
518 1729 756 1796 στήκατε
787 1729 950 1801 [vulg.
988 1731 1265 1806 στήκετε].
1328 1753 1346 1785 ι
1403 1735 1495 1805 Μὴ
1517 1735 1647 1807 γὰρ,
1697 1737 1884 1807 φησὶν,

313 1822 538 1886 ἑαυτοὺς
565 1823 995 1894 ἠλευθερώσατε,
1025 1825 1143 1880 ἀλλ’
1176 1829 1204 1880 ὁ
1251 1827 1349 1898 τὴν
1389 1828 1557 1900 τιμὴν
1582 1829 1704 1892 δοὺς
1749 1829 1889 1900 ὑπὲρ

1987 691 2107 746 quae
2141 677 2281 730 dicta
2313 684 2460 742 sunt,
2491 691 2614 731 cum
2663 674 2831 744 tigura
2890 673 2998 728 sint
3032 689 3223 730 eorum
3260 690 3379 744 qua!
3411 690 3556 730 nunc

1989 769 2126 824 facta
2158 779 2306 831 sunt,
2341 769 2393 823 in
2429 768 2548 838 lege
2571 779 2627 826 et
2653 766 2865 824 Veteris
2886 766 3218 824 Testamenti
3263 767 3416 823 libris
3440 782 3564 838 per-

1986 863 2187 928 st‘ripta
2217 869 2362 916 sunt.

2060 950 2225 1006 Vens.
2261 951 2349 1005 5!.
2403 968 2422 1002 ι
2471 951 2676 1019 Itaque,
2729 950 2949 1016 fratres,
2989 967 3096 1006 non
3133 967 3322 1007 sumus
3346 953 3560 1008 ancillte

1990 1042 2106 1107 lilii,
2136 1044 2230 1098 sed
2252 1043 2457 1099 liberte.
2506 1061 2526 1096 ι
2564 1041 2689 1096 Haec
2731 1042 2912 1098 omnia
2947 1052 3151 1107 movet,
3195 1052 3256 1098 ut
3306 1047 3562 1098 ostendat

1989 1133 2041 1186 id
2075 1134 2222 1204 quod
2282 1131 2484 1188 factum
2537 1133 2608 1188 sit
2648 1132 2930 1187 uobiscum
2991 1133 3173 1195 hodie,
3207 1142 3333 1188 ante
3393 1133 3559 1187 multa

1992 1234 2234 1294 tempora
2293 1224 2676 1280 adumbratum
2726 1234 3315 1295 prtentonstratumque
3371 1225 3558 1282 fuisse.

1989 1315 2091 1383 Qui
2126 1315 2302 1385 igitur
2341 1330 2444 1371 non
2472 1316 2787 1382 absurdum,
2827 1331 2924 1374 eos
2955 1317 3046 1386 qui
3098 1317 3402 1374 libertatem
3436 1329 3566 1373 ante

1993 1417 2069 1464 tot
2100 1421 2270 1464 annos
2301 1407 2417 1464 sint
2439 1407 2643 1480 adepti,
2693 1422 2884 1465 rursus
2940 1418 3133 1478 sponte
3159 1424 3351 1466 servos
3385 1406 3565 1466 silici?

2604 1523 2836 1582 CAPUT
2877 1525 2941 1582 γ.

2067 1640 2228 1696 Vens.
2263 1643 2313 1698 1.
2355 1661 2374 1696 ι
2435 1641 2491 1696 lu
2546 1641 2797 1699 libertate
2827 1645 2992 1714 igitur
3041 1662 3147 1716 qua
3183 1645 3434 1703 Christus
3464 1662 3563 1704 nos

1993 1733 2260 1800 liberavit,
2294 1743 2453 1789 state.
2497 1754 2515 1786 ι
2554 1731 2668 1788 Non
2713 1737 2881 1799 enim,
2944 1737 3136 1807 inquit,
3202 1740 3566 1808 vosmetipsos

1991 1823 2285 1888 liberastis,
2326 1824 2419 1879 sed
2455 1825 2562 1892 ille,
2600 1827 2688 1897 qui
2727 1828 2958 1898 pretium
2998 1828 3384 1898 redemptionis
3417 1829 3566 1886 dedit

311 1915 491 1985 ὑμῶν.
523 1916 648 1980 Πῶς
695 1916 788 1971 οὖν
818 1918 1046 1979 ἑαυτοὺς
1072 1918 1312 1987 ὑπάγετε
1344 1923 1410 1992 τῇ
1468 1921 1562 1973 τοῦ
1613 1921 1778 1991 νόμου
1806 1921 1889 1974 δε-

2006 1929 2090 1970 )ro
2111 1915 2282 1970 vobis.
2324 1915 2605 1984 Quomodo
2645 1921 2809 1990 igitur
2860 1921 3127 1990 vosipsos,
3152 1921 3286 1991 legis
3316 1923 3565 1978 domina—

314 2009 564 2079 σποτείᾳ,
623 2009 774 2079 παρὰ
814 2009 1043 2082 γνώμην
1089 2009 1184 2064 τοῦ
1223 2010 1368 2083 ὑμᾶς
1423 2011 1887 2082 ἐλευθερώσαντος

309 2100 551 2171 Χριστοῦ
583 2118 600 2168 ;
628 2099 811 2156 Εἰπὼν
834 2103 912 2168 δὲ,
946 2121 964 2156 ι
998 2103 1267 2173 Στήκατε,
1313 2121 1332 2157 ι
1364 2103 1534 2170 ἔδειξε
1588 2103 1888 2177 σαλευομέ-

309 2211 464 2258 νους.

389 2303 410 2336 t
452 2286 560 2340 Καὶ
595 2285 671 2356 μὴ
722 2287 886 2341 πάλιν
937 2289 1089 2361 ζυγῷ
1147 2289 1396 2354 δουλείας
1448 2289 1700 2359 ἐνέχεσθε
1755 2290 1798 2346 ⁸.
1862 2309 1881 2344 ι

309 2373 487 2443 Ζυγδν
513 2375 705 2443 είπὼν,
745 2377 806 2432 τὸ
836 2378 976 2450 βαρὺ
1002 2377 1105 2446 τῆς
1159 2381 1217 2434 ἐν
1250 2380 1402 2454 νόμῳ
1441 2381 1689 2445 δουλείας
1713 2383 1884 2454 δηλοῖ.

309 2465 389 2521 Τὸ
425 2467 506 2534 δὲ,
543 2488 562 2520 t
603 2469 792 2536 Πάλιν,
839 2490 857 2524 ι
892 2472 1253 2543 ἀναισθησίαν
1279 2475 1456 2528 αὐτῶν
1482 2477 1806 2546 κατηγορεῖ,
1831 2477 1887 2530 et

309 2575 376 2627 γε
405 2559 573 2632 πείρᾳ
609 2561 873 2632 μαθόντες
897 2561 959 2616 τὺ
990 2562 1247 2636 φορτικὸν
1285 2566 1385 2639 τῆς
1428 2565 1697 2632 δουλείας,
1724 2565 1889 2622 πάλιν

307 2651 404 2707 ἐπ’
433 2653 602 2726 αὐτὴν
628 2654 1043 2728 αὐτομολοῦσιν.

392 2851 413 2886 ι
455 2834 580 2901 Ἴδε,
620 2834 734 2905 ἐγὼ
765 2834 977 2900 Παῦλος
1007 2835 1150 2905 λέγω
1199 2837 1352 2907 ὑμῖν,
1388 2839 1470 2893 ὅτι
1518 2837 1614 2892 ἐὰν
1678 2839 1892 2910 περιτέ-

311 2925 548 2997 μνησθε,
571 2927 806 2997 Χριστὸς
836 2928 988 2982 οὐδὲν
1013 2929 1156 2999 ὑμᾶς
1178 2927 1476 3000 ὠφελήσει.
1515 2949 1534 2983 ι
1557 2923 1670 3002 Τὴν
1695 2931 1790 2983 τοῦ
1821 2931 1893 2984 οί⁶

307 3017 465 3071 σιτίου
487 3018 780 3091 προσώπου
809 3020 1154 3086 ἀξιοπιστίαν
1197 3022 1320 3076 ἀντὶ
1347 3022 1528 3094 πάσης
1564 3021 1889 3088 ἀποδείξεως

308 3108 549 3182 τίθησιν.
577 3112 691 3166 Οὐκ
715 3113 914 3183 ὠφελεῖ
939 3112 997 3166 δὲ
1026 3113 1262 3184 Χριστὸς
1284 3113 1376 3168 τὸν
1399 3113 1890 3184 περιτεμνόμενοι),

315 3202 460 3257 διότι
501 3207 530 3258 ό
576 3205 819 3271 τοιοῦτος
871 3207 972 3278 τὴν
1025 3207 1185 3279 χάριν
1225 3207 1427 3272 ἀθετεῖ,
1485 3206 1582 3262 καὶ
1618 3207 1697 3279 τῷ
1741 3208 1892 3279 νόμῳ

314 3295 441 3365 μὶν,
469 3296 544 3360 ὡς
571 3299 861 3371 εὐεργέτῃ,
893 3299 1224 3371 προστρέχει
1251 3316 1266 3332 ο
1314 3299 1538 3371 Χριστῷ
1581 3300 1638 3354 δὲ
1669 3301 1889 3354 ἀπιστεί

2006 3318 2139 3375 gem,
2193 3317 2294 3357 ceu
2335 3301 2752 3357 benefactricem
2789 3311 3042 3356 accurrat
3095 3320 3109 3358 :

310 3387 558 3456 πάντως,
585 3390 659 3455 ὠς
693 3392 769 3463 μὴ
789 3393 1212 3464 εὐεργετήσαντι
1241 3393 1404 3445 αὐτόν
1430 3410 1445 3424 ·
1465 3395 1494 3447 ὁ
1535 3392 1592 3448 δὲ
1624 3393 1893 3462 ἀπιστῶν,

312 3481 476 3536 οὐδὲν
506 3483 757 3556 κερδανεῖ
785 3485 893 3540 ἀπὸ
920 3483 1016 3539 τοῦ
1057 3484 1485 3558 ἀπιστουμένου.

397 3685 417 3718 r
480 3667 852 3741 Μαρτύρομαι
907 3671 962 3724 δὲ
1043 3671 1204 3724 παντὶ
1251 3669 1527 3742 ἀνθρώπῳ
1567 3688 1893 3742 περιτεμνο·

322 3761 496 3832 μένῳ,
529 3761 611 3814 ὅτι
657 3762 941 3832 ὀφειλέτης
987 3763 1138 3817 ἐστὶν
1186 3764 1308 3818 ὅλον
1349 3764 1441 3818 τὸν
1472 3765 1636 3835 νόμον
1677 3763 1898 3832 πληρῶ-

315 3867 438 3906 σαι.
483 3871 506 3904 ι
543 3852 661 3906 Ἵνα
689 3851 764 3924 μὴ
794 3854 1059 3926 νομίσωσι
1111 3857 1133 3889 ⁵
1191 3855 1366 3910 ταῦτα
1411 3855 1535 3910 κατ’
1581 3856 1782 3928 ἔχθραν
1812 3855 1898 3908 λέ-

315 3944 539 4012 γεσθαι,
595 3946 707 4014 Οὐχ
752 3947 903 4015 ὑμῖν,
954 3945 1111 4017 φησὶ,
1161 3948 1304 4017 λέγω
1361 3949 1567 4020 μόνοις,
1624 3949 1762 4004 ἀλλά
1802 3950 1898 4003 καὶ

317 4035 491 4089 παντὶ
540 4039 1008 4110 περιτεμνομένῳ,
1060 4041 1141 4094 ὅτι
1192 4040 1358 4114 βάρος
1418 4043 1564 4113 μέγα
1621 4043 1896 4098 ἔπιτίθετε

316 4131 538 4192 ἑαυτοῖς
560 4143 575 4157 ·
605 4130 673 4183 τὰ
705 4131 813 4202 γὰρ
851 4131 1061 4203 νόμιμα
1084 4133 1330 4205 ἀλλήλων
1360 4133 1545 4205 ἔχεται
1573 4137 1724 4190 ’,καὶ
1762 4138 1893 4190 ὅταν

312 4223 554 4295 ἀναδέξῃ
585 4225 785 4295 μικρόν
803 4242 856 4279 τι
893 4225 984 4279 τοῦ
1017 4227 1182 4296 νόμου
1215 4228 1309 4280 καὶ
1337 4228 1630 4298 ὑπαγάγῃς
1661 4229 1891 4282 σεαυτὸν

315 4315 398 4382 τῷ
427 4313 602 4384 ζυγῷ,
628 4315 758 4387 ὅλην
791 4317 887 4388 τὴν
920 4317 1240 4372 δεσποτείαν
1265 4321 1286 4350 ⁸
1312 4319 1638 4389 ὲφειλκύσω.
1684 4320 1751 4374 Ἦ
1783 4318 1893 4394 γὰρ

315 4407 598 4478 περιτομὴ
629 4410 721 4462 καὶ⁸
759 4409 950 4463 θυσίαν
981 4411 1223 4477 ἀπαιτεῖ,
1261 4412 1356 4464 καὶ
1387 4414 1602 4484 ἡμέραν
1629 4429 1887 4483 παρατη-

318 4501 410 4568 ρεί
429 4514 445 4530 ’
473 4500 506 4566 ἡ
528 4500 584 4552 δὲ
605 4501 764 4553 θυσία
791 4503 954 4556 τόπον
980 4505 1203 4556 ἀπαιτεί
1227 4505 1321 4557 καὶ
1343 4504 1568 4573 τρόπον,
1596 4506 1692 4559 καὶ
1722 4504 1899 4560 καθα-

317 4589 579 4661 ρισμούς.
625 4591 683 4646 Ὀ
713 4589 819 4662 γὰρ
859 4595 1170 4666 ἀκάθαρτος
1219 4596 1278 4648 οὐ
1323 4596 1462 4650 θύει.
1523 4599 1584 4651 Ol
1618 4597 1896 4668 καθαρμοὶ

2003 2007 2076 2060 tui
2115 2007 2414 2080 subjugatis
2449 2019 2645 2079 praeter
2669 2013 2953 2067 consilium
2981 2013 3207 2081 Christi,
3236 2016 3326 2086 qui
3363 2030 3458 2070 vos
3486 2016 3556 2069 li-

1996 2096 2243 2154 beravit?
2287 2099 2422 2156 Cum
2462 2108 2642 2156 autem
2700 2103 2855 2169 dixit,
2888 2123 2906 2154 ‹
2956 2101 3132 2169 State,
3170 2123 3189 2158 ι
3239 2107 3566 2161 monstravit

1994 2205 2088 2246 808
2114 2205 2233 2248 esse
2271 2206 2585 2250 CODCIISSOS.

2074 2298 2092 2332 t
2133 2280 2196 2334 Et
2227 2279 2392 2335 nolite
2446 2281 2642 2337 iterum
2686 2282 2818 2355 jugo
2878 2285 3155 2343 servitutis
3210 2287 3498 2344 contineri.
3541 2308 3561 2342 ι

1998 2372 2100 2427 Per
2127 2373 2337 2442 jugum,
2372 2388 2534 2443 grave
2559 2389 2697 2430 onus
2730 2376 3009 2432 servitutis
3042 2393 3163 2448 quae
3193 2379 3244 2434 in
3277 2379 3392 2450 lege
3419 2391 3562 2448 erat,

1997 2465 2285 2536 signiticat.
2319 2465 2470 2534 Quod
2501 2483 2646 2535 vero,
2685 2487 2704 2520 ‹
2754 2467 2974 2538 lterum,
3037 2489 3055 2523 ι
3091 2471 3240 2538 dicit,
3277 2473 3566 2542 smpidita-

1997 2567 2104 2612 tem
2143 2572 2328 2614 eorum
2375 2570 2638 2630 accusat;
2707 2559 2972 2632 siquidem
3022 2577 3142 2616 cum
3196 2564 3566 2634 experimento

1997 2651 2286 2708 didicerint
2329 2653 2606 2708 servitutis
2661 2669 2815 2721 onus,
2868 2670 3063 2718 rursus
3091 2656 3158 2710 ad
3194 2672 3312 2712 eam
3371 2671 3566 2731 suapte

1998 2753 2189 2815 sponte
2211 2746 2498 2800 accedunt.

2074 2835 2234 2893 Vens.
2268 2838 2324 2894 2.
2373 2857 2392 2889 ‹
2447 2839 2587 2894 Ecce
2615 2854 2715 2909 ego
2766 2839 2967 2896 Paulus
3001 2841 3122 2896 uico
3145 2841 3318 2908 vobis,
3347 2848 3489 2912 quod
3521 2859 3568 2900 SI

1997 2931 2484 2994 circutncidamini,
2540 2931 2791 2988 Christus
2857 2934 3010 2988 vobis
3055 2933 3190 2988 nihil
3239 2935 3500 3003 proderit.
3541 2953 3561 2988 ι

1997 3023 2233 3094 Propria:
2285 3037 2531 3094 persona:
2583 3025 2958 3083 auctoritatem
3002 3027 3180 3083 omnis
3229 3026 3540 3083 demonstra

2002 3118 2164 3174 ti0nis
2197 3117 2314 3174 vice
2363 3119 2532 3188 ponit.
2587 3117 2922 3174 Circumciso
2970 3130 3149 3176 autem
3201 3136 3307 3176 non
3352 3121 3570 3192 prodest

1999 3209 2265 3276 Christus,
2293 3224 2360 3266 eo
2406 3211 2548 3280 quod
2585 3210 2706 3265 talis
2743 3211 2970 3280 gratiam
3023 3211 3269 3282 repcllat,
3301 3227 3365 3269 ac
3394 3213 3460 3270 ad
3491 3213 3569 3269 le-

3167 3302 3387 3360 Christo
3427 3321 3560 3362 ver)

2000 3395 2221 3451 omnino
2254 3393 2476 3459 dil'ﬁdat,
2509 3394 2666 3464 quasi
2706 3393 2850 3449 nullo
2878 3409 3001 3448 eum
3043 3393 3304 3449 beneﬁcio
3339 3395 3556 3452 affecis-

1998 3498 2101 3544 set.
2128 3485 2228 3554 Qui
2259 3497 2434 3541 autem
2471 3485 2784 3540 incredulus
2823 3494 2926 3550 est,
2960 3485 3094 3541 nihil
3125 3485 3455 3556 adipiscetur
3500 3489 3569 3545 ab

1997 3595 2063 3636 eo
2084 3579 2168 3634 cui
2199 3578 2355 3632 ﬁdem
2398 3593 2501 3632 non
2537 3577 2772 3632 adhibet.

2070 3668 2234 3724 Vens.
2268 3669 2326 3723 3.
2359 3685 2377 3718 ι
2410 3667 2800 3722 Testimonium
2828 3674 3004 3721 autem
3036 3667 3156 3722 dico
3182 3667 3329 3722 omni
3363 3669 3568 3725 homini

1999 3763 2088 3834 qui
2116 3759 2542 3826 circumciditur,
2581 3761 2722 3829 quod
2753 3760 2960 3816 debitor
2989 3769 3073 3816 est
3116 3759 3382 3816 universa;
3436 3760 3572 3832 legis

2000 3856 2280 3911 facienda.
2333 3873 2352 3907 ι
2412 3853 2491 3909 Ne
2559 3834 2874 3928 existiment
2924 3867 3022 3923 per
3075 3851 3417 3908 inimicitiam
3475 3865 3572 3910 aut

1999 3948 2179 4002 odium
2213 3947 2327 4001 lucc
2357 3945 2484 4007 dici,
2541 3944 2657 3999 Non
2710 3944 2864 3999 vobis
2917 3944 3069 4009 solis,
3116 3944 3448 4014 iuquit,haec
3485 3945 3571 4000 lo-

1999 4055 2158 4110 quor,
2191 4039 2544 4094 tierumetiam
2585 4037 2757 4092 cuivis
2799 4037 2888 4107 qui
2938 4038 3370 4104 circumciditur,
3424 4039 3568 4108 quod

1999 4146 2136 4187 onus
2159 4132 2345 4200 iugeus
2372 4130 2524 4185 vobis
2550 4129 2847 4199 imponitis.
2873 4127 3089 4198 Legalia
3115 4130 3256 4183 enim
3288 4130 3429 4184 inter
3448 4145 3570 4186 sese

2001 4232 2188 4278 mutuo
2217 4231 2343 4277 sunt
2380 4237 2647 4276 connexa.
2701 4220 2858 4277 Unde
2901 4221 2945 4276 si
2984 4221 3232 4291 pusillam
3275 4222 3567 4290 quamdam

1999 4315 2133 4386 legis
2177 4313 2340 4386 355
2401 4323 2606 4382 partem
2653 4313 2974 4381 susceperis,
3031 4321 3190 4382 teque
3215 4312 3391 4381 ipsum
3443 4312 3579 4383 iugo

1999 4406 2345 4470 submiseris,
2378 4415 2549 4461 totum
2607 4403 2722 4474 ejus
2781 4405 3112 4459 dominatum
3165 4418 3332 4474 super
3391 4413 3442 4460 te
3479 4415 3568 4460 at-

2001 4499 2236 4556 traxisti.
2267 4497 2626 4554 Circumcisio
2679 4495 2822 4550 enim
2876 4503 2930 4549 et
2983 4494 3256 4550 victimam
3285 4497 3473 4566 exigit,
3515 4505 3572 4551 et

2000 4593 2117 4648 dies
2167 4591 2419 4646 observat
2473 4607 2486 4644 :
2529 4588 2749 4644 victima
2802 4600 2934 4641 vero
2959 4596 3013 4641 et
3048 4587 3224 4642 locum
3255 4589 3489 4657 postulat
3519 4597 3574 4643 et

315 4682 489 4736 πάλιν
509 4683 704 4754 ἐτέρας
730 4686 750 4717 τ
791 4663 1206 4760 παρατηρήσεις
1250 4687 1486 4758 ἔχουσιν.
1533 4689 1697 4760 Ὁρᾷς
1721 4663 1839 4753 πώς
1868 4690 1889 4744 ό

2006 4685 2222 4740 modum
2251 4691 2306 4739 et
2336 4682 2684 4752 purgationes
2712 4698 2726 4734 :
2770 4681 3084 4736 immundus
3123 4681 3267 4735 cnim
3295 4681 3569 4736 victimam

316 4777 709 4847 ἀποστατήσας
735 4778 994 4847 Χριστοῦ,
1025 4779 1086 4832 οὐ
1125 4779 1283 4849 μόνον
1305 4779 1364 4845 ἐξ
1385 4779 1595 4834 ἐκείνου
1629 4780 1730 4834 οὐκ
1752 4780 1896 4852 ὠφε-

317 4864 518 4926 λεῖται,
559 4865 696 4918 ἀλλὰ
729 4869 824 4920 καὶ
854 4868 1066 4938 μυρίοις
1103 4869 1329 4940 βάρεσιν
1354 4871 1545 4924 ἑαυτὸν
1581 4869 1894 4940 ὑπέθηκενς

316 4953 385 5009 Εἰ
411 4955 526 5025 γὰρ’
563 4955 749 5026 κύριος
796 4959 825 5011 ὀ
875 4959 1056 5029 νόμος,
1114 4960 1236 5014 ὅλον
1267 4961 1557 5034 πλήρωσον
1583 4977 1596 4991 ·
1631 4963 1681 5016 εί
1727 4962 1784 5016 δὲ
1832 4963 1894 5016 οὐ

316 5049 532 5119 κύριος,
567 5050 701 5121 μηδὲ
731 5049 895 5120 μέρος
918 5051 1216 5123 καταδέξῃ.

2003 4792 2112 4833 non
2143 4774 2408 4830 immolat.
2436 4772 2792 4844 Purgatioues
2826 4787 3019 4827 rursus
3057 4772 3192 4827 alias
3236 4771 3437 4827 habent
3473 4773 3574 4826 oh-

2003 4867 2363 4923 servationes.
2403 4863 2803 4920 Animadvertis
2849 4864 3119 4934 quomodo
3160 4863 3250 4934 qui
3316 4862 3509 4918 defecit
3542 4879 3571 4916 α

2004 4959 2246 5023 Christo,
2281 4971 2386 5012 non
2424 4955 2596 5011 solum
2629 4955 2757 5011 inde
2786 4969 2893 5009 non
2922 4954 3163 5023 juvatur,
3199 4962 3454 5006 caeterum
3491 4951 3573 5004 in-

2003 5056 2246 5111 numeris
2272 5068 2331 5109 se
2362 5052 2617 5110 oneribus
2647 5051 2921 5121 subjecit?
2972 5049 3028 5105 Si
3072 5047 3215 5104 enim
3251 5046 3336 5101 lex
3371 5054 3453 5098 est
3477 5043 3574 5098 do-

315 5139 499 5195 minus
524 5147 668 5206 tuus,
705 5150 868 5196 totam
910 5141 1054 5196 illam
1089 5142 1321 5211 adimple
1355 5160 1369 5198 :
1401 5143 1444 5199 si
1489 5153 1669 5200 autem
1739 5145 1997 5203 dominus
2030 5155 2152 5201 tuus
2209 5161 2320 5202 non
2375 5155 2458 5203 est
2512 5160 2582 5201 ne
2653 5151 2862 5214 partem
2899 5143 3062 5197 etiam
3088 5139 3207 5209 ejus
3231 5135 3391 5192 ullam
3429 5135 3574 5189 reci-

315 5249 460 5307 ptas.

397 5345 417 5380 ι
465 5326 864 5398 Κατηργήθητε
917 5340 1025 5381 am
1074 5328 1340 5398 Χριστοῦ,
1373 5329 1570 5392 οἵτινες
1624 5330 1683 5383 ὲν
1737 5332 1888 5402 νόμῳ

317 5417 670 5473 δικαιοῦσθεσ
703 5419 802 5488 τῆς
858 5419 1077 5490 χάριτος
1132 5420 1436 5486 ὲξεπέσετε.
1484 5439 1502 5472 ι
1563 5422 1884 5490 Τουτέστιν,

320 5511 594 5581 Οὖδεμίαν
623 5512 907 5565 κοινωνίαν
938 5511 1088 5583 έχετε
1134 5514 1268 5582 μετὰ
1314 5513 1406 5566 τοῦ
1442 5514 1682 5584 Χριστοῦ
1711 5529 1724 5545 ·
1755 5514 1891 5567 οἵτι-

321 5619 434 5664 νες,
478 5599 553 5666 ὡς
596 5586 1030 5672 ὑπολαμόἀνετε,
1073 5606 1128 5657 ἐν
1173 5603 1323 5673 νόμῳ
1371 5604 1708 5669 δικαιοῦσθε,
1778 5603 1878 5674 τῆς

322 5692 546 5763 χάριτος
589 5692 898 5758 ιξεπέσετε,
947 5693 1047 5764 τῆς
1096 5692 1309 5762 ἀληθῶς
1345 5693 1684 5765 δικαιούσης.
1726 5693 1886 5762 Μέγα

2078 5329 2239 5385 Vens.
2265 5325 2320 5380 4.
2359 5343 2377 5377 t
2425 5321 2677 5378 Evacuati
2722 5318 2855 5376 estis
2885 5331 2914 5370 δ
2968 5314 3208 5379 Christo,
3236 5312 3325 5382 qui
3368 5311 3418 5365 iu
3457 5309 3574 5381 lege

1992 5419 2366 5496 jttstiﬂcamini
2403 5434 2418 5472 :
2456 5432 2484 5470 a
2507 5415 2679 5486 gratia
2707 5409 3007 5468 excidistis.
3045 5426 3066 5460 ›
3095 5404 3211 5461 Hoc
3235 5413 3338 5496 est,
3367 5405 3570 5496 nullam

1999 5494 2317 5573 societatem
2353 5507 2566 5565 habetis
2589 5519 2709 5560 cum
2747 5502 2987 5566 Christo,
3020 5499 3112 5570 qui
3152 5494 3342 5569 (veluti
3386 5495 3576 5563 opina-

1997 5605 2154 5674 mini)
2188 5603 2242 5658 in
2273 5601 2389 5670 lege
2418 5593 2788 5669 iustificamini
2836 5610 2852 5648 :
2911 5606 2947 5646 ο
2979 5589 3151 5662 gratia
3192 5600 3320 5642 vere
3364 5582 3568 5654 justiﬁ-

1998 5673 2158 5746 cante
2212 5687 2515 5745 excidiStis.
2568 5681 2819 5755 Magnum
2871 5679 3036 5752 igitur
3088 5673 3433 5747 naufragium
3467 5680 3572 5738 est,

1671 5806 1872 5888 Vat-ias
1902 5803 2236 5868 lectiones.

401 5911 426 5941 ⁵
451 5909 715 5980 ὕπόχεσθε
749 5925 802 5968 o.
877 5913 898 5944 '
925 5912 1148 5984 νομίσῃς
1177 5927 1230 5970 o.
1307 5913 1326 5945 ⁸
1353 5911 1486 5975 ὅλως
1517 5911 1608 5966 τὸν
1631 5913 1898 5980 δεσπότην
1921 5921 1974 5966 o.
2049 5907 2072 5940 ⁷
2093 5906 2255 5970 ἄλλας
2285 5919 2357 5959 ιη’
2450 5983 2458 5998 ο
