3898 6570
218 458 227 465 θ
270 377 427 445 10;.3

1105 381 1513 444 EXPOSITIO
1554 381 1637 442 IN
1676 381 1918 444 EPIST.
1960 386 2060 444 AD
2097 384 2473 446 GALAT.‘-
2501 383 2660 447 CAP.
2703 383 2770 444 V.

3402 374 3537 440 10H

275 493 375 543 τῦν
402 488 628 559 τυχόντα
646 489 961 545 ἀπολέσθαι·
984 490 1048 547 ¹¹.
1094 493 1406 564 Προτρέπει
1441 493 1626 546 τοίνυν
1661 493 1861 557 αὐτοὺς

1987 510 2072 548 ιοιι
2109 495 2224 549 vult
2273 509 2345 549 ne
2389 493 2670 548 minimum
2707 506 2806 547 seu
2847 486 3280 560 qualemcunque
3319 484 3535 554 quidem

278 583 382 635 καὶ
412 583 475 635 τὰ
499 583 632 654 παρ’
668 583 883 638 ἑαυτῶν
913 587 1269 654 εἰσενεγκεῖν,
1311 588 1407 639 καὶ
1434 588 1527 639 ἐπὶ
1561 586 1639 659 τῷ
1670 585 1862 656 Κυρίῳ

276 675 545 739 ἐλπίζειν.
579 676 652 729 Οὐ
686 676 793 748 γὰρ
818 677 992 741 ἄλλως
1035 678 1213 733 ἔνεστι
1255 678 1364 731 τῶν
1404 678 1555 749 παρά
1587 678 1682 731 τοῦ
1723 676 1861 733 Θεοῦ

274 771 484 837 τυχεῖν,
514 768 579 822 ἂν
607 767 684 841 μὴ
714 771 811 823 καλ⁵
835 770 934 843 τὴν
969 772 1097 839 παρ’
1128 771 1339 827 ἑαυτῶν
1373 771 1632 844 σπουδὴν,
1667 771 1859 842 φησὶν,

275 860 591 932 εἰσφέρητε.
866 920 881 935 ⁸

358 974 379 1007 ι
431 957 488 1009 Ὀ
520 957 575 1011 δὲ
596 959 887 1029 ταράσσων
920 960 1088 1029 ὑμᾶς,
1113 958 1378 1031 βαστάσει
1409 962 1689 1034 ὠκρῖμα,
1712 961 1865 1025 ὅστις

274 1048 344 1101 ἂν
470 1069 488 1102 ι
540 1050 730 1137 ⁹Ἰξμεῖς
777 1053 896 1124 μὲν,
958 1054 1150 1124 φησιν,
1208 1054 1690 1126 διορθωθήσεσθεο
1724 1054 1865 1124 πλὴν

274 1140 339 1191 ού
373 1140 461 1195 διά
491 1141 650 1195 τοῦτο
673 1146 722 1196 ot
754 1144 1139 1214 ἀπατήσαντες
1184 1145 1333 1216 ὑμᾶς
1386 1145 1866 1216 ἐλευθερωθήσον-

274 1248 371 1284 ται
401 1233 499 1301 τῆς
529 1233 824 1299 κολάσεως,
862 1235 998 1289 ἀλλά
1020 1236 1254 1290 δώσουσι
1275 1237 1455 1307 δίκην,
1480 1237 1588 1291 κᾶν
1625 1237 1855 1308 μεγάλοι

276 1323 425 1383 τινες
459 1324 658 1378 δοκῶσι
709 1328 802 1379 καὶ
844 1327 1176 1393 ἀξιόπιστοι.
1234 1323 1427 1381 Τοῦτο
1465 1329 1575 1400 γάρ
1623 1328 1739 1382 ἐστι
1781 1328 1865 1392 τὸ,

282 1433 304 1466 ι
345 1416 542 1479 Ὅστις
766 1438 785 1470 ι
822 1419 995 1473 Τοῦτο
1021 1419 1076 1473 δέ
1110 1420 1284 1489 λέγει,
1315 1421 1404 1475 ἵνα
1444 1421 1519 1493 μὴ
1558 1421 1655 1475 καὶ
1685 1420 1868 1491 ἕτεροι

278 1506 448 1560 πάλιν
480 1508 801 1565 ἐπιθῶνται.

354 1616 378 1650 ι
435 1598 577 1668 Ἐγὼ
603 1601 682 1665 δὲ,
707 1601 952 1671 ἀδελφοὶ,
990 1602 1039 1657 εί
1100 1602 1406 1674 περιτομὴν
1458 1603 1540 1658 ἔτι
1573 1603 1863 1677 κηρύσσω.

277 1692 333 1744 τί
360 1691 448 1746 ἔτι
478 1691 785 1765 διώκομαις
827 1716 846 1749 ι
904 1696 1123 1768 Ἐπειδὴ
1143 1696 1528 1760 διαὸἀλ).οντες
1557 1697 1720 1751 αὑτὸν
1751 1697 1868 1750 ἕλε-

1964 587 2163 656 perirn.
2197 586 2532 642 Adltortatttr
2575 585 2758 655 itaque
2793 597 2907 644 eos,
2933 590 2992 637 ιιι
3029 589 3086 635 et
3143 593 3243 633 sua
3281 576 3533 639 afferant.

1963 677 2098 731 etin
2152 676 2436 731 Dominum
2509 692 2656 746 spent
2686 690 2835 732 sitam
2883 672 3167 728 collucent.
3210 667 3326 724 Non
3389 666 3536 722 enim

1965 770 2123 825 aliter
2161 769 2286 824 licet
2317 762 2583 825 beneficia
2610 768 2702 823 Dei
2737 766 3023 836 consequi,
3071 779 3237 835 quam
3286 763 3330 818 si
3360 771 3416 816 et
3443 774 3539 815 ve-

1965 873 2140 918 strum
2168 863 2332 917 etiam
2368 874 2623 919 conatum
2654 860 2978 920 conferatis.

2043 974 2061 1005 ι
2102 955 2202 1022 Qui
2238 965 2419 1009 autem
2473 956 2765 1009 conturbat
2804 969 2922 1015 vos,
2977 948 3216 1020 portabit
3245 946 3541 1019 judicium,

1966 1046 2212 1116 quisquis
2243 1044 2429 1102 fuerit.
2458 1064 2476 1099 ι
2509 1046 2617 1102 Vos
2658 1044 2899 1114 quidem,
2928 1042 3120 1112 inquit,
3158 1042 3224 1095 ad
3256 1040 3544 1095 rectiorem

1936 1148 2167 1194 statum
2198 1137 2601 1194 transfteremini
2647 1155 2663 1193 :
2701 1136 2796 1193 sed
2827 1146 3004 1191 tamen
3048 1136 3138 1204 qui
3168 1134 3546 1203 imposuerunt

1968 1231 2146 1295 vobis,
2179 1245 2282 1284 non
2322 1242 2606 1301 propterea
2632 1227 3012 1283 liberabuntur
3035 1240 3064 1279 ει
3095 1239 3278 1295 paena,
3311 1224 3407 1279 sed
3430 1237 3548 1292 pte.

1926 1342 1929 1345 ·
1970 1339 2071 1379 nas
2097 1323 2266 1387 luent,
2298 1323 2512 1377 etiamsi
2562 1321 2744 1393 magni
2800 1320 3105 1380 rideantur,
3138 1326 3193 1371 et
3224 1314 3330 1370 [ide
3370 1313 3541 1382 digni.

1971 1415 2083 1471 Hoc
2118 1416 2261 1471 enim
2286 1425 2370 1471 est
2401 1416 2562 1480 istud,
2601 1433 2619 1467 t
2666 1412 2928 1483 Quisquis
2953 1410 3138 1467 fuerit.
3174 1428 3191 1461 ι
3229 1408 3343 1465 lloc
3368 1417 3548 1463 autem

1970 1510 2123 1573 dicit,
2159 1527 2224 1563 ne
2260 1510 2349 1563 alii
2384 1525 2601 1579 quoque
2629 1509 2775 1579 ipsos
2809 1506 3151 1561 adoriantur.

2045 1600 2207 1656 Vsus.
2240 1601 2325 1655 ll.
2358 1620 2376 1652 ι
2410 1602 2521 1663 Εκο
2571 1610 2775 1665 autem,
2830 1599 3051 1660 fratres,
3089 1597 3135 1652 si
3171 1595 3550 1652 circumcisio-

1975 1708 2094 1746 nem
2144 1691 2321 1745 adhuc
2375 1691 2634 1761 praedico,
2676 1689 2807 1759 quid
2873 1687 3052 1742 adltuc
3113 1684 3550 1753 persecutionem

275 1802 399 1853 γον,
447 1787 531 1840 ὅτι
567 1788 874 1860 ὑποκριτής
924 1791 1091 1849 ἐστιν,
1136 1789 1371 1861 ἀλλαχοῦ
1417 1790 1516 1860 μὲν
1568 1790 1872 1861 περιτομὴν

1986 1785 2195 1851 patior?
2241 1803 2261 1838 ι
2291 1783 2425 1852 Quia
2457 1783 2883 1839 calumniatores
2911 1780 3030 1850 ejus
3053 1779 3332 1840 dicebant.
3366 1774 3551 1847 llypo-
3592 1778 3595 1781 ’

277 1877 606 1948 κηρύσσων,
639 1881 874 1951 ἀλλαχοῦ
915 1882 971 1936 δὲ
999 1881 1062 1937 οὔ
1087 1899 1100 1914 υ
1143 1883 1331 1955 φησὶν,
1381 1884 1464 1936 ὅτι
1504 1882 1697 1954 Ὑμεῖς
1733 1884 1874 1953 μάρ-

1986 1875 2109 1932 ct-ita
2134 1884 2241 1941 cst,
2284 1874 2484 1944 quippe
2513 1874 2638 1942 quia
2667 1872 2803 1927 alias
2836 1868 3314 1926 eireumcisionem
3360 1864 3558 1936 prgedi-

276 1987 474 2040 τυρες.
512 1972 594 2026 ὅτι
646 1972 920 2053 διώκρμαι
964 1976 1119 2045 παρά
1164 1975 1274 2028 τῶν
1334 1974 1631 2029 Ἰουδαίων.
1662 1974 1724 2027 El
1777 1970 1872 2029 οὗν

1986 1983 2086 2032 cat,
2125 1969 2262 2024 alias
2288 1985 2390 2024 non
2417 1969 2544 2023 item
2574 1984 2590 2021 :
2632 1964 2763 2031 Vos,
2795 1963 3004 2032 inquit,
3033 1962 3167 2018 mibi
3200 1959 3555 2029 105l89£8li8,

282 2065 596 2134 περιτομὴν
631 2063 916 2135 κηρύσσω,
964 2066 1107 2137 ὑπὲρ
1158 2067 1305 2130 τίνος
1351 2066 1515 2120 ἄλλου
1552 2065 1871 2136 διώκομαι;

283 2155 561 2225 πρύδηλον
599 2157 707 2227 γὰρ
733 2157 817 2211 ὅτι
851 2157 941 2211 διὰ
987 2157 1048 2212 τὸ
1099 2158 1396 2213 καταλύειν
1437 2158 1506 2213 τὰ
1536 2158 1748 2230 πάτρια
1779 2159 1874 2217 αὑ,-

278 2263 415 2309 των,
455 2247 710 2302 διώκουσί
744 2266 834 2320 με.
878 2250 1019 2305 Εἰδέ
1065 2251 1370 2322 περιτομὴν
1406 2250 1692 2321 κηρύσσω,
1737 2266 1866 2304 συν-

284 2339 424 2393 ιστῶ
479 2339 687 2395 ταῦτα’
721 2342 841 2406 πῶς
877 2339 969 2396 οὖν
999 2362 1066 2414 με
1103 2343 1387 2409 διὼκουσις
1422 2344 1488 2397 Τί
1519 2338 1634 2408 οὖν,
1668 2342 1865 2412 φασίνς

278 2432 343 2484 ού
369 2431 671 2503 περιέτεμε
705 2433 972 2504 Τιμόθεον
998 2451 1012 2500 ;
1037 2435 1143 2488 Ναί
1164 2450 1177 2465 ο
1210 2433 1347 2487 ἀλλά
1377 2436 1498 2489 κατ’
1529 2434 1870 2504 οἰκονομίαν.

284 2523 458 2577 Ἀλλο
485 2525 540 2577 δὲ
567 2526 626 2578 τὸ
653 2528 997 2597 περιτεμεῖν,
1035 2526 1134 2580 καὶ
1182 2526 1311 2579 ἄλλο
1340 2524 1401 2580 τὸ
1442 2525 1743 2596 κηρύσσειν
1778 2542 1875 2578 πε-

288 2616 554 2686 ριτομήν.
605 2616 677 2669 Oti
714 2616 823 2688 γὰρ
854 2612 1031 2683 εἶπεν,
1064 2618 1127 2671 Εἰ
1159 2618 1469 2687 περιτομὴν
1499 2617 1872 2688 εἰργασάμην,

283 2709 436 2774 ἀλλ’,
470 2728 489 2760 ι
521 2709 584 2763 Εἰ
606 2709 891 2781 κηρύσσω.
921 2702 940 2762 ὦ
989 2710 1049 2764 Ὃ
1076 2710 1184 2782 γὰρ
1210 2709 1522 2783 κηρύσσων,
1553 2710 1873 2779 δογματίζει

281 2802 401 2855 δεῖν
428 2803 517 2856 ἀεὶ
544 2803 701 2858 τοῦτο
729 2803 997 2872 γίνεσθαι,
1024 2804 1099 2867 ὡς
1140 2804 1330 2868 ἁπλῶς
1365 2803 1531 2858 καλόν
1556 2821 1569 2835 ·
1611 2805 1637 2857 ὁ
1667 2803 1723 2857 δέ
1749 2801 1872 2856 κατ’

283 2895 617 2964 οἰκονομίαν
646 2897 884 2968 ποιήσας
931 2914 1006 2963 τι,
1056 2896 1156 2967 οὐχ
1190 2896 1264 2959 ὡς
1294 2896 1482 2962 ἁπλῶς
1521 2895 1688 2951 καλὸν
1715 2892 1874 2948 τοῦτο

282 2986 456 3050 ποιεῖ,
489 2985 603 3038 ἀλλ’
641 2987 717 3048 ὡς
751 2987 888 3057 πρὸς
915 2987 1106 3057 καιρὸν
1142 2987 1428 3058 χρειῶδες.

285 3092 512 3147 semper
548 3079 746 3135 debere
771 3080 913 3145 fieri,
962 3097 1064 3137 cett
1116 3097 1230 3136 rem

1974 2061 2121 2132 quod
2158 2060 2587 2132 persecutionem
2617 2059 2797 2128 patior
2823 2072 2853 2112 a
2880 2054 3105 2111 Iudaeis.
3149 2055 3205 2110 Si
3244 2053 3555 2124 igitur.eil’-

1975 2153 2365 2207 eumcisionem
2402 2150 2658 2219 prtedico,
2721 2165 2818 2218 pro
2867 2164 3100 2219 quanam
3133 2147 3237 2202 alia
3278 2163 3338 2202 re
3376 2159 3560 2216 perse-

1976 2243 2248 2298 cutionem
2311 2241 2603 2297 sustineo?
2646 2239 2865 2311 planum
2920 2240 3065 2294 enim
3123 2249 3208 2295 est
3252 2238 3397 2307 quod
3431 2236 3557 2307 quia

1979 2335 2186 2406 patrios
2216 2349 2404 2390 eorum
2453 2332 2595 2388 ritus
2635 2330 2841 2400 tollam,
2878 2339 3284 2402 persequuntur
3313 2344 3424 2386 me.
3457 2329 3555 2393 Sin

1979 2426 2453 2482 eireumcisiouem
2521 2425 2783 2497 praedico,
2830 2420 2970 2480 ritus
3023 2423 3147 2478 illos
3214 2422 3481 2478 confirmo
3536 2437 3552 2474 :

1981 2534 2154 2590 quare
2216 2519 2383 2591 igitur
2438 2527 2844 2589 persequuntur
2896 2516 3024 2571 me?
3065 2515 3205 2583 Quid
3272 2514 3420 2581 inde,
3476 2513 3560 2568 in-

1980 2609 2220 2678 quiunt?
2262 2623 2440 2662 nonne
2493 2606 2841 2662 circumcidit
2882 2603 3274 2660 Timotheum?
3317 2602 3432 2665 Nze,
3465 2619 3559 2659 ve-

1982 2718 2098 2756 rum
2150 2717 2244 2771 per
2281 2702 2570 2772 quamdam
2632 2698 3113 2769 dispensationem.
3164 2697 3320 2751 Aliud
3376 2705 3559 2752 autem

1980 2805 2065 2852 est
2098 2796 2511 2859 circumcidere.
2545 2793 2690 2849 aliud
2734 2792 3207 2851 circumcisionem
3236 2789 3569 2860 praedicare.

1983 2889 2099 2944 Non
2135 2889 2281 2943 enim
2313 2887 2562 2951 dixit,’Si
2588 2868 2935 2948 circumcidi,
2959 2884 3078 2946 sed.
3116 2903 3135 2937 ι
3173 2881 3230 2939 Si
3279 2880 3563 2939 circumci-

1953 2982 2190 3038 siouem
2219 2984 2473 3052 praedico.
2540 2998 2558 3033 ι
2617 2978 2721 3049 Qui
2776 2977 2920 3034 enim
2970 2975 3251 3048 prtcdicat,
3304 2975 3465 3040 docet
3506 2972 3561 3028 id

1312 3081 1637 3150 simpliciter
1696 3080 1947 3136 bonam:
1986 3079 2079 3148 qui
2118 3092 2251 3133 vero
2300 3091 2397 3145 per
2445 3075 2906 3145 dispensationem
2943 3071 3199 3143 quiddam
3250 3070 3406 3137 facit,
3452 3083 3560 3125 non

288 3173 461 3229 veluti
487 3175 805 3244 simpliciter
839 3177 1038 3232 bonum
1072 3178 1176 3233 hoe
1198 3176 1351 3241 facit,
1384 3191 1570 3233 verum
1607 3188 1860 3248 tauquam
1893 3177 1960 3231 ad
1992 3186 2204 3245 tempus
2231 3173 2379 3230 utile.

368 3285 391 3320 ι
429 3267 574 3336 Ἀρα
606 3269 953 3340 κατήργηται
978 3270 1038 3323 τὸ
1077 3269 1374 3324 σκάνδαλον
1404 3270 1500 3325 τοῦ
1534 3269 1798 3341 σταυροῦ.
1834 3289 1872 3335 γι
1902 3270 1947 3333 C

290 3356 355 3411 Et
392 3359 724 3428 περιτομὴν,
767 3360 925 3427 φησὶ,
956 3360 1237 3431 κηρύττω,
1296 3361 1578 3416 πέπαυται
1610 3361 1669 3415 τὺ
1714 3361 1880 3415 σκάν-

287 3449 452 3505 δαλον
482 3450 510 3503 ὃ
546 3452 992 3516 σκανδαλίζονται
1022 3454 1115 3507 ἐπὶ
1149 3453 1228 3524 τῷ
1262 3453 1487 3526 σταυρῷ
1515 3457 1564 3510 οἱ
1612 3455 1877 3511 Ἰουδαῖοι.

287 3542 371 3597 Δι’
409 3542 564 3596 οὐδὲν
625 3544 736 3615 γάρ
777 3545 968 3615 ἕτερον
1024 3547 1477 3612 σκανδαλίζονται
1516 3547 1613 3602 ἐπὶ
1658 3548 1738 3619 τῷ
1784 3547 1878 3603 τοῦ

292 3638 540 3707 σταυροῦ
573 3638 920 3709 κηρύγματι,
945 3639 1041 3694 καὶ
1070 3642 1132 3694 οὐ
1166 3641 1567 3713 παραδέχονται
1614 3642 1794 3706 τοῦτο,
1832 3643 1882 3696 εἰ

299 3727 378 3798 μὴ
411 3728 500 3780 διὰ
526 3729 586 3781 τὸ
620 3730 990 3785 καταλύεσθαι
1018 3732 1117 3803 τὴν
1145 3735 1460 3806 περιτομὴν.
1481 3735 1690 3790 καὶτὸν
1714 3735 1882 3806 νόμον

291 3821 403 3876 ὑπὸ
457 3821 674 3877 τούτου.
721 3824 903 3878 ,Ὥστε
967 3828 1274 3898 περιτομῆς
1318 3827 1739 3900 κηρυττομένης
1791 3829 1881 3883 ὑπ’

293 3912 520 3983 ἐμοῦ,ὴ
555 3916 705 3986 μάχη
743 3917 853 3971 τῶν
907 3919 1283 3991 Ἰουδαίωνμή
1319 3920 1454 3990 πρὸς
1494 3921 1587 3974 τὸν
1624 3922 1877 3993 σταυρὸν,

291 4006 391 4057 καὶ
423 4006 485 4058 τὸ
527 4007 823 4062 σκάνδαλον
863 4009 892 4064 ὃ
924 4011 1372 4076 σκανδαλίζονται
1396 4012 1483 4067 ἐπ’
1517 4013 1690 4085 αὐτῷ,
1750 4030 1885 4069 κατ-

291 4099 540 4169 ήργηται
570 4101 664 4155 καὶ
695 4101 1002 4161 πέπλυται.

372 4209 396 4242 ι
441 4191 674 4261 Ὄφελον
738 4195 834 4248 καὶ
910 4196 1281 4268 ἀποκόψονται
1335 4201 1386 4253 οἱ
1444 4199 1878 4265 ἀναστατοῦντες

293 4284 467 4355 ὑμᾶς.
503 4303 521 4334 ι
558 4285 694 4347 Τοὺς
730 4287 829 4356 μὲν
873 4287 1273 4359 ἀπατηθέντας,
1310 4292 1573 4362 ἀνοήτους
1622 4292 1882 4347 ἐκάλεσεν

292 4378 351 4429 ἐν
378 4376 549 4446 ἀρχῇ,
582 4377 733 4431 οὐδὲν
754 4379 870 4433 ἀλλ’
900 4381 933 4451 ἢ
964 4380 1037 4446 ὡς
1072 4384 1265 4437 παισὶν
1297 4376 1607 4456 ἐπιπλήξας
1632 4400 1648 4414 ·
1682 4389 1797 4452 τοῖς
1825 4387 1882 4442 δὲ

292 4470 672 4540 ἀπατήσασιν,
737 4471 813 4534 ὡς
852 4473 1047 4529 ἀνίατα
1098 4476 1371 4539 νοσοῦσιν,
1431 4479 1728 4549 ἐπαρᾶται,
1788 4480 1885 4534 καὶ

292 4560 453 4630 λέγει
476 4577 493 4594 ο
523 4562 648 4615 Είθε
678 4562 753 4634 μὴ
785 4564 950 4634 μόνον
985 4566 1425 4637 περιετέμνοντο.
1473 4568 1609 4623 ἀλλά
1659 4570 1754 4623 καὶ
1791 4588 1882 4624 τε·

292 4653 459 4715 λείως
490 4653 884 4710 ἀπέκοπτοντά
915 4657 1124 4710 ἑαυτῶν
1161 4659 1323 4729 μόρια
1344 4660 1357 4714 ι
1379 4660 1592 4730 Ὅραδέ
1626 4661 1881 4729 καὶπῶς,

299 4763 321 4797 α
369 4746 843 4814 Ἀναστατοῦντες,
885 4769 905 4801 ι
941 4744 1113 4813 εἶπεν,
1148 4750 1282 4819 ὅπερ
1303 4752 1526 4804 ἐπὶτῶν
1554 4753 1883 4824 αίχμαλωτι·

298 4836 505 4901 ζὸντων
540 4838 581 4868 ⁸¹
612 4839 866 4910 λέγομεν.
924 4841 1036 4895 Καὶ
1094 4840 1202 4911 γὰρ
1234 4841 1330 4895 καλ⁵
1355 4834 1502 4896 οὗτοι
1537 4842 1636 4915 τὴν
1664 4844 1883 4899 ἐλευθε-

301 4928 427 4998 ρίαν
478 4928 660 4982 αὐτῶν
711 4929 1042 5001 ἀφῃροῦντο,
1095 4932 1321 5002 καὶτῆς
1368 4932 1482 4987 ἀνω
1522 4932 1881 5006 Ἰερουσαλὴμ

300 5019 706 5084 ἐπανιστῶντες
735 5022 801 5085 ¹³,
830 5022 906 5086 ὡς
939 5023 1282 5092 μετανάστας
1315 5020 1452 5094 πρὸς
1486 5026 1576 5079 τὸν
1599 5027 1765 5097 νόμον
1789 5027 1884 5081 καὶ

300 5114 405 5179 τὴν
458 5110 755 5183 Ἰουδαῖκὴν
814 5114 1168 5185 μικρολογίαν
1232 5115 1524 5186 μεθίστων.
1564 5117 1884 5188 Σημείωσαι

301 5202 361 5255 δὲ
415 5202 558 5257 κατὰ
610 5205 720 5258 τῶν
767 5206 1186 5261 ἀποκοπτόντων
1218 5207 1468 5271 ἑαυτοὺς,
1511 5208 1594 5262 ὅτι
1646 5209 1747 5279 τὴν
1784 5207 1880 5263 τοῦ

318 5294 645 5349 Ἀποστόλου
676 5297 920 5367 κατάραν
959 5299 1040 5368 ἐφ’
1071 5300 1296 5364 ἑαυτοὺς
1328 5300 1691 5356 ἐπισπῶνται.

388 5488 407 5522 ι
452 5471 640 5543 Ὑμεῖς
673 5475 782 5545 γὰρ
812 5475 868 5526 ἐν
894 5473 1177 5547 ἐλευθερίᾳ
1198 5475 1485 5547 ἐκλήθητε,
1512 5475 1752 5544 ἀδελφοὶ,
1792 5478 1886 5548 μά-

311 5578 401 5615 νον
431 5564 507 5637 μὴ
539 5564 638 5636 τὴν
670 5566 984 5639 ἐλευθερίαν
1007 5567 1088 5631 είς
1117 5568 1369 5640 ἀφορμὴν
1403 5570 1471 5639 τῇ
1500 5568 1687 5637 σαρκί.
1714 5586 1733 5621 t
1772 5569 1885 5639 Ούχ

2060 3288 2079 3321 ι
2123 3269 2263 3339 Ergo
2307 3274 2629 3323 evacuatum
2685 3273 2772 3322 est
2811 3263 3129 3321 scandalum
3178 3262 3379 3318 crucis.
3433 3279 3453 3314 ι
3503 3257 3559 3315 Si

1981 3361 2489 3425 circumcisionem,
2549 3357 2763 3428 inquit,
2812 3355 3128 3421 prmdicem,
3184 3353 3351 3408 desiit
3398 3366 3562 3407 scau-

1982 3456 2161 3511 dalnm
2186 3471 2293 3526 quo
2322 3453 2490 3509 Judaei
2531 3454 2601 3507 ob
2649 3466 2869 3508 crucem
2917 3447 3449 3504 scandalizabantur.
3481 3443 3564 3500 οι)

1983 3548 2117 3604 nihil
2150 3547 2297 3603 enim
2352 3545 2496 3600 aliud
2547 3543 2897 3599 oﬂ‘enduntur
2916 3540 3086 3596 Judaei
3123 3539 3185 3592 in
3226 3538 3405 3592 crucis
3428 3551 3566 3604 prte-

1981 3639 2279 3702 dicaiione,
2306 3636 2468 3708 357
2494 3650 2671 3706 neque
2696 3649 2816 3689 eam
2846 3633 3136 3702 recipiunt.
3163 3629 3266 3685 nisi
3291 3628 3433 3698 quod
3458 3629 3567 3682 dis-

1984 3729 2153 3785 solvat
2178 3728 2655 3784 circumcisionem
2696 3734 2751 3781 et
2793 3725 2986 3796 legem.
3051 3721 3289 3777 Proinde
3342 3719 3389 3775 si
3419 3733 3450 3773 a
3478 3732 3565 3777 me

1985 3820 2331 3878 circumcisio
2362 3819 2715 3888 praedicatur,
2744 3832 2918 3887 pugna
2950 3813 3260 3869 Iudaeorum
3298 3811 3561 3866 adversus

1984 3926 2221 3976 crucem,
2255 3918 2310 3964 et
2356 3907 2671 3963 scandalum
2703 3920 2812 3975 quo
2861 3902 3303 3959 scamtalizantur
3347 3908 3567 3970 propter

1986 4005 2179 4075 ipsam,
2206 4000 2463 4057 abolitum
2491 4007 2577 4054 est
2604 4013 2667 4052 ac
2698 3995 2952 4053 cessavit.

2057 4179 2221 4237 Vens.
2257 4180 2345 4234 12.
2380 4196 2399 4231 ι
2446 4177 2661 4234 Utinam
2694 4175 3078 4235 abscinduntur
3106 4176 3198 4244 qui
3225 4190 3319 4232 vos
3343 4181 3563 4231 contur-

1984 4277 2135 4332 bant.
2178 4294 2197 4327 ι
2227 4274 2332 4328 Eos
2354 4273 2443 4343 qui
2476 4270 2686 4342 decepti
2716 4270 2949 4334 fuerant,
2987 4268 3184 4325 stultos
3216 4269 3267 4322 in
3300 4267 3566 4338 principio

1988 4369 2223 4433 vocavit,
2261 4367 2393 4421 ιιίιιὶι
2423 4365 2568 4420 aliud
2597 4379 2781 4435 agens,
2816 4377 2977 4433 quam
3011 4361 3155 4430 quod
3181 4360 3342 4415 veluti
3368 4375 3566 4430 pueros

1989 4463 2319 4533 increparet.
2352 4459 2682 4528 lmpostores
2707 4466 2887 4510 autem
2921 4455 3089 4522 ipsos,
3124 4460 3379 4520 tanquam
3413 4451 3567 4509 iucu-

1988 4554 2144 4610 rabili
2187 4553 2375 4607 morbo
2410 4550 2675 4611 laborent,
2725 4555 3063 4610 exsecratur,
3113 4560 3177 4598 ac
3207 4545 3337 4599 dicit
3380 4562 3395 4598 :
3438 4541 3560 4598 Uti-

1993 4661 2118 4703 nam
2152 4660 2257 4699 uon
2314 4641 2486 4699 solum
2540 4638 3086 4698 circumciderentur.
3114 4636 3207 4693 sed
3242 4643 3296 4692 et
3320 4635 3563 4689 fumtitus

1992 4742 2304 4793 resecarcnt
2375 4749 2470 4789 Sua
2536 4733 2800 4785 membra.
2887 4726 3271 4798 Coutemplare
3362 4740 3567 4787 amt-tn.

1991 4825 2259 4899 quomodo
2308 4822 2521 4886 dixerit,
2564 4808 3039 4882 Ἀναστατοῦντες,
3067 4818 3209 4887 quod
3240 4816 3306 4871 de
3327 4816 3569 4884 captivos

1992 4918 2316 4975 ducentibus
2359 4915 2609 4969 diciums.
2658 4911 2791 4965 Nam
2824 4920 2879 4966 et
2912 4910 2999 4966 i5ti
3040 4910 3343 4965 libertatem
3374 4922 3563 4961 eorum

1991 5009 2329 5075 auferebam,
2358 5013 2412 5060 et
2442 5022 2469 5058 a
2507 5003 2760 5072 supernis
2785 5000 3176 5072 Hierosolymis
3209 5013 3304 5052 eos
3341 4996 3570 5051 transfe-

1978 5113 2192 5175 rentes,
2221 5116 2319 5157 ceu
2348 5097 2565 5154 exsules
2593 5108 2646 5153 et
2668 5095 2939 5165 profugos,
2969 5093 3034 5148 ad
3063 5092 3229 5161 legem
3257 5088 3570 5144 Jndaicam-

1993 5212 2099 5266 que
2145 5195 2407 5249 vilitatem
2436 5190 2859 5248 transferebant.
2887 5186 3125 5242 Observa
3165 5191 3344 5237 autem
3375 5191 3569 5235 contra

1995 5285 2379 5341 abscindentes
2423 5283 2652 5351 seipsos,
2685 5279 2827 5350 quod
2862 5272 3107 5347 Apostoli
3137 5272 3567 5329 exsecrationem

1996 5382 2061 5436 ad
2088 5393 2207 5435 sese
2231 5376 2526 5432 atlraltanl.

2072 5473 2235 5527 Vsus.
2272 5469 2361 5523 15.
2404 5486 2421 5520 ι
2466 5467 2570 5521 Vos
2588 5466 2731 5520 enim
2769 5463 2821 5518 in
2879 5462 3129 5519 libertate
3185 5455 3358 5539 vocati
3416 5455 3568 5518 estis,

1998 5565 2213 5627 fratres,
2249 5572 2456 5616 tantum
2483 5574 2546 5612 ne
2567 5558 2868 5612 libertatem
2894 5555 2946 5608 in
2967 5552 3307 5609 occasionem
3340 5546 3513 5602 carni.
3547 5562 3565 5594 ι

1654 5705 1852 5769 Vat-ite
1878 5703 2210 5767 lectiones.

392 5823 432 5854 “
498 5820 874 5878 ἁποϐαλέσθαι
932 5840 984 5881 o.
1065 5827 1106 5858 "
1138 5824 1514 5893 αἰχμαλώτων
1571 5843 1623 5884 ο.
1705 5829 1747 5860 ³³
1794 5827 1879 5881 ἵσ.
1937 5835 2370 5894 μετανιστωντες
2426 5834 2479 5873 ο.
