3898 6566
465 374 604 440 iiii-5

1349 378 1925 448 THEOPHYLACTI
1973 389 2383 452 BULGARUE
2431 390 2787 455 ARCHIEP.

3567 401 3677 473 10l6

459 489 603 556 Non,
656 491 857 563 tnquit,
897 500 957 548 ut
1011 491 1319 549 serviamus
1371 493 1496 562 legi,
1550 499 1724 554 vocali
1784 515 1973 557 sumus

2150 505 2258 572 ἵνα,
2292 506 2447 576 φησὶ,
2477 505 2823 578 δουλευωμεν
2853 505 2929 577 τῷ
2959 505 3124 578 νόμῳ,
3158 506 3463 584 ἐκλήθημεν
3490 515 3582 573 ὖπδ
3601 523 3678 578 τοῦ

379 627 382 631 ,
459 581 697 649 Christo,
735 591 989 637 caeterum
1021 591 1080 636 ut
1107 580 1261 637 liberi
1292 583 1462 637 simus
1490 600 1516 637 a
1549 585 1680 656 jugo
1708 588 1896 658 legalis
1924 604 2042 645 ser-

458 675 666 730 vitutis.
701 673 908 729 Deinde
959 688 1026 729 ne
1055 673 1360 743 suspicetur
1389 678 1682 747 quispiam,
1714 683 1856 750 quod
1903 697 2040 752 quo-

459 765 604 818 niam
637 763 790 817 liberi
826 777 1034 827 sumus,
1069 762 1225 819 liceat
1274 767 1429 820 nobis
1463 768 1513 821 in
1553 778 1824 838 posterum
1878 784 2040 842 agere

457 870 578 924 «pne
598 855 1184 928 voiuerimus,corrigit
1204 858 1323 923 hoc,
1351 859 1628 930 inquiens:
1652 860 1728 915 Ne
1746 861 2038 920 habeamus

463 966 482 997 ι
511 945 839 1003 Libertatem
872 949 923 1002 in
949 951 1290 1005 occasionem
1322 954 1494 1019 carni,
1538 969 1556 1005 ι
1594 955 1692 1010 hoc
1712 963 1816 1019 est,
1849 971 2038 1012 carna-

458 1036 600 1092 libus
623 1039 1025 1109 cupiditatibus.
1052 1038 1167 1095 Non
1184 1041 1326 1095 enim
1355 1054 1632 1112 propterea
1665 1044 1827 1101 soluti
1849 1062 2036 1103 sumus

457 1145 485 1182 a
502 1129 632 1202 jugo
659 1131 813 1203 legis,
841 1143 895 1187 ut
942 1134 1363 1204 praeeipitemur,
1402 1154 1586 1194 verum
1633 1147 1690 1193 ut
1739 1139 1857 1196 sine
1904 1141 2037 1212 jugo

456 1223 700 1291 apposite
727 1225 1062 1290 incedamus,
1097 1227 1243 1282 velut
1283 1227 1394 1297 jam
1427 1231 1593 1300 probe
1623 1231 1881 1286 instituti.
1916 1231 2031 1288 Non

453 1315 598 1370 enim
635 1325 691 1372 ut
719 1319 1184 1389 transgrediamur
1209 1319 1404 1392 legem,
1434 1334 1716 1392 propterea
1750 1323 1905 1380 liberi
1939 1341 2034 1379 su-

450 1424 593 1477 mus,
622 1427 813 1469 verum
844 1424 902 1468 ut
929 1429 1252 1486 superemus
1281 1418 1443 1473 ctiam
1477 1418 1671 1488 legem.

523 1608 544 1640 ι
598 1590 706 1648 Sed
738 1605 837 1662 per
889 1592 1212 1650 charitalem
1261 1598 1461 1654 servile
1520 1597 1672 1656 vobis
1720 1600 1971 1658 invicem.
2006 1622 2026 1656 ι

447 1682 678 1740 Sublato
709 1685 843 1756 legis
886 1687 1038 1758 jugo.
1086 1689 1251 1754 aliud,
1293 1690 1576 1746 citaritatis
1627 1693 1907 1762 nimirum,
1940 1697 2030 1764 ju-

445 1790 572 1844 gum
613 1776 858 1846 imponit,
897 1781 1041 1849 quod
1073 1793 1125 1836 et
1166 1783 1336 1839 levius
1365 1794 1419 1839 et
1467 1784 1662 1842 fortius
1685 1797 1768 1844 est
1800 1789 1911 1845 illo.
1945 1790 2029 1844 iu-

2151 598 2388 667 Χριστοῦ
2417 614 2432 630 ο
2483 598 2600 653 ἀλλ’
2652 601 2738 653 ἵνα
2773 597 3242 672 ἐλευθεριάσωμεν
3287 604 3391 658 ἀπὸ
3417 605 3501 660 τοῦ
3542 611 3678 680 ζυγοῦ

2149 693 2250 761 τῆς
2281 692 2510 762 νομικῆς
2538 691 2803 758 δουλείας.
2838 689 2991 756 Εἶτα,
3031 693 3119 760 ἵνα
3147 694 3221 767 μὴ
3258 697 3552 774 ὑποπτεύσῃ
3591 721 3675 772 τις,

2148 782 2228 836 ὅτι
2250 783 2438 854 ἐπειδὴ
2469 783 3166 855 ἐλευθεριάζομεν,ἐξεστιν
3194 788 3323 858 ἡμῖν
3346 788 3517 844 λοιπὸν
3539 795 3679 864 πράτ-

2147 876 2261 930 τειν
2287 876 2322 931 ἆ
2349 877 2677 948 βουλόμεθα,
2705 877 3012 949 διορθοῦται
3064 877 3245 946 τοῦτο,
3283 881 3376 935 καί
3407 900 3572 951 φησιν,
3612 888 3676 943 ὅτι
3721 936 3735 947 ,

2155 988 2173 1021 ι
2214 971 2304 1040 Μὴ
2354 970 2451 1041 τὴν
2512 969 2826 1042 ἐλευθερίαν
2858 989 2876 1022 ι
2927 970 3142 1042 ἔχωμεν
3199 992 3216 1024 ι
3241 973 3318 1038 εις
3351 975 3582 1047 ἀφορμὴν
3623 982 3674 1051 τῇ

2151 1063 2334 1133 σαρκὶ,
2382 1081 2402 1115 ι
2444 1063 2713 1126 τουτέστι,
2764 1066 2884 1126 ταῖς
2936 1066 3232 1133 σαρκικαῖς
3263 1065 3579 1137 ἐπιθυμίαις.
3616 1073 3674 1125 Οὔ

2147 1154 2257 1227 γὰρ
2291 1153 2385 1209 ἐπὶ
2421 1154 2595 1228 τούτῳ
2627 1154 2900 1226 ἐλύθημεν
2934 1155 3029 1210 τοῦ
3085 1155 3254 1225 ζυγοῦ
3288 1156 3378 1210 τοῦ
3413 1158 3576 1229 νόμου,
3607 1161 3674 1215 ἴνα

2148 1246 2746 1318 κατακρημνισθῶμεν,
2767 1246 2883 1310 ἀλλ’
2900 1248 2986 1302 ἵνα
3017 1249 3112 1302 καὶ
3137 1248 3306 1319 χωρὶς
3331 1249 3488 1318 ζυγοῦ
3516 1250 3675 1320 βαίνω·

2148 1359 2247 1412 μεν
2271 1341 2541 1412 εὖρυθμα,
2576 1341 2651 1405 ὡς
2686 1342 2786 1414 ἥδη
2824 1341 3005 1397 καλῶς
3053 1341 3452 1404 παιδευθέντες.
3505 1345 3569 1396 Οὐ
3591 1348 3674 1418 γὰρ

2144 1437 2230 1488 ἵνα
2262 1437 2694 1507 παραϐαίνωμεν
2723 1437 2792 1492 τὰ
2831 1437 2924 1490 τοῦ
2959 1439 3148 1507 νόμου,
3199 1439 3286 1491 διὰ
3317 1437 3465 1492 τοῦτο
3500 1439 3674 1493 ἐλευθε-

2147 1527 2427 1600 ριάζομεν,
2463 1528 2579 1582 ἀλλ’
2617 1530 2704 1582 ἴνα
2732 1529 3156 1600 ὑπερϐαίνωμεν
3189 1530 3286 1584 καὶ
3315 1531 3402 1595 τδν
3428 1531 3588 1600 νόμον.

2219 1639 2238 1670 ι
2289 1619 2452 1674 Ἀλλά
2488 1620 2580 1674 διά
2616 1621 2718 1691 τῆς
2773 1622 2996 1692 ἀγάπης
3049 1621 3334 1676 δουλεύετε
3386 1623 3668 1691 ἀλλήλοις.»

2153 1710 2377 1782 Ἐπειδὴ
2404 1712 2581 1765 ἀνεῖλε
2630 1713 2722 1766 τὸν
2754 1713 2922 1781 ζυγὸν
2950 1713 3044 1767 τοῦ
3096 1714 3291 1784 νόμου,
3324 1712 3498 1783 ἕτερον
3528 1715 3670 1767 ὲπιτί‹

2144 1801 2271 1872 θησι
2321 1801 2508 1872 ζυγὸν,
2567 1804 2660 1859 τὸν
2691 1805 2789 1876 τῆς
2829 1806 3072 1875 ἀγάπης,
3129 1805 3488 1876 ἐλαφρότερον
3514 1821 3566 1859 τε
3599 1806 3672 1859 καὶ

442 1869 595 1926 dicat
642 1881 823 1928 autem
863 1872 1117 1941 latenter,
1179 1878 1321 1946 quod
1374 1879 1688 1953 dominatus
1723 1883 2012 1954 cupidilart

2141 1864 2492 1965 ἰσξίυρότερον
2543 1864 2782 1951 ἐκείνους
2821 1864 3129 1950 Αίνίττεται
3181 1864 3352 1950 δὲ’δτι
3381 1864 3483 1952 ἀπὸ
3510 1898 3668 1967 etlap-

442 1963 682 2030 accensi,
715 1967 781 2020 ad
822 1981 918 2022 eos
971 1967 1312 2039 impudenter
1347 1972 1640 2042 irruperinl
1689 1975 2028 2044 deeeptores.

440 2052 567 2110 lvizcc
597 2056 740 2112 enim
763 2071 847 2112 εει
875 2060 1172 2116 ὴιενεεευιη
1203 2075 1396 2119 mater.
1427 2065 1691 2133 Quoniam
1724 2067 1886 2139 igitur
1915 2085 2031 2124 am-

439 2144 578 2204 bitio
609 2163 705 2205 vos
747 2151 984 2220 discidit,
1027 2174 1044 2206 ι
1082 2153 1183 2209 Per
1212 2157 1532 2214 charitatem
1563 2159 1702 2214 alter
1729 2159 1882 2216 alteri
1913 2177 2030 2216 ser-

439 2243 567 2304 vite,
612 2262 632 2296 ι
667 2244 938 2302 inlensam
964 2257 1019 2303 et
1047 2249 1424 2305 vehementem
1460 2252 1778 2309 charitatcm
1815 2255 2026 2325 signiti-

439 2345 574 2388 cans
591 2349 686 2404 per
710 2335 812 2392 hoc
838 2339 1080 2404 verbum,
1111 2358 1130 2392 ι
1163 2339 1396 2397 Servite.
1422 2343 1543 2412 ιζΑιι
1562 2343 1819 2400 moralem
1847 2356 2024 2402 autem

436 2440 744 2484 sermonem
795 2445 1112 2499 conversus,
1168 2435 1372 2490 indicat
1406 2437 1622 2491 modum
1655 2447 1710 2493 et
1761 2439 2022 2495 rationem

435 2533 542 2586 qua
567 2518 708 2576 istud
735 2521 869 2578 ellici
901 2534 1085 2595 queat,
1118 2534 1177 2580 ut
1212 2542 1316 2583 non
1353 2529 1664 2588 carnalibus
1704 2531 2024 2600 cupiditati-

434 2608 536 2666 bus
567 2612 886 2672 inserviant.

506 2701 671 2762 Vsus.
705 2707 792 2764 14.
827 2727 847 2761 ι
881 2706 1069 2766 Omnis
1091 2712 1234 2768 enim
1261 2711 1344 2769 les
1371 2714 1424 2769 in
1453 2729 1560 2770 uno
1591 2727 1843 2771 sermone
1871 2731 2022 2772 com-

397 2839 400 2842 .
434 2792 632 2864 pietur,
659 2811 872 2867 nempe,
898 2798 1098 2871 Diliges
1137 2803 1447 2872 proximum
1495 2812 1645 2859 tuum
1686 2805 1830 2861 sicut
1878 2807 2016 2878 teip-

437 2899 557 2940 sum
593 2895 644 2940 ο.
676 2905 696 2940 ›
747 2887 803 2942 Si
835 2890 1079 2956 omnino,
1125 2893 1320 2963 inquit,
1355 2893 1585 2966 implere
1630 2896 1794 2951 vultis
1839 2898 2016 2971 legem

431 2987 539 3028 non
572 2990 668 3045 per
693 2975 1190 3045 circumcisionem,
1227 2983 1321 3039 sed
1354 2999 1451 3055 per
1471 2986 1816 3042 dilectionem
1841 2991 2016 3043 adim-

431 3066 576 3136 plete
609 3087 622 3123 :
655 3086 781 3126 nam
830 3074 947 3130 haec
997 3075 1132 3148 legis
1161 3087 1248 3134 est
1302 3078 1563 3150 impletin.
1625 3082 2013 3140 Animadverte

2136 1986 2258 2056 χίας
2291 1986 2750 2060 ἐπεισεκώμασαν
2804 1990 2988 2052 αὐτοῖς
3045 1992 3094 2043 οἱ
3137 1989 3366 2044 πλάνοιο
3412 1989 3536 2060 αῦτη
3583 1992 3668 2062 γὰρ

2134 2077 2242 2128 τῶν
2297 2076 2566 2149 αἱρέσεων
2629 2079 2840 2151 μήτηρ.
2905 2079 3059 2132 Ἐπεὶ
3107 2074 3204 2132 οῦν
3261 2076 3507 2149 φιλαρχία
3552 2079 3668 2148 ὑμᾶς

2130 2167 2336 2239 ἔσχισε,
2377 2187 2396 2220 ι
2426 2168 2514 2223 διά
2549 2169 2647 2240 τῆς
2676 2171 2899 2240 ἀγάπης
2931 2170 3219 2225 δουλεύετε
3249 2170 3559 2239 ἀλλήλοιςοι
3588 2170 3663 2242 τὴν

2131 2262 2533 2336 ἐπιτεταμένην
2580 2265 2830 2334 δηλώσας
2879 2266 3104 2337 ἀγάπην
3134 2266 3228 2321 διά
3285 2265 3457 2331 τοῦτο,
3509 2284 3525 2315 ι
3557 2267 3662 2319 Δου-

2128 2356 2334 2414 λεύετε.
2373 2375 2392 2411 ι
2431 2358 2528 2423 Είς
2573 2358 2666 2413 τὸν
2719 2359 2909 2429 ἠθικὸν
2950 2361 3007 2414 δὲ
3038 2360 3226 2415 λοιπὸν
3271 2359 3422 2428 λόγον
3459 2359 3661 2430 sps-ttat,

2125 2446 2366 2502 δείκνυσι
2399 2450 2600 2521 τρόπον
2635 2449 2704 2504 δι’
2735 2444 2799 2505 οῦ
2848 2451 2914 2505 ἂν
2952 2451 3335 2524 κατορθωθείη
3387 2450 3444 2505 τδ
3473 2450 3541 2524 μὴ
3570 2452 3662 2515 ταῖς

2127 2545 2416 2613 σαρκικαῖς
2444 2543 2766 2616 ἐπιθυμίαις
2792 2543 3084 2600 δουλεύειν.

2199 2733 2218 2768 ι
2255 2715 2315 2770 '0
2346 2714 2454 2789 γάρ
2489 2718 2597 2781 πᾶς
2631 2717 2793 2788 νόμος
2839 2716 2923 2771 ἐνὶ
2953 2717 3096 2788 λόγῳ
3141 2715 3459 2789 πληροῦται,
3508 2717 3556 2771 ἐν
3582 2715 3657 2788 τῷ,

2133 2808 2466 2879 ’Δγαπήαεις
2496 2810 2588 2864 τὸν
2621 2809 2850 2880 πλησίον
2883 2827 2976 2863 σου
3024 2810 3101 2875 ὡς
3135 2811 3356 2866 ἑαυτόν.
3392 2829 3409 2863 ι
3449 2809 3504 2864 Ei
3533 2809 3657 2874 ὅλως,

2119 2901 2278 2972 φησὶ,
2329 2901 2573 2972 πληροῦν
2609 2902 2791 2957 Θέλετε
2844 2907 2935 2957 τὸν
2963 2902 3148 2973 νόμον,
3188 2903 3272 2975 μὴ
3303 2904 3358 2956 ἐν
3383 2902 3456 2974 τῷ
3481 2902 3658 2972 περιτί-

2120 2994 2368 3064 μνεσθαι,
2400 2995 2517 3050 ἀλλ’
2541 2998 2600 3051 ἐν
2625 2999 2689 3068 τῇ
2724 2996 2911 3068 ἀγάπῃ
2953 2995 3224 3068 πληροῦτε
3254 3011 3271 3026 ο
3295 2995 3428 3066 αὓτη
3458 2995 3554 3066 γὰρ
3580 2990 3653 3047 τοῦ

2114 3087 2281 3158 νόμου
2315 3087 2608 3160 πλήρωμα.
2643 3090 2785 3161 Ὅρα
2823 3089 2903 3156 δὲ,
2943 3088 3063 3153 πῶς
3109 3089 3204 3143 καὶ
3243 3089 3330 3153 είς
3373 3088 3458 3143 τὸν
3503 3085 3656 3157 solum

427 3166 612 3214 autem
661 3166 934 3232 quomodo
977 3168 1046 3220 ad
1097 3168 1356 3225 moralem
1409 3185 1712 3228 sermonem
1764 3187 2012 3243 egressus

2125 3180 2272 3249 λόγον
2293 3181 2580 3248 διεξελθὼν
2611 3182 2674 3247 ",
2711 3181 2812 3238 οὐκ
2853 3181 3280 3238 ἐπιλανθάνεται
3325 3181 3415 3237 τοῦ
3440 3182 3656 3252 δογματι-

429 3262 538 3302 non
562 3247 900 3309 obliviscitur
945 3255 1257 3326 dogmatici,
1296 3259 1463 3332 358
1492 3262 1629 3318 adeo
1664 3264 2010 3321 vehementer

2125 3247 2238 3340 κοῦ,
2275 3247 2417 3329 οὕτω
2443 3275 2648 3348 σφόδρα
2681 3275 2921 3331 ὠδυνᾶτο
2955 3276 3042 3344 ἐφ’
3066 3269 3112 3345 ᾧ
3149 3247 3542 3348 ἐπλανήθησανξ

427 3339 648 3398 dolebat
664 3347 805 3414 quod
837 3346 1045 3402 seducti
1068 3357 1272 3407 essent.

499 3432 669 3492 Vsus.
690 3436 779 3494 lli.
808 3457 827 3492 ι
853 3439 1004 3507 Quod
1036 3443 1081 3497 si
1107 3442 1336 3500 invicem
1357 3447 1618 3504 mordetis
1634 3457 1686 3504 et
1711 3451 2005 3518 devoratis,

425 3526 609 3585 videte
661 3545 728 3587 ne
771 3532 1014 3590 vicissim
1052 3535 1192 3592 alius
1225 3538 1294 3594 ab
1350 3539 1456 3595 alio
1511 3542 1931 3600 consumamini.
1981 3561 2000 3596 ι

424 3617 582 3686 Quod
617 3623 767 3679 novit
791 3639 979 3683 revera
1014 3629 1329 3700 contigisse,
1367 3632 1618 3704 ambigue
1641 3635 1815 3705 ponit,
1843 3645 2006 3705 atque

426 3712 616 3768 Itidem
652 3714 704 3770 id
739 3718 882 3786 quod
931 3721 1198 3790 sequitur,
1239 3740 1256 3774 ι
1300 3723 1548 3780 Neailer
1571 3727 1638 3780 ah
1669 3727 1841 3782 altero
1871 3743 2003 3784 con-

428 3807 744 3864 sumamini.
774 3829 794 3861 ι
823 3809 1109 3866 bit-tuentis
1131 3815 1276 3869 enim
1306 3817 1407 3872 hoc
1433 3828 1536 3883 est,
1562 3829 1614 3874 et
1652 3820 2000 3889 stabilieulis,

422 3907 532 3950 non
569 3899 1000 3958 condemnantis.
1023 3903 1136 3959 Non
1169 3916 1375 3962 tantum
1409 3922 1589 3964 autem
1618 3909 1775 3975 dixit,
1807 3930 1825 3964 ι
1863 3913 2003 3968 Mor-

425 3984 568 4040 detis
592 4005 610 4039 ι
646 3987 810 4056 (quod
837 4002 1000 4048 estex
1036 3995 1448 4067 indignatione),
1479 4001 1596 4067 Sed,
1621 4021 1638 4054 ι
1663 4002 1939 4060 Dcvoralis
1975 4024 1994 4057 ι

424 4079 608 4146 etiam,
633 4083 775 4152 quod
797 4096 875 4140 est
893 4097 1149 4142 extrema:
1171 4089 1490 4148 ferocitatis.
1512 4094 1633 4151 H;ec
1657 4108 1834 4152 autem
1863 4110 1912 4155 ct
1933 4101 2002 4157 de

423 4173 700 4240 corruptis
751 4174 1092 4245 dogmatibus
1146 4180 1313 4236 dicit:
1366 4183 1687 4255 intelligitur
1727 4187 1888 4243 etiam
1933 4191 2001 4246 de

423 4263 630 4320 mutuis
660 4265 894 4334 insidiis,
941 4272 1148 4342 rapinis
1173 4283 1226 4327 et
1257 4276 1833 4337 circumventionibus.
1863 4283 1999 4350 Quia

423 4371 554 4412 vero
581 4357 687 4412 vim
724 4360 987 4418 iacientes
1033 4379 1096 4418 ac
1135 4366 1316 4422 dolum
1351 4369 1701 4438 meditantes,
1750 4375 2001 4434 videntur

421 4445 577 4502 allios
610 4463 969 4509 consumere:
1002 4455 1212 4524 Videte,
1241 4459 1434 4530 inquit,
1469 4477 1535 4516 ne
1574 4463 1624 4518 in
1657 4480 1750 4522 vos
1779 4482 1866 4524 res
1897 4468 1996 4525 ista

420 4549 793 4598 convertatur.

499 4629 660 4686 Vsus.
696 4634 782 4691 16.
821 4655 839 4688 ι
901 4637 1029 4693 Dico
1069 4650 1271 4708 autem,
1308 4640 1512 4713 Spiritu
1543 4646 1910 4717 obamhuialc,
1943 4662 1998 4708 et

420 4725 691 4781 desideria
733 4731 912 4785 carnis
935 4746 1038 4786 non
1069 4735 1384 4804 perlicielis.
1421 4757 1438 4790 ι
1475 4738 1610 4806 Quia
1653 4745 1903 4800 mordere
1935 4761 1998 4799 ac

420 4818 682 4872 devorare
716 4821 779 4875 ad
809 4823 1236 4892 absumptionem
1270 4843 1493 4900 vergere
1523 4831 1771 4900 dixerat,
1819 4848 1997 4892 reme-

419 4905 565 4961 dium
594 4908 705 4977 jam
739 4924 884 4964 nunc
907 4910 1065 4980 hujus
1092 4913 1265 4979 allert,
1288 4919 1429 4988 quod
1451 4931 1504 4973 et
1526 4923 1845 4980 charitatem
1874 4940 2004 4980 cono

419 5012 622 5065 servat.
656 5014 705 5059 et
733 5005 800 5060 ab
834 5006 946 5075 ipsa
975 5021 1347 5078 conservatur,
1368 5015 1598 5078 scilicet,
1619 5018 2002 5088 utspirituaies

421 5092 555 5148 sint.
588 5092 644 5150 Si
679 5098 825 5151 enim
859 5099 1169 5169 spiriluaies
1205 5120 1412 5171 sumus,
1466 5107 1742 5177 diligimus
1784 5109 2001 5164 ferten-

421 5187 528 5238 t'us
565 5203 578 5238 :
614 5196 668 5241 et
696 5189 739 5242 si
763 5188 1056 5260 diligimus,
1093 5194 1408 5264 spirituaies
1428 5197 1711 5265 eliicimur,
1745 5215 1808 5255 ac
1841 5201 2000 5256 dein-

417 5288 548 5342 ceps
575 5278 846 5333 carnalem
878 5283 1371 5352 concupiscentiam
1396 5288 1533 5341 haud
1562 5289 1890 5367 peﬂicimus.

492 5367 656 5426 Vsus.
705 5371 793 5428 l7.
868 5392 888 5425 ι
956 5373 1098 5433 Caro
1163 5379 1306 5434 enim
1359 5382 1693 5452 concupiscit
1743 5383 2003 5438 adversus

413 5461 692 5530 Spiritum,
749 5466 975 5535 spiritus
1051 5485 1180 5526 vero
1241 5473 1503 5528 adversus
1571 5490 1814 5531 carnem.
1875 5477 1998 5532 Haec

561 5611 584 5640 ο
646 5601 836 5664 Matth.
873 5622 927 5674 v,
961 5609 1050 5663 45.

2193 3471 2211 3503 ι
2242 3452 2304 3504 El
2331 3448 2387 3504 δὲ
2423 3449 2685 3524 ἀλλήλους
2714 3451 2940 3506 δάκνετε
2973 3454 3067 3508 καὶ
3096 3453 3435 3518 κατεσθίετε,
3467 3452 3651 3524 βλέπετε

2117 3543 2192 3616 μὴ
2221 3544 2314 3597 ὑπ’
2334 3543 2580 3613 ἀλλήλων
2606 3544 2943 3617 ἀναλωθῆτε.
2979 3565 2998 3598 ι
3062 3547 3240 3616 Ὅπερ
3273 3542 3380 3600 οῐδε
3412 3547 3650 3615 γινόμενον

2111 3635 2348 3707 ἀληθῶς,
2398 3635 2475 3701 ὡς
2526 3638 2886 3708 ἀμφιϐάλλων
2936 3638 3161 3709 τίθησι,
3212 3639 3408 3693 καὶτὸ
3460 3638 3571 3708 ὲξῆς
3607 3636 3650 3688 δὲ

2109 3731 2332 3800 ὁμοίως,
2367 3748 2385 3782 ι
2418 3731 2510 3801 Μὴ
2538 3730 2631 3785 ὑπ’
2668 3731 2917 3802 ἀλλήλων
2950 3732 3272 3801 ἀναλωθῆτε
3297 3750 3311 3765 ·
3355 3751 3374 3783 ι
3405 3731 3650 3802 φοϐοῦντος

2110 3821 2220 3892 γάρ
2258 3823 2376 3876 ἐστι
2401 3823 2560 3877 τοῦτο
2593 3822 2688 3878 καὶ
2722 3823 3181 3894 ἀσφαλιζομένου,
3214 3825 3277 3878 οὐ
3303 3821 3650 3886 καταδικάζον-

2109 3930 2221 3978 τος.
2258 3915 2380 3969 υύκ
2397 3910 2516 3970 εἶπε
2556 3915 2638 3982 δέ,
2673 3934 2691 3969 ι
2721 3917 2978 3983 Δάκνετε,
3009 3935 3028 3970 ι
3067 3920 3228 3988 μόνον
3261 3919 3417 3990 (ὅπερ
3445 3916 3547 3969 ἐστὶ
3578 3917 3651 3968 θυ-

2113 4001 2259 4076 μοῦ),
2281 4002 2417 4060 ἀλλὰ
2449 4004 2562 4069 καὶ,
2601 4022 2621 4056 ι
2647 4005 3032 4070 Κατεσθίετε,›
3063 4006 3091 4061 δ
3117 4007 3408 4079 θηριωδίας
3434 4009 3650 4079 ἐσχάτης.

2108 4095 2294 4148 Ταῦτα
2341 4095 2396 4149 δὲ
2437 4095 2586 4165 λέγει
2649 4098 2750 4168 μὲν
2809 4097 2904 4152 καὶ
2953 4100 3082 4170 περὶ
3141 4099 3250 4156 τῶν
3283 4097 3649 4171 διεφθαρμένων

2107 4185 2395 4256 δογμάτων
2421 4201 2433 4214 ⁸
2460 4185 2657 4240 νοεῖται
2686 4188 2742 4241 δὲ
2775 4190 2870 4242 καὶ
2897 4189 3026 4261 περὶ
3049 4189 3158 4243 τῶν
3185 4190 3266 4254 είς
3286 4190 3532 4260 ἀλλήλους
3554 4189 3650 4238 ἐπι·

2108 4277 2336 4341 ϐουλῶν,
2375 4280 2468 4331 καλ⁵
2508 4280 2798 4350 ἁρπαγῶν,
2856 4281 2954 4336 καὶ
2985 4281 3332 4347 πλεονεξιῶν.
3379 4279 3573 4348 Ἐπειδὴ
3601 4275 3647 4328 δὲ

2107 4373 2200 4426 καὶ
2217 4373 2268 4426 oi
2301 4371 2614 4436 ἀδικοῦντες
2635 4374 2728 4428 καὶ
2753 4375 3199 4439 ἐπιϐουλεύοντες
3222 4375 3464 4431 δοκοῦσιν
3486 4374 3649 4434 ἄλλους

2105 4461 2439 4526 ἀναλίσκειν,
2476 4461 2644 4535 φησί’
2673 4464 2957 4532 Σκοπεῑτε,
2990 4465 3065 4538 μὴ
3087 4467 3166 4532 είς
3200 4467 3346 4538 ὑμᾶς
3366 4467 3424 4522 τὸ
3448 4467 3644 4536 πρᾶγμα

2029 4571 2082 4631 D
2111 4557 2450 4626 περιτραπῇ.

2175 4667 2193 4698 ι
2233 4647 2390 4716 Λέγω
2421 4647 2497 4712 δέ,
2539 4648 2819 4720 Πνεῦματι
2849 4653 3226 4719 περιπατεῖτε,
3269 4653 3360 4705 καὶ
3385 4647 3658 4739 ἐπιθυμίανι

2099 4739 2299 4809 σαρκὸς
2322 4738 2384 4792 οὐ
2417 4742 2492 4811 μὴ
2519 4740 2799 4811 τελέσητε.
2833 4741 3051 4814 Ἐπειδὴ
3073 4739 3224 4797 εἶπεν
3251 4747 3332 4797 ὅτι
3375 4743 3434 4796 τὸ
3457 4738 3658 4831 δάιε-δεινὲ

2103 4834 2198 4884 καὶ
2237 4833 2567 4899 κατεσθίειν,
2600 4833 2936 4889 ἀναλωτικὸν
2963 4837 3100 4901 ἐστι,
3129 4835 3278 4904 λέγει
3316 4837 3407 4890 καὶ
3436 4835 3492 4887 τὺ
3525 4833 3658 4904 φάρος

2101 4940 2274 4994 μακον
2304 4923 2521 4990 τούτου,
2547 4924 2576 4978 δ
2611 4927 2706 4979 καὶ
2735 4926 2836 4998 τὴν
2874 4927 3097 4997 ἀγάπην
3125 4930 3396 5000 συντηρεϊ,
3425 4928 3508 4980 καὶ
3541 4940 3639 4976 συν-

2097 5017 2345 5088 τηρεῐται
2375 5016 2467 5070 ὑπ’
2497 5019 2686 5089 αὐτῆς,
2711 5018 2855 5087 λέγω
2880 5019 2968 5090 δὴ,
2995 5019 3057 5072 τὸ
3089 5019 3482 5090 πνευματικοὺς
3508 5013 3639 5068 εἶναι.

2109 5109 2236 5162 Ἐὰν
2292 5110 2402 5182 γὰρ
2435 5103 2586 5180 ὦμεν
2639 5114 3024 5181 πνευματικοὶ,
3091 5111 3390 5184 ἀγαπῶμεν
3437 5105 3638 5180 μᾶλλον·

2099 5201 2192 5256 καὶ
2221 5200 2318 5256 ἐὰν
2367 5202 2696 5274 ἀγαπῶμεν,
2729 5205 3093 5274 πνευματικοὶ
3128 5204 3404 5276 γινόμεθα,
3442 5199 3525 5253 καὶ
3549 5198 3639 5249 λοι·

2099 5295 2200 5348 πδν
2229 5295 2498 5367 σαρκικὴν
2532 5295 2830 5365 ἐπιθυμίαν
2853 5297 2914 5349 οὐ
2943 5295 3228 5366 τελοῦμεν.

2175 5405 2196 5440 ι
2243 5389 2304 5440 Ἢ
2334 5388 2441 5460 γὰρ
2494 5389 2632 5458 σὰρξ
2661 5388 2923 5458 ἐπιθυμεῖ
2950 5390 3093 5443 κατὰ
3121 5389 3216 5443 τοῦ
3249 5386 3552 5456 πνεύματος»
3586 5377 3635 5430 τδ

2095 5480 2152 5532 δὲ
2185 5480 2400 5551 πνεῦμα
2445 5480 2590 5536 κατὰ
2619 5482 2718 5552 τῆς
2769 5479 2992 5552 σαρκός.
3029 5479 3216 5536 Ταῦτα
3253 5481 3311 5536 δὲ
3346 5477 3632 5537 ἀντίκεινται

1781 5734 1984 5798 Variae
2020 5735 2358 5800 lectiones.

491 5843 536 5877 ”
581 5841 817 5912 ἐξελθὼν
873 5860 929 5901 o.
