3898 6560
216 413 347 484 1017
1017 417 1423 479 EXPOSITIO
1457 413 1540 481 IN
1583 419 1821 482 EPIST.
1862 409 1963 488 Αι)
1999 425 2269 488 GALAT.
2303 452 2373 464 —
2413 411 2574 490 CAP.
2613 427 2679 489 ν.
3320 422 3458 488 1013

209 525 480 602 ἀλλήλοις,
511 527 598 583 ινα
618 527 694 601 μὴ
724 525 763 586 ἃ
785 528 852 584 ἂν
891 528 1110 602 θέλητε,
1138 531 1314 586 ταῦτα
1342 532 1558 605 ποιῆτε.
1596 551 1614 586 ι
1667 535 1764 588 Ἐν-

1893 549 2074 594 autem
2104 541 2204 596 sibi
2239 541 2467 598 invicem
2503 541 2885 604 adversantur,
2919 545 3110 592 utnon
3135 550 3470 609 quaecunque

205 623 378 679 ταῦθα
409 622 781 695 ἐπιτιθέμενοι
826 624 1138 696 Μανιχαῑοι,
1190 627 1286 681 καὶ
1309 627 1360 680 σί
1384 627 1619 682 τοιοῦτοι
1650 629 1764 683 πάντ

1889 631 2078 698 vultis,
2113 632 2198 686 illa
2234 633 2470 689 faciatis.
2507 652 2524 686 ι
2575 631 2673 686 Hic
2703 631 3050 698 insurgentes
3086 629 3374 690 Manicbmi
3411 637 3467 685 et

203 731 292 779 τες
314 717 596 788 αίρετικοὶ,
639 715 908 784 λέγουσιν,
959 717 1043 771 ὅτι
1070 719 1100 772 ὁ
1131 719 1418 792 ἄνθρωπος
1475 720 1540 773 ἐκ
1583 719 1677 773 δύο
1700 719 1760 773 οὐ

1887 723 2197 795 hujnsmodi
2263 741 2453 781 omnes
2506 723 2766 788 haeretici,
2821 722 3098 777 hominem
3158 737 3223 777 ex
3260 723 3468 776 duabus

202 809 330 862 σιῶν
363 808 623 862 ἐναντίων
653 809 958 877 σύγκειται,
985 811 1076 865 καὶ
1101 814 1424 883 μαρτυρεῖὸ
1461 812 1764 876 Ἀπόστολος

1881 818 2170 873 contrariis
2198 815 2456 873 essentiis
2507 815 2865 886 compositum
2914 828 3033 870 esse
3063 814 3268 879 dicunt,
3305 824 3468 881 atque

198 899 265 952 δι’
295 891 370 952 ὧν
395 898 546 967 λέγει
575 897 694 954 νῦν.
743 900 860 953 Οὐκ
891 899 1008 954 ἔστι
1033 901 1128 954 δέ’
1167 901 1230 954 οὐ
1261 901 1369 973 γὰρ
1402 903 1530 973 περὶ
1557 901 1656 970 τῆς
1686 901 1764 954 ob-

1883 911 2204 983 Apostolum
2243 909 2386 965 istud
2425 909 2612 963 testari
2659 922 2755 976 per
2782 921 2844 961 ea
2901 922 3018 976 qua:
3047 921 3193 960 nunc
3218 905 3368 959 dicit.
3398 905 3468 958 At

200 992 316 1054 σίας
351 991 680 1061 διαλέγεται,
741 991 878 1046 ἀλλὰ
917 993 1096 1064 σάρκα
1146 993 1295 1062 λέγει
1337 992 1429 1047 τὸν
1467 993 1645 1064 γεώδη
1687 994 1764 1048 lo-

1881 1017 1986 1055 non
2035 1002 2106 1056 ita
2164 1010 2246 1056 est
2278 1019 2292 1056 :
2327 1016 2431 1056 non
2485 1000 2631 1054 enim
2686 1002 2752 1054 de
2786 998 3026 1054 essentia
3063 998 3324 1066 disputat,
3369 995 3468 1051 sed

195 1083 411 1153 γισμὸν,
443 1084 540 1137 καὶ
581 1083 845 1156 ῥᾴθυμον,
875 1086 972 1140 καὶ
999 1085 1371 1157 ἠμελημένον,
1403 1087 1462 1139 οὐ
1494 1085 1554 1140 τὸ
1580 1086 1764 1153 σῶμαε

1880 1109 2095 1150 carnem
2135 1094 2268 1149 dicit
2295 1103 2610 1149 terrestrem
2661 1092 3070 1162 cogitationem,
3105 1105 3333 1159 eamque
3378 1105 3466 1143 so-

194 1177 284 1231 καὶ
316 1177 556 1248 πνεῦμα,
596 1178 688 1232 τὸν
721 1180 1095 1250 πνευματικὸν
1123 1179 1405 1252 λογισμὸν,
1447 1182 1509 1234 οὐ
1539 1181 1638 1252 τὴν
1667 1181 1764 1250 ψυ-

1880 1186 2104 1242 cordem
2158 1195 2214 1242 et
2241 1187 2628 1258 negligentem,
2686 1200 2794 1241 non
2850 1199 3092 1252 corpus:
3127 1193 3181 1238 et
3212 1184 3464 1252 Spiritum

192 1273 311 1339 χήν.
358 1271 419 1324 '0
448 1265 541 1324 οὖν
568 1271 800 1342 γεώδης,
834 1274 990 1345 φησι,
1029 1272 1290 1343 λογισμὸς
1343 1273 1642 1334 ἀντίκειται
1695 1273 1773 1344 τῷ

191 1361 544 1432 πνευματικῷ
567 1378 583 1396 ο
605 1363 699 1417 καὶ
724 1365 753 1418 6
771 1364 1137 1436 πνευματικὸς
1162 1364 1442 1436 λογισμὸς.
1463 1365 1540 1436 τῷ
1555 1364 1768 1434 γεώδει.

187 1456 484 1526 Λογισμῶν
508 1453 602 1513 οὖν
653 1457 908 1530 πονηρῶν
942 1457 1037 1512 καὶ
1059 1457 1281 1527 ἀγαθῶν
1310 1459 1491 1529 μάχην
1537 1457 1768 1525 εἰσάγει,

186 1547 298 1603 ἀλλ’
324 1549 390 1602 οὐ
427 1549 679 1620 σώματος
713 1550 810 1604 καὶ
855 1550 1054 1623 ψυχῆς.
1079 1551 1154 1603 Τὸ
1192 1551 1300 1622 γὰρ
1329 1550 1523 1615 θέλειν,
1559 1549 1654 1602 καὶ
1694 1551 1767 1620 μὴ

186 1641 383 1706 θέλειν,
442 1642 542 1713 τῆς
581 1641 765 1712 ψυχῆς
813 1643 928 1695 ἐστι
965 1643 1064 1711 τῆς
1097 1642 1473 1714 λογιζομένης.
1541 1641 1768 1708 Ἐπάγει

183 1736 287 1805 γάρ
311 1751 327 1768 ο
367 1735 516 1789 «Ἵνα
552 1735 628 1806 μὴ
653 1734 690 1790 ἃ
710 1737 777 1790 ἂν
808 1734 1022 1807 θέλητε,
1055 1735 1230 1790 ταῦτα
1261 1736 1452 1806 ποιῆτε
1473 1751 1519 1787 ο»
1555 1736 1679 1787 ἐπεὶ
1708 1732 1768 1786 τό

182 1845 241 1895 γε
265 1831 433 1899 σῶμα
461 1831 720 1900 συνεργόν
748 1831 864 1882 ἐστι
892 1829 993 1900 τῆς
1012 1829 1215 1900 ψυχῆς,
1238 1830 1337 1884 οὐκ
1366 1829 1609 1882 ἐναντίον
1632 1842 1646 1857 ⁸
1673 1827 1769 1880 καὶ

179 1924 210 1990 ἡ
238 1919 392 1992 ψυχὴ
425 1921 710 1993 ἀντέχεται
760 1923 854 1976 τοῦ
889 1922 1165 1992 σώματος,
1216 1923 1310 1975 καὶ
1336 1923 1516 1976 πάντα
1570 1922 1769 1991 πάσχει

179 2012 316 2068 ὥστε
355 2015 488 2068 αὐτὸ
543 2017 618 2087 μὴ
649 2017 994 2081 καταλιπεῖν,
1045 2015 1139 2070 καὶ
1169 2014 1636 2088 ἀπορῤηγνυμένη
1673 2015 1772 2067 αὖ·

176 2107 266 2161 τοῦ
295 2107 479 2176 ἀλγεῖ.
513 2108 638 2171 Πῶς
666 2106 762 2163 οὖν
793 2108 1010 2163 ἐναντία
1034 2109 1100 2163 τὰ
1120 2109 1392 2182 τοσαύτην
1422 2109 1608 2180 σχέσιν
1633 2107 1770 2180 πρὸς

177 2200 388 2266 ἄλληλα
416 2200 608 2270 ἔχοντα
629 2216 645 2264 ;

250 2311 268 2344 ι
314 2291 383 2345 El
407 2292 465 2344 δὲ
490 2293 762 2362 πνεύματι
811 2289 1035 2360 ἄγεσθε,
1071 2289 1174 2346 οὐκ
1230 2290 1354 2346 ἐστὲ
1389 2289 1493 2344 ὑπὸ
1521 2291 1709 2362 νόμον.
1746 2309 1763 2342 ι

183 2383 242 2437 '0
279 2385 508 2455 πνεῦμα
537 2384 698 2455 ἔχων,
729 2385 981 2438 σϐέννυσι
1028 2385 1128 2447 τὰς
1166 2383 1411 2456 πονηρὰς
1443 2383 1766 2455 ἐπιθυμίας.

185 2479 242 2532 '0
267 2479 329 2532 δὲ
365 2478 570 2532 τούτων
604 2479 957 2548 ἀπαλλαγεὶς,
993 2479 1052 2533 οὐ
1102 2479 1274 2534 δεῖται
1321 2481 1421 2549 τῆς
1458 2479 1769 2549 συμϐουλῆς

173 2570 260 2624 τοῦ
290 2571 492 2640 νόμου,
541 2569 666 2624 οὔτε
695 2569 786 2624 ὑπ’
837 2571 1002 2626 αὐτόν
1043 2573 1212 2626 ἐστιν.
1263 2572 1322 2624 Ὀ
1354 2571 1463 2642 γὰρ
1505 2571 1645 2642 μηδὲ·
1673 2570 1769 2625 θυ-

176 2663 472 2732 μούμενος,
516 2662 630 2726 πῶς
677 2661 848 2716 δεῖται
907 2661 1002 2716 τοῦ
1031 2661 1504 2733 παραγγέλλοντος
1545 2662 1618 2734 μὴ
1673 2678 1770 2730 φο⁴

173 2754 392 2819 νεύεινς
460 2753 568 2806 Καὶ
603 2755 632 2807 ὁ
692 2751 829 2825 μηδὲ
888 2753 1210 2823 ἐπιθυμῶν,
1274 2753 1390 2816 πῶς
1453 2751 1766 2808 δεῖταιτοῦ

176 2846 643 2916 συμόουλεύοντος
675 2847 748 2918 μὴ
787 2845 1117 2917 πορνεύειν;
1171 2845 1345 2917 Ὅπερ
1401 2847 1495 2900 καὶ
1535 2844 1768 2916 ἀλλοιχοῦ

174 2934 331 2992 εἴπεο
375 2940 625 3009 (Δικαίῳ
682 2938 848 3008 νόμος
900 2939 960 2992 οὐ
1018 2941 1218 2994 κεῖται.
1257 2959 1276 2992 ι
1345 2941 1505 2992 Δοκεῖ
1556 2939 1613 2993 δὲ
1672 2939 1768 2993 καὶ

174 3031 456 3102 ἐγκώμιον
494 3031 586 3084 τοῦ
615 3032 780 3101 νόμου
820 3031 1022 3100 λέγειν,
1056 3033 1111 3085 εί
1131 3050 1194 3100 γε
1217 3033 1273 3085 ὲν
1297 3033 1449 3099 τάξει
1479 3032 1572 3086 τοῦ
1605 3031 1769 3086 πνεύ-

177 3141 353 3194 ματος
381 3119 471 3194 ἦν,
514 3124 654 3178 κατὰ
687 3123 918 3193 δύναμιν
947 3125 988 3156 ¹³
1020 3125 1123 3194 τὴν
1153 3124 1320 3178 αὐτοῦ
1376 3124 1761 3194 παιδαγωγῶν,

1874 1267 2208 1348 spiritualem
2257 1279 2668 1349 cogitationem,
2703 1293 2808 1332 non
2843 1277 3101 1330 animam.
3156 1272 3464 1329 Terrestris

1873 1372 2056 1442 igitur,
2094 1371 2290 1441 inquit,
2323 1370 2583 1444 cogitatio
2610 1368 2906 1440 opponitur
2943 1367 3232 1438 spirituali,
3261 1375 3315 1421 et
3345 1364 3461 1432 spi-

1874 1460 2082 1514 ritualis
2102 1460 2355 1530 cngitatio
2397 1459 2661 1514 terrestri.
2683 1457 3084 1525 Cogitationum
3105 1456 3290 1524 itaque
3305 1456 3469 1508 bona'

1871 1569 1989 1607 rum
2033 1564 2082 1608 et
2138 1553 2400 1607 malarum
2437 1568 2666 1624 pugnam
2715 1551 2946 1615 inducit,
2994 1567 3100 1604 non
3132 1549 3374 1618 corporis
3411 1554 3468 1602 et

1871 1647 2090 1700 animm.
2121 1645 2266 1701 Velle
2286 1647 2427 1700 enim
2445 1657 2616 1701 etnon
2632 1644 2788 1709 velle,
2810 1652 2894 1698 est
2924 1642 3119 1698 animas
3137 1641 3468 1696 ratiocinan-

1873 1740 1979 1803 tis;
2016 1739 2178 1794 infert
2218 1738 2382 1804 enim,
2437 1756 2456 1790 ι
2487 1736 2558 1794 Ut
2584 1751 2689 1792 non
2712 1750 3046 1806 qmecunque
3074 1733 3273 1800 velitis,
3297 1747 3357 1788 ea
3385 1731 3468 1788 fa-

1873 1832 2062 1886 cialis-z
2091 1850 2109 1884 ι
2139 1831 2576 1901 quandoquidem
2601 1844 2797 1899 corpus
2821 1828 3059 1883 animam
3080 1826 3321 1895 adjuvat,
3357 1841 3463 1882 non

1877 1923 2198 1978 adversatur
2233 1923 2281 1976 ei
2312 1938 2327 1988 ;
2388 1925 2677 1984 animaque
2717 1918 2930 1989 corpori
2959 1919 3221 1982 adhaeret,
3247 1917 3463 1971 omnia-

1872 2030 1978 2084 que
2007 2016 2116 2084 agit
2142 2031 2209 2070 ne
2229 2016 2398 2084 ipsum
2430 2013 2790 2082 derelinquat,
2822 2022 2872 2067 et
2901 2027 3023 2066 cum
3057 2012 3123 2066 ab
3147 2025 3212 2066 eo
3237 2010 3463 2066 abrum—

1875 2109 2044 2179 pitur,
2084 2108 2249 2165 dolet.
2293 2107 2574 2182 Quomodo
2618 2106 2780 2178 igitur
2833 2105 3106 2161 contraria
3159 2111 3306 2170 sunt,
3343 2117 3464 2172 qua

1874 2212 2082 2258 tantam
2115 2202 2262 2257 inter
2288 2217 2345 2256 se
2375 2211 2564 2256 mutuo
2593 2199 2940 2273 concordiam
2979 2197 3202 2253 fovent?

1946 2293 2108 2350 Vsus.
2144 2293 2230 2348 l8.
2268 2313 2286 2346 ι
2327 2293 2481 2362 Quod
2529 2293 2573 2347 si
2618 2293 2810 2362 spiritu
2861 2290 3146 2354 ducimini,
3178 2303 3285 2343 non
3321 2288 3456 2344 estis

1871 2387 2129 2454 sublege.
2181 2405 2200 2438 ι
2251 2384 2353 2452 Qui
2398 2385 2647 2455 spiritum
2679 2384 2864 2450 habet,
2914 2383 3211 2453 exstinguit
3261 2397 3461 2454 pravas

1871 2478 2194 2548 cupiditates
2225 2495 2240 2544 ;
2270 2478 2358 2546 qui
2389 2491 2520 2532 vero
2550 2476 2616 2531 ab
2652 2475 2737 2530 his
2767 2475 3026 2531 liberatus
3053 2483 3162 2538 est,
3207 2491 3310 2528 non
3335 2484 3462 2546 eget

1871 2568 2098 2624 consilio
2121 2567 2272 2638 legis,
2305 2581 2479 2637 neque
2510 2568 2556 2622 ei
2585 2566 2862 2634 subjectus
2909 2576 3010 2621 est.
3042 2566 3144 2633 Qui
3175 2565 3321 2620 enim
3351 2580 3458 2622 non

1873 2661 2152 2726 irascitur,
2195 2659 2465 2731 quomodo
2517 2673 2654 2728 opus
2708 2658 2868 2713 habet
2910 2659 3253 2730 praecipiente
3280 2657 3350 2723 ei,
3383 2656 3462 2715 Ne

1869 2755 2119 2812 occidas?
2139 2754 2206 2808 Et
2227 2753 2319 2824 qui
2347 2768 2457 2808 non
2486 2753 2841 2821 concupiscit,
2872 2752 2958 2820 qui
2985 2767 3118 2821 opus
3141 2751 3304 2806 hahet
3330 2765 3463 2806 cun-

1871 2849 2103 2914 sulente,
2139 2847 2214 2902 Ne
2245 2846 2575 2902 forniceris?
2606 2845 2758 2913 Quod
2795 2854 2856 2908 et,
2884 2843 2990 2900 alio
3022 2844 3073 2898 in
3116 2845 3234 2900 loco
3273 2842 3412 2898 dixit
3443 2859 3459 2897 :

1871 2941 2039 3014 359
2068 2961 2086 2993 ‹
2124 2939 2279 2996 Justo
2303 2955 2410 2996 non
2435 2949 2516 2995 est
2538 2939 2622 2994 lex
2665 2939 2840 3010 posita
2864 2934 2916 2990 ἀ.
2950 2955 2968 2988 ι
3001 2936 3232 2992 Videtur
3279 2943 3460 2989 autem

1871 3044 1926 3089 et
1958 3033 2268 3089 encomium
2307 3032 2440 3103 legis
2482 3046 2680 3087 canere
2712 3047 2726 3097 ;
2757 3030 3031 3101 siquidem
3080 3027 3308 3098 spiritus
3342 3025 3461 3082 loco

1870 3135 2011 3188 erat,
2038 3140 2136 3196 pro
2168 3125 2377 3180 viribus
2405 3125 2521 3180 suis
2565 3125 2841 3196 paedagogi
2877 3137 3028 3178 more
3052 3123 3366 3187 instituens,
3393 3120 3461 3176 ad

172 3214 256 3266 ὅτε
319 3215 518 3285 καιρὸν
550 3213 686 3286 εἶχε.
725 3215 850 3279 Πῶς
885 3214 979 3269 οὖν
1029 3214 1186 3278 αὖθις
1245 3215 1352 3269 ὑπὸ
1408 3216 1759 3286 παιδαγωγοῦ

1880 3218 2150 3273 definitum
2171 3233 2342 3289 usque
2361 3230 2591 3288 tempus.
2612 3216 2895 3284 Quomodo
2919 3217 3086 3287 igitur
3109 3232 3302 3272 rursus
3327 3213 3460 3270 sub-

171 3305 416 3372 γίνεσθε,
438 3307 500 3358 τὸ
529 3306 751 3375 Πνεῦμα
776 3305 1008 3376 ἀφέντες
1027 3305 1090 3359 τὸ
1109 3304 1350 3369 τελείους
1375 3307 1520 3376 ὑμᾶς
1538 3306 1725 3360 ποιοῦν
1747 3323 1763 3372 ;

173 3397 390 3469 Ὠσπερ
422 3400 489 3452 ἂν
528 3398 582 3451 εί
603 3416 687 3462 τις
718 3400 1009 3470 φιλόσοφος
1044 3398 1139 3466 ὢν,
1159 3398 1327 3454 δεῖται
1361 3398 1734 3469 παιδαγωγοῦ.

243 3601 263 3634 ι
293 3580 516 3652 Φανερὰ
546 3581 602 3634 δέ
641 3583 757 3634 ἐστι
788 3579 858 3634 τὰ
889 3579 1026 3651 ἔργα
1073 3580 1174 3650 τῆς
1204 3579 1431 3651 σαρκὸς,
1461 3579 1618 3634 ἅτινά
1649 3580 1766 3634 ἔστι

171 3674 402 3745 πορνεία
470 3676 564 3726 καὶ
607 3672 845 3743 μοιχεία.
882 3691 900 3725 ι
959 3673 1069 3743 Τῆς
1114 3670 1553 3742 διεφθαρμένης,
1608 3671 1764 3742 φησὶ,

171 3764 550 3836 προαιρέσεως
575 3765 668 3818 καὶ
700 3764 972 3835 σαρκικῆς
1002 3763 1074 3817 τὰ
1101 3762 1240 3835 ἔργα
1270 3761 1447 3816 ταῦτά
1480 3763 1640 3828 εἰσιν,
1669 3761 1764 3831 ἀφ’

170 3850 242 3910 ὧν
269 3858 322 3889 ⁸⁸
356 3858 450 3910 καὶ
481 3856 906 3924 ἐπιγινώσκεται
939 3857 1164 3926 πορνεία
1186 3855 1281 3909 καὶ
1323 3853 1560 3926 μοιχεία.
1590 3854 1762 3926 Δῆλον

166 3950 243 4016 δὲ,
273 3949 398 4014 πῶς
419 3949 666 4020 διαφέρει
691 3948 919 4020 πορνεία
947 3946 1216 4019 μοιχείας.

244 4147 264 4182 ι
316 4127 676 4201 Ἀκαθαρσία,
712 4129 1027 4194 ἀσέλγεια.»
1074 4127 1323 4201 Τρόπους
1353 4129 1614 4200 αἰσχροὺς
1641 4127 1763 4202 [μί-

168 4221 306 4296 ξεις]
361 4221 599 4276 ἐνταῦθα
633 4223 954 4289 αἰνίττεται,
981 4221 1076 4286 οὓς
1105 4221 1226 4276 οὐδὲ
1261 4221 1519 4294 ἠνέσχετο
1556 4221 1760 4295 ὀνομά-

169 4333 280 4372 σαι.

239 4427 262 4462 τ
299 4407 756 4478 Είδωλολατρεία,
791 4408 1154 4479 φαρμακεῖαι,
1188 4407 1402 4482 ἔχθραι,
1437 4409 1606 4484 ἕρεις,
1656 4410 1758 4483 ζῆ-

163 4500 267 4563 λοι,
300 4497 493 4567 θυμοὶ,
545 4497 796 4568 έρίθειαι,
826 4497 1188 4568 διχοστασίαι,
1237 4499 1501 4570 αἱρέσεις,
1538 4502 1748 4570 φθόνοι,

1872 3311 2060 3366 dimini
2121 3311 2438 3380 padagogo,
2509 3309 2700 3365 relicto
2762 3307 2971 3379 Spiritu
3030 3323 3126 3362 vos
3185 3305 3460 3376 perfectos

1869 3403 2139 3459 faciente?
2167 3402 2322 3470 Quod
2377 3401 2604 3471 perinde
2661 3409 2743 3455 est
2777 3413 2840 3453 ac
2857 3400 2902 3454 si
2954 3397 3077 3469 quis
3105 3396 3460 3469 pliilosOphus

1869 3511 1990 3552 cum
2027 3495 2116 3560 sit,
2155 3510 2290 3565 opus
2332 3493 2530 3549 habeat
2561 3493 2881 3564 paedagogo.

1947 3585 2109 3642 Vens.
2154 3586 2243 3643 t9.
2279 3603 2300 3639 ι
2340 3585 2624 3641 Manifesta
2673 3593 2799 3640 sunt
2833 3593 3015 3639 autem
3058 3597 3221 3653 opera
3246 3581 3453 3647 carnis,

1869 3694 1986 3750 quer
2015 3687 2142 3735 sunt
2170 3677 2481 3744 fornicatio,
2503 3676 2849 3733 adulterium.
2880 3694 2899 3728 ι
2928 3675 3230 3746 Corruptae,
3257 3675 3452 3744 inquit,

1868 3781 1922 3827 et
1957 3770 2192 3826 carnalis
2237 3770 2536 3826 voluntatis
2591 3784 2756 3840 opera
2803 3778 2933 3824 sunt
2968 3768 3104 3833 haec,
3162 3768 3304 3822 inter
3337 3781 3457 3836 quae

1865 3864 2183 3935 agnoscitur
2242 3865 2407 3919 etiam
2446 3862 2733 3919 fornicatio
2763 3871 2818 3918 et
2844 3861 3192 3917 adulterium.
3222 3859 3455 3916 Planum

1864 3965 1948 4015 est
2004 3963 2186 4012 autem
2233 3970 2472 4028 quonam
2531 3953 2694 4011 modo
2744 3953 3038 4011 fornicatio
3084 3954 3152 4010 ab
3191 3953 3458 4010 adulterio

1862 4044 2160 4114 discrepet.

1941 4152 1961 4187 ι
1988 4132 2360 4200 lmmunditia,
2388 4131 2632 4191 lascivia.
2667 4152 2688 4188 ι
2722 4132 2935 4205 Turpes
2963 4149 3146 4192 mores
3168 4134 3257 4192 hic
3278 4139 3454 4201 notat,

1864 4242 2000 4298 quos
2028 4242 2096 4284 ne
2123 4228 2387 4285 sustinuit
2417 4228 2635 4300 quidem
2664 4228 2969 4285 nominare.

1933 4407 2100 4465 Vens.
2123 4407 2218 4475 20,
2244 4407 2338 4464 21.
2375 4425 2396 4461 ι
2434 4406 2708 4464 ldolorum
2732 4407 2991 4472 servitus,
3037 4405 3456 4472 veneﬁcia,'ini-

1866 4500 2110 4565 micitiar,
2130 4500 2220 4566 lis,
2257 4499 2556 4568 aemulatio,
2586 4501 2700 4566 irae,
2725 4499 3128 4563 contentiones,
3155 4499 3457 4555 dissensio-

164 4592 342 4661 φόνοι,
389 4588 571 4661 μέθαι,
600 4589 801 4660 κῶμοι,
833 4591 928 4644 καὶ
959 4591 1028 4644 τά
1079 4591 1244 4661 ὃμοια
1277 4593 1487 4658 τούτοις
1509 4609 1525 4627 ·
1559 4593 1754 4666 ἄπρο-

1880 4608 1978 4658 res,
2010 4593 2269 4657 haereses,
2321 4592 2558 4659 invidiae,
2609 4591 2924 4657 homicidia,
2952 4591 3210 4658 ebrietas,
3245 4607 3458 4648 comes-

161 4685 310 4753 λέγω
341 4685 492 4753 ὑμῖν,
545 4680 728 4745 καθὼς
759 4683 853 4735 καὶ
887 4683 1171 4752 προεῖπον,
1214 4683 1307 4737 ὅτι
1355 4685 1405 4738 oi
1432 4684 1500 4738 τὰ
1529 4684 1756 4740 τοιαῦτα

1880 4687 2125 4750 lationes,
2180 4686 2482 4755 horumque
2529 4683 2730 4739 similia
2793 4699 2916 4756 qua:
2977 4685 3216 4756 pradico
3277 4685 3454 4751 vobis,

162 4774 528 4844 πράσσοντες,
574 4771 852 4842 βασιλείαν
884 4770 1020 4826 Θεοῦ
1057 4772 1120 4826 οὗ
1174 4772 1701 4845 κληρονομήσουσιν.
1730 4793 1750 4828 ›

1880 4777 2008 4832 iicut
2036 4777 2282 4848 praedixi,
2307 4775 2452 4847 quod
2482 4777 2572 4847 qui
2606 4777 2732 4832 talia
2756 4789 2943 4850 agunt,
2969 4793 3194 4849 regnum
3227 4777 3319 4832 Dei
3347 4794 3455 4833 non

161 4868 497 4922 Είπάτωσαν
527 4869 661 4937 ἡμῖν
687 4867 735 4919 οί
765 4866 867 4938 τὴν
907 4867 1088 4939 σάρκα
1125 4867 1524 4931 διαϐάλλοντες.
1574 4869 1755 4923 Ἔστω

1880 4877 2285 4940 :onsequentur.
2334 4888 2353 4922 ι
2390 4868 2585 4925 Dicant
2605 4870 2764 4925 nobis
2785 4870 2876 4940 qui
2913 4885 3133 4927 carnem
3157 4870 3456 4925 criminan-

155 4963 194 5033 ’ἡ
228 4964 492 5030 ἀσέλγεια
524 4963 620 5016 καὶ
648 4963 682 5034 ἠ
709 4963 960 5034 πορνεία,
993 4964 1088 5016 τοῦ
1125 4961 1381 5034 σώματος
1418 4963 1756 5036 ἁμαρτήμα-

1880 4977 1968 5018 ,ur.
1996 4963 2126 5018 Esto
2161 4961 2305 5032 quod
2353 4961 2638 5017 fornicatio
2672 4969 2727 5017 et
2766 4961 2993 5018 lascivia
3049 4961 3295 5030 corporis
3340 4959 3453 5014 sint

159 5073 230 5109 τα
252 5074 268 5088 ο
304 5058 360 5109 αἱ
391 5055 604 5127 ἔχθραι,
637 5057 734 5108 καὶ
763 5057 818 5109 αί
844 5056 1109 5124 αἱρέσεις,
1142 5056 1235 5109 καὶ
1261 5055 1330 5108 τὰ
1357 5056 1604 5119 τοιαῦτα,
1635 5055 1754 5120 πῶς

1880 5066 2080 5111 ιεεριιιιι
2105 5071 2121 5122 ;
2155 5054 2452 5109 inimicitiae
2476 5063 2657 5109 autem
2683 5063 2740 5109 et
2758 5053 2994 5110 haereses
3024 5063 3080 5108 et
3116 5051 3446 5120 huiusmodi,

160 5147 230 5202 ἂν
257 5144 370 5204 εἶεν
403 5151 636 5221 σαρκὸςς
670 5149 835 5204 Ὥστε
891 5149 1184 5221 πρόδηλον,
1215 5151 1298 5204 ὃτι
1331 5151 1507 5204 πάντα
1539 5150 1640 5220 τῆς
1671 5151 1755 5204 δι-

1880 5148 1957 5218 ιιιὶ
1996 5156 2247 5218 poterunt
2289 5161 2412 5203 esse
2465 5147 2685 5202 carnis?
2731 5147 2831 5202 Est
2877 5147 3041 5217 igitur
3099 5145 3448 5216 perspicuum

161 5242 520 5313 εφθαρμένης
547 5243 664 5296 ἐστὶ
711 5243 1110 5314 προαιρέσεως.
1144 5243 1207 5296 Et
1251 5242 1306 5297 δὲ
1339 5243 1541 5314 σαρκὸς
1585 5239 1753 5315 ἦσαν,

1880 5240 2010 5312 ιιιοᾶ
2035 5240 2218 5295 omnia
2253 5241 2368 5296 haec
2383 5239 2493 5294 sint
2525 5247 2795 5308 corruptae
2826 5236 3143 5294 voluntatis.
3182 5237 3237 5291 Si
3269 5245 3451 5291 autem

163 5337 414 5406 φυσικῶς
439 5337 572 5408 ἡμῖν
595 5338 888 5407 προσόντα,
911 5337 1024 5401 πῶς
1053 5337 1118 5391 ἂν
1148 5336 1424 5407 βασιλείας
1444 5337 1580 5391 Θεοῦ
1609 5339 1759 5410 ἡμᾶς

1880 5334 2049 5390 carnis
2088 5340 2294 5398 essent,
2336 5330 2658 5387 naturaliter
2715 5329 2871 5386 nobis
2921 5329 3141 5393 adnata,
3182 5327 3454 5398 quomodo

162 5427 455 5494 ἐξέϐαλλον
486 5429 568 5496 ”;
598 5429 672 5482 Οὐ
703 5427 812 5500 γὰρ
834 5429 1071 5498 φύσεως,
1095 5429 1228 5482 ἀλλὰ
1260 5431 1761 5501 προαιρέσεως-,καὶ

1880 5442 1977 5482 nos
2006 5442 2038 5481 e
2071 5439 2240 5496 regno
2276 5424 2368 5479 Dei
2413 5422 2710 5493 ejicereut?
2741 5421 2860 5477 Non
2898 5421 3044 5480 enim
3075 5430 3302 5484 naturae,
3352 5419 3447 5473 sed

164 5524 223 5575 αι
257 5523 508 5586 κολάσεις
539 5521 634 5576 καὶ
653 5523 701 5575 al
729 5522 1004 5590 στέφανοι.
1033 5523 1139 5576 Καὶ
1163 5522 1338 5587 άλλως
1363 5522 1440 5590 δὲ,
1471 5524 1520 5577 εί
1545 5522 1760 5593 φύσεως

1880 5519 2163 5575 voluntatis
2197 5524 2325 5572 sunt
2355 5525 2466 5570 tum
2497 5529 2690 5598 pugnae,
2722 5522 2836 5568 tum
2878 5527 3112 5570 coronae.
3149 5510 3446 5578 Prarterea,

311 5661 338 5702 ἀ
371 5662 548 5719 ῙΤὶιη.
584 5661 692 5726 ι,9.

1512 5786 1713 5848 νει-ξω
1763 5787 2090 5850 lectiones.

245 5879 296 5912 ¹³
330 5881 469 5936 κατὰ
496 5881 726 5952 δύναμιν
764 5883 866 5957 τὴν
894 5883 1060 5940 αὐτοῦ
1087 5884 1477 5956 παιδαγωγῶν,
1512 5888 1598 5942 ὅτε
1638 5889 1828 5960 καιρὸν
1852 5881 1970 5960 εἶχε
1998 5904 2070 5944 m.
2151 5887 2194 5920 "
2220 5885 2306 5957 ἐφ’
2337 5880 2380 5956 ᾧ
2409 5903 2458 5941 o.
2541 5886 2582 5919 "
2613 5885 2885 5957 ἐξήγαγον
2918 5901 2975 5942 o.
