3898 6570
531 389 665 456 1.ἶὲ

1442 399 2018 462 THEOPHYLACTI
2066 401 2483 468 BULGARUE
2538 405 2895 466 ARCHIEP.

3629 409 3738 476 1020

522 532 566 567 si
604 526 809 568 natura:
851 515 1077 569 fuissent
1133 518 1434 586 passiones,
1489 533 1594 570 non
1649 517 1899 582 dixisset,
1941 536 1960 568 ι
1996 517 2098 584 Qui

2208 516 2349 592 ἦσαν
2378 521 2448 575 τὰ
2491 522 2662 590 πάθη,
2694 523 2794 576 οὐκ
2821 521 2888 575 ἂν
2921 514 3066 586 εἷπε,
3123 540 3143 573 ι
3174 521 3524 593 ῐῙράσσοντες,
3555 544 3572 578 ι
3611 530 3736 596 ἀλλὰ,

521 615 688 676 agunt
715 647 729 669 ,
764 625 782 658 ι
815 607 930 670 sed,
971 606 1070 673 Qui
1103 607 1379 677 patiuntur
1416 624 1429 660 :
1469 622 1628 675 agere
1660 607 1807 662 enim
1833 607 2108 662 delibera-

525 699 725 750 titmetn
760 706 813 750 et
843 698 1170 750 voluntatem
1207 697 1432 752 indicat.
1469 697 1793 753 Inimicitias
1823 714 1986 769 porro
2031 698 2113 752 itt-

526 788 707 858 tellige
767 787 1017 854 injustas.
1071 786 1210 842 Sunt
1263 789 1406 843 enim
1467 799 1521 844 et
1569 791 1729 860 justa:
1789 791 2108 856 inimicitize,

519 895 733 950 nempe,
772 897 892 950 qua:
916 880 1036 936 ﬁdei
1068 883 1284 937 nomine
1317 894 1662 946 exercentur,
1700 899 1937 956 ergaque
1983 900 2108 940 om-

520 988 617 1025 nes
648 987 678 1024 a
715 983 865 1026 recto
911 975 1128 1028 tramite
1164 974 1464 1030 deviantes.
1507 975 1906 1032 Emulationes
1931 988 2108 1033 autem

519 1063 656 1117 dicit
691 1065 1008 1133 zelutypias.
1040 1063 1136 1120 Est
1164 1070 1305 1119 enim
1340 1078 1393 1120 et
1425 1069 1598 1124 bonus
1624 1069 1798 1136 zelus,
1835 1080 1894 1124 ut
1917 1071 1961 1125 si
1985 1071 2110 1141 quis

517 1156 654 1210 bene
683 1167 930 1226 agentem
964 1157 1228 1213 imitetur.
1270 1159 1501 1215 Pulchre
1530 1171 1712 1216 autem
1745 1173 1866 1232 post
1898 1165 2110 1220 dissen-

515 1248 696 1301 siones
755 1259 806 1302 et
867 1251 1266 1317 contentiones,
1354 1251 1594 1308 barrescs
1646 1254 1876 1322 posuit:
1931 1255 2111 1310 omnis

518 1343 663 1396 enim
699 1341 922 1395 lueresis
957 1360 1022 1397 ex
1059 1345 1430 1411 contentione,
1479 1348 1818 1402 contentiosa
1847 1347 2106 1402 nimirum

515 1436 788 1505 propriam
822 1435 1159 1490 voluntatem
1195 1446 1434 1491 statuere
1460 1437 1689 1504 nitente,
1727 1454 1790 1494 ac
1823 1449 2108 1508 propterea

517 1525 748 1579 lia-resin
781 1527 1176 1581 constituente.
1227 1527 1414 1581 Caedes
1447 1527 1641 1582 deinde
1685 1542 1748 1582 ex
1786 1528 2010 1594 invidia,
2055 1536 2110 1583 et

513 1633 578 1671 ex
609 1619 1004 1673 comessatione
1048 1618 1384 1674 temulentia.
1410 1619 1768 1688 Κῶμοιοηίιη
1794 1628 1917 1674 sunt
1939 1631 2112 1675 temu-

514 1710 784 1764 |~ntorum
818 1710 1162 1782 ebriorumve
1189 1712 1594 1766 contumeliosa:
1629 1711 1934 1766 cantilenae.
1973 1713 2108 1770 Hinc

514 1803 682 1872 priori
716 1804 834 1858 loco
869 1804 1053 1874 posuit
1075 1805 1394 1873 generantia
1425 1820 1439 1870 ;
1466 1805 1772 1874 posteriore
1805 1820 1954 1870 vero,
1987 1822 2108 1876 qua:

511 1897 578 1950 ab
615 1895 678 1950 iis
712 1906 1030 1951 nascuntur.

581 1986 744 2044 Vens.
776 1988 866 2043 22.
905 2007 924 2040 ι
965 1987 1198 2044 Fructus
1230 1997 1408 2044 autem
1447 1988 1682 2059 Spiritus
1710 1998 1795 2044 est
1840 1989 2103 2055 cbaritas,

519 2080 800 2154 gaudium,
857 2095 982 2148 pax.
1030 2098 1048 2130 ι
1103 2079 1278 2132 Prava
1321 2093 1484 2148 opera
1537 2078 1692 2133 nobis
1750 2077 1880 2132 solis
1914 2079 2101 2134 fiunt:

511 2181 673 2240 atque
726 2171 851 2226 hinc
902 2186 1067 2241 opera
1125 2171 1306 2228 carnis
1340 2171 1496 2237 dixit,
1549 2171 1748 2240 quippe
1779 2186 1903 2243 qua:
1934 2171 2097 2226 simul

513 2262 750 2318 laborem
785 2278 850 2319 ac
883 2263 1256 2319 difﬁcultatem
1291 2265 1548 2319 habeant.
1601 2261 1747 2318 Bona
1795 2278 1946 2330 vero,
1994 2278 2102 2318 non

516 2365 701 2409 nostra
751 2366 956 2410 tantum
1013 2370 1141 2411 cura
1178 2358 1442 2426 indigent,
1473 2357 1834 2412 verumeliam
1868 2371 2101 2427 superna

510 2449 926 2517 ctioperationc;
963 2460 1255 2519 eapropter
1291 2450 1530 2519 Spiritus
1563 2449 1799 2504 fructum
1828 2465 1889 2503 ea
1915 2450 2052 2504 dixit
2086 2467 2100 2505 :

514 2551 766 2610 taqnam
810 2557 838 2595 a
883 2542 1039 2597 nobis
1089 2543 1248 2598 detur
1305 2558 1515 2606 semen,
1564 2543 1676 2598 sive
1721 2542 2102 2614 propasitnm:

509 2634 649 2700 quod
673 2643 850 2689 autem
875 2634 1112 2690 fructum
1145 2635 1306 2701 ferat,
1333 2637 1510 2690 istltnc
1541 2636 1594 2690 in
1628 2635 1736 2690 Deo
1760 2636 1925 2689 situm
1957 2649 2101 2690 esse.

509 2725 700 2791 l‘nrro,
736 2727 971 2782 radicem
995 2727 1237 2782 omnium
1270 2728 1534 2782 bonorum
1564 2727 1730 2798 360
1761 2727 1936 2796 primo
1973 2727 2104 2780 cha-

508 2819 727 2873 ritatem
780 2819 952 2888 ponit,
1003 2821 1198 2875 deinde
1248 2820 1527 2890 gaudium.
1565 2819 1668 2886 Qui
1713 2819 1858 2874 enim
1904 2819 2103 2888 diligit,

507 2929 724 2984 semper
761 2915 980 2984 gaudet,
1017 2914 1178 2968 etiam
1225 2913 1443 2984 quando
1473 2911 1730 2981 afﬂigitur
1757 2931 1769 2966 :
1794 2928 1916 2967 eum
1953 2913 2102 2967 enim

509 3021 537 3058 a
557 3019 665 3073 quo
685 3006 787 3058 sibi
815 3005 1009 3074 injuria
1031 3005 1285 3069 infertur,
1309 3020 1404 3059 ccu
1424 3003 1822 3059 benefactorem
1842 3004 2104 3058 intuetur.

507 3093 749 3150 Lartatur
771 3108 950 3152 autem
981 3098 1032 3152 in
1058 3097 1190 3164 Deo,
1237 3099 1392 3166 cujus
1414 3111 1579 3151 causa
1614 3095 1750 3150 nihil
1777 3111 1884 3150 non
1913 3096 2024 3160 agit
2051 3106 2106 3150 et

507 3189 734 3256 patitur,
769 3204 833 3243 ac
861 3199 1143 3260 prepterea
1177 3191 1316 3244 bona
1355 3187 1692 3243 conscientia
1745 3185 2103 3242 exbilaratur.
2134 3221 2176 3278 Ε

510 3277 590 3333 Ex
619 3281 886 3336 cbaritate
918 3294 1095 3338 autem
1122 3293 1176 3338 et
1205 3283 1390 3337 laetitia
1421 3297 1544 3336 cum
1581 3280 1636 3335 in
1665 3284 1846 3336 animo
1877 3298 1974 3336 suo
2001 3297 2099 3351 pa-

507 3395 628 3440 cem
656 3377 839 3444 habet,
862 3377 1284 3447 cogitationibus
1313 3376 1568 3430 nimirum
1599 3391 1702 3429 non
1730 3374 2102 3443 perturbatus,
2151 3399 2156 3406 -

506 3469 617 3526 tum
645 3487 770 3541 erga
809 3484 996 3524 omnes
1022 3478 1300 3524 externos.
1338 3468 1469 3520 Nam
1489 3468 1702 3522 etiamsi
1727 3466 1908 3521 odisse
1939 3480 2107 3534 quos-

507 3567 630 3634 dam
664 3565 899 3624 videtur.
943 3577 1053 3616 non
1090 3577 1185 3617 eos
1215 3570 1395 3614 tamen
1429 3560 1565 3622 odit,
1600 3560 1690 3613 sed
1730 3558 1861 3611 vitia
1893 3572 2102 3623 eorum,

509 3658 656 3728 ipsos
681 3671 778 3710 cett
818 3655 1014 3709 fratres
1032 3652 1300 3707 cbaritate
1321 3651 1709 3720 complectens,
1735 3657 1790 3703 et
1816 3647 1882 3703 ad
1915 3662 2103 3702 eorum

508 3747 798 3800 utilitatem
851 3745 1038 3800 odium
1087 3745 1193 3800 hoc
1245 3743 1568 3808 ostendens,
1606 3750 1664 3795 ut
1693 3737 1761 3794 ad
1821 3737 2102 3793 meliorem

505 3842 674 3894 vitam
707 3841 954 3893 redeant.

579 3951 597 3983 ι
637 3931 1070 4000 Louganiutitas,
1095 3929 1432 4000 benignitas,
1462 3931 1701 3997 bonitas,
1744 3932 1902 3996 fides,
1937 3945 2096 3983 man-

505 4024 757 4087 suetudo,
788 4023 1144 4077 continentia.
1193 4041 1212 4074 ι
1248 4020 1657 4093 Longanimitas
1706 4039 1737 4077 a
1779 4031 2098 4077 mansuetu-

501 4119 631 4172 dine
688 4116 873 4171 ittltoc
927 4113 1147 4170 differre
1200 4115 1413 4169 videtur
1453 4115 1506 4168 in
1565 4114 1874 4185 Scriptura,
1942 4113 2089 4184 quod

506 4208 835 4280 longanimis
887 4207 1118 4262 multum
1159 4206 1362 4276 diuque
1410 4207 1634 4276 cogitet,
1690 4221 1790 4261 nec
1825 4206 2096 4271 celeriter,

505 4305 600 4359 sed
628 4319 750 4358 cum
779 4301 1133 4355 cunctatione
1160 4299 1573 4354 convenientem
1603 4302 1848 4370 peccanti
1874 4315 2093 4370 pmnam

506 4395 778 4463 imponat;
843 4399 1159 4448 mansuetus
1194 4404 1372 4446 autem
1399 4392 1623 4448 omnino
1658 4408 1850 4448 noxam
1893 4403 1947 4446 ct
1970 4407 2100 4461 sup-

506 4486 728 4554 plicium
773 4486 1010 4539 remittat
1044 4503 1057 4538 :
1117 4483 1342 4555 perinde
1397 4499 1461 4538 ac
1509 4483 1681 4539 Moses
1705 4486 1794 4552 qui
1832 4484 2014 4540 Mariae
2044 4492 2097 4536 ct

2217 613 2557 686 Πάσχοντες·
2587 616 2648 670 τὸ
2695 615 2802 686 γὰρ
2834 614 3100 688 πράσσειν
3150 617 3466 688 προαίρεσιν
3508 621 3735 691 ἐμφαίνει.

2220 708 2460 778 Ἕχθρας
2490 709 2547 762 δὲ
2577 709 2688 762 νόει
2720 709 2820 772 τὰς
2872 709 3092 773 ἀδίκους
3114 726 3129 740 ·
3166 710 3286 763 Elei.
3310 711 3416 780 γὰρ
3460 712 3548 765 καὶ
3573 713 3738 774 δίκαιαι

2215 798 2427 870 ἔχθραι,
2461 800 2522 854 αἴ
2545 817 2608 868 γε
2633 799 2721 854 διὰ
2762 800 2860 871 τὴν
2891 800 3077 855 πίστιν
3111 800 3418 870 γινόμεναι,
3446 805 3533 856 καὶ
3558 809 3605 858 αἱ
3632 811 3736 878 πρὸς

2215 893 2426 957 πάντας
2459 893 2586 956 τοὺς
2614 893 2708 947 τοῦ
2737 892 2922 956 εὐθέος
2961 893 3306 957 ὲκνεὺοντας.
3338 896 3530 966 Ζήλους
3553 898 3602 951 δὲ
3623 901 3736 969 λέγει

2212 985 2310 1050 τὰς
2336 984 2666 1056 ζηλοτυπίας
2689 1001 2702 1015 ·
2751 984 2866 1038 ἔστι
2901 985 3009 1056 γὰρ
3049 985 3142 1038 καὶ
3183 985 3346 1054 ζῆλος
3405 987 3610 1052 ἀγαθὸς,
3640 991 3735 1044 ὃταν

2211 1095 2297 1142 τις
2326 1081 2417 1133 τὸν
2468 1080 2529 1132 τὸ
2567 1078 2733 1133 καλὸν
2787 1079 3104 1148 πράσσοντα
3158 1079 3429 1148 μιμεῖται.
3488 1081 3656 1145 Καλῶς
3679 1083 3734 1149 δὲ,

2215 1172 2353 1243 μετά
2380 1173 2479 1234 τὰς
2507 1171 2858 1241 διχοστασίας
2890 1171 2981 1226 καὶ
3006 1170 3105 1231 τὰς
3137 1169 3402 1242 ἐριθείας,
3436 1171 3527 1232 τὰς
3547 1173 3737 1241 αἱρέσεις

2211 1264 2424 1318 τέθεικε
2451 1280 2464 1296 ·
2498 1266 2648 1318 πᾶσα
2675 1265 2784 1334 γὰρ
2817 1265 3029 1332 αἵρεσις
3075 1263 3188 1316 ἀπὸ
3224 1262 3587 1332 φιλονεικείας,
3613 1266 3660 1317 τὸ
3681 1269 3737 1319 οἱ.

2211 1359 2356 1410 κεῖον
2388 1356 2598 1426 θέλημα
2637 1357 2790 1425 ἰστᾷν
2819 1355 3063 1418 θέλοντος
3095 1354 3192 1407 τοῦ
3224 1353 3542 1424 φιλονείκου,
3577 1358 3653 1409 καὶ
3673 1359 3734 1410 διὰ

2209 1448 2367 1503 τοῦτο
2397 1449 2610 1520 αἵρεσιν
2639 1448 3026 1512 συνιστῶντος.
3072 1449 3184 1503 Καὶ
3223 1448 3253 1501 δ
3290 1448 3447 1518 φόνος
3477 1448 3528 1500 δὲ
3555 1451 3646 1502 ἀπὸ
3665 1450 3734 1503 τοῦ

2215 1545 2542 1614 φθόνου,καὶ
2571 1546 2619 1596 οξ
2652 1542 2830 1612 κῶμοι
2855 1542 2897 1574 ¹⁸
2949 1541 3059 1595 ἀπὸ
3095 1541 3290 1611 μέθης.
3340 1543 3523 1609 Κῶμοι
3564 1544 3653 1612 γὰρ
3689 1548 3738 1598 τὰ

2209 1637 2318 1692 τῶν
2352 1636 2659 1708 μεθυόντων
2692 1635 2812 1705 μεθ’
2841 1633 3056 1705 ὕϐρεων
3082 1635 3309 1706 ᾄσματα
3334 1653 3348 1667 ’
3376 1635 3454 1688 διὸ
3475 1636 3736 1705 προτέθεικε

2209 1730 2279 1782 τὰ
2311 1727 2609 1798 γεννῶντα,
2640 1722 2760 1780 εἶτα
2789 1725 2857 1779 τά
2884 1725 2942 1792 ἐξ
2993 1725 3176 1780 αὐτῶν
3208 1724 3538 1796 γεννώμενα.

2287 2015 2306 2049 ι
2325 1993 2385 2049 Ὀ
2404 1995 2458 2048 δὲ
2486 1992 2698 2064 καρπὸς
2726 1992 2820 2047 τοῦ
2851 1991 3175 2062 Πνεύματός
3225 1993 3374 2046 ἐστιν
3399 1992 3589 2063 ἀγάπη,
3611 1994 3735 2063 χαρὰ,

2208 2088 2426 2159 εἰρήνη.
2462 2105 2480 2138 ι
2521 2087 2602 2140 Τὰ
2641 2085 2742 2154 μὲν
2798 2088 3012 2156 πονηρά
3059 2085 3200 2154 ἔργα
3259 2086 3318 2152 ἐξ
3363 2087 3508 2157 ἡμῶν
3549 2087 3734 2153 γίνονται

2209 2180 2371 2251 μόνον
2393 2193 2407 2208 ·
2441 2178 2520 2232 διδ
2563 2177 2659 2231 καὶ
2687 2178 2825 2248 ἔργα
2853 2178 3056 2248 σαρκὸς
3092 2173 3274 2242 εἶπεν,
3324 2179 3436 2248 ἅμα
3465 2180 3547 2230 καὶ
3581 2179 3642 2240 ὼς
3668 2183 3733 2248 ἑρ-

2206 2270 2410 2341 γωδίαν
2444 2270 2539 2324 καὶ
2576 2270 2859 2340 βαρύτητα
2887 2270 3103 2341 ἔχοντα.
3132 2271 3217 2323 Td:
3255 2270 3311 2323 δὲ
3348 2270 3496 2333 καλὰ,
3526 2272 3608 2339 οὐχ
3633 2273 3734 2342 ἡμε-

2205 2361 2372 2433 τέρας
2404 2359 2575 2415 δεῖται
2604 2362 2763 2432 μόνον
2793 2361 3134 2432 ἐπιμελείας,
3169 2362 3313 2415 ἀλλὰ
3349 2363 3438 2419 καὶ
3463 2367 3550 2434 τῆς
3575 2365 3731 2418 ἀνωθεν

2209 2456 2564 2528 συνεργείας·
2597 2455 2679 2508 διὸ
2714 2455 2926 2526 καρπὸν
2950 2455 3093 2509 αὐτὰ
3144 2451 3273 2509 εἷπε
3308 2457 3400 2510 τοῦ
3427 2457 3724 2526 Πνεὺμιιτος·

2205 2547 2277 2609 ὡς
2307 2545 2438 2616 παρ’
2466 2545 2624 2616 ἡμῶν
2658 2545 2758 2616 μὲν
2809 2543 2904 2598 τοῦ
2955 2545 3156 2616 σπόρου
3194 2545 3490 2616 διδομένου,
3535 2548 3633 2616 ἤτοι
3659 2547 3728 2607 τῆς

2210 2638 2519 2709 προθέσεως
2560 2640 2624 2704 ¹⁹,
2657 2637 2753 2692 τοῦ
2813 2638 2866 2692 δὲ
2899 2639 3112 2710 καρπὸν
3144 2639 3426 2708 γενέσθαι,
3461 2641 3513 2691 ἐν
3554 2639 3616 2708 τῷ
3645 2639 3728 2708 Θεῷ

2208 2731 2486 2801 κειμένου.
2515 2730 2625 2801 Τὴν
2657 2731 2816 2800 ῥίζαν
2861 2731 2920 2784 δὲ
2953 2731 3173 2784 πάντων
3204 2733 3316 2784 τῶν
3365 2731 3566 2800 ἀγαθῶν
3595 2731 3728 2798 τίθησι

2208 2824 2430 2893 πρῶτον
2458 2823 2556 2893 τὴν
2594 2823 2835 2892 ἀγάπην,
2890 2817 3010 2875 εἶτα
3047 2821 3146 2892 τὴν
3187 2823 3385 2893 χαράν.
3434 2823 3490 2876 Ὀ
3515 2823 3607 2891 γὰρ
3631 2822 3729 2890 ἁγα-

2211 2915 2327 2968 πῶν
2355 2916 2441 2968 ἀεὶ
2469 2914 2672 2984 χαίρει,
2711 2914 2806 2967 καὶ
2838 2915 2966 2967 ὅταν
2997 2915 3187 2987 πάσχῃ
3223 2915 3433 2976 κακῶςο
3466 2916 3534 2978 ὡς
3559 2915 3726 2984 εὐεργέ-

2207 3025 2308 3078 την
2339 3008 2448 3076 γὰρ
2476 3005 2578 3078 ὁρᾷ
2605 3006 2697 3058 τὸν
2719 3006 2905 3068 κακῶς
2945 3005 3227 3060 ποιοῦντα.
3268 3007 3459 3078 Χαίρει
3481 3007 3529 3060 δὲ
3567 3008 3641 3060 καὶ
3660 3004 3726 3057 ἐπὶ

2209 3099 2287 3170 τῷ
2313 3097 2451 3169 Θεῷ,
2480 3097 2558 3158 ὡς
2585 3097 2653 3151 δι’
2686 3097 2850 3154 αὑτὸν
2877 3097 3056 3151 πάντα
3099 3098 3278 3152 ποιῶν
3307 3099 3398 3152 καὶ
3429 3099 3636 3169 πάσχων,
3660 3098 3725 3148 καὶ

2209 3191 2297 3244 διὰ
2327 3190 2481 3244 τοῦτο
2502 3189 2694 3261 ἁγαθῷ
2717 3190 2979 3244 συνειδότι
3005 3191 3522 3262 ὲπευφραινόμενος.
3567 3190 3638 3242 Ἐκ
3655 3188 3724 3255 τῆς

2209 3285 2428 3355 ἀγάπης
2459 3284 2514 3337 δὲ
2542 3284 2634 3338 καὶ
2667 3283 2766 3354 τῆς
2796 3285 2972 3354 χαρᾶς
3002 3285 3280 3356 εἰρηνεύει
3309 3285 3402 3338 καὶ
3428 3283 3554 3336 κατὰ
3577 3282 3722 3352 ψυχὴν.

2213 3376 2288 3446 μὴ
2319 3376 2718 3447 ταραττόμενος
2783 3380 2894 3438 τοῖς
2947 3375 3227 3444 λογισμοῖς
3257 3392 3270 3404 ·
3339 3377 3429 3428 καὶ
3486 3376 3597 3444 πρὶς
3637 3374 3724 3433 τοὺς

2210 3465 2407 3532 ἔξωθεν
2441 3468 2497 3521 δὲ
2524 3469 2750 3530 πάντας.
2781 3469 2840 3520 Ei
2872 3469 2978 3538 γὰρ
3003 3467 3096 3520 καὶ
3122 3467 3652 3538 ἀπεχθάνεσθαιδοκεῐ
3671 3480 3724 3514 τι·

2210 3577 2316 3625 σιν,
2351 3560 2452 3613 οὐκ
2481 3561 2689 3639 αὐτοῖς,
2723 3559 2860 3612 ἀλλὰ
2886 3561 2950 3628 τῇ
2994 3561 3050 3611 έν
3081 3559 3271 3621 αὐτοῖς
3304 3558 3465 3627 κακία
3493 3554 3724 3626 ἀπεχθάνει

2207 3671 2320 3716 ται,
2383 3653 2630 3712 ἐκείνους
2670 3652 2902 3721 ἀγαπῶν
2959 3650 3034 3714 ὡς
3074 3651 3366 3719 ἀδελφοὺς,
3413 3651 3498 3702 καὶ
3538 3649 3645 3716 πρὸς
3681 3643 3721 3696 τδ
3809 3679 3814 3684 ε

2210 3744 2486 3815 συμφέρον
2531 3743 2711 3798 αὐτῶν
2739 3743 2838 3814 τὴν
2872 3743 3172 3814 ἀπέχθειαν
3222 3742 3608 3811 ἐνδεικνύμενος
3631 3733 3721 3789 :15-

2208 3855 2329 3908 την,
2357 3838 2446 3891 ἵνα
2478 3836 2837 3907 διορθωθῶσι.

2288 3950 2305 3981 ι
2345 3929 2740 4000 Μακροθυμία,
2794 3929 3120 4000 χρηστότης,
3174 3929 3516 3997 ἀγαθωσύνη,
3568 3926 3716 3984 πίστις.

2207 4020 2474 4092 πραότης,
2535 4021 2854 4092 ἐγκράτεια.
2895 4039 2914 4072 ι
2967 4022 3340 4091 Μακροθυμέα
3395 4019 3652 4092 πραότητος
3680 4015 3718 4064 ἓν

2205 4114 2380 4185 τούτῳ
2411 4113 2561 4168 δοκεῖ
2582 4115 2735 4187 παρά
2764 4118 2832 4186 τῇ
2863 4115 3050 4186 Γραφῇ
3081 4115 3382 4184 διαφέρειν,
3424 4112 3494 4183 τῷ
3540 4110 3612 4162 τὸν
3651 4106 3719 4176 μὲν

2207 4206 2562 4277 μακρόθυμον
2591 4207 2758 4261 πολὺν
2785 4207 2911 4260 ὄντα
2940 4211 2997 4260 έν
3025 4209 3311 4278 φρονήσει,
3342 4207 3414 4277 μὴ
3443 4205 3602 4270 ὀξέως,
3624 4196 3717 4251 am

2206 4297 2370 4368 σχολῇ
2405 4298 2706 4353 ἐπιτιθέναι
2740 4299 2838 4370 τὴν
2875 4301 3260 4370 προσήκουσαν
3295 4300 3444 4366 δίκην
3469 4297 3536 4365 τῷ
3565 4291 3719 4345 πταίον-

2203 4405 2291 4441 τι·
2329 4389 2422 4443 τὸν
2461 4389 2515 4444 δὲ
2547 4393 2719 4462 πρᾶον
2770 4391 2992 4460 ἀφιέναι
3023 4392 3368 4446 παντάπασιν
3388 4407 3400 4419 -
3431 4389 3498 4452 ὡς
3521 4390 3544 4440 ὁ
3566 4384 3718 4450 Μωσῆς

2202 4482 2268 4549 τῇ
2302 4479 2537 4550 Μαριὰμ
2582 4481 2675 4534 καὶ
2704 4481 2781 4551 τῷ
2825 4480 3038 4552 Ἀαρὼν
3087 4482 3288 4549 ἀφιεὶς,
3340 4477 3508 4548 πραῢς
3559 4471 3714 4540 ἐκλήθη

503 4578 704 4630 Aaroni
736 4578 1180 4644 remisitnoxam,
1205 4593 1315 4648 prae
1332 4580 1584 4633 omnibus
1619 4589 1816 4634 terram
1851 4579 2098 4633 incolen-

2208 4575 2355 4643 παρὰ
2387 4573 2595 4634 πάντας
2623 4574 2749 4638 τοὺς
2777 4573 3163 4637 κατοικοῦντας
3193 4574 3289 4644 τὴν
3313 4575 3432 4643 γῆν.
3461 4567 3715 4640 Χρηστότης

507 4669 650 4722 tibus
710 4680 1024 4722 mansuetus
1057 4678 1285 4724 vocatus
1337 4679 1445 4724 est.
1505 4668 1826 4740 Benignitas
1879 4679 2092 4732 autem,

506 4761 854 4815 communius
889 4760 1146 4830 quiddam
1203 4771 1288 4817 est
1342 4776 1504 4831 quant
1538 4762 1777 4818 bonitas.
1822 4760 2096 4830 Benignus

504 4854 646 4906 enim
696 4851 960 4906 Dominus
1012 4859 1097 4906 est
1151 4853 1442 4907 universis.
1507 4852 1730 4907 Bonitas
1782 4866 1910 4906 vero
1965 4850 2097 4906 solis

505 4945 683 5013 dignis
717 4942 1007 5006 benefacit,
1047 4945 1348 4998 secundum
1410 4943 1542 4999 illud
1579 4963 1594 4998 :
1630 4963 1647 4996 ι
1692 4931 1948 5006 Benefac.
1983 4942 2092 4998 Do-

506 5037 668 5098 utine,
691 5036 843 5091 bonis
873 5048 895 5074 θ
926 5052 941 5090 :
979 5043 1002 5088 ἱ
1032 5035 1218 5091 Fidem
1246 5047 1420 5091 autem
1446 5037 1600 5102 dicit,
1633 5051 1739 5091 non
1767 5036 2094 5105 simplicem,

506 5132 598 5181 sed
649 5144 768 5199 qua:
811 5140 1023 5186 montes
1083 5130 1245 5184 etiam
1311 5131 1622 5196 transferat,
1655 5145 1776 5198 qua:
1833 5144 1920 5194 ea,
1973 5144 2098 5198 qua:

505 5224 647 5290 apud
685 5224 931 5278 homines
965 5233 1091 5276 sunt
1134 5222 1510 5292 impossibilia,
1542 5224 1682 5293 apud
1718 5223 1884 5278 Deum
1921 5223 2098 5291 possi-

510 5315 640 5369 bilia
688 5332 809 5372 esse
837 5316 1213 5370 indubitanter
1244 5317 1436 5370 credit.
1461 5314 1578 5370 Prae
1629 5317 1886 5372 omnibus
1913 5327 2096 5372 autem

506 5419 590 5464 est
637 5410 997 5474 continentia,
1031 5423 1138 5463 non
1181 5407 1234 5464 in
1259 5409 1399 5465 cibis
1429 5417 1662 5476 tantum,
1693 5409 1789 5465 sed
1835 5411 1996 5465 etiam
2032 5409 2098 5466 ab

501 5501 650 5554 omni
697 5502 858 5556 malo.

659 5662 681 5690 ο
716 5651 854 5705 Psal.
890 5667 1042 5719 χειν,
1067 5651 1122 5707 ι.

2195 4665 2254 4720 δὲ
2278 4666 2584 4738 κοινότερόν
2606 4666 2661 4718 τί
2686 4668 2801 4720 ἐστι
2830 4666 2980 4736 παρά
3012 4667 3110 4736 τὴν
3144 4665 3505 4733 ἀγαθωσύνην.
3524 4655 3714 4729 Χρηστδς

2200 4757 2312 4827 γὰρ
2339 4755 2543 4826 Κύριος
2570 4758 2683 4819 τοῖς
2711 4756 2992 4824 σύμπασιν
3013 4771 3026 4784 ·
3059 4757 3090 4826 ή
3142 4754 3197 4807 δὲ
3227 4751 3534 4822 ἀγαθωσύνη
3568 4749 3711 4818 μάνῦυς

2199 4849 2325 4912 τοὺς
2355 4847 2540 4914 ἀξίους
2563 4849 2862 4919 εὐεργετεῖ,
2893 4848 3140 4912 κατὰ-τοο
3184 4867 3202 4900 ι
3242 4847 3536 4918 Ἀγάουνον,
3567 4839 3709 4907 Κύριε,

2201 4945 2316 5004 τοῖς
2370 4940 2614 5009 ἀγαθοῖς.
2644 4961 2663 4994 s
2697 4941 2885 4994 Πίστιν
2919 4942 2976 4995 δὲ
3008 4941 3156 5009 λέγει
3181 4942 3240 4992 οὐ
3271 4944 3366 5011 τὴν
3399 4936 3581 4995 ἁπλῶς,
3615 4928 3710 4984 dm

2202 5035 2302 5103 τὴν
2332 5034 2428 5086 καὶ
2462 5033 2560 5104 ὅρη
2599 5034 2961 5104 μεθιστῶσαν,
3018 5035 3117 5104 τὴν
3170 5035 3238 5088 τὰ
3285 5033 3426 5100 παρὰ
3470 5025 3708 5096 ἀνθρώπως

2203 5125 2442 5179 ἀδύνατα
2472 5126 2835 5179 πιστεύουσαν
2876 5126 3025 5193 παρὰ
3064 5125 3184 5194 Θεῷ
3215 5125 3405 5177 δυνατά
3433 5118 3552 5174 εἶναι
3593 5115 3706 5168 ἅδισ-

2206 5217 2453 5281 τὰκτως’
2489 5218 2584 5271 ἐπὶ
2625 5219 2756 5272 πᾶσι
2805 5217 2862 5270 δὲ
2922 5219 2955 5287 ή
3017 5218 3332 5288 ἐγκράτεια,
3381 5216 3436 5269 οὗ
3464 5209 3704 5285 βρωμάτων

2211 5311 2392 5382 μόνον,
2419 5309 2558 5364 ἀλλὰ
2599 5309 2694 5364 καὶ
2722 5310 2925 5373 παντὸς
2954 5308 3212 5381 πονηροῦ.

1843 5771 2041 5833 Varite
2080 5769 2414 5832 lectiones.

591 5871 633 5905 ⁸⁸
669 5873 694 5926 ὁ
743 5870 925 5943 κῶμος
962 5887 1032 5928 ιη.
1114 5873 1156 5904 ι’
1198 5870 1566 5944 προαιρέσεως
1609 5887 1678 5926 tn.
