3898 6586
160 427 291 495 ltili

964 436 1494 503 EXPOSITIO'IN
1519 443 1772 507 'EPIST.
1807 450 1908 510 AD
1947 452 2216 518 G'ALAT.
2256 456 2517 520 -CAP.
2558 457 2662 521 VI.

3290 453 3430 519 1022

220 563 242 597 ιι
273 541 439 636 Ret-3t»
452 542 558 598 τῶν
586 543 848 636 τοιούτων
878 547 980 602 οὐκ
1011 550 1128 602 ἔστι
1152 552 1337 623 νόμος.
1372 572 1391 606 ι
1426 553 1591 626 Ψυχὴ
1619 555 1726 627 γὰρ

1908 561 2073 618 Vens.
2109 564 2201 619 25.
2237 583 2257 617 ι
2295 565 2573 620 Adversus
2622 563 2936 636 hujusmodi
2979 580 3085 620 non
3135 572 3218 621 est
3250 564 3357 621 lex.
3399 586 3420 619 ι

156 629 479 701 κατορθοῦσα
508 631 677 684 ταῦτα
708 633 818 687 ἀπὸ
844 635 1187 706 Πνεύματος,
1218 641 1281 693 οὐ
1303 641 1473 696 δεῖται
1499 644 1599 712 τῆς
1624 644 1734 698 ἀπὸ

158 723 243 775 τῖιῦ
270 722 434 791 νόμου
463 724 765 791 νουθεσίας,
803 727 1116 799 ὑψηλοτέρα
1153 731 1291 804 αὐτὴ
1324 728 1463 793 οὖσα
1485 749 1499 764 ⁸
1541 735 1732 807 ὥσπερ

157 818 309 869 κοιὶοὶ
342 815 500 886 φύσει
530 816 671 881 ὀξεῖς
712 817 869 872 ἵπποι
929 822 989 874 ού
1046 822 1255 877 δέονται
1303 826 1588 895 μάστιγος.
1619 829 1734 900 Οὐχ

155 908 220 969 ὡς
251 909 481 979 πονηρὶν
530 908 586 962 δὲ
636 909 728 963 τὸν
765 910 929 982 νόμον
982 914 1237 970 ἐκϐάλλει
1293 918 1416 971 οὐδὲ
1478 919 1731 987 ἐνταῦθα,

156 998 352 1062 ἀλλ’ὡς
384 999 646 1063 ἐλάττονα
679 1002 782 1073 τῆς
820 1003 978 1075 παρά
1004 1007 1099 1061 τοῦ
1153 1008 1474 1080 Πνεύματος
1512 1011 1729 1083 διδομέ-

153 1110 238 1160 νης
266 1090 606 1162 φιλοσοφίας.
654 1154 655 1159 η
901 1086 905 1093 ’

219 1185 304 1237 «Οἱ
323 1184 381 1237 δὲ
410 1185 506 1238 τοῦ
537 1187 804 1258 Χριστοῦ,
835 1189 935 1262 τὴν
970 1189 1149 1263 σάρκα
1180 1193 1535 1264 ἐσταύρωσαν
1565 1196 1611 1228 ¹⁰
1631 1194 1730 1249 σὺν

154 1279 244 1338 τοῖς
273 1276 563 1347 παθήμασι
589 1280 683 1333 καὶ
720 1282 845 1345 ,ταῖς
883 1282 1224 1355 ἐπιθυμίαις.
1260 1304 1279 1337 ι
1317 1286 1529 1358 Ὥσπερ
1582 1287 1729 1351 τινος

152 1373 377 1436 εἰπόντος
402 1389 417 1402 ·
450 1373 547 1437 Τίς
579 1376 726 1429 ἐστιν
754 1376 782 1429 ό
831 1377 1027 1443 ταῦτα,
1078 1379 1116 1434 ἃ.
1163 1378 1346 1447 εἶπας,
1396 1382 1680 1456 κατορθῶν
1710 1399 1724 1449 ;

150 1467 320 1536 φησιν.
351 1465 435 1518 ὅτι
488 1485 507 1518 ι
543 1468 608 1520 Oi
630 1466 688 1520 δὲ
718 1467 813 1522 τοῦ
844 1471 1109 1543 Χριστοῦ,
1141 1491 1160 1526 ι
1213 1476 1512 1541 τουτέστιν,
1545 1477 1595 1529 οἱ
1624 1477 1725 1548 τῆς

151 1558 352 1627 μερίδος
386 1556 485 1612 τοῦ
513 1559 755 1630 Χριστοῦ
789 1559 962 1629 ὄντες,
1025 1583 1044 1616 ι
1082 1565 1181 1635 τὴν
1213 1567 1393 1638 σάρκα
1441 1567 1725 1640 ἐσταύρω-

148 1666 255 1711 σαν,
288 1667 306 1699 ι
337 1649 618 1712 τουτέστι,
666 1649 728 1704 τὸ
775 1654 1038 1724 σαρκικδν
1073 1657 1332 1727 φρόνημα
1383 1657 1734 1729 ὲνέκρωσαν.

149 1742 215 1795 0-3
247 1742 351 1813 γάρ
388 1743 456 1814 δὴ
488 1744 721 1806 ἑαυτοὺς
759 1746 1004 1800 ἀνεῖλον·
1055 1748 1142 1802 ἰνα
1196 1750 1378 1822 σάρκα
1422 1753 1622 1823 νοήσῃς
1653 1751 1731 1823 μὴ

147 1837 232 1905 τὴν
256 1837 296 1867 ⁸³
336 1836 531 1890 οὐσίαν
563 1837 662 1908 τῆς
692 1838 919 1907 σαρκὸς,
941 1839 1077 1894 ἀλλά
1114 1841 1205 1894 τὸν
1236 1840 1416 1912 γεώδη
1445 1843 1725 1913 λογισμὸν,

1835 653 2028 708 Anima
2061 657 2206 710 enim
2241 657 2356 713 hate
2383 674 2411 711 a
2446 656 2650 728 Spiritu
2682 658 2992 727 perliciens,
3022 674 3125 712 non
3149 658 3428 728 egeLlegis

1834 747 2241 813 adhortatione,
2270 750 2467 820 quippe
2522 766 2645 820 qua:
2667 752 2738 806 sit
2765 752 2882 820 lege
2915 751 3075 805 altior
3103 768 3118 806 :
3167 753 3429 820 quemad-

1835 841 2053 894 modum
2085 843 2210 912 equi
2243 854 2434 898 natura
2458 844 2685 905 celeres.
2714 860 2817 899 non
2842 860 2977 914 opus
3008 846 3208 900 habent
3234 843 3426 913 ﬂagro.

1834 930 2034 1003 Legem
2068 943 2247 989 autem
2274 950 2371 991 ceu
2409 936 2604 991 malam
2636 952 2703 991 ne
2726 937 2814 993 hic
2846 938 3061 1007 qui-lem
3097 937 3293 1004 rejicit,
3328 937 3422 990 sed

1836 1033 2090 1095 tauquam
2110 1028 2400 1097 sapientia,
2418 1029 2831 1099 quamLSpiritus
2852 1030 3099 1101 largitur,
3127 1035 3419 1086 minorem.

1852 1260 1861 1269 ,
1903 1202 2070 1260 Vsus.
2096 1205 2188 1262 ει.
2224 1225 2244 1258 ι
2284 1205 2386 1274 Qui
2415 1190 3008 1269 autemsuntCltristi,
3043 1219 3263 1261 carnem
3297 1221 3425 1261 cru-

1832 1297 2123 1353 cilixerunt
2160 1313 2286 1353 cum
2339 1298 2486 1354 vitiis
2507 1308 2564 1353 et
2610 1297 3091 1367 concupiscentiis.
3127 1317 3145 1350 ι
3196 1297 3428 1354 Perinde

1835 1406 1898 1444 ac
1928 1390 1971 1444 si
2022 1390 2145 1460 quis
2206 1391 2348 1446 dicat
2380 1410 2393 1445 :
2423 1391 2559 1458 Quis
2620 1400 2705 1447 est
2758 1393 2849 1462 qui
2892 1391 3026 1457 haec,
3063 1406 3184 1461 qua:
3213 1391 3423 1459 dixisti,

1832 1480 2111 1551 perﬁciat?
2149 1499 2168 1533 ι
2225 1482 2325 1549 Qui
2366 1480 2568 1537 Christi
2604 1491 2752 1547 sunt,
2797 1500 2816 1533 ι
2867 1482 3064 1551 inquit,
3105 1480 3155 1535 id
3181 1490 3285 1544 est,
3330 1480 3422 1550 qui

1836 1583 1966 1628 sunt
2000 1588 2030 1626 a
2060 1575 2306 1644 partibus
2336 1573 2564 1640 Christi,
2619 1590 2638 1624 ι
2675 1588 2896 1628 carnem
2937 1573 3351 1635 crncilixcrunt,
3396 1590 3415 1623 ι

1833 1664 1883 1719 id
1907 1674 2023 1728 est,
2060 1665 2333 1721 carnalem
2382 1664 2635 1720 allectum
2667 1663 3086 1720 mortiﬁearuut.
3129 1662 3246 1718 Non
3277 1664 3423 1718 enim

1831 1760 2041 1828 seipsos
2069 1759 2466 1815 interemerunt
2499 1776 2515 1814 :
2545 1767 2838 1814 utcarnem
2862 1758 3133 1828 intelligas
3157 1773 3265 1812 non
3291 1758 3423 1812 sub-

1832 1856 2095 1909 stantiam
2140 1854 2345 1919 caruis,
2369 1854 2462 1909 sed
2498 1863 2811 1908 terrestrem
2843 1851 3252 1921 cogitationem,
3286 1852 3423 1905 adeo

146 1927 272 1982 ὥστε
311 1930 455 1999 μήτε
484 1931 549 1984 τὰ
581 1929 676 1983 τοῦ
735 1929 910 2000 θυμοῦ
962 1932 1262 2003 παθήματα
1291 1935 1350 1988 ὲν
1381 1936 1565 2000 αὐτοῖς
1598 1934 1723 2006 ζῇν,

1837 1960 2086 2020 utneque
2118 1951 2212 2005 im
2242 1958 2424 2004 motus
2455 1948 2509 2003 in
2544 1948 2678 2018 ipsis
2707 1947 3100 2018 porrovivaut.
3133 1960 3234 2000 nec
3270 1944 3424 2012 cupi-

149 2023 269 2093 μήτε
291 2024 387 2084 τὰς
416 2023 717 2094 ἐπιθυμίας
750 2028 816 2090 η,
839 2023 977 2078 ἀλλά
1003 2025 1097 2078 καὶ
1121 2025 1298 2081 ταῦτα
1346 2028 1604 2091 κάκείνας
1632 2030 1726 2081 ὲσ·

144 2116 467 2187 τ.υρῶσθαι,
487 2119 582 2172 καὶ
603 2118 1074 2189 νενεκρῶσθαι.ἺΙ
1095 2120 1393 2189 παθήματα
1427 2120 1610 2183 ἁπλῶς
1627 2122 1726 2184 τὰς

148 2208 398 2275 ἐμπαθεῖς
425 2209 654 2278 πράξεις
693 2210 848 2280 φησι,
875 2210 978 2264 κάν
1007 2228 1067 2264 τε
1103 2212 1213 2265 ἀπὸ
1238 2211 1412 2280 θυμοῦ
1444 2207 1568 2273 εισι,
1623 2214 1725 2267 κάν

145 2317 197 2352 τε
224 2301 326 2354 ἀπὶ
380 2301 703 2371 ἐπιθυμίας.
750 2304 827 2357 Οὐ
865 2303 1028 2372 μόνον
1057 2299 1151 2358 οὖν
1198 2304 1294 2368 τὰς
1327 2305 1556 2377 πράξεις
1590 2305 1726 2375 φησι

144 2396 482 2467 νεκροῦσθαι,
522 2397 659 2452 ἀλλά
690 2400 784 2453 καὶ
818 2399 988 2465 αὐτὲις
1012 2402 1111 2465 τὰς
1142 2401 1318 2473 ἀρχὰς
1345 2401 1572 2469 τούτων,
1605 2401 1724 2471 ἤτοι

142 2489 229 2552 τὰς
259 2490 590 2559 ἐπιθυμίας.

209 2598 225 2628 ι
269 2581 326 2635 El
352 2581 542 2651 ζῶμεν
572 2582 872 2652 Πνεύματι,
908 2583 1190 2653 Πνεύματι
1223 2585 1316 2640 καὶ
1342 2585 1666 2657 στοιχῶμεν.
1697 2604 1717 2638 ι

166 2672 407 2741 Ἐπειδὴ,
463 2674 638 2745 φησὶ,
690 2676 930 2747 τοσαύτη
965 2679 998 2749 ἠ
1038 2680 1133 2731 τοῦ
1167 2677 1486 2747 Πνεύματος
1537 2680 1721 2747 ἰσχὺς,

144 2766 321 2835 ἐκεῖνῳ
348 2763 561 2837 ζῶμεν,
587 2768 782 2838 ἐκείνῳ
814 2768 1142 2839 ἀρκώμεθα.
1165 2769 1336 2829 Τοῦτο
1370 2771 1478 2839 γάρ
1503 2772 1618 2823 ἐστι
1641 2771 1722 2834 τὸ,

148 2877 164 2907 ι
198 2857 529 2928 Στοιχῶμεν,
564 2876 583 2909 ι
620 2859 743 2912 ἀντὶ
761 2859 878 2926 τοῦ,
918 2860 1310 2931 ’Λρκεσθῶμεν
1331 2864 1396 2932 τῇ
1430 2860 1521 2914 τοῦ
1550 2862 1725 2916 Πνεύο

147 2965 298 3017 ματος
316 2949 572 3020 δυνάμει,
602 2953 695 3005 καὶ
719 2951 794 3023 μὴ
813 2952 1167 3024 ἐπιζητῶμεν
1190 2953 1288 3025 τὴν
1305 2954 1412 3009 ἀπδ
1434 2953 1528 3007 τοῦ
1555 2954 1722 3023 νόμον

144 3043 477 3115 προσθήκην.

211 3154 229 3186 ι
275 3137 369 3205 Μὴ
422 3134 713 3206 γενώμεθα
757 3135 921 3209 [ναις.
954 3136 1095 3211 γιν.]
1138 3137 1430 3207 κενόδοξοι,
1461 3139 1723 3211 ἀλλήλους

1830 2039 2051 2103 ditatus,
2085 2039 2181 2093 sed
2214 2047 2272 2092 ut
2312 2052 2434 2091 eum
2468 2036 2572 2100 hac,
2612 2047 2725 2090 tum
2774 2035 2847 2090 illi
2889 2035 3338 2106 cruciﬁgerentur
3370 2042 3423 2088 et

1829 2131 2315 2186 mortiﬁcareutur.
2372 2129 2470 2184 Vel
2522 2128 2751 2184 allectus
2801 2128 3123 2199 simpliciter
3176 2129 3422 2182 turbatas

1827 2226 2174 2290 operationes
2199 2222 2471 2292 intelligit,
2504 2224 2619 2277 sive
2650 2224 2717 2277 ab
2753 2222 2833 2277 ira
2851 2224 2981 2286 sint,
3008 2223 3123 2276 sive
3145 2237 3172 2275 a
3215 2237 3418 2276 concu-
3471 2212 3474 2214 ’

1826 2317 2108 2387 pisccntia.
2140 2314 2258 2370 Non
2287 2314 2460 2370 solum
2490 2316 2660 2381 igitur
2690 2330 2855 2386 opera
2889 2316 3269 2370 mortilicanda
3299 2330 3421 2369 esse

1825 2408 1923 2469 ait,
1944 2408 2036 2462 sed
2061 2407 2223 2461 etiam
2255 2406 2369 2475 ipsa
2399 2404 2594 2460 horum
2631 2404 2924 2475 principia,
2947 2402 3423 2473 concupiscentias

1825 2499 2107 2552 nimirum.

1893 2590 2052 2662 361
2078 2590 2237 2644 Vsus.
2257 2588 2380 2643 $5.1
2413 2586 2469 2642 Si
2498 2586 2705 2658 Spiritu
2727 2586 2982 2653 vivimus,
3008 2584 3213 2655 Spiritu
3236 2594 3290 2639 et
3309 2600 3423 2639 am-

1824 2684 2091 2741 bulemus.
2123 2702 2141 2735 ι
2178 2683 2343 2749 Quia,
2374 2681 2571 2752 inquit,
2599 2688 2803 2735 tantum
2838 2678 3073 2747 Spiritus
3106 2680 3275 2732 rohur
3309 2689 3421 2741 est,

1826 2777 1899 2831 illi
1929 2777 2173 2830 vivamus
2200 2774 2290 2830 illo
2317 2777 2488 2830 simus
2513 2773 2773 2829 contenti.
2819 2769 2934 2825 lloe
2961 2772 3107 2827 enim
3130 2779 3235 2831 est.
3269 2769 3423 2823 Στοιο

1823 2869 2031 2940 χῶμεν,
2080 2881 2179 2936 pro
2229 2880 2295 2921 eo
2333 2864 2475 2934 quod
2523 2872 2624 2928 est,
2666 2862 2815 2917 Satis
2860 2860 2932 2915 sit
2979 2859 3134 2914 nobis
3189 2856 3427 2927 Spiritus

1827 2960 2098 3032 potentia,
2133 2973 2234 3013 nec
2265 2973 2296 3013 a
2326 2957 2444 3028 lege
2473 2969 2782 3028 quaeramus
2827 2953 3275 3007 additamentum.

1894 3118 2064 3176 Vsus.
2120 3116 2211 3173 26.
2248 3135 2266 3169 ι
2300 3114 2422 3172 Νοιι
2452 3115 2753 3172 elliciamur
2782 3113 2964 3169 inanis
3002 3110 3193 3181 gloriae
3221 3107 3421 3179 cupidi,

142 3204 613 3300 προκαλούμενοι,
676 3204 932 3300 ἀλλήλοις
990 3204 1350 3301 φθονοῦντες,
1384 3204 1723 3288 ιΔείκνυσιν

1837 3213 2064 3268 invicem
2099 3218 2485 3280 provocantes,
2524 3205 2762 3262 invicem
2810 3204 3138 3259 invidentes.
3176 3221 3195 3253 ι
3232 3205 3427 3257 Osten-

143 3292 389 3384 ἐνταῦθα,
419 3292 509 3373 δτι
541 3292 604 3373 οἱ⁷
641 3292 1020 3393 πλανῆσαντες
1076 3292 1311 3389 αὐτοὺς,
1351 3324 1460 3377 ἀπὸ
1513 3325 1726 3394 φιλοδο-

1837 3306 1910 3362 dit
1959 3303 2054 3359 hic
2086 3301 2230 3371 quod
2260 3301 2350 3371 qui
2395 3292 2489 3354 eos
2540 3295 2877 3361 seduxerint,
2917 3309 2986 3349 ex
3024 3292 3316 3347 ambitione
3346 3306 3413 3345 eo

144 3410 249 3476 ξίας
278 3411 323 3444 ’³
351 3412 439 3474 εἰς
467 3410 628 3472 τοῦτο
655 3406 819 3482 ἦλθον
847 3410 1009 3482 (αὕτη
1038 3412 1148 3484 γὰρ
1184 3413 1336 3468 αἰτία
1381 3414 1600 3469 πάντων
1620 3414 1729 3470 τῶν

143 3505 365 3576 κακῶν),
398 3504 672 3575 ἀλλήλους
698 3504 762 3575 δὴ
804 3504 1246 3576 προκαλούμενοι
1279 3508 1360 3571 εἰς
1390 3508 1729 3576 φιλονεικίαν

143 3599 227 3652 κα)⁵
261 3600 415 3669 ἕρεις
438 3616 453 3631 ·
488 3599 564 3664 ὡς
596 3600 730 3653 ὅταν
756 3616 842 3663 τις
873 3600 1006 3671 λέγῃ
1039 3598 1118 3667 τῷ
1148 3600 1469 3670 ἀντιπάλῳξ
1519 3601 1645 3655 Ἐὰν
1679 3598 1731 3656 εῐ

143 3694 383 3760 δυνατὸς,
420 3693 582 3764 δεῦρο
606 3694 926 3765 ποιήσωμεν
968 3693 1089 3747 τόδε
1114 3711 1189 3748 τι.
1234 3695 1389 3748 Ἐπεὶ
1414 3694 1472 3749 δὲ
1496 3695 1604 3748 ἀπὸ
1633 3713 1729 3748 κε-

143 3784 371 3854 νοδοξίας
403 3789 431 3841 ὁ
459 3786 676 3853 φθόνος,
719 3785 815 3839 καὶ
846 3784 1035 3839 τοῦτον
1073 3785 1298 3841 κωλύει.

736 3924 989 3980 ΚΕΦΑΛ.
1036 3922 1131 3994 q’.

210 4081 229 4115 ι
280 4062 563 4134 Ἀδελφοὶ,
607 4061 702 4116 ὲάν
734 4079 833 4116 και
882 4061 1172 4133 προληφθῇ
1225 4060 1511 4132 ἄνθρωπος
1538 4059 1597 4113 ἒν
1623 4076 1729 4113 τινι

145 4156 584 4226 παραπτώματι,
662 4153 824 4223 ὑμεῖς
853 4154 903 4205 οἱ
935 4154 1325 4223 πνευματικοὶ,
1374 4151 1728 4222 καταρτίζετε

142 4244 224 4296 τὸν
245 4246 494 4299 τοιοῦτον
523 4247 582 4298 ἐν
614 4243 891 4315 πνεύματι
924 4244 1253 4316 πραότητος.
1286 4262 1305 4297 ι
1342 4244 1564 4314 Ἐπειδὴ
1599 4245 1731 4298 πολ-

142 4332 216 4387 λοὶ
254 4335 390 4405 παρ’
431 4337 617 4399 αὐτοῖς
666 4333 957 4394 δοκοῦντες
1002 4336 1268 4407 ἐπιτιμᾷν
1318 4337 1431 4398 τοῖς
1474 4334 1728 4407 ἁμαρτά-

140 4442 300 4490 νουσι,
348 4425 421 4480 τὰ
470 4425 684 4480 ἑαυτῶν
737 4426 1020 4492 ἑξεδίκουν
1056 4427 1229 4498 πάθη,
1288 4427 1396 4481 ἀπὸ
1436 4426 1730 4498 φιλαρχίας

1830 3395 2332 3470 ρεινειιειὶιιιυιιεο
2359 3393 2507 3447 enim
2527 3390 2771 3446 omnium
2801 3387 3070 3442 malorum
3102 3401 3263 3440 causa
3290 3386 3418 3450 esu,

1833 3506 2050 3561 nempe,
2106 3488 2243 3544 alter
2274 3488 2507 3542 alterum
2558 3490 2919 3554 provocantes
2942 3480 3007 3535 ad
3043 3480 3423 3536 contentiones

1830 3590 1886 3634 et
1914 3579 2070 3634 lites:
2094 3576 2545 3646 quemadmodum
2569 3574 2613 3630 si
2645 3571 2963 3627 adversario
2988 3585 3088 3625 suo
3109 3569 3231 3640 quis
3253 3568 3420 3632 dicat,

1830 3674 1963 3743 Age,
1995 3671 2040 3727 si
2074 3670 2247 3736 vales,
2273 3668 2621 3740 experiamur
2660 3665 2764 3721 tale
2788 3665 2939 3735 quid.
2961 3661 3414 3732 Quandoquidem

1829 3776 1963 3818 vero
2003 3776 2072 3817 ex
2101 3760 2263 3815 .inani
2311 3758 2485 3830 gloria
2535 3759 2608 3813 sit
2641 3755 2868 3821 invidia,
2916 3755 3058 3811 hanc
3087 3754 3251 3810 etiam
3291 3767 3420 3824 pro-

1831 3855 2003 3911 hibet.

2426 3916 2659 3977 CAPUT
2705 3916 2794 3974 Vl.

1854 4108 1855 4111 η
1904 4059 2072 4115 Vsus.
2134 4058 2199 4112 l.-
2244 4076 2264 4110 ι
2301 4056 2547 4120 Fratres,
2598 4061 2655 4110 et
2703 4054 2751 4111 si
2799 4063 3209 4123 prmoccupatus
3259 4051 3423 4108 l'nerit

1832 4151 1996 4207 homo
2027 4151 2080 4206 in
2124 4149 2311 4220 aliquo
2357 4149 2578 4215 delicto,
2621 4162 2721 4204 vos
2756 4146 2846 4217 qui
2896 4144 3214 4216 spirituales
3265 4145 3419 4207 estis,

1831 4242 2142 4313 huiusmodi
2197 4243 2504 4297 instaurate
2559 4239 2616 4295 in
2663 4241 2857 4311 spiritu
2915 4238 3177 4296 leuitatis.
3228 4256 3247 4290 ι
3285 4238 3419 4304 Quia

1830 4335 2076 4404 plerique
2107 4334 2248 4404 apud
2280 4335 2426 4404 ipsos
2444 4334 2536 4404 qni
2555 4334 2933 4403 delinquentes
2962 4334 3247 4400 increpare
3271 4334 3425 4386 vide-

1831 4424 2051 4489 bantur,
2099 4439 2231 4480 suos
2283 4424 2687 4479 ulciscebantur
2733 4421 2982 4486 aﬂ‘eetus,
3018 4437 3085 4476 ex
3114 4421 3420 4477 dominatus

142 4518 212 4579 εἰς
230 4517 392 4572 τοῦτο
411 4518 721 4589 ἐρχόμενον
744 4519 933 4589 φησιν,
950 4519 1033 4572 ὅτι
1064 4537 1083 4571 ι
1117 4519 1244 4574 Ἐἀν
1268 4519 1553 4589 προληφθῇ
1572 4536 1677 4583 τις,
1702 4536 1723 4570 ι

1837 4516 2127 4586 cupiditate
2162 4529 2229 4570 eo
2258 4517 2536 4584 provecti;
2566 4514 2662 4577 ait,
2702 4532 2721 4565 ι
2757 4511 2815 4567 Si
2848 4520 3261 4583 pratoceupatus
3303 4511 3421 4566 lue,

140 4609 401 4673 τουτέστι,
420 4608 782 4681 Συναρπαγῇ,
810 4608 1004 4662 παθὼν
1033 4610 1297 4680 ἐπήρειαν
1316 4608 1421 4664 ὑπὸ
1448 4607 1723 4678 δαίμονος,

1837 4609 1907 4665 rit
1943 4607 2162 4678 aliquis,
2218 4625 2238 4660 ι
2290 4607 2392 4662 hoc
2440 4615 2561 4670 est,
2614 4604 2913 4674 Correptus
2942 4606 3264 4668 ademone,
3311 4604 3419 4658 vim

147 4721 163 4752 ι
203 4703 361 4771 ὑμεῖς
408 4702 461 4755 ol.
513 4703 882 4772 πνευματικοὶ
944 4701 1335 4774 καταρτίζετε·
1386 4720 1406 4753 ι
1456 4699 1722 4768 τουτέστι,

1837 4716 2057 4772 passus,
2092 4718 2114 4753 ι
2158 4697 2267 4754 Vos
2319 4697 2414 4769 qui
2462 4697 2774 4768 spirituales
2824 4698 2983 4764 estis,
3035 4699 3357 4760 instaurate,
3396 4715 3416 4750 ι

142 4794 226 4865 Μὴ
261 4794 548 4860 κολάζετε,
594 4795 733 4849 ἀλλά
770 4793 1090 4866 διορθοῦσθε
1117 4814 1137 4846 ι
1183 4795 1241 4848 ἰν
1273 4792 1553 4865 πνεύματι
1585 4810 1726 4864 πρα-

1837 4795 1934 4849 hoc
1961 4801 2068 4861 est,
2105 4790 2225 4847 Non
2260 4792 2472 4860 punite,
2511 4790 2608 4847 sed
2635 4789 2875 4862 dirigite,
2911 4809 2932 4844 ι
2969 4791 3028 4847 1η
3049 4791 3244 4862 spiritu
3286 4790 3423 4844 leni-

140 4886 345 4955 ὀτητος.
385 4906 405 4939 ι
439 4889 556 4943 Οὐκ
603 4883 799 4949 εἶπεν.
847 4888 937 4941 Ἐν
987 4887 1300 4958 πραότητι,
1355 4886 1516 4956 ἀλλ’,
1573 4906 1593 4941 ι
1635 4886 1726 4941 Ἐν

1837 4887 1979 4944 tatis.
2016 4904 2039 4938 ι
2072 4883 2190 4941 Non
2233 4884 2392 4951 dixit,
2424 4886 2483 4939 In
2511 4884 2755 4949 lenitate,
2788 4884 2905 4952 sed,
2941 4904 2959 4937 ι
2998 4886 3059 4939 lu
3095 4881 3301 4952 Spiritu
3335 4882 3419 4936 le-

141 4977 418 5049 Πνεύματι
442 4976 827 5051 [argmenta],
849 4997 869 5032 ι
903 4979 1117 5044 δεικνὺς
1135 4980 1217 5034 ὅτι
1237 4978 1426 5049 καὶτῷ
1444 4978 1724 5050 Πνεύματι

1837 4980 2017 5036 uitatis
2058 4996 2079 5032 ι
2127 4979 2377 5035 indicans
2423 4979 2570 5050 quod
2618 4987 2675 5034 et
2721 4975 2949 5050 Spiritui
3001 4979 3103 5032 hoc
3190 4976 3419 5045 placeat,

76 5088 85 5095 ε
140 5069 295 5125 τοῦτο
347 5070 517 5135 δοκεῖ,
552 5074 648 5125 καὶ
697 5072 782 5126 ὅτι
835 5070 1214 5143 πνευματικοῦ
1272 5071 1639 5143 χαρίσματος,
1659 5069 1722 5125 τὸ

145 5160 255 5228 μετ’
289 5162 591 5226 ἐπιεικείας
621 5162 750 5227 τοὺς
779 5164 1194 5235 ἁμαρτάνοντας
1222 5161 1587 5234 διορθοῦσθαι.

216 5272 234 5305 ι
273 5255 506 5309 Σκοπῶν
558 5256 825 5321 σεαυτὸν,
859 5257 935 5330 μὴ
984 5259 1081 5312 καὶ
1124 5258 1191 5311 σὺ
1240 5255 1550 5328 πειρασθῆς
1587 5254 1654 5311 ’⁸.
1696 5274 1716 5310 ι

146 5344 262 5398 Ἵνα
292 5345 367 5417 μὴ
416 5347 634 5421 ἐπαρθῇ
659 5350 689 5403 ὁ
720 5349 910 5421 ἕτερον
938 5350 1309 5423 καταρτίζων,
1362 5350 1722 5420 ἀσφαλίζεται

144 5440 325 5496 αὐτόν.
369 5444 572 5498 Σκόπει
625 5445 757 5518 γὰρ,
809 5446 966 5517 φησι,
1002 5449 1097 5501 καὶ
1122 5448 1280 5519 τήρει
1334 5447 1595 5512 σεαυτὸν,
1647 5448 1724 5522 μὴ

146 5534 237 5586 καὶ
281 5536 346 5589 σὺ
399 5539 514 5602 τοῖς
560 5538 749 5603 αὐτοῖς
786 5540 1094 5614 περιπέσῃς
1115 5582 1131 5608 ,
1177 5540 1487 5611 πειρασμὸν
1534 5541 1726 5596 παθὼν

147 5623 249 5677 ὑπὸ
287 5626 381 5679 τοῦ
441 5628 845 5701 ἀντικειμένου.
922 5629 1311 5701 Ἐμφαντικῶς
1347 5631 1404 5685 δὲ
1449 5626 1574 5685 εἶπε
1626 5632 1726 5700 τὸ,

1825 5086 1881 5133 et
1905 5073 2049 5145 quod
2075 5074 2148 5129 sit
2171 5071 2470 5145 spiritualis
2494 5072 2644 5139 doni,
2676 5086 2801 5129 cum
2835 5068 3253 5127 mansuetudine
3287 5081 3417 5138 pec-

1829 5178 2020 5226 cantes
2049 5169 2349 5239 corrigere.

1905 5278 1925 5313 ι
1962 5259 2332 5317 Considerans
2374 5260 2634 5331 teipsum,
2681 5272 2749 5314 ne
2792 5268 2849 5313 et
2896 5265 2951 5312 tu
3001 5252 3250 5311 tenteris.
3290 5270 3309 5304 ι
3340 5249 3419 5307 Ne

1830 5351 2124 5410 extollatur
2170 5353 2219 5409 is
2267 5350 2360 5423 qui
2411 5351 2577 5407 alium
2638 5348 2870 5420 perlicit,
2935 5343 3226 5417 prmmnnit
3268 5356 3416 5397 eum.

1834 5447 2131 5503 Considera
2153 5445 2323 5510 enim,
2364 5444 2562 5514 inquit,
2597 5452 2760 5513 atque
2796 5441 3026 5496 observa
3067 5437 3320 5506 teipsunt,
3351 5447 3419 5489 ne

1833 5547 1891 5596 et
1934 5545 1991 5591 tu
2037 5536 2089 5591 in
2129 5535 2318 5591 eadem
2370 5533 2614 5599 incidas,
2683 5530 3038 5587 tentationem
3100 5543 3291 5599 passus
3347 5525 3418 5582 ab

1834 5629 2173 5687 adversario.
2246 5625 2562 5697 Emphatice
2608 5635 2788 5680 autem
2830 5623 2988 5691 dixit,
3035 5641 3054 5677 ι
3092 5620 3173 5678 Tu
3204 5638 3220 5677 :
3253 5638 3274 5676 ι
3311 5619 3413 5676 hu-

1479 5773 1683 5837 Variae
1714 5772 2056 5838 lectiones.

214 5892 260 5926 "
295 5894 712 5957 ἀνεσταύρωσαν
738 5913 788 5953 ο.
868 5898 906 5929 ⁸⁸
946 5898 1115 5969 ῥητήν
1144 5914 1191 5953 o.
1269 5898 1312 5930 ”
1365 5897 1421 5952 ιά
1447 5897 1543 5964 τῆς
1572 5898 1751 5953 ἐπιθυ.
1778 5914 1830 5953 o.
1910 5894 1956 5928 ’³
1981 5888 2344 5962 φιλονεικείας
2369 5890 2433 5944 ου’
2458 5890 2467 5895 ⁴
2497 5889 2543 5922 ³⁸
2569 5886 2816 5962 ἐπαερθῇς
2848 5903 2904 5944 0-
