3898 6564
529 446 670 516 1023

1411 435 1990 501 THEOPHYLACTI
2026 431 2440 500 BULGARIE
2480 433 2842 500 ARCHIEP.

3611 445 3716 514 102l

530 571 706 611 manes
752 565 982 623 namque
1035 546 1418 604 imbecillitatis
1483 563 1578 620 per
1623 550 1724 605 hoc
1781 560 2092 604 commone-

2214 565 2223 600 l
2263 547 2369 600 Σύο
2411 566 2430 602 ι
2492 548 2590 620 τῆς
2635 547 2746 622 γὰρ
2786 547 3138 622 ἀνθρωπίνης
3185 547 3457 618 ἀσθενείας
3484 552 3716 632 ὑπέμνησε

530 648 678 702 fecit.

602 739 766 793 Vsus.
802 737 857 790 9..
899 754 917 787 ι
953 735 1103 790 Alter
1147 735 1372 790 alterius
1417 748 1580 790 onera
1641 743 1870 806 portate.
1911 753 1932 788 ι
1963 734 2102 802 Quia

531 833 642 884 lieri
665 845 768 883 non
789 839 985 899 potest,
1019 840 1075 884 ut
1105 829 1194 897 qui
1218 829 1380 883 homo
1396 828 1486 891 sit,
1524 842 1628 882 non
1654 836 1880 898 peccet;
1907 827 2106 882 adhor-

535 930 681 976 tatur
720 936 836 985 eos,
869 937 936 976 ne
970 921 1081 975 sint
1120 921 1345 974 nimium
1401 919 1572 974 exacti
1608 933 1862 975 censores
1889 920 1942 974 in
1969 919 2106 975 deli-

531 1015 637 1064 ctis
663 1011 932 1079 proximi;
971 1011 1064 1065 sed
1119 1010 1296 1065 lerant
1339 1025 1426 1075 ea,
1453 1019 1513 1065 ut
1539 1021 1593 1066 et
1613 1025 1732 1081 quas
1758 1012 1925 1082 ipsius
1957 1020 2104 1080 sunt,

529 1103 598 1156 ab
628 1103 734 1156 alio
770 1103 1006 1157 vicissim
1041 1103 1364 1157 tolerentur.

602 1210 626 1250 ί
659 1193 722 1248 Et
766 1196 845 1250 slc
891 1195 1178 1263 adimplete
1229 1195 1396 1265 legem
1449 1191 1675 1250 Christi.
1719 1211 1738 1247 ι
1771 1190 1889 1249 Non
1931 1193 2105 1260 dixit,

531 1287 861 1358 Πληρὼσατε
885 1329 899 1351 ,
936 1289 1150 1357 implete
1186 1306 1199 1342 :
1239 1289 1370 1355 sed,
1418 1287 1908 1360 Ἀναπληρώσατε,
1934 1288 2108 1343 adim-

529 1380 691 1452 plete,
741 1382 841 1435 huc
893 1393 995 1447 est,
1045 1381 1416 1436 Communiter
1449 1397 1637 1436 omnes
1670 1382 1905 1452 implete,
1941 1381 2012 1436 ita
2051 1390 2108 1436 ut

531 1472 668 1525 alter
718 1473 945 1525 alterum
1000 1471 1132 1525 ferat
1167 1489 1183 1526 :
1213 1473 1442 1540 exempli
1475 1475 1649 1543 gratia
1676 1473 1768 1543 qui
1819 1487 1977 1541 asper
2025 1482 2109 1528 est

529 1571 587 1616 et
629 1561 938 1628 iracundus,
996 1577 1213 1633 segnem
1266 1564 1590 1634 tardumque
1637 1563 1812 1628 lerat;
1844 1573 1899 1619 et
1927 1563 2109 1634 segnis

531 1654 906 1709 vehementem
969 1654 1109 1710 illius
1154 1655 1457 1725 impetum:
1506 1656 1584 1710 sic
1634 1654 1765 1720 ﬁet,
1825 1663 1884 1709 ut
1939 1670 2111 1725 neque

533 1743 626 1799 ille
686 1755 874 1813 peccet
932 1746 999 1800 ab
1060 1745 1162 1799 hoc
1210 1753 1487 1814 gestatus,
1559 1759 1733 1814 neque
1787 1745 1875 1799 hic
1933 1745 2110 1798 deliu-

530 1846 660 1903 quat
707 1834 774 1887 ab
822 1834 913 1888 illo
973 1835 1263 1902 bajulatus.
1318 1835 1468 1890 Hanc
1499 1835 1566 1889 ad
1613 1835 1882 1889 rationem
1926 1837 2108 1906 itaque

2207 639 2296 696 διὰ
2324 640 2539 695 τούτου.

2284 752 2303 786 t
2351 733 2624 805 Ἀλλήλων
2659 734 2727 789 τὰ
2768 734 2910 808 βάρη
2960 735 3281 806 βαστάζετε.
3327 756 3346 792 ι
3394 739 3592 816 Ἐπειδὴ
3633 765 3716 822 γαρ

2206 823 2492 894 ἄνθρωπον
2515 823 2641 877 ὄντα
2664 825 2764 878 οὐκ
2786 824 2933 877 ἐστιν
2965 826 3347 898 ἀναμάρτητον
3384 825 3531 897 εἶναι,
3556 852 3715 906 παραι-

2207 919 2290 971 νεῖ
2315 917 2389 990 μὴ
2439 916 2915 990 ἀκριϐολογεῖσθαι
2961 919 3097 990 πρὸς
3119 921 3190 974 τά
3217 921 3310 976 τοῦ
3348 923 3558 992 πλησίον
3577 931 3715 1004 ἁμαρ.

2207 1011 2272 1081 τὴ
2283 1027 2450 1080 ματα,
2479 1010 2616 1064 ἀλλά
2639 1011 2832 1080 φέρειν
2856 1011 3058 1080 ταῦτα,
3083 1012 3170 1067 ἵνα
3212 1013 3306 1067 καὶ
3332 1016 3398 1070 τά
3425 1017 3572 1072 αὑτοῦ
3594 1025 3717 1080 πάλιν

2208 1102 2342 1174 παρ’
2370 1103 2531 1158 ἄλλου
2559 1102 2904 1176 βαστάςηται
2933 1105 3329 1177 ἁμαρτήματα.

2292 1215 2311 1249 t
2344 1197 2454 1250 Καὶ
2499 1196 2672 1261 οὕτως
2713 1197 3150 1269 ἀναπληρώσατε
3185 1199 3278 1255 τὸν
3309 1201 3465 1270 νόμον
3503 1203 3584 1258 τοῦ
3617 1208 3716 1276 Χριο

2211 1287 2357 1342 στοῦ.
2395 1307 2412 1338 ι
2445 1288 2557 1341 Οὐκ
2621 1282 2767 1354 εἶπε,
2805 1307 2824 1340 t
2845 1287 3197 1359 Πληρώσατε,
3226 1309 3244 1342 ι
3275 1291 3426 1355 ἀλλὰ,
3452 1312 3469 1345 t
3512 1295 3716 1368 Ἀναπλη.

2214 1377 2424 1451 ρώσατε
2442 1396 2456 1410 ·
2493 1397 2511 1432 ι
2533 1380 2803 1443 τουτέστι,
2829 1381 2998 1452 Κοινῇ
3027 1383 3229 1447 πάντες
3265 1384 3584 1456 πληρώσατε,
3601 1387 3716 1448 δι’ὧν

2212 1472 2475 1542 ἀλλήλους
2503 1472 2698 1543 φέρετε
2720 1489 2735 1504 ·
2769 1468 2883 1528 οἷον
2911 1473 2939 1526 δ
2970 1471 3096 1541 ὀξὺς
3124 1474 3219 1529 τὸν
3249 1476 3394 1547 νωθῆ
3423 1481 3624 1549 φερέτω,
3649 1485 3717 1538 καὶ

2211 1563 2238 1616 ὁ
2261 1561 2434 1631 νωθής
2463 1561 2562 1632 τὴν
2612 1561 2844 1632 σφοδρὰν
2874 1562 3082 1616 ἐκείνου
3111 1563 3322 1636 ὁρμήν·
3351 1567 3439 1620 καὶ
3469 1566 3613 1632 οὕτως
3629 1569 3718 1625 οὔτε

2212 1655 2420 1717 ἐκεῖνος
2453 1655 2828 1725 ἀμαρτήτεται
2857 1654 2963 1708 ὑπὸ
2992 1655 3185 1710 τούτου
3221 1657 3611 1730 βασταζόμενος,
3631 1661 3719 1719 οὔτε

2212 1737 2365 1807 οὗτος
2389 1744 2481 1797 ὑπ’
2506 1745 2735 1796 ἐκείνου.
2763 1743 2918 1798 Οὕτω
2941 1744 2998 1798 δὲ
3029 1746 3077 1777 ³⁸
3102 1745 3355 1818 ἀλλήλοις
3377 1751 3520 1819 χεῖρα
3547 1751 3719 1821 ὀρέγον.

2213 1852 2324 1898 τες,
2355 1835 2422 1889 δι’
2450 1834 2698 1905 ἀλλήλων
2728 1835 3056 1906 πληρώσατε
3084 1837 3180 1891 τὸν
3214 1838 3377 1908 νόμον
3405 1838 3488 1893 τοῦ
3515 1842 3719 1910 Χριστοῦ,

529 1925 668 1980 alter
713 1927 866 1980 alteri
924 1942 1139 1980 mauutn
1209 1928 1580 1996 porrigentes,
1630 1941 1727 1996 per
1771 1942 1864 1982 vos
1918 1938 2107 1982 mutuo

2214 1925 2238 1979 δ
2263 1897 2438 1979 λείπει
2467 1925 2546 1994 τῷ
2571 1897 2802 1998 πλησίον
2823 1897 3162 1999 ἀναπληρῶν
3195 1897 3420 1994 ἕκαστος
3446 1931 3525 1986 διὰ
3550 1897 3626 1986 τοῦ
3652 1897 3721 2006 βσί

529 2015 822 2086 adimplete
872 2017 1042 2088 legem
1096 2016 1323 2082 Christi,
1358 2019 1585 2088 utquod
1643 2020 1890 2088 proximo
1933 2021 2106 2085 deest,

529 2109 900 2178 unusquisque
945 2111 1237 2179 compleat,
1289 2109 1451 2181 362
1487 2125 1583 2176 per
1619 2111 1720 2164 hoc
1747 2112 1888 2178 quod
1918 2112 2111 2165 toleret

530 2214 674 2257 cum.
711 2198 998 2266 Prmterea,
1020 2202 1303 2256 charitutis
1328 2203 1556 2257 ollicium
1591 2213 1694 2266 est,
1725 2212 1782 2256 ιιι
1816 2205 1954 2258 alter
1973 2203 2110 2259 alte-

534 2294 648 2346 rius
671 2295 982 2362 gravamina
1015 2304 1067 2348 et
1100 2309 1264 2348 onera
1309 2305 1603 2364 portemus.
1642 2293 1898 2352 Charitas
1925 2307 2109 2351 autem

533 2387 776 2455 impletio
807 2400 892 2442 est
927 2389 1302 2442 mandatorum
1340 2389 1561 2444 Christi.

607 2477 774 2535 Vsus.
809 2481 864 2536 5.
909 2500 928 2533 ι
973 2481 1030 2535 Si
1078 2482 1223 2535 enim
1271 2483 1487 2536 videtur
1519 2483 1787 2553 quispiam
1843 2499 1964 2539 esse
2009 2483 2112 2537 ali-

530 2570 680 2639 quid,
713 2587 838 2626 cum
875 2573 1008 2627 nihil
1056 2575 1147 2640 sit,
1198 2575 1436 2642 seipsum
1467 2575 1690 2646 decipit.
1735 2595 1752 2630 ι
1789 2577 2002 2632 Rursus
2025 2577 2110 2633 hic

530 2661 899 2730 arrogantiam
952 2663 1155 2728 dejicit,
1189 2665 1258 2718 oh
1286 2666 1472 2720 uculos
1506 2681 1740 2736 ponens,
1771 2670 1913 2737 quod
1946 2669 1990 2723 is
2017 2669 2109 2738 qui

533 2753 748 2806 videtur
771 2767 896 2808 esse
924 2754 1150 2824 aliquid,
1188 2755 1321 2810 nihil
1352 2766 1436 2811 est
1465 2775 1479 2810 :
1514 2773 1611 2827 per
1645 2760 1748 2814 hoc
1775 2760 1946 2828 ipsum
1969 2759 2110 2828 quod

531 2845 782 2908 videtur,
839 2845 1140 2902 luculenter
1185 2848 1498 2914 ostendens,
1555 2851 1700 2921 quod
1751 2852 1906 2906 nihili
1959 2852 2030 2906 sit
2059 2861 2113 2906 et

531 2938 982 3004 contemnendus,
1012 2945 1068 2994 et
1109 2943 1252 3009 quod
1292 2941 1563 2998 neminem
1612 2943 1714 2999 nisi
1753 2944 1990 3013 seipsum
2020 2945 2112 3000 de-

534 3027 692 3097 cipit.

604 3116 769 3173 Vens.
802 3120 857 3175 4.
894 3138 912 3172 t
944 3119 1091 3191 Opus
1113 3130 1290 3178 autem
1317 3135 1472 3180 suum
1503 3125 1696 3195 probet
1720 3127 2110 3196 unusquisque,

2213 2018 2427 2083 στάζειν
2458 2019 2688 2072 ἐκεῖνον.
2730 2019 2841 2074 Καὶ
2871 2019 3048 2084 ἄλλως
3076 2023 3188 2091 γὰρ
3220 2023 3434 2090 ἀγάπης
3463 2024 3517 2078 τδ
3534 2026 3593 2079 τὰ
3615 2027 3718 2099 βάρη

2213 2109 2501 2180 βαστάζειν
2529 2111 2774 2182 ἀλλήλων
2800 2129 2813 2142 ·
2847 2113 2881 2184 ή
2919 2111 2977 2166 δὲ
3009 2113 3230 2185 ἁγάπη,
3261 2115 3524 2187 πλήρωσις
3549 2118 3637 2172 τῶν
3659 2123 3720 2172 ὲν-

2211 2199 2378 2254 τολῶν
2403 2200 2496 2254 τοῦ
2526 2199 2792 2274 Χριστοῦ.

2287 2493 2306 2527 ι
2338 2477 2401 2530 Ei
2431 2477 2536 2548 γάρ
2565 2477 2712 2532 δοκεῖ
2739 2497 2818 2542 τις
2838 2472 2979 2532 εἷναί
3009 2497 3062 2533 τι
3097 2481 3268 2550 μηδὲν
3300 2479 3394 2545 ὣν,
3415 2481 3580 2534 ἑαυτὸν
3604 2499 3720 2551 φρεν-

2212 2570 2418 2640 απατᾷ.
2454 2588 2473 2621 ι
2525 2569 2696 2623 Πάλιν
2739 2570 2972 2624 ἐνταῦθα
3021 2571 3120 2643 τὴν
3143 2565 3399 2625 ἀπόνοιαν
3441 2573 3717 2640 καταδάλλιι,

2211 2666 2422 2730 δεικνὺς
2449 2667 2530 2720 ὃτι
2553 2666 2582 2724 δ
2605 2665 2777 2720 δοκῶν
2809 2661 2948 2720 εἷναί
2977 2685 3052 2730 τι,
3080 2668 3241 2722 οὐδέν
3269 2671 3433 2732 ἐστιν,
3469 2671 3582 2723 αὐτὸ
3607 2669 3719 2722 τοῦτο

2211 2757 2390 2811 δοκεῖν
2439 2759 2737 2828 τεκμήριον
2767 2759 3017 2829 ἐκφέρων
3059 2759 3159 2828 τῆς
3193 2759 3388 2814 ἑαυτοῦ
3421 2761 3652 2824 οὐθενεῐας
3671 2761 3716 2826 ’⁸,

2214 2849 2310 2904 καὶ
2340 2848 2531 2904 οὐδένα
2562 2850 2720 2904 ἀλλον
2749 2850 3000 2916 ἀπατῶν,
3028 2849 3144 2904 ἀλλ’
3181 2852 3396 2906 ἑαυτόν.

2292 3129 2312 3163 t
2345 3111 2419 3164 Τὸ
2455 3110 2513 3165 δὲ
2564 3110 2724 3181 ἔργον
2773 3112 2972 3167 ἑαυτοῦ
3022 3115 3374 3186 δοκιμαζέτω
3406 3117 3620 3182 ἕκαστος,
3657 3120 3719 3172 καὶ

534 3217 592 3262 et
623 3219 751 3266 tunc
781 3213 920 3282 apud
963 3213 1198 3284 seipsum
1235 3214 1408 3270 solum
1447 3215 1823 3286 gloriationem
1867 3218 2106 3283 habebit,

2214 3202 2332 3257 τότε
2364 3205 2443 3267 είς
2467 3204 2660 3258 ἑαυτὸν
2707 3205 2870 3274 μόνον
2894 3206 2953 3260 τὸ
2980 3207 3246 3278 καύχημα
3276 3209 3405 3276 ἔξει,
3445 3209 3530 3263 καὶ
3562 3209 3641 3263 οὑκ
3663 3211 3719 3273 είς

534 3314 588 3357 et
621 3306 820 3358 nonad
872 3305 1061 3362 alium.
1101 3326 1120 3359 ι
1158 3307 1432 3378 Exploret,
1481 3309 1676 3380 inquit,
1723 3319 1975 3366 accurate
2015 3327 2110 3366 sua

535 3395 707 3466 ipsius
743 3411 904 3466 opera
945 3399 1074 3466 (hoc
1108 3399 1252 3453 enim
1281 3400 1394 3456 vult
1442 3400 1689 3468 verbum,
1725 3421 1745 3453 ι
1791 3402 1993 3458 Probet
2037 3403 2108 3474 ι),

536 3503 665 3542 num
699 3489 990 3559 quidquam
1021 3490 1209 3548 fecerit
1236 3507 1374 3547 vana
1414 3492 1584 3563 gloria
1618 3495 1836 3560 ductus,
1870 3510 1996 3550 num
2021 3511 2117 3567 per

535 3581 959 3644 simulationem.
999 3600 1126 3638 num
1153 3585 1255 3638 alia
1287 3584 1538 3653 quapiam
1571 3586 1803 3640 humana
1840 3600 2028 3652 causa,
2061 3598 2115 3642 et

541 3681 668 3726 tunc
701 3686 810 3725 non
859 3671 1124 3726 adversus
1171 3671 1402 3726 alterum
1455 3671 1736 3744 glorietur.
1769 3674 2038 3730 Caeterum
2067 3676 2112 3731 si

534 3774 595 3814 se
635 3761 916 3816 continere
960 3776 1066 3816 non
1125 3762 1316 3831 possit,
1347 3761 1414 3816 ad
1455 3762 1705 3832 seipsum'
1737 3764 2114 3836 gloriationem

537 3851 832 3906 transferat
865 3869 879 3906 :
911 3851 1014 3908 hoc
1061 3860 1168 3920 est,
1223 3853 1339 3925 ipse
1386 3854 1491 3909 sibi
1535 3855 1793 3921 collatus,
1861 3857 2115 3913 hesterno

533 3955 698 4010 opere
747 3941 1068 3997 hodiernum
1118 3946 1470 4014 prastantius
1522 3958 1764 4014 censeat,
1795 3955 1850 4003 et
1893 3949 1944 4003 in
1974 3949 2114 4006 bono

535 4047 702 4102 opere
753 4033 1040 4103 glorietur.
1100 4035 1226 4092 Haec
1270 4047 1452 4092 autem
1499 4038 1698 4094 Paulus
1744 4040 1981 4110 loquitur
2019 4055 2117 4110 per

536 4124 1076 4194 condescensionem,
1133 4141 1239 4183 non
1294 4138 1353 4183 ut
1405 4129 1704 4200 legislator,
1752 4142 1811 4188 ut
1856 4133 2114 4203 paulatim

537 4217 824 4272 elationem
854 4218 1164 4288 huiusmodi
1194 4223 1602 4278 consuetudinis
1635 4224 1808 4280 tollat.
1837 4226 1939 4292 Qui
1967 4227 2114 4282 enim

538 4308 800 4365 adversus
837 4312 1166 4380 proximum,
1221 4310 1480 4368 Pharismi
1510 4313 1563 4369 iu
1593 4330 1826 4381 morem,
1864 4331 1970 4372 non
2001 4318 2116 4387 glo-

537 4401 664 4454 riari
701 4403 1045 4460 assuefactus
1067 4413 1173 4469 est,
1207 4403 1349 4460 idem
1379 4404 1546 4462 etiam
1590 4407 1660 4462 de
1689 4407 1870 4477 seipso
1894 4407 2114 4478 gloriari

537 4492 717 4548 subito
754 4495 1002 4551 desistet.

2213 3296 2307 3350 τὸν
2339 3297 2547 3367 ἕτερον.
2580 3313 2600 3348 ι
2648 3296 2998 3364 Ἔξεταζέτω,
3031 3300 3188 3370 φησὶ,
3222 3301 3361 3371 μετά
3385 3301 3630 3369 ἀκριϐείας
3652 3303 3720 3364 τὰς

2216 3388 2408 3444 ἑαυτοῦ
2445 3389 2672 3462 πράξεις
2700 3391 2881 3459 (τοῦτο
2917 3390 3029 3463 γὰρ
3058 3392 3138 3458 τὸ,
3189 3411 3209 3444 r
3250 3395 3578 3461 Δοκιμαζέτω
3606 3399 3660 3463 t).
3683 3393 3719 3446 εί

2219 3484 2294 3554 μὴ
2341 3483 2483 3537 κατά
2529 3483 2836 3549 κενοδοξίαν
2880 3485 3159 3556 ἐποίησεν,
3190 3487 3241 3540 εί
3279 3487 3352 3558 μή
3394 3489 3450 3540 ἐν
3478 3486 3718 3557 ὑποκρίσει,

2215 3576 2264 3628 εί
2299 3575 2372 3645 μὴ
2403 3575 2540 3648 ἄλλῃ
2588 3575 2697 3629 τιν)⁵
2725 3576 3044 3650 ἀνθρωπίνῃ
3094 3577 3272 3648 αἰτίᾳ,
3317 3579 3406 3633 καὶ
3426 3579 3535 3633 τότε
3557 3579 3617 3648 μή
3633 3577 3721 3630 καθ’

2215 3668 2404 3739 ἑτέρου
2438 3667 2755 3738 καυχάσθω.
2800 3668 2936 3722 Ἀλλ’
2965 3671 3013 3722 εί
3037 3671 3146 3741 ἄρα
3172 3671 3545 3742 ἀκατασχέτως
3563 3671 3600 3702 ’ν
3621 3668 3718 3738 εχει,

2215 3762 2296 3825 είς
2346 3761 2541 3815 ἑαυτὸν
2591 3761 2654 3815 τὸ
2698 3761 2961 3833 καύχημα
3019 3763 3232 3834 ἐχέτω,
3285 3765 3564 3830 τουτέστιν,
3605 3760 3719 3823 αὖθις

2215 3851 2394 3922 ἐαυτῷ
2453 3851 2904 3921 συγκρινόμενος,
2952 3851 3046 3906 τοῦ
3094 3853 3225 3923 χθὲς
3258 3853 3416 3924 ἔργου
3454 3854 3508 3907 τὸ
3541 3855 3719 3922 σήμερον

2215 3945 2464 4014 κρεῖττον
2523 3943 2832 4013 νομιζέτω,
2884 3945 2980 3997 καὶ
3040 3946 3417 4016 ὲναδρυνέσθω
3464 3945 3533 4014 τῷ
3583 3941 3719 4012 ἀγαθῷ

2215 4033 2385 4107 ἔργῳ.
2433 4030 2622 4088 Ταῦτα
2653 4035 2710 4088 δὲ
2739 4035 2888 4104 λέγει
2941 4035 3152 4099 Παῦλος
3186 4016 3650 4106 συγκαέαὸατικῶς,
3675 4035 3717 4088 οὗ

2216 4126 2604 4196 νομοθετικῶς,
2635 4126 2712 4192 ὡς
2741 4127 2808 4181 ἀν
2831 4128 2973 4182 κατά
3000 4129 3198 4200 μικρὸν
3226 4131 3498 4202 ἀποστήσῃ
3516 4130 3574 4183 τά
3591 4128 3720 4198 αὐχή-

2219 4235 2366 4290 ματα
2425 4219 2520 4272 τοῦ
2579 4218 2824 4273 τοιούτου
2887 4220 3076 4291 ἡθους.
3140 4219 3202 4275 '0
3259 4223 3366 4291 γὰρ
3432 4219 3630 4282 ἐθισθεὶς
3668 4215 3720 4284 μή

2213 4313 2310 4368 τοῦ
2370 4313 2628 4385 πλησίον,
2677 4313 2752 4378 ὡς
2776 4317 2805 4368 δ
2835 4315 3152 4386 Φαρισαῖος,
3191 4313 3624 4388 κατακαυχᾶσθαι,
3651 4327 3721 4363 ται

2215 4407 2386 4479 χέως,
2436 4405 2659 4461 καὶτοῦ
2710 4391 2836 4461 καθ’
2887 4408 3088 4485 ἑαυτὸν.
3127 4410 3506 4483 ὲναδρύνεσθαι
3535 4405 3722 4473 ἀποστήο

2218 4515 2396 4553 σεται.

607 4583 772 4640 Vens.
807 4586 861 4644 5.
892 4607 911 4640 ι
942 4587 1329 4660 Unusquisque
1349 4589 1495 4644 enim
1523 4591 1800 4661 proprium
1828 4607 1967 4649 onus
1993 4608 2110 4665 ρον·

2295 4607 2315 4642 t
2359 4590 2630 4651 Ἕκαστος
2665 4591 2774 4663 γὰρ
2797 4593 2857 4647 τὸ
2907 4592 3040 4646 ίδιον
3088 4594 3308 4664 φορτίον
3352 4590 3648 4664 βαστάσει.»
3673 4584 3722 4640 Τί

538 4676 693 4732 ιεώἰι.
733 4696 752 4731 ι
792 4677 931 4745 Quid
982 4680 1127 4734 enim
1162 4682 1415 4752 gloriaris
1466 4685 1728 4740 adversus
1764 4687 2114 4755 proximum?

533 4780 588 4824 et
621 4781 674 4824 tu
707 4780 756 4825 et
791 4772 881 4827 ille
909 4774 1126 4844 propria
1153 4789 1319 4831 onera
1351 4777 1557 4844 teretis,
1589 4788 1826 4851 tuncque
1855 4783 2115 4839 uniuscu-

529 4860 727 4932 jusque
765 4877 903 4933 opus
950 4866 1289 4936 probabitur.
1339 4866 1573 4926 Proinde
1614 4884 1739 4927 cum
1766 4883 1822 4929 et
1857 4882 1914 4929 tu
1941 4890 2109 4933 onera

536 4957 740 5011 habeas
769 4968 824 5013 et
849 4957 1118 5026 sarcinas,
1161 4975 1336 5030 neque
1363 4962 1626 5018 adversus
1654 4963 1906 5034 alterum,
1936 4981 2114 5039 neque

537 5051 676 5116 apud
708 5059 762 5105 te
787 5053 856 5107 ob
889 5051 1025 5106 bona
1057 5066 1224 5123 Opera
1251 5054 1512 5124 gloriare.

612 5140 772 5198 Vens.
805 5143 859 5198 6.
894 5163 912 5197 ι
948 5145 1326 5201 Communicet
1353 5155 1530 5202 autem
1559 5147 1616 5204 is.
1630 5148 1720 5218 qui
1745 5152 2114 5213 catechizatur

536 5230 723 5295 verbo,
756 5233 806 5287 ei
838 5236 928 5304 qui
955 5253 1013 5292 se
1045 5237 1353 5294 catechizat
1378 5237 1432 5294 in
1460 5239 1716 5298 omnibus
1765 5244 1940 5301 bonis.
1978 5265 1999 5300 ι
2035 5247 2112 5304 De

538 5322 854 5378 doctoribus
901 5325 1156 5395 deinceps
1203 5327 1452 5391 disserit,
1488 5337 1546 5383 ut
1605 5329 1680 5384 illi
1720 5332 1812 5401 qui
1861 5333 1930 5387 ab
1979 5333 2112 5402 ipsis

537 5413 923 5482 instituuntur,
981 5418 1391 5474 instituentibus
1437 5423 1859 5489 communicent,
1906 5437 2012 5479 non
2054 5424 2112 5480 in

539 5519 648 5561 uno
699 5511 976 5579 quopiam,
1009 5513 1102 5566 sed
1143 5513 1199 5566 in
1238 5511 1494 5568 omnibus
1543 5512 1723 5581 bonis,
1771 5515 2112 5587 alimentum,

539 5597 935 5668 indumentum,
1004 5603 1284 5667 honorem,
1355 5603 1814 5678 benevolentiam,
1870 5606 2114 5677 adeoque

2219 4684 2330 4756 γὰρ
2372 4687 2697 4756 κατακαυχᾷ
2740 4685 2837 4740 τοῦ
2893 4685 3156 4756 πλησίον;
3207 4687 3302 4740 καὶ
3343 4687 3404 4740 σὺ
3440 4683 3652 4742 κάκεῖνος
3673 4675 3720 4729 τὰ

2219 4773 2327 4828 rem
2383 4774 2579 4844 φορτία
2636 4775 2959 4845 βαστάσετε,
3008 4776 3102 4830 καὶ
3149 4777 3271 4829 τότε
3327 4773 3718 4844 δοκιμασθησεται

2216 4863 2447 4924 ἑκάστου
2473 4870 2534 4924 τὸ
2557 4871 2737 4942 ἔργον.
2768 4872 2931 4926 Ὥστε
2962 4874 3082 4926 ἐπεὶ
3104 4873 3199 4926 καὶ
3222 4873 3288 4926 σὺ
3310 4871 3492 4942 φορτία
3516 4868 3636 4939 ἔχεις
3653 4861 3719 4916 κεῖ

2222 4958 2362 5032 βάρη
2382 4999 2398 5025 ,
2447 4960 2581 5032 μηδὲ
2611 4960 2732 5014 καθ’
2761 4961 2951 5032 ἑτέρου
2998 4961 3208 5033 καυχῶ,
3245 4961 3377 5034 μηδὲ
3403 4959 3534 5014 κατά
3569 4952 3716 5010 σαυτὸν

2219 5051 2515 5122 ὲναϐρύνου
2546 5054 2612 5123 τῇ
2647 5053 3004 5124 ἀγαθοεργίᾳ.

2295 5164 2314 5198 t
2370 5146 2715 5201 Κοινωνείτω
2755 5145 2813 5200 δὲ
2841 5147 2870 5199 ὁ
2909 5146 3316 5216 κατηχούμενος
3364 5145 3452 5200 τὸν
3496 5144 3628 5210 λόγον
3662 5135 3718 5205 τῷ

2217 5238 2545 5311 κατηχοῦντι
2576 5241 2634 5292 ἐν
2659 5239 2827 5294 πᾶσιν
2869 5238 3114 5307 ἀγαθοῖς.
3161 5259 3180 5292 ο
3219 5239 3352 5311 Περὶ
3396 5238 3496 5291 τῶν
3520 5231 3717 5289 διδασκά-

2211 5334 2320 5386 λων
2351 5330 2540 5384 λοιπὸν
2564 5330 2895 5400 διαλέγεται,
2927 5331 3017 5386 ινα
3047 5333 3098 5384 oi
3128 5329 3256 5399 παρ’
3289 5329 3460 5384 αὐτῶν
3501 5317 3716 5392 κατηχού-

2218 5440 2372 5495 μενοι
2419 5423 2726 5478 κοινωνῶσι
2763 5426 2879 5489 τοῖς
2922 5423 3275 5494 κατηχοῦσιν,
3309 5423 3406 5478 οὐκ
3444 5422 3499 5472 έν
3524 5417 3591 5470 lvi
3619 5429 3712 5473 τινι,

2213 5515 2333 5568 ἀλλ’
2377 5515 2437 5568 ἐν
2477 5516 2647 5573 πᾶσιν
2679 5514 2930 5584 ἀγαθοῖς,
2980 5515 3211 5586 τροφῆς,
3240 5514 3535 5586 ἱνδύματος,
3567 5502 3709 5573 τιμῆς.

2218 5605 2452 5675 εὐνοίαις⁴
2475 5607 2582 5663 καὶ
2614 5606 2839 5668 πάντων
2863 5606 3065 5675 ⁴ἁπλῶς
3104 5607 3462 5682 μεταδιδόντες
3490 5601 3582 5656 τῶν
3612 5599 3712 5662 ἀφ’

1874 5744 2076 5810 γωνίαι
2101 5747 2432 5815 lectiones.

613 5862 656 5896 ’⁸
695 5860 802 5933 γὰρ
833 5877 884 5918 ο.
961 5863 1006 5894 ’⁸
1036 5860 1318 5927 ἀσθενείας
1349 5879 1403 5921 ο.
1480 5863 1526 5899 ’τ
1553 5865 2004 5941 ἀκαταισχύντως
2039 5889 2091 5930 ο.
