3898 6568
201 357 338 424 1025

1019 347 1427 415 EXPOSITIO
1467 352 1551 413 IN
1591 350 1830 416 EPIST.
1869 352 1970 411 AD
2005 350 2361 413 GALAT.-—
2395 355 2554 415 CAP.
2591 354 2689 416 VI.

3316 349 3454 417 1026

147 442 149 445 Ι
193 473 317 527 θῶν.
375 467 616 531 Μείζονα
662 465 770 534 γάρ
818 457 892 517 ὧν
927 461 1086 526 δίδως
1141 459 1475 550 λαμϐάνειςο
1512 457 1634 514 ἀντὶ
1666 459 1767 526 γάρ

1877 456 2059 511 omnia
2087 457 2243 528 plane
2278 458 2652 528 impertientes
2682 457 2762 513 eis
2787 458 2950 516 bona.
2986 455 3187 526 Maiora
3220 472 3454 530 namque

191 564 291 616 τῶν
343 556 647 631 σαρκικῶν,
707 553 1079 624 πνευματικά.
1121 548 1213 605 Arb
1254 551 1348 605 ml.
1396 549 1682 604 κοινωνίαν
1713 548 1774 602 τὸ

191 655 418 724 πρᾶγμα
463 648 642 711 καλεῖ,
679 646 755 710 ὡς
806 645 1131 708 ἀντιδόσεως
1174 644 1490 714 γινομένης.
1531 643 1687 706 Τίνος
1717 641 1774 694 δὲ

191 748 376 800 ἕνεκεν
407 743 434 794 ό
463 739 701 810 Χριστὸς
745 737 1052 809 τρέφεσθαι
1085 737 1212 799 τοὺς
1261 735 1619 796 διδασκάλους
1668 733 1775 785 ὑπὸ

188 838 292 890 τῶν
342 833 599 906 μαθητῶν
637 831 845 903 ὥρισε;
894 830 992 883 Διὰ
1023 828 1119 882 δύο
1165 828 1361 892 ταῦτα,
1414 826 1504 882 ἵνα
1547 828 1684 898 μήτε
1720 825 1772 878 οἱ

187 926 493 983 διδάσκαλοι
521 923 865 992 έπαίρωνται
900 920 1130 991 σφόδρα,
1153 919 1268 973 ἀλλ’
1290 919 1366 983 ὠς
1389 917 1632 988 δεόμενοι
1662 915 1770 970 τῶν

191 1015 446 1087 μαθητῶν
501 1011 974 1085 μετριοφρονῶσι,
1024 1011 1120 1063 καὶ
1169 1009 1257 1063 ἵνα
1313 1009 1459 1080 μόνῳ
1499 1009 1577 1078 τῷ
1626 1007 1770 1076 λόγῳ

188 1107 529 1180 σχολάζωσι,
582 1105 659 1176 μὴ
709 1103 1124 1175 περισπώμενοι
1177 1103 1258 1166 είς
1301 1102 1544 1173 τροφάς·
1591 1101 1687 1154 καὶ
1717 1101 1769 1153 ei

191 1201 436 1270 μαθηταὶ
462 1199 519 1250 ὲν
544 1199 610 1267 τῇ
636 1199 763 1266 περὶ
791 1197 914 1258 τοὺς
957 1193 1314 1257 διδασκάλους
1356 1191 1768 1262 εὐγνωμοσύνῃ,

187 1293 282 1346 καὶ
334 1291 463 1359 περὶ
511 1289 639 1350 τοὺς
677 1286 870 1348 ἄλλους
905 1284 1140 1338 τοιοῦτοι
1190 1281 1330 1337 εἶναι
1365 1281 1763 1336 παιδεύωνταιο

187 1382 279 1434 καὶ
320 1378 440 1450 ἅμα
490 1377 564 1448 μὴ
610 1375 1047 1446 ὲπαισχύνωνται
1099 1375 1235 1442 μηδὲ
1281 1374 1434 1427 αὐτοὶ
1483 1372 1767 1442 πενόμενοι

185 1471 280 1525 καὶ
312 1470 684 1534 ἐπαιτοῦντες,
734 1471 868 1523 ὅπου
902 1484 966 1538 γε
1010 1470 1105 1522 καὶ
1131 1469 1178 1520 οἱ
1209 1466 1515 1520 διδάσκαλοι
1547 1465 1755 1532 αὐτῶν,

182 1562 416 1617 τοιοῦτοί
437 1564 562 1618 είσι.

261 1672 279 1704 ι
315 1654 408 1723 Μὴ
447 1651 740 1716 πλανᾶσθε,
782 1651 916 1714 Θεὸς
941 1650 1002 1704 οὐ
1035 1648 1467 1721 μυκτηρίζεται·
1502 1649 1530 1702 ὃ
1563 1649 1672 1720 γάρ
1700 1646 1767 1701 ἂν

183 1746 388 1816 σπείρῃ
413 1744 722 1816 ἄνθρωπος,
749 1743 904 1798 τοῦτο
927 1745 1021 1798 καὶ
1053 1743 1280 1814 θερίσει.
1319 1743 1444 1795 Ὀτι
1474 1744 1502 1796 ὁ
1528 1742 1766 1812 σπείρων

183 1840 263 1900 εἰς
295 1836 396 1906 τὴν
421 1837 602 1906 σάρκα
629 1834 816 1900 αὑτοῦ,
841 1836 906 1888 ἐκ
930 1836 1028 1902 τῆς
1063 1839 1272 1905 σαρκὸς
1299 1834 1502 1906 θερίσει
1532 1835 1760 1906 φθοράν

181 1929 207 1979 ό
229 1927 289 1979 δὲ
317 1925 560 1997 σπείρων
594 1928 670 1990 εἰς
698 1927 760 1979 τὸ
781 1925 1017 1996 πνεῦμα,
1052 1926 1115 1978 ὲκ
1148 1925 1240 1978 τοῦ
1275 1927 1585 1995 πνεύματος
1625 1924 1768 1997 θερί-

183 2037 267 2072 σει
294 2019 444 2088 ζωὴν
489 2018 731 2073 αἰώνιον.
777 2036 796 2070 ι
841 2017 1061 2088 Ἐπειδὴ
1101 2017 1360 2081 πολλάκις
1399 2018 1547 2082 τινὲς
1579 2019 1766 2072 αἰτιώ-

183 2124 366 2179 μενοι·
394 2110 526 2172 τοὺς
560 2108 912 2171 διδασκάλους
941 2109 1018 2171 ὡς
1051 2107 1225 2162 κακοῦ
1273 2107 1412 2178 βίου,
1454 2109 1767 2180 παρορῶσιν

179 2203 406 2266 αὐτοὺς,
443 2201 539 2254 καὶ
562 2200 623 2254 οὐ
665 2200 926 2270 τρέφουσι
960 2201 1312 2270 πενομένους,
1360 2201 1507 2270 λέγει
1549 2203 1646 2272 μὲν
1674 2203 1769 2256 καὶ

179 2291 415 2362 προῖὼν,
444 2292 524 2344 ὅτι
559 2310 577 2343 ι
609 2292 681 2345 Τὸ
707 2291 868 2345 καλὸν
910 2290 1193 2355 ποιοῦντες
1222 2292 1296 2362 μὴ
1340 2293 1691 2361 ὲκκακῶμεν,
1742 2312 1761 2346 ι

177 2381 280 2434 καὶ
319 2380 416 2434 νῦν
455 2381 513 2435 δὲ
556 2380 849 2444 δείκνυσιν,
896 2382 978 2434 ὅτι
1025 2382 1122 2435 καὶ
1164 2381 1299 2452 πρὸς
1339 2384 1466 2445 τοὺς
1494 2382 1768 2446 τοιούτους

176 2471 544 2535 διδασκάλους
592 2472 830 2542 ἀφειδῶς
862 2470 1008 2542 ἔχειν
1039 2474 1168 2543 χρὴ,
1195 2473 1270 2536 ὡς
1292 2474 1372 2536 είς
1397 2475 1768 2544 πνευματικὸν

180 2567 424 2636 πρᾶγμα
454 2565 550 2618 τοῦ
591 2565 962 2635 ἀναλώματος,
982 2566 1295 2636 γινομένου.
1328 2567 1641 2639 Συγκρίνων
1674 2566 1766 2621 οῦν

177 2660 277 2721 τὰς
305 2659 391 2721 είς
435 2658 504 2714 τὰ
538 2658 780 2728 σαρκικὰ
807 2657 1104 2729 γινομένας
1151 2659 1419 2722 δαπάνας,
1445 2660 1539 2713 καὶ
1562 2661 1660 2723 τὰς
1689 2661 1766 2724 είς

178 2749 243 2802 τὰ
274 2750 651 2819 πνευματικά,
682 2750 879 2821 φησίν·
923 2751 1048 2804 Ἐὰν
1075 2751 1173 2820 μὲν
1202 2750 1282 2814 είς
1304 2750 1403 2821 τὴν
1433 2753 1615 2820 σάρκα
1639 2754 1769 2806 ἁνα-

176 2841 398 2914 λίσκῃς,
433 2841 710 2912 τραπέζας
743 2843 840 2896 καὶ
870 2843 1159 2915 ἡδύσματα
1183 2844 1634 2910 κατασκευάζων,
1673 2845 1768 2897 καὶ

180 2939 384 3012 μέθην,
424 2940 520 2991 καὶ
558 2938 796 3010 τρυφὴν,
831 2939 928 2992 καλ⁵
966 2937 1308 3009 ἀδδηφαγίαν
1342 2939 1601 3010 σπείρων,
1633 2939 1766 3008 φθο-

179 3033 279 3101 ρὰν
308 3029 582 3101 θερίσεις·
613 3031 708 3084 καὶ⁵
742 3029 848 3099 γὰρ
880 3031 978 3083 καὶ
1007 3030 1147 3084 αὐτὰ
1169 3030 1476 3100 φθείρεται,
1508 3031 1602 3083 καὶ
1628 3047 1768 3101 συμ-

1876 549 2078 619 accipis
2108 564 2270 619 quam
2296 551 2415 618 das,
2442 565 2637 620 nempe
2661 564 2758 618 pro
2790 549 3099 606 carnalibus
3127 551 3450 619 spiritualia.

1881 638 2030 695 Unde
2063 650 2118 693 et
2159 640 2704 695 communicationem
2757 657 2870 694 rem
2910 651 3084 706 vocat,
3119 657 3218 697 ceu
3254 657 3454 710 reprae-

1881 730 2194 787 sensatione
2249 732 2504 802 quapiam
2566 731 2726 786 facta.
2763 731 2928 800 Cujus
2961 743 3140 787 autem
3171 735 3245 787 rei
3277 737 3453 803 gratia

1874 825 2125 879 doctores
2156 823 2404 878 Christus
2429 838 2458 875 ο
2486 823 2768 894 discipulis
2796 825 2865 878 ali
2899 826 3177 878 constituit
3218 825 3238 864 ι
3267 827 3288 880 ?
3325 826 3456 880 Pro-

1873 925 1994 986 pter
2027 915 2134 970 duo
2159 915 2294 979 hate,
2335 930 2401 970 ne
2431 915 2677 984 magistri
2707 915 3036 970 extollantur
3069 917 3324 981 nimium,
3358 918 3453 972 sed

1875 1017 2133 1077 tanquam
2195 1005 2476 1076 discipulis
2537 1015 2795 1078 egentes,
2856 1009 3131 1063 moderate
3191 1010 3476 1079 sapiant,,

1872 1106 2036 1166 utque
2063 1096 2163 1153 soli
2193 1097 2358 1152 verbo
2383 1106 2600 1163 vacent,
2617 1110 2718 1152 nec
2748 1096 2987 1151 alimenti
3012 1098 3228 1152 nomine
3258 1101 3452 1155 distra-

1873 1188 2111 1255 hantur;
2153 1203 2217 1243 ac
2257 1196 2316 1242 ut
2358 1187 2604 1256 discipuli
2650 1203 2715 1242 ex
2746 1187 3120 1243 benevolentia
3152 1204 3278 1259 erga
3313 1207 3452 1261 prae-

1872 1289 2122 1350 ceptores
2143 1321 2160 1346 ,
2204 1294 2332 1350 erga
2363 1280 2497 1335 alios
2536 1294 2751 1350 quoque
2799 1279 2932 1334 tales
2954 1295 3074 1336 esse
3105 1282 3454 1338 instituantur

1871 1387 1934 1425 ac
1967 1372 2203 1426 discant.
2239 1371 2413 1427 Simul
2442 1373 2606 1427 etiam
2643 1387 2711 1426 ne
2757 1372 2855 1443 ipsi
2888 1372 3098 1442 inopes,
3137 1385 3192 1428 et
3222 1376 3452 1430 mendici

1869 1462 2026 1528 facti,
2064 1465 2271 1534 pudore
2307 1463 2712 1528 suﬁ'undantur,
2742 1480 2866 1520 cum
2903 1467 3037 1520 tales
3077 1465 3186 1520 sint
3215 1466 3450 1536 ipsorum

1872 1556 2149 1615 doctores.

1952 1650 2111 1708 Vens.
2146 1652 2203 1718 7,
2235 1654 2290 1708 8.
2322 1670 2340 1703 ι
2379 1650 2556 1707 Nolite
2595 1666 2802 1719 errare,
2853 1653 2996 1708 Deus
3037 1667 3141 1708 non
3173 1654 3449 1708 irridetur.

1869 1746 2137 1816 Quidquid
2161 1745 2304 1800 enim
2337 1745 2689 1801 seminaverit
2718 1745 2902 1810 homo,
2934 1746 3038 1801 hoc
3060 1755 3114 1800 et
3139 1745 3301 1817 363
3335 1762 3449 1799 me-

1869 1848 1964 1894 tet.
1992 1837 2256 1906 Quoniam
2288 1837 2378 1907 qui
2401 1838 2633 1892 seminat
2659 1837 2712 1890 in
2741 1851 2960 1892 carnem
2994 1852 3173 1902 suam,
3197 1837 3264 1891 de
3287 1851 3452 1893 carne

1869 1940 2036 1986 metet
2069 1931 2473 1998 corruptionem
2500 1945 2515 1990 ;
2544 1929 2632 1997 qui
2658 1943 2785 1982 vero
2807 1931 3042 1983 seminat
3065 1930 3113 1983 in
3146 1929 3360 1999 spiritu,
3385 1931 3452 1984 de

1869 2024 2061 2093 Spiritu
2117 2033 2282 2078 metet
2321 2022 2488 2075 vitam
2529 2031 2811 2076 mternam.
2847 2039 2865 2072 ο
2905 2020 3040 2086 Quia
3073 2036 3451 2092 saepenumero

1869 2117 2113 2173 nonnulli
2152 2124 2472 2171 accusantes
2505 2115 2756 2171 doctores
2789 2113 2945 2169 malae
2994 2114 3138 2179 vitae,
3171 2115 3452 2184 neglignnt

1871 2226 1988 2276 eos,
2041 2225 2142 2264 nec
2190 2209 2342 2263 alunt
2375 2223 2472 2263 eos
2519 2207 2742 2276 penuria
2797 2205 3127 2275 laborantes,
3165 2204 3301 2260 infra
3338 2207 3448 2259 ait:

1874 2320 1894 2356 ι
1929 2301 2209 2356 Facientes
2254 2301 2460 2354 bonum
2497 2314 2564 2354 ne
2596 2297 2914 2352 deﬁciamus
2947 2315 2961 2351 :
2996 2315 3015 2348 ι
3052 2306 3216 2366 atque
3259 2297 3453 2351 etiam-

1868 2410 1994 2448 num
2051 2392 2310 2459 ostendit,
2361 2391 2587 2462 quodin
2629 2389 2765 2446 tales
2814 2403 3028 2460 quoque
3063 2398 3448 2458 preeceptores,

1869 2498 1968 2538 nos
2022 2481 2273 2537 liberales
2321 2480 2580 2535 exhibere
2636 2490 2873 2550 oportet,
2923 2481 3176 2544 quoniam
3228 2480 3281 2534 in
3337 2495 3449 2534 rem

1869 2575 2205 2644 spiritualem
2253 2573 2884 2645 sumptusimpenditur.
2941 2572 3240 2626 Conferens
3290 2571 3454 2639 igitur

1869 2673 2116 2734 sumptus
2142 2665 2236 2733 qui
2270 2665 2405 2719 ﬁunt
2437 2663 2490 2717 in
2532 2663 2770 2718 carnalia
2808 2663 2874 2718 iis
2904 2664 2995 2732 qtti
3036 2663 3165 2716 ﬁunt
3203 2662 3254 2716 in
3287 2661 3452 2729 spiri-

1869 2754 2056 2819 tualia,
2096 2753 2151 2808 Si
2182 2755 2232 2808 in
2276 2768 2518 2820 carnem,
2564 2753 2758 2822 inquit,
2802 2752 3105 2822 impendas,
3146 2767 3362 2806 mensas
3396 2760 3453 2806 ct

1869 2849 2211 2904 condimenta
2238 2861 2460 2918 parans,
2492 2845 2889 2909 temulentiam,
2921 2844 3143 2900 delicias
3173 2853 3226 2899 et
3257 2859 3453 2912 crapu-

1869 2938 1973 2992 lam
2007 2939 2282 2992 seminans
2305 2945 2360 2991 et
2391 2940 2774 3001 voracitatem,
2806 2936 3211 3006 corruptionem
3237 2946 3405 2990 tnetcs
3433 2954 3448 2991 :

1870 3046 1992 3084 nam
2026 3040 2080 3084 et
2110 3029 2199 3083 illa
2231 3030 2342 3098 ipsa
2368 3039 2814 3100 corrumpuntur,
2841 3039 2896 3084 et
2917 3028 3076 3084 simul
3097 3038 3452 3100 corrumpunt

175 3124 404 3194 φθείρει
446 3126 506 3176 τὸ
537 3123 719 3193 σῶμα.
754 3121 897 3178 ,Ἐὰν
939 3121 998 3179 δὲ
1039 3124 1118 3186 είς
1144 3124 1206 3175 τὸ
1251 3121 1467 3192 πνεῦμα
1516 3125 1764 3196 σπείρης,

1875 3139 2086 3194 corpus.
2120 3122 2214 3176 Sin
2248 3122 2302 3176 in
2335 3122 2585 3191 spiritum
2623 3123 2881 3188 semines,
2923 3121 3028 3177 hoc
3060 3133 3164 3188 est,
3194 3123 3453 3194 spiritua-

174 3217 489 3282 τουτέστιν,
547 3217 627 3278 εἰς
667 3215 737 3268 τὰ
771 3214 1123 3284 πνευματικά
1179 3215 1314 3286 ἔργα
1339 3255 1354 3279 ,
1398 3214 1767 3286 ἐλεημοσύνην

175 3307 354 3362 ποιῶν
386 3306 526 3377 πρὸς
567 3306 798 3370 πάντας,
831 3306 925 3359 καὶ
961 3305 1315 3377 σωφροσύνην
1364 3305 1592 3376 μετιὼν,
1624 3305 1768 3377 ζωὴν

173 3403 404 3456 αἰώνιον
453 3400 712 3471 θερίσεις.
741 3399 817 3453 Οὐ
850 3397 960 3470 γὰρ
993 3397 1391 3469 μυκτηρίζεται
1434 3402 1528 3452 καὶ
1557 3399 1768 3453 ἀπατᾶ-

172 3511 265 3548 ται
314 3493 488 3558 Θεὸς,
541 3491 660 3545 ἀλλ’
714 3490 932 3561 ἑκάστῳ
971 3493 1094 3544 τότε
1131 3492 1198 3543 τὰ
1228 3492 1406 3544 οἰκεῖα
1454 3491 1768 3546 ἀποδίδωσι.

174 3588 454 3659 Κρείττον
481 3580 575 3638 οῦν
616 3586 746 3656 περὶ
777 3586 1129 3654 πνευσατικὰ
1166 3584 1500 3646 ἀναλίσκειν,
1525 3577 1606 3645 οἷς
1629 3599 1771 3653 συμ-

172 3676 501 3746 περιέχεται
530 3675 624 3729 καὶ
655 3676 690 3744 ἡ
715 3674 850 3745 πρὸς
895 3675 1020 3738 τοὺς
1054 3674 1410 3735 διδασκάλους
1453 3673 1695 3743 δαπάνη,
1729 3673 1762 3743 ἢ

173 3769 312 3839 περὶ
349 3768 453 3829 τάς
501 3766 769 3838 σαρκικάς
814 3765 1150 3836 ἡδυπαθείας
1181 3765 1228 3796 ’³
1258 3764 1358 3828 τὰς
1405 3764 1769 3834 φθειρομένας

172 3863 273 3917 καὶ
309 3860 647 3932 φθειρούσας
671 3860 733 3913 τὸ
766 3859 946 3930 σῶμα.
1015 3859 1109 3912 Ἐκ
1141 3859 1250 3931 γὰρ
1281 3858 1388 3912 τῶν
1425 3857 1766 3928 ἡδυπαθειῶν

171 3953 417 4010 καὶτῶν
451 3953 884 4025 περιττωμάτων
917 3953 974 4006 αἱ
1000 3954 1167 4006 νόσοι.

251 4066 274 4102 ι
317 4047 397 4101 Τὸ
422 4047 478 4100 δὲ
506 4045 670 4100 καλὸν
720 4045 1027 4108 ποιοῦντες,
1083 4043 1157 4116 μὴ
1191 4043 1555 4116 ὲκκακῶμεν·
1590 4043 1766 4113 καιρῷ

169 4138 284 4208 γὰρ
339 4137 460 4208 ἰδίῳ
509 4136 802 4207 θερίσομεν
840 4135 916 4207 μὴ
951 4135 1296 4206 ἐκλυόμενοι.
1343 4155 1363 4190 ι
1395 4135 1512 4190 Νῦν
1551 4137 1764 4189 ἀποκα-

169 4231 377 4286 λύπτει
414 4229 790 4302 ἐκδηλότερον,
824 4229 909 4283 ὅτι
953 4227 1054 4282 κᾶν
1081 4228 1310 4300 πονηροὶ
1340 4220 1474 4282 ὧσιν
1499 4228 1548 4282 οι
1579 4229 1766 4299 δεόμε-

169 4341 255 4379 νοι
287 4322 476 4395 ήμῶν,
505 4324 669 4394 ἡμεῖς
720 4323 796 4394 μὴ
832 4321 1162 4392 ὲκκακῶμεν
1199 4323 1273 4386 ὡς
1306 4321 1766 4391 ἀγαθοποιοῦντες

171 4421 391 4482 αὐτοῖς.
429 4415 541 4471 Καὶ
571 4417 672 4487 τὴν
703 4415 988 4486 δαψίλειαν
1013 4414 1069 4468 δὲ
1097 4415 1194 4467 καὶ
1229 4412 1328 4484 τὴν
1361 4414 1585 4484 διηνεκῆ
1615 4413 1762 4467 δόσιν

1871 3214 1943 3269 lia
2001 3228 2186 3280 opera,
2239 3213 2637 3282 eleenmsynam
2690 3213 2949 3268 omnibus
2998 3215 3336 3285 impertiens,
3387 3229 3452 3270 ac

1874 3309 2293 3376 temperantiam
2325 3321 2573 3368 servans,
2607 3305 2772 3359 vitam
2814 3314 3070 3360 aeternam
3110 3317 3300 3361 metes.
3331 3305 3451 3362 Non

1871 3399 2014 3452 enim
2043 3398 2300 3454 irridetur
2328 3409 2490 3470 atque
2521 3399 2790 3469 decipitur
2828 3398 2992 3464 Deus,
3033 3400 3127 3455 sed
3161 3400 3451 3468 unicuique

1872 3499 1999 3544 tunc
2031 3505 2150 3559 quae
2177 3505 2271 3546 sua
2301 3499 2429 3544 sunt
2477 3490 2724 3560 largitur.
2770 3488 2950 3543 Satius
2984 3496 3067 3543 est
3094 3503 3224 3559 ergo
3259 3491 3312 3542 in
3342 3489 3450 3559 spi-

1873 3581 2087 3635 ritualia
2134 3581 2467 3648 impendere,
2523 3583 2623 3636 sub
2681 3581 2876 3649 quibus
2921 3581 3234 3634 continetur
3283 3582 3447 3636 etiam

1868 3685 2114 3740 sumptus
2144 3688 2270 3741 erga
2307 3683 2692 3743 praeceptores,
2725 3686 2883 3741 qnam
2916 3669 2971 3725 in
2993 3671 3177 3725 carnis
3205 3670 3449 3740 volupta-

1871 3776 1988 3829 tes,
2043 3780 2164 3834 qna:
2213 3775 2636 3835 corrumpuntur
2683 3772 2736 3820 et
2793 3773 3144 3832 corrumpunt
3199 3778 3445 3832 corpus:

1870 3874 1936 3914 ex
1987 3860 2356 3929 \‘oluptatibus
2390 3859 2534 3913 enim
2566 3869 2622 3913 et
2649 3857 2782 3913 luxu
2813 3857 2987 3912 morbi
3018 3866 3340 3913 nascuntur.

1942 4041 2106 4098 Vens.
2138 4041 2192 4097 9.
2231 4060 2248 4094 ι
2286 4041 2492 4097 Βοιιοιη
2533 4052 2713 4098 autem
2766 4043 3054 4114 facientes,
3109 4062 3178 4104 ne
3229 4047 3450 4104 deﬁcia-

1868 4151 1986 4190 mns
2019 4153 2034 4190 :
2071 4147 2312 4204 tempore
2335 4135 2479 4189 enim
2509 4150 2610 4190 suo
2636 4146 2902 4193 metemus
2928 4153 3033 4192 non
3064 4139 3394 4196 deﬁcientes.
3424 4158 3443 4192 ι

1867 4227 2023 4283 Nunc
2072 4229 2273 4282 clarius
2323 4229 2536 4299 retegit,
2573 4229 2718 4299 quod
2762 4230 2978 4286 etiamsi
3006 4234 3161 4302 pravi
3210 4232 3322 4286 sint
3355 4233 3448 4302 qni

1867 4337 2029 4392 opera
2061 4331 2248 4377 nostra
2285 4322 2545 4392 indigent,
2581 4337 2680 4379 nos
2704 4337 2811 4378 non
2839 4324 3163 4380 desistamus
3185 4325 3444 4380 beneﬁcia

1869 4415 1974 4470 illis
2026 4414 2312 4484 impertiri.
2375 4414 2783 4471 Abundantiam
2839 4423 3102 4473 autemet
3130 4418 3446 4472 continuam

167 4511 445 4584 ἐμφαίνει
492 4510 580 4563 διὰ
625 4508 720 4564 τοῦ
769 4510 958 4578 φάναι,
1013 4507 1088 4578 μὴ
1130 4506 1242 4560 δεῖν
1295 4506 1576 4562 ὲκκακεῖν.
1627 4501 1760 4559 Εἶτα

1875 4509 2135 4564 lationem
2188 4508 2416 4578 indicat,
2469 4523 2590 4563 cum
2622 4509 2736 4574 ait,
2768 4523 2877 4567 non
2925 4519 3137 4579 oportet
3193 4510 3447 4572 deﬁcere.
3529 4507 3534 4512 ’

168 4603 372 4672 ἐπειδὴ
409 4601 550 4672 μέγα
580 4599 853 4672 ἁπῄτησε,
884 4599 1070 4668 τίθησι
1111 4598 1206 4651 καὶ
1232 4597 1295 4651 τὸ
1322 4597 1554 4653 ἔπαθλον
1579 4598 1765 4664 εὐθὺς,

167 4698 258 4753 ὃτι
297 4713 322 4749 ι
371 4695 693 4766 Θερίσομεν.
731 4713 751 4748 ο
790 4693 947 4759 Πῶς;
984 4691 1076 4763 Μὴ
1119 4691 1459 4759 ἐκλυόμενοι,
1493 4691 1766 4757 τουτέστι,

171 4787 403 4861 μηδένα
426 4787 594 4841 κόπον
621 4786 858 4858 ἔχοντες,
899 4785 1036 4839 ἀλλὰ
1068 4785 1249 4838 πᾶσαν
1282 4784 1607 4838 ἀνάπαυσιν.
1648 4782 1768 4837 Ἐν-

164 4880 359 4934 ταῦθα
390 4879 489 4948 μὲν
512 4877 623 4948 γὰρ
651 4878 854 4948 αὐχμοὶ
879 4876 974 4931 καὶ
1003 4877 1161 4931 κόποι
1183 4878 1242 4929 έν
1257 4874 1334 4945 τῷ
1347 4874 1593 4945 θερισμῷ
1612 4889 1626 4902 ·
1652 4875 1770 4928 ἐκεῖ

166 4973 233 5028 δὲ
267 4972 377 5042 οὐχ
414 4970 612 5034 οὕτως.

251 5083 274 5118 ι
318 5065 468 5136 ’Δρα
503 5060 620 5130 οῦν,
669 5064 746 5127 ὡς
791 5062 985 5136 καιρῆν
1032 5062 1264 5134 ἔχομεν,
1299 5062 1664 5134 ἐργαζώμεθα
1702 5061 1766 5117 τὸ

165 5157 394 5228 ἀγαθὸν
425 5157 560 5229 πρὸς
590 5159 819 5220 πάντας,
850 5157 1086 5228 μάλιστα
1123 5157 1182 5211 δὲ
1211 5157 1348 5228 πρὸς
1377 5157 1505 5219 τοὺς
1532 5157 1766 5220 οἰκείους

165 5252 282 5321 τῆς
312 5247 573 5313 πίστεως.
613 5266 632 5301 ι
681 5249 889 5320 Ὠσπερ
917 5250 1018 5304 οὐκ
1051 5250 1139 5303 ἀεὶ
1159 5249 1254 5302 τοῦ
1284 5249 1526 5319 σπείρειν
1553 5249 1767 5319 καιρὸς,

168 5344 362 5405 οὕτως
391 5343 510 5396 οὐδὲ
535 5343 630 5396 τοῦ
657 5343 826 5397 ἐλεεῖν
844 5359 858 5374 ’
892 5344 984 5401 καὶ
1004 5343 1256 5415 δηλοῦσιν
1281 5345 1338 5396 αἱ
1367 5341 1650 5414 παρθένοι,
1672 5341 1769 5396 καὶ

165 5434 201 5487 δ
231 5429 516 5502 Λάζαρος.
568 5432 715 5496 Ἕως
761 5428 854 5487 οὗν
890 5432 980 5487 τὸν
1023 5433 1080 5486 ὲν
1115 5431 1295 5504 ταύτῃ
1319 5432 1385 5501 τῇ
1426 5430 1538 5501 ζωῇ
1573 5427 1767 5498 καιρὸν

255 5570 280 5611 ί
313 5570 504 5626 Matth.
534 5586 587 5635 ι,
628 5570 685 5626 5.

1866 4600 2070 4656 Deinde
2105 4601 2230 4670 quia
2287 4615 2400 4656 rem
2440 4601 2664 4654 arduam
2721 4601 3028 4670 postulavit,
3067 4603 3251 4658 statim
3282 4604 3446 4659 etiam

1865 4693 2084 4763 subiicit
2115 4693 2420 4762 praminm,
2454 4706 2667 4762 nempe,
2701 4709 2718 4744 ι
2748 4691 3031 4748 Metemus.
3071 4713 3090 4746 ι
3132 4695 3448 4763 Quomodo?

1868 4784 1985 4840 Non
2045 4783 2386 4850 deﬁcientes,
2452 4785 2556 4839 hoc
2599 4794 2706 4851 est,
2743 4784 2947 4841 nullam
3006 4786 3445 4858 defatigationem

1869 4878 2156 4943 habentes,
2183 4878 2276 4933 sed
2298 4876 2588 4947 perfectam
2617 4878 2880 4949 quietem.
2911 4873 3045 4952 Nam
3076 4879 3166 4936 hic
3192 4883 3246 4936 in
3271 4896 3446 4936 messe

1872 4968 2155 5041 squalores
2183 4976 2238 5023 et
2266 4969 2478 5023 labores
2530 4967 2799 5037 ferimus;
2840 4969 2947 5025 illic
2977 4984 3104 5025 vero
3152 4985 3256 5024 non
3288 4971 3442 5026 item.

1946 5060 2110 5117 νεεδ.
2146 5060 2236 5116 10.
2277 5080 2296 5114 ι
2333 5060 2472 5131 Ergo
2502 5060 2629 5116 dum
2680 5071 2892 5132 tempus
2933 5063 3218 5128 habemus,
3249 5076 3442 5134 Opere-

1867 5167 1991 5206 mur
2019 5152 2219 5207 bonum
2266 5167 2395 5222 erga
2429 5165 2638 5218 omnes,
2696 5153 2931 5206 maxime
2975 5160 3153 5206 autem
3187 5167 3313 5223 erga
3341 5153 3440 5209 do-

1869 5230 2126 5300 mesticos
2169 5241 2317 5299 ﬁdei.
2360 5261 2380 5296 ι
2417 5241 2488 5298 Ut
2532 5259 2635 5298 non
2686 5258 2899 5314 semper
2929 5251 3013 5299 est
3039 5255 3248 5314 tempus
3281 5247 3442 5301 semi-

1871 5339 2058 5402 nandi,
2094 5339 2175 5392 sic
2205 5351 2383 5408 neque
2411 5336 2706 5392 miserandi
2747 5351 2763 5390 :
2804 5335 2856 5390 id
2886 5336 3026 5405 quod
3056 5337 3297 5392 indicant
3328 5338 3442 5391 vir-

1869 5431 2024 5500 gines
2051 5440 2107 5485 et
2141 5427 2405 5486 Lazarus.
2465 5426 2756 5499 Tantisper
2786 5441 2917 5500 ergo
2949 5429 3076 5486 dum
3108 5429 3164 5486 in
3197 5431 3300 5487 hac
3334 5429 3438 5489 vita

1542 5686 1742 5750 Variae
1784 5687 2116 5755 lectiones.

253 5787 312 5822 ’⁸
347 5786 645 5858 ὲπιθυμίας
708 5800 764 5844 o.
