3898 6576
481 397 618 464 1021

1365 381 1943 448 TIIEUPHYLACTI
1989 377 2085 440 BU
2095 375 2399 438 LGARIE
2438 374 2641 435 ARCH
2654 375 2667 434 l
2681 372 2794 434 ΕΡ.

3619 371 3739 433 Ῑθζῖί

480 514 638 570 nobis
671 521 886 581 tempus
921 513 1194 578 superest,
1227 501 1425 558 nedum
1460 515 1589 569 erga
1624 505 1986 570 prmccptnres
2013 506 2076 546 ac

2211 506 2400 560 χομεν,
2440 489 2515 558 μὴ
2552 505 2714 560 μονον
2762 486 2898 558 πρὸς
2926 485 3308 552 διδασκάλους,
3350 483 3491 540 ἀλλά
3518 486 3612 540 καὶ
3640 491 3754 554 πρ“ς

478 609 753 669 doctores,
790 599 1149 659 verumetiam
1205 610 1332 666 erga
1365 594 1587 650 Graecos
1619 603 1673 646 et
1704 589 1946 651 Judreos,
1976 583 2076 638 bo-

485 717 610 755 num
647 711 958 768 operemur,
995 693 1098 746 hoc
1152 699 1256 751 est,
1303 683 1724 742 beneﬁcentiam
1755 689 1810 735 et
1837 678 2076 733 elcemo-

480 808 697 850 SHIalll.
745 788 859 842 Non
891 799 1069 840 tamen
1103 781 1348 839 eamdem
1383 794 1482 833 nos
1515 789 1827 832 mensuram
1879 772 2080 826 habere

478 894 693 950 0|mt'lel.
725 896 850 949 erga
887 880 1010 941 hos,
1058 886 1224 944 atque
1257 872 1377 926 lidei
1413 868 1766 931 domesticos,
1803 863 1897 918 sed
1923 862 2081 931 longe

413 1013 420 1020 ι
489 977 748 1042 majorem
802 969 1186 1024 liberalitatem
1224 964 1476 1019 lidclibus
1507 961 1768 1016 exhibere
1803 952 2078 1012 convenit.

485 1066 595 1119 lluc
657 1064 802 1118 enim
863 1061 1043 1116 innuit
1099 1075 1222 1114 cum
1275 1058 1372 1120 ait,
1418 1073 1435 1105 ι
1478 1053 1733 1107 Maxime.
1787 1067 1804 1100 ι
1841 1046 2079 1103 Observa

481 1170 663 1209 autem
710 1155 984 1224 quomodo
1043 1151 1209 1204 etiam
1269 1149 1372 1204 hoc
1401 1147 1635 1201 abducat
1663 1156 1758 1196 eos
1793 1155 1821 1193 a
1853 1137 2080 1193 .Iudaica

487 1252 690 1301 vilitate
722 1265 738 1309 ς
770 1247 1038 1314 siquidem
1075 1244 1162 1299 lex
1197 1257 1323 1312 erga
1358 1235 1689 1294 contribules
1711 1249 1841 1288 suos
1875 1240 2081 1285 tantum

485 1343 644 1394 modo
680 1340 958 1410 aperiebat
1003 1337 1215 1392 viscera
1246 1352 1261 1402 ;
1312 1334 1482 1405 gratia
1513 1346 1643 1385 vero
1679 1339 1882 1382 terram
1921 1322 2085 1378 simul

483 1443 536 1485 et
585 1446 736 1485 mare
773 1431 838 1484 ad
872 1430 1232 1498 eleemosyna:
1279 1423 1445 1496 36a.
1497 1437 1742 1478 mensam
1777 1428 1953 1483 vocat,
1980 1416 2085 1472 etsi

485 1537 591 1575 non
627 1521 742 1591 pari
778 1522 936 1575 modo
966 1520 1049 1574 vel
1089 1521 1325 1584 ratione,
1365 1530 1424 1571 ut
1459 1518 1660 1571 dictum
1697 1525 1801 1570 est.

560 1613 725 1668 Vens.
760 1615 848 1669 ll.
886 1634 903 1666 ι
939 1613 1131 1668 Videte
1159 1612 1413 1684 qualibus
1441 1611 1595 1665 vobis
1625 1609 1821 1663 litteris
1852 1608 2087 1677 scripse—

485 1708 585 1760 rim
621 1723 736 1758 mea
773 1721 955 1760 manu.
989 1722 1007 1755 ι
1043 1703 1180 1758 Cum
1211 1717 1383 1772 pauca
1438 1702 1507 1755 ad
1540 1715 1721 1756 mores
1753 1698 2086 1768 pertinentia

486 1794 735 1854 dixisset,
790 1793 988 1845 iterum
1041 1792 1109 1847 ad
1155 1794 1340 1862 priora
1398 1791 1554 1852 redit,
1611 1803 1730 1858 qua:
1770 1803 1866 1842 cor
1918 1788 2088 1854 ipsius

2184 584 2456 655 Ἕλληνας
2483 584 2578 635 καὶ
2593 581 2877 644 Ἰουδαίους
2898 581 2955 634 τὸ
2972 581 3176 650 ἀγαθον
3203 578 3597 651 ἐργαζώμεθα,
3619 597 3751 633 τουτ-

2181 679 2320 739 έστι,
2349 676 2449 750 τὴν
2480 675 2754 740 εὐποιίαν,
2804 675 2905 746 τὴν
2937 673 3333 745 ἐλεημοσύνην.
3370 673 3447 725 Οὔ
3488 670 3751 744 μέντοιτῴ

2183 771 2333 844 αὑτῷ
2387 772 2572 843 μέτρῳ
2625 769 2705 824 δεῖ
2749 768 2988 840 χρᾶσθαι
3045 767 3178 838 πρὸς
3229 765 3461 827 τούτους
3511 766 3604 817 καὶ
3647 766 3752 827 τοὺς

2183 869 2422 930 οἰκείους
2455 868 2554 937 τῆς
2599 866 2857 929 πίστεως,
2909 861 3046 916 ἀλλά
3081 859 3307 912 πλείονα
3337 859 3438 928 τὴν
3467 855 3752 927 φιλοτιμίαν

2187 958 2324 1028 πρὸς
2353 957 2480 1018 τοὺς
2517 955 2745 1018 πιστοὺς
2795 951 3227 1006 ἐπιδείκνυσθαι.
3282 948 3460 1002 Τοῦτο
3491 948 3594 1017 γὰρ
3630 950 3754 1018 cinia!

2189 1048 2283 1100 διὰ
2325 1047 2441 1107 τοῦ,
2485 1065 2502 1097 ι
2545 1047 2819 1100 Μάλιστα.
2861 1064 2879 1095 ι
2925 1043 3069 1114 Ὅρα
3117 1042 3196 1107 δὲ,
3236 1042 3352 1104 πῶς
3401 1039 3498 1093 καὶ
3528 1041 3754 1108 ἐντούτῳ

2187 1139 2390 1208 ἀπάγει
2421 1140 2617 1202 αὐτοὺς
2657 1139 2756 1209 τῆς
2795 1137 3094 1205 Ἰοδδαῖκῆς
3155 1134 3562 1202 ταπεινότητος,
3593 1133 3752 1199 είγεό

2192 1234 2292 1306 μὲν
2323 1233 2486 1303 νόμος
2512 1232 2648 1303 πρὸς
2680 1232 2802 1292 τοὺς
2828 1227 3139 1299 ὁμοφύλους
3165 1226 3349 1298 ἤνοιγε
3376 1224 3447 1276 τά
3473 1223 3747 1292 σπλάγχνα·

2186 1333 2219 1400 ἡ
2253 1329 2309 1382 δὲ
2349 1329 2510 1398 χάρις
2562 1328 2666 1397 γῆν
2723 1324 2861 1396 ὁμοῦ
2910 1325 3006 1377 καὶ
3067 1320 3343 1374 θάλασταν
3389 1317 3489 1370 ἐπὶ
3540 1317 3631 1386 τὴν
3673 1317 3749 1386 τῆς

2189 1421 2568 1492 ἐλεημοσύνης
2614 1419 2773 1472 καλεί
2813 1417 3134 1487 τράπεζαν,
3169 1416 3216 1467 εί
3251 1413 3346 1467 καὶ
3385 1412 3462 1482 μὴ
3503 1411 3661 1480 ὁμοίῳ
3686 1411 3746 1480 τῷ

2192 1514 2404 1586 μέτρῳ,
2441 1515 2590 1567 καθα
2620 1514 2861 1584 εἴρηται.

2269 1628 2286 1659 ε
2330 1607 2498 1661 Ἴδετε
2537 1608 2788 1676 πηλίκοις
2823 1605 2952 1674 ὑμῖν
2985 1602 3311 1672 γράμμασιν
3343 1597 3560 1668 ἔγραψα
3583 1600 3640 1668 τῇ
3669 1600 3750 1667 ἐμῇ

2191 1699 2356 1771 χειρί.
2399 1719 2416 1751 ι
2470 1698 2657 1765 Ὀλίγα
2689 1698 2768 1760 είς
2803 1697 2864 1750 τὸ
2905 1695 3098 1767 ἠθικὸν
3149 1693 3350 1754 εἰπὼν,
3402 1692 3561 1744 πάλιν
3594 1691 3675 1743 ἐπὶ
3700 1697 3752 1744 τι

2192 1794 2433 1864 πρότερα
2467 1791 2851 1862 ἐπανέρχεται,
2878 1790 2944 1843 τὰ
2967 1789 3235 1842 δάκνοντα
3266 1786 3440 1841 αὑτοῦ
3464 1788 3508 1816 ¹⁹
3531 1786 3621 1854 τὴν
3647 1802 3754 1854 καρ-

487 1885 863 1948 lauciuabant,
916 1885 1234 1950 ostendens,
1275 1884 1419 1954 quod
1470 1899 1564 1938 sua
1601 1898 1759 1936 manu
1791 1881 1931 1935 hanc
1962 1879 2089 1950 Epi-

2206 1888 2331 1949 Ξίαν,
2369 1887 2462 1940 καὶ
2493 1886 2644 1956 δηλοί
2669 1887 2750 1939 δτι
2787 1884 2950 1949 αὐτὸς
2979 1883 3159 1953 οίκείᾳ
3195 1881 3343 1954 χειρὶ
3379 1881 3425 1911 ³⁸
3461 1877 3654 1950 ἔγραψε
3677 1879 3754 1948 τὴν

490 1979 654 2035 tolam
715 1988 884 2033 tutam
935 1979 1346 2049 conscripserit,
1405 1993 1508 2031 non
1543 1988 1600 2031 ut
1635 1976 1963 2030 charitatem
1998 1989 2089 2028 so-

490 2072 768 2126 lummodo
816 2086 945 2141 erga
1001 2085 1100 2125 eos
1153 2071 1534 2136 demonstret,
1585 2083 1772 2122 verum
1824 2068 1990 2121 etiam
2032 2073 2091 2120 ut

488 2165 857 2236 suspicionem
891 2165 1087 2218 malam
1118 2163 1296 2218 tollat.
1352 2161 1787 2232 Vituperabatur
1813 2161 1957 2215 enim
1991 2175 2088 2214 ceu

491 2259 596 2310 alia
629 2259 771 2328 apud
802 2257 938 2312 alios
972 2255 1324 2326 prtedicaret.
1367 2255 1611 2309 Adactus
1635 2263 1718 2308 est
1752 2253 1915 2324 igitur
1947 2253 2093 2307 testi-

495 2353 735 2405 ninnium
790 2365 904 2405 sua:
970 2348 1374 2420 prardicationis
1426 2350 1478 2402 in
1537 2347 1758 2416 scriptis
1811 2345 2088 2400 exhibere.

493 2445 654 2511 Atqui
683 2455 914 2498 czeteras
963 2444 1227 2513 epistolas
1259 2443 1349 2497 alii
1386 2442 1722 2504 scribebant,
1757 2442 1871 2508 ipse
1911 2449 2089 2494 autem

493 2537 725 2592 fortasse
747 2537 1132 2592 salutationem
1161 2537 1334 2591 solam
1364 2535 1647 2590 exarabat.
1687 2553 1704 2586 ι
1738 2533 2026 2602 Qualibus,
2065 2552 2083 2586 ι

497 2648 604 2689 ιοιι
637 2641 722 2687 est
785 2633 1181 2702 magnitudinis
1238 2632 1528 2696 indicium,
1584 2631 1679 2684 sed
1729 2629 2094 2685 deformitatis

494 2725 838 2792 litterarum;
897 2726 1124 2795 perinde
1178 2725 1334 2794 quasi
1412 2723 1671 2778 diceret:
1707 2721 1934 2776 Etiamsi
1987 2737 2092 2776 non

495 2820 699 2886 possim
754 2819 1033 2889 elegsintes
1069 2820 1429 2872 characteres
1471 2817 1699 2882 ducere,
1750 2826 1978 2871 coactus
2012 2825 2095 2871 ta-

499 2927 765 2964 mensum
805 2913 1024 2980 propria
1071 2926 1230 2965 manu
1266 2909 1564 2980 Epistolam
1608 2909 1875 2965 scribere.

571 3003 738 3059 Vens.
763 3005 851 3058 l2.
893 3022 910 3055 ι
942 3005 1264 3074 Quicunque
1290 3004 1480 3058 volunt
1505 3002 1724 3072 placere
1748 3004 1800 3058 in
1829 3017 2016 3068 carne,
2038 3001 2092 3057 lii

498 3107 809 3166 coguntvos
824 3096 1162 3150 circumcidi.
1190 3115 1284 3146 ι-
1307 3116 1324 3148 ι
1351 3096 1648 3166 Quotquot,
1682 3115 1702 3150 ι
1721 3097 1916 3168 inquit,
1941 3116 1960 3149 ι
1982 3098 2095 3152 cla-

2211 1980 2535 2051 Ἐπιστολὴν
2588 1981 2792 2046 πᾶσαν,
2833 1979 2933 2049 οὑχ
2969 1978 3056 2030 ἵνα
3092 1977 3316 2047 ἀγάπην
3351 1974 3512 2044 μόνον
3547 1973 3750 2040 ἐνδείξῃ.

2192 2096 2282 2132 ται
2345 2080 2480 2148 πρὸς
2534 2076 2757 2139 αὑτοὺς,
2808 2073 2924 2127 ἀλλ’
2977 2073 3063 2124 ἵνα
3114 2071 3209 2125 καὶ
3255 2068 3492 2138 ὑποψίαν
3545 2075 3752 2139 ﬂow,va

2193 2168 2382 2242 ἀνέλῃ.
2423 2167 2745 2222 Διεϐάλλετο
2788 2166 2884 2220 καὶ
2916 2165 2992 2229 ὡς
3026 2164 3163 2219 ἀλλα
3193 2163 3433 2233 ἀλλαχοῦ
3466 2161 3751 2232 κηρύττων

2193 2262 2516 2334 ἠναγκάσθη
2590 2257 2686 2316 οὖν
2720 2259 3032 2332 μαρτυρίαν
3093 2258 3375 2329 ἔγγραφον
3453 2256 3632 2310 θέσθαι
3677 2256 3751 2308 το)

2194 2359 2399 2410 οἰκείου
2451 2354 2838 2426 κηρύγματος.
2894 2354 3089 2406 Καίτοι
3134 2353 3235 2416 τὰς
3285 2350 3451 2414 ἄλλας
3503 2351 3750 2410 ἐπιστολάς

2195 2451 2342 2504 ἄλλοι
2378 2450 2638 2520 ἔγραφον,
2666 2448 2828 2511 αὑτὸς
2864 2447 2920 2500 δὲ
2945 2449 2993 2500 εί
3026 2446 3135 2518 ἀρα
3175 2446 3270 2499 τον
3295 2444 3586 2514 ἀσπασμδν
3622 2443 3750 2512 μόνν

2195 2541 2424 2611 ἔγραφε.
2461 2541 2534 2593 Τὸ
2577 2539 2657 2604 δὲ,
2697 2558 2715 2591 ι
2753 2539 3037 2610 Πηλίκοις,
3075 2556 3092 2588 ι
3141 2537 3202 2590 οὑ
3253 2536 3515 2608 μεγέθους
3552 2538 3656 2588 ἐστὶ
3681 2537 3750 2601 δη-

2196 2634 2470 2700 λωτικὸν,
2535 2633 2672 2686 ἀλλὰ
2729 2633 2829 2702 τῆς
2877 2631 3160 2702 ἀμορφίας
3231 2630 3343 2683 τῶν
3408 2630 3750 2700 γραμμάτων,

2197 2726 2330 2779 ὡσεὶ
2383 2725 2609 2794 ἔλεγενο
2679 2725 2874 2778 Καίτοι
2926 2724 3000 2794 μὴ
3048 2721 3208 2786 εἰδὼς
3264 2723 3463 2792 ἄριστα
3517 2723 3749 2790 γράφειν,

2195 2819 2347 2889 ὅμως
2393 2818 2752 2890 ἠναγκάσθην
2801 2817 3087 2887 ἰδιόχειρον
3142 2814 3238 2887 τὴν
3292 2813 3608 2885 Ἐπιστολὴν
3642 2813 3751 2885 γρά-

2201 2910 2324 2981 ψαι.

2275 3027 2294 3060 ι
2333 3009 2491 3063 Ὅσοι
2519 3007 2766 3061 θέλουσιν
2787 3005 3222 3077 εὐπροσωπῆσαι
3249 3005 3291 3036 ³⁸
3345 3006 3405 3058 ὲν
3440 3003 3614 3074 σαρκὶ,
3637 2995 3750 3055 οὗτοι

2199 3101 2603 3169 ἀναγκάζουσιν
2622 3100 2763 3168 ὑμᾶς
2779 3098 3258 3170 περιτέμνεσθαι.»
3283 3127 3348 3139 -—-
3365 3118 3382 3150 ι
3398 3099 3568 3162 Ὅσοι,
3589 3115 3605 3147 ι
3627 3096 3748 3166 φησι,

501 3189 730 3247 ἰέεοοτο
761 3190 948 3245 volunt
979 3193 1030 3244 in
1069 3207 1251 3258 carne,
1287 3211 1304 3244 ι
1339 3193 1441 3247 hoc
1489 3202 1593 3260 est,
1631 3195 1769 3264 apud
1821 3194 2092 3258 homines,

2207 3213 2226 3248 ι
2265 3193 2514 3248 θέλουσιν
2534 3194 2842 3263 εὐδοκιμεῖν
2869 3197 2926 3246 ἐν
2957 3196 3148 3263 σαρκὶ,
3176 3212 3193 3244 ι
3225 3192 3494 3257 τουτέστι,
3526 3192 3662 3260 παρὰ
3679 3191 3750 3242 ἀνι

499 3287 717 3344 Judaeos
754 3287 1013 3341 nimirum
1052 3285 1272 3356 (probro
1297 3287 1440 3342 enim
1474 3287 1559 3342 his
1591 3288 1730 3358 apud
1761 3286 1975 3343 Judaeos
2003 3289 2099 3342 da-

512 3381 694 3445 batur,
719 3381 862 3450 quod
883 3395 910 3432 a
944 3380 1210 3448 majorum
1237 3394 1459 3434 suorum
1489 3380 1980 3436 consuetudinibus
2003 3381 2099 3435 dc-

505 3474 779 3543 ticerent),
809 3491 826 3524 ι
864 3471 938 3524 illi
973 3481 1174 3542 cogunt
1207 3487 1299 3527 vos
1323 3473 1664 3538 circumcidi,
1699 3491 1718 3524 ι
1750 3472 2100 3529 defendentes

506 3581 629 3620 sese
659 3567 800 3636 apud
831 3563 1048 3621 Judazos
1084 3580 1179 3635 per
1209 3575 1448 3620 vestram
1475 3580 1722 3620 carnem.
1758 3565 1890 3620 Cum
1919 3580 2098 3622 autem

512 3660 612 3725 ait,
648 3679 665 3712 ι
695 3660 908 3730 Cogunt
933 3675 1050 3724 vos,
1084 3678 1102 3710 ι
1135 3659 1370 3713 ostendit
1395 3658 1542 3728 ipsos
1570 3659 1672 3713 hoc
1698 3659 1864 3714 invite
1889 3676 2100 3730 passos,

504 3752 754 3822 praebens
776 3753 855 3808 eis
883 3751 1228 3808 oceasionem
1265 3753 1592 3818 revertendi,
1621 3762 1680 3807 ut
1706 3755 1796 3824 qtti
1825 3767 1965 3808 nunc
1993 3770 2100 3808 non

506 3845 820 3901 voluntario
852 3856 1060 3902 errent.

586 3955 605 3988 ι
644 3937 902 4002 Tantum,
936 3949 994 3992 ut
1041 3955 1146 3994 non
1173 3940 1242 3994 ob
1271 3955 1488 3996 crucem
1525 3939 1726 3995 Christi
1773 3942 2104 4010 persecutio-

509 4045 634 4084 nem
702 4030 998 4098 patiantur.
1040 4051 1058 4083 ι
1100 4031 1330 4099 Propter
1400 4031 1560 4085 aliam
1629 4032 1795 4086 etiam
1857 4049 2100 4096 causam,

509 4117 706 4186 inquit,
736 4117 837 4171 hoc
863 4115 1089 4174 faciunt.
1116 4118 1192 4175 Ne
1217 4121 1362 4174 enim
1394 4136 1490 4189 pro
1513 4136 1674 4174 cruce
1702 4131 1756 4175 et
1785 4122 1886 4175 lide
1917 4139 2106 4191 perse-

511 4210 784 4263 cutionem
821 4208 1098 4278 patiantur
1127 4220 1178 4263 et
1210 4211 1554 4273 divexentur,
1596 4211 1757 4264 veluti
1804 4213 2104 4282 Lancprac-

512 4303 844 4366 Varii-antes,
894 4312 951 4358 et
981 4303 1320 4370 circumcisi,
1355 4305 1544 4358 volunt
1567 4313 1620 4358 et
1645 4304 1780 4360 alios
1819 4306 2108 4362 circumci-

523 4395 698 4451 sionis
729 4395 934 4450 habere
956 4396 1158 4452 socios.

585 4485 754 4543 Vens.
811 4487 899 4546 l5.
948 4506 967 4540 ι
1023 4487 1209 4559 Neque
1266 4489 1410 4544 enim
1461 4491 1551 4559 qui
1608 4489 2106 4556 circumciduntur,

2202 3286 2466 3359 θρώποις,
2489 3291 2599 3350 τοίς
2631 3285 2911 3350 Ἰουδαίοις
2929 3285 3132 3356 δηλαδὴ
3158 3285 3516 3357 (ὠνειδίζοντο
3537 3287 3634 3355 γὰρ
3647 3282 3749 3352 παρ’

2210 3381 2401 3443 αὑτοῖς
2431 3379 2508 3443 ὡς
2540 3379 2651 3432 τῶν
2688 3379 2972 3451 πατρικῶν
3009 3381 3344 3444 ἀποστάντες
3385 3379 3556 3448 ἐθῶν),
3588 3397 3604 3428 ι
3636 3374 3749 3433 οὗτοι

2206 3474 2616 3542 ἀναγκάζουσιν
2652 3472 2796 3543 ὑμᾶς
2825 3472 3275 3544 περιτέμνεσθαι,
3309 3491 3328 3524 ›
3375 3470 3750 3538 ἀπολογούμενοι

2203 3571 2315 3631 τοῖς
2357 3565 2631 3630 Ἰουδαίοις
2661 3567 2750 3619 διὰ
2776 3567 2876 3635 τῆς
2910 3566 3184 3636 ὑμετέρας
3213 3565 3440 3637 σαρκός.
3466 3583 3483 3615 ι
3527 3564 3748 3630 Ἀναγκα-

2204 3661 2358 3726 ζουσι
2415 3681 2434 3714 ι
2471 3661 2565 3726 δὲ,
2615 3659 2820 3725 εἰπὼν,
2881 3658 3083 3723 ἔδειξεν
3133 3659 3332 3722 αὐτοὺς
3370 3660 3594 3721 ἄκοντας
3624 3656 3750 3709 τοῦτο

2208 3753 2604 3822 ὑπομένοντας,
2625 3751 2884 3822 παρέχων
2901 3752 3086 3814 αὑτοῖς
3105 3734 3366 3820 ἀφορμὴν
3386 3751 3716 3822 ἀναχωρήσειν
3725 3765 3737 3807 ,'

2207 3845 2284 3910 ὡς
2315 3845 2411 3899 νῦν
2441 3847 2713 3909 ἀκουσίως
2737 3845 3158 3916 σφαλλομένοις.

2287 3957 2303 3990 ι
2347 3939 2531 3992 Μόνον
2566 3939 2656 3992 ἵνα
2689 3938 2763 4009 μὴ
2791 3937 2868 4009 τῷ
2902 3937 3122 4008 σταυρῷ
3159 3937 3254 3991 τοῦ
3290 3936 3527 4009 Χριστοῦ
3556 3932 3748 3989 διώκων-

2209 4051 2321 4089 ται.
2358 4052 2376 4083 ι
2415 4034 2524 4086 Καὶ
2549 4032 2618 4086 δι’
2637 4031 2856 4104 ἑτέραν,
2894 4034 3082 4103 φησὶν,
3114 4033 3296 4086 αἰτίαν
3327 4032 3489 4086 τοῦτο
3520 4029 3746 4084 ποιοῦσιν·

2213 4128 2300 4180 ἵνα
2337 4128 2446 4197 γάρ
2485 4125 2560 4198 μὴ
2593 4128 2699 4180 ὑπὸ
2731 4128 2826 4180 τοὺ
2875 4128 3114 4199 σταυροῦ
3151 4129 3246 4182 καὶ
3275 4128 3375 4199 τῆς
3412 4129 3630 4189 πίστεως
3656 4123 3750 4178 διώ·

2213 4235 2438 4286 κωνται,
2475 4221 2573 4272 καὶ
2607 4219 2966 4285 έλαύνωνται,
3001 4219 3077 4283 ὡς
3102 4220 3314 4290 ταύτην
3349 4219 3747 4290 παραϐαίνοντες,

2212 4309 2307 4363 καὶ
2336 4309 2818 4381 περιτεμνόμενοι,
2867 4310 3115 4365 θέλουσιν
3140 4311 3286 4382 ἔχειν
3325 4313 3421 4365 καὶ
3448 4311 3646 4382 ἑτέρους
3668 4325 3750 4360 κοι-

2214 4404 2418 4465 νωνοὺς
2444 4402 2545 4472 τῆς
2574 4419 2642 4456 πε
2652 4403 2905 4474 ριτομῆς.

2291 4515 2310 4549 Ι
2344 4495 2479 4550 Οὐδὲ
2508 4498 2617 4567 γὰρ
2642 4497 2692 4550 οί
2724 4496 3188 4568 περιτεμνόμενοι
3223 4498 3382 4551 αὑτοὶ
3415 4499 3572 4569 νόμον
3595 4494 3752 4565 φυλὰσ-
3805 4495 3810 4500 ’

514 4581 685 4651 legem
715 4582 1066 4650 custodiunt;
1120 4583 1213 4638 sed
1251 4582 1436 4638 volunt
1463 4598 1558 4638 vos
1590 4583 1934 4651 circumcidi,
1969 4593 2026 4640 ut
2055 4586 2095 4640 in

2221 4604 2428 4654 σουσιν,
2455 4588 2593 4643 ἀλλά
2635 4589 2885 4643 θέλουσιν
2949 4590 3093 4660 ὑμᾶς
3137 4591 3581 4663 περιτέμνεσθαι,
3619 4589 3750 4641 ίναέν

515 4689 680 4728 carne
734 4684 912 4728 vestra
964 4675 1286 4742 glorientur.
1329 4694 1346 4727 ι
1387 4677 1503 4731 Non
1559 4677 1759 4743 solum,
1817 4677 2012 4748 inquit,
2050 4689 2110 4732 ut

517 4766 828 4820 hominibus
877 4767 1149 4835 placeant,
1186 4769 1299 4824 haec
1329 4768 1560 4836 faciunt,
1594 4771 1952 4825 verumetiam
1983 4786 2109 4839 pro-

516 4869 637 4929 pter
686 4858 1060 4914 ambitionem.
1113 4860 1229 4916 Non
1285 4862 1428 4916 enim
1460 4879 1527 4917 ex
1563 4861 1682 4917 zelo
1737 4877 1864 4934 erga
1913 4862 2106 4934 legem,

517 4965 692 5021 neque
724 4952 940 5022 pietatis
971 4968 1126 5024 ergo,
1158 4954 1356 5025 inquit,
1395 4957 1574 5012 istliuc
1622 4969 1806 5028 agunt,
1833 4958 1929 5014 sed
1956 4973 2111 5014 vana

518 5045 729 5111 gloriae,
763 5064 780 5096 ι
827 5044 890 5100 Ut
916 5046 967 5099 in
1001 5058 1184 5101 vestra
1222 5063 1385 5104 carne
1434 5048 1778 5119 glorientur:
1816 5069 1835 5102 ι
1877 5050 1978 5107 hoc
2001 5061 2110 5117 est,

523 5136 591 5192 Ut
624 5141 676 5194 in
698 5140 1121 5196 circumcisione
1142 5142 1326 5198 carnis
1358 5151 1558 5198 vestra:
1591 5145 1798 5215 jactent
1821 5159 1964 5212 sese,
1989 5154 2114 5199 tan-

519 5246 684 5300 quam
717 5231 970 5288 doctores
1011 5243 1246 5301 vestros,
1283 5244 1338 5289 et
1365 5235 1460 5305 qui
1513 5250 1611 5292 vos
1657 5236 1952 5306 discipulos
1984 5254 2113 5297 suos

518 5323 773 5377 habeant.

596 5417 758 5474 Vens.
814 5418 900 5473 M.
943 5436 961 5469 t
1007 5417 1140 5472 Mihi
1203 5427 1384 5473 autem
1431 5419 1575 5475 absit.
1611 5420 1856 5491 gloriari,
1913 5425 2019 5481 nisi
2056 5425 2110 5482 in

519 5527 682 5566 eiuce
726 5511 941 5567 Domini
981 5511 1155 5569 nostri
1201 5511 1330 5569 Jesu
1382 5513 1608 5570 Christi.
1653 5535 1671 5568 ι
1704 5515 1806 5582 Illi,
1840 5520 2029 5589 inquit,
2057 5523 2108 5577 in

519 5603 944 5660 circumcisione
997 5605 1324 5675 gloriantur,
1375 5622 1438 5662 re
1476 5609 1677 5664 abolita
1710 5621 1763 5667 et
1811 5614 2107 5682 antiquata,

2215 4687 2282 4756 τῇ
2321 4683 2568 4755 ὑμετέρᾳ
2597 4686 2765 4754 σαρκὶ
2816 4685 3224 4755 καυχήσωνται.
3268 4703 3287 4737 ι
3321 4685 3398 4738 Οὑ
3434 4686 3605 4756 μόνον,
3636 4681 3751 4751 φηᾶὶ,

2216 4778 2285 4830 δι’
2318 4777 2868 4851 ἀνθρωπαρέσκειαν,
2898 4778 3035 4832 ἀλλά
3061 4779 3152 4833 καὶ
3187 4778 3276 4832 διά
3305 4779 3602 4849 φιλοδοξίαν
3624 4775 3753 4830 ταῦτα

2220 4870 2486 4925 ποιοῦσιν.
2536 4872 2611 4925 Οὑ
2647 4870 2758 4944 γὰρ
2807 4873 2953 4926 κατά
2986 4869 3150 4943 ζῆλον
3176 4872 3268 4926 τὸν
3303 4873 3445 4943 ὑπὲρ
3485 4870 3574 4926 τοῦ
3607 4870 3750 4940 νόμον.

2221 4965 2344 5020 οὑδὲ
2366 4966 2555 5020 ἕνεκεν
2585 4965 2892 5032 εὑσεὸείας,
2924 4967 3078 5037 φησὶ,
3103 4965 3262 5042 τοῦτο
3295 4966 3629 5036 ἐργάζονται,
3654 4961 3753 5016 alii

2221 5060 2310 5114 διά
2341 5058 2670 5128 φιλοδοξίαν,
2710 5079 2728 5111 ι
2765 5060 2884 5113 Ἵνα
2913 5062 2972 5112 ὲν
3002 5061 3070 5131 τῇ
3107 5059 3352 5131 ὑμετέρα
3399 5061 3561 5130 σαρκὶ
3595 5054 3753 5124 καυχήε

2225 5168 2460 5206 σωνται·
2505 5172 2525 5204 ι
2557 5153 2863 5218 τουτέστιν,
2918 5152 3040 5206 Ἵνα
3077 5152 3137 5204 ἐν
3179 5152 3258 5222 τῷ
3303 5152 3651 5205 κατακόπτειν
3680 5147 3752 5214 τήν

2223 5243 2501 5316 ὑμετέραν
2529 5245 2710 5316 σάρκα
2741 5246 3153 5316 καυχήσωνται,
3183 5245 3260 5306 ὼς
3292 5245 3591 5299 διδάσκαλοι
3616 5239 3751 5312 ὑμῶν»

2223 5338 2318 5391 καὶ
2347 5338 2598 5408 μαθητὰς
2622 5339 2767 5409 ὑμᾶς
2797 5337 3034 5410 ἔχοντες.

2300 5449 2319 5483 ι
2370 5431 2526 5502 Ἐμοὶ⁸
2571 5430 2628 5483 δὲ
2673 5431 2749 5502 μὴ
2802 5432 3016 5498 γένοιτο
3060 5430 3392 5502 καυχᾶσθαι,
3436 5431 3482 5484 εἰ
3517 5427 3586 5501 μὴ
3620 5420 3748 5490 ἐντῷ

2225 5525 2450 5595 σταυρῷ
2475 5523 2571 5577 τοῦ
2598 5523 2806 5594 Κυρίου
2845 5525 3002 5594 ἡμῶν
3060 5525 3237 5595 Ἰησοῦ
3270 5522 3522 5596 Χριστοῦ.
3558 5541 3574 5570 ι
3629 5519 3747 5570 1‘3.st-

2222 5635 2302 5670 νοι
2342 5618 2462 5688 μὲν,
2501 5621 2688 5688 φησιν,
2725 5619 2783 5671 έν
2816 5621 3090 5692 περιτομῇ
3128 5620 3459 5691 καυχῶνται,
3509 5615 3739 5685 πράγματι

1855 5750 2053 5814 Variae
2089 5754 2418 5821 lectiones.

599 5863 644 5895 ¹⁹
690 5863 778 5920 ἴον.
815 5866 994 5924 αὐτῶν
1015 5883 1066 5924 0.
1146 5870 1191 5902 ³ο
1241 5873 1614 5946 οἰκειοχείρως
1641 5892 1692 5932 0.
1765 5878 1804 5910 ³³
1841 5878 2146 5950 εὐδοκιμεῖν
2169 5904 2222 5940 u.
