3898 6578
249 393 392 462 1029

1070 396 1475 460 EXI’OSITIO
1516 398 1598 459 IN
1638 397 1879 463 EPIST.
1914 401 2014 460 AD
2051 401 2315 467 GALA'I‘.
2344 431 2410 442 -
2441 406 2597 470 CAP.
2631 411 2729 471 VI.

3364 372 3519 479 ἰοεο

242 518 657 591 κατηργημένῳ
673 536 687 549 ο
716 517 843 588 ἐμοὶ
868 517 927 572 δὲ
954 516 1030 590 μὴ
1054 519 1268 587 γένοιτο
1293 519 1351 571 ὲν
1377 516 1525 587 ἄλλῳ
1558 515 1667 569 τινὶ
1698 532 1825 570 καυ-

1942 517 2074 571 πιῑΙιί
2126 531 2307 576 autem
2363 537 2467 576 non
2516 525 2795 594 contingat
2826 524 2877 578 in
2906 523 3010 580 ulla
3045 524 3152 580 alia
3188 539 3247 583 re
3270 525 3517 600 gloriari,

240 609 466 679 χεῖσθαι,
516 628 534 660 ι
577 610 640 662 Ei
681 609 755 680 μὴ
802 609 860 662 ὲν
887 609 966 679 τῷ
1015 607 1238 680 σταυρῷ
1282 606 1379 661 τοῦ
1427 607 1638 679 Κυρίου
1670 607 1831 678 ἡμῶν

251 704 427 774 Ἰησοῦ
447 701 687 774 Χριστοῦ
723 724 742 755 ι
778 702 1078 771 (τουτέστιν
1112 705 1169 756 ὲν
1197 702 1263 773 τῇ
1293 702 1374 764 είς
1407 700 1501 753 τὸν
1549 701 1833 770 ἐσταυρω-

247 797 409 866 μένον
469 793 692 866 πίστει)
744 793 824 865 τῷ
875 794 969 847 τὸν
1015 794 1183 865 νόμον
1245 793 1686 866 καταργήσαντι.
1744 792 1833 856 Ὠς

240 887 693 957 ἀπηγορευμένον
733 886 790 940 δέ
824 903 878 939 τι
918 884 1228 956 ἀπηύξατο,
1284 886 1379 940 καὶ
1425 888 1524 957 τὴν
1560 885 1653 939 τοῦ
1692 884 1829 939 Θεοῦ

240 979 559 1050 συμμαχίαν
597 977 834 1040 καλέσας
871 979 951 1040 είς
980 977 1160 1030 τοῦτο.
1198 976 1322 1040 Πῶς
1350 976 1405 1030 δὲ
1432 975 1707 1046 καυχᾶταί
1742 994 1825 1040 τις

239 1073 333 1123 ἐπὶ
362 1072 443 1141 τῷ
471 1070 691 1141 σταυρῷ
716 1088 731 1133 ;
770 1069 917 1134 Ὅτι,
966 1068 1045 1122 Δι’
1073 1069 1174 1139 ἐμὲ
1200 1070 1292 1122 τὸν
1322 1069 1540 1139 ἀχρεῖον
1569 1070 1596 1120 ό
1621 1068 1831 1121 Δεσπό-

236 1178 339 1231 της
374 1179 476 1231 μου
526 1160 886 1233 ἐσταυρώθη,
939 1162 1236 1230 ἀγαπήσας
1283 1175 1349 1230 με
1380 1158 1578 1221 οὕτως,
1627 1158 1703 1221 ὡς
1731 1156 1829 1211 καὶ

238 1255 436 1308 ἑαυτὸν
484 1252 760 1307 ἐκδοῦναι.
813 1252 1094 1323 Καύχημα
1147 1247 1243 1305 οὖν
1289 1249 1387 1304 τοῦ
1436 1249 1678 1315 Παύλου,
1731 1249 1827 1304 καὶ

236 1346 455 1400 πιστοῦ*
478 1346 681 1410 παντὸς
706 1348 733 1399 ὀ
764 1346 1022 1416 σταυρὸς,
1067 1343 1144 1408 ὡς
1174 1344 1233 1397 ἐν
1261 1341 1413 1412 αὐτῷ
1467 1342 1827 1412 δεικνυμένης

235 1439 336 1509 τῆς
357 1439 453 1492 τοῦ
485 1439 754 1492 Δεσπότου
792 1440 928 1510 πρὸς
962 1440 1110 1510 ἡμᾶς
1139 1437 1385 1506 ἀγάπης.
1420 1436 1518 1500 Τίς
1555 1435 1609 1489 δὲ
1640 1437 1827 1501 δοῦλος

233 1531 295 1583 ού
328 1531 601 1599 καυχᾶται
626 1529 990 1602 ἀγαπώμενος
1019 1531 1170 1600 παρά
1198 1527 1294 1583 τοῦ
1317 1528 1611 1598 δεσπότουξς

314 1641 332 1673 ι
363 1622 442 1675 Δι’
476 1615 538 1676 οὗ
566 1625 689 1692 ἐμοὶ
718 1624 746 1674 ὁ
785 1622 992 1693 κόσμος
1023 1619 1394 1690 ἐσταύρωται,
1424 1617 1583 1687 κάγὼ
1613 1615 1693 1689 τῷ
1727 1617 1824 1671 κό-

235 1731 384 1783 σμῳ.
425 1733 444 1765 ι
491 1713 712 1785 Κόσμον
741 1712 812 1766 τὰ
846 1712 1078 1783 βιωτικὰ
1105 1712 1410 1783 πράγματα
1438 1709 1610 1778 λέγει,
1639 1697 1820 1776 δόξαν,

237 1806 761 1877 πλοῦτον,λτρυφήν.
812 1803 1005 1858 Ταῦτα
1048 1802 1184 1872 γοῦν
1242 1819 1334 1873 μοι
1381 1802 1552 1869 νεκρὰ
1604 1800 1819 1868 γέγονε,

1943 628 1962 660 ι
1997 608 2110 665 Nisi
2158 612 2210 665 in
2271 630 2433 669 crure
2468 616 2679 671 Domini
2712 619 2882 672 nostri
2911 616 3040 674 Jesu
3073 617 3301 683 Christi,
3341 638 3360 672 ι
3394 621 3519 692 (hoc

1933 707 2037 766 est,
2074 719 2125 756 tn
2159 702 2263 757 [ide
2288 719 2413 771 erga
2439 707 2780 781 crucillxum)
2827 710 2918 780 qui
2945 711 3117 781 legem
3155 709 3281 766 fecit
3307 712 3519 766 irritam

1933 796 1987 843 et
2013 790 2316 857 abrogavit.
2354 789 2634 863 Tanquatn
2660 808 2854 852 autem
2893 799 3315 855 abominandum
3360 802 3521 871 quip-

1935 881 2078 949 piam
2141 885 2463 953 deprecatus
2495 898 2597 953 est,
2643 889 2828 945 divino
2875 893 3036 947 etiam
3095 893 3296 949 auxilio
3319 895 3387 949 ad
3413 895 3518 951 hoc

1932 972 2245 1041 implorato.
2291 974 2575 1042 Quomodo
2607 991 2789 1034 autem
2820 981 2872 1036 in
2900 998 3067 1039 cruce
3094 987 3361 1056 quispiam
3398 988 3519 1057 glo-

1934 1067 2145 1121 riatur?
2181 1066 2315 1134 Quia
2357 1081 2575 1139 propter
2628 1088 2715 1127 me
2767 1074 3016 1131 inutilem
3051 1076 3312 1134 Dominus
3365 1096 3519 1137 meus

1930 1157 2226 1212 cruciﬁxus
2250 1168 2353 1224 est,
2377 1159 2540 1232 365
2567 1163 2656 1230 qui
2680 1177 2764 1218 me
2795 1164 2932 1219 adeo
2958 1164 3168 1230 dilexit,
3198 1178 3256 1223 ut
3275 1172 3516 1240 seipsum

1929 1248 1983 1303 in
2021 1261 2246 1305 mortem
2302 1267 2399 1322 pro
2429 1270 2512 1307 me
2553 1256 2812 1313 traderet.
2866 1256 3135 1314 Gloriatio
3174 1262 3336 1333 igitur
3362 1262 3518 1320 Pauli

1928 1350 1984 1396 et
2018 1342 2197 1397 omnis
2247 1343 2424 1399 ﬁdelis
2476 1359 2613 1400 crux
2662 1357 2770 1412 est,
2823 1348 2985 1405 veluti
3034 1351 3404 1410 demonstrata
3461 1359 3517 1412 in

1928 1433 2041 1502 ipsa
2075 1432 2286 1489 Domini
2313 1451 2438 1505 erga
2471 1454 2569 1492 nos
2605 1439 2892 1495 charitate.
2930 1445 3061 1510 Quis
3100 1455 3281 1500 autem
3325 1463 3517 1506 servus

1929 1540 1958 1577 a
1988 1524 2207 1581 d0mino
2247 1527 2476 1585 dilectus
2506 1546 2610 1585 non
2639 1532 2948 1601 gloriatur?

2007 1635 2026 1668 ι
2069 1616 2173 1671 Per
2204 1634 2364 1688 quem
2399 1623 2531 1676 mihi
2576 1628 2806 1680 mundus
2841 1627 3138 1684 crucitixus
3183 1640 3288 1699 est,
3317 1643 3371 1688 et
3415 1649 3517 1705 ego

1932 1710 2158 1763 mundo.
2194 1728 2213 1761 ι
2248 1708 2532 1779 Mundum,
2563 1712 2725 1782 hujus
2751 1716 2935 1770 smculi
2971 1732 3060 1772 res
3093 1727 3149 1772 ct
3177 1723 3389 1790 negetia
3428 1722 3516 1776 di-

1928 1800 2027 1864 cit,
2060 1800 2315 1871 gloriam,
2359 1803 2598 1869 divitias,
2652 1806 2980 1877 voluptates.
3032 1810 3158 1865 llaec
3189 1812 3354 1881 igitur
3380 1815 3514 1869 mihi

233 1899 395 1968 κάγὼ
420 1899 476 1953 δὲ
498 1900 680 1962 αὐτοῖς
716 1898 911 1970 νεκρός
956 1899 1097 1968 είμι,
1128 1895 1324 1965 διπλῆς
1359 1895 1459 1966 τῆς
1498 1892 1820 1965 νεκρώσεωξ

1937 1902 2053 1948 sntit
2106 1906 2340 1960 mortua,
2396 1910 2604 1968 egoque
2658 1899 2791 1966 ipsis
2836 1918 2954 1955 sum
2995 1914 3266 1965 mortuus,
3313 1904 3514 1974 duplici

233 1996 560 2067 γενομένης.
611 1995 751 2050 οὔτε
794 1995 905 2068 γὰρ
953 1996 1141 2049 ἐκεῖνα
1183 1992 1327 2047 ἑλεῖν
1397 2009 1465 2062 με
1538 1991 1767 2044 δύναται
1804 2031 1821 2054 ,

233 2090 411 2160 νεκρά
428 2091 540 2160 γάρ
564 2105 579 2120 '
604 2088 728 2143 οὐδὲ
758 2089 921 2153 αὐτὸς
935 2087 1308 2162 προσδραμεῖν
1333 2083 1563 2148 ἐκείνοις
1587 2101 1603 2116 ·
1633 2084 1825 2156 νεκρὸς

231 2184 347 2254 γάρ
384 2184 527 2253 είμι.

310 2297 330 2329 ι
408 2275 497 2329 Ἐν
548 2276 659 2347 γὰρ
720 2273 946 2346 Χριστῷ
1011 2274 1211 2345 Ἰησοῦ,
1256 2270 1382 2327 οὔτε
1435 2272 1711 2343 περιτομή
1767 2289 1818 2323 τι

233 2371 440 2441 ἰσχύει,
495 2367 620 2422 οὔτε
652 2366 1019 2438 ἀκροδυστία,
1073 2365 1211 2418 ἀλλὰ
1243 2366 1407 2433 καινὴ
1457 2365 1655 2425 κτίσις.
1710 2363 1822 2415 Καὶ

228 2467 349 2520 ὅσοι
376 2462 455 2532 τῷ
497 2462 684 2515 κανόνι
713 2458 892 2530 τούτῳ
936 2459 1337 2528 στοιχήσουσιν,
1372 2458 1564 2527 εἰρήνη
1603 2456 1688 2509 ἐπ’
1723 2455 1823 2509 αύ-

229 2558 366 2620 τοὺς
399 2556 498 2610 καὶ
523 2555 692 2619 ἕλεος,
723 2554 820 2606 καὶ
843 2554 937 2604 ἐπὶ
972 2552 1063 2605 τὸν
1105 2549 1323 2622 Ἰσραὴλ
1346 2548 1441 2602 τοῦ
1474 2548 1632 2602 Θεοῦ.
1667 2566 1686 2598 ›
1727 2547 1818 2617 Μή

236 2667 332 2720 μοι
356 2623 694 2716 λέγείφησὶ,
729 2642 1036 2714 περιτομὴν
1070 2641 1166 2712 τὴν
1194 2641 1349 2695 οὐδὲν
1383 2641 1694 2710 δυναμένην
1724 2639 1823 2692 καὶ

233 2737 518 2809 ἄχρηστον
554 2734 745 2800 οὖσαν,
775 2732 969 2805 ὥσπερ
1003 2735 1097 2788 καὶ
1142 2733 1175 2802 ἡ
1204 2731 1558 2803 ἀκροϐυστία.
1616 2731 1678 2784 '0
1713 2732 1822 2802 γὰρ

232 2829 474 2902 Χριστὸς
499 2830 677 2883 πάντα
707 2827 978 2891 ἑκαίνισε,
1007 2824 1102 2880 καὶ
1133 2824 1301 2891 ἄλλην
1347 2823 1627 2876 πολιτείαν
1658 2825 1825 2877 ἀπαι-

230 2927 322 2979 τεῖ
345 2925 518 2995 ἡμᾶς.
552 2924 733 2993 Καινὴ
769 2927 879 2993 γὰρ
923 2921 1102 2985 κτίσις
1153 2922 1187 2991 ἡ
1222 2919 1367 2973 κατά
1402 2919 1636 2991 Χριστὸν
1680 2917 1819 2988 ζωὴ,

231 3015 371 3069 διότι
401 3014 497 3069 νῦν
528 3015 585 3067 αί
618 3014 791 3083 ψυχαὶ⁵
819 3012 1000 3083 ήμῶν,
1027 3009 1430 3064 παλαιωθεῖσαι
1456 3013 1520 3080 τῇ
1550 3009 1818 3080 ἁμαρτίᾳ,

231 3106 624 3178 ἀνενεώθησαν
674 3106 752 3175 τῷ
793 3104 1138 3177 βαπτίσματι
1165 3120 1179 3134 ο
1222 3105 1319 3157 καὶ
1352 3103 1432 3156 ὅτι
1466 3103 1524 3154 ὲν
1572 3100 1649 3171 τῷ
1692 3092 1821 3171 μέλ-

1930 1983 2351 2054 interemptiune
2400 1986 2570 2043 facta.
2626 1988 2811 2059 Neque
2852 1991 2998 2044 enim
3048 1992 3137 2046 illa
3191 2008 3385 2062 capere
3430 2011 3517 2049 me

1932 2085 2183 2143 possunt,
2239 2088 2451 2132 mortua
2480 2088 2604 2134 sunt
2635 2081 2777 2135 enim
2810 2099 2825 2149 ;
2862 2098 3039 2154 neque
3074 2085 3187 2155 ipse
3214 2101 3313 2157 ego
3328 2087 3395 2140 ad
3428 2086 3516 2141 illa

1929 2184 2248 2235 accurrere,
2303 2182 2552 2227 mortuus
2580 2175 2724 2228 enim
2752 2188 2894 2229 sum.

2004 2263 2166 2317 Vens.
2204 2263 2296 2329 l5,
2328 2264 2418 2320 16.
2456 2283 2474 2317 ι
2528 2265 2583 2319 In
2607 2264 2827 2322 Christo
2862 2267 3005 2321 enim
3036 2266 3165 2324 Jesu
3198 2286 3373 2342 neque
3399 2274 3516 2327 cir-

1929 2356 2195 2410 cumcisio
2225 2356 2429 2426 aliquid
2465 2342 2628 2421 valet,
2654 2374 2832 2428 neque
2857 2362 3208 2429 prmputium,
3244 2365 3340 2418 sed
3376 2379 3516 2421 nom

1927 2453 2198 2501 creatura.
2236 2445 2303 2499 Et
2347 2449 2666 2517 quicunque
2708 2448 2851 2503 hanc
2892 2450 3134 2516 regulam
3174 2455 3341 2508 secuti
3397 2454 3516 2509 fne-

1928 2538 2059 2601 rint,
2094 2554 2195 2607 pax
2227 2554 2391 2607 super
2419 2539 2541 2594 illos
2563 2550 2621 2594 et
2647 2540 3046 2608 misericordia,
3077 2554 3132 2598 et
3155 2560 3320 2615 super
3348 2546 3515 2601 Israel

1928 2625 2046 2680 Dei.
2079 2645 2096 2679 ι
2128 2624 2209 2681 Ne
2239 2639 2413 2697 lactes
2451 2630 2588 2685 mihi
2628 2630 3130 2700 circumcisionem,
3164 2635 3361 2700 inquit,
3392 2650 3517 2708 qua:

1930 2722 2062 2775 nih'l
2110 2731 2310 2791 potest,
2363 2739 2591 2794 quaeque
2634 2724 2844 2780 inutilis
2876 2737 2979 2793 est,
3024 2727 3167 2783 sicut
3205 2738 3258 2784 et
3305 2746 3518 2800 prwpu-

1931 2815 2087 2870 tium.
2139 2813 2391 2870 Christus
2444 2817 2589 2869 enim
2644 2817 2831 2872 omnia
2891 2818 3133 2884 novavit,
3170 2819 3512 2889 aliamque‘a

1932 2906 2088 2961 nobis
2117 2909 2240 2962 vita:
2282 2908 2546 2962 rationem
2591 2910 2851 2979 postulat.
2886 2910 3036 2966 Nova
3070 2912 3216 2967 enim
3260 2924 3513 2978 creatura

1930 3011 2015 3055 est
2065 3001 2174 3054 vita
2220 3003 2521 3055 secundum
2574 3001 2853 3057 Christum
2917 3015 3204 3074 prapterea
3249 3006 3392 3074 quod
3459 3015 3515 3062 et

1933 3105 2075 3145 nunc
2104 3091 2300 3144 animm
2342 3102 2544 3146 nostra:
2595 3092 2908 3148 inveterata:
2948 3105 3192 3163 peccato,
3246 3106 3517 3151 renovata:

233 3196 384 3249 ὶοντι
415 3198 484 3267 τῇ
538 3193 819 3265 ἀφθαρσίᾳ
860 3195 956 3247 καὶ
985 3192 1111 3264 δόξῃ
1152 3189 1595 3263 τιμηθησὸμεθα,
1628 3191 1724 3244 καὶ
1756 3190 1825 3244 τὰ

1937 3195 2053 3269 sunt
2080 3199 2175 3253 per
2206 3184 2495 3254 baptisma,
2536 3191 2789 3256 quodque
2822 3187 2874 3241 in
2915 3187 3096 3243 futuro
3128 3189 3516 3265 incorruptibiv

234 3288 475 3359 σώματα
521 3285 921 3350 καινισθέντες,
977 3287 1072 3339 καὶ
1127 3283 1615 3355 ἀφθαρτισϐἐντες.
1664 3281 1823 3336 Ὀσοι

233 3378 330 3437 οὖν
362 3380 665 3453 ἐμμενοῦσι
698 3379 777 3452 τῷ
823 3380 1009 3433 κανόνι
1055 3378 1230 3449 τούτῳ
1280 3378 1376 3447 τῆς
1408 3379 1549 3430 κατὰ
1584 3375 1823 3446 Χριστὸν
1886 3418 1893 3431 ,

234 3473 431 3543 καινῆς
478 3470 782 3536 πολιτείας,
820 3469 1115 3540 φεύγοντες
1148 3470 1246 3542 τὴν
1280 3467 1688 3524 παλαιωθεῐσαν
1726 3466 1824 3521 καὶ

234 3564 664 3635 ἀδυνατήσασαν
712 3561 1042 3635 περιτομὴν,
1099 3562 1328 3633 εἰρήνης
1390 3560 1493 3630 τῆς
1557 3560 1694 3631 πρὸς
1730 3559 1825 3613 τὸν

235 3656 371 3711 Θεὸν
435 3654 836 3721 ὲπιτεύξονται,
893 3653 1304 3722 ἀπαλλαγέντες
1352 3651 1462 3705 τῶν
1504 3651 1827 3723 ἁμαρτιῶν,

235 3752 444 3812 αἵτινες
477 3750 612 3819 ἡμῖν
651 3746 1022 3816 ὲκπολεμοῦσι
1059 3746 1145 3800 τὸν
1186 3745 1344 3809 Θεὸν,
1371 3746 1469 3798 καὶ
1503 3744 1818 3816 φιλανθρω-

234 3843 369 3905 πίας
417 3842 819 3912 ἀξιωθήσονται.
850 3854 866 3870 ⁸
895 3838 1080 3893 οὐκέτι
1111 3837 1187 3902 ὡς
1227 3837 1414 3910 ἐχθροὶ
1438 3836 1531 3890 τοῦ
1560 3835 1696 3888 Θεοῦ
1737 3853 1825 3905 μι-

237 3935 519 4007 σούμενοι,
552 3934 669 3989 ἀλλ’
718 3932 907 3996 ἐλέους
934 3931 1269 4001 ἀξιούμενοι,
1302 3930 1377 3994 ὡς
1413 3930 1636 4001 εἰρήνης
1672 3945 1827 3995 γενο-

239 4028 415 4099 μένης
445 4028 631 4090 αύτοίς
659 4026 746 4080 διὰ
786 4023 882 4078 τοῦ
923 4022 1162 4094 σταυροῦ
1212 4022 1307 4075 καὶ
1344 4022 1442 4090 τῆς
1481 4021 1726 4090 χάριτος.
1762 4022 1824 4074 Οἱ

234 4117 477 4173 τοιοῦτοι
507 4116 565 4170 δέ
596 4116 704 4169 εἱσι
739 4116 838 4169 καὶ
873 4113 1091 4185 Ἰσραὴλ
1121 4112 1350 4185 κυρίως,
1379 4113 1450 4171 ὼς
1474 4112 1710 4183 δρῶντες
1734 4111 1824 4165 τὸν

234 4208 373 4263 Θεόν
401 4222 415 4237 ⁸
471 4208 545 4270 ὡς
580 4205 636 4260 οἵ
673 4222 741 4277 γε
793 4204 870 4278 μὴ
909 4205 1165 4269 τοιοῦτοι,
1216 4203 1319 4257 κάν
1378 4204 1713 4274 Ἰσραηλῖται
1761 4200 1826 4254 τὸ

236 4304 400 4370 γένος
454 4295 581 4367 ὦσι,
631 4298 848 4369 ψευδῶς
901 4297 1168 4367 λέγονται.
1217 4296 1390 4350 Τοῦτο
1437 4297 1492 4348 δὲ
1535 4293 1824 4365 παράντοῦ

238 4394 407 4449 Δαυῒδ
432 4392 654 4458 ἐδέξατο
672 4396 699 4447 ὁ
724 4391 961 4459 Παῦλος,
991 4390 1241 4459 λέγοντος
1267 4405 1280 4421 ·
1320 4408 1338 4440 ι
1378 4390 1584 4462 Εἰρήνη
1604 4390 1696 4442 ἐπὶ
1726 4388 1820 4442 τὸν

251 4488 495 4561 Ἰσραήλ.
544 4506 563 4539 ι

1932 3264 2083 3331 litate
2127 3284 2181 3328 et
2212 3275 2381 3344 gloria
2423 3275 2835 3344 honurabimur,
2875 3280 3196 3346 corporibus
3243 3264 3515 3337 innovatis

1934 3367 2548 3436 incorruptibilibusque
2593 3369 2840 3447 redditis.
2886 3368 3161 3437 Quotquot
3196 3372 3361 3442 igitur
3389 3388 3516 3443 per-

1934 3470 2185 3527 severant
2233 3460 2285 3513 in
2338 3459 2526 3531 regula
2563 3460 2667 3514 hac
2711 3474 2863 3515 nova:
2894 3464 3190 3516 secundum
3230 3460 3511 3518 Christum

1912 3550 2080 3613 vitae,
2122 3549 2389 3618 fugientes
2434 3549 2772 3617 antiquatam
2820 3557 2874 3602 et
2904 3558 3173 3619 potestate
3199 3550 3510 3607 destitutam

1934 3641 2431 3705 circumcisionem,
2469 3655 2656 3709 pacem
2703 3654 2847 3709 erga.
2875 3638 3041 3694 Deum
3087 3652 3509 3711 consequentur,

1936 3731 2149 3786 liberati
2179 3747 2211 3786 a
2237 3733 2477 3800 peccatis
2511 3746 2632 3801 qua:
2689 3731 2857 3786 Deum
2904 3733 3061 3787 nobis
3110 3730 3381 3788 infensum
3415 3734 3513 3789 ho-

1932 3835 2181 3894 stemque
2230 3823 2456 3885 faciunt,
2512 3832 2567 3875 et
2618 3821 2902 3878 clementia
2952 3824 3503 3893 dignabumur:non

1937 3933 2098 3989 porro
2131 3933 2225 3970 ceu
2246 3917 2433 3971 hostes
2464 3915 2553 3968 Dei
2582 3914 2707 3968 odio
2737 3915 2992 3984 expositi,
3017 3917 3111 3972 sed
3141 3916 3510 3973 misericordia

1937 4012 2149 4076 donati,
2185 4026 2284 4065 ceu
2316 4023 2447 4078 pace
2487 4008 2597 4063 illis
2630 4007 2767 4062 facta
2802 4023 2899 4077 per
2929 4021 3145 4063 crucem
3175 4019 3227 4063 et
3254 4010 3508 4082 gratiam.

1937 4105 2097 4162 Tales
2126 4104 2287 4160 etiam
2319 4112 2445 4158 sunt
2491 4102 2653 4158 Israel
2688 4103 2927 4173 proprie,
2975 4113 3230 4173 tanquam
3268 4105 3514 4159 videntes

1936 4198 2153 4263 Deum:
2203 4200 2344 4253 sicut
2388 4199 2424 4253 ii
2455 4198 2546 4267 qui
2598 4198 2905 4268 hujusmodi
2955 4214 3058 4253 non
3104 4208 3254 4263 sunt,
3300 4198 3512 4254 etiamsi

1936 4272 2135 4362 genere
2186 4290 2446 4345 Israelita:
2495 4289 2719 4356 fuerint,
2763 4290 2900 4344 falso
2945 4290 3205 4345 Israelita:
3236 4290 3510 4346 dicuntur.

1936 4383 2046 4439 Hoc
2095 4396 2272 4438 autem
2321 4400 2349 4436 a
2382 4383 2581 4438 Davide
2618 4384 2920 4454 desumpsit
2959 4382 3179 4449 Paulus,
3236 4383 3454 4439 dicente
3493 4401 3508 4437 :

1940 4492 1960 4527 ι
1997 4473 2107 4528 Pax
2146 4488 2310 4543 super
2341 4471 2505 4527 Israel
2538 4481 2587 4524 ι.
2630 4490 2649 4523 ι

320 4600 341 4634 ι
373 4579 482 4635 Τοῦ
507 4576 697 4632 λοιποῦ
728 4576 934 4639 κόπους
966 4591 1057 4646 μοι
1088 4573 1276 4645 μηδεὶς
1310 4573 1618 4644 παρεχέτω.
1662 4593 1679 4626 ι
1711 4573 1824 4627 Οὐκ

2011 4569 2170 4619 Vsus.
2207 4564 2289 4616 l7.
2328 4580 2349 4615 ι
2386 4563 2460 4618 De
2484 4571 2684 4617 caetero
2715 4576 2874 4616 nemo
2907 4561 3039 4616 mihi
3078 4561 3337 4619 molestus
3364 4563 3453 4620 sit.
3489 4582 3508 4616 ι

241 4674 316 4735 ὡς
348 4670 525 4725 ὀκνῶν
554 4667 731 4722 ταῦτα
752 4666 923 4734 λέγει,
953 4664 1060 4719 οὐδ’
1087 4666 1162 4728 ὡς
1192 4666 1547 4735 ὲκκακήσας..
1570 4664 1692 4726 Πῶς
1716 4661 1825 4733 γὰρ

242 4756 610 4830 ὁτὲαραινῶν,
672 4774 691 4809 ι
755 4753 1044 4825 Ἑπίστηθι
1102 4753 1397 4825 εὐκαίρως,
1460 4752 1742 4825 ἀκαίρως;
1802 4772 1821 4806 ι

243 4852 382 4906 ἀλλὰ
431 4850 756 4922 βουλόμενος
791 4849 917 4912 τοὺς
949 4847 1079 4919 παρ’
1118 4844 1287 4900 αὐτοῦ
1326 4844 1585 4917 τερέντας
1630 4846 1828 4922 νόμους

242 4921 538 5013 ἀκινήτους
567 4938 730 5007 εἶναι,
766 4943 860 4997 καὶ
902 4940 988 4993 ἵνα
1018 4937 1094 5009 μὴ
1120 4937 1416 5001 ὲλπίζωσιν
1455 4936 1586 4991 ἄλλο
1627 4921 1682 4990 ’ξι
1731 4939 1828 4991 ἀπ’

244 5021 437 5097 αὑτοῦ,
465 5032 604 5087 ἀλλά
623 5031 839 5086 τελείαν
863 5028 1240 5102 πληροφορίαν
1268 5026 1549 5111 δέξωνται,
1578 5027 1664 5081 ὅτι
1690 5025 1834 5082 οὕτω

248 5142 542 5200 κηρυσσεα

328 5326 347 5359 ι
400 5304 544 5374 Ἐγὼ
573 5304 684 5375 γὰρ
708 5303 776 5358 τὰ
801 5305 1077 5375 στίγματα
1102 5304 1195 5358 τοῦ
1225 5292 1433 5375 Κυρίου
1465 5304 1642 5377 Ἰησοῦ
1678 5307 1735 5359 ὲν
1753 5304 1830 5376 τῷ

251 5396 464 5467 σώμιτί
509 5412 611 5467 μου
658 5395 933 5466 βαστάζω.
992 5414 1025 5447 »λ
1089 5395 1436 5464 Ἀπολογίαν,
1479 5397 1666 5466 φησὶν,
1713 5395 1827 5467 ἔχω

251 5489 393 5561 πρὸς
425 5487 555 5552 τοὺς
596 5486 859 5556 λέγοντας
903 5487 1057 5558 ὑμῖν,
1100 5488 1183 5541 ὅτι
1218 5489 1519 5559 ὑποκριτής
1547 5488 1691 5557 είμι,
1739 5488 1835 5541 καὶ

160 5644 163 5645 ν
250 5579 490 5651 ἀλλαχοῦ
522 5579 826 5652 περιτομὴν
863 5578 1149 5649 κηρύσσω,
1193 5581 1261 5633 τὰ
1290 5581 1562 5650 στίγματα
1586 5576 1680 5634 καὶ
1707 5580 1835 5643 τοὺς

253 5671 539 5736 κινδύνους
566 5674 693 5735 τοὺς
726 5671 868 5733 ὑπὲρ
894 5668 1154 5742 Χριστοῦ.
1185 5672 1335 5725 Αὐτὰ
1362 5672 1472 5743 γὰρ
1504 5670 1677 5743 πάσης
1713 5689 1832 5740 φω-

370 5826 427 5893 ’σ
457 5849 602 5910 Psal.
629 5866 774 5921 cxxv,
808 5853 860 5908 5.
1003 5852 1030 5893 ιι
1059 5850 1101 5905 ιι
1143 5850 1284 5907 Tim.
1312 5865 1384 5918 IV,
1440 5852 1476 5904 9.

1933 4659 2049 4715 Non
2079 4669 2338 4727 tanquam
2371 4657 2577 4712 desidia
2605 4657 2880 4722 laborans,
2911 4671 3013 4712 nec
3044 4655 3199 4727 quasi
3231 4656 3510 4724 deﬁciens,

1937 4752 2053 4805 haec
2085 4749 2216 4803 dicit
2249 4765 2265 4814 ;
2303 4749 2573 4817 quomodo
2611 4750 2755 4802 enim
2789 4748 2836 4801 is
2857 4750 2922 4801 ad
2957 4750 3263 4803 socordiam
3305 4750 3515 4805 relaba-

1941 4851 2046 4907 tur,
2068 4840 2386 4911 quimonet,
2426 4857 2444 4890 ι
2489 4839 2635 4894 lnsta
2669 4849 2992 4910 opportune,
3029 4841 3336 4910 importune
3380 4838 3451 4893 1ιῖ
3485 4858 3507 4892 ι

1938 4946 2194 4988 caeterum
2227 4931 2417 4986 volens
2447 4930 2595 4999 leges
2629 4947 2657 4984 a
2692 4946 2750 4988 se
2782 4933 3019 4987 sancitas
3045 4932 3350 4987 immobiles
3369 4948 3509 4997 esse,

1936 5041 2070 5080 neve
2127 5018 2582 5094 aliud’quiddam
2642 5024 2712 5079 ab
2774 5039 2840 5079 eo
2910 5033 3148 5091 sperent,
3222 5023 3319 5079 sed
3379 5039 3514 5078 con-

1937 5128 2264 5173 sutntnalatu
2306 5116 2686 5170 certitudinem
2722 5114 3011 5183 accipiant,
3072 5113 3215 5181 quod
3248 5113 3328 5168 sic
3376 5127 3515 5183 prac-

1940 5209 2104 5263 dicat.

2015 5320 2033 5353 ι
2072 5300 2186 5371 Ego
2213 5299 2356 5353 enim
2379 5299 2630 5369 stigmata
2661 5295 2868 5352 Domini
2899 5295 3025 5350 Iesu
3051 5295 3103 5349 in
3132 5310 3359 5365 corpore
3393 5311 3513 5352 meo

1943 5403 2115 5462 porto.
2159 5413 2178 5443 ι
2218 5390 2536 5462 Apologiam
2567 5391 2757 5455 habeo,
2790 5388 2986 5458 inquit,
3017 5389 3277 5442 adversus
3302 5402 3394 5443 eos
3418 5389 3508 5459 qui
3564 5448 3565 5451 η

1943 5486 2097 5539 vobis
2131 5483 2321 5559 dicunt
2355 5498 2438 5538 me
2484 5496 2607 5536 esse
2663 5480 3024 5551 hypocritam,
3070 5487 3125 5534 et
3167 5481 3310 5549 quod
3380 5481 3508 5536 alibi

1941 5576 2411 5631 circumcisionem
2466 5572 2776 5642 praedicem,
2853 5572 3108 5642 stigmata
3149 5570 3408 5627 nimirum
3456 5581 3512 5626 et

1943 5669 2180 5740 pericula
2224 5680 2344 5732 quae
2376 5680 2474 5735 pro
2513 5662 2728 5720 Christo
2776 5662 2964 5720 subeo.
2992 5662 3117 5723 Haec
3164 5663 3313 5722 enim
3360 5663 3511 5723 omni
