3898 6566
446 359 581 430 1031

1298 354 1868 418 THEOPHYLACTI
1910 353 2323 416 ΒυωΑΒυΕ
2361 355 2719 418 ARCHIEP.

3539 353 3658 422 1C3!

442 494 576 535 voce
605 477 810 535 clarius
843 487 1132 544 testantur,
1161 479 1306 548 quod
1351 492 1456 532 non
1487 475 1620 547 legis
1651 475 1886 540 nomine,
1924 476 2018 530 sed

2136 473 2228 544 νῆς
2271 473 2656 544 λαμπρότερον
2704 470 3100 544 μαρτυροῦσιν,
3146 471 3228 527 ὅτι
3271 471 3332 526 ού
3369 470 3461 527 τοῦ
3504 474 3670 541 νόμου,

441 585 540 638 pro
598 569 802 625 Christi
848 568 1096 624 doctrina
1148 577 1202 622 et
1249 567 1544 638 Evangelio
1581 567 1719 635 ejus,
1767 564 2022 636 periculis

442 662 607 735 366
625 661 869 730 ohjectus
897 661 1112 716 fuerim.
1141 659 1257 714 Dion
1279 661 1413 714 dixit
1437 670 1641 723 autem,
1669 657 1872 722 Habeo,
1896 655 2014 721 sed,

451 773 469 802 ι
506 755 687 819 Porto,
735 773 753 806 ι
794 763 1049 822 tanquam
1082 761 1341 823 tropmum
1387 762 1443 807 et
1472 751 1726 806 vexillum
1749 750 2022 822 quoddam

445 847 673 918 regium,
724 855 889 916 alque
925 845 978 899 in
1018 845 1126 901 illis
1160 845 1384 915 glorior.

519 937 684 994 Vens.
715 939 803 995 18.
832 957 850 990 ι
881 937 1066 993 Gratia
1100 938 1310 993 Domini
1330 937 1502 993 nostri
1524 934 1650 992 Jesn
1671 935 1874 992 Christi
1900 950 2020 990 cum

442 1033 633 1099 spiritu
655 1041 854 1096 vestro,
876 1030 1094 1086 fratres.
1128 1031 1318 1085 Amen.
1355 1049 1372 1082 ι
1405 1030 1506 1084 Per
1530 1029 1632 1083 hoc
1657 1031 1798 1098 quod
1823 1042 1920 1096 pro
1953 1026 2019 1080 iis

445 1134 716 1196 precatur,
740 1125 944 1179 indicat
962 1128 1104 1194 quod
1127 1139 1231 1178 non
1252 1139 1318 1179 ex
1337 1124 1416 1179 ira
1439 1123 1520 1178 vel
1544 1122 1667 1177 odio
1689 1121 1888 1176 dixerit
1907 1134 2025 1189 quae

445 1217 668 1270 dixerit.
701 1213 816 1270 Non
848 1216 1020 1270 solum
1049 1226 1229 1270 autem
1274 1225 1457 1269 votum
1502 1216 1605 1269 hoc
1654 1223 1777 1278 est,
1813 1228 2027 1267 verum-

453 1312 616 1363 etiam
647 1309 915 1364 institutio
939 1309 1270 1364 conﬁrmans
1297 1320 1351 1363 et
1371 1309 1667 1379 obsignans
1693 1322 2028 1364 commemo-

447 1415 564 1456 rata
613 1403 816 1459 omnia.
863 1401 968 1456 Eos
998 1403 1144 1456 enim
1173 1401 1595 1457 commonefacit
1637 1401 1826 1472 gratia:
1861 1415 2024 1470 quam

446 1502 797 1558 receperunt,
831 1507 936 1546 non
966 1508 1064 1563 per
1093 1493 1288 1564 legem,
1322 1494 1415 1549 sed
1439 1494 1566 1563 quia
1599 1493 1820 1548 Christo
1843 1492 2024 1546 credi-

448 1584 666 1640 derunt.
719 1583 829 1639 Nec
875 1585 1043 1650 dixit,
1077 1583 1391 1648 Vobiscum,
1437 1586 1553 1649 sed,
1604 1602 1624 1636 ι
1663 1584 1798 1640 Cum
1831 1584 2025 1656 spiritu

452 1687 676 1732 vestro:
732 1694 751 1728 ι
798 1691 826 1729 a
863 1677 1178 1732 carnalibus
1235 1678 1382 1748 ipsos
1434 1677 1709 1734 abducens
1765 1689 1817 1734 et
1867 1693 2026 1733 mon—

450 1779 630 1824 strans
659 1772 800 1840 quod
834 1786 939 1826 non
969 1787 996 1824 a
1031 1770 1169 1842 lege,
1217 1771 1311 1827 sed
1351 1786 1382 1826 a
1424 1772 1597 1843 gratia
1644 1769 1904 1841 Spiritum
1933 1787 2028 1826 ac-

2127 565 2267 620 ἀλλὰ
2302 565 2396 618 τοῦ
2436 565 2579 618 κατὰ
2630 565 2866 638 Χριστὸν
2908 565 3179 636 δόγματος
3223 563 3672 636 προεκινδύνευσεν..

2126 657 2240 709 Ούκ
2304 651 2425 709 εἷπε
2479 655 2556 719 δὲ,
2596 656 2766 726 Ἐχω,
2830 655 2989 718 ἀλλὰ,
3050 674 3069 708 ι
3110 655 3396 720 Βαστάξω,
3449 673 3468 706 ›
3513 653 3674 724 ὥσπερ

2127 766 2180 802 τι
2227 748 2490 813 τρόπαιον
2533 747 2566 819 ἢ
2610 750 2836 819 σημεῖον
2877 747 3183 820 βασιλικὸν,
3225 748 3324 801 καὶ
3365 746 3566 810 τούτοις
3607 748 3677 800 ὲν-

2129 839 2464 912 ασρύνομαι.

2205 953 2225 985 ‹
2273 931 2338 986 Ἦ
2370 933 2532 1002 χάρις
2554 931 2648 986 τοῦ
2677 930 2884 1003 Κυρίου
2914 929 3073 1002 ἡμῶν
3111 928 3286 1001 Ἰησοῦ
3314 928 3544 1000 Χριστοῦ
3567 931 3680 1000 μετὰ

2125 1033 2220 1086 τοῦ
2273 1032 2591 1103 Πνεύματος
2637 1031 2814 1102 ὑμῶν,
2861 1029 3101 1098 ἀδελφοί.
3150 1029 3352 1098 Ἀμήν.
3410 1046 3428 1080 ι
3481 1027 3570 1080 Διὰ
3603 1026 3678 1079 τοῦ

2127 1123 2461 1188 ἐπεύξασθαι
2493 1123 2696 1186 αύτοῖς,
2752 1122 3027 1177 δείκνυσιν
3069 1121 3146 1186 ὡς
3183 1122 3246 1175 ού
3291 1120 3453 1192 θυμῷ
3479 1121 3564 1174 καὶ
3591 1122 3680 1174 ἀπ-

2135 1213 2326 1286 εχθείᾳ
2356 1211 2510 1272 εἶπεν
2539 1216 2588 1270 ἃ·
2627 1212 2803 1272 εἶπεν.
2833 1217 2908 1270 Οὺ
2936 1215 3098 1286 μόνον
3139 1215 3195 1270 δὲ
3227 1214 3386 1287 εὐχὴ,
3433 1215 3562 1269 ἀλλὰ
3605 1217 3680 1269 καὶ

2127 1306 2452 1362 διδασκαλία
2515 1308 2676 1362 τοῦτό
2732 1311 2902 1371 ἐστιν,
2951 1308 3432 1378 ὲπισφραγίζουσα
3495 1307 3560 1362 τὰ
3603 1309 3681 1378 ρη-

2129 1398 2290 1452 Θέντα
2346 1400 2544 1454 πάντα.
2605 1400 3040 1470 Ἀναμιμνὴσκει
3089 1402 3199 1468 γὰρ
3240 1398 3342 1468 τῆς
3391 1399 3604 1467 χάριτος
3627 1392 3680 1466 ἧς

2128 1492 2470 1556 ἀπέλαυσαν,
2500 1492 2562 1546 ού
2591 1493 2680 1548 διὰ
2709 1491 2802 1546 τοῦ
2834 1493 3024 1562 νόμου,
3057 1490 3195 1546 ἀλλὰ
3223 1489 3604 1552 πιστεύσαντες
3620 1489 3682 1561 τῷ

2128 1585 2376 1656 Χριστῷ.
2424 1586 2534 1638 Καὶ
2568 1586 2668 1638 οὐκ
2715 1581 2860 1650 εἷπε,
2909 1583 3048 1639 Μεθ’
3094 1583 3272 1656 ὑμῶν,
3307 1581 3472 1647 ἀλλὰ,
3506 1597 3524 1633 t
3556 1582 3684 1636 Μετὰ

2129 1677 2225 1732 τοῦ
2273 1677 2593 1749 πνεύματος
2631 1679 2808 1750 ὑμῶν,
2862 1697 2882 1731 ι
2937 1677 3170 1748 ἀπάγων
3215 1677 3420 1739 αὐτοὺς
3460 1675 3560 1728 ἀπὸ
3593 1675 3682 1729 τῶν

2136 1770 2440 1840 σαρκικῶν,
2479 1772 2574 1824 καὶ
2601 1771 2841 1835 δεικνὺς,
2874 1773 2958 1826 ὅτι
2985 1772 3086 1826 οὐκ
3115 1771 3224 1824 ἀπὸ
3245 1769 3345 1824 τοῦ
3373 1769 3559 1840 νόμου,
3588 1768 3684 1822 ἀλλ’

451 1862 695 1930 ceperint
726 1879 740 1928 ;
793 1871 849 1916 et
891 1865 1033 1930 quod
1067 1879 1172 1918 non
1214 1861 1295 1918 lex
1330 1879 1506 1934 neque
1530 1864 1893 1929 circumcisio,
1935 1863 2029 1918 sed

2140 1833 2250 1915 ἀπὸ
2279 1863 2380 1934 τῆς
2419 1833 2640 1934 χάριτος
2669 1864 2732 1917 τὸ
2771 1833 2997 1935 Πνεῦμα
3038 1863 3290 1929 ἐδέξαντο
3316 1877 3332 1894 °
3369 1833 3470 1916 sui.
3499 1861 3572 1914 ὅτι
3604 1861 3684 1930 οὐχ

447 1953 620 2022 gratia
651 1953 820 2022 possit
848 1953 979 2024 ipsis
1005 1951 1264 2023 Spiritum
1292 1968 1642 2021 conservare,
1675 1953 2034 2024 quemadmo-

449 2045 579 2098 dum
621 2054 676 2097 et
704 2043 870 2098 dedit.
917 2044 1212 2109 Praeterea,
1261 2060 1387 2101 cum
1435 2045 1632 2102 fratres
1661 2045 1916 2116 appellat,
1965 2045 2032 2100 ad

453 2136 769 2190 memoriam
803 2145 1020 2190 revocat
1066 2136 1360 2206 baptisma,
1393 2151 1458 2192 ex
1501 2151 1608 2207 quo
1637 2137 1830 2192 fratres
1862 2137 2034 2192 effici-

453 2243 600 2295 mur,
627 2229 788 2283 unius
817 2227 994 2284 Patris
1018 2229 1108 2284 Dei
1140 2229 1234 2284 filii
1273 2231 1426 2297 facti,
1457 2241 1510 2285 et
1541 2247 1646 2285 non
1687 2245 1751 2286 ex
1779 2230 1915 2300 lege.
1952 2229 2036 2286 Sit

454 2326 638 2373 autem
666 2319 945 2373 nobiscum
977 2321 1140 2374 etiam
1179 2321 1355 2390 gratia
1390 2320 1508 2384 Dei,
1546 2321 1619 2376 ita
1652 2329 1708 2375 ut
1733 2321 2034 2376 secundum

454 2412 720 2484 Spiritum
753 2414 1026 2478 vivamus,
1078 2427 1178 2467 nec
1207 2413 1448 2468 divinam
1484 2411 1755 2468 Paracleti
1794 2411 2036 2467 sanctiti-

455 2506 726 2560 cationem
755 2505 1065 2574 rejiciamus
1103 2519 1202 2575 per
1237 2515 1581 2576 peccatorum
1619 2503 1804 2558 limum
1833 2514 1888 2559 et
1918 2517 2038 2559 sor-

453 2597 570 2663 des,
600 2609 857 2652 caeterum
902 2613 1178 2667 nunquam
1225 2613 1333 2652 non
1373 2613 1493 2654 eam
1547 2598 2034 2652 sanctiﬁcationem

457 2689 718 2760 majorem
747 2688 902 2744 nobis
931 2691 1294 2744 conciliemus
1316 2690 1369 2744 iu
1403 2688 1624 2745 Christo
1643 2689 1771 2746 Jesu
1806 2689 2036 2745 Domino

461 2795 672 2854 nostro,
727 2785 819 2856 qui
869 2801 1065 2841 novam
1111 2786 1282 2841 vitam
1311 2795 1366 2840 et
1412 2786 1772 2856 spiritualem,
1832 2786 2037 2841 veteris

461 2875 708 2946 adeoque
740 2878 1039 2948 corporalis
1066 2877 1310 2943 interitu,
1337 2878 1493 2935 nobis
1525 2877 1908 2935 subindicavit.
1934 2877 2036 2936 Cui

457 2967 632 3040 gloria
661 2969 717 3025 in
741 2969 958 3027 secula.
985 2971 1182 3026 Amen.

459 3226 762 3269 ====

2134 1952 2164 2005 ὁ
2206 1953 2393 2024 νόμος,
2439 1955 2562 2009 οὐδὲ
2598 1956 2631 2025 ὴ
2680 1956 2972 2027 περιτομὴ,
3021 1954 3160 2010 ἀλλὰ
3207 1957 3241 2026 ἡ
3282 1954 3446 2025 χάρις
3491 1953 3684 2007 δύναται

2135 2049 2318 2110 αὐτοῖς
2345 2045 2406 2100 τὸ
2455 2047 2678 2118 Πνεῦμα
2727 2049 3085 2119 συντηρῆσαι,
3125 2047 3314 2118 ὥσπερ
3349 2043 3449 2100 οὖν
3491 2047 3578 2098 καὶ
3616 2045 3683 2097 δέ-

2136 2138 2331 2194 δωκεν.
2376 2139 2540 2194 Ἀλλὰ
2569 2142 2662 2194 καὶ
2689 2139 2788 2211 τῷ,
2828 2141 3096 2210 ἀδελφοὺς
3124 2141 3474 2211 προσειπεῖν,
3497 2138 3586 2208 τῆς
3604 2154 3682 2190 κο·

2137 2229 2460 2305 λυμσήθρας
2494 2233 2832 2304 ὑπέμνησεν,
2855 2234 2913 2301 ἐξ
2945 2229 3014 2306 ἧς
3041 2232 3264 2303 ἀδελφοὶ
3285 2228 3566 2301 γινόμεθα,
3589 2228 3682 2291 ἐνὸς

2138 2325 2353 2396 Πατρὸς
2386 2326 2494 2378 υἱοὶ
2515 2324 2609 2379 τοῦ
2641 2325 2778 2380 Θεοῦ
2807 2325 2980 2390 ὄντες,
3009 2324 3106 2379 καὶ
3137 2325 3238 2378 οὐκ
3269 2324 3377 2379 ἀπὸ
3407 2321 3498 2377 τοῦ
3523 2320 3681 2390 νόμον.

2137 2417 2237 2488 Ern
2277 2418 2332 2472 δὲ
2381 2415 2479 2470 καὶ
2530 2417 2651 2487 μεθ’
2685 2417 2844 2489 ἡμῶν
2877 2419 2910 2487 ἡ
2942 2417 3104 2488 χάρις
3146 2415 3242 2471 τοῦ
3283 2414 3430 2470 Θεοῦ
3477 2429 3684 2483 πνευμαρ

2137 2509 2308 2575 τικῶς
2372 2509 2658 2582 βιούντων,
2702 2511 2799 2564 καὶ
2853 2509 2947 2565 τὸν
3003 2509 3146 2564 θεῖον
3196 2507 3294 2562 τοῦ
3353 2503 3680 2578 Παρακλήτου

2137 2601 2412 2672 ἁγιασμὺν
2455 2602 2530 2673 μὴ
2571 2600 2989 2656 ἀποϐαλλόντων
3024 2600 3104 2670 τῷ
3145 2599 3259 2654 τῶν
3298 2597 3683 2670 ἁμαρτημάτων

2139 2693 2406 2767 βορϐόρῳ,
2437 2693 2554 2747 ἀλλ’
2585 2694 2672 2748 ἀεὶ
2704 2693 2930 2748 πλείονα
2973 2695 3185 2758 ἑαυτοῖς
3219 2689 3611 2764 προξενούντων
3636 2688 3682 2740 ἐν

2137 2785 2359 2858 Χριστῷ
2421 2785 2598 2858 Ἰησοῦ
2643 2785 2723 2857 τῷ
2773 2786 2962 2858 Κυρίῳ
3012 2787 3195 2858 ἡμῶν,
3249 2784 3332 2855 τῷ
3373 2784 3477 2857 τὴν
3515 2782 3680 2850 καινὴν

2139 2877 2286 2949 ζωὴν
2318 2881 2406 2932 καὶ⁸
2435 2877 2814 2949 πνευματικὴν
2840 2881 2908 2950 τῇ
2937 2878 3218 2950 ἀναιρέσει
3242 2878 3343 2949 τῆς
3367 2874 3592 2937 παλαιᾶς
3606 2871 3681 2926 καὶ

2140 2973 2461 3042 σωματικῆς
2507 2970 2876 3037 ύποδείξαντι.
2904 2964 2984 3044 ’ᾯ
3013 2973 3046 3042 ὴ
3078 2968 3207 3036 δόξα
3233 2969 3315 3034 εἰς
3337 2968 3462 3033 τοὺς
3489 2965 3679 3031 αἰῶνας.

2151 3063 2350 3136 Ἀμήν.

759 3231 3667 3270 Μ

1214 3394 2619 3573 ΘΕΟΦΥΛΑΚΤ
2627 3397 2929 3571 ΟΥ

1076 3669 2202 3766 ΛΡΧΙΕΠΙΣΚΟΠΟΥ
2273 3678 3082 3770 ΒΟΥΛΓΑΡΙΑΣ

2028 3855 2142 3902 THE

659 3994 889 4083 ΤΟΥ
960 3992 1300 4085 ΑΓΙΟΥ
1373 3996 1849 4089 ΠΑΥΛΟΥ
1903 4001 2194 4088 ΠΡΟΣ
2268 3999 2814 4088 ΕΦΕΣΙΟΥΣ
2886 3998 3515 4089 ΕΠΙΣΤΟΛΗΣ

1697 4187 2518 4338 ΕΞΗΓΗΣΙΣ,

1206 4415 2952 4743 THEOPIiYLACTI

1625 4834 2003 4893 BULGARLE
2035 4835 2568 4899 ARCHIEPISCOPI

942 4973 1570 5087 EPISTOLIE
1647 4995 1907 5089 DIVI
1987 4995 2347 5088 PAULI
2422 4997 2578 5089 AD
2647 4999 3240 5099 EPHESI‘OS

1724 5189 2461 5300 EXPOSITIO.

602 5527 759 5600 367
783 5525 1313 5600 novaremus!
1358 5502 1754 5592 EPISTOLAZ
1796 5539 1894 5596 Αι)

1054 5598 1458 5660 EPHESIOS.

547 5707 787 5778 Ephesus
836 5709 977 5766 Asire
1007 5727 1086 5767 est
1114 5715 1432 5784 metropolis.
1468 5717 1681 5776 Colebat
1715 5731 1888 5777 autem
1912 5723 2044 5780 Dis-

475 5815 620 5866 uam,
658 5801 812 5866 ταύρω
841 5803 1090 5872 templum
1121 5816 1232 5860 erat
1260 5807 1313 5860 in
1347 5808 1464 5876 ipsa
1483 5821 1530 5867 et
1557 5814 1964 5882 pulcherrimam
1990 5826 2041 5870 et

2333 5547 2704 5605 ΥΠΟΘΕΣῙΣ
2739 5551 2878 5605 ΤΗΣ
2910 5553 3108 5609 ΠΡΟΣ
3152 5551 3504 5612 ΕΦΕΣΙΟΥΣ

2731 5621 2915 5678 El"):
2925 5625 2968 5679 Τ
2979 5626 3172 5680 ΟΔΗΣ

2222 5727 2493 5798 Ἔφεσος.
2500 5731 2878 5802 μητρόπολις
2892 5735 3008 5803 μέν
3031 5737 3164 5793 ἐστι
3183 5739 3295 5807 τῆς
3328 5739 3531 5801 Ἀσίας·
3555 5735 3669 5790 ἐσέ-

2145 5820 2277 5874 ϐετο
2307 5821 2376 5874 δὲ
2425 5823 2538 5892 τὴν·
2567 5827 2858 5900 Ἄρτεμιν,
2908 5827 2986 5902 ἧς
3014 5833 3113 5888 καὶ
3144 5836 3291 5902 ναὸς
3357 5835 3428 5904 ἦν
3449 5830 3514 5883 ἐν
3536 5825 3664 5895 αὑτά
