3898 6586
260 379 402 451 1033

1036 374 1443 443 Ελνυδινιπιυ
1483 378 1559 441 ΙΝ
1605 372 1842 441 EPIST.
1883 379 1985 441 AD
2024 374 2292 443 EPHES.
2333 402 2401 415 --
2433 377 2591 442 CAP.
2638 380 2689 441 Ι.

3354 376 3497 447 1οΜ

240 500 586 563 ’κάλλιστος
627 496 725 551 καὶ
761 495 1069 567 μέγιστος,
1127 494 1454 565 τιμώμενος
1520 493 1623 549 καί
1669 493 1829 563 παρὰ

1948 496 2247 560 maximum,
2280 503 2326 549 et
2355 494 2420 549 ab
2454 494 2699 549 omnibus
2718 491 2918 549 Graecis
2945 493 3001 547 in
3037 454 3243 548 suntm
3271 509 3500 551 venero-

252 594 504 647 ειάντων
548 590 665 658 μὲν
697 586 1036 656 Ἑλλήνων,
1062 586 1335 656 μάλιστα
1360 585 1428 639 ea
1455 587 1499 620 ³¹
1528 584 1687 654 παρὰ
1716 584 1829 654 τῆς

264 684 545 752 Ἐφέσου,
572 680 729 736 ὥστε
760 681 858 734 καί
890 679 1192 747 νεωκόρον
1226 675 1338 746 τῆς
1369 676 1706 747 Ἀρτέμιδος
1732 674 1829 730 λέ-

250 777 463 846 retreat
495 774 740 840 ταύτην,
769 766 967 838 ὡς’ἐν
1010 770 1141 837 ταῖς
1186 768 1451 837 Πρὰξεσι
1482 768 1825 838 γέγραπται.

264 869 372 921 Ἕν
405 866 634 936 Ἐφέσῳ
653 865 720 919 δὲ
743 868 776 920 ὁ
794 863 1230 935 εὐαγγελιστὴς
1265 862 1551 928 Ἰωάννης
1573 861 1648 915 τὰ
1676 863 1828 916 πολ-

249 960 335 1015 λὰ
394 960 723 1029 διέτριψεν,
768 956 1105 1025 ἐξορισθεὶς
1162 954 1392 1018 ἐκεῖσε,
1422 953 1568 1010 ἔνθα
1613 954 1830 1008 καίτε-

248 1052 464 1120 λειρτᾷ.
513 1053 620 1108 Καὶ
674 1050 961 1119 Τιμόθεον
1002 1049 1133 1105 ἐκεῖ
1171 1049 1498 1103 κατέλιπεν
1524 1050 1556 1102 ό
1587 1046 1830 1111 Παῦλος

246 1146 636 1202 διδάσκαλον
661 1162 676 1177 ⁸
709 1144 831 1198 τῶν
883 1161 946 1198 τε
976 1143 1335 1213 φιλοσόφων
1359 1145 1414 1195 οι
1433 1140 1700 1209 μάλιστα
1724 1139 1829 1194 ἀν·

247 1241 559 1307 ϐήσαντες
589 1238 662 1292 ἐν
686 1237 871 1305 ταύτῃ
897 1233 1129 1305 διῆγον.
1166 1234 1330 1289 Ἐπεί
1384 1227 1501 1288 οὖν
1551 1230 1830 1286 δεισιδαί-

241 1346 382 1399 μων
419 1345 488 1383 τε
540 1324 621 1398 ἦν
670 1328 859 1394 οὕτως
901 1327 941 1396 ἡ
999 1327 1200 1395 πόλις,
1263 1323 1365 1378 καὶ
1418 1324 1571 1377 οὕτω
1614 1322 1830 1392 σοφοῖς

245 1420 465 1488 ἐκόμα,
491 1416 695 1487 πολλῇ
751 1415 998 1486 σπουδῇ
1052 1418 1334 1486 κέχρηται
1395 1413 1638 1480 Παῦλος
1677 1414 1830 1482 πρὸς

244 1508 394 1575 τοὺς
415 1510 726 1574 τοιούτους
748 1505 1011 1577 γράφων,
1054 1506 1152 1561 καὶ
1185 1505 1260 1560 τὰ
1284 1505 1589 1573 βαθύτερα
1612 1504 1682 1558 δὲ
1708 1504 1830 1559 τῶν

242 1599 572 1670 νοημάτων
626 1598 726 1654 καὶ
783 1599 1136 1667 ὑψηλότερα
1182 1596 1393 1663 αὐτοῖς
1442 1596 1825 1663 ἐπίστευσεν,

240 1691 352 1746 ἅτε
380 1688 821 1761 κατηχημένοις
848 1689 989 1759 ἤδη.
1021 1688 1245 1759 Γράφει
1274 1687 1344 1742 δὲ
1369 1687 1484 1757 τὴν
1508 1686 1629 1741 τῶν
1651 1690 1829 1757 ὑπερ-

241 1785 453 1853 όγκων
489 1781 805 1850 νοημάτων
835 1782 1079 1857 ταύτην⁵
1100 1780 1411 1851 γέμουσαν
1458 1778 1830 1847 Ἐπιστολὴν

1932 587 2073 641 tione
2100 586 2334 640 habitum
2363 600 2383 638 :
2420 587 2751 654 potissimum
2780 602 2904 641 vero
2932 586 2998 640 ab
3023 587 3136 656 ipsa
3184 586 3394 657 Epheso
3414 606 3502 646 co»

1932 678 2159 741 lebatur,
2193 678 2324 732 adeo
2345 688 2401 732 ut
2432 678 2661 734 sedimus
2684 677 2958 734 Dianwea
2985 680 3268 749 diceretur,
3286 683 3502 752 perinde

1933 780 1987 824 ut
2024 772 2077 824 in
2117 769 2260 823 Actia
2303 770 2573 824 memorie
2614 771 2881 839 proditum
2928 783 3005 825 est
3042 775 3089 826 ι.
3122 771 3317 842 Ephesi
3346 791 3503 846 erant.

1932 863 2118 933 gelista
2142 860 2378 915 Joannes
2402 862 2492 914 diu
2538 862 2863 932 multumque
2896 862 3206 920 demoratus
3230 875 3325 928 est,
3360 865 3504 921 able-

1933 963 2088 1024 gatus
2117 967 2199 1015 eo.
2233 950 2329 1005 ubi
2356 959 2404 1005 et
2438 959 2658 1006 mortem
2678 952 2921 1021 oppetiit.
2966 953 3105 1019 Quin
3130 956 3292 1010 etiam
3326 954 3503 1010 Timo-

1932 1047 2106 1101 theum
2140 1042 2344 1099 Paulus
2374 1042 2488 1098 illic
2513 1043 2721 1112 reliquit
2742 1045 3030 1101 doctorem.
3052 1046 3352 1103 Clarissimi
3372 1064 3500 1118 por.

1934 1154 1993 1192 ro
2022 1136 2320 1207 philosophi
2354 1137 2411 1189 in
2457 1139 2558 1190 hac
2588 1136 2716 1190 urbe
2755 1136 3015 1191 vixerunt.
3049 1137 3188 1202 Quia
3219 1140 3381 1209 igitur
3402 1157 3500 1195 sst-

1930 1229 2230 1299 perstitiosa
2256 1230 2387 1284 adeo
2408 1240 2519 1284 erat
2545 1229 2748 1293 civitas,
2785 1244 2847 1282 ac
2882 1230 3212 1297 sapiemibus
3256 1232 3386 1286 uiris
3425 1233 3503 1286 ita

1932 1321 2182 1392 pollebat,
2210 1338 2405 1391 magna
2457 1321 2733 1392 diligentia
2767 1319 2973 1375 Paulus
3018 1338 3144 1376 usus
3176 1332 3252 1377 est
3281 1324 3404 1378 dum
3428 1325 3501 1378 ad

1933 1420 2027 1468 nos
2058 1415 2259 1479 scribit,
2291 1414 2767 1485 profundioresque
2787 1414 3071 1477 sententias
3101 1424 3150 1469 et
3180 1414 3396 1470 altiores
3424 1418 3501 1471 eis

1932 1508 2175 1572 credidit,
2203 1523 2262 1562 eo
2286 1506 2425 1577 quod
2446 1507 2563 1575 jam
2595 1507 2649 1562 in
2698 1508 2804 1577 fide
2826 1506 3065 1561 instituti
3089 1517 3278 1562 essent.
3307 1508 3502 1564 Scribit

1930 1609 2106 1654 autem
2126 1598 2263 1653 Itane
2280 1599 2557 1669 prteclaris
2580 1600 2845 1655 sententiis
2872 1589 3120 1663 refertam
3144 1599 3436 1671 Epistolam
3466 1616 3501 1655 a

1930 1690 2121 1759 Roma,
2148 1693 2204 1747 in
2237 1691 2456 1747 vinculis
2492 1693 2772 1749 exsistens.
2807 1691 2952 1762 Opus
2983 1701 3061 1748 est
3090 1693 3257 1763 igitur
3279 1704 3327 1749 et
3352 1695 3501 1748 nobis

1933 1783 2101 1839 multa
2153 1785 2464 1851 attentione,
2500 1795 2556 1839 ut
2588 1784 2951 1856 intelligamus
3002 1800 3121 1856 qua:
3170 1794 3294 1841 sunt
3318 1786 3375 1839 in
3402 1786 3506 1840 ttae

240 1872 367 1928 ἀπὸ
407 1868 636 1941 Ῥώμης
686 1869 1027 1941 δεδεμένος.
1056 1870 1157 1924 Δεῖ
1180 1866 1299 1927 οὖν
1351 1870 1454 1925 καί
1506 1869 1654 1940 ἡμῖν
1681 1873 1829 1926 πολ·
1856 1860 1903 1920 Β
1932 1876 2205 1948 mysteria.

240 1961 369 2030 ,πῆς
416 1961 529 2030 τῆς
583 1960 896 2031 προσοχῆς
925 1962 1077 2030 πρές
1109 1961 1155 1996 ⁸³
1189 1962 1563 2029 κατανόησιν
1592 1958 1715 2015 τῶν
1752 1961 1824 2016 ἐν

236 2051 437 2121 ταύτῃ
456 2050 759 2121 υθμυστηί
779 2051 903 2105 ίων.

709 2413 1825 2532 TH‘EOPHYLACTI
1923 2411 3058 2533 COMMENTARIUS

1272 2646 1353 2710 IN
1398 2647 1858 2713 EPISTOLAM
1903 2630 2009 2715 At)
2053 2647 2467 2713 EPHESIOS.

1829 2838 1900 2857 .-

682 2964 1079 3023 ΚΕΦΑΔΔῙΟΝ
1124 2960 1421 3023 ΠΡΩΤΟΝ.

332 3102 354 3137 ι
386 3080 600 3144 Παῦλος
625 3079 920 3144 ἀπόστολος
955 3078 1131 3151 Ἰησοῦ
1156 3079 1393 3151 Χριστοῦ
1420 3079 1510 3134 διὰ
1529 3077 1832 3154 θελήματος

241 3176 415 3231 Θεοῦ.
452 3194 473 3229 ι
518 3174 647 3230 Ἰδοὺ
676 3174 758 3237 τὸ,
796 3192 814 3226 ι
845 3171 965 3239 Διὰ,
994 3189 1013 3225 s
1048 3172 1126 3243 τῷ
1154 3173 1329 3244 Πατρὶ
1359 3172 1579 3227 δέδωκε⁶
1609 3175 1705 3229 καὶ
1734 3191 1832 3245 ση-

244 3268 492 3340 μείωσαι
520 3266 677 3320 τοῦτο
708 3265 798 3320 διὰ
833 3267 960 3329 τοὺς
1001 3265 1334 3336 Ἀρειανούς.

332 3378 353 3412 ι
391 3360 519 3423 Τοῖς
552 3359 730 3427 ἁγίοις
780 3360 892 3425 τοῖς
931 3354 1082 3412 οὖσιν
1114 3359 1173 3411 ὲν
1229 3357 1459 3430 Ἐφέσῳ,
1493 3357 1585 3412 καὶ
1624 3362 1834 3425 πιστοῖς

240 3451 308 3504 ὲν
348 3449 568 3521 Χριστῷ
607 3446 807 3520 Ἰησοῦ.
859 3466 879 3501 s
935 3448 1095 3519 Ὀρα,
1146 3447 1288 3520 πόση
1317 3445 1385 3521 ἦν
1411 3448 1535 3502 τότε
1567 3449 1602 3520 ἡ
1639 3449 1831 3522 ἀρετὴ,

241 3545 345 3597 ὅτε
371 3544 561 3615 ἁγίους
596 3544 687 3599 καὶ
727 3543 953 3605 πιστοὺς
983 3541 1139 3597 καλεῖ
1165 3541 1366 3613 ἄνδρας
1393 3540 1704 3611 βιωτικούς,
1733 3559 1834 3611 γυ-

241 3640 446 3709 ναῖκας
493 3635 719 3707 ἔχοντας
764 3635 858 3689 καὶ
895 3634 1104 3688 παιδίαο
1136 3633 1271 3689 ἀλλὰ
1300 3633 1395 3687 νῦν
1444 3634 1565 3688 οὐδὲ
1599 3636 1659 3689 ἐν
1683 3633 1834 3707 δρεσι

244 3730 353 3783 καὶ
386 3727 673 3799 σπηλαίοις
698 3727 953 3783 τοιοῦτοι.

334 3836 354 3871 ι
390 3821 565 3889 Χάρις
602 3819 730 3889 ὑμῖν
759 3819 855 3873 καὶ
883 3819 1072 3888 εἰρήνη
1107 3818 1216 3872 ἀπὸ
1244 3816 1378 3872 Θεοῦ
1405 3819 1620 3892 Πατρὸς
1650 3820 1832 3892 ἡμῶν,

245 3911 353 3967 καὶ
382 3911 592 3982 Κυρίου
632 3910 804 3982 Ἰησοῦ
839 3910 1103 3982 Χριστοῦ.
1138 3929 1156 3963 ι
1193 3909 1377 3965 Εἰπὼν
1407 3910 1587 3982 χάριν,
1615 3912 1837 3981 ἐπάγει,

252 4024 274 4057 ι
323 4003 460 4057 Θεοῦ
494 4004 706 4075 Πατρὸς
736 4003 915 4075 ἡμῶν,
956 4023 975 4055 ι
1004 4003 1093 4058 ἴνα
1113 4002 1263 4075 δείξῃ
1295 4005 1350 4055 τί
1375 4004 1669 4076 εἰργάσατο
1705 4006 1836 4076 ἡμῖν

248 4097 290 4167 ὴ
323 4094 502 4166 χάρις,
534 4095 595 4147 τὸ
629 4095 849 4165 Πατέρα
878 4093 1033 4166 ἡμῶν
1059 4094 1279 4165 ποιῆσαι
1309 4094 1401 4148 τὸν
1433 4096 1711 4167 Δεσπότην
1742 4097 1836 4152 καὶ

249 4187 414 4241 θεόν.
470 4186 632 4240 Ἀλλὰ
663 4186 758 4241 καὶ¹
792 4188 819 4241 ὁ
854 4185 1079 4256 Κύριος,
1130 4185 1434 4253 τουτέστιν,
1481 4188 1509 4241 ὁ
1558 4187 1707 4257 Υἱὸς,
1766 4192 1835 4261 τῇ

252 4279 398 4351 πρὸς
431 4279 581 4349 ἡμᾶς
613 4279 796 4350 χάριτι
830 4280 924 4333 καὶ
956 4276 1167 4350 Ἰησοῦς
1203 4277 1295 4331 καὶ
1332 4279 1567 4351 Χριστὸς
1598 4282 1832 4350 ἐγένετο,

1863 4331 1916 4391 D

2384 2966 2550 3040 369
2597 2965 2826 3024 CAPUT
2860 2963 3155 3025 putuuu.

2008 3085 2171 3140 Vens.
2198 3084 2247 3140 l.
2295 3102 2313 3136 ι
2340 3082 2537 3139 Paulus
2564 3084 2840 3152 apostolus
2872 3082 2998 3139 Iesu
3036 3083 3239 3139 Christi
3281 3098 3378 3153 per
3411 3098 3507 3139 vo-

1938 3178 2195 3233 luntatem
2230 3176 2347 3233 Dei.
2385 3197 2404 3230 ι
2434 3176 2574 3233 Ecce
2599 3177 3057 3248 praepositionem,
3089 3195 3107 3229 ι
3144 3176 3266 3245 Per,
3303 3194 3322 3231 ι
3358 3178 3505 3233 Patri

1938 3268 2128 3324 tribuit
2157 3285 2171 3322 :
2205 3269 2348 3339 quod
2377 3267 2603 3323 observa
2639 3277 2857 3338 propter
2878 3269 3131 3324 Arianos.

2012 3377 2032 3411 ι
2068 3359 2284 3414 Sanctis
2313 3357 2403 3429 qui
2434 3366 2561 3413 sunt
2594 3358 2813 3429 Ephesi,
2842 3367 2896 3413 et
2931 3358 3176 3414 ﬁdelibus
3203 3360 3256 3415 in
3290 3359 3508 3419 Christo

1936 3447 2085 3507 Iesu.
2126 3468 2146 3504 ι
2204 3450 2588 3506 Animadverte
2637 3461 2839 3524 quanta
2870 3450 3041 3508 virtus
3086 3460 3198 3508 tum
3266 3456 3508 3524 resplen-

1937 3542 2136 3609 duerit,
2165 3558 2286 3599 cum
2328 3552 2551 3599 sanctos
2587 3551 2643 3598 et
2666 3542 2849 3598 ﬁdeles
2870 3545 3101 3613 appellet
3132 3545 3281 3601 viros
3321 3547 3505 3601 mundi

1939 3636 2167 3704 negotiis
2180 3634 2410 3699 deditos,
2429 3648 2623 3689 uxores
2646 3633 2905 3689 habentes
2933 3646 2986 3689 et
3004 3634 3223 3691 liberos.
3252 3639 3324 3692 At
3352 3638 3510 3694 hodie

1941 3741 2006 3779 ne
2025 3726 2076 3779 in
2097 3726 2367 3781 montibus
2383 3724 2596 3795 quidem
2614 3734 2668 3778 et
2685 3725 2957 3798 speluncis
2982 3725 3118 3781 tales
3139 3728 3507 3796 reperiuntur.

2011 3816 2176 3872 Vens.
2218 3818 2273 3872 2.
2316 3834 2336 3869 ι
2393 3815 2577 3872 Gratia
2635 3817 2789 3872 vobis
2841 3826 2896 3872 et
2952 3832 3054 3886 pax
3104 3832 3136 3872 ιι
3186 3817 3297 3875 Deo
3347 3821 3511 3878 Patre

1942 3920 2147 3973 nostro,
2200 3916 2255 3962 et
2300 3906 2527 3962 Domino
2567 3906 2694 3962 Iesu
2744 3906 2980 3962 Christo.
3031 3927 3052 3961 ι
3109 3907 3243 3964 Cum
3288 3910 3515 3967 dixisset

1940 4003 2187 4075 gratiam,
2222 4002 2403 4067 infert,
2434 4018 2454 4053 ι
2503 4000 2594 4055 Dei
2648 3999 2825 4055 Patris
2869 4001 3061 4067 nostri,
3099 4019 3118 4053 ι
3169 4010 3227 4056 ιιι
3262 4004 3514 4059 ostendat

1942 4094 2066 4159 quid
2098 4093 2334 4149 ell‘ecerit
2364 4107 2460 4164 pro
2494 4091 2649 4147 nobis
2674 4091 2871 4161 gratia,
2908 4092 3183 4159 nimirum,
3220 4100 3278 4148 ut
3326 4092 3512 4148 Domi-

1942 4203 2069 4242 num
2106 4187 2273 4243 Deum
2316 4186 2529 4241 Patrem
2570 4194 2812 4241 nostrum
2863 4184 3088 4242 laceret.
3115 4185 3194 4240 Ad
3244 4187 3378 4253 haec,
3414 4187 3517 4241 Do-

1946 4279 2147 4344 minus,
2170 4278 2269 4334 hoc
2300 4285 2382 4333 est
2411 4275 2598 4343 Filius,
2647 4294 2741 4333 sua
2788 4292 2913 4350 erga
2958 4293 3057 4334 nos
3082 4278 3250 4348 gratia
3276 4289 3331 4333 et
3360 4277 3517 4334 Iesus

252 4370 325 4424 δι’
350 4371 501 4440 ἡμᾶς
529 4369 856 4441 σαρκωθεὶς,
887 4369 982 4424 καὶ
1022 4368 1230 4440 Ἰησοῦς
1256 4369 1501 4442 κληθεὶς,
1525 4371 1620 4427 καὶ
1642 4371 1831 4444 χρίσας

1948 4381 2001 4427 et
2040 4370 2291 4426 Christus
2349 4371 2523 4425 lactus
2552 4379 2660 4435 est,
2688 4381 2907 4441 propter
2941 4384 3039 4425 nos
3080 4372 3417 4436 incarnatus,
3450 4386 3516 4424 ac

252 4462 356 4534 τὴν
396 4463 793 4534 ἀνθρωπὸτητα
822 4466 888 4535 τῇ
924 4463 1161 4535 θεότητι.

336 4574 357 4609 ι
404 4553 711 4626 Εὐλογητὸς
744 4556 773 4608 ὁ
805 4554 938 4618 Θεὸς
971 4555 1069 4609 καὶ
1094 4555 1286 4628 Πατὴρ
1311 4555 1405 4611 τοῦ
1439 4556 1643 4628 Κυρίου
1686 4556 1843 4627 ἡμῶν

270 4646 451 4717 Ἰησοῦ
499 4646 760 4717 Χριστοῦ.
818 4666 837 4700 ι
882 4646 1016 4701 Ἰδοὺ
1064 4649 1160 4703 καὶ
1206 4648 1335 4712 Θεὸς
1382 4647 1477 4702 καὶ
1512 4646 1704 4719 Πατὴρ
1747 4648 1841 4702 τοῦ

257 4739 428 4793 αὐτοῦ
460 4742 553 4793 καὶ
585 4740 702 4805 ἑνὸς
735 4739 993 4811 Χριστοῦο
1026 4740 1159 4807 Θεὸς
1187 4740 1306 4813 μὲν,
1339 4740 1414 4804 ὡς
1444 4740 1839 4813 σαρκωθέντος·

259 4832 456 4904 Πατὴρ
484 4833 562 4899 δὲ,
603 4833 679 4896 ὠς
711 4833 848 4887 Θεοῦ
881 4833 1080 4902 Λόγου.
1720 4897 1731 4908 ,

338 4944 358 4978 ι
421 4924 481 4978 '0
516 4925 818 4996 εὐλογήσας
854 4926 1001 4996 ἡμᾶς
1033 4929 1091 4979 ὲν
1127 4926 1278 4997 πάσῃ
1331 4924 1550 4995 εὐλογίᾳ
1598 4940 1845 4995 πνευμα-

258 5016 414 5086 τικῇ.
455 5033 476 5068 ι
521 5015 608 5078 Ὠς
641 5015 779 5086 πρὸς
816 5016 1223 5087 ἁντιδιαστολὴν
1244 5018 1344 5086 τῆς
1380 5015 1695 5087 Ἰουδαϊκῆς,
1723 5013 1843 5069 εἷπε

260 5107 351 5171 τὸ,
388 5125 406 5157 ι
450 5107 826 5180 Πνευματικῇ·
869 5126 888 5159 ι
925 5108 1111 5179 ἐκείνη
1136 5107 1246 5177 γὰρ
1278 5107 1711 5178 σωματικωτέρα
1755 5101 1844 5178 ἦν.

270 5216 289 5249 ι
327 5198 635 5270 Εὐλογησαι
668 5218 688 5251 s
726 5200 857 5272 γὰρ,
891 5200 1080 5270 φησὶν,
1120 5218 1139 5252 ι
1192 5198 1221 5250 ὁ
1253 5198 1384 5261 Θεὸς
1414 5199 1483 5252 τὰ
1514 5197 1712 5266 ἔκγονα
1745 5198 1846 5269 τῆς

265 5289 476 5354 κοιλίας
502 5307 595 5343 σου
625 5306 641 5322 ο
666 5308 685 5344 ι
724 5276 836 5356 καὶ,
867 5310 887 5345 ι
918 5292 1223 5361 Εὐλογήσαι
1249 5289 1349 5361 τὴν
1371 5288 1573 5343 εῐσοδόν
1596 5305 1712 5354 σου,
1743 5288 1839 5342 καὶ

264 5380 365 5453 τὴν
396 5381 572 5446 ἐξοδόν
601 5400 718 5439 σου.
762 5402 781 5437 ι
830 5383 1090 5440 Ἐνταῦθα
1117 5384 1196 5439 δὲ.
1237 5384 1393 5436 Πᾶσα
1426 5381 1643 5452 εὐλογία
1670 5398 1837 5435 πνευ-

272 5472 480 5543 ματικὴ
506 5474 583 5541 ⁸³³,
638 5476 734 5527 καὶ
764 5476 914 5530 οὐδὲν
962 5476 1093 5547 ἡμῖν
1133 5475 1330 5528 λείπει.
1375 5473 1682 5543 Γεγόναμεν
1728 5470 1839 5542 γὰρ

388 5590 408 5632 ί
461 5589 580 5645 Act.
614 5605 732 5657 xIx,
770 5588 861 5643 54.
1010 5586 1026 5638 l
1069 5588 1228 5643 Deut.
1264 5602 1356 5651 ru,
1382 5586 1471 5641 l5.

1942 4462 2102 4519 Iesus
2133 4472 2371 4530 vat-atus,
2403 4460 2494 4531 qui
2525 4471 2580 4516 et
2603 4461 2992 4515 humanitatem
3029 4459 3309 4514 divinitate
3336 4461 3510 4515 unxit.

2019 4554 2180 4610 Vsus.
2229 4555 2283 4609 5.
2332 4572 2351 4606 ι
2412 4553 2735 4609 Benedictus
2787 4553 2928 4609 Deus
2981 4563 3036 4609 ct
3082 4551 3251 4607 Pater
3303 4552 3512 4609 Domini

1945 4650 2117 4704 nostri
2149 4645 2276 4702 Iesu
2309 4645 2532 4702 Christi.
2576 4664 2595 4698 ι
2626 4646 2707 4700 Ειι
2740 4644 2881 4700 Deus
2910 4654 2964 4701 et
2991 4645 3151 4701 Pater
3188 4647 3428 4717 ejusdem
3461 4657 3515 4703 et

1947 4739 2107 4791 unius
2158 4734 2357 4791 Christi
2391 4750 2406 4789 :
2439 4724 2581 4790 Deus
2623 4735 2865 4805 quidem,
2903 4745 2960 4791 ut
3009 4736 3314 4804 iucarnati;
3353 4739 3515 4793 Pater

1946 4844 2095 4895 vero,
2129 4836 2184 4882 ut
2211 4828 2305 4883 Dei
2334 4825 2519 4882 Verbi.

2022 4937 2041 4971 ι
2081 4919 2180 4986 Qui
2233 4918 2505 4974 benedixit
2550 4933 2649 4973 nos
2688 4918 2741 4973 in
2791 4919 2938 4972 omni
2979 4919 3348 4974 benedictione
3403 4919 3517 4988 spi-

1945 5009 2154 5066 rituali.
2238 5026 2258 5061 ι
2334 5008 2390 5063 ιιι
2449 5009 2843 5078 appositionem
2916 5006 3193 5075 Iudaicae,
3252 5027 3271 5061 ι
3343 5009 3515 5080 Spiri-

1946 5100 2099 5163 tuali.
2138 5120 2156 5153 ›
2190 5099 2345 5155 dixit.
2370 5100 2505 5155 Nam
2556 5101 2644 5156 illa
2689 5101 3023 5173 corporalior
3081 5108 3231 5169 erat;
3270 5118 3290 5153 ι
3340 5101 3514 5156 Bene-

1948 5192 2094 5246 dicat
2120 5190 2286 5255 Deus,
2326 5209 2347 5243 ι
2375 5191 2568 5262 inquit,
2612 5209 2633 5244 ι
2685 5193 2923 5247 sobolem
2965 5191 3166 5246 ventris
3196 5192 3274 5246 tui
3310 5207 3325 5247 :
3373 5210 3392 5245 ι
3437 5203 3513 5256 et,

1951 5302 1971 5337 ι
2016 5282 2307 5340 Benedicat
2358 5285 2657 5354 ingressum
2704 5295 2759 5339 et
2809 5282 3014 5338 exitum
3062 5291 3207 5338 tuum
3254 5295 3303 5341 ι.
3348 5304 3368 5337 ι
3421 5283 3519 5341 Hic

1948 5388 2128 5432 autem
2185 5376 2363 5431 omnis
2424 5375 2723 5431 benedictio
2759 5374 3058 5444 spiritualis
3108 5383 3221 5443 est,
3267 5386 3322 5431 et
3384 5378 3518 5432 nihil

1948 5469 2104 5524 nobis
2146 5470 2314 5522 deest.
2352 5462 2487 5521 Nam
2526 5466 2648 5521 facti
2704 5482 2889 5523 sumus
2939 5468 3295 5536 immortales,
3323 5479 3377 5524 et
3422 5470 3519 5524 lilii

1592 5696 1789 5761 Varia)
1819 5695 2147 5760 lectiones.

349 5810 397 5845 ⁸³
418 5809 514 5865 καὶ
544 5825 600 5867 o.
674 5809 721 5842 ³³
750 5808 831 5872 τίς
859 5822 912 5863 ο.
947 5805 1014 5839 ³³·
1065 5802 1317 5859 ἐντεῦθεν
1347 5820 1420 5863 m.
1498 5803 1543 5837 “
1572 5803 1630 5855 ἐν
1684 5800 1832 5872 πάσῃ
1886 5799 2108 5869 εὐλογίᾳ
2138 5796 2480 5867 πνευματικῇ
2523 5810 2577 5849 o.

641 5910 909 5973 Ps'mon.
953 5907 1069 5968 Gn.
1116 5902 1385 5967 CXXIV.

3089 5895 3163 5957 33
