3898 6558
480 343 631 410 {035

1392 337 1971 401 THEOPHYLACTI
2011 337 2418 401 BULGARl/E
2457 337 2812 416 ARCHlEP.

3571 346 3694 412 1036

485 456 604 521 Dei,
637 466 691 510 et
719 450 1032 508 cohaeredes
1086 446 1312 513 Christi,
1353 459 1418 500 ac
1475 446 1727 515 primitia:
1781 454 1978 500 nostra:
2021 458 2031 496 :

2155 443 2436 507 ἀθάνατοι,
2464 445 2555 498 καὶ
2581 445 2687 498 υίοὶ
2713 445 2870 511 Θεοῦ,
2897 463 2990 498 και
3015 446 3440 518 συγκληρονὸμοι
3465 449 3705 518 Χριστοῦ,

484 547 737 614 supernis
772 543 1056 598 virtutibus
1111 540 1426 594 adorantur.
1473 535 1664 592 Merito
1702 535 1865 606 igitur
1894 533 2050 597 dixit,

478 661 509 693 τ
537 641 594 695 In
639 638 787 694 omni
845 633 1220 691 benedictione
1257 648 1275 686 :
1317 651 1336 685 ι
1373 632 1549 687 omnia
1590 631 1735 686 enim
1768 630 1922 684 nobis
1957 631 2052 683 do-

483 741 609 787 nata
654 739 801 792 sunt,
829 743 952 782 cum
985 726 1164 781 divina
1197 733 1304 778 tum
1337 721 1657 793 spiritualia.

637 823 694 876 in
757 818 1084 875 cmlestibus.
1143 834 1163 867 ι
1229 814 1617 882 Interpretatur
1662 811 2048 880 propemodum

477 913 748 984 quomodo
801 912 873 966 sit
926 908 1225 980 spiritualis
1284 903 1588 960 benedictio
1651 912 1859 968 nostra,
1911 919 1928 951 ι
1994 902 2047 956 in

473 1007 812 1066 cmlestibus,
855 1021 872 1054 ι
911 999 1182 1070 inquiens.
1217 996 1493 1068 Siquidem
1541 992 1850 1048 Judaeorum
1884 992 2045 1048 bene-

474 1099 639 1155 dictio
663 1105 781 1151 erat
829 1095 1056 1148 interra
1094 1108 1109 1144 :
1143 1089 1284 1143 unde
1329 1098 1384 1142 et
1443 1084 1777 1156 corporalis:
1817 1102 1836 1137 ι
1897 1081 2048 1139 Bona

473 1191 618 1246 enim
653 1198 830 1252 terrae,
869 1203 888 1236 ι
936 1182 1127 1252 inquit,
1164 1199 1183 1234 ι
1217 1178 1556 1234 comedetis:
1599 1196 1618 1230 ι
1645 1187 1720 1244 et,
1765 1195 1783 1228 ι
1825 1175 2046 1231 Terram

478 1283 624 1335 lacte
676 1288 730 1334 et
775 1276 934 1331 melle
976 1274 1230 1328 ﬂuentem
1273 1289 1286 1324 :
1322 1289 1341 1323 ι
1373 1285 1453 1334 ac,
1505 1286 1523 1319 ι
1551 1267 1842 1324 Benedicet
1875 1266 2049 1322 Domi-

473 1389 574 1428 nus
607 1381 763 1426 teme
802 1379 904 1422 tua:
934 1366 984 1422 ll.
1025 1383 1044 1417 ι
1082 1364 1179 1418 llic
1222 1370 1402 1416 autem
1443 1358 1577 1413 nihil
1618 1366 1901 1424 terrestre,
1950 1356 2046 1412 sed

471 1462 712 1519 cmlestia
746 1457 969 1521 omnia;
1001 1465 1282 1527 propterea
1311 1461 1494 1507 nostra
1530 1449 1834 1504 benedictio
1883 1447 2048 1517 spiri-

471 1555 630 1612 tualis
687 1563 792 1608 est.
855 1550 1099 1620 Regnum
1172 1546 1316 1601 enim
1388 1543 1651 1598 caelorum
1717 1541 2046 1612 pauperibus

469 1645 986 1706 annuntiatum-est,
1019 1648 1073 1695 et
1122 1635 1550 1706 persecutionem
1616 1647 1806 1701 passos
1845 1647 2040 1702 magna

467 1752 676 1794 merces
706 1738 756 1790 in
786 1735 942 1789 cwlis
982 1740 1263 1800 exspectat
1295 1728 1336 1782 ι.

542 1850 561 1883 ι
604 1832 664 1884 ιιι
727 1828 944 1884 Christo
972 1826 1121 1880 Jesu.
1169 1841 1187 1874 ι
1225 1821 1337 1876 Hoc
1376 1830 1480 1885 est,
1512 1836 1607 1890 per
1657 1819 1842 1875 Jcsum
1876 1819 2028 1874 Chri-
2067 1831 2108 1886 Β

463 1935 608 1981 stum
637 1922 789 1977 nobis
812 1918 1115 1974 benedictio
1146 1915 1432 1986 contingit,
1459 1913 1624 1984 370
1653 1928 1754 1966 non
1787 1927 1881 1981 per
1919 1911 2031 1966 Mo-

463 2032 601 2082 sem,
649 2013 791 2067 velut
815 2009 1037 2064 Judmis.
1081 2007 1258 2074 Quare
1285 2022 1390 2060 non
1422 2007 1531 2059 sola
1576 2004 1834 2074 qualitate
1866 2005 2035 2057 bono-

463 2123 606 2172 rum,
639 2100 1200 2174 veruinetiamquoad
1225 2099 1574 2154 mediatorem
1601 2097 1706 2153 illis
1731 2097 2035 2166 superiores

461 2212 672 2255 minus.

539 2309 558 2340 ε
617 2289 776 2344 Vens.
804 2287 857 2342 ὁ.
893 2305 911 2339 ι
955 2285 1418 2352 Quemadmodum
1468 2282 1626 2352 elegit
1677 2296 1774 2336 nos
1809 2281 1862 2336 in
1910 2282 2029 2351 ipso

463 2391 586 2436 ante
620 2380 802 2434 mundi
831 2379 1288 2435 constitutionem.
1329 2394 1347 2428 ι
1381 2375 1804 2438 Benedixitnos,
1831 2374 2028 2442 inquit,

457 2488 557 2545 per
603 2472 900 2537 Christum,
953 2468 1172 2539 perinde
1211 2481 1274 2522 ac
1319 2467 1477 2537 elegit
1532 2480 1630 2520 nos
1684 2480 1778 2534 per
1835 2466 2028 2534 ipsum,

460 2569 562 2621 hoc
610 2575 693 2620 est
744 2578 840 2633 per
893 2562 1052 2616 (idem
1108 2561 1163 2615 in
1216 2561 1410 2628 ipsum.
1451 2558 1624 2627 Elegit
1676 2567 1854 2610 autem
1905 2567 2030 2610 ante

460 2657 646 2713 mundi
675 2655 1142 2710 constitutionem.
1185 2651 1374 2706 Nostra
1407 2652 1550 2705 enim
1571 2651 1681 2720 jam
1715 2651 1844 2704 olim
1889 2665 2030 2718 pra:-

459 2751 675 2803 delinita
711 2756 898 2811 erant;
936 2753 991 2799 et
1023 2759 1128 2798 non
1157 2743 1391 2797 recentia
1435 2753 1580 2804 sunt,
1615 2741 1708 2796 sed
1757 2755 1787 2794 a
1826 2739 2030 2808 princi-

459 2838 550 2908 pio
606 2837 915 2906 dispensata
958 2833 1334 2900 ordinataque.
1377 2829 1607 2884 Pulchre
1640 2839 1820 2884 autem
1866 2829 2026 2897 dixit,

457 2928 786 2999 καταϐολὴν,
845 2935 904 2980 ut
957 2925 1206 2980 ostendat
1280 2923 1535 2978 mundum
1611 2923 1678 2976 ab
1745 2922 2028 2975 altitudine

452 3024 693 3092 quadam
748 3020 946 3074 divina:
996 3018 1248 3086 potentia:
1299 3015 1574 3069 conditum
1619 3024 1674 3068 et
1745 3013 2026 3068 fundatum

459 3129 601 3170 esse.
639 3113 791 3178 Quod
842 3125 968 3165 vero
1016 3110 1115 3176 ait,
1168 3126 1187 3160 ι
1243 3107 1435 3175 Elegit,
1473 3124 1492 3158 ι
1535 3104 1628 3160 Dei
1683 3105 2025 3161 clementiam

459 3204 719 3270 declarat,
757 3203 1104 3274 ipsorumque
1154 3200 1408 3254 virtutem
1443 3213 1458 3252 :
1497 3211 1686 3252 omnes
1739 3197 1883 3252 enim
1935 3194 2026 3266 qui
2059 3189 2104 3250 C

461 3297 629 3351 l'uturi
659 3305 785 3348 sunt
809 3293 985 3365 probi,
1022 3291 1204 3362 elegit.

535 3409 555 3441 ο
597 3387 669 3444 Ut
694 3400 934 3441 essemus
965 3383 1157 3460 sancti
1197 3391 1252 3436 et
1279 3380 1604 3437 iminaculati
1639 3381 1690 3434 in
1739 3389 2030 3448 conspectu

454 3481 597 3551 ejus.
635 3498 654 3532 ο
711 3477 790 3535 Ne
825 3477 913 3532 ubi
949 3475 1224 3531 audiveris
1249 3474 1391 3544 quod
1414 3473 1634 3542 elegerit
1671 3487 1788 3537 nos,
1823 3472 1876 3525 in
1937 3487 2032 3540 po-

453 3584 661 3630 sterum
692 3572 758 3627 ad
775 3571 1033 3626 desidiam
1055 3568 1277 3633 labaris,
1311 3567 1472 3622 veluti
1490 3567 1601 3636 jam
1633 3565 1871 3619 electus:
1899 3563 2030 3617 Pro-

455 3677 575 3735 pter
634 3665 757 3730 hoc,
812 3661 1006 3732 inquit,
1057 3675 1155 3714 nos
1212 3659 1395 3729 elegit,
1446 3668 1505 3712 ut
1554 3657 1724 3712 sancti
1755 3657 1927 3710 simus
1977 3664 2035 3708 et

457 3755 810 3819 immaculati,
831 3761 1208 3822 permanentes
1239 3750 1292 3805 in
1325 3749 1608 3805 sanctitate
1631 3764 1794 3818 quam
1826 3748 2028 3816 imper-

447 3852 542 3904 iiit
585 3848 737 3902 nobis
769 3848 821 3902 in
853 3846 1140 3915 baptismo,
1177 3859 1241 3899 ac
1279 3844 1440 3896 vitam
1488 3841 1782 3895 virtutibus
1825 3839 2026 3894 cultam

451 3941 735 3995 habentes.
795 3936 1027 3990 Sanctus
1089 3938 1230 3989 eiiim
1279 3943 1382 3999 est,
1435 3935 1522 4002 qui
1584 3933 1740 3986 Iidem
1807 3933 2032 4000 adeptus

455 4041 573 4092 est;
629 4028 1266 4095 ininiacul.tttts_autem,
1295 4027 1386 4094 qui
1419 4024 1703 4093 inculpata:
1762 4025 1881 4076 vita:
1923 4031 2025 4076 est.

456 4122 822 4177 Sanctitatem
884 4126 1062 4173 autem
1116 4117 1330 4186 qumrit,
1361 4125 1416 4170 et
1463 4116 1630 4169 vitam
1674 4114 2026 4184 inculpatum,

464 4230 572 4268 non
639 4211 1003 4282 simpliciter,
1075 4211 1216 4274 sed,
1272 4227 1289 4259 ι
1348 4208 1542 4264 Coram
1596 4208 1733 4277 ipso.
1807 4224 1825 4258 ι
1893 4203 2027 4258 Nam

457 4304 610 4360 multi
666 4305 721 4358 in
776 4309 1070 4372 conspectu
1129 4299 1410 4356 hominum
1452 4299 1622 4354 sancti
1683 4306 1825 4362 sunt,
1864 4296 2027 4351 veluti

457 4398 740 4464 Pharisaei,
773 4405 1025 4452 caeterum
1059 4407 1168 4449 non
1197 4393 1249 4447 in
1280 4403 1572 4463 conspectu
1606 4391 1699 4445 Dei
1735 4409 1748 4444 :
1779 4389 1831 4444 id
1881 4387 2026 4459 quod

461 4491 624 4544 David
656 4496 929 4543 testatur:
985 4503 1004 4538 ι
1061 4484 1393 4550 Secundum,
1441 4502 1458 4535 ι
1526 4483 1720 4554 inquit,
1750 4499 1768 4533 ι
1821 4481 2026 4550 purita-

460 4593 567 4636 tem
600 4596 855 4635 manuum
911 4593 1154 4633 mearum
1212 4584 1272 4631 ".
1327 4594 1345 4628 ι
1381 4575 1660 4642 Qualem?
1699 4594 1716 4627 ι
1770 4573 1828 4628 In
1884 4587 2020 4628 con-

453 4680 642 4742 spectu
711 4671 847 4739 ejus.
892 4689 911 4722 ι
949 4669 1094 4725 Idem
1138 4679 1194 4725 et
1261 4666 1431 4723 Isaias
1486 4676 1513 4704 ³
1569 4686 1581 4722 :
1642 4685 1660 4718 ι
1714 4665 2023 4730 Lavamini,

452 4764 650 4832 inquit,
681 4771 735 4817 et
758 4760 963 4816 aulerte
985 4761 1273 4830 pravitates
1302 4774 1486 4814 coram
1513 4757 1683 4813 oculis
1709 4759 1878 4810 ‘meis.
1929 4775 1947 4806 ι

525 4853 686 4908 Vens.
733 4853 787 4906 5.
843 4871 862 4905 ι
916 4851 1016 4918 Qui
1065 4850 1118 4904 in
1173 4850 1439 4906 charitate
1488 4846 1893 4919 pratdcstinavit
1931 4838 2031 4900 nos

453 4951 506 5001 in
560 4947 907 5016 adoptionem
963 4942 1195 4997 ﬁliorum
1255 4955 1350 5011 per
1398 4937 1585 4994 Jesum
1641 4938 1918 4993 Christum
1975 4937 2028 4988 in

449 5043 647 5110 ipsum.
695 5055 714 5089 ι
763 5033 896 5101 Cum
929 5034 1084 5100 dixit,
1124 5051 1143 5086 ι
1178 5031 1370 5102 Elegit,
1405 5049 1424 5084 ι
1459 5031 1627 5084 voluit
1674 5044 1772 5084 nos
1819 5027 2020 5082 intelli-

449 5145 596 5202 gere,
631 5129 776 5199 quod
803 5126 969 5185 veluti
1005 5125 1258 5196 probatos
1281 5123 1349 5178 ob
1370 5123 1619 5176 virtutem
1649 5131 1890 5174 nostram
1921 5133 2019 5172 nos

450 5225 700 5291 elegerit.
738 5216 1184 5286 Quandoquidem
1230 5223 1406 5268 autem
1446 5225 1548 5266 non
1586 5227 1614 5264 a
1675 5223 1855 5264 nostra
1907 5209 2018 5263 sola

448 5315 647 5368 virtute
677 5312 823 5366 salus
881 5308 1148 5379 provenit,
1182 5305 1395 5374 adgecit,
1433 5321 1450 5354 ι
1497 5304 1595 5368 Qui
1645 5302 1696 5354 in
1757 5301 2021 5354 charitate

446 5403 858 5474 praedestinavit
887 5417 1005 5466 nos,
1048 5417 1066 5451 ι
1108 5402 1208 5454 hoc
1246 5408 1348 5461 est,
1384 5396 1612 5466 propria:
1640 5409 1748 5450 sua:
1784 5393 2022 5448 cletnen-

591 5545 614 5581 ¹ί
661 5540 835 5596 Levit.
893 5555 1008 5604 xm,
1057 5539 1144 5592 58.
1299 5536 1310 5573 ¹
1361 5535 1544 5590 Matth.
1587 5534 1715 5598 v,3.

1861 5540 1898 5562 “
1920 5533 2062 5589 Psztl.
2102 5552 2233 5603 ml,
2263 5537 2352 5591 ‘25.

2157 538 2253 592 καὶ
2288 539 2320 608 ἡ
2349 537 2571 610 ἀπαρχῆ
2605 537 2759 608 ἡμῶν
2792 537 2896 590 ὑπὸ
2925 538 3032 591 τῶν
3059 538 3170 591 ἄνω
3189 538 3470 609 δυνάμεων
3489 559 3702 611 προσκυ-

2158 631 2352 682 νεῖται.
2393 629 2632 694 Εἰκότως
2661 625 2753 683 οὖν
2787 624 2940 682 εἶπεν
2975 648 2988 660 ο
3029 646 3047 680 ι
3103 628 3192 681 Ἐν
3229 631 3376 700 πάσῃ
3427 631 3652 699 εὐλογία·
3680 654 3695 684 ι

2157 719 2333 772 πάντα
2363 719 2472 788 γὰρ
2501 721 2632 787 ἡμῖν
2665 719 2987 789 κεχάρισται
3020 717 3140 771 θεῖα
3177 718 3268 770 καὶ
3305 722 3655 787 πνευματικά.

2230 829 2247 863 ι
2300 811 2387 865 Ἐν
2420 814 2534 875 τοῖς
2567 811 2933 881 ἐπουρανίοις.
2979 829 2999 864 ι
3049 811 3138 874 Ὠς
3167 810 3231 864 ἂν
3278 812 3327 863 εἰ
3369 813 3700 881 ἐφερμηνεύει

2153 906 2271 969 πῶς
2312 908 2429 959 ἐστι
2469 905 2879 975 πνευματικὴὴ
2914 904 3131 972 εὐλογία
3186 904 3366 975 ἡμῶν,
3404 905 3494 956 καί
3537 922 3696 975 φησιν’

2159 1017 2179 1052 ι
2222 999 2312 1052 Ἐν
2342 1001 2453 1061 τοῖς
2481 999 2844 1068 ἐπουρανίοις.
2879 1017 2898 1050 ›
2930 998 3056 1050 ’11³⁵
3083 998 3180 1066 μὲν
3203 997 3311 1068 γὰρ
3341 997 3448 1048 τῶν
3463 997 3697 1050 Ἰουδαίων

2150 1093 2208 1145 ὲν
2256 1093 2322 1161 τῇ
2380 1093 2450 1162 γῇ
2496 1086 2604 1162 ἦν’
2658 1091 2745 1144 διὰ
2791 1089 2951 1142 τοῦτο
3001 1090 3092 1143 καὶ
3143 1089 3434 1160 σωματικὴ
3468 1089 3531 1141 ³⁸.
3581 1107 3596 1140 ι
3634 1091 3696 1144 Τὰ

2149 1185 2329 1254 ἀγαθὰ
2367 1204 2384 1236 ι
2441 1185 2549 1254 γὰρ
2608 1202 2626 1235 ι
2681 1184 2780 1253 τῆς
2832 1184 2936 1253 γῆς
2985 1181 3246 1251 φάγεσθε·
3290 1200 3308 1232 ι
3369 1183 3499 1247 καὶ,
3559 1201 3575 1233 ι
3608 1183 3695 1250 Γῆν

2150 1279 2382 1349 ῥέουσαν
2420 1277 2543 1347 μέλι
2587 1276 2682 1328 καὶ
2712 1276 2877 1344 γάλαο
2919 1293 2938 1327 ι
2977 1276 3093 1339 καὶ,
3131 1292 3150 1324 ι
3189 1271 3490 1344 Εὐλογήσει
3526 1275 3696 1344 Κύριος

2147 1370 2249 1439 τὴν
2278 1369 2382 1438 γῆν
2405 1385 2520 1422 σου.
2545 1386 2564 1420 ι
2605 1365 2872 1421 Ἐνταῦθα
2902 1365 2958 1418 δὲ
2987 1365 3138 1417 οὐδὲν
3176 1367 3391 1434 γὴἳνον,
3433 1364 3539 1416 ἀλλ’
3562 1366 3690 1416 ἐπου-

2147 1461 2311 1532 ράνια
2342 1461 2540 1515 πάντα.
2576 1462 2674 1513 Διά
2703 1459 2861 1513 τοῦτο
2908 1459 3003 1512 καὶ
3033 1457 3386 1529 πνευματικὴ
3421 1459 3453 1526 ἡ
3485 1459 3695 1528 ἡμετέρα

2145 1554 2385 1620 εὐλογία.
2418 1552 2674 1606 Βασιλεία
2706 1553 2814 1622 γὰρ
2855 1551 3102 1622 οὐρανῶν
3130 1553 3242 1613 τοῖς
3277 1552 3510 1620 πτωχοῖς
3547 1552 3693 1619 ἐπῂγο

2145 1645 2352 1715 γελται,
2395 1646 2490 1698 καὶ
2538 1647 2648 1708 τοῖς
2691 1643 3074 1715 δεδιωγμένοις
3125 1641 3292 1704 πολὺς
3347 1642 3376 1694 δ
3430 1641 3607 1712 μισθὸς
3649 1643 3695 1693 ἐν

2143 1740 2253 1802 τοῖς
2285 1737 2554 1804 οὐρανοῖς.

2215 1849 2233 1881 ε
2289 1829 2380 1882 Ἑν
2447 1829 2670 1901 Χριστῴ
2734 1827 2932 1900 Ἰησοῦ.
2994 1848 3013 1882 ι
3068 1829 3356 1892 Τουτέστι,
3407 1826 3492 1881 διὰ
3550 1827 3694 1898 ’1ησοῦ

2146 1921 2385 1992 Χριστοῦ
2433 1923 2564 1992 ἡμῖν
2600 1925 2632 1992 ὴ
2687 1923 2926 1991 εὐλογία,
2972 1922 3032 1976 οὐ
3072 1921 3160 1974 διὰ
3197 1920 3467 1982 Μωσέως,
3500 1919 3568 1982 ὡς
3607 1922 3695 1982 rei;

2157 2016 2450 2080 Ἰουδαίοις.
2486 2016 2649 2068 Ὥστε
2681 2016 2740 2068 οὐ
2774 2016 2932 2086 μόνον
2966 2018 3031 2086 τῇ
3060 2015 3310 2082 ποιότητι
3344 2013 3450 2066 τῶν
3485 2011 3694 2078 ἀγαθῶν,

2145 2107 2282 2160 ἀλλὰ
2307 2107 2401 2160 καὶ
2430 2107 2506 2177 τῷ
2534 2107 2729 2178 μεσίτῃ
2765 2107 3097 2178 διαφέρομεν
3125 2106 3377 2159 ἐκείνων.

2222 2311 2238 2344 ι
2276 2291 2473 2356 Καθὼς
2510 2290 2796 2358 ἐξελέξατο
2827 2291 2970 2360 ἡμᾶς
2999 2291 3057 2342 ἐν
3095 2288 3245 2358 αὐτῷ
3280 2285 3396 2357 πρὸ
3425 2285 3690 2354 καταϐολῆς

2143 2386 2371 2455 κόσμου.
2427 2403 2446 2436 υ
2516 2383 2822 2453 Ηύλόγησε,
2871 2383 3056 2452 φησὶν,
3110 2381 3256 2449 ἡμᾶς
3316 2379 3409 2432 διὰ
3469 2377 3689 2447 Χριστοῦ,

2142 2478 2330 2547 ὥσπερ
2382 2477 2480 2530 καὶ
2526 2475 2810 2541 ἐξελέξατο
2846 2474 2916 2527 δι’
2957 2471 3143 2535 αὐτοῦ,
3181 2471 3435 2524 τουτέστι
3491 2469 3571 2523 διὰ
3612 2467 3688 2538 τῆς

2143 2573 2221 2634 εἰς
2257 2570 2417 2623 αὐτὸν
2451 2569 2708 2631 πίστεως.
2749 2586 2766 2618 ι
2798 2565 3111 2630 Ἐξελέξατο
3157 2563 3213 2615 δὲ
3261 2563 3375 2633 πρὸ
3422 2559 3686 2627 καταϐολῆς

2135 2665 2369 2732 κόσμου.
2409 2661 2689 2714 ›”Ανωθεν
2719 2660 2824 2730 γὰρ
2852 2659 3159 2730 προώριστο
3186 2657 3252 2710 τὰ
3286 2656 3414 2709 καθ’
3434 2655 3587 2725 ἡμᾶς,
3613 2651 3687 2705 καὶ

2139 2759 2201 2812 οὐ
2232 2757 2473 2828 νεώτερα
2501 2755 2567 2821 ³⁷,
2600 2754 2712 2808 ἀλλ’
2764 2754 2822 2819 ἐξ
2851 2755 3022 2824 ἀρχῆς
3064 2751 3484 2824 ᾠκονομημένα.
3526 2747 3687 2807 Καλῶς

2137 2847 2193 2901 δὲ
2227 2844 2371 2912 εἷπε,
2421 2846 2748 2916 καταϐολὴν·
2787 2846 2868 2898 ἵνα
2902 2845 3071 2915 δείξῃ,
3101 2845 3183 2896 ὅτι
3227 2842 3342 2896 ἀπὸ
3386 2841 3543 2910 ὕψους
3573 2835 3686 2897 τινῖς

2138 2941 2236 3010 τῆς
2265 2940 2357 2994 τοῦ
2384 2939 2521 2993 Θεοῦ
2571 2939 2854 3010 δυνάμεως
2902 2935 3212 3005 κατεδλήθη
3251 2933 3352 2987 καὶ
3395 2927 3685 3000 ἐθεμελιὼθη

2137 3034 2165 3084 ὁ
2198 3033 2420 3102 κόσμος.
2473 3031 2546 3084 Τὸ
2592 3032 2668 3094 δὲ,
2715 3049 2734 3082 r
2780 3028 3114 3096 Ἐξελέξατο,
3143 3046 3160 3078 ι
3198 3027 3293 3078 καὶ
3325 3025 3427 3094 τὴν
3463 3021 3548 3075 τοῦ
3577 3015 3684 3071 Θεοῦ

2138 3123 2548 3195 φιλανθρωπίαν
2575 3122 2742 3190 δηλοῖ,
2776 3123 2871 3174 καὶ
2902 3119 2999 3190 τὴν
3034 3117 3214 3172 αὐτῶν
3249 3118 3474 3186 ἀρετήν·
3509 3113 3681 3171 πάντας

2137 3214 2205 3282 γὰ
2215 3231 2245 3286 ρ
2269 3215 2395 3278 τοὺς
2424 3211 2716 3286 μέλλοντας
2740 3210 2959 3266 ἔσεσθαι
2985 3209 3241 3278 δοκίμους
3273 3205 3571 3274 ἐκλέγεται.

2216 3420 2233 3454 ι
2290 3397 2444 3455 Εἶναι
2489 3401 2639 3470 ἡμᾶς
2696 3397 2884 3466 ἁγίους
2929 3394 3024 3449 καὶ
3070 3391 3339 3464 ἀμώμους
3389 3385 3684 3444 κατενώπιον

2141 3490 2329 3546 αὐτοῦ.
2357 3477 2524 3542 ινδινα
2563 3488 2639 3558 μὴ
2665 3486 2924 3550 ἀκούσας,
2955 3485 3035 3537 ὅτι
3067 3501 3084 3533 ι
3119 3478 3458 3547 Ἐξελέξατο,
3495 3494 3511 3527 ι
3543 3473 3685 3543 ἁπηρσ

2140 3584 2465 3656 ρᾳθυμήσῃς
2521 3579 2728 3641 λοιπὸν,
2777 3577 2853 3640 ὡς
2908 3575 3006 3646 ἤδη
3062 3569 3478 3656 ἐκλελεγμένος,
3525 3562 3678 3656 wn-

2148 3653 2497 3740 I'Errir'ciotirip
2539 3673 2687 3743 ἡμᾶς
2724 3667 3024 3735 ἐξελέξατο,
3083 3666 3170 3717 ἵνα
3221 3665 3370 3730 ἅγιοι
3421 3653 3560 3728 ὦμεν
3608 3654 3681 3705 καὶ

2135 3765 2373 3836 ἄμωμοι,
2405 3765 2658 3834 μένοντες
2680 3763 2770 3815 ἐπὶ
2799 3761 2895 3830 τῆς
2920 3759 3204 3828 ἁγιότητος
3233 3757 3300 3826 ἢν
3332 3753 3553 3808 δέδωκεν
3569 3745 3678 3818 ἡμῖν

2136 3856 2502 3927 βαπτισθήσι,
2535 3854 2632 3908 καὶ
2663 3853 2776 3924 βίον
2826 3851 3039 3921 ἔχοντες
3081 3851 3357 3918 ἐνάρετον.
3400 3846 3573 3910 ’Δγιος
3600 3836 3678 3907 μὲν

2133 3950 2264 4019 γὰρ,
2284 3950 2312 4001 ὁ
2336 3949 2434 4017 τῆς
2464 3948 2696 4009 πίστεως
2732 3945 2996 4014 μετέχωνο
3029 3941 3258 4010 ἄμωμος
3287 3938 3368 4002 δὲ,
3398 3939 3426 3990 ὁ
3454 3933 3582 3986 κατέ
3605 3929 3677 4019 τὸν

2133 4017 2248 4108 βίον
2287 4038 2672 4108 ἀνεπίληπτος.
2729 4035 3019 4108 Ἀγιότητα
3046 4032 3101 4086 δὲ
3135 4031 3289 4100 ζητεί
3320 4029 3414 4081 καὶ
3443 4026 3499 4078 τὸ
3521 4017 3678 4076 ἀνεπί-

2142 4132 2373 4200 ληπτον,
2431 4129 2529 4197 οὐχ
2575 4126 2784 4190 ἁπλῶς,
2827 4125 2984 4191 ἀλλὰ,
3023 4143 3040 4176 ι
3073 4119 3428 4177 Κατενὼπιον
3465 4114 3671 4171 αὐτοῦ..

2131 4197 2251 4274 Εἰσὶ
2289 4220 2398 4291 γὰρ
2441 4217 2624 4271 πολλοὶ
2659 4216 2889 4270 ἐνώπιον
2926 4217 3034 4267 τῶν
3063 4210 3370 4282 ἀνθρώπων
3411 4210 3566 4277 ἅγιοι,
3593 4197 3675 4291 οἶοι

2129 4313 2177 4364 οἱ
2206 4289 2512 4380 Φαρισαῖοι,
2541 4305 2655 4360 ἀλλ’
2690 4305 2812 4376 οὐχὶ
2839 4303 2933 4358 τοῦ
2965 4302 3119 4355 Θεοῦ.
3149 4299 3320 4354 Τοῦτο
3348 4298 3441 4353 και
3479 4299 3505 4350 ο
3539 4289 3677 4347 mu

2132 4416 2286 4471 φησι*
2324 4417 2342 4450 ι
2387 4399 2544 4452 Κατὰ
2587 4397 2684 4468 τὴν
2738 4393 3087 4465 καθαρότητα
3137 4392 3245 4444 τῶν
3277 4388 3473 4462 χειρῶν
3512 4403 3620 4457 μου.
3656 4401 3671 4433 i

2132 4491 2336 4556 Ποίαν;
2379 4488 2490 4559 Τὴν
2532 4507 2550 4540 ι
2589 4487 2822 4542 ἐνώπιον
2860 4486 2968 4541 τῶν
2998 4482 3294 4554 ὀφθαλμῶν
3323 4477 3504 4534 αὐτοῦ.
3537 4493 3556 4528 ι
3590 4473 3676 4526 Καὶ

2123 4581 2152 4633 δ
2199 4579 2446 4641 Ἠσαταςο
2485 4595 2503 4629 ι
2534 4575 2839 4641 Λούσασθε,
2875 4576 2968 4628 καὶ
2999 4572 3273 4644 ἀφέλεσθε
3309 4569 3405 4634 τὰς
3444 4563 3674 4636 πονηρίας

2123 4671 2355 4726 ἐνώπιον
2389 4669 2500 4724 τῶν
2530 4669 2826 4740 ὀφθαλμῶν
2859 4686 3014 4739 μου.»

2205 4873 2224 4906 ι
2289 4853 2376 4906 Ἐν
2429 4851 2620 4923 ἀγάπῃ
2659 4849 2958 4922 προορίσας
2986 4850 3134 4921 ἡμᾶς
3184 4849 3264 4912 είς
3313 4845 3569 4900 υἱοθεσίαν
3605 4837 3674 4892 διὰ

2129 4943 2304 5011 Ἰησοῦ
2351 4941 2590 5013 Χριστοῦ
2622 4943 2701 5005 είς
2747 4941 2930 4995 αὐτόν.
2980 4959 2997 4990 ι
3050 4939 3254 5002 Εἰπὼν,
3291 4940 3372 4992 ὅτι
3423 4955 3442 4989 ι
3488 4931 3670 4999 Ἐξελέ-

2127 5036 2276 5103 ξατο,
2309 5053 2326 5086 ι
2363 5035 2562 5088 δέδωκε
2598 5039 2762 5100 νοεῖν,
2791 5034 2871 5086 ὅτι
2905 5033 2978 5095 ὡς
3018 5031 3275 5100 δοκίμους
3301 5028 3385 5082 διὰ
3418 5027 3512 5096 τὴν
3540 5021 3672 5092 ἡμῶν

2129 5125 2332 5197 ἀρετὴν
2366 5124 2668 5190 ἐξελέξατο.
2710 5123 2869 5177 Ἐπεὶ
2910 5123 2966 5176 δὲ
3013 5123 3114 5175 οὐκ
3145 5121 3255 5174 ἀπὸ
3298 5120 3389 5190 τῆς
3429 5115 3670 5187 ἡμετέρας

2127 5217 2332 5288 ἀρετῆς
2383 5217 2552 5287 μόνης
2606 5217 2638 5285 ἡ
2681 5215 2943 5285 σωτηρία,
2987 5213 3354 5283 προσέθηκεν,
3397 5209 3473 5261 ὃτι
3522 5224 3538 5256 ι
3599 5201 3670 5252 Ἐν

2130 5311 2319 5378 ἀγάπη
2353 5307 2652 5378 προορίσας
2683 5308 2852 5377 ἡμᾶς·
2894 5325 2912 5358 ι
2948 5305 3214 5368 τουτέστι,
3245 5305 3323 5356 Δι’
3353 5299 3544 5354 οἰκείαν
3570 5290 3670 5370 φιλο

2131 5400 2450 5471 ανθρωπίαν
2475 5401 2768 5470 ἀγαπήσας
2791 5400 2938 5470 ἡμᾶς
2960 5395 3287 5469 προώρισεν.
3315 5393 3508 5453 Ἄλλως
3535 5401 3586 5442 τε
3610 5381 3666 5446 ³⁸,

2503 5548 2526 5573 ιι
2555 5537 2660 5592 lsa.
2702 5553 2740 5602 ι,
2770 5535 2858 5590 26.

1780 5651 1980 5710 Variae
2011 5649 2344 5712 lectiones.

522 5788 566 5820 ⁸³
603 5787 667 5840 τὰ
699 5801 746 5839 0.
829 5784 873 5816 ³⁸
907 5781 1192 5852 σωματινᾶ
1223 5796 1273 5837 0-

1352 5780 1391 5809 ³⁷
1422 5779 1512 5831 καὶ
1553 5779 1806 5849 ἀνωτέρω
1839 5792 1887 5832 0.
1970 5777 2012 5809 ³³
2040 5778 2177 5830 ι’ἴλσῑε
2221 5794 2272 5832 0.
