3898 6588
247 390 393 458 1637

1037 396 1440 457 EXPOSITIO
1481 395 1559 455 IN
1605 392 1848 454 EPIST.
1885 392 1982 452 AD
2015 392 2276 452 EPHES.
2313 416 2378 426 --
2409 391 2568 451 CAP.
2608 391 2656 451 ῐ.

3388 389 3528 452 1033

243 510 311 562 τὸ
362 508 461 579 μὲν
510 505 799 561 πιστεῦσαι
841 508 932 560 καὶ
960 508 1296 580 προσελθεῖν,
1338 507 1484 560 ἔστιν
1539 505 1808 576 ἡμέτερον
1833 544 1848 567 ,

1962 502 2044 558 tize
2085 502 2258 571 gratia
2309 501 2539 572 diligens
2591 515 2690 555 nos
2752 499 3172 570 prmdestinavit.
3235 499 3525 556 Praeterea.

247 599 434 652 καίτοι
472 600 564 651 καὶ
621 597 716 651 τοῦ
774 599 1102 662 καλέσκντος
1143 597 1298 651 Θεοῦ·
1341 595 1402 650 τὸ
1431 597 1486 650 δὲ
1516 594 1844 668 προσελθόν-

247 705 357 754 τας
382 691 614 754 ἀξιῶσαι
648 692 746 759 τῆς
780 690 1073 755 υἱοθεσίας,
1104 692 1269 760 μόνης
1301 691 1398 758 τῆς
1425 688 1644 758 ἀγάπης
1676 685 1842 741 αὐτοῦ

250 785 352 836 καὶ
385 783 818 854 φιλανθρωπίας.
861 784 952 834 Διὸ
984 782 1315 852 προσέθηκε
1355 801 1371 832 ι
1425 779 1730 851 Προορίσας
1763 781 1846 841 είς

247 875 559 929 υἱοθεσίαν.
618 893 636 926 ι
675 873 879 938 Ποίαν;
937 875 1046 943 Τὴν
1098 876 1175 937 είς
1218 873 1380 926 αὐτὸν
1424 872 1735 939 ἁνάγουσαν
1785 871 1847 923 τὸ

250 968 417 1036 γένος
447 966 628 1038 ἡμῶν,
659 967 753 1020 καὶ
783 966 1016 1028 οἰκείους
1050 964 1216 1018 αὐτοῦ
1253 963 1534 1017 ποιοῦσαν·
1568 960 1847 1016 καὶτοῦτο

247 1060 332 1124 δὲ,
400 1079 418 1110 ι
469 1059 568 1112 Διά
629 1057 806 1128 Ἰησοῦ
856 1056 1115 1126 Χριστοῦ.
1167 1075 1186 1108 ι
1247 1055 1306 1110 '0
1356 1056 1456 1126 μὲν
1501 1054 1610 1126 γὰρ
1641 1052 1847 1124 ςΙΙατὴρ

251 1150 595 1222 προώρισεν,
622 1153 649 1203 ὁ
675 1150 731 1203 δὲ
765 1149 998 1219 Χριστος
1025 1149 1379 1220 προσήγαγεν
1409 1148 1580 1218 ἡμᾶς.
1610 1145 1712 1198 Διά
1739 1144 1848 1214 γὰρ

141 1299 144 1304 ,
246 1242 350 1296 τοῦ
380 1243 519 1296 Υίοῦ
547 1244 727 1297 πάντα
749 1243 818 1296 τά
852 1243 1055 1311 ἀγαθὰ,
1081 1242 1143 1294 οὐ
1174 1243 1266 1294 διά
1313 1257 1458 1303 τινος
1489 1239 1596 1293 τῶν
1622 1237 1845 1292 δούλων·

246 1334 335 1387 διὸ
356 1336 460 1388 καὶ
498 1335 854 1406 λαμπροτέρα
879 1336 911 1404 ἡ
948 1331 1266 1402 φιλοτιμία.

360 1631 382 1664 ι
442 1611 599 1665 Κατά
627 1611 728 1680 τὴν
762 1608 1012 1662 εὐδοκίαν
1056 1606 1149 1660 τοῦ
1184 1605 1490 1676 θελήματος
1529 1601 1717 1668 αὐτοῦ,
1772 1616 1849 1663 εις

251 1704 490 1758 ἔπαινον
511 1702 670 1770 δόξης
691 1701 790 1772 τῆς
813 1701 1036 1771 χάριτος
1061 1697 1248 1750 αὐτοῦ.
1284 1715 1302 1747 ι
1333 1695 1432 1749 Διὰ
1457 1693 1636 1760 τοῦτο,
1663 1691 1849 1763 φησιν,

1947 594 2172 650 credere
2213 593 2431 662 quidem
2476 601 2532 648 et
2582 595 2860 658 accedere,
2913 602 3161 647 nostrum
3211 603 3297 648 est
3346 594 3520 663 (atqui

1947 687 2044 742 Dei
2083 687 2248 742 etiam
2294 686 2559 756 vocantis)
2587 703 2604 755 ;
2634 686 2986 742 advenientes
3048 702 3177 742 vero
3242 687 3533 755 adoptione

1946 778 2182 848 dignari,
2221 779 2388 834 solius
2443 778 2561 848 ejus
2607 779 2915 834 dilectionis
2969 793 3053 834 est
3099 788 3155 833 et
3206 777 3530 834 clementiae.

1951 872 2242 942 Propterea
2277 869 2493 939 adiecit,
2557 891 2575 923 ‹
2615 870 3026 925 Ριιοιίεειίηονὶι
3063 872 3114 925 in
3158 869 3386 924 ﬁliorum
3440 871 3536 923 ad-

1949 965 2244 1033 optionem.
2271 980 2289 1014 ι
2324 961 2738 1030 Qualem?th
2791 963 2855 1015 ad
2902 962 3076 1030 ipsum
3121 960 3318 1016 referat
3364 977 3534 1030 genus

1953 1067 2220 1121 nostrum,
2247 1072 2312 1110 ac
2361 1070 2462 1110 nos
2518 1055 2688 1123 ipsius
2760 1054 3092 1109 domesticos
3149 1054 3331 1119 faciat,
3374 1054 3534 1120 idque

1958 1167 1977 1200 ι
2019 1149 2120 1203 Per
2155 1148 2336 1204 Jcsum
2372 1148 2678 1202 Christum.
2716 1165 2736 1200 ι
2783 1146 2917 1200 Nam
2962 1146 3123 1200 Pater
3154 1162 3283 1201 sane
3319 1148 3534 1216 praade-

1951 1241 2197 1305 stinavit,
2232 1239 2486 1296 Christus
2529 1248 2707 1293 autem
2745 1236 2976 1293 adduxit
3011 1252 3134 1293 nos.
3176 1237 3280 1293 Per
3341 1236 3533 1294 Filium

1953 1331 2098 1386 enim
2126 1331 2306 1384 omnia
2335 1329 2492 1384 nobis
2524 1329 2664 1384 bona
2711 1327 3091 1391 conferuntur,
3130 1343 3234 1381 non
3268 1342 3364 1396 per
3415 1342 3529 1382 ser-

1954 1436 2078 1476 vum
2126 1423 2432 1492 quempiam
2494 1439 2509 1476 :
2569 1422 2694 1476 hinc
2756 1430 2811 1476 et
2862 1420 3201 1491 splendidior
3271 1428 3353 1474 est
3420 1422 3535 1492 ipsa

1955 1513 2272 1568 liberalitas.

2026 1602 2188 1659 Vens.
2240 1604 2292 1658 6.
2334 1623 2352 1656 ι
2413 1603 2722 1659 Secundum
2779 1604 3178 1676 beneplacitum
3241 1606 3534 1662 voluntatis

1953 1709 2085 1760 suaa,
2111 1693 2179 1749 ad
2215 1693 2428 1750 laudem
2477 1695 2660 1765 gloriae
2681 1704 2733 1750 et
2761 1697 2950 1766 gratiae
2980 1711 3113 1752 suae.
3159 1714 3180 1749 ι
3220 1695 3534 1766 Propterea,

250 1799 338 1860 εἰς
394 1795 671 1850 υἱοθεσίαν
721 1795 868 1860 ὑμᾶς
919 1789 1217 1862 προώρισε,
1264 1789 1454 1852 θέλων,
1514 1786 1606 1840 καὶ
1647 1784 1852 1856 σφ’όδρα

1962 1785 2154 1856 inquit,
2195 1787 2262 1840 ad
2290 1786 2520 1843 ﬁliorum
2571 1786 2916 1857 adoptionem
2964 1803 3066 1844 nos
3108 1788 3534 1858 praedestinavit,

251 1856 608 1961 βουλόμενος,
633 1887 724 1938 καὶ
751 1856 1032 1954 ἐπιθυμίῖιν
1059 1856 1238 1949 (τοῦτο
1264 1882 1372 1950 γὰρ
1397 1883 1430 1950 ή
1463 1876 1729 1946 εὐδοκία),
1765 1876 1850 1928 ἵνα

1962 1879 2144 1936 volens
2206 1896 2272 1936 ac
2320 1881 2670 1936 vehementer
2713 1883 2936 1952 cupiens
2985 1895 3149 1954 atque
3196 1885 3534 1950 desiderans.

251 1985 286 2053 ἡ
321 1985 428 2052 τῆς
459 1982 680 2051 χάριτος
707 1979 802 2030 καὶ
830 1978 928 2046 τῆς
952 1974 1275 2046 εὐεργεσίας
1302 1972 1464 2027 αὐτοῦ
1492 1971 1620 2038 δόξα
1641 1967 1848 2039 δειχθῇ.

250 2069 415 2146 Ἀρα
457 2075 513 2128 δὲ
557 2074 713 2144 δόξης
763 2072 976 2141 ἐφίεται
1006 2070 1176 2136 Θεός;
1209 2069 1300 2139 Μὴ
1331 2067 1560 2136 γένοιτοσ
1605 2065 1853 2128 άνενδεὲς

252 2167 376 2236 γὰρ
409 2165 471 2218 τὸ
497 2164 670 2218 Θεῑον·
707 2162 843 2216 ἀλλὰ
875 2161 1124 2232 βούλεται
1153 2157 1476 2223 δοξάζεσθαι
1511 2158 1641 2227 παρ’
1669 2156 1849 2228 ἡμῶν,

253 2256 336 2318 ὡς
390 2255 458 2309 ἂν
491 2254 654 2308 αὐτὸν
704 2253 866 2305 πλέον
915 2250 1238 2321 ἀγαπῶμεν.
1299 2250 1356 2302 Ὀ
1395 2248 1503 2319 γὰρ
1559 2246 1852 2318 θαυμάζων

252 2349 366 2410 τὰς
397 2348 476 2410 είς
521 2345 682 2399 αὐτὸν
710 2344 1010 2413 γενομένας
1057 2343 1397 2413 εὐεργεσίας,
1451 2341 1744 2396 σπουδάσει
1777 2341 1852 2412 μὴ

254 2436 644 2508 προσκροῦσαι
673 2434 751 2505 τῷ
783 2434 1070 2506 εὐεργέτῃ·
1105 2433 1198 2486 καὶ
1221 2431 1412 2492 ὁσάκις
1438 2431 1853 2501 ἀναμιμνήσκε-

254 2547 360 2585 ται
419 2529 528 2582 τῶν
577 2528 824 2596 ἀγαθῶν,
865 2526 1025 2577 πλέον
1077 2524 1352 2592 ἀγαπήσει
1411 2522 1503 2575 τὸν
1555 2517 1846 2578 δεδωκότα.

255 2622 502 2676 Εὐδοκία
529 2615 622 2674 οῦν
663 2619 707 2652 ³³
758 2621 872 2670 ἐστι
922 2618 982 2669 τὸ
1035 2617 1446 2686 προηγούμενον
1493 2615 1708 2686 θέλημα
1757 2614 1852 2669 τοῦ

255 2715 430 2770 Θεοῦ.
482 2709 626 2768 Οἷον·
681 2712 908 2780 Θέλημα
947 2709 1165 2780 πρῶτον
1196 2709 1288 2761 τοῦ
1325 2709 1483 2774 Θεοῦ,
1537 2708 1598 2762 τὸ
1649 2708 1854 2778 μηδένα

258 2807 604 2863 ἀπολέσθαι·
650 2805 864 2874 θέλημα
899 2801 1172 2871 δεύτερον,
1211 2802 1272 2854 τὸ
1294 2801 1616 2873 γενομένους
1650 2803 1856 2866 κακοὺς

258 2898 596 2952 ἀπολέσθαιο
627 2897 691 2950 οὐ
731 2896 842 2965 γὰρ
869 2894 934 2964 δὴ
972 2894 1189 2966 ἀνάγκῃ
1227 2892 1464 2958 κολάζει,
1497 2893 1631 2947 ἀλλὰ
1665 2892 1852 2946 θέλων.

268 2992 348 3045 Ἦ
395 2991 574 3045 τοίνυν
625 2990 842 3043 εὐδοκία
885 2987 946 3040 τὸ
1013 2985 1426 3056 προηγούμενόν
1477 2986 1593 3040 ἑστι
1643 2984 1857 3055 θέλημα

261 3084 367 3138 τοῦ
401 3083 558 3139 Θεοῦ.

353 3282 373 3315 ι
414 3256 491 3334 ’ᾘ
544 3263 876 3333 ἐχαρίτωσεν
903 3260 948 3294 ⁵ο
980 3262 1127 3332 ἡμᾶς
1158 3262 1215 3314 ὲν
1283 3259 1362 3326 τῷ
1422 3255 1782 3328 ἠγαπημένῳ.
1829 3272 1846 3304 ι

264 3357 392 3411 Οὐκ
462 3351 636 3420 εἶπεν,
705 3354 1045 3424 Ἐχαρίσατο,
1096 3352 1209 3406 ἀλλ’
1248 3371 1266 3404 ι
1301 3345 1632 3421 Ἐχαρίτωσέ
1661 3363 1674 3376 ο
1703 3360 1860 3400 seut-

266 3450 417 3512 έστι,
479 3449 768 3520 χαρίεντας
817 3448 911 3501 καὶ
961 3447 1293 3516 ἐπεράστους
1342 3443 1616 3512 ἐποίησεν.
1647 3440 1859 3508 ’Ὠσπερ

267 3540 453 3602 εἴτις
517 3539 798 3608 ψωραλέον
848 3539 970 3590 τινὰ
1029 3538 1261 3607 γέροντα
1299 3535 1394 3590 καὶ
1450 3534 1596 3603 λιμῷ
1651 3530 1860 3599 διφθο·

272 3635 414 3702 ρότα
458 3631 639 3685 λαϐὼν
685 3633 781 3684 καὶ
824 3630 1128 3702 ἀσχήμονα,
1163 3629 1365 3692 εὐθέως
1411 3628 1597 3698 ἕτερον
1647 3623 1858 3694 εὐμορ-

271 3744 376 3794 φον
444 3725 540 3778 καὶ
568 3727 832 3795 νεώτερον
880 3726 1276 3794 ἀπειργάσατο,
1331 3719 1640 3791 χαριτὼσας
1699 3717 1861 3770 αὐτὸν

272 3821 336 3871 ὲν
389 3821 575 3872 πᾶσιν·
619 3817 762 3871 οὕτω
802 3819 947 3870 καὶὸ
979 3816 1109 3878 Θεὸς
1147 3816 1293 3885 ἡμᾶς
1345 3814 1527 3880 πάσης
1576 3810 1857 3882 ἀμορφίας

274 3908 750 3980 πεπληρωμένους
783 3909 876 3962 καὶ
907 3905 1292 3977 ἀσχημοσύνης
1336 3905 1536 3970 λαϐὼν,
1566 3905 1858 3976 χαρίεντας

275 4006 375 4057 καὶ
401 4003 597 4067 καλοὺς
629 4001 930 4065 ἀπέδειξεν.
982 4020 1000 4052 ι
1043 4000 1400 4070 Ἐπιθυμήσιι
1437 4017 1456 4051 ι
1502 3999 1633 4068 γάρ,
1667 3996 1854 4068 φησὶν,

283 4115 302 4146 ι
328 4096 356 4148 ὁ
389 4095 642 4165 βασιλεὺς
669 4094 763 4146 τοῦ
797 4093 1028 4155 κάλλους
1059 4108 1174 4145 σου.
1205 4109 1327 4143 ›-ι
1354 4089 1689 4162 Ἐχαρίτωσε
1715 4088 1774 4141 δὲ
1800 4087 1859 4139 ἐν

276 4187 356 4258 τῷ
381 4188 721 4258 ἠγαπημένῳ
745 4206 764 4238 ι
789 4185 925 4256 Υίῷ,
959 4185 1226 4248 τουτέστι,
1246 4184 1332 4237 διὰ
1360 4183 1456 4237 τοῦ
1477 4182 1855 4253 ἠγαπημένον.

355 4381 376 4416 ι
427 4364 516 4417 Ἐν
545 4380 589 4430 ῳ
618 4362 816 4432 ἔχομεν
848 4361 948 4432 τὴν
991 4359 1368 4431 ἀπολύτρωσιν
1391 4358 1479 4413 διά
1507 4355 1601 4411 τοῦ
1629 4355 1858 4427 αἵματος

274 4453 472 4518 αὐτοῦ,
521 4453 621 4524 τὴν
664 4452 858 4521 ἄφεσιν
897 4451 1007 4504 τῶν
1055 4448 1538 4522 παραπτωμάτων.
1571 4467 1589 4500 ι
1657 4448 1745 4500 Ἐν
1781 4447 1859 4516 τῷ

1954 1972 2080 2044 (hoc
2109 1972 2270 2043 371
2301 1973 2444 2028 enim
2479 1983 2560 2028 est
2595 1975 3035 2047 beneplacitum),
3088 1985 3146 2030 ut
3183 1979 3373 2048 gratiae
3420 1994 3534 2033 suae

1953 2063 2124 2134 gloria
2165 2064 2456 2118 indicetur.
2501 2065 2583 2118 An
2639 2080 2768 2120 vero
2813 2067 3037 2138 gloriam
3101 2070 3305 2138 expetit
3357 2069 3534 2125 Dens?

1955 2153 2176 2208 Minime
2207 2172 2222 2208 :
2258 2154 2392 2209 nihil
2414 2155 2559 2210 enim
2595 2157 2745 2211 deest
2774 2157 2969 2212 divina:
2994 2167 3200 2213 naturae
3239 2170 3533 2215 :eaeterum

1956 2247 2067 2302 vult
2091 2247 2357 2302 celebrari
2396 2247 2800 2318 gloriﬁcarique
2838 2263 2867 2302 a
2915 2249 3090 2316 nobis,
3119 2260 3179 2304 ut
3226 2266 3324 2305 nos
3367 2253 3538 2321 magis

1956 2353 2080 2394 eum
2141 2339 2449 2409 diligamus.
2492 2337 2625 2393 Nam
2670 2340 2760 2408 qui
2793 2339 3108 2410 .demiratur
3155 2342 3352 2396 factam
3409 2359 3535 2413 erga

1956 2443 2078 2485 sese
2132 2428 2568 2494 beneficentiam,
2599 2429 2750 2484 dabit
2788 2445 3007 2500 operam
3045 2447 3116 2486 ne
3172 2432 3276 2486 ulla
3333 2435 3540 2489 ratione

1955 2521 2354 2578 benefactorem
2385 2521 2645 2577 oﬂendat.
2677 2521 2743 2576 Et
2777 2524 2990 2591 quoties
3025 2525 3342 2578 recordatur
3373 2526 3534 2589 bona,

1959 2614 2349 2669 vehementiori
2416 2629 2604 2669 amore
2662 2615 2990 2670 accendetur
3045 2629 3172 2686 erga
3253 2631 3376 2669 eum
3437 2619 3528 2686 qui

1957 2706 2122 2760 dedit.
2155 2706 2418 2763 Voluntas
2469 2707 2649 2776 itaque
2698 2707 3021 2778 beneplaciti
3072 2717 3155 2762 est
3211 2709 3538 2764 antecedens

1957 2795 2208 2851 voluntas
2263 2796 2358 2851 Dei
2402 2799 2480 2868 (a)
2516 2816 2529 2850 :
2565 2797 2794 2867 exempli
2835 2799 3004 2868 gratia
3039 2815 3053 2853 :
3097 2796 3279 2852 Prima
3333 2798 3537 2852 volun-

1959 2898 2040 2945 tas
2073 2888 2168 2945 Dei
2233 2899 2336 2956 est,
2371 2891 2520 2961 quod
2581 2901 2740 2947 nemo
2790 2901 2996 2961 pereat.
3034 2891 3279 2948 Secunda
3333 2893 3534 2947 volun-

1959 2992 2040 3036 tas
2072 2991 2174 3043 est.
2209 2993 2268 3037 ut
2321 2984 2472 3053 impii
2528 2994 2777 3054 pereant.
2825 2983 2940 3038 Non
2996 2985 3140 3038 enim
3209 2985 3537 3038 necessitate

1957 3084 2180 3130 coaetus
2214 3076 2387 3144 punit,
2415 3077 2507 3130 sed
2533 3077 2738 3132 volens.
2774 3074 2954 3142 Quare
2984 3075 3377 3146 beneplacitum
3404 3091 3540 3144 pra}:-

1882 3203 1928 3266 Ο
1960 3167 2163 3222 cedens
2181 3177 2265 3223 est
2290 3169 2538 3224 voluntas
2563 3167 2677 3224 Dei.

2037 3279 2055 3311 ι
2099 3260 2212 3326 Qua
2275 3276 2373 3315 nos
2408 3263 2459 3316 in
2493 3263 2691 3316 dilecto
2727 3261 3001 3334 gratiosos
3059 3263 3314 3318 reddidit.
3350 3283 3370 3317 ι
3416 3264 3534 3319 Non

1959 3353 2116 3417 dixit,
2164 3353 2506 3422 Ἑχαρίσατο,
2543 3354 2592 3409 id
2618 3363 2701 3410 est
2726 3354 2970 3418 donavit,
3006 3355 3100 3409 sed
3141 3354 3532 3425 ’Exapitwosv,

1962 3444 2013 3497 id
2055 3454 2137 3498 est
2176 3447 2445 3513 gratiosos
2479 3456 2533 3500 et
2583 3445 2842 3501 amabiles
2894 3445 3045 3501 fecit.
3103 3446 3336 3501 Perinde
3387 3462 3451 3502 ac
3490 3449 3536 3502 si

1959 3535 2083 3604 quis
2115 3535 2418 3590 scabiosum
2469 3537 2775 3606 quempiam
2824 3553 3031 3601 senem,
3061 3547 3115 3592 et
3162 3537 3303 3593 fante
3347 3554 3539 3593 corru-

1960 3638 2109 3697 ptum
2144 3643 2208 3684 ac
2253 3629 2553 3685 deformem
2589 3630 2882 3700 accipiens,
2920 3631 3165 3700 protinus
3213 3631 3534 3701 elegantem,

1963 3719 2265 3775 formosum
2298 3722 2641 3790 etjuniorem
2684 3724 2894 3788 reddat,
2927 3724 3214 3779 amabilem
3263 3724 3438 3793 ipsum
3476 3725 3529 3778 in

1967 3813 2224 3865 omnibus
2265 3811 2503 3867 eﬂiciens
2540 3829 2555 3868 :
2590 3813 2733 3869 hunc
2783 3815 2850 3868 ad
2909 3815 3125 3869 modum
3180 3816 3343 3870 etiam
3395 3815 3538 3870 Deus

1961 3916 2060 3954 nos
2087 3901 2233 3954 omni
2267 3916 2388 3955 cum
2415 3899 2762 3958 deformitate
2801 3911 2915 3958 tum
2961 3904 3296 3972 turpitudine
3337 3905 3528 3974 plenos

1962 3991 2275 4062 accipiens,
2333 3993 2595 4050 amabiles
2656 4005 2712 4049 et
2770 3994 3039 4051 formosos
3100 4012 3199 4054 nos
3271 3999 3538 4054 exhibuit.

1968 4100 1987 4133 ι
2036 4081 2398 4153 Concupiscet
2451 4084 2593 4140 enim
2645 4100 2784 4152 rex,
2852 4105 2870 4138 ι
2919 4087 3133 4157 inquit,
3208 4108 3227 4143 ι
3287 4089 3538 4145 decorem

1961 4182 2110 4229 tuum
2136 4182 2184 4231 °.
2222 4194 2241 4228 ι
2275 4177 2549 4232 Amabiles
2577 4188 2758 4234 autem
2791 4194 2888 4236 nos
2920 4179 3049 4235 fecit
3079 4181 3132 4235 in
3170 4181 3366 4239 dilecto
3395 4179 3534 4240 Filio

1961 4283 2078 4333 suo,
2108 4269 2210 4324 hoc
2239 4277 2322 4324 est
2361 4286 2456 4340 per
2486 4272 2656 4341 ipsmn
2691 4271 2966 4327 dilectum.

2035 4358 2198 4415 Vatis.
2233 4359 2283 4416 7.
2325 4379 2344 4413 ι
2386 4362 2443 4416 ln
2497 4379 2604 4432 quo
2649 4365 2911 4421 habemus
2961 4367 3390 4436 redemptionem
3443 4387 3541 4441 per

1961 4452 2278 4521 sanguinem
2331 4453 2521 4521 ipsius,
2578 4455 2954 4512 remissionem
2995 4469 3366 4526 peccatorum.
3410 4481 3428 4514 ι
3477 4463 3535 4518 In

272 4542 571 4613 ἀγαπητῷ,
604 4545 792 4612 φησιν,
815 4541 1009 4611 ἔχομεν
1033 4539 1132 4608 τὴν
1151 4537 1440 4609 λύτρωσιν.
1470 4539 1603 4591 Τίνα
1627 4536 1853 4605 ταύτην;

1971 4543 2190 4610 dilecto,
2242 4543 2434 4612 inquit,
2481 4545 2742 4602 habemus
2778 4547 3222 4618 redemptionem.
3269 4552 3537 4619 Qualem?

278 4634 429 4705 «Τὴν
445 4635 643 4702 ἄφεσιν
677 4633 785 4685 τῶν
815 4631 1342 4702 παραπτωμάτων.»
1369 4629 1492 4692 Πῶς
1514 4629 1814 4698 γενομένην
1839 4645 1853 4695 ;

279 4749 298 4782 ι
327 4727 431 4780 Διά
460 4726 554 4779 τοῦ
570 4726 824 4795 αἵματος.
839 4742 857 4775 ι
890 4723 1061 4776 Τοῦτο
1079 4721 1189 4792 γάρ
1205 4721 1264 4774 τὸ
1282 4719 1742 4791 φρικωδέστατον,
1774 4719 1856 4772 ὅτι

273 4819 490 4889 σφάξας
545 4819 708 4873 αὐτὸν
759 4818 852 4873 τὸν
893 4815 1280 4888 ἀγαπώμενον,
1331 4811 1675 4884 ὲλυτρώσατο
1708 4813 1856 4884 ἡμᾶς

271 4915 409 4975 τοὺς
443 4912 824 4983 μισουμένους,
864 4911 1031 4981 τιμὴν
1072 4909 1168 4963 xui.
1218 4907 1414 4977 λύτρον
1450 4906 1573 4968 δούς
1609 4905 1670 4960 τὸ
1717 4901 1858 4976 αἷμα

272 5004 375 5060 τοῦ
401 5003 712 5075 ἀγαπητοῦ.
747 5003 891 5074 Ὅρα
915 5002 997 5067 δὲ,
1026 5002 1107 5056 ὅτι
1145 5001 1240 5054 καὶ
1268 5001 1368 5071 τῆς
1393 4998 1666 5061 υἱοθεσίας
1699 4997 1856 5052 τοῦτο

280 5095 494 5166 μεῖζον,
542 5093 680 5164 μηδὲ
697 5092 742 5124 ⁸⁸
773 5091 868 5145 τοῦ
908 5091 1038 5145 Υίοῦ
1073 5091 1365 5162 φείσασθαι
1392 5089 1459 5144 δι’
1498 5090 1666 5160 ἡμᾶς.
1702 5088 1857 5143 Μετά

277 5188 393 5260 γάρ
425 5188 487 5239 τὸ
528 5189 702 5240 εἰπεῖν
734 5186 863 5258 περὶ
910 5186 1146 5254 ὶκείνης,
1181 5183 1332 5251 λέγει
1374 5181 1555 5246 τοῦτο,
1594 5181 1704 5235 ἀπὸ
1747 5180 1856 5233 τῶν

282 5279 629 5352 μικροτέρων
652 5281 748 5334 ἐπὶ
783 5280 852 5333 τὰ
883 5278 1056 5350 μείζω
1082 5275 1271 5331 ἀνιών;

427 5437 448 5460 ο
470 5420 614 5475 Psal.
649 5434 794 5484 xuv,
831 5417 917 5474 12.

1966 4634 2361 4690 Remissionem
2405 4635 2747 4693 delictorum.
2795 4638 3078 4706 Quomodo
3133 4641 3380 4699 factam?
3433 4645 3539 4701 Per

1965 4727 2304 4795 sanguinem.
2335 4724 2447 4781 Hoc
2469 4728 2610 4782 enim
2639 4737 2720 4783 est
2743 4732 2976 4787 maxime
3001 4735 3360 4799 tremendum,
3397 4739 3538 4805 quod

1963 4831 2105 4872 caeso
2136 4814 2331 4871 dilecto
2352 4815 2489 4871 Filio
2509 4831 2608 4872 suo
2631 4832 2731 4873 nos
2761 4819 3034 4890 liberavit,
3066 4823 3156 4894 qui
3207 4825 3365 4880 invisi
3405 4840 3534 4879 era-

1966 4921 2106 4973 mus,
2146 4905 2380 4976 prelium
2422 4905 2810 4974 redemptionis
2845 4909 2994 4978 ,dans
3035 4910 3351 4981 sanguinem
3403 4910 3543 4965 dile-

1967 4997 2062 5053 cti.
2112 4997 2370 5068 Expende
2407 5007 2586 5052 autem
2626 4999 2768 5068 quod
2829 5001 2900 5055 sit
2952 5001 3124 5070 majus
3167 5001 3399 5056 ﬁliorum
3447 5004 3543 5054 ad-

1965 5090 2206 5161 optione,
2228 5090 2370 5160 quod
2399 5088 2537 5145 Filio
2562 5105 2662 5145 suo
2690 5106 2793 5146 non
2825 5094 3128 5163 pepercerit
3157 5105 3376 5164 propter
3416 5109 3536 5153 nos.

1966 5186 2100 5239 Cum
2125 5185 2269 5238 enim
2299 5183 2466 5240 verba
2498 5183 2564 5240 de
2588 5183 2676 5239 illa
2701 5182 3112 5251 fecisset,'istud
3146 5187 3300 5254 dicit,
3333 5189 3398 5243 de
3426 5190 3533 5256 mi-

1969 5273 2194 5327 noribus
2223 5272 2289 5326 ad
2323 5272 2529 5341 majora
2558 5275 2875 5329 ascendens.

1629 5507 1832 5579 Variae
1849 5506 2189 5590 lectiones.

358 5619 404 5650 ³ο
433 5618 544 5691 γάρ
577 5632 631 5673 ο,
709 5617 753 5648 ⁸ο
786 5597 844 5671 ἐν
884 5611 1274 5690 ᾖὲχαρίτωσεν
1295 5629 1367 5667 ιιι.
1447 5610 1490 5644 ⁸⁸
1522 5610 1579 5665 τὸ
1607 5610 1663 5664 δὲ
1697 5610 1771 5683 μὴ
1804 5626 1856 5666 ο.

355 5744 432 5814 (η)
464 5742 665 5797 Recole
704 5742 791 5795 hic
821 5755 941 5810 quae
967 5737 1414 5815 a‘Chrysostomo
1437 5735 1648 5815 scripta
1680 5744 1805 5815 sunt
1833 5753 1848 5799 ;

290 5808 726 5871 nain'hrcvitatis
755 5808 918 5868 causa
947 5812 1110 5865 etiam
1142 5808 1311 5862 multa
1341 5808 1543 5865 omissa
1581 5815 1706 5862 sunt
1734 5808 1852 5863 sine

1961 5733 2160 5803 quibus
2232 5743 2375 5809 rec_ta
2419 5733 2689 5809 plenaque.
2741 5743 3012 5792 sententia
3049 5737 3273 5793 omnino
3331 5737 3534 5809 percipi

1963 5801 2068 5860 non
2090 5813 2286 5875 potest.
2315 5801 2549 5858 Lu'mus
2577 5801 2847 5862 anuus.
