3932 6576
439 406 582 473 1043

434 612 576 670 Emit
604 613 744 668 Deus
785 611 1012 666 salutem
1050 618 1289 664 nostram
1323 623 1353 664 a
1387 609 1563 674 nobis,
1603 623 1669 662 ac
1716 607 1864 662 dedit
1904 623 2003 662 no-

437 708 518 760 bis
564 705 783 759 arrham
837 702 1049 757 interim
1084 701 1384 771 Spiritum,
1428 710 1608 756 certos
1653 714 1751 754 nos
1799 699 2004 755 faciens

433 796 576 865 quod
605 803 660 848 et
682 793 1139 863 inexplicabilium
1171 802 1225 848 et
1247 807 1566 847 arcanorum
1597 793 1860 847 bonorum
1890 794 2002 848 haz-

436 887 718 940 reditatem
767 886 837 940 sit
870 886 1118 940 daturus.
1153 885 1254 952 Qui
1293 893 1472 940 autem
1521 900 1708 939 revera
1765 885 2007 956 Spiritus

435 987 561 1031 sunt
613 975 931 1046 participes,
965 977 1041 1030 illi
1086 976 1194 1045 jam
1240 975 1366 1030 hinc
1419 985 1688 1032 noverunt
1718 991 1839 1031 eum
1881 991 2003 1030 esse

435 1069 654 1122 arrham
693 1067 946 1137 perfecta:
994 1067 1326 1122 limreditatis
1356 1084 1369 1121 :
1402 1081 1634 1136 quorum
1680 1068 1745 1121 de
1778 1081 2004 1121 numero

434 1157 634 1214 Paulus
677 1171 816 1215 erat.
865 1159 1160 1230 Propterea
1217 1159 1598 1228 ingemiscebat
1639 1170 1694 1216 et
1731 1157 2006 1228 quaerebat

435 1252 962 1306 consummationem
993 1251 1257 1321 accipere,
1289 1259 1344 1305 et
1391 1266 1510 1306 esse
1544 1266 1664 1306 cum
1699 1251 1917 1307 Christo
1947 1262 1998 1302 ιι.

435 1341 546 1398 Nos
571 1352 746 1398 autem
776 1357 948 1412 neque
981 1343 1337 1398 arrhabonem
1369 1342 1628 1397 habemus
1652 1351 1709 1394 ut
1731 1342 2005 1404 convenit,

439 1450 613 1504 neque
642 1434 1162 1490 consummationem
1191 1433 1514 1503 appetimus,
1552 1433 1749 1503 quippe
1779 1431 1869 1502 qui
1900 1446 2002 1486 non

440 1527 773 1593 gustavimus
803 1525 957 1582 illud.

520 1636 538 1668 ι
564 1617 621 1670 1η
649 1617 1071 1682 redemptionem
1103 1613 1492 1683 acquisitionis.
1527 1632 1544 1664 ι
1575 1611 2003 1682 Acquisitiouem

439 1707 605 1782 374
644 1708 734 1762 Dei
776 1721 902 1776 erga
936 1722 1033 1761 nos
1078 1707 1410 1777 diligentiam
1441 1715 1495 1760 et
1525 1720 1710 1760 curam
1742 1703 1890 1758 dicit.
1921 1702 2008 1756 Ait

441 1818 570 1871 ergo
605 1819 619 1856 :
661 1800 901 1856 Arrhabo
932 1801 1032 1855 iste
1073 1803 1139 1854 ad
1183 1800 1480 1870 perfectam
1515 1809 1754 1853 nostram
1799 1795 2009 1852 redem-

444 1896 700 1962 ptionem,
734 1902 787 1946 ct
816 1907 1005 1962 puram
1042 1892 1450 1960 aequisitionem
1489 1891 1656 1956 ducit,
1699 1905 1761 1945 ac
1799 1898 2017 1960 propter

446 1985 612 2053 ipsam
659 1983 783 2038 data
836 1992 939 2037 est.
974 1981 1110 2036 Tum
1147 1983 1291 2037 enim
1341 1984 1445 2038 erit
1495 1981 1737 2052 perfecta
1774 1982 2014 2048 libertas,

444 2075 661 2142 quando
720 2089 944 2143 prorsus
997 2073 1307 2128 destruetur
1346 2083 1646 2144 peccatum,
1698 2075 1916 2144 quando
1961 2081 2017 2128 et

445 2165 620 2219 sancti
649 2165 880 2220 absoluti
917 2163 1114 2219 fuerint
1144 2180 1172 2217 a
1204 2175 1554 2235 peccatorum
1591 2165 2013 2229 cohabitatione,

447 2257 908 2327 apparuerintque
935 2256 1184 2326 acquisiti
1218 2265 1272 2310 et
1299 2257 1536 2325 possessi
1571 2256 1704 2321 Deo,
1737 2256 1877 2327 quod
1906 2255 2018 2310 sint

453 2345 618 2413 ipsius
645 2345 893 2416 populus.
921 2344 1175 2401 Nonnulli
1229 2354 1410 2400 autem
1442 2347 1852 2416 aequisitionem
1894 2359 2020 2399 nos-

448 2434 593 2503 ipsos
650 2434 1045 2490 intellexerunt.
1108 2453 1128 2488 ε
1188 2435 1243 2490 In
1307 2435 1731 2505 redemptionem
1781 2452 1801 2486 ι
1853 2433 2018 2506 igitur

453 2545 471 2576 ι
509 2526 905 2596 acquisitionis,
954 2545 974 2579 ›
1016 2526 1066 2581 id
1103 2534 1189 2582 est
1239 2527 1431 2590 nostri,
1465 2527 1555 2597 qui
1607 2541 1796 2582 sumus
1829 2525 2018 2595 acqui-

446 2617 571 2674 sitio
597 2628 652 2674 et
677 2618 946 2690 possessio
969 2628 1024 2673 et
1052 2616 1338 2674 facultates
1371 2618 1487 2673 Dei.

525 2819 543 2851 ε
583 2801 643 2854 ln
677 2799 888 2855 laudem
925 2798 1108 2869 gloriae
1138 2798 1329 2868 ipsius.
1362 2817 1379 2850 ι
1409 2797 1682 2854 Continuo
1709 2798 1809 2854 hoc
1837 2797 2018 2863 infert,

449 2894 713 2948 certiores
750 2907 850 2948 nos
904 2891 1132 2946 reddens
1164 2892 1304 2960 quod
1347 2892 1526 2945 omnia
1579 2906 1698 2960 qua:
1744 2900 1868 2946 sunt
1897 2905 2022 2958 pro-

448 2986 640 3049 missa,
673 2993 821 3040 certo
848 2983 1121 3039 evenient.
1154 2981 1286 3035 Nam
1321 2984 1363 3037 si
1391 2993 1569 3036 nostra
1610 2997 1774 3036 causa
1804 2983 1904 3035 ista
1945 2982 2021 3034 fa-

447 3087 620 3142 ceret,
653 3077 901 3131 dubitare
932 3077 1132 3132 licebat
1161 3093 1174 3130 :
1206 3074 1318 3144 jam
1349 3091 1478 3130 vero
1517 3075 1643 3145 quia
1686 3075 1802 3130 hac
1847 3073 2022 3130 factu-

449 3184 542 3224 rus
572 3179 676 3252 est.
711 3175 770 3222 ιιι
807 3178 1063 3238 appareat
1091 3166 1258 3236 ipsius
1287 3167 1504 3236 prepria
1538 3167 1864 3235 benignitas,
1900 3168 2020 3236 quis
2048 3206 2093 3267 ο

449 3258 783 3315 contradicet
801 3259 944 3329 quod
967 3274 1069 3314 non
1093 3259 1165 3312 sit
1194 3256 1438 3314 facturus
1457 3259 1478 3312 ?
1500 3257 1645 3313 llanc
1661 3259 1727 3314 ad
1759 3259 2018 3312 rationem

451 3356 754 3424 Scriptura,
815 3372 832 3406 ι
863 3353 973 3408 Fac
1008 3353 1183 3421 nobis,
1224 3374 1244 3407 ι
1285 3354 1478 3424 inquit,
1514 3373 1533 3406 ι
1573 3365 1792 3424 prepter
1827 3369 2020 3409 nomen

455 3459 609 3502 tuum
636 3454 685 3512 ν,
731 3464 749 3497 ι
795 3455 868 3512 et,
916 3461 937 3496 ι
984 3444 1101 3499 Non
1155 3446 1343 3517 uobisf,
1401 3448 1495 3503 sed
1559 3446 1764 3501 nomini
1815 3455 1910 3502 tuo
1956 3447 2021 3501 da

451 3537 674 3605 gloriam
709 3545 757 3590 ι.
792 3554 810 3587 ι

523 3627 686 3684 Vens.
720 3629 810 3684 15.
861 3646 880 3680 ι
917 3628 1207 3701 Propterea
1243 3639 1297 3685 et
1336 3645 1455 3699 ego,
1486 3629 1665 3684 audita
1710 3628 1815 3684 fide
1843 3638 2022 3684 vestra

451 3722 504 3774 in
538 3719 766 3777 Domino
798 3719 948 3786 Jcsu,
989 3738 1052 3777 ac
1093 3722 1381 3777 dilectione
1437 3723 1489 3775 in
1541 3736 1732 3776 omnes
1777 3731 2021 3784 sanctos,

451 3827 556 3875 non
578 3827 732 3867 cesso
755 3814 957 3883 graﬁas
975 3829 1132 3885 agere
1151 3814 1439 3882 pro'vobis.
1454 3832 1574 3866 ι-ι
1589 3812 1812 3883 Propter
1830 3816 1930 3869 hoc
1955 3831 1969 3869 :
1999 3832 2017 3865 ι

456 3903 667 3969 Quale?
705 3905 856 3971 Quod
905 3906 1007 3960 fide
1069 3916 1307 3978 recepta,
1379 3908 1571 3979 signati
1632 3908 1749 3962 sitis
1793 3907 2021 3977 Spiritu,

454 3995 928 4067 arrhabonemque
975 3999 1298 4069 acceperitis
1352 3999 1652 4054 futurorum
1718 3999 2019 4063 bonorum,

455 4087 811 4156 perfectasque
827 4089 1233 4160 redemptionis,
1259 4092 1664 4162 assecuturique
1680 4093 1800 4148 sitis
1823 4108 1884 4147 ea
1904 4107 2025 4162 quae

455 4191 581 4235 sunt
605 4181 838 4252 reposita
869 4183 933 4236 iis
953 4182 1042 4252 qui
1071 4192 1216 4238 recte
1247 4184 1473 4238 credunt
1503 4194 1559 4240 et
1587 4186 1812 4251 vivunt,
1850 4205 1869 4238 ι
1910 4185 2022 4240 Non

455 4287 612 4328 cesso
638 4275 840 4344 gratias
869 4289 1029 4345 agere
1064 4291 1160 4345 pro
1211 4277 1382 4332 vobis.
1424 4296 1444 4331 ι
1483 4279 1885 4334 Animadvertis
1925 4280 2026 4334 mi-

454 4366 807 4422 sericordiam
832 4377 886 4421 et
908 4367 1251 4423 clementiam
1279 4370 1416 4438 ejus,
1434 4370 1704 4440 quomodo
1723 4385 1822 4439 pro
1844 4371 2024 4426 omni-

456 4458 559 4512 bus
587 4459 790 4528 gratias
833 4468 977 4527 agat,
1017 4475 1112 4515 ceu
1160 4460 1275 4532 ipse
1311 4462 1637 4517 beneficium
1690 4463 2026 4532 accepisset?

1331 405 1907 469 TBEOPHYLACTI
1947 405 2360 468 BULGARI/E
2400 408 2755 470 ARCHIEP.

508 522 670 577 Vens.
709 519 796 574 H.
827 535 846 571 ι
883 517 983 585 Qui
1008 524 1092 574 est
1116 515 1349 572 arrhabo
1376 515 1709 572 hereditatis
1733 523 1950 570 nostrre.
1984 532 2003 566 ι
2039 517 2085 576 Α

2188 535 2206 567 ι
2253 518 2350 581 Ὃς
2394 519 2542 572 ἐστιν
2586 516 2848 592 ἀρραϐὼν
2895 517 2994 589 τῆς
3041 517 3405 588 κληρονομιας
3438 516 3613 586 ἡμῶν.
3643 535 3670 572 υ

2123 607 2424 678 Ἦγόρασεν
2447 613 2493 644 ⁵⁷
2522 611 2551 664 ὁ
2581 611 2712 675 Θεὸς
2742 613 2873 683 παρ’
2896 609 3053 681 ἡμῶν
3075 611 3174 680 τὴν
3199 609 3472 680 σωτηρίαν
3505 609 3675 680 ἡμῶν,

2114 700 2208 753 καὶ
2233 700 2432 754 ἔδωκεν
2449 703 2582 771 ἡμῖν
2614 701 2911 773 ἀρραϐῶνα
2934 701 3070 764 τέως
3102 699 3164 752 τὸ
3191 698 3434 768 Πνεῦμα,
3465 698 3675 752 πιστού-

2117 807 2276 861 μενος
2301 793 2383 845 ὃτι
2423 795 2515 847 καὶ
2551 793 2650 864 τὴν
2669 791 3034 862 κληρονομίαν
3059 791 3167 844 τῶν
3194 790 3523 861 ἀπορρήτων
3548 790 3674 856 ἀγα-

2115 887 2223 941 θῶν
2266 887 2450 945 δώσει.
2490 889 2554 942 Οἱ
2577 889 2633 941 δὲ
2658 887 2825 950 ὅντως
2855 886 2946 939 τοῦ
2988 886 3302 954 Πνεύματος
3341 883 3672 952 μετέχοντες,

2113 978 2361 1032 ἐντεῦθεν
2393 979 2492 1050 ἢδη
2526 981 2722 1032 ἐκεῖνοι
2749 978 3131 1046 γινώσκουσιν,
3163 977 3246 1029 ὅτι
3283 973 3546 1046 ἀρραϐών
3572 975 3676 1026 ἐστι

2112 1071 2214 1142 τῆς
2248 1073 2463 1136 τελείας
2492 1073 2539 1105 ⁵⁸
2574 1073 2943 1144 κληρονομίας
2965 1087 2980 1101 ·
3012 1067 3125 1133 οἶος
3154 1071 3182 1123 ὁ
3218 1068 3434 1131 Παῦλος
3453 1083 3465 1094 ·
3494 1067 3572 1119 διδ
3593 1068 3676 1118 καὶ

2114 1163 2391 1228 ἐστέναξε,
2425 1163 2520 1216 καὶ
2549 1161 2733 1234 ἐζήτει
2776 1162 2836 1216 τὸ
2887 1161 3091 1214 τέλειον
3119 1161 3165 1192 ⁸⁹
3199 1159 3402 1223 λαδεῖν,
3454 1158 3549 1209 καί
3591 1158 3677 1209 στιν

2117 1254 2338 1326 Χριστῷ
2372 1251 2549 1308 εἶναι’
2571 1256 2732 1322 ἡμεῖς
2775 1253 2831 1306 δὲ
2859 1250 2984 1304 οὔτε
3019 1251 3111 1304 τὸν
3150 1249 3451 1322 ἀρραϐῶνα
3496 1247 3677 1315 ἔχομεν

2116 1349 2320 1414 ὡςκδεῖ,
2352 1346 2475 1401 οὔτε
2501 1345 2597 1400 τοῦ
2625 1345 2832 1400 τελείου
2860 1345 2904 1376 ⁸ο
2927 1341 3213 1413 ἐφιέμεθα,
3236 1341 3310 1404 ὡς
3345 1339 3597 1407 ἄγευστοι
3617 1337 3676 1390 ⁶¹.

2195 1635 2214 1668 ‹
2257 1616 2349 1678 Εἰς
2398 1613 2776 1683 ἀπολύτρωσιν
2830 1610 2928 1680 τῆς
2994 1607 3420 1677 περιποιήσεως.
3474 1622 3492 1655 ι
3537 1603 3679 1672 Περι-

2117 1710 2333 1780 ποίησιν
2391 1707 2491 1779 τὴν
2553 1706 2684 1775 περὶ
2721 1705 2871 1775 ἡμᾶς
2931 1701 3168 1771 σπουδὴν
3211 1701 3306 1753 καὶ
3361 1695 3679 1766 κηδεμονίαν

2117 1802 2269 1871 λέγει
2310 1799 2405 1853 τοῦ
2443 1797 2604 1853 Θεοῦ.
2669 1797 2841 1866 Φησὶν
2871 1793 2986 1858 οὖν,
3034 1794 3118 1847 ὅτι
3157 1793 3185 1845 ὁ
3221 1789 3484 1863 ἀρραϐὼν
3520 1781 3680 1851 οὗτος,

2118 1892 2198 1953 είς
2224 1889 2322 1959 τὴν
2342 1886 2556 1941 τελείαν
2590 1884 2990 1954 ἀπολύτρωσιν,
3017 1883 3112 1936 καὶ
3138 1880 3236 1950 τὴν
3260 1878 3510 1947 καθαράν
3540 1875 3682 1947 ἡμῶν

2118 1979 2469 2052 περιποίησιν
2512 1977 2688 2047 φέρει,
2738 1975 2834 2028 καὶ
2881 1973 2949 2028 δι’
2986 1972 3154 2042 αὐτὴν
3188 1971 3369 2040 ἐδόθη.
3429 1971 3560 2022 Τότε
3586 1971 3682 2039 γάρ

2118 2073 2271 2126 ἔσται
2299 2073 2332 2138 ἡ
2361 2069 2544 2123 τελεία
2570 2066 2878 2136 ἐλευθερία,
2913 2065 3001 2117 ὅτε
3026 2061 3307 2124 παντελῶς
3336 2061 3681 2129 καταργεῖται

2117 2166 2152 2236 ἡ
2187 2161 2458 2234 ἁμαρτίαο
2491 2161 2577 2212 ὅτε
2608 2159 2700 2211 καὶ
2725 2158 2822 2226 τῆς
2854 2157 2991 2225 μετὰ
3021 2154 3129 2208 τῶν
3159 2151 3504 2224 ἁμαρτωλῶν
3531 2167 3683 2204 συνοι-

2118 2256 2330 2326 κήσεως
2376 2249 2719 2304 ἀπολυθῶσιν
2753 2248 2802 2300 οἱ
2830 2247 2996 2312 ἆγιοι,
3041 2245 3134 2297 καὶ
3170 2243 3415 2312 φανῶσιν
3458 2240 3507 2294 οί
3540 2255 3682 2307 περι-

2122 2342 2464 2412 ποιηοέντες,
2501 2339 2595 2392 καὶ
2629 2335 3063 2409 προσκτηθέντες
3092 2333 3168 2404 τῷ
3211 2333 3352 2403 Θεῷ,
3386 2331 3529 2385 ὥστε
3557 2327 3682 2383 εἶναι

2119 2436 2286 2491 αὐτοῦ
2336 2435 2484 2498 λαός.
2540 2431 2694 2495 Τινὲς
2775 2430 2833 2483 δὲ
2884 2427 3231 2500 περιποίησιν
3292 2427 3443 2496 ἡμᾶς
3506 2423 3681 2486 αὐτοὺς

2119 2530 2370 2600 ἐνόησαν.
2412 2547 2431 2580 ‹
2477 2529 2569 2587 Εἰς
2600 2523 2980 2594 ἀπολύτρωσιν
3021 2541 3040 2575 ι
3073 2518 3168 2576 οὖν
3205 2538 3224 2572 ι
3271 2519 3374 2588 τῆς
3403 2518 3681 2589 περιποιή-

2122 2639 2256 2686 σεως
2281 2639 2296 2653 ·
2325 2642 2343 2673 ι
2375 2621 2676 2683 τουτέστιν,
2741 2617 2922 2688 ἡμῶν,
2964 2614 3160 2678 οἵτινές
3193 2615 3362 2684 ἐσμεν
3405 2609 3678 2682 περιποίη-

2123 2734 2229 2778 σις,
2263 2715 2355 2768 καὶ⁵
2391 2713 2602 2781 κτῆσις,
2637 2711 2728 2763 καὶ
2751 2708 3040 2779 περιουσία
3075 2707 3234 2761 Θεοῦ.

2198 2827 2215 2859 ι
2254 2807 2346 2868 Ei;
2371 2805 2590 2858 ἔπαινον
2621 2803 2716 2872 τῆς
2761 2801 2918 2872 δόξης
2948 2797 3138 2852 αύτοῦ.
3180 2815 3198 2849 ι
3240 2795 3492 2866 Συνεχῶς
3532 2791 3676 2846 τοῦτο

2123 2899 2362 2968 ἐπιλέγει
2395 2899 2464 2963 θ’,
2497 2893 2867 2965 πληροφορίαν
2905 2891 3078 2953 διδοὺς
3112 2891 3192 2943 ὅτι
3223 2888 3440 2949 πάντως
3473 2886 3519 2918 ⁸⁸
3540 2885 3678 2937 ἔσται

2121 2994 2191 3046 τὰ
2223 2989 2632 3060 ἐπηγγελμένα,
2671 2988 2733 3040 El
2789 2987 2886 3055 μὲν
2915 2985 3022 3054 γάρ
3065 2980 3224 3053 ήμῶν
3264 2981 3454 3033 ἕνεκεν
3503 2977 3677 3037 ἐποίει,

2123 3084 2227 3138 κᾶν
2257 3081 2619 3153 ἀμφιϐάλλειν
2641 3074 2708 3150 ἦν
2727 3095 2741 3109 ⁸
2775 3077 2870 3133 νῦν
2901 3076 2957 3129 δὲ
2981 3073 3102 3127 ἐπεὶ
3133 3072 3218 3125 διὰ
3255 3070 3316 3122 τὸ
3344 3069 3572 3136 φανῆναι
3595 3066 3682 3133 τὴν

2123 3174 2326 3228 οἰκείαν
2355 3172 2668 3242 ἁγαθότητα
2711 3169 2894 3240 μέλλει
2925 3165 3097 3220 ταῦτα
3125 3163 3296 3216 ποιεῖν
3331 3161 3400 3224 ⁸⁵,
3448 3159 3529 3220 τίς
3573 3158 3682 3210 ἀντ-

2131 3269 2246 3338 ερεῖ
2275 3265 2351 3329 ὡς
2377 3265 2436 3318 ού
2475 3263 2723 3334 ποιήσεις
2769 3259 2924 3314 Οὕτω
2956 3256 3052 3312 καὶ
3087 3257 3119 3327 ἡ
3154 3254 3346 3325 Γραφή
3370 3268 3384 3284 ο
3421 3269 3439 3302 ι
3472 3249 3682 3317 Ποίησον

2130 3359 2261 3428 ἡμῖν
2296 3359 2382 3412 διὰ
2407 3357 2480 3409 ab
2518 3355 2688 3424 ὅνομά
2722 3369 2845 3406 σουο
2883 3371 2901 3404 ι
2950 3350 3066 3417 καὶ,
3097 3368 3115 3400 ι
3148 3347 3238 3419 Μὴ
3269 3347 3426 3417 ἡμῖν,
3457 3341 3586 3398 ἀλλὰ
3614 3338 3680 3391 τῶ

2130 3450 2351 3520 ὀνόματί
2381 3466 2474 3503 σου
2501 3448 2586 3512 δὸς
2617 3447 2794 3513 δόξαν.
2830 3465 2849 3498 ι

2211 3649 2229 3683 ι
2267 3628 2364 3683 Διά
2397 3627 2555 3682 τοῦτο
2596 3623 2770 3693 κάγὼ,
2797 3623 3035 3684 ἀκούσας
3061 3620 3160 3688 τὴν
3191 3616 3314 3671 καθ’
3343 3615 3486 3685 ὑμᾶς
3520 3610 3681 3664 πίστιν

2132 3726 2189 3777 έν
2212 3723 2288 3793 τῷ
2313 3721 2503 3792 Κυρίῳ
2539 3717 2736 3788 Ἰησοῦ,
2763 3719 2858 3770 καὶ
2885 3715 2982 3786 τὴν
3015 3712 3235 3782 ἀγάπην
3265 3710 3364 3778 τὴν
3387 3710 3464 3770 εἰς
3496 3705 3682 3761 πάντας

2131 3817 2256 3879 τοὺς
2305 3815 2515 3884 ἁγίους,
2545 3814 2607 3866 ού
2639 3810 2884 3879 παύομαι
2915 3804 3247 3878 εὐχαριστῶν
3292 3802 3433 3873 ὑπὲρ
3475 3798 3636 3869 ὑμῶν.
3660 3813 3676 3846 ι

2139 3933 2157 3966 t
2198 3913 2296 3968 Διά
2335 3911 2512 3965 τοῦτο.
2552 3928 2568 3960 ι
2609 3909 2804 3971 Ποῖονς
2848 3907 2990 3958 Διότι
3036 3899 3450 3960 πιστεύσαντες,
3500 3897 3682 3961 ἐσφρα-

2132 4004 2358 4076 γίσθητε
2392 4001 2470 4071 τῷ
2502 4002 2809 4069 Πνεύματι,
2840 3997 2936 4051 καὶ⁵
2979 3991 3277 4065 ἀρραϐῶνα
3328 3987 3544 4042 ἐλάϐετε
3585 3980 3681 4034 τῶν

2138 4097 2440 4168 μελλόντων
2475 4092 2692 4162 ἀγαθῶν
2729 4089 2825 4144 καὶ
2863 4088 2959 4157 τῆς
3012 4084 3222 4144 τελείας
3250 4076 3679 4168 ἀπολυτρώσεως,

2133 4164 2227 4248 παὶ
2283 4190 2505 4262 μέλλετε
2549 4187 2732 4255 τυχεῖν
2790 4183 2899 4236 τῶν
2951 4175 3332 4247 ἀποκειμένων
3371 4173 3480 4234 τοῖς
3523 4164 3680 4262 epos;

2136 4283 2452 4340 πιστεύουσι
2504 4281 2598 4335 καὶ
2648 4275 2875 4347 βιοῦσιν,
2927 4292 2945 4326 ι
2978 4272 3038 4326 οὐ
3080 4269 3325 4338 παύομαι
3371 4257 3680 4334 εὐχαριστῶν

2135 4377 2275 4447 ὑπερ
2309 4373 2484 4446 ὑμῶν.
2520 4392 2538 4424 ι
2579 4371 2744 4442 Ὀρᾷς
2770 4366 3050 4434 σπλάγχνα
3067 4359 3392 4431 οἰκτιρμῶν,
3425 4355 3530 4416 πῶς
3557 4349 3681 4447 ὑπερ

2135 4469 2353 4525 πάντων
2403 4465 2737 4535 εὐχαριστεῖ,
2771 4459 2846 4523 ὡς
2888 4457 3047 4519 αὐτὸς
3091 4449 3572 4523 εὐεργετούμενοςς
3615 4441 3679 4493 Ού

456 4547 574 4603 Non
605 4549 748 4603 enim
801 4550 920 4606 istis
952 4551 1146 4617 solum,
1201 4569 1384 4607 verum
1431 4554 1592 4608 etiam
1626 4555 1876 4610 omnibus
1930 4559 2019 4614 hoc

2135 4561 2244 4631 γὰρ
2296 4559 2481 4630 μόνοις
2530 4555 2764 4617 τούτοις,
2811 4549 2948 4605 ἀλλά
2988 4547 3083 4602 καὶ
3115 4546 3248 4598 πᾶσι
3287 4542 3444 4594 τοῦτο
3478 4537 3676 4608 γράφει.

363 4693 372 4710 ε
457 4640 667 4697 scribit.
704 4641 926 4711 Dignum
963 4653 1043 4696 est
1091 4653 1270 4698 autem
1322 4645 1523 4716 gratias
1572 4661 1669 4702 nos
1708 4661 1871 4715 agere
1925 4648 2030 4702 Deo

459 4747 558 4797 pro
582 4733 790 4788 cunctis
817 4734 1090 4790 beneficiis
1115 4737 1234 4792 aliis
1254 4754 1374 4808 qua:
1406 4739 1456 4792 in
1489 4754 1590 4794 nos
1616 4739 1702 4794 ille
1731 4741 2028 4795 transtulit.

462 4823 689 4895 Dignum
717 4833 896 4880 tamen
916 4828 1078 4882 etiam
1109 4838 1192 4883 est
1217 4845 1310 4898 pro
1339 4830 1440 4885 fide
1465 4831 1798 4887 credentium
1831 4834 2032 4901 gratias

459 4931 644 4987 agere,
676 4918 819 4987 quod
856 4919 936 4975 sic
968 4921 1254 4975 illuminati
1277 4922 1405 4986 sint,
1435 4926 1577 4990 quod
1604 4925 1748 4977 cruci
1782 4923 2033 4979 Servato-

459 5011 538 5065 ris
576 5012 742 5066 additi
775 5012 902 5078 sint,
935 5028 964 5068 a
1014 5016 1287 5084 perditore
1322 5015 1636 5070 deficientes
1680 5036 1691 5070 :
1729 5015 1842 5072 Hoc
1887 5019 2030 5074 enim

460 5101 712 5154 fraterna:
757 5103 1040 5158 charitatis
1068 5113 1144 5158 εει
1219 5123 1238 5155 ι
1279 5103 1475 5158 Audita
1525 5105 1628 5159 fide
1675 5113 1873 5172 vestra,
1905 5125 1923 5158 ι
1950 5107 2033 5160 in-

461 5191 596 5258 quit,
631 5209 650 5243 ι
690 5208 809 5261 quae
837 5203 920 5248 est
969 5209 1064 5263 per
1121 5194 1306 5250 Jesatn
1358 5194 1634 5249 Christum
1665 5213 1680 5249 :
1716 5215 1736 5247 ι
1770 5210 1870 5250 nec
1919 5197 2032 5254 sola

460 5281 585 5345 tide,
609 5297 794 5336 verum
818 5285 980 5338 etiam
1010 5285 1320 5347 dilectione,
1371 5285 1474 5340 hoc
1501 5295 1586 5341 est
1616 5286 1950 5342 misericordi
1979 5300 2036 5344 et

459 5371 688 5429 fratrum
735 5377 937 5431 amanti
969 5377 1168 5444 animo,
1206 5385 1371 5446 atque
1401 5378 1638 5432 humano
1665 5380 1754 5448 qui
1797 5389 1878 5435 est
1906 5396 2032 5450 erga

604 5517 628 5544 υ
657 5508 887 5582 Philipp.
921 5529 959 5579 ι,
985 5513 1077 5568 ‘25.
1156 5524 1183 5552 ν
1217 5513 1357 5569 Psal.
1382 5529 1534 5580 cvm,
1563 5515 1653 5569 2|.

2133 4654 2319 4718 ’Δξιον
2357 4651 2453 4722 μὲν
2498 4649 2592 4702 οὖν
2632 4646 2979 4716 εὐχαριστεῖν
3015 4642 3092 4712 τῷ
3139 4640 3258 4709 Θεῷ
3311 4640 3404 4692 καὶ
3447 4637 3534 4690 ἐπὶ
3563 4637 3679 4687 πᾶσι

2129 4744 2242 4806 τοῖς
2279 4741 2458 4803 ἄλλοις
2501 4732 2576 4793 ὧν
2625 4735 2976 4808 ἠξιώθημεν
3018 4733 3169 4798 ἀξιον
3199 4731 3258 4784 δὲ
3314 4730 3405 4783 καὶ
3437 4728 3565 4794 ὑπὲρ
3595 4724 3678 4791 τῆς

2131 4837 2369 4898 πίστεως
2399 4834 2505 4888 τῶν
2536 4831 2923 4893 πιστευόντων,
2965 4829 3048 4881 ὅτι
3087 4826 3260 4889 οὕτως
3308 4821 3679 4892 ἐφωτίσθησαν,

2131 4929 2217 4983 ὅτι
2270 4928 2348 4997 τῷ
2389 4927 2607 4998 σταυρῷ
2657 4924 2752 4978 τοῦ
2791 4923 3044 4991 Σωτῆρος
3097 4920 3514 4988 προσετέθησαν,
3562 4915 3666 4966 ἀπο

2134 5020 2358 5083 στάντες
2386 5019 2481 5072 τοῦ
2518 5017 2848 5080 ἀπολλύντος
2887 5032 2900 5045 ·
2935 5016 3094 5069 τοῦτο
3121 5017 3231 5084 γὰρ
3260 5009 3595 5080 φιλαδελφίας
3617 5006 3676 5056 "-

2136 5130 2154 5164 ι
2197 5112 2484 5176 Ἀκούσας,
2527 5129 2545 5163 ι
2584 5111 2737 5181 φησι,
2769 5128 2789 5161 ι
2836 5109 2933 5179 τὴν
3003 5108 3185 5160 πίστιν
3249 5105 3402 5175 ὑμῶν
3456 5103 3543 5170 τὴν
3603 5097 3677 5148 διὰ

2131 5203 2228 5256 τοῦ
2279 5204 2488 5275 Κυρίου
2539 5201 2741 5270 Ἰησοῦ.
2783 5221 2802 5252 ι
2845 5200 2958 5254 Καὶ
3007 5199 3069 5252 οὐ
3133 5197 3294 5268 μόνον
3346 5195 3439 5265 τὴν
3490 5191 3674 5245 πίστιν.

2131 5293 2266 5348 ἀλλά
2315 5294 2408 5346 καὶ
2454 5293 2552 5362 τὴν
2611 5292 2855 5361 ἀγάπην,
2937 5288 3205 5350 τουτέστι,
3275 5289 3371 5358 τὴν
3437 5285 3676 5351 ἐλεήμονα

2132 5385 2226 5438 καὶ
2261 5384 2581 5452 φιλάδελφον
2609 5383 2836 5454 γνώμην
2884 5381 2976 5436 καὶ
3019 5380 3398 5452 φιλάνθρωπον
3416 5379 3460 5412 ⁸⁵
3487 5376 3582 5429 τῶν
3604 5375 3670 5433 εἰς

1802 5527 1826 5553 ι
1863 5515 2006 5572 Psal.
2025 5534 2178 5583 cxm,
2211 5519 2257 5572 l.

1789 5661 1989 5722 Varia:
2019 5663 2349 5725 lectiones.

528 5788 570 5816 ⁸⁷
602 5787 841 5862 ἠγ-ὁρασε
877 5785 1041 5862 δξᾲοῦν
1073 5805 1146 5842 m.
1223 5791 1268 5862 f5
1295 5790 1443 5862 θείας
1466 5805 1517 5862 o.
1565 5791 1638 5862 Α⁶⁹
1672 5791 1827 5862 τέλος
1860 5807 1933 5862 ο,
1990 5791 2034 5823 ⁶⁶
2061 5791 2246 5854 τέλους
2275 5807 2328 5846 o.
2404 5794 2444 5824 ⁶¹
2482 5792 2685 5860 ἀγαθοῦ
2711 5807 2760 5844 ο.
2839 5793 2885 5862 9'
2920 5790 3167 5862 ἐπιφέρει
3203 5804 3273 5843 ιιι.
3352 5788 3393 5819 ⁸³
3427 5783 3580 5838 πάντα
3609 5789 3656 5831 o.

461 5857 506 5890 ”
543 5857 762 5913 τοιαῦτα
818 5860 1039 5926 ποιῆσαι
1070 5875 1122 5915 0.
1200 5861 1243 5892 "
1293 5859 1614 5926 φιλαδελφία
1663 5879 1732 5915 ιιι.
1811 5861 1856 5894 ⁶⁶
1886 5861 1984 5925 τὴν
2012 5863 2380 5925 ἐλεημοσύνην
2405 5863 2499 5916 καὶ
2530 5857 2707 5926 φιλᾶν.
2747 5861 2877 5915 ννύ).
2915 5880 2968 5915 υ.
