3932 6608
243 432 374 498 1045

1013 429 1422 491 EXPOSITIO
1461 430 1542 490 IN
1579 430 1821 491 EPIST.
1865 430 1964 489 AD
2005 431 2272 492 EPHES.
2305 457 2371 468 -
2414 431 2574 491 CAP.
2617 430 2668 490 Ῑ.

3341 422 3512 488 10662--

237 546 461 608 πάντας,
483 546 577 598 καὶ
597 530 695 596 οὐκ
729 543 808 605 είς
835 541 1027 610 μόνους
1047 543 1091 574 ⁸⁷
1109 544 1234 605 τοὺς
1254 541 1580 614 ἐπιχωρίους
1605 540 1760 608 ἁγίου
1771 557 1814 603 ς,

1932 554 2128 606 omnes,
2159 551 2214 596 et
2263 557 2367 597 non
2414 556 2540 610 erga
2594 539 2736 596 solos
2785 537 3062 609 indigenas
3108 545 3344 601 sanctos,
3385 539 3522 592 hoc-

237 637 506 700 τουτέστι,
531 637 657 699 τοὺς
690 635 914 698 πιστοὺς
948 635 1206 706 πένητας.
1242 635 1524 704 Πανταχοῦ
1573 635 1629 687 δὲ
1660 634 1708 665 ⁸⁸
1743 634 1808 703 τῇ

237 729 416 783 πίστει
475 727 573 799 τὴν
622 728 843 797 ἀγάπην
899 729 1188 792 συνάπτει,
1233 726 1334 794 τὴν
1383 726 1662 792 γεννῶσαν
1719 725 1813 779 τὸν

240 819 495 890 ἐνάρετον
539 819 672 889 βίον.
715 819 878 872 Ἀνευ
913 819 1020 890 γὰρ
1049 820 1253 886 ταύτης
1293 821 1354 872 τδ
1392 819 1577 890 ἕτερον
1618 817 1811 888 ἀργὸν,

237 911 272 979 ἡ
318 909 524 971 πίστις,
557 909 724 978 φημὶ,
767 910 936 979 χωρὶς
977 907 1141 980 ἔργου
1183 909 1278 962 καὶ
1317 908 1434 980 βίου
1461 924 1474 938 ·
1503 907 1690 978 ὥσπερ
1720 907 1815 961 καί⁸

239 1002 348 1072 βίος
379 1003 551 1072 χωρὶς
583 1000 843 1064 πίστεως.

310 1113 328 1144 ι
363 1095 569 1147 Μνείαν
599 1092 756 1161 ὑμῶν
793 1091 1113 1162 ποιούμενος
1145 1093 1248 1146 ἐπὶ
1269 1091 1377 1146 τῶν
1409 1093 1748 1164 προσευχῶν.
1787 1111 1806 1145 ι

248 1184 532 1254 Ἐννόησον
563 1185 762 1245 πόσους
803 1179 947 1254 εἶχεν
995 1185 1054 1238 ἐν
1083 1189 1149 1256 τῇ
1176 1185 1410 1257 διανοίᾳ,
1473 1185 1652 1239 πόσων
1682 1185 1816 1254 ἑμέ-

238 1295 407 1346 μνητο
437 1280 494 1331 ἐν
520 1280 642 1342 ταῖς
659 1277 844 1347 εὐχαῖς
861 1277 907 1310 ⁸⁸
930 1291 944 1308 ⁸
978 1278 1138 1347 ἡμεῖς
1167 1277 1246 1344 δὲ,
1275 1277 1395 1330 οὐδὲ
1427 1278 1458 1348 ἡ
1468 1277 1583 1348 μῶν
1610 1275 1809 1340 αὐτῶν,

231 1371 307 1432 ὡς
333 1371 465 1440 xsti-

311 1565 333 1598 ς
376 1549 496 1601 ἰνα
530 1551 558 1602 6
599 1549 732 1612 Θιδς
764 1547 860 1602 τοῦ
893 1549 1103 1619 Κυρίου
1141 1549 1298 1619 ἡμῶν
1348 1547 1520 1619 Ἰησοῦ
1556 1547 1814 1619 Χριστοῦ,

235 1640 264 1690 6
295 1639 486 1709 Πατὴρ
515 1641 614 1708 τῆς
651 1639 828 1709 δόξης.
873 1657 893 1692 ι
924 1639 989 1692 Τί
1027 1639 1123 1710 δέῃ
1166 1642 1260 1692 καὶ
1298 1639 1634 1711 παρακαλεῖς
1676 1640 1819 1710 ὑπὲρ

233 1729 434 1798 ήμῶν;
469 1731 584 1784 ἰνα
614 1732 642 1784 6
670 1730 802 1793 Θεὸς
850 1731 1047 1804 σοφίσῃ
1097 1731 1258 1800 ὑμᾶς.
1302 1749 1320 1782 ι
1355 1731 1487 1795 Θεὸς
1523 1750 1544 1784 ι
1578 1731 1634 1784 δὲ
1666 1752 1682 1781 ι
1721 1732 1818 1786 τοῦ

235 1821 443 1890 Κυρίου
485 1821 656 1890 Ἰησοῦ
676 1839 690 1854 ·
725 1842 743 1873 ι
776 1823 1044 1886 τουτέστι,
1071 1823 1171 1876 τοῦ
1197 1823 1486 1892 ἀνθρώπου
1507 1826 1602 1877 τοῦ
1628 1823 1814 1893 ὁμοίου

234 1885 368 1983 ἠμέν
419 1885 562 1967 κατά
611 1914 708 1985 τὴν
757 1915 958 1982 σάρκα.
1001 1885 1038 1967 ιγ
1068 1916 1126 1970 ’0
1178 1885 1368 1986 Πατηρ
1413 1915 1512 1985 τῆς
1553 1885 1748 1982 δόξης·
1793 1934 1810 1966 ι
1851 1885 1892 1939 Β

234 2007 546 2068 τουτέστιν,
591 2007 619 2058 6
684 2007 898 2076 μεγάλα
966 2008 1061 2060 καὶ
1141 2007 1324 2071 ἔνδοξα
1379 2005 1624 2072 δεδωκὼς
1685 2009 1819 2078 ἡμῖν

234 2098 447 2166 ἀγαθά.
498 2099 608 2151 Ἀεὶ
653 2098 758 2169 γὰρ
796 2099 904 2152 ἀπὸ
956 2100 1053 2170 τῆς
1103 2101 1472 2170 προκειμένης
1510 2099 1820 2163 ὑποθέσεως

235 2192 409 2245 αὑτὸν
440 2189 716 2260 ὀνομάζει,
745 2192 820 2254 ὡς
849 2192 928 2254 τὸ,
967 2209 985 2243 ι
1021 2193 1207 2264 Πατὴρ
1234 2194 1344 2246 τῶν
1369 2194 1691 2264 οἰκτιρμῶν,
1726 2192 1822 2246 καὶ

235 2283 375 2346 Θεὸς
433 2284 614 2352 πάσης
667 2285 1105 2354 παρακλήσεως·
1170 2305 1188 2338 ι
1238 2287 1332 2338 καὶ
1394 2289 1422 2339 6
1495 2287 1820 2357 προφήτης,

241 2392 260 2426 ι
302 2374 515 2440 Κύριος
567 2374 720 2444 ίσχύς
777 2393 879 2444 μου
922 2377 1018 2430 καὶ
1073 2378 1238 2448 κέρας
1297 2379 1570 2449 σωτηρίας
1618 2397 1742 2450 μου.
1793 2400 1812 2432 ι

234 2464 354 2517 Καὶ
387 2463 621 2517 ἐνταῦθα
643 2466 847 2530 τοίνυν,
871 2467 1059 2537 ἐπειδὴ
1104 2469 1313 2538 μεγάλα
1349 2471 1479 2539 ἡμῖν
1506 2472 1600 2524 καὶ
1633 2470 1821 2535 ἔνδοξα

235 2555 572 2625 ἐχαρίσατο,
657 2557 878 2629 Πατέρα
979 2558 1171 2628 δόξης,
1243 2561 1530 2614 ’τουτέστιν
1623 2561 1818 2626 αἴτιον,

232 2641 408 2703 MV
443 2667 627 2719 φησιν.
663 2653 738 2705 Οὐ
778 2653 886 2722 γὰρ
919 2652 1033 2723 ἔχει
1080 2653 1252 2716 άλλως
1299 2653 1460 2706 αὐτὸν
1505 2653 1755 2718 καλέσαι,
1785 2655 1818 2726 ἢ

234 2741 354 2794 ἀπὸ
407 2740 503 2794 τοῦ
555 2742 936 2815 λαμπροτέρου
976 2745 1107 2814 παρ’
1157 2748 1288 2816 ἡμῖν
1337 2746 1618 2817 ὀνόματος.
1665 2748 1724 2802 '0
1765 2749 1822 2802 δὲ

233 2835 506 2902 Θεολόγος
557 2835 856 2906 Γρηγὸριος
879 2837 1037 2903 δόξαν
1065 2837 1163 2908 τὴν
1195 2838 1422 2909 θεότητα
1451 2840 1544 2894 τοῦ
1579 2843 1824 2911 Μονογε-

235 2927 369 2989 νοῦς
395 2929 618 2995 ἐνόησεν
649 2929 720 2994 ⁷⁸,
753 2928 895 2981 ὥστε
934 2929 1073 2983 εἶναι
1100 2931 1194 2983 τοῦ
1219 2932 1385 2985 αὐτοῦ
1419 2933 1512 2987 καὶ
1542 2935 1660 2998 ἑνὸς
1693 2936 1827 3006 Χρι-

236 3018 377 3072 στοῦ
409 3020 504 3072 καὶ
529 3019 665 3072 Θεὸν
697 3023 786 3074 καὶ
813 3023 1036 3090 Πατέρα
1057 3039 1072 3052 ·
1111 3024 1348 3094 Χριστοῦ
1382 3025 1502 3091 μὲν,
1524 3027 1695 3094 ἦγουν
1728 3028 1824 3080 τοῦ

234 3110 763 3181 ἀνθρωπίνου,-Θεόν
784 3130 797 3142 ·
826 3113 924 3184 τῆς
950 3113 1005 3166 δὲ
1033 3113 1213 3184 δόξης,
1241 3116 1410 3186 ῆγουν
1429 3118 1524 3186 τῆς
1549 3117 1820 3188 θεότητος,

235 3207 490 3277 Πατέρα.

313 3317 341 3350 o
386 3297 507 3369 Δῴη
536 3301 664 3371 ὑμῖν
709 3302 926 3373 πνεῦμα
955 3303 1148 3372 σοφίας
1178 3303 1274 3357 καὶ
1313 3305 1728 3374 ἀποκαλύψεως,
1765 3309 1823 3360 ὲν

233 3390 540 3455 ἐπιγνώσει
571 3393 734 3448 αὑτοῦ
757 3395 1206 3465 πεφωτισμένους
1231 3397 1356 3460 τοὺς
1388 3397 1700 3466 ὀφθαλμοὺς
1725 3399 1824 3468 τῆς

233 3481 474 3552 καρδίας
506 3483 678 3552 ὑμῶν.
721 3503 738 3536 ι
783 3486 1065 3548 Ίῖουτέστι,
1101 3486 1362 3556 Χάρισμα
1387 3487 1515 3556 ὑμῖν
1545 3488 1821 3562 παράσχῃ,

231 3572 387 3626 ὥστε
417 3574 503 3627 διὰ
533 3575 627 3628 τοῦ
669 3577 984 3646 Πνεύματος
1023 3577 1379 3647 φωτισθῆναι.
1423 3577 1485 3631 Εἰ
1519 3581 1592 3650 μὴ
1623 3580 1732 3651 γὰρ
1764 3583 1825 3636 τὸ

240 3666 482 3736 Πνεῦμα
513 3667 838 3740 ἀποκαλύψῃ
867 3669 934 3722 τὰ
973 3670 1333 3740 κεκρυμμένα
1362 3673 1658 3743 μυστήρια,
1695 3673 1825 3728 ἀδύ-

236 3772 407 3808 νατον
438 3755 611 3819 άλλως
653 3756 861 3824 μαθεῖν.
899 3777 917 3810 ι
954 3758 1094 3811 Αὐτὸ
1131 3778 1150 3811 ι
1180 3761 1289 3829 γὰρ
1323 3761 1504 3830 μόνον,
1529 3763 1630 3816 οὐκ
1661 3764 1825 3834 ἀγγε-

237 3849 352 3910 λος,
379 3847 503 3899 οὐδὲ
540 3847 897 3916 ἀρχάγγελος,
929 3867 947 3902 ι
983 3848 1164 3904 πάντα
1195 3853 1412 3922 ἐρευνᾷ,
1457 3853 1552 3906 καὶ
1585 3853 1654 3908 τὰ
1685 3857 1822 3928 βάθη

241 3937 334 3990 τοῦ
363 3937 525 3990 Θεοῦ.
540 3940 922 4007 ι-ιΨυχικῆις
945 3941 1001 3994 δὲ
1023 3941 1118 3995 ἄνθ
1129 3958 1308 4012 ρωπος
1320 3944 1380 3996 ού
1395 3943 1605 4014 δέχεται
1633 3950 1702 4001 τὰ
1727 3947 1822 4002 τοῦ

243 4027 590 4095 Πνεύματος.
627 4048 645 4081 ι
673 4029 842 4083 Ὅταν
875 4027 968 4084 οῦν
1006 4031 1110 4085 ὑπὸ
1139 4032 1232 4085 τοῦ
1261 4033 1576 4105 Πνεῦματος
1618 4037 1828 4093 ἀποκα-

242 4121 429 4191 λυφθῇ
460 4121 592 4191 ἡμῖν
617 4120 688 4176 τά
723 4124 1020 4194 μυστήρια,
1055 4125 1177 4178 τότε
1200 4125 1296 4180 καὶ
1330 4127 1387 4179 έν
1413 4128 1703 4197 ἐπιγνώσει
1732 4130 1824 4186 τοῦ

239 4211 385 4266 Θεοῦ
435 4213 727 4284 γινόμεθα,
762 4215 860 4268 καὶ⁵
888 4216 1217 4284 φωτίζονται
1250 4219 1300 4272 οἱ
1345 4219 1613 4291 ὀφθαλμοὶ⁸
1642 4223 1823 4292 ἡμῶν,

242 4306 340 4360 καὶ
380 4304 568 4358 οὐκέτι
614 4306 1029 4378 ἀμφιϐάλλομεν
1064 4309 1160 4362 καὶ
1192 4309 1556 4381 λέγομεν,ιὸτι
1606 4313 1828 4369 Ἀδύνα-

239 4411 336 4448 τον
387 4395 509 4448 τόδε
548 4397 804 4464 γενέσθαι
852 4399 945 4452 καὶ
979 4398 1130 4452 τόδε·
1160 4399 1296 4456 άλλά
1345 4402 1620 4475 βλέπομεν
1649 4405 1828 4460 πάντα

239 4485 315 4547 ὡς
347 4483 588 4553 ἔχουσιν.

1914 643 1998 687 est
2045 631 2228 685 ﬁdeles
2255 643 2538 700 pauperes.
2567 629 2774 700 Ubique
2799 637 2979 683 autem
3012 627 3131 682 tidei
3163 627 3484 682 charitatem

1914 721 2210 786 connectit,
2235 729 2420 790 utpote
2442 735 2562 786 qua:
2585 720 2750 772 vitam
2777 718 2976 772 virtute
2995 726 3244 770 ornatam
3264 717 3443 787 gignit
3467 735 3482 769 :

1915 813 2134 882 Absque
2165 813 2266 867 hac
2299 812 2443 866 enim
2473 810 2701 864 alterum
2730 810 2963 864 otiosum
2993 818 3098 875 est,
3130 807 3266 862 lides
3297 822 3488 876 nempe

1916 909 2034 963 sine
2080 905 2336 977 operibus
2373 912 2427 959 et
2471 904 2603 970 vita,
2637 901 3088 974 quemadmodum
3119 910 3173 956 et
3213 900 3322 954 vita
3368 901 3488 956 sine

1918 998 2042 1054 ﬁde.

1989 1089 2155 1146 Vens.
2183 1089 2269 1145 l6.
2306 1107 2326 1140 ι
2356 1087 2669 1143 Memoriam
2699 1087 2862 1142 vestri
2907 1084 3109 1140 faciens
3147 1086 3198 1140 in
3233 1085 3523 1141 orationi-.

1917 1183 2020 1238 bus
2047 1182 2200 1238 meis.
2236 1200 2254 1234 ι
2288 1179 2542 1250 Expende
2566 1187 2744 1235 tecum
2773 1187 3028 1245 quotnam
3054 1178 3106 1231 in
3129 1177 3290 1231 corde
3311 1191 3516 1248 gesse--

1921 1277 2012 1338 rit,
2049 1283 2104 1330 et
2131 1283 2263 1344 quot
2296 1271 2626 1328 mentionem
2666 1270 2858 1325 fecerit
2903 1269 3352 1326 inorationibus.
3380 1266 3512 1324 Nos.

1919 1379 2050 1419 vero
2100 1379 2171 1420 ne
2211 1365 2382 1420 nostri
2414 1364 2628 1434 quidem
2667 1363 2930 1433 ipsorum,
2960 1369 3288 1430 ut,oportet,
3328 1362 3517 1416 rem'L-.~

1921 1457 2206 1513 nisoimur.

1991 1549 2159 1608 Vens.
2194 1551 2285 1607 17.
2309 1569 2328 1604 ι
2369 1550 2440 1606 Ut
2474 1549 2617 1605 Deus
2658 1548 2868 1604 Domini
2908 1547 3079 1604 nostri
3113 1546 3238 1602 Jesu
3269 1545 3522 1611 Christi,‘

1918 1644 2081 1700 Pater
2109 1644 2314 1714 gloriae.
2345 1661 2364 1696 ι
2402 1642 2540 1710 Quid
2591 1641 2745 1696 nobis
2787 1638 3188 1709 comprecaris?
3240 1637 3310 1692 Ut
3355 1636 3494 1690 Deus

1921 1740 2132 1796 erudiat
2163 1752 2228 1793 ac
2263 1736 2536 1805 sapientes
2564 1749 2660 1790 vos
2689 1733 2850 1806 375
2890 1732 3070 1788 faciat.
3119 1749 3138 1784 ι
3182 1731 3321 1786 Dens
3353 1748 3372 1782 ι
3403 1745 3496 1784 au-

1923 1841 2030 1888 tem
2068 1849 2086 1884 ι
2124 1829 2333 1885 Domini
2357 1827 2517 1898 ,Jesu,
2557 1847 2576 1880 ι
2608 1827 2712 1882 hoc
2740 1837 2825 1881 est
2859 1825 3112 1890 hominis,
3154 1824 3249 1894 qui
3291 1837 3492 1878 secun-

1923 1924 2048 1978 dum
2071 1937 2286 1977 carnem
2329 1921 2485 1976 nobis
2510 1928 2594 1975 est
2620 1918 2812 1974 similis
2847 1934 2861 1970 :
2891 1934 2911 1968 ι
2945 1915 3104 1970 Pater
3141 1915 3345 1986 gloriae,
3387 1931 3406 1966 ι
3442 1913 3495 1968 id

1923 2025 2030 2081 est,
2053 2016 2144 2087 qui
2173 2014 2409 2086 ingentia
2439 2027 2537 2070 nec
2562 2027 2666 2067 non
2697 2009 2954 2081 praeclara
2969 2008 3140 2064 nobis
3169 2009 3305 2062 bona
3329 2005 3493 2061 dedit.

1925 2107 2154 2178 Semper
2173 2107 2315 2162 enim
2342 2122 2370 2161 a
2395 2105 2671 2176 proposito
2687 2112 3006 2173 argumento
3026 2102 3199 2170 ipsum
3225 2099 3494 2165 nominat,

1924 2210 1983 2257 ut
2017 2203 2069 2257 in
2109 2201 2201 2256 illo
2235 2217 2248 2254 :
2293 2219 2312 2252 ι
2350 2199 2511 2253 Pater
2534 2197 2968 2262 miserationum,
3011 2209 3072 2248 ac
3119 2194 3259 2248 Deus
3299 2207 3494 2247 conso-

1925 2294 2142 2350 lationis
2166 2302 2218 2347 1.
2259 2312 2278 2347 ι
2303 2291 2442 2360 Quin
2467 2292 2625 2347 etiam
2654 2290 2918 2358 Propheta
2948 2305 2964 2343 :
2999 2305 3018 2340 ι
3059 2286 3318 2341 Dominus
3341 2281 3496 2339 forti-

1927 2389 2052 2441 tudo
2106 2400 2246 2451 mea,
2291 2394 2348 2440 et
2389 2399 2554 2439 cornu
2612 2381 2802 2436 salutis
2850 2394 2982 2434 mete
3017 2389 3065 2433 ι.
3101 2395 3120 2430 ι
3164 2374 3263 2432 Hic
3310 2375 3493 2446 igitur,

1925 2487 2207 2548 postquam
2255 2491 2448 2547 magna
2493 2483 2546 2531 et
2583 2473 2814 2545 gloriosa
2864 2470 3020 2527 nobis
3063 2469 3300 2532 donavit,
3338 2485 3355 2518 ι
3391 2464 3494 2520 Pa-

1928 2585 2062 2629 trem
2111 2573 2314 2644 gloriae,
2355 2589 2374 2623 ι
2408 2571 2510 2626 hoc
2569 2578 2650 2624 est
2691 2575 2964 2622 auctorem
3012 2564 3186 2633 ipsum
3236 2559 3492 2631 appellat.

1928 2666 2042 2721 Non
2079 2672 2257 2736 potest
2286 2664 2427 2719 enim
2463 2676 2585 2716 eum
2626 2658 2782 2715 aliter
2813 2670 3028 2720 vocare,
3053 2668 3212 2724 quam
3249 2665 3279 2705 a
3311 2650 3493 2719 splen-

1925 2759 2134 2814 didiore
2160 2755 2299 2826 apud
2345 2769 2442 2810 nos
2478 2752 2714 2808 nomine.
2749 2748 3050 2819 Theologus
3079 2753 3258 2800 autem
3290 2742 3494 2810 Grego-

1927 2850 2038 2904 rius
2085 2862 2198 2917 per,
2234 2865 2254 2898 ι
2287 2846 2536 2917 gloriam,
2572 2863 2591 2898 ι
2626 2842 2902 2913 Uuigeuiti
2941 2843 3280 2898 divinitatem
3333 2841 3494 2896 intel-

1926 2941 2075 3007 lexit,
2104 2949 2160 2994 ut
2187 2940 2258 2994 sit
2281 2938 2440 2994 unius
2471 2946 2524 2993 et
2555 2938 2794 3009 ejusdem
2825 2936 3024 2992 Christi
3055 2946 3110 2991 et
3136 2936 3276 2991 Deus
3307 2945 3362 2991 et
3393 2933 3498 2988 Pa.

1928 3042 2011 3086 ter
2063 3050 2077 3086 :
2124 3029 2331 3084 Christi
2394 3029 2636 3099 quidem,
2685 3030 2800 3083 sive
2856 3027 3228 3091 humanitatis,
3286 3027 3426 3081 Deus
3475 3039 3494 3079 :

1928 3125 2113 3196 gloriae
2145 3138 2294 3191 vero,
2326 3121 2443 3178 sive
2471 3120 2790 3186 divinitatis,
2822 3120 3002 3175 Pater.

2006 3322 2026 3356 ι
2055 3303 2152 3358 Det
2182 3303 2334 3359 vobis
2363 3301 2626 3374 Spiritum
2655 3299 2934 3372 sapientia:
2959 3313 3022 3355 ac
3047 3299 3414 3366 revelationis,
3443 3300 3516 3354 in-

1929 3395 2203 3466 agnilione
2244 3395 2416 3465 ipsius
2453 3393 2784 3449 illuminatos
2817 3393 3006 3449 oculos
3041 3392 3218 3446 cordis
3245 3394 3434 3448 vestri.
3473 3411 3518 3443 ι.

1932 3486 2044 3541 Ηοε
2070 3489 2172 3551 est,
2208 3485 2417 3542 Donum
2459 3495 2514 3541 et
2545 3485 2771 3556 gratiam
2801 3483 2953 3539 vobis
2983 3472 3256 3550 exhibeat,
3299 3490 3358 3537 ut
3405 3498 3502 3551 per

1932 3578 2194 3647 Spiritum
2227 3578 2572 3633 erudiamini.
2605 3574 2719 3632 Nisi
2747 3575 2890 3630 enim
2920 3574 3154 3645 Spiritus
3183 3573 3503 3628 revelaverit

1931 3671 2084 3727 vobis
2113 3671 2291 3726 abdita
2309 3670 2586 3741 mysteria,
2613 3669 2726 3723 lieri
2756 3683 2858 3724 non
2888 3676 3063 3738 potest
3090 3675 3147 3720 ut
3170 3666 3272 3720 alia
3293 3667 3516 3722 ratione.

1931 3765 2114 3821 eadem
2147 3763 2390 3819 discatis.
2425 3781 2442 3813 ι
2481 3761 2596 3831 Ipse
2624 3780 2642 3812 ι
2675 3773 2905 3829 namque
2935 3759 3103 3819 solus.
3155 3773 3259 3812 non
3326 3772 3494 3829 ange-

1932 3856 2040 3923 lus,
2089 3869 2262 3926 neque
2307 3853 2686 3922 archangelus,
2726 3870 2744 3904 ι
2801 3851 2982 3906 omnia
3044 3851 3292 3914 rimatur,
3337 3851 3512 3906 etiam

1931 3946 2193 4019 profunda
2208 3946 2300 4002 Dei
2317 3958 2366 4003 δ.
2379 3964 2500 3997 ι-ι
2513 3944 2774 4000 Animalis
2786 3953 2960 4000 autem
2977 3944 3138 3999 homo
3156 3959 3260 3998 non
3275 3943 3510 4014 percipit

1933 4055 2051 4112 qua:
2075 4049 2202 4096 sunt
2231 4039 2464 4109 Spiritus
2485 4043 2558 4095 ι’.
2586 4057 2604 4090 ι
2631 4038 2767 4095 Cum
2794 4038 2960 4108 igitur
2979 4052 3008 4092 a
3035 4037 3236 4106 Spiritu
3265 4038 3502 4093 revelata

1933 4132 2086 4188 nobis
2115 4131 2313 4186 fuerint
2345 4131 2622 4202 mysteria,
2659 4140 2772 4186 tum
2801 4133 2854 4186 in
2877 4129 3147 4200 agnitione
3178 4129 3270 4186 Dei
3291 4145 3501 4194 sumus,

1936 4225 2387 4294 illustranturque
2420 4223 2560 4278 oculi
2615 4224 2811 4290 nostri,
2841 4237 2944 4280 nec
2982 4237 3143 4292 porro
3180 4221 3504 4290 ambigimns

1933 4334 1998 4375 ac
2024 4319 2277 4383 dicimus,
2308 4318 2450 4386 quod
2477 4316 2550 4370 sit
2581 4314 2914 4386 impossibile
2955 4314 3057 4369 hoc
3080 4311 3165 4368 vel
3187 4311 3315 4366 illud
3351 4311 3462 4365 ﬁeri
3487 4328 3514 4364 :-

1933 4421 2194 4467 caaterum
2219 4408 2467 4463 videmus
2493 4406 2671 4462 omnia
2700 4401 3146 4474 quemadmodum
3179 4410 3323 4456 sunt.

313 4594 334 4627 ι
379 4576 478 4638 Είς
509 4576 570 4628 τὸ
610 4575 809 4631 εἰδέναι
840 4577 983 4648 ὑμᾶς
1009 4579 1093 4644 τίς
1128 4582 1277 4636 ἐστιν
1310 4584 1343 4653 ή
1379 4584 1535 4648 ἐλπὶς
1568 4585 1664 4657 τὴς
1698 4588 1820 4658 κλή-

2003 4588 2169 4643 Vens.
2200 4585 2288 4641 l8.
2325 4603 2342 4638 ι
2377 4583 2450 4640 Ut
2478 4583 2662 4639 sciatis
2686 4597 2804 4649 vos,
2829 4597 2947 4652 quae
2963 4581 3036 4637 sit
3058 4596 3182 4652 spes
3207 4582 3504 4638 vocationis

242 4685 388 4730 σεως
428 4669 470 4698 ⁷¹
515 4670 707 4725 αὑτοῦ.
755 4689 774 4722 ι
823 4671 1136 4738 Τουτέστιν,
1208 4675 1332 4727 Ἐπὶ
1373 4677 1553 4740 ποίαις
1610 4678 1826 4734 ἐλπίσιν

240 4759 579 4829 ὲκλήθημεν.
612 4760 780 4830 Δῆλον
813 4761 890 4827 δὲ,
933 4763 1014 4816 ὅτι
1049 4764 1140 4817 ἐπὶ
1173 4765 1439 4837 υἱοθεσία,
1471 4769 1565 4820 καὶ
1596 4769 1703 4821 τῶν
1732 4771 1827 4824 ού-

243 4850 449 4919 ρανίων
482 4851 702 4917 ἀγαθῶν
734 4853 1053 4919 ἀπολαύσει,
1082 4858 1178 4910 καὶ
1206 4857 1284 4927 τῷ
1306 4854 1446 4914 εἶναι
1473 4861 1633 4930 ἡμῶν
1661 4878 1827 4930 κεφαο

240 4943 341 5014 λὴν
369 4942 464 4995 τὸν
503 4943 754 5013 Χριστόν.
810 4946 1026 5015 Ἐπειδὴ
1073 4948 1180 5017 γὰρ
1231 4948 1392 5003 τοῦτο
1439 4951 1632 5021 μέλλον
1683 4953 1821 5020 ἐστὶ,

240 5036 627 5106 πνευματικῆς
673 5036 842 5090 δεῖται
890 5039 1326 5109 ἀποκαλύψεως,
1378 5042 1458 5107 είς
1506 5044 1567 5098 τὸ
1627 5045 1822 5115 μαθεῖν

237 5129 399 5183 αύτό.

318 5241 339 5272 ι
379 5223 493 5276 Καὶ
515 5221 598 5286 τίς
629 5225 657 5277 6
707 5223 934 5287 πλοῦτος
967 5227 1064 5294 τῆς
1112 5223 1269 5296 δόξης
1314 5229 1414 5297 τῆς
1465 5229 1828 5303 κληρονομίας

241 5311 412 5364 αὐτοῦ
449 5312 508 5364 ὲν
549 5317 662 5377 τοϊς
709 5314 906 5382 ἁγίοις.
945 5333 964 5365 ι
1004 5317 1115 5368 Καὶ
1165 5316 1324 5370 τοῦτο
1377 5317 1459 5372 ἔτι
1507 5321 1702 5392 ἄδηλον
1747 5323 1829 5389 δν,

239 5405 414 5456 δεῖται
445 5405 543 5474 τῆς
581 5405 733 5474 παρά
773 5405 866 5458 τοῦ
900 5405 1220 5474 Πνεύματος
1251 5411 1670 5481 ἀποκαλύψεως,
1705 5415 1826 5467 τίνα

245 5496 498 5562 μέλλουσι
539 5498 941 5567 κληρονομῆσαι
982 5501 1030 5549 ot
1083 5499 1228 5565 ἅγιοι
1258 5515 1270 5529 ·
1319 5503 1531 5571 μεγάλα
1561 5507 1700 5575 ίγάρ.
1737 5506 1828 5559 Διὸ

319 5625 341 5662 r
371 5614 409 5666 ll
441 5614 564 5668 Cor.
591 5631 627 5678 ι,
653 5616 707 5669 '5.
788 5625 806 5650 ι
842 5613 981 5669 Psal.
1012 5631 1139 5682 xvn,
1175 5617 1228 5675 1.

1929 4679 2070 4750 ejus.
2107 4699 2124 4732 ι
2169 4677 2280 4734 Hoc
2307 4687 2410 4742 est,
2441 4677 2506 4731 ad
2536 4679 2747 4747 qualem
2780 4691 2930 4747 spem
2961 4676 3134 4731 vocati
3165 4677 3358 4732 simus.
3389 4675 3504 4730 Pla-

1929 4787 2058 4827 num
2081 4780 2168 4826 est
2193 4780 2374 4826 autem
2403 4770 2545 4841 quod
2579 4770 2644 4825 ad
2669 4768 2900 4824 ﬁliorum
2932 4769 3359 4840 adoptationem,
3389 4783 3505 4823 cie-

1927 4860 2260 4930 lestiumque
2323 4860 2588 4916 bonorum
2641 4860 3078 4929 perceptionem,
3128 4868 3182 4912 et
3243 4868 3300 4912 ut
3345 4866 3508 4924 caput

1928 4963 2181 5007 nostrum
2216 4951 2468 5008 Christus
2504 4960 2668 5006 esset.
2721 4951 2854 5017 Quia
2915 4952 3060 5008 enim
3110 4951 3211 5004 hoc
3260 4949 3502 5004 futurum

1926 5056 2030 5110 est,
2049 5045 2318 5117 spirituali
2333 5044 2659 5099 revelatione
2681 5058 2818 5113 Opus
2837 5053 2927 5098 est
2941 5045 3186 5111 utisthuc
3207 5043 3502 5096 discamus.

2007 5244 2024 5276 ι
2053 5223 2118 5278 Et
2154 5239 2272 5295 qua:
2318 5223 2429 5277 sint
2476 5223 2676 5277 diviti-.9
2703 5223 2883 5291 glorise
2915 5219 3242 5275 haereditatis
3287 5216 3403 5284 ejus
3444 5217 3500 5270 in

1931 5316 2157 5372 sanctis.
2201 5333 2220 5366 ›
2262 5316 2323 5369 Et
2368 5317 2468 5369 hoc
2514 5330 2637 5370 cum
2691 5315 2864 5368 adhuc
2893 5317 3181 5367 obscurum
3237 5309 3328 5371 sit,
3365 5322 3504 5376 Opus

1935 5412 2091 5466 habet
2143 5411 2469 5464 revelatione
2502 5410 2752 5478 Spiritus,
2785 5421 3141 5478 quarumnam
3176 5415 3298 5459 sunt
3333 5406 3499 5458 luere-

1935 5503 2157 5556 tlitatem
2213 5500 2408 5555 adituri
2444 5501 2635 5556 sancti.
2677 5499 2864 5570 Magna
2903 5499 3046 5552 enim
3078 5505 3234 5557 .sunt.
3284 5495 3414 5551 Ilinc
3447 5503 3502 5548 et

1340 5633 1364 5660 ι
1402 5618 1655 5687 lCor.tt,
1695 5623 1780 5678 lO.
1858 5625 1905 5664 n‘
1940 5621 2076 5676 Ibid.
2118 5620 2200 5674 Η.

1597 5737 1790 5797 Varim
1829 5736 2157 5798 lectiones.

326 5853 368 5878 ⁸⁷
403 5852 590 5918 μόνους
628 5853 690 5924 δὴ
721 5853 939 5918 τούτους
973 5872 1046 5910 tn.
1124 5855 1167 5886 ⁶¹¹
1207 5855 1478 5924 πανταχοῦ
1515 5857 1670 5910 τὀύν
1696 5875 1766 5912 ut.
1849 5860 1890 5888 ⁸⁹
1926 5871 2322 5927 προσευχαιςυ.

2403 5855 2446 5882 ⁷⁸
2483 5855 2746 5924 ἐκήρυξεν
2773 5869 2843 5908 ut.
2925 5857 2966 5887 ⁷⁷
3007 5859 3400 5929 παρακλήσεως
3428 5869 3478 5909 o-
