3932 6578
525 413 660 480 1051

1483 401 2056 469 THEOPHYLACTI
2103 399 2513 459 BUI.GARI:E
2553 397 2910 458 ARCHIEP.

3599 401 3715 466 1052

525 531 722 584 mirmn
758 543 851 594 per
877 525 1068 580 delicta
1101 534 1157 579 et
1205 533 1445 594 peccata,
1481 521 1729 576 bifariam
1761 534 1854 573 eos
1897 529 2093 570 conso-

2216 514 2309 574 τοῖς
2350 508 2763 580 παραπτώμασι
2793 510 2886 560 καὶ
2930 507 3046 569 ταῖς
3081 508 3390 578 ἁμαρτίαις,
3424 518 3715 584 παραμυθεῖ.

527 622 684 683 tatur,
719 627 830 671 tum
861 632 957 684 per
985 615 1087 668 hoc
1110 615 1251 683 quod
1277 615 1378 677 ait,
1415 630 1434 663 ι
1476 611 1530 664 In
1575 609 1770 678 quibus
1817 606 1943 660 olim
1976 619 2091 656 atu-

526 711 774 769 bulastis,
813 725 831 758 ι
863 717 914 760 et
949 722 1054 760 non
1095 705 1293 760 hodie:
1328 715 1438 757 tum
1467 716 1564 772 per
1599 703 1700 755 hoc
1732 699 1872 766 quod
1911 697 2091 759 infert,

522 802 663 870 quod
691 815 722 853 a
761 798 974 853 diabolo
1007 797 1172 868 378
1198 797 1250 850 in
1285 803 1607 865 potestatem
1646 791 1852 846 redacti
1897 803 2092 858 pecca-

525 889 684 953 batis,
715 901 771 943 et
808 898 976 942 totum
999 902 1105 940 non
1142 896 1260 940 erat
1289 896 1547 948 vestrum,
1579 885 1672 939 sed
1694 893 1750 938 et
1781 888 2098 950 coaperato-

526 981 599 1034 ris
620 981 809 1044 vestri,
839 979 929 1049 qui
951 980 1085 1033 adeo
1109 987 1358 1048 potenter
1385 991 1479 1031 vos
1500 992 1596 1032 suo
1620 975 1728 1044 juri
1754 972 2094 1043 subjugabat.

528 1073 841 1128 l’eccahatis
897 1073 1100 1141 igitur,
1146 1089 1166 1123 ι
1222 1070 1521 1125 secundum
1590 1067 1845 1123 saeculum
1911 1065 2096 1122 mundi

529 1162 688 1228 hujus
739 1162 1308 1224 circumambulantes,
1351 1177 1369 1210 ι
1431 1160 1534 1214 hoc
1575 1167 1678 1222 est,
1724 1157 1989 1211 mundana
2045 1164 2101 1209 et

529 1256 856 1322 temporaria
894 1255 1210 1320 cogitantes,
1247 1261 1408 1321 atque
1455 1253 1557 1305 hoc
1587 1248 1785 1306 sreculo
1816 1261 2096 1318 perperam

529 1355 763 1400 utentes.
801 1345 914 1399 Non
943 1346 1087 1400 enim
1121 1345 1376 1399 smeulum
1419 1342 1616 1396 malum
1640 1353 1742 1402 est,
1767 1342 1862 1395 sed
1902 1342 2103 1393 abusus

528 1437 664 1503 ejus.
699 1437 844 1490 lstud
877 1439 1021 1491 enim
1054 1437 1239 1492 datum
1266 1446 1350 1491 est
1388 1435 1543 1490 nobis
1578 1435 1631 1488 in
1670 1434 1882 1496 ducem,
1913 1441 2105 1500 quate-

532 1541 631 1580 uus
657 1526 1007 1595 corruptibile
1035 1537 1120 1582 est
1159 1534 1215 1582 et
1245 1525 1471 1588 lluxum,
1504 1525 1750 1578 excitans
1796 1537 1894 1578 nos
1927 1521 1990 1575 ad
2027 1522 2105 1574 in-

529 1619 899 1689 corruptibilia
942 1629 995 1674 et
1059 1619 1280 1672 minime
1331 1618 1495 1671 ﬂiixa.
1544 1615 1652 1671 Nos
1697 1624 1876 1671 autem
1915 1628 2108 1668 eorru-

530 1713 697 1780 ptioni
733 1720 786 1766 et
810 1711 974 1764 (luxui
1007 1711 1165 1779 hujus
1192 1711 1420 1779 alligati,
1454 1709 1681 1764 fecimus
1705 1708 1834 1762 illud
1871 1721 1974 1759 non
2003 1707 2105 1758 du-

535 1819 676 1866 cem,
699 1804 793 1856 sed
830 1803 1290 1872 impedimentum.
1326 1801 1628 1869 Principem
1663 1808 1840 1853 autem
1862 1806 2104 1868 potesta-

2198 602 2488 671 ταιδιπλῇ,
2515 598 2590 669 τῷ
2616 616 2672 650 τε
2704 599 2748 629 ⁸³
2783 601 2978 658 εἰπεῖν,
3025 616 3042 648 ι
3091 599 3176 650 Ἑν
3207 593 3294 662 αἷς
3330 617 3455 655 ποτε
3489 622 3714 677 περιεπα,

2199 696 2426 764 τήσατε,
2470 713 2487 743 ι
2525 694 2616 745 καὶ
2646 692 2767 761 οὑχί
2791 691 2885 744 νῦν
2906 708 2920 723 ο
2956 692 3049 744 καὶ
3076 691 3152 757 τῷ
3175 693 3397 760 ἐπάγειν
3422 697 3573 757 ⁸⁸,ὅτι
3601 701 3715 757 Ὑπὸ

2199 785 2293 838 τοῦ
2345 785 2594 838 διαϐόλου
2639 783 3180 852 κατεξουσιαζόμενοι
3232 786 3597 854 ήμαρτάνετε,
3643 798 3716 848 καὶ

2201 880 2299 950 οὐχ
2338 879 2492 948 ὑμῶν
2523 873 2590 948 ἦν
2617 877 2678 928 τὸ
2704 878 2831 936 πᾶν,
2863 875 2999 928 ἀ).λά
3022 876 3114 928 καὶ
3152 874 3249 928 τοῦ
3296 880 3544 944 συνεργοῦ
3573 882 3714 946 ὑμῶν,

2201 970 2296 1023 τοῦ
2331 968 2502 1031 οὕτως
2529 967 2764 1038 ἰσχυρῶς
2788 964 3302 1029 κατεξουσιάζοντος
3334 966 3502 1036 ὑμῶν.
3544 968 3718 1043 Ἠμαρ.

2201 1063 2390 1117 τάνετε
2421 1061 2622 1124 τοίνυν,
2663 1078 2681 1111 ι
2723 1059 2866 1112 κατὰ
2891 1059 2981 1112 τὸν
3014 1059 3184 1111 αἰῶνα
3213 1058 3307 1112 τοῦ
3336 1061 3531 1129 κόσμου
3566 1063 3718 1116 τούτου

2204 1151 2658 1223 περιπατοῦντες,
2695 1165 2713 1202 ι
2748 1152 3015 1215 τουτέστι,
3069 1151 3393 1221 φρονοῦντες
3421 1152 3485 1206 τὰ
3531 1154 3613 1206 τοῦ
3651 1159 3720 1209 κός

2205 1261 2342 1312 σμου
2378 1244 2474 1297 καὶ
2496 1244 2567 1296 τά
2600 1243 2937 1313 πρόσκαιρα,
2996 1242 3093 1295 καὶ
3157 1242 3344 1304 κακῶς
3398 1244 3642 1311 χρώμενοι
3664 1249 3722 1314 τῷ

2205 1337 2360 1390 αἰῶνι
2394 1336 2588 1406 τούτῳ.
2622 1338 2696 1388 Οὐ
2734 1335 2842 1405 γάρ
2875 1337 2903 1387 ὁ
2934 1334 3066 1388 αἰὼν
3110 1335 3283 1396 κακὸς
3308 1375 3323 1397 ,
3357 1335 3468 1388 ἀλλ’
3500 1338 3528 1405 ή
3581 1341 3720 1407 παρά-

2207 1447 2404 1500 χρησις
2441 1427 2628 1482 αὑτοῦ.
2665 1427 2838 1490 Αὐτὸς
2870 1427 2966 1496 μὲν
3015 1425 3122 1494 γὰρ
3153 1425 3346 1494 tame;
3380 1425 3597 1488 δέδοται,
3621 1429 3724 1479 καθ’»

2209 1521 2448 1591 φθαρτὸς
2504 1519 2601 1572 καὶ
2657 1519 2924 1588 ρευστὺς,
2982 1516 3272 1587 διεγείρων
3329 1518 3474 1586 ἡμᾶς
3521 1521 3636 1588 πρὸς
3673 1522 3723 1575 τὰ

2211 1612 2466 1680 ἄφθαρτα
2515 1611 2608 1663 καὶ
2645 1611 2920 1681 άρευστα·
2957 1610 3120 1680 ἡμεῖς
3168 1610 3225 1662 δὲ
3273 1612 3338 1678 τῇ
3390 1609 3551 1680 φθορᾷ
3576 1613 3724 1685 miri;

2213 1708 2308 1776 ῥοῇ
2341 1703 2533 1757 τούτου
2561 1702 2968 1772 προσδεθέντες,
3000 1704 3341 1773 ἐποιήσαμεν
3375 1705 3526 1757 αὑτὸν
3559 1706 3640 1775 οὐχ
3661 1709 3725 1760 ὀδ-

2213 1797 2368 1867 ηγὸν,
2385 1795 2498 1849 ἀλλ’
2518 1794 2872 1864 ὲμποδιστήν.
2897 1813 2915 1846 ι
2946 1795 3220 1864 Ἄρχοντα
3234 1794 3290 1847 δὲ
3312 1795 3408 1863 τῆς
3422 1795 3639 1860 ἐξουσίας
3658 1799 3724 1850 τοῦ

533 1895 603 1951 tis
635 1894 778 1948 aeris
832 1863 1102 1947 diabolum
1147 1893 1397 1961 appellat,
1435 1907 1539 1945 non
1565 1890 1934 1952 Conditorem,
1977 1903 2102 1958 per-

2216 1863 2374 1957 ἀέρος
2409 1906 2426 1939 ›
2443 1888 2536 1940 τὸν
2555 1863 3012 1954 διάϐολὸνφησιν,
3048 1863 3109 1939 οῦ
3137 1887 3232 1940 τὸν
3249 1887 3592 1971 Δῃμιουργὸν,
3615 1888 3673 1952 ὡς
3690 1891 3726 1941 οἰ

456 1973 468 1989 ’
533 1989 656 2042 inde
699 2002 761 2042 ac
809 1987 1126 2040 exsecrandi
1174 1985 1453 2039 Mauicluei
1498 2001 1512 2038 :
1567 1983 1874 2053 Principem
1926 1997 2100 2047 sane,

531 2081 674 2150 qum!
701 2079 958 2134 mortales
993 2077 1090 2148 ipsi
1124 2078 1332 2147 seipsos
1367 2077 1413 2131 ei
1439 2076 1808 2145 subjecerunt,
1844 2091 1908 2131 ac
1923 2075 2106 2146 plures

536 2172 633 2242 ipsi
661 2173 899 2226 serviant
929 2185 1088 2240 quam
1121 2170 1251 2224 Deo.
1287 2168 1666 2224 Verumtamen
1697 2169 1749 2222 in
1776 2169 1876 2222 hoc
1910 2166 2108 2221 sacculo

534 2273 614 2319 est
635 2265 738 2318 iste
767 2263 887 2334 ejus
915 2263 1269 2332 principatus,
1299 2277 1362 2315 ac
1391 2277 1572 2317 aerem
1609 2278 1714 2316 non
1738 2261 2106 2315 transcendit:

462 2404 464 2406 ,
537 2375 568 2410 n
593 2374 641 2409 iu
675 2359 816 2410 enim
850 2359 898 2408 in
927 2356 1067 2411 coelo
1098 2355 1279 2409 locum
1310 2356 1493 2419 habet,
1531 2353 1624 2409 sed
1660 2353 1758 2407 sub
1780 2351 1940 2406 coelo.
1971 2349 2108 2405 Pro-

537 2459 721 2519 pterea
752 2447 950 2502 Paulus
980 2447 1283 2516 principem
1341 2447 1624 2516 potestatis
1677 2445 1820 2522 aeris
1854 2443 2106 2512 appellat,

539 2555 642 2594 non
678 2539 840 2594 veluti
871 2541 920 2592 in
960 2554 1141 2594 aerem
1172 2539 1498 2604 dominetur,
1531 2551 1762 2604 eumque
1797 2535 2060 2604 gubernet
2091 2550 2106 2588 :

537 2633 691 2686 Absit
716 2635 729 2686 ἰ
764 2633 856 2688 sed
873 2632 1014 2701 quod
1043 2633 1093 2686 in
1117 2647 1182 2686 eo
1205 2632 1533 2686 demoretur.
1563 2627 1698 2682 Nam
1722 2643 1844 2683 cum
1867 2625 2112 2682 diabolus

537 2721 757 2793 spiritus
790 2726 878 2787 sit,
910 2726 962 2778 in
991 2740 1137 2788 aere,
1168 2725 1339 2782 veluti
1372 2723 1588 2790 spiritu,
1610 2730 1979 2776 commoratur
2005 2758 2020 2780 ,
2058 2727 2114 2774 et

540 2815 818 2881 hucusque
851 2823 1168 2882 potestatem
1217 2814 1375 2868 habet
1401 2823 1563 2880 atque
1599 2811 1918 2882 pmentiam,
1949 2824 2114 2878 super

539 2921 636 2960 eos
658 2907 747 2974 qui
795 2921 918 2960 sese
952 2906 1052 2974 ipsi
1077 2905 1368 2972 subjiciunt
1419 2905 1782 2974 principatum
1828 2916 2112 2956 exercens.

540 2997 793 3052 Nonnulli
834 3012 982 3061 vero,
1022 3014 1040 3047 ι
1079 2997 1377 3067 principem
1432 2997 1574 3050 aeris
1609 3015 1629 3049 ι
1665 3011 1762 3065 pro
1785 3035 1800 3060 ,
1833 3008 2114 3048 aerearum

543 3089 929 3159 putentiarum,
983 3089 1337 3158 intelligunt:
1374 3089 1518 3143 unde
1572 3098 1627 3142 et
1689 3087 1892 3152 intulit,
1944 3088 2114 3149 aiunt,

2207 1981 2512 2050 κατάρατοι
2535 1982 2850 2050 Μανιχαϊοι.
2889 1982 3162 2051 ’Ἄρχοντα
3207 1981 3308 2048 μὲν
3335 1975 3446 2044 οῦν,
3470 1980 3587 2032 διότι
3612 1982 3728 2033 αὐτοὶ

2208 2074 2434 2136 ἑαυτοὺς
2478 2073 2528 2126 οἱ
2579 2072 2856 2141 ἅνθρωποι
2898 2073 3182 2141 ὑπέθηκαν
3211 2072 3498 2142 αὐτῷ,καὶ
3534 2074 3726 2137 πλείονες

2207 2165 2354 2235 αὐτῷ
2369 2163 2710 2218 δουλεύουσιν
2739 2166 2771 2236 ἢ
2806 2164 2882 2234 τῷ
2902 2164 3041 2234 Θεῷ.
3075 2164 3224 2234 Πλὴν
3252 2165 3310 2219 ὲν
3339 2163 3414 2233 τῷ
3433 2165 3575 2218 αἰῶνι
3597 2168 3728 2236 τούτῳ

2209 2257 2356 2309 ἐστὶν
2389 2257 2422 2326 ὴ
2463 2255 2684 2325 τοιαύτη
2706 2255 2854 2326 αὑτῷ
2885 2257 3048 2326 ἀρχὴ,
3079 2257 3174 2309 καὶ⁵
3226 2256 3320 2310 τὸν
3340 2245 3471 2328 ἀέρα
3505 2258 3570 2327 μὴ
3597 2259 3726 2328 ὑπερ-

2212 2349 2502 2403 ϐαίνουσα’
2553 2349 2612 2401 οὐ
2648 2349 2756 2418 γὰρ
2782 2350 2840 2401 ὲν
2873 2348 2950 2419 τῷ
2995 2349 3215 2419 οὐρανῷ
3263 2349 3374 2418 ἔχει
3415 2351 3610 2420 χώρανζ,
3639 2351 3725 2403 ἀλλ’

2213 2441 2315 2494 ὑπὸ
2369 2439 2462 2492 τὸν
2510 2439 2758 2510 οὐρανόν.
2806 2440 2896 2492 Διὸ
2947 2442 3042 2494 καὶ
3080 2443 3109 2494 ὀ
3148 2441 3362 2504 Παῦλος
3407 2443 3616 2512 άρχοντα
3655 2443 3726 2512 τῆς

2211 2533 2460 2599 ἐξουσίας
2488 2531 2582 2585 τοῦ
2611 2533 2775 2601 ἀέρος
2801 2534 2988 2601 φησὶν,
3021 2535 3117 2602 οὺχ
3161 2535 3240 2596 ὡς
3281 2532 3375 2586 τοῦ
3409 2536 3554 2605 ἀέρος
3580 2537 3724 2589 6561:6-

2214 2626 2393 2690 ζοντα,
2419 2623 2560 2678 ὥστε
2582 2625 2890 2692 οἰκονομεῖν
2915 2625 3097 2690 αὑτὸν,
3135 2625 3320 2693 ἄπαγε
3347 2627 3358 2678 !
3392 2626 3497 2678 ἀλλ’
3519 2627 3582 2689 ὡς
3617 2627 3726 2696 αὐτῷ

2215 2716 2718 2788 ἐμφιλοχωροῦντα.
2751 2716 2976 2786 Πνεῦμα
3006 2720 3112 2788 γάρ
3142 2717 3221 2770 ὢν
3257 2719 3285 2771 ὁ
3317 2717 3577 2782 διάϐολος,
3604 2721 3649 2770 ἐν
3673 2720 3728 2786 τῷ

2215 2809 2358 2878 ἀέρι,
2381 2808 2456 2870 ὡς
2486 2807 2783 2878 πνεύματι,
2813 2807 3100 2878 διατρίϐει,
3138 2808 3236 2862 καὶ
3283 2808 3441 2879 μέχρι
3478 2808 3727 2878 τούτουτὴν

2217 2899 2448 2970 δύναμιν
2473 2899 2565 2952 καὶ
2604 2899 2852 2964 ἐξουσίαν
2875 2899 3009 2970 ἔχει,
3041 2899 3226 2970 ἄρχων
3267 2900 3375 2953 τῶν
3409 2902 3610 2962 ἑαυτοὺς
3632 2901 3728 2952 ὑπο·

2215 2990 2476 3044 τιθέντων
2521 2991 2692 3061 αὐτῷ.
2722 2991 2877 3053 Τινὲς
2909 2990 2965 3042 δὲ
2993 3029 3008 3054 ,
3055 3010 3073 3042 ι
3105 2992 3354 3062 ἄρχοντα
3395 2991 3484 3044 τοῦ
3529 2991 3724 3060 ἀέρος,ι

2217 3083 2326 3136 τῶν
2354 3083 2615 3150 ἐναερίων
2663 3082 2951 3151 δυνάμεων
3003 3081 3203 3136 νοοῦσι.
3239 3082 3339 3135 Διὸ
3373 3083 3461 3136 καὶ
3507 3083 3726 3152 ἐπήγαγε,

548 3198 568 3230 ι
606 3181 870 3248 spiritus:
910 3199 929 3230 ι
973 3179 1076 3234 hoc
1123 3189 1227 3245 est,
1261 3178 1414 3248 juxta
1458 3179 1757 3248 principem
1788 3186 1843 3232 et
1868 3175 2113 3232 domina-

2221 3178 2352 3249 φασί
2379 3192 2396 3210 ’
2432 3196 2450 3230 ι
2484 3175 2591 3230 Τοῦ
2631 3175 2972 3246 πνεύματος·
3006 3194 3024 3226 ι
3063 3175 3336 3240 τουτέστι,
3383 3176 3515 3228 κατά
3552 3176 3625 3227 τὸν
3659 3174 3727 3244 άρ-

544 3282 717 3327 torem
748 3273 924 3327 onmis
950 3272 1172 3341 spiritus
1221 3273 1272 3326 in
1317 3287 1442 3327 aere
1487 3271 1776 3326 versantis.
1827 3269 2116 3339 Postquam

543 3363 685 3418 enim
711 3363 876 3418 semel
903 3367 1154 3434 princeps
1185 3362 1358 3419 factus
1380 3371 1482 3427 est,
1518 3363 1731 3418 videtur
1764 3361 1832 3416 ab
1861 3375 1927 3416 eo
1966 3361 2118 3430 priu-

544 3456 721 3524 eipatu
779 3469 846 3510 ne
895 3463 1014 3524 post
1049 3455 1536 3524 transgressionem
1568 3453 1784 3522 quidem
1831 3453 2116 3507 excidisse.

623 3565 642 3598 ι
682 3547 783 3615 Qui
829 3561 971 3602 nunc
1016 3555 1274 3616 operatur
1316 3545 1369 3600 in
1410 3544 1534 3598 [iliis
1570 3544 1896 3599 ditiideutiae.
1938 3563 1956 3595 ι
2000 3542 2118 3599 Non

545 3640 704 3705 dixit,
749 3639 849 3706 Qui
879 3641 1042 3709 cogit,
1078 3641 1192 3704 sed,
1227 3656 1245 3688 ι
1285 3639 1384 3703 Qui
1417 3647 1712 3707 Operatur:
1750 3656 1768 3688 ›
1809 3637 1950 3691 unde
1999 3638 2121 3707 pla-

547 3744 672 3783 num
703 3739 788 3782 est
835 3731 979 3798 quod
1024 3729 1075 3782 in
1111 3726 1446 3781 voluntarios
1491 3727 1820 3782 dominetur.
1872 3726 1928 3782 Si
1976 3729 2120 3783 enim

548 3819 704 3874 nobis
730 3819 914 3874 invitis
947 3819 1339 3884 dominaretur,
1379 3826 1598 3886 cogeret
1643 3832 1794 3882 sane,
1832 3819 1908 3871 uti
1958 3831 2024 3872 ex
2058 3831 2122 3872 eo

547 3914 688 3982 quod
730 3913 975 3982 sequitur
1018 3913 1238 3982 planum
1293 3919 1395 3967 est.
1435 3929 1454 3964 ι
1489 3909 1802 3978 Operaturi
1841 3911 2008 3976 enim,
2042 3912 2124 3965 itt-

549 4005 688 4072 quit,
719 4022 739 4055 ι
783 4003 834 4056 in
886 4003 1010 4059 tiliis
1061 4003 1458 4067 inobedientiaz,
1504 4020 1522 4053 ι
1559 4002 1658 4056 hoc
1711 4010 1816 4065 est,
1851 4001 1944 4070 qui
2011 4015 2118 4057 non

549 4097 924 4164 obtemperant
954 4094 1086 4160 Deo,
1113 4093 1208 4148 sed
1245 4093 1340 4162 qui
1378 4093 1453 4148 illi
1492 4107 1597 4148 non
1641 4093 1816 4148 coacti
1847 4095 2123 4162 obtempe-

550 4203 608 4242 ra
617 4205 644 4241 I'I
654 4196 692 4242 ι.

621 4280 787 4337 Vens.
821 4281 876 4336 5.
917 4299 936 4334 ι
978 4279 1035 4335 In
1072 4279 1268 4350 quibus
1309 4288 1364 4335 et
1426 4295 1524 4336 nos
1579 4293 1770 4335 omnes
1833 4279 2124 4350 aliquando

548 4374 848 4429 conversati
880 4388 1091 4438 sumus,
1135 4371 1187 4427 in
1239 4372 1525 4428 desideriis
1559 4373 1739 4428 carnis
1780 4381 1998 4436 nostrae,
2037 4371 2122 4427 fa-

550 4467 755 4520 cientes
784 4465 1090 4520 voluntates
1120 4465 1302 4520 carnis
1329 4473 1383 4520 et
1408 4464 1822 4534 cogitationum.
1856 4483 1875 4517 ι
1918 4462 2036 4518 Non
2069 4465 2122 4521 in

2223 3285 2384 3340 χοντα
2412 3270 2508 3323 καὶ
2548 3267 2906 3337 ἐξουσιαοτὴν
2946 3269 3146 3330 παντὸς
3182 3267 3432 3338 ὲναερὶου
3466 3266 3728 3337 πνεύματος.

2233 3364 2387 3416 Ἐπεὶ
2423 3362 2529 3432 γὰρ
2565 3361 2750 3432 ἄρχων
2786 3359 2933 3427 ἅπαξ
2968 3361 3206 3428 ἐγένετο,
3287 3362 3432 3414 δοκεῖ
3463 3361 3528 3432 μὴ
3553 3376 3732 3431 μεταπε-

2223 3456 2496 3509 πτωκέναι
2531 3455 2629 3524 τῆς
2655 3453 2832 3526 ἀρχῆς
2861 3455 2954 3507 καὶ
2986 3454 3124 3523 μετά
3161 3455 3266 3524 τὴν
3297 3455 3603 3525 παράϐασιν.

2301 3569 2319 3602 ι
2353 3547 2460 3602 Τοῦ
2505 3547 2599 3602 νῦν
2647 3547 2997 3618 ἐνεργοῦντος
3045 3549 3104 3600 ὲν
3161 3550 3279 3610 τοῖς
3329 3549 3459 3610 υἱοῖς
3506 3549 3589 3614 τῆς
3616 3547 3731 3599 ἀπει-

2228 3639 2401 3702 θείας.
2443 3657 2460 3690 ι
2493 3639 2608 3692 Οὐκ
2635 3633 2778 3703 εἷπε,
2830 3636 2936 3690 Τοῦ
2969 3637 3392 3703 ἀναγκάζοντος,
3450 3637 3589 3699 ἀλλά,
3613 3653 3628 3686 ι
3655 3633 3729 3686 To:-

2224 3731 2596 3803 ἐνεργοῦντος.
2639 3747 2657 3780 ι
2703 3728 2867 3783 Ὅθεν
2898 3728 3080 3798 δῆλον,
3113 3731 3196 3782 ὅτι
3250 3729 3486 3782 ἑκόντων
3511 3728 3656 3799 ἄρχει.
3687 3726 3730 3776 Εἰ

2223 3821 2333 3890 γὰρ
2357 3820 2597 3874 ἀκόντων
2635 3817 2794 3890 ἡμῶν
2828 3816 3103 3883 ὲδέσποζε,
3125 3818 3222 3870 καὶ⁵
3263 3815 3728 3889 κατηνάγκαζενᾶν·

2225 3913 2319 3966 καὶ
2349 3915 2413 3966 ὲκ
2438 3912 2532 3966 τοῦ
2551 3911 2749 3980 ἐφεξῆς
2773 3910 2830 3963 δὲ
2853 3909 3032 3980 δῆλον.
3058 3929 3076 3961 ι
3117 3910 3368 3980 Ἐνεργεῖ
3398 3931 3415 3962 ι
3446 3912 3565 3980 γάρ,
3590 3909 3730 3978 φησὶν,

2232 4023 2250 4056 ι
2291 4006 2348 4058 ὲν
2371 4005 2484 4067 τοῖς
2516 4005 2650 4065 υἱοῖς
2699 4003 2796 4072 τῆς
2822 4000 3132 4064 ἀπειθείας,
3180 4020 3198 4053 ι
3246 4002 3526 4062 τουτέστι,
3553 4005 3646 4064 τοῖς
3676 4001 3730 4069 μὴ

2226 4094 2568 4163 πειθομένοις
2623 4092 2722 4162 μὲν
2767 4090 2907 4162 Θεῷ.
2959 4091 3308 4161 πειθομένοις
3348 4092 3401 4146 δὲ
3429 4092 3618 4161 ἐκείνῳ,
3659 4089 3732 4140 οὐκ

2227 4185 2718 4255 ἀναγκαζομένοις.

2302 4295 2322 4328 ι
2370 4277 2459 4329 Ἐν
2490 4270 2569 4338 οἷς
2595 4275 2862 4345 καίὴμεῐς
2898 4273 3098 4338 πάντες
3134 4275 3543 4346 ἀνεστράφημέν
3563 4289 3666 4327 ποτε
3690 4274 3732 4324 ἐν

2225 4371 2342 4432 ταῖς
2365 4367 2682 4437 ἐπιθυμίαις
2701 4367 2799 4436 τῆς
2825 4367 3026 4436 σαρκὸς
3046 4366 3226 4436 ἡμῶν,
3249 4367 3520 4430 ποιοῦντες
3541 4364 3732 4432 caesii,-

2231 4471 2373 4524 ματα
2404 4453 2502 4524 τῆς
2531 4452 2732 4524 σαρκὸς
2756 4452 2847 4505 καὶ
2877 4451 2986 4504 τῶν
3018 4452 3289 4505 διανοιῶν.
3325 4471 3344 4505 ι
3376 4453 3484 4507 Οὐκ
3525 4454 3575 4505 ὲν
3603 4448 3733 4517 τούτῳ

551 4557 653 4611 hoc
681 4555 797 4610 solo
815 4556 1124 4611 consolatus
1159 4565 1375 4620 esteos,
1413 4554 1557 4625 quod
1582 4556 1784 4610 diceret
1815 4569 1881 4610 ex
1908 4554 2113 4609 diabolo

2230 4547 2391 4617 μόνον
2415 4545 2843 4616 παρεμυθήσατο
2873 4545 3089 4608 αὐτοὺς,
3112 4543 3188 4613 τῷ
3213 4546 3406 4611 εἰπεῖν,
3427 4546 3502 4599 ὅτι
3527 4541 3732 4599 Auﬁdios

551 4646 720 4700 fuisse
739 4648 879 4716 quod
909 4652 1226 4714 peccassent
1257 4665 1271 4700 :
1299 4661 1486 4701 verum
1526 4645 1690 4699 etiam
1724 4652 1820 4714 per
1850 4646 1951 4701 hoc
1979 4646 2124 4714 quod

553 4736 790 4804 seipsum
823 4745 878 4790 et
909 4752 1099 4792 omnes
1131 4737 1368 4806 reliquos
1401 4752 1522 4794 cum
1563 4737 1669 4791 illis
1714 4737 1767 4792 in
1802 4738 1992 4792 eodem
2034 4754 2126 4794 or-

551 4830 676 4885 dine
709 4829 967 4896 collocet;
995 4845 1155 4886 nemo
1183 4831 1326 4885 enim
1358 4831 1474 4886 sine
1503 4841 1725 4901 peccato
1745 4841 1884 4886 erat.
1906 4832 2124 4888 Concu-

552 4924 842 4992 piscentias
869 4933 1050 4978 autem
1089 4924 1272 4979 carnis
1302 4937 1395 4978 eas
1435 4939 1556 4994 qua:
1577 4939 1640 4980 ex
1679 4924 1883 4978 carnali
1928 4924 2126 4980 allec-tu

557 5025 704 5078 sunt,
735 5016 886 5070 dicit.
929 5017 994 5069 Et
1027 5017 1169 5086 quod
1201 5030 1416 5072 carnem
1453 5031 1557 5070 non
1587 5026 1839 5081 accuset,
1892 5018 2126 5072 manife-

552 5115 694 5162 stum
719 5117 818 5162 est.
852 5107 985 5164 Cum
1011 5109 1156 5164 enim
1184 5109 1435 5174 dixisset,
1467 5127 1485 5160 ι
1514 5109 1800 5165 Facieutes
1822 5109 2130 5165 voluntates

552 5199 767 5265 carnis;
794 5218 813 5252 ι
843 5199 1150 5264 subintulit,
1185 5221 1203 5252 ι
1244 5200 1309 5256 Ει
1338 5200 1725 5270 cogitationum
1757 5218 1770 5254 :
1809 5219 1826 5251 ι
1865 5200 1968 5255 hoc
1997 5213 2081 5254 εει
2109 5241 2124 5266 ,

552 5289 685 5344 nihil
725 5288 1004 5359 spirituale
1045 5292 1366 5346 sentientes.
1419 5291 1652 5345 Proinde
1699 5305 1828 5344 caro
1887 5305 1990 5343 non
2046 5299 2128 5346 est

550 5382 876 5447 accusanda,
909 5383 1002 5437 sed
1030 5399 1182 5437 mens
1213 5392 1265 5437 et
1287 5382 1545 5452 cogitatio
1565 5383 1632 5436 ad
1673 5382 1966 5452 voluptatis
1994 5380 2126 5436 aii‘e-

553 5478 766 5529 ctiones
790 5475 1131 5544 pertrahens.
1169 5475 1265 5529 Vel
1298 5476 1416 5531 sic:
1451 5473 1819 5544 Cogitationes
1836 5483 1890 5530 et
1919 5485 2126 5529 mentes

554 5577 764 5619 nostras
786 5565 951 5636 379
980 5566 1470 5636 coinquinavintus,
1504 5566 1802 5635 cogitantes
1837 5580 1956 5634 quae
1982 5565 2124 5618 mala

2227 4639 2294 4711 ἦν
2327 4639 2389 4692 τὺ
2419 4639 2562 4708 ὑμᾶς
2601 4637 2972 4707 ἁμαρτάνειν,
3006 4637 3152 4692 ἀλλά,
3196 4639 3291 4690 καὶ
3344 4637 3418 4708 τῷ
3460 4635 3627 4690 ἑαυτὸν
3662 4631 3733 4684 καὶ

2227 4734 2440 4796 πάντας
2473 4731 2592 4801 μετ’
2619 4731 2841 4785 ἐκείνων
2865 4731 3058 4797 τάξαι·
3075 4731 3250 4795 οὐδεὶς
3281 4732 3387 4803 γάρ
3415 4729 3733 4798 ἀναμάρτητος

2225 4827 2313 4901 ἦν’
2345 4826 2676 4896 Ἐπιθυμίας
2705 4826 2759 4879 δὲ
2789 4827 2991 4896 σαρκὸς
3020 4826 3119 4890 τὰς
3173 4827 3266 4882 τοῦ
3298 4824 3552 4898 σαρκικοῦ
3581 4818 3733 4890 φρονή·

2229 4921 2401 4993 ματός
2443 4936 2596 4990 φησι.
2632 4917 2742 4972 Καὶ
2765 4917 2847 4970 ὅτι
2874 4917 2934 4970 οὐ
2962 4919 3064 4989 τὴν
3091 4918 3270 4989 σάρκα
3301 4915 3574 4975 διαϐάλλει,
3595 4909 3730 4979 δῆλον.

2225 5015 2408 5070 Εἰπὼν
2439 5014 2567 5085 γάρ,
2605 5031 2623 5064 ι
2654 5008 2942 5071 Ποιοῦντες
2972 5011 3040 5064 τά
3073 5013 3352 5082 θελήματα
3387 5011 3480 5079 τῆς
3510 5003 3727 5075 σαρκὸςνι

2229 5107 2477 5176 ἐπήγαγε
2506 5122 2522 5140 ⁸
2571 5125 2591 5158 ι
2635 5107 2747 5160 Καὶ
2789 5106 2896 5158 τῶν
2919 5102 3204 5158 διανοιῶνο
3245 5123 3266 5156 ι
3299 5101 3576 5159 τουτέστιν,
3618 5088 3732 5146 οὐδὲν

2235 5200 2600 5268 πνευματικὸν
2633 5198 2979 5267 φρονοῦντες.
3014 5197 3179 5250 Ὥστε
3199 5197 3296 5265 οὐχ
3327 5196 3359 5265 ἡ
3389 5191 3515 5262 σάρξ
3533 5181 3732 5248 διαϐολἧῖ

2232 5291 2380 5358 ἀξία,
2419 5291 2534 5344 ἀλλ’
2565 5293 2597 5358 ὴ
2638 5291 2868 5354 διάνοια,
2914 5292 2945 5359 ἠ
2995 5289 3129 5360 πρὸς
3172 5288 3240 5343 τά
3289 5289 3387 5358 τῆς
3424 5283 3596 5356 ἡδονῆς
3621 5274 3730 5339 τάθη

2230 5383 2670 5453 κατασυρομένη.
2708 5384 2778 5434 Ἢ
2812 5383 2906 5434 καὶ⁵
2935 5381 3125 5446 οὕτως,
3157 5382 3238 5434 ὃτι
3267 5381 3376 5433 Καὶ
3400 5378 3492 5438 τὰς
3525 5367 3720 5426 διανοίας

2231 5475 2633 5546 ὲρῤυπαίνομεν
2649 5476 2694 5508 ⁸³
2712 5475 3050 5542 λογιζόμενοι
3065 5475 3132 5527 τὰ
3146 5473 3292 5527 κακά
3312 5488 3326 5502 ·
3360 5470 3450 5523 καὶ
3469 5467 3555 5536 τὴν
3573 5462 3727 5528 σάρκα.

2229 5566 2561 5633 πράττοντες
2594 5567 2756 5622 αὐτά.
2794 5569 3029 5622 Δύνασαι
3075 5565 3131 5620 δὲ
3165 5563 3360 5636 σαρκὸς
3380 5561 3472 5632 μὲν
3499 5560 3612 5628 ἔργα
3630 5563 3730 5615 πορ-

1859 5704 2062 5765 Varus
2091 5704 2416 5767 lectiones.

635 5831 675 5862 "
709 5829 847 5883 ὥστε
880 5846 931 5884 o.
1006 5833 1050 5863 ⁹¹²
1085 5835 1386 5899 ἐπαγαγεῖν
1410 5849 1462 5885 0.
1541 5833 1585 5862 ⁸³
1621 5830 1994 5900 ρυπαινὸμεθα
2032 5847 2084 5886 ο.
