3932 6602
197 401 358 491 tona

993 427 1402 488 EXPOSITIO
1440 427 1521 489 IN
1559 429 1806 492 EPIST:
1839 427 1938 489 AD
1978 430 2246 493 EPHES.
2286 456 2354 468 -
2390 430 2545 492 CAP.
2580 431 2665 492 II.

3333 428 3471 494 10M

195 538 368 592 νείαν
405 554 503 592 και
540 537 611 592 τά
663 537 888 591 τοιαῦτα
931 541 1107 593 νοεῖνο
1138 542 1387 598 διανοιῶν
1416 545 1474 598 δὲ
1499 585 1513 610 ,
1565 542 1776 612 φθόνους

1899 553 2026 598 sunt
2063 563 2076 598 :
2109 553 2161 598 et
2186 559 2429 606 carnem.
2477 545 2736 600 facientes
2767 555 2853 597 ea.
2885 539 3048 598 Potes
3081 548 3258 597 autem
3293 545 3471 597 carnis

200 629 306 682 καὶ
341 630 728 700 μνησικακίαν,
753 631 848 684 καὶ
874 629 944 684 τὰ
967 632 1150 702 ὃμοια.

283 911 306 944 ι
351 888 617 963 Καὶῆμεν
641 891 810 946 τέκνα
836 892 998 962 φύσει
1025 894 1215 964 ὀργῆς,
1237 894 1314 958 ὡς
1343 895 1435 948 καὶ
1462 895 1511 949 oi
1532 895 1727 950 λοιποί.
1761 917 1780 950 ι

211 987 371 1042 Ἀντί
401 987 520 1052 τοῦ,
551 985 960 1056 Παρωξύναμαν
997 987 1092 1038 τὸν
1134 985 1267 1039 Θεὸν
1306 987 1400 1039 καὶ
1432 989 1787 1058 παρωργίσα-

202 1095 336 1147 μεν,
377 1077 477 1131 καὶ
523 1077 677 1130 οὐδὲν
708 1075 857 1141 ἄλλο,
890 1077 938 1128 εξ
977 1075 1052 1146 μὴ
1079 1075 1218 1146 ὀργὴ
1254 1071 1397 1146 ἦμεν
1425 1079 1780 1148 αὐτόχρημα⁶

198 1169 398 1240 ὥσπερ
417 1171 513 1223 καὶ
539 1170 600 1223 τὸ
626 1170 816 1222 τέκνον
841 1169 935 1222 τοῦ
970 1168 1282 1238 ἀνθρώπου,
1309 1168 1469 1237 φύσει
1497 1170 1784 1241 ἄνθρωπός

194 1265 380 1329 ἐστιν,
407 1263 552 1316 οὕτω
583 1265 676 1316 καὶ
704 1265 890 1333 ἡμεῖς.
920 1263 1130 1330 Ὠσπερ
1174 1262 1232 1314 δέ
1268 1263 1377 1315 υἱοὶ
1413 1265 1639 1334 γεέννης
1687 1265 1783 1318 καὶ

197 1357 314 1410 υἱοὶ
354 1357 637 1420 ἀπωλείας
681 1358 954 1425 λέγονται,
983 1357 1032 1409 οί
1052 1355 1194 1420 ἄξιοι
1222 1357 1432 1409 τούτων
1455 1374 1468 1388 ·
1502 1356 1645 1411 οὕτω
1687 1360 1782 1412 κα)⁸

201 1465 220 1496 ι
259 1447 442 1516 ὀργῆς
492 1449 654 1501 τέκνα
690 1465 708 1498 ι
747 1448 796 1500 οι
853 1447 1023 1517 ὀργῆς
1047 1446 1172 1513 ἀξια
1202 1448 1554 1515 πράττοντες.
1599 1449 1673 1502 Τὸ
1698 1450 1777 1515 δὲ,

198 1561 218 1593 ι
252 1541 457 1605 Φύσει,
480 1522 524 1593 ἰ
566 1542 687 1594 ἀντὶ
714 1541 830 1606 τοῦ,
863 1541 1098 1612 ἀληθῶς,
1130 1545 1226 1596 καὶ
1265 1543 1537 1614 γνησίως,
1572 1545 1647 1607 ὼς
1685 1547 1781 1599 καὶ⁵

190 1637 244 1689 οί
266 1637 457 1691 λοιποί
479 1652 496 1668 ο
522 1637 696 1700 οὐδεὶς
725 1637 835 1707 γὰρ
861 1637 1142 1709 ἐλεύθερος
1172 1635 1259 1709 ἦν.

267 1745 292 1780 ι
345 1729 412 1782 '0
449 1729 508 1782 δέ
536 1729 667 1792 Θεὸς
722 1729 980 1793 πλούσιος
1004 1729 1080 1783 ὢν
1114 1733 1172 1784 ἐν
1205 1731 1364 1787 ἐλέει.
1401 1751 1420 1783 ι
1461 1733 1649 1802 Ἥμεῐς
1681 1731 1778 1802 μὲν

189 1816 322 1882 ἄξια
365 1819 541 1890 ὀργῆς
561 1805 918 1872 ἀδιαλλάκτου
950 1821 1324 1891 ἐπράττομεν
1360 1823 1388 1874 ὁ
1416 1821 1473 1873 δὲ
1500 1821 1652 1887 Θεὸς,
1677 1822 1778 1893 οὐχ

1893 636 2108 706 quidem
2131 651 2291 704 opera
2340 636 2745 690 fornicationem
2767 643 2822 690 et
2850 633 3156 704 huiusmodi
3178 634 3426 700 accipere
3453 651 3466 687 :

1894 727 2092 782 mentis
2143 737 2322 780 autem
2376 726 2494 780 sive
2523 727 2938 796 cogitationum,
2978 725 3263 789 invidiam,
3292 724 3466 778 vindi-

1890 829 2057 884 ctam,
2093 818 2255 887 idque
2303 832 2474 886 genus
2525 818 2653 872 alia.

1967 931 1985 962 ι
2014 911 2310 964 Eteramus
2333 919 2528 963 natura
2554 911 2644 964 ﬁlii
2674 910 2790 975 iraa,
2823 910 2960 964 sicut
2988 918 3041 965 et
3065 912 3267 966 cmteri.
3297 930 3315 962 ι
3335 910 3464 976 Pro,

1887 1003 2338 1058 Coacerhavimus
2361 1003 2528 1058 Deum
2555 1011 2610 1057 et
2634 1003 3064 1072 provocavimus,
3089 1016 3146 1059 et
3168 1004 3299 1058 nihil
3324 1004 3466 1059 aliud

1885 1105 2246 1165 praeterquam
2281 1095 2357 1149 ira
2405 1109 2593 1148 revera
2626 1109 2845 1148 eramus
2876 1114 2891 1149 :
2925 1097 3378 1163 quemadmodum
3409 1107 3466 1151 et

1889 1185 2033 1240 ﬁlius
2061 1185 2298 1240 hominis
2325 1194 2515 1239 natura
2552 1194 2636 1240 est
2678 1186 2862 1251 homo,
2897 1187 2977 1240 sic
3006 1196 3059 1240 et
3087 1202 3206 1241 nos.
3233 1186 3465 1244 Perinde

1885 1285 2065 1330 autem
2105 1286 2163 1330 ut
2199 1276 2273 1330 illi
2325 1277 2415 1331 ﬁlii
2439 1277 2698 1345 gehennae
2740 1287 2790 1333 et
2827 1278 3157 1348 perditionis
3185 1280 3462 1347 dicuntur,

1883 1366 1974 1438 qui
2005 1368 2124 1423 istis
2153 1369 2298 1438 digni
2327 1379 2453 1423 sunt
2483 1385 2498 1423 :
2528 1371 2607 1423 sic
2627 1377 2682 1424 et
2701 1369 2793 1424 ira:
2811 1370 2927 1435 lilii,
2946 1371 3035 1440 qui
3063 1372 3277 1440 quaeira
3303 1372 3461 1442 digna

1884 1467 2012 1512 sunt
2038 1457 2260 1512 faciunt.
2291 1477 2312 1510 ι
2335 1457 2540 1514 Natura
2565 1478 2584 1511 ι
2617 1469 2818 1519 autem.
2853 1476 2949 1530 pro
2972 1476 3096 1516 vere
3118 1469 3172 1516 et
3191 1463 3421 1532 genuine
3441 1503 3459 1529 ,

1883 1550 2092 1606 sicutet
2125 1552 2306 1606 caueri
2339 1567 2355 1618 ;
2391 1566 2552 1608 nemo
2581 1554 2726 1608 enim
2761 1553 2899 1609 liber
2925 1563 3065 1610 erat.

1951 1731 2119 1788 Vsus.
2155 1735 2211 1788 4.
2251 1752 2270 1785 ι
2307 1733 2448 1791 Deus
2487 1744 2666 1790 autem
2699 1735 2788 1804 qui
2825 1736 2979 1792 dives
3009 1747 3094 1792 est
3141 1738 3196 1792 in
3245 1737 3460 1793 miser-i-

1880 1826 2082 1880 cordia.
2124 1843 2144 1877 ι
2173 1824 2283 1880 Nos
2309 1827 2524 1895 quidem
2558 1827 2636 1881 ira
2665 1827 3099 1883 irreconciliabili
3151 1829 3312 1898 digna
3365 1844 3462 1897 pa,-

189 1910 392 1974 ἅπλῶς
429 1911 675 1981 ἐλεήμων
705 1909 803 1975 ὢν,
834 1910 972 1965 ἀλλά
999 1910 1092 1965 καὶ
1136 1930 1156 1964 ι
1185 1912 1441 1976 πλούσιος
1473 1915 1530 1966 ἐν
1560 1912 1720 1966 ἐλέει.
1747 1931 1766 1963 ι

1892 1917 2161 1973 trabamus
2190 1935 2204 1972 :
2244 1917 2384 1973 Deus
2417 1929 2618 1982 autem,
2656 1933 2762 1973 non
2795 1918 3114 1986 simpliciter
3145 1919 3460 1978 misericors

271 2109 290 2142 ι
340 2090 446 2143 Διὰ
493 2090 592 2160 τὴν
651 2090 856 2160 πολλὴν
897 2090 1124 2159 ἀγάπην
1157 2089 1326 2144 αὐτοῦ
1366 2092 1434 2161 ἢν
1491 2091 1780 2160 ἠγάπησεν

189 2185 372 2252 ἡμᾶς.
431 2201 453 2234 ι
515 2183 624 2237 Καὶ
661 2185 694 2254 ἠ
734 2183 922 2252 ἀγάπη
984 2183 1092 2236 ἀπὸ
1135 2183 1332 2237 πολλοῦ
1391 2184 1594 2244 ἐλέους.
1655 2185 1780 2250 Πῶς

185 2278 298 2347 γάρ
338 2277 412 2330 ἂν
442 2277 493 2329 οί
516 2276 681 2329 τέκνα
720 2276 872 2339 ὄντες
905 2276 1096 2344 ὀργῆς,
1127 2276 1526 2346 ήγαπήθημενς

261 2387 282 2420 ι
331 2369 448 2421 Καὶ
465 2369 623 2432 δντας
648 2369 797 2438 ἡμᾶς
811 2368 1039 2438 νεκροὺς
1055 2371 1166 2430 τοῖς
1196 2370 1608 2438 παραπτώμασι
1650 2385 1780 2423 συν-

186 2461 536 2532 εζωοποίησε
573 2463 649 2531 τῷ
681 2462 918 2531 Χριστῷ.
961 2481 980 2513 ι
1030 2461 1294 2515 Ἐνταῦθα
1322 2465 1355 2532 ἡ
1403 2463 1657 2526 ἀπόδοσις
1681 2463 1777 2516 τοῦ

184 2554 408 2609 ἀνωθεν
440 2553 750 2623 ἀρξαμένου
790 2555 1083 2623 νοήματος,
1125 2554 1192 2608 τὰ
1229 2554 1286 2606 δὲ
1328 2554 1464 2607 ἀλλα
1497 2556 1778 2626 παρεμὸέ-

187 2646 382 2715 ὄλητο.
418 2645 587 2698 Πάλιν
616 2645 672 2697 δὲ
720 2645 748 2696 ὀ
799 2645 1037 2716 Χριστὸς
1090 2644 1272 2714 μέσος,
1330 2647 1510 2700 καὶτὸ
1543 2649 1777 2718 πρᾶγμα

188 2737 516 2803 ἀξιόπιστον
541 2755 554 2769 ο
578 2739 624 2791 εί
649 2738 756 2808 γὰρ
790 2737 1068 2807 ήάπαρχὴ
1101 2738 1189 2807 ζῇ,
1237 2737 1334 2792 καὶ
1363 2741 1544 2809 ἡμεῖς.
1582 2740 1777 2805 Ἐζωο-

192 2833 394 2904 ποίησε
433 2831 544 2901 γὰρ
595 2833 847 2884 κάκεῖνον
894 2832 986 2884 καὶ
1020 2832 1169 2899 ἡμᾶς
1192 2847 1206 2863 ο
1245 2831 1452 2884 ἐκεῖνον
1501 2833 1773 2902 ἐνεργείᾳ,

193 2927 350 2996 ἡμᾶς
376 2923 606 2992 δυνάμει
635 2923 749 2988 νῦν,
782 2924 898 2993 μετ’
924 2922 1102 2989 ὀλίγον
1127 2922 1182 2976 δὲ
1201 2922 1294 2974 καὶ
1325 2923 1595 2994 ἐνεργείᾳ.
1640 2925 1774 2978 Ἰδοὺ

191 3020 253 3072 τὺ
287 3015 638 3088 ὑπερϐάλλον
657 3015 886 3085 μέγεθος
898 3014 993 3085 τῆς
1015 3014 1296 3080 δυνάμεως
1326 3014 1490 3067 αὐτοῦ
1512 3054 1526 3078 ,
1551 3016 1632 3068 ὅτι
1649 3015 1775 3078 τοὺς

192 3111 456 3182 νεκροὺς,
486 3109 610 3170 τοὺς
639 3110 736 3176 τῆς
761 3108 931 3178 ὀργῆς
961 3107 1140 3174 υἱοὺς,
1175 3107 1541 3178 ἐζωοποίησεν
1571 3128 1585 3140 ο
1629 3109 1770 3181 αὕτη

191 3207 225 3274 ή
256 3205 424 3266 ἐλπὶς
451 3203 548 3272 τῆς
573 3202 837 3272 κλήσεως.

265 3313 286 3346 ε
320 3295 527 3363 Χάριτί
557 3296 678 3346 ἐστε
701 3291 1054 3362 σεσωσμένοι.
1099 3312 1116 3345 ι
1143 3293 1312 3346 Τοῦτο
1329 3293 1435 3346 ἀπὸ
1459 3293 1772 3364 ἐκπλήξεως
1800 3281 1845 3306 υ

189 3386 524 3445 ἐνδιαθὲτως
557 3384 716 3452 μέσον
732 3384 1090 3454 παρενέϐαλε,
1124 3385 1415 3454 Θαυμάσας
1444 3384 1542 3455 τήν
1571 3387 1774 3454 ἄφατον

182 3479 405 3551 δωρεὰν
439 3479 484 3512 ³⁵
515 3478 608 3531 τοῦ
657 3477 815 3535 Θεοῦ.
877 3478 952 3530 Οὐ
1009 3477 1244 3549 καμάτῳ
1289 3479 1420 3548 γάρ,
1472 3477 1642 3548 φησι,
1679 3481 1773 3532 καὶ

185 3572 381 3642 ἔργοις
411 3569 558 3631 ίδίοις
583 3569 843 3637 ἐσώθητε,
864 3569 1000 3622 ἀλλὰ
1025 3570 1207 3639 χάριτι
1227 3570 1380 3640 μόνῃ.
1403 3570 1572 3623 Ὅσον
1595 3570 1640 3602 ⁸⁸
1665 3570 1771 3642 γὰρ

185 3661 246 3726 ἐξ
285 3661 498 3730 ἔργων,
524 3659 794 3723 κολάσεως
828 3662 922 3713 καὶ
967 3661 1136 3730 ὀργῆς
1171 3661 1310 3725 ἀξιοι
1340 3658 1460 3732 ἦτε.

263 3775 284 3807 ι
320 3754 440 3808 Καὶ
471 3753 762 3824 συνήγειρε
789 3755 881 3805 καὶ
909 3752 1263 3806 συνεκάθισεν
1291 3755 1492 3816 ἐντοῖς
1534 3756 1772 3823 ἐπουρα-

185 3847 331 3909 νίοις
355 3847 416 3898 ὲν
439 3845 658 3914 Χριστῷ
694 3843 888 3914 Ἰησοῦ.
921 3863 939 3895 ι
966 3844 1174 3914 ’Ὠσπερ
1203 3843 1302 3912 τῆς
1335 3845 1590 3914 ἀπαρχῆς
1611 3843 1773 3914 ἡμῶν

187 3938 287 3992 καὶ
317 3938 424 4006 τῆς
448 3936 708 4003 κεφαλῆς,
742 3933 836 3988 τοῦ
869 3935 1130 4005 Χριστοῦ,
1167 3936 1330 4005 φημὶ,
1366 3936 1770 4006 ἐγηγερμένης,

187 4033 291 4086 καὶ
310 4031 464 4101 ἡμᾶς
492 4029 559 4082 δι’
588 4029 757 4097 αὐτῆς
785 4030 1006 4098 ἤγειρεν
1029 4043 1044 4058 ο
1075 4026 1216 4081 οὕτω
1258 4029 1353 4082 καὶ
1394 4029 1770 4100 καθεζομένης

187 4123 393 4190 αὐτῆς,
424 4122 514 4173 καὶ
539 4121 600 4172 τὸ
627 4120 812 4173 λοιπον
855 4121 1013 4189 σῶμα
1045 4120 1406 4189 συγκάθηται.
1449 4121 1540 4176 Διό
1574 4139 1768 4192 φησιν*

192 4234 212 4266 ι
263 4214 362 4267 Ἐν
390 4211 612 4283 Χριστῷ
647 4210 856 4281 Ἰησοῦ·
901 4230 918 4263 ι
957 4213 1273 4277 τουτέστιν,
1313 4212 1402 4265 Ἐν
1449 4213 1524 4283 τῷ
1565 4216 1773 4269 ἐκεῖνον

188 4305 475 4374 καθῆσθαι.
515 4306 610 4357 καὶ
635 4306 796 4373 ήμείς
825 4305 1128 4374 καθήμεθα.
1156 4307 1225 4357 Ἢ
1241 4307 1324 4372 τὸ,
1344 4325 1361 4356 ι
1382 4307 1731 4375 Συνήγειρεν,
1748 4327 1766 4360 ι

187 4400 296 4452 οὐκ
332 4396 425 4448 ἐπὶ
473 4396 569 4464 τῆς
619 4396 966 4458 ἀναστάσεως
1000 4395 1255 4464 ληπτέον,
1288 4397 1402 4449 ἀλλ’
1429 4398 1520 4450 ἐπὶ
1555 4397 1655 4466 τῆς
1686 4399 1773 4452 διά

188 4485 288 4538 τοῦ
332 4481 561 4552 λουτροῦ
616 4483 1006 4547 ἀναζωώσεως.
1060 4485 1180 4548 Πῶς
1237 4483 1329 4538 οὖν
1383 4487 1767 4556 συνεκάθισενς

1882 2010 2174 2076 exsistens,
2197 2012 2291 2066 sed
2324 2012 2472 2066 dives
2511 2012 2566 2065 in
2599 2011 2992 2064 misericordia.

1961 2120 1981 2154 ι
2010 2101 2238 2171 Propter
2279 2101 2500 2156 multam
2544 2101 2864 2155 charitatem
2914 2116 3067 2156 suam
3108 2118 3214 2172 qua
3273 2104 3459 2160 dilexit

1883 2207 1998 2248 nos.
2042 2212 2061 2244 ι
2095 2192 2316 2248 Dilectio
2342 2192 2504 2246 etiam
2537 2207 2567 2246 a
2591 2190 2755 2246 multa
2782 2191 3152 2246 misericordia
3177 2203 3280 2248 est.
3311 2176 3459 2261 Quo;

1882 2288 2040 2340 modo
2077 2284 2244 2347 enim,
2289 2299 2408 2337 cum
2442 2283 2532 2337 lilii
2578 2284 2673 2338 irae
2701 2298 2965 2349 essemus,
2996 2283 3179 2339 dilecti
3211 2284 3458 2342 fuimus?

1951 2376 2114 2431 Vsus.
2159 2377 2212 2430 5.
2253 2395 2272 2426 ‹
2312 2375 2378 2428 Ει
2405 2391 2526 2429 cum
2550 2389 2794 2430 essemus
2840 2376 3037 2430 mortui
3063 2376 3296 2439 delictis,
3325 2391 3458 2432 con-

1880 2470 2177 2524 viviticavit
2206 2485 2304 2526 nos
2349 2469 2586 2525 Christo.
2622 2488 2643 2522 ι
2678 2468 2777 2523 llic
2824 2469 3036 2522 tandem
3087 2478 3172 2523 est
3224 2468 3458 2524 redditio

1879 2573 2071 2614 sensus
2119 2573 2279 2626 quem
2329 2573 2491 2626 supra
2540 2559 2856 2628 inceperat;
2904 2567 3102 2612 caetera
3163 2571 3290 2612 vero
3331 2565 3458 2612 sunt

1880 2652 2184 2722 interjecta.
2233 2650 2435 2705 lterum
2477 2662 2656 2705 autem
2703 2651 2954 2706 Christus
3003 2651 3215 2705 medius
3258 2661 3363 2718 est,
3400 2661 3456 2706 et

1881 2761 1968 2799 res
2000 2746 2102 2800 title
2122 2745 2300 2815 digna.
2328 2744 2458 2798 Nam
2487 2743 2532 2798 si
2563 2743 2816 2811 primitias
2845 2743 3056 2806 vivunt,
3085 2753 3195 2798 tum
3232 2755 3286 2800 et
3333 2759 3454 2799 nos.

1880 2837 2188 2892 Vivilicavit
2213 2837 2355 2892 enim
2385 2843 2438 2891 et
2463 2835 2609 2890 illttm
2645 2843 2699 2890 et
2736 2849 2835 2888 nos
2865 2851 2881 2889 :
2925 2834 3072 2889 illum
3106 2835 3348 2903 quidem,
3399 2838 3452 2890 in

1879 2937 2000 2982 actu
2031 2945 2046 2994 ;
2076 2943 2172 2982 nos
2208 2942 2355 2988 vero,
2393 2929 2442 2980 in
2473 2924 2709 2994 potentia
2740 2939 2902 2989 nttnc,
2963 2924 3120 2993 paulo
3171 2933 3289 2993 post
3327 2940 3457 2981 vero

1879 3019 2120 3073 etiamin
2174 3027 2318 3072 actu.
2358 3015 2436 3068 En
2470 3015 2821 3071 excellentem
2870 3014 3297 3084 magnitudinem
3354 3029 3453 3082 po-

1886 3109 2072 3163 tentia:
2100 3110 2236 3176 ejus,
2255 3123 2320 3162 eo
2339 3108 2480 3176 quod
2519 3116 2760 3161 mortuos
2791 3121 2911 3169 nos,
2937 3106 3030 3159 ira:
3065 3104 3231 3172 ﬁlios,
3283 3105 3455 3160 vivilio

1874 3201 2033 3256 carit.
2087 3201 2260 3266 Atque
2314 3201 2427 3253 hate
2481 3206 2565 3252 est
2605 3211 2729 3266 spes
2785 3196 3100 3251 vocationis.

1953 3313 1970 3346 ι
2004 3291 2221 3364 (Gratia
2248 3291 2378 3345 estis
2401 3289 2621 3344 servati.
2651 3293 2672 3360 )
2709 3307 2728 3340 ι
2769 3287 2883 3344 Hoc
2910 3303 2972 3342 ex
3007 3287 3173 3342 animi
3205 3297 3451 3344 consterv

1873 3386 2114 3450 natione,
2142 3392 2336 3437 etcum
2369 3380 2564 3435 all‘ectu
2605 3382 2655 3434 in
2693 3381 2927 3434 medium
2958 3381 3205 3447 protulit,
3258 3378 3456 3434 instra-

1876 3478 1983 3532 bile
2018 3477 2112 3531 Dei
2144 3478 2342 3530 donum
2371 3475 2688 3529 admiratus.
2730 3471 2844 3526 Non
2871 3471 3014 3525 enim
3042 3471 3224 3525 labore
3248 3479 3300 3524 et
3329 3485 3456 3538 pro-

1876 3571 2008 3640 priis
2045 3571 2300 3640 operibus
2346 3568 2546 3624 servati
2589 3566 2742 3630 estis,“
2789 3565 2883 3619 sed
2926 3563 3038 3618 sola
3077 3564 3269 3632 gratia.
3299 3561 3453 3627 Quod

1874 3663 2016 3718 enim
2043 3663 2108 3716 ad
2131 3675 2297 3730 opera
2329 3661 2545 3724 attinet,
2581 3672 2738 3727 paena
2770 3665 2820 3710 et
2851 3656 2926 3708 ira
2965 3655 3108 3722 digni
3140 3654 3328 3708 eratis.

1945 3753 2110 3809 Vsus.
2146 3753 2200 3807 6.
2232 3772 2251 3804 ι
2279 3753 2344 3806 Ει
2368 3750 2777 3814 consuscitavit,
2807 3755 2861 3802 et
2888 3747 3184 3804 consedere
3229 3745 3359 3799 fecit
3394 3744 3446 3799 in

1874 3848 2184 3904 cml'estibus
2218 3846 2270 3900 in
2295 3844 2511 3898 Christo
2537 3841 2686 3898 Jesu.
2715 3861 2735 3893 ι
2771 3841 3234 3908 Quemadmodum
3261 3839 3451 3908 primi-

1877 3939 1967 3993 tiis
2009 3938 2230 4000 nostris,
2276 3944 2334 3990 et
2391 3934 2588 4003 capite,
2628 3931 2848 3988 Christo
2883 3931 3159 3996 videlicet,
3191 3932 3452 3996 excitato,

1873 4041 1925 4087 et
1959 4045 2054 4084 nos
2087 4045 2182 4099 per
2214 4029 2386 4095 ipsum
2433 4027 2726 4080 excitavit:
2763 4024 2906 4080 hunc
2952 4024 3019 4078 ad
3069 4023 3308 4086 modum,
3361 4023 3452 4076 illo

1873 4124 2115 4185 sedente,
2169 4121 2432 4191 reliquum
2489 4136 2687 4189 corpus
2747 4117 2910 4174 simul
2944 4116 3121 4172 sedet.
3158 4116 3454 4184 Propterea

1873 4215 2047 4286 inquit
2077 4231 2090 4268 :
2131 4232 2150 4266 ι
2196 4213 2251 4268 In
2285 4211 2503 4266 Christo
2535 4209 2682 4273 Jesn,
2715 4229 2734 4262 ι
2773 4213 2872 4264 hoc
2897 4218 3002 4270 est,
3035 4208 3169 4272 Quia
3215 4208 3327 4274 ipse
3361 4220 3450 4261 se-

1875 4313 1986 4374 det,
2013 4323 2112 4362 nos
2141 4309 2302 4361 etiam
2336 4307 2606 4360 sedemus.
2644 4303 2761 4367 Vel,
2789 4323 2808 4356 ι
2839 4301 3256 4364 Coususcitavit,
3295 4319 3314 4350 ι
3347 4314 3450 4353 non

1873 4403 1939 4457 de
1961 4400 2356 4455 resurrectione
2389 4378 2758 4464 accipiendum
2787 4404 2888 4456 est,
2920 4396 3013 4448 sed
3047 4392 3114 4446 de
3141 4390 3453 4445 revivilicaa

1876 4493 2021 4546 tione
2046 4508 2140 4561 per
2170 4491 2454 4560 baptisma.
2473 4487 2752 4553 Quamodo
2769 4484 2934 4555 igitur
2959 4483 3254 4539 consedere
3287 4480 3453 4536 fecit?

193 4595 212 4627 ι
248 4575 325 4630 El
355 4574 721 4644 ὑπομένομεν,
763 4592 784 4626 ι
816 4576 970 4642 φησὶ,
1006 4593 1024 4625 ι
1054 4577 1146 4628 καὶ
1178 4575 1708 4646 συμϐασιλεύσομεν.
1747 4599 1765 4632 ι

1892 4604 1904 4636 ι
1939 4584 1994 4638 Si
2027 4583 2386 4642 sustinemus,
2431 4597 2449 4630 ι
2491 4579 2704 4647 inquit,
2735 4593 2756 4627 ι
2795 4585 2850 4630 et
2876 4575 3328 4645 conregnabitnns
3349 4573 3398 4628 δ.
3427 4591 3450 4626 ι

191 4671 312 4723 Καὶ
337 4669 366 4720 ὁ
393 4669 628 4737 Χριστός
655 4682 671 4698 ο
721 4685 738 4717 ι
775 4667 1080 4719 Καθίσεσθε
1116 4669 1208 4720 ἐπὶ
1234 4668 1439 4722 δώδεκα
1472 4669 1728 4741 θρόνουςο
1750 4691 1768 4724 ι

190 4763 294 4814 καὶ
325 4760 510 4824 πάλιν,
547 4777 566 4811 ι
599 4759 672 4811 Τὸ
713 4757 770 4810 δὲ
826 4758 1046 4810 καθίσαι
1079 4759 1143 4811 ἐκ
1189 4758 1378 4823 δεξιῶν
1422 4778 1546 4829 μου,
1589 4764 1686 4814 καὶ
1719 4765 1775 4829 ἐξ

1541 4853 1611 4874 L‘.‘
1629 4853 1643 4874 ν

190 4941 611 5014 ήτοίμασται⁸⁶.
654 4960 674 4991 ι
706 4941 868 4992 Ὥστε
899 4941 1246 5010 ἡτοίμασται.

279 5051 302 5086 ο
336 5036 456 5088 Ἵνα
481 5033 784 5102 ἐνδείξηται
811 5034 869 5086 ἐν
894 5034 1007 5094 τοῖς
1046 5033 1206 5087 αίῶσι
1234 5037 1344 5099 τοῖς
1375 5039 1773 5110 ἐπερχομένοις

192 5132 294 5184 τὸν
330 5128 740 5200 ὑπερεάλλοντα
789 5127 1019 5180 πλοῦτον
1065 5128 1167 5196 τῆς
1196 5131 1417 5201 χάριτος
1469 5135 1659 5196 αὑτοῦ,
1715 5137 1774 5188 ἐν

193 5220 529 5290 χρηστότητι
553 5221 638 5286 ἐφ’
675 5219 862 5286 ἡμᾶς,
894 5220 952 5271 ἐν
981 5219 1204 5288 Χριστῷ
1242 5206 1438 5289 Ἰησοῦ.
1477 5242 1496 5274 ι
1538 5223 1654 5276 Ἵνα
1698 5224 1772 5296 μὴ

192 5312 476 5382 ἀπιστήσῃ
513 5327 598 5372 τις
618 5312 730 5371 τοῖς
762 5310 998 5378 ῥηθεῖσι,
1028 5308 1255 5363 πιθανὸν
1281 5311 1372 5364 τὸν
1409 5312 1566 5380 λόγον
1589 5318 1768 5368 ποιεῖ’

196 5403 294 5458 καί
327 5419 514 5472 φησιν,
542 5403 624 5456 ὅτι
651 5402 713 5454 Et
741 5404 833 5454 καὶ
860 5400 936 5472 μή
966 5400 1055 5454 διὰ
1076 5401 1174 5471 τὴν
1191 5401 1328 5472 πρὸς
1356 5403 1500 5474 ὑμᾶς
1527 5406 1771 5479 ἀγάπην,

275 5521 302 5560 ι)
331 5518 376 5573 ll
401 5518 543 5573 Tim.
568 5531 629 5581 tt,
664 5515 746 5570 12.

1880 4673 1946 4726 Et
1970 4674 2241 4733 Christus,
2267 4690 2285 4722 ι
2319 4670 2586 4725 Sedebitis
2615 4682 2777 4736 super
2801 4667 3085 4721 duodecim
3113 4666 3334 4719 thronos
3354 4675 3402 4717 ο.
3427 4681 3449 4716 ι

1879 4766 1944 4820 Ει
1973 4779 2159 4818 rursus
2192 4781 2206 4818 :
2249 4782 2270 4816 ι
2314 4762 2515 4816 Sedere
2542 4771 2722 4814 autem
2749 4774 2777 4812 a
2811 4761 3020 4812 dextris
3050 4760 3182 4813 meis
3220 4766 3275 4812 et
3308 4773 3336 4809 a
3379 4760 3454 4811 si-

1881 4857 2066 4910 nistris
2106 4834 2262 4915 meis,
2305 4869 2411 4909 non
2435 4863 2519 4909 est
2550 4868 2726 4908 meum
2752 4853 2884 4908 dare
2919 4852 3089 4918 vobis,
3124 4854 3218 4907 sed
3258 4851 3454 4922 quibus

1881 4957 2126 5019 paratum
2153 4945 2308 5002 estd.
2348 4966 2367 5000 ι
2407 4947 2590 5016 Itaque
2626 4955 2872 5015 paratum
2901 4955 3007 5000 est.

1958 5036 2122 5092 Vsus.
2153 5038 2208 5090 7.
2239 5055 2258 5088 ι
2288 5035 2360 5091 Ut
2389 5037 2700 5090 ostenderet
2734 5035 2786 5088 in
2823 5035 3034 5089 saeculis
3065 5031 3452 5102 supervenien-

1885 5131 2026 5186 tibus
2067 5129 2406 5184 abundantes
2451 5127 2670 5181 divitias
2713 5126 2902 5195 gratite
2943 5140 3074 5186 sum,
3114 5124 3164 5176 in
3211 5123 3451 5178 bonitate

1869 5239 2011 5299 ‘erga
2052 5237 2168 5286 nos,
2217 5221 2272 5274 in
2301 5219 2518 5274 Christo
2547 5217 2694 5275 Jcsu.
2729 5237 2748 5271 ι
2802 5217 2879 5271 Ne
2926 5218 3096 5288 380
3123 5217 3243 5285 quis
3291 5218 3449 5270 [idem

1883 5333 1992 5374 non
2041 5315 2295 5370 adhibeat
2334 5313 2515 5378 dictis,
2586 5312 2884 5366 orationem
2929 5311 3256 5379 probabilem
3301 5311 3448 5375 facit,

1883 5409 2020 5474 Etsi,
2061 5407 2329 5476 inquiens,
2376 5419 2481 5460 non
2513 5411 2734 5472 propter
2761 5401 3079 5456 cbaritatem
3112 5417 3271 5471 quam
3320 5415 3448 5470 erga

859 5525 882 5555 ε
922 5514 1113 5571 Matth.
1144 5533 1259 5586 χιιι,
1283 5517 1376 5575 28.
1451 5517 1478 5557 (1
1517 5517 1683 5575 Marc.
1717 5538 1771 5587 κ,
1808 5522 1897 5577 ιο.

1492 5612 1690 5676 Varia;
1709 5614 2047 5678 lectiones.

269 5714 317 5750 ⁸⁸
342 5712 582 5783 ἄρρητον
618 5711 848 5783 δύναμιν
873 5729 943 5768 m.
1051 5717 1097 5748 ⁸⁵
1123 5715 1236 5769 ὅσοι
1288 5729 1338 5768 0.

269 5730 317 5750 δ’
342 5730 582 5783 αρρητον
618 5730 748 5766 ουνα

199 5783 576 5854 καθεδούμεθα
614 5800 685 5838 ιιι.

199 5862 297 5907 eu.

1469 5713 1662 5788 ⁸⁸-ᾁλλί
1690 5712 1772 5788 οἷς
1813 5717 2162 5788 ἡτοίμασται.
2204 5713 2373 5767 Τοῦτο
2415 5712 2508 5765 οὖν
2537 5712 2716 5788 λέγει-
2739 5712 2836 5788 καὶ
2881 5711 3001 5788 νῦν,
3026 5712 3108 5767 ὃτι
3152 5729 3245 5766 και
3290 5712 3451 5783 ἡμεῖς

785 5785 846 5839 ed
880 5786 1066 5856 quibus
1100 5797 1343 5856 paratum
1375 5793 1470 5839 est.
1505 5783 1619 5838 Hoc
1648 5787 1808 5855 igitur
1834 5781 1884 5841 et
1907 5781 2043 5840 nunc
2080 5787 2175 5851 ait,
2208 5799 2334 5854 quia
2361 5794 2406 5840 et
2438 5800 2530 5838 nos
2574 5783 2891 5838 acdebimus.
2961 5781 3150 5853 Itaque
3196 5781 3440 5852 paratum
