3932 6592
178 434 322 500 3057

968 425 1379 492 EXPOSITIO
1417 422 1500 487 IN
1541 425 1783 487 EPIST.
1825 426 1927 486 AD
1957 424 2226 488 EPHES.
2249 450 2313 464 -·-
2352 426 2513 489 CAP.
2546 425 2629 489 II.

3315 426 3452 494 10.38

180 562 302 621 σρι.
331 542 393 596 Ὀ
414 540 525 610 γάρ
550 538 683 603 Θεὸς
711 538 1090 610 προητοίμασε
1108 537 1312 591 ταῦτα’
1332 534 1475 589 ὥστε
1504 535 1605 587 οὒκ
1626 533 1766 586 ἐστιν

1878 549 2021 589 tuus.
2082 535 2227 589 Deus
2271 534 2416 590 cnim
2446 534 2777 605 praeparavit
2829 534 2977 602 hate;
3037 535 3292 606 quocirca
3344 552 3449 592 non

184 631 567 697 ἀνασαλέσθαι,
588 630 661 693 ῶς
673 628 986 698 ὡρισμένου
1008 629 1195 683 θεόθεν
1210 627 1306 682 τοῦ
1323 628 1487 699 ἔργου
1500 626 1587 679 ⁸⁸⁸.
1606 624 1769 680 Ἀλλὰ

180 728 277 782 καὶ
300 729 358 779 ἓν
384 727 553 778 πᾶσιν
574 741 587 754 ·
613 724 663 777 εί
695 725 806 794 γὰρ
829 722 888 775 ἓν
921 724 1123 785 λείπει,
1152 720 1467 789 έκολοϐώθη
1497 720 1531 789 ἡ
1567 717 1763 789 ἀρετή.

192 822 253 875 Ὅ
280 819 337 874 δὲ
366 817 627 886 Θεολόγος
657 815 957 887 Γρηγόριος
984 815 1065 880 τὸ,
1098 837 1122 865 ι
1157 812 1490 881 κτισθέντες
1524 811 1612 865 ἐπ’
1669 809 1764 879 ἐρ.-

180 931 298 983 γοις
328 911 581 980 ἀγαθοῖς,
607 928 626 962 ι
659 910 719 962 οὐ
751 913 881 978 περὶ
924 910 1027 977 τῆς
1075 911 1132 962 ὲν
1157 907 1233 977 τῷ
1263 906 1603 978 βαπτίσματι
1648 903 1766 957 κτί-

175 1022 341 1070 σεως,
368 1002 505 1059 ἀλλὰ
525 1001 656 1072 περὶ
680 1000 783 1071 τῆς
810 1002 1177 1072 δημιουργίας
1203 999 1251 1032 ⁸⁸
1281 996 1583 1062 ἐξεδέξατο.

254 1195 275 1228 ι
313 1176 410 1230 Διὸ
454 1173 843 1247 μνημονεύετε,
895 1175 978 1231 ὅτι
1033 1174 1191 1245 ὑμεῖς
1225 1190 1356 1228 ποτε
1402 1173 1474 1227 τὰ
1524 1171 1654 1242 ἔθνη
1706 1173 1764 1226 ἐν

178 1269 371 1340 σαρκὶ,
405 1268 459 1321 oi
490 1267 774 1336 λεγόμενοι
806 1266 1143 1338 ἀκροϐυστία
1195 1266 1302 1319 ὑπὸ
1331 1265 1431 1334 τῆς
1463 1264 1765 1335 λεγομένης

175 1360 485 1432 περιτομῆς
533 1360 591 1413 ὲν
623 1360 790 1430 σαρκὶ
833 1360 1235 1430 χειροποιήτου,
1288 1359 1371 1412 ὅτι
1423 1353 1525 1427 ἦτε
1582 1358 1642 1411 ὲν
1682 1356 1764 1429 τῷ

176 1450 360 1521 καιρῷ
399 1450 593 1519 ἐκείνῳ
621 1451 791 1520 χωρ’τς
820 1448 1083 1519 Χριστοῦ.
1126 1468 1148 1501 ι
1190 1448 1377 1503 Εἰπὼν
1417 1448 1502 1501 ὅτι
1530 1448 1763 1517 νεκροὺς

173 1544 337 1605 δντας
371 1542 567 1604 ἔσωσε,
597 1539 694 1593 νῦν
727 1541 913 1611 μέλλει
938 1541 1138 1605 εἰπεῖν,
1156 1539 1318 1594 τίνων
1335 1539 1596 1610 ἐποίησεν
1613 1540 1762 1602 ῐσους

172 1635 271 1688 καὶ
334 1632 854 1702 συγκληρονόμους,
909 1633 1006 1687 καὶ
1058 1633 1141 1687 ὅτι
1188 1632 1300 1685 τῶν
1366 1630 1757 1705 Ἰσραηλιτῶν·

177 1725 322 1799 μέγα
360 1725 471 1796 γὰρ
502 1719 571 1796 ἦν
604 1724 668 1778 τὸ
694 1723 898 1780 τούτων
942 1726 1162 1796 ἀξίωμα
1187 1740 1203 1757 ο
1237 1725 1331 1780 καί
1373 1740 1508 1795 φησι
1530 1740 1549 1760 ο
1600 1741 1622 1776 ι
1666 1723 1760 1780 Διὸ

1870 623 2011 679 licet”
2029 623 2116 678 illa
2148 624 2401 694 rejicere,
2432 640 2532 681 ceu
2565 639 2733 694 opere
2772 625 3033 681 divinitus
3065 627 3358 683 destinato.
3391 626 3446 681 lu

1863 716 2126 785 operibus
2158 715 2336 780 bonis,
2371 730 2478 771 non
2506 715 2561 770 in
2592 731 2699 773 uno
2722 731 2907 788 opere,
2942 720 3035 773 sed
3058 718 3111 772 in
3145 719 3401 773 omnibus
3429 736 3444 774 :

1866 824 1994 863 nam
2025 809 2072 863 si
2106 824 2270 863 unum
2299 810 2458 875 desit,
2490 810 2739 863 mutilata
2785 818 2866 863 est
2904 809 3099 865 virtus.
3152 810 3449 881 Gregorius

1860 910 2047 957 autem
2076 899 2384 972 Theologus
2409 901 2573 967 istud,
2604 919 2624 954 ι
2653 901 2830 957 Creati
2855 904 2908 955 in
2935 902 3192 971 operibus
3210 902 3390 969 bonis,
3420 921 3440 955 ι

1860 1010 1977 1053 non
2010 994 2079 1050 de
2112 995 2393 1050 creatione
2426 995 2480 1048 in
2516 995 2868 1065 baptismate,
2916 1008 3105 1050 verum
3152 996 3219 1052 de
3270 997 3444 1066 prima
3477 996 3503 1047 ί

1862 1088 2144 1142 creatione
2171 1088 2567 1154 interpretatus
2597 1095 2702 1142 est.
3470 1080 3481 1121 ἒ

1943 1179 2109 1236 Vsus.
2145 1181 2234 1235 11.
2272 1198 2290 1233 ι
2324 1179 2555 1249 Propter
2585 1179 2728 1249 quod
2757 1194 3026 1236 memores
3058 1187 3253 1246 estote,
3303 1180 3445 1251 quod
3541 1206 3556 1227 ι

1862 1285 1963 1328 vos
2010 1271 2141 1326 olim
2186 1278 2375 1341 gentes
2410 1272 2462 1324 in
2494 1285 2683 1335 carne,
2731 1271 2824 1342 qui
2851 1271 3093 1326 dicimini
3120 1272 3444 1342 praeputium

1862 1364 1932 1420 ab
1955 1378 2018 1420 ea
2046 1378 2167 1433 qua:
2190 1364 2394 1419 dicitur
2432 1364 2779 1419 circumcisio
2823 1366 2875 1419 in
2916 1378 3083 1420 carne
3113 1365 3447 1430 manufacta,

1858 1458 2009 1528 quod
2032 1456 2202 1512 eratis
2226 1457 2317 1511 illo
2336 1457 2389 1511 in
2415 1466 2656 1527 tempore
2679 1456 2797 1511 sine
2810 1456 3054 1512 Christo.
3081 1474 3100 1509 ι
3124 1454 3255 1511 Cum
3282 1455 3452 1510 dixis-

1858 1560 1946 1608 set
1975 1550 2116 1622 quod
2153 1559 2395 1606 mortuos
2425 1551 2677 1613 servarit,
2700 1551 2945 1605 dicturus
2977 1550 3087 1618 jam
3113 1559 3198 1605 est
3238 1549 3443 1619 quibus

1860 1641 2097 1711 aequales
2137 1639 2331 1696 fecerit
2376 1650 2433 1696 et
2470 1641 2800 1705 contendes,
2835 1640 3118 1706 nimirum,
3150 1639 3451 1695 lsraelitis:

1858 1736 2065 1807 ingens
2085 1734 2228 1791 enim
2254 1734 2443 1788 horum
2460 1746 2576 1789 erat
2604 1732 2840 1803 dignitas
2857 1743 2911 1789 et
2935 1733 3253 1790 auctoritas.
3272 1733 3336 1787 Et
3355 1733 3451 1797 ait,

171 1816 577 1888 μνημονεύετε.
616 1836 635 1869 ι
667 1847 738 1861 -—
763 1836 783 1869 ι
822 1817 936 1871 Διό.
973 1836 993 1870 ι
1022 1817 1182 1870 Ποῖον
1205 1833 1223 1885 ;
1250 1817 1396 1871 Διότι
1427 1815 1759 1887 ὲκτίσθημεν

1873 1844 1893 1879 ι
1927 1826 2159 1895 Propter
2204 1825 2349 1896 quod
2391 1839 2657 1879 memores
2690 1830 2909 1879 c‘stote:
2956 1843 2976 1878 ι
3031 1831 3251 1892 propter
3286 1822 3457 1894 quid?

174 1907 263 1961 ἐπ’
302 1907 498 1979 ἐργοις
546 1906 777 1976 ἀγαθοῖς
801 1921 818 1937 ⁶
850 1906 1010 1961 τοῦτο
1039 1906 1150 1978 γὰρ
1183 1906 1346 1978 μόνον
1392 1906 1578 1960 ἱκανὸν
1615 1905 1765 1976 ἡμᾶς

1873 1920 2162 1989 Propterea
2212 1917 2357 1987 quod
2391 1916 2559 1971 creati
2616 1916 2789 1972 simus
2832 1917 2898 1971 ad
2931 1931 3093 1986 opera
3139 1918 3277 1971 bona
3307 1934 3321 1969 :
3354 1919 3457 1970 hoc

174 2002 374 2052 πεῖσαι
408 1999 510 2067 τῆς
556 1999 759 2069 ἀρετῆς
808 1996 1214 2069 ἐπιμελεῖσθαι.
1257 2016 1276 2050 ι
1312 1996 1699 2068 Μνημονεύετε
1736 2015 1758 2050 ι

168 2091 252 2156 δὲ,
288 2086 444 2153 εἷπε,
492 2089 627 2143 διότι
656 2089 779 2155 έθος
815 2089 935 2143 ἐστὶ
962 2092 1078 2154 τοῖς
1107 2090 1217 2143 ἀπὸ
1255 2090 1458 2160 πολλῆς
1487 2088 1766 2153 εὐτελείας

175 2187 251 2248 εἰς
286 2183 431 2254 ὕψος
460 2181 861 2254 ἀναδραμοῦσι,
895 2183 1032 2254 μηδὲ
1066 2183 1379 2255 μεμνῆσθαι
1426 2181 1535 2237 τῶν
1572 2181 1769 2253 προτέ-

179 2292 312 2345 ρων.
356 2274 422 2326 Τί
448 2274 505 2327 δὲ
538 2292 556 2324 ι
599 2271 1011 2344 μνημονεύετες
1051 2291 1070 2325 ι
1107 2273 1232 2327 ’Ότι
1258 2271 1767 2344 ἀπηλλοτριωμένοι

175 2365 276 2441 ἦτε
313 2365 417 2421 τοῦ
467 2364 707 2438 Χριστοῦ
750 2367 809 2420 ὲν
854 2370 971 2440 τοῖς
1018 2368 1212 2437 πρώην
1261 2366 1513 2434 καιροῖς·
1560 2362 1657 2419 νῦν
1710 2361 1768 2415 δὲ

176 2463 357 2529 ἐγγὺς
386 2457 641 2527 ἐγένεσθε
674 2457 865 2523 αὑτοῦ,
894 2456 1086 2527 ὥσπερ
1117 2456 1211 2510 καὶ
1236 2456 1265 2508 ό
1312 2453 1550 2525 Ἰσραήλ.
1597 2453 1770 2507 Τοῦτο

179 2554 279 2625 μὲν
307 2549 411 2606 οὖν
455 2555 483 2606 ό
531 2553 731 2614 σκοπὸς
759 2550 856 2605 τοῦ
887 2551 1070 2618 λόγου.
1112 2550 1258 2620 Ὅρα
1281 2547 1362 2611 δὲ.
1409 2548 1526 2611 πῶς
1552 2546 1770 2616 εὐφυῶς

176 2645 521 2703 καταὸἀλλει
550 2644 651 2716 τὴν
696 2645 1024 2716 περιτομὴν,
1054 2643 1272 2705 δεικνὺς
1323 2643 1382 2695 ὲν
1419 2639 1566 2709 λόγῳ
1622 2640 1770 2707 μόνῳ

173 2738 557 2809 διαφέρουσαν
594 2736 698 2807 τῆς
746 2735 1141 2807 ἀκροϐυστίας,
1194 2735 1290 2788 καὶ
1332 2732 1435 2786 οὐκ
1487 2733 1546 2786 ὲν
1599 2731 1768 2802 ἔργῳ.

180 2850 203 2884 ι
221 2833 422 2901 Ὑμεῖς
440 2831 610 2901 ·γὰρ,›
638 2833 792 2901 φησί,
823 2847 842 2880 ι
864 2830 931 2884 τὰ
954 2828 1085 2900 ἔθνη
1110 2830 1167 2881 ὲν
1194 2828 1380 2898 σαρκὶ,
1403 2845 1423 2880 ι
1445 2824 1560 2881 ἀλλ’
1581 2825 1683 2879 οὐκ
1707 2826 1767 2879 έν

174 2925 499 2997 πνεύματν
525 2924 621 2979 xui.
641 2943 659 2976 t
680 2925 986 2995 λεγόμενοι,
1015 2941 1033 2974 ι
1058 2921 1171 2977 ἀλλ’
1192 2921 1291 2975 οὐκ
1317 2920 1469 2983 ὄντες
1490 2935 1506 2951 ο
1533 2919 1610 2984 ὡς
1627 2917 1695 2973 ἂν
1722 2918 1772 2970 εί

168 3016 401 3086 κελεγεν,
452 3018 539 3070 ὅτι
601 3016 689 3069 Ἑν
747 3017 917 3087 σαρκὶ
963 3014 1120 3085 ἔχετε
1158 3011 1220 3067 τὸ
1275 3012 1522 3071 ἔλαττον,
1577 3011 1678 3065 οὐκ
1714 3011 1772 3063 ὲν

180 3110 491 3179 πνεύματι.
528 3109 639 3162 Καὶ
668 3107 831 3162 πάλιν
852 3123 868 3139 ο
909 3125 930 3159 ι
983 3105 1122 3160 ’Υπὺ
1148 3105 1249 3176 τῆς
1276 3104 1579 3176 λεγομένης
1604 3119 1773 3174 περι-

166 3201 362 3271 ’τομῆς
400 3201 463 3252 έν
495 3199 659 3269 σαρκί
680 3212 697 3229 '
731 3216 751 3251 ι
789 3197 889 3269 τὴν
922 3199 981 3252 ὲν
1007 3197 1190 3266 λόγοις
1223 3197 1407 3267 μόνοις
1459 3196 1556 3250 καὶ
1604 3195 1774 3301 σαρξὶ
1796 3238 1841 3301 C

176 3291 527 3364 προτιμησιν
555 3290 753 3361 δηλῶν.
800 3291 865 3344 Ἥ
892 3290 992 3362 μὲν
1028 3289 1124 3344 οὖν
1187 3288 1525 3361 ἀκροϐυστία
1562 3288 1664 3342 οὐκ
1701 3283 1772 3358 ἦν

164 3384 380 3448 δεινὸν,
404 3383 530 3437 οὐδὲ
558 3382 867 3453 βδελυκτδν,
900 3386 950 3436 εἰ
991 3384 1088 3436 καὶ
1131 3382 1350 3450 ἐλέγετο
1389 3382 1495 3436 ὑπὸ
1537 3381 1647 3435 τῶν
1677 3381 1771 3435 ἐπὶ

170 3480 248 3549 ’τῇ
284 3479 570 3546 περιτομῇ
624 3476 1052 3545 κομπαζόντωνο
1086 3474 1147 3528 τὸ
1187 3457 1246 3528 δὲ
1281 3476 1449 3546 χωρὶς
1474 3470 1614 3529 εἶναι
1635 3474 1771 3544 Χριι

176 3569 340 3634 στοῦ,
363 3567 527 3622 τοῦτο
547 3563 615 3639 ἦν
639 3568 807 3632 ὅντως
830 3566 1001 3621 δεινὸν
1025 3566 1121 3620 καὶ
1151 3566 1444 3638 ἀφόρητον.
1481 3564 1546 3619 Τί
1565 3565 1770 3635 δήποτε

164 3660 403 3732 μέλλων
457 3659 624 3725 δεῖξαι
689 3660 887 3723 αὐτοὺς
949 3660 1240 3722 κοινωνοὺς
1307 3659 1408 3727 τῆς
1454 3656 1611 3726 δόξης
1657 3658 1770 3720 τοῖς

186 3749 591 3822 Ἰσραηλίταις,
617 3750 876 3821 καθαιρεῖ
902 3749 963 3804 τὸ
991 3749 1100 3804 τῶν
1137 3748 1492 3821 Ἰσραηλιτῶν
1523 3747 1772 3816 thema;

178 3842 343 3898 Ἀλλ’
382 3842 508 3912 ὅρα,
545 3844 604 3896 ὲν
630 3842 744 3896 τίσι
781 3841 1038 3911 καθαιρεῖ
1057 3857 1070 3871 ·
1100 3843 1158 3894 ὲν
1181 3843 1297 3904 τοῖς
1329 3839 1404 3912 μὴ
1428 3838 1770 3907 ἀναγκαίοις.

164 3936 255 3989 Οὐ
279 3935 402 4004 γάρ
433 3934 582 3989 ἐστιν
607 3936 905 4002 ἀναγκαῖον
926 3934 961 4005 ἡ
981 3934 1275 4006 περιτομὴ,
1299 3932 1436 3984 ἀλλὰ
1458 3930 1774 4001 ἀδιάφορον.

186 4024 282 4079 Ἐν
328 4024 391 4077 δὲ
426 4026 540 4087 τοῖς
571 4023 891 4093 ἀναγκαίοις
925 4024 1021 4077 καὶ
1058 4023 1265 4094 σφόδρα
1303 4022 1542 4092 ἐπαίρει,
1586 4020 1775 4086 ἁγίους

162 4113 474 4184 ὀνομάζων
498 4115 626 4178 τοὺς
670 4113 1008 4186 Ἰσραηλίτας
1034 4116 1132 4169 καὶ
1176 4113 1413 4177 οἰκείους
1438 4110 1564 4182 Θεῷ
1593 4112 1664 4165 ⁸⁸.

1866 2011 2013 2066 enim
2052 2010 2226 2065 solum
2282 2008 2479 2065 sullicit
2510 2012 2846 2078 persuadere
2879 2010 3065 2074 nobis,
3121 2017 3181 2062 ut
3229 2006 3455 2062 virtutis

1870 2101 2483 2157 rationem‘habeamus.
2517 2119 2536 2152 ι
2573 2099 2840 2156 Memores
2883 2118 2901 2151 ι
2936 2108 3117 2159 autem
3154 2117 3172 2150 ι
3202 2105 3398 2161 estote,
3426 2115 3447 2151 ι

1870 2195 2032 2259 dixit,
2061 2208 2128 2249 eo
2155 2192 2300 2262 quod
2340 2193 2658 2263 plerumque
2712 2191 2828 2246 tieri
2884 2192 3083 2259 soleat,
3116 2200 3176 2246 ut
3226 2191 3261 2245 ii
3303 2189 3452 2260 quia

1873 2301 2071 2356 magna
2105 2286 2316 2341 vilitate
2348 2287 2413 2339 ad
2443 2279 2721 2357 fastigium
2751 2285 3021 2356 quoddam
3050 2285 3287 2355 provecti
3320 2285 3454 2348 sint,

1872 2379 2072 2449 prioris
2108 2388 2283 2435 status
2329 2394 2396 2433 ne
2452 2379 2802 2434 meminerint
2853 2379 3097 2449 quidem.
3147 2376 3285 2445 Quid
3324 2392 3455 2433 vero

1874 2478 1961 2524 est
1998 2469 2156 2537 cujus
2206 2481 2476 2525 memores
2506 2482 2632 2524 esse
2676 2467 2932 2523 debetis?
2962 2467 3112 2534 Quod
3165 2467 3453 2522 abalienati

1862 2558 2040 2618 eratis
2069 2576 2098 2615 a
2150 2560 2372 2617 Christo
2417 2560 2756 2631 temporibus
2794 2560 3038 2628 pristinis
3070 2576 3085 2614 :
3120 2573 3263 2614 nunc
3316 2572 3452 2614 vero

1875 2654 2168 2709 viciniorcs
2190 2652 2292 2724 ipsi
2340 2651 2466 2708 facti
2497 2653 2651 2719 estis,
2699 2661 2864 2720 atque
2895 2652 3031 2707 adeo
3065 2652 3115 2705 ei
3156 2651 3455 2721 appropin-

1874 2746 2109 2817 quastis,
2144 2745 2373 2817 perinde
2412 2760 2479 2801 ac
2528 2744 2721 2801 Israel.
2772 2744 2871 2800 Hic
2919 2744 3087 2814 igitur
3130 2741 3293 2814 hujus
3353 2743 3454 2798 loci

1876 2854 2073 2911 scopus
2119 2850 2225 2896 est.
2278 2838 2667 2894 Animadverte
2717 2847 2896 2893 autem
2937 2852 3100 2907 quam
3159 2835 3294 2891 scite
3343 2834 3459 2889 cir:

1876 2927 2266 2982 cumcisiouem
2329 2925 2569 2996 dejiciat,
2627 2927 2924 2982 ostendens
2975 2940 3094 2980 eam
3126 2924 3242 2980 solo
3288 2924 3460 2979 verbo

1875 3017 2095 3073 differre
2120 3033 2150 3072 a
2193 3019 2481 3089 praeputio,
2510 3035 2617 3075 non
2663 3033 2853 3089 opere.
2897 3018 3004 3073 Vos
3046 3018 3192 3072 enim
3246 3025 3455 3088 gentes,

1878 3109 2083 3179 inquit,
2126 3108 2181 3162 in
2215 3123 2398 3176 carne,
2435 3124 2542 3163 non
2570 3109 2623 3163 in
2655 3108 2849 3179 spiritu
2882 3125 2901 3162 τ
2941 3107 3032 3176 qui
3065 3107 3331 3174 dicimiui,
3358 3106 3454 3161 sed

1874 3216 1983 3256 non
2015 3201 2150 3256 estis
2186 3217 2203 3256 :
2238 3202 2463 3270 perinde
2505 3200 2658 3270 quasi
2706 3202 2889 3265 dicat,
2922 3200 2980 3255 lu
3010 3216 3174 3254 carne
3209 3200 3342 3257 estis
3372 3200 3458 3254 in-

1872 3290 2122 3357 ieriores,
2154 3307 2260 3345 non
2294 3291 2351 3346 in
2374 3293 2598 3361 spiritu.
2642 3290 2710 3346 Et
2754 3305 2945 3345 rursus
3001 3308 3014 3343 :
3057 3309 3076 3342 ι
3107 3290 3188 3343 Ab
3234 3304 3295 3344 ea
3336 3303 3458 3358 qua:

1872 3385 2076 3441 dicitur
2102 3384 2446 3440 circumcisio
2477 3384 2528 3439 in
2564 3399 2750 3449 carne,
2786 3403 2806 3438 ι
2854 3384 3223 3455 praelationem
3267 3391 3323 3438 et
3354 3384 3456 3437 ho-

1875 3491 2061 3532 norem
2092 3476 2343 3543 innucns,
2369 3478 2459 3546 qui
2482 3478 2538 3531 in
2577 3476 2708 3533 solis
2736 3477 2920 3532 verbis
2942 3484 2996 3532 et
3027 3490 3191 3532 carne
3213 3483 3453 3532 constat.

1876 3569 2200 3639 Praputium
2241 3568 2408 3640 igitur
2446 3583 2553 3624 non
2610 3579 2730 3626 erat
2777 3570 2960 3639 gravis
2991 3583 3055 3623 ac
3094 3568 3457 3623 exsecrabilis

1875 3673 1988 3727 res,
2050 3658 2265 3715 etiamsi
2318 3659 2588 3713 diceretur
2640 3662 2708 3715 ab
2761 3662 2828 3715 iis
2877 3659 2969 3730 qui
3020 3657 3456 3715 circumcisionis

1877 3751 2097 3807 nomine
2140 3751 2338 3806 cristas
2373 3751 2644 3808 tollerent.
2694 3754 2825 3808 Sine
2875 3751 3094 3808 Christo
3144 3764 3274 3807 vero
3306 3764 3455 3813 esse,

1873 3842 2005 3896 illud
2034 3841 2253 3897 demum
2278 3857 2403 3897 vere
2433 3853 2488 3898 et
2514 3856 2680 3912 grave
2708 3853 2768 3911 et
2799 3841 3159 3898 intolerabile.
3186 3840 3453 3907 Quorsum

1875 3934 2042 4005 igitur
2092 3920 2523 3990 monstraturus.
2577 3950 2670 3991 eos
2741 3949 2862 3990 esse
2911 3933 3209 4006 participes
3269 3932 3458 4001 gloriae

1876 4021 2268 4090 lsraelitanutn,
2319 4024 2641 4095 dignitatem
2686 4023 3058 4080 israelitarum
3115 4021 3332 4078 elevat?
3388 4020 3461 4075 At

1878 4124 2070 4184 reputa
2115 4124 2298 4168 tecum
2326 4112 2387 4168 in
2431 4114 2631 4182 quibus
2658 4114 2853 4178 elevet,
2903 4113 2957 4167 in
2993 4112 3160 4165 rebus
3205 4106 3461 4164 videlicet

168 4223 289 4262 non
343 4206 569 4275 perinde
602 4205 948 4263 necessariis.
1016 4203 1134 4262 Non
1168 4206 1314 4261 enim
1356 4220 1444 4261 res
1489 4212 1574 4261 est
1615 4206 1927 4263 necessaria
1982 4206 2351 4272 circumcisio,
2423 4207 2518 4262 sed
2574 4204 2883 4261 iuditi‘erens
2923 4218 2987 4259 ac
3035 4203 3237 4258 media.
3274 4201 3333 4256 in
3367 4212 3458 4255 re-

170 4299 283 4357 bus
312 4310 448 4352 vero
481 4297 809 4354 necessariis
830 4297 1178 4357 vehementer
1197 4312 1293 4353 eos
1313 4297 1536 4360 attollit,
1556 4307 1780 4356 sanctos
1804 4300 2097 4354 nominans
2126 4297 2405 4355 lsraeiitas
2435 4311 2598 4381 atque
2619 4299 2952 4354 domesticos
2985 4294 3107 4349 Dei.
3434 4312 3437 4317 λ

255 4412 277 4445 ι
332 4391 868 4464 Ἀπηλλοτριωμένοι
896 4393 998 4464 τῆς
1028 4392 1304 4458 πολιτείας
1325 4393 1419 4447 τοῦ
1462 4393 1701 4467 Ἰσραήλ.
1740 4413 1764 4448 a

1944 4393 2119 4451 Vsus.
2156 4396 2249 4451 12.
2283 4415 2303 4449 c
2352 4395 2588 4451 Alienati
2614 4411 2644 4449 a
2691 4394 3109 4450 conversatione
3150 4387 3385 4444 lsraelis.
3429 4403 3452 4438 ι

173 4482 302 4537 Οὐκ
318 4477 469 4546 εἷπε,
490 4482 925 4553 Κεχωρισμένοι,
949 4483 1089 4551 ἀλλ’,
1116 4502 1134 4536 ι
1158 4484 1718 4555 ’Δπηλλοτριωμένοιο
1743 4504 1762 4538 ι

175 4574 311 4625 ἐπεὶ
341 4571 442 4624 καί
475 4571 525 4623 oi
568 4571 899 4642 Ἰσραηλῖται
926 4573 1027 4644 τῆς
1055 4574 1285 4644 νομικῆς
1344 4575 1438 4627 καὶ
1474 4574 1613 4627 κατὰ
1639 4574 1772 4628 Θεὸν

168 4660 471 4724 πολιτείας
510 4657 654 4731 ἦσαν
697 4661 854 4726 ἐκτός
882 4680 897 4696 ο
924 4663 1044 4717 ἀλλ’
1071 4666 1172 4736 οὐχ
1201 4665 1278 4729 ὡς
1320 4664 1617 4736 ἀλλότριοι,
1653 4664 1770 4720 ἀλλ’

164 4757 254 4817 ὡς
292 4754 564 4824 ῥᾴθυμοι.

248 4864 274 4897 ι
324 4843 442 4897 Καὶ
472 4844 614 4909 ξένοι
637 4844 744 4900 τῶν
773 4846 1051 4919 διαθηκῶν
1080 4851 1182 4921 τῆς
1203 4849 1562 4918 ἐπαγγελίας.
1607 4868 1627 4902 ι
1659 4851 1773 4906 Καὶ

170 4936 353 4991 τοῦτο
386 4937 565 5007 μέγας
591 4939 892 5011 χωρισμός.
920 4941 1036 4995 Οὐκ
1065 4937 1189 4995 εἷπε
1210 4942 1341 5014 γὰρ,
1366 4943 1446 4998 ὅτι
1492 4942 1568 4997 Οὐ
1604 4960 1774 5014 προσ-

172 5034 414 5100 έχοντες
468 5032 590 5093 ταῖς
627 5029 940 5102 διαθήκαις,
983 5034 1141 5102 ἀλλὰ,
1175 5035 1358 5107 Πάντη
1393 5054 1415 5088 ι
1451 5035 1615 5102 ξένοι.
1648 5054 1672 5087 -ι
1709 5037 1774 5089 Et

173 5120 282 5175 καὶ
328 5120 449 5192 γὰρ
493 5122 545 5174 oi
587 5123 918 5196 Ἰσραηλῖται
961 5127 1220 5194 ἐξέπεσον
1252 5127 1362 5184 τῶν
1404 5128 1773 5197 ἐπαγγελιῶν,

172 5212 305 5267 ἀλλ’
333 5214 439 5284 οὐχ
482 5215 559 5279 ὡς
591 5215 753 5281 ξένοι.
787 5219 946 5284 Τίνες
985 5221 1043 5274 δὲ
1080 5225 1140 5278 αί
1180 5221 1439 5295 διαθῆκαι
1472 5221 1570 5293 τῆς
1596 5223 1769 5291 ἐπαγ-

174 5304 421 5375 γελίαςς
459 5324 480 5359 ι
528 5307 623 5360 Σοὶ
647 5308 805 5363 δώσω
832 5311 928 5365 καὶ
973 5312 1053 5384 τῷ
1099 5313 1377 5385 σπέρματί
1410 5330 1502 5368 σου
1532 5312 1634 5385 τὴν
1666 5313 1771 5383 γῆν

173 5393 431 5466 ταύτην·
470 5413 493 5448 ι
528 5399 624 5451 καὶ
645 5400 744 5455 ὅσα
775 5400 939 5473 ἕτερα
969 5402 1355 5473 ἐπηγγείλατο,
1386 5401 1774 5475 πνευματικῶς

175 5486 415 5551 πάντως
439 5488 729 5560 νοούμενα.

266 5596 289 5636 ί
321 5595 461 5653 Gen.
497 5614 586 5663 xv,
627 5599 718 5655 18.

1875 4487 2042 4559 382
2072 4487 2188 4543 Non
2211 4487 2367 4553 dixit,
2396 4487 2686 4558 segregati,
2720 4486 2840 4550 sed,
2863 4503 2881 4536 ι
2909 4480 3149 4547 alienati,
3175 4497 3194 4532 ι
3218 4477 3460 4545 quando-

1880 4580 2101 4646 quidem
2128 4587 2184 4632 et
2212 4575 2475 4632 Israelita:
2507 4587 2660 4631 extra
2692 4576 2920 4645 legalem
2952 4574 3193 4641 adeoque
3220 4571 3456 4628 divinam

1864 4670 2041 4722 vitam
2076 4678 2256 4733 erant,
2284 4669 2379 4723 sed
2411 4683 2518 4723 non
2555 4677 2809 4739 tanquam
2843 4666 3030 4732 alieni,
3062 4665 3157 4720 sed
3202 4673 3458 4735 tanquam

1870 4759 2162 4815 socordes.

1950 4870 1974 4906 ι
2016 4854 2082 4907 Ει
2105 4852 2353 4922 hospites
2381 4858 2828 4907 testamentorum
2853 4851 3250 4923 promissionis.
3282 4867 3304 4900 ι
3330 4847 3460 4907 {iam

1875 4930 2038 5002 etiam
2077 4959 2271 5015 magna
2293 4945 2563 5016 separatio
2599 4954 2702 5001 est.
2734 4945 2856 5001 Non
2885 4946 3027 5005 enim
3053 4943 3205 5005 dixit,
3232 4939 3348 4996 Non
3373 4948 3458 4992 at-.

1870 5037 2160 5093 tendentes
2196 5037 2555 5103 testamentis,
2581 5039 2675 5093 sed
2701 5039 2943 5102 omnino,
2969 5055 2989 5088 ‹
3015 5034 3272 5106 hospites.
3299 5050 3317 5083 ι
3340 5029 3456 5092 Ειεὶ

1845 5129 2023 5183 enim
2050 5127 2314 5184 Israelita:
2342 5129 2664 5186 exciderunt
2692 5142 2723 5185 a
2764 5126 3238 5200 promissionihus,
3271 5132 3456 5186 tamen

1875 5234 1984 5274 non
2033 5230 2094 5275 ut
2123 5220 2363 5291 hospites
2410 5231 2464 5277 et
2509 5221 2697 5277 alieni.
2728 5223 2797 5277 At
2834 5232 3083 5290 quamam
3125 5220 3254 5271 sunt
3281 5221 3457 5269 testa-.-

1876 5322 2061 5368 tnenta
2122 5317 2548 5384 promissionis?
2588 5336 2607 5370 ι
2645 5312 2766 5371 Tibi
2818 5314 2961 5368 dabo
3014 5322 3069 5368 et
3110 5312 3328 5368 semiui'
3357 5321 3455 5369 tuo

1882 5417 2083 5462 terram
2123 5408 2264 5464 hanc
2302 5409 2350 5477 ί,
2393 5428 2412 5461 ι
2439 5417 2492 5464 et
2522 5421 2853 5481 qua-cunque
2886 5406 3005 5475 alia;
3030 5404 3299 5477 promisit,
3340 5401 3453 5476 spis

1882 5500 2155 5557 ritualiter
2188 5502 2479 5558 intellecta.

1510 5724 1708 5789 Variae
1731 5725 2062 5794 lectiones.

259 5843 336 5878 ⁸³⁸
362 5842 448 5899 τσο
489 5840 612 5895 Ἐπὶ
639 5838 822 5912 ἔργοις
846 5843 1091 5917 ἀγαθοις,
1125 5845 1226 5919 οὒκ
1253 5848 1336 5905 ἑνὶ
1364 5849 1533 5921 ἔργῳ.
1607 5851 1654 5886 ⁸³
1698 5853 1798 5924 τῆς
1840 5854 2065 5927 πρώτης
2097 5840 2463 5931 δημιουργίας
2506 5869 2580 5911 m.
2659 5857 2706 5892 ”
2737 5855 2872 5917 Θεοῦ
2905 5871 2960 5923 ο,
