3932 6588
209 393 341 459 1061

982 407 1390 472 EXPOSITIO
1422 412 1504 474 IN
1548 413 1789 476 EPIST.
1830 419 1930 480 AD
1962 420 2229 486 EPHES.
2259 450 2326 463 -
2362 428 2519 493 CAP.
2550 424 2630 492 Ιῐ.

3317 432 3455 508 ιοϐἰ)

205 510 446 579 ῖποίησε,
481 511 789 568 πλακεισῶν
833 519 927 569 καί¹
977 522 1474 593 περιπτυξαμένων
1523 528 1746 600 ἀλλήλας

205 598 312 620 -Ἇυ
344 598 428 620 ΩΫᾼ
480 599 602 620 μιν-.
684 619 688 620 ,
742 606 783 620 ’ν
827 606 841 620 ι
882 609 959 620 -ιι
1082 614 1120 620 ,Α
1264 615 1274 620 -
1368 615 1392 620 μ
1447 619 1450 620 ,

1887 535 2099 604 plicatis
2131 548 2185 595 et
2238 556 2297 596 se
2333 543 2567 601 invicem
2601 549 3050 620 amplectentibus
3091 553 3301 613 duabus
3353 575 3451 614 ua-

205 598 312 652 τῶν
339 598 435 652 δύο
473 599 710 669 φύσεων.
742 606 851 659 Καὶ
875 609 1050 674 ἄλλως
1076 614 1157 678 δὲ,
1189 615 1286 668 καὶ
1320 615 1403 687 ¹τῷ
1439 619 1483 651 ⁹⁷
1511 598 1774 691 ἀναμάρ-

204 707 365 759 τητος
392 692 651 762 φανῆναι,
684 697 897 753 καὶτὸν
929 702 1096 772 νόμον
1127 707 1307 761 πάντα
1340 708 1652 780 πληρῶσαι,
1680 712 1778 783 τὴν

204 779 404 872 ἔχθραν
459 783 672 840 ἔλυσεν.
714 787 775 842 Ὀ
808 789 918 862 γὰρ
951 795 1111 862 νόμος
1144 799 1398 868 φραγμὺς
1428 779 1530 870 μὲν
1557 797 1646 872 ἦν,
1680 779 1776 857 ἆτε

203 870 340 940 πρὸς
364 874 669 941 ἀσφάλειαν
698 879 902 947 δοθεὶς,
953 883 1040 937 ἵνα
1083 890 1428 963 περιφράττῃ
1455 906 1470 922 '
1504 870 1776 959 παραϐαι-

201 966 428 1054 νόμενος
454 967 534 1033 δὲ,
580 973 898 1043 μεσότοιχον
944 977 1185 1045 ἀνέδειξε
1222 982 1323 1050 τὴν
1363 985 1670 1054 ἁμαρτίαν·
1702 987 1773 1042 δι’

198 1049 261 1107 οὗ
299 1057 346 1088 ’⁸
370 1058 473 1112 ούκ
520 1060 580 1115 ὲν
613 1064 887 1138 ἀσφαλείᾳ
922 1049 1328 1142 καθιστάμεθα,
1362 1049 1494 1129 ἀλλ’⁷
1515 1079 1771 1150 ἐχωριζό·

192 1148 342 1217 μεθα
372 1149 467 1203 τοῦ
506 1151 665 1209 Θεοῦ.

266 1254 291 1286 1
320 1237 427 1290 Τδν
456 1243 618 1311 νόμον
634 1244 741 1297 τῶν
766 1247 995 1303 ἐντολῶν
1017 1251 1074 1306 έν
1093 1252 1330 1324 δόγμασι
1356 1261 1766 1332 καταργήσας.»

201 1327 310 1427 :lva.
329 1332 407 1399 μή
435 1334 674 1427 τιςεῖπῃ
698 1352 713 1367 ο
733 1337 796 1390 Τί
827 1338 949 1406 οὖν,
978 1345 1028 1395 εἰ
1046 1346 1143 1416 τῆς
1167 1349 1267 1416 μὲν
1291 1327 1564 1423 προτέρας
1586 1327 1769 1427 παρα·

192 1420 409 1484 ϐάσεως
462 1423 556 1477 τοῦ
589 1427 754 1497 νόμου
819 1432 1217 1507 ἀπηλλάγημεν
1266 1420 1528 1506 ⁸³,πάλιν
1568 1446 1625 1500 δὲ
1668 1420 1771 1501 αὖ·

193 1512 282 1611 τδν
331 1514 761 1587 ἀναγκαζόμεθα
814 1528 1037 1595 τηρεῖν;
1076 1533 1263 1600 φησὶν,
1321 1534 1403 1588 ὅτι
1450 1537 1560 1611 Καὶ.
1608 1539 1768 1592 αὐτὸν

188 1602 377 1657 ἔλυσε.
412 1606 549 1670 Aab;
575 1610 682 1681 γάρ
714 1614 845 1683 ἡμῖν
878 1616 1072 1672 τοῦτον
1114 1623 1195 1685 είς
1225 1604 1555 1694 ἀσφάλειαν,
1580 1628 1768 1702 ἐπειδὴ

190 1694 288 1747 οὐκ
342 1698 716 1770 ὲφυλάξαμεν,
757 1703 876 1760 δέον
917 1711 1148 1765 κολάσαι
1174 1753 1189 1778 ,
1251 1718 1280 1768 ό
1337 1716 1396 1770 δὲ
1452 1718 1544 1772 τὸν
1603 1694 1767 1793 νόμον

190 1787 516 1855 κατέλυσεν,
562 1793 752 1866 ῶσπερ
778 1797 845 1851 ἀν
887 1801 942 1852 ετ
990 1819 1074 1866 τις
1120 1805 1454 1881 παιδαγωγῷ
1487 1787 1766 1883 παραδοὺς

190 1881 426 1975 παιδίον,
482 1885 670 1957 ἐπειδὴ
700 1889 777 1960 μή
819 1892 1105 1960 ὑπακούει,
1142 1899 1239 1953 καὶ
1283 1874 1761 1975 τοῦ-παιδαγωγού
1793 1874 1836 1931 Β

188 1969 604 2067 ἐλευθερῶσειε.
656 1981 841 2051 Νόμον
881 1985 937 2039 δὲ
980 1988 1213 2044 ἐντολῶν
1258 1993 1447 2049 τοῦτόν
1470 1969 1761 2067 φησίνίὼς

187 2065 314 2136 περὶ
352 2065 632 2162 πολιτείας
684 2072 1106 2150 διαταττόμενον
1138 2083 1154 2114 ¹
1184 2099 1199 2115 ⁸
1254 2085 1503 2156 δόγματα
1533 2065 1614 2141 -δὲ
1660 2091 1760 2162 τὴν

185 2158 397 2225 πίστιν,
457 2156 549 2216 οἷα
589 2163 679 2218 διά
725 2166 1013 2236 δογμάτων
1063 2178 1468 2249 συνισταμένην
1497 2196 1513 2212 ·
1571 2180 1647 2244 ὡς
1709 2156 1759 2236 ἐι

184 2250 398 2339 ἔλεγεν,
426 2251 509 2305 ὅτι
546 2254 669 2308 ἀντὶ
705 2257 799 2309 τοῦ
837 2258 952 2330 βίου
982 2261 1166 2317 πίστιν
1190 2266 1504 2335 εἰσήγαγεν.
1543 2271 1617 2325 Οὐ
1648 2273 1756 2343 γὰρ

186 2330 242 2408 ἐξ
265 2344 508 2398 ἐντολῶν
538 2345 961 2420 ὲδικαιὼθημεν,
995 2351 1106 2407 τῶν
1137 2355 1263 2408 τάδε
1298 2330 1551 2415 καὶ-τάδε
1586 2330 1756 2432 διὲριζ

188 2432 446 2503 ζομένων
479 2439 657 2490 ποιεῖν
703 2453 718 2469 ·
750 2440 867 2493 ἀλλ’
913 2459 933 2493 ι
963 2443 1058 2496 ὲάν
1092 2447 1390 2521 πιστεύσῃς
1415 2454 1481 2522 τῇ
1532 2454 1752 2525 καρδίᾳ,

181 2526 272 2577 καῖ
300 2526 646 2601 ὁμολογήσῃς
672 2530 751 2601 τῷ
796 2532 1048 2604 στόματι,
1074 2536 1318 2613 σωθήσῃ.
1356 2560 1376 2595 ι
1414 2544 1485 2596 "H
1508 2544 1756 2616 δόγματά

180 2630 318 2683 φησι
364 2615 464 2679 τὰς
516 2618 895 2687 ἀποφαντικάς
954 2625 1048 2678 τοῦ
1097 2629 1305 2702 Κυρίου
1356 2615 1751 2704 παραγγελίας,

178 2704 295 2758 τάδε
318 2721 337 2735 ⁸
370 2724 390 2757 ι
435 2707 577 2777 Ἐγὼ
602 2710 657 2763 δὲ
692 2710 835 2781 λέγω
861 2714 1011 2785 ὑμῖν,
1047 2717 1122 2789 μή
1149 2720 1348 2790 ὀμόσαι
1377 2723 1514 2789 ὅλως
1536 2743 1552 2757 ⁸
1585 2745 1605 2778 ι
1633 2730 1749 2794 καὶ,

184 2813 203 2847 ι
236 2797 338 2868 Μὴ
369 2799 719 2870 ὀργισθῆναι·
756 2823 775 2856 ο
813 2806 911 2858 καὶ
938 2808 1004 2861 τὰ
1037 2810 1285 2866 τοιαῦτα.

246 2908 267 2943 ι
323 2890 444 2945 ἰνα
472 2895 598 2958 τοὺς
642 2894 734 2948 δύο
762 2897 925 2969 κτίσῃ
978 2899 1038 2954 έν
1064 2901 1241 2973 ἑαυτῷ
1284 2906 1366 2969 είς
1421 2906 1517 2961 ἕνα
1565 2910 1753 2964 καινὸν

175 2982 490 3055 ἄνθρωπον.
545 3005 564 3038 ι
609 2988 685 3041 Ob
720 2988 813 3042 τὸν
865 2989 1112 3062 Ἕλληνα
1161 2996 1413 3067 ἐποίησεν
1478 3002 1748 3072 Ἰουδαῖον,

172 3076 291 3128 ἀλλ’
335 3076 686 3164 ἀμφοτέρους
708 3082 787 3144 είς
820 3083 1056 3153 κρείττω
1082 3087 1416 3142 κατάστασιν
1448 3091 1726 3164 ἀνήγαγεν

170 3167 284 3218 υύκ
323 3161 446 3218 εἷπε
482 3166 562 3234 δὲ,
607 3168 902 3244 Μεταόάλῃ
948 3173 990 3237 ⁸,

170 3256 323 3328 δείξῃ
358 3257 377 3289 ‘
414 3259 662 3328 ἐναργῶς
682 3259 745 3312 τὸ
769 3260 1085 3333 λεγόμενον,
1127 3267 1222 3321 καὶ
1254 3268 1338 3321 ὅτι
1360 3270 1437 3335 ὡς
1457 3273 1564 3325 ἀπὸ
1588 3290 1744 3343 φυσι·

165 3350 281 3403 κῶν
311 3352 658 3422 πραγμάτων
685 3354 973 3426 ἀποπηδᾷν
1003 3359 1151 3427 ἡμᾶς
1181 3359 1241 3412 οὐ
1275 3360 1382 3434 χρὴ
1423 3362 1628 3422 λοιπόν.
1670 3367 1744 3422 Τὸ

166 3442 245 3508 δὲ,
287 3460 309 3495 ι
360 3443 449 3497 Ἐν
479 3444 679 3515 ἑαυτῷ,
719 3464 738 3498 ι
769 3447 802 3518 ἢ
835 3448 955 3501 ἀντὶ
996 3450 1112 3517 τοῦ,
1157 3468 1176 3502 ι
1219 3452 1297 3506 Δι’
1329 3455 1522 3509 ἑαυτοῦ
1550 3474 1564 3488 ⁸
1625 3477 1645 3510 ι
1679 3459 1742 3513 ού

166 3534 275 3605 γὰρ
308 3533 468 3599 ἄλλος
507 3538 665 3590 τοῦτο
712 3538 947 3609 ἐπραξεν
983 3539 1023 3606 ⁸,
1071 3542 1185 3596 ἀλλ’
1216 3545 1377 3609 αὐτὸς
1421 3546 1488 3599 δι’
1522 3549 1739 3617 ἑαυτοῦ,

165 3625 264 3676 καὶ
292 3625 388 3679 τὸν
430 3626 683 3682 Ἰουδαῖον
716 3632 811 3683 καὶ
839 3631 930 3684 τὸν
960 3631 1173 3693 ἑθνικδν
1203 3637 1611 3707 ἀναχωνεύσας,
1641 3642 1740 3697 ἕνα

162 3718 440 3786 ἀνήνεγκε
464 3719 647 3772 καινὸν
674 3722 769 3775 καὶ
803 3720 1145 3792 θαυμαστόν.
1195 3725 1264 3779 Ἢ
1291 3728 1372 3780 ὅτι
1397 3729 1560 3794 αὐτὸς
1585 3733 1738 3803 πρῶ-

161 3823 255 3870 τος
288 3808 464 3863 τύπον
496 3811 795 3882 παρασχὼν
818 3815 914 3867 καὶ
943 3815 1270 3887 ὑπόδειγμα,
1299 3820 1393 3873 καὶ
1420 3823 1612 3890 φανεὶς
1641 3826 1737 3880 καὶ

161 3901 330 3964 αὐτὸς
360 3901 584 3972 πρῶτον
623 3904 783 3958 τοῦτο
807 3905 946 3977 ὅπερ
976 3907 1216 3973 ἐκείνους
1239 3911 1463 3983 ἐποίησε
1484 3929 1499 3943 ·
1530 3915 1623 3970 καὶ
1652 3917 1735 3972 ὃτι

160 3990 333 4061 μέσος
386 3993 590 4062 ἀμφοῖν
643 3994 959 4065 γενόμενος,
1007 4000 1104 4051 καὶ
1156 3999 1307 4055 ἐνθεν
1344 4003 1441 4057 τὸν
1484 4005 1733 4064 Ἰουδαῖον

156 4080 483 4152 κατασχὼν,
539 4083 792 4139 κάκεῖθεν
849 4084 942 4139 τὸν
995 4086 1256 4157 Ἕλληνα,
1308 4093 1405 4145 καὶ
1453 4095 1731 4165 συμμίξας

157 4178 385 4244 αὐτοὺς,
421 4179 513 4231 καὶ
550 4182 660 4234 πᾶν
689 4182 749 4235 τὸ
781 4182 1063 4254 ἀλλότριον
1098 4185 1388 4255 ἀφανίσας,
1426 4187 1732 4243 ἀνέπλασεν

156 4269 368 4323 ἄνωθεν
402 4270 490 4324 διὰ
535 4272 703 4342 πυρδς
762 4274 857 4328 καὶ
910 4273 1124 4340 ὓδατος.
1177 4277 1268 4330 Ἐν
1294 4272 1361 4349 τῇ
1413 4278 1726 4353 ἀνθρωπίνῃ

152 4360 245 4414 οὖν
283 4361 469 4432 φύσει,
503 4364 569 4434 ἣν
591 4364 916 4435 προσέλαϐε,
948 4369 1099 4437 κοινῇ
1133 4366 1269 4441 ούσῃ
1294 4370 1387 4422 τοῦ
1417 4386 1477 4423 τε
1507 4370 1725 4426 ὲθνικοῦ

152 4453 249 4505 καὶ
305 4453 403 4506 τοῦ
468 4453 747 4519 Ἰουδαίου,
797 4455 893 4509 καὶ
942 4457 1082 4525 ὑπὲρ
1110 4459 1438 4531 ἀμφοτέρων
1483 4463 1725 4534 προσλη-

1883 630 2043 685 turis.
2076 630 2253 701 Atque
2285 634 2450 689 etiam
2498 636 2602 692 alia
2651 643 2883 715 ratione,
2927 651 3069 714 quod
3104 663 3299 718 expers
3325 667 3453 720 pec-

1880 721 1987 775 cati
2043 727 2386 792 apparuerit,
2431 728 2843 804 uuivcrsamque
2889 735 3061 808 legem
3121 741 3449 811 impleverit,

1879 810 2222 868 inimicitiam
2254 816 2432 873 diluit.
2467 817 2578 874 Lex
2609 824 2753 878 enim
2790 841 2945 894 scpes
2983 841 3125 896 erat,
3155 810 3348 901 nempe
3379 810 3448 890 ad

1870 904 2224 961 securitatem
2249 908 2394 973 data,
2420 920 2480 965 ut
2504 912 2838 972 obﬁrmaret.
2868 917 2982 974 Non
3008 932 3223 977 servata
3242 935 3444 989 autem,

1872 999 2109 1052 ostendit
2136 1002 2371 1056 medium
2401 1004 2663 1072 parietem
2695 1022 3004 1078 peccatum,
3039 1030 3066 1068 a
3104 1031 3211 1083 quo
3240 1018 3443 1074 factrum

1873 1097 1957 1141 est
1987 1098 2043 1142 ut
2072 1105 2177 1145 non
2210 1106 2455 1151 essemus
2479 1096 2533 1151 in
2567 1108 2682 1153 tuto
2714 1110 2767 1154 et
2793 1106 3109 1175 securitate,
3152 1116 3243 1164 sed
3283 1128 3311 1165 a
3337 1110 3444 1168 Deo

1870 1182 2052 1251 potius
2084 1199 2272 1254 separa
2282 1203 2486 1247 remur.

1934 1272 2108 1333 'Vans.
2150 1278 2238 1333 15.
2283 1298 2303 1332 ι
2338 1280 2534 1353 Legem
2568 1274 2949 1365 ma'ndatorum
2993 1290 3045 1345 in
3075 1290 3306 1349 decretis
3337 1296 3437 1350 ab-

1870 1367 2044 1422 olens.
2088 1387 2108 1421 »
2142 1369 2221 1424 Ne
2270 1375 2556 1444 quisquam
2590 1377 2814 1448 objiciat
2853 1397 2866 1433 :
2897 1382 3034 1446 Quid
3071 1387 3306 1452 prodest,
3339 1387 3442 1440 sia

1870 1461 2036 1528 priori
2068 1460 2200 1532 legis
2230 1469 2665 1536 transgressione
2698 1471 2932 1539 liberati,
2971 1488 3159 1529 rursus
3181 1490 3299 1529 eam
3327 1492 3446 1533 ser-

1870 1565 2000 1607 vare
2052 1555 2378 1625 adigamur?
2413 1560 2510 1626 ait,
2569 1558 2743 1629 Ipsam
2804 1578 3019 1635 quoque
3071 1567 3254 1620 solvit.
3308 1566 3442 1622 Cum

1869 1644 2011 1697 enim
2044 1643 2184 1699 hanc
2212 1647 2368 1704 nobis
2395 1654 2461 1705 ad
2493 1653 2851 1708 munitionem
2883 1655 3142 1722 dedisset,
3173 1658 3298 1726 quia
3332 1673 3440 1712 non

1868 1736 2261 1796 custodivimus
2283 1754 2426 1807 eam,
2448 1742 2682 1799 debebat
2710 1761 2807 1800 nos
2839 1747 3065 1815 punire:
3093 1748 3240 1819 atqui
3267 1748 3439 1821 legem

1868 1825 1915 1880 is
1945 1828 2106 1897 plane
2147 1831 2387 1887 dissolvit
2418 1843 2473 1889 et
2522 1837 2828 1906 abrogavit,
2882 1854 3035 1908 teque
3090 1856 3154 1895 ac
3207 1841 3252 1896 si
3291 1842 3436 1911 quis,

1865 1920 1957 1975 ubi
1990 1935 2215 1992 puerum
2245 1925 2533 1996 paedagogo
2565 1927 2892 1994 tradidisset,
2947 1930 3108 1997 hunc,
3164 1945 3287 1986 cum
3331 1948 3436 1988 non

1862 2013 2131 2081 obediret,
2163 2031 2191 2069 a
2216 2019 2508 2087 paedagogo
2533 2032 2747 2089 quoque
2774 2020 2985 2077 liberet.
3008 2021 3205 2093 Legem
3240 2034 3421 2079 autem

1861 2105 2237 2161 mandatorum
2267 2107 2363 2175 ait,
2405 2120 2657 2179 tanquam
2689 2111 2755 2167 de
2798 2113 2907 2166 vita
2939 2122 2993 2168 et
3022 2116 3263 2171 moribus
3294 2132 3437 2187 prae-

1860 2194 2198 2263 cipientem:
2247 2198 2500 2269 dogmata
2536 2216 2666 2257 vero
2715 2216 2810 2257 seu
2849 2204 3090 2273 decreta,
3139 2205 3320 2273 ﬁdem,
3378 2217 3437 2265 ut

1859 2301 1977 2356 qua:
2009 2302 2106 2357 per
2151 2291 2400 2360 dogmata
2435 2292 2730 2361 consistat;
2788 2293 3209 2367 perindequasi
3266 2299 3431 2365 dicat,

1857 2377 1965 2434 Pro
2012 2380 2120 2435 vita
2174 2382 2329 2437 tidem
2383 2384 2705 2443 introduxit.
2747 2386 2866 2443 Non
2894 2389 3037 2443 enim
3067 2405 3131 2443 ex
3164 2392 3433 2448 mandatis

1857 2470 1975 2525 haec
2014 2481 2070 2526 et
2102 2471 2192 2526 illa
2227 2472 2412 2529 facere
2443 2474 3269 2550 praacipieutibusjustiﬁeamur
3298 2501 3312 2538 :
3340 2500 3431 2539 ve-

1858 2576 1975 2615 rum
2006 2562 2052 2616 si
2085 2564 2385 2619 credideris
2416 2565 2467 2620 in
2497 2568 2682 2636 corde,
2714 2579 2768 2624 et
2792 2585 2886 2626 ore
2918 2571 3201 2629 confessus
3234 2573 3424 2640 fueris,

1858 2660 1912 2706 tu
1951 2652 2133 2709 salvus
2157 2657 2288 2711 eris.
2330 2653 2428 2712 Vel
2465 2658 2717 2728 dogmata
2761 2662 2995 2733 appellat
3044 2668 3293 2737 ncgativa
3326 2667 3430 2723 Do-

1855 2746 1988 2801 mini
2025 2748 2280 2802 mandata
2312 2764 2326 2803 :
2361 2768 2380 2801 ι
2416 2749 2529 2820 Ego
2557 2752 2678 2807 dico
2712 2754 2890 2823 vobis,
2920 2771 2986 2811 ne
3013 2761 3233 2814 omnino
3273 2759 3429 2831 jurc-

1856 2836 1923 2892 tis
1952 2835 2025 2891 ιι
2070 2855 2089 2889 ι
2135 2846 2213 2903 et,
2251 2857 2270 2890 ι
2314 2837 2395 2894 Ne
2424 2841 2738 2898 irascamini
2774 2846 2819 2914 ί,
2857 2864 2877 2898 ι
2919 2856 2973 2902 et
3003 2849 3053 2903 id
3082 2864 3250 2919 genus
3297 2852 3426 2910 alia.

1932 2949 1950 2980 ι
1991 2928 2063 2985 Ut
2093 2930 2229 2986 duos
2261 2935 2463 2988 condat
2503 2936 2558 2989 in
2592 2924 2792 3006 seipse,
2824 2940 2877 2993 in
2908 2956 3071 2996 unum
3098 2956 3293 2997 novum
3329 2943 3428 2998 hc-

1853 3021 2080 3078 minem.
2116 3039 2137 3074 ι
2176 3021 2292 3077 Non
2325 3039 2389 3078 ex
2419 3024 2607 3081 Graeco
2637 3025 2882 3084 Judaeum
2912 3031 3062 3096 fecit,
3106 3034 3198 3088 sed
3240 3034 3428 3091 ambos

1853 3114 1918 3165 ad
1952 3113 2225 3169 meliorem
2263 3122 2463 3170 statum
2495 3120 2730 3175 reduxit.
2757 3121 2871 3176 Non
2895 3123 3032 3178 dixit
3057 3134 3256 3192 autem,
3284 3125 3424 3182 Per-

1042 3174 1199 3242 ἀλλά,
1251 3195 1269 3228 ι
1331 3178 1529 3251 κτίσῃ,
1586 3200 1605 3234 ι
1669 3183 1746 3237 ἵνα

1855 3214 2041 3269 mutet,
2099 3206 2216 3272 sed,
2276 3206 2560 3275 «Condat,
2627 3228 2648 3262 ι
2699 3220 2757 3265 ιιι
2812 3216 3103 3283 perspicue
3172 3221 3426 3274 ostendat

1850 3299 1993 3365 quod
2031 3297 2186 3363 dixit,
2235 3306 2290 3352 et
2332 3300 2475 3368 quod
2513 3313 2545 3354 a
2570 3298 2928 3359 'naturalibus
2975 3308 3139 3363 rebus
3165 3309 3421 3382 deinceps

1851 3401 1954 3442 non
1991 3398 2238 3458 oporteat
2273 3391 2505 3445 resilire.
2558 3390 2693 3448 illud
2742 3404 2943 3463 autem,
2988 3416 3007 3449 ι
3060 3397 3117 3452 In
3157 3399 3355 3470 seipso,
3395 3419 3416 3453 ι

1849 3480 2138 3548 accipitur,
2175 3481 2258 3535 vel
2287 3495 2406 3551 pro,
2444 3499 2463 3534 ι
2507 3480 2733 3554 PrOpter
2770 3487 3005 3556 seipsum
3039 3506 3053 3544 :
3087 3508 3106 3541 ι
3145 3506 3249 3545 non
3273 3493 3418 3546 enim

1848 3570 2045 3639 aliquis
2073 3571 2210 3627 alius
2243 3572 2384 3628 istud
2430 3573 2581 3642 fecit,
2630 3578 2726 3630 sed
2767 3577 2880 3647 ipse
2913 3593 3006 3649 per
3051 3579 3311 3648 seipsum,
3364 3591 3421 3639 et

1844 3661 2087 3718 Judaeum
2122 3673 2175 3719 et
2195 3665 2446 3734 gentilem
2475 3666 2738 3733 conﬂans,
2773 3685 2941 3724 unum
2975 3671 3194 3741 protulit
3218 3688 3416 3729 novum

1843 3765 1898 3808 et
1931 3753 2096 3826 385
2119 3754 2521 3811 admirandum.
2559 3756 2655 3813 Vel
2684 3760 2827 3829 quod
2863 3760 2979 3830 ipse
3008 3761 3240 3831 primum
3263 3763 3420 3818 exhi-

1841 3843 2023 3898 buerit
2056 3844 2345 3900 formulam
2394 3846 2553 3901 nobis
2582 3858 2636 3902 et
2671 3848 2986 3918 exemplar,
3036 3850 3297 3923 visusque
3346 3853 3418 3909 sit

1841 3936 1930 3991 ille
1961 3937 2167 4006 primus
2217 3937 2295 4002 id,
2340 3939 2482 4008 quod
2516 3938 2636 3994 illos
2691 3939 2867 3998 fecit:
2915 3932 2970 3998 et
3025 3942 3150 4013 quia
3206 3944 3416 4003 medius

1839 4030 2088 4097 utrisque
2115 4027 2317 4095 factus,
2350 4029 2478 4085 hinc
2507 4028 2752 4087 Judaaum
2778 4048 3074 4106 occupans,
3112 4035 3260 4092 illinc
3284 4052 3413 4093 vero

1836 4116 2085 4175 Graecum
2112 4160 2127 4185 ,
2158 4119 2517 4178 commiscens
2554 4121 2696 4191 illos,
2724 4138 2789 4179 ac
2807 4139 2969 4181 omne
2997 4127 3140 4197 quod
3175 4127 3410 4183 alienum

1836 4221 1954 4265 erat
2009 4215 2403 4280 exterminans,
2453 4215 2716 4273 divinitus
2770 4231 2867 4287 per
2917 4218 3096 4289 ignem
3127 4228 3182 4275 et
3215 4236 3409 4291 aquam

1834 4303 2138 4359 reﬂnxerit.
2161 4304 2475 4361 inhumana
2507 4307 2671 4379 igitur
2696 4318 2884 4363 natura
2909 4325 3069 4379 quam
3094 4314 3408 4380 assumpsit,

1832 4410 1952 4466 quae
1981 4398 2284 4452 communis
2309 4407 2393 4453 est
2424 4413 2545 4452 cum
2597 4398 2787 4456 Graeco
2821 4410 2932 4454 tum
2984 4399 3190 4468 Judaeo,
3221 4410 3282 4456 et
3311 4417 3408 4471 pro

1838 4487 2114 4557 utriusque
2161 4487 2335 4544 salute
2386 4500 2695 4559 assumpta,
2747 4490 2799 4545 in
2857 4490 2980 4557 hac,
3036 4493 3279 4562 inquam,
3334 4493 3404 4549 ab

150 4544 377 4618 φθείσῃ,
412 4548 471 4598 ὲν
513 4545 690 4620 ταύτῃ
734 4549 917 4619 πάσης
968 4542 1173 4621 φθορᾶς
1226 4553 1320 4604 καὶ
1365 4554 1727 4626 παλαιότητος

2026 4542 2043 4557 .
2316 4542 2327 4544 ν
2434 4542 2467 4543 η
2572 4542 2625 4559 ετ
2682 4542 2695 4558 .
3037 4542 3279 4562 -πτ-η--τι
3336 4542 3400 4549 η

1855 4577 1983 4631 nnni
2009 4580 2359 4649 corruptione
2384 4590 2439 4635 et
2463 4590 2731 4637 vetustate
2753 4597 2817 4637 ex
2838 4583 3075 4653 peccatis
3098 4593 3400 4650 contracta,

144 4638 250 4709 τῆς
284 4636 350 4701 ἐξ
378 4636 666 4708 ἁμαρτιῶν
706 4639 1136 4715 ήλλοτριωμένῃ,
1168 4643 1350 4697 ἔκτισε
1375 4646 1501 4709 τοὺς
1526 4646 1618 4699 δύο
1647 4649 1727 4711 είς

145 4731 245 4784 ἕνα
278 4732 471 4784 καινὸν
500 4732 809 4803 ἄνθρωπον,
838 4734 931 4789 τοῦ
964 4738 1152 4807 γήρως
1182 4737 1290 4790 τῶν
1321 4739 1608 4809 ἁμαρτιῶν
1629 4741 1724 4793 καὶ

140 4823 246 4890 τῆς
272 4819 488 4885 ἀδικίας
517 4823 537 4854 ⁸
565 4824 1018 4895 ἀπηλλαγμένον·
1044 4826 1227 4879 οὐκέτι
1250 4829 1359 4899 γὰρ
1387 4833 1493 4891 τοῖς
1529 4831 1676 4893 ἰδίοις
1700 4835 1722 4867 ⁸

143 4909 412 4982 ῖδιώμασι
443 4914 540 4967 καὶ
582 4909 737 4980 οὗτος
772 4918 1025 4982 κάκεῖνος
1053 4920 1574 4993 χαρακτηρίζονται,
1604 4922 1721 4977 ἀλλ’

139 5003 267 5068 ἑνὸς
346 5004 639 5077 ἀνθρώπου
692 5008 786 5061 τοῦ
837 5010 981 5064 κατὰ
1038 5012 1275 5083 Χριστὸν
1337 5013 1719 5084 μορφωθέντος

140 5098 421 5166 ἰδιώματα
448 5100 791 5170 ἀμφοτέρους
818 5103 1336 5177 χαρακτηρίζουσιν.
1390 5108 1716 5181 Ἐγγύτερον

136 5188 196 5241 δὲ
239 5188 358 5260 am
409 5189 507 5243 τοῦ
557 5191 874 5263 λεγομένου,
925 5194 1020 5248 eam
1075 5197 1338 5269 ἐννοήσῃς
1387 5198 1479 5251 τὸν
1514 5199 1717 5270 Κύριον

134 5282 544 5351 ἀκρογωνιατον
565 5281 732 5348 λίθον,
756 5284 980 5350 τούτους
1004 5285 1061 5338 δὲ
1085 5286 1198 5353 δύο,
1221 5293 1435 5359 τοίχους
1460 5291 1517 5343 έν
1542 5290 1715 5361 τούτῳ

135 5372 527 5441 κτιζομένους.

1832 4669 2085 4737 alienata,
2134 4672 2378 4728 condidit
2420 4674 2554 4730 duos
2597 4675 2650 4729 in
2683 4691 2847 4730 unum
2889 4691 3086 4733 novum
3122 4678 3399 4733 hominem

1831 4775 1859 4814 a
1894 4761 2046 4815 senio
2094 4764 2299 4829 peccati
2355 4771 2517 4832 atque
2568 4764 2851 4832 iniustitiae
2912 4767 3222 4825 liberatum.
3282 4767 3398 4823 Non

1830 4853 2004 4907 adhuc
2035 4853 2180 4907 enim
2206 4854 2293 4908 hic
2323 4865 2378 4909 et
2408 4855 2496 4910 ille
2523 4857 2637 4912 suis
2666 4858 2930 4929 cujusque
2974 4861 3397 4930 proprietatibus

1825 4946 2223 5015 exprimuntur,
2244 4949 2338 5002 sed
2359 4947 2519 5002 unius
2542 4948 2773 5007 hominis
2798 4952 3092 5008 secundum
3119 4952 3392 5008 Christum

1826 5036 2044 5091 formati
2109 5038 2365 5093 idiomata
2444 5048 2744 5111 utrumque
2810 5042 3090 5100 denotant.
3163 5041 3394 5113 PrOpius

1822 5139 2001 5184 autem
2035 5131 2269 5203 attinges
2292 5132 2434 5202 quod
2474 5134 2695 5200 dicitur,
2756 5136 2803 5190 si
2846 5134 3175 5191 intellexeris
3211 5133 3389 5204 ipsum

1818 5218 2106 5276 Dominum
2137 5237 2261 5280 esse
2307 5224 2620 5294 angularem
2657 5241 2925 5280 summum
2982 5226 3239 5297 lapidem,
3288 5226 3389 5282 hos

1816 5322 1997 5368 autem
2034 5313 2191 5380 duos,
2220 5317 2455 5385 parietes
2481 5316 2533 5371 in
2569 5317 2684 5386 ipso
2713 5317 2981 5374 conditos.

213 5482 234 5514 ι
290 5464 466 5518 liotth
514 5467 775 5539 εἰρήνηνη
806 5485 826 5519 ι
874 5470 986 5524 Καὶ
1023 5470 1158 5541 πρὸς
1208 5472 1472 5545 ἀλλήλους
1508 5451 1608 5546 μὲν
1639 5478 1655 5547 (
1682 5480 1710 5532 ὁ

1889 5502 1910 5536 ι
1949 5484 2174 5542 Faciens
2222 5501 2427 5557 pacem.
2467 5505 2487 5541 ι
2522 5485 2588 5544 Et
2641 5487 2785 5543 inter
2836 5504 2896 5546 se
2934 5499 3123 5545 mutuo
3173 5507 3189 5546 :
3254 5504 3381 5547 nam

245 5574 278 5613 δ
316 5576 507 5653 Matth.
568 5595 622 5643 ν,
650 5578 737 5634 54.
858 5586 872 5623 ί
906 5583 1009 5638 lsa.
1036 5602 1145 5653 Liv,
1174 5586 1224 5641 9.

332 5647 343 5668 ⁸
870 5726 877 5731 ,
1133 5647 1143 5653 ⁷
1442 5663 1646 5725 Varia:
1687 5662 2020 5729 lectiones.

207 5749 260 5829 ξ’
294 5750 355 5850 τὲ
372 5765 427 5850 οἱ
501 5753 574 5850 ﬂ"
603 5753 682 5807 διδ
721 5770 773 5850 on.
801 5826 827 5850 ι
880 5758 927 5843 ’ξ
966 5758 1359 5850 ἀπηλλέιγμεθα
1402 5778 1455 5815 υ.
1562 5763 1575 5793 ¹
1628 5764 2011 5837 διαῗοεγόμενον
2056 5781 2108 5820 ο.
2216 5768 2236 5797 ¹
2285 5771 2629 5843 μεταποιήσῃ
2647 5784 2725 5850 ut.
2830 5771 2850 5803 ³
2891 5770 3016 5844 δόξῃ
3044 5786 3097 5828 o.
3191 5769 3381 5847 ’ἄλλῳ

128 5818 303 5873 τοῦτο
329 5822 588 5890 ἐπέταξεν
612 5841 663 5879 ο.
743 5827 764 5857 ⁵
796 5826 950 5880 ἀνοία
1010 5818 1079 5883 ‹›.’
1140 5834 1159 5859 ⁶
1194 5818 1427 5893 ’ἀεκείοις
1462 5850 1514 5889 0.
1573 5849 1577 5852 ’
