3932 6594
286 387 403 449 Ῑθδὸ

1024 383 1425 447 EXPOSITIO
1464 383 1548 444 IN
1587 380 1823 443 EPIST.
1864 378 1962 438 AD
2002 379 2266 440 EPHES.
2300 347 2374 413 i—
2418 380 2578 441 CAP.
2614 379 2729 439 III.

3344 377 3480 445 ιοιιῑ

279 517 383 570 μεν,
407 497 502 568 τὴν
529 498 586 551 ὲν
612 497 721 561 τοῖς
751 495 1000 569 οὐρανοῖς
1019 539 1034 565 ,
1069 499 1167 570 τὴν
1200 501 1493 569 μένουσαν,
1517 496 1582 566 ἣν
1617 497 1810 549 ἐκεῖνοι

1923 493 2105 545 urbem
2135 492 2431 561 conscripti
2455 506 2663 556 sumus,
2688 505 2808 561 quae
2835 489 2891 546 in
2918 488 3070 547 ccclis
3093 501 3198 558 est,
3225 507 3345 566 quat
3370 509 3486 564 per-

271 593 497 647 ἐπόθουν.

334 703 351 735 ι
394 685 495 736 Καὶ
536 683 722 739 οἰκεῖοι
752 682 909 755 Θεοῦ.
947 703 966 736 ι
1014 685 1195 754 Ὅπερ
1235 684 1435 737 ἐκεῖνοι
1467 683 1556 737 διὰ
1593 681 1808 737 πολλῶν

273 773 429 826 πόνων
460 772 613 842 μόγις
649 772 829 843 ἔσχον,
874 774 1040 844 ἡμεῖς
1072 775 1256 845 χάριτι
1300 772 1558 843 εὕρομεν,
1590 777 1807 828 οἰκειω-

271 863 433 927 θέντες
478 862 553 932 τῷ
597 862 734 934 Θεῷ.
785 865 916 918 Ἰδοὺ
950 867 983 935 ἡ
1039 866 1194 928 ἐλπὶς
1244 864 1347 934 τῆς
1400 865 1671 935 κλήσεως·
1719 866 1810 918 ἐπὶ

270 956 518 1022 τοιαύταις
554 956 659 1028 γὰρ
707 956 923 1010 ἐλπίσιν
958 957 1293 1027 ἐκλήθημεν,
1335 955 1423 1009 ἵνα
1454 956 1682 1011 τοιαῦτα
1718 958 1806 1011 λάο

271 1050 454 1102 ϐωμεν.

335 1067 939 1206 ἵν’ἒποικοδομηθὲντες
987 1140 1084 1192 ἐπὶ
1131 1138 1210 1209 τῷ
1254 1138 1490 1210 θεμελίῳ
1522 1137 1628 1191 τῶν
1672 1138 1809 1190 ἀπο-

271 1231 450 1284 στόλων
480 1230 571 1284 καὶ
602 1231 918 1300 προφητῶν.
951 1250 968 1282 ι
996 1231 1107 1301 Τὴν
1136 1234 1275 1300 ἄγαν
1301 1233 1493 1286 ἕνωσιν
1513 1230 1623 1284 τῶν
1643 1230 1812 1283 ἐθνῶν

268 1323 351 1391 τὴν
381 1322 507 1391 πρὸς
541 1322 669 1389 τοὺς
699 1325 985 1393 προφήτας
1018 1324 1111 1377 καὶ
1136 1325 1469 1387 ἀποστόλους
1501 1323 1742 1393 σημᾶναι
1766 1321 1810 1351 ⁸⁸

269 1414 439 1476 θέλων,
480 1432 499 1465 ι
555 1415 1127 1485 Ἐποικοδομηθέντες,
1157 1435 1177 1470 ι
1211 1417 1406 1489 φησίν·
1439 1416 1628 1486 ὥσπερ
1659 1415 1726 1470 ἂν
1763 1415 1813 1466 εἰ

270 1506 402 1573 ἔλεγε
426 1521 439 1534 ”
482 1505 740 1576 Θεμέλιος
782 1507 1101 1563 ὑπόκεινται
1137 1509 1188 1561 οἱ
1224 1509 1501 1579 προφῆται
1532 1507 1627 1560 καὶ
1674 1506 1813 1560 ἀπό-

270 1596 449 1659 στολοι,
497 1597 656 1666 ὑμεῖς
699 1598 756 1651 δὲ
795 1598 894 1669 τὴν
940 1599 1135 1671 λοιπὴν
1168 1599 1456 1669 οἰκοδομὴν
1486 1588 1814 1669 ἀναπληρώ-

270 1706 409 1750 σατε,
438 1688 572 1741 ὥστε
621 1690 877 1757 γενέσθαι
917 1692 1045 1754 τοὺς
1092 1691 1301 1756 πάντας
1331 1693 1429 1745 ἕνα
1468 1692 1595 1746 ναὸν
1637 1690 1812 1744 Θεοῦ·

263 1774 361 1833 οἷον
389 1779 448 1849 δή
479 1784 594 1834 ἐστι
642 1781 738 1847 τὸ,
768 1784 954 1837 ἐπάνω
983 1783 1342 1854 πατριαρχῶν
1382 1783 1477 1837 καὶ
1507 1781 1810 1853 προφητῶν

263 1876 644 1947 οἴκοδομεῖσθαι
664 1894 676 1907 ·
705 1877 733 1930 ὃ
761 1878 996 1950 ἀλλαχοῦ
1025 1879 1424 1951 ὲγκεντρισμὸν
1452 1876 1620 1946 λέγει.
1652 1877 1811 1949 Πρώ-

263 1983 373 2029 τους
399 1966 452 2020 δὲ
472 1968 598 2031 τοὺς
629 1970 962 2033 ἀποστόλους
990 1970 1254 2037 τέθεικεν,
1284 1972 1331 2025 εί
1366 1970 1462 2024 καὶ
1492 1970 1707 2040 ἔσχατοι
1731 1968 1809 2039 τῷ

263 2057 438 2126 χράνφο

327 2165 344 2197 ι
369 2149 551 2213 Ὀντος
564 2151 962 2221 ἀκρογωνιαίου
986 2153 1150 2208 αὑτοῦ
1171 2151 1268 2207 τοῦ
1284 2152 1523 2223 Χριστοῦ
1557 2152 1751 2223 Ἰησοῦ.
1782 2173 1805 2209 ι

272 2235 321 2288 '0
346 2236 404 2289 τὸ
435 2240 541 2291 πᾶν
574 2243 817 2312 συνέχων
861 2244 1008 2296 ἐστὶν
1045 2246 1073 2297 ὀ
1108 2244 1365 2314 Χριστός.
1413 2243 1474 2297 Ὀ
1503 2244 1612 2314 γὰρ
1642 2245 1812 2315 ἀκρο-

260 2330 489 2391 γωνιαῖος
512 2331 755 2393 καὶτοὺς
774 2332 984 2402 τοίχους
1011 2334 1225 2403 συνέχει
1246 2335 1486 2396 καὶτοὺς
1505 2334 1807 2404 θεμελίους.

261 2418 355 2470 Καὶ
381 2420 499 2489 δρα,
530 2424 664 2477 ποτὲ
692 2425 790 2495 μὲν
820 2425 983 2479 αὑτὸν
1013 2424 1219 2484 ἄνωθεν
1250 2426 1573 2495 συσφίγγειν
1591 2428 1652 2481 τδ
1693 2429 1806 2485 πᾶν

260 2510 407 2576 λέγει,
432 2512 558 2566 ἔνθα
585 2517 682 2568 καὶ
709 2515 951 2586 κεφαλὴν
977 2516 1139 2570 αὑτὸν
1171 2515 1462 2587 ὀνομάζειπ
1490 2520 1623 2574 ποτὲ
1657 2521 1715 2574 δὲ
1748 2520 1812 2574 τὸ

259 2600 502 2669 κάτωθεν,
537 2604 617 2667 ὡς
647 2607 740 2660 ἐπὶ
764 2606 858 2662 τοῦ
893 2609 1292 2680 ἀκρογωνιαίου
1316 2627 1327 2639 ·
1360 2611 1595 2682 ἀλλαχοῦ
1621 2612 1679 2667 δὲ
1717 2612 1813 2667 καὶ

255 2691 481 2762 θεμέλιον
511 2696 682 2750 αὐτόν
713 2716 898 2769 φησιν.

320 2804 339 2837 ι
376 2782 520 2856 Ἐνῷ
540 2790 696 2843 πᾶσα
719 2792 752 2861 ή
773 2793 1030 2863 οἰκοδομὴ
1063 2794 1636 2866 συναρμολογουμένη,
1657 2794 1811 2865 αὑξει

256 2878 326 2940 εἰς
361 2880 481 2934 ναὸν
523 2881 686 2948 ἅγιον
721 2887 779 2938 ἐν
824 2886 1037 2957 Κυρίῳ.
1079 2905 1098 2939 ι
1145 2888 1236 2941 Ἐν
1279 2888 1358 2957 τῷ
1391 2889 1808 2960 ἁκρογωνιαίῳ,

255 2974 399 3040 φησὶ,
428 2973 591 3046 λίθῳ,
630 2978 897 3041 τουτέστι,
930 2978 1008 3048 τῷ
1048 2977 1271 3050 Χριστῷ
1295 2980 1366 3047 ¹³,
1400 2982 1549 3033 πᾶσα
1582 2982 1616 3051 ἡ
1660 2982 1810 3034 οίκο-

255 3060 376 3132 δομὴ
393 3106 406 3124 ,
428 3066 704 3131 τουτέστι,
735 3069 934 3132 πάντες
958 3071 1005 3122 οἱ
1037 3072 1219 3123 πιστοὶ
1244 3070 1812 3143 συναρμολογούμενοι

258 3154 337 3203 καὶ
356 3154 633 3225 ὲνούμενοι
654 3158 917 3227 συμφυῶς
937 3162 1030 3213 καὶ
1050 3161 1453 3227 ἀδιασποὶστως,
1472 3159 1696 3227 αὔξουσι
1720 3162 1813 3217 καὶ
1840 3187 1884 3251 C

257 3242 683 3315 ἀναπληροῦνται
704 3289 719 3309 ,
764 3247 905 3302 ὥστε
936 3250 1191 3319 γενέσθαι
1221 3251 1347 3315 ναὸς
1377 3251 1536 3306 Θεοῦ.
1586 3269 1606 3304 ι
1637 3253 1809 3306 Ἐνοι-

256 3334 395 3403 κήσω
422 3356 438 3387 ι
462 3338 592 3408 γὰρ,
618 3340 801 3408 φησιν,
822 3359 843 3391 ι
869 3341 926 3393 ὲν
949 3343 1152 3407 αὑτοῖς,
1183 3343 1278 3395 καὶ
1298 3326 1757 3416 ὲμπεριπατήσωί
1788 3363 1807 3395 ι

260 3424 355 3477 Καὶ
393 3432 549 3499 κοινῇ
600 3429 709 3501 γὰρ
747 3433 781 3501 ἡ
828 3431 1161 3503 Ἐκκλησία,
1206 3434 1267 3487 τὸ
1312 3436 1608 3507 ἄθροισμα,
1643 3438 1809 3507 φημὶ,

256 3516 459 3572 πάντων
482 3524 600 3575 τῶν
619 3524 860 3600 μιιστῶν,
883 3525 1010 3589 ναὸς
1032 3526 1192 3593 Θεοῦ,
1221 3529 1316 3582 καὶ
1344 3529 1577 3592 ἕκαστος
1602 3530 1657 3583 δὲ
1683 3531 1810 3602 ἰδίᾳ.

254 3611 318 3664 Τὸ
344 3614 417 3679 δὲ,
454 3635 472 3667 ι
524 3617 621 3670 Ἐν
653 3617 864 3688 Κυρίῳ,
903 3637 922 3670 ι
948 3620 1072 3674 ἀντὶ
1102 3618 1219 3686 τοῦ,
1245 3622 1343 3674 Διὰ
1364 3623 1463 3693 τῆς
1484 3622 1578 3675 τοῦ
1606 3623 1811 3694 Κυρίου

253 3704 478 3775 χάριτος,
505 3710 565 3762 οὑ
596 3708 663 3762 δι’
691 3710 975 3781 ἡμετέρων
998 3711 1176 3766 πόνων
1199 3714 1266 3765 ¹¹⁸.
1291 3712 1391 3765 Διὰ
1416 3713 1472 3766 δὲ
1499 3713 1591 3766 τοῦ
1614 3716 1809 3779 εἰπεῖν,

254 3797 840 3872 Συναρμολογούμενοι,
870 3803 1146 3858 δείκνυσιν
1172 3803 1246 3868 ὡς
1273 3805 1316 3837 ⁸⁵
1335 3805 1435 3859 οὑκ
1460 3806 1608 3860 εστιν
1637 3809 1812 3873 ἄλλως

249 3892 556 3961 συντεθῆναι
595 3895 637 3924 ⁸⁸
661 3894 740 3957 εἰς
770 3897 896 3947 ναὸν
935 3896 1093 3963 Θεοῦ,
1124 3899 1173 3949 εἰ
1199 3897 1274 3969 μὴ
1307 3899 1402 3952 καὶ
1434 3900 1525 3952 τὸν
1560 3900 1673 3971 βίον
1694 3902 1813 3972 ἑχο-

250 3994 339 4044 μεν
364 3982 643 4053 οἱκείῳσιν
674 3976 867 4053 ἔχοντα
900 3986 1035 4053 πρὸς
1057 3987 1150 4041 τὸν
1182 3989 1599 4056 ἀκρογωνιαῖον.

317 4091 336 4122 ι
382 4074 470 4126 Ἐν
510 4070 554 4143 ᾧ
592 4076 686 4129 καὶ
733 4077 891 4146 ὑμεῖς
926 4079 1394 4147 συνοικοδομεῖσθε
1427 4081 1507 4142 είς
1551 4098 1811 4153 κατοικηο

249 4161 425 4239 τήριον
461 4165 556 4217 τοῦ
585 4163 722 4216 Θεοῦ
755 4167 813 4218 ὲν
846 4167 1144 4238 Πνεύματι.
1187 4188 1205 4220 ι
1249 4170 1356 4222 Καὶ
1395 4170 1592 4236 πάντες
1629 4173 1727 4244 μὲν
1760 4176 1809 4227 οἱ

248 4257 417 4308 πιστοὶ
443 4258 502 4309 ὲν
545 4255 728 4326 τούτῳ
763 4258 1302 4328 συνοικοδομοῦνται,
1344 4262 1439 4315 καὶ
1473 4263 1631 4334 ὑμεῖς
1672 4265 1729 4317 δὲ
1760 4267 1811 4318 οἱ

262 4346 508 4415 Ἐφέσιοι,
548 4346 693 4400 ὥστε
739 4343 879 4402 εἶναι
907 4352 1325 4423 κατοικητήριον
1361 4352 1496 4407 Θεοῦ
1543 4357 1601 4410 ὲν
1634 4357 1808 4410 11νεὺ-

246 4456 392 4504 ματι,
425 4441 679 4493 τουτέστι
703 4441 791 4493 διὰ
813 4440 913 4510 τῆς
943 4442 1036 4493 τοῦ
1063 4442 1373 4512 Πνεὺματος
1402 4446 1720 4516 συνεργείας
1740 4447 1804 4502 ⁸⁷.

1841 1830 1888 1889 Β

1902 592 2147 644 several,
2183 598 2342 652 quam
2377 583 2453 637 illi
2494 585 2658 640 etiam
2690 583 3092 641 desiderabant.

1986 690 2005 723 ι
2038 673 2117 727 Ac
2136 673 2416 727 domestici
2442 674 2554 728 Dei.
2586 692 2604 725 ι
2639 672 2792 740 Quod
2815 674 2888 727 illi
2920 690 3017 745 per
3038 676 3239 732 multos
3272 677 3483 733 labores

1911 764 1996 818 vix
2039 765 2413 830 obtinuerunt,
2463 780 2564 821 nos
2606 781 2701 834 per
2739 767 2970 833 gratiam
3001 767 3334 837 invenimus,
3374 768 3485 823 Deo

1910 856 2100 920 dediti,
2132 870 2196 910 ac
2229 857 2513 911 domestici
2542 856 2689 911 facti.
2721 859 2858 913 Ecce
2890 874 3015 928 spes
3045 862 3352 918 vocationis
3384 881 3400 918 :
3428 865 3481 917 iu

1914 946 2004 1000 tali
2046 947 2190 1000 enim
2239 961 2335 1015 spe
2368 950 2542 1002 vocati
2589 964 2807 1015 smnus,
2855 960 2915 1005 ut
2964 952 3089 1006 talia
3125 953 3292 1008 etiam
3344 955 3485 1009 reci-

1911 1056 2136 1109 ptumus.

1991 1132 2154 1189 Vnus.
2193 1134 2287 1191 20.
2343 1157 2361 1189 ι
2401 1136 2831 1208 εὑρετωόὶθοιιιί
2878 1154 3044 1209 super
3076 1140 3482 1197 fundamentum

1912 1229 2279 1295 apostolorum
2309 1240 2364 1286 et
2394 1234 2800 1301 prophetarum.
2842 1252 2859 1285 ι
2901 1233 3168 1287 Eximiam
3201 1238 3482 1290 coaduna-

1913 1319 2112 1374 tionem
2136 1320 2375 1388 gentium
2402 1323 2471 1375 ad
2502 1322 2795 1392 prophetas
2813 1333 2868 1377 et
2888 1324 3159 1391 apostolos
3177 1325 3485 1394 significare

1913 1411 2120 1477 volens,
2160 1431 2179 1464 ι
2221 1410 2667 1481 Superattliticati,
2711 1433 2729 1466 ι
2784 1416 2963 1485 inquit
3006 1435 3020 1471 :
3066 1418 3292 1485 perinde
3323 1432 3386 1473 ac
3432 1421 3485 1480 si,

1912 1502 2097 1558 dicere
2122 1502 2751 1565 vellet.Fundamentum
2784 1508 2944 1577 positi
2975 1519 3103 1565 sunt
3128 1511 3400 1575 propheta:
3431 1520 3486 1566 et

1914 1592 2166 1661 apostoli.
2201 1608 2297 1649 vos
2328 1595 2590 1665 reliquam
2623 1606 2952 1655 structuram
2984 1602 3377 1670 complevistis.
3418 1614 3479 1655 ut

1914 1695 2104 1735 omnes
2135 1682 2563 1749 voszeliiciamini
2594 1701 2760 1745 unum
2786 1690 3044 1758 templum
3066 1690 3160 1747 Dei
3189 1692 3484 1761 :ejusmodi

1915 1773 2124 1831 scilicet
2164 1783 2248 1829 est
2286 1774 2451 1840 illud,
2490 1791 2656 1846 super
2693 1781 2991 1851 prophetas
3038 1779 3092 1836 et
3146 1785 3487 1851 patriarchas

1915 1864 2197 1930 aediﬁcari,
2227 1867 2369 1935 quod
2393 1869 2519 1923 alibi
2546 1871 2855 1929 insitionem
2882 1874 3037 1927 dicit.
3068 1875 3275 1929 Primus
3302 1886 3483 1932 autent

1916 1957 2192 2025 apostolos
2223 1958 2424 2027 posuit,
2460 1961 2673 2017 etiamsi
2710 1963 2821 2019 sint
2854 1973 3089 2036 tempore
3123 1968 3406 2024 novissimi
3431 1978 3483 2024 η.

1991 2153 2011 2186 ι
2046 2133 2168 2204 ipso
2224 2151 2439 2193 summo
2485 2138 2731 2209 angulari
2786 2139 2960 2210 lapide
3009 2144 3305 2201 exsistcnte
3353 2146 3485 2202 Jesn

1912 2222 2154 2281 Christo.
2210 2243 2230 2277 ι
2271 2226 2373 2293 Qui
2422 2229 2603 2281 omnia
2635 2230 2899 2297 continet,
2931 2243 3011 2285 est
3046 2232 3321 2297 Christus.
3369 2237 3488 2302 Ipse

1913 2316 2056 2369 enim
2090 2333 2337 2371 summus
2371 2320 2651 2388 angularis
2702 2321 2839 2390 lapis
2874 2333 2927 2376 et
2978 2325 3212 2393 parietes
3241 2330 3487 2385 eontinet

1913 2417 1966 2461 et
1993 2409 2361 2464 fundamenta.
2396 2411 2781 2469 Animadverte
2812 2413 2900 2468 ltic
2927 2418 3068 2482 quod
3101 2432 3485 2490 nonnunquam

1914 2501 2087 2571 ipsum
2107 2517 2341 2571 superne
2362 2506 2580 2574 cingere
2599 2506 2907 2562 universum
2934 2510 3115 2573 dicat,
3141 2511 3228 2575 ubi
3253 2522 3305 2566 et
3327 2526 3492 2581 caput

1912 2594 2090 2662 ipsum
2112 2608 2262 2652 vocet
2286 2615 2302 2650 :
2325 2612 2706 2669 nonnunquam
2723 2611 2900 2655 autem
2919 2611 2974 2658 et
2994 2602 3155 2666 infra,
3179 2606 3304 2662 utin
3329 2622 3491 2673 angu-

1913 2686 2012 2743 lari
2031 2688 2203 2757 lapide
2227 2708 2240 2743 :
2263 2690 2387 2745 alibi
2408 2700 2588 2745 autem
2605 2699 2659 2745 et
2678 2690 3086 2749 fundamentum
3113 2694 3285 2763 ipsum
3308 2709 3484 2755 vocat.

1985 2778 2153 2835 Vens.
2185 2779 2277 2834 21.
2318 2800 2337 2831 ι
2382 2784 2439 2837 in
2471 2798 2578 2852 quo
2611 2786 2786 2841 omnis
2809 2786 3103 2843 aediﬁcatio
3138 2800 3447 2851 constructa
3468 2832 3485 2854 ,

1913 2874 2113 2927 crescit
2144 2873 2196 2927 in
2225 2874 2484 2944 templum
2512 2885 2758 2931 sanctum
2791 2878 2840 2933 i'n
2868 2879 3114 2941 Domino.
3144 2900 3164 2932 ι
3199 2879 3254 2935 lu
3278 2897 3489 2949 summa

1913 2958 2160 3032 angulari
2213 2964 2388 3031 lapide
2426 2966 2551 3030 isto,
2583 2967 2799 3022 Christo
2832 2968 3122 3031 nimirum.
3156 2974 3333 3045 omnis
3360 2976 3490 3029 a-di-

1914 3055 2127 3120 licatio,
2176 3055 2231 3110 id
2282 3064 2398 3122 est,
2434 3072 2626 3112 omnes
2659 3058 2845 3114 fideles
2883 3063 3179 3118 constructi
3225 3075 3280 3119 et
3319 3066 3488 3131 uniti,

1918 3149 2202 3219 congenite
2222 3157 2272 3204 et
2300 3148 2737 3218 inseparabiliter
2761 3164 3019 3208 crescunt
3047 3166 3099 3209 et
3120 3157 3487 3227 complentur,

1919 3239 2084 3313 386
2126 3249 2184 3306 ut
2219 3240 2351 3295 ﬁant
2374 3240 2630 3309 templum
2667 3242 2779 3295 Dei.
2808 3260 2827 3292 ι
2869 3242 3133 3300 11;ι1)ίι;ι1›ο
3156 3250 3332 3317 enim,
3363 3268 3385 3303 ι
3415 3250 3489 3303 in-

1917 3335 2063 3401 quit,
2098 3351 2117 3385 ι
2153 3334 2205 3389 in
2235 3334 2365 3404 ipsis
2397 3343 2451 3390 et
2488 3336 2891 3390 inambulabo".
2937 3356 2956 3389 ι
2996 3337 3128 3392 Nam
3157 3351 3213 3394 et
3245 3356 3489 3396 commu-

1918 3426 2057 3481 niter
2087 3425 2347 3493 Ecclesia.
2394 3430 2495 3485 hoc
2539 3440 2644 3496 est,
2688 3433 2931 3488 collectio
2955 3436 3196 3489 omnium
3224 3436 3482 3501 ﬁdelium,

1917 3519 2113 3574 dicitur
2144 3523 2400 3593 templum
2434 3523 2551 3588 Dei,
2582 3535 2635 3579 et
2666 3527 3032 3597 unusquisque
3064 3528 3337 3599 privatim,
3371 3548 3396 3589 ι
3428 3530 3487 3592 In

1919 3607 2145 3665 Domino
2176 3632 2195 3666 ι
2223 3623 2403 3669 autem
2427 3615 2581 3679 dixit,
2603 3630 2720 3685 pro,
2743 3616 2846 3673 Per
2864 3619 3093 3688 gratiam
3115 3624 3346 3691 Domini,
3380 3642 3484 3679 non

1916 3714 2011 3768 per
2036 3704 2649 3759 nostroslabores.Cum
2673 3719 2851 3765 autem
2877 3712 3025 3775 dicit,
3062 3730 3079 3762 ι
3109 3716 3427 3782 cettstrncti,
3460 3736 3479 3767 ι

1915 3791 2152 3844 ostendit
2180 3795 2319 3861 quod
2353 3794 2407 3848 in
2438 3796 2695 3867 templum
2730 3798 2822 3852 Dei
2854 3815 2956 3853 non
2989 3800 3144 3857 aliter
3176 3803 3487 3861 coalescere

1915 3884 2211 3951 possimus,
2260 3887 2363 3941 nisi
2409 3898 2462 3942 et
2496 3889 2659 3943 vitam
2712 3893 2956 3950 vivamus
3006 3910 3126 3964 qua:
3167 3898 3485 3969 respondeat

1915 3976 2015 4046 ipsi
2046 3992 2259 4032 summo
2289 3981 2536 4047 angulari
2571 3983 2759 4054 lapidi.

1988 4067 2151 4124 Vens.
2181 4071 2269 4125 22.
2311 4091 2329 4122 ι
2369 4072 2421 4126 lu
2453 4088 2559 4153 quo
2592 4086 2648 4131 et
2681 4091 2776 4130 vos
2806 4080 3218 4137 comdiﬁcamini
3253 4082 3302 4136 in
3335 4083 3486 4138 habi-

1914 4162 2148 4231 taculum
2183 4165 2274 4218 Dei
2327 4167 2380 4219 in
2437 4168 2666 4235 Spiritu.
2707 4186 2725 4220 ι
2772 4170 3015 4225 Universi
3046 4174 3259 4240 quidem
3299 4174 3485 4229 ﬁdeles

1917 4261 1969 4313 in
2020 4261 2123 4314 hoc
2154 4259 2580 4323 coredilicantnr,
2632 4276 2695 4316 ac
2734 4276 2830 4316 vos
2866 4277 3081 4334 quoque
3132 4264 3371 4333 Ephesii.
3427 4275 3484 4320 ut

1912 4353 2032 4408 sitis
2081 4352 2447 4406 habitaculum
2484 4353 2572 4406 Dei
2620 4355 2670 4406 in
2705 4352 2934 4423 Spiritu,
2967 4355 3065 4406 hoc
3092 4364 3193 4417 est,
3234 4371 3328 4426 per
3355 4355 3482 4424 Spi-

1916 4444 2050 4498 ritus
2079 4443 2337 4499 auxilinm
2364 4458 2378 4497 :
2409 4444 2487 4497 vel
2515 4453 2571 4497 ut
2595 4445 2831 4499 sensibili
2856 4456 3143 4500 structum
3166 4461 3479 4525 opponeret,

247 4527 307 4580 "ii
336 4531 471 4600 πρὸς
499 4530 916 4601 ἀντιδιαστολὴν
945 4531 1045 4600 τῆς
1072 4532 1335 4602 αίσθητῆς
1365 4535 1656 4606 οἰκοδομῆς
1685 4531 1807 4590 εἶπε

1923 4535 2072 4597 dixit,
2112 4554 2130 4586 ι
2170 4535 2479 4602 lnSpit'itu.
2514 4554 2533 4585 ι
2571 4534 2802 4590 Perinde
2832 4552 2893 4590 ac
2923 4537 2969 4591 si
3004 4538 3167 4604 dicat,
3203 4539 3293 4594 Dei
3327 4541 3481 4595 habi-

242 4620 313 4681 τὸ,
347 4640 365 4674 ι
415 4623 503 4675 Ἑν
533 4621 814 4693 Πνεύματι
833 4638 849 4653 ο
889 4641 907 4673 ι
941 4622 1140 4675 ὡσανεὶ
1169 4623 1342 4691 ἔλεγε·
1369 4627 1806 4697 Κατοικητήριον

240 4710 326 4761 τοῦ
361 4711 497 4764 Θεοῦ
522 4713 567 4743 ⁸⁸
599 4713 989 4783 πνευματικόν.
1028 4714 1172 4783 Ἀρα
1209 4709 1302 4766 οὖν
1349 4715 1511 4785 μέχρι
1552 4714 1652 4785 τῆς
1683 4715 1808 4767 δευ-

240 4802 393 4871 τέρας
425 4804 732 4872 παρουσίας
766 4805 799 4873 ή
833 4805 1277 4876 συνοικοδόμησις
1313 4805 1451 4876 αὓτη
1479 4806 1691 4873 γίνεται
1714 4806 1803 4860 διὰ

239 4891 341 4945 τών
370 4895 635 4948 ἑκάστοτε
667 4895 1053 4951 πιστευόντων.

836 5026 1087 5083 ΚΕΦΔΛ.
1125 5028 1200 5084 I".

309 5146 329 5179 ι
366 5130 580 5187 Τούτου
637 5134 801 5204 χάριν
840 5135 952 5203 ἐγὼ
1001 5137 1210 5201 Παῦλος
1261 5139 1289 5191 ὁ
1339 5141 1560 5212 δέσμιος
1623 5145 1799 5214 Ἰησοῦ

235 5220 465 5291 Χριστοῦ
492 5224 638 5295 ὑπὲρ
659 5227 814 5297 ὑμῶν
834 5228 943 5281 τῶν
969 5228 1156 5283 ἐθνῶν.
1192 5216 1211 5283 ὲ
1241 5231 1425 5287 Εἰπὼν
1449 5234 1541 5287 τοῦ
1563 5237 1802 5306 Χριστοῦ

232 5317 330 5381 τὴν
381 5316 515 5377 περὶ
564 5318 714 5387 ἡμᾶς
745 5317 1099 5391 κηδεμονίαν,
1132 5322 1383 5392 ἐμϐαίνει
1407 5326 1451 5359 ³⁸
1484 5327 1672 5383 λοιπὸν
1709 5333 1806 5385 καὶ

334 5450 551 5505 1ιιὶοιιι.
595 5468 669 5520 xi,
698 5453 787 5510 19.
932 5467 953 5487 ⁰
980 5456 1153 5513 Levit.
1197 5475 1344 5525 xxvi,
1377 5461 1464 5515 ll.

1914 4625 2148 4678 tacnlum
2201 4626 2501 4692 spirituale.
2554 4624 2789 4679 Proinde
2839 4630 2905 4682 ad
2959 4630 3256 4686 secundum
3312 4649 3480 4704 usque

1911 4718 2198 4769 adventum
2224 4717 2338 4769 hmo
2359 4717 2709 4771 comditicatio
2732 4717 2789 4773 ﬁt
2813 4734 2909 4788 per
2933 4721 3155 4779 ubilibet
3176 4722 3477 4780 credentes.

2422 5028 2654 5085 CAPUT
2696 5030 2783 5085 Ill.

1982 5140 2144 5197 Vsus.
2184 5141 2235 5196 l.
2282 5156 2302 5193 ι
2348 5141 2522 5211 llujus
2560 5142 2635 5197 rei
2684 5142 2855 5211 gratia
2885 5156 2984 5204 ego
3018 5140 3212 5196 Paulus
3267 5142 3476 5198 vinctus

1908 5236 2107 5292 Christi
2140 5234 2265 5290 Jcsu
2313 5250 2410 5305 pro
2448 5234 2604 5289 vobis
2635 5235 2905 5305 gentibus.
2962 5253 2982 5284 ι
3033 5233 3167 5287 Cum
3215 5235 3474 5289 hactenus

1909 5329 2108 5385 Christi
2132 5343 2256 5399 erga
2281 5342 2380 5383 nos
2404 5341 2589 5382 curam
2617 5328 2924 5392 indicasset,
2949 5326 3205 5396 deinceps
3229 5328 3293 5382 ad
3320 5344 3470 5383 suam

1551 5555 1750 5617 Variaa
1788 5555 2117 5621 lectiones.

304 5718 344 5748 "
378 5713 610 5777 ἐνδεῖξαι
637 5731 709 5769 tn.
796 5716 841 5748 “
873 5715 1015 5770 τοὺτι

232 5787 384 5853 γείας
415 5802 471 5840 0.
554 5786 594 5816 "
634 5786 873 5857 Χριστοῦ
936 5806 987 5840 υ.
1019 5786 1027 5789 ⁷
1068 5791 1108 5821 ¹⁹
1137 5786 1471 5845 €x61iva:d.-

476 5878 743 5941 PA'mOL.
784 5885 899 5944 Gtt.
934 5885 1214 5946 CXXIV.

1017 5718 1179 5799 ρ.ητῷ
1210 5720 1469 5799 ΔΧριστῷ,
1523 5725 1666 5796 φημὶ
1718 5742 1768 5781 ο.
1848 5726 1894 5759 ¹⁵
1927 5726 2145 5795 πόνημα
2161 5741 2213 5780 o.
2294 5725 2336 5757 "
2366 5724 2444 5778 ὅτι
2479 5741 2529 5780 υ.
2611 5724 2655 5757 ¹⁶
2678 5722 3095 5797 συντελεσθῆναι
3129 5740 3182 5782 0.
3214 5747 3219 5751 ’
3261 5727 3302 5759 ⁸⁷
3331 5727 3474 5799 ἐνερ-

3067 5886 3138 5947 3-4
