3932 6580
442 374 589 443 1067

1339 366 1917 433 TllEUPHYLACTl
1974 365 2387 429 BULGARLE
2424 366 2778 431 ARCHIEP.

3556 364 3677 434 1038

436 508 661 568 quoque
697 493 911 546 transit.
953 489 1090 556 Quia
1114 530 1130 557 ,
1162 488 1366 559 inquit,
1418 485 1679 542 Dominus
1709 498 1861 538 meus
1898 481 2025 536 talia

2137 482 2225 536 ἐπὶ
2251 481 2352 552 τὴν
2380 481 2598 535 ἑαυτοῦ.
2633 481 2744 534 Καὶ
2770 477 2984 549 ἐπειδὴ,
3016 477 3207 548 φησιν,
3237 478 3264 531 ό
3289 479 3555 548 Δεσπότης
3592 500 3680 551 μου

444 603 574 653 erga
603 601 700 642 nos
721 584 984 649 exhibuit,
1009 596 1231 638 necesse
1255 589 1340 637 est
1362 589 1419 633 ιιι
1444 593 1544 650 ego
1559 592 1683 647 qua:
1701 592 1797 647 pro
1823 576 2024 633 viribus

438 688 654 751 potero,
706 677 955 732 ali‘errem
1004 693 1016 728 :
1069 677 1283 730 vinctus
1337 672 1500 740 igitur
1548 687 1667 726 smn
1715 684 1814 739 pro
1847 669 2022 723 vobis.

443 772 581 828 Nam
616 772 738 825 licet
768 770 856 824 ille
872 767 1177 824 ‘crucillxus
1204 765 1297 831 sit,
1322 779 1423 835 ego
1452 773 1631 818 tamen
1663 760 1881 816 vinctus
1905 774 2023 815 sum

445 878 543 934 pro
592 862 765 921 vobis.
799 860 995 916 Diceus
1023 871 1240 926 autem,
1280 876 1298 910 ι
1352 855 1460 911 Pro
1500 856 1656 911 vobis
1693 853 1968 925 gentibus,
1999 868 2018 903 ι

446 957 548 1011 hoc
578 954 859 1019 indicavit,
888 954 1030 1023 quod
1054 951 1170 1007 Non
1199 954 1373 1007 solum
1398 965 1496 1007 vos
1525 963 1629 1004 non
1647 960 2022 1010 exsecramur,

440 1062 628 1102 verum
648 1047 810 1100 etiam
833 1046 1104 1100 vincimur
1128 1054 1350 1116 prepter
1369 1058 1485 1109 vos,
1508 1051 1563 1096 et
1588 1037 1791 1094 Clll‘iSli
1817 1036 2025 1091 vinctos

442 1156 541 1197 nos
573 1142 719 1211 ipsos
750 1140 1118 1204 nominamus,
1143 1136 1334 1206 gloriae
1360 1136 1411 1190 id
1444 1133 1599 1189 nobis
1635 1131 1913 1185 ducentes.

511 1231 677 1288 Vsus.
712 1233 775 1286 2.
816 1250 838 1285 ι
894 1229 1172 1300 Siquidem
1216 1226 1506 1283 audivistis
1561 1221 2023 1293 dispensationem

441 1327 632 1395 gratiae
659 1341 780 1395 quae
817 1324 943 1380 data
992 1332 1076 1378 est
1127 1320 1257 1377 mihi
1303 1333 1433 1389 erga
1465 1332 1581 1371 vos.
1622 1335 1645 1367 ι
1697 1313 2023 1369 Vaticinium

443 1418 536 1474 Dei
569 1418 637 1473 ad
668 1417 938 1472 Ananiam
974 1415 1147 1470 innuit.
1179 1430 1193 1468 :
1229 1429 1249 1465 ι
1292 1409 1401 1467 Vas
1436 1406 1724 1463 electionis
1756 1405 1886 1460 mihi
1933 1403 2025 1458 ille

443 1520 550 1576 est,
597 1519 658 1566 ut
702 1516 883 1580 portet
926 1520 1127 1562 nomen
1170 1517 1351 1560 meum
1395 1514 1581 1557 coram
1624 1497 1876 1569 gentibus
1901 1505 1953 1548 ι’.
1996 1514 2016 1546 ι

440 1602 849 1660 ltevelationem
882 1613 1101 1671 quoque
1138 1595 1407 1668 mysterii,
1451 1608 1517 1649 eo
1548 1591 1691 1662 quod
1736 1590 1804 1645 ab
1848 1589 2024 1644 homi-

441 1696 604 1751 nibus
656 1693 784 1749 illud
839 1707 945 1748 non
987 1690 1276 1752 didicerit,
1324 1686 1514 1758 gratia:
1555 1684 2020 1753 dispensationem

438 1796 618 1844 vorat.
650 1786 742 1841 Sic
773 1785 951 1850 enim,
988 1782 1183 1853 inquit»,
1223 1776 1559 1849 dispensavit
1599 1774 1773 1846 gratia
1812 1772 1927 1838 Dei,
1965 1779 2023 1843 ut

2128 573 2359 630 τοιαῦτα
2391 575 2712 641 ἐπεδείξατο
2742 574 2823 639 εἰς
2854 574 3024 645 ἡμᾶς,
3058 573 3274 643 ἀνάγκη
3304 574 3448 643 κάμέ
3468 574 3534 627 τὰ
3559 578 3682 630 κατά

2124 668 2358 739 δύναμιν
2393 668 2756 736 εἰσενεγκεῖν.
2796 664 3034 737 Δέσμιος
3070 662 3166 718 οῦν
3199 665 3316 734 εἰμι
3360 664 3500 734 ὑπὲρ
3528 665 3681 736 ὑμῶν.

2129 762 2192 814 ΕΞ
2226 762 2336 832 γὰρ
2366 762 2578 825 ἐκεῖνος
2608 757 2957 830 ἐσταυρώθη,
3001 756 3115 826 ἐγὼ
3138 756 3271 827 γοῦν
3307 758 3525 829 δέδεμαι
3561 760 3681 830 ὑπὲρ

2114 853 2303 924 ὑμῶν.
2350 852 2536 907 Εἰπὼν
2572 853 2651 919 δὲ,
2693 872 2713 906 ι
2761 853 2883 905 Τῶν
2914 848 3107 916 ἐθνῶν,
3172 870 3190 904 ο
3223 850 3384 905 τοῦτο
3426 851 3681 921 ἐνέφηνεν,

2124 948 2301 1002 ὅτιού
2320 949 2481 1018 μόνον
2506 947 2651 1018 ὑμᾶς
2675 946 2737 1000 οὐ
2762 943 3180 1017 βδελυττόμεθα,
3208 942 3346 998 ἀλλά
3371 944 3464 996 καὶ
3481 945 3684 1016 δεσμού-

2130 1038 2272 1109 μεθα
2306 1038 2373 1091 δι’
2407 1036 2575 1109 ὑμᾶς,
2613 1037 2707 1091 καὶ
2752 1034 2994 1107 Χριστοῦ
3026 1034 3287 1105 δεσμίους
3318 1034 3543 1097 ἑαυτοὺς
3579 1037 3680 1088 ὀνο-

2131 1132 2382 1202 μάζομεν
2424 1129 2845 1201 σεμνυνόμενοι.

2204 1241 2222 1274 ι
2252 1223 2319 1277 El'
2344 1240 2406 1291 γε
2436 1222 2713 1293 ἠκούσατε
2756 1222 2857 1293 τὴν
2887 1220 3208 1292 οἰκονομίαν
3233 1219 3334 1291 τῆς
3365 1218 3580 1291 χάριτος
3600 1220 3683 1288 τῆς

2124 1316 2376 1386 δοθείσης
2410 1333 2500 1387 μοι
2525 1317 2607 1380 εἰς
2636 1316 2806 1387 ὑμᾶς.
2858 1334 2879 1368 ι
2921 1314 3037 1385 Τὴν
3078 1314 3392 1387 πρόρρησιν
3421 1312 3683 1369 αἰνίττεται

2123 1408 2220 1463 τοῦ
2244 1406 2382 1462 Θεοῦ
2403 1409 2503 1477 τὴν
2528 1408 2661 1479 πρὸς
2678 1408 2773 1462 τὸν
2802 1405 3077 1472 Ἀνανίαν,
3101 1408 3185 1461 ὅτι
3206 1423 3226 1458 ι
3256 1403 3461 1469 Σκεῦος
3483 1405 3684 1476 ἐκλογῆς

2129 1501 2219 1572 μοί
2246 1502 2383 1563 ἐστι,
2406 1499 2502 1553 τοῦ
2527 1498 2800 1571 βαστάσαι
2818 1498 2880 1552 τὸ
2896 1498 3070 1569 δνομά
3096 1515 3201 1569 μου
3218 1496 3451 1550 ἐνώπιον
3471 1495 3639 1551 ἐθνῶν.
3662 1516 3679 1549 ι

2124 1595 2238 1648 Καὶ
2266 1594 2365 1666 τὴν
2391 1591 2744 1663 ἀποκάλυψιν
2774 1591 2833 1644 δέ
2866 1590 2961 1645 τοῦ
2997 1590 3329 1662 μυστηρίου,
3358 1590 3442 1643 ὅτι
3472 1588 3531 1642 οὐ
3557 1591 3683 1661 παρὰ

2124 1686 2432 1760 ἀνθρώπων
2468 1685 2674 1756 ἔμαθεν
2703 1686 2861 1750 αὐτὸ,
2910 1683 3235 1755 οἰκονομίαν
3265 1685 3495 1756 χάριτος
3539 1682 3683 1752 λέγει.

2125 1781 2284 1835 Οῦτω
2330 1780 2440 1849 γὰρ
2485 1779 2901 1851 ᾡκονὸμησενὴ
2952 1777 3137 1849 χάρις,
3184 1777 3360 1846 φησί,
3413 1775 3507 1828 τοῦ
3533 1774 3680 1841 Θεοῦ,

439 1882 658 1939 ccelitus
693 1893 926 1934 vocarer
973 1891 1107 1947 ego,
1146 1883 1313 1946 utque
1340 1878 1643 1928 exczecaret
1692 1868 1893 1921 lumine
1926 1878 2025 1919 suo

2137 1845 2354 1928 ἄνωθέν.
2373 1845 2443 1944 μέ
2488 1845 2783 1943 κληθῆναι,
2822 1845 2921 1925 καὶ
2954 1845 3296 1941 -τιηρωθῆναι
3328 1868 3412 1940 τῷ
3439 1868 3571 1939 φωτί
3600 1869 3683 1939 ἐμὲ

439 1986 529 2027 me
560 1969 983 2031 inobedientem,
1008 1974 1075 2020 ut
1106 1965 1187 2021 sic
1235 1962 1452 2018 tandem
1482 1959 1783 2015 obedirern.
1821 1973 1841 2009 ι
1884 1956 2023 2026 Erga

441 2076 540 2117 vos
583 2079 602 2112 ι
643 2067 849 2124 autem,
900 2055 1113 2126 inquit.
1166 2052 1293 2109 data
1329 2059 1417 2106 est
1470 2047 1603 2105 mihi
1653 2047 1852 2119 gratia.
1907 2043 2029 2117 Ipse

440 2167 679 2222 namque
708 2149 845 2205 dixit
875 2147 1033 2214 tnihi,
1086 2164 1110 2198 ι
1144 2144 1227 2200 Ad
1260 2150 1449 2214 gentes
1478 2138 1806 2210 longinquas
1840 2150 2029 2191 eman-

443 2250 583 2305 dabo
612 2258 662 2303 te
678 2256 728 2298 ει.
765 2263 784 2298 ι
832 2242 1070 2298 Proinde
1103 2240 1293 2311 gratia:
1320 2238 1424 2293 hoc
1459 2242 1631 2290 totout
1664 2240 1770 2297 est,
1804 2240 1860 2287 et
1890 2227 2027 2285 nihil

440 2353 541 2413 ego
565 2354 807 2395 mearum
838 2337 1036 2390 virium
1073 2333 1251 2389 attuli.

513 2430 680 2488 Vens.
712 2432 766 2487 5.
812 2448 832 2483 ι
867 2426 1133 2497 Quoniam
1169 2425 1465 2481 secundum
1508 2418 1892 2478 revelationem
1927 2432 2028 2473 no-

442 2537 554 2582 tum
589 2525 717 2580 fecit
750 2522 884 2577 mihi
918 2518 1264 2592 mysterium.
1311 2535 1335 2570 ι
1372 2515 1531 2580 Ecce,
1564 2513 1755 2585 gratia:
1778 2525 1915 2581 opus
1944 2514 2029 2562 est

442 2618 688 2693 mysterii
751 2615 1032 2671 revelatio.
1093 2610 1406 2682 Mysterinm
1463 2619 1547 2664 est
1594 2607 1739 2663 enim
1793 2618 2021 2667 revera,

439 2721 632 2785 gentes
665 2709 731 2763 ad
763 2706 1022 2776 majorem
1044 2744 1059 2769 ,
1089 2718 1250 2775 quam
1285 2699 1596 2759 Judaeorum
1631 2699 1723 2762 sit,
1761 2696 2025 2750 honorem

441 2822 472 2859 a
503 2816 719 2859 summa
755 2799 968 2853 vilitate
1002 2792 1286 2851 reducere.

519 2914 542 2951 ι
577 2895 733 2951 Sicut
763 2906 928 2963 supra
958 2889 1154 2960 scripsi
1183 2890 1237 2943 in
1269 2886 1443 2942 brevi.
1479 2905 1497 2939 ι
1534 2885 1612 2941 De
1641 2884 1839 2956 quibus
1861 2881 2026 2954 387

441 3006 605 3062 supra
634 2990 847 3044 locutus
868 2992 981 3053 est;
1006 2983 1141 3039 dicit
1162 2981 1304 3053 quod
1332 2992 1538 3035 vocata:
1563 2979 1671 3035 sint
1698 2986 1886 3050 gentes
1905 2991 2027 3046 qua:

385 3126 392 3133 .
445 3087 604 3152 longe
628 3088 815 3147 erant;
847 3078 1100 3149 quodque
1126 3074 1379 3131 aediﬁcati
1427 3073 1538 3128 sint
1584 3086 1749 3143 supra
1787 3069 2024 3141 patriar-

2129 1969 2224 2022 τὸν
2273 1966 2497 2037 ἀπειθῆ,
2542 1967 2632 2020 ἴνα
2681 1963 2827 2021 οὕτω
2855 1962 2989 2033 γοῦν
3036 1962 3266 2017 πεισθῶ.
3318 1962 3419 2027 Εἰς
3462 1963 3595 2032 ὑμᾶς
3622 1957 3685 2027 δὲ,

2132 2062 2322 2131 φησιν,
2357 2055 2515 2130 ἐδόθη
2547 2077 2638 2130 μοι
2672 2060 2706 2130 η
2735 2058 2915 2132 χάρις.
2947 2057 3121 2121 Αὐτὸς
3153 2056 3265 2129 γάρ
3300 2074 3399 2127 μοι
3432 2052 3593 2120 εἷπεν,
3619 2055 3687 2108 ὅτι

2137 2175 2156 2207 ι
2192 2155 2287 2211 Εἰς
2338 2152 2468 2222 ἔθνη
2503 2152 2724 2223 μακρὰν
2753 2151 2866 2221 ἐγὼ
2896 2149 3183 2205 ἀποστελῶ
3223 2166 3306 2203 σε.
3368 2166 3390 2202 ι
3429 2147 3582 2203 Ὥστε
3604 2148 3685 2217 τῆς

2134 2247 2358 2318 χάριτος
2393 2246 2456 2299 τὸ
2488 2245 2620 2309 πᾶν,
2652 2245 2748 2298 καί
2785 2242 2939 2298 οὐδὲν
2968 2242 3134 2307 αὐτὸς
3160 2242 3489 2313 εἰσήνεγκα.

2210 2448 2228 2482 ι
2265 2429 2391 2482 Ὅτι
2422 2425 2568 2480 κατὰ
2593 2422 2943 2494 ἀποκάλυψιν
2989 2420 3260 2491 ἐγνώρισε
3291 2438 3388 2492 μοι
3421 2418 3480 2472 τὸ
3507 2416 3685 2489 μυστή·

2134 2540 2272 2591 ριον.
2311 2541 2329 2574 ι
2374 2519 2507 2575 Ἰδοὺ
2537 2520 2638 2591 τῆς
2667 2519 2895 2590 χάριτος
2923 2518 2985 2571 τί,
3010 2516 3193 2586 ἔργον,
3220 2516 3253 2584 ἡ
3284 2513 3386 2567 τοῦ
3414 2512 3687 2585 μυστηρίου

2130 2612 2495 2684 ἀποκάλυψις.
2532 2612 2855 2682 Μυστήριον
2885 2608 2994 2679 γάρ
3021 2607 3099 2671 ὼς
3129 2604 3373 2677 άληθῶς,
3397 2604 3465 2655 τὸ
3490 2601 3555 2655 τά
3582 2600 3688 2671 ἐθνη

2130 2711 2210 2773 εἰς
2242 2707 2468 2780 μείζονα
2498 2703 2608 2759 τῶν
2651 2703 2924 2758 Ἰουδαίων
2949 2701 3118 2773 τιμὴν
3149 2700 3460 2767 ἀναγαγεῖν
3486 2696 3585 2751 ἀπὸ
3608 2694 3689 2765 τῆς

2130 2804 2307 2875 ἄκρας
2342 2800 2642 2862 εὐτελείας.

2206 2874 2226 2946 ι
2264 2891 2465 2957 Καθὼς
2501 2889 2829 2963 προέγραψα
2875 2891 2935 2942 ἐν
2975 2885 3160 2957 ὀλίγῳ.
3202 2903 3221 2936 ι
3273 2883 3411 2953 Περί
3456 2874 3530 2935 ὧν
3559 2876 3690 2933 εἶπεν

2127 2986 2411 3056 ἀνωτέρω,
2440 2983 2594 3054 λέγει
2617 2985 2699 3037 ὅτι
2722 2979 2926 3051 ἐκλήθη
2955 2978 3023 3032 τά
3048 2977 3179 3048 ἔθνη
3207 2976 3335 3029 ὄντα
3360 2974 3692 3046 μακράν’δτι

2130 3076 2529 3148 ἐπῳκοδομήθη
2558 3077 2671 3139 τοῖς
2702 3073 3101 3143 πατριάρχαις,
3155 3068 3250 3122 καὶ
3293 3068 3398 3121 ὅσα
3453 3063 3690 3120 τοιαῦτα.

444 3179 598 3245 cllas,
632 3186 689 3233 et
721 3187 1060 3247 quaecunque
1100 3181 1231 3227 sunt
1262 3154 1600 3241 ltujusmodi.
1640 3184 1660 3220 ι
1708 3167 1764 3222 In
1798 3166 1946 3222 brevi
2003 3184 2021 3217 ι

2138 3190 2157 3223 ι
2206 3170 2294 3223 Ἐν
2324 3170 2489 3240 ὀλίγῳ
2529 3187 2547 3220 ι
2586 3168 2665 3234 δὲ,
2699 3165 2820 3220 ἀντὶ
2840 3163 2959 3230 τοῦ,
2989 3163 3079 3217 διὰ
3109 3160 3157 3194 ’θ
3191 3159 3466 3231 βραχέων.

445 3283 649 3339 autem,
692 3284 810 3341 pro,
847 3267 1057 3340 paucis,
1093 3264 1249 3322 dixit.

522 3365 685 3424 Vsus.
721 3366 775 3421 4.
825 3382 845 3416 ι
888 3361 1053 3418 Juxta
1090 3359 1234 3431 quod
1275 3358 1503 3429 potestis
1537 3355 1782 3428 legentes
1823 3353 2029 3410 intelli-

446 3477 576 3535 gere
615 3458 983 3531 cognitionem
1037 3469 1215 3510 meam
1283 3453 1337 3508 in
1395 3452 1657 3523 mysterio
1719 3450 1946 3505 Christi.
2007 3466 2027 3499 ι

452 3553 682 3626 Scripsi,
708 3550 908 3622 inquit,
943 3562 1049 3603 non
1075 3554 1337 3616 quantmn
1370 3541 1675 3611 oportebat,
1712 3540 1805 3595 sed
1841 3554 2035 3594 secun-

449 3650 575 3702 dum
622 3646 767 3700 vires
800 3652 1013 3698 vestras
1045 3649 1101 3695 et
1137 3626 1356 3707 captum
1392 3644 1654 3690 vestrum.
1704 3633 1783 3688 Ex
1832 3633 2033 3703 quibus

450 3739 679 3811 potestis
710 3735 1014 3805 intelligere
1037 3729 1403 3801 cognitionem
1438 3740 1613 3781 meam
1640 3738 1761 3795 quae
1784 3721 1915 3777 mihi
1950 3730 2033 3776 est

450 3836 502 3888 in
533 3832 793 3903 mysterio
818 3827 1061 3891 Christi,
1101 3825 1205 3879 hoc
1240 3830 1343 3887 est,
1380 3819 1654 3890 quomodo
1683 3814 2031 3888 cognoverim

448 3939 503 3982 et
544 3921 901 3980 intellexerim
944 3917 1262 3989 mysterium
1308 3914 1545 3981 Christi,
1600 3912 1747 3983 Quod
1802 3911 1954 3966 sedet
2002 3926 2030 3963 a

451 4019 679 4081 dextris,
718 4012 861 4086 quod
891 4026 991 4067 nos
1021 4011 1183 4066 etiam
1216 4006 1516 4063 consedere
1550 4003 1764 4067 fecerit,
1800 4002 1944 4072 quod
1979 4001 2032 4055 in

453 4116 632 4188 seipso
648 4107 948 4167 condiderit
966 4113 1228 4173 utrosque
1244 4102 1299 4156 in
1324 4114 1491 4155 unum
1517 4113 1711 4155 novum
1736 4094 2034 4159 hominem,

2215 3374 2232 3406 r
2276 3353 2416 3424 Πρὸς
2448 3350 2719 3406 θδύνασθε
2741 3346 3209 3418 ἀναγινώσκοντες
3236 3344 3431 3415 νοῆσαι
3454 3341 3549 3413 τὴν
3576 3338 3688 3393 mir.

2140 3446 2256 3497 εσίν
2330 3460 2434 3513 μου
2463 3445 2520 3495 ἐν
2541 3441 2619 3512 τῷ
2647 3439 2936 3512 μυστηρίῳ
2956 3437 3051 3492 τοῦ
3082 3435 3345 3508 Χριστοῦ.
3383 3454 3402 3487 ι
3443 3430 3693 3502 Ἔγραψα,

2139 3535 2325 3606 φησὶν,
2357 3534 2460 3604 οὐχ
2486 3534 2612 3587 ὅσον
2640 3531 2833 3603 ἐχρῆν,
2857 3529 2994 3585 ἀλλά
3017 3529 3154 3600 πρὸς
3172 3526 3271 3597 τὴν
3291 3526 3525 3597 δύναμιν
3542 3523 3691 3595 ὑμῶν,

2138 3630 2235 3683 καὶ
2267 3627 2368 3680 ὅσα
2393 3627 2623 3696 χωρεῖτε
2642 3642 2655 3655 ⁸
2694 3625 2753 3691 ἐξ
2777 3615 2853 3678 ὦν
2881 3621 3112 3678 δύνασθε
3132 3620 3382 3691 χωρῆσαι
3411 3618 3507 3671 καὶ
3531 3616 3694 3686 νοῆσαι

2136 3722 2236 3792 τὴν
2264 3719 2477 3773 σύνεσίν
2515 3733 2639 3787 μου,
2672 3716 2770 3787 τὴν
2805 3716 2862 3769 ἐν
2888 3713 2969 3785 τῷ
3010 3709 3294 3784 μυστηρίῳ
3328 3708 3425 3763 τοῦ
3457 3703 3693 3778 Χριστοῦ,
3747 3754 3751 3758 ,

2137 3811 2405 3877 τουτέστι,
2447 3809 2570 3872 Πῶς
2604 3809 2812 3877 συνῆκα
2855 3806 2918 3860 τὸ
2953 3805 3252 3877 μυστήριον
3314 3799 3412 3854 τοῦ
3458 3794 3692 3869 Χριστοῦ,

2140 3908 2339 3970 είτουν,
2375 3903 2602 3973 Ἑνόησα
2627 3901 2713 3955 δτι
2744 3898 2979 3970 κάθηται
3010 3899 3074 3950 ἐκ
3103 3892 3318 3959 δεξιῶν,
3350 3893 3435 3947 ὅτι
3463 3893 3554 3946 καὶ
3572 3891 3697 3960 ημᾶς

2141 3999 2499 4056 συνεκάθισεν
2521 4013 2535 4028 ο
2565 3997 2649 4050 ὅτι
2666 3997 2724 4049 ἐν
2740 3992 2919 4064 ἐαυτῷ
2942 3992 3157 4046 ἔκτισεν
3176 3989 3519 4059 ἀμφοτέρους
3531 3987 3603 4047 εἰς
3616 3985 3698 4036 ἕνα

2138 4096 2325 4149 καινὸν
2355 4092 2666 4163 ἄνθρωπον,
2701 4088 2795 4142 καί
2816 4087 2917 4140 ὅσα
2947 4080 3042 4138 τοῦ
3075 4080 3407 4154 μυστηρίου.
3437 4074 3693 4133 Γνὼσεσθε

458 4219 509 4266 et
534 4165 875 4275 llumcunque
920 4199 1025 4255 alia
1054 4165 1483 4268 ad-mysterium
1524 4190 1815 4262 pertinent.
1851 4186 2026 4255 Agno-

2139 4185 2233 4241 οῦν
2264 4185 2326 4239 τὸ
2353 4182 2572 4254 ἀξίωμα
2612 4181 2712 4251 τῆς
2755 4177 3026 4240 συνέσεώς
3055 4192 3182 4245 μου,
3219 4172 3280 4238 ἐξ
3316 4165 3393 4226 ὧν
3423 4165 3698 4239 τηλικαῦτά

455 4301 625 4356 scetis
664 4297 828 4368 igitur
869 4292 1188 4364 dignitatem
1224 4284 1555 4358 cognitionis
1590 4297 1741 4347 luem,
1781 4279 2026 4349 quoniam

2145 4294 2235 4350 μοι
2284 4277 2583 4348 ἐγνώρισεν
2627 4275 2659 4329 ό
2690 4271 2850 4334 Θεός.
2888 4269 3012 4323 Ὀτι
3045 4268 3151 4337 γὰρ
3200 4264 3447 4337 μεγάλης
3472 4263 3513 4297 ¹¹
3551 4258 3697 4330 τιμῆς

455 4403 601 4446 tanta
638 4355 956 4458 patefecerit
986 4383 1116 4438 mihi
1158 4355 1320 4436 Deus.
1367 4376 1500 4432 Nam
1546 4376 1686 4446 quod
1726 4375 1829 4429 hoc
1861 4370 2026 4442 magni

2140 4371 2320 4433 τοῦτο,
2355 4371 2522 4425 ἄκουε
2547 4383 2559 4396 '
2587 4387 2605 4418 ι
2642 4366 2757 4419 Οὐκ
2773 4361 3031 4432 ἐποίησεν
3066 4356 3241 4425 οῦτω,
3274 4378 3293 4411 ι
3321 4357 3475 4428 φησὶ,
3508 4374 3527 4407 ι
3556 4355 3701 4407 παντὶ

458 4484 683 4542 honoris
708 4483 799 4547 sit,
833 4478 959 4535 audi
992 4498 1004 4533 :
1054 4494 1072 4528 ι
1105 4475 1224 4530 Non
1258 4471 1383 4527 fecit
1414 4471 1514 4533 sic,
1554 4444 1576 4519 ἑ
1610 4468 1804 4537 inquit,
1834 4484 1853 4517 ι
1890 4468 2026 4519 omni

2143 4462 2287 4516 ἐθνει
2306 4464 2374 4527 ’⁸,
2398 4480 2418 4513 ι
2439 4457 2877 4528 ὃτιδικαιώματα
2896 4454 2989 4508 καὶ
3006 4451 3254 4523 κρίματα
3278 4447 3446 4502 αὑτοῦ
3461 4444 3699 4514 ἐγνώρισε

463 4580 609 4648 ;-,enti
639 4584 686 4642 π,
719 4593 739 4627 ι
774 4571 1028 4644 quoniam
1059 4565 1478 4639 iustiﬁcationes
1506 4570 1560 4618 et
1582 4559 1783 4632 judicia
1807 4572 1906 4613 sua
1930 4573 2026 4612 ma-

2141 4553 2222 4625 τῷ
2257 4552 2497 4623 Ἰσραήλ.

459 4667 727 4726 nilestavit
764 4662 950 4720 lsraeli
974 4673 1020 4714 ³.

532 4763 698 4818 Vens.
751 4759 805 4813 5.
860 4775 880 4808 ι
942 4755 1097 4823 Quod
1148 4752 1271 4807 aliis
1317 4747 1760 4821 generationibus
1796 4760 1904 4800 non
1957 4755 2026 4797 es!

2228 4758 2245 4792 ι
2287 4740 2352 4793 Ὃ
2383 4738 2598 4808 ἑτέραις
2620 4734 2834 4805 γενεαῖς
2859 4733 2960 4785 οὐκ
2982 4728 3290 4803 ἐγνωρίσθη
3315 4731 3427 4791 τοῖς
3454 4725 3579 4786 υίοῖς
3604 4717 3699 4774 τῶν

458 4854 699 4927 agnitum
738 4849 863 4904 liliis
904 4842 1205 4909 hominum,
1259 4843 1399 4898 sicut
1439 4853 1582 4895 nunc
1615 4836 1915 4891 revelatum
1957 4845 2026 4888 est

2150 4830 2486 4904 ἀνθρώπων,
2526 4828 2602 4890 ὡς
2631 4826 2726 4880 νῦν
2761 4822 3124 4894 ἀπεκαλύφθη
3173 4822 3286 4884 τοῖς
3333 4819 3503 4888 ἀγίοις
3548 4810 3700 4867 αὐτοῦ

2339 4925 2365 4927 υ
2568 4920 2579 4927 ⁸
2804 4919 2815 4927 ·
2987 4919 2999 4927 -
3084 4915 3125 4927 ι·-
3205 4911 3218 4927 ι
3482 4908 3541 4927 πη
3592 4900 3697 4927 LV...

458 4900 665 5001 sanctis
693 4943 813 5012 ejus
846 4936 1107 5009 apostolis
1141 4946 1306 5005 atque.
1339 4929 1618 5002 praphetis
1649 4930 1707 4983 in
1744 4927 1967 4994 Spiritu.
2016 4943 2026 4975 ι

2145 4900 2467 4985 ἀποστόλοις
2498 4920 2591 4975 καὶ
2640 4919 2950 4989 προφήταις
2984 4919 3042 4970 ἐν
3083 4911 3383 4983 Πνεῦματι.
3426 4930 3445 4963 ι
3482 4908 3541 4962 Τί
3588 4900 3700 4969 οὗν;

631 4998 829 5109 igitur?
858 4998 976 5088 l‘lon
1018 4998 1560 5098 norant-prophetae?
1586 5020 1757 5090 Ecqui
1788 5019 2026 5074 Chrism:

2148 5019 2251 5072 οὐκ
2272 5016 2471 5088 ᾔδεσαν
2501 5013 2551 5065 οἰ
2590 5011 2905 5084 προφῆται;
2938 5009 3035 5061 καὶ
3067 5006 3185 5070 πῶς
3209 5022 3377 5076 φησιν
3400 5004 3429 5055 ό
3457 4998 3701 5072 Χριστὸς,

462 5089 691 5204 inquito:
730 5150 759 5178 ιι
793 5126 971 5182 Moses
1001 5132 1057 5178 et
1085 5089 1372 5190 Propheta;
1397 5116 1464 5170 de
1492 5129 1577 5168 me
1605 5089 1985 5181 scripserunt?
2022 5128 2026 5160 ι

2147 5111 2230 5162 ὅτι
2261 5125 2279 5159 ι
2310 5107 2551 5175 Μωῦσῆς
2576 5104 2671 5157 καὶ
2689 5102 2740 5155 οἰ
2766 5099 3053 5170 προφῆται
3074 5097 3206 5166 περί
3225 5094 3363 5164 ἐμοῦ
3389 5089 3652 5163 ἔγραψανς
3678 5103 3695 5134 ι

2224 5201 2233 5204 -
2374 5197 2433 5204 --
2581 5196 2606 5204 _
2750 5193 2760 5204 .
2841 5193 2879 5204 ,η
3015 5189 3025 5204 .
3140 5190 3152 5200 .
3232 5188 3254 5204 .
3507 5184 3629 5204 _,____
3655 5175 3695 5204 ,ε

466 5175 558 5292 Et:
588 5244 608 5278 ι
650 5218 986 5280 Scrutamini
1011 5215 1349 5283 Scripturas,
1381 5209 1483 5262 illa:
1515 5219 1748 5275 namque
1774 5213 1903 5258 sunt
1929 5218 2026 5271 qua

2151 5201 2268 5265 καὶ,
2306 5217 2325 5248 ι
2374 5196 2672 5267 Ἐρευνᾶτε
2704 5193 2803 5257 τὰς
2840 5193 2879 5245 Γ
2885 5189 3098 5262 ραφάς·
3137 5188 3343 5240 ἐκεῖναι
3370 5185 3475 5254 γάρ
3503 5184 3629 5235 εἰσιν
3652 5175 3702 5229 αἱ

2409 5288 2432 5292 -
2671 5286 2681 5292 -
2742 5289 2752 5292 -
2844 5284 2865 5292 -
3024 5283 3066 5292 -ς
3120 5282 3142 5292 ς
3338 5278 3350 5292 ε
3474 5270 3499 5291 τ
3560 5266 3700 5292 --πυτ

467 5266 553 5292 ω,
589 5266 608 5278 .
651 5266 986 5280 .................-
1012 5266 1156 5283 Ἦ--.
1184 5266 1215 5267 η
1337 5266 1348 5274 ,
1660 5266 1678 5275 _
1945 5266 1960 5271 _

467 5316 836 5376 testimonium
871 5309 1162 5384 perhibent
1188 5306 1255 5360 de
1284 5318 1368 5356 me
1392 5300 1452 5353 εἳ
1495 5318 1513 5352 ι
1552 5298 1792 5353 Primum
1827 5293 2026 5365 quiden

2155 5288 2532 5363 μαρτυροῦσαι
2564 5286 2696 5357 περὶ
2738 5284 2909 5355 ἐμοῦ;
2953 5302 2972 5334 ι
3024 5282 3248 5351 Πρῶτον
3296 5278 3396 5348 μὲν
3442 5270 3531 5328 οὖν
3558 5266 3702 5322 τοῦτό

471 5414 575 5467 hoc
606 5423 748 5464 nunc
781 5368 976 5461 Paulus
1015 5403 1112 5468 ait,
1141 5395 1284 5467 quod
1316 5392 1567 5448 omnibus
1600 5386 1912 5445 hominibus
1944 5399 2026 5439 no:

2151 5401 2317 5455 φησιν
2351 5384 2378 5436 ὁ
2414 5381 2658 5444 Παῦλος,
2698 5380 2783 5433 ὅτι
2818 5378 2983 5431 πᾶσιν
3026 5372 3338 5444 ἀνθρώποις
3383 5370 3481 5422 οὐκ
3513 5368 3702 5419 ἀπεκα-

470 5504 635 5560 fnerit
681 5499 974 5555 revelatum
1026 5512 1039 5548 :
1089 5454 1294 5544 addidit
1338 5485 1509 5548 enim,
1565 5499 1585 5533 ι
1628 5479 1782 5548 Quod
1819 5478 1873 5532 in
1927 5475 2026 5530 alii:

2150 5473 2356 5543 λύφθη·
2401 5471 2713 5545 προσέθηκε
2751 5468 2896 5541 γάρ·
2935 5485 2955 5519 ι
3012 5466 3078 5521 Ὃ
3125 5462 3342 5535 ἑτέραις
3384 5459 3579 5531 γενεαῖς
3606 5454 3699 5507 οὐκ

1139 5639 1168 5680 q
1206 5629 1326 5683 Act.
1365 5640 1503 5691 xxn,
1538 5622 1631 5678 21.
1778 5636 1797 5658 τ
1850 5618 1999 5674 Psal.
2033 5632 2240 5683 cxavu,
2271 5615 2330 5669 8.
2479 5618 2501 5648 ⁸
2526 5609 2665 5667 lbid.
2702 5608 2792 5665 20.
2912 5608 2927 5643 ί
2975 5603 3133 5661 Joan.
3169 5617 3221 5668 ν,
3262 5600 3354 5659 29.

575 5656 603 5700 Ρ
630 5645 750 5697 Act.
768 5654 848 5702 ιχ,
902 5634 988 5689 l5.

1816 5739 2015 5803 Varia;
2044 5735 2371 5801 lectiones.

546 5864 591 5897 ²⁰
621 5860 761 5918 κατὰ
792 5874 842 5914 o.
922 5855 963 5887 ²¹
994 5853 1090 5910 καὶ
1119 5852 1201 5905 ὅτι
1238 5866 1368 5921 μεγ.
1402 5863 1455 5904 o.
1534 5847 1578 5879 ²²
1622 5842 1800 5898 πάντα
1833 5840 1962 5909 ἔθνη
1999 5854 2050 5894 o.
