3932 6606
285 409 428 475 1069

1064 402 1473 468 EXPOSlTlO
1512 403 1593 466 IN
1632 404 1869 467 EPIST.
1908 406 2007 465 AD
2046 402 2313 467 EPHES.
2354 430 2424 441 —
2458 403 2614 467 CAP.
2660 403 2777 463 Ill.

3390 398 3527 462 ιυῑιι

280 521 597 593 ἐγνωρίσθη
624 522 739 584 τοῖς
764 521 904 583 υἱοῖς
933 519 1043 574 τῶν
1072 520 1398 590 ἀνθρώπων.
1438 538 1457 571 ι
1501 519 1732 573 Ἔπειτα
1763 519 1858 573 καὶ

1996 522 2393 575 enerationibus
2421 534 2529 574 non
2555 528 2640 574 est
2661 516 2992 588 patefactum
3026 514 3149 570 ﬂliis
3172 516 3471 571 hominum.
3504 534 3524 567 ι

283 618 367 669 ὅτι
390 612 566 675 οὕτως
613 614 716 666 οὐκ
760 611 1068 684 ἐγνωρίσθη
1106 611 1230 664 οὐδὲ
1265 614 1379 675 τοῖς
1410 615 1744 682 προφήταις,
1780 610 1856 674 ὡς

281 707 382 760 νῦν
406 706 496 759 διὰ
521 703 632 759 τῶν
658 703 1004 773 πραγμάτων
1037 702 1217 758 αὐτῶν
1242 703 1549 773 ἐγνωρίσθη
1579 704 1694 765 τοῖς
1721 703 1856 755 ἀπο-

284 797 513 859 στόλοις,
540 796 639 849 καὶ
663 796 776 857 τοῖς
808 794 868 846 ὲν
898 796 965 864 τῇ
994 794 1172 862 Καινῇ
1200 792 1532 862 προφήταις,
1567 790 1659 844 δια
1686 789 1860 844 Πνεύ-

286 904 459 957 ματος
490 886 670 955 ἁγίου.
704 885 769 938 Εί
795 885 870 954 μὴ
894 884 1002 954 γὰρ
1030 883 1093 936 τὸ
1132 882 1361 953 Πνεῦμα
1391 881 1604 946 ἐδίδαξε
1633 880 1724 935 τὸν
1757 880 1861 934 Πέ-

283 995 447 1050 τρον,
479 978 579 1030 οὐκ
610 977 678 1029 ἂν
706 975 796 1028 τὸν
826 973 1043 1028 ὲθνικδν
1081 973 1385 1044 Κορνήλιον
1432 970 1576 1042 μετὰ
1611 970 1722 1024 τῶν
1765 969 1862 1023 σὺν

283 1071 435 1141 αὐτῷ
459 1068 815 1139 παρεδέξατο.
848 1068 957 1120 Καὶ
990 1068 1118 1138 ὅρα,
1147 1066 1231 1119 ὅτι
1261 1066 1390 1137 περὶ
1418 1067 1518 1135 τῆς
1558 1061 1863 1134 περιτομῆς

282 1164 462 1226 οὐδὲν,
487 1161 623 1215 ἀλλὰ
649 1177 715 1213 πε
725 1161 779 1230 p‘t
799 1158 910 1211 τῶν
931 1156 1102 1212 ἐθνῶν
1125 1157 1187 1210 τὸ
1209 1157 1434 1225 Πνεῦμα
1455 1154 1860 1210 ἀποκαλύπτειο

290 1255 438 1324 μέγα
458 1255 570 1324 γὰρ
595 1248 663 1323 ἦν
691 1252 752 1305 τὸ
776 1250 907 1313 τοὺς
939 1249 1189 1312 ὲθνικοὺς
1222 1249 1351 1312 τοὺς
1384 1247 1704 1318 βδελυκτοῦς
1730 1245 1866 1298 ὐπο-

283 1346 577 1416 δεχθῆναιο
610 1345 705 1397 καὶ
730 1341 903 1406 οὕτως
931 1340 1177 1410 ἀκριϐῶς
1206 1340 1307 1393 οὐκ
1334 1339 1532 1410 ᾔδεσαν
1565 1339 1617 1391 οἱ
1644 1336 1867 1391 παλαιοὶ

288 1441 350 1491 τὸ
378 1437 701 1510 μυστήριον,
748 1436 884 1488 ὅπου
918 1450 983 1502 γε
1027 1433 1124 1486 καί⁹
1163 1432 1366 1499 Πέτρος
1400 1433 1431 1485 ὀ
1475 1429 1729 1493 τοσοῦτος
1767 1429 1869 1498 τῆς

291 1530 444 1602 παρὰ
463 1528 556 1583 τοῦ
580 1526 896 1598 Πνεῦματος
915 1526 1109 1597 ἐδεήθη
1127 1525 1255 1595 περὶ
1273 1525 1476 1577 τούτων
1494 1522 1865 1584 διδασκαλίας.

369 1737 390 1769 ι
431 1715 590 1769 Εἶναι
616 1714 684 1768 τὰ
712 1712 842 1783 ἔθνη
880 1712 1301 1784 συγκληρονόμα
1332 1712 1429 1765 καὶ
1458 1711 1748 1777 σύσσωμα,
1775 1709 1869 1762 καὶ

290 1808 619 1878 συμμέτοχα
647 1806 746 1875 τῆς
791 1804 1127 1873 ἐπαγγελίας
1177 1801 1368 1866 αὐτοῦ,
1402 1804 1462 1856 ὲν
1507 1802 1586 1871 τῷ
1616 1801 1868 1873 Χριστῷ,

1964 611 2164 669 Deinde
2189 622 2243 668 et
2267 613 2407 679 quod
2429 613 2495 665 ad
2521 610 2662 665 hunc
2684 610 2898 664 modum
2926 622 2992 662 ne
3016 607 3293 678 prophetis
3314 608 3528 676 quidem

1962 704 2239 776 cognitum
2270 702 2454 768 fuerit,
2495 716 2647 773 teque
2677 716 2739 756 ac
2775 716 2918 755 nunc
2948 714 3043 769 per
3079 715 3165 755 res
3196 699 3344 769 ipsas
3379 709 3533 768 pate-

1964 795 2166 851 factum
2197 804 2281 848 est
2326 792 2583 863 apostolis
2618 804 2674 847 et
2701 788 2832 845 Novi
2892 786 3227 845 Testamenti
3258 790 3537 860 prophetis

1965 902 2059 957 per
2085 886 2348 956 Spiritum
2381 893 2650 939 sanctum.
2681 881 2794 938 Nisi
2826 886 2969 937 enim
2999 880 3235 952 Spiritus
3265 882 3540 937 docuisset

1965 978 2206 1045 Petrum,
2245 977 2581 1041 Cornelium,
2612 977 2702 1047 qui
2737 992 2801 1029 ex
2832 974 3081 1045 gentibus
3114 985 3252 1040 erat,
3283 989 3403 1029 cum
3425 974 3539 1028 suis

1968 1087 2074 1126 non
2112 1070 2509 1139 suscepisset“.
2546 1067 2789 1122 Observa
2815 1078 2995 1121 autem
3023 1058 3165 1135 quod
3195 1064 3262 1120 de
3302 1064 3540 1119 circum-

1967 1162 2174 1217 cisione
2212 1161 2370 1227 nihil,
2411 1161 2477 1216 de
2509 1160 2761 1230 gentibus
2790 1173 2919 1212 vero
2953 1154 3337 1212 revelatiouem
3380 1156 3544 1210 faciat
3590 1172 3599 1177 κ

1968 1256 2226 1325 Spiritus.
2268 1254 2377 1311 lies
2425 1256 2572 1307 enim
2623 1252 2791 1306 ardua
2831 1257 3036 1307 eratet
3089 1265 3306 1320 magna,
3353 1257 3542 1319 gentes

1969 1358 2284 1404 exsecratas
2329 1346 2394 1400 ad
2429 1345 2781 1414 Evangeliutn
2833 1341 3074 1408 admitti;
3126 1349 3288 1410 atque
3333 1350 3544 1395 veteres

1970 1438 2105 1494 adeo
2133 1447 2327 1493 emole
2358 1437 2674 1508 mysterium
2708 1437 2810 1489 hoc
2844 1448 2949 1488 non
2980 1442 3271 1495 noverunt,
3303 1430 3547 1498 quando-

1969 1530 2185 1599 quidem
2210 1538 2264 1583 et
2285 1528 2502 1593 Petrus,
2531 1528 2621 1598 qui
2648 1536 2829 1581 tantus
2850 1534 2985 1588 erat,
3016 1525 3115 1578 hac
3136 1524 3202 1577 de
3228 1536 3287 1577 re
3310 1521 3547 1591 Spiritus

1970 1621 2316 1677 institutione
2350 1619 2661 1688 intliguerit.

2047 1712 2210 1770 Vens.
2242 1713 2295 1768 6.
2332 1733 2351 1765 ι
2388 1711 2598 1768 Gentes
2634 1726 2757 1765 esse
2787 1709 3118 1769 cohmretles,
3149 1717 3204 1760 et
3249 1718 3549 1774 concorpo-

1972 1806 2135 1870 rales,
2162 1815 2218 1860 et
2244 1804 2663 1874 comparticipes
2690 1800 3065 1873 promissionis
3093 1797 3210 1867 ejus
3241 1796 3292 1852 in
3327 1796 3550 1851 Christo

287 1864 379 1953 διᾶί
411 1864 515 1952 τοῦ
548 1864 977 1964 ἓύαγγελίοκλ
1031 1864 1191 1948 Τοῦτ’
1217 1894 1334 1948 ἔστι
1356 1864 1427 1946 τὸ
1458 1864 1778 1964 μοστήριον,

1992 1916 2074 1967 ρει·
2103 1898 2472 1969 Evangelium.
2514 1914 2534 1948 ι
2574 1896 2687 1949 lloc
2718 1903 2797 1949 est
2834 1894 3171 1962 mysterium,
3206 1901 3396 1960 gentes
3429 1903 3551 1942 esse

289 1988 440 2043 εἶναι
472 1988 541 2042 τὰ
586 1988 717 2057 ἔθνη
750 1985 1178 2056 συγκληρονόμα
1206 1984 1286 2055 τῷ
1319 1982 1538 2055 Ἰσραὴλ
1568 1983 1667 2051 τῆς
1698 1984 1874 2050 ἐπαγ-

290 2082 487 2151 γελίας
519 2080 614 2134 καὶ
647 2078 992 2149 συμμέτοχοι.
1033 2079 1298 2147 Μετεῖχον
1328 2079 1440 2147 γὰρ
1467 2078 1517 2129 οἱ
1542 2074 1877 2146 Ἰσραηλῖται

291 2172 396 2238 τῆς
424 2167 762 2237 ἐπαγγελίας
782 2206 797 2229 ,
827 2167 902 2230 ὡς
940 2166 1092 2229 ἔθνος
1127 2165 1282 2233 ἆγιον
1301 2181 1317 2196 ·
1364 2164 1627 2236 μετέσχον
1670 2165 1877 2237 ταύτης

296 2265 398 2315 σὺν
443 2261 626 2322 αὐτοῖς
677 2259 775 2312 καὶ¹
838 2259 889 2312 οἱ
923 2259 1057 2321 τέως
1102 2257 1401 2328 ἀκάθαρτοι
1451 2256 1695 2310 ἐθνικοίο
1745 2257 1880 2311 ἀλλὰ

294 2355 459 2419 πῶςς
517 2373 537 2405 ι
591 2354 681 2405 Ἐν
730 2352 811 2421 τῷ
843 2350 1092 2422 Χριστῷ·
1152 2371 1171 2402 ι
1224 2350 1504 2414 τουτέστι,
1543 2349 1631 2402 διὰ
1670 2350 1768 2419 τῆς
1800 2353 1879 2413 είς

295 2446 543 2518 Χριστὸν
581 2444 842 2507 πίστεως,
882 2444 1003 2506 ἥτις
1039 2443 1126 2496 διὰ
1171 2442 1266 2495 τοῦ
1313 2441 1654 2510 Εὐαγγελίου
1696 2443 1878 2506 αὐτοῖς

296 2539 698 2610 προσγέγονεν.
748 2537 864 2591 Οὐκ
891 2536 1136 2607 ἠρκέσθη
1161 2536 1241 2599 δὲ,
1278 2554 1296 2586 ι
1328 2535 1752 2606 Συγκληρονόμα
1788 2536 1885 2588 καὶ

298 2630 626 2700 συμμέτοχα
647 2649 664 2681 ι
688 2627 881 2694 εἰπὼν,
906 2628 1022 2682 ἀλλ’
1047 2627 1133 2682 ἱνα
1150 2626 1364 2697 δηλώσῃ
1381 2627 1479 2697 τὴν
1503 2626 1703 2697 πολλὴν
1722 2626 1855 2695 ἐγγὺ
1868 2653 1886 2667 -

298 2738 452 2790 τητα
475 2722 568 2773 καὶ
591 2721 810 2786 ἕνωσιν,
839 2738 859 2772 ι
892 2719 1188 2787 Σύσσωμα,
1220 2736 1238 2769 ι
1265 2713 1441 2771 εἶπεν.
1467 2718 1563 2769 Ἐν
1587 2717 1698 2788 γὰρ
1726 2717 1885 2787 σῶμα

302 2813 604 2881 γεγόνασιν
628 2812 680 2866 οἱ
706 2804 920 2866 ἐθνικοὶ
953 2812 1090 2881 πρὸς
1121 2812 1247 2874 τοὺς
1293 2811 1637 2880 Ἰσραηλίτας
1676 2811 1883 2879 ἁγίους,

304 2907 411 2976 μιᾷ
442 2905 649 2974 κεφαλῇ
674 2903 754 2973 τῷ
780 2903 1001 2975 Χριστῷ
1033 2902 1531 2973 συγκρατούμενον.

384 3015 405 3047 ι
448 2989 524 3049 Οῦ
565 2995 831 3064 ἐγενόμην
879 2994 1145 3057 διάκονος,
1200 2994 1344 3046 κατὰ
1389 2993 1488 3062 τὴν
1538 2992 1745 3064 δωρεὰν
1783 2993 1881 3060 τῆς

305 3089 533 3158 χάριτος
562 3086 655 3139 τοῦ
683 3085 845 3152 Θεοῦ,
893 3088 993 3155 τὴν
1027 3085 1273 3139 δοθεῖσάν
1311 3100 1402 3154 μοι
1446 3086 1587 3137 κατὰ
1613 3085 1711 3149 τὴν
1732 3084 1886 3155 ἐνέρ-

1978 1990 2291 2046 cohaaredes
2345 1987 2727 2058 promissionis
2784 1985 2968 2039 lsraeli
3033 1982 3227 2047 factae,
3280 1981 3552 2050 simulque

1979 2081 2290 2151 participes.
2316 2078 2479 2133 Erant
2509 2077 2650 2131 enim
2675 2072 3360 2145 participespromissionis
3383 2072 3554 2127 Israc—

1978 2153 2109 2235 litie,
2142 2184 2240 2223 ceu
2283 2183 2416 2237 gens
2461 2177 2672 2219 sancta.
2714 2163 2777 2217 Et
2809 2174 2996 2234 gentes
3031 2165 3290 2218 hactenus
3328 2162 3553 2231 impura:

1980 2264 2142 2332 hujus
2173 2276 2277 2315 una
2310 2275 2431 2314 cum
2466 2258 2597 2326 ipsis
2631 2258 2925 2326 participes
2956 2256 3199 2311 luerunt.
3230 2257 3298 2310 At
3328 2270 3436 2325 qua
3467 2270 3558 2308 ra-

1983 2355 2166 2409 tioiie?
2199 2373 2216 2404 ι
2256 2351 2311 2406 In
2340 2350 2579 2413 Christo,
2618 2369 2635 2401 ι
2675 2350 2775 2402 hoc
2810 2358 2911 2409 est,
2957 2363 3055 2416 per
3091 2348 3247 2402 [idem
3297 2347 3347 2400 in
3395 2345 3557 2401 Chr‘i-

1982 2455 2148 2508 stum,
2180 2459 2298 2514 quze
2328 2458 2423 2513 per
2459 2441 2810 2510 Evangelium
2861 2439 2992 2509 ipsis
3022 2438 3235 2509 obtigit.
3270 2436 3380 2492 Nec
3418 2439 3554 2493 satis

1985 2540 2058 2593 illi
2092 2538 2194 2592 fuit
2234 2538 2446 2599 dicere,
2504 2535 2863 2599 Cohaeredes,
2898 2531 3167 2602 simulque
3218 2531 3509 2601 participes
3540 2548 3554 2584 :

1985 2646 2167 2685 verum
2206 2639 2263 2683 ut
2296 2630 2495 2684 indicet
2543 2642 2790 2698 magnam
2826 2625 3280 2695 propinquitatem
3313 2633 3366 2677 et
3396 2623 3557 2677 unio-

1989 2739 2132 2786 nem,
2168 2740 2189 2774 ι
2216 2721 2541 2792 Corporales
2568 2739 2586 2772 ι
2617 2720 2785 2790 388
2809 2719 2971 2772 etiam
3005 2705 3161 2771 dixit.
3209 2714 3386 2770 Unum
3414 2715 3558 2770 enim

1987 2830 2181 2885 corpus
2225 2814 2351 2867 lacti
2399 2822 2526 2867 sunt
2572 2813 2772 2866 ethnici
2823 2826 2945 2864 cum
2999 2808 3262 2863 Israelitis
3317 2808 3556 2870 sanctis,

1988 2907 2090 2963 sub
2122 2921 2228 2961 uno
2268 2907 2444 2974 capite
2472 2906 2689 2959 Christo
2715 2912 3051 2957 contentum.
3118 2916 3119 2925 ‘

2066 2997 2227 3052 Vens.
2262 2998 2314 3052 7.
2351 3013 2370 3046 ι
2410 2994 2581 3063 Cujus
2617 2994 2795 3050 factus
2815 3010 2935 3050 sum
2970 2995 3217 3048 minister
3247 3007 3341 3062 per
3362 2993 3560 3046 donum

1990 3089 2174 3157 gratiae
2214 3087 2328 3149 Dei,
2365 3088 2510 3155 quod
2540 3087 2723 3139 datum
2755 3094 2838 3140 est
2873 3085 3002 3139 mihi
3036 3083 3337 3139 secundum
3365 3098 3562 3152 opera-

306 3193 469 3245 γειαν
493 3176 591 3244 τῆς
618 3175 900 3245 δυνάμεως
931 3174 1117 3229 αὐτοῦ.
1159 3192 1177 3225 ι
1215 3174 1256 3225 Τ
1260 3172 1321 3226 οῦ
1348 3173 1678 3241 Εὐαγγελίου
1708 3173 1883 3240 ἐγενό-

1994 3181 2193 3231 tionem
2225 3176 2479 3243 pmentia
2521 3173 2663 3244 ejus.
2712 3191 2731 3225 ι
2771 3173 3050 3244 Evangelii
3088 3172 3263 3227 factus
3303 3189 3423 3227 sum
3463 3173 3563 3226 mi-

310 3286 423 3337 μην
448 3267 692 3329 διάκονος
712 3307 725 3330 ,
758 3268 852 3319 καὶ
877 3265 1098 3335 δέσμιος
1127 3269 1244 3336 εἰμι
1285 3266 1473 3320 ἕνεκεν
1499 3267 1693 3320 τούτου
1721 3282 1735 3296 ⁸
1769 3267 1886 3320 ἀλλ’

308 3363 416 3414 οὐκ
439 3363 545 3430 ἐμὴ
569 3362 602 3431 ἡ
631 3362 903 3430 ἐνέργεια,
929 3359 1063 3412 ἀλλὰ
1092 3360 1271 3429 δωρεά
1293 3362 1409 3413 ἐστι
1428 3361 1588 3413 τοῦτο
1610 3361 1710 3429 τῆς
1738 3360 1889 3424 θείας
1920 3374 1925 3377 ‘

312 3454 561 3523 χάριτος,
585 3453 705 3523 ἥτις
728 3452 882 3521 ἐδόθη
910 3469 1020 3522 μοι,
1044 3452 1142 3521 οὐχ
1162 3452 1368 3515 ἁπλῶς,
1394 3454 1512 3506 οὐδὲ
1528 3454 1888 3524 μικρολόγως,

311 3543 457 3597 ἀλλὰ
490 3543 732 3606 δυνατῶς
767 3545 861 3596 καὶ
909 3543 1245 3613 φιλοτίμως,
1298 3544 1393 3596 καὶ
1439 3544 1515 3605 ὡς
1561 3545 1626 3598 ἂν
1663 3546 1889 3616 ἐνεργή-

313 3652 466 3687 σειεν
486 3636 532 3666 ’³
561 3636 589 3686 ὁ
615 3634 839 3697 ama;
865 3633 1018 3695 Θεός.
1055 3633 1150 3697 Ἣ,
1179 3634 1261 3686 ὅτι
1301 3634 1643 3706 Ἑδωρήσατό
1669 3651 1762 3704 μοι
1793 3635 1890 3703 τὴν

311 3724 619 3790 διακονίαν,
647 3723 871 3792 ἐνέθηκε
896 3723 954 3774 δέ
984 3738 1072 3791 μοι
1106 3722 1199 3776 καὶ
1223 3722 1470 3793 δύναμιν.
1506 3724 1580 3777 Οὐ
1598 3724 1706 3793 γὰρ
1732 3723 1891 3794 ἤρκει

312 3818 379 3868 τὸ
409 3815 646 3884 ἀξίωμα,
679 3815 727 3867 εἰ
758 3815 833 3886 μὴ
866 3813 960 3867 καὶ
983 3812 1210 3883 δύναμις
1241 3814 1568 3885 προσετέθη.
1605 3814 1745 3883 Τρία
1777 3815 1890 3883 γὰρ

312 3908 468 3976 ἡμᾶς
497 3906 577 3959 δεῖ
617 3906 993 3975 συνεισφέρειν
1025 3906 1107 3967 είς
1132 3905 1230 3976 τὴν
1262 3906 1557 3972 διακονίαν,
1587 3906 1765 3977 ψυχὴν
1801 3923 1891 3974 φι-

314 3998 653 4061 λοκίνδυνον,
701 3999 895 4064 σοφίαν
928 3997 1021 4048 καὶ
1054 3995 1291 4060 σύνεσιν,
1342 4000 1435 4049 καὶ
1474 3995 1588 4066 βίον
1619 3996 1856 4066 ἄληπτον
1878 4012 1892 4027 ο

316 4089 415 4142 τὸν
444 4090 503 4143 δὲ
546 4090 679 4141 Θεὸν
729 4087 958 4159 δύναμιν
992 4087 1232 4155 διδόναι,
1268 4089 1336 4140 δι’
1380 4082 1448 4160 ἦς
1497 4088 1673 4142 ταῦτα
1720 4088 1896 4141 πάντα

317 4181 620 4251 ἔμπρακτα
652 4182 829 4234 ἔσται.

402 4384 422 4416 ι
449 4363 608 4434 Ἐμοὶ
633 4363 709 4434 τῷ
736 4364 1135 4435 ἐλαχιστοτέρῳ
1161 4363 1375 4417 πάντων
1401 4367 1510 4417 τῶν
1534 4363 1710 4434 ἁγίων
1737 4364 1895 4436 ἐδόθη

318 4457 357 4525 ἡ
395 4454 550 4525 χάρις
585 4453 745 4523 αῦτη.
802 4472 821 4506 ι
872 4454 1093 4524 Ἐπειδὴ
1128 4453 1312 4524 μέλλει
1356 4453 1538 4521 λέγειν
1569 4456 1630 4506 τὸ
1663 4453 1897 4525 μέγεθος

1992 3271 2180 3332 hister,
2219 3278 2275 3324 ct
2318 3268 2535 3323 vinctus
2569 3265 2908 3337 sumipsius
2953 3267 3125 3335 gratia
3172 3284 3187 3321 :
3225 3282 3411 3320 verum
3454 3280 3561 3320 non

1992 3378 2169 3416 meum
2215 3375 2353 3430 opus
2384 3369 2471 3416 est
2513 3357 2830 3423 isthuc,sed
2873 3358 3072 3412 donum
3122 3357 3315 3411 divina:
3349 3357 3561 3424 gratim,

1991 3470 2109 3522 qua:
2133 3455 2257 3508 data
2280 3453 2539 3516 estmihi,
2573 3468 2678 3506 non
2707 3449 3051 3519 simpliciter,
3079 3463 3254 3517 neque
3277 3463 3560 3517 perparce.

1991 3546 2084 3600 scd
2107 3552 2353 3613 potenter
2373 3553 2427 3599 et
2451 3544 2769 3608 liberaliter,
2798 3558 2863 3597 ae
2895 3553 3147 3609 tanquam
3172 3540 3282 3610 jam
3307 3550 3566 3609 operetur

1994 3636 2154 3690 Deus.
2188 3633 2307 3700 Vel,
2341 3635 2777 3705 quandoquidem
2810 3634 3033 3687 donavit
3067 3632 3196 3686 mihi
3230 3631 3370 3686 Deus
3400 3632 3566 3686 hocce

1996 3726 2389 3791 ministerium,
2425 3725 2651 3795 largitus
2681 3735 2768 3781 est
2813 3724 3015 3794 pariter
3061 3724 3190 3777 mihi
3242 3723 3561 3791 potentiam.

1993 3817 2129 3871 Nam
2159 3832 2264 3872 non
2294 3818 2433 3871 satis
2462 3817 2656 3872 fuisset
2687 3818 3006 3879 auctoritas,
3041 3814 3147 3869 nisi
3176 3815 3386 3885 adjecta
3417 3823 3566 3869 esset

1997 3909 2257 3978 p0tentia.
2295 3908 2423 3964 Tria
2455 3918 2667 3977 oportet
2704 3923 2803 3961 nos
2820 3906 3018 3962 afferre
3045 3922 3098 3961 et
3122 3906 3468 3961 contribuere
3499 3908 3564 3959 ad

1999 4000 2398 4066 ministerium,
2424 4000 2665 4055 animam
2701 3998 3067 4069 periculorum
3116 4006 3431 4062 amantem,
3476 4015 3568 4053 sa-

1966 4092 2254 4163 ‘pientiam
2310 4101 2367 4146 et
2425 4090 2778 4157 intellectum,
2839 4093 3112 4159 vitamque
3167 4092 3498 4160 inculpatatn
3551 4130 3566 4143 .

1997 4186 2168 4239 Deum
2202 4191 2384 4239 autem
2428 4184 2685 4239 virtutem
2718 4184 2873 4250 dare,
2905 4197 3001 4252 per
3033 4197 3198 4253 quam
3233 4184 3347 4236 haec
3384 4182 3566 4238 omnia

1998 4275 2235 4331 ellieacia
2261 4277 2394 4332 sint.

2070 4365 2236 4422 Vens.
2265 4367 2320 4422 8.
2353 4386 2373 4420 ι
2405 4366 2535 4423 Mihi
2566 4369 2793 4423 minimo
2818 4368 3062 4422 omnium
3092 4376 3406 4420 sanctarum
3443 4368 3571 4420 data

1998 4469 2081 4514 est
2106 4462 2278 4530 gratia
2312 4464 2444 4515 haec.
2484 4481 2503 4512 ι
2539 4460 2675 4526 Quia
2705 4462 2869 4514 verba
2903 4461 3144 4513 facturus
3171 4470 3254 4512 est
3286 4461 3353 4512 de
3381 4461 3570 4528 gratia:

316 4547 423 4614 τῆς
448 4546 597 4609 θείας
619 4548 860 4617 χάριτος,
892 4545 967 4598 ἴδε
995 4546 1047 4598 τί
1077 4546 1518 4617 ταπεινοφρονῶν
1548 4548 1675 4617 περὶ
1698 4545 1883 4599 έαυτοῐ

2000 4553 2093 4607 Dei
2123 4553 2501 4621 amplitudine,
2523 4554 2643 4606 vide
2663 4562 2862 4622 quanta
2887 4552 3149 4607 modestia
3173 4550 3242 4605 de
3268 4567 3327 4604 se
3354 4553 3469 4619 ipse
3491 4552 3571 4604 ln-

319 4639 497 4707 λέγει.
534 4638 688 4692 Μετὰ
718 4639 828 4711 γὰρ
877 4644 942 4690 τὰ
989 4638 1226 4691 τοσαῦτα
1278 4638 1682 4710 κατορθώματα
1711 4639 1896 4707 ἐλαχι-

323 4731 582 4801 στότερον
615 4733 803 4783 ἑαυτὸν
852 4733 1009 4783 καλεῖ
1033 4731 1100 4795 ’³,
1134 4732 1196 4783 οὐ
1226 4731 1345 4795 ,τῶν
1391 4731 1726 4794 ἀποστόλων,
1761 4731 1895 4783 ἀλλὰ

324 4822 551 4876 πάντων
577 4822 686 4875 τῶν
715 4823 911 4890 ἁγίων,
939 4823 1210 4886 τουτέστι,
1240 4822 1348 4874 τῶν
1377 4820 1605 4874 πιστῶν.
1642 4820 1814 4873 Τοῦτο
1840 4821 1897 4873 δὲ

330 4911 537 4982 μεῖζον,
572 4913 695 4964 ὅσον
741 4929 805 4981 γε
840 4915 921 4975 εἰς
964 4910 1464 4981 ταπεινοφροσύνης
1487 4912 1532 4941 ’³
1562 4909 1742 4978 λόγον,
1776 4908 1894 4974 τοῦ,

332 5021 356 5057 ι
396 5004 513 5056 Οὐκ
542 5005 661 5073 εἰμὶ
690 5004 874 5068 ἱκανὸς
905 5004 1188 5056 καλεῖσθαι
1211 5003 1257 5034 ’⁸
1292 5002 1610 5064 ἀπόστολος.
1646 5022 1666 5052 ι

407 5112 427 5145 ‹
463 5094 554 5146 Ἐν
585 5096 698 5157 τοῖς
726 5094 936 5147 ἔθνεσιν
964 5092 1422 5160 εὐαγγελίσασθαι
1470 5092 1561 5147 τὸν
1594 5092 1902 5163 ἀνεξιχνία-

332 5201 463 5239 στον
516 5185 746 5239 πλοῦτον
796 5184 890 5238 τοῦ
942 5183 1203 5255 Χριστοῦ.
1247 5203 1266 5235 ι
1300 5183 1436 5237 Ποία
1479 5186 1672 5254 χάρις,
1710 5186 1900 5255 φησὶν,

330 5276 490 5345 ἐδόθη
516 5293 640 5345 μοι;
679 5276 780 5329 «Τὸ
815 5278 1002 5340 ἐντοῖς
1027 5276 1236 5328 ἕθνεσ;ν
1269 5274 1762 5344 εὐαγγελίσασθαι·
1797 5296 1814 5327 ι
1851 5278 1923 5358 οἱ.

337 5370 438 5437 μὲν
468 5368 576 5440 γὰρ
606 5370 753 5424 ἄλλοι
784 5370 862 5432 εἰς
911 5371 1011 5439 τὴν
1042 5369 1365 5438 περιτομὴν,
1413 5368 1574 5430 αὐτὸς
1604 5367 1660 5421 δὲ
1706 5369 1785 5432 είς
1832 5376 1901 5421 τα

332 5460 486 5530 ἔθνη.
521 5463 681 5513 Ὥστε
720 5463 941 5533 χάριτος
975 5461 1144 5513 ἐδεῖτο
1172 5460 1233 5512 τὸ
1261 5460 1351 5513 τὸν
1390 5460 1804 5534 ὲλαχιστότερον
1831 5463 1900 5517 τὰ

481 5614 508 5644 ιι
531 5606 649 5660 Act.
680 5620 733 5672 ιι,
758 5606 813 5659 '5.
922 5613 949 5644 ν
975 5603 994 5659 1
1020 5603 1148 5659 Cor.
1176 5618 1264 5669 xv,
1297 5603 1350 5658 9.

2002 4656 2220 4711 quatur.
2270 4642 2402 4698 Post
2425 4646 2568 4698 enim
2616 4654 2697 4697 tot
2728 4644 2983 4710 praeclara
3028 4642 3302 4707 facinora,
3330 4645 3568 4711 seipsum

2003 4733 2284 4787 minimum
2329 4735 2597 4804 appellat,
2631 4749 2736 4789 non
2768 4734 3159 4803 apostoloruttt,
3203 4736 3298 4788 sed
3330 4735 3570 4787 omnium

2001 4836 2349 4892 sanctorum,
2397 4828 2500 4882 hoc
2532 4837 2638 4893 est,
2678 4826 2938 4881 ﬁdelium.
2979 4827 3090 4881 Hoc
3128 4839 3344 4891 autem,
3375 4825 3422 4880 si
3456 4839 3573 4878 mo-

2004 4917 2233 4995 des-tiam
2265 4927 2497 4987 spectes,
2535 4918 2712 4987 majus
2749 4929 2836 4973 est
2861 4918 2970 4983 illo,
3014 4936 3033 4970 ι
3087 4918 3199 4971 Non
3232 4931 3350 4971 sunt
3380 4916 3573 4985 dignus

2005 5008 2184 5062 vocari
2211 5009 2485 5078 apestolus
2510 5018 2556 5064 '.
2597 5028 2618 5062 ι

2081 5117 2099 5148 ι
2147 5097 2202 5151 In
2237 5099 2493 5166 gentibus
2522 5099 2898 5171 evangelizare
2938 5100 3456 5174 intpcrvestigabilcs
3485 5101 3574 5155 di-

2003 5192 2162 5244 vitias
2183 5192 2409 5246 Christi.
2443 5210 2463 5244 ι
2494 5192 2701 5260 Qualis,
2724 5193 2923 5263 inquit.
2951 5196 3127 5264 gratia
3155 5197 3280 5250 data
3302 5206 3388 5250 est
3410 5196 3571 5250 mihi!

2008 5278 2073 5333 Ut
2099 5281 2149 5333 in
2176 5283 2424 5351 gentibus
2450 5285 2739 5352 przedicem
2772 5286 3143 5355 Evangelium.
3170 5286 3273 5341 Alii
3300 5288 3443 5342 enim
3471 5288 3577 5341 cir-

2004 5375 2347 5439 cumcisioni,
2385 5378 2501 5447 ipse
2528 5394 2660 5434 vero
2692 5381 2945 5449 gentibus
2976 5378 3329 5452 Evangelium
3362 5398 3576 5436 annuu-

2006 5468 2191 5522 tiabat.
2222 5468 2456 5523 Proinde
2481 5471 2653 5539 gratia
2675 5469 2971 5549 indigebat,
2992 5487 3116 5527 cum
3140 5473 3337 5529 minori
3366 5472 3576 5546 majora

1686 5719 1883 5780 Varia)
1915 5720 2240 5784 lectiones.

409 5824 454 5855 ’³
502 5822 773 5893 ἐνήργησε
806 5838 860 5879 o.
938 5822 984 5853 “
1011 5820 1277 5876 ἀποκαλεῖ
1308 5836 1360 5875 ο.
1437 5820 1482 5851 ³⁵
1540 5824 2006 5894 μετριοιρροσύνης
2037 5844 2093 5881 υ.

2173 5825 2216 5856 ³⁸
2246 5823 2509 5896 κληθῆναι
2540 5843 2591 5883 0.
