3932 6580
438 343 582 409 ’Ἰθῗι

1374 308 1959 404 THEOPHYLACTI
1996 340 2410 401 BULGAIUJS
2450 342 2808 402 AiiClllEP.

3566 346 3685 411 107?.

443 462 813 519 crederentur.
844 458 979 514 Cum
1016 457 1161 513 enim
1192 455 1292 527 ipsi
1334 455 1635 525 iujunctum
1672 464 1817 512 esset
1852 463 1909 509 ιιι
1941 455 2026 509 in-

2136 454 2310 524 μείζω
2350 456 2732 526 πιστευθῆναι.
2782 453 2841 507 ’0
2873 453 2981 526 γὰρ
3011 455 3135 519 τοὺς
3171 456 3421 527 χείρονας
3453 460 3688 532 ἐπιστρέ-

450 558 679 614 lcriores
714 564 766 611 et
800 554 1013 624 pejort-s
1062 551 1126 605 ad
1180 549 1463 606 Christum
1508 558 1893 612 converteret,
1929 563 2024 621 per

448 655 549 705 hoc
579 650 753 720 ipsum
789 660 1016 716 magnus
1051 642 1303 709 eﬂicitur,
1332 642 1424 713 qui
1466 658 1669 713 parvus
1700 643 2020 707 videbatur;

445 727 633 816 gratia:
661 741 824 813 igitur
859 740 908 795 id
946 754 1083 809 opus
1122 748 1228 792 est.
1277 736 1336 791 Si
1380 747 1563 792 autem
1610 734 2022 807 impcrvcstiga-

446 841 576 896 biles
607 847 733 894 sunt
762 835 966 891 divitiae
998 834 1168 904 ipsius
1216 843 1503 903 postquam
1542 829 1702 887 nobis
1735 830 2019 899 apparuit,

406 914 418 922 ’
441 943 642 1006 quanto
671 930 841 1001 magis
875 928 1113 984 essentia
1154 926 1305 995 ejus?
1332 925 1616 992 Quomodo
1649 925 1813 994 igitur
1842 922 2022 979 Euno-

443 1029 583 1083 mius
613 1042 671 1082 se
704 1024 862 1081 istam
890 1020 1369 1093 comprehendisse
1399 1016 1683 1089 iactabat?

512 1119 676 1177 Vens.
700 1119 754 1176 9.
786 1137 809 1171 ι
849 1117 917 1172 Et
947 1113 1255 1168 illuminare
1286 1126 1500 1176 omnes,
1534 1124 1654 1180 qum
1695 1108 1766 1163 sit
1797 1106 2022 1176 dispen-

441 1215 578 1269 satio
615 1210 860 1285 mystcrii
894 1205 1201 1265 absconditi
1244 1221 1273 1261 a
1307 1204 1520 1260 saeculis
1554 1205 1606 1257 in
1643 1202 1773 1257 Deo.
1814 1220 1830 1253 ι
1868 1200 2023 1268 Quod

440 1318 629 1377 gentes
660 1305 876 1376 quidem
922 1300 1185 1357 vocanda:
1236 1307 1416 1364 erant,
1469 1304 1736 1351 noverant
1791 1291 2025 1347 fortasse

443 1420 536 1475 per
584 1400 845 1473 Spiritum
898 1414 1021 1453 cum
1075 1394 1374 1467 prepltette,
1430 1402 1542 1447 tum
1596 1388 1824 1456 angeli:
1878 1386 2025 1456 quod

440 1511 568 1551 vero
594 1496 659 1549 ad
694 1502 839 1549 tanta
867 1493 1028 1557 bona,
1060 1498 1110 1545 el
1144 1489 1212 1545 ad
1242 1487 1534 1543 sedendqu
1568 1496 1732 1553 super
1770 1484 2022 1534 ιίιΐοιιιιηὶ

445 1591 560 1656 Dei,
591 1590 737 1659 quis,
762 1601 969 1657 quaeso,
1005 1586 1106 1639 hoc
1154 1577 1569 1651 exspectasset?
1611 1575 1741 1629 Eam
1787 1574 1857 1628 ob
1910 1589 2023 1628 rem

446 1707 464 1736 ι
506 1681 823 1753 mysterium
862 1698 879 1730 ι
928 1679 1030 1732 hoc
1064 1684 1246 1740 vocat,
1290 1693 1307 1726 ι
1345 1674 1398 1727 in
1437 1670 1546 1725 Deo
1576 1666 1957 1724 absconditum
1992 1680 2023 1718 a

440 1778 673 1843 saeculis,
712 1794 731 1828 ι
774 1775 880 1829 hoc
907 1782 1013 1838 est,
1040 1779 1201 1826 antea
1226 1778 1281 1824 et
1312 1783 1342 1821 a
1378 1763 1645 1836 principio
1679 1779 1693 1817 :
1735 1775 1840 1816 non
1871 1759 2017 1814 enim

442 1885 629 1929 recens
654 1877 738 1924 est
762 1866 879 1922 haec
907 1862 1260 1934 dispensatio,
1290 1866 1347 1915 et
1378 1857 1480 1928 ipsi
1505 1853 1605 1911 soli
1638 1851 1880 1923 cognita.

517 2076 537 2110 ι
570 2055 672 2123 Qui
711 2051 893 2108 omnia
922 2046 1133 2105 creavit
1164 2059 1261 2116 per
1282 2042 1468 2100 Jesum
1499 2039 1803 2098 Christum.
1842 2054 1861 2090 ›
1896 2036 2023 2092 Pul-

442 2151 571 2205 chre
598 2143 892 2204 crcationis
917 2140 1187 2196 meminit.
1221 2136 1325 2206 Qui
1360 2136 1505 2192 enim
1534 2135 1718 2189 omnia
1744 2131 2019 2197 condidit,

445 2244 606 2305 Deus,
639 2237 837 2308 inquit,
870 2244 955 2291 est
982 2249 1078 2301 per
1106 2230 1410 2293 Christum,
1443 2247 1462 2279 ι
1497 2228 1625 2282 Sine
1651 2226 1768 2295 ipso
1795 2224 1963 2289 enim,
1997 2241 2018 2275 ι

446 2334 654 2404 inquit,
695 2348 715 2383 ι
762 2329 962 2383 factum
997 2332 1083 2379 est
1113 2322 1249 2378 nihil
1277 2330 1303 2357 κ
1335 2338 1350 2377 :
1389 2339 1409 2373 ι
1458 2328 1514 2374 et
1559 2318 1662 2373 hoc
1699 2332 1796 2387 per
1846 2317 2023 2387 ipsum

445 2429 667 2483 revelat.

505 2521 674 2596 389
702 2517 861 2574 Vens.
894 2515 980 2571 10.
1020 2532 1037 2575 ,t
1065 2511 1138 2569 Ut
1158 2512 1618 2596 innotescatnunc
1633 2504 2026 2577 principatibus

437 2631 487 2674 et
510 2586 875 2688 pacetatibus
896 2613 950 2665 itt
975 2605 1282 2665 cmlestibus
1303 2620 1400 2675 per
1425 2586 1721 2659 Ecclesiam
1758 2598 2025 2657 multifor-

439 2713 542 2765 mis
560 2706 824 2778 sapientia
848 2703 961 2758 Dei.
1000 2718 1019 2752 ι
1052 2698 1235 2767 Neque
1257 2697 1569 2763 superiores
1599 2692 1942 2763 principatus
1970 2701 2028 2745 et

436 2811 752 2875 potestates,
782 2809 957 2865 neque
982 2792 1269 2848 inferiores
1316 2778 1515 2842 norant
1565 2786 1879 2857 mysterium
1908 2783 2026 2854 glo-

439 2898 532 2952 riae
560 2894 824 2966 gentium.
867 2888 1074 2943 Etenim
1106 2883 1281 2954 angeli
1320 2893 1376 2939 et
1415 2880 1725 2951 archangeli
1757 2878 1863 2933 hoc
1900 2887 2024 2931 tau-

442 3002 553 3046 tum
587 2984 749 3042 modo
778 2989 1112 3051 compertum
1149 2977 1443 3040 habebant,
1485 2974 1628 3043 quod
1676 2970 1839 3027 Israel
1883 2978 2028 3024 esset

438 3095 566 3153 pars
594 3074 828 3138 Domini,
858 3074 1103 3138 adeoque
1144 3065 1373 3138 p0pttlus
1410 3064 1599 3134 ipsius.
1633 3059 1848 3117 Gabriel
1867 3073 2028 3128 porro

2131 566 2253 617 φειν
2295 550 2542 620 ταχθεὶς,
2586 551 2728 603 κατὰ
2758 550 2917 604 τοῦτο
2952 552 3085 604 αὐτὸ
3119 551 3292 622 μέγας
3322 553 3554 622 γίνεται,
3596 558 3689 612 κᾶν

2132 641 2329 712 μικρδς
2352 637 2419 712 ἦν
2655 644 2893 715 Χάριτος
2928 639 3021 698 οὖν
3060 645 3121 698 τὸ
3152 647 3408 716 πρᾶγμα.
3436 646 3498 700 Εἰ
3521 648 3575 702 δὲ
3608 654 3691 704 ἁν-

2128 731 2472 803 εξιχνίαστος
2504 734 2532 786 6
2566 733 2796 798 πλοῦτος
2830 735 2995 789 αὑτοῦ
3042 736 3139 789 καὶ
3186 737 3327 807 μετὰ
3366 736 3429 789 τὸ
3449 739 3688 809 φανῆναι,

2128 827 2282 897 πόσῳ
2305 827 2349 858 ’⁷
2380 826 2586 898 μᾶλλον
2622 829 2655 899 ἡ
2683 828 2873 894 οὐσίας
2906 827 3032 893 Πῶς
3067 828 3248 883 τοίνυν
3282 830 3547 900 Εὐνὸμιος
3576 835 3691 887 ταὺ-

2128 939 2229 993 την
2266 920 2604 976 καταλαϐεῖν
2625 919 2912 994 ἐκόμπαζε
2938 936 2954 987 ;

2209 1125 2227 1157 t
2267 1106 2379 1160 Καὶ
2409 1103 2645 1176 φωτίσαι
2692 1105 2922 1172 πάντας,
2955 1106 3040 1170 τίς
3072 1107 3105 1177 ἠ
3135 1106 3426 1177 οἰκονομία
3472 1107 3564 1163 τοῦ
3604 1129 3690 1181 μυ-

2129 1199 2353 1271 στηρίου
2384 1200 2478 1253 τοῦ
2506 1200 3009 1271 ἀποκεκρυμμένου
3037 1202 3145 1254 ἀπὸ
3174 1202 3286 1255 τῶν
3313 1202 3527 1257 αἰώνων
3551 1207 3602 1257 ἐν
3628 1207 3692 1276 τῷ

2126 1291 2266 1362 Θεῷ.
2302 1312 2321 1344 ι
2370 1292 2496 1345 Ὅτι
2529 1292 2630 1362 μέν
2668 1291 2778 1364 γὰρ
2810 1294 3178 1365 κληθήσονται
3219 1294 3290 1348 τὰ
3323 1294 3475 1366 ἔθνη,
3520 1296 3691 1367 ᾔδεσαν

2129 1383 2259 1450 ἴσως
2287 1384 2374 1439 διὰ
2403 1384 2498 1438 τοῦ
2531 1385 2852 1455 Πνεῦματος
2893 1388 2987 1440 καὶ
3016 1390 3063 1441 oi
3098 1389 3383 1460 προφῆται
3412 1392 3506 1443 καὶ
3540 1394 3584 1443 οἱ
3607 1390 3692 1460 ἆγ-

2126 1477 2277 1542 γελοι
2301 1495 2314 1509 ·
2342 1478 2424 1531 ὅτι
2447 1479 2504 1531 δέ
2527 1480 2621 1532 ἐπὶ
2645 1481 2931 1546 τοιούτοις,
2954 1483 3047 1534 καὶ
3070 1481 3211 1536 ὥστε
3232 1481 3328 1535 ἐπλ⁵
3346 1482 3395 1515 ⁸⁸
3418 1482 3508 1535 τὸν
3530 1482 3692 1553 θρόνον

2126 1566 2355 1621 καθίσαι
2392 1567 2485 1620 τὸν
2531 1567 2624 1622 τοῦ
2665 1569 2827 1633 Θεοῦ,
2867 1571 3029 1624 τοῦτο
3069 1571 3156 1635 τίς
3185 1571 3253 1625 ἂν
3304 1573 3689 1643 προσεδόκησε;

2127 1659 2226 1713 Διὰ
2257 1659 2419 1714 τοῦτο
2447 1664 2755 1732 μυστήριον
2787 1663 2922 1716 αὐτὸ
2956 1664 3116 1719 καλεῖ
3139 1665 3200 1718 ἐν
3247 1666 3328 1736 τῷ
3361 1665 3484 1736 Θεῴ
3511 1666 3690 1721 ἀποκε-

2127 1753 2451 1824 κρυμμένον
2497 1754 2605 1807 ἀπὸ
2630 1756 2673 1787 ⁸³
2712 1754 2822 1808 τῶν
2872 1756 3120 1810 αἰώνων·
3158 1757 3471 1823 τουτέστιν,
3512 1760 3695 1815 ἄνωθεν

2057 1816 2097 1870 Β
2128 1816 2220 1899 καὶ
2243 1816 2315 1911 ἐξ
2355 1846 2556 1917 ἀρχῆς.
2586 1847 2663 1900 Οὐ
2692 1847 2802 1918 γὰρ
2830 1850 3147 1921 πρόσφατος
3174 1851 3329 1905 ἐστιν
3363 1853 3397 1923 ἠ
3440 1816 3694 1925 οἰκονομία

2125 1938 2291 2010 αῦτη,
2326 1943 2421 1995 καὶ
2446 1939 2599 2012 αὑτῷ
2630 1941 2782 2012 μόνῳ
2821 1944 3232 2015 γινωσκομένη.

2203 2052 2222 2084 ι
2275 2033 2368 2102 Τῷ
2397 2032 2468 2086 τὰ
2512 2034 2696 2088 πάντα
2740 2034 2992 2087 κτίσαντι
3034 2034 3127 2088 διὰ
3175 2035 3364 2107 Ἰησοῦ
3399 2036 3643 2108 Χριστοῦ.
3673 2057 3690 2087 ι

2127 2126 2329 2190 Καλῶς
2355 2127 2590 2189 κτίσεως
2616 2127 3028 2199 ἐμνημόνευσεν
3055 2145 3068 2158 ’
3099 2130 3129 2183 6
3150 2128 3263 2200 γὰρ
3296 2130 3371 2184 τὰ
3402 2130 3574 2185 πάντα
3592 2134 3691 2184 κτί-

2129 2236 2253 2284 σας,
2291 2218 2446 2283 Θεὸς,
2500 2218 2660 2290 φησὶ,
2710 2220 2800 2274 διὰ
2853 2219 2948 2273 τοῦ
3003 2220 3269 2291 Χριστοῦ.
3314 2240 3336 2274 ε
3387 2223 3567 2293 Χωρὶς
3597 2226 3691 2296 γὰρ

2126 2308 2316 2373 αὑτοῦ,
2356 2330 2376 2363 ι
2408 2310 2561 2381 φησι,
2596 2329 2615 2363 t
2645 2312 2872 2381 γέγονεν
2893 2312 3016 2366 οὐδὲ
3043 2314 3134 2367 ἓν·
3173 2332 3194 2365 ι
3231 2315 3330 2369 καὶ
3355 2315 3515 2369 τοῦτο
3531 2316 3694 2370 διἀὑο

2126 2403 2219 2457 τοῦ
2250 2404 2654 2460 ἀποκαλύπτει.

2204 2516 2221 2546 ι
2263 2495 2381 2549 Ἵνα
2424 2497 2702 2569 γνωρισθῇ
2736 2497 2832 2551 νῦν
2867 2499 2989 2563 ταῖς
3032 2500 3233 2571 ἀρχαῖς
3266 2502 3369 2555 καὶ
3411 2501 3527 2565 ταῖς
3564 2501 3692 2567 ἐξον-

2131 2588 2274 2651 σίαις
2304 2588 2363 2642 ἐν
2392 2590 2504 2653 τοῖς
2536 2590 2883 2662 ἐπουρανίοις
2916 2591 3003 2647 διὰ
3032 2594 3134 2665 τῆς
3183 2594 3519 2667 Ἐκκλησῑας
3546 2599 3576 2667 ἡ
3611 2612 3694 2649 πο·

2102 2681 2442 2746 ’λυποίκιλος
2474 2682 2636 2753 σοφία
2666 2671 2777 2737 τοῦ⁸
2790 2682 2949 2739 Θεοῦ.
2985 2703 3004 2737 ι
3033 2684 3175 2741 Οὔτε
3201 2688 3258 2742 αἱ
3289 2690 3411 2743 ἀνω
3434 2690 3692 2760 ἀρχαὶκαὶ

2130 2773 2392 2838 ἐξουσίαι,
2432 2775 2557 2829 οὔτε
2604 2777 2661 2830 αἱ
2703 2776 2856 2831 κάτω
2910 2778 3112 2850 ᾔδεσαν
3152 2780 3213 2834 τὸ
3259 2782 3566 2854 μυστήριον
3614 2784 3693 2851 τῆς

2128 2866 2287 2936 δόξης
2320 2865 2429 2921 τῶν
2458 2868 2708 2922 ἐθνικῶν.
2736 2870 2848 2923 Καὶ
2881 2872 2990 2942 γὰρ
3019 2873 3114 2925 καὶ
3134 2872 3364 2941 ἄγγελοι
3398 2876 3491 2929 καὶ
3517 2876 3695 2947 ἀρχάγ.

2130 2956 2280 3025 γελοι
2311 2958 2475 3011 τοῦτο
2520 2960 2681 3029 μόνον
2713 2958 2933 3032 ᾔδεσαν,
2977 2962 3061 3015 ὅτι
3097 2965 3127 3017 6
3176 2964 3406 3036 Ἰσραὴλ
3447 2961 3515 3037 ἦν
3557 2971 3690 3037 μερὶς

2131 3050 2358 3120 Κυρίου,
2406 3054 2500 3106 καὶ
2531 3052 2660 3117 λαὸς
2705 3055 2900 3110 αὑτοῦ.
2937 3056 3048 3109 Καὶ
3095 3058 3123 3110 6
3167 3057 3417 3130 Γαϐριὴλ
3461 3060 3517 3114 δέ
3561 3061 3694 3115 τοῦτο

440 3144 542 3229 hoc
570 3180 782 3226 tantum
814 3174 994 3227 uorat,
1035 3159 1176 3231 quod
1230 3166 1545 3213 servaturus
1575 3162 1720 3209 esset
1769 3150 2021 3222 populum

2136 3144 2300 3215 μόνον
2334 3145 2656 3214 ἐγίνωσκεν,
2682 3148 2765 3201 ὅτι
2801 3148 2965 3203 σώσει
2993 3150 3087 3204 τὸν
3120 3150 3252 3205 λαόν
3280 3153 3454 3207 αὑτοῦ
3483 3154 3581 3207 ἀπὸ
3602 3155 3694 3207 τῶν

439 3251 917 3333 suumapeccatis
967 3256 1101 3311 suis.
1129 3251 1285 3320 Quod
1334 3259 1516 3306 autem
1578 3257 1768 3317 gentes
1814 3254 2025 3301 tantum

442 3363 697 3415 honorem
729 3354 1212 3418 consequerentur,
1268 3354 1412 3397 nunc
1442 3348 1649 3395 norunt
1678 3345 1735 3393 et
1776 3349 2027 3407 superne

441 3447 690 3521 potentiae
718 3454 774 3498 et
819 3440 1066 3502 infernas,
1096 3451 1192 3506 per
1243 3432 1567 3496 Ecclesiam,
1613 3430 1717 3485 hoc
1765 3437 1871 3493 est,
1932 3440 2029 3496 per

442 3520 703 3598 beneﬁcia
731 3550 849 3606 quae
877 3530 1031 3588 nobis
1061 3537 1188 3586 sunt
1220 3526 1435 3582 collata.
1466 3520 1604 3576 Nam
1634 3530 1820 3575 nostra
1868 3521 2030 3575 bene.

442 3634 561 3690 ﬁcia
605 3629 849 3700 magistri
907 3633 1031 3680 sunt
1061 3623 1128 3677 iis
1177 3619 1460 3687 sapientiae
1511 3615 1627 3668 Dei.
1674 3611 1788 3666 Non
1845 3623 2026 3666 autem

442 3729 587 3784 illam
620 3722 941 3792 simpliciter
986 3715 1191 3771 variam
1241 3712 1399 3775 dicit,
1449 3711 1565 3773 sed,
1618 3704 2023 3770 multiformem,

439 3821 556 3874 sive
582 3814 873 3870 admodum
919 3810 1149 3867 variam.
1176 3803 1463 3858 artiﬁcium
1486 3799 1605 3870 ejus
1632 3807 1794 3867 atque
1821 3797 2028 3850 incom-

442 3908 958 3983 prehensibilitatem
993 3898 1327 3969 signiﬁcans.
1354 3893 1649 3965 Gregorius
1683 3898 1864 3944 autem
1892 3886 2028 3957 Nysa

442 4018 627 4068 setius,
650 4002 788 4053 Ante
828 3994 1275 4057 iucarttatiOuem,
1330 3988 1528 4057 inquit,
1577 3984 1879 4054 sitnpiicent
1928 3996 2028 4035 no-

444 4115 541 4159 rnn
594 4093 844 4149 cwlestes
877 4089 1101 4142 virtutes
1141 4082 1461 4152 sapientiam
1492 4080 1607 4146 Dei,
1644 4092 1859 4148 nempe,
1887 4073 2043 4145 quod'

442 4189 625 4245 omnia
661 4187 773 4242 sola
818 4198 915 4238 sua
942 4180 1221 4236 voluntate
1265 4173 1591 4237 mttdiderit,
1653 4168 2030 4242 deprehende-

442 4290 679 4351 bautque
717 4294 838 4334 eum
869 4289 989 4331 esse
1020 4280 1319 4343 potentem,
1360 4267 1613 4337 quodque
1674 4264 1857 4318 omnia
1891 4278 2030 4316 cou-

441 4381 684 4430 servaret
709 4369 936 4439 sapienti
965 4363 1356 4436 gubernatione
1388 4376 1406 4413 :
1446 4374 1510 4414 ac
1539 4359 1837 4429 sapientem
1870 4370 2031 4409 cura-

443 4479 638 4527 rorcm,
678 4461 767 4531 qui
804 4457 1138 4528 prospiceret
1169 4452 1353 4516 rebus,
1395 4447 1764 4520 agnoscebant
1816 4462 1829 4497 :
1870 4442 2033 4497 nihil-

441 4574 547 4629 que
587 4557 639 4609 in
694 4554 777 4605 his
829 4551 1037 4602 varium
1078 4556 1184 4613 est,
1236 4545 1337 4599 hoc
1372 4551 1475 4607 est,
1528 4550 1589 4596 ut
1620 4539 1766 4595 aliud
1813 4538 2029 4607 quidem

439 4659 605 4713 esset,
642 4645 787 4700 aliud
827 4656 954 4694 vero
976 4639 1231 4693 elliceret.
1273 4636 1561 4689 lucarnato
1614 4643 1794 4687 autem
1850 4630 2030 4686 Verbo

444 4744 559 4807 Dei,
586 4755 681 4811 per
708 4733 980 4793 contraria
1006 4738 1278 4784 transacta
1307 4736 1434 4783 sttnt
1453 4725 1750 4792 contraria,
1776 4739 1870 4794 per
1888 4737 2030 4776 mor-

441 4816 549 4891 tem
584 4836 714 4897 vita,
751 4845 848 4900 per
895 4824 1312 4880 imbecillitatem
1372 4822 1632 4890 petentia,
1696 4834 1791 4889 per
1837 4827 2031 4871 contu-

447 4929 662 4983 meliam
702 4923 896 4994 gloria,
926 4934 1023 4990 per
1068 4917 1249 4971 omnia
1282 4914 1406 4969 vilia
1437 4922 1491 4967 et
1528 4912 1735 4980 abiecta
1790 4910 1899 4966 Deo
1947 4909 2031 4964 di-

443 5038 543 5088 grta
569 5030 625 5076 et
656 5014 935 5088 praeclara.
974 5012 1121 5067 llanc
1148 5008 1215 5061 ad
1268 5006 1530 5060 rationem
1566 5002 1921 5058 multiformis
1945 5016 2031 5057 sa-

447 5116 644 5186 pientia
677 5122 731 5168 et
777 5108 1013 5181 putentia
1047 5103 1139 5159 Dei
1191 5100 1504 5156 cmlestibus
1544 5098 1839 5153 virtutibus
1886 5110 2033 5152 nunc

443 5208 659 5280 cognita
685 5214 790 5259 est.
823 5200 1049 5268 Quando
1090 5194 1235 5250 enim
1292 5205 1390 5245 nos
1449 5188 1759 5255 didicimus,
1812 5199 1924 5244 tum
1977 5194 2033 5245 et

2132 3239 2425 3310 ἁμαρτιῶν
2454 3241 2655 3296 αὐτῶν.
2695 3242 2821 3295 ὐτι
2852 3243 2911 3296 δὲ
2942 3246 3039 3297 καὶ
3071 3246 3122 3298 oi
3152 3245 3361 3299 ἐθνικοὶ
3390 3248 3693 3317 τηλικαύτης

2129 3333 2298 3403 τιμῆς
2330 3331 2637 3398 τεύξονται,
2678 3334 2774 3388 νῦν
2805 3337 3054 3405 ἔγνωσαν
3083 3339 3178 3393 καὶ
3205 3342 3260 3394 αί
3301 3341 3421 3394 ἀνω
3463 3341 3691 3411 δυνάμεις

2130 3423 2226 3475 καὶ
2252 3422 2307 3476 αί
2341 3424 2510 3487 κάτω,
2547 3425 2635 3478 διὰ
2660 3426 2761 3495 τῆς
2802 3427 3155 3497 Ἐκκλησίας,
3183 3430 3462 3497 τουτέστι,
3493 3431 3577 3485 διὰ
3601 3430 3690 3484 τῶν

2128 3516 2210 3578 εἰς
2255 3516 2403 3585 ἡμᾶς
2432 3517 2768 3587 γενομένων.
2803 3520 2866 3571 Δί
2903 3521 3011 3591 γὰρ
3040 3523 3122 3584 είς
3170 3523 3321 3593 ἡμᾶς
3371 3522 3689 3594 εὐεργεσίαι,

2127 3608 2438 3662 διδάσκαλοι
2487 3610 2675 3673 αὐτοῐς
2721 3611 2976 3679 ἐγένοντο
3022 3613 3124 3683 τῆς
3174 3614 3372 3685 σοφίας
3413 3614 3510 3669 τοῦ
3554 3614 3688 3669 Θεοῦ.

2129 3703 2244 3772 Οὐχ
2276 3702 2464 3766 ἁπλῶς
2505 3703 2562 3757 δέ
2598 3703 2853 3775 ποικίλην
2886 3705 3059 3777 αὑτήν
3118 3724 3308 3776 φησιν,
3364 3708 3501 3762 ἀλλὰ
3550 3709 3690 3761 πολυ-

2131 3798 2402 3862 ποίκιλον,
2433 3796 2494 3850 τὸ
2526 3797 2827 3869 πάντεχνον
2868 3799 3041 3869 αὐτῆς
3082 3799 3259 3871 δηλῶν
3290 3803 3386 3854 καὶ
3417 3799 3690 3868 ἀκατανόη-

2133 3905 2251 3942 τον.
2285 3887 2343 3942 Ὀ
2367 3887 2425 3941 δὲ
2448 3888 2672 3957 Νύσσης
2700 3888 3026 3962 Γρηγόριος,
3058 3890 3169 3961 Πρὸ
3199 3892 3298 3962 μέν
3328 3892 3431 3963 τῆς
3455 3891 3693 3960 ἐνανθρω-

2132 3981 2388 4051 πήσεως,
2447 3980 2645 4051 φησιν,
2698 3981 2878 4052 ἁπλῆν
2915 3983 2961 4014 ⁸⁸
3022 3983 3323 4050 ἐγίνωσκον
3374 3986 3430 4038 αί
3478 3983 3691 4054 οὐράνιοι

2129 4074 2394 4143 δυνάμεις
2422 4075 2519 4143 τὴν
2556 4076 2748 4146 σοφίαν
2780 4076 2874 4128 τοῦ
2920 4075 3093 4140 Θεοῦ,
3130 4071 3265 4140 οἷον,
3313 4076 3689 4146 ἐδημιούργησε

2132 4171 2200 4221 τὰ
2228 4170 2408 4222 πάντα
2430 4168 2648 4239 θελήσει
2673 4169 2830 4239 μόνῃ,
2856 4167 2950 4220 καὶ
2976 4169 3267 4223 κατενόουν
3294 4169 3454 4222 αὐτὸν
3470 4165 3691 4229 δυνατὸν,

2132 4259 2376 4331 διετήρει
2403 4262 2447 4292 ³¹
2476 4262 2547 4314 τὰ
2569 4261 2749 4315 πάντα
2775 4263 2840 4331 τῇ
2871 4263 3007 4331 σοφῇ
3035 4260 3324 4331 διοικήσει,
3359 4260 3454 4313 καὶ
3482 4274 3689 4332 «pavor,-

2131 4352 2232 4422 τὴν
2259 4354 2424 4422 σοφὸν
2454 4354 2499 4385 ι’
2529 4351 2903 4420 ἐπεγίνωσκον
2923 4367 2937 4382 ·
2965 4352 3058 4405 καὶ
3088 4351 3243 4405 οὐδὲν
3270 4351 3328 4404 ἐν
3358 4350 3565 4412 τοῦτοις
3587 4364 3689 4400 ποι-

2135 4446 2316 4498 κίλον·
2350 4445 2652 4508 τουτέστιν,
2686 4444 2817 4498 ἄλλο
2854 4443 2954 4513 μὲν
2985 4442 3067 4509 ὃν,
3115 4443 3245 4496 ἄλλο
3293 4443 3351 4497 δὲ
3384 4439 3692 4511 ἀπογεννῶν.

2138 4537 2526 4609 Σαρκωθέντος
2561 4538 2618 4592 δὲ
2659 4539 2754 4591 τοῦ
2790 4538 2927 4594 Θεοῦ
2965 4538 3165 4609 Λόγου,
3195 4539 3287 4594 διὰ
3311 4539 3419 4594 τῶν
3464 4536 3695 4592 ἐναντίων

2137 4634 2205 4687 τὰ
2232 4632 2455 4687 ἐναντία
2490 4631 2854 4703 κατωρθώθη,
2897 4632 2986 4685 διὰ
3018 4633 3250 4686 θανάτου
3290 4632 3423 4704 ζωὴ,
3460 4632 3526 4686 δι’
3558 4628 3695 4683 ἀσθε-

2138 4724 2285 4788 νείας
2334 4724 2602 4796 δύναμις,
2638 4725 2705 4778 δι’
2742 4726 2967 4795 ἀτιμίας
3013 4723 3178 4793 δόξα,
3224 4726 3313 4779 διὰ
3360 4727 3568 4779 πάντων
3603 4719 3693 4772 τῶν

2135 4819 2371 4871 εὐτελῶν
2431 4811 2503 4871 τὰ
2560 4818 2859 4888 θεοπρεπῆ.
2929 4818 3115 4881 Οὕτως
3187 4814 3282 4871 οὖν
3344 4812 3695 4871 πολυποίκιλος

2135 4909 2439 4980 ἐγνιῦσθηή
2478 4911 2641 4979 σοφία
2672 4913 2764 4964 καὶ
2788 4914 2823 4982 ἡ
2846 4912 3073 4981 δύναμις
3096 4912 3189 4965 τοῦ
3232 4910 3370 4965 Θεοῦ
3407 4912 3523 4972 ταῖς
3552 4908 3696 4978 οὐρία

2136 5002 2267 5065 vim;
2289 5003 2550 5073 δυνάμεσι
2568 5001 2685 5057 νῦν.
2706 5003 2836 5056 Ὅτε
2856 5003 2964 5075 γὰρ
2982 5006 3141 5073 ἡμεῖς
3161 5003 3456 5074 ἐμάθομεν,
3482 5000 3597 5052 τότε
3614 4996 3695 5048 κὰ-

2136 5099 2313 5151 κείναι
2331 5095 2398 5150 δι’
2418 5096 2601 5167 ἡμῶν,
2618 5095 2824 5168 ὁρῶσαι
2844 5097 2941 5167 τὴν
2961 5097 3294 5168 Ἐκκλησίαν
3311 5099 3468 5152 τίνων
3488 5091 3697 5165 ἠξιώθη,

2140 5192 2240 5245 καὶ
2272 5192 2341 5244 δι’
2378 5191 2551 5262 αὐτῆς
2584 5192 2664 5255 εἰς
2691 5190 2897 5260 γνῶσιν
2927 5190 3321 5263 ὁδηγοῦμεναι.

447 5279 545 5370 ,lla:
576 5316 671 5373 per
701 5313 802 5353 nos
838 5300 1192 5364 agnoverunt,
1240 5303 1302 5343 ac
1333 5286 1580 5342 videntes
1646 5285 1867 5353 quantis
1912 5284 2067 5341 bonis
2110 5284 2354 5343 Ecclesia
2392 5287 2466 5343 sit
2496 5288 2717 5350 donata.
2782 5301 2881 5357 per
2922 5288 3095 5356 ipsam
3154 5287 3317 5341 etiam
3358 5286 3421 5339 ad
3457 5279 3692 5352 cognitio-

452 5410 574 5450 nem
604 5401 726 5445 sunt
758 5387 1055 5457 perductae.

519 5488 677 5543 Vens.
708 5487 798 5539 il.
833 5502 853 5535 ι
884 5480 1193 5537 Secundum
1233 5475 1644 5548 praeliuitionem
1703 5473 2025 5530 saeculorum

523 5636 548 5663 κ
582 5608 737 5677 Joan.
771 5633 812 5682 ι,
838 5616 894 5671 5.

2215 5493 2234 5525 ε
2283 5474 2439 5528 Κατὰ
2485 5472 2744 5542 πρόθεσιν
2795 5471 2906 5526 τῶν
2953 5469 3201 5536 αἰώνων,
3258 5472 3326 5541 ἦν
3367 5466 3602 5537 ἐποίησεν
3641 5462 3693 5511 ἐν

1814 5720 2013 5782 Variae
2048 5718 2388 5783 lectiones.

526 5840 571 5873 ιτ
637 5835 816 5907 πολλῷ
873 5855 923 5891 υ.
1005 5834 1047 5863 ³⁸
1084 5833 1162 5896 είς
1212 5848 1264 5888 o.

1344 5830 1387 5859 ²⁹
1433 5828 1538 5899 πρὸ
1585 5841 1637 5882 ο.
1716 5827 1759 5858 ⁸ο
1792 5825 1978 5889 ἁπλῶς
2008 5844 2062 5881 υ.

2142 5824 2184 5858 ³⁸
2219 5824 2305 5880 ia’.
2342 5827 2436 5880 καὶ
2460 5825 2542 5879 ὅτι
2573 5824 2708 5879 διετ.
2746 5839 2797 5882 ο.
2883 5826 2923 5856 ³²
2969 5824 3164 5894 σοφίαν
3191 5839 3239 5880 ο.
