3932 6596
262 497 411 562 1073

1050 498 1464 560 EXPOSITIO
1502 498 1583 557 1N
1622 498 1862 558 EPIST.
1905 498 2008 558 AD
2044 500 2311 564 EPIIES.
2350 531 2413 540 —
2447 486 2615 569 CAP.
2649 509 2764 573 I'II.

3381 512 3513 576 rat

255 611 484 686 Χριστῷ
515 610 693 682 Ἰησοῦ
712 609 789 680 τῷ
818 610 1007 681 Κυρίῳ
1032 611 1210 682 ἡμῶν.
1237 624 1257 663 ι
1287 610 1401 664 Νῦν
1429 610 1526 682 μὲν
1548 607 1798 678 ἐγνώσθη
1819 650 1830 672 ,

1945 625 2102 680 quam
2139 616 2264 672 fecit
2292 619 2343 672 in
2379 619 2598 676 Christo
2647 621 2772 678 Jesu
2821 623 3049 682 Domino
3094 635 3299 683 nostro.
3334 650 3352 680 ι
3395 629 3515 687 Jaut

253 706 446 775 φησιν,
473 705 507 775 ἡ
524 704 682 773 σοφία
694 704 802 758 τῶν
819 722 885 758 πε
893 706 949 774 ρ“ι
964 704 1009 736 ⁸³
1022 704 1165 774 ἡμᾶς
1188 703 1518 773 γενομένων,
1542 702 1682 773 πλὴν
1698 701 1835 756 ἄνω-

251 798 347 850 θεν
374 792 447 869 ἦν
470 799 881 868 προωρισμένη.
919 815 938 848 ι
964 797 1118 850 Κατὰ
1171 796 1426 867 πρόθεσιν
1451 814 1469 848 ι
1494 797 1623 867 γὰρ,
1684 796 1839 867 φησι,

258 913 274 943 ι
298 890 417 943 τῶν
431 890 644 945 αἰώνων
661 907 674 920 ο
690 910 709 943 ι
732 890 995 952 τουτέστι,
1011 891 1151 943 κατὰ
1173 890 1481 961 πρόγνωσιν
1497 889 1605 942 τῶν
1632 888 1857 960 μελλόνοη

248 1004 365 1053 των
391 986 627 1042 αἰώνων.
664 987 820 1060 ’ῌδει
852 985 959 1057 γὰρ
982 987 1153 1050 sese;
1176 986 1244 1040 τὰ
1272 985 1527 1056 ἐσόμενα,
1548 985 1641 1038 καὶ
1668 983 1841 1048 οὕτως

249 1080 448 1149 ὥρισε.
484 1081 559 1134 Τὸ
580 1081 658 1143 δὲ,
698 1099 717 1133 ι
756 1081 861 1133 Ἦν
908 1080 1165 1152 εποίησεν
1210 1080 1266 1132 ὲν
1312 1078 1533 1150 Χριστῷ
1563 1077 1773 1148 Ἰησοῦ,
1815 1096 1833 1129 ι

248 1176 465 1227 νοεῖται
499 1174 600 1243 μὲν
624 1173 875 1244 περὶτῆς
906 1172 1118 1241 σοφίας,
1157 1173 1277 1243 ἦτοι
1307 1171 1404 1241 τῆς
1431 1170 1745 1240 οἰκονομίας
1772 1170 1838 1241 ἣν

245 1266 523 1339 ἐποίησεν
549 1269 577 1320 ό
611 1268 805 1338 Πατὴρ
832 1266 919 1320 διὰ
946 1266 1039 1339 τοῦ
1070 1264 1220 1319 Υἱοῦ.
1264 1266 1324 1320 '0
1347 1264 1404 1319 δὲ
1429 1262 1839 1335 Χρυσόστομος,

252 1381 273 1413 ι
305 1353 418 1414 1Ών
465 1360 741 1431 ἐποίησεν,
776 1379 793 1412 ι
839 1361 1128 1428 ἀναγνοὺς,
1165 1353 1265 1412 Ὧν
1312 1358 1567 1429 ἐποίησεν
1601 1357 1833 1419 αἰώνων,

245 1455 446 1525 φησὶν,
498 1455 526 1508 ό
550 1453 679 1518 Θεὸς
708 1453 796 1507 διὰ
835 1453 929 1506 τοῦ
958 1452 1115 1507 Υἱοῦ.

321 1654 342 1686 ι
409 1635 503 1689 Ἐν
534 1627 578 1701 ᾧ
625 1634 825 1705 ἔχομεν
874 1632 974 1703 τὴν
1023 1632 1337 1705 παρρησίαν
1374 1632 1468 1684 καὶ
1532 1632 1633 1702 τὴν
1671 1648 1833 1702 προσ-

242 1727 506 1797 αγωγὴν,
533 1728 590 1779 ὲν
613 1725 939 1797 πεποιθήσει
964 1726 1054 1779 διὰ
1078 1730 1177 1796 τῆς
1204 1726 1442 1788 πίστεως
1464 1723 1650 1778 αὑτοῦ.
1668 1744 1683 1774 ι
1713 1725 1832 1777 Ὀτι

240 1821 332 1872 διὰ
368 1818 475 1871 τοῦ
520 1818 759 1887 Χριστοῦ
793 1819 853 1871 τὸ
900 1818 1007 1870 πᾶν
1048 1817 1275 1885 γέγονε,
1327 1814 1504 1883 δῆλον,
1548 1814 1734 1884 φησὶν,
1773 1815 1832 1881 ἐξ

238 1906 316 1966 ὧν
349 1910 527 1975 αὑτός
572 1912 721 1964 ἐστιν
752 1912 778 1964 ὁ
814 1907 1187 1981 προσαγαγὼν
1230 1908 1397 1978 ἡμᾶς.
1447 1905 1593 1976 Πλὴν
1630 1905 1728 1975 ούχ
1754 1903 1829 1969 ὡς

1945 708 2328 797 nun-equidem
2362 713 2576 783 cognita
2625 725 2729 781 est,
2782 715 2975 787 inquit,
3021 720 3289 791 sapientia
3326 737 3514 778 eorum

1944 812 2063 866 qum
2120 800 2272 855 nobis
2315 800 2617 875 obtigerunt
2676 823 2690 860 :
2745 817 2981 863 attamen
3028 811 3139 877 jam
3176 812 3302 867 olim
3356 826 3514 869 antea

1942 900 2097 944 erant
2116 894 2517 961 prmdestinata.
2534 896 2667 953 Nam
2691 903 3017 955 «secundum
3043 903 3525 973 pt'mﬁttitiout-m,r

1941 982 2138 1052 inquit,
2186 986 2559 1054 tsaautlorum,
2588 1008 2607 1043 ι
2644 992 2747 1047 hoc
2781 1003 2884 1057 est,
2909 995 3204 1050 secundum
3231 997 3513 1065 prmscien-

1941 1076 2068 1130 tiam
2106 1078 2427 1134 saeculorum
2459 1080 2781 1138 futurorum.
2838 1084 3001 1140 Norat
3036 1089 3179 1141 enim
3224 1086 3362 1143 Deus
3396 1105 3516 1159 qua:

1940 1162 2161 1221 ventura
2185 1181 2388 1238 essent,
2419 1180 2471 1227 et
2491 1173 2570 1228 sic
2593 1172 2832 1232 deﬁnivit
2879 1188 3042 1247 atque
3080 1179 3335 1237 decrevit.
3359 1182 3514 1249 Quod
3600 1168 3605 1173 ’

1938 1268 2118 1314 autem
2156 1261 2249 1327 ait,
2286 1279 2304 1314 ι
2336 1261 2506 1329 Quam
2553 1264 2681 1320 fecit
2713 1265 2765 1319 in
2796 1266 3026 1333 Christo,
3061 1267 3209 1336 Jesu,
3242 1290 3263 1323 ι
3315 1272 3515 1329 intelli-

1936 1354 2080 1423 gitur
2131 1353 2196 1409 de
2241 1356 2504 1426 sapientia
2565 1357 2677 1412 sive
2729 1359 3325 1432 dispensatione‘quam
3384 1365 3514 1419 fet-it

1938 1445 2095 1500 Pater
2117 1462 2212 1516 per
2238 1446 2451 1504 Filium.
2478 1449 2890 1522 Chrysostomus
2913 1466 3115 1522 autem,
3148 1473 3167 1508 ι
3201 1455 3330 1523 Quae
3355 1456 3511 1513 fecit)

1936 1538 2285 1609 iegens,Quae
2315 1539 2458 1610 fecit,
2486 1543 2678 1614 inquit,
2704 1545 2899 1603 saecula
2930 1544 3073 1603 Deus
3102 1563 3197 1618 per
3224 1548 3439 1604 Filium.

2007 1631 2166 1687 Vens.
2202 1634 2286 1689 12.
2319 1653 2337 1686 ι
2376 1635 2429 1689 In
2459 1651 2566 1704 quo
2601 1636 2860 1692 habemus
2911 1636 3158 1693 ﬁduciam
3219 1647 3276 1695 et
3325 1654 3513 1695 acces-

1934 1740 2052 1780 sum
2079 1727 2134 1781 in
2166 1726 2488 1782 conﬁdentia
2521 1743 2620 1798 per
2648 1728 2803 1784 ﬁdem
2836 1729 2971 1799 eius.
3016 1751 3034 1784 ι
3064 1733 3212 1797 Quod
3236 1751 3334 1804 per
3354 1735 3513 1791 Citri-

1933 1827 2075 1872 stum
2107 1819 2284 1873 omnia
2319 1818 2456 1873 facta
2486 1821 2615 1887 sint,
2651 1820 2773 1876 hinc
2818 1834 2899 1877 est
2959 1825 3324 1895 perspicuum,
3371 1828 3516 1896 quod

1935 1908 2048 1978 ipse
2081 1918 2161 1963 est
2200 1909 2289 1979 qui
2318 1910 2532 1966 adducit
2560 1926 2678 1966 nos.
2708 1910 2868 1982 Atqui
2904 1930 3008 1967 non
3058 1922 3118 1969 ut
3168 1916 3366 1986 captivi
3418 1918 3513 1973 ad-

236 1972 595 2075 aixpdlwv'mt
644 1972 1034 2074 προσήχθημεν
1056 1972 1098 2067 ,⁷
1120 1972 1356 2062 οὐδ’-νὼς
1411 1972 1829 2069 ἡμαρτηκότες,

1940 2003 2081 2058 ducti
2117 2018 2327 2069 sumus,
2359 2019 2533 2073 neque
2572 2005 2737 2060 veluti
2784 2014 3117 2076 peccatores,
3147 2009 3240 2064 sed
3288 2009 3509 2065 liberta-

239 2095 391 2149 ἀλλὰ
420 2094 739 2166 παρρησίαν
785 2092 982 2163 ἔχομεν
1004 2109 1017 2122 ·
1067 2094 1166 2162 οὐχ
1197 2089 1384 2154 ἁπλῶς
1409 2090 1478 2154 ⁸⁵,
1522 2088 1658 2143 ἀλλά
1694 2088 1832 2160 μετὰ

235 2189 334 2244 τοῦ
375 2187 701 2243 πεποιθέναι
739 2189 832 2242 καὶ
862 2188 1104 2259 θαρρεῖν.
1145 2185 1317 2239 Πόθεν
1360 2182 1418 2238 δὲ
1449 2182 1633 2258 [ταῦτα
1664 2183 1835 2254 quit»;

236 2285 343 2338 Διὰ
366 2285 474 2355 τῆς
496 2283 755 2350 πίστεως,
780 2280 972 2352 φησίν·
1007 2280 1145 2351 αὕτη
1176 2279 1284 2350 γὰρ
1313 2278 1525 2330 λύσασα
1552 2275 1619 2330 τὰ
1651 2276 1831 2347 ἁμαρ-

235 2380 502 2451 τήματα,
534 2375 848 2447 παρρησίαν
881 2373 975 2428 καὶ
1004 2373 1207 2444 θάρρος
1229 2373 1363 2442 ἡμῖν
1395 2368 1637 2440 ἐνέθηκε.

317 2494 341 2527 ι
390 2472 490 2527 Διὸ
525 2468 783 2540 αἰτοῦμαι
813 2466 889 2537 μὴ
923 2465 1181 2519 ὲκκακεῖν
1229 2464 1286 2514 ὲν
1325 2462 1445 2523 ταῖς
1486 2457 1700 2527 θλίψεσί
1728 2474 1828 2527 μου

235 2570 394 2638 ὑπερ
427 2564 606 2635 ὑμῶν,
640 2563 761 2633 ἥτις
791 2560 907 2612 ἐστὶ
929 2556 1056 2621 δόξα
1087 2554 1260 2627 ὑμῶν.
1294 2572 1312 2605 ι
1341 2553 1439 2606 Διὰ
1467 2550 1647 2616 τοῦτο,
1674 2551 1828 2620 φησί.

241 2664 414 2714 Ποῖον
437 2675 454 2724 ;
485 2658 630 2712 Διότι
655 2656 798 2726 μέγα
826 2653 888 2705 τὸ
915 2651 1209 2721 μυστήριον
1237 2647 1335 2717 τῆς
1366 2644 1610 2715 κλήσεως
1645 2643 1828 2714 ὑμῶν,

236 2754 336 2805 καὶ
393 2748 609 2822 μεγάλα
647 2747 683 2801 ἃ
718 2741 1108 2811 ὲνεπιστεύθην
1153 2736 1297 2808 ἐγὼ,
1349 2735 1491 2789 ὣστε
1536 2734 1829 2805 κηρύττειν

238 2847 406 2916 ὑμῖν,
461 2840 559 2895 καὶ
610 2839 827 2908 ἀνάγκη
866 2834 984 2888 ἐστὶ
1027 2831 1273 2886 δεδέσθαι
1302 2846 1403 2900 με,
1453 2825 1550 2881 καὶ
1600 2826 1830 2893 πάσχειν

236 2936 442 3000 κακῶς
482 2932 633 3004 παρὰ
668 2932 777 2985 τῶν
810 2930 885 3001 μὴ
926 2926 1216 2981 συνιέντων
1250 2923 1309 2977 τὸ
1347 2921 1664 2994 μυστήριον,
1697 2916 1833 2971 ἀλλὰ

235 3028 682 3098 ἀντιλεγόντων
736 3022 999 3093 αἰτοῦμαι
1052 3019 1198 3089 ὑμᾶς
1245 3017 1332 3070 ἴνα
1387 3014 1462 3086 μὴ
1512 3010 1826 3081 ἐκκακῆτεο

234 3126 527 3188 τουτέστι,
569 3117 917 3191 ταράσσησθε
943 3116 1038 3169 καὶ
1063 3110 1389 3184 θορυδῆσθε,
1413 3109 1487 3171 ὼς
1513 3104 1829 3178 παραλόγου

234 3218 394 3278 τινὸς
421 3211 741 3283 γενομένου.
772 3206 911 3273 Δόξα
936 3204 1044 3274 γὰρ
1074 3200 1226 3272 ὑμῶν
1253 3198 1453 3270 μᾶλλον
1474 3195 1632 3250 τοῦτό
1659 3196 1828 3258 ἐστιν,

1938 2106 2044 2151 tem
2082 2095 2395 2151 habemus:
2454 2112 2628 2166 neque
2689 2114 2805 2154 eam
2863 2099 3187 2169 simplicem,
3238 2104 3333 2157 sed
3389 2117 3511 2158 cum

1936 2188 2259 2245 conﬁdentia
2292 2197 2345 2242 et
2375 2186 2588 2244 ﬁducia.
2622 2188 2779 2246 Unde
2807 2206 2936 2246 vero
2971 2191 3088 2247 hznc
3131 2193 3289 2250 nobis
3331 2194 3514 2249 bona?

1935 2282 2037 2337 Per
2062 2282 2239 2348 ﬁdem,
2266 2282 2438 2355 inquit
2467 2299 2484 2341 :
2510 2285 2624 2339 hanc
2661 2285 2802 2340 enim
2838 2298 3057 2356 peccata
3083 2288 3321 2356 solvens,
3351 2289 3516 2361 390

1936 2375 2239 2429 libertatem
2275 2374 2433 2430 nobis
2464 2384 2517 2432 et
2546 2375 2799 2433 ﬁduciam
2851 2377 3126 2450 imposuit.

2009 2467 2165 2522 Vens.
2208 2467 2297 2524 15.
2335 2487 2353 2520 ι
2390 2466 2749 2539 Propterhoc
2776 2479 2919 2539 peto,
2950 2477 3008 2524 ut
3035 2485 3136 2524 non
3161 2470 3424 2526 deﬁciatis
3457 2472 3509 2526 iu

1934 2557 2309 2615 afﬂictionibus
2337 2559 2471 2614 meis
2492 2575 2588 2630 pro
2614 2559 2787 2625 vobis,
2809 2574 2929 2631 qua:
2953 2568 3036 2616 est
3056 2559 3225 2629 gloria
3251 2571 3451 2617 vestra.
3480 2585 3508 2612 ιι

1932 2651 2158 2722 Pmpter
2198 2654 2319 2719 hoc,
2373 2652 2564 2721 inquit.
2615 2650 2785 2720 Quale
2822 2652 2969 2708 hoc?
3005 2650 3158 2719 Quod
3202 2653 3390 2723 ingens
3441 2654 3512 2707 sit

1934 2746 2247 2817 mysterium
2287 2745 2582 2801 vocatiOnis
2608 2751 2820 2813 vestrae,
2850 2756 2906 2799 et
2938 2744 3080 2815 quod
3139 2760 3331 2815 magna
3379 2745 3509 2797 mihi

1933 2842 2137 2896 credita
2176 2850 2297 2895 sunt
2327 2850 2386 2895 ut
2418 2839 2703 2910 praedicem
2735 2839 2908 2906 vobis,
2937 2854 3000 2894 ac
3033 2854 3257 2895 necesse
3284 2852 3371 2895 est
3426 2857 3509 2893 tttc

1933 2935 2168 2987 vinctum
2197 2946 2339 2998 esse,
2385 2942 2441 2988 et
2470 2929 2630 3001 afﬂigi
2675 2929 2742 2985 ab
2803 2931 2867 2987 iis
2905 2932 2995 3001 qui
3054 2946 3159 2987 non
3210 2931 3510 3002 intelligunt

1934 3024 2251 3098 mysterium
2290 3025 2417 3091 hoc,
2445 3023 2538 3080 sed
2570 3024 2620 3080 ei
2659 3024 3071 3092 contradicunt;
3106 3040 3234 3094 rogo
3282 3040 3399 3092 vos,
3453 3037 3512 3079 ut

1932 3134 2040 3175 non
2067 3118 2358 3184 deliciatis,
2391 3119 2493 3172 hoc
2521 3127 2629 3183 est,
2670 3117 2959 3172 turbemini
3019 3118 3506 3185 tumultueminive,

1931 3229 2033 3269 ceu
2065 3229 2151 3269 res
2188 3212 2451 3284 quaepiam
2498 3221 2693 3281 praeter
2729 3210 3036 3281 opinionem
3091 3210 3396 3284 contigerit.
3453 3212 3509 3266 1n

237 3317 333 3367 ὅτι
366 3309 545 3371 οὕτως
572 3305 858 3376 ἠγάπησεν
892 3299 1036 3371 ὑμᾶς
1063 3297 1108 3329 ³⁵
1142 3296 1169 3349 ὁ
1195 3294 1349 3357 Θεὸς,
1387 3290 1526 3344 ὥστε
1565 3289 1626 3343 ού
1670 3287 1830 3357 μόνον

1940 3306 2160 3378 gloriam
2196 3304 2339 3360 enim
2386 3306 2487 3359 hoc
2534 3314 2765 3357 vesuam
2812 3304 2989 3373 potlus
3044 3302 3206 3370 cedit,
3250 3302 3393 3372 quod
3437 3302 3509 3356 ita

236 3409 342 3462 τὸν
389 3401 523 3455 Υἱὸν
571 3395 737 3451 αὑτοῦ
771 3393 956 3447 δοῦναι
988 3389 1130 3461 ὑπὲρ
1151 3387 1342 3459 ὑμῶν,
1392 3385 1529 3438 ἀλλὰ
1563 3385 1657 3437 καὶ
1682 3383 1829 3454 ἡμᾶς

236 3499 381 3560 τοὺς
424 3492 644 3554 δούλους
684 3484 851 3541 αὐτοῦ
889 3482 977 3537 διὰ
1004 3482 1103 3551 τὴν
1154 3478 1423 3550 ὑμετέραν
1451 3474 1720 3545 ὠφέλειαν
1750 3475 1830 3537 εἰς

237 3590 535 3650 κινδύνους
564 3583 833 3648 ἐκδιδόναι
880 3576 975 3631 καὶ
1006 3566 1202 3646 δεσμά.
1256 3573 1319 3626 Εἰ
1350 3572 1406 3625 δὲ
1449 3571 1504 3623 αἱ
1554 3569 1686 3639 ἐμαὶ
1720 3567 1831 3621 eu.

235 3689 375 3757 ψεις
417 3680 549 3745 δόξα.
589 3676 764 3747 ὑμῶν,
816 3669 995 3741 πολλῷ
1029 3667 1228 3740 μᾶλλον
1273 3664 1362 3719 διὰ
1402 3663 1511 3718 τῶν
1549 3660 1830 3732 ὑμετέρων

236 3751 674 3843 δοξασθήσεσθε.
731 3765 897 3819 ’Ὥστε
954 3760 1092 3832 μηδὲ
1143 3759 1269 3813 ὃταν
1330 3756 1484 3810 αὐτοὶ
1538 3751 1828 3823 θλιδησθε,

237 3865 567 3923 ὲκκακείτε.

321 3979 344 4011 ι
391 3955 597 4011 Τούτου
629 3953 789 4024 χάριν
825 3948 1067 4019 κάμπτω
1099 3945 1166 3998 τὰ
1194 3942 1396 4012 γόνατά
1439 3956 1540 4011 μου
1569 3936 1705 4008 πρὸς
1738 3935 1830 3987 τὸν

238 4051 481 4116 Πατέρα
500 4046 591 4101 τοῦ
619 4041 824 4115 Κυρίου
849 4040 1006 4113 ἡμῶν
1027 4036 1205 4109 Ἰησοῦ
1228 4032 1486 4106 Χριστοῦ,
1513 4031 1571 4099 ἐξ
1595 4024 1655 4084 οὗ
1680 4029 1830 4081 πᾶσα

238 4143 463 4216 πατριὰ
489 4143 547 4194 ὲν
568 4136 784 4210 οὐρανῷ
806 4134 898 4187 καὶ
921 4133 1013 4184 ἐπὶ
1036 4131 1139 4200 γῆς
1159 4125 1507 4195 ὀνομάζεται.
1544 4140 1560 4173 ι
1611 4117 1830 4189 Ἐπειδὴ

237 4213 431 4300 οὕτως
475 4231 823 4306 ὴγαπήθητε,
872 4226 966 4281 καὶ
998 4220 1367 4290 ἀκατάληπτά
1409 4219 1516 4270 εἰσι
1547 4217 1614 4269 τὰ
1649 4213 1828 4283 ἀγαθὰ

237 4331 323 4391 ὢν
363 4330 587 4400 ἐτύχετε
618 4326 710 4380 καὶ
742 4319 998 4388 τεύξεσθε
1025 4336 1038 4350 ·
1072 4317 1324 4386 εθχομαι,
1361 4311 1548 4380 φησὶν,
1585 4310 1672 4362 ἵνα
1701 4306 1827 4378 δοθῇ

239 4430 382 4500 ὑμῖν
410 4424 569 4496 χάρις
596 4421 976 4488 ἑνοικήσαντος
999 4412 1129 4481 ὑμῖν
1155 4407 1249 4462 τοῦ
1279 4403 1540 4476 Χριστοῦ,
1590 4400 1828 4456 καταλα·

238 4491 369 4572 δεῖν
401 4491 545 4572 αὐτὰ
571 4512 635 4575 ³⁸,
676 4510 771 4563 καὶ
812 4504 1015 4574 γνῶναι
1065 4500 1181 4563 πῶς
1229 4495 1578 4568 ὴγαπήθητε.
1616 4492 1728 4564 Τὴν
1773 4491 1829 4544 δὲ

244 4610 397 4682 μετὰ
420 4604 765 4670 κατανύξεως
784 4600 968 4668 δέησιν
998 4595 1237 4664 ἐσήμανε
1260 4588 1347 4643 διὰ
1370 4588 1486 4654 τοῦ,
1519 4606 1537 4639 ι
1578 4586 1828 4682 Κάμπτω

237 4677 318 4759 τὰ
359 4697 565 4772 γόνατά
611 4713 733 4767 μου.
772 4712 789 4744 ι
837 4691 934 4744 Ἐκ
959 4686 1051 4742 τοῦ
1092 4686 1205 4739 ἄνω
1233 4682 1289 4735 δὲ
1310 4682 1517 4751 Πατρός
1552 4696 1571 4731 ι
1605 4677 1775 4742 πᾶσα,
1804 4694 1822 4725 ι

241 4768 413 4867 φησι,
442 4812 461 4844 ι
505 4790 741 4861 πατριὰ·
774 4804 792 4838 ι
820 4813 889 4824 -
922 4801 940 4835 ι
974 4780 1068 4835 ἐπὶ
1092 4778 1190 4848 τῆς
1207 4777 1309 4847 γῆς
1359 4795 1379 4828 ι
1400 4773 1500 4867 μὲν
1516 4772 1614 4867 τας
1636 4768 1827 4867 γενεὰς

239 4860 539 4956 ὀνομάζων
567 4860 825 4949 πατριὰς,
860 4875 969 4928 ἀπὸ
999 4868 1094 4925 τοῦ
1130 4866 1242 4922 τῶν
1276 4866 1529 4935 πατέρων
1561 4860 1827 4930 ὀνόματος

240 4949 400 5035 θειτῷ
435 4972 802 5043 καλουμέναςο
861 4989 879 5018 ι
942 4965 999 5018 ὲν
1055 4959 1270 5033 οὐρανῷ
1324 4976 1344 5009 ι
1396 4955 1474 5021 δὲ,
1534 4955 1658 5005 ἐπεὶ
1709 4949 1829 5002 ἐκεῖ

241 5044 431 5128 οὐδεὶς
473 5061 532 5126 ἐξ
565 5059 777 5121 οὐδενὸς
818 5055 1105 5125 γεννᾶται,
1137 5048 1369 5120 πατριὰς
1402 5047 1471 5098 τα
1504 5048 1829 5112 συστήματα

242 5160 404 5225 λέγει
428 5154 472 5187 ⁸⁷
496 5169 510 5182 ·
554 5150 826 5213 τουτέστι,
858 5145 954 5198 καὶ
987 5144 1084 5206 τὰς
1115 5141 1228 5196 ἅνω
1279 5139 1370 5191 καὶ
1409 5137 1506 5198 τὰς
1537 5133 1690 5188 κάτω
1723 5150 1825 5201 φυ-

244 5253 351 5312 λὰς
402 5244 563 5307 αὐτὸς
617 5241 877 5309 εποίησε,
926 5237 1021 5293 καὶ
1074 5234 1169 5288 ἀπ’
1221 5228 1386 5284 αὑτοῦ
1432 5225 1828 5296 ὀνομαζόμενοι

248 5340 517 5410 πατέρες.

331 5541 351 5574 ι
387 5523 508 5576 ’Ίνα
536 5518 647 5591 δῴη
681 5518 810 5588 ὑμῖν
848 5513 991 5567 κατὰ,
1026 5512 1115 5564 τὸν
1147 5509 1377 5564 πλοῦτον
1408 5508 1506 5579 τῆς
1535 5505 1694 5576 δόξης
1730 5506 1828 5560 αὑ.

247 5614 370 5678 τοῦ,
400 5612 629 5681 δυνάμει
657 5605 1063 5679 κραταιωθῆναι
1089 5603 1175 5657 διὰ
1198 5600 1290 5656 τοῦ
1315 5599 1635 5671 Πνεύματος
1662 5598 1827 5653 αὐτοῦ

253 5708 336 5769 εἵς
369 5705 461 5759 τὸν
487 5704 594 5756 ἔσω
622 5701 906 5771 ἄνθρωπον
928 5713 942 5729 ’
972 5693 1299 5763 κατοικῆσαι
1342 5693 1434 5746 τὸν
1476 5692 1711 5764 Χριστὸν
1740 5691 1828 5745 διὰ

1934 3414 2028 3455 vos
2058 3397 2243 3452 dilexit
2271 3395 2432 3462 Deus,
2463 3404 2522 3449 ut
2549 3394 2744 3448 nedum
2794 3391 2984 3448 Filium
3020 3406 3175 3448 suum
3214 3406 3312 3462 pro
3359 3393 3511 3447 vobis

1933 3490 2103 3557 daret,
2129 3503 2310 3543 verum
2335 3489 2497 3542 etiam
2524 3502 2620 3541 nos
2646 3500 2831 3542 servos
2862 3501 2992 3542 suos
3046 3493 3236 3542 vestrae
3271 3501 3511 3541 commo-

1933 3586 2113 3642 ditatis
2135 3584 2306 3656 gratia
2339 3583 2391 3638 in
2417 3581 2656 3654 pericula
2685 3589 2739 3637 et
2762 3581 2974 3637 vincula
3006 3582 3319 3652 conjiceret.
3353 3580 3507 3646 Quod

1931 3680 1976 3734 si
2015 3692 2148 3733 meae
2177 3673 2494 3730 aﬂlictiones
2545 3673 2716 3745 gloria
2749 3680 2926 3728 vestra
2974 3680 3076 3740 est,
3122 3672 3289 3727 multo
3341 3673 3510 3742 magis

1931 3786 2027 3842 per
2071 3778 2280 3824 vestras
2328 3765 2785 3837 gloriﬁcabimini.
2840 3764 3019 3832 Quare
3069 3779 3242 3835 neque
3289 3765 3507 3834 quando

1931 3861 2031 3932 ipsi
2065 3859 2394 3931 all‘igamini,
2424 3856 2711 3913 deﬁciatis.

2002 3953 2164 4009 Vens.
2197 3952 2285 4017 14,
2319 3951 2406 4007 15.
2444 3974 2463 4003 ι
2503 3948 2673 4019 Hujus
2715 3948 2789 4003 rei
2816 3948 2985 4021 gratia
3013 3946 3172 4002 [lecto
3196 3961 3368 4018 genua
3388 3959 3508 4000 mea

1932 4049 1996 4105 ad
2025 4046 2237 4100 Patrem
2272 4041 2485 4099 Domini
2518 4040 2688 4097 nostri
2733 4037 2857 4095 Jesu
2898 4039 3120 4096 Christi.
3152 4038 3230 4093 Ex
3254 4054 3361 4109 quo
3388 4053 3508 4094 om-

1931 4140 2015 4194 nis
2045 4136 2341 4208 pateraitas
2364 4138 2416 4190 In
2441 4134 2578 4191 ctelo
2600 4143 2654 4189 et
2676 4135 2726 4189 iu
2750 4144 2887 4189 terra
2913 4131 3244 4189 nominatur.
3280 4149 3298 4183 ι
3327 4129 3510 4200 Quan-

1930 4230 2221 4299 doquidem
2253 4228 2386 4282 adeo
2420 4224 2601 4281 dilecti
2631 4225 2791 4292 estis,
2835 4230 2890 4278 εἰ
2940 4221 3506 4292 incomprehensibilia

1931 4330 2059 4379 sunt.
2080 4322 2220 4377 bona
2253 4333 2372 4390 qua:
2422 4318 2570 4373 nacti
2624 4316 2757 4372 estis
2808 4325 2862 4371 et
2911 4314 3323 4380 nanciscemini,
3375 4311 3507 4380 Oro,

1933 4417 2126 4487 inquit,
2164 4422 2222 4469 ut
2252 4414 2410 4468 detur
2438 4411 2596 4467 vobis
2623 4409 2793 4479 gratia
2825 4405 3209 4462 commorantis
3253 4405 3305 4459 in
3359 4404 3510 4460 vobis

1930 4506 2154 4570 Christi,
2189 4514 2248 4561 ut
2276 4501 2750 4574 comprehendatis
2791 4514 2876 4565 ea,
2914 4499 3205 4566 sciatisque
3246 4504 3508 4567 quantum

1932 4599 2113 4655 dilecti
2145 4597 2285 4653 sitis.
2321 4594 2691 4651 Precationem
2730 4604 2907 4646 autem
2940 4605 3065 4646 cum
3088 4588 3509 4658 compunctioue

1935 4690 2277 4761 signiﬁcavit,
2310 4702 2428 4742 cum
2454 4684 2608 4749 dicit,
2639 4682 2851 4739 «Flecto
2875 4696 3050 4753 genua
3073 4696 3216 4737 mea.
3253 4700 3272 4731 ι
3303 4678 3381 4732 Ex
3411 4694 3509 4734 su-

1937 4795 2102 4849 perno
2116 4787 2294 4832 autem
2317 4775 2474 4831 Patre
2498 4773 2733 4830 «omnis:
2759 4782 2861 4841 est,
2883 4771 3077 4842 inquit,
3105 4769 3432 4841 «paternitas
3456 4784 3504 4821 τι

1933 4904 2005 4916 --
2026 4891 2044 4925 ι
2085 4885 2247 4938 super
2279 4883 2474 4925 terram
2511 4886 2530 4920 ι
2563 4867 2777 4937 quidem
2801 4864 3180 4937 generationes
3198 4871 3254 4917 et
3275 4860 3508 4916 familias

1936 4960 2225 5017 nominans
2247 4957 2500 5030 πατριὰς.
2528 4973 2559 5013 a
2586 4968 2795 5027 patrum
2823 4955 3045 5011 nomine
3074 4955 3151 5010 sic
3175 4951 3506 5023 appellatas:

1943 5072 1961 5105 ι
1998 5052 2053 5106 iu
2083 5050 2237 5107 ccelis
2292 5060 2493 5116 autem,
2529 5068 2548 5102 ι
2583 5049 2709 5117 quia
2753 5047 2859 5103 illic
2914 5060 3073 5102 nemo
3125 5061 3192 5100 ex
3257 5043 3506 5114 quopiam

1937 5144 2223 5209 nascitur,,
2263 5142 2611 5212 paternitates
2669 5141 2781 5195 sive
2835 5138 3064 5193 familias
3096 5136 3239 5203 ipsos
3293 5132 3510 5188 ordines

1937 5247 1991 5297 et
2025 5237 2221 5292 choros
2256 5231 2387 5290 dicit
2417 5248 2431 5285 :
2462 5232 2563 5286 hoc
2598 5238 2699 5292 est,
2739 5244 2859 5282 cum
2888 5225 3193 5296 superiores
3217 5233 3328 5279 tum
3372 5222 3508 5278 infe-

1938 5333 2109 5388 riores
2142 5327 2265 5397 ipse,
2288 5324 2456 5380 tribus
2483 5322 2629 5389 fecit,
2661 5330 2715 5376 et
2751 5321 2818 5375 ab
2864 5319 2979 5389 ipso
3004 5326 3132 5373 sunt
3177 5317 3267 5388 qui
3331 5319 3509 5372 nomi-

1936 5432 2138 5478 nantur
2165 5428 2366 5491 patres.

2006 5508 2173 5570 Vsus.
2216 5512 2303 5577 16,
2336 5511 2420 5565 17.
2459 5528 2477 5561 ι
2521 5507 2589 5564 Ut
2621 5507 2712 5562 det
2747 5504 2897 5561 vobis
2945 5503 3236 5560 secundum
3293 5499 3509 5557 divitias

1931 5605 2117 5675 gloriae
2143 5616 2276 5667 suae,
2304 5600 2502 5653 virtute
2549 5594 2886 5653 corroborari
2926 5609 3021 5664 per
3050 5593 3311 5662 Spiritum
3347 5607 3507 5647 suum

1933 5700 1984 5752 in
2031 5676 2270 5748 interiori
2311 5691 2527 5745 homine
2555 5706 2568 5743 :
2596 5700 2653 5742 ut
2713 5688 2917 5744 habitet
2953 5687 3201 5743 Christus
3232 5700 3325 5758 per
3348 5683 3508 5740 ﬁdem

1622 5842 1816 5903 Varias
1844 5840 2167 5904 lectiones.

339 5976 381 6007 ³³
422 5973 554 6045 πρὸς
585 5987 635 6027 o.
715 5973 757 6006 "‘
797 5970 886 6050 καὶ
919 5967 1118 6038 ταύτην
1159 5966 1257 6037 οὐχ
1290 5964 1476 6029 ἁπλῶς
1518 5979 1587 6019 m.
1667 5964 1710 5995 ³⁵
1750 5962 2004 6032 ἐποίησεν
2044 5962 2189 6030 ἡμᾶς
2212 5973 2263 6014 o.
2347 5956 2390 5990 ³⁸
2424 5957 2592 6031 αὐτὴν
2622 5973 2673 6015 0.
2756 5959 2797 5992 ³⁷
2834 5957 3006 6027 λέγων
3029 5970 3081 6012 o.
