  <div class='ocr_page' id='page_1' title='image "/cluster/home/n/w/nwhite01/storage/ocr_20150623/124/hvd.32044019208206/579.png"; bbox 0 0 3932 6610; ppageno 0'>
   <div class='ocr_carea' id='block_1_1' title="bbox 440 550 574 613">
    <p class='ocr_par' dir='ltr' id='par_1_1' title="bbox 440 550 574 613">
     <span class='ocr_line' id='line_1_1' title="bbox 440 550 574 613; baseline 0.045 -6"><span class='ocrx_word' id='word_1_1' title='bbox 440 550 574 613; x_wconf 80' lang='grc' dir='ltr'><strong>1υ75</strong></span> 
     </span>
    </p>
   </div>
   <div class='ocr_carea' id='block_1_2' title="bbox 1316 558 2735 640">
    <p class='ocr_par' dir='ltr' id='par_1_2' title="bbox 1316 558 2735 640">
     <span class='ocr_line' id='line_1_2' title="bbox 1316 558 2735 640; baseline 0.017 -24"><span class='ocrx_word' id='word_1_2' title='bbox 1316 558 1899 623; x_wconf 80' lang='lat' dir='ltr'><strong>THEOPHYLACTI</strong></span> <span class='ocrx_word' id='word_1_3' title='bbox 1937 565 2341 630; x_wconf 72' lang='lat' dir='ltr'><strong>BUl.GAl{l/E</strong></span> <span class='ocrx_word' id='word_1_4' title='bbox 2380 574 2735 640; x_wconf 79' lang='lat' dir='ltr'><strong>ARClIlEP.</strong></span> 
     </span>
    </p>
   </div>
   <div class='ocr_carea' id='block_1_3' title="bbox 3526 577 3644 642">
    <p class='ocr_par' dir='ltr' id='par_1_3' title="bbox 3526 577 3644 642">
     <span class='ocr_line' id='line_1_3' title="bbox 3526 577 3644 642; baseline 0 -1"><span class='ocrx_word' id='word_1_5' title='bbox 3526 577 3644 642; x_wconf 65' lang='lat'><strong>1076</strong></span> 
     </span>
    </p>
   </div>
   <div class='ocr_carea' id='block_1_4' title="bbox 363 663 2013 764">
    <p class='ocr_par' dir='ltr' id='par_1_4' title="bbox 436 663 2012 731">
     <span class='ocr_line' id='line_1_4' title="bbox 436 663 2012 731; baseline 0.01 -14"><span class='ocrx_word' id='word_1_6' title='bbox 436 663 490 717; x_wconf 89' lang='lat' dir='ltr'><strong>in</strong></span> <span class='ocrx_word' id='word_1_7' title='bbox 537 664 790 719; x_wconf 85' lang='lat' dir='ltr'><strong>cordibus</strong></span> <span class='ocrx_word' id='word_1_8' title='bbox 829 665 1027 721; x_wconf 88' lang='lat' dir='ltr'><strong>vestris</strong></span> <span class='ocrx_word' id='word_1_9' title='bbox 1072 683 1087 721; x_wconf 91' lang='lat'><strong>:</strong></span> <span class='ocrx_word' id='word_1_10' title='bbox 1124 667 1177 721; x_wconf 91' lang='lat' dir='ltr'><strong>in</strong></span> <span class='ocrx_word' id='word_1_11' title='bbox 1221 669 1489 726; x_wconf 88' lang='lat' dir='ltr'><strong>charitate</strong></span> <span class='ocrx_word' id='word_1_12' title='bbox 1544 673 1768 728; x_wconf 85' lang='lat' dir='ltr'><strong>r&#39;adicati</strong></span> <span class='ocrx_word' id='word_1_13' title='bbox 1809 688 1865 731; x_wconf 81' lang='lat' dir='ltr'><strong>et</strong></span> <span class='ocrx_word' id='word_1_14' title='bbox 1895 677 2012 731; x_wconf 77' lang='lat' dir='ltr'><strong>fun-</strong></span> 
     </span>
    </p>
   </div>
   <div class='ocr_carea' id='block_1_5' title="bbox 2121 663 3662 764">
    <p class='ocr_par' dir='ltr' id='par_1_5' title="bbox 2121 683 3662 764">
     <span class='ocr_line' id='line_1_5' title="bbox 2121 683 3662 764; baseline 0.006 -29"><span class='ocrx_word' id='word_1_15' title='bbox 2121 683 2219 747; x_wconf 79' lang='grc' dir='ltr'><strong>τῆς</strong></span> <span class='ocrx_word' id='word_1_16' title='bbox 2259 686 2494 751; x_wconf 87' lang='grc' dir='ltr'>πίστεως</span> <span class='ocrx_word' id='word_1_17' title='bbox 2518 689 2577 740; x_wconf 80' lang='grc' dir='ltr'>ὲν</span> <span class='ocrx_word' id='word_1_18' title='bbox 2607 690 2727 752; x_wconf 86' lang='grc' dir='ltr'>ταῖς</span> <span class='ocrx_word' id='word_1_19' title='bbox 2754 688 3001 760; x_wconf 82' lang='grc' dir='ltr'>καρδὶαις</span> <span class='ocrx_word' id='word_1_20' title='bbox 3026 688 3201 761; x_wconf 69' lang='grc' dir='ltr'>ὑμῶν,</span> <span class='ocrx_word' id='word_1_21' title='bbox 3231 690 3291 742; x_wconf 80' lang='grc' dir='ltr'>ἐν</span> <span class='ocrx_word' id='word_1_22' title='bbox 3315 689 3506 762; x_wconf 77' lang='grc' dir='ltr'>ἀγάπῃ</span> <span class='ocrx_word' id='word_1_23' title='bbox 3532 693 3662 764; x_wconf 77' lang='grc' dir='ltr'>ὲῤῥι-</span> 
     </span>
    </p>
   </div>
   <div class='ocr_carea' id='block_1_6' title="bbox 433 755 2004 832">
    <p class='ocr_par' dir='ltr' id='par_1_6' title="bbox 433 755 2004 832">
     <span class='ocr_line' id='line_1_6' title="bbox 433 755 2004 832; baseline 0.01 -22"><span class='ocrx_word' id='word_1_24' title='bbox 433 756 564 810; x_wconf 83' lang='lat' dir='ltr'><strong>dati.</strong></span> <span class='ocrx_word' id='word_1_25' title='bbox 603 775 623 809; x_wconf 75' lang='grc' dir='ltr'><strong>ι</strong></span> <span class='ocrx_word' id='word_1_26' title='bbox 666 755 864 827; x_wconf 78' lang='lat' dir='ltr'><strong>Ecquid</strong></span> <span class='ocrx_word' id='word_1_27' title='bbox 890 773 990 814; x_wconf 89' lang='lat' dir='ltr'><strong>oro</strong></span> <span class='ocrx_word' id='word_1_28' title='bbox 1020 776 1118 829; x_wconf 88' lang='lat' dir='ltr'><strong>pro</strong></span> <span class='ocrx_word' id='word_1_29' title='bbox 1155 763 1349 819; x_wconf 74' lang='lat' dir='ltr'><strong>vobis?</strong></span> <span class='ocrx_word' id='word_1_30' title='bbox 1380 762 1450 820; x_wconf 90' lang='lat' dir='ltr'><strong>Ut</strong></span> <span class='ocrx_word' id='word_1_31' title='bbox 1485 764 1578 821; x_wconf 86' lang='lat' dir='ltr'><strong>det</strong></span> <span class='ocrx_word' id='word_1_32' title='bbox 1605 770 1773 832; x_wconf 82' lang='lat' dir='ltr'><strong>vobis,</strong></span> <span class='ocrx_word' id='word_1_33' title='bbox 1807 785 1904 824; x_wconf 63' lang='grc' dir='ltr'>(νου</span> <span class='ocrx_word' id='word_1_34' title='bbox 1923 772 2004 826; x_wconf 85' lang='lat' dir='ltr'><strong>di-</strong></span> 
     </span>
    </p>
   </div>
   <div class='ocr_carea' id='block_1_7' title="bbox 432 853 2003 926">
    <p class='ocr_par' dir='ltr' id='par_1_7' title="bbox 432 853 2003 926">
     <span class='ocr_line' id='line_1_7' title="bbox 432 853 2003 926; baseline 0.008 -20"><span class='ocrx_word' id='word_1_35' title='bbox 432 867 527 907; x_wconf 79' lang='lat' dir='ltr'><strong>ves</strong></span> <span class='ocrx_word' id='word_1_36' title='bbox 555 860 608 906; x_wconf 79' lang='lat' dir='ltr'><strong>et</strong></span> <span class='ocrx_word' id='word_1_37' title='bbox 635 853 922 921; x_wconf 77' lang='lat' dir='ltr'><strong>gluriticari</strong></span> <span class='ocrx_word' id='word_1_38' title='bbox 954 857 1159 926; x_wconf 83' lang='lat' dir='ltr'><strong>volens,</strong></span> <span class='ocrx_word' id='word_1_39' title='bbox 1206 861 1469 915; x_wconf 80' lang='lat' dir='ltr'><strong>adversus</strong></span> <span class='ocrx_word' id='word_1_40' title='bbox 1518 865 1842 921; x_wconf 85' lang='lat' dir='ltr'><strong>tentatioues</strong></span> <span class='ocrx_word' id='word_1_41' title='bbox 1885 882 2003 919; x_wconf 78' lang='lat' dir='ltr'><strong>t&#39;or-</strong></span> 
     </span>
    </p>
   </div>
   <div class='ocr_carea' id='block_1_8' title="bbox 422 945 2005 1018">
    <p class='ocr_par' dir='ltr' id='par_1_8' title="bbox 422 945 2005 1018">
     <span class='ocr_line' id='line_1_8' title="bbox 422 945 2005 1018; baseline 0.008 -20"><span class='ocrx_word' id='word_1_42' title='bbox 422 945 697 1009; x_wconf 77' lang='lat' dir='ltr'><strong>‘roborari,</strong></span> <span class='ocrx_word' id='word_1_43' title='bbox 727 954 784 1001; x_wconf 91' lang='lat' dir='ltr'><strong>ut</strong></span> <span class='ocrx_word' id='word_1_44' title='bbox 814 963 918 1001; x_wconf 91' lang='lat' dir='ltr'><strong>non</strong></span> <span class='ocrx_word' id='word_1_45' title='bbox 949 950 1239 1005; x_wconf 86' lang='lat' dir='ltr'><strong>turbentini</strong></span> <span class='ocrx_word' id='word_1_46' title='bbox 1279 954 1347 1006; x_wconf 84' lang='lat' dir='ltr'><strong>ab</strong></span> <span class='ocrx_word' id='word_1_47' title='bbox 1377 952 1546 1018; x_wconf 82' lang='lat' dir='ltr'><strong>hisce,</strong></span> <span class='ocrx_word' id='word_1_48' title='bbox 1594 970 1660 1010; x_wconf 84' lang='lat' dir='ltr'><strong>ac</strong></span> <span class='ocrx_word' id='word_1_49' title='bbox 1711 957 2005 1012; x_wconf 76' lang='lat' dir='ltr'><strong>transtera-</strong></span> 
     </span>
    </p>
   </div>
   <div class='ocr_carea' id='block_1_9' title="bbox 433 1034 2005 1111">
    <p class='ocr_par' dir='ltr' id='par_1_9' title="bbox 433 1034 2005 1111">
     <span class='ocr_line' id='line_1_9' title="bbox 433 1034 2005 1111; baseline 0.011 -24"><span class='ocrx_word' id='word_1_50' title='bbox 433 1034 562 1088; x_wconf 86' lang='lat' dir='ltr'><strong>Initti</strong></span> <span class='ocrx_word' id='word_1_51' title='bbox 595 1035 723 1091; x_wconf 87' lang='lat' dir='ltr'><strong>alio.</strong></span> <span class='ocrx_word' id='word_1_52' title='bbox 757 1036 927 1094; x_wconf 89' lang='lat' dir='ltr'><strong>Porro</strong></span> <span class='ocrx_word' id='word_1_53' title='bbox 955 1055 1065 1095; x_wconf 88' lang='lat' dir='ltr'><strong>non</strong></span> <span class='ocrx_word' id='word_1_54' title='bbox 1117 1050 1408 1100; x_wconf 79' lang='lat' dir='ltr'><strong>cantetttus</strong></span> <span class='ocrx_word' id='word_1_55' title='bbox 1439 1045 1641 1111; x_wconf 83' lang='lat' dir='ltr'><strong>dicere,</strong></span> <span class='ocrx_word' id='word_1_56' title='bbox 1686 1066 1705 1100; x_wconf 82' lang='lat' dir='ltr'><strong>t</strong></span> <span class='ocrx_word' id='word_1_57' title='bbox 1733 1047 2005 1104; x_wconf 89' lang='lat' dir='ltr'><strong>Corrobo-</strong></span> 
     </span>
    </p>
   </div>
   <div class='ocr_carea' id='block_1_10' title="bbox 430 1125 2008 1212">
    <p class='ocr_par' dir='ltr' id='par_1_10' title="bbox 430 1125 2008 1212">
     <span class='ocr_line' id='line_1_10' title="bbox 430 1125 2008 1212; baseline 0.011 -33"><span class='ocrx_word' id='word_1_58' title='bbox 430 1125 598 1186; x_wconf 63' lang='lat' dir='ltr'><strong>rari.»</strong></span> <span class='ocrx_word' id='word_1_59' title='bbox 624 1128 838 1197; x_wconf 85' lang='lat' dir='ltr'><strong>adjecit,</strong></span> <span class='ocrx_word' id='word_1_60' title='bbox 872 1130 960 1185; x_wconf 68' lang='lat' dir='ltr'><strong>«In</strong></span> <span class='ocrx_word' id='word_1_61' title='bbox 983 1134 1257 1201; x_wconf 88' lang='lat' dir='ltr'><strong>potentia:</strong></span> <span class='ocrx_word' id='word_1_62' title='bbox 1288 1153 1311 1187; x_wconf 75' lang='grc' dir='ltr'><strong>ι</strong></span> <span class='ocrx_word' id='word_1_63' title='bbox 1327 1150 1391 1190; x_wconf 88' lang='lat' dir='ltr'><strong>ex</strong></span> <span class='ocrx_word' id='word_1_64' title='bbox 1407 1136 1698 1192; x_wconf 82' lang='lat' dir='ltr'><strong>abundanti</strong></span> <span class='ocrx_word' id='word_1_65' title='bbox 1722 1140 1864 1194; x_wconf 89' lang='lat' dir='ltr'><strong>enim</strong></span> <span class='ocrx_word' id='word_1_66' title='bbox 1883 1157 2008 1212; x_wconf 88' lang='lat' dir='ltr'><strong>pre-</strong></span> 
     </span>
    </p>
   </div>
   <div class='ocr_carea' id='block_1_11' title="bbox 431 1219 2007 1289">
    <p class='ocr_par' dir='ltr' id='par_1_11' title="bbox 431 1219 2007 1289">
     <span class='ocr_line' id='line_1_11' title="bbox 431 1219 2007 1289; baseline 0.01 -16"><span class='ocrx_word' id='word_1_67' title='bbox 431 1227 584 1273; x_wconf 87' lang='lat' dir='ltr'><strong>catur</strong></span> <span class='ocrx_word' id='word_1_68' title='bbox 610 1219 689 1273; x_wconf 90' lang='lat' dir='ltr'><strong>eis</strong></span> <span class='ocrx_word' id='word_1_69' title='bbox 720 1219 880 1275; x_wconf 87' lang='lat' dir='ltr'><strong>bona.</strong></span> <span class='ocrx_word' id='word_1_70' title='bbox 916 1221 1197 1289; x_wconf 85' lang='lat' dir='ltr'><strong>Quomodo</strong></span> <span class='ocrx_word' id='word_1_71' title='bbox 1219 1236 1400 1280; x_wconf 82' lang='lat' dir='ltr'><strong>autent</strong></span> <span class='ocrx_word' id='word_1_72' title='bbox 1432 1230 1814 1286; x_wconf 79' lang='lat' dir='ltr'><strong>corroborari?</strong></span> <span class='ocrx_word' id='word_1_73' title='bbox 1848 1252 1866 1284; x_wconf 78' lang='grc' dir='ltr'><strong>ι</strong></span> <span class='ocrx_word' id='word_1_74' title='bbox 1901 1232 2007 1288; x_wconf 82' lang='lat' dir='ltr'><strong>Per</strong></span> 
     </span>
    </p>
   </div>
   <div class='ocr_carea' id='block_1_12' title="bbox 437 1307 2000 1390">
    <p class='ocr_par' dir='ltr' id='par_1_12' title="bbox 437 1307 2000 1390">
     <span class='ocr_line' id='line_1_12' title="bbox 437 1307 2000 1390; baseline 0.01 -29"><span class='ocrx_word' id='word_1_75' title='bbox 437 1307 693 1376; x_wconf 78' lang='lat' dir='ltr'><strong>Spiritum</strong></span> <span class='ocrx_word' id='word_1_76' title='bbox 713 1309 831 1380; x_wconf 86' lang='lat' dir='ltr'><strong>ejus</strong></span> <span class='ocrx_word' id='word_1_77' title='bbox 862 1327 877 1364; x_wconf 89' lang='lat'><strong>:</strong></span> <span class='ocrx_word' id='word_1_78' title='bbox 915 1329 936 1364; x_wconf 72' lang='grc' dir='ltr'><strong>ι</strong></span> <span class='ocrx_word' id='word_1_79' title='bbox 966 1312 1078 1382; x_wconf 88' lang='lat' dir='ltr'><strong>ipse</strong></span> <span class='ocrx_word' id='word_1_80' title='bbox 1108 1329 1338 1386; x_wconf 84' lang='lat' dir='ltr'><strong>namque</strong></span> <span class='ocrx_word' id='word_1_81' title='bbox 1368 1325 1453 1371; x_wconf 89' lang='lat' dir='ltr'><strong>est</strong></span> <span class='ocrx_word' id='word_1_82' title='bbox 1472 1319 1561 1388; x_wconf 89' lang='lat' dir='ltr'><strong>qui</strong></span> <span class='ocrx_word' id='word_1_83' title='bbox 1591 1320 1753 1376; x_wconf 93' lang='lat' dir='ltr'><strong>robur</strong></span> <span class='ocrx_word' id='word_1_84' title='bbox 1781 1323 2000 1390; x_wconf 65' lang='lat' dir='ltr'><strong>praebet.</strong></span> 
     </span>
    </p>
   </div>
   <div class='ocr_carea' id='block_1_13' title="bbox 437 1392 2005 1474">
    <p class='ocr_par' dir='ltr' id='par_1_13' title="bbox 437 1392 2005 1474">
     <span class='ocr_line' id='line_1_13' title="bbox 437 1392 2005 1474; baseline 0.01 -22"><span class='ocrx_word' id='word_1_85' title='bbox 437 1396 589 1452; x_wconf 92' lang='lat' dir='ltr'><strong>Sicut</strong></span> <span class='ocrx_word' id='word_1_86' title='bbox 617 1408 674 1454; x_wconf 86' lang='lat' dir='ltr'><strong>et</strong></span> <span class='ocrx_word' id='word_1_87' title='bbox 712 1397 898 1465; x_wconf 80' lang='lat' dir='ltr'><strong>Isaias,</strong></span> <span class='ocrx_word' id='word_1_88' title='bbox 945 1420 964 1454; x_wconf 77' lang='grc' dir='ltr'>ι</span> <span class='ocrx_word' id='word_1_89' title='bbox 1008 1392 1267 1474; x_wconf 73' lang='lat' dir='ltr'><strong>Spiritum</strong></span> <span class='ocrx_word' id='word_1_90' title='bbox 1300 1407 1510 1462; x_wconf 83' lang='lat' dir='ltr'><strong>roboris</strong></span> <span class='ocrx_word' id='word_1_91' title='bbox 1549 1426 1569 1460; x_wconf 75' lang='grc' dir='ltr'>ι</span> <span class='ocrx_word' id='word_1_92' title='bbox 1608 1410 1759 1465; x_wconf 89' lang='lat' dir='ltr'><strong>dicit.</strong></span> <span class='ocrx_word' id='word_1_93' title='bbox 1788 1412 1854 1466; x_wconf 85' lang='lat' dir='ltr'><strong>Et</strong></span> <span class='ocrx_word' id='word_1_94' title='bbox 1900 1429 2005 1467; x_wconf 88' lang='lat' dir='ltr'><strong>non</strong></span> 
     </span>
    </p>
   </div>
   <div class='ocr_carea' id='block_1_14' title="bbox 433 1492 2012 1571">
    <p class='ocr_par' dir='ltr' id='par_1_14' title="bbox 433 1492 2012 1571">
     <span class='ocr_line' id='line_1_14' title="bbox 433 1492 2012 1571; baseline 0.008 -28"><span class='ocrx_word' id='word_1_95' title='bbox 433 1492 605 1546; x_wconf 73' lang='lat' dir='ltr'><strong>solum</strong></span> <span class='ocrx_word' id='word_1_96' title='bbox 639 1502 698 1547; x_wconf 93' lang='lat' dir='ltr'><strong>ut</strong></span> <span class='ocrx_word' id='word_1_97' title='bbox 726 1493 1127 1564; x_wconf 80' lang='lat' dir='ltr'><strong>confortcmiul,</strong></span> <span class='ocrx_word' id='word_1_98' title='bbox 1152 1513 1338 1553; x_wconf 80' lang='lat' dir='ltr'><strong>verum</strong></span> <span class='ocrx_word' id='word_1_99' title='bbox 1367 1501 1530 1555; x_wconf 89' lang='lat' dir='ltr'><strong>etiam</strong></span> <span class='ocrx_word' id='word_1_100' title='bbox 1561 1504 1702 1571; x_wconf 91' lang='lat' dir='ltr'><strong>quod</strong></span> <span class='ocrx_word' id='word_1_101' title='bbox 1736 1502 1908 1570; x_wconf 85' lang='lat' dir='ltr'><strong>majus</strong></span> <span class='ocrx_word' id='word_1_102' title='bbox 1928 1514 2012 1557; x_wconf 71' lang='lat' dir='ltr'><strong>est</strong></span> 
     </span>
    </p>
   </div>
   <div class='ocr_carea' id='block_1_15' title="bbox 430 1585 2009 1653">
    <p class='ocr_par' dir='ltr' id='par_1_15' title="bbox 430 1585 2009 1653">
     <span class='ocr_line' id='line_1_15' title="bbox 430 1585 2009 1653; baseline 0.009 -17"><span class='ocrx_word' id='word_1_103' title='bbox 430 1596 486 1641; x_wconf 77' lang='lat' dir='ltr'><strong>ct</strong></span> <span class='ocrx_word' id='word_1_104' title='bbox 523 1585 903 1653; x_wconf 87' lang='lat' dir='ltr'><strong>abundantius,</strong></span> <span class='ocrx_word' id='word_1_105' title='bbox 942 1607 961 1641; x_wconf 80' lang='grc' dir='ltr'>ι</span> <span class='ocrx_word' id='word_1_106' title='bbox 1001 1600 1059 1644; x_wconf 88' lang='grc' dir='ltr'><strong>ιιι</strong></span> <span class='ocrx_word' id='word_1_107' title='bbox 1090 1600 1146 1645; x_wconf 85' lang='lat' dir='ltr'><strong>et</strong></span> <span class='ocrx_word' id='word_1_108' title='bbox 1172 1589 1418 1648; x_wconf 80' lang='lat' dir='ltr'><strong>Chrisms</strong></span> <span class='ocrx_word' id='word_1_109' title='bbox 1471 1594 1738 1649; x_wconf 90' lang='lat' dir='ltr'><strong>inhabitet</strong></span> <span class='ocrx_word' id='word_1_110' title='bbox 1784 1596 2009 1651; x_wconf 80' lang='lat' dir='ltr'><strong>interio-</strong></span> 
     </span>
    </p>
   </div>
   <div class='ocr_carea' id='block_1_16' title="bbox 433 1678 2005 1747">
    <p class='ocr_par' dir='ltr' id='par_1_16' title="bbox 433 1678 2005 1747">
     <span class='ocr_line' id='line_1_16' title="bbox 433 1678 2005 1747; baseline 0.006 -16"><span class='ocrx_word' id='word_1_111' title='bbox 433 1692 546 1731; x_wconf 85' lang='lat' dir='ltr'><strong>rem</strong></span> <span class='ocrx_word' id='word_1_112' title='bbox 585 1678 856 1734; x_wconf 84' lang='lat' dir='ltr'><strong>hominem</strong></span> <span class='ocrx_word' id='word_1_113' title='bbox 895 1697 915 1732; x_wconf 73' lang='grc' dir='ltr'>ι</span> <span class='ocrx_word' id='word_1_114' title='bbox 981 1692 1260 1736; x_wconf 83' lang='lat' dir='ltr'><strong>vestrum:</strong></span> <span class='ocrx_word' id='word_1_115' title='bbox 1289 1683 1390 1738; x_wconf 91' lang='lat' dir='ltr'><strong>hoc</strong></span> <span class='ocrx_word' id='word_1_116' title='bbox 1437 1694 1541 1747; x_wconf 87' lang='lat' dir='ltr'><strong>est,</strong></span> <span class='ocrx_word' id='word_1_117' title='bbox 1578 1703 1597 1734; x_wconf 81' lang='grc' dir='ltr'>ι</span> <span class='ocrx_word' id='word_1_118' title='bbox 1648 1684 1702 1738; x_wconf 93' lang='lat' dir='ltr'><strong>In</strong></span> <span class='ocrx_word' id='word_1_119' title='bbox 1750 1686 2005 1741; x_wconf 85' lang='lat' dir='ltr'><strong>cordibus</strong></span> 
     </span>
    </p>
   </div>
   <div class='ocr_carea' id='block_1_17' title="bbox 434 1770 2003 1846">
    <p class='ocr_par' dir='ltr' id='par_1_17' title="bbox 434 1770 2003 1846">
     <span class='ocr_line' id='line_1_17' title="bbox 434 1770 2003 1846; baseline 0.01 -28"><span class='ocrx_word' id='word_1_120' title='bbox 434 1770 646 1832; x_wconf 50' lang='grc' dir='ltr'><strong>νομιεῖς,</strong></span> <span class='ocrx_word' id='word_1_121' title='bbox 681 1788 698 1821; x_wconf 73' lang='grc' dir='ltr'>ι</span> <span class='ocrx_word' id='word_1_122' title='bbox 745 1787 848 1825; x_wconf 91' lang='lat' dir='ltr'><strong>nou</strong></span> <span class='ocrx_word' id='word_1_123' title='bbox 894 1771 1177 1837; x_wconf 87' lang='lat' dir='ltr'><strong>superticie</strong></span> <span class='ocrx_word' id='word_1_124' title='bbox 1231 1783 1406 1841; x_wconf 89' lang='lat' dir='ltr'><strong>tenus,</strong></span> <span class='ocrx_word' id='word_1_125' title='bbox 1454 1776 1549 1830; x_wconf 87' lang='lat' dir='ltr'><strong>sed</strong></span> <span class='ocrx_word' id='word_1_126' title='bbox 1602 1777 1655 1829; x_wconf 91' lang='lat' dir='ltr'><strong>in</strong></span> <span class='ocrx_word' id='word_1_127' title='bbox 1717 1777 2003 1846; x_wconf 79' lang='lat' dir='ltr'><strong>profundo.</strong></span> 
     </span>
    </p>
   </div>
   <div class='ocr_carea' id='block_1_18' title="bbox 431 1859 2003 1925">
    <p class='ocr_par' dir='ltr' id='par_1_18' title="bbox 431 1859 2003 1925">
     <span class='ocr_line' id='line_1_18' title="bbox 431 1859 2003 1925; baseline 0.006 -14"><span class='ocrx_word' id='word_1_128' title='bbox 431 1859 676 1925; x_wconf 78' lang='lat' dir='ltr'><strong>Quanam</strong></span> <span class='ocrx_word' id='word_1_129' title='bbox 709 1860 959 1915; x_wconf 75' lang='lat' dir='ltr'><strong>ratione?</strong></span> <span class='ocrx_word' id='word_1_130' title='bbox 984 1861 1087 1915; x_wconf 84' lang='lat' dir='ltr'><strong>Per</strong></span> <span class='ocrx_word' id='word_1_131' title='bbox 1121 1862 1302 1918; x_wconf 77' lang='lat' dir='ltr'><strong>ﬁdem.</strong></span> <span class='ocrx_word' id='word_1_132' title='bbox 1336 1863 1470 1918; x_wconf 84' lang='lat' dir='ltr'><strong>Nam</strong></span> <span class='ocrx_word' id='word_1_133' title='bbox 1502 1867 1554 1919; x_wconf 92' lang='lat' dir='ltr'><strong>in</strong></span> <span class='ocrx_word' id='word_1_134' title='bbox 1584 1867 1839 1922; x_wconf 78' lang='lat' dir='ltr'><strong>cordibus</strong></span> <span class='ocrx_word' id='word_1_135' title='bbox 1870 1868 2003 1921; x_wconf 87' lang='lat' dir='ltr'><strong>tide-</strong></span> 
     </span>
    </p>
   </div>
   <div class='ocr_carea' id='block_1_19' title="bbox 434 1951 2006 2033">
    <p class='ocr_par' dir='ltr' id='par_1_19' title="bbox 434 1951 2006 2033">
     <span class='ocr_line' id='line_1_19' title="bbox 434 1951 2006 2033; baseline 0.006 -30"><span class='ocrx_word' id='word_1_136' title='bbox 434 1951 560 2004; x_wconf 88' lang='lat' dir='ltr'><strong>littm</strong></span> <span class='ocrx_word' id='word_1_137' title='bbox 603 1951 805 2006; x_wconf 83' lang='lat' dir='ltr'><strong>habitat</strong></span> <span class='ocrx_word' id='word_1_138' title='bbox 836 1953 1106 2020; x_wconf 84' lang='lat' dir='ltr'><strong>Christus,</strong></span> <span class='ocrx_word' id='word_1_139' title='bbox 1136 1955 1295 2033; x_wconf 75' lang='lat'><strong>391</strong></span> <span class='ocrx_word' id='word_1_140' title='bbox 1329 1971 1451 2011; x_wconf 90' lang='lat' dir='ltr'><strong>eum</strong></span> <span class='ocrx_word' id='word_1_141' title='bbox 1486 1957 1648 2013; x_wconf 81' lang='lat' dir='ltr'><strong>Patre</strong></span> <span class='ocrx_word' id='word_1_142' title='bbox 1683 1959 1924 2020; x_wconf 84' lang='lat' dir='ltr'><strong>veniens,</strong></span> <span class='ocrx_word' id='word_1_143' title='bbox 1949 1969 2006 2012; x_wconf 86' lang='lat' dir='ltr'><strong>et</strong></span> 
     </span>
    </p>
   </div>
   <div class='ocr_carea' id='block_1_20' title="bbox 434 2043 2011 2120">
    <p class='ocr_par' dir='ltr' id='par_1_20' title="bbox 434 2043 2011 2120">
     <span class='ocr_line' id='line_1_20' title="bbox 434 2043 2011 2120; baseline 0.006 -26"><span class='ocrx_word' id='word_1_144' title='bbox 434 2043 768 2098; x_wconf 83' lang='lat' dir='ltr'><strong>mansionem</strong></span> <span class='ocrx_word' id='word_1_145' title='bbox 830 2047 880 2099; x_wconf 93' lang='lat' dir='ltr'><strong>in</strong></span> <span class='ocrx_word' id='word_1_146' title='bbox 937 2046 1043 2102; x_wconf 83' lang='lat' dir='ltr'><strong>illis</strong></span> <span class='ocrx_word' id='word_1_147' title='bbox 1090 2047 1312 2112; x_wconf 80' lang='lat' dir='ltr'><strong>faciens,</strong></span> <span class='ocrx_word' id='word_1_148' title='bbox 1358 2051 1808 2116; x_wconf 83' lang='lat' dir='ltr'><strong>quemadmodum</strong></span> <span class='ocrx_word' id='word_1_149' title='bbox 1873 2067 2011 2120; x_wconf 64' lang='lat' dir='ltr'><strong>prae-</strong></span> 
     </span>
    </p>
   </div>
   <div class='ocr_carea' id='block_1_21' title="bbox 433 2133 2011 2206">
    <p class='ocr_par' dir='ltr' id='par_1_21' title="bbox 433 2133 2011 2206">
     <span class='ocr_line' id='line_1_21' title="bbox 433 2133 2011 2206; baseline 0.006 -23"><span class='ocrx_word' id='word_1_150' title='bbox 433 2133 565 2185; x_wconf 85' lang='lat' dir='ltr'><strong>dixit</strong></span> <span class='ocrx_word' id='word_1_151' title='bbox 583 2142 633 2186; x_wconf 74' lang='grc'>1.</span> <span class='ocrx_word' id='word_1_152' title='bbox 695 2134 820 2191; x_wconf 70' lang='lat' dir='ltr'><strong>Haec</strong></span> <span class='ocrx_word' id='word_1_153' title='bbox 851 2145 1030 2193; x_wconf 86' lang='lat' dir='ltr'><strong>autem</strong></span> <span class='ocrx_word' id='word_1_154' title='bbox 1074 2139 1465 2206; x_wconf 86' lang='lat' dir='ltr'><strong>asseqncmini,</strong></span> <span class='ocrx_word' id='word_1_155' title='bbox 1501 2140 1722 2194; x_wconf 79' lang='lat' dir='ltr'><strong>radicati</strong></span> <span class='ocrx_word' id='word_1_156' title='bbox 1757 2139 1810 2194; x_wconf 91' lang='lat' dir='ltr'><strong>in</strong></span> <span class='ocrx_word' id='word_1_157' title='bbox 1845 2142 2011 2195; x_wconf 81' lang='lat' dir='ltr'><strong>dilec-</strong></span> 
     </span>
    </p>
   </div>
   <div class='ocr_carea' id='block_1_22' title="bbox 435 2224 2011 2291">
    <p class='ocr_par' dir='ltr' id='par_1_22' title="bbox 435 2224 2011 2291">
     <span class='ocr_line' id='line_1_22' title="bbox 435 2224 2011 2291; baseline 0.007 -15"><span class='ocrx_word' id='word_1_158' title='bbox 435 2225 578 2279; x_wconf 84' lang='lat' dir='ltr'><strong>tione</strong></span> <span class='ocrx_word' id='word_1_159' title='bbox 609 2224 747 2291; x_wconf 83' lang='lat' dir='ltr'><strong>ejus,</strong></span> <span class='ocrx_word' id='word_1_160' title='bbox 774 2228 821 2281; x_wconf 91' lang='lat' dir='ltr'><strong>si</strong></span> <span class='ocrx_word' id='word_1_161' title='bbox 851 2242 950 2282; x_wconf 85' lang='lat' dir='ltr'><strong>nec</strong></span> <span class='ocrx_word' id='word_1_162' title='bbox 980 2230 1379 2286; x_wconf 81' lang='lat' dir='ltr'><strong>transteramini</strong></span> <span class='ocrx_word' id='word_1_163' title='bbox 1412 2246 1511 2286; x_wconf 86' lang='lat' dir='ltr'><strong>nec</strong></span> <span class='ocrx_word' id='word_1_164' title='bbox 1550 2233 1864 2286; x_wconf 90' lang='lat' dir='ltr'><strong>turbemiui.</strong></span> <span class='ocrx_word' id='word_1_165' title='bbox 1918 2231 2011 2287; x_wconf 77' lang='lat' dir='ltr'><strong>Vel</strong></span> 
     </span>
    </p>
   </div>
   <div class='ocr_carea' id='block_1_23' title="bbox 432 2317 2008 2391">
    <p class='ocr_par' dir='ltr' id='par_1_23' title="bbox 432 2317 2008 2391">
     <span class='ocr_line' id='line_1_23' title="bbox 432 2317 2008 2391; baseline 0.004 -21"><span class='ocrx_word' id='word_1_166' title='bbox 432 2317 597 2383; x_wconf 76' lang='lat' dir='ltr'><strong>igitur</strong></span> <span class='ocrx_word' id='word_1_167' title='bbox 622 2318 730 2373; x_wconf 87' lang='lat' dir='ltr'><strong>duo</strong></span> <span class='ocrx_word' id='word_1_168' title='bbox 760 2321 840 2374; x_wconf 85' lang='lat' dir='ltr'><strong>eis</strong></span> <span class='ocrx_word' id='word_1_169' title='bbox 867 2320 1130 2375; x_wconf 81' lang='lat' dir='ltr'><strong>divinitus</strong></span> <span class='ocrx_word' id='word_1_170' title='bbox 1159 2320 1276 2376; x_wconf 88' lang='lat' dir='ltr'><strong>dari</strong></span> <span class='ocrx_word' id='word_1_171' title='bbox 1309 2334 1583 2391; x_wconf 84' lang='lat' dir='ltr'><strong>precatur,</strong></span> <span class='ocrx_word' id='word_1_172' title='bbox 1628 2335 1681 2377; x_wconf 89' lang='lat' dir='ltr'><strong>et</strong></span> <span class='ocrx_word' id='word_1_173' title='bbox 1712 2325 2008 2378; x_wconf 73' lang='lat' dir='ltr'><strong>contui-Lini</strong></span> 
     </span>
    </p>
   </div>
   <div class='ocr_carea' id='block_1_24' title="bbox 436 2410 2010 2479">
    <p class='ocr_par' dir='ltr' id='par_1_24' title="bbox 436 2410 2010 2479">
     <span class='ocr_line' id='line_1_24' title="bbox 436 2410 2010 2479; baseline 0.005 -18"><span class='ocrx_word' id='word_1_174' title='bbox 436 2426 531 2476; x_wconf 85' lang='lat' dir='ltr'><strong>per</strong></span> <span class='ocrx_word' id='word_1_175' title='bbox 572 2410 873 2479; x_wconf 79' lang='lat' dir='ltr'><strong>Spiritum,</strong></span> <span class='ocrx_word' id='word_1_176' title='bbox 924 2421 977 2466; x_wconf 90' lang='lat' dir='ltr'><strong>et</strong></span> <span class='ocrx_word' id='word_1_177' title='bbox 1029 2412 1301 2469; x_wconf 85' lang='lat' dir='ltr'><strong>Christum</strong></span> <span class='ocrx_word' id='word_1_178' title='bbox 1349 2415 1677 2471; x_wconf 87' lang='lat' dir='ltr'><strong>commorari</strong></span> <span class='ocrx_word' id='word_1_179' title='bbox 1729 2417 1783 2471; x_wconf 87' lang='lat' dir='ltr'><strong>in</strong></span> <span class='ocrx_word' id='word_1_180' title='bbox 1832 2416 2010 2469; x_wconf 86' lang='lat' dir='ltr'><strong>cordi-</strong></span> 
     </span>
    </p>
   </div>
   <div class='ocr_carea' id='block_1_25' title="bbox 434 2500 2011 2574">
    <p class='ocr_par' dir='ltr' id='par_1_25' title="bbox 434 2500 2011 2574">
     <span class='ocr_line' id='line_1_25' title="bbox 434 2500 2011 2574; baseline 0.006 -21"><span class='ocrx_word' id='word_1_181' title='bbox 434 2501 533 2554; x_wconf 85' lang='lat' dir='ltr'><strong>bus</strong></span> <span class='ocrx_word' id='word_1_182' title='bbox 552 2500 787 2570; x_wconf 87' lang='lat' dir='ltr'><strong>ipsorum</strong></span> <span class='ocrx_word' id='word_1_183' title='bbox 817 2521 832 2557; x_wconf 87' lang='lat'><strong>:</strong></span> <span class='ocrx_word' id='word_1_184' title='bbox 862 2503 969 2570; x_wconf 84' lang='lat' dir='ltr'><strong>vel,</strong></span> <span class='ocrx_word' id='word_1_185' title='bbox 999 2503 1065 2559; x_wconf 93' lang='lat' dir='ltr'><strong>Ut</strong></span> <span class='ocrx_word' id='word_1_186' title='bbox 1096 2503 1497 2569; x_wconf 81' lang='lat' dir='ltr'><strong>confortemini,</strong></span> <span class='ocrx_word' id='word_1_187' title='bbox 1522 2506 1717 2574; x_wconf 79' lang='lat' dir='ltr'><strong>inquit,</strong></span> <span class='ocrx_word' id='word_1_188' title='bbox 1753 2519 1806 2562; x_wconf 90' lang='lat' dir='ltr'><strong>et</strong></span> <span class='ocrx_word' id='word_1_189' title='bbox 1833 2508 2011 2562; x_wconf 65' lang='lat' dir='ltr'><strong>idonei</strong></span> 
     </span>
    </p>
   </div>
   <div class='ocr_carea' id='block_1_26' title="bbox 432 2590 2013 2655">
    <p class='ocr_par' dir='ltr' id='par_1_26' title="bbox 432 2590 2013 2655">
     <span class='ocr_line' id='line_1_26' title="bbox 432 2590 2013 2655; baseline 0.006 -12"><span class='ocrx_word' id='word_1_190' title='bbox 432 2590 736 2647; x_wconf 86' lang='lat' dir='ltr'><strong>etliciamini</strong></span> <span class='ocrx_word' id='word_1_191' title='bbox 774 2602 833 2648; x_wconf 88' lang='grc' dir='ltr'><strong>ιιι</strong></span> <span class='ocrx_word' id='word_1_192' title='bbox 873 2593 1121 2655; x_wconf 83' lang='lat' dir='ltr'><strong>Christus</strong></span> <span class='ocrx_word' id='word_1_193' title='bbox 1168 2596 1371 2651; x_wconf 81' lang='lat' dir='ltr'><strong>habitet</strong></span> <span class='ocrx_word' id='word_1_194' title='bbox 1398 2597 1451 2650; x_wconf 89' lang='lat' dir='ltr'><strong>in</strong></span> <span class='ocrx_word' id='word_1_195' title='bbox 1492 2597 1753 2653; x_wconf 86' lang='lat' dir='ltr'><strong>interiore</strong></span> <span class='ocrx_word' id='word_1_196' title='bbox 1797 2599 2013 2653; x_wconf 89' lang='lat' dir='ltr'><strong>homine</strong></span> 
     </span>
    </p>
   </div>
   <div class='ocr_carea' id='block_1_27' title="bbox 434 2699 638 2743">
    <p class='ocr_par' dir='ltr' id='par_1_27' title="bbox 434 2699 638 2743">
     <span class='ocr_line' id='line_1_27' title="bbox 434 2699 638 2743; baseline 0.015 -3"><span class='ocrx_word' id='word_1_197' title='bbox 434 2699 638 2743; x_wconf 71' lang='grc' dir='ltr'>νοσιιο.</span> 
     </span>
    </p>
   </div>
   <div class='ocr_carea' id='block_1_28' title="bbox 513 2878 2012 2951">
    <p class='ocr_par' dir='ltr' id='par_1_28' title="bbox 513 2878 2012 2951">
     <span class='ocr_line' id='line_1_28' title="bbox 513 2878 2012 2951; baseline 0.007 -21"><span class='ocrx_word' id='word_1_198' title='bbox 513 2878 671 2935; x_wconf 69' lang='grc' dir='ltr'>νειμ.</span> <span class='ocrx_word' id='word_1_199' title='bbox 708 2879 790 2937; x_wconf 83' lang='grc'><strong>18.</strong></span> <span class='ocrx_word' id='word_1_200' title='bbox 821 2900 839 2932; x_wconf 83' lang='grc' dir='ltr'>ι</span> <span class='ocrx_word' id='word_1_201' title='bbox 875 2881 942 2936; x_wconf 90' lang='lat' dir='ltr'><strong>Ut</strong></span> <span class='ocrx_word' id='word_1_202' title='bbox 972 2882 1190 2951; x_wconf 82' lang='lat' dir='ltr'><strong>possitis</strong></span> <span class='ocrx_word' id='word_1_203' title='bbox 1211 2882 1662 2950; x_wconf 86' lang='lat' dir='ltr'><strong>comprehendere</strong></span> <span class='ocrx_word' id='word_1_204' title='bbox 1692 2899 1811 2940; x_wconf 92' lang='lat' dir='ltr'><strong>cum</strong></span> <span class='ocrx_word' id='word_1_205' title='bbox 1835 2886 2012 2940; x_wconf 89' lang='lat' dir='ltr'><strong>omni-</strong></span> 
     </span>
    </p>
   </div>
   <div class='ocr_carea' id='block_1_29' title="bbox 437 2973 2014 3047">
    <p class='ocr_par' dir='ltr' id='par_1_29' title="bbox 437 2973 2014 3047">
     <span class='ocr_line' id='line_1_29' title="bbox 437 2973 2014 3047; baseline 0.004 -22"><span class='ocrx_word' id='word_1_206' title='bbox 437 2974 537 3026; x_wconf 86' lang='lat' dir='ltr'><strong>bus</strong></span> <span class='ocrx_word' id='word_1_207' title='bbox 570 2973 796 3035; x_wconf 81' lang='lat' dir='ltr'><strong>sanctis,</strong></span> <span class='ocrx_word' id='word_1_208' title='bbox 822 2989 942 3043; x_wconf 72' lang='lat' dir='ltr'><strong>qua:</strong></span> <span class='ocrx_word' id='word_1_209' title='bbox 974 2974 1037 3027; x_wconf 89' lang='lat' dir='ltr'><strong>sit</strong></span> <span class='ocrx_word' id='word_1_210' title='bbox 1071 2973 1318 3039; x_wconf 88' lang='lat' dir='ltr'><strong>latitudo,</strong></span> <span class='ocrx_word' id='word_1_211' title='bbox 1363 2984 1419 3029; x_wconf 88' lang='lat' dir='ltr'><strong>et</strong></span> <span class='ocrx_word' id='word_1_212' title='bbox 1440 2975 1737 3045; x_wconf 75' lang='lat' dir='ltr'><strong>longitudo,</strong></span> <span class='ocrx_word' id='word_1_213' title='bbox 1790 2987 1844 3031; x_wconf 91' lang='lat' dir='ltr'><strong>et</strong></span> <span class='ocrx_word' id='word_1_214' title='bbox 1888 2994 2014 3047; x_wconf 89' lang='lat' dir='ltr'><strong>pro-</strong></span> 
     </span>
    </p>
   </div>
   <div class='ocr_carea' id='block_1_30' title="bbox 439 3064 2013 3138">
    <p class='ocr_par' dir='ltr' id='par_1_30' title="bbox 439 3064 2013 3138">
     <span class='ocr_line' id='line_1_30' title="bbox 439 3064 2013 3138; baseline 0.005 -21"><span class='ocrx_word' id='word_1_215' title='bbox 439 3064 693 3124; x_wconf 76' lang='lat' dir='ltr'><strong>funditas.</strong></span> <span class='ocrx_word' id='word_1_216' title='bbox 738 3072 793 3119; x_wconf 82' lang='lat' dir='ltr'><strong>et</strong></span> <span class='ocrx_word' id='word_1_217' title='bbox 834 3065 1156 3120; x_wconf 80' lang='lat' dir='ltr'><strong>sublimitas.</strong></span> <span class='ocrx_word' id='word_1_218' title='bbox 1192 3084 1210 3117; x_wconf 77' lang='grc' dir='ltr'>ι</span> <span class='ocrx_word' id='word_1_219' title='bbox 1246 3066 1396 3133; x_wconf 81' lang='lat' dir='ltr'><strong>Quod</strong></span> <span class='ocrx_word' id='word_1_220' title='bbox 1447 3069 1708 3137; x_wconf 80' lang='lat' dir='ltr'><strong>principio</strong></span> <span class='ocrx_word' id='word_1_221' title='bbox 1762 3081 2013 3138; x_wconf 86' lang='lat' dir='ltr'><strong>precatus</strong></span> 
     </span>
    </p>
   </div>
   <div class='ocr_carea' id='block_1_31' title="bbox 436 3158 1998 3232">
    <p class='ocr_par' dir='ltr' id='par_1_31' title="bbox 436 3158 1998 3232">
     <span class='ocr_line' id='line_1_31' title="bbox 436 3158 1998 3232; baseline 0.006 -23"><span class='ocrx_word' id='word_1_222' title='bbox 436 3166 538 3214; x_wconf 85' lang='lat' dir='ltr'><strong>est.</strong></span> <span class='ocrx_word' id='word_1_223' title='bbox 578 3167 637 3212; x_wconf 90' lang='lat' dir='ltr'><strong>ut</strong></span> <span class='ocrx_word' id='word_1_224' title='bbox 670 3158 826 3213; x_wconf 88' lang='lat' dir='ltr'><strong>detur</strong></span> <span class='ocrx_word' id='word_1_225' title='bbox 855 3160 935 3214; x_wconf 89' lang='lat' dir='ltr'><strong>eis</strong></span> <span class='ocrx_word' id='word_1_226' title='bbox 958 3159 1193 3232; x_wconf 79' lang='lat' dir='ltr'><strong>Spiritus</strong></span> <span class='ocrx_word' id='word_1_227' title='bbox 1219 3159 1498 3229; x_wconf 77' lang='lat' dir='ltr'><strong>sapientia:</strong></span> <span class='ocrx_word' id='word_1_228' title='bbox 1540 3172 1594 3216; x_wconf 91' lang='lat' dir='ltr'><strong>et</strong></span> <span class='ocrx_word' id='word_1_229' title='bbox 1650 3162 1998 3218; x_wconf 68' lang='lat' dir='ltr'><strong>revelathnis</strong></span> 
     </span>
    </p>
   </div>
   <div class='ocr_carea' id='block_1_32' title="bbox 439 3250 2011 3320">
    <p class='ocr_par' dir='ltr' id='par_1_32' title="bbox 439 3250 2011 3320">
     <span class='ocr_line' id='line_1_32' title="bbox 439 3250 2011 3320; baseline 0.004 -18"><span class='ocrx_word' id='word_1_230' title='bbox 439 3258 495 3303; x_wconf 91' lang='lat' dir='ltr'><strong>nt</strong></span> <span class='ocrx_word' id='word_1_231' title='bbox 525 3250 697 3304; x_wconf 88' lang='lat' dir='ltr'><strong>sciant</strong></span> <span class='ocrx_word' id='word_1_232' title='bbox 725 3265 843 3319; x_wconf 73' lang='lat' dir='ltr'><strong>qua:</strong></span> <span class='ocrx_word' id='word_1_233' title='bbox 869 3251 940 3305; x_wconf 86' lang='lat' dir='ltr'><strong>sit</strong></span> <span class='ocrx_word' id='word_1_234' title='bbox 989 3266 1112 3320; x_wconf 87' lang='lat' dir='ltr'><strong>spes</strong></span> <span class='ocrx_word' id='word_1_235' title='bbox 1141 3250 1437 3306; x_wconf 81' lang='lat' dir='ltr'><strong>vocationis</strong></span> <span class='ocrx_word' id='word_1_236' title='bbox 1474 3263 1528 3306; x_wconf 87' lang='lat' dir='ltr'><strong>et</strong></span> <span class='ocrx_word' id='word_1_237' title='bbox 1575 3264 1770 3308; x_wconf 69' lang='lat' dir='ltr'><strong>czctera</strong></span> <span class='ocrx_word' id='word_1_238' title='bbox 1796 3293 1813 3318; x_wconf 95' lang='lat'><strong>,</strong></span> <span class='ocrx_word' id='word_1_239' title='bbox 1872 3253 2011 3308; x_wconf 72' lang='lat' dir='ltr'><strong>idt-m</strong></span> 
     </span>
    </p>
   </div>
   <div class='ocr_carea' id='block_1_33' title="bbox 2116 776 3662 856">
    <p class='ocr_par' dir='ltr' id='par_1_33' title="bbox 2116 776 3662 856">
     <span class='ocr_line' id='line_1_33' title="bbox 2116 776 3662 856; baseline 0.006 -27"><span class='ocrx_word' id='word_1_240' title='bbox 2116 776 2355 847; x_wconf 70' lang='lat' dir='ltr'><strong>Cmpévat</strong></span> <span class='ocrx_word' id='word_1_241' title='bbox 2397 783 2491 835; x_wconf 76' lang='grc' dir='ltr'>καὶ</span> <span class='ocrx_word' id='word_1_242' title='bbox 2521 782 2997 853; x_wconf 76' lang='grc' dir='ltr'><strong>τεθεμελιωμένοι.</strong></span> <span class='ocrx_word' id='word_1_243' title='bbox 3043 804 3061 838; x_wconf 77' lang='grc' dir='ltr'><strong>ι</strong></span> <span class='ocrx_word' id='word_1_244' title='bbox 3115 786 3180 838; x_wconf 85' lang='grc' dir='ltr'>Τί</span> <span class='ocrx_word' id='word_1_245' title='bbox 3235 784 3473 853; x_wconf 74' lang='grc' dir='ltr'>εὔχομαι</span> <span class='ocrx_word' id='word_1_246' title='bbox 3518 785 3662 856; x_wconf 84' lang='grc' dir='ltr'>ὑμῖν;</span> 
     </span>
    </p>
   </div>
   <div class='ocr_carea' id='block_1_34' title="bbox 2121 872 3667 944">
    <p class='ocr_par' dir='ltr' id='par_1_34' title="bbox 2121 872 3667 944">
     <span class='ocr_line' id='line_1_34' title="bbox 2121 872 3667 944; baseline 0.006 -20"><span class='ocrx_word' id='word_1_247' title='bbox 2121 872 2268 927; x_wconf 72' lang='grc' dir='ltr'>ι”ίνα</span> <span class='ocrx_word' id='word_1_248' title='bbox 2293 873 2404 944; x_wconf 80' lang='grc' dir='ltr'>δῴη</span> <span class='ocrx_word' id='word_1_249' title='bbox 2451 876 2642 943; x_wconf 79' lang='grc' dir='ltr'>ύμῖν,»</span> <span class='ocrx_word' id='word_1_250' title='bbox 2677 876 2755 940; x_wconf 82' lang='grc' dir='ltr'><strong>ὡς</strong></span> <span class='ocrx_word' id='word_1_251' title='bbox 2799 875 3049 941; x_wconf 86' lang='grc' dir='ltr'>πλούσιος</span> <span class='ocrx_word' id='word_1_252' title='bbox 3090 878 3186 931; x_wconf 78' lang='grc' dir='ltr'>καὶ</span> <span class='ocrx_word' id='word_1_253' title='bbox 3225 876 3545 941; x_wconf 71' lang='grc' dir='ltr'><strong>δοξάζεσθαι</strong></span> <span class='ocrx_word' id='word_1_254' title='bbox 3597 878 3667 933; x_wconf 84' lang='grc' dir='ltr'><strong>θέ-</strong></span> 
     </span>
    </p>
   </div>
   <div class='ocr_carea' id='block_1_35' title="bbox 2112 963 3661 1038">
    <p class='ocr_par' dir='ltr' id='par_1_35' title="bbox 2112 963 3661 1038">
     <span class='ocr_line' id='line_1_35' title="bbox 2112 963 3661 1038; baseline 0.003 -23"><span class='ocrx_word' id='word_1_255' title='bbox 2112 963 2259 1025; x_wconf 85' lang='grc' dir='ltr'>λων,</span> <span class='ocrx_word' id='word_1_256' title='bbox 2300 964 2708 1035; x_wconf 68' lang='grc' dir='ltr'><strong>κραταιωθῆναι</strong></span> <span class='ocrx_word' id='word_1_257' title='bbox 2764 966 2900 1038; x_wconf 72' lang='grc' dir='ltr'>πρὸς</span> <span class='ocrx_word' id='word_1_258' title='bbox 2955 966 3079 1031; x_wconf 75' lang='grc' dir='ltr'>τοὺς</span> <span class='ocrx_word' id='word_1_259' title='bbox 3135 967 3512 1037; x_wconf 71' lang='grc' dir='ltr'>πειρασμοίδς,</span> <span class='ocrx_word' id='word_1_260' title='bbox 3540 966 3661 1020; x_wconf 80' lang='grc' dir='ltr'>ὥστε</span> 
     </span>
    </p>
   </div>
   <div class='ocr_carea' id='block_1_36' title="bbox 2117 1058 3664 1129">
    <p class='ocr_par' dir='ltr' id='par_1_36' title="bbox 2117 1058 3664 1129">
     <span class='ocr_line' id='line_1_36' title="bbox 2117 1058 3664 1129; baseline 0.001 -19"><span class='ocrx_word' id='word_1_261' title='bbox 2117 1059 2191 1126; x_wconf 83' lang='grc' dir='ltr'><strong>μὴ</strong></span> <span class='ocrx_word' id='word_1_262' title='bbox 2247 1058 2555 1111; x_wconf 75' lang='grc' dir='ltr'><strong>κλονεῖσθαι</strong></span> <span class='ocrx_word' id='word_1_263' title='bbox 2606 1059 2711 1112; x_wconf 74' lang='grc' dir='ltr'><strong>ὑπὸ</strong></span> <span class='ocrx_word' id='word_1_264' title='bbox 2770 1059 2997 1124; x_wconf 85' lang='grc' dir='ltr'>τούτων,</span> <span class='ocrx_word' id='word_1_265' title='bbox 3064 1059 3430 1129; x_wconf 76' lang='grc' dir='ltr'><strong>προσέθηκεν,</strong></span> <span class='ocrx_word' id='word_1_266' title='bbox 3486 1060 3543 1111; x_wconf 82' lang='grc' dir='ltr'>ὲν</span> <span class='ocrx_word' id='word_1_267' title='bbox 3584 1062 3664 1112; x_wconf 82' lang='grc' dir='ltr'>καὶ</span> 
     </span>
    </p>
   </div>
   <div class='ocr_carea' id='block_1_37' title="bbox 2114 1148 3665 1221">
    <p class='ocr_par' dir='ltr' id='par_1_37' title="bbox 2114 1148 3665 1221">
     <span class='ocr_line' id='line_1_37' title="bbox 2114 1148 3665 1221; baseline 0.001 -20"><span class='ocrx_word' id='word_1_268' title='bbox 2114 1148 2555 1219; x_wconf 75' lang='grc' dir='ltr'><strong>παραφέρεσθαι.</strong></span> <span class='ocrx_word' id='word_1_269' title='bbox 2615 1152 2730 1204; x_wconf 81' lang='grc' dir='ltr'>Οὐκ</span> <span class='ocrx_word' id='word_1_270' title='bbox 2797 1150 3088 1221; x_wconf 75' lang='grc' dir='ltr'><strong>ἀρκεσθεὶς</strong></span> <span class='ocrx_word' id='word_1_271' title='bbox 3147 1150 3204 1204; x_wconf 82' lang='grc' dir='ltr'>δὲ</span> <span class='ocrx_word' id='word_1_272' title='bbox 3244 1149 3368 1221; x_wconf 84' lang='grc' dir='ltr'><strong>τῷ,</strong></span> <span class='ocrx_word' id='word_1_273' title='bbox 3455 1168 3476 1202; x_wconf 75' lang='grc' dir='ltr'>ι</span> <span class='ocrx_word' id='word_1_274' title='bbox 3516 1152 3665 1203; x_wconf 73' lang='grc' dir='ltr'>Δυνάο</span> 
     </span>
    </p>
   </div>
   <div class='ocr_carea' id='block_1_38' title="bbox 2116 1241 3664 1313">
    <p class='ocr_par' dir='ltr' id='par_1_38' title="bbox 2116 1241 3664 1313">
     <span class='ocr_line' id='line_1_38' title="bbox 2116 1241 3664 1313; baseline -0.001 -18"><span class='ocrx_word' id='word_1_275' title='bbox 2116 1260 2207 1313; x_wconf 85' lang='grc' dir='ltr'><strong>μει</strong></span> <span class='ocrx_word' id='word_1_276' title='bbox 2264 1243 2377 1312; x_wconf 78' lang='lat' dir='ltr'><strong>(a)°</strong></span> <span class='ocrx_word' id='word_1_277' title='bbox 2421 1262 2439 1294; x_wconf 78' lang='grc' dir='ltr'><strong>ι</strong></span> <span class='ocrx_word' id='word_1_278' title='bbox 2476 1246 2541 1297; x_wconf 83' lang='grc' dir='ltr'>ὲκ</span> <span class='ocrx_word' id='word_1_279' title='bbox 2594 1244 2912 1313; x_wconf 78' lang='grc' dir='ltr'><strong>περιουσίας</strong></span> <span class='ocrx_word' id='word_1_280' title='bbox 2958 1243 3069 1313; x_wconf 79' lang='grc' dir='ltr'><strong>γὰρ</strong></span> <span class='ocrx_word' id='word_1_281' title='bbox 3101 1243 3309 1306; x_wconf 73' lang='grc' dir='ltr'>αὐτοὺς</span> <span class='ocrx_word' id='word_1_282' title='bbox 3337 1241 3419 1313; x_wconf 72' lang='grc' dir='ltr'>Η.</span> <span class='ocrx_word' id='word_1_283' title='bbox 3465 1242 3664 1306; x_wconf 78' lang='grc' dir='ltr'>αὐτοῖς)</span> 
     </span>
    </p>
   </div>
   <div class='ocr_carea' id='block_1_39' title="bbox 2113 1333 3667 1405">
    <p class='ocr_par' dir='ltr' id='par_1_39' title="bbox 2113 1333 3667 1405">
     <span class='ocr_line' id='line_1_39' title="bbox 2113 1333 3667 1405; baseline -0.004 -17"><span class='ocrx_word' id='word_1_284' title='bbox 2113 1333 2404 1404; x_wconf 71' lang='grc' dir='ltr'><strong>ἐπεύχεται</strong></span> <span class='ocrx_word' id='word_1_285' title='bbox 2434 1335 2502 1389; x_wconf 73' lang='grc' dir='ltr'>τι</span> <span class='ocrx_word' id='word_1_286' title='bbox 2542 1336 2740 1402; x_wconf 83' lang='grc' dir='ltr'>ἀγαθά.</span> <span class='ocrx_word' id='word_1_287' title='bbox 2778 1335 2903 1398; x_wconf 83' lang='grc' dir='ltr'><strong>Πῶς</strong></span> <span class='ocrx_word' id='word_1_288' title='bbox 2950 1334 3006 1389; x_wconf 83' lang='grc' dir='ltr'>δὲ</span> <span class='ocrx_word' id='word_1_289' title='bbox 3038 1333 3486 1405; x_wconf 83' lang='grc' dir='ltr'>κραταιωθῆναι;</span> <span class='ocrx_word' id='word_1_290' title='bbox 3526 1350 3545 1382; x_wconf 83' lang='grc' dir='ltr'><strong>ι</strong></span> <span class='ocrx_word' id='word_1_291' title='bbox 3579 1333 3667 1383; x_wconf 66' lang='grc' dir='ltr'><strong>Διὰ</strong></span> 
     </span>
    </p>
   </div>
   <div class='ocr_carea' id='block_1_40' title="bbox 2114 1424 3666 1496">
    <p class='ocr_par' dir='ltr' id='par_1_40' title="bbox 2114 1424 3666 1496">
     <span class='ocr_line' id='line_1_40' title="bbox 2114 1424 3666 1496; baseline -0.003 -17"><span class='ocrx_word' id='word_1_292' title='bbox 2114 1425 2207 1479; x_wconf 82' lang='grc' dir='ltr'>τοῦ</span> <span class='ocrx_word' id='word_1_293' title='bbox 2244 1426 2563 1496; x_wconf 85' lang='grc' dir='ltr'>Πνεύματος</span> <span class='ocrx_word' id='word_1_294' title='bbox 2592 1426 2759 1479; x_wconf 79' lang='grc' dir='ltr'>αὐτοῦ</span> <span class='ocrx_word' id='word_1_295' title='bbox 2778 1443 2794 1459; x_wconf 87' lang='grc'><strong>·</strong></span> <span class='ocrx_word' id='word_1_296' title='bbox 2829 1444 2847 1477; x_wconf 74' lang='grc' dir='ltr'><strong>ι</strong></span> <span class='ocrx_word' id='word_1_297' title='bbox 2877 1425 3011 1479; x_wconf 74' lang='grc' dir='ltr'>αὐτὸ</span> <span class='ocrx_word' id='word_1_298' title='bbox 3031 1426 3140 1496; x_wconf 75' lang='grc' dir='ltr'>γάρ</span> <span class='ocrx_word' id='word_1_299' title='bbox 3170 1427 3288 1477; x_wconf 77' lang='grc' dir='ltr'>ἐστι</span> <span class='ocrx_word' id='word_1_300' title='bbox 3314 1425 3377 1476; x_wconf 70' lang='grc' dir='ltr'>τὸ</span> <span class='ocrx_word' id='word_1_301' title='bbox 3402 1424 3499 1493; x_wconf 80' lang='grc' dir='ltr'><strong>τὴν</strong></span> <span class='ocrx_word' id='word_1_302' title='bbox 3528 1424 3666 1492; x_wconf 70' lang='grc' dir='ltr'>ἰσχὺν</span> 
     </span>
    </p>
   </div>
   <div class='ocr_carea' id='block_1_41' title="bbox 2118 1513 3663 1588">
    <p class='ocr_par' dir='ltr' id='par_1_41' title="bbox 2118 1513 3663 1588">
     <span class='ocr_line' id='line_1_41' title="bbox 2118 1513 3663 1588; baseline -0.005 -17"><span class='ocrx_word' id='word_1_303' title='bbox 2118 1517 2375 1588; x_wconf 78' lang='grc' dir='ltr'>παρέχον.</span> <span class='ocrx_word' id='word_1_304' title='bbox 2403 1517 2613 1587; x_wconf 69' lang='grc' dir='ltr'>’Ὠσπερ</span> <span class='ocrx_word' id='word_1_305' title='bbox 2639 1517 2732 1571; x_wconf 73' lang='grc' dir='ltr'>καὶ</span> <span class='ocrx_word' id='word_1_306' title='bbox 2754 1519 2782 1570; x_wconf 74' lang='grc' dir='ltr'><strong>δ</strong></span> <span class='ocrx_word' id='word_1_307' title='bbox 2818 1517 3069 1581; x_wconf 77' lang='grc' dir='ltr'>Ἡσαΐας,</span> <span class='ocrx_word' id='word_1_308' title='bbox 3102 1534 3122 1568; x_wconf 78' lang='grc' dir='ltr'>ι</span> <span class='ocrx_word' id='word_1_309' title='bbox 3165 1515 3394 1584; x_wconf 79' lang='grc' dir='ltr'>Πνεῦμα</span> <span class='ocrx_word' id='word_1_310' title='bbox 3420 1513 3616 1583; x_wconf 83' lang='grc' dir='ltr'>ἰσχύος,</span> <span class='ocrx_word' id='word_1_311' title='bbox 3648 1532 3663 1563; x_wconf 77' lang='grc' dir='ltr'><strong>ι</strong></span> 
     </span>
    </p>
   </div>
   <div class='ocr_carea' id='block_1_42' title="bbox 2118 1603 3671 1677">
    <p class='ocr_par' dir='ltr' id='par_1_42' title="bbox 2118 1603 3671 1677">
     <span class='ocr_line' id='line_1_42' title="bbox 2118 1603 3671 1677; baseline -0.003 -19"><span class='ocrx_word' id='word_1_312' title='bbox 2118 1606 2274 1675; x_wconf 82' lang='grc' dir='ltr'>φησί.</span> <span class='ocrx_word' id='word_1_313' title='bbox 2333 1604 2443 1658; x_wconf 73' lang='grc' dir='ltr'><strong>Καὶ</strong></span> <span class='ocrx_word' id='word_1_314' title='bbox 2496 1606 2559 1658; x_wconf 82' lang='grc' dir='ltr'><strong>ού</strong></span> <span class='ocrx_word' id='word_1_315' title='bbox 2601 1607 2761 1674; x_wconf 85' lang='grc' dir='ltr'>μόνον</span> <span class='ocrx_word' id='word_1_316' title='bbox 2818 1603 3262 1677; x_wconf 83' lang='grc' dir='ltr'>κραταιωθῆναι,</span> <span class='ocrx_word' id='word_1_317' title='bbox 3303 1603 3441 1656; x_wconf 82' lang='grc' dir='ltr'><strong>ἀλλά</strong></span> <span class='ocrx_word' id='word_1_318' title='bbox 3485 1604 3576 1655; x_wconf 77' lang='grc' dir='ltr'>καὶ</span> <span class='ocrx_word' id='word_1_319' title='bbox 3619 1603 3671 1653; x_wconf 77' lang='grc' dir='ltr'><strong>τὸ</strong></span> 
     </span>
    </p>
   </div>
   <div class='ocr_carea' id='block_1_43' title="bbox 2120 1694 3669 1767">
    <p class='ocr_par' dir='ltr' id='par_1_43' title="bbox 2120 1694 3669 1767">
     <span class='ocr_line' id='line_1_43' title="bbox 2120 1694 3669 1767; baseline -0.003 -19"><span class='ocrx_word' id='word_1_320' title='bbox 2120 1697 2303 1765; x_wconf 73' lang='grc' dir='ltr'>μεῖζον</span> <span class='ocrx_word' id='word_1_321' title='bbox 2338 1696 2436 1749; x_wconf 81' lang='grc' dir='ltr'>καὶ</span> <span class='ocrx_word' id='word_1_322' title='bbox 2467 1696 2878 1767; x_wconf 84' lang='grc' dir='ltr'>περισσότερον,</span> <span class='ocrx_word' id='word_1_323' title='bbox 2908 1716 2926 1748; x_wconf 79' lang='grc' dir='ltr'><strong>ι</strong></span> <span class='ocrx_word' id='word_1_324' title='bbox 2963 1695 3310 1764; x_wconf 77' lang='grc' dir='ltr'>Κατοικῆσαι</span> <span class='ocrx_word' id='word_1_325' title='bbox 3339 1695 3432 1748; x_wconf 73' lang='grc' dir='ltr'><strong>τὸν</strong></span> <span class='ocrx_word' id='word_1_326' title='bbox 3454 1694 3669 1764; x_wconf 65' lang='grc' dir='ltr'>Χριστδν</span> 
     </span>
    </p>
   </div>
   <div class='ocr_carea' id='block_1_44' title="bbox 2115 1785 3671 1859">
    <p class='ocr_par' dir='ltr' id='par_1_44' title="bbox 2115 1785 3671 1859">
     <span class='ocr_line' id='line_1_44' title="bbox 2115 1785 3671 1859; baseline -0.002 -20"><span class='ocrx_word' id='word_1_327' title='bbox 2115 1790 2195 1850; x_wconf 81' lang='grc' dir='ltr'>εἰς</span> <span class='ocrx_word' id='word_1_328' title='bbox 2228 1788 2320 1840; x_wconf 62' lang='grc' dir='ltr'>τὸν</span> <span class='ocrx_word' id='word_1_329' title='bbox 2370 1786 2479 1840; x_wconf 72' lang='grc' dir='ltr'><strong>ἔσω</strong></span> <span class='ocrx_word' id='word_1_330' title='bbox 2526 1788 2813 1859; x_wconf 78' lang='grc' dir='ltr'>ἄνθρωπον</span> <span class='ocrx_word' id='word_1_331' title='bbox 2851 1807 2870 1840; x_wconf 78' lang='grc' dir='ltr'>ι</span> <span class='ocrx_word' id='word_1_332' title='bbox 2929 1787 3122 1857; x_wconf 80' lang='grc' dir='ltr'>ὑμῶν·</span> <span class='ocrx_word' id='word_1_333' title='bbox 3177 1787 3476 1848; x_wconf 76' lang='grc' dir='ltr'><strong>τουτέστιν,</strong></span> <span class='ocrx_word' id='word_1_334' title='bbox 3525 1803 3542 1835; x_wconf 86' lang='grc' dir='ltr'><strong>ι</strong></span> <span class='ocrx_word' id='word_1_335' title='bbox 3587 1785 3671 1837; x_wconf 80' lang='grc' dir='ltr'>Ἐν</span> 
     </span>
    </p>
   </div>
   <div class='ocr_carea' id='block_1_45' title="bbox 2115 1875 3671 1948">
    <p class='ocr_par' dir='ltr' id='par_1_45' title="bbox 2115 1875 3671 1948">
     <span class='ocr_line' id='line_1_45' title="bbox 2115 1875 3671 1948; baseline -0.003 -18"><span class='ocrx_word' id='word_1_336' title='bbox 2115 1881 2237 1941; x_wconf 84' lang='grc' dir='ltr'>ταῖς</span> <span class='ocrx_word' id='word_1_337' title='bbox 2264 1877 2516 1947; x_wconf 77' lang='grc' dir='ltr'><strong>καρδίαις</strong></span> <span class='ocrx_word' id='word_1_338' title='bbox 2548 1878 2723 1948; x_wconf 81' lang='grc' dir='ltr'>ὑμῶν,</span> <span class='ocrx_word' id='word_1_339' title='bbox 2767 1898 2786 1930; x_wconf 76' lang='grc' dir='ltr'><strong>ι</strong></span> <span class='ocrx_word' id='word_1_340' title='bbox 2825 1879 2925 1931; x_wconf 81' lang='grc' dir='ltr'>οὐκ</span> <span class='ocrx_word' id='word_1_341' title='bbox 2957 1877 3314 1941; x_wconf 73' lang='grc' dir='ltr'><strong>ἐπιπολαίως,</strong></span> <span class='ocrx_word' id='word_1_342' title='bbox 3346 1876 3459 1930; x_wconf 80' lang='grc' dir='ltr'>ἀλλ’</span> <span class='ocrx_word' id='word_1_343' title='bbox 3489 1877 3542 1928; x_wconf 79' lang='grc' dir='ltr'>ἐν</span> <span class='ocrx_word' id='word_1_344' title='bbox 3581 1875 3671 1946; x_wconf 70' lang='grc' dir='ltr'><strong>βᾶ-</strong></span> 
     </span>
    </p>
   </div>
   <div class='ocr_carea' id='block_1_46' title="bbox 2119 1970 3671 2040">
    <p class='ocr_par' dir='ltr' id='par_1_46' title="bbox 2119 1970 3671 2040">
     <span class='ocr_line' id='line_1_46' title="bbox 2119 1970 3671 2040; baseline -0.002 -19"><span class='ocrx_word' id='word_1_345' title='bbox 2119 1970 2223 2023; x_wconf 86' lang='grc' dir='ltr'>θει.</span> <span class='ocrx_word' id='word_1_346' title='bbox 2261 1970 2417 2032; x_wconf 82' lang='grc' dir='ltr'>Πὼς;</span> <span class='ocrx_word' id='word_1_347' title='bbox 2447 1989 2463 2020; x_wconf 87' lang='grc' dir='ltr'><strong>ι</strong></span> <span class='ocrx_word' id='word_1_348' title='bbox 2486 1970 2584 2023; x_wconf 88' lang='grc' dir='ltr'>Διά</span> <span class='ocrx_word' id='word_1_349' title='bbox 2616 1970 2717 2040; x_wconf 81' lang='grc' dir='ltr'><strong>τῆς</strong></span> <span class='ocrx_word' id='word_1_350' title='bbox 2736 1971 2993 2033; x_wconf 86' lang='grc' dir='ltr'>πίστεως.</span> <span class='ocrx_word' id='word_1_351' title='bbox 3034 1989 3053 2022; x_wconf 73' lang='grc' dir='ltr'><strong>ι</strong></span> <span class='ocrx_word' id='word_1_352' title='bbox 3075 1971 3165 2023; x_wconf 86' lang='grc' dir='ltr'>Ἐν</span> <span class='ocrx_word' id='word_1_353' title='bbox 3193 1970 3302 2040; x_wconf 83' lang='grc' dir='ltr'>γὰρ</span> <span class='ocrx_word' id='word_1_354' title='bbox 3316 1972 3437 2032; x_wconf 83' lang='grc' dir='ltr'>ταῖς</span> <span class='ocrx_word' id='word_1_355' title='bbox 3468 1970 3671 2029; x_wconf 86' lang='grc' dir='ltr'>πισταῖς</span> 
     </span>
    </p>
   </div>
   <div class='ocr_carea' id='block_1_47' title="bbox 2118 2058 3667 2131">
    <p class='ocr_par' dir='ltr' id='par_1_47' title="bbox 2118 2058 3667 2131">
     <span class='ocr_line' id='line_1_47' title="bbox 2118 2058 3667 2131; baseline 0.001 -19"><span class='ocrx_word' id='word_1_356' title='bbox 2118 2060 2365 2129; x_wconf 74' lang='grc' dir='ltr'><strong>καρδίαις</strong></span> <span class='ocrx_word' id='word_1_357' title='bbox 2396 2062 2537 2114; x_wconf 75' lang='grc' dir='ltr'>οἰκεῖ</span> <span class='ocrx_word' id='word_1_358' title='bbox 2561 2061 2820 2131; x_wconf 81' lang='grc' dir='ltr'>Χριστὸς,</span> <span class='ocrx_word' id='word_1_359' title='bbox 2853 2061 2992 2131; x_wconf 83' lang='grc' dir='ltr'><strong>μετά</strong></span> <span class='ocrx_word' id='word_1_360' title='bbox 3020 2060 3113 2113; x_wconf 80' lang='grc' dir='ltr'>τοῦ</span> <span class='ocrx_word' id='word_1_361' title='bbox 3142 2060 3353 2129; x_wconf 84' lang='grc' dir='ltr'>Πατρὸς</span> <span class='ocrx_word' id='word_1_362' title='bbox 3374 2058 3667 2128; x_wconf 72' lang='grc' dir='ltr'>ἐρχόμενος.</span> 
     </span>
    </p>
   </div>
   <div class='ocr_carea' id='block_1_48' title="bbox 2117 2148 3668 2223">
    <p class='ocr_par' dir='ltr' id='par_1_48' title="bbox 2117 2148 3668 2223">
     <span class='ocr_line' id='line_1_48' title="bbox 2117 2148 3668 2223; baseline -0.003 -18"><span class='ocrx_word' id='word_1_363' title='bbox 2117 2156 2212 2206; x_wconf 76' lang='grc' dir='ltr'>καὶ</span> <span class='ocrx_word' id='word_1_364' title='bbox 2266 2153 2433 2223; x_wconf 80' lang='grc' dir='ltr'>μονὴν</span> <span class='ocrx_word' id='word_1_365' title='bbox 2468 2154 2602 2223; x_wconf 78' lang='grc' dir='ltr'>παρ’</span> <span class='ocrx_word' id='word_1_366' title='bbox 2638 2153 2830 2217; x_wconf 85' lang='grc' dir='ltr'>αὐταῖς</span> <span class='ocrx_word' id='word_1_367' title='bbox 2881 2153 3071 2214; x_wconf 82' lang='grc' dir='ltr'>ποιῶν,</span> <span class='ocrx_word' id='word_1_368' title='bbox 3110 2153 3259 2207; x_wconf 84' lang='grc' dir='ltr'>καθὰ</span> <span class='ocrx_word' id='word_1_369' title='bbox 3299 2152 3602 2221; x_wconf 83' lang='grc' dir='ltr'>προείρηται</span> <span class='ocrx_word' id='word_1_370' title='bbox 3629 2148 3668 2179; x_wconf 79' lang='grc'><strong>³⁸</strong></span> 
     </span>
    </p>
   </div>
   <div class='ocr_carea' id='block_1_49' title="bbox 2118 2243 3665 2318">
    <p class='ocr_par' dir='ltr' id='par_1_49' title="bbox 2118 2243 3665 2318">
     <span class='ocr_line' id='line_1_49' title="bbox 2118 2243 3665 2318; baseline -0.003 -20"><span class='ocrx_word' id='word_1_371' title='bbox 2118 2244 2288 2314; x_wconf 78' lang='grc' dir='ltr'>αὐτῷ.</span> <span class='ocrx_word' id='word_1_372' title='bbox 2321 2244 2539 2298; x_wconf 87' lang='grc' dir='ltr'>Τούτων</span> <span class='ocrx_word' id='word_1_373' title='bbox 2576 2244 2633 2297; x_wconf 82' lang='grc' dir='ltr'>δὲ</span> <span class='ocrx_word' id='word_1_374' title='bbox 2685 2245 3064 2311; x_wconf 77' lang='grc' dir='ltr'>ὲπιτεύξεσθε,</span> <span class='ocrx_word' id='word_1_375' title='bbox 3113 2243 3472 2318; x_wconf 72' lang='grc' dir='ltr'>ἐρριζωμένοι</span> <span class='ocrx_word' id='word_1_376' title='bbox 3508 2245 3560 2294; x_wconf 81' lang='grc' dir='ltr'>ἐν</span> <span class='ocrx_word' id='word_1_377' title='bbox 3603 2246 3665 2310; x_wconf 75' lang='grc' dir='ltr'><strong>τῇ</strong></span> 
     </span>
    </p>
   </div>
   <div class='ocr_carea' id='block_1_50' title="bbox 2116 2330 3667 2406">
    <p class='ocr_par' dir='ltr' id='par_1_50' title="bbox 2116 2330 3667 2406">
     <span class='ocr_line' id='line_1_50' title="bbox 2116 2330 3667 2406; baseline -0.004 -18"><span class='ocrx_word' id='word_1_378' title='bbox 2116 2336 2304 2406; x_wconf 73' lang='grc' dir='ltr'>ἀγάπῃ</span> <span class='ocrx_word' id='word_1_379' title='bbox 2354 2335 2521 2389; x_wconf 78' lang='grc' dir='ltr'>αὐτοῦ</span> <span class='ocrx_word' id='word_1_380' title='bbox 2544 2376 2558 2399; x_wconf 94' lang='grc'><strong>,</strong></span> <span class='ocrx_word' id='word_1_381' title='bbox 2608 2338 2703 2389; x_wconf 75' lang='grc' dir='ltr'>καὶ</span> <span class='ocrx_word' id='word_1_382' title='bbox 2740 2336 2814 2405; x_wconf 83' lang='grc' dir='ltr'><strong>μὴ</strong></span> <span class='ocrx_word' id='word_1_383' title='bbox 2846 2334 3293 2404; x_wconf 77' lang='grc' dir='ltr'>παραφερόμενοι</span> <span class='ocrx_word' id='word_1_384' title='bbox 3341 2331 3437 2393; x_wconf 76' lang='grc' dir='ltr'>καὶ</span> <span class='ocrx_word' id='word_1_385' title='bbox 3464 2330 3667 2383; x_wconf 84' lang='grc' dir='ltr'>κλονού-</span> 
     </span>
    </p>
   </div>
   <div class='ocr_carea' id='block_1_51' title="bbox 2121 2422 3670 2495">
    <p class='ocr_par' dir='ltr' id='par_1_51' title="bbox 2121 2422 3670 2495">
     <span class='ocr_line' id='line_1_51' title="bbox 2121 2422 3670 2495; baseline -0.002 -20"><span class='ocrx_word' id='word_1_386' title='bbox 2121 2441 2292 2493; x_wconf 81' lang='grc' dir='ltr'>μενοι.</span> <span class='ocrx_word' id='word_1_387' title='bbox 2330 2425 2488 2477; x_wconf 85' lang='grc' dir='ltr'>Ἤτοι</span> <span class='ocrx_word' id='word_1_388' title='bbox 2534 2423 2627 2478; x_wconf 79' lang='grc' dir='ltr'>οὖν</span> <span class='ocrx_word' id='word_1_389' title='bbox 2671 2425 2765 2478; x_wconf 65' lang='grc' dir='ltr'><strong>δύο</strong></span> <span class='ocrx_word' id='word_1_390' title='bbox 2813 2426 2983 2495; x_wconf 78' lang='grc' dir='ltr'>αὐτῆς</span> <span class='ocrx_word' id='word_1_391' title='bbox 3018 2422 3344 2492; x_wconf 76' lang='grc' dir='ltr'>ἐπεύχεται,</span> <span class='ocrx_word' id='word_1_392' title='bbox 3376 2426 3435 2475; x_wconf 86' lang='grc' dir='ltr'>τό</span> <span class='ocrx_word' id='word_1_393' title='bbox 3464 2439 3518 2473; x_wconf 81' lang='grc' dir='ltr'><strong>τε</strong></span> <span class='ocrx_word' id='word_1_394' title='bbox 3549 2438 3670 2488; x_wconf 76' lang='grc' dir='ltr'>κραο</span> 
     </span>
    </p>
   </div>
   <div class='ocr_carea' id='block_1_52' title="bbox 2117 2509 3669 2582">
    <p class='ocr_par' dir='ltr' id='par_1_52' title="bbox 2117 2509 3669 2582">
     <span class='ocr_line' id='line_1_52' title="bbox 2117 2509 3669 2582; baseline -0.004 -16"><span class='ocrx_word' id='word_1_395' title='bbox 2117 2514 2415 2581; x_wconf 75' lang='grc' dir='ltr'>ταιιυθῆναι</span> <span class='ocrx_word' id='word_1_396' title='bbox 2462 2514 2550 2567; x_wconf 74' lang='grc' dir='ltr'><strong>διὰ</strong></span> <span class='ocrx_word' id='word_1_397' title='bbox 2605 2514 2700 2568; x_wconf 82' lang='grc' dir='ltr'>τοῦ</span> <span class='ocrx_word' id='word_1_398' title='bbox 2749 2514 3089 2582; x_wconf 82' lang='grc' dir='ltr'>Πνεύματος,</span> <span class='ocrx_word' id='word_1_399' title='bbox 3133 2512 3228 2566; x_wconf 72' lang='grc' dir='ltr'>καὶ</span> <span class='ocrx_word' id='word_1_400' title='bbox 3259 2513 3321 2566; x_wconf 69' lang='grc' dir='ltr'>τὸ</span> <span class='ocrx_word' id='word_1_401' title='bbox 3364 2509 3669 2579; x_wconf 71' lang='grc' dir='ltr'><strong>κατοικῆσαι</strong></span> 
     </span>
    </p>
   </div>
   <div class='ocr_carea' id='block_1_53' title="bbox 2116 2606 3665 2679">
    <p class='ocr_par' dir='ltr' id='par_1_53' title="bbox 2116 2606 3665 2679">
     <span class='ocr_line' id='line_1_53' title="bbox 2116 2606 3665 2679; baseline -0.003 -20"><span class='ocrx_word' id='word_1_402' title='bbox 2116 2608 2208 2659; x_wconf 73' lang='grc' dir='ltr'><strong>τον</strong></span> <span class='ocrx_word' id='word_1_403' title='bbox 2253 2607 2485 2679; x_wconf 83' lang='grc' dir='ltr'>Χριστὸν</span> <span class='ocrx_word' id='word_1_404' title='bbox 2515 2610 2574 2662; x_wconf 81' lang='grc' dir='ltr'>ὲν</span> <span class='ocrx_word' id='word_1_405' title='bbox 2615 2609 2733 2670; x_wconf 87' lang='grc' dir='ltr'>ταῖς</span> <span class='ocrx_word' id='word_1_406' title='bbox 2763 2608 3013 2674; x_wconf 80' lang='grc' dir='ltr'>καρδίαις</span> <span class='ocrx_word' id='word_1_407' title='bbox 3042 2607 3253 2666; x_wconf 69' lang='grc' dir='ltr'>αὐτῶν,</span> <span class='ocrx_word' id='word_1_408' title='bbox 3290 2606 3351 2675; x_wconf 73' lang='grc' dir='ltr'>ἦ,</span> <span class='ocrx_word' id='word_1_409' title='bbox 3382 2606 3499 2657; x_wconf 87' lang='grc' dir='ltr'>’Ὶνα</span> <span class='ocrx_word' id='word_1_410' title='bbox 3542 2619 3665 2671; x_wconf 74' lang='grc' dir='ltr'>κρα-</span> 
     </span>
    </p>
   </div>
   <div class='ocr_carea' id='block_1_54' title="bbox 2119 2696 3666 2769">
    <p class='ocr_par' dir='ltr' id='par_1_54' title="bbox 2119 2696 3666 2769">
     <span class='ocr_line' id='line_1_54' title="bbox 2119 2696 3666 2769; baseline -0.005 -17"><span class='ocrx_word' id='word_1_411' title='bbox 2119 2701 2406 2768; x_wconf 75' lang='grc' dir='ltr'>ταιωθῆτε,</span> <span class='ocrx_word' id='word_1_412' title='bbox 2424 2701 2578 2769; x_wconf 50' lang='grc' dir='ltr'>φησι,</span> <span class='ocrx_word' id='word_1_413' title='bbox 2601 2700 2694 2752; x_wconf 72' lang='grc' dir='ltr'>καὶ</span> <span class='ocrx_word' id='word_1_414' title='bbox 2723 2700 3015 2769; x_wconf 79' lang='grc' dir='ltr'>ἐπιτήδειοι</span> <span class='ocrx_word' id='word_1_415' title='bbox 3043 2698 3296 2769; x_wconf 72' lang='grc' dir='ltr'>γένησθε,</span> <span class='ocrx_word' id='word_1_416' title='bbox 3334 2696 3475 2750; x_wconf 78' lang='grc' dir='ltr'>ὥστε</span> <span class='ocrx_word' id='word_1_417' title='bbox 3508 2714 3527 2746; x_wconf 81' lang='grc' dir='ltr'>ι</span> <span class='ocrx_word' id='word_1_418' title='bbox 3551 2710 3666 2747; x_wconf 73' lang='grc' dir='ltr'><strong>κιτ-</strong></span> 
     </span>
    </p>
   </div>
   <div class='ocr_carea' id='block_1_55' title="bbox 2118 2785 3663 2863">
    <p class='ocr_par' dir='ltr' id='par_1_55' title="bbox 2118 2785 3663 2863">
     <span class='ocr_line' id='line_1_55' title="bbox 2118 2785 3663 2863; baseline -0.006 -16"><span class='ocrx_word' id='word_1_419' title='bbox 2118 2790 2338 2860; x_wconf 73' lang='grc' dir='ltr'>οεκῆσαι</span> <span class='ocrx_word' id='word_1_420' title='bbox 2370 2791 2459 2845; x_wconf 79' lang='grc' dir='ltr'>τὸν</span> <span class='ocrx_word' id='word_1_421' title='bbox 2496 2791 2730 2860; x_wconf 61' lang='grc' dir='ltr'>Χριστδν</span> <span class='ocrx_word' id='word_1_422' title='bbox 2761 2792 2841 2854; x_wconf 82' lang='grc' dir='ltr'><strong>είς</strong></span> <span class='ocrx_word' id='word_1_423' title='bbox 2865 2790 2959 2844; x_wconf 86' lang='grc' dir='ltr'><strong>τδν</strong></span> <span class='ocrx_word' id='word_1_424' title='bbox 2998 2792 3106 2844; x_wconf 78' lang='grc' dir='ltr'><strong>ἔσω</strong></span> <span class='ocrx_word' id='word_1_425' title='bbox 3140 2789 3429 2859; x_wconf 75' lang='grc' dir='ltr'>ἄνθρωπον</span> <span class='ocrx_word' id='word_1_426' title='bbox 3459 2805 3477 2837; x_wconf 72' lang='grc' dir='ltr'><strong>ι</strong></span> <span class='ocrx_word' id='word_1_427' title='bbox 3514 2785 3663 2863; x_wconf 74' lang='grc' dir='ltr'>ὑμῶν.</span> 
     </span>
    </p>
   </div>
   <div class='ocr_carea' id='block_1_56' title="bbox 2196 2877 3665 2952">
    <p class='ocr_par' dir='ltr' id='par_1_56' title="bbox 2196 2877 3665 2952">
     <span class='ocr_line' id='line_1_56' title="bbox 2196 2877 3665 2952; baseline -0.005 -17"><span class='ocrx_word' id='word_1_428' title='bbox 2196 2899 2217 2935; x_wconf 77' lang='grc' dir='ltr'>ι</span> <span class='ocrx_word' id='word_1_429' title='bbox 2259 2883 2375 2936; x_wconf 89' lang='grc' dir='ltr'>Ἶνα</span> <span class='ocrx_word' id='word_1_430' title='bbox 2425 2882 2754 2952; x_wconf 70' lang='grc' dir='ltr'><strong>ἐξισχύσητε</strong></span> <span class='ocrx_word' id='word_1_431' title='bbox 2803 2879 3207 2937; x_wconf 75' lang='grc' dir='ltr'>καταλαϐέσθαι</span> <span class='ocrx_word' id='word_1_432' title='bbox 3248 2881 3345 2933; x_wconf 70' lang='grc' dir='ltr'><strong>σὺν</strong></span> <span class='ocrx_word' id='word_1_433' title='bbox 3398 2881 3529 2932; x_wconf 69' lang='grc' dir='ltr'>πᾶσι</span> <span class='ocrx_word' id='word_1_434' title='bbox 3568 2877 3665 2937; x_wconf 88' lang='grc' dir='ltr'>τοῖς</span> 
     </span>
    </p>
   </div>
   <div class='ocr_carea' id='block_1_57' title="bbox 2122 2967 3659 3043">
    <p class='ocr_par' dir='ltr' id='par_1_57' title="bbox 2122 2967 3659 3043">
     <span class='ocr_line' id='line_1_57' title="bbox 2122 2967 3659 3043; baseline -0.008 -15"><span class='ocrx_word' id='word_1_435' title='bbox 2122 2974 2323 3040; x_wconf 87' lang='grc' dir='ltr'>ἀγίοις,</span> <span class='ocrx_word' id='word_1_436' title='bbox 2351 2974 2402 3026; x_wconf 90' lang='grc' dir='ltr'><strong>τί</strong></span> <span class='ocrx_word' id='word_1_437' title='bbox 2426 2973 2486 3026; x_wconf 79' lang='grc' dir='ltr'><strong>τὸ</strong></span> <span class='ocrx_word' id='word_1_438' title='bbox 2510 2973 2709 3036; x_wconf 83' lang='grc' dir='ltr'>πλάτος</span> <span class='ocrx_word' id='word_1_439' title='bbox 2733 2974 2824 3026; x_wconf 74' lang='grc' dir='ltr'><strong>καὶ</strong></span> <span class='ocrx_word' id='word_1_440' title='bbox 2854 2973 3027 3043; x_wconf 77' lang='grc' dir='ltr'>μῆκος</span> <span class='ocrx_word' id='word_1_441' title='bbox 3052 2972 3146 3025; x_wconf 71' lang='grc' dir='ltr'>καὶ</span> <span class='ocrx_word' id='word_1_442' title='bbox 3175 2971 3337 3042; x_wconf 77' lang='grc' dir='ltr'>βάθος</span> <span class='ocrx_word' id='word_1_443' title='bbox 3361 2971 3453 3021; x_wconf 78' lang='grc' dir='ltr'>καὶ</span> <span class='ocrx_word' id='word_1_444' title='bbox 3480 2967 3616 3036; x_wconf 74' lang='grc' dir='ltr'>ἰψος.</span> <span class='ocrx_word' id='word_1_445' title='bbox 3643 2984 3659 3015; x_wconf 80' lang='grc' dir='ltr'><strong>ι</strong></span> 
     </span>
    </p>
   </div>
   <div class='ocr_carea' id='block_1_58' title="bbox 2120 3058 3663 3136">
    <p class='ocr_par' dir='ltr' id='par_1_58' title="bbox 2120 3058 3663 3136">
     <span class='ocr_line' id='line_1_58' title="bbox 2120 3058 3663 3136; baseline -0.006 -16"><span class='ocrx_word' id='word_1_446' title='bbox 2120 3067 2299 3136; x_wconf 80' lang='grc' dir='ltr'>Ὅπερ</span> <span class='ocrx_word' id='word_1_447' title='bbox 2328 3065 2632 3136; x_wconf 79' lang='grc' dir='ltr'><strong>ἀρχόμενος</strong></span> <span class='ocrx_word' id='word_1_448' title='bbox 2664 3064 2899 3134; x_wconf 73' lang='grc' dir='ltr'>ηὔξατο,</span> <span class='ocrx_word' id='word_1_449' title='bbox 2947 3067 3033 3117; x_wconf 87' lang='grc' dir='ltr'><strong>ῖνα</strong></span> <span class='ocrx_word' id='word_1_450' title='bbox 3082 3063 3209 3133; x_wconf 84' lang='grc' dir='ltr'>δοθῇ</span> <span class='ocrx_word' id='word_1_451' title='bbox 3254 3063 3436 3124; x_wconf 78' lang='grc' dir='ltr'>αὐτοῖς</span> <span class='ocrx_word' id='word_1_452' title='bbox 3470 3058 3663 3126; x_wconf 56' lang='lat' dir='ltr'><strong>live-ripa</strong></span> 
     </span>
    </p>
   </div>
   <div class='ocr_carea' id='block_1_59' title="bbox 2123 3151 3662 3229">
    <p class='ocr_par' dir='ltr' id='par_1_59' title="bbox 2123 3151 3662 3229">
     <span class='ocr_line' id='line_1_59' title="bbox 2123 3151 3662 3229; baseline -0.007 -16"><span class='ocrx_word' id='word_1_453' title='bbox 2123 3162 2312 3229; x_wconf 53' lang='grc' dir='ltr'>σοφίας</span> <span class='ocrx_word' id='word_1_454' title='bbox 2348 3163 2444 3214; x_wconf 78' lang='grc' dir='ltr'>καὶ</span> <span class='ocrx_word' id='word_1_455' title='bbox 2472 3158 2890 3228; x_wconf 68' lang='grc' dir='ltr'>ἀποκαλύψεως,</span> <span class='ocrx_word' id='word_1_456' title='bbox 2921 3160 2999 3221; x_wconf 78' lang='grc' dir='ltr'>εἰς</span> <span class='ocrx_word' id='word_1_457' title='bbox 3048 3158 3109 3210; x_wconf 80' lang='grc' dir='ltr'><strong>τὸ</strong></span> <span class='ocrx_word' id='word_1_458' title='bbox 3145 3158 3347 3209; x_wconf 72' lang='grc' dir='ltr'>εἰδέναι</span> <span class='ocrx_word' id='word_1_459' title='bbox 3372 3154 3456 3215; x_wconf 83' lang='grc' dir='ltr'><strong>τίς</strong></span> <span class='ocrx_word' id='word_1_460' title='bbox 3480 3151 3662 3218; x_wconf 74' lang='grc' dir='ltr'>ἐστινὴ</span> 
     </span>
    </p>
   </div>
   <div class='ocr_carea' id='block_1_60' title="bbox 2119 3239 3663 3319">
    <p class='ocr_par' dir='ltr' id='par_1_60' title="bbox 2119 3239 3663 3319">
     <span class='ocr_line' id='line_1_60' title="bbox 2119 3239 3663 3319; baseline -0.008 -18"><span class='ocrx_word' id='word_1_461' title='bbox 2119 3248 2275 3311; x_wconf 77' lang='grc' dir='ltr'>ὲλπις</span> <span class='ocrx_word' id='word_1_462' title='bbox 2327 3248 2427 3319; x_wconf 85' lang='grc' dir='ltr'>τῆς</span> <span class='ocrx_word' id='word_1_463' title='bbox 2466 3248 2734 3319; x_wconf 79' lang='grc' dir='ltr'><strong>κλήσεως,</strong></span> <span class='ocrx_word' id='word_1_464' title='bbox 2790 3250 2883 3301; x_wconf 75' lang='grc' dir='ltr'>καὶ</span> <span class='ocrx_word' id='word_1_465' title='bbox 2932 3247 3001 3300; x_wconf 88' lang='grc' dir='ltr'><strong>τά</strong></span> <span class='ocrx_word' id='word_1_466' title='bbox 3048 3246 3206 3316; x_wconf 77' lang='grc' dir='ltr'><strong>ἑξῆςο</strong></span> <span class='ocrx_word' id='word_1_467' title='bbox 3258 3243 3419 3297; x_wconf 81' lang='grc' dir='ltr'>τοῦτο</span> <span class='ocrx_word' id='word_1_468' title='bbox 3462 3241 3548 3294; x_wconf 79' lang='grc' dir='ltr'>καὶ</span> <span class='ocrx_word' id='word_1_469' title='bbox 3585 3239 3663 3291; x_wconf 76' lang='grc' dir='ltr'>νῦν</span> 
     </span>
    </p>
   </div>
   <div class='ocr_carea' id='block_1_61' title="bbox 437 3328 2013 3436">
    <p class='ocr_par' dir='ltr' id='par_1_61' title="bbox 437 3343 2003 3416">
     <span class='ocr_line' id='line_1_61' title="bbox 437 3343 2003 3416; baseline 0.002 -20"><span class='ocrx_word' id='word_1_470' title='bbox 437 3353 490 3396; x_wconf 86' lang='lat' dir='ltr'><strong>et</strong></span> <span class='ocrx_word' id='word_1_471' title='bbox 529 3358 669 3396; x_wconf 85' lang='lat' dir='ltr'><strong>nunc</strong></span> <span class='ocrx_word' id='word_1_472' title='bbox 713 3343 836 3397; x_wconf 82' lang='lat' dir='ltr'><strong>ait:</strong></span> <span class='ocrx_word' id='word_1_473' title='bbox 877 3361 901 3394; x_wconf 81' lang='grc' dir='ltr'>ι</span> <span class='ocrx_word' id='word_1_474' title='bbox 968 3344 1039 3399; x_wconf 90' lang='lat' dir='ltr'><strong>Ut</strong></span> <span class='ocrx_word' id='word_1_475' title='bbox 1088 3344 1309 3411; x_wconf 77' lang='lat' dir='ltr'><strong>possitis</strong></span> <span class='ocrx_word' id='word_1_476' title='bbox 1362 3345 1823 3416; x_wconf 85' lang='lat' dir='ltr'><strong>comprehendere</strong></span> <span class='ocrx_word' id='word_1_477' title='bbox 1880 3362 2003 3401; x_wconf 90' lang='lat' dir='ltr'><strong>cum</strong></span> 
     </span>
    </p>
   </div>
   <div class='ocr_carea' id='block_1_62' title="bbox 2121 3328 3662 3436">
    <p class='ocr_par' dir='ltr' id='par_1_62' title="bbox 2122 3332 3662 3409">
     <span class='ocr_line' id='line_1_62' title="bbox 2122 3332 3662 3409; baseline -0.008 -18"><span class='ocrx_word' id='word_1_478' title='bbox 2122 3355 2287 3408; x_wconf 79' lang='grc' dir='ltr'>φησιν</span> <span class='ocrx_word' id='word_1_479' title='bbox 2316 3354 2328 3366; x_wconf 83' lang='lat'><strong><em>°</em></strong></span> <span class='ocrx_word' id='word_1_480' title='bbox 2378 3355 2397 3388; x_wconf 82' lang='grc' dir='ltr'>ι</span> <span class='ocrx_word' id='word_1_481' title='bbox 2454 3339 2570 3391; x_wconf 79' lang='grc' dir='ltr'>Ἵνα</span> <span class='ocrx_word' id='word_1_482' title='bbox 2603 3337 2924 3409; x_wconf 70' lang='grc' dir='ltr'><strong>ἐξισχύσητε</strong></span> <span class='ocrx_word' id='word_1_483' title='bbox 2975 3334 3378 3389; x_wconf 77' lang='grc' dir='ltr'>καταλαϐέσθαι</span> <span class='ocrx_word' id='word_1_484' title='bbox 3417 3333 3509 3385; x_wconf 79' lang='grc' dir='ltr'>σὺν</span> <span class='ocrx_word' id='word_1_485' title='bbox 3552 3332 3662 3383; x_wconf 68' lang='grc' dir='ltr'>πᾶσι</span> 
     </span>
    </p>
   </div>
   <div class='ocr_carea' id='block_1_63' title="bbox 438 3436 2013 3509">
    <p class='ocr_par' dir='ltr' id='par_1_63' title="bbox 438 3436 2013 3509">
     <span class='ocr_line' id='line_1_63' title="bbox 438 3436 2013 3509; baseline 0.005 -24"><span class='ocrx_word' id='word_1_486' title='bbox 438 3436 686 3491; x_wconf 81' lang='lat' dir='ltr'><strong>omnibus</strong></span> <span class='ocrx_word' id='word_1_487' title='bbox 719 3455 738 3488; x_wconf 77' lang='grc' dir='ltr'><strong>ι</strong></span> <span class='ocrx_word' id='word_1_488' title='bbox 776 3437 1021 3494; x_wconf 85' lang='lat' dir='ltr'><strong>lidelibus</strong></span> <span class='ocrx_word' id='word_1_489' title='bbox 1046 3437 1364 3509; x_wconf 83' lang='lat' dir='ltr'><strong>mysterium</strong></span> <span class='ocrx_word' id='word_1_490' title='bbox 1410 3453 1507 3507; x_wconf 90' lang='lat' dir='ltr'><strong>pro</strong></span> <span class='ocrx_word' id='word_1_491' title='bbox 1543 3438 1695 3493; x_wconf 88' lang='lat' dir='ltr'><strong>vobis</strong></span> <span class='ocrx_word' id='word_1_492' title='bbox 1734 3439 2013 3509; x_wconf 74' lang='lat' dir='ltr'><strong>dispensa-</strong></span> 
     </span>
    </p>
   </div>
   <div class='ocr_carea' id='block_1_64' title="bbox 2128 3424 3660 3498">
    <p class='ocr_par' dir='ltr' id='par_1_64' title="bbox 2128 3424 3660 3498">
     <span class='ocr_line' id='line_1_64' title="bbox 2128 3424 3660 3498; baseline -0.007 -16"><span class='ocrx_word' id='word_1_493' title='bbox 2128 3430 2237 3492; x_wconf 81' lang='grc' dir='ltr'>τι.ῖ;</span> <span class='ocrx_word' id='word_1_494' title='bbox 2274 3448 2291 3479; x_wconf 78' lang='grc' dir='ltr'>ι</span> <span class='ocrx_word' id='word_1_495' title='bbox 2332 3432 2543 3493; x_wconf 82' lang='grc' dir='ltr'>πιστοῖς</span> <span class='ocrx_word' id='word_1_496' title='bbox 2592 3429 2653 3481; x_wconf 78' lang='grc' dir='ltr'>τὸ</span> <span class='ocrx_word' id='word_1_497' title='bbox 2686 3428 2989 3498; x_wconf 76' lang='grc' dir='ltr'>μυστήριον</span> <span class='ocrx_word' id='word_1_498' title='bbox 3025 3425 3087 3478; x_wconf 85' lang='grc' dir='ltr'>τὸ</span> <span class='ocrx_word' id='word_1_499' title='bbox 3116 3425 3258 3495; x_wconf 80' lang='grc' dir='ltr'>ὑπὲρ</span> <span class='ocrx_word' id='word_1_500' title='bbox 3289 3424 3443 3493; x_wconf 75' lang='grc' dir='ltr'>ὑμῶν</span> <span class='ocrx_word' id='word_1_501' title='bbox 3482 3424 3660 3474; x_wconf 83' lang='grc' dir='ltr'>οἰκονο-</span> 
     </span>
    </p>
   </div>
   <div class='ocr_carea' id='block_1_65' title="bbox 441 3513 2013 3600">
    <p class='ocr_par' dir='ltr' id='par_1_65' title="bbox 441 3529 2013 3600">
     <span class='ocr_line' id='line_1_65' title="bbox 441 3529 2013 3600; baseline 0.003 -20"><span class='ocrx_word' id='word_1_502' title='bbox 441 3537 549 3581; x_wconf 89' lang='lat' dir='ltr'><strong>tum</strong></span> <span class='ocrx_word' id='word_1_503' title='bbox 585 3530 763 3599; x_wconf 86' lang='lat' dir='ltr'><strong>:quod</strong></span> <span class='ocrx_word' id='word_1_504' title='bbox 789 3529 923 3582; x_wconf 81' lang='lat' dir='ltr'><strong>adeo</strong></span> <span class='ocrx_word' id='word_1_505' title='bbox 954 3545 1203 3599; x_wconf 71' lang='lat' dir='ltr'><strong>magnum</strong></span> <span class='ocrx_word' id='word_1_506' title='bbox 1246 3540 1360 3591; x_wconf 71' lang='lat' dir='ltr'><strong>est;</strong></span> <span class='ocrx_word' id='word_1_507' title='bbox 1390 3539 1448 3581; x_wconf 89' lang='lat' dir='ltr'><strong>ttt</strong></span> <span class='ocrx_word' id='word_1_508' title='bbox 1496 3544 1930 3600; x_wconf 81' lang='lat' dir='ltr'><strong>quoquoversum</strong></span> <span class='ocrx_word' id='word_1_509' title='bbox 1970 3548 2013 3591; x_wconf 73' lang='lat' dir='ltr'><strong>ei</strong></span> 
     </span>
    </p>
   </div>
   <div class='ocr_carea' id='block_1_66' title="bbox 2121 3513 3659 3600">
    <p class='ocr_par' dir='ltr' id='par_1_66' title="bbox 2131 3513 3659 3594">
     <span class='ocr_line' id='line_1_66' title="bbox 2131 3513 3659 3594; baseline -0.007 -20"><span class='ocrx_word' id='word_1_510' title='bbox 2131 3521 2323 3591; x_wconf 69' lang='grc' dir='ltr'>μηθὲν,</span> <span class='ocrx_word' id='word_1_511' title='bbox 2354 3521 2494 3575; x_wconf 76' lang='grc' dir='ltr'>οὕτω</span> <span class='ocrx_word' id='word_1_512' title='bbox 2522 3522 2665 3594; x_wconf 81' lang='grc' dir='ltr'>μέγα</span> <span class='ocrx_word' id='word_1_513' title='bbox 2692 3520 2782 3586; x_wconf 76' lang='grc' dir='ltr'>ὃν,</span> <span class='ocrx_word' id='word_1_514' title='bbox 2832 3519 2974 3574; x_wconf 77' lang='grc' dir='ltr'>ὥστε</span> <span class='ocrx_word' id='word_1_515' title='bbox 3021 3518 3296 3588; x_wconf 83' lang='grc' dir='ltr'>πανταχοῦ</span> <span class='ocrx_word' id='word_1_516' title='bbox 3346 3513 3659 3569; x_wconf 79' lang='grc' dir='ltr'>ἐκτετάσθαι.</span> 
     </span>
    </p>
   </div>
   <div class='ocr_carea' id='block_1_67' title="bbox 442 3615 2019 3689">
    <p class='ocr_par' dir='ltr' id='par_1_67' title="bbox 442 3615 2019 3689">
     <span class='ocr_line' id='line_1_67' title="bbox 442 3615 2019 3689; baseline 0.004 -20"><span class='ocrx_word' id='word_1_517' title='bbox 442 3617 493 3669; x_wconf 89' lang='lat' dir='ltr'><strong>iu</strong></span> <span class='ocrx_word' id='word_1_518' title='bbox 523 3631 713 3671; x_wconf 87' lang='lat' dir='ltr'><strong>omnes</strong></span> <span class='ocrx_word' id='word_1_519' title='bbox 738 3617 808 3672; x_wconf 87' lang='lat' dir='ltr'><strong>sit</strong></span> <span class='ocrx_word' id='word_1_520' title='bbox 836 3627 1116 3672; x_wconf 58' lang='lat' dir='ltr'><strong>extensum</strong></span> <span class='ocrx_word' id='word_1_521' title='bbox 1147 3627 1352 3687; x_wconf 84' lang='lat' dir='ltr'><strong>partes.</strong></span> <span class='ocrx_word' id='word_1_522' title='bbox 1380 3615 1532 3673; x_wconf 90' lang='lat' dir='ltr'><strong>Unde</strong></span> <span class='ocrx_word' id='word_1_523' title='bbox 1563 3628 1618 3673; x_wconf 88' lang='lat' dir='ltr'><strong>et</strong></span> <span class='ocrx_word' id='word_1_524' title='bbox 1641 3621 2019 3689; x_wconf 86' lang='lat' dir='ltr'><strong>corporalibus</strong></span> 
     </span>
    </p>
   </div>
   <div class='ocr_carea' id='block_1_68' title="bbox 441 3708 2021 3780">
    <p class='ocr_par' dir='ltr' id='par_1_68' title="bbox 441 3708 2021 3780">
     <span class='ocr_line' id='line_1_68' title="bbox 441 3708 2021 3780; baseline 0.003 -21"><span class='ocrx_word' id='word_1_525' title='bbox 441 3711 612 3777; x_wconf 69' lang='lat' dir='ltr'><strong>ip~utn</strong></span> <span class='ocrx_word' id='word_1_526' title='bbox 651 3708 933 3778; x_wconf 78' lang='lat' dir='ltr'><strong>descripsit</strong></span> <span class='ocrx_word' id='word_1_527' title='bbox 991 3709 1194 3780; x_wconf 68' lang='lat' dir='ltr'><strong>ﬁguris,</strong></span> <span class='ocrx_word' id='word_1_528' title='bbox 1236 3710 1699 3779; x_wconf 78' lang='lat' dir='ltr'><strong>comprehenderis</strong></span> <span class='ocrx_word' id='word_1_529' title='bbox 1759 3725 1878 3764; x_wconf 87' lang='lat' dir='ltr'><strong>cunt</strong></span> <span class='ocrx_word' id='word_1_530' title='bbox 1932 3725 2021 3765; x_wconf 87' lang='lat' dir='ltr'><strong>su-</strong></span> 
     </span>
    </p>
   </div>
   <div class='ocr_carea' id='block_1_69' title="bbox 442 3798 2022 3870">
    <p class='ocr_par' dir='ltr' id='par_1_69' title="bbox 442 3798 2022 3870">
     <span class='ocr_line' id='line_1_69' title="bbox 442 3798 2022 3870; baseline 0.005 -24"><span class='ocrx_word' id='word_1_531' title='bbox 442 3816 627 3863; x_wconf 80' lang='lat' dir='ltr'><strong>perna,</strong></span> <span class='ocrx_word' id='word_1_532' title='bbox 661 3810 770 3853; x_wconf 91' lang='lat' dir='ltr'><strong>tum</strong></span> <span class='ocrx_word' id='word_1_533' title='bbox 807 3798 1025 3853; x_wconf 81' lang='lat' dir='ltr'><strong>inferna</strong></span> <span class='ocrx_word' id='word_1_534' title='bbox 1080 3810 1239 3868; x_wconf 78' lang='lat' dir='ltr'><strong>atque</strong></span> <span class='ocrx_word' id='word_1_535' title='bbox 1271 3809 1598 3856; x_wconf 83' lang='lat' dir='ltr'><strong>transversa.</strong></span> <span class='ocrx_word' id='word_1_536' title='bbox 1641 3800 1756 3854; x_wconf 81' lang='lat' dir='ltr'><strong>Dixi</strong></span> <span class='ocrx_word' id='word_1_537' title='bbox 1806 3801 2022 3870; x_wconf 83' lang='lat' dir='ltr'><strong>quidem</strong></span> 
     </span>
    </p>
   </div>
   <div class='ocr_carea' id='block_1_70' title="bbox 440 3890 2023 3965">
    <p class='ocr_par' dir='ltr' id='par_1_70' title="bbox 440 3890 2023 3965">
     <span class='ocr_line' id='line_1_70' title="bbox 440 3890 2023 3965; baseline 0.006 -27"><span class='ocrx_word' id='word_1_538' title='bbox 440 3900 494 3944; x_wconf 83' lang='lat' dir='ltr'><strong>et</strong></span> <span class='ocrx_word' id='word_1_539' title='bbox 531 3905 651 3959; x_wconf 77' lang='lat' dir='ltr'><strong>ego,</strong></span> <span class='ocrx_word' id='word_1_540' title='bbox 687 3891 883 3960; x_wconf 81' lang='lat' dir='ltr'><strong>inquit,</strong></span> <span class='ocrx_word' id='word_1_541' title='bbox 913 3892 977 3944; x_wconf 86' lang='lat' dir='ltr'><strong>de</strong></span> <span class='ocrx_word' id='word_1_542' title='bbox 1000 3890 1173 3956; x_wconf 80' lang='lat' dir='ltr'><strong>hisce,</strong></span> <span class='ocrx_word' id='word_1_543' title='bbox 1222 3906 1407 3945; x_wconf 77' lang='lat' dir='ltr'><strong>verum</strong></span> <span class='ocrx_word' id='word_1_544' title='bbox 1464 3907 1566 3946; x_wconf 92' lang='lat' dir='ltr'><strong>non</strong></span> <span class='ocrx_word' id='word_1_545' title='bbox 1624 3903 1856 3965; x_wconf 85' lang='lat' dir='ltr'><strong>possunt</strong></span> <span class='ocrx_word' id='word_1_546' title='bbox 1908 3896 2023 3948; x_wconf 73' lang='lat' dir='ltr'><strong>ltzec</strong></span> 
     </span>
    </p>
   </div>
   <div class='ocr_carea' id='block_1_71' title="bbox 443 3984 2026 4056">
    <p class='ocr_par' dir='ltr' id='par_1_71' title="bbox 443 3984 2026 4056">
     <span class='ocr_line' id='line_1_71' title="bbox 443 3984 2026 4056; baseline 0.004 -25"><span class='ocrx_word' id='word_1_547' title='bbox 443 3996 537 4049; x_wconf 79' lang='lat' dir='ltr'><strong>per</strong></span> <span class='ocrx_word' id='word_1_548' title='bbox 566 3997 715 4034; x_wconf 86' lang='lat' dir='ltr'><strong>meos</strong></span> <span class='ocrx_word' id='word_1_549' title='bbox 756 3998 1031 4037; x_wconf 77' lang='lat' dir='ltr'><strong>sermones</strong></span> <span class='ocrx_word' id='word_1_550' title='bbox 1073 3985 1207 4037; x_wconf 82' lang='lat' dir='ltr'><strong>satis</strong></span> <span class='ocrx_word' id='word_1_551' title='bbox 1242 3985 1526 4037; x_wconf 85' lang='lat' dir='ltr'><strong>commode</strong></span> <span class='ocrx_word' id='word_1_552' title='bbox 1581 3984 1739 4050; x_wconf 85' lang='lat' dir='ltr'><strong>disci,</strong></span> <span class='ocrx_word' id='word_1_553' title='bbox 1792 3985 1888 4040; x_wconf 82' lang='lat' dir='ltr'><strong>sed</strong></span> <span class='ocrx_word' id='word_1_554' title='bbox 1929 4000 2026 4056; x_wconf 85' lang='lat' dir='ltr'><strong>per</strong></span> 
     </span>
    </p>
   </div>
   <div class='ocr_carea' id='block_1_72' title="bbox 445 4076 2019 4146">
    <p class='ocr_par' dir='ltr' id='par_1_72' title="bbox 445 4076 2019 4146">
     <span class='ocr_line' id='line_1_72' title="bbox 445 4076 2019 4146; baseline 0.003 -18"><span class='ocrx_word' id='word_1_555' title='bbox 445 4076 704 4146; x_wconf 79' lang='lat' dir='ltr'><strong>Spiritum</strong></span> <span class='ocrx_word' id='word_1_556' title='bbox 726 4083 969 4130; x_wconf 73' lang='lat' dir='ltr'><strong>sant-tum</strong></span> <span class='ocrx_word' id='word_1_557' title='bbox 1000 4092 1014 4128; x_wconf 90' lang='lat'><strong>:</strong></span> <span class='ocrx_word' id='word_1_558' title='bbox 1042 4089 1140 4135; x_wconf 81' lang='lat' dir='ltr'><strong>nec</strong></span> <span class='ocrx_word' id='word_1_559' title='bbox 1168 4076 1413 4143; x_wconf 88' lang='lat' dir='ltr'><strong>poteritis</strong></span> <span class='ocrx_word' id='word_1_560' title='bbox 1439 4077 1552 4131; x_wconf 72' lang='lat' dir='ltr'><strong>tunc</strong></span> <span class='ocrx_word' id='word_1_561' title='bbox 1585 4076 1743 4130; x_wconf 83' lang='lat' dir='ltr'><strong>aliter</strong></span> <span class='ocrx_word' id='word_1_562' title='bbox 1766 4090 2019 4146; x_wconf 46' lang='lat' dir='ltr'><strong>comprez</strong></span> 
     </span>
    </p>
   </div>
   <div class='ocr_carea' id='block_1_73' title="bbox 445 4161 2025 4232">
    <p class='ocr_par' dir='ltr' id='par_1_73' title="bbox 445 4161 2025 4232">
     <span class='ocr_line' id='line_1_73' title="bbox 445 4161 2025 4232; baseline -0.001 -15"><span class='ocrx_word' id='word_1_563' title='bbox 445 4165 702 4229; x_wconf 85' lang='lat' dir='ltr'><strong>bemlere,</strong></span> <span class='ocrx_word' id='word_1_564' title='bbox 764 4163 867 4218; x_wconf 87' lang='lat' dir='ltr'><strong>nisi</strong></span> <span class='ocrx_word' id='word_1_565' title='bbox 920 4162 1347 4217; x_wconf 78' lang='lat' dir='ltr'><strong>corroboremini</strong></span> <span class='ocrx_word' id='word_1_566' title='bbox 1408 4178 1507 4232; x_wconf 90' lang='lat' dir='ltr'><strong>per</strong></span> <span class='ocrx_word' id='word_1_567' title='bbox 1577 4161 1860 4231; x_wconf 85' lang='lat' dir='ltr'><strong>Spiritum.</strong></span> <span class='ocrx_word' id='word_1_568' title='bbox 1929 4162 2025 4215; x_wconf 84' lang='lat' dir='ltr'><strong>Est</strong></span> 
     </span>
    </p>
   </div>
   <div class='ocr_carea' id='block_1_74' title="bbox 442 4251 2022 4320">
    <p class='ocr_par' dir='ltr' id='par_1_74' title="bbox 442 4251 2022 4320">
     <span class='ocr_line' id='line_1_74' title="bbox 442 4251 2022 4320; baseline 0 -15"><span class='ocrx_word' id='word_1_569' title='bbox 442 4255 585 4307; x_wconf 70' lang='lat' dir='ltr'><strong>enim</strong></span> <span class='ocrx_word' id='word_1_570' title='bbox 618 4254 785 4308; x_wconf 88' lang='lat' dir='ltr'><strong>multo</strong></span> <span class='ocrx_word' id='word_1_571' title='bbox 820 4254 1016 4309; x_wconf 89' lang='lat' dir='ltr'><strong>robore</strong></span> <span class='ocrx_word' id='word_1_572' title='bbox 1045 4267 1204 4320; x_wconf 87' lang='lat' dir='ltr'><strong>opus,</strong></span> <span class='ocrx_word' id='word_1_573' title='bbox 1247 4266 1311 4306; x_wconf 86' lang='lat' dir='ltr'><strong>ac</strong></span> <span class='ocrx_word' id='word_1_574' title='bbox 1347 4251 1451 4307; x_wconf 83' lang='lat' dir='ltr'><strong>nisi</strong></span> <span class='ocrx_word' id='word_1_575' title='bbox 1506 4252 1770 4306; x_wconf 85' lang='lat' dir='ltr'><strong>inhabitet</strong></span> <span class='ocrx_word' id='word_1_576' title='bbox 1792 4253 1843 4307; x_wconf 89' lang='lat' dir='ltr'><strong>itt</strong></span> <span class='ocrx_word' id='word_1_577' title='bbox 1872 4254 2022 4307; x_wconf 85' lang='lat' dir='ltr'><strong>vobis</strong></span> 
     </span>
    </p>
   </div>
   <div class='ocr_carea' id='block_1_75' title="bbox 441 4344 2020 4417">
    <p class='ocr_par' dir='ltr' id='par_1_75' title="bbox 441 4344 2020 4417">
     <span class='ocr_line' id='line_1_75' title="bbox 441 4344 2020 4417; baseline -0.001 -16"><span class='ocrx_word' id='word_1_578' title='bbox 441 4346 713 4412; x_wconf 79' lang='lat' dir='ltr'><strong>Christus,</strong></span> <span class='ocrx_word' id='word_1_579' title='bbox 750 4346 879 4401; x_wconf 89' lang='lat' dir='ltr'><strong>nihil</strong></span> <span class='ocrx_word' id='word_1_580' title='bbox 907 4346 1118 4402; x_wconf 81' lang='lat' dir='ltr'><strong>ellicere</strong></span> <span class='ocrx_word' id='word_1_581' title='bbox 1145 4346 1463 4417; x_wconf 87' lang='lat' dir='ltr'><strong>poterimus.</strong></span> <span class='ocrx_word' id='word_1_582' title='bbox 1492 4344 1781 4416; x_wconf 76' lang='lat' dir='ltr'><strong>Gregorius</strong></span> <span class='ocrx_word' id='word_1_583' title='bbox 1840 4356 2020 4400; x_wconf 86' lang='lat' dir='ltr'><strong>autem</strong></span> 
     </span>
    </p>
   </div>
   <div class='ocr_carea' id='block_1_76' title="bbox 442 4439 2024 4510">
    <p class='ocr_par' dir='ltr' id='par_1_76' title="bbox 442 4439 2024 4510">
     <span class='ocr_line' id='line_1_76' title="bbox 442 4439 2024 4510; baseline -0.001 -16"><span class='ocrx_word' id='word_1_584' title='bbox 442 4439 716 4509; x_wconf 82' lang='lat' dir='ltr'><strong>Nyssenns</strong></span> <span class='ocrx_word' id='word_1_585' title='bbox 741 4455 835 4510; x_wconf 89' lang='lat' dir='ltr'><strong>per</strong></span> <span class='ocrx_word' id='word_1_586' title='bbox 864 4440 1223 4502; x_wconf 89' lang='lat' dir='ltr'><strong>latitudinem,</strong></span> <span class='ocrx_word' id='word_1_587' title='bbox 1249 4439 1660 4509; x_wconf 79' lang='lat' dir='ltr'><strong>longitudinem,</strong></span> <span class='ocrx_word' id='word_1_588' title='bbox 1687 4441 2024 4509; x_wconf 85' lang='lat' dir='ltr'><strong>protundita-</strong></span> 
     </span>
    </p>
   </div>
   <div class='ocr_carea' id='block_1_77' title="bbox 446 4531 2021 4601">
    <p class='ocr_par' dir='ltr' id='par_1_77' title="bbox 446 4531 2021 4601">
     <span class='ocr_line' id='line_1_77' title="bbox 446 4531 2021 4601; baseline 0.001 -18"><span class='ocrx_word' id='word_1_589' title='bbox 446 4541 574 4592; x_wconf 89' lang='lat' dir='ltr'><strong>tem.</strong></span> <span class='ocrx_word' id='word_1_590' title='bbox 605 4541 660 4585; x_wconf 84' lang='lat' dir='ltr'><strong>et</strong></span> <span class='ocrx_word' id='word_1_591' title='bbox 688 4531 1048 4597; x_wconf 83' lang='lat' dir='ltr'><strong>altitudinem,</strong></span> <span class='ocrx_word' id='word_1_592' title='bbox 1081 4546 1293 4587; x_wconf 91' lang='lat' dir='ltr'><strong>crucem</strong></span> <span class='ocrx_word' id='word_1_593' title='bbox 1322 4531 1613 4601; x_wconf 81' lang='lat' dir='ltr'><strong>signiﬁcari</strong></span> <span class='ocrx_word' id='word_1_594' title='bbox 1645 4532 1810 4596; x_wconf 90' lang='lat' dir='ltr'><strong>dicit;</strong></span> <span class='ocrx_word' id='word_1_595' title='bbox 1860 4542 2021 4601; x_wconf 86' lang='lat' dir='ltr'><strong>atque</strong></span> 
     </span>
    </p>
   </div>
   <div class='ocr_carea' id='block_1_78' title="bbox 446 4621 2021 4692">
    <p class='ocr_par' dir='ltr' id='par_1_78' title="bbox 446 4621 2021 4692">
     <span class='ocr_line' id='line_1_78' title="bbox 446 4621 2021 4692; baseline 0.001 -19"><span class='ocrx_word' id='word_1_596' title='bbox 446 4622 581 4675; x_wconf 81' lang='lat' dir='ltr'><strong>adeo</strong></span> <span class='ocrx_word' id='word_1_597' title='bbox 605 4621 919 4690; x_wconf 83' lang='lat' dir='ltr'><strong>Apostolum</strong></span> <span class='ocrx_word' id='word_1_598' title='bbox 960 4623 1202 4691; x_wconf 83' lang='lat' dir='ltr'><strong>Ephesiis</strong></span> <span class='ocrx_word' id='word_1_599' title='bbox 1289 4622 1649 4692; x_wconf 85' lang='lat' dir='ltr'><strong>comprecari.</strong></span> <span class='ocrx_word' id='word_1_600' title='bbox 1703 4633 1761 4676; x_wconf 88' lang='lat' dir='ltr'><strong>ut</strong></span> <span class='ocrx_word' id='word_1_601' title='bbox 1813 4623 2021 4691; x_wconf 83' lang='lat' dir='ltr'><strong>possint</strong></span> 
     </span>
    </p>
   </div>
   <div class='ocr_carea' id='block_1_79' title="bbox 2127 3610 3660 3685">
    <p class='ocr_par' dir='ltr' id='par_1_79' title="bbox 2127 3610 3660 3685">
     <span class='ocr_line' id='line_1_79' title="bbox 2127 3610 3660 3685; baseline -0.007 -18"><span class='ocrx_word' id='word_1_602' title='bbox 2127 3614 2217 3668; x_wconf 80' lang='grc' dir='ltr'><strong>Διὸ</strong></span> <span class='ocrx_word' id='word_1_603' title='bbox 2257 3616 2351 3667; x_wconf 75' lang='grc' dir='ltr'>καὶ</span> <span class='ocrx_word' id='word_1_604' title='bbox 2386 3616 2717 3685; x_wconf 81' lang='grc' dir='ltr'>σωματικοῖς</span> <span class='ocrx_word' id='word_1_605' title='bbox 2748 3611 2880 3667; x_wconf 80' lang='grc' dir='ltr'>αὐτὸ</span> <span class='ocrx_word' id='word_1_606' title='bbox 2908 3610 3194 3680; x_wconf 72' lang='grc' dir='ltr'>ὑπέγραψε</span> <span class='ocrx_word' id='word_1_607' title='bbox 3226 3610 3498 3680; x_wconf 82' lang='grc' dir='ltr'>σχήμασι,</span> <span class='ocrx_word' id='word_1_608' title='bbox 3530 3622 3660 3675; x_wconf 74' lang='grc' dir='ltr'>περι-</span> 
     </span>
    </p>
   </div>
   <div class='ocr_carea' id='block_1_80' title="bbox 2125 3697 3662 3767">
    <p class='ocr_par' dir='ltr' id='par_1_80' title="bbox 2125 3697 3662 3767">
     <span class='ocr_line' id='line_1_80' title="bbox 2125 3697 3662 3767; baseline -0.005 -10"><span class='ocrx_word' id='word_1_609' title='bbox 2125 3705 2305 3758; x_wconf 65' lang='grc' dir='ltr'>λαδεὶλν</span> <span class='ocrx_word' id='word_1_610' title='bbox 2340 3707 2434 3758; x_wconf 77' lang='grc' dir='ltr'>καὶ</span> <span class='ocrx_word' id='word_1_611' title='bbox 2481 3706 2548 3758; x_wconf 85' lang='grc' dir='ltr'><strong>τὰ</strong></span> <span class='ocrx_word' id='word_1_612' title='bbox 2584 3707 2718 3767; x_wconf 80' lang='grc' dir='ltr'>ἄνω,</span> <span class='ocrx_word' id='word_1_613' title='bbox 2769 3704 2864 3757; x_wconf 76' lang='grc' dir='ltr'>καὶ</span> <span class='ocrx_word' id='word_1_614' title='bbox 2914 3704 2981 3756; x_wconf 76' lang='grc' dir='ltr'>τὰ</span> <span class='ocrx_word' id='word_1_615' title='bbox 3014 3705 3188 3765; x_wconf 85' lang='grc' dir='ltr'>κάτω,</span> <span class='ocrx_word' id='word_1_616' title='bbox 3238 3702 3338 3754; x_wconf 77' lang='grc' dir='ltr'>καὶ</span> <span class='ocrx_word' id='word_1_617' title='bbox 3364 3700 3434 3753; x_wconf 76' lang='grc' dir='ltr'>τὰ</span> <span class='ocrx_word' id='word_1_618' title='bbox 3464 3701 3522 3751; x_wconf 80' lang='grc' dir='ltr'>ὲκ</span> <span class='ocrx_word' id='word_1_619' title='bbox 3550 3697 3662 3750; x_wconf 77' lang='grc' dir='ltr'>πλα-</span> 
     </span>
    </p>
   </div>
   <div class='ocr_carea' id='block_1_81' title="bbox 2126 3788 3659 3867">
    <p class='ocr_par' dir='ltr' id='par_1_81' title="bbox 2126 3788 3659 3867">
     <span class='ocr_line' id='line_1_81' title="bbox 2126 3788 3659 3867; baseline -0.007 -16"><span class='ocrx_word' id='word_1_620' title='bbox 2126 3798 2282 3866; x_wconf 86' lang='grc' dir='ltr'>γίων.</span> <span class='ocrx_word' id='word_1_621' title='bbox 2328 3794 2495 3851; x_wconf 79' lang='grc' dir='ltr'>Εἶπον</span> <span class='ocrx_word' id='word_1_622' title='bbox 2533 3798 2631 3867; x_wconf 82' lang='grc' dir='ltr'>μὲν</span> <span class='ocrx_word' id='word_1_623' title='bbox 2665 3798 2793 3867; x_wconf 79' lang='grc' dir='ltr'>γὰρ,</span> <span class='ocrx_word' id='word_1_624' title='bbox 2845 3798 2999 3865; x_wconf 72' lang='grc' dir='ltr'>φησι,</span> <span class='ocrx_word' id='word_1_625' title='bbox 3034 3795 3128 3849; x_wconf 81' lang='grc' dir='ltr'>καὶ</span> <span class='ocrx_word' id='word_1_626' title='bbox 3177 3793 3289 3862; x_wconf 73' lang='grc' dir='ltr'><strong>ἐγώ</strong></span> <span class='ocrx_word' id='word_1_627' title='bbox 3311 3809 3325 3822; x_wconf 81' lang='grc'><strong><em>⁸</em></strong></span> <span class='ocrx_word' id='word_1_628' title='bbox 3361 3794 3458 3847; x_wconf 84' lang='grc' dir='ltr'><strong>ούκ</strong></span> <span class='ocrx_word' id='word_1_629' title='bbox 3486 3793 3587 3844; x_wconf 77' lang='grc' dir='ltr'>ἐστι</span> <span class='ocrx_word' id='word_1_630' title='bbox 3616 3788 3659 3840; x_wconf 72' lang='grc' dir='ltr'>δὲ</span> 
     </span>
    </p>
   </div>
   <div class='ocr_carea' id='block_1_82' title="bbox 2124 3881 3657 3960">
    <p class='ocr_par' dir='ltr' id='par_1_82' title="bbox 2124 3881 3657 3960">
     <span class='ocr_line' id='line_1_82' title="bbox 2124 3881 3657 3960; baseline -0.008 -15"><span class='ocrx_word' id='word_1_631' title='bbox 2124 3892 2210 3945; x_wconf 84' lang='grc' dir='ltr'>διὰ</span> <span class='ocrx_word' id='word_1_632' title='bbox 2241 3892 2348 3945; x_wconf 85' lang='grc' dir='ltr'>τῶν</span> <span class='ocrx_word' id='word_1_633' title='bbox 2378 3892 2527 3960; x_wconf 75' lang='grc' dir='ltr'><strong>ἐμῶν</strong></span> <span class='ocrx_word' id='word_1_634' title='bbox 2563 3891 2734 3958; x_wconf 78' lang='grc' dir='ltr'>λόγων</span> <span class='ocrx_word' id='word_1_635' title='bbox 2766 3889 2941 3944; x_wconf 78' lang='grc' dir='ltr'>ταῦτα</span> <span class='ocrx_word' id='word_1_636' title='bbox 2970 3888 3159 3959; x_wconf 85' lang='grc' dir='ltr'>μαθεῖν</span> <span class='ocrx_word' id='word_1_637' title='bbox 3192 3887 3416 3951; x_wconf 76' lang='grc' dir='ltr'>ἱκανῶς,</span> <span class='ocrx_word' id='word_1_638' title='bbox 3449 3883 3573 3938; x_wconf 69' lang='lat' dir='ltr'><strong>am</strong></span> <span class='ocrx_word' id='word_1_639' title='bbox 3590 3881 3657 3935; x_wconf 66' lang='grc' dir='ltr'>διὰ</span> 
     </span>
    </p>
   </div>
   <div class='ocr_carea' id='block_1_83' title="bbox 2124 3973 3658 4051">
    <p class='ocr_par' dir='ltr' id='par_1_83' title="bbox 2124 3973 3658 4051">
     <span class='ocr_line' id='line_1_83' title="bbox 2124 3973 3658 4051; baseline -0.01 -14"><span class='ocrx_word' id='word_1_640' title='bbox 2124 3984 2219 4037; x_wconf 68' lang='grc' dir='ltr'><strong>τοῦ</strong></span> <span class='ocrx_word' id='word_1_641' title='bbox 2254 3982 2566 4051; x_wconf 84' lang='grc' dir='ltr'>ΙΙνεύματος</span> <span class='ocrx_word' id='word_1_642' title='bbox 2599 3982 2693 4035; x_wconf 84' lang='grc' dir='ltr'><strong>τοῦ</strong></span> <span class='ocrx_word' id='word_1_643' title='bbox 2727 3981 2883 4049; x_wconf 81' lang='grc' dir='ltr'>ἁγίου</span> <span class='ocrx_word' id='word_1_644' title='bbox 2904 3998 2915 4010; x_wconf 91' lang='grc'><strong>·</strong></span> <span class='ocrx_word' id='word_1_645' title='bbox 2946 3979 3052 4032; x_wconf 74' lang='grc' dir='ltr'>οὐδ’</span> <span class='ocrx_word' id='word_1_646' title='bbox 3092 3978 3159 4032; x_wconf 80' lang='grc' dir='ltr'>ἄν</span> <span class='ocrx_word' id='word_1_647' title='bbox 3191 3977 3368 4039; x_wconf 72' lang='grc' dir='ltr'>ἄλλως</span> <span class='ocrx_word' id='word_1_648' title='bbox 3387 3973 3658 4044; x_wconf 75' lang='grc' dir='ltr'>ἐξισχύσετε</span> 
     </span>
    </p>
   </div>
   <div class='ocr_carea' id='block_1_84' title="bbox 2123 4059 3655 4142">
    <p class='ocr_par' dir='ltr' id='par_1_84' title="bbox 2123 4059 3655 4142">
     <span class='ocr_line' id='line_1_84' title="bbox 2123 4059 3655 4142; baseline -0.01 -14"><span class='ocrx_word' id='word_1_649' title='bbox 2123 4075 2298 4128; x_wconf 80' lang='grc' dir='ltr'>ταῦτα</span> <span class='ocrx_word' id='word_1_650' title='bbox 2351 4072 2683 4128; x_wconf 80' lang='grc' dir='ltr'>καταλαϐεῖν</span> <span class='ocrx_word' id='word_1_651' title='bbox 2704 4073 2769 4139; x_wconf 84' lang='grc'><strong>³⁹,</strong></span> <span class='ocrx_word' id='word_1_652' title='bbox 2817 4073 2867 4124; x_wconf 78' lang='grc' dir='ltr'>εἰ</span> <span class='ocrx_word' id='word_1_653' title='bbox 2914 4071 2992 4140; x_wconf 86' lang='grc' dir='ltr'><strong>μὴ</strong></span> <span class='ocrx_word' id='word_1_654' title='bbox 3039 4067 3423 4142; x_wconf 80' lang='grc' dir='ltr'>κραταιωθῆτε</span> <span class='ocrx_word' id='word_1_655' title='bbox 3467 4063 3548 4141; x_wconf 77' lang='grc' dir='ltr'><strong>διά</strong></span> <span class='ocrx_word' id='word_1_656' title='bbox 3586 4059 3655 4113; x_wconf 70' lang='grc' dir='ltr'>τοι]</span> 
     </span>
    </p>
   </div>
   <div class='ocr_carea' id='block_1_85' title="bbox 2126 4151 3659 4236">
    <p class='ocr_par' dir='ltr' id='par_1_85' title="bbox 2126 4151 3659 4236">
     <span class='ocr_line' id='line_1_85' title="bbox 2126 4151 3659 4236; baseline 0.003 -16"><span class='ocrx_word' id='word_1_657' title='bbox 2126 4166 2463 4236; x_wconf 82' lang='grc' dir='ltr'>ηνεύματος.</span> <span class='ocrx_word' id='word_1_658' title='bbox 2512 4166 2719 4234; x_wconf 75' lang='grc' dir='ltr'>’ἰσχύος</span> <span class='ocrx_word' id='word_1_659' title='bbox 2760 4163 2872 4233; x_wconf 84' lang='grc' dir='ltr'><strong>γὰρ</strong></span> <span class='ocrx_word' id='word_1_660' title='bbox 2903 4161 3106 4229; x_wconf 80' lang='grc' dir='ltr'>πολλῆς</span> <span class='ocrx_word' id='word_1_661' title='bbox 3154 4160 3338 4231; x_wconf 76' lang='grc' dir='ltr'>χρεία.</span> <span class='ocrx_word' id='word_1_662' title='bbox 3392 4159 3484 4212; x_wconf 62' lang='grc' dir='ltr'><strong>καὶ</strong></span> <span class='ocrx_word' id='word_1_663' title='bbox 3512 4156 3556 4209; x_wconf 74' lang='grc' dir='ltr'>εί</span> <span class='ocrx_word' id='word_1_664' title='bbox 3600 4151 3659 4224; x_wconf 63' lang='grc' dir='ltr'>μὴ</span> 
     </span>
    </p>
   </div>
   <div class='ocr_carea' id='block_1_86' title="bbox 2123 4248 3660 4327">
    <p class='ocr_par' dir='ltr' id='par_1_86' title="bbox 2123 4248 3660 4327">
     <span class='ocr_line' id='line_1_86' title="bbox 2123 4248 3660 4327; baseline -0.008 -17"><span class='ocrx_word' id='word_1_665' title='bbox 2123 4260 2394 4326; x_wconf 64' lang='grc' dir='ltr'>ἐνοικήσει</span> <span class='ocrx_word' id='word_1_666' title='bbox 2424 4258 2552 4327; x_wconf 81' lang='grc' dir='ltr'>ὑμῖν</span> <span class='ocrx_word' id='word_1_667' title='bbox 2580 4259 2607 4308; x_wconf 84' lang='grc' dir='ltr'><strong>ὀ</strong></span> <span class='ocrx_word' id='word_1_668' title='bbox 2635 4255 2894 4326; x_wconf 73' lang='grc' dir='ltr'>Χριστὸς.</span> <span class='ocrx_word' id='word_1_669' title='bbox 2924 4252 3035 4306; x_wconf 83' lang='grc' dir='ltr'>οὐδ’</span> <span class='ocrx_word' id='word_1_670' title='bbox 3060 4253 3126 4305; x_wconf 83' lang='grc' dir='ltr'>ἂν</span> <span class='ocrx_word' id='word_1_671' title='bbox 3164 4249 3505 4320; x_wconf 82' lang='grc' dir='ltr'>κατορθῶσαι</span> <span class='ocrx_word' id='word_1_672' title='bbox 3530 4248 3660 4313; x_wconf 83' lang='grc' dir='ltr'>δυνη-</span> 
     </span>
    </p>
   </div>
   <div class='ocr_carea' id='block_1_87' title="bbox 2128 4341 3659 4419">
    <p class='ocr_par' dir='ltr' id='par_1_87' title="bbox 2128 4341 3659 4419">
     <span class='ocr_line' id='line_1_87' title="bbox 2128 4341 3659 4419; baseline -0.003 -17"><span class='ocrx_word' id='word_1_673' title='bbox 2128 4348 2356 4419; x_wconf 84' lang='grc' dir='ltr'>θείημεν</span> <span class='ocrx_word' id='word_1_674' title='bbox 2379 4347 2444 4402; x_wconf 71' lang='grc'><strong>⁸⁹.</strong></span> <span class='ocrx_word' id='word_1_675' title='bbox 2481 4350 2539 4401; x_wconf 89' lang='lat'><strong>&#39;0</strong></span> <span class='ocrx_word' id='word_1_676' title='bbox 2557 4347 2612 4401; x_wconf 76' lang='grc' dir='ltr'>δὲ</span> <span class='ocrx_word' id='word_1_677' title='bbox 2636 4346 2857 4417; x_wconf 86' lang='grc' dir='ltr'>Νύσσης</span> <span class='ocrx_word' id='word_1_678' title='bbox 2887 4345 3189 4417; x_wconf 81' lang='grc' dir='ltr'>Γρηγὸριος</span> <span class='ocrx_word' id='word_1_679' title='bbox 3209 4342 3414 4396; x_wconf 72' lang='grc' dir='ltr'><strong>διὰτοῦ</strong></span> <span class='ocrx_word' id='word_1_680' title='bbox 3438 4341 3659 4398; x_wconf 77' lang='grc' dir='ltr'>πλάτους.</span> 
     </span>
    </p>
   </div>
   <div class='ocr_carea' id='block_1_88' title="bbox 2124 4430 3661 4511">
    <p class='ocr_par' dir='ltr' id='par_1_88' title="bbox 2124 4430 3661 4511">
     <span class='ocr_line' id='line_1_88' title="bbox 2124 4430 3661 4511; baseline -0.007 -17"><span class='ocrx_word' id='word_1_681' title='bbox 2124 4442 2217 4499; x_wconf 70' lang='grc' dir='ltr'>καὶ</span> <span class='ocrx_word' id='word_1_682' title='bbox 2266 4441 2496 4511; x_wconf 79' lang='grc' dir='ltr'>μήκους,</span> <span class='ocrx_word' id='word_1_683' title='bbox 2547 4439 2642 4492; x_wconf 72' lang='grc' dir='ltr'>καὶ</span> <span class='ocrx_word' id='word_1_684' title='bbox 2683 4437 2900 4508; x_wconf 79' lang='grc' dir='ltr'>βάθους,</span> <span class='ocrx_word' id='word_1_685' title='bbox 2950 4443 3044 4490; x_wconf 82' lang='grc' dir='ltr'><strong>καί</strong></span> <span class='ocrx_word' id='word_1_686' title='bbox 3082 4434 3278 4505; x_wconf 72' lang='grc' dir='ltr'>ὒψους,</span> <span class='ocrx_word' id='word_1_687' title='bbox 3330 4436 3422 4488; x_wconf 82' lang='grc' dir='ltr'><strong>τὸν</strong></span> <span class='ocrx_word' id='word_1_688' title='bbox 3463 4430 3661 4500; x_wconf 76' lang='grc' dir='ltr'>σταυρὸν</span> 
     </span>
    </p>
   </div>
   <div class='ocr_carea' id='block_1_89' title="bbox 2123 4524 3660 4604">
    <p class='ocr_par' dir='ltr' id='par_1_89' title="bbox 2123 4524 3660 4604">
     <span class='ocr_line' id='line_1_89' title="bbox 2123 4524 3660 4604; baseline -0.007 -19"><span class='ocrx_word' id='word_1_689' title='bbox 2123 4532 2227 4604; x_wconf 66' lang='grc' dir='ltr'>ἔφη</span> <span class='ocrx_word' id='word_1_690' title='bbox 2257 4530 2579 4603; x_wconf 77' lang='grc' dir='ltr'>δηλοῦσθαι·</span> <span class='ocrx_word' id='word_1_691' title='bbox 2621 4529 2950 4601; x_wconf 75' lang='grc' dir='ltr'>ἐπεύχεσθαι</span> <span class='ocrx_word' id='word_1_692' title='bbox 2977 4525 3070 4583; x_wconf 78' lang='grc' dir='ltr'>οὖν</span> <span class='ocrx_word' id='word_1_693' title='bbox 3100 4532 3190 4581; x_wconf 78' lang='grc' dir='ltr'>τὸν</span> <span class='ocrx_word' id='word_1_694' title='bbox 3233 4526 3547 4581; x_wconf 77' lang='grc' dir='ltr'>Ἀπόστολον</span> <span class='ocrx_word' id='word_1_695' title='bbox 3570 4524 3660 4581; x_wconf 79' lang='grc' dir='ltr'>τοῖς</span> 
     </span>
    </p>
   </div>
   <div class='ocr_carea' id='block_1_90' title="bbox 2125 4611 3657 4692">
    <p class='ocr_par' dir='ltr' id='par_1_90' title="bbox 2125 4611 3657 4692">
     <span class='ocr_line' id='line_1_90' title="bbox 2125 4611 3657 4692; baseline -0.019 -2"><span class='ocrx_word' id='word_1_696' title='bbox 2125 4624 2416 4692; x_wconf 81' lang='grc' dir='ltr'>Ἐφεσίοις.</span> <span class='ocrx_word' id='word_1_697' title='bbox 2465 4623 2541 4687; x_wconf 85' lang='grc' dir='ltr'>ὼς</span> <span class='ocrx_word' id='word_1_698' title='bbox 2574 4622 2639 4676; x_wconf 77' lang='grc' dir='ltr'>ἂν</span> <span class='ocrx_word' id='word_1_699' title='bbox 2687 4620 3011 4690; x_wconf 78' lang='grc' dir='ltr'>ὲξισχύσωσι</span> <span class='ocrx_word' id='word_1_700' title='bbox 3056 4620 3456 4673; x_wconf 74' lang='grc' dir='ltr'>καταλαϐέσθαι</span> <span class='ocrx_word' id='word_1_701' title='bbox 3487 4617 3542 4669; x_wconf 81' lang='grc' dir='ltr'><strong>τὸ</strong></span> <span class='ocrx_word' id='word_1_702' title='bbox 3582 4611 3657 4664; x_wconf 74' lang='grc' dir='ltr'>τοῦ</span> 
     </span>
    </p>
   </div>
   <div class='ocr_carea' id='block_1_91' title="bbox 446 4706 2013 4786">
    <p class='ocr_par' dir='ltr' id='par_1_91' title="bbox 446 4712 2013 4786">
     <span class='ocr_line' id='line_1_91' title="bbox 446 4712 2013 4786; baseline -0.002 -16"><span class='ocrx_word' id='word_1_703' title='bbox 446 4715 908 4784; x_wconf 83' lang='lat' dir='ltr'><strong>comprehendere</strong></span> <span class='ocrx_word' id='word_1_704' title='bbox 940 4717 1116 4770; x_wconf 84' lang='lat' dir='ltr'><strong>crucis</strong></span> <span class='ocrx_word' id='word_1_705' title='bbox 1171 4715 1510 4786; x_wconf 86' lang='lat' dir='ltr'><strong>mysterium.</strong></span> <span class='ocrx_word' id='word_1_706' title='bbox 1565 4712 1823 4770; x_wconf 82' lang='lat' dir='ltr'><strong>Universa</strong></span> <span class='ocrx_word' id='word_1_707' title='bbox 1879 4714 2013 4768; x_wconf 84' lang='lat' dir='ltr'><strong>enim</strong></span> 
     </span>
    </p>
   </div>
   <div class='ocr_carea' id='block_1_92' title="bbox 2121 4706 3659 4786">
    <p class='ocr_par' dir='ltr' id='par_1_92' title="bbox 2129 4706 3659 4786">
     <span class='ocr_line' id='line_1_92' title="bbox 2129 4706 3659 4786; baseline -0.01 -17"><span class='ocrx_word' id='word_1_708' title='bbox 2129 4715 2364 4786; x_wconf 84' lang='grc' dir='ltr'>σταυροῦ</span> <span class='ocrx_word' id='word_1_709' title='bbox 2419 4717 2739 4785; x_wconf 79' lang='grc' dir='ltr'>μυστήριον.</span> <span class='ocrx_word' id='word_1_710' title='bbox 2780 4714 2846 4766; x_wconf 84' lang='grc' dir='ltr'>Ἦ</span> <span class='ocrx_word' id='word_1_711' title='bbox 2877 4713 2986 4783; x_wconf 81' lang='grc' dir='ltr'>γὰρ</span> <span class='ocrx_word' id='word_1_712' title='bbox 3019 4714 3170 4765; x_wconf 81' lang='grc' dir='ltr'>πᾶσα</span> <span class='ocrx_word' id='word_1_713' title='bbox 3196 4710 3474 4778; x_wconf 75' lang='grc' dir='ltr'>οἰκονομία</span> <span class='ocrx_word' id='word_1_714' title='bbox 3513 4706 3659 4771; x_wconf 77' lang='grc' dir='ltr'>τούτῳ</span> 
     </span>
    </p>
   </div>
   <div class='ocr_carea' id='block_1_93' title="bbox 446 4806 2018 4877">
    <p class='ocr_par' dir='ltr' id='par_1_93' title="bbox 446 4806 2018 4877">
     <span class='ocr_line' id='line_1_93' title="bbox 446 4806 2018 4877; baseline -0.003 -17"><span class='ocrx_word' id='word_1_715' title='bbox 446 4806 857 4876; x_wconf 68' lang='grc' dir='ltr'>ιιίεςρεηεοιίοἰιι</span> <span class='ocrx_word' id='word_1_716' title='bbox 888 4807 989 4861; x_wconf 88' lang='lat' dir='ltr'><strong>hoc</strong></span> <span class='ocrx_word' id='word_1_717' title='bbox 1046 4809 1375 4872; x_wconf 87' lang='lat' dir='ltr'><strong>continetur,</strong></span> <span class='ocrx_word' id='word_1_718' title='bbox 1429 4819 1594 4877; x_wconf 87' lang='lat' dir='ltr'><strong>atque</strong></span> <span class='ocrx_word' id='word_1_719' title='bbox 1643 4807 1693 4860; x_wconf 92' lang='lat' dir='ltr'><strong>in</strong></span> <span class='ocrx_word' id='word_1_720' title='bbox 1751 4807 1851 4861; x_wconf 87' lang='lat' dir='ltr'><strong>hac</strong></span> <span class='ocrx_word' id='word_1_721' title='bbox 1906 4806 2018 4870; x_wconf 87' lang='lat' dir='ltr'><strong>ipsa</strong></span> 
     </span>
    </p>
   </div>
   <div class='ocr_carea' id='block_1_94' title="bbox 447 4897 2020 4968">
    <p class='ocr_par' dir='ltr' id='par_1_94' title="bbox 447 4897 2020 4968">
     <span class='ocr_line' id='line_1_94' title="bbox 447 4897 2020 4968; baseline 0.002 -20"><span class='ocrx_word' id='word_1_722' title='bbox 447 4899 686 4952; x_wconf 87' lang='lat' dir='ltr'><strong>otttltium</strong></span> <span class='ocrx_word' id='word_1_723' title='bbox 717 4901 949 4958; x_wconf 79' lang='lat' dir='ltr'><strong>maxime</strong></span> <span class='ocrx_word' id='word_1_724' title='bbox 974 4903 1247 4956; x_wconf 83' lang='lat' dir='ltr'><strong>tremenda</strong></span> <span class='ocrx_word' id='word_1_725' title='bbox 1280 4911 1361 4956; x_wconf 87' lang='lat' dir='ltr'><strong>est</strong></span> <span class='ocrx_word' id='word_1_726' title='bbox 1391 4915 1548 4967; x_wconf 87' lang='lat' dir='ltr'><strong>crux,</strong></span> <span class='ocrx_word' id='word_1_727' title='bbox 1574 4914 1638 4954; x_wconf 78' lang='lat' dir='ltr'><strong>ex</strong></span> <span class='ocrx_word' id='word_1_728' title='bbox 1675 4916 1779 4968; x_wconf 87' lang='lat' dir='ltr'><strong>qua</strong></span> <span class='ocrx_word' id='word_1_729' title='bbox 1837 4897 2020 4953; x_wconf 84' lang='lat' dir='ltr'><strong>chari-</strong></span> 
     </span>
    </p>
   </div>
   <div class='ocr_carea' id='block_1_95' title="bbox 451 4985 2022 5061">
    <p class='ocr_par' dir='ltr' id='par_1_95' title="bbox 451 4985 2022 5061">
     <span class='ocr_line' id='line_1_95' title="bbox 451 4985 2022 5061; baseline 0.004 -24"><span class='ocrx_word' id='word_1_730' title='bbox 451 4998 533 5042; x_wconf 87' lang='lat' dir='ltr'><strong>tas</strong></span> <span class='ocrx_word' id='word_1_731' title='bbox 564 4985 655 5042; x_wconf 90' lang='lat' dir='ltr'><strong>Dei</strong></span> <span class='ocrx_word' id='word_1_732' title='bbox 692 4989 924 5042; x_wconf 76' lang='lat' dir='ltr'><strong>maxime</strong></span> <span class='ocrx_word' id='word_1_733' title='bbox 971 4990 1390 5052; x_wconf 87' lang='lat' dir='ltr'><strong>demonstratur.</strong></span> <span class='ocrx_word' id='word_1_734' title='bbox 1423 4990 1872 5061; x_wconf 86' lang='lat' dir='ltr'><strong>quemadmodum</strong></span> <span class='ocrx_word' id='word_1_735' title='bbox 1909 4989 2022 5060; x_wconf 88' lang='lat' dir='ltr'><strong>ipse</strong></span> 
     </span>
    </p>
   </div>
   <div class='ocr_carea' id='block_1_96' title="bbox 449 5079 2021 5151">
    <p class='ocr_par' dir='ltr' id='par_1_96' title="bbox 449 5079 2021 5151">
     <span class='ocr_line' id='line_1_96' title="bbox 449 5079 2021 5151; baseline 0.002 -18"><span class='ocrx_word' id='word_1_736' title='bbox 449 5079 705 5135; x_wconf 87' lang='lat' dir='ltr'><strong>Dominus</strong></span> <span class='ocrx_word' id='word_1_737' title='bbox 733 5080 863 5136; x_wconf 89' lang='lat' dir='ltr'><strong>dicit</strong></span> <span class='ocrx_word' id='word_1_738' title='bbox 889 5089 935 5137; x_wconf 67' lang='grc' dir='ltr'>ι.</span> <span class='ocrx_word' id='word_1_739' title='bbox 969 5080 1257 5151; x_wconf 81' lang='lat' dir='ltr'><strong>PrOpterea</strong></span> <span class='ocrx_word' id='word_1_740' title='bbox 1290 5094 1343 5138; x_wconf 91' lang='lat' dir='ltr'><strong>et</strong></span> <span class='ocrx_word' id='word_1_741' title='bbox 1382 5081 1579 5136; x_wconf 86' lang='lat' dir='ltr'><strong>Paulus</strong></span> <span class='ocrx_word' id='word_1_742' title='bbox 1622 5083 1686 5135; x_wconf 91' lang='lat' dir='ltr'><strong>de</strong></span> <span class='ocrx_word' id='word_1_743' title='bbox 1735 5081 2021 5137; x_wconf 83' lang='lat' dir='ltr'><strong>dilectione</strong></span> 
     </span>
    </p>
   </div>
   <div class='ocr_carea' id='block_1_97' title="bbox 449 5171 1668 5227">
    <p class='ocr_par' dir='ltr' id='par_1_97' title="bbox 449 5171 1668 5227">
     <span class='ocr_line' id='line_1_97' title="bbox 449 5171 1668 5227; baseline 0.002 -3"><span class='ocrx_word' id='word_1_744' title='bbox 449 5171 609 5227; x_wconf 78' lang='lat' dir='ltr'><strong>infert</strong></span> <span class='ocrx_word' id='word_1_745' title='bbox 637 5189 651 5227; x_wconf 90' lang='lat'><strong>:</strong></span> <span class='ocrx_word' id='word_1_746' title='bbox 1664 5197 1668 5200; x_wconf 51' lang='grc'><em>’</em></span> 
     </span>
    </p>
   </div>
   <div class='ocr_carea' id='block_1_98' title="bbox 519 5264 2021 5333">
    <p class='ocr_par' dir='ltr' id='par_1_98' title="bbox 519 5264 2021 5333">
     <span class='ocr_line' id='line_1_98' title="bbox 519 5264 2021 5333; baseline -0.001 -14"><span class='ocrx_word' id='word_1_747' title='bbox 519 5264 683 5320; x_wconf 73' lang='lat' dir='ltr'><strong>Vsus.</strong></span> <span class='ocrx_word' id='word_1_748' title='bbox 720 5267 808 5322; x_wconf 84' lang='lat' dir='ltr'><strong>l9.</strong></span> <span class='ocrx_word' id='word_1_749' title='bbox 842 5285 861 5319; x_wconf 81' lang='grc' dir='ltr'>ι</span> <span class='ocrx_word' id='word_1_750' title='bbox 902 5267 1055 5323; x_wconf 81' lang='lat' dir='ltr'><strong>Scire</strong></span> <span class='ocrx_word' id='word_1_751' title='bbox 1100 5269 1263 5323; x_wconf 77' lang='lat' dir='ltr'><strong>etiam</strong></span> <span class='ocrx_word' id='word_1_752' title='bbox 1310 5267 1800 5333; x_wconf 85' lang='lat' dir='ltr'><strong>supereminentem</strong></span> <span class='ocrx_word' id='word_1_753' title='bbox 1845 5265 2021 5318; x_wconf 84' lang='lat' dir='ltr'><strong>scien—</strong></span> 
     </span>
    </p>
   </div>
   <div class='ocr_carea' id='block_1_99' title="bbox 2131 4799 3656 4877">
    <p class='ocr_par' dir='ltr' id='par_1_99' title="bbox 2131 4799 3656 4877">
     <span class='ocr_line' id='line_1_99' title="bbox 2131 4799 3656 4877; baseline -0.008 -19"><span class='ocrx_word' id='word_1_754' title='bbox 2131 4806 2543 4877; x_wconf 75' lang='grc' dir='ltr'>ἐμπεριέχεται,</span> <span class='ocrx_word' id='word_1_755' title='bbox 2575 4806 2668 4859; x_wconf 80' lang='grc' dir='ltr'><strong>καὶ</strong></span> <span class='ocrx_word' id='word_1_756' title='bbox 2696 4804 2757 4858; x_wconf 82' lang='grc' dir='ltr'><strong>τὸ</strong></span> <span class='ocrx_word' id='word_1_757' title='bbox 2781 4804 2983 4872; x_wconf 82' lang='grc' dir='ltr'>ταύτης</span> <span class='ocrx_word' id='word_1_758' title='bbox 3012 4802 3451 4873; x_wconf 80' lang='grc' dir='ltr'>φρικωδέστατον</span> <span class='ocrx_word' id='word_1_759' title='bbox 3479 4799 3505 4852; x_wconf 81' lang='grc' dir='ltr'><strong>ὁ</strong></span> <span class='ocrx_word' id='word_1_760' title='bbox 3526 4813 3656 4850; x_wconf 81' lang='grc' dir='ltr'>σταυ-</span> 
     </span>
    </p>
   </div>
   <div class='ocr_carea' id='block_1_100' title="bbox 2133 4886 3655 4967">
    <p class='ocr_par' dir='ltr' id='par_1_100' title="bbox 2133 4886 3655 4967">
     <span class='ocr_line' id='line_1_100' title="bbox 2133 4886 3655 4967; baseline -0.017 -1"><span class='ocrx_word' id='word_1_761' title='bbox 2133 4899 2224 4967; x_wconf 73' lang='grc' dir='ltr'>ρὸς</span> <span class='ocrx_word' id='word_1_762' title='bbox 2244 4900 2427 4951; x_wconf 74' lang='grc' dir='ltr'>ἐστιν’</span> <span class='ocrx_word' id='word_1_763' title='bbox 2457 4896 2517 4962; x_wconf 72' lang='lat' dir='ltr'><strong>te</strong></span> <span class='ocrx_word' id='word_1_764' title='bbox 2537 4891 2597 4952; x_wconf 74' lang='grc' dir='ltr'>οὗ</span> <span class='ocrx_word' id='word_1_765' title='bbox 2625 4899 2721 4951; x_wconf 84' lang='grc' dir='ltr'>καὶ</span> <span class='ocrx_word' id='word_1_766' title='bbox 2745 4900 2777 4966; x_wconf 83' lang='grc' dir='ltr'>ἡ</span> <span class='ocrx_word' id='word_1_767' title='bbox 2803 4899 2993 4966; x_wconf 81' lang='grc' dir='ltr'>ἀγάπη</span> <span class='ocrx_word' id='word_1_768' title='bbox 3016 4894 3111 4948; x_wconf 81' lang='grc' dir='ltr'><strong>τοῦ</strong></span> <span class='ocrx_word' id='word_1_769' title='bbox 3138 4894 3275 4948; x_wconf 77' lang='grc' dir='ltr'>Θεοῦ</span> <span class='ocrx_word' id='word_1_770' title='bbox 3302 4893 3526 4962; x_wconf 72' lang='grc' dir='ltr'>μάλιστα</span> <span class='ocrx_word' id='word_1_771' title='bbox 3571 4886 3655 4939; x_wconf 74' lang='grc' dir='ltr'>δεῖ·</span> 
     </span>
    </p>
   </div>
   <div class='ocr_carea' id='block_1_101' title="bbox 2136 4980 3656 5059">
    <p class='ocr_par' dir='ltr' id='par_1_101' title="bbox 2136 4980 3656 5059">
     <span class='ocr_line' id='line_1_101' title="bbox 2136 4980 3656 5059; baseline -0.01 -17"><span class='ocrx_word' id='word_1_772' title='bbox 2136 5006 2353 5055; x_wconf 80' lang='grc' dir='ltr'>κνυται,</span> <span class='ocrx_word' id='word_1_773' title='bbox 2386 4987 2462 5052; x_wconf 85' lang='grc' dir='ltr'>ὥς</span> <span class='ocrx_word' id='word_1_774' title='bbox 2490 5005 2623 5058; x_wconf 80' lang='grc' dir='ltr'>φησι</span> <span class='ocrx_word' id='word_1_775' title='bbox 2644 4989 2738 5041; x_wconf 72' lang='grc' dir='ltr'>καὶ</span> <span class='ocrx_word' id='word_1_776' title='bbox 2764 4989 2792 5040; x_wconf 86' lang='grc' dir='ltr'>ὁ</span> <span class='ocrx_word' id='word_1_777' title='bbox 2817 4986 3048 5059; x_wconf 80' lang='grc' dir='ltr'>Κύριος·</span> <span class='ocrx_word' id='word_1_778' title='bbox 3077 4986 3157 5038; x_wconf 80' lang='grc' dir='ltr'>διὸ</span> <span class='ocrx_word' id='word_1_779' title='bbox 3184 4988 3279 5038; x_wconf 77' lang='grc' dir='ltr'>καὶ</span> <span class='ocrx_word' id='word_1_780' title='bbox 3301 4987 3329 5037; x_wconf 89' lang='grc' dir='ltr'><strong>ὁ</strong></span> <span class='ocrx_word' id='word_1_781' title='bbox 3352 4981 3546 5042; x_wconf 80' lang='grc' dir='ltr'>Παῦλος</span> <span class='ocrx_word' id='word_1_782' title='bbox 3559 4980 3656 5029; x_wconf 75' lang='grc' dir='ltr'>ἐπι·</span> 
     </span>
    </p>
   </div>
   <div class='ocr_carea' id='block_1_102' title="bbox 2130 5081 2848 5153">
    <p class='ocr_par' dir='ltr' id='par_1_102' title="bbox 2130 5081 2848 5153">
     <span class='ocr_line' id='line_1_102' title="bbox 2130 5081 2848 5153; baseline 0.014 -20"><span class='ocrx_word' id='word_1_783' title='bbox 2130 5083 2287 5153; x_wconf 78' lang='grc' dir='ltr'>φέρει</span> <span class='ocrx_word' id='word_1_784' title='bbox 2314 5081 2441 5153; x_wconf 76' lang='grc' dir='ltr'>περὶ</span> <span class='ocrx_word' id='word_1_785' title='bbox 2469 5082 2566 5153; x_wconf 76' lang='grc' dir='ltr'>τῆς</span> <span class='ocrx_word' id='word_1_786' title='bbox 2596 5082 2848 5152; x_wconf 81' lang='grc' dir='ltr'>ἀγάπης·</span> 
     </span>
    </p>
   </div>
   <div class='ocr_carea' id='block_1_103' title="bbox 2207 5255 3656 5331">
    <p class='ocr_par' dir='ltr' id='par_1_103' title="bbox 2207 5255 3656 5331">
     <span class='ocr_line' id='line_1_103' title="bbox 2207 5255 3656 5331; baseline -0.005 -18"><span class='ocrx_word' id='word_1_787' title='bbox 2207 5280 2225 5312; x_wconf 84' lang='grc' dir='ltr'><strong>ι</strong></span> <span class='ocrx_word' id='word_1_788' title='bbox 2270 5260 2477 5314; x_wconf 79' lang='grc' dir='ltr'>Γνῶναί</span> <span class='ocrx_word' id='word_1_789' title='bbox 2529 5277 2590 5313; x_wconf 89' lang='grc' dir='ltr'><strong>τε</strong></span> <span class='ocrx_word' id='word_1_790' title='bbox 2643 5259 2741 5330; x_wconf 75' lang='grc' dir='ltr'><strong>τὴν</strong></span> <span class='ocrx_word' id='word_1_791' title='bbox 2798 5258 3247 5331; x_wconf 76' lang='grc' dir='ltr'>ὑπερϐάλλουσαν</span> <span class='ocrx_word' id='word_1_792' title='bbox 3300 5259 3393 5325; x_wconf 76' lang='grc' dir='ltr'><strong>τῆς</strong></span> <span class='ocrx_word' id='word_1_793' title='bbox 3441 5255 3656 5322; x_wconf 79' lang='grc' dir='ltr'>γνώσεως</span> 
     </span>
    </p>
   </div>
   <div class='ocr_carea' id='block_1_104' title="bbox 453 5340 2013 5427">
    <p class='ocr_par' dir='ltr' id='par_1_104' title="bbox 453 5353 2013 5427">
     <span class='ocr_line' id='line_1_104' title="bbox 453 5353 2013 5427; baseline 0.001 -22"><span class='ocrx_word' id='word_1_794' title='bbox 453 5353 537 5407; x_wconf 78' lang='lat' dir='ltr'><strong>tia:</strong></span> <span class='ocrx_word' id='word_1_795' title='bbox 565 5354 882 5411; x_wconf 86' lang='lat' dir='ltr'><strong>charitatem</strong></span> <span class='ocrx_word' id='word_1_796' title='bbox 917 5355 1141 5412; x_wconf 82' lang='lat' dir='ltr'><strong>Christi.</strong></span> <span class='ocrx_word' id='word_1_797' title='bbox 1173 5375 1192 5410; x_wconf 72' lang='grc' dir='ltr'><strong>ι</strong></span> <span class='ocrx_word' id='word_1_798' title='bbox 1228 5354 1298 5410; x_wconf 91' lang='lat' dir='ltr'><strong>Ut</strong></span> <span class='ocrx_word' id='word_1_799' title='bbox 1321 5356 1559 5427; x_wconf 89' lang='lat' dir='ltr'><strong>possitis,</strong></span> <span class='ocrx_word' id='word_1_800' title='bbox 1583 5354 1777 5424; x_wconf 88' lang='lat' dir='ltr'><strong>inquit,</strong></span> <span class='ocrx_word' id='word_1_801' title='bbox 1831 5368 2013 5423; x_wconf 64' lang='lat' dir='ltr'><strong>cogito</strong></span> 
     </span>
    </p>
   </div>
   <div class='ocr_carea' id='block_1_105' title="bbox 2121 5340 3657 5427">
    <p class='ocr_par' dir='ltr' id='par_1_105' title="bbox 2132 5340 3657 5422">
     <span class='ocr_line' id='line_1_105' title="bbox 2132 5340 3657 5422; baseline -0.007 -15"><span class='ocrx_word' id='word_1_802' title='bbox 2132 5352 2354 5422; x_wconf 80' lang='grc' dir='ltr'>ἀγάπην</span> <span class='ocrx_word' id='word_1_803' title='bbox 2384 5351 2478 5405; x_wconf 77' lang='grc' dir='ltr'><strong>τοῦ</strong></span> <span class='ocrx_word' id='word_1_804' title='bbox 2504 5352 2767 5407; x_wconf 84' lang='grc' dir='ltr'>Χοιστοῦ.</span> <span class='ocrx_word' id='word_1_805' title='bbox 2810 5371 2828 5404; x_wconf 75' lang='grc' dir='ltr'>ι</span> <span class='ocrx_word' id='word_1_806' title='bbox 2866 5351 2975 5405; x_wconf 71' lang='grc' dir='ltr'>Καὶ</span> <span class='ocrx_word' id='word_1_807' title='bbox 3007 5351 3094 5404; x_wconf 82' lang='grc' dir='ltr'>ἵνα</span> <span class='ocrx_word' id='word_1_808' title='bbox 3142 5349 3489 5421; x_wconf 67' lang='grc' dir='ltr'>ἐξισχύσητε,</span> <span class='ocrx_word' id='word_1_809' title='bbox 3522 5340 3657 5411; x_wconf 53' lang='grc' dir='ltr'>φησὶ.</span> 
     </span>
    </p>
   </div>
   <div class='ocr_carea' id='block_1_106' title="bbox 558 5494 1636 5562">
    <p class='ocr_par' dir='ltr' id='par_1_106' title="bbox 558 5494 1636 5562">
     <span class='ocr_line' id='line_1_106' title="bbox 558 5494 1636 5562; baseline 0 -13"><span class='ocrx_word' id='word_1_810' title='bbox 558 5503 586 5543; x_wconf 70' lang='grc'><strong><em>1</em></strong></span> <span class='ocrx_word' id='word_1_811' title='bbox 613 5495 768 5551; x_wconf 71' lang='lat' dir='ltr'><strong>toan.</strong></span> <span class='ocrx_word' id='word_1_812' title='bbox 791 5511 904 5562; x_wconf 85' lang='lat' dir='ltr'><strong>xtv,</strong></span> <span class='ocrx_word' id='word_1_813' title='bbox 934 5497 1024 5552; x_wconf 71' lang='grc'><strong>95.</strong></span> <span class='ocrx_word' id='word_1_814' title='bbox 1141 5506 1164 5535; x_wconf 74' lang='grc' dir='ltr'><strong>ι</strong></span> <span class='ocrx_word' id='word_1_815' title='bbox 1194 5494 1353 5551; x_wconf 77' lang='lat' dir='ltr'><strong>J‘oan.</strong></span> <span class='ocrx_word' id='word_1_816' title='bbox 1401 5510 1491 5558; x_wconf 85' lang='lat' dir='ltr'><strong>xv,</strong></span> <span class='ocrx_word' id='word_1_817' title='bbox 1547 5495 1636 5549; x_wconf 70' lang='lat'><strong>12.</strong></span> 
     </span>
    </p>
   </div>
   <div class='ocr_carea' id='block_1_107' title="bbox 1798 5605 2352 5670">
    <p class='ocr_par' dir='ltr' id='par_1_107' title="bbox 1798 5605 2352 5670">
     <span class='ocr_line' id='line_1_107' title="bbox 1798 5605 2352 5670; baseline 0.005 -4"><span class='ocrx_word' id='word_1_818' title='bbox 1798 5606 2001 5667; x_wconf 67' lang='lat' dir='ltr'><strong>Varia)</strong></span> <span class='ocrx_word' id='word_1_819' title='bbox 2021 5605 2352 5670; x_wconf 82' lang='lat' dir='ltr'><strong>lectiones.</strong></span> 
     </span>
    </p>
   </div>
   <div class='ocr_carea' id='block_1_108' title="bbox 525 5708 1984 5780">
    <p class='ocr_par' dir='ltr' id='par_1_108' title="bbox 525 5708 1984 5780">
     <span class='ocr_line' id='line_1_108' title="bbox 525 5708 1984 5780; baseline -0.001 -17"><span class='ocrx_word' id='word_1_820' title='bbox 525 5709 571 5741; x_wconf 81' lang='grc'><strong><em>³⁵</em></strong></span> <span class='ocrx_word' id='word_1_821' title='bbox 595 5712 826 5780; x_wconf 78' lang='grc' dir='ltr'>προεῖπε</span> <span class='ocrx_word' id='word_1_822' title='bbox 853 5724 908 5764; x_wconf 90' lang='lat' dir='ltr'><strong>o.</strong></span> <span class='ocrx_word' id='word_1_823' title='bbox 984 5711 1027 5743; x_wconf 78' lang='grc'><em>³³</em></span> <span class='ocrx_word' id='word_1_824' title='bbox 1063 5709 1248 5764; x_wconf 77' lang='grc' dir='ltr'>λαϐεῖν</span> <span class='ocrx_word' id='word_1_825' title='bbox 1269 5726 1320 5766; x_wconf 93' lang='lat' dir='ltr'><strong>o.</strong></span> <span class='ocrx_word' id='word_1_826' title='bbox 1399 5710 1448 5742; x_wconf 81' lang='lat'>“</span> <span class='ocrx_word' id='word_1_827' title='bbox 1481 5712 1568 5765; x_wconf 83' lang='grc' dir='ltr'><strong>ισ.</strong></span> <span class='ocrx_word' id='word_1_828' title='bbox 1593 5708 1911 5779; x_wconf 71' lang='grc' dir='ltr'>δυνηθείητε</span> <span class='ocrx_word' id='word_1_829' title='bbox 1933 5726 1984 5763; x_wconf 90' lang='lat' dir='ltr'><strong>o.</strong></span> 
     </span>
    </p>
   </div>
   <div class='ocr_carea' id='block_1_109' title="bbox 527 5851 2018 5921">
    <p class='ocr_par' dir='ltr' id='par_1_109' title="bbox 527 5851 2018 5921">
     <span class='ocr_line' id='line_1_109' title="bbox 527 5851 2018 5921; baseline -0.002 -15"><span class='ocrx_word' id='word_1_830' title='bbox 527 5854 603 5921; x_wconf 82' lang='grc' dir='ltr'>(α)</span> <span class='ocrx_word' id='word_1_831' title='bbox 639 5854 842 5907; x_wconf 81' lang='lat' dir='ltr'><strong>&#39;l‘extus</strong></span> <span class='ocrx_word' id='word_1_832' title='bbox 878 5854 963 5905; x_wconf 80' lang='lat' dir='ltr'><strong>hic</strong></span> <span class='ocrx_word' id='word_1_833' title='bbox 996 5852 1153 5919; x_wconf 82' lang='lat' dir='ltr'><strong>plane</strong></span> <span class='ocrx_word' id='word_1_834' title='bbox 1188 5853 1535 5915; x_wconf 78' lang='lat' dir='ltr'><strong>perturbatus</strong></span> <span class='ocrx_word' id='word_1_835' title='bbox 1567 5863 1670 5907; x_wconf 84' lang='lat' dir='ltr'><strong>est.</strong></span> <span class='ocrx_word' id='word_1_836' title='bbox 1712 5851 1933 5905; x_wconf 71' lang='lat' dir='ltr'><strong>[tertius</strong></span> <span class='ocrx_word' id='word_1_837' title='bbox 1958 5866 2018 5903; x_wconf 84' lang='lat' dir='ltr'><strong>se</strong></span> 
     </span>
    </p>
   </div>
   <div class='ocr_carea' id='block_1_110' title="bbox 456 5922 2020 5987">
    <p class='ocr_par' dir='ltr' id='par_1_110' title="bbox 456 5922 2020 5987">
     <span class='ocr_line' id='line_1_110' title="bbox 456 5922 2020 5987; baseline -0.001 -13"><span class='ocrx_word' id='word_1_838' title='bbox 456 5924 620 5978; x_wconf 83' lang='lat' dir='ltr'><strong>habet</strong></span> <span class='ocrx_word' id='word_1_839' title='bbox 640 5923 803 5975; x_wconf 87' lang='lat' dir='ltr'><strong>lectio</strong></span> <span class='ocrx_word' id='word_1_840' title='bbox 835 5924 1040 5980; x_wconf 76' lang='lat' dir='ltr'><strong>codicis</strong></span> <span class='ocrx_word' id='word_1_841' title='bbox 1072 5922 1110 5976; x_wconf 88' lang='lat' dir='ltr'><strong>S</strong></span> <span class='ocrx_word' id='word_1_842' title='bbox 1159 5924 1350 5987; x_wconf 79' lang='lat' dir='ltr'><strong>Marci,</strong></span> <span class='ocrx_word' id='word_1_843' title='bbox 1377 5923 1481 5974; x_wconf 78' lang='grc' dir='ltr'>ὑπὸ</span> <span class='ocrx_word' id='word_1_844' title='bbox 1528 5922 1752 5983; x_wconf 86' lang='grc' dir='ltr'>τούτων,</span> <span class='ocrx_word' id='word_1_845' title='bbox 1790 5923 1885 5973; x_wconf 68' lang='grc' dir='ltr'>καὶ</span> <span class='ocrx_word' id='word_1_846' title='bbox 1914 5939 2020 5973; x_wconf 74' lang='lat'><strong>1:1-</strong></span> 
     </span>
    </p>
   </div>
   <div class='ocr_carea' id='block_1_111' title="bbox 462 5991 2014 6067">
    <p class='ocr_par' dir='ltr' id='par_1_111' title="bbox 462 5991 2014 6067">
     <span class='ocr_line' id='line_1_111' title="bbox 462 5991 2014 6067; baseline -0.005 -18"><span class='ocrx_word' id='word_1_847' title='bbox 462 5992 821 6067; x_wconf 63' lang='grc' dir='ltr'>ραφέρεσθαι,</span> <span class='ocrx_word' id='word_1_848' title='bbox 865 5993 965 6046; x_wconf 77' lang='grc' dir='ltr'>οὐκ</span> <span class='ocrx_word' id='word_1_849' title='bbox 1007 5992 1298 6064; x_wconf 73' lang='grc' dir='ltr'>ἀρκεσθεὶς</span> <span class='ocrx_word' id='word_1_850' title='bbox 1345 5991 1403 6045; x_wconf 83' lang='grc' dir='ltr'>δὲ</span> <span class='ocrx_word' id='word_1_851' title='bbox 1460 5991 1537 6061; x_wconf 78' lang='grc' dir='ltr'>τῷ</span> <span class='ocrx_word' id='word_1_852' title='bbox 1579 5992 2014 6062; x_wconf 58' lang='grc' dir='ltr'>κραταιωθῆναι,</span> 
     </span>
    </p>
   </div>
   <div class='ocr_carea' id='block_1_112' title="bbox 2128 5840 3652 5921">
    <p class='ocr_par' dir='ltr' id='par_1_112' title="bbox 2128 5840 3652 5921">
     <span class='ocr_line' id='line_1_112' title="bbox 2128 5840 3652 5921; baseline -0.012 -16"><span class='ocrx_word' id='word_1_853' title='bbox 2128 5850 2469 5921; x_wconf 77' lang='grc' dir='ltr'>προσέθηκεν</span> <span class='ocrx_word' id='word_1_854' title='bbox 2528 5850 2587 5921; x_wconf 81' lang='grc' dir='ltr'>ὲν</span> <span class='ocrx_word' id='word_1_855' title='bbox 2636 5848 2884 5921; x_wconf 78' lang='grc' dir='ltr'>δύναμει.</span> <span class='ocrx_word' id='word_1_856' title='bbox 2921 5844 2986 5898; x_wconf 82' lang='lat' dir='ltr'><strong>Et</strong></span> <span class='ocrx_word' id='word_1_857' title='bbox 3028 5845 3099 5899; x_wconf 86' lang='lat' dir='ltr'><strong>ita</strong></span> <span class='ocrx_word' id='word_1_858' title='bbox 3139 5845 3333 5921; x_wconf 74' lang='lat' dir='ltr'><strong>legisse</strong></span> <span class='ocrx_word' id='word_1_859' title='bbox 3364 5840 3652 5921; x_wconf 55' lang='lat' dir='ltr'><strong>Munttiuttﬂh</strong></span> 
     </span>
    </p>
   </div>
   <div class='ocr_carea' id='block_1_113' title="bbox 2130 5915 3650 5986">
    <p class='ocr_par' dir='ltr' id='par_1_113' title="bbox 2130 5915 3650 5986">
     <span class='ocr_line' id='line_1_113' title="bbox 2130 5915 3650 5986; baseline -0.011 -13"><span class='ocrx_word' id='word_1_860' title='bbox 2130 5915 2474 5981; x_wconf 55' lang='lat' dir='ltr'><strong>Limiccr&#39;unt,</strong></span> <span class='ocrx_word' id='word_1_861' title='bbox 2499 5919 2628 5986; x_wconf 86' lang='lat' dir='ltr'><strong>quin</strong></span> <span class='ocrx_word' id='word_1_862' title='bbox 2662 5927 2717 5971; x_wconf 88' lang='lat' dir='ltr'><strong>et</strong></span> <span class='ocrx_word' id='word_1_863' title='bbox 2746 5915 3061 5983; x_wconf 74' lang='lat' dir='ltr'><strong>Porsenam,</strong></span> <span class='ocrx_word' id='word_1_864' title='bbox 3088 5932 3151 5971; x_wconf 79' lang='lat' dir='ltr'><strong>ex</strong></span> <span class='ocrx_word' id='word_1_865' title='bbox 3174 5915 3409 5985; x_wconf 73' lang='lat' dir='ltr'><strong>ipsorum</strong></span> <span class='ocrx_word' id='word_1_866' title='bbox 3430 5915 3650 5961; x_wconf 64' lang='grc' dir='ltr'><strong>νει-διωμ-</strong></span> 
     </span>
    </p>
   </div>
   <div class='ocr_carea' id='block_1_114' title="bbox 2131 5989 2714 6059">
    <p class='ocr_par' dir='ltr' id='par_1_114' title="bbox 2131 5989 2714 6059">
     <span class='ocr_line' id='line_1_114' title="bbox 2131 5989 2714 6059; baseline -0.007 -14"><span class='ocrx_word' id='word_1_867' title='bbox 2131 5992 2231 6045; x_wconf 79' lang='lat' dir='ltr'><strong>bus</strong></span> <span class='ocrx_word' id='word_1_868' title='bbox 2256 5993 2386 6044; x_wconf 70' lang='lat' dir='ltr'><strong>satis</strong></span> <span class='ocrx_word' id='word_1_869' title='bbox 2426 5989 2527 6044; x_wconf 89' lang='lat' dir='ltr'><strong>coll</strong></span> <span class='ocrx_word' id='word_1_870' title='bbox 2551 5990 2714 6059; x_wconf 77' lang='lat' dir='ltr'><strong>gitur.</strong></span> 
     </span>
    </p>
   </div>
  </div>
