3932 6592
241 453 385 521 1077

1026 450 1555 520 EXPOSITIO'IN
1598 458 1838 519 EPIST.
1872 458 1976 519 AD
2013 459 2282 523 EPHE’S.
2322 486 2392 499 --
2432 465 2590 528 CAP:
2626 464 2742 528 III.

3375 464 3509 533 1078

237 567 454 635 γνῶναι
480 566 580 640 τὴν
608 568 830 640 ἀγάπην
850 568 943 623 τοῦ
974 570 1214 642 Χριστοῦ
1239 570 1337 643 τὴν
1369 570 1748 643 ὑπερέχουσαν
1774 568 1818 600 ⁸¹

1942 573 2424 628 ιοθτοοῑιοτίιοιεηι
2451 574 2676 643 Christi,
2713 577 3123 636 antecellentem
3155 576 3303 634 omni
3331 583 3510 635 scien-

238 660 429 731 πάσης
442 660 726 729 γνώσεως.
765 662 916 715 Ἐπεὶ
939 662 1032 717 οῦν
1055 663 1313 734 ὑπερέχει
1342 664 1521 734 πάσης
1545 663 1823 732 γνώσεως,

237 749 361 811 πῶς
406 752 735 825 γνωσόμεθα
769 755 964 825 ἡμεῖςς
1001 754 1224 825 Πρῶτον
1276 755 1377 825 μὲν
1422 751 1516 809 οῦν
1571 753 1825 822 γνώσεως

235 841 539 913 ὑπερέχειν
571 843 778 915 ταύτην
809 841 984 909 εἶπεν,
1014 846 1365 918 ἀνθρωπίνης
1393 846 1592 917 δηλαδή
1618 861 1631 875 ⁸
1665 846 1825 914 ὑμεῖς

233 933 289 987 δὲ
329 934 397 987 οὑ
428 934 500 987 δι’
531 935 878 1008 ἀνθρωπίνης
906 936 1182 1007 γνώσεως,
1201 938 1337 991 ἀλλὰ
1373 939 1462 991 διὰ
1509 936 1826 1007 Πνεῦματος

233 1024 619 1093 ἐπιγνώσεσθε
648 1027 873 1098 ταύτην.
913 1029 1163 1092 Ἔπειτα,
1192 1031 1314 1084 οὐδὲ
1344 1029 1503 1083 τοῦτο
1532 1027 1712 1091 εἶπεν,
1742 1028 1824 1082 ὅτι

233 1104 526 1172 Γνὼσεσθε
569 1121 743 1191 αὑτὴν
791 1122 933 1193 πόση
971 1121 1056 1187 τίς
1088 1123 1261 1188 ἐστιν,
1302 1122 1420 1176 ἀλλ’
1453 1123 1585 1177 αὐτὸ
1628 1121 1835 1186 τοῦτο,

229 1211 313 1265 ὅτι
348 1212 569 1284 μεγάλη
605 1214 744 1281 ἐστὶ,
784 1216 875 1267 καὶ
906 1215 988 1268 ὅτι
1019 1214 1280 1284 ὑπερέχει
1323 1215 1509 1285 πάσης
1546 1213 1823 1283 γνώσεως.

228 1303 410 1357 Τοῦτο
436 1305 631 1376 δέομαι
657 1307 802 1375 ὑμᾶς
832 1306 985 1379 παρὰ
1005 1306 1098 1360 τοῦ
1130 1306 1446 1378 Πνεὺματος
1471 1306 1686 1379 μαθεῖν.
1716 1306 1827 1361 Καὶ

227 1395 315 1459 τίς
341 1396 533 1460 τοῦτο,
570 1399 759 1470 φησὶν,
800 1400 1014 1469 ἁγνοεῖ;
1062 1400 1306 1465 Πάντες,
1359 1403 1453 1456 καὶ
1486 1402 1534 1454 οἱ
1581 1400 1716 1473 πρὸς
1758 1399 1829 1454 τά

228 1490 363 1543 καθ’
391 1492 640 1564 ἑκάστην
669 1495 934 1566 γινόμενα
961 1494 1426 1565 δυσχεραίνοντες,
1469 1496 1564 1548 καὶ
1602 1496 1651 1548 οί
1692 1511 1827 1567 προ-

227 1583 515 1653 τιμῶντες
551 1585 642 1640 τδν
669 1588 998 1658 Μαμμωνᾶν
1024 1586 1119 1641 τοῦ
1148 1587 1284 1642 Θεοῦ
1301 1603 1316 1617 ·
1343 1588 1418 1651 ὡς
1443 1587 1498 1640 εῖ
1523 1604 1588 1657 γε
1615 1586 1827 1657 ταύτην

227 1675 639 1747 ὲγινὼσκομεν,
670 1677 771 1732 οὑκ
804 1677 871 1731 ἂν
903 1677 1028 1733 οὒτε
1063 1679 1161 1750 τῆς
1186 1678 1450 1751 Προνοίας
1487 1677 1828 1747 κατεγογγὺ-

226 1763 424 1834 ζομεν,
457 1765 586 1819 οὔτε
606 1767 720 1830 τοῖς
744 1767 982 1839 παροῦσι
1012 1768 1397 1839 προσείχομεν,
1424 1768 1758 1825 ἀποστάντες
1780 1766 1824 1799 δ’

225 1857 391 1918 Θεοῦ,
432 1856 536 1911 τοῦ
565 1857 743 1923 οὕτως
771 1859 920 1930 ἡμᾶς
954 1861 1367 1931 ἀγαπήσαντος.
1407 1860 1551 1931 Ὅρα
1586 1860 1663 1925 δὲ,
1709 1860 1758 1912 εί
1792 1860 1825 1928 ἡ

1932 663 2037 716 tiae.
2073 655 2339 729 Quoniam
2381 680 2511 720 vero
2542 667 2690 722 omni
2736 669 2975 724 scicntia
3021 669 3319 738 antecellit,
3368 686 3507 741 quo-

1930 754 2091 809 modo
2117 769 2216 810 nos
2255 758 2680 825 cognoscemus?
2712 759 2949 815 Primum
2973 762 3187 833 quidem
3219 763 3347 818 dicit
3372 764 3512 818 banc

1929 845 2256 902 antecellere
2285 847 2549 911 scientia),
2579 851 2836 905 nimirum
2869 852 3121 908 humanae
3148 871 3162 907 :
3188 853 3297 910 Vos
3328 864 3509 907 autem

1931 953 2035 993 non
2061 955 2157 1009 per
2187 939 2476 995 humanam
2501 943 2718 1011 quidem
2742 945 3050 1012 scientiam,
3076 947 3168 1002 sed
3196 961 3293 1018 per
3327 947 3509 1017 Spiri-

1929 1039 2044 1089 tum
2078 1032 2418 1100 cognoscetis
2443 1030 2604 1088 hanc.
2666 1032 2889 1099 Deinde,
2922 1050 3027 1090 non
3053 1037 3154 1092 hoc
3202 1036 3358 1101 dixit,
3404 1035 3512 1091 Co-

1928 1125 2198 1193 gnoscetis
2224 1139 2370 1192 eam,
2402 1136 2601 1194 quanta
2633 1126 2704 1183 sit
2743 1142 2759 1181 :
2818 1127 2911 1183 sed
2959 1127 3064 1184 hoe
3126 1128 3331 1199 ipsum,
3368 1129 3514 1197 quod

1930 1231 2119 1288 magna
2148 1218 2242 1284 sit,
2272 1228 2328 1274 et
2364 1219 2508 1288 quod
2550 1229 2841 1290 exsuperet
2888 1234 3103 1275 omnem
3145 1220 3424 1276 scientiam
3454 1230 3518 1285 et

1928 1307 2314 1377 cognitionem.
2347 1308 2465 1365 Hoc
2491 1324 2703 1380 precor,
2736 1311 2935 1377 inquit,
2990 1318 3051 1366 ut
3079 1325 3176 1366 vos
3222 1326 3252 1365 a
3308 1311 3515 1381 Spiritu

1927 1398 2173 1456 disratis.
2195 1399 2329 1468 Quis
2362 1411 2567 1467 autem,
2601 1401 2798 1472 inquit,
2828 1401 2971 1457 istud
3002 1401 3225 1458 nescit?
3270 1399 3472 1457 Omnes
3498 1420 3515 1457 :

1927 1490 2087 1561 etqui
2117 1506 2262 1562 argro
2311 1492 2495 1549 animo
2539 1493 2810 1565 accipiunt
2835 1509 2955 1564 quae
3000 1494 3055 1549 in
3109 1492 3349 1565 singulos
3402 1493 3520 1549 dies

1931 1582 2086 1651 ﬁunt,
2117 1592 2172 1641 et
2207 1586 2300 1656 qui
2335 1600 2696 1642 mammonam
2738 1587 2851 1642 Deo
2904 1585 3221 1659 prmt'erunt.
3274 1586 3413 1641 Nam
3470 1586 3517 1642 si

1930 1676 2068 1731 banc
2098 1692 2574 1747 cognosceremus,
2603 1678 3017 1751 haudquaquam
3072 1680 3334 1736 adversus
3364 1681 3520 1749 Pro-

1930 1769 2221 1824 titlentiam
2248 1785 2736 1838 murmuraremus,
2771 1785 2946 1842 neque
2974 1773 3136 1827 rebus
3156 1771 3519 1840 praesentibus

1930 1863 2170 1918 animum
2218 1862 2615 1927 addiceremus,
2666 1879 2695 1918 a
2756 1863 2867 1920 Deo
2921 1862 3243 1920 deﬁcientes
3288 1863 3379 1933 qui
3437 1863 3521 1920 sic

227 1949 431 2018 ἀγάπη
471 1949 733 2022 ὑπερέχει
782 1952 965 2023 πάσης
1006 1952 1300 2019 γνώσεως,
1351 1952 1502 2023 πόσῳ
1554 1950 1756 2022 μᾶλλον
1793 1952 1826 2021 η

1942 1954 2096 2026 392
2127 1970 2225 2011 nos
2250 1954 2459 2012 dilexit.
2487 1954 2734 2011 Observa
2756 1965 2959 2022 autem,
3015 1955 3063 2010 si
3116 1954 3354 2011 charitas
3399 1954 3521 2026 ejus

227 2042 395 2096 οὑσὲα
417 2060 435 2105 ;

304 2241 329 2273 ι
364 2223 498 2277 ’Ὶνα
518 2220 843 2295 πληρωθῆτε
870 2226 949 2287 εἰς
976 2226 1085 2278 πᾶν
1107 2224 1169 2278 τὺ
1196 2223 1472 2296 πλήρωμα
1497 2223 1591 2278 τοῦ
1614 2222 1775 2279 Θεοῦ.
1806 2243 1831 2275 ι

229 2315 415 2386 Διχῶς
470 2316 629 2370 τοῦτό
679 2333 824 2378 τινες
877 2317 1144 2387 ἐνόησαν·
1187 2317 1220 2388 ἢ
1272 2317 1405 2389 γὰρ,
1449 2318 1568 2371 Ἵνα
1616 2318 1831 2387 γνῶτε,

228 2410 431 2479 φησὶν,
486 2410 569 2462 ὅτι
618 2412 675 2462 ἐν
721 2410 897 2481 llatth
945 2411 1041 2463 καὶ
1077 2408 1191 2480 Υίῷ
1239 2409 1338 2465 καὶ
1374 2410 1656 2481 Πνεῦματι
1692 2410 1834 2481 ἁγίῳ

231 2504 645 2573 προσκυνεῖται
677 2503 809 2573 ἡμῖν
844 2502 872 2553 ὁ
898 2500 1033 2566 Θεός
1058 2518 1072 2532 ο
1108 2500 1268 2556 τοῦτο
1297 2502 1405 2573 γὰρ
1438 2503 1715 2572 πλήρωμα
1740 2501 1833 2556 τοῦ

228 2592 373 2646 Θεοῦ
395 2635 413 2659 ,
451 2595 488 2664 ἡ
521 2594 723 2664 Τριάς·
757 2592 814 2664 ἢ,
851 2593 999 2659 Ἰνα,
1043 2596 1231 2664 φησὶν,
1265 2591 1363 2667 ἦτε
1409 2596 1835 2666 πεπληρωμένοι

232 2684 429 2754 πάσης
458 2687 684 2756 ἀρετῆς,
707 2680 774 2759 ἦς
809 2685 1022 2757 πλήρης
1052 2688 1080 2739 ὁ
1109 2685 1263 2750 Θεός.
1292 2688 1561 2757 Κρεῖττον
1592 2687 1649 2740 δὲ
1679 2683 1835 2758 οἶμαι

230 2778 492 2832 νοεῖσθαι
529 2777 732 2845 οὕτως’
776 2780 895 2833 ’Ἰνα
929 2776 1028 2851 ἦτε
1067 2779 1263 2834 τέλειοι
1299 2783 1358 2835 ὲν
1397 2782 1544 2851 πάσῃ
1586 2783 1650 2851 τῇ
1692 2786 1834 2837 κατὰ

231 2869 376 2930 Θεὸν
430 2869 758 2942 τελειότητι,
803 2870 980 2925 πάντα
1033 2870 1400 2940 γινώσκοντες
1446 2875 1514 2927 τὰ
1566 2872 1719 2939 θεῖι,
1760 2875 1836 2939 ὡς

231 2964 455 3019 ἔνεστι.

312 3078 335 3111 ι
379 3058 481 3129 Τῷ
502 3058 558 3112 δὲ
585 3058 873 3131 δυναμένῳ
901 3059 1044 3132 ὑπὲρ
1070 3060 1249 3113 πάντα
1280 3063 1503 3134 ποιῆσαι
1528 3063 1839 3132 ὑπερεκπε-

1935 2047 2158 2103 excellit
2208 2062 2424 2103 omnem
2476 2047 2862 2118 cognitionem,
2915 2056 3118 2118 quanto
3180 2046 3355 2118 magis
3399 2046 3519 2117 ipsa

1912 2137 2166 2203 essentia
2183 2137 2207 2192 ἲ

2012 2254 2032 2287 ι
2068 2232 2139 2290 Ut
2179 2232 2505 2304 impleamini
2534 2233 2589 2289 in
2629 2247 2847 2289 omnem
2898 2232 3292 2304 plenitudinem
3332 2232 3450 2289 Dei.
3495 2252 3515 2285 ι

1937 2324 2191 2379 Bifariam
2219 2323 2461 2378 nonnulli
2497 2324 2600 2379 hoc
2629 2323 3034 2380 intellexerunt.
3079 2324 3148 2381 Ut
3174 2324 3381 2389 sciatis,
3438 2324 3524 2378 ina

1936 2417 2076 2489 quit,
2115 2417 2195 2471 vel
2226 2419 2371 2487 quod
2405 2416 2460 2470 in
2514 2415 2675 2471 Patre
2698 2425 2754 2471 et
2792 2414 2928 2473 Filio
2979 2425 3035 2472 et
3077 2417 3280 2488 Spiritu
3332 2426 3525 2472 sancto

1937 2508 2193 2562 adoretur
2218 2506 2373 2561 nobis
2399 2505 2570 2570 Deus;
2600 2506 2714 2560 bam
2741 2505 2887 2560 enim
2935 2505 3212 2576 plenitudo
3269 2506 3365 2561 Dei
3413 2515 3523 2571 est,

1940 2614 2132 2670 nempe
2153 2598 2394 2654 Trinitas
2424 2615 2439 2652 :
2465 2597 2572 2661 vel,
2600 2595 2674 2652 Ut
2705 2597 2827 2654 sitis
2875 2598 3107 2668 impleti,
3138 2599 3333 2667 inquit,
3375 2595 3527 2653 omni

1941 2694 2136 2747 virtute
2170 2707 2272 2763 qua
2300 2691 2489 2763 plenus
2521 2700 2607 2747 est
2643 2691 2804 2747 Deus.
2842 2690 3061 2747 Rectius
3103 2701 3283 2746 autem
3335 2691 3531 2762 opinor

1940 2784 2018 2838 sic
2059 2783 2302 2852 intelligi,
2340 2782 2409 2839 Ut
2438 2784 2558 2839 sitis
2590 2783 2815 2855 perfecti
2852 2784 2909 2840 in
2941 2784 3086 2839 omni
3123 2786 3305 2840 divina
3353 2783 3532 2854 perfe-

1940 2878 2140 2942 ctione,
2172 2877 2352 2933 omnia
2382 2877 2561 2934 divina
2591 2886 3004 2950 cognoscentes,
3045 2887 3309 2950 quatenus
3335 2878 3482 2934 licet.

2014 3059 2175 3115 Vsus.
2212 3059 2305 3127 20,
2329 3059 2418 3114 21.
2457 3080 2476 3112 ‹
2545 3058 2605 3114 Ei
2633 3069 2814 3116 autem
2846 3059 2938 3130 qui
2974 3068 3154 3129 potest
3185 3073 3353 3128 super
3409 3072 3533 3113 om-

238 3150 448 3222 ρισσοῦ
484 3146 559 3205 ὧν
593 3151 893 3223 αἰτούμεθα
923 3153 955 3213 ἦ
995 3153 1244 3225 νοοῦμεν,
1278 3156 1420 3208 κατὰ
1459 3155 1560 3225 τὴν
1606 3155 1835 3226 δύναμιν

1943 3154 2030 3207 nia
2060 3154 2236 3208 facere
2275 3166 2340 3208 ex
2367 3151 2666 3208 abundanti
2694 3167 2860 3222 super
2879 3166 2945 3207 ea
2982 3166 3102 3222 qua:
3147 3152 3385 3221 petimus
3436 3159 3533 3204 aut

234 3252 344 3318 τὴν
379 3246 794 3318 ἐνεργουμένην
826 3247 886 3301 ὲν
919 3247 1074 3318 ἡμῖν.
1106 3245 1266 3317 Αὑτῷ
1295 3248 1328 3319 ἡ
1363 3246 1490 3314 δόξα
1519 3249 1579 3301 ὲν
1616 3251 1682 3317 τῇ
1715 3247 1813 3300 Ἐκ

1946 3246 2314 3317 intelligimus,
2340 3245 2634 3301 secundum
2664 3244 2960 3325 potentiam
3004 3260 3126 3315 qua:
3176 3255 3435 3315 operatur
3477 3245 3530 3297 in

238 3340 463 3412 κλησίᾳ
502 3341 563 3392 ὲν
591 3338 819 3411 Χριστῷ
847 3338 1048 3411 Ἰησοῦ,
1073 3341 1153 3403 εἰς
1180 3339 1361 3403 πάσας
1384 3340 1483 3403 τὰς
1514 3340 1709 3405 γενεάς
1742 3339 1835 3394 τοῦ

1949 3340 2121 3396 nobis.
2179 3339 2276 3410 lpsi
2304 3338 2474 3410 gloria
2504 3339 2557 3394 in
2603 3337 2843 3394 Ecclesia
2896 3338 2952 3393 in
3003 3337 3227 3394 Christo
3273 3337 3425 3402 Jcsu,
3475 3338 3531 3392 in

239 3432 459 3497 αἰῶνος
494 3432 605 3485 τῶν
644 3432 881 3488 αἰώνων.
948 3432 1145 3504 Ἀμήν.
1203 3452 1222 3485 ι
1266 3431 1410 3501 Ἐγὼ
1469 3433 1591 3504 μὲν,
1644 3435 1839 3505 φησὶν,

236 3526 531 3598 εὔχομαιο
584 3525 747 3590 αὐτὸς
792 3525 850 3579 δὲ
900 3524 995 3578 καὶ
1042 3524 1153 3577 τῶν
1199 3525 1350 3594 ἐμῶν
1402 3524 1577 3597 εὐχῶν
1618 3525 1842 3595 μείζονα

239 3620 581 3691 ἐργάσεται.
615 3619 852 3673 Δὺναται
884 3619 995 3690 γὰρ
1030 3619 1093 3672 οὐ
1138 3619 1300 3691 μόνον
1351 3618 1532 3674 πάντα
1562 3618 1599 3674 ἃ
1623 3618 1843 3689 εῦχεταί

237 3731 360 3779 τις,
390 3713 650 3768 άλλάκάὶ
688 3733 708 3767 ι
750 3708 892 3786 ὑπὲρ
923 3713 1104 3768 πάντα
1148 3733 1170 3765 ι
1196 3712 1444 3783 ποιῆσαι,
1478 3714 1576 3767 καὶ
1613 3733 1631 3764 α
1668 3714 1844 3783 ὑπερ-

240 3804 616 3876 εκπερισσοῦ,
656 3824 675 3858 ι
705 3805 980 3871 τουτέστι,
1022 3803 1329 3876 φιλοτίμως
1386 3805 1481 3859 καὶ
1509 3804 1749 3876 δαψιλῶς
1769 3804 1841 3862 ⁸³.

242 3899 367 3955 Δύο
400 3897 461 3952 δὲ
486 3898 792 3971 ὑπερϐολὰς
826 3897 1032 3968 τίθησι,
1064 3897 1145 3965 τὸ,
1179 3915 1200 3950 ι
1254 3896 1425 3970 ’Υπὲρ
1458 3896 1657 3960 πάντα,
1699 3917 1716 3949 ο
1747 3898 1845 3953 καὶ

243 3993 338 4061 τὺ,
398 4010 420 4044 ι
477 3991 1007 4064 Ὑπερεκπερισσοῦ.
1068 4009 1086 4043 ι
1139 3991 1261 4046 Ἐνι
1301 3991 1414 4065 γάρ
1467 3992 1561 4044 καὶ
1619 3991 1846 4048 πλείονα

244 4088 442 4141 ποιεῖν
471 4085 583 4140 τῶν
615 4085 972 4156 αίτηθέντων,
1007 4084 1083 4157 μὴ
1128 4085 1310 4155 μέντοι
1339 4084 1812 4157 ὑπερεκπερισσοῦ
1826 4127 1859 4151 ,Α

249 4179 283 4233 ὃ
318 4179 447 4232 ἐστι
490 4176 732 4248 δαψιλῶς
774 4177 873 4233 καὶ
922 4176 1062 4246 μετὰ
1112 4175 1461 4245 φιλοτιμίας·
1502 4176 1620 4231 ἀλλ’
1653 4178 1683 4231 ὁ
1713 4178 1848 4244 Θεὸς

248 4270 558 4341 ἀμφότερα
605 4269 868 4323 δύναταιο
903 4268 1096 4339 ὥσπερ
1142 4264 1235 4323 οὖν
1280 4268 1376 4323 καὶ
1425 4268 1529 4340 ἥδη
1565 4269 1846 4342 ἠδυνήθη,

248 4364 363 4418 καὶ
395 4364 705 4434 ἐνήργησεν
730 4364 791 4416 ὲν
838 4363 971 4434 ἡμῖν
1006 4361 1221 4432 μεγάλα
1253 4361 1349 4415 καὶ
1384 4361 1622 4428 ἐξαίσια,
1667 4363 1848 4417 υἱοθε-

246 4458 439 4527 τήσας
486 4457 614 4519 τοὺς
648 4455 877 4528 ἐχθροὺς
918 4453 1088 4508 αὑτοῦ
1134 4452 1403 4518 ὲθνικοὺς.
1447 4455 1610 4509 Ὥστε
1643 4457 1709 4510 ἐκ
1740 4456 1850 4511 τῶν

249 4551 369 4621 ἢδη
404 4548 535 4619 περὶ
573 4549 723 4620 ἡμᾶς
768 4547 1197 4618 ὲνεργηθέντων,
1233 4546 1393 4616 δῆλον
1441 4548 1538 4600 καὶ
1587 4547 1617 4601 ὃ
1672 4543 1846 4603 εἷπον.

1945 3446 2135 3486 omnes
2154 3422 2533 3503 generationes
2559 3430 2739 3485 saeculi
2769 3429 3110 3486 sazculorum.
3144 3430 3337 3486 Amen.
3369 3448 3389 3480 ι
3417 3427 3532 3499 Ego

1945 3524 2158 3594 quidem
2195 3537 2408 3594 precor,
2439 3521 2632 3592 inquit,
2662 3522 2777 3592 ipse
2828 3529 3008 3577 autem
3034 3529 3090 3576 et
3136 3521 3275 3575 meis
3327 3520 3533 3575 oratio.

1947 3615 2104 3671 uibus
2133 3616 2336 3685 majora
2376 3614 2595 3670 clliciet.
2623 3612 2809 3669 Potest
2863 3613 3008 3669 enim
3059 3627 3166 3668 non
3203 3610 3375 3667 solum
3416 3626 3533 3665 omo

1947 3710 2035 3764 nia
2061 3723 2183 3778 qum
2211 3708 2494 3778 quisquam
2522 3715 2667 3773 orat,
2711 3706 2804 3763 sed
2828 3718 2992 3776 super
3011 3704 3194 3761 omnia
3235 3704 3436 3767 facere,
3480 3712 3535 3758 et

1954 3821 1972 3853 ι
2014 3818 2180 3873 supra
2206 3817 2270 3857 ex
2301 3800 2620 3867 abundanti,
2659 3818 2679 3855 ι
2720 3800 2822 3856 hoc
2859 3806 2964 3866 est,
2995 3797 3277 3869 splendide
3312 3804 3371 3851 et
3422 3795 3530 3850 lar-

1947 3896 2106 3966 giter.
2146 3894 2288 3949 Duos
2317 3901 2496 3948 autem
2524 3892 2617 3949 hic
2644 3905 2905 3948 excessus
2961 3890 3133 3960 ponit,
3169 3907 3188 3942 ι
3222 3887 3399 3959 Super
3415 3902 3537 3942 om-

1950 3987 2059 4052 nia,
2094 4004 2127 4039 ».
2154 3995 2209 4040 et
2245 3984 2456 4056 «Supra
2493 4000 2558 4039 ex
2594 3983 2910 4039 abundanti.
2952 4002 2971 4036 ι
3003 3981 3160 4038 Licet
3194 3980 3340 4036 enim
3385 3978 3536 4049 plura

1949 4081 2150 4146 facere,
2182 4096 2341 4150 quam
2376 4093 2497 4150 quite
2541 4086 2818 4148 petuntur,
2863 4090 2969 4131 non
3012 4084 3193 4129 tamen
3221 4087 3289 4128 ex
3319 4085 3539 4141 supera-

1949 4172 2209 4230 bundanti
2263 4170 2618 4236 excellentia,
2672 4168 2815 4239 quod
2875 4176 2960 4224 est
3022 4165 3263 4236 largiter,
3307 4173 3364 4219 et
3410 4176 3536 4218 cum

1951 4261 2273 4318 liberalitate
2304 4278 2320 4316 :
2353 4274 2542 4315 verum
2571 4259 2714 4312 Deus
2751 4265 2981 4326 utraque
3033 4261 3235 4323 potest,
3277 4252 3536 4320 quemad-

1952 4353 2167 4410 modum
2204 4360 2262 4409 et
2282 4352 2393 4423 jam
2424 4365 2569 4406 nunc
2603 4348 2796 4419 potuit,
2823 4356 2879 4403 et.
2900 4353 3156 4416 operatus
3175 4351 3258 4399 est
3288 4343 3344 4399 iu
3374 4341 3535 4398 nobis

1954 4462 2145 4518 magna
2179 4455 2233 4502 et
2262 4444 2480 4508 eximia,
2513 4442 2698 4498 hostes
2719 4455 2870 4505 suos,
2899 4436 3194 4509 gentes,in
3227 4435 3366 4491 ﬁlios
3404 4435 3536 4490 ado-

1954 4550 2135 4609 ptans.
2165 4536 2400 4592 Proinde
2445 4534 2604 4590 exiis
2652 4545 2772 4600 quae
2813 4530 2925 4601 jam
2975 4529 3123 4585 circa
3176 4541 3276 4584 nos
3319 4533 3540 4599 peracta

252 4618 512 4701 Εἰκότως
557 4618 623 4693 δὲ
666 4641 745 4702 είς
791 4639 1104 4708 δοξολογίαν
1158 4638 1476 4692 κατακλείει
1525 4638 1619 4692 τὸν
1669 4638 1835 4708 λόγον.

1960 4640 2081 4687 sunt
2112 4627 2455 4698 perspicuum
2504 4635 2588 4682 est
2635 4623 2779 4695 quod
2823 4620 3204 4680 dixirﬂcrito
3248 4629 3432 4676 autem
3483 4618 3537 4674 in

250 4736 509 4803 δοξάζων
537 4734 629 4789 τὸν
660 4734 959 4806 εὐεργέτην
978 4751 994 4767 ⁸
1024 4736 1144 4806 ἅμα
1171 4735 1229 4788 δὲ
1258 4735 1345 4787 ἵνα
1376 4734 1469 4787 καὶ
1500 4732 1676 4805 ταύτῃ
1704 4734 1835 4806 δείξας

1966 4722 2058 4779 Dei
2091 4722 2248 4777 laude
2281 4733 2588 4777 sermonem
2643 4716 2955 4784 concludit,
2985 4714 3339 4788 gloriﬁcando
3381 4713 3547 4806 bene—

252 4833 325 4885 τὸ
363 4829 591 4901 μέγεθος
619 4827 727 4882 τῶν
758 4804 1079 4899 γενομένων.
1110 4827 1425 4899 ἡμῖν..οὐκ
1456 4804 1671 4897 arma
1691 4804 1835 4882 ιὶθαυζ

1964 4817 2224 4872 fartorem
2255 4832 2270 4871 :
2304 4823 2360 4870 et
2393 4811 2553 4870 simul
2586 4820 2645 4867 ut
2670 4811 2771 4868 hac
2795 4810 3004 4867 ratione
3028 4809 3282 4867 ostendat
3333 4804 3543 4873 magni-

261 4897 498 4998 μάξετο,
524 4925 573 4978 εί
605 4923 680 4996 μὴ
708 4897 1011 4994 τηλικαῦτα
1033 4897 1285 4988 δέδωκεν,
1319 4921 1646 4993 ήλίκανείς
1670 4921 1835 4993 θαῦμε

1968 4910 2203 4965 tudinem
2242 4921 2426 4963 eorum
2455 4920 2575 4975 quae
2633 4904 2786 4961 nobis
2837 4904 3165 4974 obtigerunt.
3216 4897 3340 4955 Non
3399 4897 3543 4953 enim

261 4988 377 5075 kat
404 5019 563 5086 δόξαν
605 4988 804 5072 uulsis.
851 5017 967 5088 Οὐχ
1005 5014 1190 5079 ἁπλῶς
1223 5014 1281 5068 δέ
1321 4988 1517 5086 (protr
1564 5033 1584 5067 ι
1621 4988 1835 5083 Audiri

1967 5001 2352 5065 admiraretur,
2386 4997 2486 5053 nisi
2528 5005 2674 5054 tanta
2711 4994 2964 5060 dedisset,
3010 5001 3221 5062 quanta
3263 4988 3331 5043 ad
3371 4988 3544 5088 ιιι]ρὶ-

259 5114 422 5181 δόξα,
468 5078 495 5165 ξ
522 5111 658 5164 ἀλλά
691 5111 806 5171 και.
848 5128 868 5161 ι
913 5078 1012 5163 Ala:
1039 5104 1217 5178 Ἰησοῦ
1254 5078 1514 5180 Χριστοῦ.
1553 5125 1574 5160 ι
1617 5107 1708 5177 Τῷ
1743 5078 1835 5160 δντ

1965 5094 2234 5151 rationem
2264 5101 2322 5148 et
2352 5091 2577 5164 gloriam
2613 5085 2991 5146 concitandam
3023 5085 3382 5141 satis.essent.
3413 5078 3544 5149 βίου

266 5173 385 5277 γάρ
420 5204 598 5268 οὐδεὶς
638 5202 864 5258 δύναται
897 5202 1019 5256 οὑδὲ
1059 5173 1387 5267 δοξάσαι,ἐί
1432 5200 1508 5270 μὴ
1559 5202 1616 5253 ἐν
1648 5173 1714 5270 τῇ
1757 5199 1835 5253 toi

1968 5185 2286 5257 simpliciter
2317 5192 2501 5240 autem
2538 5182 2695 5246 dixit,
2737 5199 2756 5233 ι
2798 5178 2901 5250 Ipsi
2926 5175 3116 5248 gloria,
3166 5193 3205 5227 ι-
3223 5173 3318 5230 sed
3358 5173 3547 5235 etiam,

269 5271 517 5370 xputem?
547 5298 735 5370 χάριτι
770 5297 864 5352 καὶ
889 5295 1138 5366 δυνάμει.
1173 5295 1346 5358 Αὐτὸς
1380 5294 1489 5365 γάρ
1524 5295 1674 5348 ἐστιν
1704 5294 1733 5347 δ
1765 5310 1835 5346 κα

1975 5299 1994 5333 ι
2028 5278 2131 5336 Per
2169 5276 2349 5334 lcsum
2379 5275 2679 5337 Christum,
2716 5289 2737 5326 ι
2771 5271 2993 5328 Revera.
3010 5271 3153 5325 enim
3184 5278 3343 5322 nemo
3371 5272 3547 5335 potest

274 5361 417 5464 πρὸς
446 5361 758 5460 δοξολογίαν
804 5389 955 5461 ἡμᾶς
994 5361 1256 5460 χαριτῶν,
1291 5361 1402 5440 κοιλ.⁷
1431 5361 1703 5440 διδάσκων
1745 5384 1831 5437 πῶ

1972 5390 2044 5430 ne
2074 5373 2376 5444 glorificare
2400 5366 2643 5442 quidem,
2675 5364 2777 5421 nisi
2813 5363 2868 5420 in
2894 5361 3096 5419 Christi
3135 5361 3313 5431 gratia
3337 5365 3393 5413 ct
3434 5361 3547 5410 vir-

278 5448 363 5540 δέι
391 5448 551 5538 τοῦτο
588 5448 786 5541 ποιεῖν.
825 5448 860 5534 ἶ
894 5448 1099 5551 ’ἐν”τῇ
1164 5448 1464 5550 Ἐδικλησίᾳ
1513 5476 1571 5532 δὲ
1612 5478 1649 5547 ἠ
1678 5475 1804 5541 δόξα

1975 5475 2107 5522 tute.
2143 5465 2259 5535 Ipse
2279 5464 2420 5519 enim
2453 5469 2537 5517 est
2563 5456 2656 5530 qui
2697 5455 2854 5511 nobis
2892 5454 2960 5517 ad
3010 5450 3178 5507 Deum
3232 5448 3544 5522 gloriﬁcan-

280 5578 376 5634 τοῦ
410 5576 571 5641 Θεοῦ,
612 5575 831 5639 καλῶς·
882 5573 1023 5643 αὕτη
1069 5540 1178 5643 γὰρ
1227 5540 1377 5641 μένε-ι
1432 5540 1835 5640 διηνεκῶς,κα

1976 5565 2100 5618 dum
2136 5570 2190 5617 et
2218 5558 2457 5631 gratiam.
2485 5553 2716 5618 confert,
2754 5558 2808 5607 et
2832 5549 2923 5620 qui
2963 5547 3119 5604 docet
3156 5543 3425 5616 quomodo
3449 5540 3545 5613 hoc

1644 5748 1845 5810 Variaa
1870 5744 2197 5808 lectiones.

363 5926 407 5960 “
448 5922 903 5998 ὑπερϐαλλόντως
935 5918 1164 5991 ἔχουσαν
1201 5931 1281 5972 m.
1351 5914 1397 5950 “
1433 5908 1865 5973 ὰποστατοῦντες
1890 5925 1942 5963 o.
2022 5906 2067 5938 ”
2096 5906 2157 5959 ὲκ
2191 5900 2500 5993 φιλοτιμίας
2522 5897 2623 5954 καὶ
2650 5895 2902 5969 δαψιλὶας
2933 5910 3006 5949 tu.
3058 5890 3129 5975 V“
3153 5886 3313 5945 ἱκανά
3342 5900 3410 5945 οι
