3932 6600
249 448 366 514 1031

1013 444 1422 507 Εχροδιτιο
1460 445 1542 506 IN
1582 417 1827 506 EPIST.
1862 445 1964 504 AD
2000 446 2271 511 senss.
2313 473 2385 483 —
2425 448 2579 510 CAP.
2621 448 2717 509 1v.

3357 447 3495 511 10νὲ

244 566 328 615 καὶ
379 559 737 632 εἰρηνεύομεν
792 559 928 631 πρὸς
984 562 1273 631 ἀλλήλους,
1328 561 1670 632 ἀπολέσομεν
1716 559 1813 628 τὴν

1926 561 2038 629 paci
2075 571 2272 617 mutuae
2314 563 2705 629 studuerimus,
2734 563 3020 630 unitatem,
3063 577 3225 633 quam
3256 561 3493 633 Spiritus

241 652 455 721 ἑνότητα
479 652 547 722 ἢν
570 653 633 706 τὸ
664 652 887 723 Πνεῦμα
913 652 1146 707 δέδωκεν
1168 656 1298 724 ἡμῖν
1315 667 1328 680 ⁸
1358 653 1546 725 ὥσπερ
1569 653 1663 708 ἐὰν
1690 652 1808 706 διά-

244 761 420 807 στασις
457 743 690 814 γένηται
734 745 833 813 τῆς
884 745 1086 814 χειρὸς,
1126 746 1159 816 ἢ
1214 746 1309 800 τοῦ
1344 746 1521 811 ποδὸς,
1564 746 1697 817 πρὸς
1747 745 1809 799 τὸ

242 837 415 892 λοιπὸν
442 836 624 907 σῶμα,
664 838 758 891 καὶ
783 837 1117 891 διακοπῶσιν
1137 839 1245 892 ἀπὸ
1274 838 1372 907 τῆς
1401 838 1537 908 πρὸς
1569 837 1638 891 τὰ
1671 838 1806 895 ἄλλα

243 930 369 1001 μέλη
423 928 733 997 συνεχείας,
772 930 958 984 οὐκέτι
1014 929 1198 983 λοιπὸν
1238 931 1326 999 ὑφ’
1382 932 1463 983 ὲνῖ.
1534 929 1807 1001 πνεύματι

243 1022 668 1093 συγκρατοῦνται
691 1022 760 1075 ⁸⁸.
796 1022 1045 1092 Σπουδῆς
1085 1022 1177 1076 ὀῦν
1204 1024 1285 1077 δεῖ
1313 1022 1537 1087 πολλῆς,
1580 1026 1673 1077 καὶ
1691 1026 1809 1079 οούκ

241 1115 443 1177 ἀπόνως
496 1113 794 1185 ίσχύσομεν
841 1115 1171 1185 εἰρηνεύειν,
1220 1116 1532 1180 συνδέοντες
1592 1118 1805 1181 ἑαυτοῖς

239 1206 487 1276 ἀλλήλους
510 1206 580 1272 ⁸¹,
618 1207 707 1261 ἵνα
737 1208 864 1263 ἔνθα
895 1208 962 1263 ἂν
992 1211 1020 1262 ὁ
1046 1203 1127 1273 εἷς
1160 1208 1415 1280 φέρηται.
1447 1211 1539 1263 καὶ
1562 1211 1592 1263 ὁ
1620 1205 1808 1279 ἕτερος

240 1297 576 1367 συμφέρηται
617 1299 873 1368 (τοιοῦτοι
907 1301 1015 1371 γὰρ
1047 1302 1095 1353 οἱ
1135 1298 1553 1370 συνδεδεμένοι),
1597 1299 1693 1352 καὶ
1732 1301 1806 1371 μὴ

240 1388 747 1455 κατεξουσιάζοντες
790 1393 1023 1457 ἑαυτῶν,
1055 1393 1150 1446 καὶ
1181 1390 1353 1455 οὕτως
1384 1392 1473 1461 ἔθεθ’
1511 1392 1591 1446 ὲν).
1638 1392 1809 1445 Πνεύ-

240 1498 359 1551 ματι
383 1475 557 1551 ὦμεν.

305 1592 322 1625 ι
363 1575 455 1627 Ἐν
487 1574 676 1643 σῶμα,
708 1576 802 1629 καὶ
841 1576 900 1631 ἓν
938 1580 1177 1650 πνεῦμα.
1221 1601 1240 1633 ι
1281 1584 1395 1654 Οὐχ
1433 1582 1624 1647 ἁπλῶς
1670 1583 1808 1651 ἀγά-

238 1681 337 1733 πην
363 1665 620 1735 ἐπιζητεῖ
652 1670 679 1721 ὁ
730 1670 961 1735 Παῦλος,
1005 1671 1142 1727 ἀλλὰ
1181 1675 1281 1744 τὴν
1315 1674 1373 1727 ἓν
1401 1676 1563 1745 σῶμα
1596 1675 1808 1739 πάντας

240 1754 485 1810 ποιοῦσαν
541 1758 636 1812 διά
675 1758 775 1829 τὴν
833 1762 1039 1831 ἀκριϐῆ
1084 1764 1220 1831 πρὸς
1274 1766 1539 1834 ἀλλήλους
1588 1764 1805 1830 ινωσιν,

234 1846 362 1900 ὥστε
406 1848 664 1921 καθάπερ
718 1852 854 1923 μέλη
894 1857 1241 1926 συμπάσχειν
1273 1858 1547 1928 ἀλλήλοις,
1583 1857 1657 1927 αὖ,
1682 1878 1808 1929 συγ-

1918 651 2071 707 nobis
2105 652 2278 718 dedit,
2311 655 2623 710 amittemus
2676 675 2690 710 :
2732 655 3188 724 quemadmodum
3237 656 3283 709 si
3332 656 3493 711 dissi-

1915 745 2065 801 dium
2107 746 2198 799 ﬁat
2229 747 2374 801 inter
2424 764 2639 802 manum
2690 757 2780 802 aut
2811 749 2997 818 pedem
3032 748 3323 804 adversum
3368 747 3484 803 reli-

1917 853 2082 908 quum
2117 853 2333 907 corpus,
2381 849 2435 894 et
2473 840 2870 895 abscindantur
2899 857 2927 895 a
2969 856 3217 895 connexa
3262 840 3327 895 ad
3364 840 3492 895 reli-

1915 949 2020 1003 qua
2077 935 2339 996 membra.
2383 950 2485 989 non
2525 950 2686 1005 porro
2736 937 2989 1005 deinceps
3042 937 3110 991 ab
3151 951 3257 991 uno
3298 937 3492 1006 spiritu

1915 1026 2280 1080 continentur.
2338 1025 2501 1079 Multa
2548 1026 2712 1095 igitur
2756 1026 3042 1081 sedulitate
3073 1041 3211 1095 opus
3252 1037 3356 1087 est,
3395 1041 3495 1079 nec

1916 1115 2033 1169 sine
2068 1115 2254 1169 labore
2294 1118 2590 1182 poterimus
2626 1132 2813 1185 pacem
2852 1119 3053 1171 habere
3110 1127 3496 1172 couneCtento-s

1916 1221 2014 1260 nos
2058 1207 2196 1258 inter
2235 1223 2353 1269 nos,
2409 1216 2465 1259 ut
2512 1222 2837 1276 quocunque
2895 1223 3037 1260 unus
3085 1208 3310 1269 feratur,
3357 1206 3496 1258 alter

1914 1297 2075 1349 simul
2109 1295 2331 1350 feratur.
2369 1296 2553 1367 (Tales
2597 1298 2762 1369 394
2789 1299 2933 1357 enim
2970 1307 3096 1352 sunt
3129 1298 3164 1351 ii
3209 1297 3299 1364 qui
3339 1297 3493 1350 colli-

1914 1387 2021 1455 gali
2051 1387 2199 1457 sunt)
2226 1405 2288 1442 ac
2316 1400 2633 1458 potestatem
2668 1396 2721 1444 in
2753 1407 2849 1445 nos
2885 1391 3031 1458 ipsos
3068 1405 3175 1443 non
3206 1390 3489 1453 habentes,

1917 1490 2079 1547 utque
2118 1480 2220 1534 boc
2260 1491 2418 1549 pacto
2450 1484 2550 1538 sub
2582 1498 2690 1538 uno
2724 1482 2932 1552 Spiritu
2960 1484 3154 1538 simus.

1988 1572 2150 1629 Vsus.
2174 1576 2229 1629 4.
2262 1595 2281 1627 ι
2327 1574 2500 1630 Unum
2524 1589 2751 1646 corpus,
2790 1587 2843 1630 et
2881 1592 3019 1630 unus
3046 1577 3288 1645 Spiritus.
3325 1595 3343 1629 ι
3376 1574 3491 1629 Non

1914 1665 2237 1735 simpliciter
2267 1669 2587 1722 cbaritatem
2622 1669 2815 1736 quaerit
2840 1668 3062 1734 Paulus,
3105 1668 3200 1723 sed
3227 1684 3345 1723 eam
3373 1682 3494 1737 qut?

1913 1774 2103 1815 omnes
2128 1778 2290 1814 unum
2329 1776 2530 1829 corpus
2571 1760 2760 1828 faciat,
2809 1773 3031 1831 pr0pter
3060 1772 3307 1817 exactam
3353 1762 3496 1816 inter

1917 1866 2015 1906 nos
2043 1863 2228 1913 mutuo
2266 1855 2543 1920 unionem,
2579 1865 2638 1908 ut
2688 1865 2941 1924 tanquam
2992 1858 3236 1909 tnembra
3275 1869 3497 1921 compa-

238 1941 456 2009 χαίρειν.
506 1961 527 1994 ι
582 1943 699 1997 Καὶ
734 1944 791 1997 ἓν
839 1947 1079 2017 πνεῦμα.
1143 1969 1163 2001 ι
1199 1951 1396 2014 Καλῶς
1450 1952 1610 2006 τοῦτο
1659 1952 1803 2017 εἷπε,

1926 1944 2131 2009 jamur,
2181 1954 2237 1998 et
2278 1948 2733 2015 congaudeanms.
2783 1965 2804 1999 ι
2858 1947 2927 2001 Et
2997 1962 3137 2000 unus
3181 1946 3426 2015 spiritus.
3469 1964 3489 1998 ι

237 2031 484 2087 δεικνύων
513 2035 599 2087 ὅτι
633 2036 745 2096 ἀπὸ
773 2038 865 2091 τοῦ
898 2035 1037 2093 εἶναι
1068 2039 1127 2094 ἓν
1167 2042 1349 2111 σῶμα,
1376 2045 1469 2096 καὶ
1496 2044 1554 2097 ἐν
1590 2047 1807 2113 πνεῦμα

236 2122 462 2177 ἔσονται·
493 2124 527 2196 ἤ
555 2126 642 2179 ὅτι
659 2127 808 2182 ἔστιν
829 2129 887 2180 ἓν
908 2130 1067 2199 σῶμα
1084 2128 1245 2194 εἶναι,
1271 2135 1368 2205 οὐχ
1392 2134 1451 2187 ἓν
1471 2135 1526 2187 δὲ
1552 2134 1802 2204 πνεῦμα·

237 2211 409 2284 ὥσπερ
462 2215 517 2267 εἰ
561 2234 649 2280 τις
693 2220 988 2288 αἱρετικῶν
1037 2221 1192 2289 φίλος
1227 2225 1336 2293 εἴη.
1382 2228 1497 2288 τοῖς
1542 2225 1808 2296 δόγμασιν

237 2304 400 2359 αὐτῶν
424 2305 498 2377 μὴ
526 2322 842 2379 συμπεριφε
855 2309 1100 2380 ρόμενος.
1134 2314 1226 2376 Ἢ,
1248 2314 1328 2365 ὅτι
1363 2314 1458 2365 Ἐν
1485 2313 1700 2384 πνεῦμα
1721 2314 1810 2369 διὰ

237 2398 324 2467 τῆς
340 2398 574 2464 πίστεως
606 2401 889 2467 λαϐόντες,
916 2404 1161 2475 ὀφείλετε
1186 2408 1452 2476 ὁμονοεῖν.
1474 2408 1544 2459 Ἦ
1568 2406 1806 2477 πνεῦμα,

236 2491 324 2561 τὴν
358 2495 788 2565 συμπροθυμίαν
812 2498 857 2530 ³³
892 2499 1048 2568 φησι,
1081 2498 1175 2553 καὶ
1206 2501 1302 2568 τὴν
1337 2500 1667 2570 σύμπνοιαν,
1698 2501 1810 2555 ὦσ-

245 2601 341 2659 περ
364 2586 426 2640 ἂν
456 2589 507 2640 εί
532 2587 754 2655 ἔλεγενο
796 2590 893 2643 Ἓν
925 2591 1086 2661 σῶμα
1109 2592 1205 2645 καὶ
1241 2592 1335 2662 μία
1364 2592 1533 2665 ψυχή.

305 2874 324 2908 ι
358 2856 553 2921 Καθὼς
578 2859 679 2913 καὶ
705 2860 974 2933 ἐκλήθητε
1008 2865 1067 2916 ἐν
1102 2867 1200 2935 μιᾷ
1234 2864 1411 2919 ἐλπίδι
1441 2868 1539 2936 τῆς
1567 2867 1815 2937 κλήσεως

240 2949 400 3018 ὑμῶν.
438 2969 456 3003 ι
500 2951 562 3006 '0
589 2952 747 3017 Θεὸς,
783 2956 971 3026 φησὶν,
1011 2957 1155 3027 ὑμᾶς
1190 2959 1285 3011 ἐπὶ
1311 2960 1427 3023 τοῖς
1460 2958 1645 3023 αὐτοῖς
1682 2961 1814 3014 ὲκά-

238 3037 369 3106 λεσε,
426 3044 562 3097 πᾶσι
609 3045 764 3115 ζωὴν
814 3046 1130 3117 ἐχαρίσατο,
1178 3050 1397 3102 πάντων
1443 3051 1641 3121 ἐπίσης
1693 3051 1816 3104 ἐστὶ

242 3135 459 3207 κεφαλὴ,
518 3138 734 3201 πάντας
795 3140 1083 3211 συνήγειρε
1144 3142 1240 3193 καὶ
1293 3142 1652 3207 συνεκάθισε,
1722 3146 1818 3197 καὶ

1910 2034 2149 2088 Pulchre
2180 2050 2311 2089 sane
2365 2038 2466 2091 hoc
2505 2038 2664 2103 dixit,
2709 2041 3006 2092 ostendens
3052 2038 3197 2108 quod
3240 2039 3284 2091 si
3319 2054 3486 2092 unum

1909 2141 2111 2194 corpus
2160 2128 2287 2188 sint.
2332 2144 2473 2182 unus
2522 2130 2686 2183 etiam
2720 2130 2942 2199 spiritus
2985 2140 3166 2185 erunt.
3201 2128 3299 2183 Vel
3349 2129 3493 2198 quod

1910 2220 2079 2287 pnssit
2124 2219 2342 2287 quidem
2399 2236 2566 2274 unum
2615 2237 2737 2277 esse
2780 2237 2999 2290 corpus,
3049 2222 3145 2277 sed
3193 2238 3301 2278 non
3357 2237 3497 2277 unus

1910 2309 2137 2378 spiritus
2173 2328 2186 2364 :
2219 2313 2678 2380 quemadmodum
2708 2315 2752 2368 si
2778 2315 2901 2382 quis
2942 2315 3317 2369 luereticorum
3362 2313 3501 2369 ami-

1913 2418 2011 2456 cus
2047 2404 2143 2469 sit,
2188 2404 2531 2475 dogmatibus
2582 2419 2772 2459 eorum
2810 2422 2930 2460 .non
2977 2422 3079 2460 una
3116 2408 3498 2462 circumactus.
3588 2448 3591 2453 -

1914 2493 2006 2547 Vel
2057 2496 2185 2566 quia
2249 2513 2414 2551 unmu
2475 2499 2725 2568 spiritum
2778 2515 2875 2567 per
2935 2499 3094 2553 [idem
3147 2499 3497 2568 accipientes,

1913 2590 2120 2643 debetis
2162 2604 2284 2645 esse
2321 2590 2648 2646 concordes.
2700 2591 2798 2646 Vel
2858 2592 3132 2659 spiritum,
3188 2591 3498 2645 unanimem

1915 2682 2394 2749 pramptitmlinem
2430 2683 2564 2737 dicit
2601 2693 2655 2737 et
2712 2684 3175 2753 conspirationem
3216 2698 3232 2735 :
3279 2680 3501 2753 perinde

1915 2788 1979 2827 ac
2010 2773 2052 2826 si
2084 2774 2307 2835 diceret.
2346 2774 2521 2830 Unum
2554 2789 2754 2843 corpus
2786 2785 2841 2830 et
2871 2791 2974 2829 una
3003 2775 3203 2829 anima.

1993 2884 2013 2918 ι
2048 2866 2199 2922 Sicut
2223 2868 2398 2922 vocati
2424 2868 2560 2923 es1is
2584 2869 2636 2922 in
2659 2884 2762 2922 una
2790 2883 2884 2934 spe
2906 2866 3213 2923 vocationis
3236 2874 3448 2921 vestrae.
3475 2883 3496 2918 ι

1916 2956 2085 3023 Deus,
2117 2959 2312 3028 inquit,
2338 2962 2402 3013 ad
2433 2961 2618 3015 eadem
2653 2976 2750 3015 vos
2784 2961 3018 3023 vocarit,
3051 2960 3307 3015 onmibns
3335 2960 3500 3014 vitam

1916 3050 2156 3114 donavit,
2181 3050 2424 3104 onmium
2466 3066 2530 3104 ex
2564 3066 2721 3117 sequo
2761 3060 2848 3107 est
2886 3064 3067 3121 caput,
3105 3065 3295 3106 omnes
3343 3049 3503 3106 simul

1918 3141 2181 3194 ext-itavit
2224 3155 2433 3204 secum,
2464 3151 2518 3195 ct
2548 3147 2848 3198 consedere
2878 3142 3025 3209 fecit,
3079 3157 3144 3196 ac
3185 3140 3503 3211 simpliciter

242 3226 412 3291 ἁπλῶς
438 3229 726 3300 ὁμοτίμως
771 3232 983 3293 πάντας
1020 3232 1413 3303 προσελάϐετο,
1452 3216 1548 3286 καὶ
1577 3234 1644 3287 τά
1671 3234 1811 3289 αὐτὰ

1926 3231 2115 3295 eodem
2147 3229 2352 3285 honore
2392 3245 2582 3285 omnes
2614 3232 2849 3300 excepit,
2886 3242 3048 3302 atque
3076 3230 3267 3287 eadem
3316 3245 3505 3287 omnes

245 3318 518 3392 ἐλπίζομεν
550 3323 779 3384 πάντες.
824 3324 1100 3393 Ὀφείλετε
1126 3320 1219 3378 οὖν
1263 3324 1321 3378 ἓν
1347 3322 1491 3379 εἶναι
1536 3325 1633 3380 καὶ
1669 3329 1812 3380 κατά

243 3411 331 3482 τὴν
355 3413 448 3484 τῆς
491 3416 719 3484 ἀγάπης
772 3416 1020 3484 ἑνότητα.
1086 3416 1175 3470 Ἐν
1228 3419 1337 3488 γὰρ
1394 3420 1506 3482 τοῖς
1554 3418 1808 3492 οὐρανοῖς

244 3499 358 3568 ἶσοι,
387 3507 489 3559 κᾶν
509 3509 556 3539 ⁸³
586 3510 649 3562 ἐν
675 3510 739 3578 τῇ
773 3510 841 3577 γῇ
873 3506 1260 3577 διεστήκαμεν.

310 3614 329 3647 ι
359 3590 445 3661 Εἷς
470 3598 702 3670 Κύριος,
743 3600 844 3668 μία
866 3600 1071 3663 πίστις,
1100 3599 1159 3652 ἓν
1188 3599 1492 3670 βάπτισμα.
1525 3617 1543 3650 ι
1576 3601 1667 3673 Μὴ
1702 3600 1814 3673 γάρ

247 3688 305 3741 σὺ
334 3689 427 3757 μὲν
466 3692 700 3761 μείζονα
747 3692 891 3761 ἔχεις
923 3691 1151 3761 Κύριον,
1180 3693 1388 3755 ἐκεῖνος
1424 3692 1480 3744 δὲ
1515 3692 1813 3747 ἐλάττοναο

249 3779 315 3851 μὴ
350 3783 454 3853 γὰρ
484 3784 547 3836 σὺ
595 3784 699 3854 μὲν
743 3783 851 3837 ἀπὸ
898 3783 1157 3848 πίστεως,
1189 3784 1397 3845 ἐκεῖνος
1433 3782 1491 3835 δὲ
1533 3782 1592 3849 ἐξ
1636 3783 1817 3853 ἔργων

248 3874 437 3945 ἐσώθη·
466 3877 542 3949 μὴ
572 3877 688 3948 γὰρ
729 3878 795 3930 σὺ
830 3876 928 3947 μὲν
961 3876 1071 3930 ἀπὸ
1109 3875 1205 3928 τοῦ
1238 3875 1615 3946 βαπτίσματος
1654 3875 1817 3947 ἠλευ-

249 3967 498 4038 θερώθης,
523 3972 737 4035 ἐκεῖνος
776 3971 834 4023 δὲ
858 3970 942 4023 οὔ.

316 4076 335 4109 ι
370 4054 458 4122 Εἷς
485 4060 620 4124 Θεὸς
654 4060 746 4113 καὶ
774 4060 966 4131 Πατὴρ
999 4059 1241 4127 πάντων,
1283 4063 1311 4116 ὁ
1336 4060 1432 4115 ἐπὶ
1457 4059 1696 4128 πάντων,
1722 4061 1819 4116 καὶ

248 4148 330 4201 διὰ
379 4151 617 4219 πάντων,
671 4154 765 4207 καὶ
808 4154 867 4206 ὲν
916 4154 1085 4206 πᾶσιν
1137 4153 1288 4223 ὑμῖν.
1341 4173 1361 4206 ι
1397 4154 1713 4217 Τουτέστιν,
1757 4154 1819 4209 ’0

250 4242 421 4298 ἐπάνω
449 4249 695 4311 πάντων,
746 4246 840 4301 καὶ
868 4246 958 4301 διὰ
1000 4247 1219 4303 πάντων
1252 4249 1448 4320 χωρῶν
1484 4253 1552 4321 τῇ
1588 4249 1821 4320 προνοίᾳ

250 4336 337 4394 ³ςαὶ.
357 4338 640 4411 διοικήσει,
672 4342 765 4395 καὶ
791 4343 850 4395 ἐν
885 4344 1050 4395 πᾶσιν
1077 4344 1208 4413 ὑμῖν
1240 4344 1540 4398 κατοικῶν.
1565 4346 1820 4415 Σημείω·

253 4441 336 4477 σαι
376 4428 453 4495 δὲ,
481 4432 562 4485 ὅτι
606 4432 657 4486 oi
695 4434 794 4502 μὲν
823 4433 1093 4504 αἱρετικοὶ
1117 4435 1238 4505 τὴν,
1280 4456 1298 4487 ι
1334 4436 1455 4503 Διά,
1497 4457 1516 4489 ι
1550 4438 1820 4507 ’πρόθεσιν

254 4514 610 4589 ἀποκληροῦσι
631 4521 707 4592 τῷ
728 4523 863 4593 Υἱῷ,
893 4523 990 4577 καλ⁸
1005 4524 1131 4593 τὴν,
1166 4544 1185 4577 ι
1232 4526 1377 4593 Ἐν,ι
1412 4527 1491 4598 τῷ
1517 4529 1817 4598 [Ινεύματι,

1918 3334 2228 3389 speramus.
2280 3318 2499 3374 Debetis
2548 3319 2714 3389 igitur
2762 3337 2927 3375 unum
2991 3336 3150 3388 esse,
3205 3321 3504 3377 secundum

1915 3409 2205 3466 charitatis
2266 3410 2433 3464 etiam
2495 3410 2956 3480 coniunctionem.
3014 3412 3074 3467 in
3133 3412 3294 3467 cretis
3354 3412 3503 3466 enim

1919 3503 2160 3570 aequales
2184 3502 2410 3568 erimus,
2455 3504 2670 3558 etiamsi
2700 3502 2754 3557 in
2785 3512 2929 3558 terra
2957 3504 3249 3559 dissimiles
3287 3518 3499 3558 sumus.

1996 3596 2159 3650 Vsus.
2195 3595 2249 3650 7.
2304 3612 2322 3645 ι
2364 3595 2515 3651 Unus
2564 3594 2847 3660 Dominus,
2890 3612 2996 3651 una
3030 3596 3184 3661 ﬁdes,
3222 3613 3386 3651 unum
3419 3597 3507 3651 ba-

1919 3689 2139 3759 ptisma.
2165 3703 2206 3739 Ἰ
2244 3687 2357 3741 Non
2399 3688 2543 3745 enim
2579 3698 2632 3741 tu
2673 3688 2934 3759 majorem
2989 3690 3156 3745 habes
3193 3687 3505 3753 Dominum,

1921 3781 2010 3835 ille
2057 3795 2190 3834 vero
2242 3784 2548 3848 minorem;
2599 3797 2704 3838 non
2756 3793 2810 3835 tu
2856 3797 2922 3837 ex
2971 3781 3095 3846 ﬁde,
3129 3782 3219 3838 ille
3270 3797 3399 3838 vero
3439 3797 3505 3837 ex

1919 3871 2178 3940 operibus
2204 3879 2452 3926 servatus
2497 3882 2580 3926 est
2618 3889 2632 3927 :
2685 3887 2791 3927 non
2826 3882 2880 3926 tu
2910 3887 2978 3926 ex
3014 3873 3340 3942 baptismate
3371 3872 3508 3935 liber

1925 3961 2104 4017 factus
2135 3978 2216 4027 es,
2252 3962 2339 4016 ille
2372 3978 2503 4018 vero
2531 3978 2659 4018 nou.

1994 4053 2160 4111 Vens.
2214 4053 2269 4109 6.
2322 4072 2340 4107 ι
2395 4052 2545 4110 Unus
2601 4053 2744 4110 Deus
2772 4063 2829 4110 et
2875 4053 3040 4112 Pater
3091 4055 3361 4123 onmium,
3414 4058 3507 4128 qui
3558 4044 3637 4139 ’λ’

1921 4158 2087 4215 super
2126 4144 2331 4212 orniiia,
2371 4154 2426 4198 et
2463 4159 2561 4214 per
2587 4146 2796 4209 onmia,
2833 4156 2889 4201 et
2918 4146 2970 4201 in
2995 4148 3248 4205 omnibus
3274 4148 3447 4204 vobis.
3483 4167 3504 4202 ι

1924 4240 2037 4295 lluc
2063 4249 2166 4304 est,
2188 4239 2288 4306 Qui
2323 4253 2486 4309 supra
2514 4240 2720 4304 omnia,
2750 4249 2803 4294 et
2829 4255 2926 4309 per
2956 4240 3140 4295 omnia
3171 4240 3507 4309 providentia

1923 4342 1975 4388 et
2004 4331 2397 4403 gubernatione
2431 4342 2724 4396 commeat,
2760 4342 2816 4385 et
2845 4333 2899 4385 in
2940 4332 3195 4386 omuibus
3231 4330 3382 4385 vobis
3404 4333 3508 4385 .ba-

1930 4425 2087 4479 bitat.
2129 4424 2368 4480 Observa
2400 4435 2582 4479 autem
2619 4424 2761 4491 quod
2796 4422 3034 4477 luerctici
3071 4423 3506 4491 praepositionem

1934 4536 1954 4569 ι
1992 4518 2099 4573 Per
2145 4536 2163 4569 ι
2221 4517 2464 4571 tribuunt
2532 4515 2709 4581 Filio;
2774 4532 2794 4567 ι
2839 4514 2895 4568 In
2950 4534 2970 4567 ι
3051 4530 3179 4571 vero
3252 4514 3509 4583 Spiritui,

253 4608 321 4671 ὡς
352 4612 645 4669 ἐλάττωσιν
692 4617 1055 4685 εἰσάγουσαν·
1109 4620 1207 4671 νῦν
1240 4620 1297 4673 δὲ
1329 4618 1408 4690 τῷ
1457 4622 1633 4690 "arpi.
1673 4622 1813 4691 εὑρί·

1929 4620 2185 4677 tanqaam
2241 4608 2680 4662 imminutionem
2740 4605 2939 4661 inferat
2980 4624 2995 4662 :
3027 4607 3143 4678 jam
3185 4623 3317 4663 vero
3361 4606 3508 4662 Patri

255 4716 464 4759 ικονται
496 4708 928 4780 προσκείμεναι·
956 4710 1059 4763 οὑκ
1085 4709 1198 4782 ἄρα
1234 4711 1605 4777 ἐλαττώσεως.

325 4894 345 4928 ι
394 4876 505 4932 Ἑνὶ
534 4880 589 4934 δὲ
623 4880 844 4952 ἑκάστῳ
874 4881 1034 4952 ἡμῶν
1085 4883 1243 4955 ἐδόθη
1290 4886 1322 4956 ἡ
1374 4887 1556 4957 χάρις,
1590 4887 1732 4942 κατά
1759 4888 1821 4943 τὸ

260 4969 445 5037 μέτρον
469 4971 569 5041 τῆς
597 4971 804 5045 δωρεᾶς
833 4974 927 5027 τοῦ
961 4975 1221 5046 Χριστοῦ.
1261 4994 1279 5028 ι
1334 4976 1395 5031 El
1425 4978 1601 5031 πάντα
1644 4980 1816 5043 ἐστὶν,

255 5053 323 5116 ὡς
349 5055 545 5128 λέγεις,
579 5063 754 5127 κοινά,
786 5062 953 5117 πόθεν
981 5065 1010 5117 ὀ
1042 5063 1190 5117 δεῖνα
1238 5064 1446 5134 μεῖζον,
1479 5065 1575 5118 καὶ
1611 5066 1640 5117 ὁ
1669 5065 1818 5121 δεῖνα

257 5142 466 5203 ἔλαττον
513 5152 627 5222 ἔχει
677 5153 962 5224 χάρισμα;
1011 5153 1169 5209 τοῦτο
1214 5158 1323 5228 γὰρ
1358 5157 1581 5223 αὐτοὺς,
1620 5156 1694 5219 ὡς
1726 5149 1820 5212 καὶ

262 5234 567 5309 Κορινθίους
617 5246 713 5299 καὶ
770 5247 998 5311 πολλοὺς
1047 5248 1265 5313 ἄλλους,
1316 5250 1396 5312 είς
1447 5251 1642 5320 φθόνον
1690 5246 1818 5321 ἦγε.

261 5327 409 5385 Λύων
435 5330 525 5389 οὖν
563 5338 741 5394 τοῦτο.
777 5343 965 5411 φησιν,
1010 5342 1091 5395 ὅτι
1133 5342 1349 5412 ἑκάστῳ
1379 5341 1535 5412 ὲδόοη
1562 5342 1624 5395 τὸ
1664 5342 1823 5412 χάρι-

266 5432 390 5486 αμα,
418 5425 492 5488 ὡς
519 5428 822 5500 ἐμέτρησεν
863 5432 891 5483 ὁ
924 5430 1337 5501 δωρησάμενοςε
1368 5432 1530 5485 Ὥστε
1564 5433 1687 5485 ἐπεὶ
1721 5433 1824 5503 μὲν

263 5507 430 5581 δωρεά
474 5519 640 5588 ἔστιν,
671 5523 879 5590 ἀγάπα.
904 5524 987 5576 ὃτι
1021 5524 1158 5587 ὅλως
1186 5524 1407 5589 ἔλαϐεςο
1463 5525 1540 5597 μὴ
1586 5527 1696 5598 γὰρ
1741 5528 1820 5592 ὡς

272 5603 416 5673 χρέος
442 5627 520 5664 σοι
549 5613 775 5668 δέδοται.
810 5614 965 5667 Ἐπεὶ
990 5615 1045 5667 δὲ
1072 5615 1133 5668 τὸ
1175 5616 1373 5687 μέτρον
1402 5620 1429 5671 ὁ
1458 5617 1589 5682 θεδῖ
1624 5619 1819 5690 ὤρισῆ

1926 4702 2201 4772 appositae,
2253 4700 2608 4756 inveniuntur
2670 4716 2684 4753 :

1926 4800 2076 4848 sunt.

2004 4886 2167 4941 Vens.
2214 4884 2267 4940 7.
2322 4904 2340 4937 ι
2396 4884 2706 4957 Unicuique
2752 4894 2932 4942 autem
2968 4895 3211 4941 nostrum
3255 4886 3376 4939 data
3426 4891 3510 4939 est

1931 4983 2129 5050 gratia,
2171 4980 2470 5034 secundum
2518 4995 2830 5036 mensuram
2868 4979 3176 5035 donationis
3218 4976 3444 5030 Christi.
3484 4995 3505 5030 ι

1931 5073 1990 5128 Si
2045 5072 2249 5138 omnia,
2303 5072 2383 5127 uti
2434 5073 2601 5137 dicis,
2641 5081 2773 5128 sunt
2826 5070 3165 5133 communia,
3221 5068 3361 5123 unde
3410 5068 3512 5122 iste

1930 5166 2123 5233 majus,
2157 5178 2212 5222 et
2238 5164 2324 5220 ille
2350 5164 2529 5220 minus
2561 5164 2725 5219 habet
2757 5160 3003 5218 donum?
3030 5162 3134 5214 hoc
3161 5157 3305 5212 enim
3338 5156 3506 5226 ipsos,

1930 5259 2153 5332 perinde
2195 5274 2259 5313 ac
2289 5257 2604 5315 Corinthios
2641 5264 2698 5312 et
2743 5256 2882 5310 alios
2916 5252 3228 5322 plerosque,
3271 5250 3338 5303 ad
3371 5248 3510 5301 invi-

1928 5357 2074 5409 diam
2107 5352 2379 5422 perduxit.
2415 5352 2633 5407 Diluens
2661 5351 2823 5420 igitur
2852 5350 2990 5410 hoc,
3031 5345 3205 5414 inquit
3235 5361 3250 5397 :
3289 5340 3512 5397 Unicui-

1925 5462 2030 5515 que
2052 5446 2173 5499 data
2200 5454 2282 5499 est
2314 5446 2486 5514 gratia
2518 5453 2572 5497 et
2601 5443 2822 5504 donum,
2851 5437 3307 5510 quemadmodum
3342 5433 3509 5503 parti-

1930 5547 2018 5591 tus
2075 5545 2156 5590 est
2201 5534 2292 5605 qui
2343 5532 2512 5588 dedit.
2562 5530 2798 5586 Proinde
2846 5529 2974 5600 quia
3026 5530 3226 5583 denunt
3276 5522 3381 5592 est,
3430 5522 3510 5577 sis

1928 5635 2239 5693 contentus,
2281 5625 2539 5696 quoniam
2585 5623 2807 5678 omnino
2854 5620 3115 5691 accepisti
3158 5637 3174 5675 :
3209 5632 3319 5673 non
3364 5615 3510 5673 enim

2747 4714 2855 4754 non
2918 4700 3084 4769 igitur
3115 4700 3511 4757 imminutionis

1593 5759 1789 5824 Variae
1823 5762 2149 5826 lectiones.

345 5863 388 5895 "
440 5872 857 5946 συγκροτοῦνται
902 5889 955 5930 0.
1035 5874 1076 5907 ⁸¹
1127 5875 1352 5940 ἑαυτοὺς
1387 5876 1711 5939 ἀλλήλοιπιιε

1812 5887 1856 5918 ⁵³
1887 5884 2015 5938 ῐσνν
2058 5880 2372 5952 προθυμίαν
2395 5894 2447 5938 ο.
2522 5880 2569 5913 ⁸³
2599 5878 2646 5933 εἰ
2675 5877 2769 5933 καὶ
2801 5893 2855 5933 ο.
