3932 6580
462 452 603 518 1083
1345 449 1448 510 ΤΗ
1460 448 1929 510 EOPHYLACTI
1970 446 2380 510 BULGARUF.
2425 445 2778 508 ARCHIEP.
3563 444 3687 509 lilii

459 579 714 636 tauquam
744 561 985 619 debitum
1017 561 1112 616 tibi
1141 563 1328 617 datum
1352 570 1456 615 est.
1492 558 1558 614 Et
1596 562 1855 630 quoniam
1885 574 2007 613 men

2154 560 2229 628 μὴ
2263 558 2734 628 πολυπραγμόνει.
2777 556 2836 609 Ei
2882 554 2990 624 γὰρ
3040 556 3069 607 6
3119 554 3252 614 Θεὶις
3275 555 3695 626 ἑμέτρησε,πάν-

459 671 641 712 suram
662 656 811 710 Deus
837 653 1146 724 prtelinivit,
1176 666 1245 707 ne
1269 652 1344 707 sis
1368 652 1638 727 curiosus.
1661 649 1798 705 Nam
1828 651 1871 706 si
1903 650 2012 706 Dcu

2148 667 2258 713 τως
2280 651 2325 682 ⁵⁸
2364 649 2753 720 συμφερόντως
2768 646 2926 701 τοῦτο
2946 646 3189 716 ἐποίησε.
3214 645 3298 698 Τὲι
3322 644 3422 716 μὲν
3444 640 3531 699 οὖν
3559 648 3700 714 6w:-

463 761 768 803 mensuram
822 743 1119 808 distribuit,
1173 744 1395 800 omnino
1448 744 1733 798 commode
1786 743 1841 797 id
1894 743 2016 796 fecit

2159 744 2311 806 καῖα,
2330 741 2426 797 καὶ
2450 735 2525 795 ὧν
2546 741 2715 812 χωρὶς
2734 739 2836 793 οὐκ
2864 737 2980 792 ἔστι
3003 737 3334 809 Χριστιανὸν
3365 733 3519 800 εἶναι,
3550 743 3696 793 κοινά·

463 836 776 893 Necessaria
819 835 1001 906 igitur,
1051 843 1106 891 et
1151 835 1289 890 citra
1334 849 1454 905 quas
1502 849 1609 889 non
1659 833 1836 903 possis
1882 831 2012 887 Chri

2158 834 2207 886 εί
2237 833 2296 886 δέ
2316 850 2368 886 τι
2399 831 2584 886 πλεῖον
2611 830 2725 901 ἔχει
2758 831 2816 883 ἐν
2854 829 3157 902 χαρίσματι
3192 830 3222 881 6
3252 828 3422 892 δεῖνα,
3455 829 3526 897 μὴ
3548 829 3696 896 ἄλγει·

461 931 669 984 stiauus
698 928 862 999 395
905 941 1047 994 esse,
1082 927 1394 983 communia
1439 935 1590 981 sunt.
1631 924 1724 980 Sin
1760 925 2014 994 quisque:

2152 925 2276 978 ἐπεὶ
2321 923 2415 977 καὶ
2459 923 2488 976 δ
2543 922 2702 986 πόνος
2747 921 2970 983 πλείων,
3005 920 3081 984 ὼς
3131 919 3341 991 προῖὼν
3389 921 3504 989 ἐρεῖ
3519 921 3577 975 ⁸³.
3606 923 3697 976 03x

461 1021 599 1075 alius
630 1019 984 1075 excellentius
1017 1019 1215 1073 donum
1250 1016 1465 1081 habent,
1510 1032 1577 1072 ne
1607 1018 1702 1071 tibi
1738 1016 1917 1071 isthuc
1949 1015 2014 1071 do

2154 1009 2276 1069 εἶπε
2301 1016 2381 1081 δὲ,
2406 1014 2563 1069 Κατὰ
2590 1015 2652 1068 τὸ
2695 1015 2893 1084 μέτρον
2935 1014 3037 1082 τῆς
3078 1012 3317 1066 ἑκάστου
3361 1013 3603 1076 πίστεως,
3628 1016 3696 1068 ἵνα

409 1108 415 1120 ’
464 1114 570 1167 leat
621 1131 636 1167 :
696 1111 1132 1181 quandoquidem
1193 1120 1247 1164 et
1292 1109 1445 1164 labor
1494 1110 1654 1164 istius
1706 1109 1881 1176 major
1942 1121 1962 1162 ε

2158 1107 2235 1179 μὴ
2265 1108 2346 1172 είς
2381 1107 2621 1178 ἀθυμίαν
2665 1106 2897 1177 ἐμϐάλῃ
2914 1106 3043 1168 τοὺς
3087 1105 3155 1159 τὰ
3190 1105 3450 1159 ἐλάττονα
3490 1105 3694 1172 ἔχοντας.

408 1183 416 1203 ἶ
466 1203 687 1268 perinde
733 1218 798 1258 ac
850 1204 903 1257 in
950 1218 1214 1271 procursu
1268 1202 1431 1256 dicet.
1482 1200 1598 1256 Non
1649 1201 1787 1255 dixit
1841 1210 1961 1255 aute

2155 1198 2292 1255 ἀλλά
2320 1203 2385 1271 τῇ
2422 1199 2639 1269 θελήσει
2671 1198 2766 1253 τοῦ
2787 1198 3023 1262 διδόντος
3048 1197 3286 1267 ἀνέθηκε
3313 1197 3371 1251 τὸ
3405 1196 3607 1268 μέτρον,
3640 1198 3697 1262 ὡς

406 1277 413 1295 ’
459 1294 620 1351 Juxta
664 1311 974 1351 mensuram
1009 1294 1435 1366 uniuscujusque
1461 1295 1605 1360 lldei,
1646 1310 1711 1349 ne
1750 1295 1803 1349 in
1836 1309 1959 1349 mret

1750 1295 1803 1349 in
1836 1307 2051 1349 mmro—
2157 1290 2222 1345 ἃν
2247 1291 2381 1361 μηδὲ
2407 1292 2682 1363 τολμῶσιν
2714 1292 2851 1355 ὅλως
2889 1291 3275 1361 λογοπραγεῖν.

466 1403 577 1443 rem
602 1388 867 1458 cuujiciat
902 1403 998 1444 eos
1031 1390 1230 1458 quibus
1260 1389 1470 1445 minora
1499 1400 1627 1445 sunt
1656 1389 1853 1444 collata
1893 1404 1909 1442 :
1945 1395 2200 1442 caeterum
2236 1386 2505 1445 voluntati
2577 1386 2760 1442 dantis
2812 1374 3127 1440 mensuram
3182 1384 3391 1448 retulit,
3457 1401 3519 1440 ne
3587 1403 3684 1442 nm-

464 1482 592 1536 uino
624 1481 940 1550 obstrepere
972 1481 1228 1538 audeant.
1324 1550 1331 1555 _

535 1568 699 1623 Vitas.
751 1568 806 1623 8.
874 1587 893 1621 ι
943 1567 1171 1640 Propter
1214 1571 1354 1639 quod
1401 1570 1928 1625 dicitzAscendens
1987 1571 2046 1622 in

2229 1584 2248 1617 ι
2288 1564 2381 1618 Διδ
2402 1564 2570 1630 λέγει’
2606 1564 2839 1628 Ἀναϐὰς
2860 1565 2941 1630 εἰς
2964 1564 3097 1636 ὕψος
3121 1564 3542 1637 ᾐχμαλώτευσεν
3563 1572 3700 1640 αἰχμ’

462 1661 656 1727 altum,
690 1661 959 1731 captivam
997 1661 1152 1717 duxit
1181 1662 1575 1733 captivitatem,
1618 1662 1877 1734 deditque
1906 1662 2010 1717 don

2160 1657 2424 1721 αλωσίαν,
2446 1660 2553 1713 καὶ
2580 1658 2748 1712 ἔδωκε
2788 1658 3001 1728 δόματα
3043 1661 3160 1718 τοῖς
3207 1657 3527 1728 ἀνθρώποις.
3563 1679 3580 1712 ι
3604 1662 3699 1715 Ὅτι

465 1753 776 1809 hominibus
811 1753 862 1809 ιι.
912 1772 934 1806 ι
971 1752 1123 1820 Quod
1179 1756 1342 1821 dona,
1395 1756 1589 1822 inquit,
1637 1757 1752 1826 ipse
1803 1755 2011 1810 dederit

2154 1753 2339 1818 αὐτὸς,
2360 1752 2547 1823 φησιν,
2570 1752 2735 1807 ἔδωκε
2749 1752 2817 1806 τά
2833 1754 3171 1824 χαρίσματα,
3208 1751 3372 1820 δῆλον
3397 1754 3453 1816 ἐξ
3479 1746 3547 1806 ὧν
3563 1756 3703 1824 61:90-

465 1844 683 1914 planum
736 1853 822 1901 est
875 1860 941 1900 ex
995 1859 1060 1901 eo
1111 1847 1256 1916 quod
1304 1846 1575 1917 Propheta
1616 1849 1767 1914 dicit,
1825 1866 1845 1899 ι
1891 1846 2018 1903 Dedi

2152 1844 2329 1913 φήτης
2367 1843 2541 1911 λέγει,
2566 1843 2645 1896 ὅτι
2683 1860 2702 1894 ι
2747 1842 2956 1897 Ἔδωκε
2994 1843 3210 1919 δόματα
3228 1846 3346 1907 τοῖς
3368 1843 3697 1913 ἀνθρώποις.ι

464 1939 607 1995 dona
659 1938 993 1996 hominibus.
1035 1959 1056 1994 ο
1103 1938 1270 2011 Atqui
1317 1942 1600 2012 propheta,
1635 1940 1929 2011 Accepisti,
1962 1941 2015 1995 in

2151 1936 2261 1991 Καὶ
2323 1936 2458 2007 μὴν.
2485 1938 2513 1989 ὁ
2564 1937 2852 2006 προφήτης
2889 1954 2908 1988 ι
2943 1935 3181 2001 Ἔλαϐες
3208 1975 3224 2000 ,
3253 1938 3387 2007 φησι
3413 1977 3427 2000 ,
3452 1938 3651 2009 δόματα·
3683 1959 3697 1991 ι

463 2033 599 2101 quit,
647 2033 788 2088 dona
829 2048 846 2087 :
890 2033 1033 2102 quod
1073 2032 1215 2088 idem
1254 2042 1361 2089 est.
1390 2033 1524 2088 Nam
1562 2034 1728 2097 Deus,
1778 2034 1904 2087 dum
1957 2033 2016 2087 da

2150 2030 2352 2092 ταυτρν
2401 2028 2459 2083 δέ
2509 2030 2651 2083 ἐστι.
2683 2028 2870 2092 Διδοῦς
2895 2028 3003 2100 γὰρ
3034 2031 3064 2083 6
3089 2029 3221 2093 Θεὸς
3242 2030 3291 2062 ³⁸
3318 2031 3386 2084 τὰ
3412 2032 3700 2103 χαρίσματα,

463 2124 817 2191 charismata,
842 2123 1040 2193 accipit
1062 2124 1423 2179 ministerium
1450 2141 1467 2181 :
1495 2125 1585 2195 qui
1613 2139 1742 2180 vero
1765 2124 2016 2179 charisma

2150 2119 2550 2192 ἀναλαμϐάνει
2576 2121 2676 2192 τὴν
2704 2120 3000 2177 διακονίαν.
3034 2121 3093 2175 ’0
3121 2122 3235 2194 γὰρ
3273 2122 3454 2177 λαϐὼν
3476 2126 3699 2196 χάρισμα,

463 2216 682 2286 accipit,
721 2224 778 2270 ut
826 2223 1086 2287 operetur
1130 2225 1185 2270 et
1234 2215 1465 2283 laboret,
1517 2217 1734 2285 accipit.
1778 2215 2013 2282 Quocirc

2150 2216 2238 2270 διὰ
2273 2216 2336 2269 τὸ
2373 2217 2617 2287 ἐνεργεῖν
2657 2232 2710 2268 τι
2754 2216 2843 2268 καὶ
2875 2217 3075 2287 κοπιᾷν
3123 2215 3418 2287 λαμϐάνει.
3444 2218 3629 2272 Οὐκοῦν
3655 2220 3701 2272 οὗ

462 2307 624 2363 otiosi
674 2321 797 2363 esse
849 2322 954 2362 non
1002 2307 1285 2362 debemus.
1334 2307 1395 2362 1n
1445 2309 1811 2362 suuunitatem
1865 2317 2011 2362 auter

2154 2307 2236 2360 δεῖ
2265 2307 2497 2378 ἀθυμεῖν
2524 2307 2592 2361 ³⁷.
2625 2308 2721 2371 Εἰς
2775 2307 2907 2377 ὕψος
2934 2306 2992 2360 δὲ
3024 2307 3191 2374 ἀνέϐη
3219 2307 3253 2379 ἢ
3282 2309 3345 2360 τὸ
3369 2307 3461 2361 τοῦ
3489 2310 3699 2381 σταυροῦ,

463 2399 729 2466 ascendit,
763 2396 849 2454 vel
891 2399 1106 2463 crucis,
1141 2399 1227 2454 vel
1275 2399 1398 2454 cmli
1447 2415 1541 2468 per
1566 2400 1997 2469 assumptionem

2153 2398 2268 2468 ἢτδ
2300 2399 2393 2453 τοῦ
2429 2403 2488 2453 οὐ
2500 2399 2687 2470 ρανοῦ,
2740 2401 2798 2453 ἐν
2828 2402 2895 2467 τῇ
2921 2399 3219 2469 ἀναλήψει’
3262 2399 3292 2453 ὃ
3323 2400 3416 2453 καὶ
3450 2402 3626 2471 μᾶλλον
3645 2402 3700 2466 ὡς

465 2495 608 2563 quod
647 2504 701 2549 et
733 2494 913 2565 potius
941 2500 1049 2559 est,
1090 2492 1233 2550 velut
1263 2508 1328 2555 ex
1364 2494 1830 2564 consequentibus
1861 2494 2018 2564 liquet

2155 2491 2222 2544 ὲκ
2260 2490 2368 2544 τῶν
2420 2491 2781 2561 ἐπαγομένων
2824 2490 3004 2561 δῆλον.
3059 2491 3230 2545 Ποίαν
3271 2492 3329 2546 δὲ
3376 2494 3700 2564 αἰχμαλωσίαν

464 2584 688 2651 Qualem
719 2594 899 2641 autem
939 2584 1310 2652 captivitatem
1356 2585 1529 2639 dicit?
1568 2584 1777 2640 biaboli
1814 2600 1830 2638 :
1874 2586 2017 2652 capti

2153 2586 2321 2655 φησίς
2351 2587 2462 2659 Τὴν
2489 2587 2583 2640 τοῦ
2622 2585 2872 2641 διαϐόλου
2896 2598 2911 2614 ⁸
2945 2584 3302 2657 αἰχμάλωτον
3334 2584 3441 2653 γὰρ
3469 2583 3609 2637 έλαεε
3632 2587 3699 2637 τὸν

466 2690 589 2729 vum
637 2676 783 2730 enim
833 2676 977 2745 cepit
1026 2676 1321 2738 diabolum.
1374 2687 1429 2731 et
1477 2687 1728 2741 mortem,
1779 2687 1834 2732 et
1873 2676 2019 2732 male

2155 2677 2429 2743 διάϐολον,
2483 2679 2579 2732 καὶ
2627 2678 2721 2731 τὸν
2766 2678 3021 2744 θάνατον,
3072 2678 3167 2731 καὶ
3200 2676 3302 2747 τὴν
3329 2677 3486 2747 ἀρὰν,
3520 2678 3603 2730 καὶ
3625 2678 3698 2746 τὴν

468 2764 785 2832 dictionem,
814 2776 870 2820 et
905 2776 1210 2835 peccatum,
1255 2781 1463 2836 uosque
1504 2768 1722 2822 diabolo
1752 2766 2021 2838 subjectos

2155 2770 2456 2842 ἁμαρτίαν,
2490 2771 2586 2824 καὶ
2621 2772 2769 2841 ἡμᾶς
2796 2770 2853 2824 δέ
2881 2770 3009 2834 τοὺς
3034 2769 3140 2823 ὑπὸ
3170 2769 3269 2824 τοῦ
3293 2770 3530 2824 διαϐόλου
3554 2770 3696 2833 ὄντας,

466 2860 1024 2927 commemoratisque
1049 2859 1158 2927 jam
1189 2859 1480 2914 obnoxios.

2159 2864 2256 2918 καὶ
2285 2865 2398 2926 τοῖς
2431 2863 2679 2936 ῥηθεῖσιν
2710 2862 3086 2934 ἐνεχομένους.

537 2948 703 3002 Vsus.
734 2946 792 3012 9,
838 2948 925 3003 ιθ.
967 2966 988 3000 ι
1029 2948 1179 3014 Quod
1232 2961 1413 3004 autem
1453 2950 1718 3016 ascendit,
1763 2951 1895 3021 quid
1945 2962 2050 3021 est,

2231 2971 2252 3005 ι
2290 2956 2361 3008 Τὸ
2391 2955 2469 3017 δὲ,
2510 2954 2726 3024 ’Λνέϐη,
2765 2956 2819 3008 τί
2865 2956 3036 3019 ἐστιν,
3062 2957 3111 3009 εί
3165 2955 3247 3028 μὴ
3281 2956 3365 3010 ὅτι
3402 2956 3493 3009 καὶ
3535 2952 3698 3022 κατέίη

470 3040 575 3097 uisi
610 3042 753 3109 quod
794 3042 1134 3098 descenderit
1182 3043 1346 3098 etiam
1380 3043 1615 3114 primum
1664 3043 1718 3099 in
1766 3044 2023 3102 inferiore

2156 3048 2374 3120 πρῶτον
2394 3050 2472 3112 είς
2502 3047 2571 3102 τά
2607 3047 2896 3117 κατώτερα
2923 3045 3066 3119 μέρη
3091 3049 3190 3119 τῆς
3216 3049 3355 3118 γῆςς
3424 3045 3482 3100 Ὀ
3502 3046 3595 3115 γὰρ
3620 3062 3692 3098 κα-

467 3141 651 3203 partes
676 3141 834 3188 terra:
863 3133 887 3188 Υ
923 3132 1023 3201 Qui
1052 3133 1351 3198 descendit,
1376 3135 1493 3204 ipse
1521 3142 1603 3190 est
1632 3137 1722 3204 qui
1761 3146 1818 3191 et
1842 3152 2020 3194 asceu‘

2145 3139 2319 3203 ταϐὰς
2386 3140 2552 3203 αὑτός
2600 3139 2717 3192 ἐστι
2760 3138 2857 3191 καὶ
2902 3138 2931 3192 6
2978 3136 3187 3202 ἀναϐὰς
3242 3137 3494 3209 ὑπεράνω
3522 3136 3698 3188 πάντων

466 3225 548 3280 dit
574 3241 735 3305 supra
785 3240 975 3281 omnes
1022 3226 1212 3291 caelos,
1255 3237 1313 3281 ut
1361 3227 1613 3298 impleret
1659 3230 1864 3284 omnia.
1894 3248 1930 3297 ,ι
1979 3232 2019 3286 D

2155 3233 2264 3285 τῶν
2316 3230 2583 3302 οὐρανῶν,
2636 3231 2724 3284 ἵνα
2779 3230 3046 3305 πληρώσῃ
3087 3230 3155 3284 τὰ
3187 3231 3393 3287 πάντα.
3425 3250 3442 3283 ι
3485 3229 3602 3300 Περὶ
3626 3246 3698 3281 τα-

468 3299 773 3373 Ιιιιιῐιῑίίιαιο
821 3318 910 3373 hic
938 3318 1222 3388 disputans
1245 3318 1465 3387 Paulus,
1494 3319 1767 3375 Christum
1801 3324 2021 3390 produci

2157 3299 2589 3393 πεινοφροσύνης
2624 3299 3046 3393 διαλεγόμενος--
3060 3321 3301 3376 ἐνταῦθα
3331 3322 3360 3373 6
3391 3299 3599 3383 Παῦλος,
3629 3317 3698 3369 τὸν

467 3406 801 3477 exemplum,
850 3409 993 3465 sicut
1035 3410 1087 3465 in
1132 3410 1369 3480 Epistola
1417 3411 1485 3465 ad
1532 3410 1910 3484 Philippeuses
1959 3424 1981 3453 ο

2155 3415 2393 3485 Χριστὸν
2439 3414 2681 3482 παράγει
2711 3411 3042 3481 ὑπόδειγμα,
3083 3411 3281 3482 ὥσπερ
3314 3411 3407 3465 καὶ
3435 3412 3487 3462 ὲν
3512 3412 3569 3480 τῇ
3596 3407 3700 3476 πρὶς

476 3497 967 3566 Quemadmodum,
1005 3500 1204 3571 inquit,
1246 3501 1335 3556 ille
1369 3517 1477 3556 non
1520 3504 1795 3559 recusavit
1827 3506 2029 3561 deSCent

2154 3504 2579 3576 Φιλιππησίους·
2612 3505 2705 3558 καί
2738 3521 2924 3574 φησιν,
2953 3502 3244 3574 ὅτιῶσπερ
3276 3505 3482 3566 ἐκεῖνος
3510 3501 3565 3553 οὐ
3586 3515 3697 3566 πσρ-

468 3588 617 3657 dere,
664 3589 744 3645 sic
795 3597 850 3645 et
911 3606 1008 3648 vos
1056 3607 1162 3646 non
1224 3602 1475 3648 recusate
1546 3608 1645 3664 per
1689 3594 2021 3651 humilitatem

2157 3597 2400 3669 ητήσατο
2441 3596 2773 3665 καταϐῆναι,
2821 3596 2966 3650 οὕτω
3012 3596 3148 3667 μηδὲ
3196 3597 3364 3665 ὑμεῖς
3399 3589 3697 3666 παραιτεῖσθε

472 3694 570 3736 vos
627 3680 939 3738 demittere.
998 3682 1153 3749 Quod
1208 3684 1354 3738 enim
1410 3685 1792 3751 descenderit,
1843 3687 2020 3757 perspi

2157 3688 2258 3759 τὴν
2304 3687 2393 3741 διὰ
2442 3687 2945 3760 ταπεινοφροσύνης
2987 3686 3425 3756 συγκατάϐασιν.
3475 3686 3582 3739 Ὅτι
3614 3681 3696 3751 γὰρ

468 3785 628 3827 cuum
657 3783 741 3828 est
781 3788 847 3828 ex
888 3772 1179 3844 Propheta,
1233 3776 1324 3845 qui
1373 3790 1497 3830 eum
1533 3778 1847 3834 ascendisse
1900 3793 2021 3834 asse

2157 3779 2388 3850 κατέϐη,
2403 3779 2563 3850 δῆλον
2590 3779 2698 3834 ἀπὸ
2714 3780 2806 3834 τοῦ
2831 3781 3005 3833 εἰπεῖν
3025 3780 3119 3834 τὸν
3148 3781 3464 3852 προφήτην.
3485 3778 3559 3832 ὅτι
3582 3774 3693 3828 ι’Λν-

470 3865 562 3919 rit.
624 3865 699 3921 De
752 3866 862 3921 Deo
923 3866 1071 3920 enim
1132 3881 1255 3920 cum
1322 3867 1521 3923 dicitur
1578 3871 1724 3940 quod
1786 3871 2022 3926 ascende

2157 3875 2277 3945 έϐη.
2328 3894 2348 3927 ι
2385 3875 2509 3928 Ἐπὶ
2536 3875 2645 3947 γὰρ
2668 3876 2830 3939 Θεοῦ,
2864 3878 2994 3931 ὅταν
3024 3876 3252 3947 λέγηται
3285 3877 3370 3943 τὸ,
3416 3873 3692 3935 «Ἀναϐἀςρ

469 3957 580 4023 rit,
638 3958 1002 4013 necessarium
1052 3967 1138 4013 est
1194 3959 1429 4027 primum
1482 3958 1812 4018 descensum
1856 3961 2022 4019 intelli

2156 3967 2370 4037 ἀνάγκη
2402 3966 2619 4040 πρῶτον
2656 3967 2968 4023 κατάϐασιν
3012 3970 3252 4034 ἐννοεῖν,
3292 3969 3388 4022 ἐπὶ
3430 3967 3485 4022 δὲ
3526 3960 3695 4035 ἀνθρώ-

468 4062 598 4119 gere
631 4064 648 4104 :
682 4051 747 4104 de
773 4050 1085 4105 hominibus
1122 4060 1303 4106 autem
1343 4066 1505 4109 secus
1551 4064 1656 4110 est.
1713 4054 1833 4122 Quo
1871 4066 2021 4113 auter

2158 4076 2299 4128 πων,
2332 4058 2543 4115 οὐκέτι.
2572 4040 2702 4114 ἰΠοῦ
2731 4061 2788 4115 δὲ
2814 4062 3057 4130 κατέϐη;
3101 4062 3194 4126 Et;
3227 4062 3325 4116 τὸν
3353 4062 3482 4134 ᾅδην
3501 4076 3514 4091 ·
3541 4058 3690 4112 τοῦτιν

470 4141 784 4197 descendit?
834 4143 913 4198 Ad
949 4142 1193 4211 (inferos.
1244 4143 1355 4199 Hos
1407 4146 1552 4200 enim
1610 4147 1828 4203 intimas
1896 4158 2023 4205 terr:

2159 4152 2269 4225 γὰρ
2299 4151 2586 4224 κατώτερα
2615 4154 2757 4225 μέρη
2788 4154 2890 4221 τῆς
2912 4154 3015 4223 γῆς
3049 4154 3217 4223 λέγει,
3255 4156 3403 4209 κατά
3429 4154 3520 4223 τὴν
3546 4149 3694 4217 κοινὴν

473 4239 655 4302 partes
682 4232 1086 4304 uppellatjuxta
1121 4249 1462 4290 communem
1493 4237 1832 4306 opinionem,
1862 4253 2022 4310 quem

2162 4246 2456 4300 ὑπόνοιανο
2503 4245 2577 4310 ὡς
2621 4247 2718 4300 καὶ
2755 4249 2783 4300 6
2823 4246 3051 4301 Ἰακὼϐο
3093 4265 3112 4299 ι
3170 4248 3450 4312 Κατάξετε
3479 4247 3534 4298 τὸ
3559 4240 3696 4310 γῆράς

471 4323 760 4380 admodum
787 4335 843 4381 et
874 4324 1043 4382 Jacob
1082 4326 1281 4396 inquit,
1321 4345 1342 4379 ι
1382 4328 1667 4385 Deducetis
1699 4344 1868 4413 cauos
1905 4347 2024 4387 meo

2164 4353 2266 4410 μου
2304 4338 2423 4408 μετ’
2453 4337 2646 4406 ὀδύνης
2670 4339 2749 4402 εἰς
2777 4338 2941 4411 ᾅδην·
2981 4358 3000 4391 ι
3041 4340 3135 4394 καὶ
3165 4343 3192 4395 6
3221 4342 3385 4395 Δαυῖδ
3404 4357 3418 4373 ο
3473 4358 3491 4390 ι
3511 4338 3694 4406 Ὁμοιω-

470 4434 592 4473 cum
631 4418 815 4475 dolore
862 4427 930 4474 ad
972 4419 1180 4475 inferos
1216 4418 1244 4459 ἀ
1279 4438 1293 4476 :
1335 4439 1354 4472 ι
1412 4436 1477 4477 ac
1522 4420 1710 4490 David,
1786 4441 1805 4475 ι
1845 4424 2019 4481 Simili

2162 4432 2402 4503 θήσομαι
2433 4434 2547 4496 τοῖς
2596 4432 3022 4487 καταϐαίνουσιν
3064 4436 3147 4498 εἰς
3189 4433 3415 4488 λάκκον.
3449 4452 3466 4485 ι
3517 4426 3693 4486 Κατέϐιι

469 4526 566 4567 ero
598 4510 1049 4569 descendentibus
1084 4513 1136 4568 in
1185 4513 1366 4569 lacum
1392 4526 1438 4569 ε.
1478 4534 1498 4568 ι
1549 4516 1840 4573 Descendit
1892 4518 2022 4587 igitu

2163 4497 2343 4578 τοίνυν
2379 4525 2459 4588 είς
2507 4524 2577 4577 τὰ
2622 4525 2911 4578 κατώτατα
2970 4527 3135 4597 μέρη,
3191 4527 3312 4595 μεθ’
3360 4526 3395 4581 ά
3447 4524 3541 4577 οὐκ
3579 4519 3695 4573 ἔστιν

470 4600 540 4693 ad
584 4601 796 4658 intimas
828 4613 1032 4674 partes,
1074 4604 1213 4660 ultra
1248 4621 1385 4677 quas
1425 4622 1530 4662 non
1560 4617 1644 4664 est
1691 4609 1837 4665 aliud
1865 4611 1993 4680 quid

2162 4614 2352 4685 ἕτερόν
2376 4632 2430 4668 τι
2451 4630 2466 4646 ο
2501 4614 2598 4667 καὶ
2636 4614 2807 4684 ἀνέϐη
2851 4615 3108 4686 ὑπεράνω
3142 4616 3380 4679 πάντων,
3408 4614 3537 4678 ὑπὲρ
3551 4607 3595 4662 ’ἃ
3619 4604 3694 4658 οὐκ

469 4703 526 4751 et
558 4694 802 4750 ascendit
832 4710 993 4765 supra
1034 4699 1240 4765 omnia,
1272 4698 1411 4755 ultra
1439 4715 1560 4770 quae
1601 4715 1708 4757 non
1741 4712 1868 4757 sunt
1897 4701 2000 4757 alia

2164 4706 2312 4762 ἐστιν
2344 4707 2541 4775 ἔτερα·
2579 4705 2674 4759 καὶ
2712 4706 2814 4759 οὐκ
2845 4707 3157 4760 ἐνεπόδισεν
3195 4704 3347 4777 αὐτῷ
3380 4706 3412 4776 ἡ
3443 4699 3694 4755 κατάϐασις

470 4799 571 4840 nec
620 4787 832 4841 obstitit
885 4787 935 4841 ei
981 4789 1300 4858 descensus,
1363 4792 1658 4862 quominus
1713 4794 2023 4849 ascenderet

2162 4801 2244 4863 εἰς
2270 4800 2370 4869 τὴν
2399 4798 2687 4853 ἀνάϐασιν.
2718 4800 2829 4854 Καὶ
2862 4800 3019 4868 ὑμεῖς
3060 4798 3242 4853 τοίνυν
3273 4800 3322 4852 εί
3365 4787 3690 4851 τατεινοῦσθε,

470 4877 537 4931 Ει
576 4891 674 4933 vos
723 4876 906 4949 igitur,
962 4880 1008 4935 si
1060 4881 1459 4950 humiliemini,
1509 4884 1907 4944 exaltabiutini.
1965 4887 2023 4944 Ol

2158 4891 2535 4962 ὑψωθήσεσθε.
2562 4889 2765 4944 Τούτου
2795 4890 2904 4961 γὰρ
2920 4891 3082 4962 χάριν
3098 4888 3515 4960 ἐπεξεργάζεται
3534 4879 3690 4939 ταῖτι,

469 4972 611 5028 hanc
651 4972 797 5028 enim
847 4986 1067 5028 causam
1127 4974 1241 5030 hac
1283 4977 1468 5033 omnia
1528 4977 1713 5045 ellicit,
1761 4990 1820 5031 ut
1866 4982 2022 5035 omni:

2158 4985 2249 5038 ἵνα
2299 4984 2566 5057 πληρώσῃ
2618 4968 2915 5039 τάχπάντα
2935 4984 2981 5016 ⁸⁸
3020 4985 3122 5053 τῆς
3178 4981 3491 5042 δεσποτείας
3537 4970 3689 5033 αὐτῡῦ,

468 5063 693 5135 impleat
744 5065 1028 5121 dominatu
1096 5069 1521 5139 operationeque
1593 5085 1715 5135 sua,
1769 5070 1931 5141 idque
1994 5073 2021 5128 ῖι

2162 5074 2257 5128 καὶ
2294 5074 2393 5144 τῆς
2420 5073 2727 5146 ἐνεργείας,
2752 5074 2848 5127 καὶ
2878 5076 2936 5126 ἐν
2972 5074 3159 5145 σαρκὶ,
3190 5075 3312 5126 ἐπεὶ
3336 5073 3397 5142 τῇ
3427 5086 3485 5138 γε
3513 5067 3690 5130 θεότητι

472 5171 655 5222 carne,
701 5157 1139 5229 quandoquidem
1176 5160 1463 5215 divinitate
1502 5159 1613 5227 jam
1649 5169 1807 5216 antea
1858 5173 2025 5217 cunct:

2163 5167 2257 5222 καὶ
2301 5166 2570 5237 πρότερον
2603 5166 2672 5219 τὰ
2710 5166 2889 5220 πάντα
2935 5165 3202 5236 ἐπλήρου.
3256 5164 3407 5218 Κατὰ
3435 5158 3621 5215 Παύλου
3646 5150 3687 5202 δὲ

470 5246 787 5317 compleret.
827 5247 953 5306 Haec
1001 5263 1182 5306 autem
1220 5251 1485 5307 adversus
1530 5249 1759 5305 Paulum
1794 5252 2017 5308 Samosa

2163 5256 2257 5311 τοῦ
2314 5257 2700 5328 Σαμοσατέως.
2753 5258 2847 5311 καὶ
2904 5256 3240 5328 Neo-topici),
3290 5254 3472 5309 ταῦτα.
3516 5248 3566 5300 ’0
3604 5243 3687 5311 γάρ

470 5348 682 5395 tensem
718 5349 776 5398 et
818 5341 1126 5399 Nestorium
1176 5353 1322 5401 sunt.
1381 5345 1483 5412 Qui
1548 5346 1694 5400 enim
1752 5348 2023 5402 descendit

2162 5350 2430 5413 καταϐὰς,
2469 5349 2630 5419 δῆλον
2656 5349 2739 5403 ὅτι
2779 5348 2893 5402 ἄνω
2929 5349 3006 5402 ὣν
3046 5348 3275 5420 κατέϐη,
3310 5345 3401 5401 καὶ
3430 5338 3687 5409 σαρκούμε-

589 5503 618 5545 ιι
648 5501 794 5559 Psal.
825 5519 937 5571 xw,
971 5504 1027 5560 8.
1139 5515 1162 5544 ο
1217 5503 1451 5576 Philipp.
1508 5519 1569 5569 ιι,
1635 5504 1691 5559 8.
1803 5505 1830 5545 ἀ
1862 5505 2002 5562 Gen.
2045 5525 2133 5564 ut

1437 5546 1451 5558 .
1508 5519 1569 5569 ιι,
1635 5504 1691 5559 8.
1803 5505 1830 5545 ἀ
1862 5505 2002 5562 Gen.
2045 5525 2194 5572 ιιιιν,
2232 5509 2324 5564 '58.
2476 5520 2498 5548 ο
2538 5506 2684 5563 Psal.
2725 5524 2896 5576 um,
2940 5509 2990 5563 1.

1832 5664 2031 5727 Variae
2062 5665 2395 5729 lectiones.

486 5897 498 5910 ,
550 5829 647 5914 “[3
673 5832 779 5900 γάρ
799 5831 1147 5914 εἶξδςιέμέτρο
1176 5837 1269 5889 καὶ
1305 5839 1431 5891 πένθ’
1470 5854 1520 5891 0-
1599 5840 1645 5871 ⁵⁵
1671 5839 1819 5908 λέγει
1858 5856 1910 5896 ο.
1989 5838 2359 5914 ’πάιιθρῶποις
2390 5838 2449 5892 τὰ
2481 5839 2817 5911 χαρίσματα,
2842 5833 3108 5907 λαμϐάνει
3132 5849 3181 5886 τ.
3216 5831 3266 5889 δ.
3342 5831 3387 5864 ⁸⁷
3412 5826 3503 5883 οὐκ
3520 5817 3682 5878 οὖνδεῖ

475 5901 665 5969 ἀργεῖν
692 5917 744 5956 0.
821 5904 866 5934 ⁸⁸
912 5904 1002 5957 τὸν
1044 5904 1260 5958 ἃπαντα
1310 5908 1517 5976 κόσμον
1560 5926 1635 5964 ιιι.
