  <div class='ocr_page' id='page_1' title='image "/cluster/home/n/w/nwhite01/storage/ocr_20150623/124/hvd.32044019208206/584.png"; bbox 0 0 3932 6582; ppageno 0'>
   <div class='ocr_carea' id='block_1_1' title="bbox 244 480 390 547">
    <p class='ocr_par' dir='ltr' id='par_1_1' title="bbox 244 480 390 547">
     <span class='ocr_line' id='line_1_1' title="bbox 244 480 390 547; baseline 0.014 -2"><span class='ocrx_word' id='word_1_1' title='bbox 244 480 390 547; x_wconf 81' lang='grc'><strong>1085</strong></span> 
     </span>
    </p>
   </div>
   <div class='ocr_carea' id='block_1_2' title="bbox 978 487 2649 557">
    <p class='ocr_par' dir='ltr' id='par_1_2' title="bbox 978 487 2649 557">
     <span class='ocr_line' id='line_1_2' title="bbox 978 487 2649 557; baseline 0.005 -10"><span class='ocrx_word' id='word_1_2' title='bbox 978 487 1380 548; x_wconf 79' lang='lat' dir='ltr'><strong>EXPOSITIO</strong></span> <span class='ocrx_word' id='word_1_3' title='bbox 1424 489 1508 551; x_wconf 79' lang='lat' dir='ltr'><strong>IN</strong></span> <span class='ocrx_word' id='word_1_4' title='bbox 1545 487 1784 548; x_wconf 78' lang='lat' dir='ltr'><strong>EPIST.</strong></span> <span class='ocrx_word' id='word_1_5' title='bbox 1820 489 1918 549; x_wconf 81' lang='lat' dir='ltr'><strong>AD</strong></span> <span class='ocrx_word' id='word_1_6' title='bbox 1949 489 2212 554; x_wconf 81' lang='lat' dir='ltr'><strong>EPIIES.</strong></span> <span class='ocrx_word' id='word_1_7' title='bbox 2251 522 2315 530; x_wconf 93' lang='lat'><strong>—</strong></span> <span class='ocrx_word' id='word_1_8' title='bbox 2349 495 2503 555; x_wconf 83' lang='lat' dir='ltr'><strong>C\P.</strong></span> <span class='ocrx_word' id='word_1_9' title='bbox 2551 496 2649 557; x_wconf 87' lang='lat' dir='ltr'><strong>IV.</strong></span> 
     </span>
    </p>
   </div>
   <div class='ocr_carea' id='block_1_3' title="bbox 3387 491 3495 555">
    <p class='ocr_par' dir='ltr' id='par_1_3' title="bbox 3387 491 3495 555">
     <span class='ocr_line' id='line_1_3' title="bbox 3387 491 3495 555; baseline 0 0"><span class='ocrx_word' id='word_1_10' title='bbox 3387 491 3495 555; x_wconf 65' lang='lat'><strong>636</strong></span> 
     </span>
    </p>
   </div>
   <div class='ocr_carea' id='block_1_4' title="bbox 241 597 1843 680">
    <p class='ocr_par' dir='ltr' id='par_1_4' title="bbox 241 597 1819 675">
     <span class='ocr_line' id='line_1_4' title="bbox 241 597 1819 675; baseline 0.001 -22"><span class='ocrx_word' id='word_1_11' title='bbox 241 617 338 662; x_wconf 82' lang='grc' dir='ltr'><strong>νος</strong></span> <span class='ocrx_word' id='word_1_12' title='bbox 369 599 447 664; x_wconf 81' lang='grc' dir='ltr'>εἰς</span> <span class='ocrx_word' id='word_1_13' title='bbox 475 597 574 671; x_wconf 82' lang='grc' dir='ltr'><strong>τὴν</strong></span> <span class='ocrx_word' id='word_1_14' title='bbox 602 598 723 669; x_wconf 72' lang='grc' dir='ltr'>γῆν,</span> <span class='ocrx_word' id='word_1_15' title='bbox 765 600 860 654; x_wconf 70' lang='grc' dir='ltr'><strong>καὶ</strong></span> <span class='ocrx_word' id='word_1_16' title='bbox 885 600 1062 654; x_wconf 85' lang='grc' dir='ltr'>θανὼν</span> <span class='ocrx_word' id='word_1_17' title='bbox 1087 605 1165 665; x_wconf 87' lang='grc' dir='ltr'>εἰς</span> <span class='ocrx_word' id='word_1_18' title='bbox 1208 603 1299 655; x_wconf 71' lang='grc' dir='ltr'><strong>τὸν</strong></span> <span class='ocrx_word' id='word_1_19' title='bbox 1330 604 1463 675; x_wconf 77' lang='grc' dir='ltr'>ᾅδην</span> <span class='ocrx_word' id='word_1_20' title='bbox 1483 619 1495 634; x_wconf 89' lang='grc'><strong>·</strong></span> <span class='ocrx_word' id='word_1_21' title='bbox 1548 603 1642 657; x_wconf 75' lang='grc' dir='ltr'>καὶ</span> <span class='ocrx_word' id='word_1_22' title='bbox 1667 605 1695 656; x_wconf 89' lang='grc' dir='ltr'><strong>ό</strong></span> <span class='ocrx_word' id='word_1_23' title='bbox 1724 602 1819 654; x_wconf 78' lang='grc' dir='ltr'>αῦ-</span> 
     </span>
    </p>
   </div>
   <div class='ocr_carea' id='block_1_5' title="bbox 1957 597 3502 680">
    <p class='ocr_par' dir='ltr' id='par_1_5' title="bbox 1960 606 3502 680">
     <span class='ocr_line' id='line_1_5' title="bbox 1960 606 3502 680; baseline -0.001 -21"><span class='ocrx_word' id='word_1_24' title='bbox 1960 606 2140 660; x_wconf 86' lang='lat' dir='ltr'><strong>lanum</strong></span> <span class='ocrx_word' id='word_1_25' title='bbox 2170 616 2251 662; x_wconf 88' lang='lat' dir='ltr'><strong>est</strong></span> <span class='ocrx_word' id='word_1_26' title='bbox 2282 610 2426 680; x_wconf 89' lang='lat' dir='ltr'><strong>quod</strong></span> <span class='ocrx_word' id='word_1_27' title='bbox 2457 625 2577 664; x_wconf 90' lang='lat' dir='ltr'><strong>cum</strong></span> <span class='ocrx_word' id='word_1_28' title='bbox 2612 609 2663 664; x_wconf 91' lang='lat' dir='ltr'><strong>in</strong></span> <span class='ocrx_word' id='word_1_29' title='bbox 2697 610 2943 679; x_wconf 81' lang='lat' dir='ltr'><strong>supernis</strong></span> <span class='ocrx_word' id='word_1_30' title='bbox 2971 619 3132 677; x_wconf 78' lang='lat' dir='ltr'><strong>esset,</strong></span> <span class='ocrx_word' id='word_1_31' title='bbox 3160 608 3502 664; x_wconf 70' lang='lat' dir='ltr'><strong>desr-cnderit</strong></span> 
     </span>
    </p>
   </div>
   <div class='ocr_carea' id='block_1_6' title="bbox 240 688 1407 760">
    <p class='ocr_par' dir='ltr' id='par_1_6' title="bbox 240 688 1407 760">
     <span class='ocr_line' id='line_1_6' title="bbox 240 688 1407 760; baseline 0.006 -16"><span class='ocrx_word' id='word_1_32' title='bbox 240 695 337 755; x_wconf 71' lang='grc' dir='ltr'><strong>τός</strong></span> <span class='ocrx_word' id='word_1_33' title='bbox 362 694 481 745; x_wconf 82' lang='grc' dir='ltr'>ἐστι</span> <span class='ocrx_word' id='word_1_34' title='bbox 521 693 615 746; x_wconf 74' lang='grc' dir='ltr'>καὶ</span> <span class='ocrx_word' id='word_1_35' title='bbox 651 688 751 756; x_wconf 80' lang='grc' dir='ltr'>εἷς,</span> <span class='ocrx_word' id='word_1_36' title='bbox 787 693 887 746; x_wconf 74' lang='grc' dir='ltr'>οὐκ</span> <span class='ocrx_word' id='word_1_37' title='bbox 920 693 1078 757; x_wconf 80' lang='grc' dir='ltr'>ἄλλος</span> <span class='ocrx_word' id='word_1_38' title='bbox 1108 694 1204 747; x_wconf 71' lang='grc' dir='ltr'><strong>καὶ</strong></span> <span class='ocrx_word' id='word_1_39' title='bbox 1228 693 1407 760; x_wconf 79' lang='grc' dir='ltr'>ἄλλος.</span> 
     </span>
    </p>
   </div>
   <div class='ocr_carea' id='block_1_7' title="bbox 322 865 1822 941">
    <p class='ocr_par' dir='ltr' id='par_1_7' title="bbox 322 865 1822 941">
     <span class='ocr_line' id='line_1_7' title="bbox 322 865 1822 941; baseline 0 -19"><span class='ocrx_word' id='word_1_40' title='bbox 322 888 343 923; x_wconf 78' lang='grc' dir='ltr'><strong>ι</strong></span> <span class='ocrx_word' id='word_1_41' title='bbox 374 870 488 923; x_wconf 79' lang='grc' dir='ltr'>Καὶ</span> <span class='ocrx_word' id='word_1_42' title='bbox 526 870 689 933; x_wconf 69' lang='grc' dir='ltr'>αὐτὸς</span> <span class='ocrx_word' id='word_1_43' title='bbox 736 870 956 925; x_wconf 78' lang='grc' dir='ltr'>ἔδωκεν.</span> <span class='ocrx_word' id='word_1_44' title='bbox 1009 888 1029 923; x_wconf 70' lang='grc' dir='ltr'><strong>ι</strong></span> <span class='ocrx_word' id='word_1_45' title='bbox 1078 870 1458 941; x_wconf 80' lang='grc' dir='ltr'>Ἐμφαντικῶς</span> <span class='ocrx_word' id='word_1_46' title='bbox 1481 870 1536 923; x_wconf 76' lang='grc' dir='ltr'><strong>δὲ</strong></span> <span class='ocrx_word' id='word_1_47' title='bbox 1585 865 1705 923; x_wconf 81' lang='grc' dir='ltr'>εἷπε</span> <span class='ocrx_word' id='word_1_48' title='bbox 1739 869 1822 933; x_wconf 90' lang='grc' dir='ltr'><strong>τὸ,</strong></span> 
     </span>
    </p>
   </div>
   <div class='ocr_carea' id='block_1_8' title="bbox 250 962 1825 1034">
    <p class='ocr_par' dir='ltr' id='par_1_8' title="bbox 250 962 1825 1034">
     <span class='ocr_line' id='line_1_8' title="bbox 250 962 1825 1034; baseline 0 -19"><span class='ocrx_word' id='word_1_49' title='bbox 250 982 268 1015; x_wconf 81' lang='grc' dir='ltr'><strong>ι</strong></span> <span class='ocrx_word' id='word_1_50' title='bbox 328 964 523 1026; x_wconf 76' lang='grc' dir='ltr'>Αὐτός.</span> <span class='ocrx_word' id='word_1_51' title='bbox 578 981 597 1014; x_wconf 75' lang='grc' dir='ltr'><strong>ι</strong></span> <span class='ocrx_word' id='word_1_52' title='bbox 669 963 728 1017; x_wconf 86' lang='grc'><strong>’0</strong></span> <span class='ocrx_word' id='word_1_53' title='bbox 781 963 889 1034; x_wconf 85' lang='grc' dir='ltr'>γὰρ</span> <span class='ocrx_word' id='word_1_54' title='bbox 938 962 1123 1028; x_wconf 76' lang='grc' dir='ltr'>οὕτω,</span> <span class='ocrx_word' id='word_1_55' title='bbox 1180 966 1336 1034; x_wconf 65' lang='grc' dir='ltr'>φησι,</span> <span class='ocrx_word' id='word_1_56' title='bbox 1386 964 1825 1034; x_wconf 81' lang='grc' dir='ltr'><strong>προνοησάμενος</strong></span> 
     </span>
    </p>
   </div>
   <div class='ocr_carea' id='block_1_9' title="bbox 242 1055 1824 1127">
    <p class='ocr_par' dir='ltr' id='par_1_9' title="bbox 242 1055 1824 1127">
     <span class='ocr_line' id='line_1_9' title="bbox 242 1055 1824 1127; baseline -0.002 -17"><span class='ocrx_word' id='word_1_57' title='bbox 242 1056 428 1125; x_wconf 75' lang='grc' dir='ltr'>ἡμῶν,</span> <span class='ocrx_word' id='word_1_58' title='bbox 460 1058 553 1109; x_wconf 78' lang='grc' dir='ltr'><strong>καὶ</strong></span> <span class='ocrx_word' id='word_1_59' title='bbox 582 1056 723 1127; x_wconf 77' lang='grc' dir='ltr'>ὑπὲρ</span> <span class='ocrx_word' id='word_1_60' title='bbox 760 1057 915 1126; x_wconf 83' lang='grc' dir='ltr'>ἡμῶν</span> <span class='ocrx_word' id='word_1_61' title='bbox 950 1056 1025 1127; x_wconf 80' lang='grc' dir='ltr'>μὴ</span> <span class='ocrx_word' id='word_1_62' title='bbox 1060 1055 1546 1126; x_wconf 74' lang='grc' dir='ltr'><strong>παραιτησάμενος</strong></span> <span class='ocrx_word' id='word_1_63' title='bbox 1574 1056 1702 1124; x_wconf 86' lang='grc' dir='ltr'>ἄχρι</span> <span class='ocrx_word' id='word_1_64' title='bbox 1731 1055 1824 1107; x_wconf 75' lang='grc' dir='ltr'><strong>καὶ</strong></span> 
     </span>
    </p>
   </div>
   <div class='ocr_carea' id='block_1_10' title="bbox 239 1146 1826 1219">
    <p class='ocr_par' dir='ltr' id='par_1_10' title="bbox 239 1146 1826 1219">
     <span class='ocr_line' id='line_1_10' title="bbox 239 1146 1826 1219; baseline -0.003 -16"><span class='ocrx_word' id='word_1_65' title='bbox 239 1150 354 1204; x_wconf 77' lang='grc' dir='ltr'><strong>τῶν</strong></span> <span class='ocrx_word' id='word_1_66' title='bbox 377 1150 703 1219; x_wconf 82' lang='grc' dir='ltr'>κατωτέρων</span> <span class='ocrx_word' id='word_1_67' title='bbox 729 1165 793 1216; x_wconf 86' lang='grc' dir='ltr'><strong>με</strong></span> <span class='ocrx_word' id='word_1_68' title='bbox 803 1149 911 1219; x_wconf 90' lang='grc' dir='ltr'><strong>ρῶν</strong></span> <span class='ocrx_word' id='word_1_69' title='bbox 929 1147 1210 1200; x_wconf 85' lang='grc' dir='ltr'>κατελθεῖν</span> <span class='ocrx_word' id='word_1_70' title='bbox 1229 1189 1242 1209; x_wconf 92' lang='grc'><strong>,</strong></span> <span class='ocrx_word' id='word_1_71' title='bbox 1266 1148 1362 1215; x_wconf 81' lang='grc' dir='ltr'><strong>οὐχ</strong></span> <span class='ocrx_word' id='word_1_72' title='bbox 1384 1147 1571 1210; x_wconf 86' lang='grc' dir='ltr'>ἁπλῶς</span> <span class='ocrx_word' id='word_1_73' title='bbox 1592 1148 1691 1206; x_wconf 68' lang='grc' dir='ltr'>τὰς</span> <span class='ocrx_word' id='word_1_74' title='bbox 1708 1146 1826 1198; x_wconf 81' lang='grc' dir='ltr'>δια-</span> 
     </span>
    </p>
   </div>
   <div class='ocr_carea' id='block_1_11' title="bbox 241 1238 1828 1310">
    <p class='ocr_par' dir='ltr' id='par_1_11' title="bbox 241 1238 1828 1310">
     <span class='ocr_line' id='line_1_11' title="bbox 241 1238 1828 1310; baseline -0.003 -17"><span class='ocrx_word' id='word_1_75' title='bbox 241 1240 421 1310; x_wconf 84' lang='grc' dir='ltr'>νομὰς</span> <span class='ocrx_word' id='word_1_76' title='bbox 452 1240 560 1291; x_wconf 80' lang='grc' dir='ltr'><strong>τῶν</strong></span> <span class='ocrx_word' id='word_1_77' title='bbox 589 1238 942 1309; x_wconf 72' lang='grc' dir='ltr'><strong>χαρισμάτων</strong></span> <span class='ocrx_word' id='word_1_78' title='bbox 971 1238 1249 1306; x_wconf 80' lang='grc' dir='ltr'>ἐποίησεν,</span> <span class='ocrx_word' id='word_1_79' title='bbox 1290 1238 1426 1290; x_wconf 72' lang='grc' dir='ltr'>ἀλλὰ</span> <span class='ocrx_word' id='word_1_80' title='bbox 1462 1238 1622 1306; x_wconf 83' lang='grc' dir='ltr'>δῆλον</span> <span class='ocrx_word' id='word_1_81' title='bbox 1643 1238 1717 1300; x_wconf 83' lang='grc' dir='ltr'>ὡς</span> <span class='ocrx_word' id='word_1_82' title='bbox 1742 1254 1828 1289; x_wconf 74' lang='grc' dir='ltr'><strong>σς-</strong></span> 
     </span>
    </p>
   </div>
   <div class='ocr_carea' id='block_1_12' title="bbox 239 1330 1830 1405">
    <p class='ocr_par' dir='ltr' id='par_1_12' title="bbox 239 1330 1830 1405">
     <span class='ocr_line' id='line_1_12' title="bbox 239 1330 1830 1405; baseline -0.003 -19"><span class='ocrx_word' id='word_1_83' title='bbox 239 1334 361 1404; x_wconf 78' lang='grc' dir='ltr'><strong>φῶς</strong></span> <span class='ocrx_word' id='word_1_84' title='bbox 383 1334 478 1387; x_wconf 69' lang='grc' dir='ltr'><strong>καὶ</strong></span> <span class='ocrx_word' id='word_1_85' title='bbox 494 1333 876 1405; x_wconf 79' lang='grc' dir='ltr'>συμφερόντως</span> <span class='ocrx_word' id='word_1_86' title='bbox 898 1333 964 1387; x_wconf 84' lang='grc'><strong>⁵⁹.</strong></span> <span class='ocrx_word' id='word_1_87' title='bbox 999 1332 1118 1395; x_wconf 90' lang='grc' dir='ltr'><strong>Πῶς</strong></span> <span class='ocrx_word' id='word_1_88' title='bbox 1139 1331 1233 1385; x_wconf 83' lang='grc' dir='ltr'><strong>οῦν</strong></span> <span class='ocrx_word' id='word_1_89' title='bbox 1255 1331 1540 1396; x_wconf 77' lang='grc' dir='ltr'>ἀλγεῖς,ὼς</span> <span class='ocrx_word' id='word_1_90' title='bbox 1561 1331 1661 1382; x_wconf 77' lang='grc' dir='ltr'><strong>οὐκ</strong></span> <span class='ocrx_word' id='word_1_91' title='bbox 1683 1330 1830 1382; x_wconf 73' lang='grc' dir='ltr'>εὐλό-</span> 
     </span>
    </p>
   </div>
   <div class='ocr_carea' id='block_1_13' title="bbox 240 1424 1829 1496">
    <p class='ocr_par' dir='ltr' id='par_1_13' title="bbox 240 1424 1829 1496">
     <span class='ocr_line' id='line_1_13' title="bbox 240 1424 1829 1496; baseline -0.001 -19"><span class='ocrx_word' id='word_1_92' title='bbox 240 1444 360 1494; x_wconf 89' lang='grc' dir='ltr'><strong>γως</strong></span> <span class='ocrx_word' id='word_1_93' title='bbox 386 1427 486 1494; x_wconf 78' lang='grc' dir='ltr'>τῆς</span> <span class='ocrx_word' id='word_1_94' title='bbox 512 1426 771 1495; x_wconf 80' lang='grc' dir='ltr'>διανομῆς</span> <span class='ocrx_word' id='word_1_95' title='bbox 783 1425 1082 1496; x_wconf 82' lang='grc' dir='ltr'>γενομένης</span> <span class='ocrx_word' id='word_1_96' title='bbox 1105 1442 1119 1490; x_wconf 93' lang='lat'><strong>;</strong></span> <span class='ocrx_word' id='word_1_97' title='bbox 1157 1425 1414 1494; x_wconf 78' lang='grc' dir='ltr'>’Λλλαχοῦ</span> <span class='ocrx_word' id='word_1_98' title='bbox 1441 1426 1496 1478; x_wconf 87' lang='grc' dir='ltr'><strong>δέ</strong></span> <span class='ocrx_word' id='word_1_99' title='bbox 1522 1425 1582 1477; x_wconf 84' lang='grc' dir='ltr'><strong>τὸ</strong></span> <span class='ocrx_word' id='word_1_100' title='bbox 1606 1424 1829 1484; x_wconf 84' lang='grc' dir='ltr'>Πνεῦμά</span> 
     </span>
    </p>
   </div>
   <div class='ocr_carea' id='block_1_14' title="bbox 242 1511 1829 1588">
    <p class='ocr_par' dir='ltr' id='par_1_14' title="bbox 242 1511 1829 1588">
     <span class='ocr_line' id='line_1_14' title="bbox 242 1511 1829 1588; baseline -0.003 -17"><span class='ocrx_word' id='word_1_101' title='bbox 242 1535 382 1587; x_wconf 73' lang='grc' dir='ltr'>φησι</span> <span class='ocrx_word' id='word_1_102' title='bbox 410 1518 690 1588; x_wconf 77' lang='grc' dir='ltr'>διανέμειν</span> <span class='ocrx_word' id='word_1_103' title='bbox 710 1534 724 1547; x_wconf 76' lang='grc'><strong>⁸</strong></span> <span class='ocrx_word' id='word_1_104' title='bbox 775 1537 793 1563; x_wconf 75' lang='grc' dir='ltr'><strong>ι</strong></span> <span class='ocrx_word' id='word_1_105' title='bbox 839 1517 926 1570; x_wconf 84' lang='grc' dir='ltr'>Ἑν</span> <span class='ocrx_word' id='word_1_106' title='bbox 961 1511 1005 1570; x_wconf 82' lang='grc' dir='ltr'><strong>ὦ</strong></span> <span class='ocrx_word' id='word_1_107' title='bbox 1032 1519 1126 1571; x_wconf 81' lang='grc' dir='ltr'>καὶ</span> <span class='ocrx_word' id='word_1_108' title='bbox 1154 1518 1297 1587; x_wconf 79' lang='grc' dir='ltr'>ὑμᾶς</span> <span class='ocrx_word' id='word_1_109' title='bbox 1324 1518 1475 1571; x_wconf 75' lang='grc' dir='ltr'>ἔθετο</span> <span class='ocrx_word' id='word_1_110' title='bbox 1509 1519 1570 1570; x_wconf 81' lang='grc' dir='ltr'><strong>τὸ</strong></span> <span class='ocrx_word' id='word_1_111' title='bbox 1601 1516 1829 1584; x_wconf 80' lang='grc' dir='ltr'>Πνεῦμα</span> 
     </span>
    </p>
   </div>
   <div class='ocr_carea' id='block_1_15' title="bbox 242 1604 1831 1677">
    <p class='ocr_par' dir='ltr' id='par_1_15' title="bbox 242 1604 1831 1677">
     <span class='ocr_line' id='line_1_15' title="bbox 242 1604 1831 1677; baseline -0.003 -17"><span class='ocrx_word' id='word_1_112' title='bbox 242 1610 306 1661; x_wconf 65' lang='grc' dir='ltr'><strong>τὸ</strong></span> <span class='ocrx_word' id='word_1_113' title='bbox 342 1608 532 1676; x_wconf 78' lang='grc' dir='ltr'>ἆγιον·</span> <span class='ocrx_word' id='word_1_114' title='bbox 573 1607 752 1674; x_wconf 59' lang='grc' dir='ltr'>δίκαι,</span> <span class='ocrx_word' id='word_1_115' title='bbox 791 1626 810 1657; x_wconf 81' lang='grc' dir='ltr'><strong>ι</strong></span> <span class='ocrx_word' id='word_1_116' title='bbox 850 1606 1033 1660; x_wconf 83' lang='grc' dir='ltr'>Πάντα</span> <span class='ocrx_word' id='word_1_117' title='bbox 1059 1608 1276 1677; x_wconf 79' lang='grc' dir='ltr'>ἐνεργεῖ</span> <span class='ocrx_word' id='word_1_118' title='bbox 1305 1607 1363 1659; x_wconf 88' lang='grc' dir='ltr'><strong>τὸ</strong></span> <span class='ocrx_word' id='word_1_119' title='bbox 1392 1606 1448 1659; x_wconf 84' lang='grc' dir='ltr'>ἓν</span> <span class='ocrx_word' id='word_1_120' title='bbox 1479 1608 1575 1659; x_wconf 76' lang='grc' dir='ltr'><strong>καὶ</strong></span> <span class='ocrx_word' id='word_1_121' title='bbox 1604 1605 1664 1657; x_wconf 85' lang='grc' dir='ltr'><strong>τὸ</strong></span> <span class='ocrx_word' id='word_1_122' title='bbox 1696 1604 1831 1657; x_wconf 79' lang='grc' dir='ltr'>αὐτὸ</span> 
     </span>
    </p>
   </div>
   <div class='ocr_carea' id='block_1_16' title="bbox 247 1697 1831 1772">
    <p class='ocr_par' dir='ltr' id='par_1_16' title="bbox 247 1697 1831 1772">
     <span class='ocr_line' id='line_1_16' title="bbox 247 1697 1831 1772; baseline -0.003 -19"><span class='ocrx_word' id='word_1_123' title='bbox 247 1702 500 1770; x_wconf 87' lang='grc' dir='ltr'>Πνεῦμα.</span> <span class='ocrx_word' id='word_1_124' title='bbox 542 1721 559 1752; x_wconf 80' lang='grc' dir='ltr'><strong>ι</strong></span> <span class='ocrx_word' id='word_1_125' title='bbox 597 1703 703 1755; x_wconf 61' lang='grc' dir='ltr'><strong>Καὶ⁵</strong></span> <span class='ocrx_word' id='word_1_126' title='bbox 727 1699 979 1772; x_wconf 78' lang='grc' dir='ltr'>ἀλλαχοῦ,</span> <span class='ocrx_word' id='word_1_127' title='bbox 1002 1701 1090 1753; x_wconf 86' lang='grc' dir='ltr'><strong>τὸν</strong></span> <span class='ocrx_word' id='word_1_128' title='bbox 1120 1698 1354 1770; x_wconf 82' lang='grc' dir='ltr'>Πατέρα,</span> <span class='ocrx_word' id='word_1_129' title='bbox 1379 1699 1454 1761; x_wconf 85' lang='grc' dir='ltr'>ὡς</span> <span class='ocrx_word' id='word_1_130' title='bbox 1480 1698 1557 1758; x_wconf 86' lang='grc' dir='ltr'><strong>τὸ,</strong></span> <span class='ocrx_word' id='word_1_131' title='bbox 1593 1717 1611 1748; x_wconf 83' lang='grc' dir='ltr'><strong>ι</strong></span> <span class='ocrx_word' id='word_1_132' title='bbox 1639 1697 1831 1751; x_wconf 80' lang='grc' dir='ltr'>Ἐθετο</span> 
     </span>
    </p>
   </div>
   <div class='ocr_carea' id='block_1_17' title="bbox 243 1788 1832 1865">
    <p class='ocr_par' dir='ltr' id='par_1_17' title="bbox 243 1788 1832 1865">
     <span class='ocr_line' id='line_1_17' title="bbox 243 1788 1832 1865; baseline -0.003 -20"><span class='ocrx_word' id='word_1_133' title='bbox 243 1796 272 1845; x_wconf 86' lang='grc' dir='ltr'><strong>ό</strong></span> <span class='ocrx_word' id='word_1_134' title='bbox 301 1793 442 1856; x_wconf 78' lang='grc' dir='ltr'>Θεὸς</span> <span class='ocrx_word' id='word_1_135' title='bbox 477 1796 536 1846; x_wconf 86' lang='grc' dir='ltr'><strong>ἐν</strong></span> <span class='ocrx_word' id='word_1_136' title='bbox 584 1796 648 1864; x_wconf 81' lang='grc' dir='ltr'>τῇ</span> <span class='ocrx_word' id='word_1_137' title='bbox 702 1793 999 1865; x_wconf 76' lang='grc' dir='ltr'>Ἐκκλησία</span> <span class='ocrx_word' id='word_1_138' title='bbox 1028 1793 1244 1863; x_wconf 87' lang='grc' dir='ltr'>πρῶτον</span> <span class='ocrx_word' id='word_1_139' title='bbox 1285 1791 1639 1854; x_wconf 87' lang='grc' dir='ltr'>ἀποστόλους,</span> <span class='ocrx_word' id='word_1_140' title='bbox 1682 1808 1701 1841; x_wconf 70' lang='grc' dir='ltr'><strong>ι</strong></span> <span class='ocrx_word' id='word_1_141' title='bbox 1736 1788 1832 1841; x_wconf 74' lang='grc' dir='ltr'>καὶ</span> 
     </span>
    </p>
   </div>
   <div class='ocr_carea' id='block_1_18' title="bbox 245 1880 1831 1955">
    <p class='ocr_par' dir='ltr' id='par_1_18' title="bbox 245 1880 1831 1955">
     <span class='ocr_line' id='line_1_18' title="bbox 245 1880 1831 1955; baseline -0.005 -16"><span class='ocrx_word' id='word_1_142' title='bbox 245 1887 314 1940; x_wconf 84' lang='grc' dir='ltr'>τὰ</span> <span class='ocrx_word' id='word_1_143' title='bbox 348 1885 512 1955; x_wconf 70' lang='grc' dir='ltr'>ἐξῆςσ</span> <span class='ocrx_word' id='word_1_144' title='bbox 548 1885 747 1949; x_wconf 79' lang='grc' dir='ltr'>καὶτὸ,</span> <span class='ocrx_word' id='word_1_145' title='bbox 795 1902 813 1935; x_wconf 82' lang='grc' dir='ltr'><strong>ι</strong></span> <span class='ocrx_word' id='word_1_146' title='bbox 866 1884 1006 1952; x_wconf 85' lang='grc' dir='ltr'>Ἐγὼ</span> <span class='ocrx_word' id='word_1_147' title='bbox 1058 1883 1350 1952; x_wconf 84' lang='grc' dir='ltr'>ἐφύτευσα,</span> <span class='ocrx_word' id='word_1_148' title='bbox 1397 1882 1670 1944; x_wconf 81' lang='grc' dir='ltr'>Ἀπολλὼς</span> <span class='ocrx_word' id='word_1_149' title='bbox 1699 1880 1831 1932; x_wconf 57' lang='lat' dir='ltr'><strong>sed-</strong></span> 
     </span>
    </p>
   </div>
   <div class='ocr_carea' id='block_1_19' title="bbox 1931 700 3494 772">
    <p class='ocr_par' dir='ltr' id='par_1_19' title="bbox 1931 700 3494 772">
     <span class='ocr_line' id='line_1_19' title="bbox 1931 700 3494 772; baseline 0.003 -25"><span class='ocrx_word' id='word_1_150' title='bbox 1931 713 2026 766; x_wconf 77' lang='lat' dir='ltr'><strong>per</strong></span> <span class='ocrx_word' id='word_1_151' title='bbox 2072 700 2500 754; x_wconf 85' lang='lat' dir='ltr'><strong>incarnationem</strong></span> <span class='ocrx_word' id='word_1_152' title='bbox 2553 704 2603 755; x_wconf 93' lang='lat' dir='ltr'><strong>in</strong></span> <span class='ocrx_word' id='word_1_153' title='bbox 2655 712 2879 769; x_wconf 90' lang='lat' dir='ltr'><strong>terram,</strong></span> <span class='ocrx_word' id='word_1_154' title='bbox 2932 712 2983 757; x_wconf 92' lang='lat' dir='ltr'><strong>el</strong></span> <span class='ocrx_word' id='word_1_155' title='bbox 3023 718 3119 772; x_wconf 83' lang='lat' dir='ltr'><strong>per</strong></span> <span class='ocrx_word' id='word_1_156' title='bbox 3162 710 3384 756; x_wconf 86' lang='lat' dir='ltr'><strong>mortem</strong></span> <span class='ocrx_word' id='word_1_157' title='bbox 3425 701 3494 752; x_wconf 86' lang='lat' dir='ltr'><strong>ad</strong></span> 
     </span>
    </p>
   </div>
   <div class='ocr_carea' id='block_1_20' title="bbox 1928 782 3463 863">
    <p class='ocr_par' dir='ltr' id='par_1_20' title="bbox 1928 782 3463 863">
     <span class='ocr_line' id='line_1_20' title="bbox 1928 782 3463 863; baseline -0.001 -18"><span class='ocrx_word' id='word_1_158' title='bbox 1928 789 2095 862; x_wconf 78' lang='lat'><strong>396</strong></span> <span class='ocrx_word' id='word_1_159' title='bbox 2125 791 2348 856; x_wconf 83' lang='lat' dir='ltr'><strong>inferos,</strong></span> <span class='ocrx_word' id='word_1_160' title='bbox 2391 794 2641 863; x_wconf 87' lang='lat' dir='ltr'><strong>idemque</strong></span> <span class='ocrx_word' id='word_1_161' title='bbox 2671 803 2753 849; x_wconf 88' lang='lat' dir='ltr'><strong>est</strong></span> <span class='ocrx_word' id='word_1_162' title='bbox 2792 804 2841 848; x_wconf 84' lang='lat' dir='ltr'><strong>et</strong></span> <span class='ocrx_word' id='word_1_163' title='bbox 2874 811 3034 859; x_wconf 89' lang='lat' dir='ltr'><strong>unus,</strong></span> <span class='ocrx_word' id='word_1_164' title='bbox 3064 811 3166 848; x_wconf 92' lang='lat' dir='ltr'><strong>nou</strong></span> <span class='ocrx_word' id='word_1_165' title='bbox 3197 782 3463 847; x_wconf 67' lang='lat' dir='ltr'><strong>diversus.</strong></span> 
     </span>
    </p>
   </div>
   <div class='ocr_carea' id='block_1_21' title="bbox 2003 884 3500 956">
    <p class='ocr_par' dir='ltr' id='par_1_21' title="bbox 2003 884 3500 956">
     <span class='ocr_line' id='line_1_21' title="bbox 2003 884 3500 956; baseline -0.001 -20"><span class='ocrx_word' id='word_1_166' title='bbox 2003 884 2170 938; x_wconf 68' lang='lat' dir='ltr'><strong>Vens.</strong></span> <span class='ocrx_word' id='word_1_167' title='bbox 2227 885 2316 938; x_wconf 77' lang='lat' dir='ltr'><strong>ll.</strong></span> <span class='ocrx_word' id='word_1_168' title='bbox 2362 905 2381 936; x_wconf 79' lang='grc' dir='ltr'><strong>ι</strong></span> <span class='ocrx_word' id='word_1_169' title='bbox 2416 886 2480 939; x_wconf 83' lang='lat' dir='ltr'><strong>Et</strong></span> <span class='ocrx_word' id='word_1_170' title='bbox 2516 887 2630 956; x_wconf 86' lang='lat' dir='ltr'><strong>ipse</strong></span> <span class='ocrx_word' id='word_1_171' title='bbox 2678 885 2846 940; x_wconf 89' lang='lat' dir='ltr'><strong>dedit.</strong></span> <span class='ocrx_word' id='word_1_172' title='bbox 2888 905 2906 937; x_wconf 75' lang='grc' dir='ltr'><strong>ι</strong></span> <span class='ocrx_word' id='word_1_173' title='bbox 2955 886 3276 950; x_wconf 74' lang='lat' dir='ltr'><strong>Empliatice</strong></span> <span class='ocrx_word' id='word_1_174' title='bbox 3324 891 3500 936; x_wconf 89' lang='lat' dir='ltr'><strong>autem</strong></span> 
     </span>
    </p>
   </div>
   <div class='ocr_carea' id='block_1_22' title="bbox 1932 974 3499 1044">
    <p class='ocr_par' dir='ltr' id='par_1_22' title="bbox 1932 974 3499 1044">
     <span class='ocr_line' id='line_1_22' title="bbox 1932 974 3499 1044; baseline -0.001 -18"><span class='ocrx_word' id='word_1_175' title='bbox 1932 975 2088 1036; x_wconf 76' lang='lat' dir='ltr'><strong>dixit,</strong></span> <span class='ocrx_word' id='word_1_176' title='bbox 2126 993 2146 1027; x_wconf 80' lang='grc' dir='ltr'><strong>ι</strong></span> <span class='ocrx_word' id='word_1_177' title='bbox 2176 974 2315 1044; x_wconf 85' lang='lat' dir='ltr'><strong>ipse.</strong></span> <span class='ocrx_word' id='word_1_178' title='bbox 2354 996 2372 1029; x_wconf 72' lang='grc' dir='ltr'><strong>ι</strong></span> <span class='ocrx_word' id='word_1_179' title='bbox 2414 977 2513 1044; x_wconf 90' lang='lat' dir='ltr'><strong>Qui</strong></span> <span class='ocrx_word' id='word_1_180' title='bbox 2542 977 2682 1030; x_wconf 88' lang='lat' dir='ltr'><strong>enim</strong></span> <span class='ocrx_word' id='word_1_181' title='bbox 2720 979 2851 1032; x_wconf 88' lang='lat' dir='ltr'><strong>adeo</strong></span> <span class='ocrx_word' id='word_1_182' title='bbox 2885 978 3055 1031; x_wconf 82' lang='lat' dir='ltr'><strong>nostri</strong></span> <span class='ocrx_word' id='word_1_183' title='bbox 3091 989 3274 1029; x_wconf 87' lang='lat' dir='ltr'><strong>curam</strong></span> <span class='ocrx_word' id='word_1_184' title='bbox 3311 975 3499 1040; x_wconf 72' lang='lat' dir='ltr'><strong>gessit,</strong></span> 
     </span>
    </p>
   </div>
   <div class='ocr_carea' id='block_1_23' title="bbox 1935 1062 3500 1135">
    <p class='ocr_par' dir='ltr' id='par_1_23' title="bbox 1935 1062 3500 1135">
     <span class='ocr_line' id='line_1_23' title="bbox 1935 1062 3500 1135; baseline -0.003 -18"><span class='ocrx_word' id='word_1_185' title='bbox 1935 1076 1991 1118; x_wconf 90' lang='lat' dir='ltr'><strong>ut</strong></span> <span class='ocrx_word' id='word_1_186' title='bbox 2023 1083 2120 1135; x_wconf 82' lang='lat' dir='ltr'><strong>pro</strong></span> <span class='ocrx_word' id='word_1_187' title='bbox 2156 1068 2312 1120; x_wconf 87' lang='lat' dir='ltr'><strong>nobis</strong></span> <span class='ocrx_word' id='word_1_188' title='bbox 2351 1084 2455 1121; x_wconf 93' lang='lat' dir='ltr'><strong>non</strong></span> <span class='ocrx_word' id='word_1_189' title='bbox 2495 1067 2759 1121; x_wconf 79' lang='lat' dir='ltr'><strong>recusarit</strong></span> <span class='ocrx_word' id='word_1_190' title='bbox 2802 1081 2870 1119; x_wconf 91' lang='lat' dir='ltr'><strong>ne</strong></span> <span class='ocrx_word' id='word_1_191' title='bbox 2906 1067 2973 1119; x_wconf 87' lang='lat' dir='ltr'><strong>ad</strong></span> <span class='ocrx_word' id='word_1_192' title='bbox 3026 1066 3243 1122; x_wconf 79' lang='lat' dir='ltr'><strong>intimas</strong></span> <span class='ocrx_word' id='word_1_193' title='bbox 3280 1062 3500 1129; x_wconf 61' lang='lat' dir='ltr'><strong>quidem</strong></span> 
     </span>
    </p>
   </div>
   <div class='ocr_carea' id='block_1_24' title="bbox 1936 1153 3503 1227">
    <p class='ocr_par' dir='ltr' id='par_1_24' title="bbox 1936 1153 3503 1227">
     <span class='ocr_line' id='line_1_24' title="bbox 1936 1153 3503 1227; baseline -0.002 -19"><span class='ocrx_word' id='word_1_194' title='bbox 1936 1168 2091 1211; x_wconf 69' lang='lat' dir='ltr'><strong>terra:</strong></span> <span class='ocrx_word' id='word_1_195' title='bbox 2118 1168 2296 1227; x_wconf 87' lang='lat' dir='ltr'><strong>partes</strong></span> <span class='ocrx_word' id='word_1_196' title='bbox 2325 1161 2670 1224; x_wconf 74' lang='lat' dir='ltr'><strong>descendere,</strong></span> <span class='ocrx_word' id='word_1_197' title='bbox 2705 1159 2841 1212; x_wconf 84' lang='lat' dir='ltr'><strong>haud</strong></span> <span class='ocrx_word' id='word_1_198' title='bbox 2873 1157 3189 1224; x_wconf 74' lang='lat' dir='ltr'><strong>simpliciter</strong></span> <span class='ocrx_word' id='word_1_199' title='bbox 3239 1153 3503 1208; x_wconf 84' lang='lat' dir='ltr'><strong>d.stribu—</strong></span> 
     </span>
    </p>
   </div>
   <div class='ocr_carea' id='block_1_25' title="bbox 1937 1249 3509 1317">
    <p class='ocr_par' dir='ltr' id='par_1_25' title="bbox 1937 1249 3509 1317">
     <span class='ocr_line' id='line_1_25' title="bbox 1937 1249 3509 1317; baseline -0.003 -13"><span class='ocrx_word' id='word_1_200' title='bbox 1937 1254 2108 1305; x_wconf 80' lang='lat' dir='ltr'><strong>tiones</strong></span> <span class='ocrx_word' id='word_1_201' title='bbox 2146 1255 2406 1307; x_wconf 88' lang='lat' dir='ltr'><strong>donorum</strong></span> <span class='ocrx_word' id='word_1_202' title='bbox 2439 1254 2584 1316; x_wconf 79' lang='lat' dir='ltr'><strong>fecit,</strong></span> <span class='ocrx_word' id='word_1_203' title='bbox 2630 1268 2812 1306; x_wconf 86' lang='lat' dir='ltr'><strong>verum</strong></span> <span class='ocrx_word' id='word_1_204' title='bbox 2850 1254 3062 1317; x_wconf 78' lang='lat' dir='ltr'><strong>planum</strong></span> <span class='ocrx_word' id='word_1_205' title='bbox 3110 1258 3192 1303; x_wconf 79' lang='lat' dir='ltr'><strong>est</strong></span> <span class='ocrx_word' id='word_1_206' title='bbox 3241 1249 3380 1317; x_wconf 89' lang='lat' dir='ltr'><strong>quod</strong></span> <span class='ocrx_word' id='word_1_207' title='bbox 3419 1261 3509 1302; x_wconf 88' lang='lat' dir='ltr'><strong>sa-</strong></span> 
     </span>
    </p>
   </div>
   <div class='ocr_carea' id='block_1_26' title="bbox 1936 1338 3506 1415">
    <p class='ocr_par' dir='ltr' id='par_1_26' title="bbox 1936 1338 3506 1415">
     <span class='ocr_line' id='line_1_26' title="bbox 1936 1338 3506 1415; baseline -0.003 -24"><span class='ocrx_word' id='word_1_208' title='bbox 1936 1340 2146 1409; x_wconf 87' lang='lat' dir='ltr'><strong>pienter</strong></span> <span class='ocrx_word' id='word_1_209' title='bbox 2199 1350 2252 1395; x_wconf 90' lang='lat' dir='ltr'><strong>et</strong></span> <span class='ocrx_word' id='word_1_210' title='bbox 2306 1344 2604 1395; x_wconf 89' lang='lat' dir='ltr'><strong>commode.</strong></span> <span class='ocrx_word' id='word_1_211' title='bbox 2654 1339 2791 1406; x_wconf 85' lang='lat' dir='ltr'><strong>Quid</strong></span> <span class='ocrx_word' id='word_1_212' title='bbox 2841 1339 3003 1406; x_wconf 75' lang='lat' dir='ltr'><strong>igitur</strong></span> <span class='ocrx_word' id='word_1_213' title='bbox 3054 1338 3199 1390; x_wconf 88' lang='lat' dir='ltr'><strong>doles</strong></span> <span class='ocrx_word' id='word_1_214' title='bbox 3254 1346 3506 1415; x_wconf 78' lang='lat' dir='ltr'><strong>tanquam</strong></span> 
     </span>
    </p>
   </div>
   <div class='ocr_carea' id='block_1_27' title="bbox 1938 1428 3508 1500">
    <p class='ocr_par' dir='ltr' id='par_1_27' title="bbox 1938 1428 3508 1500">
     <span class='ocr_line' id='line_1_27' title="bbox 1938 1428 3508 1500; baseline -0.003 -17"><span class='ocrx_word' id='word_1_215' title='bbox 1938 1448 2040 1485; x_wconf 89' lang='lat' dir='ltr'><strong>non</strong></span> <span class='ocrx_word' id='word_1_216' title='bbox 2086 1448 2239 1500; x_wconf 64' lang='lat' dir='ltr'><strong>a‘qua</strong></span> <span class='ocrx_word' id='word_1_217' title='bbox 2274 1433 2583 1487; x_wconf 72' lang='lat' dir='ltr'><strong>distributio</strong></span> <span class='ocrx_word' id='word_1_218' title='bbox 2624 1431 2768 1485; x_wconf 80' lang='lat' dir='ltr'><strong>facta</strong></span> <span class='ocrx_word' id='word_1_219' title='bbox 2799 1430 2907 1483; x_wconf 85' lang='lat' dir='ltr'><strong>sil?</strong></span> <span class='ocrx_word' id='word_1_220' title='bbox 2935 1431 3056 1483; x_wconf 83' lang='lat' dir='ltr'><strong>Alio</strong></span> <span class='ocrx_word' id='word_1_221' title='bbox 3088 1439 3268 1483; x_wconf 87' lang='lat' dir='ltr'><strong>autem</strong></span> <span class='ocrx_word' id='word_1_222' title='bbox 3301 1429 3353 1481; x_wconf 92' lang='lat' dir='ltr'><strong>iu</strong></span> <span class='ocrx_word' id='word_1_223' title='bbox 3391 1428 3508 1480; x_wconf 87' lang='lat' dir='ltr'><strong>loco</strong></span> 
     </span>
    </p>
   </div>
   <div class='ocr_carea' id='block_1_28' title="bbox 1939 1515 3509 1592">
    <p class='ocr_par' dir='ltr' id='par_1_28' title="bbox 1939 1515 3509 1592">
     <span class='ocr_line' id='line_1_28' title="bbox 1939 1515 3509 1592; baseline -0.004 -16"><span class='ocrx_word' id='word_1_224' title='bbox 1939 1521 2202 1592; x_wconf 73' lang='lat' dir='ltr'><strong>Spiritum</strong></span> <span class='ocrx_word' id='word_1_225' title='bbox 2235 1523 2366 1577; x_wconf 74' lang='lat' dir='ltr'><strong>dicit</strong></span> <span class='ocrx_word' id='word_1_226' title='bbox 2412 1523 2748 1592; x_wconf 76' lang='lat' dir='ltr'><strong>dispensare.</strong></span> <span class='ocrx_word' id='word_1_227' title='bbox 2786 1538 2804 1571; x_wconf 84' lang='grc' dir='ltr'><strong>ι</strong></span> <span class='ocrx_word' id='word_1_228' title='bbox 2839 1521 2896 1574; x_wconf 86' lang='grc' dir='ltr'><strong>1η</strong></span> <span class='ocrx_word' id='word_1_229' title='bbox 2943 1535 3049 1589; x_wconf 91' lang='lat' dir='ltr'><strong>quo</strong></span> <span class='ocrx_word' id='word_1_230' title='bbox 3096 1529 3152 1572; x_wconf 92' lang='lat' dir='ltr'><strong>et</strong></span> <span class='ocrx_word' id='word_1_231' title='bbox 3191 1533 3289 1572; x_wconf 91' lang='lat' dir='ltr'><strong>nos</strong></span> <span class='ocrx_word' id='word_1_232' title='bbox 3326 1515 3509 1587; x_wconf 86' lang='lat' dir='ltr'><strong>posuit</strong></span> 
     </span>
    </p>
   </div>
   <div class='ocr_carea' id='block_1_29' title="bbox 1938 1612 3514 1683">
    <p class='ocr_par' dir='ltr' id='par_1_29' title="bbox 1938 1612 3514 1683">
     <span class='ocr_line' id='line_1_29' title="bbox 1938 1612 3514 1683; baseline -0.006 -14"><span class='ocrx_word' id='word_1_233' title='bbox 1938 1614 2172 1683; x_wconf 91' lang='lat' dir='ltr'><strong>Spiritus</strong></span> <span class='ocrx_word' id='word_1_234' title='bbox 2196 1624 2417 1670; x_wconf 88' lang='lat' dir='ltr'><strong>sanctus</strong></span> <span class='ocrx_word' id='word_1_235' title='bbox 2448 1614 2468 1653; x_wconf 72' lang='grc' dir='ltr'><strong>ί</strong></span> <span class='ocrx_word' id='word_1_236' title='bbox 2506 1633 2519 1668; x_wconf 84' lang='grc' dir='ltr'><strong>ι</strong></span> <span class='ocrx_word' id='word_1_237' title='bbox 2556 1633 2575 1666; x_wconf 75' lang='grc' dir='ltr'><strong>ι</strong></span> <span class='ocrx_word' id='word_1_238' title='bbox 2607 1624 2680 1678; x_wconf 74' lang='lat' dir='ltr'><strong>et,</strong></span> <span class='ocrx_word' id='word_1_239' title='bbox 2721 1632 2739 1664; x_wconf 79' lang='grc' dir='ltr'><strong>ι</strong></span> <span class='ocrx_word' id='word_1_240' title='bbox 2779 1612 2969 1668; x_wconf 90' lang='lat' dir='ltr'><strong>Onmia</strong></span> <span class='ocrx_word' id='word_1_241' title='bbox 3007 1617 3265 1677; x_wconf 89' lang='lat' dir='ltr'><strong>operatur</strong></span> <span class='ocrx_word' id='word_1_242' title='bbox 3292 1623 3432 1662; x_wconf 85' lang='lat' dir='ltr'><strong>unus</strong></span> <span class='ocrx_word' id='word_1_243' title='bbox 3460 1613 3514 1660; x_wconf 87' lang='lat' dir='ltr'><strong>ct</strong></span> 
     </span>
    </p>
   </div>
   <div class='ocr_carea' id='block_1_30' title="bbox 1938 1699 3509 1773">
    <p class='ocr_par' dir='ltr' id='par_1_30' title="bbox 1938 1699 3509 1773">
     <span class='ocr_line' id='line_1_30' title="bbox 1938 1699 3509 1773; baseline -0.005 -16"><span class='ocrx_word' id='word_1_244' title='bbox 1938 1704 2080 1758; x_wconf 78' lang='lat' dir='ltr'><strong>idem</strong></span> <span class='ocrx_word' id='word_1_245' title='bbox 2133 1703 2389 1773; x_wconf 85' lang='lat' dir='ltr'><strong>Spiritus.</strong></span> <span class='ocrx_word' id='word_1_246' title='bbox 2459 1723 2477 1755; x_wconf 75' lang='grc' dir='ltr'><strong>ι</strong></span> <span class='ocrx_word' id='word_1_247' title='bbox 2529 1705 2674 1757; x_wconf 82' lang='lat' dir='ltr'><strong>Alias</strong></span> <span class='ocrx_word' id='word_1_248' title='bbox 2707 1713 2761 1757; x_wconf 77' lang='lat' dir='ltr'><strong>et</strong></span> <span class='ocrx_word' id='word_1_249' title='bbox 2813 1702 2956 1756; x_wconf 84' lang='lat' dir='ltr'><strong>Patri</strong></span> <span class='ocrx_word' id='word_1_250' title='bbox 3004 1702 3104 1755; x_wconf 89' lang='lat' dir='ltr'><strong>hoc</strong></span> <span class='ocrx_word' id='word_1_251' title='bbox 3142 1699 3329 1753; x_wconf 85' lang='lat' dir='ltr'><strong>tribuit</strong></span> <span class='ocrx_word' id='word_1_252' title='bbox 3364 1704 3464 1750; x_wconf 73' lang='grc' dir='ltr'>τοι</span> <span class='ocrx_word' id='word_1_253' title='bbox 3493 1736 3509 1760; x_wconf 93' lang='grc'><strong>,</strong></span> 
     </span>
    </p>
   </div>
   <div class='ocr_carea' id='block_1_31' title="bbox 1942 1793 3506 1874">
    <p class='ocr_par' dir='ltr' id='par_1_31' title="bbox 1942 1793 3506 1874">
     <span class='ocr_line' id='line_1_31' title="bbox 1942 1793 3506 1874; baseline -0.008 -22"><span class='ocrx_word' id='word_1_254' title='bbox 1942 1818 1962 1852; x_wconf 80' lang='grc' dir='ltr'><strong>ι</strong></span> <span class='ocrx_word' id='word_1_255' title='bbox 2001 1796 2190 1853; x_wconf 87' lang='lat' dir='ltr'><strong>Posuit</strong></span> <span class='ocrx_word' id='word_1_256' title='bbox 2231 1799 2368 1852; x_wconf 89' lang='lat' dir='ltr'><strong>Deus</strong></span> <span class='ocrx_word' id='word_1_257' title='bbox 2403 1797 2453 1850; x_wconf 93' lang='lat' dir='ltr'><strong>in</strong></span> <span class='ocrx_word' id='word_1_258' title='bbox 2487 1797 2721 1850; x_wconf 78' lang='lat' dir='ltr'><strong>Ecclesia</strong></span> <span class='ocrx_word' id='word_1_259' title='bbox 2746 1796 3004 1874; x_wconf 38' lang='lat' dir='ltr'><strong>‘primum</strong></span> <span class='ocrx_word' id='word_1_260' title='bbox 3039 1793 3256 1862; x_wconf 81' lang='lat' dir='ltr'><strong>quidem</strong></span> <span class='ocrx_word' id='word_1_261' title='bbox 3289 1800 3506 1859; x_wconf 88' lang='lat' dir='ltr'><strong>aposto-</strong></span> 
     </span>
    </p>
   </div>
   <div class='ocr_carea' id='block_1_32' title="bbox 1942 1881 3508 1960">
    <p class='ocr_par' dir='ltr' id='par_1_32' title="bbox 1942 1881 3508 1960">
     <span class='ocr_line' id='line_1_32' title="bbox 1942 1881 3508 1960; baseline -0.008 -16"><span class='ocrx_word' id='word_1_262' title='bbox 1942 1892 2074 1956; x_wconf 67' lang='lat' dir='ltr'><strong>los,a</strong></span> <span class='ocrx_word' id='word_1_263' title='bbox 2106 1900 2161 1944; x_wconf 90' lang='lat' dir='ltr'><strong>et</strong></span> <span class='ocrx_word' id='word_1_264' title='bbox 2190 1907 2307 1958; x_wconf 73' lang='lat' dir='ltr'><strong>qua:</strong></span> <span class='ocrx_word' id='word_1_265' title='bbox 2333 1900 2648 1960; x_wconf 89' lang='lat' dir='ltr'><strong>sequuntur.</strong></span> <span class='ocrx_word' id='word_1_266' title='bbox 2690 1888 2771 1950; x_wconf 88' lang='lat' dir='ltr'><strong>Et,</strong></span> <span class='ocrx_word' id='word_1_267' title='bbox 2809 1906 2828 1940; x_wconf 77' lang='grc' dir='ltr'><strong>ι</strong></span> <span class='ocrx_word' id='word_1_268' title='bbox 2876 1888 2984 1956; x_wconf 80' lang='lat' dir='ltr'><strong>Ego</strong></span> <span class='ocrx_word' id='word_1_269' title='bbox 3030 1883 3290 1955; x_wconf 82' lang='lat' dir='ltr'><strong>plantavi,</strong></span> <span class='ocrx_word' id='word_1_270' title='bbox 3317 1881 3508 1951; x_wconf 80' lang='lat' dir='ltr'><strong>Apollo</strong></span> 
     </span>
    </p>
   </div>
   <div class='ocr_carea' id='block_1_33' title="bbox 246 1963 1843 2052">
    <p class='ocr_par' dir='ltr' id='par_1_33' title="bbox 246 1972 1828 2046">
     <span class='ocr_line' id='line_1_33' title="bbox 246 1972 1828 2046; baseline -0.005 -15"><span class='ocrx_word' id='word_1_271' title='bbox 246 1996 394 2039; x_wconf 87' lang='grc' dir='ltr'>τισε,</span> <span class='ocrx_word' id='word_1_272' title='bbox 422 1980 516 2032; x_wconf 74' lang='grc' dir='ltr'>καὶ</span> <span class='ocrx_word' id='word_1_273' title='bbox 543 1980 573 2031; x_wconf 90' lang='grc' dir='ltr'><strong>ό</strong></span> <span class='ocrx_word' id='word_1_274' title='bbox 614 1978 744 2040; x_wconf 85' lang='grc' dir='ltr'>Θεὸς</span> <span class='ocrx_word' id='word_1_275' title='bbox 775 1975 1027 2046; x_wconf 68' lang='grc' dir='ltr'>ηὔξανεν.</span> <span class='ocrx_word' id='word_1_276' title='bbox 1077 1995 1096 2029; x_wconf 69' lang='grc' dir='ltr'><strong>ι</strong></span> <span class='ocrx_word' id='word_1_277' title='bbox 1140 1974 1406 2029; x_wconf 83' lang='grc' dir='ltr'>Ἐνταῦθα</span> <span class='ocrx_word' id='word_1_278' title='bbox 1446 1973 1504 2028; x_wconf 81' lang='grc' dir='ltr'>δὲ</span> <span class='ocrx_word' id='word_1_279' title='bbox 1538 1973 1629 2028; x_wconf 88' lang='grc' dir='ltr'><strong>τὸν</strong></span> <span class='ocrx_word' id='word_1_280' title='bbox 1674 1972 1828 2026; x_wconf 87' lang='grc' dir='ltr'>Υἱόν.</span> 
     </span>
    </p>
   </div>
   <div class='ocr_carea' id='block_1_34' title="bbox 1957 1963 3509 2052">
    <p class='ocr_par' dir='ltr' id='par_1_34' title="bbox 1957 1973 3509 2052">
     <span class='ocr_line' id='line_1_34' title="bbox 1957 1973 3509 2052; baseline -0.005 -17"><span class='ocrx_word' id='word_1_281' title='bbox 1957 1983 2158 2052; x_wconf 76' lang='lat' dir='ltr'><strong>&#39;igavit,</strong></span> <span class='ocrx_word' id='word_1_282' title='bbox 2208 1983 2347 2038; x_wconf 87' lang='lat' dir='ltr'><strong>Deus</strong></span> <span class='ocrx_word' id='word_1_283' title='bbox 2395 1992 2572 2034; x_wconf 86' lang='lat' dir='ltr'><strong>autem</strong></span> <span class='ocrx_word' id='word_1_284' title='bbox 2627 1982 3021 2035; x_wconf 87' lang='lat' dir='ltr'><strong>incrementum</strong></span> <span class='ocrx_word' id='word_1_285' title='bbox 3060 1976 3207 2029; x_wconf 66' lang='lat' dir='ltr'><strong>dedit</strong></span> <span class='ocrx_word' id='word_1_286' title='bbox 3240 1976 3288 2028; x_wconf 75' lang='grc' dir='ltr'><strong>ε.</strong></span> <span class='ocrx_word' id='word_1_287' title='bbox 3331 1993 3349 2026; x_wconf 72' lang='grc' dir='ltr'><strong>ι</strong></span> <span class='ocrx_word' id='word_1_288' title='bbox 3410 1973 3509 2027; x_wconf 84' lang='lat' dir='ltr'><strong>Hic</strong></span> 
     </span>
    </p>
   </div>
   <div class='ocr_carea' id='block_1_35' title="bbox 246 2067 1186 2141">
    <p class='ocr_par' dir='ltr' id='par_1_35' title="bbox 246 2067 1186 2141">
     <span class='ocr_line' id='line_1_35' title="bbox 246 2067 1186 2141; baseline -0.002 -16"><span class='ocrx_word' id='word_1_289' title='bbox 246 2072 367 2125; x_wconf 75' lang='grc' dir='ltr'>Μία</span> <span class='ocrx_word' id='word_1_290' title='bbox 399 2071 512 2140; x_wconf 81' lang='grc' dir='ltr'><strong>ἀρα</strong></span> <span class='ocrx_word' id='word_1_291' title='bbox 538 2071 571 2140; x_wconf 83' lang='grc' dir='ltr'><strong>ἠ</strong></span> <span class='ocrx_word' id='word_1_292' title='bbox 595 2069 843 2139; x_wconf 78' lang='grc' dir='ltr'>ἐνέργεια</span> <span class='ocrx_word' id='word_1_293' title='bbox 867 2068 976 2121; x_wconf 88' lang='grc' dir='ltr'><strong>τῶν</strong></span> <span class='ocrx_word' id='word_1_294' title='bbox 1001 2067 1186 2141; x_wconf 90' lang='grc' dir='ltr'>τριῶν.</span> 
     </span>
    </p>
   </div>
   <div class='ocr_carea' id='block_1_36' title="bbox 326 2247 1830 2320">
    <p class='ocr_par' dir='ltr' id='par_1_36' title="bbox 326 2247 1830 2320">
     <span class='ocr_line' id='line_1_36' title="bbox 326 2247 1830 2320; baseline -0.003 -18"><span class='ocrx_word' id='word_1_295' title='bbox 326 2270 346 2302; x_wconf 79' lang='grc' dir='ltr'><strong>ι</strong></span> <span class='ocrx_word' id='word_1_296' title='bbox 380 2251 523 2312; x_wconf 79' lang='grc' dir='ltr'>Τοὺς</span> <span class='ocrx_word' id='word_1_297' title='bbox 577 2250 677 2320; x_wconf 82' lang='grc' dir='ltr'><strong>μὲν</strong></span> <span class='ocrx_word' id='word_1_298' title='bbox 727 2248 1080 2314; x_wconf 73' lang='grc' dir='ltr'><strong>ἀποστόλους,</strong></span> <span class='ocrx_word' id='word_1_299' title='bbox 1139 2248 1268 2310; x_wconf 78' lang='grc' dir='ltr'>τοὺς</span> <span class='ocrx_word' id='word_1_300' title='bbox 1322 2247 1379 2301; x_wconf 81' lang='grc' dir='ltr'>δὲ</span> <span class='ocrx_word' id='word_1_301' title='bbox 1442 2247 1752 2318; x_wconf 71' lang='grc' dir='ltr'>προφήτας.</span> <span class='ocrx_word' id='word_1_302' title='bbox 1811 2265 1830 2298; x_wconf 77' lang='grc' dir='ltr'><strong>ι</strong></span> 
     </span>
    </p>
   </div>
   <div class='ocr_carea' id='block_1_37' title="bbox 251 2338 1834 2415">
    <p class='ocr_par' dir='ltr' id='par_1_37' title="bbox 251 2338 1834 2415">
     <span class='ocr_line' id='line_1_37' title="bbox 251 2338 1834 2415; baseline -0.004 -16"><span class='ocrx_word' id='word_1_303' title='bbox 251 2345 477 2415; x_wconf 79' lang='grc' dir='ltr'>Πρῶτοι</span> <span class='ocrx_word' id='word_1_304' title='bbox 505 2344 555 2397; x_wconf 80' lang='lat' dir='ltr'><strong>oi</strong></span> <span class='ocrx_word' id='word_1_305' title='bbox 592 2341 901 2407; x_wconf 75' lang='grc' dir='ltr'>ἀπόστολοι,</span> <span class='ocrx_word' id='word_1_306' title='bbox 937 2341 1124 2413; x_wconf 80' lang='grc' dir='ltr'>ἐπειδὴ</span> <span class='ocrx_word' id='word_1_307' title='bbox 1171 2342 1265 2395; x_wconf 77' lang='grc' dir='ltr'><strong>καὶ</strong></span> <span class='ocrx_word' id='word_1_308' title='bbox 1295 2343 1630 2412; x_wconf 82' lang='grc' dir='ltr'>προφητείας</span> <span class='ocrx_word' id='word_1_309' title='bbox 1660 2338 1834 2411; x_wconf 81' lang='grc' dir='ltr'>εἶχον·</span> 
     </span>
    </p>
   </div>
   <div class='ocr_carea' id='block_1_38' title="bbox 251 2429 1838 2506">
    <p class='ocr_par' dir='ltr' id='par_1_38' title="bbox 251 2429 1838 2506">
     <span class='ocr_line' id='line_1_38' title="bbox 251 2429 1838 2506; baseline -0.004 -15"><span class='ocrx_word' id='word_1_310' title='bbox 251 2438 303 2491; x_wconf 69' lang='grc' dir='ltr'>οε</span> <span class='ocrx_word' id='word_1_311' title='bbox 333 2437 395 2489; x_wconf 78' lang='grc' dir='ltr'>δὲ</span> <span class='ocrx_word' id='word_1_312' title='bbox 433 2434 730 2506; x_wconf 81' lang='grc' dir='ltr'>προφῆται,</span> <span class='ocrx_word' id='word_1_313' title='bbox 759 2435 809 2487; x_wconf 82' lang='grc' dir='ltr'>οξ</span> <span class='ocrx_word' id='word_1_314' title='bbox 840 2435 896 2486; x_wconf 83' lang='grc' dir='ltr'><strong>ἐν</strong></span> <span class='ocrx_word' id='word_1_315' title='bbox 922 2436 991 2505; x_wconf 83' lang='grc' dir='ltr'>τῇ</span> <span class='ocrx_word' id='word_1_316' title='bbox 1028 2433 1141 2505; x_wconf 79' lang='grc' dir='ltr'><strong>Νέᾳ</strong></span> <span class='ocrx_word' id='word_1_317' title='bbox 1167 2433 1390 2503; x_wconf 75' lang='grc' dir='ltr'>δηλαδὴ,</span> <span class='ocrx_word' id='word_1_318' title='bbox 1434 2434 1534 2486; x_wconf 81' lang='grc' dir='ltr'><strong>οὐκ</strong></span> <span class='ocrx_word' id='word_1_319' title='bbox 1559 2429 1706 2503; x_wconf 76' lang='grc' dir='ltr'>εἶχον</span> <span class='ocrx_word' id='word_1_320' title='bbox 1744 2433 1838 2486; x_wconf 73' lang='grc' dir='ltr'><strong>καὶ</strong></span> 
     </span>
    </p>
   </div>
   <div class='ocr_carea' id='block_1_39' title="bbox 251 2527 592 2598">
    <p class='ocr_par' dir='ltr' id='par_1_39' title="bbox 251 2527 592 2598">
     <span class='ocr_line' id='line_1_39' title="bbox 251 2527 592 2598; baseline -0.003 -16"><span class='ocrx_word' id='word_1_321' title='bbox 251 2527 592 2598; x_wconf 74' lang='grc' dir='ltr'>ἀποστολήν.</span> 
     </span>
    </p>
   </div>
   <div class='ocr_carea' id='block_1_40' title="bbox 331 2617 1837 2685">
    <p class='ocr_par' dir='ltr' id='par_1_40' title="bbox 331 2617 1837 2685">
     <span class='ocr_line' id='line_1_40' title="bbox 331 2617 1837 2685; baseline -0.002 -14"><span class='ocrx_word' id='word_1_322' title='bbox 331 2639 352 2671; x_wconf 76' lang='grc' dir='ltr'><strong>ι</strong></span> <span class='ocrx_word' id='word_1_323' title='bbox 400 2620 540 2679; x_wconf 76' lang='grc' dir='ltr'>Τοὺς</span> <span class='ocrx_word' id='word_1_324' title='bbox 566 2618 621 2674; x_wconf 72' lang='grc' dir='ltr'>δὲ</span> <span class='ocrx_word' id='word_1_325' title='bbox 648 2617 1063 2685; x_wconf 81' lang='grc' dir='ltr'>εὐαγγελιστάς.</span> <span class='ocrx_word' id='word_1_326' title='bbox 1105 2635 1124 2669; x_wconf 71' lang='grc' dir='ltr'><strong>ι</strong></span> <span class='ocrx_word' id='word_1_327' title='bbox 1162 2618 1232 2668; x_wconf 80' lang='grc' dir='ltr'>’Π</span> <span class='ocrx_word' id='word_1_328' title='bbox 1266 2617 1394 2678; x_wconf 71' lang='grc' dir='ltr'>τοὺς</span> <span class='ocrx_word' id='word_1_329' title='bbox 1419 2619 1481 2669; x_wconf 82' lang='grc' dir='ltr'><strong>τὸ</strong></span> <span class='ocrx_word' id='word_1_330' title='bbox 1504 2617 1837 2685; x_wconf 81' lang='grc' dir='ltr'>Εὑαγγέλιον</span> 
     </span>
    </p>
   </div>
   <div class='ocr_carea' id='block_1_41' title="bbox 256 2704 1840 2779">
    <p class='ocr_par' dir='ltr' id='par_1_41' title="bbox 256 2704 1840 2779">
     <span class='ocr_line' id='line_1_41' title="bbox 256 2704 1840 2779; baseline -0.006 -16"><span class='ocrx_word' id='word_1_331' title='bbox 256 2708 757 2779; x_wconf 76' lang='grc' dir='ltr'>συγγραψαμένους</span> <span class='ocrx_word' id='word_1_332' title='bbox 781 2708 848 2769; x_wconf 73' lang='grc'><strong>⁸⁵⁸,</strong></span> <span class='ocrx_word' id='word_1_333' title='bbox 885 2705 918 2775; x_wconf 79' lang='grc' dir='ltr'><strong>ἢ</strong></span> <span class='ocrx_word' id='word_1_334' title='bbox 953 2706 1077 2767; x_wconf 77' lang='grc' dir='ltr'>τοὺς</span> <span class='ocrx_word' id='word_1_335' title='bbox 1120 2705 1194 2776; x_wconf 82' lang='grc' dir='ltr'>μὴ</span> <span class='ocrx_word' id='word_1_336' title='bbox 1223 2704 1533 2774; x_wconf 76' lang='grc' dir='ltr'>περιιόντας</span> <span class='ocrx_word' id='word_1_337' title='bbox 1570 2705 1668 2774; x_wconf 83' lang='grc' dir='ltr'><strong>μὲν</strong></span> <span class='ocrx_word' id='word_1_338' title='bbox 1702 2720 1840 2756; x_wconf 83' lang='grc' dir='ltr'>παν-</span> 
     </span>
    </p>
   </div>
   <div class='ocr_carea' id='block_1_42' title="bbox 251 2796 1842 2871">
    <p class='ocr_par' dir='ltr' id='par_1_42' title="bbox 251 2796 1842 2871">
     <span class='ocr_line' id='line_1_42' title="bbox 251 2796 1842 2871; baseline -0.005 -14"><span class='ocrx_word' id='word_1_339' title='bbox 251 2800 454 2871; x_wconf 79' lang='grc' dir='ltr'>ταχοῦ,</span> <span class='ocrx_word' id='word_1_340' title='bbox 489 2798 1007 2870; x_wconf 74' lang='grc' dir='ltr'>εὐαγγελιζομένους</span> <span class='ocrx_word' id='word_1_341' title='bbox 1035 2798 1078 2851; x_wconf 85' lang='grc' dir='ltr'>δ’</span> <span class='ocrx_word' id='word_1_342' title='bbox 1119 2796 1231 2859; x_wconf 84' lang='grc' dir='ltr'>οῦν,</span> <span class='ocrx_word' id='word_1_343' title='bbox 1276 2796 1353 2861; x_wconf 83' lang='grc' dir='ltr'>ὡς</span> <span class='ocrx_word' id='word_1_344' title='bbox 1407 2796 1709 2868; x_wconf 78' lang='grc' dir='ltr'>Πρίσκιλλα</span> <span class='ocrx_word' id='word_1_345' title='bbox 1746 2796 1842 2849; x_wconf 74' lang='grc' dir='ltr'><strong>καὶ</strong></span> 
     </span>
    </p>
   </div>
   <div class='ocr_carea' id='block_1_43' title="bbox 266 2891 533 2955">
    <p class='ocr_par' dir='ltr' id='par_1_43' title="bbox 266 2891 533 2955">
     <span class='ocr_line' id='line_1_43' title="bbox 266 2891 533 2955; baseline 0.007 -9"><span class='ocrx_word' id='word_1_346' title='bbox 266 2891 533 2955; x_wconf 79' lang='grc' dir='ltr'>’Δκύλας.</span> 
     </span>
    </p>
   </div>
   <div class='ocr_carea' id='block_1_44' title="bbox 335 2980 1841 3051">
    <p class='ocr_par' dir='ltr' id='par_1_44' title="bbox 335 2980 1841 3051">
     <span class='ocr_line' id='line_1_44' title="bbox 335 2980 1841 3051; baseline -0.002 -16"><span class='ocrx_word' id='word_1_347' title='bbox 335 3003 359 3035; x_wconf 72' lang='grc' dir='ltr'><strong>ε</strong></span> <span class='ocrx_word' id='word_1_348' title='bbox 400 2984 542 3045; x_wconf 80' lang='grc' dir='ltr'>Τοὺς</span> <span class='ocrx_word' id='word_1_349' title='bbox 576 2983 634 3036; x_wconf 78' lang='grc' dir='ltr'>δὲ</span> <span class='ocrx_word' id='word_1_350' title='bbox 666 2982 929 3051; x_wconf 82' lang='grc' dir='ltr'>ποιμένας</span> <span class='ocrx_word' id='word_1_351' title='bbox 967 2980 1062 3034; x_wconf 79' lang='grc' dir='ltr'>καὶ</span> <span class='ocrx_word' id='word_1_352' title='bbox 1104 2981 1474 3043; x_wconf 88' lang='grc' dir='ltr'>διδασκάλους.</span> <span class='ocrx_word' id='word_1_353' title='bbox 1519 2998 1538 3031; x_wconf 72' lang='grc' dir='ltr'><strong>ι</strong></span> <span class='ocrx_word' id='word_1_354' title='bbox 1574 2981 1714 3043; x_wconf 81' lang='grc' dir='ltr'>Τοὺς</span> <span class='ocrx_word' id='word_1_355' title='bbox 1743 2980 1841 3044; x_wconf 88' lang='grc' dir='ltr'><strong>τάς</strong></span> 
     </span>
    </p>
   </div>
   <div class='ocr_carea' id='block_1_45' title="bbox 266 3072 1846 3147">
    <p class='ocr_par' dir='ltr' id='par_1_45' title="bbox 266 3072 1846 3147">
     <span class='ocr_line' id='line_1_45' title="bbox 266 3072 1846 3147; baseline -0.004 -16"><span class='ocrx_word' id='word_1_356' title='bbox 266 3076 606 3147; x_wconf 80' lang='grc' dir='ltr'>Ἐκκλησίας</span> <span class='ocrx_word' id='word_1_357' title='bbox 664 3074 1173 3147; x_wconf 78' lang='grc' dir='ltr'>ἐγκεχειρισμένους</span> <span class='ocrx_word' id='word_1_358' title='bbox 1220 3074 1391 3142; x_wconf 81' lang='grc' dir='ltr'>λέγει,</span> <span class='ocrx_word' id='word_1_359' title='bbox 1439 3075 1567 3136; x_wconf 78' lang='grc' dir='ltr'>τοὺς</span> <span class='ocrx_word' id='word_1_360' title='bbox 1622 3072 1846 3126; x_wconf 80' lang='grc' dir='ltr'>ἐπισκό-</span> 
     </span>
    </p>
   </div>
   <div class='ocr_carea' id='block_1_46' title="bbox 258 3165 1845 3240">
    <p class='ocr_par' dir='ltr' id='par_1_46' title="bbox 258 3165 1845 3240">
     <span class='ocr_line' id='line_1_46' title="bbox 258 3165 1845 3240; baseline -0.004 -16"><span class='ocrx_word' id='word_1_361' title='bbox 258 3186 423 3235; x_wconf 72' lang='grc' dir='ltr'>πους,</span> <span class='ocrx_word' id='word_1_362' title='bbox 453 3165 564 3232; x_wconf 80' lang='grc' dir='ltr'>οἷος</span> <span class='ocrx_word' id='word_1_363' title='bbox 602 3165 670 3240; x_wconf 82' lang='grc' dir='ltr'>ἦν</span> <span class='ocrx_word' id='word_1_364' title='bbox 703 3168 989 3239; x_wconf 79' lang='grc' dir='ltr'>Τιμόθεος,</span> <span class='ocrx_word' id='word_1_365' title='bbox 1026 3169 1204 3231; x_wconf 80' lang='grc' dir='ltr'>Τίτος,</span> <span class='ocrx_word' id='word_1_366' title='bbox 1253 3167 1347 3219; x_wconf 78' lang='grc' dir='ltr'>καὶ</span> <span class='ocrx_word' id='word_1_367' title='bbox 1376 3168 1426 3220; x_wconf 77' lang='grc' dir='ltr'>οἱ</span> <span class='ocrx_word' id='word_1_368' title='bbox 1464 3166 1713 3220; x_wconf 84' lang='grc' dir='ltr'>τοιοῦτοι.</span> <span class='ocrx_word' id='word_1_369' title='bbox 1745 3165 1845 3217; x_wconf 69' lang='grc' dir='ltr'>Διί-</span> 
     </span>
    </p>
   </div>
   <div class='ocr_carea' id='block_1_47' title="bbox 256 3257 1846 3327">
    <p class='ocr_par' dir='ltr' id='par_1_47' title="bbox 256 3257 1846 3327">
     <span class='ocr_line' id='line_1_47' title="bbox 256 3257 1846 3327; baseline -0.002 -17"><span class='ocrx_word' id='word_1_370' title='bbox 256 3277 433 3314; x_wconf 77' lang='grc' dir='ltr'>νασαι</span> <span class='ocrx_word' id='word_1_371' title='bbox 478 3259 535 3312; x_wconf 89' lang='grc' dir='ltr'>δὲ</span> <span class='ocrx_word' id='word_1_372' title='bbox 566 3257 828 3327; x_wconf 72' lang='grc' dir='ltr'>ποιμένας</span> <span class='ocrx_word' id='word_1_373' title='bbox 867 3258 961 3310; x_wconf 79' lang='grc' dir='ltr'><strong>καὶ</strong></span> <span class='ocrx_word' id='word_1_374' title='bbox 1006 3258 1131 3318; x_wconf 78' lang='grc' dir='ltr'>τοὺς</span> <span class='ocrx_word' id='word_1_375' title='bbox 1169 3257 1572 3327; x_wconf 75' lang='grc' dir='ltr'>πρεσϐυτέρους</span> <span class='ocrx_word' id='word_1_376' title='bbox 1606 3258 1699 3310; x_wconf 75' lang='grc' dir='ltr'><strong>καὶ</strong></span> <span class='ocrx_word' id='word_1_377' title='bbox 1725 3258 1846 3308; x_wconf 74' lang='grc' dir='ltr'>ἐπε-</span> 
     </span>
    </p>
   </div>
   <div class='ocr_carea' id='block_1_48' title="bbox 262 3349 1845 3419">
    <p class='ocr_par' dir='ltr' id='par_1_48' title="bbox 262 3349 1845 3419">
     <span class='ocr_line' id='line_1_48' title="bbox 262 3349 1845 3419; baseline -0.001 -15"><span class='ocrx_word' id='word_1_378' title='bbox 262 3350 511 3412; x_wconf 81' lang='grc' dir='ltr'>σκόπους</span> <span class='ocrx_word' id='word_1_379' title='bbox 539 3351 729 3419; x_wconf 73' lang='grc' dir='ltr'>νοῆσαι</span> <span class='ocrx_word' id='word_1_380' title='bbox 752 3366 766 3380; x_wconf 77' lang='grc'><strong>⁸</strong></span> <span class='ocrx_word' id='word_1_381' title='bbox 797 3349 1149 3412; x_wconf 86' lang='grc' dir='ltr'>διδασκάλους</span> <span class='ocrx_word' id='word_1_382' title='bbox 1175 3350 1255 3409; x_wconf 80' lang='grc' dir='ltr'><strong>δὲ,</strong></span> <span class='ocrx_word' id='word_1_383' title='bbox 1276 3351 1371 3402; x_wconf 76' lang='grc' dir='ltr'>καὶ</span> <span class='ocrx_word' id='word_1_384' title='bbox 1396 3351 1521 3413; x_wconf 75' lang='grc' dir='ltr'>τοὺς</span> <span class='ocrx_word' id='word_1_385' title='bbox 1542 3349 1845 3413; x_wconf 77' lang='grc' dir='ltr'>διακόνους.</span> 
     </span>
    </p>
   </div>
   <div class='ocr_carea' id='block_1_49' title="bbox 260 3434 1846 3513">
    <p class='ocr_par' dir='ltr' id='par_1_49' title="bbox 260 3434 1846 3513">
     <span class='ocr_line' id='line_1_49' title="bbox 260 3434 1846 3513; baseline -0.001 -18"><span class='ocrx_word' id='word_1_386' title='bbox 260 3442 385 3495; x_wconf 72' lang='grc' dir='ltr'>Καὶ</span> <span class='ocrx_word' id='word_1_387' title='bbox 414 3441 524 3509; x_wconf 76' lang='grc' dir='ltr'><strong>γάρ</strong></span> <span class='ocrx_word' id='word_1_388' title='bbox 578 3440 672 3493; x_wconf 73' lang='grc' dir='ltr'>καὶ</span> <span class='ocrx_word' id='word_1_389' title='bbox 711 3434 858 3495; x_wconf 75' lang='grc' dir='ltr'>οὗτοι</span> <span class='ocrx_word' id='word_1_390' title='bbox 905 3440 1003 3509; x_wconf 81' lang='grc' dir='ltr'>τὴν</span> <span class='ocrx_word' id='word_1_391' title='bbox 1047 3439 1383 3511; x_wconf 77' lang='grc' dir='ltr'>καθαρτικὴν</span> <span class='ocrx_word' id='word_1_392' title='bbox 1416 3442 1568 3507; x_wconf 80' lang='grc' dir='ltr'>τάξιν</span> <span class='ocrx_word' id='word_1_393' title='bbox 1607 3441 1846 3513; x_wconf 72' lang='grc' dir='ltr'>ἔχοντες,</span> 
     </span>
    </p>
   </div>
   <div class='ocr_carea' id='block_1_50' title="bbox 261 3531 1321 3603">
    <p class='ocr_par' dir='ltr' id='par_1_50' title="bbox 261 3531 1321 3603">
     <span class='ocr_line' id='line_1_50' title="bbox 261 3531 1321 3603; baseline 0 -16"><span class='ocrx_word' id='word_1_394' title='bbox 261 3534 361 3587; x_wconf 75' lang='grc' dir='ltr'><strong>διὰ</strong></span> <span class='ocrx_word' id='word_1_395' title='bbox 395 3531 489 3585; x_wconf 86' lang='grc' dir='ltr'><strong>τοῦ</strong></span> <span class='ocrx_word' id='word_1_396' title='bbox 522 3533 682 3599; x_wconf 83' lang='grc' dir='ltr'>λόγου</span> <span class='ocrx_word' id='word_1_397' title='bbox 719 3531 1044 3603; x_wconf 87' lang='grc' dir='ltr'>καθαίρουσι</span> <span class='ocrx_word' id='word_1_398' title='bbox 1077 3533 1321 3595; x_wconf 58' lang='grc' dir='ltr'>πάντας.</span> 
     </span>
    </p>
   </div>
   <div class='ocr_carea' id='block_1_51' title="bbox 352 3707 1852 3782">
    <p class='ocr_par' dir='ltr' id='par_1_51' title="bbox 352 3707 1852 3782">
     <span class='ocr_line' id='line_1_51' title="bbox 352 3707 1852 3782; baseline 0.001 -21"><span class='ocrx_word' id='word_1_399' title='bbox 352 3730 370 3760; x_wconf 77' lang='grc' dir='ltr'><strong>ι</strong></span> <span class='ocrx_word' id='word_1_400' title='bbox 419 3710 562 3780; x_wconf 84' lang='grc' dir='ltr'>Πρὸς</span> <span class='ocrx_word' id='word_1_401' title='bbox 613 3711 703 3764; x_wconf 83' lang='grc' dir='ltr'><strong>τὸν</strong></span> <span class='ocrx_word' id='word_1_402' title='bbox 752 3710 1129 3782; x_wconf 77' lang='grc' dir='ltr'>καταρτισμὸν</span> <span class='ocrx_word' id='word_1_403' title='bbox 1176 3709 1284 3764; x_wconf 90' lang='grc' dir='ltr'><strong>τῶν</strong></span> <span class='ocrx_word' id='word_1_404' title='bbox 1327 3709 1518 3778; x_wconf 83' lang='grc' dir='ltr'>ἁγίων,</span> <span class='ocrx_word' id='word_1_405' title='bbox 1563 3711 1643 3772; x_wconf 77' lang='grc' dir='ltr'>εἰς</span> <span class='ocrx_word' id='word_1_406' title='bbox 1688 3707 1852 3779; x_wconf 78' lang='grc' dir='ltr'>ἔργον</span> 
     </span>
    </p>
   </div>
   <div class='ocr_carea' id='block_1_52' title="bbox 263 3799 1845 3872">
    <p class='ocr_par' dir='ltr' id='par_1_52' title="bbox 263 3799 1845 3872">
     <span class='ocr_line' id='line_1_52' title="bbox 263 3799 1845 3872; baseline -0.002 -17"><span class='ocrx_word' id='word_1_407' title='bbox 263 3803 573 3867; x_wconf 81' lang='grc' dir='ltr'>διακονίας,</span> <span class='ocrx_word' id='word_1_408' title='bbox 600 3803 680 3864; x_wconf 84' lang='grc' dir='ltr'>εἰς</span> <span class='ocrx_word' id='word_1_409' title='bbox 700 3800 989 3872; x_wconf 77' lang='grc' dir='ltr'>οἰκοδομὴν</span> <span class='ocrx_word' id='word_1_410' title='bbox 1013 3801 1105 3854; x_wconf 90' lang='grc' dir='ltr'><strong>τοῦ</strong></span> <span class='ocrx_word' id='word_1_411' title='bbox 1134 3799 1383 3871; x_wconf 83' lang='grc' dir='ltr'>σώματος</span> <span class='ocrx_word' id='word_1_412' title='bbox 1409 3800 1501 3854; x_wconf 90' lang='grc' dir='ltr'><strong>τοῦ</strong></span> <span class='ocrx_word' id='word_1_413' title='bbox 1530 3801 1793 3871; x_wconf 84' lang='grc' dir='ltr'>Χριστοῦ.</span> <span class='ocrx_word' id='word_1_414' title='bbox 1826 3821 1845 3852; x_wconf 68' lang='grc' dir='ltr'><strong>ι</strong></span> 
     </span>
    </p>
   </div>
   <div class='ocr_carea' id='block_1_53' title="bbox 278 3893 1849 3966">
    <p class='ocr_par' dir='ltr' id='par_1_53' title="bbox 278 3893 1849 3966">
     <span class='ocr_line' id='line_1_53' title="bbox 278 3893 1849 3966; baseline -0.001 -18"><span class='ocrx_word' id='word_1_415' title='bbox 278 3896 452 3966; x_wconf 79' lang='grc' dir='ltr'>Ὁρᾷς</span> <span class='ocrx_word' id='word_1_416' title='bbox 500 3895 561 3947; x_wconf 89' lang='grc' dir='ltr'><strong>τὸ</strong></span> <span class='ocrx_word' id='word_1_417' title='bbox 621 3895 873 3963; x_wconf 76' lang='grc' dir='ltr'>ἀξίωμα;</span> <span class='ocrx_word' id='word_1_418' title='bbox 931 3894 1223 3957; x_wconf 79' lang='grc' dir='ltr'>Ἕκαστος,</span> <span class='ocrx_word' id='word_1_419' title='bbox 1280 3893 1454 3964; x_wconf 79' lang='grc' dir='ltr'>φησὶ,</span> <span class='ocrx_word' id='word_1_420' title='bbox 1510 3894 1849 3965; x_wconf 79' lang='grc' dir='ltr'>καταρτίζει,</span> 
     </span>
    </p>
   </div>
   <div class='ocr_carea' id='block_1_54' title="bbox 268 3985 1853 4057">
    <p class='ocr_par' dir='ltr' id='par_1_54' title="bbox 268 3985 1853 4057">
     <span class='ocr_line' id='line_1_54' title="bbox 268 3985 1853 4057; baseline 0 -18"><span class='ocrx_word' id='word_1_421' title='bbox 268 3986 509 4047; x_wconf 70' lang='grc' dir='ltr'>ικαστος</span> <span class='ocrx_word' id='word_1_422' title='bbox 538 3986 776 4054; x_wconf 84' lang='grc' dir='ltr'>διακονεῖ</span> <span class='ocrx_word' id='word_1_423' title='bbox 820 3986 957 4056; x_wconf 89' lang='grc' dir='ltr'>πρὸς</span> <span class='ocrx_word' id='word_1_424' title='bbox 1001 3985 1099 4057; x_wconf 79' lang='grc' dir='ltr'><strong>τὴν</strong></span> <span class='ocrx_word' id='word_1_425' title='bbox 1151 3986 1440 4057; x_wconf 73' lang='grc' dir='ltr'>οἰκοδομὴν</span> <span class='ocrx_word' id='word_1_426' title='bbox 1477 3985 1570 4039; x_wconf 87' lang='grc' dir='ltr'><strong>τοῦ</strong></span> <span class='ocrx_word' id='word_1_427' title='bbox 1599 3986 1853 4055; x_wconf 86' lang='grc' dir='ltr'>σώματος</span> 
     </span>
    </p>
   </div>
   <div class='ocr_carea' id='block_1_55' title="bbox 268 4076 1854 4148">
    <p class='ocr_par' dir='ltr' id='par_1_55' title="bbox 268 4076 1854 4148">
     <span class='ocr_line' id='line_1_55' title="bbox 268 4076 1854 4148; baseline 0.001 -18"><span class='ocrx_word' id='word_1_428' title='bbox 268 4077 371 4130; x_wconf 78' lang='grc' dir='ltr'><strong>τοῦ</strong></span> <span class='ocrx_word' id='word_1_429' title='bbox 411 4076 672 4148; x_wconf 82' lang='grc' dir='ltr'>Χριστοῦ,</span> <span class='ocrx_word' id='word_1_430' title='bbox 704 4077 823 4147; x_wconf 71' lang='grc' dir='ltr'>ἦτοι</span> <span class='ocrx_word' id='word_1_431' title='bbox 856 4077 958 4146; x_wconf 84' lang='grc' dir='ltr'><strong>τῆς</strong></span> <span class='ocrx_word' id='word_1_432' title='bbox 1000 4078 1351 4147; x_wconf 84' lang='grc' dir='ltr'>Ἐκκλησίας.</span> <span class='ocrx_word' id='word_1_433' title='bbox 1390 4079 1555 4131; x_wconf 81' lang='grc' dir='ltr'>Ὥστε</span> <span class='ocrx_word' id='word_1_434' title='bbox 1592 4079 1643 4132; x_wconf 91' lang='grc' dir='ltr'><strong>τί</strong></span> <span class='ocrx_word' id='word_1_435' title='bbox 1667 4080 1854 4147; x_wconf 85' lang='grc' dir='ltr'>ἀλγεῖς</span> 
     </span>
    </p>
   </div>
   <div class='ocr_carea' id='block_1_56' title="bbox 269 4165 1856 4238">
    <p class='ocr_par' dir='ltr' id='par_1_56' title="bbox 269 4165 1856 4238">
     <span class='ocr_line' id='line_1_56' title="bbox 269 4165 1856 4238; baseline 0.001 -21"><span class='ocrx_word' id='word_1_436' title='bbox 269 4167 351 4227; x_wconf 82' lang='grc' dir='ltr'>ὡς</span> <span class='ocrx_word' id='word_1_437' title='bbox 379 4165 604 4219; x_wconf 75' lang='grc' dir='ltr'>ἔλαττον</span> <span class='ocrx_word' id='word_1_438' title='bbox 629 4167 876 4236; x_wconf 80' lang='grc' dir='ltr'>χάρισμα</span> <span class='ocrx_word' id='word_1_439' title='bbox 898 4165 1111 4234; x_wconf 83' lang='grc' dir='ltr'>λαόών;</span> <span class='ocrx_word' id='word_1_440' title='bbox 1151 4167 1260 4219; x_wconf 76' lang='grc' dir='ltr'><strong>Καὶ</strong></span> <span class='ocrx_word' id='word_1_441' title='bbox 1290 4167 1399 4237; x_wconf 80' lang='grc' dir='ltr'><strong>γάρ</strong></span> <span class='ocrx_word' id='word_1_442' title='bbox 1433 4168 1525 4219; x_wconf 76' lang='grc' dir='ltr'><strong>καὶ</strong></span> <span class='ocrx_word' id='word_1_443' title='bbox 1557 4168 1621 4219; x_wconf 72' lang='grc' dir='ltr'><strong>σὺ</strong></span> <span class='ocrx_word' id='word_1_444' title='bbox 1660 4186 1678 4218; x_wconf 81' lang='grc' dir='ltr'><strong>ι</strong></span> <span class='ocrx_word' id='word_1_445' title='bbox 1718 4168 1856 4238; x_wconf 87' lang='grc' dir='ltr'>πρὸς</span> 
     </span>
    </p>
   </div>
   <div class='ocr_carea' id='block_1_57' title="bbox 267 4255 1856 4328">
    <p class='ocr_par' dir='ltr' id='par_1_57' title="bbox 267 4255 1856 4328">
     <span class='ocr_line' id='line_1_57' title="bbox 267 4255 1856 4328; baseline -0.001 -19"><span class='ocrx_word' id='word_1_446' title='bbox 267 4259 368 4309; x_wconf 63' lang='grc' dir='ltr'><strong>τὸν</strong></span> <span class='ocrx_word' id='word_1_447' title='bbox 425 4256 799 4327; x_wconf 75' lang='grc' dir='ltr'>καταρτισμὸν</span> <span class='ocrx_word' id='word_1_448' title='bbox 843 4255 951 4309; x_wconf 83' lang='grc' dir='ltr'><strong>τῶν</strong></span> <span class='ocrx_word' id='word_1_449' title='bbox 1008 4257 1199 4323; x_wconf 81' lang='grc' dir='ltr'>ἁγίων,</span> <span class='ocrx_word' id='word_1_450' title='bbox 1229 4275 1247 4307; x_wconf 71' lang='grc' dir='ltr'><strong>ι</strong></span> <span class='ocrx_word' id='word_1_451' title='bbox 1285 4258 1555 4319; x_wconf 84' lang='grc' dir='ltr'>τουτέστι,</span> <span class='ocrx_word' id='word_1_452' title='bbox 1595 4258 1729 4328; x_wconf 87' lang='grc' dir='ltr'>πρὸς</span> <span class='ocrx_word' id='word_1_453' title='bbox 1759 4257 1856 4327; x_wconf 83' lang='grc' dir='ltr'><strong>τὴν</strong></span> 
     </span>
    </p>
   </div>
   <div class='ocr_carea' id='block_1_58' title="bbox 269 4346 1856 4416">
    <p class='ocr_par' dir='ltr' id='par_1_58' title="bbox 269 4346 1856 4416">
     <span class='ocr_line' id='line_1_58' title="bbox 269 4346 1856 4416; baseline 0.002 -16"><span class='ocrx_word' id='word_1_454' title='bbox 269 4347 542 4416; x_wconf 79' lang='grc' dir='ltr'>ὠφέλειαν</span> <span class='ocrx_word' id='word_1_455' title='bbox 564 4346 672 4401; x_wconf 89' lang='grc' dir='ltr'><strong>τῶν</strong></span> <span class='ocrx_word' id='word_1_456' title='bbox 696 4346 928 4413; x_wconf 82' lang='grc' dir='ltr'>πιστῶν,</span> <span class='ocrx_word' id='word_1_457' title='bbox 955 4347 1051 4400; x_wconf 75' lang='grc' dir='ltr'>καὶ</span> <span class='ocrx_word' id='word_1_458' title='bbox 1077 4347 1172 4416; x_wconf 84' lang='grc' dir='ltr'>τὴν</span> <span class='ocrx_word' id='word_1_459' title='bbox 1197 4347 1478 4401; x_wconf 80' lang='grc' dir='ltr'>τελείωσιν</span> <span class='ocrx_word' id='word_1_460' title='bbox 1495 4348 1536 4380; x_wconf 71' lang='grc'><strong>⁸⁸</strong></span> <span class='ocrx_word' id='word_1_461' title='bbox 1563 4348 1856 4410; x_wconf 82' lang='grc' dir='ltr'>συντελεῖς.</span> 
     </span>
    </p>
   </div>
   <div class='ocr_carea' id='block_1_59' title="bbox 273 4434 1857 4509">
    <p class='ocr_par' dir='ltr' id='par_1_59' title="bbox 273 4434 1857 4509">
     <span class='ocr_line' id='line_1_59' title="bbox 273 4434 1857 4509; baseline 0.001 -18"><span class='ocrx_word' id='word_1_462' title='bbox 273 4439 422 4505; x_wconf 85' lang='grc' dir='ltr'>Ὀρα</span> <span class='ocrx_word' id='word_1_463' title='bbox 452 4436 565 4500; x_wconf 81' lang='grc' dir='ltr'>οὖν,</span> <span class='ocrx_word' id='word_1_464' title='bbox 605 4437 680 4509; x_wconf 80' lang='grc' dir='ltr'>μὴ</span> <span class='ocrx_word' id='word_1_465' title='bbox 710 4435 892 4492; x_wconf 77' lang='grc' dir='ltr'>λαὸὼν</span> <span class='ocrx_word' id='word_1_466' title='bbox 915 4434 979 4489; x_wconf 88' lang='grc' dir='ltr'><strong>τὸ</strong></span> <span class='ocrx_word' id='word_1_467' title='bbox 1006 4437 1275 4509; x_wconf 89' lang='grc' dir='ltr'>χάρισμα,</span> <span class='ocrx_word' id='word_1_468' title='bbox 1306 4438 1392 4491; x_wconf 83' lang='grc' dir='ltr'><strong>ἵνα</strong></span> <span class='ocrx_word' id='word_1_469' title='bbox 1425 4438 1616 4501; x_wconf 72' lang='grc' dir='ltr'>ἄλλους</span> <span class='ocrx_word' id='word_1_470' title='bbox 1650 4439 1857 4492; x_wconf 77' lang='grc' dir='ltr'>οἰκοδο-</span> 
     </span>
    </p>
   </div>
   <div class='ocr_carea' id='block_1_60' title="bbox 275 4522 1859 4599">
    <p class='ocr_par' dir='ltr' id='par_1_60' title="bbox 275 4522 1859 4599">
     <span class='ocr_line' id='line_1_60' title="bbox 275 4522 1859 4599; baseline -0.001 -18"><span class='ocrx_word' id='word_1_471' title='bbox 275 4530 409 4599; x_wconf 81' lang='grc' dir='ltr'>μῇς,</span> <span class='ocrx_word' id='word_1_472' title='bbox 441 4522 563 4581; x_wconf 81' lang='grc' dir='ltr'>εἶτα</span> <span class='ocrx_word' id='word_1_473' title='bbox 585 4529 649 4581; x_wconf 80' lang='grc' dir='ltr'><strong>ἐκ</strong></span> <span class='ocrx_word' id='word_1_474' title='bbox 672 4526 767 4581; x_wconf 89' lang='grc' dir='ltr'><strong>τοῦ</strong></span> <span class='ocrx_word' id='word_1_475' title='bbox 802 4526 1020 4594; x_wconf 79' lang='grc' dir='ltr'>φθονεῖν</span> <span class='ocrx_word' id='word_1_476' title='bbox 1053 4529 1168 4590; x_wconf 81' lang='grc' dir='ltr'>τοῖς</span> <span class='ocrx_word' id='word_1_477' title='bbox 1226 4527 1462 4597; x_wconf 75' lang='grc' dir='ltr'>μείζοσι,</span> <span class='ocrx_word' id='word_1_478' title='bbox 1499 4529 1721 4580; x_wconf 85' lang='grc' dir='ltr'>σεαυτὸν</span> <span class='ocrx_word' id='word_1_479' title='bbox 1759 4546 1859 4580; x_wconf 88' lang='grc' dir='ltr'>κα-</span> 
     </span>
    </p>
   </div>
   <div class='ocr_carea' id='block_1_61' title="bbox 1939 2065 3510 2142">
    <p class='ocr_par' dir='ltr' id='par_1_61' title="bbox 1939 2065 3510 2142">
     <span class='ocr_line' id='line_1_61' title="bbox 1939 2065 3510 2142; baseline -0.006 -16"><span class='ocrx_word' id='word_1_480' title='bbox 1939 2082 2119 2127; x_wconf 88' lang='lat' dir='ltr'><strong>autem</strong></span> <span class='ocrx_word' id='word_1_481' title='bbox 2145 2070 2341 2126; x_wconf 84' lang='lat' dir='ltr'><strong>Filium</strong></span> <span class='ocrx_word' id='word_1_482' title='bbox 2371 2074 2793 2142; x_wconf 86' lang='lat' dir='ltr'><strong>dispensatorem</strong></span> <span class='ocrx_word' id='word_1_483' title='bbox 2822 2071 2972 2124; x_wconf 81' lang='lat' dir='ltr'><strong>facit.</strong></span> <span class='ocrx_word' id='word_1_484' title='bbox 3011 2068 3123 2123; x_wconf 89' lang='lat' dir='ltr'><strong>Una</strong></span> <span class='ocrx_word' id='word_1_485' title='bbox 3154 2066 3318 2137; x_wconf 80' lang='lat' dir='ltr'><strong>igitur</strong></span> <span class='ocrx_word' id='word_1_486' title='bbox 3348 2065 3510 2119; x_wconf 86' lang='lat' dir='ltr'><strong>trium</strong></span> 
     </span>
    </p>
   </div>
   <div class='ocr_carea' id='block_1_62' title="bbox 1950 2166 2328 2233">
    <p class='ocr_par' dir='ltr' id='par_1_62' title="bbox 1950 2166 2328 2233">
     <span class='ocr_line' id='line_1_62' title="bbox 1950 2166 2328 2233; baseline -0.005 -14"><span class='ocrx_word' id='word_1_487' title='bbox 1950 2174 2034 2220; x_wconf 88' lang='lat' dir='ltr'><strong>est</strong></span> <span class='ocrx_word' id='word_1_488' title='bbox 2065 2166 2328 2233; x_wconf 84' lang='lat' dir='ltr'><strong>Operatio.</strong></span> 
     </span>
    </p>
   </div>
   <div class='ocr_carea' id='block_1_63' title="bbox 2017 2249 3515 2324">
    <p class='ocr_par' dir='ltr' id='par_1_63' title="bbox 2017 2249 3515 2324">
     <span class='ocr_line' id='line_1_63' title="bbox 2017 2249 3515 2324; baseline -0.006 -16"><span class='ocrx_word' id='word_1_489' title='bbox 2017 2275 2036 2308; x_wconf 79' lang='grc' dir='ltr'><strong>ι</strong></span> <span class='ocrx_word' id='word_1_490' title='bbox 2077 2256 2347 2323; x_wconf 87' lang='lat' dir='ltr'><strong>Quosdam</strong></span> <span class='ocrx_word' id='word_1_491' title='bbox 2400 2254 2617 2322; x_wconf 82' lang='lat' dir='ltr'><strong>quidem</strong></span> <span class='ocrx_word' id='word_1_492' title='bbox 2669 2252 2962 2324; x_wconf 86' lang='lat' dir='ltr'><strong>apostolos,</strong></span> <span class='ocrx_word' id='word_1_493' title='bbox 3012 2249 3274 2321; x_wconf 87' lang='lat' dir='ltr'><strong>quosdam</strong></span> <span class='ocrx_word' id='word_1_494' title='bbox 3332 2255 3515 2302; x_wconf 88' lang='lat' dir='ltr'><strong>autem</strong></span> 
     </span>
    </p>
   </div>
   <div class='ocr_carea' id='block_1_64' title="bbox 1940 2337 3514 2417">
    <p class='ocr_par' dir='ltr' id='par_1_64' title="bbox 1940 2337 3514 2417">
     <span class='ocr_line' id='line_1_64' title="bbox 1940 2337 3514 2417; baseline -0.007 -17"><span class='ocrx_word' id='word_1_495' title='bbox 1940 2347 2253 2417; x_wconf 81' lang='lat' dir='ltr'><strong>prophetas.</strong></span> <span class='ocrx_word' id='word_1_496' title='bbox 2303 2364 2321 2397; x_wconf 73' lang='grc' dir='ltr'><strong>ι</strong></span> <span class='ocrx_word' id='word_1_497' title='bbox 2399 2344 2562 2398; x_wconf 86' lang='lat' dir='ltr'><strong>Primi</strong></span> <span class='ocrx_word' id='word_1_498' title='bbox 2593 2352 2718 2397; x_wconf 90' lang='lat' dir='ltr'><strong>sunt</strong></span> <span class='ocrx_word' id='word_1_499' title='bbox 2768 2342 3020 2412; x_wconf 88' lang='lat' dir='ltr'><strong>apostoli,</strong></span> <span class='ocrx_word' id='word_1_500' title='bbox 3077 2337 3514 2409; x_wconf 84' lang='lat' dir='ltr'><strong>quandoquidem</strong></span> 
     </span>
    </p>
   </div>
   <div class='ocr_carea' id='block_1_65' title="bbox 1947 2422 3515 2506">
    <p class='ocr_par' dir='ltr' id='par_1_65' title="bbox 1947 2422 3515 2506">
     <span class='ocr_line' id='line_1_65' title="bbox 1947 2422 3515 2506; baseline -0.006 -17"><span class='ocrx_word' id='word_1_501' title='bbox 1947 2449 2003 2489; x_wconf 83' lang='lat' dir='ltr'><strong>et</strong></span> <span class='ocrx_word' id='word_1_502' title='bbox 2037 2436 2346 2506; x_wconf 88' lang='lat' dir='ltr'><strong>prophetias</strong></span> <span class='ocrx_word' id='word_1_503' title='bbox 2375 2434 2648 2488; x_wconf 87' lang='lat' dir='ltr'><strong>habebant</strong></span> <span class='ocrx_word' id='word_1_504' title='bbox 2678 2451 2691 2486; x_wconf 89' lang='lat'><strong>:</strong></span> <span class='ocrx_word' id='word_1_505' title='bbox 2722 2433 2996 2501; x_wconf 69' lang='lat' dir='ltr'><strong>prophetre</strong></span> <span class='ocrx_word' id='word_1_506' title='bbox 3038 2422 3247 2492; x_wconf 85' lang='lat' dir='ltr'><strong>autem,</strong></span> <span class='ocrx_word' id='word_1_507' title='bbox 3276 2430 3328 2481; x_wconf 93' lang='lat' dir='ltr'><strong>in</strong></span> <span class='ocrx_word' id='word_1_508' title='bbox 3365 2427 3515 2482; x_wconf 81' lang='lat' dir='ltr'><strong>Novo</strong></span> 
     </span>
    </p>
   </div>
   <div class='ocr_carea' id='block_1_66' title="bbox 1943 2519 3513 2594">
    <p class='ocr_par' dir='ltr' id='par_1_66' title="bbox 1943 2519 3513 2594">
     <span class='ocr_line' id='line_1_66' title="bbox 1943 2519 3513 2594; baseline -0.007 -14"><span class='ocrx_word' id='word_1_509' title='bbox 1943 2528 2153 2581; x_wconf 69' lang='lat' dir='ltr'><strong>scilicet</strong></span> <span class='ocrx_word' id='word_1_510' title='bbox 2206 2527 2578 2589; x_wconf 74' lang='lat' dir='ltr'><strong>Testamento,</strong></span> <span class='ocrx_word' id='word_1_511' title='bbox 2630 2523 2991 2594; x_wconf 88' lang='lat' dir='ltr'><strong>apostolatum</strong></span> <span class='ocrx_word' id='word_1_512' title='bbox 3056 2537 3159 2575; x_wconf 91' lang='lat' dir='ltr'><strong>non</strong></span> <span class='ocrx_word' id='word_1_513' title='bbox 3218 2519 3513 2575; x_wconf 74' lang='lat' dir='ltr'><strong>habebant.</strong></span> 
     </span>
    </p>
   </div>
   <div class='ocr_carea' id='block_1_67' title="bbox 2019 2611 3509 2681">
    <p class='ocr_par' dir='ltr' id='par_1_67' title="bbox 2019 2611 3509 2681">
     <span class='ocr_line' id='line_1_67' title="bbox 2019 2611 3509 2681; baseline -0.007 -10"><span class='ocrx_word' id='word_1_514' title='bbox 2019 2636 2039 2671; x_wconf 80' lang='grc' dir='ltr'><strong>ι</strong></span> <span class='ocrx_word' id='word_1_515' title='bbox 2081 2619 2228 2672; x_wconf 85' lang='lat' dir='ltr'><strong>Alios</strong></span> <span class='ocrx_word' id='word_1_516' title='bbox 2276 2631 2405 2670; x_wconf 89' lang='lat' dir='ltr'><strong>vero</strong></span> <span class='ocrx_word' id='word_1_517' title='bbox 2437 2617 2817 2681; x_wconf 76' lang='lat' dir='ltr'><strong>evangelistas.</strong></span> <span class='ocrx_word' id='word_1_518' title='bbox 2875 2633 2892 2665; x_wconf 77' lang='grc' dir='ltr'><strong>ι</strong></span> <span class='ocrx_word' id='word_1_519' title='bbox 2955 2613 3047 2668; x_wconf 81' lang='lat' dir='ltr'><strong>Vel</strong></span> <span class='ocrx_word' id='word_1_520' title='bbox 3104 2627 3198 2667; x_wconf 83' lang='lat' dir='ltr'><strong>eos</strong></span> <span class='ocrx_word' id='word_1_521' title='bbox 3233 2611 3322 2677; x_wconf 59' lang='lat' dir='ltr'><strong>(tui</strong></span> <span class='ocrx_word' id='word_1_522' title='bbox 3378 2624 3509 2664; x_wconf 88' lang='lat' dir='ltr'><strong>con-</strong></span> 
     </span>
    </p>
   </div>
   <div class='ocr_carea' id='block_1_68' title="bbox 1942 2699 3521 2779">
    <p class='ocr_par' dir='ltr' id='par_1_68' title="bbox 1942 2699 3521 2779">
     <span class='ocr_line' id='line_1_68' title="bbox 1942 2699 3521 2779; baseline -0.008 -16"><span class='ocrx_word' id='word_1_523' title='bbox 1942 2710 2278 2779; x_wconf 88' lang='lat' dir='ltr'><strong>scripserunt</strong></span> <span class='ocrx_word' id='word_1_524' title='bbox 2331 2706 2645 2777; x_wconf 73' lang='lat' dir='ltr'><strong>Evangelia,</strong></span> <span class='ocrx_word' id='word_1_525' title='bbox 2698 2704 2782 2759; x_wconf 86' lang='lat' dir='ltr'><strong>vel</strong></span> <span class='ocrx_word' id='word_1_526' title='bbox 2829 2704 2917 2774; x_wconf 90' lang='lat' dir='ltr'><strong>qui</strong></span> <span class='ocrx_word' id='word_1_527' title='bbox 2950 2718 3053 2757; x_wconf 93' lang='lat' dir='ltr'><strong>non</strong></span> <span class='ocrx_word' id='word_1_528' title='bbox 3104 2702 3339 2769; x_wconf 87' lang='lat' dir='ltr'><strong>undique</strong></span> <span class='ocrx_word' id='word_1_529' title='bbox 3406 2699 3521 2754; x_wconf 87' lang='lat' dir='ltr'><strong>cir-</strong></span> 
     </span>
    </p>
   </div>
   <div class='ocr_carea' id='block_1_69' title="bbox 1947 2789 3518 2868">
    <p class='ocr_par' dir='ltr' id='par_1_69' title="bbox 1947 2789 3518 2868">
     <span class='ocr_line' id='line_1_69' title="bbox 1947 2789 3518 2868; baseline -0.006 -14"><span class='ocrx_word' id='word_1_530' title='bbox 1947 2800 2259 2862; x_wconf 85' lang='lat' dir='ltr'><strong>cumierint,</strong></span> <span class='ocrx_word' id='word_1_531' title='bbox 2296 2798 2642 2868; x_wconf 80' lang='lat' dir='ltr'><strong>Evangelium</strong></span> <span class='ocrx_word' id='word_1_532' title='bbox 2699 2806 2878 2850; x_wconf 82' lang='lat' dir='ltr'><strong>tamen</strong></span> <span class='ocrx_word' id='word_1_533' title='bbox 2920 2794 3298 2864; x_wconf 59' lang='lat' dir='ltr'><strong>prmdicantes,</strong></span> <span class='ocrx_word' id='word_1_534' title='bbox 3328 2789 3518 2861; x_wconf 88' lang='lat' dir='ltr'><strong>quales</strong></span> 
     </span>
    </p>
   </div>
   <div class='ocr_carea' id='block_1_70' title="bbox 1942 2889 2815 2958">
    <p class='ocr_par' dir='ltr' id='par_1_70' title="bbox 1942 2889 2815 2958">
     <span class='ocr_line' id='line_1_70' title="bbox 1942 2889 2815 2958; baseline -0.006 -11"><span class='ocrx_word' id='word_1_535' title='bbox 1942 2892 2160 2947; x_wconf 83' lang='lat' dir='ltr'><strong>fuerunt</strong></span> <span class='ocrx_word' id='word_1_536' title='bbox 2189 2891 2433 2947; x_wconf 87' lang='lat' dir='ltr'><strong>Priscilla</strong></span> <span class='ocrx_word' id='word_1_537' title='bbox 2456 2900 2512 2946; x_wconf 92' lang='lat' dir='ltr'><strong>et</strong></span> <span class='ocrx_word' id='word_1_538' title='bbox 2541 2889 2730 2958; x_wconf 83' lang='lat' dir='ltr'><strong>Aquila</strong></span> <span class='ocrx_word' id='word_1_539' title='bbox 2764 2889 2815 2943; x_wconf 82' lang='lat' dir='ltr'><strong>h.</strong></span> 
     </span>
    </p>
   </div>
   <div class='ocr_carea' id='block_1_71' title="bbox 2023 2966 3533 3051">
    <p class='ocr_par' dir='ltr' id='par_1_71' title="bbox 2023 2966 3533 3051">
     <span class='ocr_line' id='line_1_71' title="bbox 2023 2966 3533 3051; baseline -0.005 -16"><span class='ocrx_word' id='word_1_540' title='bbox 2023 3000 2042 3035; x_wconf 78' lang='grc' dir='ltr'><strong>ι</strong></span> <span class='ocrx_word' id='word_1_541' title='bbox 2082 2984 2230 3038; x_wconf 88' lang='lat' dir='ltr'><strong>Alios</strong></span> <span class='ocrx_word' id='word_1_542' title='bbox 2258 2991 2438 3037; x_wconf 89' lang='lat' dir='ltr'><strong>autem</strong></span> <span class='ocrx_word' id='word_1_543' title='bbox 2470 2991 2717 3051; x_wconf 86' lang='lat' dir='ltr'><strong>pastores</strong></span> <span class='ocrx_word' id='word_1_544' title='bbox 2744 2986 2798 3034; x_wconf 89' lang='lat' dir='ltr'><strong>et</strong></span> <span class='ocrx_word' id='word_1_545' title='bbox 2829 2978 3103 3034; x_wconf 91' lang='lat' dir='ltr'><strong>doctores.</strong></span> <span class='ocrx_word' id='word_1_546' title='bbox 3132 2995 3151 3028; x_wconf 77' lang='grc' dir='ltr'><strong>ι</strong></span> <span class='ocrx_word' id='word_1_547' title='bbox 3187 2978 3289 3032; x_wconf 85' lang='lat' dir='ltr'><strong>Eos</strong></span> <span class='ocrx_word' id='word_1_548' title='bbox 3315 2966 3533 3045; x_wconf 10' lang='lat' dir='ltr'><strong>quibus»</strong></span> 
     </span>
    </p>
   </div>
   <div class='ocr_carea' id='block_1_72' title="bbox 1948 3068 3529 3141">
    <p class='ocr_par' dir='ltr' id='par_1_72' title="bbox 1948 3068 3529 3141">
     <span class='ocr_line' id='line_1_72' title="bbox 1948 3068 3529 3141; baseline -0.005 -11"><span class='ocrx_word' id='word_1_549' title='bbox 1948 3075 2202 3130; x_wconf 68' lang='lat' dir='ltr'><strong>Ecclesia:</strong></span> <span class='ocrx_word' id='word_1_550' title='bbox 2273 3085 2430 3129; x_wconf 88' lang='lat' dir='ltr'><strong>erant</strong></span> <span class='ocrx_word' id='word_1_551' title='bbox 2496 3073 2803 3127; x_wconf 71' lang='lat' dir='ltr'><strong>commissae</strong></span> <span class='ocrx_word' id='word_1_552' title='bbox 2871 3069 3166 3141; x_wconf 82' lang='lat' dir='ltr'><strong>intelligit,</strong></span> <span class='ocrx_word' id='word_1_553' title='bbox 3243 3068 3529 3139; x_wconf 75' lang='lat' dir='ltr'><strong>episcopos</strong></span> 
     </span>
    </p>
   </div>
   <div class='ocr_carea' id='block_1_73' title="bbox 1946 3164 3528 3240">
    <p class='ocr_par' dir='ltr' id='par_1_73' title="bbox 1946 3164 3528 3240">
     <span class='ocr_line' id='line_1_73' title="bbox 1946 3164 3528 3240; baseline -0.006 -13"><span class='ocrx_word' id='word_1_554' title='bbox 1946 3172 2172 3235; x_wconf 85' lang='lat' dir='ltr'><strong>scilicet,</strong></span> <span class='ocrx_word' id='word_1_555' title='bbox 2207 3170 2397 3240; x_wconf 89' lang='lat' dir='ltr'><strong>quales</strong></span> <span class='ocrx_word' id='word_1_556' title='bbox 2431 3178 2586 3223; x_wconf 89' lang='lat' dir='ltr'><strong>erant</strong></span> <span class='ocrx_word' id='word_1_557' title='bbox 2621 3167 2981 3230; x_wconf 83' lang='lat' dir='ltr'><strong>Timotheus,</strong></span> <span class='ocrx_word' id='word_1_558' title='bbox 3033 3165 3189 3220; x_wconf 86' lang='lat' dir='ltr'><strong>Titus</strong></span> <span class='ocrx_word' id='word_1_559' title='bbox 3217 3175 3268 3218; x_wconf 91' lang='lat' dir='ltr'><strong>et</strong></span> <span class='ocrx_word' id='word_1_560' title='bbox 3301 3164 3392 3218; x_wconf 89' lang='lat' dir='ltr'><strong>alii</strong></span> <span class='ocrx_word' id='word_1_561' title='bbox 3424 3165 3528 3217; x_wconf 60' lang='lat' dir='ltr'><strong>hu»</strong></span> 
     </span>
    </p>
   </div>
   <div class='ocr_carea' id='block_1_74' title="bbox 1944 3257 3518 3333">
    <p class='ocr_par' dir='ltr' id='par_1_74' title="bbox 1944 3257 3518 3333">
     <span class='ocr_line' id='line_1_74' title="bbox 1944 3257 3518 3333; baseline -0.004 -18"><span class='ocrx_word' id='word_1_562' title='bbox 1944 3261 2206 3333; x_wconf 86' lang='lat' dir='ltr'><strong>jusmodi.</strong></span> <span class='ocrx_word' id='word_1_563' title='bbox 2258 3260 2474 3315; x_wconf 86' lang='lat' dir='ltr'><strong>Poteris</strong></span> <span class='ocrx_word' id='word_1_564' title='bbox 2509 3266 2687 3313; x_wconf 89' lang='lat' dir='ltr'><strong>autem</strong></span> <span class='ocrx_word' id='word_1_565' title='bbox 2721 3273 2816 3326; x_wconf 88' lang='lat' dir='ltr'><strong>per</strong></span> <span class='ocrx_word' id='word_1_566' title='bbox 2859 3268 3129 3328; x_wconf 85' lang='lat' dir='ltr'><strong>pastores,</strong></span> <span class='ocrx_word' id='word_1_567' title='bbox 3167 3257 3518 3325; x_wconf 84' lang='lat' dir='ltr'><strong>presbyteros</strong></span> 
     </span>
    </p>
   </div>
   <div class='ocr_carea' id='block_1_75' title="bbox 1951 3346 3530 3423">
    <p class='ocr_par' dir='ltr' id='par_1_75' title="bbox 1951 3346 3530 3423">
     <span class='ocr_line' id='line_1_75' title="bbox 1951 3346 3530 3423; baseline -0.006 -15"><span class='ocrx_word' id='word_1_568' title='bbox 1951 3365 2006 3409; x_wconf 91' lang='lat' dir='ltr'><strong>et</strong></span> <span class='ocrx_word' id='word_1_569' title='bbox 2050 3354 2331 3421; x_wconf 88' lang='lat' dir='ltr'><strong>episcopos</strong></span> <span class='ocrx_word' id='word_1_570' title='bbox 2371 3350 2674 3421; x_wconf 80' lang='lat' dir='ltr'><strong>intelligere</strong></span> <span class='ocrx_word' id='word_1_571' title='bbox 2715 3366 2730 3403; x_wconf 93' lang='lat'><strong>:</strong></span> <span class='ocrx_word' id='word_1_572' title='bbox 2768 3363 2864 3419; x_wconf 90' lang='lat' dir='ltr'><strong>per</strong></span> <span class='ocrx_word' id='word_1_573' title='bbox 2911 3350 3164 3423; x_wconf 81' lang='lat' dir='ltr'><strong>doctores</strong></span> <span class='ocrx_word' id='word_1_574' title='bbox 3205 3361 3353 3409; x_wconf 88' lang='lat' dir='ltr'><strong>vero,</strong></span> <span class='ocrx_word' id='word_1_575' title='bbox 3383 3346 3530 3415; x_wconf 85' lang='lat' dir='ltr'><strong>ipsos</strong></span> 
     </span>
    </p>
   </div>
   <div class='ocr_carea' id='block_1_76' title="bbox 1950 3434 3525 3509">
    <p class='ocr_par' dir='ltr' id='par_1_76' title="bbox 1950 3434 3525 3509">
     <span class='ocr_line' id='line_1_76' title="bbox 1950 3434 3525 3509; baseline -0.007 -11"><span class='ocrx_word' id='word_1_576' title='bbox 1950 3444 2113 3498; x_wconf 88' lang='lat' dir='ltr'><strong>etiam</strong></span> <span class='ocrx_word' id='word_1_577' title='bbox 2151 3442 2408 3496; x_wconf 86' lang='lat' dir='ltr'><strong>diaconos</strong></span> <span class='ocrx_word' id='word_1_578' title='bbox 2469 3441 2714 3509; x_wconf 85' lang='lat' dir='ltr'><strong>adeoque</strong></span> <span class='ocrx_word' id='word_1_579' title='bbox 2765 3438 3069 3492; x_wconf 86' lang='lat' dir='ltr'><strong>ministros.</strong></span> <span class='ocrx_word' id='word_1_580' title='bbox 3107 3437 3314 3490; x_wconf 79' lang='lat' dir='ltr'><strong>Etenim</strong></span> <span class='ocrx_word' id='word_1_581' title='bbox 3348 3446 3404 3489; x_wconf 86' lang='lat' dir='ltr'><strong>et</strong></span> <span class='ocrx_word' id='word_1_582' title='bbox 3454 3434 3525 3488; x_wconf 78' lang='lat' dir='ltr'><strong>illi</strong></span> 
     </span>
    </p>
   </div>
   <div class='ocr_carea' id='block_1_77' title="bbox 1951 3524 3529 3601">
    <p class='ocr_par' dir='ltr' id='par_1_77' title="bbox 1951 3524 3529 3601">
     <span class='ocr_line' id='line_1_77' title="bbox 1951 3524 3529 3601; baseline -0.005 -12"><span class='ocrx_word' id='word_1_583' title='bbox 1951 3535 2201 3589; x_wconf 89' lang='lat' dir='ltr'><strong>ordinem</strong></span> <span class='ocrx_word' id='word_1_584' title='bbox 2231 3533 2497 3588; x_wconf 88' lang='lat' dir='ltr'><strong>habentes</strong></span> <span class='ocrx_word' id='word_1_585' title='bbox 2533 3529 2888 3601; x_wconf 78' lang='lat' dir='ltr'><strong>expurgandi,</strong></span> <span class='ocrx_word' id='word_1_586' title='bbox 2925 3544 3021 3599; x_wconf 89' lang='lat' dir='ltr'><strong>per</strong></span> <span class='ocrx_word' id='word_1_587' title='bbox 3048 3529 3269 3583; x_wconf 84' lang='lat' dir='ltr'><strong>verbum</strong></span> <span class='ocrx_word' id='word_1_588' title='bbox 3304 3524 3529 3582; x_wconf 86' lang='lat' dir='ltr'><strong>omnino</strong></span> 
     </span>
    </p>
   </div>
   <div class='ocr_carea' id='block_1_78' title="bbox 1952 3626 2396 3683">
    <p class='ocr_par' dir='ltr' id='par_1_78' title="bbox 1952 3626 2396 3683">
     <span class='ocr_line' id='line_1_78' title="bbox 1952 3626 2396 3683; baseline -0.009 -1"><span class='ocrx_word' id='word_1_589' title='bbox 1952 3628 2145 3683; x_wconf 90' lang='lat' dir='ltr'><strong>sordes</strong></span> <span class='ocrx_word' id='word_1_590' title='bbox 2178 3626 2396 3680; x_wconf 87' lang='lat' dir='ltr'><strong>tollunt.</strong></span> 
     </span>
    </p>
   </div>
   <div class='ocr_carea' id='block_1_79' title="bbox 2033 3708 3526 3775">
    <p class='ocr_par' dir='ltr' id='par_1_79' title="bbox 2033 3708 3526 3775">
     <span class='ocr_line' id='line_1_79' title="bbox 2033 3708 3526 3775; baseline -0.007 -4"><span class='ocrx_word' id='word_1_591' title='bbox 2033 3716 2195 3772; x_wconf 71' lang='lat' dir='ltr'><strong>Vens.</strong></span> <span class='ocrx_word' id='word_1_592' title='bbox 2227 3717 2314 3771; x_wconf 70' lang='lat'><strong>12.</strong></span> <span class='ocrx_word' id='word_1_593' title='bbox 2364 3734 2383 3766; x_wconf 78' lang='grc' dir='ltr'><strong>ι</strong></span> <span class='ocrx_word' id='word_1_594' title='bbox 2417 3714 2496 3768; x_wconf 83' lang='lat' dir='ltr'><strong>Ad</strong></span> <span class='ocrx_word' id='word_1_595' title='bbox 2537 3712 3060 3770; x_wconf 89' lang='lat' dir='ltr'><strong>consummationem</strong></span> <span class='ocrx_word' id='word_1_596' title='bbox 3101 3718 3440 3775; x_wconf 90' lang='lat' dir='ltr'><strong>sanctorum,</strong></span> <span class='ocrx_word' id='word_1_597' title='bbox 3473 3708 3526 3760; x_wconf 92' lang='lat' dir='ltr'><strong>in</strong></span> 
     </span>
    </p>
   </div>
   <div class='ocr_carea' id='block_1_80' title="bbox 1952 3801 3528 3879">
    <p class='ocr_par' dir='ltr' id='par_1_80' title="bbox 1952 3801 3528 3879">
     <span class='ocr_line' id='line_1_80' title="bbox 1952 3801 3528 3879; baseline -0.006 -16"><span class='ocrx_word' id='word_1_598' title='bbox 1952 3823 2087 3879; x_wconf 87' lang='lat' dir='ltr'><strong>opus</strong></span> <span class='ocrx_word' id='word_1_599' title='bbox 2116 3806 2420 3872; x_wconf 89' lang='lat' dir='ltr'><strong>ministerii,</strong></span> <span class='ocrx_word' id='word_1_600' title='bbox 2453 3806 2507 3861; x_wconf 92' lang='lat' dir='ltr'><strong>in</strong></span> <span class='ocrx_word' id='word_1_601' title='bbox 2534 3805 2946 3860; x_wconf 81' lang='lat' dir='ltr'><strong>aediﬁcationem</strong></span> <span class='ocrx_word' id='word_1_602' title='bbox 2972 3802 3216 3874; x_wconf 89' lang='lat' dir='ltr'><strong>corporis</strong></span> <span class='ocrx_word' id='word_1_603' title='bbox 3241 3801 3465 3856; x_wconf 86' lang='lat' dir='ltr'><strong>Christi.</strong></span> <span class='ocrx_word' id='word_1_604' title='bbox 3504 3818 3528 3854; x_wconf 61' lang='grc' dir='ltr'>θ</span> 
     </span>
    </p>
   </div>
   <div class='ocr_carea' id='block_1_81' title="bbox 1955 3891 3528 3964">
    <p class='ocr_par' dir='ltr' id='par_1_81' title="bbox 1955 3891 3528 3964">
     <span class='ocr_line' id='line_1_81' title="bbox 1955 3891 3528 3964; baseline -0.008 -10"><span class='ocrx_word' id='word_1_605' title='bbox 1955 3899 2124 3955; x_wconf 79' lang='lat' dir='ltr'><strong>Vides</strong></span> <span class='ocrx_word' id='word_1_606' title='bbox 2196 3895 2563 3964; x_wconf 71' lang='lat' dir='ltr'><strong>dignitatem?</strong></span> <span class='ocrx_word' id='word_1_607' title='bbox 2629 3895 3018 3963; x_wconf 81' lang='lat' dir='ltr'><strong>Unusquisque</strong></span> <span class='ocrx_word' id='word_1_608' title='bbox 3103 3891 3375 3946; x_wconf 75' lang='lat' dir='ltr'><strong>ministrat</strong></span> <span class='ocrx_word' id='word_1_609' title='bbox 3460 3893 3528 3942; x_wconf 85' lang='lat' dir='ltr'><strong>ad</strong></span> 
     </span>
    </p>
   </div>
   <div class='ocr_carea' id='block_1_82' title="bbox 1956 3981 3529 4057">
    <p class='ocr_par' dir='ltr' id='par_1_82' title="bbox 1956 3981 3529 4057">
     <span class='ocr_line' id='line_1_82' title="bbox 1956 3981 3529 4057; baseline -0.008 -12"><span class='ocrx_word' id='word_1_610' title='bbox 1956 4005 2022 4045; x_wconf 82' lang='lat' dir='ltr'><strong>ex</strong></span> <span class='ocrx_word' id='word_1_611' title='bbox 2036 3989 2396 4044; x_wconf 90' lang='lat' dir='ltr'><strong>structionem</strong></span> <span class='ocrx_word' id='word_1_612' title='bbox 2423 3988 2667 4057; x_wconf 88' lang='lat' dir='ltr'><strong>corporis</strong></span> <span class='ocrx_word' id='word_1_613' title='bbox 2696 3986 2923 4047; x_wconf 80' lang='lat' dir='ltr'><strong>Christi,</strong></span> <span class='ocrx_word' id='word_1_614' title='bbox 2950 3985 3063 4038; x_wconf 85' lang='lat' dir='ltr'><strong>sive</strong></span> <span class='ocrx_word' id='word_1_615' title='bbox 3084 3982 3358 4039; x_wconf 67' lang='lat' dir='ltr'><strong>Ecclesiae.</strong></span> <span class='ocrx_word' id='word_1_616' title='bbox 3391 3981 3529 4048; x_wconf 83' lang='lat' dir='ltr'><strong>Quid</strong></span> 
     </span>
    </p>
   </div>
   <div class='ocr_carea' id='block_1_83' title="bbox 1956 4070 3532 4152">
    <p class='ocr_par' dir='ltr' id='par_1_83' title="bbox 1956 4070 3532 4152">
     <span class='ocr_line' id='line_1_83' title="bbox 1956 4070 3532 4152; baseline -0.009 -15"><span class='ocrx_word' id='word_1_617' title='bbox 1956 4083 2140 4152; x_wconf 86' lang='lat' dir='ltr'><strong>itaque</strong></span> <span class='ocrx_word' id='word_1_618' title='bbox 2201 4095 2345 4151; x_wconf 63' lang='grc' dir='ltr'>πετο</span> <span class='ocrx_word' id='word_1_619' title='bbox 2393 4079 2524 4141; x_wconf 81' lang='lat' dir='ltr'><strong>fers,</strong></span> <span class='ocrx_word' id='word_1_620' title='bbox 2567 4093 2664 4133; x_wconf 91' lang='lat' dir='ltr'><strong>ceu</strong></span> <span class='ocrx_word' id='word_1_621' title='bbox 2714 4078 2896 4131; x_wconf 87' lang='lat' dir='ltr'><strong>minus</strong></span> <span class='ocrx_word' id='word_1_622' title='bbox 2962 4077 3160 4129; x_wconf 87' lang='lat' dir='ltr'><strong>donum</strong></span> <span class='ocrx_word' id='word_1_623' title='bbox 3219 4070 3532 4143; x_wconf 75' lang='lat' dir='ltr'><strong>acceperis?</strong></span> 
     </span>
    </p>
   </div>
   <div class='ocr_carea' id='block_1_84' title="bbox 1955 4164 3531 4229">
    <p class='ocr_par' dir='ltr' id='par_1_84' title="bbox 1955 4164 3531 4229">
     <span class='ocr_line' id='line_1_84' title="bbox 1955 4164 3531 4229; baseline -0.008 -1"><span class='ocrx_word' id='word_1_624' title='bbox 1955 4173 2091 4228; x_wconf 88' lang='lat' dir='ltr'><strong>Nam</strong></span> <span class='ocrx_word' id='word_1_625' title='bbox 2120 4182 2174 4228; x_wconf 88' lang='lat' dir='ltr'><strong>et</strong></span> <span class='ocrx_word' id='word_1_626' title='bbox 2205 4181 2260 4226; x_wconf 94' lang='lat' dir='ltr'><strong>tu</strong></span> <span class='ocrx_word' id='word_1_627' title='bbox 2290 4191 2308 4223; x_wconf 79' lang='grc' dir='ltr'><strong>ι</strong></span> <span class='ocrx_word' id='word_1_628' title='bbox 2340 4174 2406 4225; x_wconf 89' lang='lat' dir='ltr'><strong>ad</strong></span> <span class='ocrx_word' id='word_1_629' title='bbox 2429 4168 2951 4226; x_wconf 87' lang='lat' dir='ltr'><strong>consummationem</strong></span> <span class='ocrx_word' id='word_1_630' title='bbox 2982 4176 3321 4229; x_wconf 87' lang='lat' dir='ltr'><strong>sanctorum,</strong></span> <span class='ocrx_word' id='word_1_631' title='bbox 3364 4182 3383 4216; x_wconf 67' lang='grc' dir='ltr'><strong>ι</strong></span> <span class='ocrx_word' id='word_1_632' title='bbox 3428 4164 3531 4218; x_wconf 85' lang='lat' dir='ltr'><strong>hoc</strong></span> 
     </span>
    </p>
   </div>
   <div class='ocr_carea' id='block_1_85' title="bbox 1958 4254 3529 4331">
    <p class='ocr_par' dir='ltr' id='par_1_85' title="bbox 1958 4254 3529 4331">
     <span class='ocr_line' id='line_1_85' title="bbox 1958 4254 3529 4331; baseline -0.011 -8"><span class='ocrx_word' id='word_1_633' title='bbox 1958 4278 2063 4331; x_wconf 84' lang='lat' dir='ltr'><strong>est,</strong></span> <span class='ocrx_word' id='word_1_634' title='bbox 2132 4266 2198 4320; x_wconf 90' lang='lat' dir='ltr'><strong>ad</strong></span> <span class='ocrx_word' id='word_1_635' title='bbox 2247 4263 2688 4320; x_wconf 87' lang='lat' dir='ltr'><strong>commoditatem</strong></span> <span class='ocrx_word' id='word_1_636' title='bbox 2747 4259 2984 4314; x_wconf 83' lang='lat' dir='ltr'><strong>ﬁdelium</strong></span> <span class='ocrx_word' id='word_1_637' title='bbox 3045 4267 3100 4312; x_wconf 87' lang='lat' dir='ltr'><strong>et</strong></span> <span class='ocrx_word' id='word_1_638' title='bbox 3147 4254 3529 4324; x_wconf 82' lang='lat' dir='ltr'><strong>perfectionem</strong></span> 
     </span>
    </p>
   </div>
   <div class='ocr_carea' id='block_1_86' title="bbox 1959 4345 3533 4424">
    <p class='ocr_par' dir='ltr' id='par_1_86' title="bbox 1959 4345 3533 4424">
     <span class='ocr_line' id='line_1_86' title="bbox 1959 4345 3533 4424; baseline -0.011 -8"><span class='ocrx_word' id='word_1_639' title='bbox 1959 4358 2300 4416; x_wconf 87' lang='lat' dir='ltr'><strong>commodas.</strong></span> <span class='ocrx_word' id='word_1_640' title='bbox 2335 4355 2482 4411; x_wconf 88' lang='lat' dir='ltr'><strong>Cave</strong></span> <span class='ocrx_word' id='word_1_641' title='bbox 2517 4356 2681 4424; x_wconf 77' lang='lat' dir='ltr'><strong>igitur</strong></span> <span class='ocrx_word' id='word_1_642' title='bbox 2733 4366 2801 4407; x_wconf 90' lang='lat' dir='ltr'><strong>ne</strong></span> <span class='ocrx_word' id='word_1_643' title='bbox 2852 4359 3076 4418; x_wconf 86' lang='lat' dir='ltr'><strong>accepto</strong></span> <span class='ocrx_word' id='word_1_644' title='bbox 3110 4348 3253 4402; x_wconf 78' lang='lat' dir='ltr'><strong>dono</strong></span> <span class='ocrx_word' id='word_1_645' title='bbox 3285 4356 3344 4399; x_wconf 91' lang='lat' dir='ltr'><strong>ut</strong></span> <span class='ocrx_word' id='word_1_646' title='bbox 3397 4345 3533 4398; x_wconf 89' lang='lat' dir='ltr'><strong>alios</strong></span> 
     </span>
    </p>
   </div>
   <div class='ocr_carea' id='block_1_87' title="bbox 1957 4437 3528 4517">
    <p class='ocr_par' dir='ltr' id='par_1_87' title="bbox 1957 4437 3528 4517">
     <span class='ocr_line' id='line_1_87' title="bbox 1957 4437 3528 4517; baseline -0.013 -9"><span class='ocrx_word' id='word_1_647' title='bbox 1957 4452 2216 4517; x_wconf 72' lang='lat' dir='ltr'><strong>aedifices,</strong></span> <span class='ocrx_word' id='word_1_648' title='bbox 2247 4448 2478 4517; x_wconf 85' lang='lat' dir='ltr'><strong>teipsum</strong></span> <span class='ocrx_word' id='word_1_649' title='bbox 2525 4443 2819 4511; x_wconf 83' lang='lat' dir='ltr'><strong>maioribus</strong></span> <span class='ocrx_word' id='word_1_650' title='bbox 2867 4438 3161 4494; x_wconf 87' lang='lat' dir='ltr'><strong>invidendo</strong></span> <span class='ocrx_word' id='word_1_651' title='bbox 3223 4437 3528 4490; x_wconf 85' lang='lat' dir='ltr'><strong>subvertas.</strong></span> 
     </span>
    </p>
   </div>
   <div class='ocr_carea' id='block_1_88' title="bbox 1957 4525 3534 4604">
    <p class='ocr_par' dir='ltr' id='par_1_88' title="bbox 1957 4525 3534 4604">
     <span class='ocr_line' id='line_1_88' title="bbox 1957 4525 3534 4604; baseline -0.011 -7"><span class='ocrx_word' id='word_1_652' title='bbox 1957 4542 2255 4604; x_wconf 65' lang='lat' dir='ltr'><strong>Praeterea,</strong></span> <span class='ocrx_word' id='word_1_653' title='bbox 2310 4538 2356 4591; x_wconf 92' lang='lat' dir='ltr'><strong>si</strong></span> <span class='ocrx_word' id='word_1_654' title='bbox 2407 4537 2474 4590; x_wconf 87' lang='lat' dir='ltr'><strong>ad</strong></span> <span class='ocrx_word' id='word_1_655' title='bbox 2512 4532 3039 4588; x_wconf 89' lang='lat' dir='ltr'><strong>consummationem</strong></span> <span class='ocrx_word' id='word_1_656' title='bbox 3097 4527 3334 4581; x_wconf 77' lang='lat' dir='ltr'><strong>fidelium</strong></span> <span class='ocrx_word' id='word_1_657' title='bbox 3396 4525 3534 4579; x_wconf 89' lang='lat' dir='ltr'><strong>alius</strong></span> 
     </span>
    </p>
   </div>
   <div class='ocr_carea' id='block_1_89' title="bbox 271 4620 1843 4702">
    <p class='ocr_par' dir='ltr' id='par_1_89' title="bbox 271 4620 1843 4693">
     <span class='ocr_line' id='line_1_89' title="bbox 271 4620 1843 4693; baseline -0.002 -18"><span class='ocrx_word' id='word_1_658' title='bbox 271 4620 607 4693; x_wconf 73' lang='grc' dir='ltr'>ταστρέψῃς.</span> <span class='ocrx_word' id='word_1_659' title='bbox 676 4622 933 4682; x_wconf 86' lang='grc' dir='ltr'>Ἔπειτα,</span> <span class='ocrx_word' id='word_1_660' title='bbox 999 4622 1049 4672; x_wconf 80' lang='grc' dir='ltr'><strong>ει</strong></span> <span class='ocrx_word' id='word_1_661' title='bbox 1118 4620 1255 4691; x_wconf 85' lang='grc' dir='ltr'>πρὸς</span> <span class='ocrx_word' id='word_1_662' title='bbox 1309 4621 1679 4689; x_wconf 78' lang='grc' dir='ltr'>καταρτισμὸν</span> <span class='ocrx_word' id='word_1_663' title='bbox 1746 4620 1843 4672; x_wconf 72' lang='grc' dir='ltr'><strong>τῶι</strong></span> 
     </span>
    </p>
   </div>
   <div class='ocr_carea' id='block_1_90' title="bbox 1957 4620 3533 4702">
    <p class='ocr_par' dir='ltr' id='par_1_90' title="bbox 1960 4620 3533 4702">
     <span class='ocr_line' id='line_1_90' title="bbox 1960 4620 3533 4702; baseline -0.012 -13"><span class='ocrx_word' id='word_1_664' title='bbox 1960 4632 2167 4702; x_wconf 90' lang='lat' dir='ltr'><strong>accepit</strong></span> <span class='ocrx_word' id='word_1_665' title='bbox 2210 4631 2384 4697; x_wconf 84' lang='lat' dir='ltr'><strong>majus</strong></span> <span class='ocrx_word' id='word_1_666' title='bbox 2430 4629 2655 4691; x_wconf 88' lang='lat' dir='ltr'><strong>donum,</strong></span> <span class='ocrx_word' id='word_1_667' title='bbox 2703 4624 2877 4695; x_wconf 84' lang='lat' dir='ltr'><strong>cogita</strong></span> <span class='ocrx_word' id='word_1_668' title='bbox 2910 4623 3053 4692; x_wconf 89' lang='lat' dir='ltr'><strong>quod</strong></span> <span class='ocrx_word' id='word_1_669' title='bbox 3092 4620 3266 4691; x_wconf 71' lang='lat' dir='ltr'><strong>ipsius</strong></span> <span class='ocrx_word' id='word_1_670' title='bbox 3318 4631 3533 4687; x_wconf 87' lang='lat' dir='ltr'><strong>quoque</strong></span> 
     </span>
    </p>
   </div>
   <div class='ocr_carea' id='block_1_91' title="bbox 276 4712 1855 4782">
    <p class='ocr_par' dir='ltr' id='par_1_91' title="bbox 276 4712 1855 4782">
     <span class='ocr_line' id='line_1_91' title="bbox 276 4712 1855 4782; baseline -0.001 -15"><span class='ocrx_word' id='word_1_671' title='bbox 276 4713 492 4768; x_wconf 81' lang='grc' dir='ltr'>πιστῶν</span> <span class='ocrx_word' id='word_1_672' title='bbox 521 4712 715 4766; x_wconf 76' lang='grc' dir='ltr'>ἐλαϐεν</span> <span class='ocrx_word' id='word_1_673' title='bbox 745 4712 903 4774; x_wconf 81' lang='grc' dir='ltr'>ἀλλος</span> <span class='ocrx_word' id='word_1_674' title='bbox 937 4712 1002 4765; x_wconf 82' lang='grc' dir='ltr'><strong>τὸ</strong></span> <span class='ocrx_word' id='word_1_675' title='bbox 1034 4712 1218 4781; x_wconf 74' lang='grc' dir='ltr'>μεῖζον</span> <span class='ocrx_word' id='word_1_676' title='bbox 1248 4712 1517 4782; x_wconf 84' lang='grc' dir='ltr'>χάρισμα,</span> <span class='ocrx_word' id='word_1_677' title='bbox 1564 4712 1731 4766; x_wconf 78' lang='grc' dir='ltr'>ἐννόει</span> <span class='ocrx_word' id='word_1_678' title='bbox 1769 4713 1855 4765; x_wconf 85' lang='grc' dir='ltr'>ὃτι</span> 
     </span>
    </p>
   </div>
   <div class='ocr_carea' id='block_1_92' title="bbox 276 4803 1854 4876">
    <p class='ocr_par' dir='ltr' id='par_1_92' title="bbox 276 4803 1854 4876">
     <span class='ocr_line' id='line_1_92' title="bbox 276 4803 1854 4876; baseline -0.003 -16"><span class='ocrx_word' id='word_1_679' title='bbox 276 4807 377 4860; x_wconf 75' lang='grc' dir='ltr'><strong>καὶ</strong></span> <span class='ocrx_word' id='word_1_680' title='bbox 404 4804 606 4876; x_wconf 80' lang='grc' dir='ltr'>μείζων</span> <span class='ocrx_word' id='word_1_681' title='bbox 633 4807 662 4857; x_wconf 87' lang='grc' dir='ltr'><strong>ό</strong></span> <span class='ocrx_word' id='word_1_682' title='bbox 688 4804 857 4866; x_wconf 81' lang='grc' dir='ltr'>κόπος</span> <span class='ocrx_word' id='word_1_683' title='bbox 882 4805 977 4856; x_wconf 77' lang='grc' dir='ltr'>καὶ</span> <span class='ocrx_word' id='word_1_684' title='bbox 999 4805 1033 4874; x_wconf 83' lang='grc' dir='ltr'>ἡ</span> <span class='ocrx_word' id='word_1_685' title='bbox 1061 4803 1330 4859; x_wconf 86' lang='grc' dir='ltr'>διακονία.</span> <span class='ocrx_word' id='word_1_686' title='bbox 1363 4806 1457 4857; x_wconf 77' lang='grc' dir='ltr'>καὶ</span> <span class='ocrx_word' id='word_1_687' title='bbox 1479 4805 1513 4874; x_wconf 81' lang='grc' dir='ltr'><strong>ἡ</strong></span> <span class='ocrx_word' id='word_1_688' title='bbox 1532 4804 1624 4856; x_wconf 79' lang='grc' dir='ltr'>ἐπὶ</span> <span class='ocrx_word' id='word_1_689' title='bbox 1646 4804 1854 4869; x_wconf 78' lang='grc' dir='ltr'>τούτοις</span> 
     </span>
    </p>
   </div>
   <div class='ocr_carea' id='block_1_93' title="bbox 277 4893 1852 4969">
    <p class='ocr_par' dir='ltr' id='par_1_93' title="bbox 277 4893 1852 4969">
     <span class='ocr_line' id='line_1_93' title="bbox 277 4893 1852 4969; baseline -0.003 -17"><span class='ocrx_word' id='word_1_690' title='bbox 277 4898 482 4969; x_wconf 77' lang='grc' dir='ltr'>εὐθύνη</span> <span class='ocrx_word' id='word_1_691' title='bbox 527 4896 751 4967; x_wconf 74' lang='grc' dir='ltr'>μείζων.</span> <span class='ocrx_word' id='word_1_692' title='bbox 801 4895 1010 4957; x_wconf 78' lang='grc' dir='ltr'>Ἀλλως</span> <span class='ocrx_word' id='word_1_693' title='bbox 1038 4895 1118 4960; x_wconf 83' lang='grc' dir='ltr'><strong>δὲ,</strong></span> <span class='ocrx_word' id='word_1_694' title='bbox 1153 4893 1272 4958; x_wconf 90' lang='grc' dir='ltr'><strong>πῶς</strong></span> <span class='ocrx_word' id='word_1_695' title='bbox 1304 4896 1366 4948; x_wconf 87' lang='grc' dir='ltr'><strong>οὐ</strong></span> <span class='ocrx_word' id='word_1_696' title='bbox 1420 4895 1709 4948; x_wconf 83' lang='grc' dir='ltr'>σατανικὸν</span> <span class='ocrx_word' id='word_1_697' title='bbox 1746 4895 1852 4948; x_wconf 83' lang='grc' dir='ltr'>πά-</span> 
     </span>
    </p>
   </div>
   <div class='ocr_carea' id='block_1_94' title="bbox 280 4987 1855 5058">
    <p class='ocr_par' dir='ltr' id='par_1_94' title="bbox 280 4987 1855 5058">
     <span class='ocr_line' id='line_1_94' title="bbox 280 4987 1855 5058; baseline -0.001 -16"><span class='ocrx_word' id='word_1_698' title='bbox 280 4992 375 5055; x_wconf 84' lang='grc' dir='ltr'><strong>θος</strong></span> <span class='ocrx_word' id='word_1_699' title='bbox 412 4989 629 5058; x_wconf 82' lang='grc' dir='ltr'>φθονεῖν</span> <span class='ocrx_word' id='word_1_700' title='bbox 673 4987 752 5057; x_wconf 84' lang='grc' dir='ltr'>τῷ</span> <span class='ocrx_word' id='word_1_701' title='bbox 797 4988 1174 5056; x_wconf 78' lang='grc' dir='ltr'>καταρτίζοντι</span> <span class='ocrx_word' id='word_1_702' title='bbox 1224 4989 1320 5042; x_wconf 78' lang='grc' dir='ltr'>καὶ</span> <span class='ocrx_word' id='word_1_703' title='bbox 1369 4989 1738 5057; x_wconf 71' lang='grc' dir='ltr'>οἰκοδομοῦντι</span> <span class='ocrx_word' id='word_1_704' title='bbox 1793 4989 1855 5041; x_wconf 90' lang='grc' dir='ltr'><strong>τὸ</strong></span> 
     </span>
    </p>
   </div>
   <div class='ocr_carea' id='block_1_95' title="bbox 282 5076 1377 5149">
    <p class='ocr_par' dir='ltr' id='par_1_95' title="bbox 282 5076 1377 5149">
     <span class='ocr_line' id='line_1_95' title="bbox 282 5076 1377 5149; baseline -0.002 -16"><span class='ocrx_word' id='word_1_705' title='bbox 282 5080 446 5148; x_wconf 87' lang='grc' dir='ltr'>σῶμα</span> <span class='ocrx_word' id='word_1_706' title='bbox 479 5077 749 5149; x_wconf 85' lang='grc' dir='ltr'>Χριστοῦ;</span> <span class='ocrx_word' id='word_1_707' title='bbox 785 5076 1030 5130; x_wconf 86' lang='grc' dir='ltr'>ἀντιθέου</span> <span class='ocrx_word' id='word_1_708' title='bbox 1062 5076 1171 5145; x_wconf 84' lang='grc' dir='ltr'>γὰρ</span> <span class='ocrx_word' id='word_1_709' title='bbox 1198 5076 1377 5131; x_wconf 85' lang='grc' dir='ltr'>τοῦτο.</span> 
     </span>
    </p>
   </div>
   <div class='ocr_carea' id='block_1_96' title="bbox 358 5164 1859 5238">
    <p class='ocr_par' dir='ltr' id='par_1_96' title="bbox 358 5164 1859 5238">
     <span class='ocr_line' id='line_1_96' title="bbox 358 5164 1859 5238; baseline 0.003 -21"><span class='ocrx_word' id='word_1_710' title='bbox 358 5184 378 5217; x_wconf 76' lang='grc' dir='ltr'><strong>ι</strong></span> <span class='ocrx_word' id='word_1_711' title='bbox 413 5166 596 5235; x_wconf 83' lang='grc' dir='ltr'>Μέχρι</span> <span class='ocrx_word' id='word_1_712' title='bbox 621 5164 1048 5233; x_wconf 83' lang='grc' dir='ltr'>καταντήσωμεν</span> <span class='ocrx_word' id='word_1_713' title='bbox 1077 5166 1126 5219; x_wconf 82' lang='lat' dir='ltr'><strong>ot</strong></span> <span class='ocrx_word' id='word_1_714' title='bbox 1160 5164 1361 5227; x_wconf 86' lang='grc' dir='ltr'>πάντες</span> <span class='ocrx_word' id='word_1_715' title='bbox 1392 5168 1473 5229; x_wconf 86' lang='grc' dir='ltr'>εἰς</span> <span class='ocrx_word' id='word_1_716' title='bbox 1506 5167 1604 5238; x_wconf 83' lang='grc' dir='ltr'>τὴν</span> <span class='ocrx_word' id='word_1_717' title='bbox 1630 5168 1859 5238; x_wconf 81' lang='grc' dir='ltr'>ἑνότητα</span> 
     </span>
    </p>
   </div>
   <div class='ocr_carea' id='block_1_97' title="bbox 280 5255 1859 5328">
    <p class='ocr_par' dir='ltr' id='par_1_97' title="bbox 280 5255 1859 5328">
     <span class='ocr_line' id='line_1_97' title="bbox 280 5255 1859 5328; baseline 0.002 -17"><span class='ocrx_word' id='word_1_718' title='bbox 280 5257 386 5328; x_wconf 83' lang='grc' dir='ltr'>τῆς</span> <span class='ocrx_word' id='word_1_719' title='bbox 434 5255 700 5319; x_wconf 84' lang='grc' dir='ltr'>πίστεως,</span> <span class='ocrx_word' id='word_1_720' title='bbox 743 5256 838 5313; x_wconf 81' lang='grc' dir='ltr'>καὶ</span> <span class='ocrx_word' id='word_1_721' title='bbox 888 5257 988 5326; x_wconf 81' lang='grc' dir='ltr'>τῆς</span> <span class='ocrx_word' id='word_1_722' title='bbox 1033 5257 1380 5323; x_wconf 79' lang='grc' dir='ltr'>ἐπιγνώσεως</span> <span class='ocrx_word' id='word_1_723' title='bbox 1427 5257 1523 5312; x_wconf 86' lang='grc' dir='ltr'><strong>τοῦ</strong></span> <span class='ocrx_word' id='word_1_724' title='bbox 1576 5259 1703 5312; x_wconf 84' lang='grc' dir='ltr'>Υίοῦ</span> <span class='ocrx_word' id='word_1_725' title='bbox 1762 5260 1859 5314; x_wconf 87' lang='grc' dir='ltr'><strong>τοῦ</strong></span> 
     </span>
    </p>
   </div>
   <div class='ocr_carea' id='block_1_98' title="bbox 280 5348 1859 5423">
    <p class='ocr_par' dir='ltr' id='par_1_98' title="bbox 280 5348 1859 5423">
     <span class='ocr_line' id='line_1_98' title="bbox 280 5348 1859 5423; baseline 0.002 -21"><span class='ocrx_word' id='word_1_726' title='bbox 280 5348 444 5407; x_wconf 79' lang='grc' dir='ltr'>Θεοῦ.</span> <span class='ocrx_word' id='word_1_727' title='bbox 482 5367 501 5401; x_wconf 71' lang='grc' dir='ltr'><strong>ι</strong></span> <span class='ocrx_word' id='word_1_728' title='bbox 553 5350 735 5418; x_wconf 80' lang='grc' dir='ltr'>Μέχρι</span> <span class='ocrx_word' id='word_1_729' title='bbox 764 5348 886 5405; x_wconf 80' lang='grc' dir='ltr'>τότε</span> <span class='ocrx_word' id='word_1_730' title='bbox 932 5348 1283 5419; x_wconf 76' lang='grc' dir='ltr'>ἐργάζεσθαι.</span> <span class='ocrx_word' id='word_1_731' title='bbox 1312 5350 1466 5420; x_wconf 76' lang='grc' dir='ltr'>φησὶ,</span> <span class='ocrx_word' id='word_1_732' title='bbox 1516 5350 1621 5423; x_wconf 82' lang='grc' dir='ltr'>χρὴ</span> <span class='ocrx_word' id='word_1_733' title='bbox 1651 5352 1859 5416; x_wconf 81' lang='grc' dir='ltr'>πάντας</span> 
     </span>
    </p>
   </div>
   <div class='ocr_carea' id='block_1_99' title="bbox 280 5438 1859 5514">
    <p class='ocr_par' dir='ltr' id='par_1_99' title="bbox 280 5438 1859 5514">
     <span class='ocr_line' id='line_1_99' title="bbox 280 5438 1859 5514; baseline 0.003 -21"><span class='ocrx_word' id='word_1_734' title='bbox 280 5441 411 5504; x_wconf 69' lang='grc' dir='ltr'>τοὺς</span> <span class='ocrx_word' id='word_1_735' title='bbox 441 5438 690 5511; x_wconf 82' lang='grc' dir='ltr'>χάρισμα</span> <span class='ocrx_word' id='word_1_736' title='bbox 717 5439 1001 5503; x_wconf 75' lang='grc' dir='ltr'>λαϐόντας,</span> <span class='ocrx_word' id='word_1_737' title='bbox 1037 5440 1133 5493; x_wconf 70' lang='grc' dir='ltr'>καὶ</span> <span class='ocrx_word' id='word_1_738' title='bbox 1157 5442 1376 5512; x_wconf 82' lang='grc' dir='ltr'>κοπιᾷν,</span> <span class='ocrx_word' id='word_1_739' title='bbox 1411 5442 1504 5494; x_wconf 78' lang='grc' dir='ltr'><strong>καὶ</strong></span> <span class='ocrx_word' id='word_1_740' title='bbox 1533 5442 1859 5514; x_wconf 76' lang='grc' dir='ltr'>οἰκοδομεῖν,</span> 
     </span>
    </p>
   </div>
   <div class='ocr_carea' id='block_1_100' title="bbox 280 5526 1860 5601">
    <p class='ocr_par' dir='ltr' id='par_1_100' title="bbox 280 5526 1860 5601">
     <span class='ocr_line' id='line_1_100' title="bbox 280 5526 1860 5601; baseline 0.002 -16"><span class='ocrx_word' id='word_1_741' title='bbox 280 5534 390 5595; x_wconf 72' lang='grc' dir='ltr'>ἓως</span> <span class='ocrx_word' id='word_1_742' title='bbox 422 5526 486 5587; x_wconf 76' lang='grc' dir='ltr'><strong>οὗ</strong></span> <span class='ocrx_word' id='word_1_743' title='bbox 542 5532 838 5601; x_wconf 79' lang='grc' dir='ltr'>φθάσωμεν</span> <span class='ocrx_word' id='word_1_744' title='bbox 894 5532 974 5593; x_wconf 75' lang='grc' dir='ltr'>εἰς</span> <span class='ocrx_word' id='word_1_745' title='bbox 1021 5532 1122 5597; x_wconf 82' lang='grc' dir='ltr'>τὴν</span> <span class='ocrx_word' id='word_1_746' title='bbox 1180 5533 1409 5592; x_wconf 78' lang='grc' dir='ltr'>ἑνότητα</span> <span class='ocrx_word' id='word_1_747' title='bbox 1457 5535 1558 5601; x_wconf 82' lang='grc' dir='ltr'>τῆς</span> <span class='ocrx_word' id='word_1_748' title='bbox 1590 5536 1860 5600; x_wconf 76' lang='grc' dir='ltr'>πεστεως·</span> 
     </span>
    </p>
   </div>
   <div class='ocr_carea' id='block_1_101' title="bbox 398 5667 1462 5735">
    <p class='ocr_par' dir='ltr' id='par_1_101' title="bbox 398 5667 1462 5735">
     <span class='ocr_line' id='line_1_101' title="bbox 398 5667 1462 5735; baseline 0.001 -11"><span class='ocrx_word' id='word_1_749' title='bbox 398 5671 419 5710; x_wconf 76' lang='grc' dir='ltr'><strong>ί</strong></span> <span class='ocrx_word' id='word_1_750' title='bbox 476 5670 599 5725; x_wconf 84' lang='lat' dir='ltr'><strong>Act.</strong></span> <span class='ocrx_word' id='word_1_751' title='bbox 646 5684 740 5735; x_wconf 75' lang='lat' dir='ltr'><strong>xx,</strong></span> <span class='ocrx_word' id='word_1_752' title='bbox 775 5669 868 5724; x_wconf 73' lang='lat'><strong>28.</strong></span> <span class='ocrx_word' id='word_1_753' title='bbox 982 5670 1007 5708; x_wconf 72' lang='grc'>⁸</span> <span class='ocrx_word' id='word_1_754' title='bbox 1036 5667 1207 5724; x_wconf 87' lang='lat' dir='ltr'><strong>lCor.</strong></span> <span class='ocrx_word' id='word_1_755' title='bbox 1245 5684 1340 5734; x_wconf 72' lang='lat' dir='ltr'><strong>xu,</strong></span> <span class='ocrx_word' id='word_1_756' title='bbox 1371 5668 1462 5726; x_wconf 72' lang='lat'><strong>28.</strong></span> 
     </span>
    </p>
   </div>
   <div class='ocr_carea' id='block_1_102' title="bbox 1960 4710 3534 4786">
    <p class='ocr_par' dir='ltr' id='par_1_102' title="bbox 1960 4710 3534 4786">
     <span class='ocr_line' id='line_1_102' title="bbox 1960 4710 3534 4786; baseline -0.012 -9"><span class='ocrx_word' id='word_1_757' title='bbox 1960 4725 2111 4780; x_wconf 90' lang='lat' dir='ltr'><strong>labor</strong></span> <span class='ocrx_word' id='word_1_758' title='bbox 2154 4733 2209 4776; x_wconf 91' lang='lat' dir='ltr'><strong>et</strong></span> <span class='ocrx_word' id='word_1_759' title='bbox 2264 4720 2624 4776; x_wconf 83' lang='lat' dir='ltr'><strong>ministerium</strong></span> <span class='ocrx_word' id='word_1_760' title='bbox 2674 4717 2852 4786; x_wconf 84' lang='lat' dir='ltr'><strong>majus</strong></span> <span class='ocrx_word' id='word_1_761' title='bbox 2898 4725 3007 4776; x_wconf 75' lang='grc' dir='ltr'>εει.</span> <span class='ocrx_word' id='word_1_762' title='bbox 3036 4724 3090 4767; x_wconf 91' lang='lat' dir='ltr'><strong>et</strong></span> <span class='ocrx_word' id='word_1_763' title='bbox 3128 4712 3193 4767; x_wconf 92' lang='lat' dir='ltr'><strong>de</strong></span> <span class='ocrx_word' id='word_1_764' title='bbox 3241 4710 3360 4764; x_wconf 90' lang='lat' dir='ltr'><strong>istis</strong></span> <span class='ocrx_word' id='word_1_765' title='bbox 3415 4723 3534 4760; x_wconf 87' lang='lat' dir='ltr'><strong>am-</strong></span> 
     </span>
    </p>
   </div>
   <div class='ocr_carea' id='block_1_103' title="bbox 1958 4800 3532 4886">
    <p class='ocr_par' dir='ltr' id='par_1_103' title="bbox 1958 4800 3532 4886">
     <span class='ocr_line' id='line_1_103' title="bbox 1958 4800 3532 4886; baseline -0.011 -17"><span class='ocrx_word' id='word_1_766' title='bbox 1958 4816 2180 4886; x_wconf 91' lang='lat' dir='ltr'><strong>pliorem</strong></span> <span class='ocrx_word' id='word_1_767' title='bbox 2206 4814 2468 4868; x_wconf 91' lang='lat' dir='ltr'><strong>rationem</strong></span> <span class='ocrx_word' id='word_1_768' title='bbox 2498 4810 2706 4866; x_wconf 87' lang='lat' dir='ltr'><strong>reddet.</strong></span> <span class='ocrx_word' id='word_1_769' title='bbox 2738 4808 2934 4870; x_wconf 79' lang='lat' dir='ltr'><strong>Porro,</strong></span> <span class='ocrx_word' id='word_1_770' title='bbox 2957 4807 3047 4876; x_wconf 91' lang='lat' dir='ltr'><strong>qui</strong></span> <span class='ocrx_word' id='word_1_771' title='bbox 3081 4821 3184 4860; x_wconf 93' lang='lat' dir='ltr'><strong>nou</strong></span> <span class='ocrx_word' id='word_1_772' title='bbox 3211 4800 3532 4857; x_wconf 87' lang='lat' dir='ltr'><strong>diabolicum</strong></span> 
     </span>
    </p>
   </div>
   <div class='ocr_carea' id='block_1_104' title="bbox 1959 4889 3535 4970">
    <p class='ocr_par' dir='ltr' id='par_1_104' title="bbox 1959 4889 3535 4970">
     <span class='ocr_line' id='line_1_104' title="bbox 1959 4889 3535 4970; baseline -0.015 -8"><span class='ocrx_word' id='word_1_773' title='bbox 1959 4914 2124 4970; x_wconf 89' lang='lat' dir='ltr'><strong>esset,</strong></span> <span class='ocrx_word' id='word_1_774' title='bbox 2153 4912 2209 4959; x_wconf 87' lang='lat' dir='ltr'><strong>te</strong></span> <span class='ocrx_word' id='word_1_775' title='bbox 2244 4903 2318 4957; x_wconf 90' lang='lat' dir='ltr'><strong>illi</strong></span> <span class='ocrx_word' id='word_1_776' title='bbox 2357 4902 2627 4965; x_wconf 85' lang='lat' dir='ltr'><strong>invidere,</strong></span> <span class='ocrx_word' id='word_1_777' title='bbox 2653 4900 2742 4968; x_wconf 87' lang='lat' dir='ltr'><strong>qui</strong></span> <span class='ocrx_word' id='word_1_778' title='bbox 2770 4897 2971 4957; x_wconf 87' lang='lat' dir='ltr'><strong>Christi</strong></span> <span class='ocrx_word' id='word_1_779' title='bbox 2998 4909 3193 4963; x_wconf 84' lang='lat' dir='ltr'><strong>corpus</strong></span> <span class='ocrx_word' id='word_1_780' title='bbox 3223 4889 3454 4945; x_wconf 83' lang='lat' dir='ltr'><strong>absolvit</strong></span> <span class='ocrx_word' id='word_1_781' title='bbox 3480 4897 3535 4939; x_wconf 89' lang='lat' dir='ltr'><strong>et</strong></span> 
     </span>
    </p>
   </div>
   <div class='ocr_carea' id='block_1_105' title="bbox 1963 4980 3534 5055">
    <p class='ocr_par' dir='ltr' id='par_1_105' title="bbox 1963 4980 3534 5055">
     <span class='ocr_line' id='line_1_105' title="bbox 1963 4980 3534 5055; baseline -0.015 -2"><span class='ocrx_word' id='word_1_782' title='bbox 1963 4993 2412 5053; x_wconf 67' lang='lat' dir='ltr'><strong>aediﬁcatHstud</strong></span> <span class='ocrx_word' id='word_1_783' title='bbox 2460 4994 2608 5050; x_wconf 89' lang='lat' dir='ltr'><strong>enim</strong></span> <span class='ocrx_word' id='word_1_784' title='bbox 2663 4993 2899 5047; x_wconf 83' lang='lat' dir='ltr'><strong>hominis</strong></span> <span class='ocrx_word' id='word_1_785' title='bbox 2948 5000 3031 5044; x_wconf 84' lang='lat' dir='ltr'><strong>est</strong></span> <span class='ocrx_word' id='word_1_786' title='bbox 3061 4985 3150 5055; x_wconf 90' lang='lat' dir='ltr'><strong>qui</strong></span> <span class='ocrx_word' id='word_1_787' title='bbox 3199 4984 3304 5036; x_wconf 91' lang='lat' dir='ltr'><strong>Deo</strong></span> <span class='ocrx_word' id='word_1_788' title='bbox 3338 4980 3534 5033; x_wconf 86' lang='lat' dir='ltr'><strong>adver-</strong></span> 
     </span>
    </p>
   </div>
   <div class='ocr_carea' id='block_1_106' title="bbox 1964 5098 2139 5142">
    <p class='ocr_par' dir='ltr' id='par_1_106' title="bbox 1964 5098 2139 5142">
     <span class='ocr_line' id='line_1_106' title="bbox 1964 5098 2139 5142; baseline 0 0"><span class='ocrx_word' id='word_1_789' title='bbox 1964 5098 2139 5142; x_wconf 86' lang='lat' dir='ltr'><strong>satur.</strong></span> 
     </span>
    </p>
   </div>
   <div class='ocr_carea' id='block_1_107' title="bbox 2048 5155 3534 5233">
    <p class='ocr_par' dir='ltr' id='par_1_107' title="bbox 2048 5155 3534 5233">
     <span class='ocr_line' id='line_1_107' title="bbox 2048 5155 3534 5233; baseline -0.018 -1"><span class='ocrx_word' id='word_1_790' title='bbox 2048 5178 2214 5233; x_wconf 71' lang='lat' dir='ltr'><strong>Vens.</strong></span> <span class='ocrx_word' id='word_1_791' title='bbox 2249 5177 2339 5232; x_wconf 77' lang='lat' dir='ltr'><strong>l5.</strong></span> <span class='ocrx_word' id='word_1_792' title='bbox 2379 5193 2399 5227; x_wconf 78' lang='grc' dir='ltr'><strong>ι</strong></span> <span class='ocrx_word' id='word_1_793' title='bbox 2444 5174 2623 5229; x_wconf 90' lang='lat' dir='ltr'><strong>Donec</strong></span> <span class='ocrx_word' id='word_1_794' title='bbox 2670 5183 3020 5228; x_wconf 88' lang='lat' dir='ltr'><strong>occurramus</strong></span> <span class='ocrx_word' id='word_1_795' title='bbox 3049 5175 3236 5218; x_wconf 87' lang='lat' dir='ltr'><strong>omnes</strong></span> <span class='ocrx_word' id='word_1_796' title='bbox 3264 5159 3316 5212; x_wconf 91' lang='lat' dir='ltr'><strong>in</strong></span> <span class='ocrx_word' id='word_1_797' title='bbox 3355 5155 3534 5209; x_wconf 84' lang='lat' dir='ltr'><strong>unita-</strong></span> 
     </span>
    </p>
   </div>
   <div class='ocr_carea' id='block_1_108' title="bbox 1968 5244 3532 5337">
    <p class='ocr_par' dir='ltr' id='par_1_108' title="bbox 1968 5244 3532 5337">
     <span class='ocr_line' id='line_1_108' title="bbox 1968 5244 3532 5337; baseline -0.019 -12"><span class='ocrx_word' id='word_1_798' title='bbox 1968 5280 2074 5325; x_wconf 87' lang='lat' dir='ltr'><strong>tem</strong></span> <span class='ocrx_word' id='word_1_799' title='bbox 2104 5268 2226 5325; x_wconf 80' lang='lat' dir='ltr'><strong>ﬁdei</strong></span> <span class='ocrx_word' id='word_1_800' title='bbox 2277 5278 2333 5324; x_wconf 90' lang='lat' dir='ltr'><strong>et</strong></span> <span class='ocrx_word' id='word_1_801' title='bbox 2356 5265 2649 5337; x_wconf 78' lang='lat' dir='ltr'><strong>agnitionis</strong></span> <span class='ocrx_word' id='word_1_802' title='bbox 2678 5261 2798 5317; x_wconf 86' lang='lat' dir='ltr'><strong>Filii</strong></span> <span class='ocrx_word' id='word_1_803' title='bbox 2830 5258 2943 5314; x_wconf 89' lang='lat' dir='ltr'><strong>Dei.</strong></span> <span class='ocrx_word' id='word_1_804' title='bbox 2983 5274 3002 5307; x_wconf 75' lang='grc' dir='ltr'><strong>ι</strong></span> <span class='ocrx_word' id='word_1_805' title='bbox 3033 5253 3301 5319; x_wconf 87' lang='lat' dir='ltr'><strong>Eousque,</strong></span> <span class='ocrx_word' id='word_1_806' title='bbox 3333 5244 3532 5312; x_wconf 87' lang='lat' dir='ltr'><strong>inquit,</strong></span> 
     </span>
    </p>
   </div>
   <div class='ocr_carea' id='block_1_109' title="bbox 1966 5340 3538 5425">
    <p class='ocr_par' dir='ltr' id='par_1_109' title="bbox 1966 5340 3538 5425">
     <span class='ocr_line' id='line_1_109' title="bbox 1966 5340 3538 5425; baseline -0.018 -14"><span class='ocrx_word' id='word_1_807' title='bbox 1966 5357 2177 5425; x_wconf 82' lang='lat' dir='ltr'><strong>Operari</strong></span> <span class='ocrx_word' id='word_1_808' title='bbox 2243 5360 2456 5424; x_wconf 89' lang='lat' dir='ltr'><strong>oportet</strong></span> <span class='ocrx_word' id='word_1_809' title='bbox 2503 5362 2694 5403; x_wconf 89' lang='lat' dir='ltr'><strong>omnes</strong></span> <span class='ocrx_word' id='word_1_810' title='bbox 2757 5345 2849 5413; x_wconf 88' lang='lat' dir='ltr'><strong>qui</strong></span> <span class='ocrx_word' id='word_1_811' title='bbox 2900 5344 3038 5396; x_wconf 85' lang='lat' dir='ltr'><strong>dona</strong></span> <span class='ocrx_word' id='word_1_812' title='bbox 3088 5340 3436 5406; x_wconf 81' lang='lat' dir='ltr'><strong>acceperunt,</strong></span> <span class='ocrx_word' id='word_1_813' title='bbox 3479 5341 3538 5385; x_wconf 90' lang='lat' dir='ltr'><strong>et</strong></span> 
     </span>
    </p>
   </div>
   <div class='ocr_carea' id='block_1_110' title="bbox 1968 5422 3535 5504">
    <p class='ocr_par' dir='ltr' id='par_1_110' title="bbox 1968 5422 3535 5504">
     <span class='ocr_line' id='line_1_110' title="bbox 1968 5422 3535 5504; baseline -0.019 -2"><span class='ocrx_word' id='word_1_814' title='bbox 1968 5422 2217 5502; x_wconf 79' lang='lat' dir='ltr'><strong>laborare</strong></span> <span class='ocrx_word' id='word_1_815' title='bbox 2241 5422 2294 5498; x_wconf 82' lang='lat' dir='ltr'><strong>et</strong></span> <span class='ocrx_word' id='word_1_816' title='bbox 2317 5441 2608 5504; x_wconf 61' lang='lat' dir='ltr'><strong>aediﬁcare,</strong></span> <span class='ocrx_word' id='word_1_817' title='bbox 2634 5439 2809 5491; x_wconf 88' lang='lat' dir='ltr'><strong>donec</strong></span> <span class='ocrx_word' id='word_1_818' title='bbox 2839 5429 3236 5502; x_wconf 86' lang='lat' dir='ltr'><strong>pervenerimus</strong></span> <span class='ocrx_word' id='word_1_819' title='bbox 3261 5423 3327 5478; x_wconf 85' lang='lat' dir='ltr'><strong>ad</strong></span> <span class='ocrx_word' id='word_1_820' title='bbox 3352 5422 3535 5476; x_wconf 86' lang='lat' dir='ltr'><strong>unita-</strong></span> 
     </span>
    </p>
   </div>
   <div class='ocr_carea' id='block_1_111' title="bbox 1972 5515 3534 5605">
    <p class='ocr_par' dir='ltr' id='par_1_111' title="bbox 1972 5515 3534 5605">
     <span class='ocr_line' id='line_1_111' title="bbox 1972 5515 3534 5605; baseline -0.015 -15"><span class='ocrx_word' id='word_1_821' title='bbox 1972 5544 2080 5592; x_wconf 87' lang='lat' dir='ltr'><strong>tent</strong></span> <span class='ocrx_word' id='word_1_822' title='bbox 2130 5533 2293 5605; x_wconf 80' lang='lat'><strong>397</strong></span> <span class='ocrx_word' id='word_1_823' title='bbox 2332 5530 2452 5586; x_wconf 76' lang='lat' dir='ltr'><strong>ﬁdei</strong></span> <span class='ocrx_word' id='word_1_824' title='bbox 2482 5546 2495 5580; x_wconf 82' lang='grc' dir='ltr'><strong>ι</strong></span> <span class='ocrx_word' id='word_1_825' title='bbox 2532 5528 2633 5582; x_wconf 91' lang='lat' dir='ltr'><strong>hoc</strong></span> <span class='ocrx_word' id='word_1_826' title='bbox 2683 5534 2788 5589; x_wconf 85' lang='lat' dir='ltr'><strong>est,</strong></span> <span class='ocrx_word' id='word_1_827' title='bbox 2824 5534 2998 5591; x_wconf 86' lang='lat' dir='ltr'><strong>usque</strong></span> <span class='ocrx_word' id='word_1_828' title='bbox 3030 5519 3153 5573; x_wconf 88' lang='lat' dir='ltr'><strong>dum</strong></span> <span class='ocrx_word' id='word_1_829' title='bbox 3193 5515 3534 5570; x_wconf 75' lang='lat' dir='ltr'><strong>demonstre-</strong></span> 
     </span>
    </p>
   </div>
   <div class='ocr_carea' id='block_1_112' title="bbox 1610 5669 2169 5733">
    <p class='ocr_par' dir='ltr' id='par_1_112' title="bbox 1610 5669 2169 5733">
     <span class='ocr_line' id='line_1_112' title="bbox 1610 5669 2169 5733; baseline -0.004 -10"><span class='ocrx_word' id='word_1_830' title='bbox 1610 5670 1638 5711; x_wconf 70' lang='grc' dir='ltr'><strong>ιι</strong></span> <span class='ocrx_word' id='word_1_831' title='bbox 1668 5671 1791 5724; x_wconf 87' lang='lat' dir='ltr'><strong>Act.</strong></span> <span class='ocrx_word' id='word_1_832' title='bbox 1820 5686 1977 5733; x_wconf 79' lang='lat' dir='ltr'><strong>xvm,</strong></span> <span class='ocrx_word' id='word_1_833' title='bbox 2005 5670 2062 5732; x_wconf 73' lang='lat'><strong>2,</strong></span> <span class='ocrx_word' id='word_1_834' title='bbox 2116 5669 2169 5721; x_wconf 84' lang='grc'>5.</span> 
     </span>
    </p>
   </div>
   <div class='ocr_carea' id='block_1_113' title="bbox 1614 5779 2167 5844">
    <p class='ocr_par' dir='ltr' id='par_1_113' title="bbox 1614 5779 2167 5844">
     <span class='ocr_line' id='line_1_113' title="bbox 1614 5779 2167 5844; baseline -0.009 -3"><span class='ocrx_word' id='word_1_835' title='bbox 1614 5782 1813 5844; x_wconf 74' lang='lat' dir='ltr'><strong>Varim</strong></span> <span class='ocrx_word' id='word_1_836' title='bbox 1860 5779 2167 5841; x_wconf 85' lang='lat' dir='ltr'><strong>lectiones</strong></span> 
     </span>
    </p>
   </div>
   <div class='ocr_carea' id='block_1_114' title="bbox 361 5885 1132 5958">
    <p class='ocr_par' dir='ltr' id='par_1_114' title="bbox 361 5885 1132 5958">
     <span class='ocr_line' id='line_1_114' title="bbox 361 5885 1132 5958; baseline 0 -19"><span class='ocrx_word' id='word_1_837' title='bbox 361 5890 405 5927; x_wconf 69' lang='grc' dir='ltr'>ιε’</span> <span class='ocrx_word' id='word_1_838' title='bbox 453 5886 613 5958; x_wconf 71' lang='grc' dir='ltr'>σοφὸς</span> <span class='ocrx_word' id='word_1_839' title='bbox 658 5885 1041 5956; x_wconf 80' lang='grc' dir='ltr'>συμφερόντως</span> <span class='ocrx_word' id='word_1_840' title='bbox 1081 5902 1132 5939; x_wconf 88' lang='lat' dir='ltr'><strong>o.</strong></span> 
     </span>
    </p>
   </div>
   <div class='ocr_carea' id='block_1_115' title="bbox 1212 5880 2368 5955">
    <p class='ocr_par' dir='ltr' id='par_1_115' title="bbox 1212 5880 2368 5955">
     <span class='ocr_line' id='line_1_115' title="bbox 1212 5880 2368 5955; baseline -0.01 -17"><span class='ocrx_word' id='word_1_841' title='bbox 1212 5885 1255 5916; x_wconf 83' lang='grc'><strong>⁶⁰</strong></span> <span class='ocrx_word' id='word_1_842' title='bbox 1290 5884 1708 5955; x_wconf 63' lang='grc' dir='ltr'>συγγράψαντας</span> <span class='ocrx_word' id='word_1_843' title='bbox 1752 5901 1825 5937; x_wconf 81' lang='lat' dir='ltr'><strong>nt.</strong></span> <span class='ocrx_word' id='word_1_844' title='bbox 1904 5883 1944 5913; x_wconf 78' lang='grc'><strong>⁰¹</strong></span> <span class='ocrx_word' id='word_1_845' title='bbox 1978 5880 2290 5947; x_wconf 77' lang='grc' dir='ltr'>τελειότητα</span> <span class='ocrx_word' id='word_1_846' title='bbox 2316 5889 2368 5928; x_wconf 93' lang='lat' dir='ltr'><strong>o.</strong></span> 
     </span>
    </p>
   </div>
  </div>
