3932 6616
421 473 442 537 l
453 470 558 535 087

1267 467 1841 531 THEOPHYLACTI
1883 465 2292 528 BULGARl/E
2329 466 2681 527 ARCHIEP.

3536 435 3661 519 ms:

423 606 546 646 mur
579 602 769 645 omnes
803 601 960 641 unam
993 594 1049 641 et
1088 585 1335 641 eamdem
1370 584 1527 638 fidem
1563 583 1788 644 habere,
1824 596 1997 652 neque

2122 580 2395 645 τουτέστιν,
2430 580 2576 645 Ἕως
2606 580 2674 635 ἂν
2704 579 3005 651 δειχθᾶῳεν
3034 579 3083 634 οἱ
3108 580 3304 642 πάντες
3344 576 3476 649 μίαν
3499 577 3668 632 πίστιν

422 683 759 753 dogmatibus
789 679 1029 746 differre,
1058 693 1231 749 neque
1266 679 1444 746 quoad
1477 676 1643 731 vitam
1683 675 1848 730 sectis
1874 673 1997 743 qui-

425 774 645 829 busdam
677 772 817 827 inter
835 787 932 827 nos
950 754 1233 827 dissidere.
1267 767 1404 824 Tum
1434 768 1577 822 enim
1610 782 1736 821 vera
1766 775 1850 821 est
1873 764 1997 820 fidei

426 868 621 922 unitas.
644 874 753 921 tum
777 864 1119 935 agnoscimus
1147 863 1340 918 Filium
1366 862 1483 925 Dei,
1510 862 1726 929 quando
1743 870 1796 914 et
1824 861 1875 914 in
1905 860 2001 913 do—

423 958 595 1011 ctrina
640 964 840 1011 rectam
867 955 1189 1010 sententiam
1226 954 1600 1018 habuerimus,
1636 959 1690 1008 et
1725 951 2000 1007 charitatis

366 1041 371 1046 ’
425 1049 696 1103 vinculum
721 1047 1142 1103 servaverimus.
1168 1046 1425 1102 Charitas
1448 1046 1591 1101 enim
1617 1044 1864 1101 Christus
1892 1053 1998 1100 est.

507 1246 526 1281 ι
562 1227 618 1284 In
661 1228 834 1283 virum
885 1228 1223 1298 perfectum,
1265 1236 1319 1283 et
1376 1228 1429 1283 in
1464 1242 1792 1293 mensuram
1823 1226 2000 1281 anatis

427 1319 779 1388 plenitudinis
831 1320 1055 1374 Christi.
1086 1336 1114 1370 ⁷)
1167 1319 1348 1375 Virum
1402 1319 1705 1388 perfectum
1750 1328 1807 1372 et
1852 1331 2003 1371 men-

435 1425 610 1464 suram
645 1410 842 1475 aetatis,
876 1409 1253 1479 perfectiorcm
1291 1410 1600 1480 dogmatum
1632 1408 1998 1475 cognitionem

430 1502 604 1556 dicit:
631 1502 1084 1571 quemadmodum
1120 1510 1172 1556 et
1198 1501 1591 1572 plenitudinem
1617 1500 1844 1561 Christi,
1880 1514 2000 1554 om-

434 1592 705 1646 nimodam
745 1601 907 1661 atque
970 1594 1235 1662 integram
1289 1592 1458 1660 ipsius
1511 1590 1878 1661 coguiiEOuen
1949 1598 2004 1643 et

435 1686 589 1739 Iidem
617 1702 632 1740 :
666 1685 918 1739 nimirum
951 1686 1093 1754 quod
1124 1700 1263 1740 unus
1286 1700 1354 1740 ex
1384 1684 1656 1740 Trinitate
1686 1700 1810 1738 cum
1835 1693 1998 1747 esset,

432 1786 488 1831 et
516 1776 740 1846 aqualis
788 1775 958 1837 Patri.
991 1777 1168 1832 fartus
1207 1778 1278 1830 sit
1308 1777 1488 1841 homo,
1524 1792 1629 1830 una
1660 1791 1892 1845 persona
1947 1778 2000 1829 in

2106 670 2343 740 ἔχοντες,
2374 670 2514 741 μήτε
2552 670 2693 724 κατά
2730 670 2800 724 τὰ
2823 670 3070 741 δόγματα
3100 670 3507 741 διαφερόμενοι,
3542 668 3668 736 μήτε

2106 762 2165 813 ὲν
2195 765 2307 825 τοῖς
2348 762 2489 814 κατὰ
2525 761 2616 815 τὸν
2641 761 2757 832 βίον
2792 763 3065 832 σχίσματα
3110 762 3326 833 ἔχοντες
3353 761 3491 830 πρὸς
3513 760 3556 791 ⁶¹
3585 761 3670 814 ἀλ-

2104 853 2320 923 λήλους.
2364 853 2501 906 Τότε
2549 852 2724 924 γὰρὴ
2768 854 2975 924 ἀληθὴς
3030 853 3218 923 ἑνότης
3271 854 3371 923 τῆς
3428 851 3668 913 πίστεως,

2105 946 2227 1000 τότε
2274 947 2711 1018 ἐπιγινώσκομεν
2742 946 2834 1001 τὸν
2863 947 2989 1000 Υίδν
3016 945 3111 1000 τοῦ
3151 944 3312 1009 Θεοῦ,
3350 945 3482 998 ὅταν
3509 942 3599 997 καὶ
3623 944 3670 997 ὲν

2104 1040 2218 1100 τοῖς
2268 1038 2535 1107 δόγμασιν
2578 1038 2973 1111 όρθοδοξῶμεν,
3032 1039 3129 1092 καὶ
3183 1038 3283 1107 τῆς
3331 1034 3550 1105 ἀγάπης
3590 1035 3672 1087 τὸν

2108 1130 2407 1201 σύνδεσμον
2438 1131 2819 1202 συντηρῶμεν.
2866 1132 3088 1199 Ἀγαπη.
3116 1130 3225 1199 γὰρ
3258 1129 3286 1180 ό
3316 1127 3572 1196 Χριστός.

2182 1243 2200 1276 ι
2241 1226 2332 1288 Et;
2368 1224 2537 1296 ἄνδρα
2571 1226 2800 1287 τέλειον,
2842 1225 2922 1286 είς
2958 1225 3157 1294 μέτρον
3187 1221 3411 1290 ἡλικίας
3439 1219 3531 1271 τοῦ
3555 1219 3675 1288 πλησ

2109 1314 2361 1386 ρὼματος
2392 1317 2486 1370 τοῦ
2526 1317 2787 1388 Χριστοῦ.
2819 1335 2837 1367 ι
2876 1315 3082 1384 ’Ἄνδρα
3110 1313 3341 1376 τέλειον,
3368 1312 3463 1363 καὶ
3494 1311 3671 1381 μέτρον

2108 1406 2344 1477 ἡλικίας,
2370 1408 2518 1476 λέγει
2540 1410 2637 1479 τὴν
2659 1409 2997 1480 τελειοτέραν
3019 1406 3129 1460 τῶν
3157 1405 3449 1475 δογμάτων
3469 1404 3669 1471 γνῶσινο

2108 1499 2296 1571 ὥσπερ
2329 1501 2425 1555 καὶ
2457 1502 2731 1572 πλήρωμα
2764 1501 2854 1555 τού
2902 1497 3164 1572 Χριστοῦ,
3198 1498 3299 1567 τὴν
3336 1496 3571 1564 παντελῆ
3596 1497 3676 1547 καὶ

2108 1594 2405 1663 ὁλόκληρον
2458 1594 2624 1647 αὑτοῦ
2667 1594 2887 1662 γνῶσιν»
2928 1595 3024 1645 καὶ
3051 1593 3274 1646 πίστινο
3334 1591 3419 1642 ὅτι
3474 1581 3550 1649 εἷς
3591 1587 3674 1653 τῆς

2119 1684 2353 1755 Τριάδος
2380 1684 2454 1739 ὢν
2485 1690 2577 1740 καὶ
2603 1683 2721 1749 ’ίσος
2739 1687 2817 1756 τῷ
2866 1686 3062 1756 Πατρὶ,
3108 1687 3336 1755 γέγονεν
3386 1682 3673 1752 ἄνθρωπος,

2112 1777 2212 1847 μία
2265 1777 2566 1841 ὑπόστασις
2618 1780 2676 1833 ἐν
2721 1778 2843 1831 δυσὶ
2894 1778 3090 1846 φύσεσι
3138 1778 3234 1831 καὶ
3295 1777 3676 1845 θελήμασικαὶ

434 1867 641 1922 duabus
670 1866 874 1922 naturis
903 1877 957 1921 et
986 1866 1350 1921 voluntatibus
1380 1874 1433 1919 ct
1461 1867 1869 1934 operationibus
1900 1883 1914 1919 :
1949 1873 2003 1919 et

2122 1869 2445 1936 ἐνεργείαις·
2495 1869 2591 1923 καὶ
2638 1870 2775 1939 μετά
2823 1869 2917 1922 τοῦ
2950 1868 3204 1938 σώματος
3251 1866 3679 1938 συνεδριάζειτῷ

434 1973 557 2012 cum
607 1971 834 2028 corpore
864 1957 1009 2012 Patri
1043 1957 1266 2023 assidet,
1297 1957 1582 2027 venietquc
1617 1973 1738 2011 cum
1775 1959 1912 2028 ipso,
1948 1968 2005 2012 et

2122 1961 2313 2031 Πατρὶ,
2344 1962 2440 2015 κα)⁵
2471 1961 2594 2031 ἥξει
2625 1935 2741 2031 μετ’
2783 1960 2973 2023 αὑτοῦ,
3008 1935 3106 2014 καὶ
3134 1960 3235 2012 ὅσα
3266 1935 3565 2028 ἄλλανπερὶ
3594 1935 3663 2008 ιιίιζ

432 2067 763 2122 quaecunque
791 2051 893 2105 alia
937 2050 1007 2106 de
1055 2051 1169 2120 ipso
1221 2059 1370 2105 recte
1408 2049 1782 2118 intelliguntur
1833 2066 1896 2104 ac
1925 2050 2007 2103 di-

2122 2053 2207 2106 τοῦ
2238 2051 2417 2120 ὀρθῶς
2469 2056 2671 2106 νοεῖται
2722 2053 2816 2106 καὶ
2865 2052 3107 2119 λέγεται.
3155 2053 3280 2115 Πῶς
3328 2048 3425 2105 οὖν
3464 2048 3676 2119 ἀλλαχοῦ

431 2152 646 2199 cuntur.
674 2144 951 2212 Quomodo
980 2142 1145 2211 igitur
1178 2142 1314 2198 alias
1344 2142 1714 2211 imperfectam
1756 2144 1891 2200 dicit
1922 2160 2008 2199 co-

433 2235 730 2301 gnitionem
757 2234 1038 2290 nostram?
1058 2233 1443 2304 Ut:0pponatur
1461 2232 1658 2289 futurae
1680 2237 2004 2305 cognitioni:

435 2327 523 2381 hic
554 2340 683 2382 vero
714 2336 960 2397 respectu
1009 2325 1461 2381 immutabilitatis
1518 2330 1659 2396 ejus,
1709 2327 2006 2395 perfectam

434 2418 797 2488 cognitionem
831 2418 997 2487 .dixit.
1035 2416 1261 2484 Quando
1291 2417 1434 2471 enim
1469 2432 1574 2471 non
1612 2418 2000 2485 exciderimus,

436 2519 547 2563 tum
578 2506 802 2578 perfecti
835 2523 1046 2573 sumus,
1082 2517 1139 2562 ut
1174 2522 1242 2561 ex
1269 2507 1620 2576 sequentibus
1647 2506 1837 2578 liquet.

510 2598 675 2655 Vens.
729 2600 817 2655 14.
886 2620 904 2652 ι
966 2599 1035 2655 Ut
1078 2602 1191 2670 jam
1253 2614 1359 2653 non
1409 2598 1582 2653 simus
1635 2600 1842 2669 parvuli
1898 2601 2009 2654 ﬂu-

434 2702 697 2756 ctuantes,
721 2698 775 2746 et
799 2689 1245 2744 circumferamur
1276 2690 1423 2744 omni
1458 2698 1621 2743 vento
1653 2692 1938 2745 doctriuzc.
1986 2710 2005 2743 ι

440 2784 511 2841 Ut
548 2784 721 2853 ipsam
786 2783 1058 2852 exiguam,
1104 2782 1303 2851 inquit,
1348 2796 1660 2836 mensuram
1716 2799 1879 2852 quam
1922 2800 2013 2839 ac-

2111 2148 2276 2215 ἀτελῆ
2331 2146 2479 2214 λέγει
2520 2146 2618 2211 τὴν
2654 2146 2859 2214 γνῶσιν
2897 2146 3089 2217 ἡμῶν;
3141 2147 3230 2209 Ὣς
3276 2146 3416 2214 πρὸς
3457 2143 3673 2199 ἀντιδια-

2115 2238 2308 2308 στολὴν
2339 2239 2437 2305 τῆς
2469 2236 2770 2307 μελλούσης
2790 2237 3077 2306 γνώσεως·
3111 2235 3349 2290 ἐνταῦθα
3376 2236 3433 2289 δὲ
3462 2237 3534 2297 ὡς
3556 2233 3674 2303 πρὸς

2109 2331 2169 2383 τὸ
2231 2330 2624 2398 ἀμετάπτωτον
2674 2325 2796 2383 εἷπε
2847 2330 3069 2383 τελείαν
3117 2329 3215 2398 τὴν
3270 2328 3495 2397 γνῶσιν.
3529 2327 3675 2378 Ὅταν

2117 2422 2225 2491 γὰρ
2264 2421 2341 2492 μὴ
2373 2421 2827 2491 μεταπίπτωμεν,
2855 2425 2977 2475 τότε
3001 2421 3194 2474 τέλειοί
3224 2423 3414 2491 ἐσμεν,
3443 2419 3516 2483 ὡς
3544 2417 3673 2485 δῆλοι

2120 2511 2205 2564 διὰ
2235 2511 2343 2563 τῶν
2364 2511 2513 2580 ἑξῆς.
3348 2576 3354 2581 ⁸

2187 2623 2204 2654 ι
2246 2604 2364 2657 Ἵνα
2412 2603 2609 2673 μηκέτι
2639 2598 2790 2673 ὦμεν
2835 2603 3040 2673 νήπιοι,
3075 2602 3171 2656 καὶ
3214 2599 3675 2670 κλυδωνιζόμενοι,

2114 2696 2209 2749 καὶ
2238 2693 2660 2764 περιφερόμενοι
2688 2693 2851 2746 παντὶ
2894 2693 3082 2762 ἀνέμῳ
3132 2695 3230 2761 τῆς
3259 2690 3619 2753 διδασκαλίας.
3653 2710 3668 2741 ι

2116 2788 2233 2842 Ἱνα
2265 2787 2419 2851 αὐτὸ,
2449 2789 2604 2857 φησὶ,
2633 2786 2693 2839 τὸ
2734 2787 2916 2854 ὀλίγον
2950 2786 3156 2855 μέτρον
3189 2784 3217 2837 δ
3247 2783 3538 2853 ἐλάϐομεν,
3565 2800 3676 2836 κατ-

440 2878 707 2947 ccpimus,
740 2877 1114 2930 contineamus
1141 2874 1369 2928 firmiter
1392 2882 1448 2929 et
1471 2874 1664 2939 solide,
1700 2884 1754 2928 et
1784 2890 1888 2929 non
1928 2876 2013 2929 in-

2122 2883 2327 2952 ἐχωμεν
2389 2881 2625 2951 βεϐαίως
2678 2880 2775 2934 καὶ
2824 2876 3090 2948 στερρῶς,
3132 2876 3338 2947 καὶμὴ
3387 2877 3463 2938 ὡς
3515 2878 3675 2947 νήπιοι

440 2970 670 3024 fantium
704 2969 880 3023 instar
915 2966 1290 3021 concutiamur
1333 2975 1387 3020 et
1427 2967 1864 3035 circumagamur
1917 2967 2014 3021 abs

2122 2975 2481 3045 σαλευὼμεθα
2510 2975 2604 3028 καὶ
2630 2972 3062 3044 περιφερώμεθα
3091 2972 3197 3024 ὑπὸ
3222 2970 3426 3034 παντὸς
3454 2970 3676 3024 διδασκά-

438 3061 633 3132 quovis
662 3058 1005 3114 doctore.Ad
1040 3058 1142 3113 hoc
1173 3057 1317 3112 enim
1347 3060 1471 3112 data
1504 3068 1633 3112 sunt
1663 3058 2010 3124 charismata,

2122 3071 2229 3125 λου.
2283 3071 2406 3123 Ἐπὶ
2429 3069 2605 3140 τούτῳ
2628 3069 2738 3139 γὰρ
2768 3066 3027 3138 ἐδόθησαν
3066 3065 3136 3118 τὰ
3164 3065 3501 3136 χαρίσματα,
3535 3066 3605 3125 εἰς
3628 3061 3677 3115 τὸ

440 3164 501 3208 ιιι
545 3151 817 3208 aedificent
870 3159 1031 3219 atque
1087 3160 1489 3216 consumment,
1557 3166 1623 3207 ne
1669 3152 2014 3207 concutiatur

2122 3162 2420 3233 οἰκοδομεῖν
2453 3160 2550 3214 καὶ
2579 3157 2947 3229 καταρτίζειν,
2981 3158 3069 3211 ἴνα
3105 3157 3181 3227 μὴ
3215 3156 3510 3227 σαλεύηται
3549 3157 3578 3225 ἡ
3608 3155 3672 3207 οξ-

442 3245 560 3314 ipsa
592 3252 889 3298 structura.
945 3242 1081 3298 Cum
1143 3258 1272 3299 vero
1315 3243 1411 3310 ait,
1463 3262 1482 3295 ι
1527 3242 1647 3299 Jam
1690 3261 1820 3310 non,
1869 3264 1889 3297 ι
1927 3246 2011 3300 in-
2040 3281 2087 3343 ο
2117 3254 2342 3325 κοδομή,
2388 3254 2477 3306 Ἐν
2524 3251 2581 3305 δὲ
2622 3252 2702 3322 τῷ
2748 3251 2946 3314 εἰπεῖν,
3008 3267 3028 3301 ι
3070 3250 3305 3317 Μηκέτι,
3343 3267 3363 3299 ι
3400 3247 3561 3312 ἔδειξε
3593 3246 3671 3298 καὶ

442 3337 645 3392 dicavit
691 3335 819 3393 olim
867 3350 964 3393 eos
1009 3335 1062 3391 id
1116 3350 1238 3391 esse
1282 3349 1494 3405 passos.
1528 3335 1778 3405 Seipsum
1829 3349 2012 3393 autem

2122 3346 2291 3400 πάλαι
2319 3344 2479 3398 τοῦτο
2510 3342 2869 3405 πεπονθότας.
2901 3339 3095 3411 Τίθησι
3127 3341 3184 3393 δὲ
3226 3341 3323 3393 καὶ
3366 3340 3570 3401 ἑαυτὸν,
3599 3337 3674 3392 ινα

442 3438 819 3493 connumerat,
873 3433 932 3481 ut
980 3441 1087 3481 non
1130 3425 1289 3480 veluti
1334 3425 1688 3491 conviciator,
1747 3428 1842 3483 sed
1894 3444 2014 3482 cum

2122 3438 2197 3510 μὴ
2225 3438 2301 3501 ὡς
2338 3436 2633 3501 ὀνειδίζων,
2663 3434 2798 3487 ἀλλὰ
2831 3433 2948 3504 μεθ’
2974 3432 3291 3502 ἱλαρότητος
3317 3430 3670 3503 διορθώσηται.

443 3520 715 3576 hilaritate
761 3520 1018 3590 corrigat.
1064 3520 1133 3573 At
1181 3534 1303 3573 cum
1368 3519 1463 3583 ait,
1514 3537 1533 3570 ι
1567 3517 1938 3582 Fluctuantes.
1990 3538 2010 3572 ι

2122 3530 2216 3583 Διά
2248 3529 2305 3582 δὲ
2334 3528 2426 3581 τοῦ
2455 3530 2650 3589 εἰπεῖν,
2686 3544 2704 3576 ι
2749 3523 3233 3593 κλυδωνιζόμενοι,
3274 3522 3600 3574 »δείκνυσιν
3626 3522 3673 3569 ἐν

440 3614 679 3670 ostendit
697 3614 748 3667 in
784 3613 929 3685 quali
963 3612 1201 3682 periculo
1218 3611 1524 3666 constitutae
1546 3621 1668 3667 sunt
1694 3612 1800 3667 illae
1823 3613 2014 3668 animal

2122 3622 2215 3688 οἴῳ
2248 3619 2480 3688 κινδύνῳ
2512 3619 2650 3671 είσὶν
2684 3618 2741 3670 αι
2788 3618 3022 3685 ἀπαγεῖς
3076 3616 3213 3686 πρὸς
3258 3614 3358 3685 τὴν
3391 3610 3673 3679 ὀρθοδοξίαν

451 3720 572 3776 quae
619 3705 763 3761 circa
808 3712 955 3760 recta
987 3704 1237 3772 dogmata
1286 3709 1412 3757 sunt
1443 3701 1743 3758 instabiles.
1780 3702 1834 3756 in
1866 3711 2021 3773 tropo

443 3808 627 3855 autem
656 3811 1038 3868 perseverans,
1091 3803 1281 3862 ventos
1333 3795 1496 3849 etiam
1534 3794 1746 3850 vocavit
1775 3793 2021 3851 diversas

445 3890 745 3954 doctrinas,
799 3889 1129 3957 minimeque
1157 3889 1579 3942 consentientes.

525 3977 614 4034 du
648 3979 887 4048 nequitia
918 3979 1220 4043 hominum,
1250 3977 1305 4031 in
1337 3976 1559 4043 astutia,
1588 3978 1655 4032 ad
1685 3977 2023 4033 circumven-

448 4072 650 4126 tionem
701 4069 926 4124 erroris.
985 4086 1005 4119 ι
1075 4068 1359 4124 Κυϐευταὶ⁵
1415 4068 1688 4133 dicuntur,
1749 4071 1838 4139 qui
1903 4069 2025 4123 talis

451 4168 691 4228 utuntur.
716 4176 730 4214 :
759 4157 1066 4227 huiusmodi
1100 4166 1231 4213 sunt
1272 4157 1394 4214 falsi
1443 4159 1717 4222 doctores,
1756 4151 2026 4228 transpo-

456 4261 651 4308 nentes
694 4249 1075 4319 simpliciores,
1113 4264 1213 4305 ceu
1241 4249 1396 4315 talos,
1428 4260 1590 4319 prout
1618 4250 1904 4304 voluerint.
1947 4250 2027 4304 Ne

452 4344 637 4413 igitur,
684 4343 878 4412 inquit,
927 4357 1028 4398 nos
1049 4339 1503 4397 circumferamur
1532 4340 1585 4394 in
1620 4341 1883 4411 nequitia,
1914 4341 2027 4395 sive

456 4437 692 4493 versutia
734 4436 861 4491 hac.
892 4432 1215 4502 Quomodo?
1274 4451 1293 4485 ι
1325 4431 1381 4486 1η
1432 4432 1654 4497 astutia,
1693 4433 1759 4487 ad
1788 4433 2030 4486 circum-

453 4529 758 4584 ventionem
796 4529 1128 4596 imposturae,
1166 4544 1185 4577 ι
1240 4527 1349 4580 hoc
1394 4532 1497 4587 est,
1551 4526 1619 4579 ad
1670 4525 2029 4595 quodcunque

2118 3712 2311 3784 ψυχαί.
2350 3711 2429 3782 Τῇ
2459 3712 2634 3780 τροπῇ
2669 3711 2726 3763 δὲ
2763 3709 3041 3779 ἐμμένων,
3081 3708 3176 3761 καὶ
3208 3707 3449 3777 ἀνέμους
3474 3702 3672 3759 ἐκάλεσε

2120 3805 2218 3867 τὰς
2245 3804 2539 3873 διαφόρους
2565 3801 2936 3864 διδασκαλίας.

2200 3998 2218 4031 ι
2249 3979 2338 4032 Ἐν
2358 3979 2424 4048 τῇ
2445 3976 2638 4047 κυϐεία
2656 3975 2763 4029 τῶν
2784 3974 3111 4047 ἀνθρώπων,
3131 3975 3187 4027 ἐν
3213 3972 3536 4044 πανουργίᾳ,
3559 3969 3673 4042 πρὸς

2124 4071 2221 4142 τὴν
2246 4070 2523 4142 μεθοδείαν
2543 4070 2641 4138 τῆς
2657 4069 2888 4138 πλάνης.
2918 4066 3237 4120 ιρΚυϐευταὶ
3259 4065 3505 4134 λέγονται
3526 4065 3568 4117 oi
3584 4064 3674 4123 τοῖς

2131 4165 2352 4227 πεσσοῖς
2380 4160 2711 4233 κεχρημένοι
2728 4177 2743 4191 ο
2788 4158 3018 4212 τοιοῦτοί
3044 4160 3182 4210 εἰσιν
3210 4159 3260 4209 oi
3291 4152 3677 4225 ψευδοδιδάςκα·

2125 4257 2228 4321 λοι,
2267 4254 2645 4326 μετατιθέντες
2679 4251 2865 4325 [πρὸς]
2901 4252 3027 4314 τοὺς
3076 4250 3492 4321 ἀφελεστὲρους.
3517 4247 3673 4314 ὥσπερ

2127 4350 2378 4412 πεττούς,
2407 4346 2483 4408 ὡς
2520 4345 2824 4416 βούλονται.
2858 4344 2980 4397 Ἴνα
3015 4340 3131 4407 οὖν,
3170 4344 3328 4412 φησὶ,
3374 4343 3449 4411 μὴ
3481 4351 3675 4408 περιφεο

2132 4436 2351 4509 ρώμεθα
2386 4438 2547 4506 ἡμεῖς
2575 4438 2632 4490 ὲν
2660 4437 2727 4505 τῇ
2756 4434 2952 4505 κυϐείᾳ
2982 4433 3179 4504 ταύτῃ.
3210 4432 3375 4497 Πῶς;
3407 4452 3423 4483 ι
3448 4432 3532 4485 Ἐν
3556 4443 3677 4480 παν-

2128 4529 2345 4600 ουργίᾳ,
2396 4528 2532 4597 πρὸς
2565 4529 2666 4597 τὴν
2700 4524 2980 4597 μεθοδείαν
3001 4524 3099 4592 τῆς
3123 4525 3354 4593 πλάνης,
3392 4542 3415 4575 ι
3437 4522 3674 4583 τουτέστι,

454 4621 732 4690 deceptrix
785 4635 974 4676 eorum
1040 4618 1445 4675 circumventio
1484 4616 1741 4682 voluerit,
1809 4618 1875 4671 ad
1928 4618 2014 4671 ιιοι

2136 4620 2272 4692 πρὸς
2304 4621 2441 4689 ὅπερ
2481 4621 2514 4689 ὴ
2542 4618 2742 4681 πλάνος
2782 4617 2962 4670 αὐτῶν
2992 4614 3243 4685 μεθοδεία
3275 4615 3537 4685 βούλεται,
3570 4611 3679 4695 πρός

457 4712 768 4782 ινιιιιεροεὶιὶ
794 4721 847 4766 et
870 4712 1207 4766 circumacti.
1234 4708 1315 4765 Oh
1340 4709 1473 4764 nihil
1502 4709 1647 4764 enim
1675 4708 1818 4762 aliud
1845 4708 2027 4783 omnia

459 4803 723 4859 fallaciter
768 4813 1030 4858 conantur
1078 4812 1135 4858 et
1178 4812 1295 4857 artc
1342 4803 1576 4871 quadam
1622 4801 2025 4862 mat-hinantur,

457 4911 618 4968 quam
649 4906 707 4949 ut
740 4897 1025 4950 seducant.
1054 4892 1289 4949 Pulchre
1325 4902 1506 4949 autem
1542 4894 1817 4963 apposuit,
1854 4911 1872 4944 ι
1919 4894 2028 4948 Ηυ-

459 4993 661 5047 minum
693 5008 708 5046 :
745 5008 766 5042 ι
800 5005 889 5047 res
915 4990 1058 5045 enim
1083 4989 1279 5045 divina:
1313 4988 1606 5044 versutiam
1658 5002 1724 5043 ac
1752 4988 2032 5058 deceptio-

457 5098 578 5139 nem
612 5098 722 5137 non
760 5080 1076 5136 admittunt.
1794 5096 1799 5103 ·

530 5173 699 5232 Vens.
751 5174 840 5229 15.
886 5191 905 5225 ι
944 5172 1243 5229 Veritatem
1280 5178 1462 5226 autem
1495 5177 1771 5225 sectantes
1806 5171 1862 5224 in
1901 5170 2029 5224 cha-

461 5270 637 5334 ritate,
682 5283 990 5325 crescemus
1034 5268 1089 5321 in
1120 5267 1295 5335 ipsum
1332 5279 1428 5334 per
1476 5263 1679 5324 omnia,
1713 5262 1878 5334 393
1936 5262 2030 5330 qui

458 5371 545 5416 est
571 5371 732 5432 caput
758 5363 1028 5418 Christus.
1053 5379 1072 5413 ι
1109 5356 1465 5415 Fraudulenti
1498 5356 1642 5411 enim
1674 5367 1729 5410 et
1764 5357 1817 5410 in
1851 5356 2030 5410 verbis

2131 4714 2310 4768 έκεῖνο
2342 4709 2764 4781 μετατιθέμενοι
2799 4707 2894 4763 καὶ
2938 4707 3390 4777 περιφερόμενοι.
3440 4707 3517 4758 Δι’
3553 4694 3677 4757 οὐδὲν

2132 4806 2242 4875 γὰρ
2268 4805 2397 4858 ἄλλο
2439 4803 2620 4856 πάντα
2660 4800 3006 4871 μεθοδεύουσι
3049 4800 3145 4853 καὶ
3189 4798 3556 4869 τεχνάζονται,
3582 4793 3678 4865 ilco

2133 4896 2364 4968 πλανᾷν.
2397 4894 2593 4958 Καλῶς
2627 4893 2686 4946 δὲ
2731 4893 3074 4963 προσέθηκε·
3110 4910 3129 4942 ι
3166 4891 3292 4943 Τῶν
3320 4888 3672 4957 ἀνθρώπων»

2132 4988 2203 5043 τὰ
2249 4990 2362 5059 γὰρ
2407 4987 2504 5041 τοῦ
2560 4985 2696 5038 Θεοῦ
2741 4985 2966 5038 κυϐείαν
3006 4983 3098 5038 καὶ
3137 4982 3359 5053 ἀπάτην
3406 4982 3502 5035 οὐκ
3547 4978 3676 5048 ἐχου-

2139 5098 2244 5134 σιν.

2222 5193 2241 5225 ι
2291 5170 2679 5241 Ἀληθευοντες
2743 5167 2800 5221 δὲ
2868 5168 2927 5220 ἐν
2975 5166 3188 5238 ἀγάπῃ,
3248 5163 3561 5234 αὐξήσωμεν
3611 5157 3675 5219 είς

2127 5267 2287 5320 αὐτὸν
2336 5265 2405 5319 τὰ
2455 5264 2636 5316 πάντα
2668 5302 2682 5326 ,
2725 5262 2785 5323 ὃς
2846 5261 2991 5312 ἐστιν
3060 5261 3095 5330 ἡ
3164 5257 3416 5328 κεφαλὴ,
3464 5257 3491 5308 ό
3562 5252 3669 5320 Χριι

2129 5359 2272 5419 στός.
2323 5375 2341 5408 ι
2403 5357 2468 5409 Οί
2513 5354 2613 5423 μὲν
2672 5351 2970 5423 πανοῦργοι
3023 5351 3120 5404 καὶ
3169 5348 3437 5403 κυϐευταί.
3484 5342 3584 5398 τῶν
3606 5336 3674 5391 )6-

461 5429 693 5517 versuti,
729 5452 907 5508 omnia
959 5452 1126 5507 notha
1183 5459 1241 5505 et
1290 5448 1422 5504 falsa
1489 5447 1802 5516 loquuntur,
1857 5462 2014 5516 nequi

2122 5467 2253 5518 γων,
2293 5449 2475 5501 πάντα
2506 5447 2554 5479 ⁸³
2595 5444 2725 5499 νόθα
2768 5445 2864 5498 καὶ
2909 5441 3081 5512 ψευδῆ
3149 5440 3359 5510 ἔχουσι’
3425 5436 3513 5490 καὶ
3550 5429 3674 5486 οὐδὲν

460 5545 753 5614 quidquam
807 5545 863 5599 in
926 5546 1056 5614 ipsis
1091 5554 1178 5599 est
1219 5542 1301 5597 vel
1328 5555 1521 5597 sanum
1553 5539 1639 5593 vel
1677 5539 1888 5594 stabile.
1925 5539 2031 5594 Nos

463 5646 643 5693 autem
690 5637 904 5693 veritati
947 5638 1229 5694 studentes
1274 5635 1328 5690 in
1364 5632 1658 5690 dilectione
1690 5648 1815 5702 erga
1857 5631 2026 5686 Dcutn

2126 5542 2185 5593 ὲν
2218 5539 2405 5601 αὐτοῖς
2435 5536 2586 5604 ὑγιὲς
2619 5537 2715 5589 καὶ
2749 5535 3034 5603 στάσιμον.
3080 5531 3271 5601 Ἡμεῖς
3314 5529 3371 5583 δὲ
3418 5520 3672 5594 ἀληθεύον-

2128 5649 2220 5694 τες
2270 5633 2327 5684 ὲν
2375 5629 2590 5700 ἀγάπῃ,
2639 5630 2705 5699 τῇ
2757 5644 2816 5681 τε
2856 5627 2990 5696 πρὸς
3021 5623 3114 5678 τὸν
3155 5622 3289 5677 Θεὸν
3328 5619 3420 5675 καὶ
3450 5615 3573 5689 πρὸς
3593 5610 3672 5663 τδν

1804 5792 2001 5855 Variae
2044 5790 2367 5854 lectiones.

537 5916 599 5953 ⁸³-
628 5915 707 5978 είς
738 5929 790 5970 0.
869 5916 914 5954 ⁸⁸
946 5916 1139 5979 πάντες
1167 5933 1220 5969 υ.
