3932 6600
235 350 388 417 r239

1029 352 1441 415 excosmo
1474 355 1552 417 IN
1587 354 1826 416 EPIST.
1872 356 1971 416 AD
2009 356 2278 421 EPIlES.
2310 385 2377 395 -ο
2408 362 2563 422 CAP.
2613 328 2712 421 tv.

3372 359 3508 425 1090

231 466 498 536 πλησίον,
524 464 618 519 καὶ
655 463 856 535 μηκέτι
874 462 918 497 ⁸⁸
947 465 1117 536 ψευδῆ
1140 467 1389 536 δόγματα
1413 466 1649 538 ἔχοντες,
1685 468 1823 536 μήτε

1930 475 1983 520 ει
2032 472 2363 537 proximum,
2436 484 2609 536 neque
2663 452 2912 538 dogmata
2973 468 3107 523 falsa
3181 469 3502 535 retinentes,

227 560 295 611 ἐν
323 544 646 627 ’ὑποκρίσει
682 555 882 619 ζῶντες
917 556 1174 624 (ἐνταῦθα
1218 561 1328 628 γὰρ
1368 558 1515 612 δοκεῖ
1560 558 1656 611 καὶ
1696 559 1826 628 περὶ

228 648 359 718 βίου
397 646 581 709 αὐτοῖς
606 644 995 714 διαλέγεσθαι),
1024 647 1351 719 αὐξήσωμεν
1385 651 1465 711 είς
1500 649 1732 719 Χριστὸν
1757 646 1826 700 τά

227 740 425 793 πάντα
466 739 645 809 ἡμῶν,
692 738 784 791 τόν
814 754 875 790 τε
924 737 1037 808 βίον
1091 740 1186 793 καὶ
1223 739 1294 794 τά
1346 740 1613 810 δόγματα.
1667 738 1825 811 Αύτῷ

224 831 344 901 γὰρ
389 828 602 899 κεφαλῇ
643 828 756 881 ὄντι
793 827 1089 898 ὀφείλομεν
1127 829 1534 901 προσαρμόζειν
1581 830 1648 883 τὰ
1689 828 1826 900 ἡμέ·

228 942 398 994 τερα,
447 924 538 976 ἵνα
565 921 730 993 μηδὲν
759 921 1133 992 ἀκατάλληλον
1166 924 1424 993 φέρωμεν
1458 922 1551 975 καὶ⁵
1579 922 1824 993 ἀνάρμο-

229 1034 367 1069 στον
417 1016 517 1086 τῆς
557 1014 822 1087 κεφαλῆς,
866 1014 1005 1070 ἀλλά
1049 1016 1228 1071 πάντα
1274 1015 1410 1086 πρὸς
1458 1013 1619 1069 αὐτὸν
1660 1012 1825 1079 αύξά-

227 1126 449 1176 νωμεν.

308 1222 330 1252 ‹
386 1201 479 1268 Ἐξ
520 1194 583 1255 οὗ
632 1201 740 1253 πᾶν
795 1201 858 1254 τὸ
906 1201 1067 1272 σῶμα
1112 1199 1691 1272 συναρμολογούμενον
1729 1200 1824 1253 καὶ

227 1291 720 1361 συμόιόαζόμενον
757 1291 846 1344 διὰ
892 1293 1075 1362 πάσης
1125 1291 1272 1363 ἁφῆς
1301 1289 1401 1361 τῆς
1442 1292 1822 1363 ἐπιχορηγίας,

227 1382 359 1435 κατ’
408 1384 697 1452 ἐνέργειαν
745 1383 805 1436 ἐν
858 1384 1044 1454 μέτρῳ
1088 1383 1206 1445 ἐνὸς
1254 1383 1490 1437 ἑκάστου
1533 1381 1733 1452 μέρους
1754 1382 1822 1450 ⁸⁸,

223 1472 328 1539 τὴν
380 1472 617 1544 αὔξησιν
660 1472 754 1525 τοῦ
802 1471 1057 1543 σώματος
1103 1476 1359 1540 ποιεῖται,
1410 1474 1490 1535 el;
1534 1473 1826 1543 οἰκοδομὴν

222 1560 437 1616 ἐαυτοῦ
470 1565 527 1616 ἐν
552 1562 765 1635 ἀγάπῃ.
807 1580 827 1615 ι
879 1562 940 1616 Ἥ
976 1563 1184 1616 διάνοια
1233 1562 1327 1616 τοῦ
1372 1565 1539 1636 ῥητοῦ
1577 1564 1823 1633 τοιαύτη,

224 1659 277 1710 εί
305 1656 416 1710 καὶ
442 1656 673 1726 ἀσαφῶς
705 1657 1047 1728 πέφρασταιο
1095 1658 1365 1728 Καθάπερ
1404 1658 1462 1712 ὲν
1495 1656 1572 1729 τῷ
1609 1658 1826 1729 σώματι

223 1749 290 1802 τὸ
319 1748 553 1819 πνεῦμα
575 1750 636 1802 τὸ
664 1748 773 1803 ἀπὸ
798 1748 890 1803 τοῦ
917 1749 1218 1818 ἐγκεφάλου
1250 1750 1580 1804 καταϐαῖνον
1601 1750 1691 1803 διὰ
1714 1750 1826 1804 τῶν

226 1837 479 1909 νεύρων,
513 1839 612 1909 οὐχ
644 1838 830 1903 ἁπλῶς
863 1839 1042 1893 δίδωσι
1083 1841 1218 1894 πᾶσι
1256 1841 1367 1903 τοῖς
1393 1841 1582 1911 μέλεσι
1617 1841 1714 1911 τὴν
1741 1843 1825 1893 αῖ-

227 1931 460 2001 σθησιν,
485 1929 618 1985 ἀλλά
643 1931 784 1987 κατὰ
818 1930 1117 2001 ἀναλογίαν
1146 1933 1386 2004 ἑκάστῳ,
1414 1932 1493 2003 τῷ
1536 1932 1635 2003 μέν
1662 1932 1825 1986 πλέον

222 2023 505 2089 δέξασθαι
530 2022 836 2094 δυναμένῳ,
869 2023 1034 2077 πλέον
1055 2062 1072 2090 ,
1101 2023 1181 2093 τῷ
1205 2024 1262 2078 δέ
1294 2023 1540 2089 ἔλαττον,
1569 2023 1789 2077 ἔλαττον
1809 2040 1824 2057 ο

225 2114 381 2169 οὕτω
410 2115 512 2169 καὶ⁸
542 2115 571 2168 ὀ
593 2114 831 2187 Χριστὸς
851 2116 933 2179 είς
957 2117 1057 2175 τὰς
1083 2114 1262 2186 ψυχάς
1286 2116 1466 2186 ήμῶν,
1493 2114 1694 2178 αἵτινές
1719 2117 1825 2168 εισι

227 2205 379 2275 μέλη
412 2204 608 2271 αὐτοῦ,
642 2209 881 2259 ποιεῖται
908 2205 1007 2277 την
1036 2206 1301 2277 χορηγίαν
1329 2205 1440 2260 τῶν
1466 2206 1827 2277 χαρισμάτων

226 2298 435 2365 αὑτοῦ,
464 2298 563 2370 οὐχ
594 2296 803 2364 ἁπλῶς,
824 2297 940 2352 ἀλλ’
971 2318 989 2350 ι
1028 2300 1085 2353 ἐν
1110 2300 1293 2371 μέτρῳ
1322 2300 1440 2363 ἐνὸς
1464 2300 1695 2353 ἑκάστου
1728 2300 1826 2370 μέ-

227 2392 394 2456 λους,
425 2411 447 2444 ι
486 2392 786 2457 τουτέστιν,
820 2390 896 2455 ὡς
919 2390 1140 2445 δύναται
1172 2391 1670 2462 χωρῆσαιέκαστον
1692 2407 1705 2421 ⁸
1732 2393 1826 2444 καὶ

224 2484 385 2536 οὕτω
424 2483 491 2536 τὸ
538 2484 698 2554 σῶμα
723 2483 870 2537 ἅπαν
915 2501 935 2534 ι
966 2484 1065 2553 τὴν
1113 2483 1404 2555 οίκοδομὴν
1450 2484 1547 2538 καὶ
1599 2483 1827 2555 αὔξησιν

225 2575 444 2630 ἑαυτοῦ
470 2578 701 2631 ποιεῖται
720 2576 778 2628 ἐν
796 2578 1005 2651 ἀγάπῃ.
1044 2596 1063 2630 ι
1098 2576 1307 2641 ’Δλλως
1346 2577 1456 2648 γὰρ
1476 2578 1575 2630 οὐκ
1598 2578 1711 2630 ἐστι
1739 2577 1826 2631 δέ·

228 2669 441 2736 ξασθαι
496 2667 593 2740 τὴν
664 2669 934 2741 χορηγίαν
982 2669 1076 2722 τοῦ
1132 2670 1340 2724 ἀνωθεν
1409 2669 1827 2735 καταϐαίνοντος

228 2762 588 2833 Ιινεύματος,
615 2761 705 2831 ὑφ’
732 2757 794 2815 οὗ
818 2764 911 2817 καὶ
935 2761 1352 2833 ζωογονούμεοα
1381 2763 1475 2816 καὶ
1506 2762 1743 2833 αὔξομεν
1759 2764 1824 2829 ⁸⁸,

225 2858 277 2908 εί
314 2857 403 2928 μὴ
431 2855 521 2908 διὰ
560 2856 659 2926 τῆς
694 2855 913 2926 ἀγάπης
958 2854 1337 2924 συνδεδεμένοι
1383 2850 1531 2927 ὦμεν
1562 2857 1655 2909 καὶ
1689 2857 1830 2927 ἡνω-

229 2950 422 3019 μένοι,
473 2949 550 3012 ὠς
598 2949 656 3002 ἓν
707 2948 888 3019 σῶμα.
923 2948 1135 3019 Ὠσπερ
1185 2947 1316 3019 γὰρ,
1370 2950 1420 3001 εί
1473 2947 1649 3019 τύχοι,
1706 2951 1828 3020 χεῖρ

226 3040 661 3093 ἀποσπασθεῖσα
718 3038 812 3093 τοῦ
865 3038 1141 3109 σώματος,
1173 3039 1235 3091 ού
1284 3038 1496 3104 δέξαιτο
1540 3038 1606 3093 ἂν
1649 3039 1711 3093 τὸ
1737 3044 1821 3092 αι-

227 3131 446 3199 σθητδν
479 3128 721 3200 πνεῦμα,
757 3124 847 3182 οἷα
885 3127 989 3198 τῆς
1025 3128 1307 3197 συνεχείας
1348 3128 1823 3200 ἀποδιαιρεθείσν

225 3188 387 3275 οὕτω
442 3222 537 3274 καὶ⁵
581 3188 765 3291 ἡμεῖς,
798 3221 895 3273 ἐὰν
1048 3188 1319 3289 ἡνωμέναι
1353 3213 1525 3289 ὦμεν,
1560 3188 1621 3273 δύ
1671 3217 1821 3288 δεχό-
1851 3188 1894 3247 C

229 3312 389 3381 μεθα
409 3312 508 3383 τὴν
537 3312 644 3365 ἀπὸ
682 3312 780 3381 τῆς
806 3310 1051 3379 κεφαλῆς
1081 3310 1238 3381 ἡμῶν
1269 3308 1362 3363 τοῦ
1391 3312 1628 3382 Χριστοῦ
1654 3329 1821 3366 κατα-

226 3404 540 3459 δαίνουσαν
573 3403 668 3457 τοῦ
697 3404 1012 3474 Πνεύματος
1039 3403 1218 3474 χάριν.
1244 3404 1342 3457 Διά
1368 3404 1528 3458 τοῦτο
1561 3399 1704 3471 εἷπε,
1728 3408 1822 3459 καὶ

226 3504 318 3554 ὅτι
355 3517 375 3550 ι
412 3499 487 3552 Τὸ
522 3498 681 3571 σῶμα
735 3496 1314 3569 συναρμολογούμενον
1355 3498 1451 3552 καὶ
1491 3497 1823 3569 συμϐιϐαζό-

228 3608 473 3662 μενονοι
509 3590 807 3656 τουτέστιν,
832 3592 930 3662 οὺχ
966 3591 1151 3654 ἁπλῶς
1182 3589 1452 3662 κειμένων
1484 3590 1593 3643 τῶν
1621 3590 1822 3661 μελῶν,

227 3685 385 3738 ἀλλά
416 3685 510 3737 καὶ
543 3683 861 3754 ⁴ἐρωμένων,
898 3685 992 3738 καὶ
1024 3684 1259 3737 ἑκάστου
1293 3683 1387 3739 τὸν
1427 3685 1628 3737 οἰκεῖον
1658 3687 1822 3738 τόπον

228 3775 558 3844 επέχοντος,
617 3774 713 3827 καὶ
776 3772 850 3844 μὴ
909 3774 1424 3845 παρηρθρωμένου,
1481 3773 1616 3844 μηδὲ
1675 3775 1825 3845 παρά

228 3868 438 3939 σχῆμα
460 3869 735 3938 κειμένου.
758 3868 895 3938 ΙΙαρ⁹
918 3868 1051 3938 ἡμῖν
1084 3868 1181 3938 μὲν
1209 3865 1302 3920 οῦν
1326 3868 1442 3920 ἐστι
1466 3868 1528 3919 τὸ
1550 3883 1827 3939 συναρμο-

228 3961 433 4029 λογείν
488 3958 712 4021 ἑαυτοὺς
757 3958 851 4011 καὶ
892 3956 1253 4028 συμϐιϐάξειν
1296 3958 1385 4013 διὰ
1430 3960 1529 4030 τῆς
1566 3960 1819 4031 ἀγάπηςο

229 4058 341 4112 τοῦ
376 4059 433 4112 δὲ
465 4058 725 4128 Χριστοῦ,
763 4058 863 4129 τῆς
896 4058 1136 4128 κεφαλῆς
1165 4056 1324 4128 ἡμῶν
1353 4055 1415 4109 τὸ
1447 4052 1664 4124 πνεῦμα
1707 4054 1826 4105 ἐπι-

231 4150 488 4204 στέλλειν
511 4151 578 4205 ".
621 4150 679 4205 '0
708 4152 813 4212 πᾶς
849 4150 940 4205 οῦν
974 4150 1132 4218 λόγος
1163 4151 1290 4220 περὶ
1319 4142 1823 4215 ταπεινοφροσύνης

230 4242 344 4296 καὶ
373 4241 643 4304 ἐνώσεως.
672 4242 744 4294 Τὸ
772 4240 849 4306 δέ,
886 4258 906 4292 r
941 4241 1038 4293 Διά
1065 4240 1249 4311 πάσης
1274 4238 1419 4307 ἁφῆς
1445 4236 1543 4306 τῆς
1567 4238 1825 4305 ἐπιχορη-

232 4335 398 4401 γίας,
429 4350 446 4384 t
480 4333 639 4387 τοῦτο
671 4332 838 4403 δηλοῖ,
870 4334 949 4386 ὅτι
971 4331 1031 4385 τὸ
1048 4331 1264 4401 πνεῦμα
1292 4330 1353 4383 τὸ
1388 4332 1498 4383 ἀπο
1526 4329 1623 4399 τῆς
1657 4345 1827 4397 κεφα-

233 4427 348 4497 λῆς
406 4425 859 4495 ἐποχετευόμενον
929 4423 1023 4477 καὶ
1088 4420 1530 4492 χορηγούμενον,
1597 4419 1825 4474 ἅπτεται

1931 572 2109 626 neque
2158 560 2210 612 in
2244 559 2514 629 hypocrisi
2556 561 2851 629 viventes(
2896 560 2983 615 hic
3010 560 3154 615 enim
3181 559 3397 614 videtur
3437 570 3495 613 et

1927 657 1984 702 et
2009 650 2075 704 de
2096 649 2204 702 vita
2235 651 2369 719 ipsis
2396 652 2555 707 verba
2588 653 2811 722 facere),
2836 667 3131 724 augeamus
3156 653 3207 707 iu
3228 652 3506 717 Christum

1926 742 2107 795 omnia
2166 751 2374 808 nostra,
2422 743 2586 797 vitam
2640 744 2894 799 nimirum
2930 755 2984 798 et
3036 744 3359 800 doctrinam.
3399 742 3506 813 Ipsi

1927 832 2094 893 enim,
2146 832 2236 900 qui
2280 839 2442 901 caput
2512 843 2617 897 est,
2664 835 2922 889 debemus
2977 836 3236 900 adaptare
3286 843 3499 894 nostra,

1926 933 1987 976 ιιι
2045 922 2177 978 nihil
2235 938 2339 978 non
2395 928 2725 993 respondens
2773 936 2828 980 et
2879 927 3264 980 inconveniens
3340 925 3551 995 capiti.

1928 1014 2186 1081 feramus,
2221 1016 2316 1070 sed
2340 1016 2520 1070 omnia
2552 1030 2846 1085 augeamus
2870 1017 2934 1069 ad
2971 1017 3169 1087 ipsum.

2003 1191 2169 1246 Vsus.
2219 1191 2308 1247 16.
2354 1210 2373 1243 ι
2412 1192 2492 1246 Ex
2529 1205 2639 1261 quo
2688 1200 2855 1245 totum
2904 1206 3097 1260 corpus
3158 1201 3499 1261 compactum

1928 1296 1982 1341 et
2018 1301 2331 1341 connexum
2381 1300 2478 1354 per
2511 1300 2727 1339 onmem
2756 1283 3070 1353 juncturam
3118 1285 3502 1340 subministra-

1930 1382 2127 1447 tionis,
2151 1380 2447 1435 secundum
2477 1379 2846 1449 operationem
2874 1380 2924 1434 in
2958 1396 3209 1435 mensura
3240 1382 3498 1435 uniuscu-

1922 1472 2116 1542 jusque
2179 1471 2430 1538 membri,
2486 1481 2832 1541 augmentum
2901 1472 3152 1541 corporis
3213 1472 3363 1534 facit.
3436 1474 3501 1527 ad

1927 1565 2339 1620 aediﬁcationem
2365 1565 2446 1620 sui
2478 1566 2644 1633 ipsius
2675 1566 2726 1618 iu
2756 1566 3043 1619 eharitate.
3079 1583 3099 1616 ι
3172 1565 3338 1633 Hujus
3396 1567 3499 1620 loci

1928 1672 2121 1712 sensus
2157 1657 2279 1712 talis
2312 1668 2417 1723 est,
2442 1658 2656 1713 etiamsi
2682 1658 2921 1712 'obscure
2945 1659 3119 1710 dictus
3145 1657 3215 1711 sit
3243 1675 3257 1712 :
3303 1658 3503 1726 Quem-

1929 1748 2218 1802 admodum
2282 1752 2335 1803 in
2375 1763 2604 1818 corpore
2649 1749 2892 1818 spiritus,
2943 1749 3034 1818 qui
3083 1764 3113 1803 e
3150 1750 3373 1803 cerebro
3412 1750 3503 1803 de-

1857 1851 1898 1906 B
1926 1841 2136 1894 scendit
2201 1855 2295 1911 per
2334 1850 2556 1909 nervos,
2613 1856 2719 1895 non
2758 1840 3081 1908 simpliciter
3129 1841 3219 1895 dat
3252 1842 3502 1896 ontnibus

1928 1938 2187 1991 membris
2214 1952 2460 2001 sensum,
2491 1938 2585 1992 sed
2626 1937 2916 2007 unicuique
2950 1935 3243 1990 secundum
3274 1950 3502 2005 proper-

1930 2023 2154 2087 tiouem,
2211 2023 2261 2078 ei
2324 2024 2540 2093 quidem
2605 2025 2747 2093 quod
2798 2024 2950 2093 plura
3010 2023 3256 2092 recipere
3306 2034 3500 2092 potest,

1929 2116 2103 2184 plura,
2163 2115 2303 2185 quod
2334 2130 2462 2170 vero
2493 2114 2691 2180 minus,
2718 2115 2937 2171 minus:
2968 2116 3049 2169 sic
3085 2124 3139 2168 et
3165 2114 3417 2170 Christus
3451 2116 3502 2168 in

1927 2207 2141 2261 animas
2206 2217 2421 2262 nostras
2465 2222 2585 2274 qum
2635 2216 2759 2261 sunt
2799 2207 3041 2261 membra
3106 2206 3297 2275 ipsius,
3370 2204 3498 2260 facit

1929 2300 2421 2370 suppeilitationem
2469 2300 2859 2353 charismatum
2934 2314 3179 2362 suorum,
3216 2314 3321 2354 non
3371 2300 3504 2353 sim~

1929 2393 2159 2464 pliciter,
2202 2393 2297 2447 sed
2340 2405 2438 2461 pro
2480 2406 2731 2445 mensura
2768 2390 3057 2460 cujuslibet
3106 2392 3357 2455 membri,
3403 2391 3507 2448 hoc

1928 2496 2011 2540 est
2074 2484 2297 2555 perinde
2344 2493 2401 2537 ut
2456 2483 2734 2553 quodlibet
2783 2493 2960 2552 potest
3005 2498 3198 2552 capere
3243 2502 3257 2538 :
3296 2483 3507 2554 hacque

1929 2575 2137 2629 ratione
2166 2581 2335 2627 totum
2378 2588 2573 2642 corpus
2604 2571 3014 2627 aediﬁcationem
3056 2583 3110 2628 et
3159 2585 3502 2642 augmentum

1929 2666 2189 2736 Suiipsius
2237 2664 2368 2718 facit
2403 2664 2454 2717 in
2500 2663 2810 2719 dilectione.
2844 2664 3016 2718 Aliter
3044 2665 3188 2718 enim
3238 2680 3343 2718 non
3378 2665 3506 2718 licet

1929 2758 2175 2827 recipere
2203 2756 2695 2826 suppeditatiouem
2719 2756 3099 2811 descendentis
3123 2757 3353 2825 desuper
3384 2756 3506 2826 Spi-

1928 2846 2087 2910 ritus,
2129 2860 2157 2898 a
2213 2860 2322 2914 quo
2351 2853 2405 2899 et
2436 2838 2774 2900 ﬁtmicamur
2813 2856 2866 2900 et
2900 2848 3222 2913 crescimus,
3264 2849 3368 2903 nisi
3405 2864 3504 2918 per

1931 2938 2272 2992 dilectionem
2340 2939 2567 2991 connexi
2634 2938 2912 3005 fuerimus,
2964 2946 3019 2993 et
3076 2939 3214 2994 uniti
3247 2948 3502 3010 tanquam

1931 3047 2095 3084 unum
2138 3046 2351 3100 corpus.
2409 3028 2479 3085 Ut
2531 3030 2700 3096 enim,
2764 3032 2998 3103 exempli
3055 3034 3251 3103 gratia,
3312 3048 3509 3089 manus

1930 3139 1957 3175 a
1993 3138 2223 3193 corpore
2268 3122 2476 3188 avulsa,
2525 3139 2631 3177 non
2668 3137 2829 3191 porro
2884 3126 3146 3193 receperit
3191 3125 3503 3183 seusibilem

1925 3216 2197 3285 spiritmn,
2230 3228 2295 3268 eo
2325 3214 2467 3283 quod
2491 3230 2520 3266 a
2551 3214 2908 3269 continuitate
2940 3217 3151 3271 diducta
3181 3226 3265 3271 ext
3297 3233 3312 3271 :
3341 3218 3421 3271 sic
3442 3229 3497 3272 et

1925 3323 2043 3374 nos,
2067 3307 2170 3362 nisi
2191 3305 2627 3371 unitil‘uerimus,
2650 3321 2755 3359 non
2776 3307 3063 3375 recipimus
3083 3322 3111 3359 a
3127 3308 3307 3376 capite
3321 3316 3505 3363 nostro

1924 3385 2572 3455 Christodescendentem
2608 3396 2844 3466 Spiritus
2897 3398 3153 3467 gratiam.
3208 3398 3501 3466 Propterea

1924 3492 2082 3557 dixit,
2115 3511 2134 3544 ι
2170 3492 2380 3561 Corpus
2404 3500 2740 3561 compactum
2772 3499 2824 3544 et
2853 3504 3178 3554 connexum,
3216 3507 3236 3542 ι
3266 3489 3367 3543 hoc
3396 3500 3500 3553 est,

1925 3599 2030 3639 non
2063 3584 2381 3655 simpliciter
2403 3586 2594 3654 positis
2615 3584 2892 3649 membris,
2947 3596 3130 3637 verum
3182 3584 3341 3635 etiam
3369 3598 3505 3636 con-

1918 3675 2147 3745 junctis,
2176 3686 2231 3731 ct
2258 3690 2588 3745 unoquoque
2612 3676 2891 3744 proprium
2945 3675 3121 3729 locum
3154 3672 3408 3737 habente,
3444 3681 3504 3726 ut

1926 3770 2131 3822 nullum
2165 3768 2407 3823 laxatum
2436 3769 2526 3833 sit,
2562 3783 2738 3837 neque
2770 3774 2968 3837 praeter
2999 3765 3228 3819 formam
3262 3766 3503 3819 colloca-

1928 3867 2061 3913 tutn.
2091 3856 2147 3912 ln
2176 3859 2332 3914 nobis
2358 3858 2521 3927 igitur
2536 3868 2615 3914 est
2642 3860 2788 3928 ipsos
2812 3868 3126 3914 construere
3150 3868 3203 3912 et
3222 3871 3503 3927 coagmen-

1928 3961 2045 4005 tare
2089 3966 2185 4019 per
2215 3951 2556 4006 dilectionem
2593 3972 2607 4006 :
2643 3951 2847 4008 Christi
2888 3966 3016 4006 vero
3070 3950 3267 4020 capitis
3304 3950 3498 4013 nostri,

1926 4048 2175 4118 spiritum
2211 4031 2529 4101 immittere.
2577 4043 2749 4102 Totus
2782 4046 2947 4117 igitur
2977 4045 3063 4100 hic
3115 4060 3294 4100 sermo
3323 4048 3504 4100 estde

1926 4138 2295 4193 humilitateet
2316 4138 2544 4191 unitate.
2585 4135 2738 4202 Quod
2780 4151 2910 4191 vero
2942 4135 3039 4201 ait,
3101 4153 3120 4186 ι
3147 4133 3251 4189 Ρει·
3287 4149 3501 4188 omnem

1923 4231 2233 4300 juncturam
2304 4228 2847 4291 subtniuistratiouis,
2927 4246 2946 4279 ι
3030 4226 3314 4281 denuntiat
3374 4225 3499 4290 her,

1926 4320 2068 4390 quod
2122 4320 2345 4388 spiritus
2380 4335 2408 4371 a
2469 4320 2645 4387 capite
2698 4320 2958 4372 advectus
3019 4326 3073 4370 et
3123 4315 3507 4385 suppeditatus

1928 4411 2108 4465 orttnia
2139 4410 2437 4479 contingat.
2472 4409 2681 4478 Corpus
2703 4409 2865 4479 igitur
2895 4408 3091 4463 crescit
3124 4417 3177 4461 et
3206 4405 3510 4460 aediﬁcatur

237 4496 490 4574 πάντων.
518 4520 591 4573 Τὸ
621 4519 799 4572 τοίνυν
834 4517 993 4588 σῶμα
1027 4514 1178 4580 αὔξει
1206 4514 1301 4568 καὶ
1334 4514 1699 4581 οἰκοδομεῖται
1738 4511 1824 4565 διὰ

1931 4515 2028 4569 per
2059 4504 2158 4556 hoc
2198 4500 2340 4569 quod
2375 4498 2597 4567 spiritus
2616 4498 2976 4568 suppeditatio
3008 4496 3246 4551 membra
3275 4496 3502 4549 coutin-

232 4613 343 4668 τοῦ
406 4612 706 4671 ἇπτεστθαι
754 4612 865 4665 τῶν
938 4610 1115 4682 μελῶν
1166 4609 1263 4678 τὴν
1320 4606 1676 4676 ἐπιχορηγίαν
1731 4606 1827 4657 τοῦ

236 4705 583 4777 πνεύματος,
631 4706 725 4758 καὶ
757 4705 1002 4777 ἐνεργεῖν
1046 4703 1105 4756 ἐν
1147 4700 1328 4762 αὐτοῖς
1367 4698 1545 4769 (τοῦτο
1571 4698 1680 4767 γάρ
1710 4697 1826 4750 ἐστι

235 4801 328 4864 τὸ,
367 4816 385 4849 ι
424 4797 560 4851 Κατ’
588 4799 868 4867 ἐνέργειαν
893 4796 941 4863 ι)
966 4812 981 4827 ·
1005 4793 1040 4865 ἢ
1058 4793 1140 4846 ὅτι
1162 4790 1259 4863 τὴν
1282 4791 1561 4861 ἐνέργειαν
1587 4791 1699 4852 τοῖς
1723 4788 1825 4859 μέ-

202 4919 212 4927 -
236 4894 366 4944 λεσι
396 4889 458 4942 τὸ
483 4887 700 4959 πνεῦμα
724 4888 928 4941 δίδωσι.

322 5001 341 5033 ι
379 4981 551 5035 Τοῦτο
582 4976 674 5033 οὖν
704 4979 849 5047 λέγω
878 4979 972 5032 καὶ
1007 4976 1361 5048 μαρτύρομαι
1384 4976 1442 5029 ἐν
1475 4973 1688 5046 Κυρίῳ,
1716 4989 1820 5043 μη-

241 5077 366 5128 κέτι
408 5074 558 5142 ὑμᾶς
600 5072 947 5142 περιπατεῖν,
995 5068 1175 5133 καθὼς
1234 5069 1331 5121 καὶ
1361 5066 1430 5120 τὰ
1472 5067 1635 5119 λοιπά
1690 5065 1820 5135 ἔθνη

242 5166 568 5235 περιπατεῖ,
599 5164 658 5214 ἐν
707 5161 1026 5232 ματαιότητι
1068 5158 1164 5213 τοῦ
1216 5158 1335 5221 νοθις
1370 5158 1570 5213 αὐτων.
1610 5176 1630 5209 ι
1664 5157 1820 5212 Διδα-

250 5256 479 5318 ςικάλου,
506 5253 568 5305 οὐ
617 5253 776 5321 μόνον
818 5251 880 5303 τὸ
932 5252 1241 5321 παραινεῖν,
1269 5248 1406 5304 άλλά
1440 5249 1535 5303 καὶ
1567 5248 1625 5302 τὸ
1658 5252 1819 5317 ἐκφο-

245 5348 383 5410 ϐεῖν,
416 5344 508 5399 διά
537 5344 632 5397 τοῦ
662 5344 758 5396 καὶ
789 5343 881 5396 τὸν
925 5342 1059 5395 Θεὸν
1102 5342 1334 5412 ἐφιστᾷν
1379 5343 1490 5404 τοῖς
1527 5341 1821 5410 μαθηταῖς,

246 5442 443 5508 ὡσπερ
492 5438 585 5490 καὶ
612 5436 848 5489 ἐνταῦοα
873 5433 1083 5496 Παῦλος
1138 5435 1299 5487 ποιεί.
1341 5451 1360 5485 ι
1399 5432 1766 5503 Μαρτύρομαι
1799 5450 1818 5483 ι

247 5532 381 5603 τὰρ,
425 5530 613 5599 φησὶν,
637 5529 781 5599 ὑμᾶς
810 5546 827 5579 ι
868 5529 924 5580 ἐν
952 5526 1139 5597 Κυρίῳ
1164 5542 1177 5557 ο
1203 5544 1221 5577 ι
1249 5525 1520 5591 τουτέστι,
1549 5525 1823 5595 Μάρτυρα

1929 4604 2039 4663 gat,
2100 4602 2260 4660 atque
2323 4594 2375 4644 in
2424 4593 2505 4645 eis
2539 4603 2795 4660 cperetur
2828 4593 2844 4659 (
2878 4595 2980 4644 hoc
3012 4598 3093 4643 est
3138 4588 3284 4642 enim
3345 4586 3502 4650 illud,

1936 4700 1956 4732 ι
2014 4680 2323 4735 Secundum
2388 4680 2870 4749 operationem»),
2927 4680 3011 4735 vel
3080 4680 3223 4750 quod
3282 4679 3510 4750 spiritus

1931 4772 2119 4826 tribuit
2167 4772 2543 4840 operationem
2578 4771 2859 4825 membris.

1998 4971 2164 5043 399
2195 4971 2355 5027 Vnus.
2392 4972 2477 5029 l7.
2527 4991 2547 5025 ι
2578 4973 2687 5027 Hoc
2724 4973 2887 5044 igitur
2917 4973 3039 5029 dico
3071 4985 3124 5030 et
3154 4975 3415 5031 testiﬁcor
3448 4978 3507 5031 in

1932 5063 2180 5129 Domino,
2224 5073 2281 5117 ut
2328 5064 2438 5135 jam
2492 5081 2600 5119 non
2660 5067 2967 5131 ambulctis,
3024 5077 3160 5122 sicut
3193 5080 3246 5121 et
3284 5070 3514 5141 reliqua;

1932 5167 2118 5227 gentes
2175 5159 2455 5213 ambuluut
2507 5159 2559 5213 in
2618 5160 2855 5213 vanitate
2894 5175 3085 5215 sensus
3124 5160 3230 5215 sui.
3270 5180 3290 5213 ι
3354 5162 3509 5218 Prte-

1930 5251 2165 5317 ceptoris
2187 5261 2269 5305 est
2313 5266 2419 5306 non
2459 5251 2628 5306 solum
2662 5252 2955 5317 adhortari,
2991 5267 3175 5306 verum
3199 5254 3361 5308 etiam
3399 5266 3510 5307 ter-

1928 5355 2067 5404 rcre,
2121 5357 2214 5412 per
2262 5345 2362 5398 hoc
2410 5345 2550 5413 quod
2596 5344 2737 5398 Deus
2798 5343 3077 5410 discipulis
3134 5345 3297 5399 etiam
3361 5357 3506 5399 astet

1929 5444 2093 5502 atque
2167 5434 2374 5503 prmsit,
2436 5434 2884 5505 quemadmodum
2946 5433 3036 5488 hic
3107 5433 3305 5490 Paulus
3369 5440 3501 5507 agit.

1936 5546 1955 5579 ι
1999 5527 2194 5583 Testor
2222 5546 2243 5577 ›
2275 5526 2441 5593 enim,
2480 5525 2675 5596 inquit,
2708 5527 2856 5582 vobis
2891 5546 2909 5579 ι
2944 5526 2996 5580 in
3025 5525 3254 5585 Domino
3279 5570 3294 5598 ,
3335 5547 3354 5580 ι
3399 5529 3503 5584 hoc

1595 5675 1791 5738 νοτία)
1821 5676 2148 5740 lectiones.

316 5807 367 5838 θ’
419 5804 557 5875 μήτε
645 5818 697 5859 o.
774 5802 820 5834 "
863 5799 1058 5872 μέλους
1087 5815 1138 5854 o.
1219 5800 1262 5832 ⁸⁵
1296 5799 1680 5871 αὑξάνομενο.
1760 5801 1804 5832 ⁸⁷
1834 5801 2172 5873 ἐπιπέμπειν
2208 5817 2261 5858 υ.
