3932 6576
452 336 596 402 ’Ἰθῗι

1387 302 1971 397 THEOPHYLACTI
2008 335 2257 395 BULGA
2272 337 2318 396 li
2332 337 2347 395 l
2362 336 2424 395 ίΕ
2464 337 2665 396 Αιιιιιι
2681 338 2695 395 l
2713 338 2821 397 ΕΡ.

3560 344 3675 409 ίθτΞ

456 455 827 512 mederentur.
857 451 992 508 Cum
1030 450 1174 506 enim
1205 449 1306 521 ipsi
1347 449 1647 519 injunctum
1685 458 1830 505 esset
1865 458 1921 503 ut
1953 448 2036 503 in-

2146 448 2323 519 μείξω
2363 450 2745 520 πιστευθῆναι.
2794 449 2854 503 '0
2886 449 2994 521 γὰρ
3023 451 3144 515 τοὺς
3179 452 3425 524 χείρονας
3454 457 3679 531 ἐπιστρέ-

463 550 692 606 Ieriores
728 557 779 603 et
813 547 1026 617 pejorrs
1075 544 1139 598 ad
1193 543 1476 599 Christum
1520 552 1868 599 converteret
1892 584 1906 606 ,
1942 557 2037 615 per

461 647 563 699 hoc
593 643 766 713 ipsum
802 654 1029 709 magnus
1064 635 1317 703 elIicitur,
1345 635 1437 707 qui
1478 652 1681 706 parvus
1713 637 2033 702 videbatur;

458 720 646 809 gratiae
674 734 838 806 igitur
872 733 922 788 id
959 747 1095 802 opus
1135 742 1240 786 est.
1290 730 1348 785 Si
1393 741 1576 785 autem
1622 728 2034 801 impervesliga-

460 833 588 889 biles
620 841 746 887 sunt
776 828 979 884 divitia:
1010 827 1181 898 ipsius
1228 836 1515 897 postquam
1554 823 1714 880 nobis
1748 824 2032 894 apparuit,

420 906 433 914 ι
455 936 655 998 quanto
684 925 854 994 magis
888 922 1126 978 essentia
1166 920 1318 988 ejus?
1344 918 1629 986 Quomodo
1661 919 1826 988 igitur
1855 916 2034 973 Euno-

456 1022 596 1075 mius
626 1035 685 1075 se
718 1017 875 1075 istam
903 1013 1382 1086 comprehendisse
1412 1010 1696 1082 iactabat?

525 1112 689 1170 Vens.
712 1112 767 1169 9.
800 1130 822 1163 ι
863 1110 929 1166 Ει
960 1106 1267 1162 illuminare
1299 1119 1513 1169 omnes,
1547 1118 1667 1174 quze
1708 1102 1779 1157 sit
1809 1101 2034 1171 dispen-

453 1208 591 1263 satio
628 1203 873 1278 mystcrii
907 1199 1214 1257 absconditi
1256 1215 1285 1254 a
1319 1198 1533 1254 smculis
1567 1199 1619 1252 in
1655 1197 1785 1250 Deo.
1825 1215 1842 1248 ι
1881 1195 2036 1263 Quod

454 1310 642 1370 gentes
672 1298 888 1369 quidem
934 1294 1197 1351 vocanda:
1248 1300 1428 1357 erant,
1481 1298 1748 1345 noverant
1803 1286 2037 1342 fortasse

456 1412 549 1468 per
597 1393 858 1466 Spiritum
912 1408 1033 1447 cum
1088 1388 1386 1461 pr0phetaa,
1442 1397 1554 1442 tum
1608 1383 1836 1451 angeli:
1891 1381 2037 1451 quod

2143 560 2267 611 φειν
2307 545 2555 614 ταχθεὶς,
2599 546 2741 598 κατὰ
2771 545 2930 600 τοῦτο
2966 547 3097 600 αὐτὸ
3131 548 3303 617 μέγας
3334 550 3551 618 γίνεται,
3592 556 3680 610 κᾶν

2145 636 2342 706 μικρδς
2364 632 2432 706 ἦν
2469 635 2530 710 [Ῑ.
2668 639 2906 710 Χάριτος
2940 634 3033 693 οῦν
3072 640 3133 694 τι
3164 643 3413 712 πρᾶγμα.
3439 643 3497 698 Et
3519 646 3571 699 δὲ
3601 651 3681 702 ἁν-

2141 726 2485 798 εξιχνίαστος
2516 728 2544 782 ὁ
2578 729 2808 794 πλοῦτος
2842 731 3006 784 αὑτοῦ
3054 732 3149 785 καὶ
3197 733 3337 803 μετὰ
3374 733 3431 786 τὸ
3451 736 3680 807 φανῆναι,

2140 821 2294 891 πόσῳ
2317 822 2362 853 ¹¹¹
2393 822 2599 894 μᾶλλον
2634 824 2668 895 ἡ
2695 824 2885 890 οὐσίας
2919 823 3043 889 Πῶς
3079 824 3259 880 τοίνυν
3293 826 3545 898 Εὑνόμιος
3571 833 3681 885 ταὺ-

2141 934 2242 988 την
2278 914 2617 971 καταλαϐεῖν
2638 914 2923 989 ἐκόμπαζε
2950 933 2967 983 ;

2221 1120 2239 1152 ι
2280 1100 2391 1155 Καὶ
2421 1098 2657 1171 φωτίσαι
2704 1101 2934 1167 πάντας,
2967 1102 3051 1165 τίς
3084 1103 3117 1173 ἡ
3148 1102 3429 1173 οἰκονομία
3473 1105 3560 1160 τοῦ
3598 1126 3681 1179 μυ·

2142 1194 2366 1265 στηρίου
2397 1195 2491 1248 τοῦ
2519 1195 3022 1266 ἀποκεκρυμμένου
3049 1197 3157 1251 ἀπὸ
3186 1197 3297 1250 τῶν
3323 1198 3524 1254 αἰώνων
3547 1204 3596 1254 ἐν
3621 1204 3683 1273 τῷ

2138 1286 2279 1356 Θεῷ.
2314 1307 2333 1340 ι
2382 1287 2507 1340 Ὅτι
2542 1288 2642 1358 μὲν
2680 1287 2791 1359 γὰρ
2822 1289 3190 1359 κληθήσονται
3232 1288 3302 1343 τὰ
3333 1289 3475 1362 ἔθνη,
3518 1293 3683 1363 ᾔδεσαν

2141 1379 2271 1445 ίσως
2298 1380 2386 1434 διὰ
2415 1379 2510 1434 τοῦ
2542 1380 2864 1450 [Ινεύματος
2905 1384 2999 1435 καὶ
3027 1385 3074 1436 οἱ
3109 1384 3389 1455 προφῆται
3417 1388 3505 1440 καὶ
3538 1390 3579 1440 oi
3601 1387 3683 1457 ἄγ-

454 1504 581 1543 vero
607 1489 672 1543 ad
707 1496 853 1542 tanta
880 1486 1040 1550 bona,
1073 1493 1123 1539 et
1157 1483 1225 1538 ad
1254 1481 1547 1536 sedendum
1580 1490 1744 1546 super
1783 1478 2034 1529 thronum

2138 1472 2288 1537 γελοι
2313 1489 2326 1504 ο
2353 1473 2436 1526 ὅτι
2459 1474 2515 1526 δὲ
2538 1475 2633 1527 ἐπὶ
2657 1475 2943 1541 τοιούτοις,
2966 1477 3058 1530 καὶ
3081 1476 3224 1531 ὥστε
3245 1477 3339 1530 ἐπὶ
3355 1478 3400 1510 ⁸⁸
3422 1479 3507 1532 τὸν
3527 1479 3683 1549 θρόνον

457 1584 573 1649 Dei,
604 1583 749 1653 quis,
775 1594 981 1651 qnmso,
1018 1579 1118 1632 hoc
1167 1571 1581 1645 exspectasset?
1624 1570 1753 1624 Eam
1799 1569 1870 1622 ob
1922 1583 2034 1622 rem

2138 1561 2367 1615 καθίσαι
2404 1561 2496 1615 τὸν
2543 1562 2635 1616 τοῦ
2677 1564 2839 1629 θεοῦ,
2878 1566 3040 1620 τοῦτο
3080 1566 3167 1630 τίς
3197 1566 3266 1621 ἂν
3316 1569 3681 1640 προσεδόκησε;

459 1700 477 1729 ι
519 1674 835 1746 mysterium
874 1691 892 1723 ι
941 1673 1042 1725 hoc
1076 1677 1258 1734 vocat,
1303 1687 1320 1719 ι
1357 1668 1411 1720 in
1448 1664 1559 1719 Deo
1589 1661 1968 1719 absconditum
2004 1674 2036 1713 ιι

2138 1653 2238 1707 Διὰ
2269 1653 2431 1708 τοῦτο
2458 1659 2767 1727 μυστήριον
2799 1658 2933 1711 αὐτὸ
2967 1660 3126 1714 καλεῖ
3151 1661 3213 1713 ἐν
3260 1661 3339 1731 τῷ
3367 1661 3484 1733 Θεῷ
3509 1662 3682 1718 ἀποκε-

453 1771 685 1836 saeculis,
724 1787 744 1821 ο
786 1768 893 1822 hoc
920 1776 1025 1831 est,
1052 1771 1213 1819 antea
1239 1772 1293 1817 et
1324 1777 1354 1815 a
1390 1757 1658 1830 principio
1691 1773 1706 1810 :
1747 1769 1852 1810 non
1883 1753 2029 1809 enim

454 1878 642 1921 recens
667 1870 750 1917 est
775 1859 891 1915 haec
920 1855 1272 1927 dispensatio,
1303 1860 1359 1909 et
1388 1850 1493 1922 ipsi
1517 1846 1617 1905 soli
1651 1845 1892 1917 cognita.

530 2068 549 2101 ι
583 2047 685 2115 Qui
723 2043 906 2101 omnia
933 2040 1145 2098 creavit
1176 2052 1273 2110 per
1294 2036 1481 2094 Jesum
1511 2033 1814 2091 Christum.
1854 2049 1872 2084 ι
1908 2030 2035 2086 Pul-

454 2142 584 2197 chre
610 2136 904 2195 crcationis
929 2133 1199 2189 meminit.
1233 2130 1336 2199 Qui
1371 2129 1517 2185 enim
1545 2128 1729 2183 omnia
1755 2124 2031 2191 condidit,

457 2236 618 2298 Deus,
652 2230 851 2301 inquit,
883 2237 968 2284 est
994 2242 1090 2295 per
1118 2224 1421 2286 Christum,
1455 2240 1474 2273 ι
1508 2221 1637 2276 Sine
1663 2220 1779 2290 ipso
1807 2218 1974 2283 enim,
2009 2235 2030 2270 ι

457 2328 667 2397 inquit,
708 2342 727 2376 ι
775 2323 975 2377 factum
1010 2315 1313 2373 estnihil“
1346 2332 1361 2370 :
1400 2333 1420 2366 ι
1469 2322 1525 2368 et
1570 2312 1673 2366 hoc
1710 2326 1808 2381 per
1857 2312 2033 2381 ipsum

456 2422 678 2475 revelat.

517 2515 686 2589 389
713 2511 872 2567 Vens.
906 2508 991 2564 l0.
1032 2525 1049 2569 ς
1077 2505 1149 2561 Ut
1169 2505 1469 2589 innotescat
1487 2515 1629 2556 nunc
1645 2498 2037 2571 principatibus

449 2624 499 2666 et
522 2580 886 2681 po'te'statibus
906 2606 960 2658 in
986 2599 1293 2659 cmlestibus
1314 2613 1411 2668 per
1436 2580 1732 2653 Ecclesiam
1769 2592 2036 2651 multifor-

450 2705 553 2758 mis
572 2698 835 2771 sapientia
859 2696 972 2751 Dei.
1011 2712 1030 2745 ι
1062 2692 1247 2761 Neque
1268 2691 1580 2757 superiores
1610 2686 1952 2757 principatus
1981 2694 2038 2739 et

447 2805 763 2868 potestates,
792 2803 967 2858 neque
993 2786 1279 2841 inferiores
1328 2771 1525 2836 norant
1576 2780 1890 2851 mysterium
1919 2777 2036 2849 glo-

450 2891 543 2945 ria:
572 2887 835 2960 gentium.
877 2881 1085 2937 Etenim
1117 2877 1292 2947 angeli
1330 2886 1386 2932 et
1426 2875 1735 2945 archangeli
1767 2873 1874 2928 hoc
1911 2882 2035 2925 tan-

453 2996 564 3040 tum
598 2978 760 3035 modo
789 2983 1123 3045 compertum
1159 2971 1454 3034 habebant,
1495 2968 1639 3037 quod
1686 2964 1848 3022 Israel
1893 2972 2038 3019 esset

449 3089 577 3147 pars
605 3069 839 3132 Domini,
869 3067 1113 3132 adeoque
1154 3058 1383 3133 populus
1421 3057 1610 3128 ipsius.
1643 3054 1857 3111 Gabriel
1877 3067 2038 3123 porro

2140 1747 2462 1819 κρυμμὲνον
2508 1749 2616 1802 ἀπὸ
2641 1750 2685 1782 ⁸⁸
2723 1750 2833 1804 τῶν
2884 1751 3130 1805 αἰώνωνο
3170 1754 3472 1818 τουτέστιν,
3512 1756 3688 1812 ἄνωθεν

2068 1811 2109 1864 Β
2140 1811 2232 1893 καὶ
2254 1811 2326 1905 ’ἐξ
2366 1840 2567 1913 ἀρχῆς.
2598 1842 2675 1896 Οὐ
2703 1843 2814 1913 γὰρ
2842 1845 3159 1916 πρόσφατός
3186 1846 3341 1900 ἐστιν
3371 1849 3402 1919 ἡ
3444 1811 3688 1922 οἰκονομία

2048 1936 2051 1939 ’
2137 1932 2303 2005 αὕτη,
2337 1938 2432 1989 καὶ
2457 1935 2611 2007 αὐτῷ
2642 1936 2793 2007 μόνῳ
2832 1939 3248 2009 γινωσκομένη.

2215 2046 2233 2079 ι
2287 2028 2379 2098 Τῷ
2408 2028 2479 2082 τὰ
2524 2029 2707 2084 πάντα
2752 2029 3003 2082 κτίσαντι
3044 2029 3138 2084 διὰ
3186 2031 3372 2102 Ἰησοῦ
3404 2032 3638 2104 Χριστοῦ.
3666 2053 3683 2083 ι

2139 2121 2339 2185 Καλῶς
2366 2122 2601 2185 κτίσεως
2627 2122 3040 2193 ἐμνημόνευσεν
3066 2141 3079 2154 ’
3110 2126 3140 2178 ὁ
3161 2124 3278 2196 γὰρ
3311 2125 3378 2179 τὰ
3408 2127 3571 2180 πάντα
3589 2130 3684 2180 κτί-

2140 2231 2264 2278 σας,
2302 2213 2457 2278 Θεὸς,
2511 2214 2670 2285 φησὶ,
2720 2215 2810 2269 διὰ
2864 2214 2958 2269 τοῦ
3014 2216 3285 2287 Χριστοῦ.
3329 2236 3348 2269 ι
3392 2219 3565 2289 Χωρὶς
3594 2221 3684 2291 γὰρ

2138 2303 2327 2367 αὑτοῦ,
2366 2324 2386 2358 ι
2418 2306 2571 2376 φησὶ,
2607 2324 2625 2358 t
2655 2307 2883 2376 γέγονεν
2904 2308 3026 2362 οὐδὲ
3054 2309 3145 2363 ἕν’
3183 2327 3204 2361 ι
3246 2310 3343 2365 καὶ
3365 2311 3514 2365 τοῦτο
3530 2311 3687 2366 διἀὑ-

2137 2398 2230 2452 τοῦ
2261 2398 2664 2455 ἀποκαλύπτει.

2215 2510 2232 2541 ι
2274 2489 2392 2544 Ἵνα
2434 2492 2713 2564 γνωρισθῇ
2747 2492 2843 2546 νῦν
2878 2495 2999 2559 ταῖς
3042 2496 3247 2566 ἀρχαῖς
3281 2498 3376 2551 καὶ
3415 2498 3526 2561 ταῖς
3561 2498 3686 2563 ἐξου-

2142 2583 2285 2645 σίαις
2315 2582 2374 2637 ἐν
2404 2585 2515 2648 τοῖς
2546 2585 2894 2657 ἐπουρανίοις
2926 2587 3013 2642 διὰ
3042 2589 3143 2660 τῆς
3193 2590 3519 2662 Ἐκκλησίας
3546 2594 3573 2664 ή
3606 2609 3688 2645 ’πο⁴

2112 2675 2454 2741 ’λυποίκιλος
2484 2677 2647 2748 σοφία
2676 2666 2787 2732 ’ποῦ’⁵
2800 2679 2959 2734 Θεοῦ.
2995 2698 3014 2732 ι
3043 2679 3185 2736 Οῦτε
3210 2684 3273 2737 αἱ
3304 2686 3416 2739 ἀνω
3438 2686 3685 2756 ἀρχαὶκαὶ

2140 2767 2403 2834 ἐξουσίαι,
2443 2770 2567 2824 οὕτε
2615 2772 2671 2825 αί
2713 2772 2866 2827 κάτω
2920 2773 3122 2845 ᾔδεσαν
3161 2776 3224 2829 τὸ
3273 2778 3564 2849 μυστήριον
3610 2781 3687 2848 τῆς

2138 2860 2297 2931 δόξης
2331 2861 2439 2915 τῶν
2469 2863 2719 2917 ἐθνικῶν.
2746 2865 2859 2918 Καὶ
2891 2868 3000 2938 γὰρ
3029 2869 3123 2921 καὶ
3144 2868 3373 2939 ἄγγελοι
3403 2872 3492 2925 καὶ
3515 2873 3689 2943 ἀρχάγ-

2140 2951 2290 3020 γελοι
2322 2953 2486 3006 τοῦτο
2531 2956 2691 3025 μόνον
2724 2954 2943 3026 ¹ᾔδεσαν,
2988 2958 3071 3011 ὅτι
3107 2961 3137 3013 ὁ
3186 2960 3410 3033 Ἰσραὴλ
3449 2957 3514 3033 ἦν
3555 2966 3685 3034 μερὶς

2142 3045 2369 3115 Κυρίου,
2417 3048 2511 3101 καὶ
2542 3048 2670 3112 λαὸς
2715 3050 2910 3105 αὐτοῦ.
2946 3051 3058 3104 Καὶ
3105 3054 3133 3105 ὁ
3177 3053 3420 3126 Γαϐριὴλ
3463 3055 3516 3109 δέ
3558 3056 3687 3110 τοῦτο

450 3139 552 3223 hoc
581 3174 792 3219 tantum
824 3168 1004 3221 norat,
1044 3153 1186 3225 quod
1240 3160 1555 3207 servaturns
1585 3156 1730 3204 esset
1780 3144 2032 3217 populum

2146 3139 2310 3210 μόνον
2345 3140 2666 3209 ἐγίνωσκεν,
2692 3142 2774 3196 ὅτι
2811 3143 2975 3198 σώσει
3003 3145 3097 3199 τὸν
3130 3145 3265 3200 λαὸν
3293 3148 3456 3202 αὑτοῦ
3483 3150 3578 3202 ἀπὸ
3598 3149 3688 3202 τῶν

450 3244 610 3316 suum
637 3274 666 3312 tt
693 3255 927 3326 peccatis
977 3250 1111 3305 suis.
1139 3245 1295 3314 Quod
1344 3253 1526 3300 autem
1589 3251 1778 3311 gentes
1823 3249 2035 3295 tantum

452 3356 708 3408 honorem
740 3348 1222 3412 consequerentur,
1278 3349 1423 3391 mine
1452 3342 1658 3389 norunt
1688 3339 1746 3387 et
1786 3344 2037 3402 superna:

451 3441 701 3514 potentias
729 3447 784 3492 et
829 3434 1075 3496 infernae,
1106 3446 1202 3501 per
1253 3427 1577 3491 Ecclesiam,
1622 3425 1727 3480 hoc
1775 3431 1881 3488 est,
1942 3435 2039 3491 per

452 3533 713 3592 beneficia
741 3543 858 3599 quae
886 3524 1041 3582 nobis
1071 3532 1198 3580 sunt
1229 3521 1446 3577 collata.
1476 3516 1613 3572 Nam
1644 3525 1830 3571 nostra
1878 3516 2039 3570 bene-

452 3628 572 3683 ficia
615 3622 858 3693 magistri
917 3628 1041 3674 sunt
1071 3617 1138 3671 iis
1187 3615 1470 3682 sapientia:
1521 3611 1636 3664 Dei.
1683 3606 1798 3661 Non
1855 3617 2037 3661 autem

452 3722 597 3777 illam
630 3716 951 3785 simpliciter
996 3710 1202 3765 variam
1252 3707 1409 3769 dicit,
1458 3706 1574 3768 sed,
1626 3699 2033 3764 multiformem,

450 3814 566 3867 sive
593 3807 883 3863 admodum
930 3803 1158 3863 variam,
1187 3797 1472 3852 artificium
1496 3794 1613 3864 ejus
1640 3802 1803 3862 atque
1830 3791 2038 3844 incont-

452 3900 967 3976 prehensibilitatem
1003 3892 1337 3963 significans.
1363 3887 1658 3958 Gregorius
1691 3892 1873 3939 autem
1901 3881 2038 3952 Nys-

451 4011 637 4060 senus,
660 3995 797 4047 Ante
838 3988 1285 4050 incarnatiOuem,
1340 3981 1538 4050 inquit,
1585 3978 1888 4049 simplicem
1937 3991 2038 4030 no-

454 4108 549 4153 ram
603 4086 853 4142 ctelestes
886 4082 1111 4135 virtutes
1151 4076 1471 4145 sapientiam
1502 4073 1617 4139 Dei,
1654 4087 1868 4142 nempe,
1896 4068 2053 4140 quod

451 4182 634 4238 omnia
670 4180 782 4235 sola
828 4191 924 4230 sua
952 4173 1230 4229 voluntate
1274 4166 1601 4228 condiderit,
1663 4163 2039 4235 deprehende-

452 4283 688 4344 bantque
727 4287 848 4327 eum
879 4282 999 4323 esse
1030 4272 1328 4336 potentem,
1370 4259 1623 4329 quodque
1685 4258 1866 4311 omnia
1900 4271 2039 4309 con-

450 4374 694 4423 servaret
718 4361 946 4432 sapienti
975 4356 1365 4429 gubernatione
1398 4368 1415 4405 :
1457 4366 1520 4406 ac
1549 4351 1846 4421 sapientem
1878 4364 2041 4402 cura-

452 4471 647 4520 rorem,
688 4454 777 4523 qui
813 4449 1148 4520 prospiceret
1179 4444 1363 4508 rebus,
1405 4440 1773 4513 agnoscebant

2143 3234 2435 3304 ἁμαρτιῶν
2464 3235 2665 3291 αὐτῶν.
2705 3237 2831 3291 ὐτι
2863 3239 2921 3291 δὲ
2952 3241 3048 3293 καὶ
3081 3242 3131 3295 οἱ
3162 3241 3370 3296 ἐθνικοὶ
3396 3243 3687 3312 τηλικαῦτης

2139 3327 2308 3397 τιμῆς
2340 3326 2648 3393 τεύξονται,
2688 3330 2784 3384 νῦν
2815 3332 3063 3400 ἔγνωσαν
3094 3335 3188 3389 καὶ
3214 3338 3271 3390 ai
3316 3337 3426 3391 ἄνω
3466 3337 3687 3406 δυνάμεις

2140 3417 2237 3470 καὶ
2261 3417 2318 3471 at!
2352 3419 2520 3480 κάτω,
2557 3420 2645 3473 διὰ
2671 3421 2771 3490 τῆς
2812 3422 3165 3493 Ἐκκλησίας,
3193 3427 3466 3493 τουτέστι,
3496 3426 3577 3480 διὰ
3600 3426 3687 3479 τῶν

2138 3511 2220 3573 είς
2265 3511 2414 3580 ἡμᾶς
2442 3512 2779 3582 γενομένων.
2813 3515 2875 3567 Ai
2914 3517 3021 3587 γὰρ
3050 3520 3132 3580 είς
3180 3518 3335 3589 ἡμᾶς
3379 3518 3685 3590 εὐεργεσίαι,

2136 3602 2449 3657 διδάσκαλοι
2497 3604 2685 3668 αὐτοῖς
2732 3606 2986 3674 ἐγένοντο
3031 3609 3134 3679 τῆς
3183 3611 3381 3681 σοφίας
3419 3610 3511 3665 τοῦ
3555 3610 3683 3664 Θεοῦ.

2139 3698 2255 3767 Οὐχ
2286 3696 2475 3761 ἁπλῶς
2515 3697 2571 3751 δὲ
2609 3699 2863 3770 ποικίλην
2895 3701 3069 3772 αὐτήν
3128 3720 3320 3772 φησιν,
3372 3704 3502 3758 ἀλλὰ
3551 3704 3686 3757 πολυ-

2141 3793 2411 3857 ποίκιλον,
2442 3790 2504 3845 τὸ
2536 3793 2838 3863 πάντεχνον
2878 3794 3051 3865 αὐτῆς
3092 3795 3267 3867 δηλῶν
3298 3799 3394 3851 καὶ
3423 3794 3685 3863 ἀκατανόη-

2143 3899 2260 3937 τον.
2294 3883 2353 3937 Ὀ
2377 3882 2436 3936 δὲ
2458 3882 2682 3952 Νύσσης
2710 3883 3036 3957 Γρηγέριος,
3068 3886 3179 3956 Πρὸ
3208 3888 3307 3958 μὲν
3340 3888 3436 3958 τῆς
3460 3886 3689 3955 ἐνανθρω-

2142 3975 2397 4047 πήσεως,
2456 3976 2656 4045 φησιν,
2708 3976 2888 4048 ἁπλῆν
2925 3978 2971 4010 δ’
3032 3978 3333 4046 ἐγίνωσκον
3382 3981 3436 4033 ai
3481 3978 3686 4049 οὐράνιοι

2138 4070 2404 4139 δυνάμεις
2431 4070 2529 4139 τὴν
2566 4070 2758 4141 σοφίαν
2790 4071 2884 4124 τοῦ
2930 4070 3103 4136 Θεοῦ,
3140 4067 3273 4136 οἷον,
3322 4070 3685 4142 ἐδημιούργησε

2141 4166 2209 4216 τὰ
2236 4164 2417 4217 πάντα
2439 4163 2658 4235 θελήσει
2682 4164 2840 4233 μόνῃ,
2866 4163 2960 4215 καὶ
2988 4165 3275 4218 κατενόουν
3301 4164 3459 4217 αὑτὸν
3473 4159 3686 4223 δυνατὸν,

2142 4253 2385 4327 διετήρει
2413 4257 2457 4287 ³⁸
2485 4257 2556 4310 τὰ
2578 4257 2759 4311 πάντα
2785 4259 2850 4326 τῇ
2881 4258 3017 4327 σοφῇ
3045 4256 3332 4327 διοικήσει,
3367 4255 3458 4309 καὶ
3485 4269 3683 4326 «pavor,-

2140 4346 2240 4417 τὴν
2268 4349 2434 4417 σοφὸν
2463 4349 2508 4381 ⁸⁸
2539 4346 2912 4415 ἐπεγίνωσκον
2933 4363 2947 4378 ·
2975 4347 3068 4401 καὶ
3097 4347 3251 4401 οὐδὲν
3278 4347 3335 4400 ὲν
3364 4345 3564 4407 τοῦτοις
3586 4358 3683 4394 ποι-

1826 4456 1838 4492 :
1878 4436 2043 4492 nihil-
2144 4440 2325 4493 χίλον·
2358 4440 2662 4505 τουτέστιν,
2695 4439 2826 4493 ἄλλο
2863 4439 2964 4510 μὲν
2995 4438 3077 4506 ὃν,
3124 4439 3253 4492 ἄλλο
3300 4439 3357 4493 δὲ
3391 4433 3686 4506 ἀπογεννῶν.

452 4567 556 4621 que
596 4550 648 4602 in
703 4547 786 4599 his
837 4544 1046 4595 varium
1087 4548 1194 4605 est,
1246 4537 1346 4591 hoc
1381 4544 1485 4600 est,
1538 4543 1599 4588 ut
1630 4532 1776 4588 aliud
1821 4532 2036 4601 quidem

2147 4533 2535 4605 Σαρκωθέντος
2570 4534 2628 4588 δὲ
2668 4534 2762 4587 τοῦ
2800 4534 2937 4589 Θεοῦ
2975 4534 3174 4605 Λόγου,
3204 4535 3294 4590 διὰ
3318 4535 3425 4590 τῶν
3468 4530 3689 4587 ἐναντίων

449 4651 614 4705 esset,
651 4638 796 4692 aliud
836 4650 963 4687 vero
984 4632 1241 4686 clliceret.
1282 4629 1570 4683 Incarnato
1623 4636 1803 4681 autem
1860 4624 2038 4682 Verbo

454 4736 569 4800 Dei,
596 4748 691 4803 per
716 4726 989 4785 contraria
1015 4730 1287 4777 transacta
1317 4730 1443 4777 sunt
1462 4719 1760 4786 contraria,
1785 4733 1879 4788 per
1896 4732 2038 4771 mor-

451 4808 559 4884 tem
593 4828 724 4889 vita,
760 4838 857 4892 per
904 4817 1321 4873 imbecillitatem
1381 4815 1641 4884 patentia,
1705 4828 1801 4884 per
1846 4822 2038 4866 contu-

456 4922 672 4977 meliam
712 4915 905 4986 gloria,
935 4927 1032 4983 per
1077 4911 1257 4965 omnia
1290 4907 1415 4963 vilia
1445 4915 1499 4960 et
1537 4906 1744 4974 abiecta
1799 4904 1907 4960 Deo
1955 4903 2039 4958 di-

451 5031 551 5081 gna
578 5023 634 5069 et
666 5007 944 5081 praeclara.
983 5005 1131 5060 Hanc
1158 5001 1224 5055 ad
1277 5001 1539 5054 rationem
1576 4996 1929 5052 multiformis
1953 5011 2039 5052 sa-

456 5109 653 5178 pientia
686 5115 740 5161 et
786 5101 1023 5174 potentia
1056 5096 1148 5152 Dei
1200 5094 1513 5149 coelestibus
1553 5092 1847 5147 virtutibus
1895 5105 2041 5147 nunc

452 5201 669 5272 cognita
694 5206 800 5252 est.
832 5192 1058 5261 Quando
1099 5188 1243 5244 enim
1301 5199 1399 5240 nos
1458 5184 1767 5249 didicimus,
1820 5193 1931 5238 tum
1985 5188 2041 5239 et

2145 4629 2214 4681 τὰ
2241 4627 2464 4682 ἐναντία
2499 4627 2863 4699 κατωρθώθη,
2907 4628 2996 4681 διὰ
3028 4629 3258 4682 θανάτου
3297 4628 3429 4699 ζωὴ,
3465 4626 3527 4681 δι’
3557 4622 3690 4678 ἀσθε-

2146 4719 2294 4783 νείας
2344 4720 2611 4792 δύναμις,
2647 4721 2715 4774 δι’
2751 4721 2976 4791 ἀτιμίας
3022 4719 3187 4788 δόξα,
3232 4721 3319 4775 διὰ
3366 4722 3568 4775 πάντων
3601 4713 3688 4766 τῶν

2144 4814 2380 4866 εὐτελῶν
2440 4806 2513 4867 τὰ
2569 4815 2869 4885 θεοπρεπῆ.
2939 4814 3124 4877 Οὕτως
3196 4811 3289 4868 οὖν
3350 4807 3689 4867 πολυποίκιλος

2144 4904 2393 4974 ἐγνώσθη
2414 4906 2448 4976 ή
2486 4906 2650 4975 σοφία
2680 4909 2773 4960 καὶ
2798 4909 2831 4978 ἡ
2854 4908 3082 4977 δύναμις
3105 4908 3198 4961 τοῦ
3241 4906 3375 4961 Θεοῦ
3411 4908 3523 4967 ταῖς
3552 4902 3690 4971 οῦρασ

2144 4998 2276 5061 νίοις
2298 4999 2558 5069 δυνάμεσι
2577 4996 2693 5053 νῦν.
2715 4999 2845 5052 Ὅτε
2865 4999 2973 5071 γὰρ
2992 5001 3150 5070 ἡμεῖς
3170 4999 3463 5070 ἐμάθομεν,
3486 4995 3596 5047 τότε
3612 4990 3690 5042 κὰ-

2144 5094 2321 5147 κείναι
2340 5091 2406 5145 δι’
2427 5091 2610 5163 ἡμῶν,
2627 5091 2832 5164 δρῶσαι
2852 5094 2950 5163 τὴν
2970 5093 3301 5165 Ἐκκλησίαν
3318 5094 3478 5148 τίνων
3496 5085 3695 5160 ἠξιώθην

2148 5187 2248 5240 καὶ
2281 5187 2350 5240 δι’
2387 5187 2560 5257 αὐτῆς
2592 5188 2672 5251 είς
2699 5186 2906 5256 γνῶσιν
2936 5187 3328 5259 ὁδηγούμεναι.

456 5299 554 5362 ,lla:
585 5309 681 5365 per
710 5306 811 5346 nos
847 5294 1201 5357 agnoverunt,
1248 5298 1311 5338 ac
1341 5281 1589 5337 videntes
1654 5279 1875 5348 quantis
1920 5279 2074 5337 bonis
2118 5280 2362 5338 Ecclesia
2401 5283 2475 5339 sit
2504 5283 2725 5346 donata,
2790 5297 2889 5353 per
2930 5285 3103 5352 ipsam
3162 5283 3325 5337 etiam
3366 5281 3430 5336 ad
3468 5272 3690 5347 cognitio'

462 5403 584 5443 nent
614 5394 735 5439 sunt
768 5380 1063 5451 perductae.

528 5481 687 5537 Vens.
718 5480 806 5533 it.
842 5495 863 5529 ι
892 5473 1202 5530 Secundum
1242 5469 1653 5542 praelinitionem
1711 5469 2033 5525 smeulorum

531 5631 556 5658 κ
590 5600 746 5671 Joan.
780 5626 820 5676 t,
847 5609 903 5664 5.

2223 5489 2242 5522 ι
2290 5470 2447 5524 Κατὰ
2494 5468 2753 5538 πρόθεσιν
2804 5466 2914 5522 τῶν
2961 5465 3209 5533 αἰώνων,
3267 5468 3334 5537 ἢν
3376 5461 3605 5532 ἐποίησεν
3640 5455 3691 5505 ἐν

1821 5716 2021 5777 Varie;
2055 5715 2395 5779 lectiones.

532 5835 579 5868 ιτ
646 5828 823 5901 πολλῷ
882 5848 931 5884 υ.
1013 5827 1055 5857 ²⁸
1092 5827 1170 5889 εἰς
1219 5841 1271 5882 o.
1352 5824 1395 5854 ’³
1441 5823 1546 5893 πρὸ
1593 5835 1645 5877 ο.
1724 5822 1767 5854 ⁸ο
1800 5820 1985 5884 ἁπλῶς
2016 5838 2071 5877 u.
2149 5821 2192 5854 “
2226 5821 2312 5876 ίσ.
2350 5820 2549 5876 καίὄτι
2581 5820 2715 5875 διετ.
2753 5836 2805 5878 ο.
2890 5822 2930 5852 ³³
2977 5820 3172 5891 σοφίαν
3199 5835 3247 5877 0.
