3932 6600
265 504 401 569 1073

1040 502 1454 564 EXPOSlTIO
1492 502 1573 561 IN
1612 502 1851 562 EPIST.
1895 502 1997 561 AD
2034 504 2300 567 EPIIES.
2339 534 2402 544 -
2436 488 2603 572 CAP.
2639 512 2753 575 III.

3372 515 3504 577 Ῑέῖὶ

259 616 475 693 Χριστῷ
505 614 681 687 Ἰησοῦ
701 614 778 685 τῷ
808 614 997 686 Κυρίῳ
1022 615 1200 687 ἡμῶν.
1228 628 1247 668 ι
1277 615 1391 668 Νῦν
1419 615 1516 685 μὲν
1538 610 1788 682 ὲγνώσθη
1809 654 1822 675 ,

1934 628 2092 684 quam
2128 619 2253 675 fecit
2282 622 2332 676 in
2368 622 2588 679 Christo
2637 624 2762 681 Iesu
2810 627 3039 685 Domino
3084 637 3290 686 nostro.
3325 652 3343 683 ι
3386 632 3505 689 Jam

258 712 437 782 φησὶν,
464 709 671 780 ὴσοφεα
682 710 791 763 τῶν
809 727 874 763 πε
883 710 939 779 ρί
954 709 999 741 ⁸³
1012 709 1155 779 ἡμᾶς
1178 707 1508 777 γενομένων,
1533 706 1672 778 πλὴν
1688 706 1824 760 ἄνω-

256 804 343 857 θεν
367 798 437 874 ἦν
460 804 871 873 προωρισμένη.
909 820 928 853 ι
954 802 1108 855 Κατὰ
1161 800 1417 871 πρόθεσιν
1442 819 1459 852 ι
1485 801 1613 870 γὰρ,
1675 799 1829 870 φησι,

260 920 276 949 ι
298 896 408 949 τῶν
422 895 634 950 αἰώνων
651 912 664 925 ·
678 915 699 947 ι
721 895 985 957 τουτέστι,
1000 895 1142 948 κατὰ
1164 895 1471 965 πρόγνωσιν
1487 892 1595 946 τῶν
1622 892 1847 963 μελλόνοη

253 1010 361 1046 των
383 991 617 1047 αἰώνων.
654 992 811 1065 ’ῌδει
841 990 950 1062 γὰρ
972 991 1143 1055 ὀΘεδς
1167 990 1235 1044 τὰ
1262 989 1517 1059 ἐσόμενα,
1539 989 1632 1042 καὶ
1658 986 1831 1051 οὕτως

254 1086 439 1155 ὥρισε.
474 1086 548 1139 Τὸ
570 1085 648 1147 δὲ,
689 1104 708 1137 ι
745 1086 851 1137 Ἦν
898 1084 1156 1156 ἐποίησεν
1200 1084 1257 1135 ὲν
1302 1082 1523 1153 Χριστῷ
1553 1080 1763 1152 Ἰησοῦ,
1805 1099 1823 1132 ι

252 1182 455 1233 νοεῖται
489 1179 590 1248 μὲν
615 1177 865 1248 περὶτῆς
897 1176 1109 1246 σοφίας,
1147 1177 1267 1247 ἦτοι
1297 1175 1394 1245 τῆς
1421 1174 1735 1243 οἰκονομίας
1763 1174 1828 1244 ἢν

249 1272 513 1344 ἐποίησεν
539 1274 567 1325 ό
601 1272 795 1343 Πατὴρ
822 1271 909 1324 διὰ
937 1270 1030 1343 τοῦ
1060 1269 1211 1323 Υἱοῦ.
1255 1270 1315 1323 ’0
1338 1268 1394 1323 δὲ
1420 1268 1827 1339 Χρυσόστομος,

256 1387 275 1419 ι
304 1360 411 1419 Ὦν
456 1366 732 1437 ἐποίησεν,
766 1384 783 1417 ι
829 1365 1119 1433 ἀναγνοὺς,
1156 1357 1256 1416 Ὧν
1303 1362 1558 1432 ἐποίησεν
1592 1360 1824 1423 αἰώνων,

250 1460 439 1530 φησιν,
488 1460 515 1512 ό
540 1458 670 1523 Θεὸς
699 1458 787 1512 διὰ
827 1457 921 1510 τοῦ
948 1457 1105 1511 Υῑοῦ.

322 1659 343 1692 ι
401 1641 492 1694 Ἐν
524 1632 569 1707 ᾧ
616 1640 816 1710 ἔχομεν
866 1637 967 1708 τὴν
1014 1636 1328 1709 παρρησίαν
1365 1637 1459 1688 καὶ
1524 1636 1624 1707 τὴν
1662 1651 1824 1705 προσ-

246 1733 497 1804 αγωγὴν,
523 1734 581 1784 ὲν
604 1730 930 1802 πεποιθήσει
956 1731 1045 1783 διὰ
1069 1735 1167 1801 τῆς
1195 1730 1433 1792 πίστεως
1455 1727 1642 1782 αὑτοῦ.
1659 1748 1674 1778 ι
1704 1729 1822 1781 Ὅτι

245 1828 334 1878 διὰ
364 1824 466 1877 τοῦ
511 1823 750 1892 Χριστοῦ
784 1823 844 1876 τὸ
891 1823 998 1874 πᾶν
1038 1822 1267 1889 γέγονε,
1318 1819 1496 1887 δῆλον,
1539 1819 1725 1889 φησιν,
1764 1819 1824 1884 ἐξ

243 1912 317 1973 ὧν
348 1917 518 1979 αὐτός
563 1918 713 1969 ἐστιν
743 1917 771 1969 ό
806 1911 1179 1986 προσαγαγὼν
1222 1912 1389 1983 ἡμᾶς.
1439 1909 1585 1979 Πλὴν
1622 1909 1720 1978 οὐχ
1745 1907 1821 1972 ὼς

1934 724 2078 800 nunc
2103 712 2317 780 quidem
2351 716 2565 785 cognita
2614 728 2718 783 est,
2772 718 2965 789 inquit,
3012 723 3280 793 sapientia
3317 739 3504 780 eorum

1934 816 2053 869 qum
2110 803 2262 858 nobis
2305 803 2607 877 obtigerunt
2666 825 2679 862 :
2735 820 2971 865 attamen
3019 814 3130 880 jam
3167 815 3293 869 olim
3347 827 3504 871 antea

1932 903 2087 947 erant
2106 896 2508 963 prcedestinata.
2525 898 2658 955 Nam
2682 905 3007 957 «secundum
3033 905 3517 975 praeﬁnitionrmu

1931 985 2128 1054 inquit,
2175 988 2549 1055 «saeculorum,
2579 1010 2598 1044 ι
2635 993 2739 1048 hoc
2771 1004 2875 1059 est,
2900 997 3195 1051 secundum
3221 999 3504 1067 praescien-

1932 1080 2058 1133 tiatn
2096 1082 2416 1137 saeculorum
2449 1083 2773 1140 futurorum.
2829 1086 2992 1141 Norat
3027 1090 3170 1143 enim
3214 1087 3354 1144 Deus
3387 1107 3506 1160 qua:

1931 1178 2151 1225 ventura
2175 1184 2377 1241 essent,
2409 1183 2461 1231 et
2481 1176 2561 1231 sic
2583 1175 2823 1233 deﬁnivit
2870 1189 3033 1249 atque
3072 1181 3326 1237 decrevit.
3350 1184 3504 1250 Quod
3592 1170 3595 1173 ’

1929 1272 2109 1317 autem
2147 1264 2240 1331 ait,
2276 1284 2294 1317 ι
2327 1264 2496 1333 Quam
2544 1267 2672 1323 fecit
2705 1268 2756 1323 in
2787 1270 3016 1335 Christo,
3052 1269 3200 1338 Jesu,
3234 1291 3254 1324 ι
3306 1274 3505 1331 intelli-

1927 1358 2070 1426 gitur
2121 1356 2186 1412 de
2231 1359 2495 1429 sapientia
2555 1360 2668 1415 sive
2720 1362 3122 1433 dispensatione
3158 1380 3316 1435 quam
3375 1366 3505 1420 ferit

1927 1447 2085 1503 Pater
2108 1465 2203 1519 per
2229 1449 2442 1507 Filium.
2469 1452 2881 1525 Chrysostomus
2905 1467 3106 1523 autem,
3139 1475 3157 1510 ι
3192 1458 3322 1525 Quae
3346 1457 3501 1515 fecit)

1928 1541 2276 1612 legens,Qu:e
2305 1542 2448 1611 fecit,
2477 1546 2670 1617 inquit,
2696 1547 2890 1603 saecula
2923 1547 3065 1605 Dens
3092 1565 3188 1620 per
3215 1550 3431 1606 Filium.

1998 1634 2157 1691 Vens.
2194 1637 2277 1691 l2.
2310 1656 2328 1689 ι
2367 1637 2420 1692 1η
2451 1653 2557 1707 quo
2593 1639 2852 1695 habemus
2902 1639 3150 1695 ﬁduciam
3210 1649 3267 1696 et
3316 1656 3504 1697 acces-

1925 1743 2043 1784 sum
2070 1730 2124 1784 in
2156 1729 2480 1785 conﬁdentia
2512 1746 2611 1801 per
2639 1730 2795 1786 ﬁdem
2828 1731 2963 1801 ejus.
3007 1753 3025 1786 ι
3055 1734 3204 1799 Quod
3228 1752 3325 1806 per
3346 1736 3505 1793 Citri-

1924 1830 2065 1875 stum
2097 1822 2275 1875 omnia
2310 1821 2447 1876 facta
2477 1823 2607 1890 sint,
2642 1823 2765 1878 hinc
2810 1836 2891 1880 est
2951 1827 3316 1897 perspicuum,
3362 1830 3508 1899 quod

1926 1912 2039 1982 ipse
2072 1921 2152 1967 est
2191 1912 2281 1982 qui
2309 1913 2524 1969 adducit
2553 1928 2669 1968 nos.
2700 1913 2860 1985 Atqui
2896 1932 2999 1970 non
3049 1924 3110 1971 ut
3159 1918 3358 1988 captivi
3410 1920 3505 1975 ad-

242 1976 586 2081 aixpa't).w—10t
636 1976 1026 2079 προσήχθημεν
1047 1976 1090 2071 ,⁷
1111 2004 1222 2057 οὐδ’
1243 1976 1349 2066 ’.ὡς
1402 1976 1785 2073 ἡμαρτηκότες
1806 2040 1820 2065 ,

1934 2006 2072 2061 ducti
2108 2021 2318 2073 sumus,
2351 2022 2525 2076 neque
2564 2008 2728 2063 veluti
2776 2016 3109 2078 peccatores,
3138 2011 3231 2066 sed
3279 2010 3502 2067 liberta-

243 2100 385 2156 ἀλλὰ
413 2099 730 2172 παρρησίαν
777 2097 974 2167 ἔχομεν
996 2114 1009 2126 ·
1059 2098 1158 2167 οὐχ
1189 2094 1375 2158 ἁπλῶς
1400 2094 1470 2158 ³⁵,
1514 2092 1650 2147 ἀλλὰ
1686 2091 1823 2163 μετὰ

240 2195 335 2249 τοῦ
371 2192 693 2248 πεποιθέναι
731 2194 825 2247 καὶ
854 2192 1096 2263 θαρρεῖν.
1137 2189 1309 2243 Πόθεν
1353 2187 1409 2242 δὲ
1440 2186 1625 2261 (ταῦτα
1656 2187 1786 2259 ἡμῖν
1801 2203 1831 2253 ;ν

240 2291 342 2343 Διὰ
364 2289 466 2360 τῆς
488 2288 747 2354 πίστεως,
772 2284 965 2356 φησιν’
999 2284 1137 2354 αῦτη
1168 2283 1276 2353 γὰρ
1306 2282 1517 2334 λύσασα
1545 2279 1611 2334 τὰ
1642 2280 1823 2350 ἁμαρ-

239 2385 494 2456 τήματα,
526 2379 840 2452 παρρησίαν
873 2377 967 2433 καὶ
996 2377 1199 2448 θάρρος
1222 2377 1356 2446 ἡμῖν
1387 2372 1629 2443 ἐνέθηκε.

319 2498 341 2532 «ι
386 2476 483 2531 Διδ
517 2473 775 2544 αἰτοῦμαι
806 2471 881 2542 μὴ
915 2469 1173 2523 ὲκκακεῖν
1222 2467 1279 2518 ἐν
1318 2466 1438 2527 ταῖς
1479 2461 1692 2531 θλίψεσί
1719 2478 1820 2531 μου

238 2575 389 2643 ὑπερ
421 2569 598 2639 ὑμῶν,
632 2568 754 2638 ἥτις
783 2564 900 2617 ἐστὶ
921 2560 1049 2625 δόξα
1080 2559 1253 2630 ὑμῶν.
1286 2576 1304 2609 ι
1333 2556 1432 2610 Διὰ
1460 2554 1639 2619 τοῦτο,
1666 2555 1820 2624 φησί.

244 2669 409 2718 Ποῖον
432 2680 448 2728 ;
477 2662 622 2717 Διότι
648 2660 790 2730 μέγα
818 2657 880 2709 τὸ
907 2654 1202 2725 μυστήριον
1230 2651 1328 2721 τῆς
1358 2647 1603 2719 κλήσεως
1638 2646 1821 2717 ὑμῶν,

238 2759 336 2810 καὶ
388 2753 602 2827 μεγάλα
640 2751 677 2804 ἃ
711 2745 1101 2814 ὲνεπιστεύθην
1146 2740 1290 2811 ἐγὼ,
1342 2739 1485 2795 ὥστε
1529 2737 1821 2808 κηρύττειν

240 2851 401 2921 ὑμῖν,
455 2845 552 2899 καὶ
603 2843 820 2912 ἀνάγκη
859 2838 977 2892 ἐστὶ
1020 2834 1266 2890 δεδέσθαι
1295 2849 1396 2904 με,
1446 2829 1543 2884 καὶ
1592 2830 1823 2896 πάσχειν

239 2919 436 3004 κακῶς
474 2937 626 3009 παρὰ
661 2936 770 2990 τῶν
803 2934 878 3005 μὴ
918 2930 1209 2984 συνιέντων
1244 2926 1302 2980 τὸ
1341 2924 1657 2997 μυστήριον,
1690 2919 1825 2974 ἀλλὰ

237 3032 674 3103 ἀντιλεγόντων·
729 3026 992 3096 αἰτοῦμαι
1045 3023 1191 3093 ὑμᾶς
1238 3020 1326 3074 ἵνα
1380 3017 1456 3089 μὴ
1506 3014 1819 3084 ὲκκακῆτε·

237 3131 520 3192 τουτέστι,
563 3120 911 3195 ταράσσησθε
936 3120 1032 3173 κοιλ⁵
1056 3114 1382 3188 θορυὸἧσθε,
1407 3113 1481 3175 ὡς
1507 3108 1822 3182 παραλόγου

236 3222 390 3282 τινὸς
416 3215 735 3287 γενομένου.
766 3210 905 3277 Δόξα
929 3209 1038 3277 γὰρ
1067 3207 1095 3259 ύ
1105 3205 1220 3277 μῶν
1247 3201 1447 3274 μᾶλλον
1468 3199 1625 3254 τοῦτό
1652 3199 1821 3261 ἔστιν,

1929 2109 2034 2155 tem
2072 2099 2387 2154 habemus:
2446 2115 2620 2169 neque
2681 2116 2797 2156 eam
2855 2102 3178 2170 simplicem,
3230 2105 3324 2158 sed
3381 2119 3503 2159 cum

1927 2192 2250 2248 conﬁdentia
2283 2200 2336 2246 et
2368 2190 2581 2247 ﬁducia.
2614 2191 2770 2248 Unde
2799 2208 2928 2248 vero
2962 2193 3080 2249 hrcc
3122 2195 3281 2251 nobis
3324 2195 3506 2250 bona?

1927 2286 2029 2341 Per
2053 2285 2231 2352 ﬁdem,
2259 2285 2431 2356 inquit
2459 2302 2476 2344 :
2502 2288 2616 2342 hmc
2652 2287 2794 2342 enim
2830 2299 3049 2358 peccata
3075 2289 3314 2358 solvens,
3343 2291 3508 2362 390

1928 2379 2232 2433 libertatem
2266 2377 2425 2433 nobis
2455 2387 2510 2434 et
2538 2378 2790 2436 ﬁduciam
2842 2380 3118 2452 imposuit.

2001 2471 2157 2525 \‘Ens.
2200 2471 2289 2527 l5.
2327 2489 2345 2523 ι
2383 2469 2740 2542 Propterhoc
2768 2480 2911 2541 peto,
2942 2479 3001 2525 ut
3026 2486 3129 2526 non
3153 2471 3417 2527 deﬁciatis
3450 2474 3502 2527 in

1926 2561 2301 2618 amictionibus
2330 2562 2463 2617 meis
2484 2577 2581 2632 pro
2606 2562 2778 2628 vobis,
2801 2576 2921 2634 qua:
2945 2571 3028 2619 est
3049 2561 3218 2631 gloria
3245 2573 3444 2619 vestra.
3473 2586 3501 2613 ι

1925 2654 2150 2726 Pr0pter
2191 2658 2312 2722 hoc,
2365 2655 2555 2724 inquit.
2608 2653 2777 2722 Quale
2815 2654 2961 2710 hoc?
2997 2652 3151 2721 Quod
3195 2655 3384 2725 ingens
3434 2656 3505 2709 sit

1926 2750 2239 2820 mysterium
2279 2747 2574 2804 vocationis
2600 2754 2812 2814 vestrae,
2843 2758 2898 2802 et
2930 2746 3072 2817 quod
3133 2762 3324 2817 magna
3373 2747 3502 2800 mihi

1926 2846 2130 2899 credita
2168 2852 2290 2897 sunt
2320 2852 2378 2897 ut
2410 2842 2696 2912 praedicem
2726 2841 2900 2908 vobis,
2929 2857 2993 2898 ac
3026 2857 3250 2898 necesse
3278 2854 3364 2897 est
3420 2859 3503 2896 me

1927 2938 2160 2991 vinctum
2189 2949 2332 3001 esse,
2377 2945 2434 2991 et.
2462 2932 2622 3004 afﬂigi
2668 2932 2735 2987 ab
2795 2933 2859 2989 iis
2898 2934 2988 3004 qui
3047 2948 3152 2989 non
3203 2933 3504 3004 intelligunt

1927 3027 2243 3100 mysterium
2282 3028 2411 3094 hoc,
2438 3026 2530 3083 sed
2563 3027 2613 3082 ei
2652 3026 3065 3094 contradicunt;
3100 3043 3228 3096 rogo
3276 3042 3393 3094 vos,
3447 3039 3506 3081 ut

1925 3137 2034 3178 non
2061 3121 2352 3187 deﬁciatis,
2384 3122 2486 3174 hoc
2514 3129 2621 3186 est,
2663 3120 2952 3175 turbemini
3013 3120 3500 3187 tumultueminive,

1925 3233 2026 3273 ceu
2059 3232 2145 3272 res
2181 3215 2445 3286 quaepiam
2491 3224 2686 3284 praeter
2722 3213 3031 3284 opinionem
3085 3213 3389 3286 contigerit.
3447 3213 3503 3268 lu

240 3321 331 3371 ὅτι
363 3314 538 3375 οὕτως
564 3309 852 3381 ἠγάπησεν
886 3303 1030 3375 ὑμᾶς
1057 3301 1102 3332 ³⁸
1135 3301 1162 3352 ό
1189 3298 1343 3361 Θεὸς,
1381 3294 1521 3348 ὥστε
1559 3293 1620 3346 οὐ
1664 3290 1823 3360 μόνον

1934 3308 2154 3381 gloriam
2190 3307 2332 3363 enim
2379 3309 2480 3362 hoc
2527 3317 2759 3360 vestram
2806 3307 2982 3375 potius
3038 3305 3200 3371 cedit,
3244 3304 3387 3374 quod
3431 3305 3503 3359 ita

238 3414 340 3465 τὸν
385 3406 516 3460 Υἱὸν
565 3400 731 3456 αὑτοῦ
765 3397 950 3451 δοῦναι
982 3393 1124 3465 ὑπὲρ
1159 3391 1336 3462 ὑμῶν,
1386 3388 1524 3443 ἀλλὰ
1557 3388 1651 3441 κα)⁸
1675 3387 1823 3457 ἡμᾶς

238 3504 377 3564 τοὺς
419 3497 637 3559 δούλους
678 3489 845 3545 αὐτοῦ
884 3487 971 3542 διὰ
999 3486 1097 3556 τὴν
1148 3483 1418 3555 ὑμετέραν
1446 3478 1714 3548 ὠφέλειαν
1744 3477 1823 3540 εἰς

239 3595 529 3655 κινδύνους
558 3588 827 3652 ἐκδιδόναι
875 3582 969 3636 καὶ
1000 3570 1196 3650 δεσμά.
1250 3577 1313 3630 El
1344 3575 1401 3629 δὲ
1444 3575 1500 3627 αἱ
1548 3572 1679 3642 ἐμαὶ
1713 3570 1825 3624 θλί-

237 3694 371 3762 ψεις
413 3685 543 3750 δόξα
582 3681 758 3752 ὑμῶν,
810 3674 989 3746 πολλῷ
1023 3671 1222 3744 μᾶλλον
1268 3668 1357 3723 διὰ
1397 3667 1506 3721 τῶν
1537 3664 1824 3762 ῦμετέρων

238 3754 668 3849 δοξασθήσεσθε.
725 3770 892 3824 ’Ὥστε
949 3764 1086 3837 μηδὲ
1136 3763 1263 3817 ὅταν
1325 3760 1478 3813 αὐτοὶ
1533 3754 1822 3826 θλίὸησθε,

239 3870 562 3928 ἑκκακεῑτε.

321 3983 343 4016 ι
387 3961 591 4016 Τούτου
624 3958 785 4029 χάριν
820 3953 1060 4024 κάμπτω
1093 3948 1160 4002 τὰ
1189 3944 1391 4017 γόνατά
1434 3959 1535 4014 μου
1563 3939 1699 4029 πρὸς
1733 3939 1824 3991 τὸν

242 4055 475 4120 Πατέρα
495 4051 587 4106 τοῦ
614 4028 820 4121 Κυρίου
844 4044 1000 4118 ἡμῶν
1021 4040 1199 4113 Ἰησοῦ
1222 4035 1481 4110 Χριστοῦ,
1508 4035 1566 4102 ἐξ
1590 4028 1650 4087 οῦ
1674 4033 1825 4121 πᾶσα

240 4148 457 4221 πατριὰ
483 4148 541 4200 ὲν
563 4140 780 4215 οὐρανῷ
802 4139 893 4192 καὶ
916 4137 1008 4189 ἐπὶ
1030 4135 1134 4205 γῆς
1153 4129 1502 4199 ὀνομάζεται.
1538 4143 1555 4176 ι
1605 4120 1825 4221 Ἐπειδὴ

241 4216 426 4305 οὓτως
470 4236 818 4310 ἡγαπήθητε,
868 4230 961 4285 καὶ
994 4223 1362 4294 ἀκατάληπτα
1404 4223 1511 4274 εἱσι
1543 4220 1609 4272 τὰ
1644 4216 1824 4286 ἀγαθὰ

240 4335 323 4395 ὧν
360 4336 582 4406 ἐτύχετε
613 4332 705 4386 καὶ
738 4323 993 4393 τεύξεσθε
1020 4341 1033 4355 ο
1067 4321 1319 4390 εῦχομαι,
1356 4315 1543 4385 φησιν,
1580 4314 1667 4366 ἵνα
1696 4310 1822 4406 δοθῇ

242 4435 379 4505 ὑμῖν
406 4403 565 4501 χάρις
591 4426 972 4493 ἐνοικήσαντος
994 4417 1125 4486 ὑμῖν
1149 4411 1244 4466 τοῦ
1274 4407 1536 4505 Χριστοῦ,
1585 4403 1823 4505 aegra}:-

242 4493 366 4577 ὅεῖν
397 4493 541 4577 ἔστι
567 4517 632 4580 ³⁸,
672 4515 766 4567 καὶ
808 4508 1010 4579 γνῶναι
1060 4504 1176 4567 πῶς
1224 4499 1573 4572 ⁴ηγαπήθηθιτε.
1610 4496 1722 4567 Τὴν
1768 4493 1825 4548 δὲ

248 4615 394 4687 μετὰ
414 4609 761 4675 κατανύξεως
780 4604 964 4672 δέησιν
993 4593 1345 4687 ὲσήμανεᾼδιὸι
1364 4591 1481 4658 τοῦ,
1515 4610 1532 4643 ι
1573 4589 1824 4687 Κάμπτω

241 4681 317 4764 τὰ
355 4703 561 4778 γόνατά
607 4718 729 4772 μου.
768 4716 786 4749 ι
834 4695 929 4748 Ἐκ
955 4690 1047 4745 τοῦ
1088 4690 1201 4743 ἄνω
1228 4685 1285 4739 δὲ
1306 4686 1513 4755 Πατρός
1547 4700 1566 4735 ι
1601 4681 1778 4778 πᾶσα,
1800 4697 1818 4729 ι

245 4772 410 4872 φησι,
437 4817 456 4850 ι
500 4795 737 4866 πατριάυ
770 4808 789 4842 ι
817 4817 885 4828 -
918 4805 936 4838 ι
971 4783 1063 4837 ἐπὶ
1087 4781 1305 4872 τῆςᾼγῆς
1355 4798 1374 4831 ι
1395 4777 1496 4872 μὲν
1511 4776 1610 4872 “sit;
1631 4772 1823 4872 γενεὰς

243 4864 535 4961 ἑλειομαζων
563 4864 821 4954 πατριὰς,
857 4877 965 4932 ἀπὸ
996 4872 1090 4928 τοῦ
1127 4870 1238 4925 τῶν
1272 4869 1525 4938 πατέρων
1557 4864 1823 4933 ὀνόματος

243 4952 397 5039 οὕτω
432 4952 798 5047 καλουμέναςο
857 4992 875 5022 ι
938 4969 996 5021 ὲν
1052 4962 1267 5035 ούρανῷ
1320 4979 1340 5012 ι
1393 4958 1471 5025 δὲ,
1531 4959 1654 5008 ἐπεὶ
1705 4952 1825 5006 ἐκεῖ

244 5050 427 5133 οὐδεὶς
468 5066 527 5130 ἐξ
562 5063 774 5125 οὐδενὸς
814 5058 1102 5129 γεννᾶται,
1133 5051 1366 5124 πατριὰς
1399 5051 1468 5102 τὰ
1501 5052 1825 5116 συστήματα

244 5164 401 5230 λέγει
425 5159 468 5192 ³⁷
492 5174 506 5188 ·
550 5155 822 5218 τουτέστι,
855 5149 951 5203 καὶ
984 5148 1080 5210 τὰς
1112 5144 1225 5199 ἄνω
1275 5142 1367 5195 καὶ
1405 5141 1503 5202 τὰς
1534 5136 1686 5191 κάτω
1718 5153 1822 5205 φυ-

246 5229 348 5317 λὰς
398 5249 558 5312 αὐτὸς
613 5246 874 5314 ἐποίησε,
923 5241 1018 5297 καὶ
1071 5238 1166 5293 ἀπ’
1218 5232 1382 5289 αὑτοῦ
1429 5229 1824 5299 ὀνομαζόμενοι

250 5345 513 5416 πατέρες.

328 5547 347 5580 ι
384 5528 505 5580 ’Ίνα
533 5523 645 5596 δῴη
680 5523 807 5594 ὑμῖν
846 5518 988 5572 κατὰ
1024 5517 1113 5569 τὸν
1144 5514 1375 5568 πλοῦτον
1406 5513 1504 5583 τῆς
1532 5510 1691 5579 δόξης
1727 5510 1825 5563 αύ-

247 5619 367 5685 τοῦ,
398 5618 628 5687 δυνάμει
656 5610 1061 5684 κραταιωθῆναι
1086 5608 1173 5661 διὰ
1196 5604 1288 5660 τοῦ
1313 5604 1632 5676 Πνεύματος
1659 5600 1824 5656 αὐτοῦ

251 5731 269 5766 ε
287 5714 332 5775 ἲς
366 5711 459 5764 τὸν
485 5709 592 5762 ἔσω
619 5707 903 5776 ἄνθρωπον
926 5718 939 5733 ·
969 5697 1298 5768 κατοικῆσαι
1340 5696 1432 5751 τδν
1474 5696 1708 5767 Χριστὸν
1736 5694 1826 5749 διὰ

1928 3417 2022 3458 vos
2051 3400 2237 3455 dilexit
2265 3398 2426 3465 Deus,
2457 3406 2516 3451 ut
2543 3397 2738 3451 nedum
2787 3394 2978 3450 Filium
3014 3409 3168 3451 suum
3208 3408 3306 3464 pro
3352 3395 3505 3449 vobis

1927 3493 2097 3559 daret,
2123 3506 2304 3546 verum
2329 3491 2491 3545 etiam
2518 3504 2614 3544 nos
2640 3502 2826 3545 servos
2856 3503 2986 3545 suos
3040 3495 3230 3544 vestrae
3265 3502 3503 3543 commo-

1926 3589 2107 3645 ditatis
2129 3587 2300 3658 gratia
2333 3586 2385 3641 in
2411 3584 2651 3657 pericula
2680 3591 2733 3639 et
2757 3584 2968 3639 vincula
2999 3583 3314 3653 conjiceret.
3347 3581 3501 3647 Quod

1925 3682 1970 3737 si
2009 3694 2142 3735 mea;
2171 3676 2489 3732 aﬁlictiones
2539 3676 2710 3748 gloria
2744 3683 2920 3731 vestra
2968 3682 3070 3741 est,
3116 3674 3283 3728 multo
3336 3675 3504 3743 magis

1925 3789 2022 3844 per
2066 3780 2274 3827 vestras
2322 3767 2780 3839 gloriﬁcahimiui.
2835 3766 3013 3834 Quare
3063 3780 3236 3836 neque
3283 3767 3501 3835 quando

1925 3864 2026 3936 ipsi
2060 3861 2389 3934 all‘igamini,
2419 3858 2705 3916 deﬁciatis.

1997 3956 2159 4011 Vens.
2191 3955 2280 4020 l4,
2314 3953 2401 4009 15.
2439 3976 2457 4005 ι
2499 3950 2668 4022 Hujus
2710 3949 2784 4005 rei
2811 3936 2980 4022 gratia
3007 3948 3166 4004 ﬁecto
3190 3963 3363 4020 genua
3382 3961 3502 4001 mea

1927 4052 1991 4107 ad
2020 4049 2232 4104 Patrem
2267 4044 2481 4101 Domini
2513 4043 2682 4099 nostri
2728 4040 2852 4097 .lesu
2893 4040 3115 4098 Christi.
3146 4040 3224 4095 Ex
3248 4056 3355 4111 quo
3382 4055 3501 4095 0m-

1928 4143 2011 4197 nis
2040 4139 2335 4211 paternitas
2359 4141 2410 4193 in
2436 4137 2574 4193 coelo
2596 4138 2721 4191 etin
2745 4146 2882 4190 terra
2908 4133 3239 4191 nominatur.
3275 4151 3293 4185 ι
3322 4130 3504 4201 Quan-

1926 4233 2216 4302 doquidem
2248 4231 2380 4285 adeo
2414 4227 2595 4285 dilecti
2626 4227 2789 4295 estis,
2830 4232 2885 4280 οἰ
2935 4222 3500 4294 incomprehensibilia

1927 4325 2216 4382 suntbona
2249 4337 2367 4393 qua:
2417 4321 2564 4375 nacti
2619 4319 2751 4375 estis
2803 4328 2856 4374 et
2906 4315 3318 4381 nauciscemini,
3370 4313 3501 4380 Oro,

1928 4419 2123 4489 inquit,
2160 4425 2218 4471 ut
2248 4416 2406 4470 detur
2434 4413 2591 4469 vobis
2619 4412 2788 4482 gratia
2821 4407 3204 4464 commorantis
3250 4407 3301 4460 iu
3354 4405 3504 4460 vobis

1926 4509 2150 4573 Christi,
2185 4516 2244 4563 ut
2272 4504 2745 4576 comprehendatis
2786 4516 2872 4567 ea,
2910 4501 3200 4569 sciatisque
3241 4506 3504 4568 quantum

1928 4602 2110 4659 dilecti
2141 4600 2281 4656 sitis.
2316 4597 2687 4653 Precationetn
2726 4606 2902 4647 autem
2936 4607 3061 4648 cum
3084 4589 3503 4660 compunctione

1931 4693 2274 4763 signiﬁcavit,
2306 4704 2424 4744 cum
2450 4687 2604 4752 dicit,
2635 4684 2847 4741 «Flecto
2872 4699 3045 4755 genua
3070 4697 3212 4738 mea.
3250 4701 3267 4732 ι
3298 4680 3376 4734 Ex
3405 4696 3503 4735 su-

1933 4798 2099 4853 peruo
2112 4789 2290 4835 autem
2313 4778 2470 4833 Patre
2495 4776 2729 4832 «omnis»
2755 4783 2857 4843 est,
2880 4773 3073 4844 inquit,
3101 4771 3427 4842 rpateruitas
3450 4785 3499 4822 τι

1930 4907 2001 4918 --
2022 4894 2041 4927 ι
2082 4888 2243 4940 super
2275 4886 2471 4928 terram
2507 4888 2526 4923 ι
2559 4869 2773 4940 quidem
2798 4865 3175 4939 generationes
3193 4873 3249 4918 et
3271 4861 3503 4916 familias

1932 4964 2222 5020 nominans
2244 4960 2496 5034 πατριὰς.
2524 4975 2555 5015 a
2581 4970 2791 5029 patrum
2820 4956 3040 5012 nomine
3070 4956 3147 5010 sic
3171 4951 3501 5023 appellatas:

1939 5076 1957 5109 ι
1995 5055 2049 5109 in
2081 5053 2234 5111 cmlis
2289 5063 2489 5119 autem,
2525 5070 2544 5105 ι
2580 5051 2704 5120 quia
2750 5049 2855 5105 illic
2911 5061 3068 5103 nemo
3121 5061 3188 5100 ex
3253 5044 3502 5114 quopiam

1934 5147 2221 5212 nascitur,.
2260 5144 2608 5216 paternitates
2665 5143 2777 5197 sive
2831 5140 3059 5195 familias
3091 5137 3235 5203 ipsos
3289 5133 3506 5189 ordines

1934 5251 1988 5301 et
2022 5241 2218 5296 choros
2252 5235 2384 5293 dicit
2414 5250 2428 5289 :
2458 5235 2560 5289 hoc
2594 5240 2696 5295 est,
2736 5246 2855 5285 cum
2884 5226 3189 5297 superiores
3214 5233 3325 5280 tum
3369 5223 3505 5278 infe-

1936 5336 2106 5392 riores
2140 5332 2255 5401 ipse
2285 5328 2452 5384 tribus
2479 5325 2625 5391 fecit,
2658 5332 2712 5378 et
2748 5323 2815 5377 ab
2861 5322 2976 5390 ipso
3001 5327 3128 5374 sunt
3174 5318 3264 5389 qui
3327 5320 3506 5372 nomi-

1934 5436 2135 5481 nantur
2162 5431 2364 5493 patres.

2004 5511 2170 5572 Vens.
2214 5514 2300 5580 16,
2334 5514 2418 5567 l7.
2456 5531 2473 5563 ι
2518 5510 2586 5567 Ut
2618 5510 2709 5564 det
2744 5505 2894 5563 vobis
2942 5504 3233 5561 secundum
3290 5501 3506 5558 divitias

1928 5607 2115 5678 gloriae
2141 5619 2274 5670 suae,
2302 5603 2499 5656 virtute
2546 5595 2883 5656 corroborari
2924 5611 3018 5666 per
3047 5594 3309 5663 Spiritum
3344 5607 3503 5648 suum

1930 5704 1981 5755 in
2029 5697 2268 5752 interiori
2308 5694 2524 5749 homine
2552 5709 2566 5746 :
2593 5702 2650 5744 ut
2710 5690 2915 5747 habitet
2951 5689 3198 5745 Christus
3229 5701 3322 5760 per
3345 5684 3504 5741 ﬁdem

1620 5845 1814 5907 Variae
1842 5844 2166 5908 lectiones.

336 5983 379 6013 ³³
421 5979 551 6051 πρὸς
582 5993 633 6033 0.
712 5978 755 6012 "
794 5974 884 6055 καὶ
918 5972 1116 6043 ταύτην
1157 5970 1255 6041 ούλ
1288 5967 1474 6033 ἁπλῶς
1516 5982 1586 6022 ιιι.
1665 5967 1708 5998 ³⁵
1749 5965 2002 6036 ἐποίησεν
2043 5965 2187 6035 ἡμᾶς
2211 5977 2261 6018 0.
2344 5961 2386 5994 ³⁸
2420 5960 2589 6033 αὐτὴν
2620 5975 2671 6017 0.
2753 5962 2794 5993 ³⁷
2830 5958 3004 6029 λέγων
3028 5971 3079 6013 0.
