3932 6576
461 529 595 592 1075

1337 538 1921 604 TllEOPHYl.ACTl
1959 546 2363 611 BUlﬁAllle.
2402 556 2758 621 ARCHIEP.

3548 559 3679 624 1οἷίῖ

457 642 511 695 in
559 644 811 698 cordibus
850 644 1049 700 vestris
1093 663 1108 701 :
1145 646 1198 701 in
1242 648 1511 706 cliaritate
1565 652 1789 708 radicati
1831 668 1887 710 et
1917 658 2030 712 lun-

2140 664 2240 728 τῆς
2280 666 2516 731 πίστεως
2541 670 2599 721 ἐν
2629 672 2749 734 ταῖς
2776 670 3024 741 καρδίαις
3048 670 3223 743 ὑμῶν,
3254 672 3312 723 ἐν
3336 671 3526 744 ἀγάπῃ
3552 675 3699 745 ἐρῤε-

454 734 585 788 dati.
624 753 645 787 ι
686 733 886 805 Ecquid
912 752 1010 793 oro
1042 754 1138 808 pro
1176 742 1370 798 vobis?
1401 742 1471 799 Ut
1507 744 1599 800 det
1626 750 1795 812 vobis,
1828 765 1925 804 ceu
1944 752 2025 806 di-

453 846 548 886 ves
576 840 629 885 et
656 832 943 900 gloriﬁcari
975 836 1180 905 volens,
1227 840 1490 895 adversus
1540 844 1863 901 tentatioues
1907 862 2025 899 ror-

452 924 718 987 roborari,
747 933 805 979 ut
834 941 939 980 non
969 929 1259 985 turbemini
1300 934 1369 986 ab
1398 932 1567 998 bisce,
1616 950 1681 990 ac
1732 937 2026 992 transfers-

453 1013 583 1067 mini
615 1014 743 1069 alio.
779 1015 948 1073 Porro
976 1034 1087 1074 non
1138 1028 1429 1079 cauteutus
1460 1025 1662 1091 dicere,
1707 1046 1726 1079 t
1754 1027 2027 1083 Corroboo

452 1104 618 1164 rari.i
644 1106 859 1176 adjecit,
892 1109 981 1163 tln
1004 1113 1239 1179 potentia
1264 1131 1278 1168 :
1309 1132 1329 1166 ι
1347 1129 1411 1169 ex
1427 1116 1718 1172 abundanti
1742 1120 1885 1174 enim
1903 1137 2028 1191 pre-

451 1205 604 1251 catur
630 1199 710 1251 eis
740 1198 900 1254 bona.
937 1200 1217 1267 Quomodo
1240 1215 1421 1259 autem
1453 1209 1835 1266 corroborari?
1868 1232 1887 1264 ι
1922 1212 2027 1268 Per

457 1285 713 1354 Spiritum
734 1288 851 1359 ejus
884 1305 898 1343 :
935 1308 956 1343 ι
987 1290 1099 1361 ipse
1128 1308 1358 1364 namque
1389 1298 1581 1367 estqui
1612 1300 1773 1356 robur
1801 1303 2021 1370 praebet.

457 1374 610 1431 Sicut
638 1387 695 1432 et
733 1376 918 1444 Isaias,
966 1398 985 1433 ι
1028 1380 1288 1453 Spiritum
1321 1386 1530 1442 roboris
1569 1405 1588 1439 ι
1628 1390 1778 1445 dicit.
1808 1391 1874 1446 Et
1920 1409 2027 1447 non

453 1470 626 1524 solum
659 1480 719 1526 ut
747 1472 1147 1544 confortcminl,
1172 1492 1358 1532 verum
1387 1480 1550 1534 etiam
1580 1483 1722 1550 quod
1756 1482 1928 1550 majus
1948 1494 2032 1537 est

450 1573 505 1619 rt
542 1562 924 1631 abundantius,
963 1585 982 1620 t
1021 1579 1079 1623 ιιι
1111 1579 1166 1624 et
1191 1568 1438 1627 Chrisms
1490 1573 1758 1628 inhabitet
1805 1576 2029 1631 interio-

453 1670 565 1708 rem
605 1656 877 1713 hominem
915 1676 936 1710 ι
1002 1671 1237 1714 vestrum
1266 1677 1280 1715 :
1309 1662 1410 1717 hoc
1457 1672 1561 1725 est,
1597 1682 1617 1713 ι
1668 1663 1721 1717 In
1770 1666 2025 1721 cordibus

454 1748 665 1810 vestris,
700 1766 718 1799 ι
765 1764 869 1803 non
914 1750 1197 1815 superﬁt-ie
1250 1762 1426 1820 tenus,
1473 1755 1569 1809 sed
1621 1756 1674 1809 iu
1737 1757 2023 1825 profundo.

451 1836 696 1902 Quanam
728 1839 979 1893 ratione?
1004 1839 1107 1893 Per
1141 1840 1321 1897 tidem.
1355 1842 1490 1897 Nam
1521 1846 1574 1899 in
1604 1847 1858 1901 cordibus
1890 1848 2022 1901 lide-

454 1928 580 1981 littm
622 1929 824 1984 habitat
855 1931 1125 1998 Christus,
1155 1934 1315 2011 391
1348 1950 1470 1990 cum
1505 1936 1667 1992 Patre
1702 1938 1943 2000 veniens,
1968 1949 2024 1992 et

453 2021 787 2076 mansionem
849 2024 898 2077 in
956 2024 1062 2080 illis
1109 2025 1332 2091 faciens,
1377 2030 1827 2094 quemadmodum
1892 2047 2031 2099 pra!-

452 2110 584 2163 dixit
602 2119 651 2164 1.
712 2111 839 2169 Haec
870 2123 1049 2170 autem
1092 2118 1484 2185 assequemini,
1519 2119 1740 2174 radicati
1775 2119 1828 2174 in
1863 2122 2030 2175 dilec-

453 2202 597 2257 tione
627 2202 766 2269 ejus,
793 2206 839 2259 si
869 2220 968 2260 nee
998 2209 1397 2264 transferamini
1431 2225 1530 2265 nec
1568 2214 1881 2266 turbemiui.
1937 2211 2029 2267 Vel

451 2294 615 2360 igitur
641 2296 748 2350 duo
778 2298 858 2352 eis
885 2298 1148 2354 divinitus
1177 2298 1296 2355 dari
1327 2313 1602 2370 precatur.
1647 2315 1699 2357 et
1731 2306 2027 2358 contormi

454 2403 549 2453 per
590 2388 889 2456 Spiritum,
942 2399 995 2444 et
1047 2390 1319 2447 Christum
1368 2395 1696 2450 commorari
1748 2396 1801 2450 in
1849 2396 2028 2449 cordi-

453 2477 806 2547 busipsorum
835 2498 851 2535 :
881 2482 984 2548 vel,
1017 2481 1083 2537 Ut
1114 2482 1515 2548 couiortemini,
1541 2485 1735 2553 inquit,
1771 2499 1825 2541 et
1851 2487 2029 2543 idout-i

450 2568 754 2625 eﬂtciamini
791 2580 851 2626 ut
891 2572 1139 2631 Christus
1185 2574 1389 2631 habitet
1417 2576 1469 2630 in
1510 2576 1770 2633 interiore
1815 2579 2031 2634 homine

452 2677 655 2721 VCSU‘O.

530 2856 688 2919 Vens.
726 2858 808 2915 18.
839 2879 857 2911 ι
892 2860 959 2915 Ut
989 2860 1207 2930 possitis
1228 2861 1679 2929 comprehendere
1708 2879 1827 2919 cum
1852 2866 2029 2920 omni-

454 2952 554 3004 bus
588 2952 813 3014 sanctis,
839 2967 958 3022 qua:
990 2953 1054 3013 sit
1088 2952 1335 3018 latitudo,
1380 2964 1436 3008 et
1457 2954 1754 3025 longitudo,
1807 2967 1861 3011 et
1905 2974 2031 3027 pro-

456 3043 710 3102 funditas.
755 3051 809 3097 et
851 3045 1172 3099 sublimitas.
1209 3063 1227 3096 ι
1262 3045 1414 3113 Quod
1464 3048 1725 3116 principio
1778 3062 2030 3119 precatus

453 3144 555 3193 est.
595 3145 653 3190 ut
686 3136 842 3191 detur
872 3138 952 3192 eis
975 3138 1209 3208 Spiritus
1236 3138 1515 3208 sapientia:
1557 3151 1610 3195 et
1667 3142 2015 3199 ret/elationis

456 3236 512 3281 ιιι
542 3228 713 3282 sciant
741 3242 859 3297 qua:
885 3229 956 3283 sit
1005 3244 1129 3299 spes
1158 3230 1454 3285 vocationis
1491 3242 1545 3285 et
1591 3244 1787 3288 emtera
1813 3273 1830 3297 ,
1888 3233 2027 3289 idem

2138 757 2377 828 ζωμένοι
2418 764 2512 816 καὶ
2543 764 3020 835 τεθεμελιωμένοι.
3066 786 3084 820 ι
3136 768 3203 820 Τί
3258 766 3492 836 εὔχομαι
3538 768 3699 839 ὐμίν;

2142 853 2289 908 ι”ίνα
2315 854 2426 925 δῴη
2473 857 2664 924 ὐμῖν,ι
2699 857 2776 922 ὥς
2821 856 3072 924 πλούσιος
3112 860 3207 913 καὶ
3247 858 3566 924 δοξάζεσθαι
3630 859 3703 913 θέο

2134 943 2280 1005 λων,
2321 946 2730 1016 κραταιωθῆναι
2785 947 2921 1019 πρὸς
2977 949 3101 1013 τοὺς
3157 950 3533 1019 πειρασμοῦς,
3561 948 3696 1001 ὥστε

2138 1040 2212 1107 μὴ
2268 1039 2576 1092 κλονεῖσθαι
2627 1040 2732 1093 ὑπὸ
2791 1041 3020 1105 τούτων,
3086 1042 3449 1111 προσέθηκεν,
3506 1043 3566 1093 ἐν
3614 1044 3699 1094 καὶ

2135 1129 2577 1200 παραφέρεσθαι.
2636 1133 2751 1186 Οὐκ
2818 1131 3110 1202 ἀρκεσθεὶς
3168 1132 3225 1186 δέ
3266 1131 3386 1202 τῷ,
3474 1151 3495 1184 ι
3537 1133 3699 1185 Δυνά-

2137 1240 2228 1293 μει
2285 1223 2398 1292 (a)-
2441 1243 2460 1275 ι
2497 1227 2562 1278 ἐκ
2614 1226 2933 1294 περιουσίας
2978 1225 3089 1295 γὰρ
3122 1225 3328 1288 αὐτοὺς
3356 1223 3437 1297 [Ῑ.
3485 1224 3698 1288 αὐτοῖς)

2133 1314 2425 1384 ἐπεύχεται
2455 1315 2523 1370 τὰ
2562 1316 2761 1383 ἀγαθά.
2799 1316 2924 1379 Πῶς
2970 1316 3028 1370 δὲ
3059 1316 3507 1386 κραταιωθῆναι;
3549 1332 3569 1365 ι
3608 1315 3700 1366 Δια

2134 1406 2227 1459 τοῦ
2264 1406 2584 1477 Πνεύματος
2613 1407 2779 1461 αὐτοῦ
2799 1424 2816 1440 ⁸
2850 1425 2868 1458 ι
2898 1407 3033 1461 αὐτὸ
3051 1408 3161 1478 γάρ
3190 1409 3308 1459 ἐστι
3334 1407 3396 1459 τὸ
3420 1407 3521 1476 τὴν
3552 1406 3700 1474 ἰσχὺν

2137 1498 2395 1568 παρέχον.
2423 1498 2634 1568 Ὥσπερ
2659 1499 2753 1552 καὶ
2775 1501 2803 1551 ὁ
2837 1499 3090 1563 Ἡσαΐας,
3123 1516 3142 1550 ι
3186 1497 3412 1566 Πνεῦμα
3438 1495 3646 1566 ἰσχύος,
3680 1515 3697 1545 ι

2138 1586 2293 1655 φησί.
2353 1586 2463 1638 Καὶ
2516 1587 2579 1639 οὐ
2621 1587 2782 1655 μόνον
2839 1585 3281 1658 κραταιωθῆναι,
3321 1585 3460 1639 ἀλλά
3506 1587 3604 1638 καὶ
3649 1585 3702 1636 τὸ

2139 1677 2323 1745 μεῖζον
2358 1676 2455 1730 καὶ
2488 1677 2898 1748 περισσότερον,
2928 1698 2947 1729 ι
2983 1677 3328 1746 Κατοικῆσαι
3358 1678 3451 1729 τὸν
3473 1677 3699 1746 Χριστὸν

2134 1769 2215 1830 εἰς
2248 1768 2340 1821 τὸν
2390 1766 2500 1821 ἔσω
2546 1769 2833 1839 ἄνθρωπον
2871 1789 2890 1821 ι
2949 1768 3142 1839 ὑμῶν’
3196 1769 3497 1831 τουτέστιν,
3549 1786 3569 1818 ι
3621 1767 3701 1820 Ἕν

2134 1861 2257 1922 ταῖς
2283 1858 2535 1927 καρδίαις
2568 1859 2743 1929 ὑμῶν,
2787 1879 2806 1912 ι
2844 1860 2946 1913 οὐκ
2977 1859 3334 1924 ἐπιπολαίως,
3363 1859 3478 1913 ἀλλ’
3510 1860 3568 1911 ἐν
3614 1858 3700 1928 βά-

2137 1950 2241 2003 θει.
2279 1950 2435 2013 Πῶς;
2466 1970 2483 2000 ι
2506 1950 2603 2004 Διά
2636 1952 2737 2021 τῆς
2755 1953 3013 2015 πίστεως.
3053 1971 3072 2003 ι
3095 1953 3184 2005 Ἐν
3212 1952 3320 2023 γὰρ
3335 1955 3455 2015 ταῖς
3488 1952 3700 2012 πισταῖς

2137 2041 2384 2110 καρδίαις
2415 2043 2557 2095 οἰκεῖ
2580 2042 2839 2111 Χριστὸς,
2872 2044 3012 2113 μετὰ
3039 2041 3133 2095 τοῦ
3161 2042 3370 2111 [ἰατρὸς
3391 2041 3696 2111 ἐρχόμενος.

2136 2136 2231 2186 καὶ
2284 2133 2452 2204 μονὴν
2488 2136 2621 2204 παρ’
2657 2134 2850 2198 αὐταῖς
2899 2134 3090 2196 ποιῶν,
3128 2135 3278 2189 καθὰ
3317 2135 3635 2204 προείρηται
3660 2131 3697 2161 ³⁸

2136 2225 2306 2295 αὐτῷ.
2339 2225 2558 2279 Τούτων
2595 2226 2652 2279 δὲ
2703 2227 3084 2292 ἐπιτεύξεσθε,
3131 2225 3491 2300 ἐρριζωμένοι
3530 2228 3588 2277 ἐν
3635 2228 3694 2293 τῇ

2135 2316 2323 2387 ἀγάπῃ
2372 2316 2539 2370 αὑτοῦ
2562 2357 2576 2379 ,
2627 2319 2722 2370 καὶ
2758 2317 2832 2386 μὴ
2865 2316 3311 2386 παραφερόμενοι
3359 2314 3453 2368 καὶ
3483 2314 3695 2367 κλονού-

2139 2421 2310 2473 μενοι.
2348 2407 2506 2458 Ἰἰτοι
2552 2404 2645 2459 οῦν
2689 2406 2783 2459 δίο
2831 2408 3002 2476 αὐτῆς
3036 2405 3360 2474 ἐπεύχεται,
3392 2408 3451 2457 τό
3483 2422 3540 2457 τε
3575 2421 3697 2472 κραο

2135 2495 2432 2562 ταιωθῆναι
2479 2495 2568 2548 διὰ
2623 2495 2718 2549 τοῦ
2767 2495 3107 2564 Πνεύματος.
3151 2494 3246 2548 καὶ
3277 2496 3338 2548 τὸ
3382 2492 3697 2562 κατοικῆσαι

2134 2588 2225 2640 τὸν
2270 2588 2503 2660 Χριστὸν
2533 2591 2592 2644 ἐν
2632 2591 2751 2652 ταῖς
2780 2590 3031 2656 καρδίαις
3060 2588 3271 2649 αὐτῶν.
3309 2589 3367 2657 ἢ.
3398 2588 3519 2640 Ἵνα
3568 2603 3692 2655 κρα-

2136 2681 2595 2751 ταιωθῆτε,φησ“ι,
2618 2682 2712 2734 καὶ
2740 2682 3033 2750 ἐπιτήδειοι
3061 2680 3314 2751 γένησθε,
3350 2678 3493 2732 ὥστε
3529 2698 3548 2729 ι
3577 2693 3694 2730 κιτ-

2135 2771 2356 2840 οεκῆσαι
2388 2772 2477 2825 τὸν
2514 2772 2748 2842 Χριστδν
2779 2773 2859 2836 είς
2883 2771 2977 2825 τὸν
3016 2773 3124 2825 ἔσω
3157 2771 3444 2840 ἄνθρωπον
3477 2789 3495 2821 ι
3534 2769 3693 2843 ὑμῶν.

2212 2880 2233 2915 ι
2276 2863 2392 2917 ’Ίνα
2442 2863 2771 2933 ἐξισχύσητε
2820 2862 3225 2919 καταλαϐέσθαι
3265 2864 3361 2916 σὺν
3414 2863 3551 2915 πᾶσι
3593 2860 3693 2920 τοῖς

2139 2956 2340 3021 ἁγίοις,
2368 2954 2419 3007 τί
2443 2954 2502 3007 τὸ
2527 2954 2726 3018 πλάτος
2750 2956 2842 3008 καὶ
2871 2956 3044 3025 μῆκος
3069 2955 3163 3008 καὶ
3193 2953 3353 3024 βάθος
3377 2954 3470 3004 καὶ
3498 2951 3642 3020 ἱψος.
3670 2968 3688 2999 ι

2136 3047 2315 3117 Ὅπερ
2345 3046 2649 3117 ἀρχόμενος
2680 3046 2916 3115 ηῠξατο,
2964 3049 3050 3099 ἵνα
3099 3045 3227 3115 δοθῇ
3271 3046 3452 3106 αὐτοῖς
3488 3041 3691 3110 Πνεῦμα

2138 3143 2329 3210 σοιξίας
2365 3144 2461 3195 καὶ
2489 3140 2907 3211 ἀποκαλύψεως,
2937 3142 3016 3204 εἰς
3065 3140 3127 3192 τὸ
3163 3141 3362 3191 εἰδέναι
3387 3137 3474 3199 τίς
3498 3138 3637 3188 ἐστιν
3660 3134 3690 3202 ἡ

2134 3229 2292 3292 ἐλπὶς
2343 3229 2444 3300 τῆς
2483 3229 2751 3300 κλήσεως,
2806 3232 2900 3283 καὶ
2949 3230 3017 3283 τὰ
3065 3229 3224 3298 ἐξῆςο
3274 3226 3435 3280 τοῦτο
3478 3225 3569 3278 καὶ
3607 3223 3691 3275 νῦν

453 3330 505 3373 et
545 3335 685 3374 nunc
729 3321 852 3375 ait:
893 3340 917 3372 ι
985 3322 1055 3377 Ut
1104 3323 1325 3390 possitis
1379 3325 1840 3395 comprehendere
1897 3342 2020 3381 cum

2140 3336 2303 3389 φησιν
2332 3334 2344 3347 ο
2394 3335 2413 3370 t
2470 3319 2586 3373 Ἵνα
2619 3318 2941 3390 ἐξισχύσητε
2993 3316 3392 3372 καταλαϐέσθαι
3432 3316 3526 3368 σὺν
3571 3316 3689 3365 πᾶσι

454 3414 703 3469 omnibus
735 3433 754 3466 ι
792 3415 1037 3470 ﬁdelibus
1063 3416 1379 3488 mysterium
1426 3433 1523 3486 pro
1560 3418 1711 3473 vobis
1750 3419 2029 3489 dispensa-

2144 3410 2253 3471 τοῖς
2291 3428 2307 3460 ι
2349 3413 2559 3474 πιστοῖς
2608 3411 2669 3463 τὸ
2702 3410 3006 3480 μυστήριον
3042 3407 3104 3460 τὸ
3133 3408 3274 3477 ὑπὲρ
3304 3407 3458 3476 ὑμῶν
3499 3407 3687 3457 οἰκονο·

457 3515 564 3559 tum
601 3508 778 3576 :quod
805 3508 939 3561 adeo
970 3523 1219 3577 magnum
1262 3519 1376 3571 est;
1407 3519 1464 3561 ut
1513 3524 1945 3580 quoquoversum
1986 3527 2030 3571 οι

2147 3502 2339 3570 μηθὲν,
2369 3502 2510 3556 οὕτω
2538 3503 2681 3575 μέγα
2708 3502 2798 3567 ὃν,
2848 3501 2990 3555 ὥστε
3038 3500 3311 3571 πανταχοῦ
3361 3497 3685 3552 ἐκτετάσθαι.

457 3595 509 3648 iu
539 3610 728 3649 omnes
753 3595 823 3651 sit
852 3606 1132 3651 extensum
1164 3606 1367 3666 partes.
1396 3594 1548 3652 Unde
1579 3608 1635 3652 et
1657 3601 2035 3668 corporalibus

456 3689 628 3755 ip~unt
665 3687 949 3756 descripsit
1006 3688 1210 3758 ﬁguris,
1251 3689 1715 3758 comprehenderis
1774 3704 1894 3743 cum
1948 3705 2037 3744 su-

458 3794 643 3842 perna,
677 3788 785 3831 tmn
822 3776 1041 3831 inferna
1095 3789 1255 3846 atque
1286 3788 1614 3835 transversa.
1657 3779 1772 3834 Dixi
1821 3780 2038 3850 quidem

455 3878 508 3921 et
546 3884 667 3937 ego,
703 3870 898 3938 inquit,
929 3868 1188 3934 dehisce,
1237 3884 1423 3923 verum
1480 3886 1582 3925 non
1639 3882 1871 3943 possunt
1924 3876 2039 3929 hzrc

458 3973 553 4027 per
581 3974 729 4013 meos
770 3976 1046 4015 sermones
1088 3962 1222 4015 satis
1257 3964 1542 4016 commode
1597 3964 1755 4029 disci,
1807 3965 1904 4020 sed
1944 3981 2041 4036 per

460 4054 718 4123 Spiritum
740 4062 984 4108 sant-tum
1015 4070 1029 4106 :
1057 4067 1155 4112 nec
1182 4054 1429 4122 poteritis
1455 4056 1568 4110 ltzec
1600 4055 1759 4110 aliter
1782 4072 2033 4127 comprel-

460 4143 716 4207 bemlere,
779 4141 881 4195 nisi
935 4140 1362 4195 corroboremiui
1425 4156 1523 4210 per
1593 4140 1876 4210 Spiritum.
1944 4143 2039 4195 Est

457 4233 601 4284 enim
633 4232 800 4286 multo
833 4232 1031 4286 robore
1059 4245 1219 4298 opus,
1263 4245 1326 4285 ac
1363 4230 1465 4285 nisi
1522 4231 1786 4286 inhabitet
1807 4233 1859 4287 in
1887 4234 2037 4287 vobis

456 4324 728 4389 Christus,
765 4323 894 4377 nihil
921 4323 1133 4380 efﬁcere
1160 4324 1479 4395 poterimus.
1508 4323 1797 4395 Gregorius
1855 4335 2035 4380 autem

456 4416 730 4486 Nyssemts
755 4432 849 4487 per
878 4417 1239 4481 latitudinem,
1264 4418 1675 4488 longitudinem,
1702 4420 2039 4488 prolundita-

460 4519 588 4569 tem.
619 4518 674 4563 et
702 4509 1063 4575 altitudinem,
1095 4524 1309 4566 crucem
1338 4509 1628 4579 signiﬁcari
1661 4511 1825 4576 dicit;
1874 4522 2035 4582 atque

459 4600 595 4654 adeo
619 4600 935 4668 Apostolum
975 4602 1217 4670 Ephesiis
1304 4601 1664 4672 comprecari.
1718 4612 1775 4655 ut
1827 4604 2035 4671 possint

2142 3594 2233 3648 Διὸ
2273 3596 2367 3648 καὶ
2401 3598 2733 3667 σωματικοῖς
2764 3593 2897 3649 αὐτὸ
2925 3592 3210 3662 ὑπέγραψε
3242 3593 3514 3663 σχήμασι.
3547 3606 3686 3658 περι-

2141 3685 2321 3738 λαϐὼν
2357 3688 2449 3739 καὶ
2497 3686 2564 3739 τὰ
2600 3689 2734 3748 ἄνω,
2785 3686 2881 3739 καὶ
2930 3686 2998 3738 τὰ
3031 3688 3204 3748 κάτω,
3254 3684 3353 3737 καὶ
3379 3683 3449 3736 τὰ
3479 3684 3538 3734 ἐκ
3567 3680 3687 3733 πλα-

2142 3779 2297 3847 γίων.
2344 3775 2511 3832 Εἶπον
2548 3779 2647 3849 μὲν
2680 3780 2809 3848 γὰρ,
2861 3780 3016 3847 φησὶ,
3050 3778 3144 3831 καὶ
3192 3776 3304 3844 ἐγὼ
3326 3792 3340 3805 ⁸
3375 3776 3473 3829 οὐκ
3501 3775 3605 3827 ἐστι
3636 3772 3684 3824 δὲ

2139 3873 2225 3927 διὰ
2256 3873 2365 3926 τῶν
2394 3873 2543 3942 ἐμῶν
2578 3873 2749 3939 λόγων
2781 3870 2957 3926 ταῦτα
2986 3871 3175 3941 μαθεῖν
3208 3869 3431 3934 ἱκανῶς,
3464 3867 3590 3921 ἀλλὰ
3607 3864 3682 3919 διὰ

2139 3965 2234 4018 τοῦ
2269 3964 2581 4033 ιΙνεύματος
2614 3964 2707 4017 τοῦ
2742 3963 2899 4031 ἁγίου
2920 3980 2931 3992 ⁸
2962 3962 3069 4015 οίιδ⁹
3108 3961 3175 4015 ἆν
3206 3960 3382 4022 ἄλλως
3402 3956 3682 4027 ἐξισχύσετε

2138 4056 2314 4109 ταῦτα
2366 4054 2698 4109 καταλαϐεῖν
2719 4055 2784 4121 ³⁹,
2833 4055 2882 4105 εἰ
2929 4054 3007 4122 μὴ
3055 4050 3437 4125 κραταιωθῆτε
3482 4047 3564 4123 διά
3604 4043 3679 4097 τοῦ

2141 4147 2477 4218 ηνεύματος.
2527 4148 2733 4216 ’ἰσχύος
2776 4146 2887 4215 γὰρ
2919 4144 3122 4212 πολλῆς
3170 4142 3352 4213 χρεία,
3406 4142 3497 4195 καὶ
3526 4140 3571 4191 εί
3615 4135 3679 4207 μὴ

2138 4241 2410 4307 ἐνοικήσει
2440 4240 2567 4308 ὑμίν
2595 4241 2621 4290 ὁ
2649 4237 2909 4308 Χριστος.
2939 4234 3050 4288 οὐδ’
3076 4236 3142 4287 ἂν
3179 4232 3518 4302 κατορθῶσαι
3543 4230 3679 4296 δυνη-

2142 4329 2371 4400 θείημεν
2394 4330 2460 4384 ⁸⁸.
2497 4332 2554 4383 Ὀ
2572 4329 2627 4382 δέ
2649 4328 2872 4398 Νύσσης
2902 4328 3203 4399 Γρηγόριος
3224 4327 3311 4379 διὰ
3333 4326 3427 4379 τοῦ
3450 4323 3676 4381 πλάτους.

2138 4424 2232 4475 καὶ
2281 4423 2510 4493 μήκους,
2562 4421 2656 4474 καὶ
2697 4419 2914 4490 βάθους,
2965 4426 3059 4473 καὶ
3098 4418 3292 4488 ὕψους,
3343 4419 3435 4471 τὸν
3475 4412 3678 4482 σταυρὸν

2138 4514 2241 4585 ἔφη
2272 4513 2560 4584 δηλοῦσθαι
2580 4529 2594 4543 ·
2635 4512 2965 4583 ἐπεύχεσθαι
2992 4507 3085 4565 οὖν
3115 4514 3204 4564 τδν
3246 4509 3557 4564 ’Δπόστολον
3581 4507 3677 4564 τοῖς

2139 4605 2432 4673 Ἐφεσίοις.
2480 4605 2555 4670 ὡς
2588 4605 2653 4659 ἂν
2700 4603 3026 4673 ἐξισχύσωσι
3071 4602 3468 4655 καταλαϐέσθαι
3498 4600 3553 4652 τὸ
3593 4593 3673 4646 τοῦ

459 4693 924 4762 comprehendere
955 4697 1131 4749 crucis
1185 4695 1525 4765 mysterium.
1580 4692 1837 4749 Universa
1893 4695 2030 4748 enim

2144 4696 2379 4767 σταυροῦ
2434 4700 2752 4768 μυστήριον.
2794 4696 2859 4748 Ἦ
2891 4695 3001 4765 γὰρ
3034 4696 3183 4748 πᾶσα
3210 4693 3486 4761 οἰκονομία
3524 4688 3674 4754 τούτῳ

459 4784 1004 4854 dispensatioiuboe
1060 4788 1391 4850 continetur,
1443 4798 1608 4855 atque
1657 4786 1708 4838 in
1765 4787 1865 4840 hac
1920 4786 2032 4850 ipsa

460 4878 700 4931 ninnium
732 4881 964 4933 maxime
988 4883 1261 4935 tremenda
1293 4890 1376 4935 est
1406 4894 1563 4945 crux,
1587 4893 1652 4933 ex
1689 4894 1793 4946 qua
1851 4878 2034 4932 chari-

465 4977 547 5021 tas
578 4963 670 5021 Dei
706 4969 937 5021 maxime
985 4970 1405 5029 demonstratur.
1437 4968 1886 5039 queu‘ladmodum
1923 4969 2036 5039 ipse

462 5058 719 5114 Dominus
747 5059 877 5114 dicit
903 5068 949 5115 ι.
982 5059 1270 5130 Propterea
1304 5072 1357 5117 et
1396 5059 1593 5114 Paulus
1636 5060 1700 5113 de
1748 5060 2035 5117 dilectione

462 5150 624 5205 infert
651 5168 666 5205 :

533 5244 696 5299 Vsus.
733 5245 821 5300 l9.
856 5264 875 5297 ι
916 5246 1068 5302 Scire
1113 5247 1276 5301 etiam
1323 5246 1813 5311 supercminentem
1858 5243 2035 5297 scien—

467 5333 551 5387 tia:
578 5333 895 5390 charitatem
931 5333 1155 5390 Christi.
1186 5353 1205 5387 ι
1241 5332 1311 5389 Ut
1334 5334 1572 5405 possitis,
1596 5333 1791 5402 inquit,
1844 5347 2041 5403 cogito.

571 5482 599 5521 1
627 5474 781 5529 toan.
804 5490 917 5541 xlv,
947 5476 1037 5530 25.
1153 5484 1177 5513 ι
1206 5472 1366 5530 Joan.
1413 5488 1503 5537 xv,
1559 5474 1648 5528 12.

2145 4788 2557 4859 ἐμπεριέχεται.
2589 4789 2680 4841 καὶ
2707 4787 2769 4841 τὸ
2793 4786 2997 4855 ταύτης
3026 4785 3463 4855 φρικωδέστατον
3490 4782 3517 4834 ὀ
3537 4796 3672 4832 σταυ-

2147 4881 2237 4948 Pd;
2258 4882 2405 4933 ἐστιν
2426 4896 2441 4911 ⁸
2471 4878 2531 4943 ἐξ
2550 4873 2610 4933 οὗ
2638 4881 2732 4932 καὶ
2756 4882 2788 4947 ἡ
2815 4880 3008 4948 ἀγάπη
3029 4876 3125 4931 τοῦ
3152 4876 3288 4930 Θεοῦ
3316 4876 3536 4945 μάλιστα
3581 4869 3669 4922 δείο

2149 4987 2366 5036 κνυται,
2400 4969 2476 5033 ὣς
2504 4986 2636 5039 φησι
2657 4971 2750 5022 καὶ
2776 4971 2803 5021 ὀ
2829 4969 3061 5041 Κύριος·
3090 4968 3170 5021 διὸ
3197 4970 3292 5021 καὶ
3314 4970 3343 5020 ὁ
3365 4963 3555 5024 Παῦλος
3569 4961 3669 5012 ἐπι-

2143 5063 2300 5133 φέρει
2327 5062 2454 5133 περὶ
2482 5062 2579 5137 τῆς
2609 5063 2860 5134 ἀγάπηςο

2220 5261 2238 5293 ι
2283 5241 2490 5295 Γνῶναί
2542 5258 2603 5294 τε
2656 5240 2754 5311 τὴν
2811 5240 3258 5314 ὑπερϐάλλουσαν
3311 5241 3405 5308 τῆς
3452 5237 3667 5304 γνώσεως

2144 5333 2367 5404 ἀγάπην
2396 5333 2490 5387 τοῦ
2517 5333 2779 5389 Χοιστοῦ.
2822 5353 2840 5387 ι
2879 5334 2988 5388 Καὶ
3020 5334 3106 5387 ἵνα
3154 5331 3498 5404 ἐξισχύσητε,
3532 5322 3666 5393 φησῗι

1811 5587 2015 5649 Varie)
2034 5586 2364 5651 lectiones.

537 5688 583 5720 ³⁸
607 5691 837 5760 προεῖπε
865 5704 920 5744 o.
995 5690 1039 5722 "
1073 5688 1259 5743 λαϐεῖν
1280 5705 1332 5745 ο.
1411 5690 1460 5721 ⁸⁸
1492 5691 1579 5744 Ia.
1605 5689 1924 5760 δυνηθείητε
1945 5707 1997 5743 o.

536 5834 614 5900 (α)
649 5833 853 5887 Textus
888 5834 974 5886 ltit-
1006 5831 1164 5900 plane
1200 5833 1547 5896 perturbatus
1579 5844 1682 5888 est.
1725 5831 1946 5885 llet'litts
1970 5847 2031 5884 se

467 5906 630 5959 habet
652 5904 813 5956 lectio
846 5904 1051 5960 codicis
1083 5902 1121 5955 S
1170 5905 1361 5966 Marci,
1388 5904 1493 5954 ὑπὸ
1539 5902 1764 5961 τούτων,
1802 5904 1897 5954 καὶ
1926 5919 2032 5954 πα-

472 5974 831 6050 ραφέρεσθαι,
875 5974 975 6027 οὐκ
1018 5973 1309 6044 ἀρκεσθεὶς
1355 5971 1413 6025 δὲ
1471 5972 1548 6041 τῷ
1590 5972 2027 6043 κραταιωθῆναι,

2141 5831 2481 5903 προσέθηκεν
2539 5832 2599 5903 ἐν
2648 5831 2895 5903 δύναμει.
2933 5827 2997 5880 Et
3039 5828 3110 5881 ita
3150 5827 3344 5903 legisse
3375 5822 3658 5903 Montanum.

2143 5897 2486 5964 Louiwr'um,
2511 5901 2640 5968 Quin
2674 5910 2729 5954 et
2758 5897 3072 5966 Persenam,
3099 5914 3162 5953 ex
3185 5898 3420 5968 ipsorum
3440 5897 3657 5945 ι’ριδιωιις

2144 5973 2243 6027 bus
2268 5975 2398 6027 satis
2437 5972 2537 6026 coll
2562 5972 2726 6041 gitur.
