3932 6602
243 458 381 526 1077

1016 454 1546 525 ΕΧΡΟΞΙΤΙΟἸΝ
1590 461 1830 522 EPIST.
1863 462 1967 522 AD
2004 462 2273 526 EPHE‘S.
2313 489 2384 501 --
2423 467 2581 531 CAP‘.
2618 467 2734 531 III.

3366 466 3500 535 l078

239 572 445 641 γνῶναι
472 570 571 644 τὴν
600 572 821 644 ἀγάπην
840 572 934 626 τοῦ
966 574 1205 646 Χριστοῦ
1230 574 1329 646 τὴν
1360 574 1739 646 ὑπερέχουσαν
1766 571 1809 603 ⁵¹

1940 588 2072 630 ιτετο
2099 576 2416 630 cbaritatem
2443 578 2667 645 Christi,
2705 579 3115 638 antecellentem
3147 579 3295 636 omni
3322 585 3502 638 scien-

240 665 421 735 πάσης
432 664 718 733 γνώσεως.
756 667 907 719 Ἐπεὶ
930 666 1023 721 οὖν
1046 667 1304 738 ὑπερέχει
1332 668 1513 737 πάσης
1536 666 1814 735 γνώσεως,

240 755 357 815 πῶς
398 757 727 829 γνωσόμεθα
761 759 955 829 ἠμεῖςς
992 758 1215 828 Πρῶτον
1267 759 1368 829 μὲν
1414 755 1507 812 οὖν
1561 756 1816 826 γνώσεως

236 846 531 917 ὑπερέχειν
563 848 769 918 ταύτην
800 845 975 912 εἶπεν,
1006 849 1356 922 ἀνθρωπίνης
1384 848 1584 919 δηλαδή
1609 864 1623 878 ⁸
1657 849 1817 917 ὑμεῖς

234 939 289 992 δὲ
327 939 392 991 οὐ
422 938 492 991 δι’
523 939 870 1011 ἀνθρωπίνης
897 940 1173 1012 γνώσεως,
1192 941 1328 995 ἀλλὰ
1365 942 1453 994 διὰ
1501 940 1819 1011 Πνεύματος

234 1029 611 1098 ἐπιγνώσεσθε
641 1031 865 1101 ταύτην.
904 1033 1154 1096 Ἔπειτα,
1183 1034 1306 1087 οὐδὲ
1336 1032 1494 1086 τοῦτο
1524 1030 1704 1095 εἶπεν,
1733 1031 1816 1085 ὅτι

236 1108 517 1176 ruamus
561 1125 735 1195 αὐτὴν
783 1125 924 1196 πόση
963 1124 1047 1190 τίς
1079 1126 1252 1191 ἐστιν,
1294 1126 1411 1180 ἀλλ’
1444 1126 1577 1180 αὐτὸ
1619 1125 1817 1189 τοῦτο,

231 1216 311 1270 ὅτι
343 1216 562 1288 μεγάλη
599 1218 736 1284 ἐστὶ,
775 1219 868 1271 καὶ
898 1218 980 1272 ὅτι
1010 1217 1271 1288 ὑπερέχει
1314 1218 1501 1288 πάσης
1537 1216 1815 1285 γνώσεως.

230 1307 407 1362 Τοῦτο
432 1310 623 1380 δέομαι
650 1310 794 1379 ὑμᾶς
824 1310 977 1382 παρὰ
996 1309 1089 1364 τοῦ
1120 1309 1438 1381 Πνεὺματος
1463 1309 1678 1382 μαθεῖν.
1708 1309 1819 1364 Καὶ

229 1400 313 1465 τίς
338 1401 525 1464 τοῦτο,
562 1403 750 1474 φησὶν,
792 1404 1006 1472 ἀγνοεῖ;
1055 1404 1297 1469 Πάντες,
1351 1406 1445 1458 καὶ
1478 1405 1525 1457 οἱ
1573 1404 1708 1476 πρὸς
1750 1402 1821 1456 τά

231 1494 359 1548 καθ’
390 1496 632 1568 ἑκάστην
661 1499 926 1569 γινόμενα
954 1497 1417 1568 δυσχεραίνοντες,
1460 1498 1556 1551 καλ⁵
1594 1499 1643 1551 oi
1685 1514 1819 1570 προ-

230 1588 506 1657 τιμῶντες
543 1588 643 1643 τὸν»
662 1591 991 1661 Μαμμωνᾶν
1016 1589 1111 1645 τοῦ
1140 1590 1276 1646 Θεοῦ
1294 1607 1308 1620 ·
1334 1591 1411 1655 ὡς
1435 1591 1489 1643 εἰ
1514 1607 1580 1660 γε
1607 1589 1818 1661 ταύτην

229 1679 632 1751 ὲγινὼσκομεν,
663 1681 763 1735 οὐκ
796 1680 863 1735 ἄν
895 1680 1020 1736 οὐτε
1055 1682 1153 1753 τῆς
1179 1682 1443 1754 Προνοίας
1479 1680 1819 1751 κατεγογγῦ-

229 1768 422 1838 ζομεν,
452 1769 579 1823 οὐτε
598 1771 713 1834 τοῖς
737 1770 974 1842 παροῦσι
1004 1772 1389 1843 προσείχομεν,
1416 1772 1750 1828 ἀποστάντες
1772 1769 1817 1802 ⁸⁸

228 1861 392 1923 Θεοῦ.
429 1860 529 1915 τοῦ
558 1860 734 1926 οὑτως
762 1863 912 1934 ἡμᾶς
947 1863 1359 1935 ἀγαπήσαντος.
1400 1863 1543 1935 Ὅρα
1578 1863 1655 1928 δὲ,
1701 1863 1750 1915 εί
1784 1863 1817 1931 ἡ

1924 667 2029 719 tiae.
2064 658 2331 732 Quoniam
2373 683 2504 722 vero
2533 669 2681 724 omni
2728 672 2968 726 scientiae
3013 671 3310 740 antecellit,
3360 688 3499 742 quo-

1923 758 2082 811 modo
2109 773 2208 814 nos
2246 761 2671 828 cognoscemus?
2703 762 2941 817 Primum
2964 764 3179 835 quidem
3211 764 3339 820 dicit
3364 765 3503 820 banc

1921 849 2248 905 anteeellere
2277 851 2540 914 scientiae.
2572 854 2828 907 nimirum
2861 855 3113 910 humana:
3140 872 3154 909 :
3180 854 3288 911 Vos
3320 866 3501 909 autem

1923 956 2026 995 non
2053 958 2149 1012 per
2178 942 2468 997 humanam
2492 946 2709 1014 quidem
2734 948 3042 1013 scientiam,
3068 948 3160 1003 sed
3189 963 3285 1019 per
3318 949 3501 1019 Spiri-

1922 1042 2036 1091 tum
2070 1035 2409 1103 cognoscetis
2435 1033 2596 1091 hanc.
2657 1035 2881 1102 Deinde,
2914 1053 3019 1092 non
3045 1038 3146 1094 hoc
3194 1037 3349 1103 dixit,
3396 1037 3503 1092 Co-

1920 1127 2190 1196 guoscetis
2216 1142 2362 1195 eam,
2394 1138 2592 1197 quanta
2625 1128 2695 1185 sit
2735 1145 2750 1183 :
2810 1129 2903 1185 sed
2951 1130 3056 1187 hoe
3118 1131 3331 1200 ipsum,"
3360 1130 3506 1199 quod

1922 1234 2112 1290 magna
2140 1220 2234 1287 sit,
2264 1230 2319 1276 et
2355 1221 2499 1291 quod
2542 1231 2834 1293 exsuperet
2880 1237 3095 1278 omnem
3137 1222 3416 1278 scientiam
3452 1232 3511 1276 et

1921 1309 2307 1380 cognitionem.
2340 1311 2457 1367 Hoc
2483 1326 2695 1382 precor,
2728 1313 2927 1380 inquit,
2982 1320 3043 1368 ut
3071 1327 3168 1368 vos
3214 1328 3244 1367 a
3301 1313 3506 1383 Spiritu

1919 1401 2165 1459 discatis.
2187 1402 2321 1470 Quis
2354 1413 2559 1469 autem,
2593 1404 2790 1475 inquit,
2821 1403 2964 1460 istud
2994 1403 3217 1460 nescit?
3263 1401 3464 1458 Omnes
3490 1422 3507 1458 :

1920 1493 2079 1563 etqui
2109 1509 2254 1565 aegro
2303 1494 2487 1551 animo
2531 1495 2802 1567 accipiunt
2828 1511 2948 1566 qua:
2993 1496 3048 1551 in
3101 1495 3342 1567 singulos
3395 1495 3513 1551 dies

1923 1585 2078 1653 ﬁunt,
2109 1594 2164 1644 et
2199 1589 2292 1659 qui
2327 1603 2688 1644 mammonam
2732 1589 2844 1645 Deo
2897 1588 3214 1661 pra-lerunt.
3267 1588 3404 1644 Nam
3463 1588 3510 1644 si

1922 1679 2060 1734 hanc
2091 1694 2566 1750 cognosceremus,
2595 1681 3009 1753 haudquaquam
3065 1682 3327 1738 adversus
3356 1683 3513 1751 Pro-

1922 1772 2214 1827 \identiam
2240 1788 2728 1841 murmuraremus,
2763 1788 2938 1845 neque
2967 1775 3129 1829 rebus
3148 1773 3511 1842 prarscntibus

1923 1866 2162 1921 animum
2211 1865 2608 1929 addiceremus,
2658 1881 2688 1920 a
2749 1865 2860 1922 Deo
2914 1864 3235 1922 deficientes
3280 1865 3371 1935 qui
3429 1865 3514 1921 sic

228 1954 428 2022 ἀγάπη
465 1953 725 2026 ὑπερέχει
774 1956 957 2026 πάσης
999 1956 1292 2023 γνώσεως,
1343 1956 1494 2026 πόσῳ
1546 1954 1748 2025 μᾶλλον
1786 1956 1819 2025 ἡ

1940 1957 2088 2029 392
2120 1972 2217 2014 nos
2243 1957 2451 2015 dilexit.
2479 1956 2726 2013 Observa
2749 1968 2951 2024 autem,
3007 1956 3055 2012 si
3108 1956 3346 2012 cbaritas
3391 1956 3513 2028 ejus

229 2047 431 2110 obuia;

302 2246 323 2278 ι
364 2228 490 2281 Ἵνα
510 2224 836 2300 πληρωθῆτε
863 2230 941 2291 εἰς
968 2230 1077 2282 πᾶν
1100 2228 1161 2281 τὸ
1188 2227 1465 2300 πλήρωμα
1489 2227 1583 2281 τοῦ
1607 2225 1768 2283 Θεοῦ.
1799 2247 1821 2278 ι

230 2320 414 2391 Διχῶς
464 2320 623 2374 τοῦτό
673 2337 816 2382 τινες
870 2320 1136 2391 ἐνόησαν·
1179 2320 1213 2391 ἢ
1265 2320 1396 2392 γὰρ,
1441 2322 1560 2375 Ἵνα
1609 2321 1824 2389 γνῶτε,

229 2414 428 2484 φησιν,
479 2415 562 2466 ὅτι
611 2416 669 2467 ἐν
714 2414 889 2484 Harp!
938 2415 1033 2467 καὶ
1069 2412 1183 2484 Υἱῷ
1232 2413 1330 2468 καὶ
1366 2414 1648 2484 Πνεύματι
1685 2414 1826 2484 ἁγίῳ

232 2509 638 2578 προσκυνεῖται
670 2507 802 2577 ἡμῖν
837 2505 865 2557 ὁ
891 2504 1025 2570 Θεός
1050 2521 1064 2536 ο
1100 2503 1261 2559 τοῦτο
1289 2506 1398 2576 γὰρ
1431 2506 1708 2576 πλήρωμα
1732 2504 1826 2558 τοὺ

229 2597 411 2663 Θεοῦ,
447 2599 481 2669 ἡ
514 2598 716 2668 Τριάς·
750 2596 807 2668 ἢ,
844 2597 992 2663 Ἵνα,
1035 2599 1223 2668 φησιν,
1258 2595 1355 2671 ἦτε
1402 2599 1827 2669 πεπληρωμένοι

234 2690 427 2757 πάσης
453 2691 676 2760 ἀρετῆς,
699 2682 766 2762 ἦς
800 2689 1015 2760 πλήρης
1045 2692 1072 2743 ὁ
1102 2689 1255 2754 Θεός.
1286 2691 1329 2743 Κ
1341 2692 1554 2761 ρεῖττον
1585 2691 1642 2743 δὲ
1672 2687 1827 2762 οἶμαι

231 2782 485 2836 νοεῖσθαι
522 2781 725 2849 οὕτως’
768 2783 888 2837 Ἵνα
922 2779 1021 2855 ἦτε
1060 2782 1256 2837 τέλειοι
1291 2786 1351 2838 ὲν
1390 2785 1537 2855 πάσῃ
1580 2787 1643 2855 τῇ
1685 2789 1827 2840 κατὰ

232 2873 378 2934 Θεὸν
427 2873 751 2947 τελειότητι,
795 2874 974 2928 πάντα
1026 2873 1393 2944 γινώσκοντες
1440 2878 1507 2930 τὰ
1559 2875 1713 2943 θείιι,
1754 2879 1829 2943 ώς

234 2967 450 3024 ἔνεστι.

312 3082 334 3115 ι
379 3062 475 3133 Τῷ
496 3062 553 3117 δὲ
579 3062 866 3134 δυναμένῳ
893 3063 1036 3136 ὑπὲρ
1062 3064 1242 3117 πάντα
1273 3067 1496 3138 ποιῆσαι
1521 3066 1833 3136 ὑπερεκπε-

1928 2050 2150 2106 excellit
2201 2065 2416 2105 omnem
2468 2049 2854 2122 cognitionem,
2907 2058 3111 2120 quanto
3173 2048 3347 2120 magis
3391 2048 3511 2118 ipsa

1905 2140 2200 2207 essential

2005 2257 2025 2290 ι
2060 2235 2131 2293 Ut
2172 2235 2498 2307 impleamini
2527 2236 2581 2291 in
2621 2249 2839 2292 omnem
2891 2234 3285 2306 plenitudinem
3325 2234 3442 2291 Dei.
3487 2254 3509 2287 ι

1929 2328 2183 2382 Biiariam
2212 2326 2455 2381 nonnulli
2491 2327 2592 2381 hoc
2622 2325 3027 2382 intellexerunt.
3072 2326 3141 2383 Ut
3166 2326 3373 2391 sciatis,
3430 2326 3517 2380 ina

1929 2421 2069 2493 quit,
2108 2421 2187 2474 vel
2219 2422 2363 2490 quod
2399 2419 2453 2473 in
2506 2417 2668 2474 Patre
2691 2428 2747 2474 et
2786 2416 2921 2475 Filio
2972 2428 3028 2475 et
3070 2419 3273 2490 Spiritu
3325 2428 3517 2475 sancto

1930 2510 2185 2566 adoretur
2211 2508 2366 2564 uobis
2392 2508 2563 2573 Deus;
2593 2509 2708 2563 haec
2735 2507 2880 2563 enim
2929 2508 3205 2578 plenitudo
3262 2508 3358 2563 Dei
3406 2517 3516 2573 est,

1933 2617 2124 2673 nempe
2145 2601 2387 2656 Trinitas
2417 2617 2432 2655 :
2458 2600 2566 2664 vel.
2593 2598 2666 2655 Ut
2698 2600 2821 2657 sitis
2868 2600 3100 2671 impleti,
3131 2601 3326 2670 inquit,
3369 2597 3519 2656 omni

1933 2697 2130 2750 virtute
2162 2710 2264 2765 qua
2294 2694 2483 2765 plenus
2514 2703 2600 2750 est
2636 2694 2797 2750 Deus.
2835 2692 3054 2749 Rectius
3097 2704 3277 2748 autem
3327 2693 3524 2765 opinor

1933 2788 2010 2841 sic
2051 2787 2295 2855 intelligi,
2332 2785 2402 2841 Ut
2431 2787 2552 2842 sitis
2584 2785 2808 2857 perfecti
2846 2787 2902 2843 in
2935 2787 3079 2842 omni
3117 2788 3298 2843 divina
3347 2786 3526 2857 perie-

1933 2882 2132 2946 ctione,
2165 2880 2346 2936 omnia
2375 2879 2555 2937 divina
2584 2888 2997 2952 cognoscentes.
3038 2890 3303 2952 quatenus
3328 2880 3476 2937 licet.

2007 3063 2168 3118 Vens.
2205 3062 2298 3130 20,
2322 3063 2411 3117 21.
2450 3083 2469 3115 ι
2538 3061 2598 3117 Ei
2626 3072 2806 3118 autem
2839 3061 2931 3133 qui
2967 3070 3147 3131 potest
3178 3075 3345 3131 super
3402 3073 3527 3115 om-

240 3154 443 3228 ρισσοῦ
479 3149 552 3209 ὧν
586 3155 886 3227 αἰτούμεθα
916 3157 949 3217 ἢ
987 3157 1237 3228 νοοῦμεν,
1271 3160 1413 3212 κατὰ
1452 3159 1553 3229 τὴν
1599 3158 1832 3229 δύναμιν

1940 3158 2023 3211 nia
2052 3158 2229 3212 facere
2268 3171 2333 3211 ex
2360 3154 2658 3211 abundanti
2688 3169 2854 3225 super
2873 3169 2939 3209 ea
2976 3169 3096 3224 quae
3141 3154 3379 3224 petimus
3430 3161 3526 3206 aut

237 3257 344 3322 τὴν
377 3250 787 3323 ἐνεργουμένην
819 3250 879 3304 ὲν
912 3251 1068 3321 ἡμῖν.
1100 3249 1259 3320 Αὐτῷ
1289 3252 1322 3323 ἡ
1357 3250 1483 3318 δόξα
1512 3252 1572 3305 ὲν
1609 3255 1675 3320 τῇ
1709 3251 1832 3304 Ἐκ-

1940 3249 2306 3321 intelligimus,
2333 3248 2628 3304 secundum
2657 3247 2954 3318 potentiam
2997 3262 3120 3317 qua:
3170 3256 3429 3317 oper-stur
3470 3247 3524 3299 in

241 3345 457 3417 κλησίᾳ
496 3346 557 3397 ὲν
585 3343 812 3415 Χριστῷ
840 3343 1042 3416 Ἰησοῦ,
1067 3345 1147 3407 εἰς
1173 3343 1354 3407 πάσας
1378 3343 1477 3407 τὰς
1508 3343 1703 3409 γενεὰς
1736 3343 1831 3397 τοῦ

1942 3343 2114 3399 nobis.
2173 3343 2269 3413 ipsi
2298 3341 2467 3414 gloria
2497 3342 2550 3397 iu
2597 3340 2837 3396 Ecclesia
2890 3340 2946 3395 in
2998 3339 3221 3396 Christo
3267 3340 3418 3404 Jesu,
3470 3340 3524 3394 in

241 3437 452 3503 αἰῶνος
488 3436 598 3490 τῶν
637 3435 874 3492 αἰώνων.
941 3436 1138 3507 Ἀμήν.
1197 3455 1215 3488 ι
1260 3435 1404 3505 Ἐγὼ
1462 3437 1584 3507 μὲν,
1637 3438 1832 3508 φησὶν,

240 3531 525 3603 εὔχομαι·
578 3529 741 3594 αὐτὸς
786 3529 843 3583 δὲ
893 3527 989 3582 καὶ
1036 3527 1147 3581 τῶν
1192 3528 1344 3597 ἐμῶν
1396 3527 1570 3601 εὐχῶν
1611 3529 1836 3599 μείζονα

243 3625 574 3695 ἐργάσεται.
608 3623 845 3678 Δύναται
877 3623 987 3694 γὰρ
1024 3623 1086 3676 οὐ
1132 3622 1294 3694 μόνον
1344 3621 1525 3677 πάντα
1556 3621 1593 3677 ὃ.
1617 3621 1836 3692 εὐχεταί

241 3735 357 3783 τις,
385 3717 643 3773 enim
681 3737 702 3771 ι
743 3713 885 3790 ὑπὲρ
916 3713 1097 3772 πάντα
1142 3736 1162 3769 ι
1190 3716 1437 3787 ποιῆσαι,
1472 3717 1570 3770 καλ⁸
1607 3737 1625 3767 ι
1662 3717 1838 3786 ὑπερ-

243 3809 611 3881 εκπερισσοῦ,
650 3828 669 3863 ι
698 3810 973 3876 τουτέστι,
1015 3807 1322 3881 φιλοτίμως
1380 3808 1475 3863 καὶ
1503 3807 1743 3880 δαψιλῶς
1764 3807 1835 3865 ”.

245 3903 363 3959 Δύο
395 3902 455 3956 δὲ
480 3902 786 3975 ὑπερϐολάς
820 3901 1025 3973 τίθησι,
1058 3902 1138 3969 τὸ,
1173 3920 1193 3954 ι
1247 3900 1418 3974 ’Υπὲρ
1452 3900 1651 3964 πάντα,
1693 3921 1710 3953 ι
1741 3902 1839 3956 καὶ⁸

246 3997 336 4065 τὸ,
394 4014 414 4049 ι
471 3995 1001 4068 ’Υπερεκπερισσοῦ.
1061 4014 1080 4048 ι
1133 3995 1255 4050 "Evr.
1295 3995 1408 4068 γὰρ
1461 3996 1555 4048 καὶ
1614 3994 1841 4051 πλείονα

248 4092 437 4145 ποιεῖν
466 4089 577 4144 τῶν
609 4089 965 4161 αἰτηθέντων,
1000 4088 1076 4162 μὴ
1122 4089 1304 4160 μέντοι
1333 4088 1806 4162 ὑπερεκπερισσοῦ
1821 4130 1853 4154 ,-

252 4184 284 4238 ὃ
318 4183 443 4236 ἐστι
485 4181 726 4252 δαψιλῶς
768 4182 867 4237 καὶ
915 4180 1055 4251 μετὰ
1105 4180 1455 4250 φιλοτιμίας·
1497 4180 1614 4235 ἀλλ’
1648 4182 1678 4234 ὁ
1708 4181 1843 4247 Θεὸς

253 4275 552 4345 ἀμφότερα
600 4273 861 4327 δύναταιο
896 4272 1090 4344 ὥσπερ
1136 4268 1229 4327 οὖν
1274 4273 1370 4328 καὶ
1419 4272 1523 4345 ἢδη
1560 4273 1841 4346 ἠδυνήθη,

251 4369 360 4423 καὶ
390 4368 699 4439 ἐνήργησεν
725 4368 785 4421 ὲν
832 4367 964 4439 ἡμῖν
999 4365 1215 4437 μεγάλα
1247 4365 1344 4419 καὶ
1378 4365 1616 4433 ἐξαίσια,
1662 4367 1843 4422 υἱοθε-

250 4463 435 4532 τήσας
481 4462 608 4523 τοὺς
642 4460 871 4533 ἐχθροὺς
912 4457 1082 4513 αὑτοῦ
1128 4457 1397 4522 ὲθνικοὺς.
1441 4459 1605 4513 Ὥστε
1637 4462 1704 4515 ἐκ
1734 4460 1845 4515 τῶν

252 4555 364 4626 ἢδη
399 4554 530 4624 περὶ
568 4554 717 4624 ἡμᾶς
762 4551 1192 4623 ὲνεργηθέντων,
1228 4551 1388 4621 δῆλον
1436 4552 1533 4605 καὶ
1582 4552 1611 4606 ὃ
1666 4548 1841 4607 εἶπον.

1938 3450 2128 3490 omnes
2148 3424 2527 3505 generationes
2552 3433 2733 3488 saeculi
2763 3431 3104 3489 saeculorum.
3139 3433 3331 3487 Amen.
3363 3450 3382 3481 ι
3411 3429 3525 3501 Ego

1938 3527 2151 3597 quidem
2188 3541 2401 3597 precor,
2432 3525 2625 3596 inquit,
2655 3525 2771 3595 ipse
2822 3531 3002 3580 autem
3028 3531 3084 3579 et
3130 3523 3268 3578 meis
3321 3522 3526 3577 oratio-

1941 3619 2098 3674 nibus
2127 3619 2330 3689 majora
2369 3617 2589 3673 eﬂiciet.
2616 3616 2803 3672 Potest
2857 3615 3001 3671 enim
3053 3629 3159 3670 non
3197 3612 3369 3669 solum
3410 3628 3526 3667 om-

1941 3714 2029 3768 nia
2055 3727 2177 3781 qua:
2205 3712 2488 3781 quisquam
2516 3718 2660 3775 orat,
2704 3709 2798 3765 sed
2822 3721 2985 3779 super
3005 3706 3187 3764 omnia
3228 3705 3430 3770 facere,
3475 3713 3529 3760 et

1948 3824 1966 3857 ι
2008 3821 2173 3876 supra
2201 3820 2264 3860 ex
2296 3803 2614 3870 abundanti,
2653 3821 2673 3857 ι
2714 3803 2816 3859 hoc
2853 3809 2957 3868 est,
2988 3800 3271 3872 splendide
3306 3806 3365 3853 et
3415 3796 3525 3852 lar-

1941 3899 2100 3969 giter.
2140 3897 2283 3952 Duos
2311 3904 2491 3951 autem
2518 3896 2612 3952 hic
2639 3908 2899 3951 excessus
2954 3893 3127 3962 ponit,
3163 3911 3182 3945 ι
3217 3890 3394 3962 Super
3409 3904 3530 3945 om-

1943 3991 2053 4056 nia,
2088 4008 2121 4043 ι,
2148 3999 2202 4043 et
2239 3987 2451 4060 «Supra
2487 4004 2552 4043 ex
2589 3986 2903 4042 abundanti.
2946 4005 2965 4039 ι
2997 3984 3153 4041 Licet
3188 3983 3334 4039 enim
3379 3982 3530 4052 plura

1943 4084 2144 4150 facere,
2175 4099 2335 4154 quam
2371 4096 2491 4153 qure
2534 4089 2812 4152 petuntur,
2857 4093 2963 4134 nou
3006 4087 3186 4132 tamen
3215 4090 3283 4131 ex
3313 4088 3533 4144 supera-

1942 4175 2203 4233 bundauti
2257 4173 2612 4239 excellentia,
2666 4171 2809 4242 quod
2869 4180 2955 4227 est
3016 4167 3258 4239 largiter,
3301 4176 3358 4221 et
3405 4179 3530 4220 cum

1944 4264 2267 4322 liberalitate
2298 4282 2314 4320 :
2348 4277 2536 4318 verum
2565 4261 2708 4316 Deus
2745 4268 2975 4329 utraque
3028 4264 3229 4326 potest,
3272 4254 3532 4323 quemad-

1946 4357 2161 4413 modum
2198 4362 2256 4412 et
2276 4355 2387 4426 jam
2418 4368 2563 4409 nunc
2596 4351 2791 4423 potuit,
2817 4360 2873 4406 et
2895 4356 3151 4420 operatus
3170 4354 3253 4402 est
3283 4345 3339 4401 iu
3369 4344 3530 4400 nobis

1948 4465 2140 4521 magna
2173 4458 2228 4504 et
2256 4447 2475 4512 eximia,
2507 4445 2692 4501 hostes
2713 4458 2865 4508 suos,
2895 4450 3117 4512 gentes,
3137 4439 3189 4493 in
3222 4437 3361 4494 ﬁlios
3400 4438 3531 4492 ado-

1948 4554 2130 4614 ptans.
2159 4539 2395 4595 Proinde
2440 4537 2599 4593 exiis
2647 4548 2767 4603 qua:
2807 4534 2920 4603 jam
2970 4532 3117 4588 circa
3171 4544 3271 4587 nos
3314 4536 3535 4601 peracta

255 4621 507 4706 ιιέικάτωξ
553 4621 619 4699 δὲ
661 4646 739 4707 εἰς
786 4621 1099 4713 δοξολογίαν
1152 4643 1471 4697 κατακλείει
1520 4642 1614 4697 τὸν
1664 4642 1832 4712 λόγον.

1954 4644 2077 4691 sunt
2107 4630 2450 4702 perspicuum
2500 4638 2584 4685 est
2630 4627 2774 4699 quod
2817 4625 2954 4683 dixi.
3002 4623 3199 4683 Merito
3242 4632 3427 4679 autem
3477 4621 3532 4676 in

253 4741 504 4810 δοξάζων
532 4740 623 4794 τὸν
655 4738 954 4812 εὐεργέτην
973 4756 988 4771 ο
1018 4741 1139 4812 ἄμα
1165 4740 1224 4793 δὲ
1253 4740 1340 4792 ἵνα
1370 4740 1464 4792 καὶ
1495 4737 1670 4811 ταύτῃ
1698 4738 1847 4811 δείξῃ

255 4838 323 4890 τὸ
359 4834 586 4906 μέγεθος
613 4832 722 4887 τῶν
756 4833 1067 4903 γενομένων
1105 4832 1420 4904 ἠμῖν..οὐκ
1450 4831 1654 4902 ἆνμγὰρ
1686 4832 1851 4886 ὲθαυ-

263 4931 493 5003 μάζετο,
518 4931 567 4983 εί
599 4928 674 5002 μὴ
703 4926 1006 5000 τηλικαῦτα
1028 4927 1280 4993 δέδωκεν,
1314 4926 1545 4998 ήλίκαμδδ
1561 4927 1641 4990 είς
1665 4926 1851 4997 θαῦμα

263 5028 364 5079 καλ⁸
399 5025 558 5092 δόξαν
605 5024 798 5078 κινεῖν.
845 5022 961 5092 Οὐχ
1000 5019 1185 5083 ἁπλῶς
1219 5019 1276 5073 δέ
1316 5036 1512 5090 φησιν·
1558 5037 1578 5072 ι
1616 5018 1774 5088 Δύτῷ
1817 5021 1850 5090 ἡ

263 5119 418 5186 δόξα.
464 5137 482 5170 ι
517 5116 651 5170 ἀλλά
685 5116 801 5177 καὶ,
843 5133 862 5167 ι
907 5113 1007 5168 Διὰ
1034 5110 1212 5183 Ἰησοῦ
1249 5107 1509 5184 Χριστοῦ.
1548 5129 1568 5164 ι
1612 5111 1702 5181 Τῷ
1738 5110 1854 5164 ὄντι

268 5213 382 5282 γάρ
416 5210 592 5273 οὐδεὶς
632 5208 859 5263 δύναται
892 5207 1014 5261 οὐδὲ
1054 5205 1299 5272 δοξάσαι,
1332 5207 1383 5259 εί
1427 5205 1503 5275 μὴ
1554 5207 1610 5258 ὲν
1642 5206 1709 5275 τῇ
1752 5203 1849 5257 τοὺ

270 5302 512 5375 Χριστοῦ
542 5303 729 5375 χάριτι
765 5301 859 5357 καί⁵
884 5300 1133 5371 δυνάμει.
1168 5300 1341 5363 Αὐτὸς
1376 5299 1484 5370 γάρ
1519 5299 1670 5352 ἐστιν
1699 5299 1728 5352 ὁ
1761 5300 1856 5352 καὶ

1960 4726 2052 4783 Dei
2086 4726 2242 4780 laude
2276 4736 2583 4780 sermonem
2638 4719 2950 4788 concludit,
2980 4717 3334 4791 gloriﬁcando
3376 4716 3541 4773 bene-

1959 4821 2218 4877 factorem
2249 4836 2266 4874 :
2299 4827 2355 4874 et
2388 4815 2548 4873 simul
2582 4823 2641 4870 ut
2665 4815 2766 4871 hac
2790 4813 2999 4870 ratione
3023 4812 3277 4870 ostendat
3327 4807 3539 4876 magni-

1962 4914 2198 4969 tudinem
2237 4925 2422 4967 eorum
2449 4924 2570 4979 quae
2628 4907 2781 4964 nobis
2831 4907 3160 4977 obtigerunt.
3211 4901 3335 4959 Non
3394 4900 3538 4956 enim

1962 5006 2347 5070 admiraretur,
2381 5001 2480 5057 nisi
2522 5009 2670 5057 tanta
2706 4998 2959 5063 dedisset,
3006 5003 3215 5066 quanta
3259 4991 3326 5047 ad
3366 4989 3539 5045 admi-

1961 5098 2229 5155 rationem
2260 5105 2317 5152 et
2348 5095 2572 5169 gloriam
2608 5089 2987 5149 concitandam
3019 5088 3377 5144 satis.essent.
3408 5081 3539 5152 βίου

1964 5190 2281 5261 simpliciter
2312 5196 2497 5244 autem
2532 5186 2690 5251 dixit,
2731 5203 2751 5237 ι
2792 5182 2895 5253 Ipsi
2922 5178 3111 5252 gloria,
3160 5196 3199 5230 ι.
3218 5176 3313 5233 sed
3353 5175 3542 5237 etiam,

1970 5303 1989 5337 ι
2023 5282 2127 5341 Per
2164 5280 2344 5338 Iesum
2374 5279 2673 5341 Christum,
2711 5293 2732 5329 ι
2766 5275 2987 5331 Revera.
3005 5270 3148 5328 enim
3179 5282 3338 5325 nemo
3367 5275 3542 5338 potest

274 5358 414 5469 προς
443 5358 753 5466 δοξόλογίαν
799 5395 950 5467 ἡμᾶς
989 5358 1252 5464 χαριτῶν,
1287 5358 1400 5446 καὶ.
1426 5358 1698 5444 διδάσκων
1740 5388 1832 5442 πῶη

1968 5394 2039 5435 ne
2068 5376 2372 5448 glorificare
2396 5370 2637 5445 quidem,
2670 5368 2772 5425 nisi
2808 5367 2863 5423 in
2889 5362 3091 5423 Christi
3131 5361 3308 5434 gratia
3333 5369 3389 5417 et
3429 5358 3543 5414 vir-

276 5491 360 5544 δεῐ
388 5489 547 5543 τοῦτο
583 5490 780 5547 ποιεῖν.
820 5506 847 5540 ι.
889 5488 982 5543 Ἐν
1027 5487 1094 5555 τῇ
1159 5483 1459 5555 Ἐκκλησία
1508 5481 1567 5537 δὲ
1607 5483 1645 5552 ἡ
1673 5481 1800 5546 δόξα
1836 5500 1855 5533 ι

1971 5480 2102 5526 tute.
2138 5469 2254 5539 Ipse
2273 5468 2416 5523 enim
2449 5460 2653 5533 estqui
2693 5459 2849 5515 nobis
2888 5457 2955 5512 ad
3006 5454 3174 5510 Deum
3228 5451 3539 5525 gloriﬁcan-

278 5583 374 5639 τοῦ
407 5582 567 5646 Θεοῦ,
608 5543 825 5645 καλῶς·
877 5578 1018 5649 αὕτη
1063 5543 1173 5647 Δγὰρ
1222 5543 1372 5647 μένεί
1427 5543 1832 5645 διηνεκῶςίκα

1971 5570 2095 5623 dum
2131 5574 2185 5622 et
2214 5562 2452 5635 gratiam.
2481 5556 2712 5622 confert,
2749 5562 2803 5610 et
2827 5552 2919 5623 qui
2958 5550 3115 5607 docet
3151 5546 3420 5620 quomodo
3444 5543 3541 5600 hoc

1640 5753 1840 5815 Variae
1864 5749 2192 5813 lectiones.

361 5931 407 5965 “
446 5927 897 6004 ὑπερϐαλλόντως
929 5925 1159 5997 ἔχουσαν
1196 5937 1277 5978 ιη.
1346 5920 1393 5956 ⁸³
1428 5914 1861 5980 ἀποσταταῦντες
1886 5930 1937 5969 o.
2018 5911 2063 5944 ”
2092 5911 2152 5965 ὲκ
2186 5905 2495 5998 φιλοτιμίας
2518 5901 2617 5959 καὶ
2646 5898 2897 5973 δαψιλίας
2929 5913 3002 5952 In.
3056 5893 3125 5978 ,⁸⁸
3149 5890 3309 5949 ίκανὰ
3338 5904 3406 5949 οι
