  <div class='ocr_page' id='page_1' title='image "/cluster/home/n/w/nwhite01/storage/ocr_20150623/124/hvd.32044019208206/592.png"; bbox 0 0 3932 6576; ppageno 0'>
   <div class='ocr_carea' id='block_1_1' title="bbox 234 438 355 505">
    <p class='ocr_par' dir='ltr' id='par_1_1' title="bbox 234 438 355 505">
     <span class='ocr_line' id='line_1_1' title="bbox 234 438 355 505; baseline -0.041 0"><span class='ocrx_word' id='word_1_1' title='bbox 234 438 355 505; x_wconf 74' lang='grc'><strong>1031</strong></span> 
     </span>
    </p>
   </div>
   <div class='ocr_carea' id='block_1_2' title="bbox 1007 409 2711 501">
    <p class='ocr_par' dir='ltr' id='par_1_2' title="bbox 1007 409 2711 501">
     <span class='ocr_line' id='line_1_2' title="bbox 1007 409 2711 501; baseline 0.002 -4"><span class='ocrx_word' id='word_1_2' title='bbox 1007 435 1416 499; x_wconf 82' lang='lat' dir='ltr'><strong>EXPOSITIO</strong></span> <span class='ocrx_word' id='word_1_3' title='bbox 1456 437 1536 497; x_wconf 84' lang='lat' dir='ltr'><strong>IN</strong></span> <span class='ocrx_word' id='word_1_4' title='bbox 1575 409 1821 497; x_wconf 85' lang='lat' dir='ltr'><strong>EPIST.</strong></span> <span class='ocrx_word' id='word_1_5' title='bbox 1857 436 1958 495; x_wconf 79' lang='lat' dir='ltr'><strong>AD</strong></span> <span class='ocrx_word' id='word_1_6' title='bbox 1994 436 2265 501; x_wconf 80' lang='lat' dir='ltr'><strong>EPHES.</strong></span> <span class='ocrx_word' id='word_1_7' title='bbox 2306 463 2379 474; x_wconf 89' lang='lat'><strong>——</strong></span> <span class='ocrx_word' id='word_1_8' title='bbox 2418 439 2574 500; x_wconf 86' lang='lat' dir='ltr'><strong>CAP.</strong></span> <span class='ocrx_word' id='word_1_9' title='bbox 2615 439 2711 500; x_wconf 89' lang='lat' dir='ltr'><strong>1v.</strong></span> 
     </span>
    </p>
   </div>
   <div class='ocr_carea' id='block_1_3' title="bbox 3352 438 3489 503">
    <p class='ocr_par' dir='ltr' id='par_1_3' title="bbox 3352 438 3489 503">
     <span class='ocr_line' id='line_1_3' title="bbox 3352 438 3489 503; baseline 0.015 -2"><span class='ocrx_word' id='word_1_10' title='bbox 3352 438 3489 503; x_wconf 53' lang='lat'><strong>1092</strong></span> 
     </span>
    </p>
   </div>
   <div class='ocr_carea' id='block_1_4' title="bbox 229 550 1807 624">
    <p class='ocr_par' dir='ltr' id='par_1_4' title="bbox 229 550 1807 623">
     <span class='ocr_line' id='line_1_4' title="bbox 229 550 1807 623; baseline -0.002 -17"><span class='ocrx_word' id='word_1_11' title='bbox 229 558 315 606; x_wconf 74' lang='grc' dir='ltr'>καὶ</span> <span class='ocrx_word' id='word_1_12' title='bbox 367 550 733 623; x_wconf 80' lang='grc' dir='ltr'>εἱρηνεύομεν</span> <span class='ocrx_word' id='word_1_13' title='bbox 787 551 923 623; x_wconf 78' lang='grc' dir='ltr'>πρὸς</span> <span class='ocrx_word' id='word_1_14' title='bbox 979 554 1267 622; x_wconf 81' lang='grc' dir='ltr'><strong>ἀλλήλους,</strong></span> <span class='ocrx_word' id='word_1_15' title='bbox 1322 552 1664 623; x_wconf 80' lang='grc' dir='ltr'>ἀπολέσομεν</span> <span class='ocrx_word' id='word_1_16' title='bbox 1710 550 1807 619; x_wconf 76' lang='grc' dir='ltr'>τὴν</span> 
     </span>
    </p>
   </div>
   <div class='ocr_carea' id='block_1_5' title="bbox 1921 550 3487 624">
    <p class='ocr_par' dir='ltr' id='par_1_5' title="bbox 1921 551 3487 624">
     <span class='ocr_line' id='line_1_5' title="bbox 1921 551 3487 624; baseline 0.002 -21"><span class='ocrx_word' id='word_1_17' title='bbox 1921 551 2031 621; x_wconf 82' lang='lat' dir='ltr'><strong>paci</strong></span> <span class='ocrx_word' id='word_1_18' title='bbox 2069 562 2266 608; x_wconf 67' lang='lat' dir='ltr'><strong>mutua:</strong></span> <span class='ocrx_word' id='word_1_19' title='bbox 2308 554 2699 619; x_wconf 91' lang='lat' dir='ltr'><strong>studuerimus,</strong></span> <span class='ocrx_word' id='word_1_20' title='bbox 2728 554 3015 621; x_wconf 90' lang='lat' dir='ltr'><strong>unitatem,</strong></span> <span class='ocrx_word' id='word_1_21' title='bbox 3058 568 3220 624; x_wconf 83' lang='lat' dir='ltr'><strong>quam</strong></span> <span class='ocrx_word' id='word_1_22' title='bbox 3250 552 3487 624; x_wconf 76' lang='lat' dir='ltr'><strong>Spiritus</strong></span> 
     </span>
    </p>
   </div>
   <div class='ocr_carea' id='block_1_6' title="bbox 227 643 1802 716">
    <p class='ocr_par' dir='ltr' id='par_1_6' title="bbox 227 643 1802 716">
     <span class='ocr_line' id='line_1_6' title="bbox 227 643 1802 716; baseline -0.001 -18"><span class='ocrx_word' id='word_1_23' title='bbox 227 643 445 713; x_wconf 75' lang='grc' dir='ltr'><strong>ἑνότητα</strong></span> <span class='ocrx_word' id='word_1_24' title='bbox 470 644 539 714; x_wconf 73' lang='grc' dir='ltr'><strong>ἦν</strong></span> <span class='ocrx_word' id='word_1_25' title='bbox 563 644 627 697; x_wconf 82' lang='grc' dir='ltr'>τὸ</span> <span class='ocrx_word' id='word_1_26' title='bbox 658 644 881 713; x_wconf 83' lang='grc' dir='ltr'>Πνεῦμα</span> <span class='ocrx_word' id='word_1_27' title='bbox 908 643 1140 698; x_wconf 84' lang='grc' dir='ltr'>δέδωκεν</span> <span class='ocrx_word' id='word_1_28' title='bbox 1163 647 1292 716; x_wconf 80' lang='grc' dir='ltr'>ἡμῖν</span> <span class='ocrx_word' id='word_1_29' title='bbox 1309 659 1322 671; x_wconf 89' lang='grc'><strong>·</strong></span> <span class='ocrx_word' id='word_1_30' title='bbox 1351 644 1540 716; x_wconf 82' lang='grc' dir='ltr'>ὥσπερ</span> <span class='ocrx_word' id='word_1_31' title='bbox 1563 645 1657 698; x_wconf 72' lang='grc' dir='ltr'><strong>ἐὰν</strong></span> <span class='ocrx_word' id='word_1_32' title='bbox 1684 643 1802 697; x_wconf 76' lang='grc' dir='ltr'><strong>διὰ-</strong></span> 
     </span>
    </p>
   </div>
   <div class='ocr_carea' id='block_1_7' title="bbox 229 735 1803 807">
    <p class='ocr_par' dir='ltr' id='par_1_7' title="bbox 229 735 1803 807">
     <span class='ocr_line' id='line_1_7' title="bbox 229 735 1803 807; baseline 0.001 -19"><span class='ocrx_word' id='word_1_33' title='bbox 229 753 409 799; x_wconf 86' lang='grc' dir='ltr'>στασις</span> <span class='ocrx_word' id='word_1_34' title='bbox 446 735 685 805; x_wconf 75' lang='grc' dir='ltr'>γένηται</span> <span class='ocrx_word' id='word_1_35' title='bbox 729 736 828 805; x_wconf 78' lang='grc' dir='ltr'>τῆς</span> <span class='ocrx_word' id='word_1_36' title='bbox 879 736 1081 805; x_wconf 79' lang='grc' dir='ltr'>χειρὸς,</span> <span class='ocrx_word' id='word_1_37' title='bbox 1121 738 1153 807; x_wconf 84' lang='grc' dir='ltr'>ἢ</span> <span class='ocrx_word' id='word_1_38' title='bbox 1209 737 1303 790; x_wconf 84' lang='grc' dir='ltr'>τοῦ</span> <span class='ocrx_word' id='word_1_39' title='bbox 1338 737 1515 801; x_wconf 84' lang='grc' dir='ltr'>ποδὸς,</span> <span class='ocrx_word' id='word_1_40' title='bbox 1557 737 1691 807; x_wconf 75' lang='grc' dir='ltr'>πρὸς</span> <span class='ocrx_word' id='word_1_41' title='bbox 1741 736 1803 790; x_wconf 83' lang='grc' dir='ltr'><strong>τὸ</strong></span> 
     </span>
    </p>
   </div>
   <div class='ocr_carea' id='block_1_8' title="bbox 228 827 1800 899">
    <p class='ocr_par' dir='ltr' id='par_1_8' title="bbox 228 827 1800 899">
     <span class='ocr_line' id='line_1_8' title="bbox 228 827 1800 899; baseline 0 -17"><span class='ocrx_word' id='word_1_42' title='bbox 228 829 404 884; x_wconf 74' lang='grc' dir='ltr'>λοιπὸν</span> <span class='ocrx_word' id='word_1_43' title='bbox 431 827 618 898; x_wconf 84' lang='grc' dir='ltr'>σῶμα,</span> <span class='ocrx_word' id='word_1_44' title='bbox 658 830 753 882; x_wconf 79' lang='grc' dir='ltr'><strong>καὶ</strong></span> <span class='ocrx_word' id='word_1_45' title='bbox 777 828 1112 882; x_wconf 87' lang='grc' dir='ltr'>διακοπῶσιν</span> <span class='ocrx_word' id='word_1_46' title='bbox 1132 829 1239 883; x_wconf 77' lang='grc' dir='ltr'>ἀπὸ</span> <span class='ocrx_word' id='word_1_47' title='bbox 1268 829 1366 897; x_wconf 78' lang='grc' dir='ltr'>τῆς</span> <span class='ocrx_word' id='word_1_48' title='bbox 1394 829 1530 899; x_wconf 76' lang='grc' dir='ltr'>πρὸς</span> <span class='ocrx_word' id='word_1_49' title='bbox 1563 828 1632 881; x_wconf 78' lang='grc' dir='ltr'>τὰ</span> <span class='ocrx_word' id='word_1_50' title='bbox 1665 828 1800 886; x_wconf 80' lang='grc' dir='ltr'>ἄλλα</span> 
     </span>
    </p>
   </div>
   <div class='ocr_carea' id='block_1_9' title="bbox 229 919 1801 992">
    <p class='ocr_par' dir='ltr' id='par_1_9' title="bbox 229 919 1801 992">
     <span class='ocr_line' id='line_1_9' title="bbox 229 919 1801 992; baseline 0.001 -18"><span class='ocrx_word' id='word_1_51' title='bbox 229 922 358 992; x_wconf 80' lang='grc' dir='ltr'>μέλη</span> <span class='ocrx_word' id='word_1_52' title='bbox 412 919 728 988; x_wconf 76' lang='grc' dir='ltr'><strong>συνεχείας,</strong></span> <span class='ocrx_word' id='word_1_53' title='bbox 766 921 952 974; x_wconf 80' lang='grc' dir='ltr'>οὐκέτι</span> <span class='ocrx_word' id='word_1_54' title='bbox 1008 920 1192 974; x_wconf 84' lang='grc' dir='ltr'>λοιπὸν</span> <span class='ocrx_word' id='word_1_55' title='bbox 1232 921 1320 991; x_wconf 82' lang='grc' dir='ltr'><strong>ὑφ’</strong></span> <span class='ocrx_word' id='word_1_56' title='bbox 1376 922 1457 974; x_wconf 63' lang='grc' dir='ltr'><strong>ὲνῖ.</strong></span> <span class='ocrx_word' id='word_1_57' title='bbox 1529 920 1801 991; x_wconf 82' lang='grc' dir='ltr'>πνεύματι</span> 
     </span>
    </p>
   </div>
   <div class='ocr_carea' id='block_1_10' title="bbox 229 1013 1803 1084">
    <p class='ocr_par' dir='ltr' id='par_1_10' title="bbox 229 1013 1803 1084">
     <span class='ocr_line' id='line_1_10' title="bbox 229 1013 1803 1084; baseline 0.001 -16"><span class='ocrx_word' id='word_1_58' title='bbox 229 1013 663 1084; x_wconf 69' lang='grc' dir='ltr'>σ’δγκρατοῦνται</span> <span class='ocrx_word' id='word_1_59' title='bbox 686 1014 754 1066; x_wconf 83' lang='grc'><strong>⁵⁸.</strong></span> <span class='ocrx_word' id='word_1_60' title='bbox 791 1013 1040 1083; x_wconf 81' lang='grc' dir='ltr'><strong>Σπουδῆς</strong></span> <span class='ocrx_word' id='word_1_61' title='bbox 1080 1013 1171 1067; x_wconf 82' lang='grc' dir='ltr'>οὖν</span> <span class='ocrx_word' id='word_1_62' title='bbox 1198 1015 1279 1067; x_wconf 84' lang='grc' dir='ltr'><strong>δεῖ</strong></span> <span class='ocrx_word' id='word_1_63' title='bbox 1307 1013 1531 1078; x_wconf 68' lang='grc' dir='ltr'>πολλῆςν</span> <span class='ocrx_word' id='word_1_64' title='bbox 1574 1016 1803 1069; x_wconf 75' lang='grc' dir='ltr'><strong>καὶ-οὐκ</strong></span> 
     </span>
    </p>
   </div>
   <div class='ocr_carea' id='block_1_11' title="bbox 228 1104 1799 1176">
    <p class='ocr_par' dir='ltr' id='par_1_11' title="bbox 228 1104 1799 1176">
     <span class='ocr_line' id='line_1_11' title="bbox 228 1104 1799 1176; baseline 0.001 -17"><span class='ocrx_word' id='word_1_65' title='bbox 228 1107 434 1169; x_wconf 80' lang='grc' dir='ltr'>ἀπόνως</span> <span class='ocrx_word' id='word_1_66' title='bbox 487 1104 788 1176; x_wconf 78' lang='grc' dir='ltr'>ίσχύσομεν</span> <span class='ocrx_word' id='word_1_67' title='bbox 836 1106 1165 1175; x_wconf 78' lang='grc' dir='ltr'><strong>εἰρηνεύειν,</strong></span> <span class='ocrx_word' id='word_1_68' title='bbox 1214 1107 1525 1171; x_wconf 77' lang='grc' dir='ltr'><strong>συνδέοντες</strong></span> <span class='ocrx_word' id='word_1_69' title='bbox 1586 1109 1799 1171; x_wconf 80' lang='grc' dir='ltr'>ἑαυτοῖς</span> 
     </span>
    </p>
   </div>
   <div class='ocr_carea' id='block_1_12' title="bbox 225 1193 1801 1270">
    <p class='ocr_par' dir='ltr' id='par_1_12' title="bbox 225 1193 1801 1270">
     <span class='ocr_line' id='line_1_12' title="bbox 225 1193 1801 1270; baseline 0.001 -19"><span class='ocrx_word' id='word_1_70' title='bbox 225 1197 478 1266; x_wconf 78' lang='grc' dir='ltr'>ἀλλήλους</span> <span class='ocrx_word' id='word_1_71' title='bbox 502 1198 573 1263; x_wconf 74' lang='grc'><strong>⁸³,</strong></span> <span class='ocrx_word' id='word_1_72' title='bbox 611 1198 701 1251; x_wconf 73' lang='grc' dir='ltr'><strong>ἵνα</strong></span> <span class='ocrx_word' id='word_1_73' title='bbox 731 1198 858 1253; x_wconf 81' lang='grc' dir='ltr'>ἔνθα</span> <span class='ocrx_word' id='word_1_74' title='bbox 889 1199 956 1254; x_wconf 83' lang='grc' dir='ltr'><strong>ἂν</strong></span> <span class='ocrx_word' id='word_1_75' title='bbox 986 1202 1014 1253; x_wconf 99' lang='lat'><strong>6</strong></span> <span class='ocrx_word' id='word_1_76' title='bbox 1040 1193 1121 1263; x_wconf 75' lang='grc' dir='ltr'><strong>εἷς</strong></span> <span class='ocrx_word' id='word_1_77' title='bbox 1154 1200 1409 1270; x_wconf 74' lang='grc' dir='ltr'>φέρηται,</span> <span class='ocrx_word' id='word_1_78' title='bbox 1441 1202 1585 1254; x_wconf 83' lang='grc' dir='ltr'><strong>καὶὸ</strong></span> <span class='ocrx_word' id='word_1_79' title='bbox 1614 1195 1801 1269; x_wconf 73' lang='grc' dir='ltr'>ἕτερος</span> 
     </span>
    </p>
   </div>
   <div class='ocr_carea' id='block_1_13' title="bbox 226 1288 1799 1362">
    <p class='ocr_par' dir='ltr' id='par_1_13' title="bbox 226 1288 1799 1362">
     <span class='ocr_line' id='line_1_13' title="bbox 226 1288 1799 1362; baseline 0.001 -22"><span class='ocrx_word' id='word_1_80' title='bbox 226 1288 568 1358; x_wconf 77' lang='grc' dir='ltr'><strong>συμφέρηται</strong></span> <span class='ocrx_word' id='word_1_81' title='bbox 610 1290 867 1358; x_wconf 80' lang='grc' dir='ltr'>(τοιοῦτοι</span> <span class='ocrx_word' id='word_1_82' title='bbox 901 1291 1010 1362; x_wconf 69' lang='grc' dir='ltr'>γὰρ</span> <span class='ocrx_word' id='word_1_83' title='bbox 1042 1292 1089 1344; x_wconf 90' lang='grc' dir='ltr'>οἱ</span> <span class='ocrx_word' id='word_1_84' title='bbox 1129 1288 1547 1360; x_wconf 75' lang='grc' dir='ltr'><strong>συνδεδεμένοι),</strong></span> <span class='ocrx_word' id='word_1_85' title='bbox 1591 1290 1687 1342; x_wconf 77' lang='grc' dir='ltr'><strong>καὶ</strong></span> <span class='ocrx_word' id='word_1_86' title='bbox 1725 1292 1799 1361; x_wconf 81' lang='grc' dir='ltr'><strong>μὴ</strong></span> 
     </span>
    </p>
   </div>
   <div class='ocr_carea' id='block_1_14' title="bbox 227 1379 1802 1451">
    <p class='ocr_par' dir='ltr' id='par_1_14' title="bbox 227 1379 1802 1451">
     <span class='ocr_line' id='line_1_14' title="bbox 227 1379 1802 1451; baseline 0.001 -18"><span class='ocrx_word' id='word_1_87' title='bbox 227 1379 741 1446; x_wconf 77' lang='grc' dir='ltr'>κατεξουσιάζοντες</span> <span class='ocrx_word' id='word_1_88' title='bbox 784 1384 1018 1448; x_wconf 81' lang='grc' dir='ltr'>ἑαυτῶν,</span> <span class='ocrx_word' id='word_1_89' title='bbox 1049 1383 1144 1437; x_wconf 81' lang='grc' dir='ltr'><strong>καὶ</strong></span> <span class='ocrx_word' id='word_1_90' title='bbox 1175 1381 1347 1446; x_wconf 79' lang='grc' dir='ltr'>οὕτως</span> <span class='ocrx_word' id='word_1_91' title='bbox 1378 1383 1468 1451; x_wconf 73' lang='grc' dir='ltr'>ὑφ’</span> <span class='ocrx_word' id='word_1_92' title='bbox 1505 1383 1585 1437; x_wconf 76' lang='grc' dir='ltr'><strong>ἑνὶ</strong></span> <span class='ocrx_word' id='word_1_93' title='bbox 1632 1383 1802 1436; x_wconf 77' lang='lat' dir='ltr'><strong>Ilvati-</strong></span> 
     </span>
    </p>
   </div>
   <div class='ocr_carea' id='block_1_15' title="bbox 228 1464 548 1542">
    <p class='ocr_par' dir='ltr' id='par_1_15' title="bbox 228 1464 548 1542">
     <span class='ocr_line' id='line_1_15' title="bbox 228 1464 548 1542; baseline 0.013 -19"><span class='ocrx_word' id='word_1_94' title='bbox 228 1489 347 1542; x_wconf 87' lang='grc' dir='ltr'>ματι</span> <span class='ocrx_word' id='word_1_95' title='bbox 373 1464 548 1541; x_wconf 69' lang='grc' dir='ltr'><strong>ὦμεν.</strong></span> 
     </span>
    </p>
   </div>
   <div class='ocr_carea' id='block_1_16' title="bbox 293 1565 1802 1644">
    <p class='ocr_par' dir='ltr' id='par_1_16' title="bbox 293 1565 1802 1644">
     <span class='ocr_line' id='line_1_16' title="bbox 293 1565 1802 1644; baseline 0.007 -29"><span class='ocrx_word' id='word_1_96' title='bbox 293 1582 312 1615; x_wconf 77' lang='grc' dir='ltr'><strong>ι</strong></span> <span class='ocrx_word' id='word_1_97' title='bbox 352 1566 446 1616; x_wconf 85' lang='grc' dir='ltr'>Ἐν</span> <span class='ocrx_word' id='word_1_98' title='bbox 477 1565 670 1634; x_wconf 82' lang='grc' dir='ltr'>σῶμα,</span> <span class='ocrx_word' id='word_1_99' title='bbox 702 1567 796 1620; x_wconf 77' lang='grc' dir='ltr'>καὶ</span> <span class='ocrx_word' id='word_1_100' title='bbox 835 1567 894 1622; x_wconf 82' lang='grc' dir='ltr'><strong>ἓν</strong></span> <span class='ocrx_word' id='word_1_101' title='bbox 933 1571 1172 1640; x_wconf 83' lang='grc' dir='ltr'>πνεῦμα.</span> <span class='ocrx_word' id='word_1_102' title='bbox 1216 1591 1234 1623; x_wconf 72' lang='grc' dir='ltr'>ι</span> <span class='ocrx_word' id='word_1_103' title='bbox 1276 1575 1389 1644; x_wconf 83' lang='grc' dir='ltr'><strong>Οὐχ</strong></span> <span class='ocrx_word' id='word_1_104' title='bbox 1427 1573 1618 1637; x_wconf 82' lang='grc' dir='ltr'>ἁπλῶς</span> <span class='ocrx_word' id='word_1_105' title='bbox 1663 1574 1802 1642; x_wconf 80' lang='grc' dir='ltr'><strong>ἀγά-</strong></span> 
     </span>
    </p>
   </div>
   <div class='ocr_carea' id='block_1_17' title="bbox 224 1656 1802 1736">
    <p class='ocr_par' dir='ltr' id='par_1_17' title="bbox 224 1656 1802 1736">
     <span class='ocr_line' id='line_1_17' title="bbox 224 1656 1802 1736; baseline 0.008 -30"><span class='ocrx_word' id='word_1_106' title='bbox 224 1672 326 1724; x_wconf 82' lang='grc' dir='ltr'><strong>πην</strong></span> <span class='ocrx_word' id='word_1_107' title='bbox 353 1656 613 1725; x_wconf 74' lang='grc' dir='ltr'>ἐπιζητεῖ</span> <span class='ocrx_word' id='word_1_108' title='bbox 644 1661 673 1711; x_wconf 89' lang='lat'><strong>6</strong></span> <span class='ocrx_word' id='word_1_109' title='bbox 724 1660 955 1726; x_wconf 81' lang='grc' dir='ltr'>Παῦλος,</span> <span class='ocrx_word' id='word_1_110' title='bbox 999 1663 1135 1717; x_wconf 81' lang='grc' dir='ltr'>ἀλλὰ</span> <span class='ocrx_word' id='word_1_111' title='bbox 1176 1666 1276 1734; x_wconf 82' lang='grc' dir='ltr'><strong>τὴν</strong></span> <span class='ocrx_word' id='word_1_112' title='bbox 1308 1665 1366 1718; x_wconf 82' lang='grc' dir='ltr'><strong>ἓν</strong></span> <span class='ocrx_word' id='word_1_113' title='bbox 1395 1666 1556 1736; x_wconf 84' lang='grc' dir='ltr'>σῶμα</span> <span class='ocrx_word' id='word_1_114' title='bbox 1589 1666 1802 1730; x_wconf 78' lang='grc' dir='ltr'><strong>πάντας</strong></span> 
     </span>
    </p>
   </div>
   <div class='ocr_carea' id='block_1_18' title="bbox 228 1744 1798 1825">
    <p class='ocr_par' dir='ltr' id='par_1_18' title="bbox 228 1744 1798 1825">
     <span class='ocr_line' id='line_1_18' title="bbox 228 1744 1798 1825; baseline 0.006 -24"><span class='ocrx_word' id='word_1_115' title='bbox 228 1744 477 1801; x_wconf 77' lang='grc' dir='ltr'>ποιοῦσαν</span> <span class='ocrx_word' id='word_1_116' title='bbox 533 1748 630 1803; x_wconf 80' lang='grc' dir='ltr'><strong>διὰ</strong></span> <span class='ocrx_word' id='word_1_117' title='bbox 669 1750 769 1820; x_wconf 77' lang='grc' dir='ltr'>τὴν</span> <span class='ocrx_word' id='word_1_118' title='bbox 827 1752 1033 1822; x_wconf 81' lang='grc' dir='ltr'>ἀκριϐῆ</span> <span class='ocrx_word' id='word_1_119' title='bbox 1078 1755 1215 1823; x_wconf 83' lang='grc' dir='ltr'>πρὸς</span> <span class='ocrx_word' id='word_1_120' title='bbox 1268 1756 1533 1825; x_wconf 79' lang='grc' dir='ltr'>ἀλλήλους</span> <span class='ocrx_word' id='word_1_121' title='bbox 1582 1755 1798 1821; x_wconf 69' lang='grc' dir='ltr'>ἕνωσιν,</span> 
     </span>
    </p>
   </div>
   <div class='ocr_carea' id='block_1_19' title="bbox 222 1837 1801 1919">
    <p class='ocr_par' dir='ltr' id='par_1_19' title="bbox 222 1837 1801 1919">
     <span class='ocr_line' id='line_1_19' title="bbox 222 1837 1801 1919; baseline 0.009 -29"><span class='ocrx_word' id='word_1_122' title='bbox 222 1837 352 1891; x_wconf 80' lang='grc' dir='ltr'>ὥστε</span> <span class='ocrx_word' id='word_1_123' title='bbox 396 1839 658 1912; x_wconf 71' lang='grc' dir='ltr'>καθάπερ</span> <span class='ocrx_word' id='word_1_124' title='bbox 712 1843 848 1914; x_wconf 81' lang='grc' dir='ltr'>μέλη</span> <span class='ocrx_word' id='word_1_125' title='bbox 887 1848 1235 1917; x_wconf 78' lang='grc' dir='ltr'>συμπάσχειν</span> <span class='ocrx_word' id='word_1_126' title='bbox 1267 1849 1540 1919; x_wconf 73' lang='grc' dir='ltr'>ἀλλήλοις,</span> <span class='ocrx_word' id='word_1_127' title='bbox 1576 1848 1651 1919; x_wconf 27' lang='grc' dir='ltr'>αὖ,</span> <span class='ocrx_word' id='word_1_128' title='bbox 1676 1868 1801 1919; x_wconf 90' lang='grc' dir='ltr'>συγ-</span> 
     </span>
    </p>
   </div>
   <div class='ocr_carea' id='block_1_20' title="bbox 1911 642 3488 716">
    <p class='ocr_par' dir='ltr' id='par_1_20' title="bbox 1911 642 3488 716">
     <span class='ocr_line' id='line_1_20' title="bbox 1911 642 3488 716; baseline 0.001 -20"><span class='ocrx_word' id='word_1_129' title='bbox 1911 642 2065 697; x_wconf 89' lang='lat' dir='ltr'><strong>nobis</strong></span> <span class='ocrx_word' id='word_1_130' title='bbox 2099 642 2272 709; x_wconf 90' lang='lat' dir='ltr'><strong>dedit,</strong></span> <span class='ocrx_word' id='word_1_131' title='bbox 2306 646 2618 701; x_wconf 72' lang='lat' dir='ltr'><strong>amittemus</strong></span> <span class='ocrx_word' id='word_1_132' title='bbox 2670 666 2684 701; x_wconf 87' lang='grc' dir='ltr'>ι</span> <span class='ocrx_word' id='word_1_133' title='bbox 2726 646 3182 716; x_wconf 85' lang='lat' dir='ltr'><strong>quemadmodum</strong></span> <span class='ocrx_word' id='word_1_134' title='bbox 3231 647 3278 699; x_wconf 88' lang='lat' dir='ltr'><strong>si</strong></span> <span class='ocrx_word' id='word_1_135' title='bbox 3326 647 3488 702; x_wconf 85' lang='lat' dir='ltr'><strong>dissi-</strong></span> 
     </span>
    </p>
   </div>
   <div class='ocr_carea' id='block_1_21' title="bbox 1909 736 3478 809">
    <p class='ocr_par' dir='ltr' id='par_1_21' title="bbox 1909 736 3478 809">
     <span class='ocr_line' id='line_1_21' title="bbox 1909 736 3478 809; baseline 0 -18"><span class='ocrx_word' id='word_1_136' title='bbox 1909 736 2059 791; x_wconf 91' lang='lat' dir='ltr'><strong>dium</strong></span> <span class='ocrx_word' id='word_1_137' title='bbox 2101 736 2191 790; x_wconf 81' lang='lat' dir='ltr'><strong>liat</strong></span> <span class='ocrx_word' id='word_1_138' title='bbox 2223 738 2368 792; x_wconf 88' lang='lat' dir='ltr'><strong>inter</strong></span> <span class='ocrx_word' id='word_1_139' title='bbox 2419 755 2634 793; x_wconf 89' lang='lat' dir='ltr'><strong>manum</strong></span> <span class='ocrx_word' id='word_1_140' title='bbox 2684 749 2774 794; x_wconf 90' lang='lat' dir='ltr'><strong>aut</strong></span> <span class='ocrx_word' id='word_1_141' title='bbox 2805 740 2991 809; x_wconf 84' lang='lat' dir='ltr'><strong>pedem</strong></span> <span class='ocrx_word' id='word_1_142' title='bbox 3026 739 3317 794; x_wconf 77' lang='lat' dir='ltr'><strong>adversum</strong></span> <span class='ocrx_word' id='word_1_143' title='bbox 3363 738 3478 793; x_wconf 87' lang='lat' dir='ltr'><strong>reli-</strong></span> 
     </span>
    </p>
   </div>
   <div class='ocr_carea' id='block_1_22' title="bbox 1910 831 3487 899">
    <p class='ocr_par' dir='ltr' id='par_1_22' title="bbox 1910 831 3487 899">
     <span class='ocr_line' id='line_1_22' title="bbox 1910 831 3487 899; baseline 0.003 -20"><span class='ocrx_word' id='word_1_144' title='bbox 1910 844 2076 899; x_wconf 89' lang='lat' dir='ltr'><strong>quum</strong></span> <span class='ocrx_word' id='word_1_145' title='bbox 2111 844 2328 899; x_wconf 83' lang='lat' dir='ltr'><strong>corpus,</strong></span> <span class='ocrx_word' id='word_1_146' title='bbox 2376 840 2429 886; x_wconf 85' lang='lat' dir='ltr'><strong>et</strong></span> <span class='ocrx_word' id='word_1_147' title='bbox 2467 831 2864 887; x_wconf 74' lang='lat' dir='ltr'><strong>abscinduntur</strong></span> <span class='ocrx_word' id='word_1_148' title='bbox 2893 848 2921 887; x_wconf 87' lang='lat' dir='ltr'><strong>a</strong></span> <span class='ocrx_word' id='word_1_149' title='bbox 2963 846 3210 885; x_wconf 75' lang='lat' dir='ltr'><strong>connexu</strong></span> <span class='ocrx_word' id='word_1_150' title='bbox 3256 832 3321 886; x_wconf 89' lang='lat' dir='ltr'><strong>ad</strong></span> <span class='ocrx_word' id='word_1_151' title='bbox 3358 831 3487 885; x_wconf 91' lang='lat' dir='ltr'><strong>reli-</strong></span> 
     </span>
    </p>
   </div>
   <div class='ocr_carea' id='block_1_23' title="bbox 1909 927 3486 996">
    <p class='ocr_par' dir='ltr' id='par_1_23' title="bbox 1909 927 3486 996">
     <span class='ocr_line' id='line_1_23' title="bbox 1909 927 3486 996; baseline 0.001 -20"><span class='ocrx_word' id='word_1_152' title='bbox 1909 940 2013 994; x_wconf 86' lang='lat' dir='ltr'><strong>qua</strong></span> <span class='ocrx_word' id='word_1_153' title='bbox 2071 927 2333 987; x_wconf 80' lang='lat' dir='ltr'><strong>membra.</strong></span> <span class='ocrx_word' id='word_1_154' title='bbox 2377 940 2480 979; x_wconf 89' lang='lat' dir='ltr'><strong>non</strong></span> <span class='ocrx_word' id='word_1_155' title='bbox 2519 942 2680 996; x_wconf 86' lang='lat' dir='ltr'><strong>porro</strong></span> <span class='ocrx_word' id='word_1_156' title='bbox 2729 928 2982 996; x_wconf 86' lang='lat' dir='ltr'><strong>deinceps</strong></span> <span class='ocrx_word' id='word_1_157' title='bbox 3036 928 3104 982; x_wconf 88' lang='lat' dir='ltr'><strong>ab</strong></span> <span class='ocrx_word' id='word_1_158' title='bbox 3145 943 3251 982; x_wconf 87' lang='lat' dir='ltr'><strong>uno</strong></span> <span class='ocrx_word' id='word_1_159' title='bbox 3292 927 3486 996; x_wconf 92' lang='lat' dir='ltr'><strong>spiritu</strong></span> 
     </span>
    </p>
   </div>
   <div class='ocr_carea' id='block_1_24' title="bbox 1909 1016 3490 1085">
    <p class='ocr_par' dir='ltr' id='par_1_24' title="bbox 1909 1016 3490 1085">
     <span class='ocr_line' id='line_1_24' title="bbox 1909 1016 3490 1085; baseline 0.001 -17"><span class='ocrx_word' id='word_1_160' title='bbox 1909 1016 2274 1071; x_wconf 88' lang='lat' dir='ltr'><strong>continentur.</strong></span> <span class='ocrx_word' id='word_1_161' title='bbox 2334 1016 2496 1070; x_wconf 83' lang='lat' dir='ltr'><strong>Multa</strong></span> <span class='ocrx_word' id='word_1_162' title='bbox 2542 1017 2706 1085; x_wconf 74' lang='lat' dir='ltr'><strong>igitur</strong></span> <span class='ocrx_word' id='word_1_163' title='bbox 2750 1018 3036 1072; x_wconf 74' lang='lat' dir='ltr'><strong>sedulitate</strong></span> <span class='ocrx_word' id='word_1_164' title='bbox 3068 1031 3205 1085; x_wconf 84' lang='lat' dir='ltr'><strong>opus</strong></span> <span class='ocrx_word' id='word_1_165' title='bbox 3247 1028 3350 1078; x_wconf 84' lang='lat' dir='ltr'><strong>est,</strong></span> <span class='ocrx_word' id='word_1_166' title='bbox 3390 1032 3490 1070; x_wconf 86' lang='lat' dir='ltr'><strong>nec</strong></span> 
     </span>
    </p>
   </div>
   <div class='ocr_carea' id='block_1_25' title="bbox 1910 1106 3490 1176">
    <p class='ocr_par' dir='ltr' id='par_1_25' title="bbox 1910 1106 3490 1176">
     <span class='ocr_line' id='line_1_25' title="bbox 1910 1106 3490 1176; baseline 0.001 -17"><span class='ocrx_word' id='word_1_167' title='bbox 1910 1107 2026 1159; x_wconf 89' lang='lat' dir='ltr'><strong>sine</strong></span> <span class='ocrx_word' id='word_1_168' title='bbox 2062 1106 2248 1160; x_wconf 87' lang='lat' dir='ltr'><strong>lahore</strong></span> <span class='ocrx_word' id='word_1_169' title='bbox 2288 1110 2584 1172; x_wconf 76' lang='lat' dir='ltr'><strong>poterimus</strong></span> <span class='ocrx_word' id='word_1_170' title='bbox 2621 1122 2806 1176; x_wconf 82' lang='lat' dir='ltr'><strong>pacem</strong></span> <span class='ocrx_word' id='word_1_171' title='bbox 2845 1110 3046 1161; x_wconf 82' lang='lat' dir='ltr'><strong>habere</strong></span> <span class='ocrx_word' id='word_1_172' title='bbox 3104 1118 3490 1163; x_wconf 72' lang='lat' dir='ltr'><strong>contrieCtentes</strong></span> 
     </span>
    </p>
   </div>
   <div class='ocr_carea' id='block_1_26' title="bbox 1910 1197 3490 1267">
    <p class='ocr_par' dir='ltr' id='par_1_26' title="bbox 1910 1197 3490 1267">
     <span class='ocr_line' id='line_1_26' title="bbox 1910 1197 3490 1267; baseline -0.001 -17"><span class='ocrx_word' id='word_1_173' title='bbox 1910 1211 2008 1251; x_wconf 88' lang='lat' dir='ltr'><strong>nos</strong></span> <span class='ocrx_word' id='word_1_174' title='bbox 2052 1197 2190 1250; x_wconf 86' lang='lat' dir='ltr'><strong>inter</strong></span> <span class='ocrx_word' id='word_1_175' title='bbox 2230 1213 2348 1261; x_wconf 90' lang='lat' dir='ltr'><strong>nos,</strong></span> <span class='ocrx_word' id='word_1_176' title='bbox 2403 1207 2459 1249; x_wconf 94' lang='lat' dir='ltr'><strong>ut</strong></span> <span class='ocrx_word' id='word_1_177' title='bbox 2507 1213 2831 1267; x_wconf 82' lang='lat' dir='ltr'><strong>quocunque</strong></span> <span class='ocrx_word' id='word_1_178' title='bbox 2889 1214 3031 1251; x_wconf 91' lang='lat' dir='ltr'><strong>unus</strong></span> <span class='ocrx_word' id='word_1_179' title='bbox 3079 1198 3305 1261; x_wconf 79' lang='lat' dir='ltr'><strong>feratur,</strong></span> <span class='ocrx_word' id='word_1_180' title='bbox 3351 1197 3490 1249; x_wconf 91' lang='lat' dir='ltr'><strong>alter</strong></span> 
     </span>
    </p>
   </div>
   <div class='ocr_carea' id='block_1_27' title="bbox 1908 1286 3487 1360">
    <p class='ocr_par' dir='ltr' id='par_1_27' title="bbox 1908 1286 3487 1360">
     <span class='ocr_line' id='line_1_27' title="bbox 1908 1286 3487 1360; baseline -0.001 -19"><span class='ocrx_word' id='word_1_181' title='bbox 1908 1288 2069 1341; x_wconf 87' lang='lat' dir='ltr'><strong>simul</strong></span> <span class='ocrx_word' id='word_1_182' title='bbox 2103 1286 2326 1342; x_wconf 75' lang='lat' dir='ltr'><strong>feratur.</strong></span> <span class='ocrx_word' id='word_1_183' title='bbox 2364 1287 2547 1358; x_wconf 86' lang='lat' dir='ltr'><strong>(Tales</strong></span> <span class='ocrx_word' id='word_1_184' title='bbox 2592 1288 2757 1360; x_wconf 64' lang='grc'><strong>394</strong></span> <span class='ocrx_word' id='word_1_185' title='bbox 2783 1291 2927 1349; x_wconf 78' lang='lat' dir='ltr'><strong>enim</strong></span> <span class='ocrx_word' id='word_1_186' title='bbox 2964 1298 3089 1343; x_wconf 89' lang='lat' dir='ltr'><strong>sunt</strong></span> <span class='ocrx_word' id='word_1_187' title='bbox 3124 1289 3159 1342; x_wconf 90' lang='lat' dir='ltr'><strong>ii</strong></span> <span class='ocrx_word' id='word_1_188' title='bbox 3203 1288 3293 1355; x_wconf 89' lang='lat' dir='ltr'><strong>qui</strong></span> <span class='ocrx_word' id='word_1_189' title='bbox 3333 1288 3487 1341; x_wconf 83' lang='lat' dir='ltr'><strong>colli-</strong></span> 
     </span>
    </p>
   </div>
   <div class='ocr_carea' id='block_1_28' title="bbox 1908 1378 3483 1449">
    <p class='ocr_par' dir='ltr' id='par_1_28' title="bbox 1908 1378 3483 1449">
     <span class='ocr_line' id='line_1_28' title="bbox 1908 1378 3483 1449; baseline 0.004 -22"><span class='ocrx_word' id='word_1_190' title='bbox 1908 1378 2015 1446; x_wconf 71' lang='lat' dir='ltr'><strong>gati</strong></span> <span class='ocrx_word' id='word_1_191' title='bbox 2045 1378 2193 1448; x_wconf 85' lang='lat' dir='ltr'><strong>Sttltl)</strong></span> <span class='ocrx_word' id='word_1_192' title='bbox 2220 1395 2282 1434; x_wconf 92' lang='lat' dir='ltr'><strong>ac</strong></span> <span class='ocrx_word' id='word_1_193' title='bbox 2310 1392 2627 1449; x_wconf 79' lang='lat' dir='ltr'><strong>potestatein</strong></span> <span class='ocrx_word' id='word_1_194' title='bbox 2662 1386 2715 1435; x_wconf 92' lang='lat' dir='ltr'><strong>in</strong></span> <span class='ocrx_word' id='word_1_195' title='bbox 2747 1397 2844 1435; x_wconf 89' lang='lat' dir='ltr'><strong>nos</strong></span> <span class='ocrx_word' id='word_1_196' title='bbox 2879 1382 3026 1449; x_wconf 86' lang='lat' dir='ltr'><strong>ipsos</strong></span> <span class='ocrx_word' id='word_1_197' title='bbox 3063 1396 3169 1434; x_wconf 91' lang='lat' dir='ltr'><strong>non</strong></span> <span class='ocrx_word' id='word_1_198' title='bbox 3202 1382 3483 1444; x_wconf 81' lang='lat' dir='ltr'><strong>habentes,</strong></span> 
     </span>
    </p>
   </div>
   <div class='ocr_carea' id='block_1_29' title="bbox 1911 1471 3148 1544">
    <p class='ocr_par' dir='ltr' id='par_1_29' title="bbox 1911 1471 3148 1544">
     <span class='ocr_line' id='line_1_29' title="bbox 1911 1471 3148 1544; baseline 0.005 -22"><span class='ocrx_word' id='word_1_199' title='bbox 1911 1481 2073 1539; x_wconf 89' lang='lat' dir='ltr'><strong>utque</strong></span> <span class='ocrx_word' id='word_1_200' title='bbox 2113 1471 2214 1525; x_wconf 91' lang='lat' dir='ltr'><strong>hoc</strong></span> <span class='ocrx_word' id='word_1_201' title='bbox 2255 1482 2412 1540; x_wconf 84' lang='lat' dir='ltr'><strong>pacto</strong></span> <span class='ocrx_word' id='word_1_202' title='bbox 2444 1474 2544 1528; x_wconf 89' lang='lat' dir='ltr'><strong>sub</strong></span> <span class='ocrx_word' id='word_1_203' title='bbox 2576 1489 2684 1529; x_wconf 91' lang='lat' dir='ltr'><strong>uno</strong></span> <span class='ocrx_word' id='word_1_204' title='bbox 2719 1474 2925 1544; x_wconf 80' lang='lat' dir='ltr'><strong>Spiritu</strong></span> <span class='ocrx_word' id='word_1_205' title='bbox 2954 1475 3148 1529; x_wconf 87' lang='lat' dir='ltr'><strong>simus.</strong></span> 
     </span>
    </p>
   </div>
   <div class='ocr_carea' id='block_1_30' title="bbox 1982 1563 3485 1637">
    <p class='ocr_par' dir='ltr' id='par_1_30' title="bbox 1982 1563 3485 1637">
     <span class='ocr_line' id='line_1_30' title="bbox 1982 1563 3485 1637; baseline 0.001 -19"><span class='ocrx_word' id='word_1_206' title='bbox 1982 1563 2144 1619; x_wconf 77' lang='lat' dir='ltr'><strong>Vens.</strong></span> <span class='ocrx_word' id='word_1_207' title='bbox 2168 1567 2222 1620; x_wconf 76' lang='grc'><strong>4.</strong></span> <span class='ocrx_word' id='word_1_208' title='bbox 2257 1586 2276 1618; x_wconf 75' lang='grc' dir='ltr'><strong>ι</strong></span> <span class='ocrx_word' id='word_1_209' title='bbox 2320 1566 2494 1620; x_wconf 80' lang='lat' dir='ltr'><strong>Untim</strong></span> <span class='ocrx_word' id='word_1_210' title='bbox 2518 1580 2745 1637; x_wconf 86' lang='lat' dir='ltr'><strong>corpus,</strong></span> <span class='ocrx_word' id='word_1_211' title='bbox 2784 1578 2837 1622; x_wconf 89' lang='lat' dir='ltr'><strong>et</strong></span> <span class='ocrx_word' id='word_1_212' title='bbox 2875 1583 3013 1623; x_wconf 86' lang='lat' dir='ltr'><strong>unus</strong></span> <span class='ocrx_word' id='word_1_213' title='bbox 3040 1568 3282 1637; x_wconf 82' lang='lat' dir='ltr'><strong>Spiritus.</strong></span> <span class='ocrx_word' id='word_1_214' title='bbox 3320 1586 3338 1620; x_wconf 74' lang='grc' dir='ltr'>ι</span> <span class='ocrx_word' id='word_1_215' title='bbox 3370 1566 3485 1620; x_wconf 86' lang='lat' dir='ltr'><strong>Non</strong></span> 
     </span>
    </p>
   </div>
   <div class='ocr_carea' id='block_1_31' title="bbox 1908 1656 3489 1728">
    <p class='ocr_par' dir='ltr' id='par_1_31' title="bbox 1908 1656 3489 1728">
     <span class='ocr_line' id='line_1_31' title="bbox 1908 1656 3489 1728; baseline 0.001 -16"><span class='ocrx_word' id='word_1_216' title='bbox 1908 1656 2231 1725; x_wconf 86' lang='lat' dir='ltr'><strong>simpliciter</strong></span> <span class='ocrx_word' id='word_1_217' title='bbox 2260 1659 2581 1713; x_wconf 87' lang='lat' dir='ltr'><strong>charitatem</strong></span> <span class='ocrx_word' id='word_1_218' title='bbox 2617 1660 2809 1727; x_wconf 66' lang='lat' dir='ltr'><strong>quaerit</strong></span> <span class='ocrx_word' id='word_1_219' title='bbox 2835 1659 3057 1725; x_wconf 80' lang='lat' dir='ltr'><strong>Paulus,</strong></span> <span class='ocrx_word' id='word_1_220' title='bbox 3100 1659 3195 1715; x_wconf 87' lang='lat' dir='ltr'><strong>sed</strong></span> <span class='ocrx_word' id='word_1_221' title='bbox 3221 1676 3340 1714; x_wconf 85' lang='lat' dir='ltr'><strong>eam</strong></span> <span class='ocrx_word' id='word_1_222' title='bbox 3368 1674 3489 1728; x_wconf 61' lang='lat' dir='ltr'><strong>qua:</strong></span> 
     </span>
    </p>
   </div>
   <div class='ocr_carea' id='block_1_32' title="bbox 1906 1752 3490 1823">
    <p class='ocr_par' dir='ltr' id='par_1_32' title="bbox 1906 1752 3490 1823">
     <span class='ocr_line' id='line_1_32' title="bbox 1906 1752 3490 1823; baseline 0.001 -19"><span class='ocrx_word' id='word_1_223' title='bbox 1906 1764 2097 1805; x_wconf 80' lang='lat' dir='ltr'><strong>omnes</strong></span> <span class='ocrx_word' id='word_1_224' title='bbox 2123 1768 2285 1805; x_wconf 91' lang='lat' dir='ltr'><strong>unum</strong></span> <span class='ocrx_word' id='word_1_225' title='bbox 2324 1767 2525 1820; x_wconf 87' lang='lat' dir='ltr'><strong>corpus</strong></span> <span class='ocrx_word' id='word_1_226' title='bbox 2566 1752 2754 1820; x_wconf 85' lang='lat' dir='ltr'><strong>l&#39;aciat,</strong></span> <span class='ocrx_word' id='word_1_227' title='bbox 2803 1764 3024 1823; x_wconf 87' lang='lat' dir='ltr'><strong>propter</strong></span> <span class='ocrx_word' id='word_1_228' title='bbox 3054 1764 3302 1808; x_wconf 75' lang='lat' dir='ltr'><strong>exactam</strong></span> <span class='ocrx_word' id='word_1_229' title='bbox 3348 1753 3490 1807; x_wconf 89' lang='lat' dir='ltr'><strong>inter</strong></span> 
     </span>
    </p>
   </div>
   <div class='ocr_carea' id='block_1_33' title="bbox 1911 1846 3491 1915">
    <p class='ocr_par' dir='ltr' id='par_1_33' title="bbox 1911 1846 3491 1915">
     <span class='ocr_line' id='line_1_33' title="bbox 1911 1846 3491 1915; baseline -0.001 -18"><span class='ocrx_word' id='word_1_230' title='bbox 1911 1857 2008 1897; x_wconf 89' lang='lat' dir='ltr'><strong>nos</strong></span> <span class='ocrx_word' id='word_1_231' title='bbox 2037 1854 2222 1903; x_wconf 85' lang='lat' dir='ltr'><strong>mutuo</strong></span> <span class='ocrx_word' id='word_1_232' title='bbox 2260 1846 2537 1911; x_wconf 84' lang='lat' dir='ltr'><strong>unionem,</strong></span> <span class='ocrx_word' id='word_1_233' title='bbox 2573 1856 2633 1899; x_wconf 86' lang='lat' dir='ltr'><strong>ut</strong></span> <span class='ocrx_word' id='word_1_234' title='bbox 2682 1856 2935 1915; x_wconf 83' lang='lat' dir='ltr'><strong>tanquam</strong></span> <span class='ocrx_word' id='word_1_235' title='bbox 2986 1849 3230 1900; x_wconf 79' lang='lat' dir='ltr'><strong>tnetttbra</strong></span> <span class='ocrx_word' id='word_1_236' title='bbox 3270 1861 3491 1912; x_wconf 73' lang='lat' dir='ltr'><strong>compa-</strong></span> 
     </span>
    </p>
   </div>
   <div class='ocr_carea' id='block_1_34' title="bbox 227 1923 1807 2008">
    <p class='ocr_par' dir='ltr' id='par_1_34' title="bbox 227 1932 1796 2008">
     <span class='ocr_line' id='line_1_34' title="bbox 227 1932 1796 2008; baseline 0.009 -25"><span class='ocrx_word' id='word_1_237' title='bbox 227 1932 447 2001; x_wconf 82' lang='grc' dir='ltr'>χαίρειν.</span> <span class='ocrx_word' id='word_1_238' title='bbox 498 1951 520 1985; x_wconf 71' lang='grc' dir='ltr'><strong>ι</strong></span> <span class='ocrx_word' id='word_1_239' title='bbox 575 1934 693 1988; x_wconf 73' lang='grc' dir='ltr'><strong>Καὶ</strong></span> <span class='ocrx_word' id='word_1_240' title='bbox 728 1935 786 1988; x_wconf 82' lang='grc' dir='ltr'>ἒν</span> <span class='ocrx_word' id='word_1_241' title='bbox 833 1938 1073 2007; x_wconf 85' lang='grc' dir='ltr'>πνεῦμα.</span> <span class='ocrx_word' id='word_1_242' title='bbox 1137 1960 1156 1992; x_wconf 77' lang='grc' dir='ltr'>ι</span> <span class='ocrx_word' id='word_1_243' title='bbox 1193 1942 1390 2005; x_wconf 86' lang='grc' dir='ltr'>Καλῶς</span> <span class='ocrx_word' id='word_1_244' title='bbox 1444 1943 1604 1997; x_wconf 77' lang='grc' dir='ltr'>τοῦτο</span> <span class='ocrx_word' id='word_1_245' title='bbox 1653 1942 1796 2008; x_wconf 87' lang='grc' dir='ltr'>εἷπε,</span> 
     </span>
    </p>
   </div>
   <div class='ocr_carea' id='block_1_35' title="bbox 1921 1923 3483 2008">
    <p class='ocr_par' dir='ltr' id='par_1_35' title="bbox 1921 1936 3483 2007">
     <span class='ocr_line' id='line_1_35' title="bbox 1921 1936 3483 2007; baseline 0.003 -22"><span class='ocrx_word' id='word_1_246' title='bbox 1921 1936 2125 2000; x_wconf 77' lang='lat' dir='ltr'><strong>iamur,</strong></span> <span class='ocrx_word' id='word_1_247' title='bbox 2175 1946 2231 1990; x_wconf 87' lang='lat' dir='ltr'><strong>et</strong></span> <span class='ocrx_word' id='word_1_248' title='bbox 2273 1939 2727 2006; x_wconf 75' lang='lat' dir='ltr'><strong>congaudeamus,</strong></span> <span class='ocrx_word' id='word_1_249' title='bbox 2777 1956 2799 1990; x_wconf 74' lang='grc' dir='ltr'>ι</span> <span class='ocrx_word' id='word_1_250' title='bbox 2852 1938 2922 1993; x_wconf 88' lang='lat' dir='ltr'><strong>Et</strong></span> <span class='ocrx_word' id='word_1_251' title='bbox 2991 1953 3131 1991; x_wconf 90' lang='lat' dir='ltr'><strong>unus</strong></span> <span class='ocrx_word' id='word_1_252' title='bbox 3175 1938 3419 2007; x_wconf 81' lang='lat' dir='ltr'><strong>spiritus.</strong></span> <span class='ocrx_word' id='word_1_253' title='bbox 3463 1955 3483 1989; x_wconf 73' lang='grc' dir='ltr'><strong>ι</strong></span> 
     </span>
    </p>
   </div>
   <div class='ocr_carea' id='block_1_36' title="bbox 225 2022 1807 2104">
    <p class='ocr_par' dir='ltr' id='par_1_36' title="bbox 225 2022 1801 2104">
     <span class='ocr_line' id='line_1_36' title="bbox 225 2022 1801 2104; baseline 0.01 -30"><span class='ocrx_word' id='word_1_254' title='bbox 225 2022 476 2077; x_wconf 76' lang='grc' dir='ltr'>δεικνύων</span> <span class='ocrx_word' id='word_1_255' title='bbox 505 2026 592 2079; x_wconf 84' lang='grc' dir='ltr'>ὅτι</span> <span class='ocrx_word' id='word_1_256' title='bbox 627 2027 739 2088; x_wconf 68' lang='grc' dir='ltr'><strong>ἀπὸ</strong></span> <span class='ocrx_word' id='word_1_257' title='bbox 768 2029 859 2082; x_wconf 81' lang='grc' dir='ltr'><strong>τοῦ</strong></span> <span class='ocrx_word' id='word_1_258' title='bbox 893 2026 1031 2084; x_wconf 82' lang='grc' dir='ltr'>εἶναι</span> <span class='ocrx_word' id='word_1_259' title='bbox 1062 2031 1121 2085; x_wconf 76' lang='grc' dir='ltr'><strong>ἓν</strong></span> <span class='ocrx_word' id='word_1_260' title='bbox 1161 2034 1343 2102; x_wconf 79' lang='grc' dir='ltr'>σῶμα,</span> <span class='ocrx_word' id='word_1_261' title='bbox 1369 2036 1463 2087; x_wconf 79' lang='grc' dir='ltr'>καὶ</span> <span class='ocrx_word' id='word_1_262' title='bbox 1489 2035 1548 2088; x_wconf 80' lang='grc' dir='ltr'><strong>ἓν</strong></span> <span class='ocrx_word' id='word_1_263' title='bbox 1584 2037 1801 2104; x_wconf 76' lang='grc' dir='ltr'>πνεῦμα</span> 
     </span>
    </p>
   </div>
   <div class='ocr_carea' id='block_1_37' title="bbox 1921 2022 3480 2104">
    <p class='ocr_par' dir='ltr' id='par_1_37' title="bbox 1921 2026 3480 2099">
     <span class='ocr_line' id='line_1_37' title="bbox 1921 2026 3480 2099; baseline 0.001 -20"><span class='ocrx_word' id='word_1_264' title='bbox 1921 2026 2143 2079; x_wconf 75' lang='lat' dir='ltr'><strong>Pulchre</strong></span> <span class='ocrx_word' id='word_1_265' title='bbox 2175 2042 2306 2081; x_wconf 86' lang='lat' dir='ltr'><strong>sane</strong></span> <span class='ocrx_word' id='word_1_266' title='bbox 2359 2029 2461 2083; x_wconf 89' lang='lat' dir='ltr'><strong>hoc</strong></span> <span class='ocrx_word' id='word_1_267' title='bbox 2499 2030 2658 2094; x_wconf 79' lang='lat' dir='ltr'><strong>dixit,</strong></span> <span class='ocrx_word' id='word_1_268' title='bbox 2703 2032 3000 2084; x_wconf 87' lang='lat' dir='ltr'><strong>ostendens</strong></span> <span class='ocrx_word' id='word_1_269' title='bbox 3046 2029 3191 2099; x_wconf 85' lang='lat' dir='ltr'><strong>quod</strong></span> <span class='ocrx_word' id='word_1_270' title='bbox 3233 2030 3278 2082; x_wconf 90' lang='lat' dir='ltr'><strong>si</strong></span> <span class='ocrx_word' id='word_1_271' title='bbox 3314 2045 3480 2083; x_wconf 90' lang='lat' dir='ltr'><strong>unum</strong></span> 
     </span>
    </p>
   </div>
   <div class='ocr_carea' id='block_1_38' title="bbox 225 2113 1807 2196">
    <p class='ocr_par' dir='ltr' id='par_1_38' title="bbox 225 2113 1796 2196">
     <span class='ocr_line' id='line_1_38' title="bbox 225 2113 1796 2196; baseline 0.01 -32"><span class='ocrx_word' id='word_1_272' title='bbox 225 2113 454 2169; x_wconf 80' lang='grc' dir='ltr'>ἔσονται·</span> <span class='ocrx_word' id='word_1_273' title='bbox 486 2116 519 2187; x_wconf 76' lang='grc' dir='ltr'>ἦ</span> <span class='ocrx_word' id='word_1_274' title='bbox 548 2118 636 2170; x_wconf 85' lang='grc' dir='ltr'><strong>ὅτι</strong></span> <span class='ocrx_word' id='word_1_275' title='bbox 653 2118 802 2174; x_wconf 84' lang='grc' dir='ltr'>ἔστιν</span> <span class='ocrx_word' id='word_1_276' title='bbox 824 2121 882 2172; x_wconf 86' lang='grc' dir='ltr'><strong>ἓν</strong></span> <span class='ocrx_word' id='word_1_277' title='bbox 902 2122 1060 2191; x_wconf 85' lang='grc' dir='ltr'>σῶμα</span> <span class='ocrx_word' id='word_1_278' title='bbox 1077 2119 1240 2186; x_wconf 79' lang='grc' dir='ltr'>εἶναι,</span> <span class='ocrx_word' id='word_1_279' title='bbox 1265 2126 1362 2196; x_wconf 74' lang='grc' dir='ltr'><strong>οὐχ</strong></span> <span class='ocrx_word' id='word_1_280' title='bbox 1386 2125 1444 2178; x_wconf 82' lang='grc' dir='ltr'><strong>ἓν</strong></span> <span class='ocrx_word' id='word_1_281' title='bbox 1464 2126 1520 2178; x_wconf 77' lang='grc' dir='ltr'>δὲ</span> <span class='ocrx_word' id='word_1_282' title='bbox 1545 2126 1796 2195; x_wconf 78' lang='grc' dir='ltr'>πνεῦμα·</span> 
     </span>
    </p>
   </div>
   <div class='ocr_carea' id='block_1_39' title="bbox 1921 2113 3487 2196">
    <p class='ocr_par' dir='ltr' id='par_1_39' title="bbox 1921 2119 3487 2191">
     <span class='ocr_line' id='line_1_39' title="bbox 1921 2119 3487 2191; baseline 0.001 -20"><span class='ocrx_word' id='word_1_283' title='bbox 1921 2133 2105 2186; x_wconf 88' lang='lat' dir='ltr'><strong>:orpus</strong></span> <span class='ocrx_word' id='word_1_284' title='bbox 2154 2120 2282 2180; x_wconf 90' lang='lat' dir='ltr'><strong>sint,</strong></span> <span class='ocrx_word' id='word_1_285' title='bbox 2326 2136 2467 2174; x_wconf 87' lang='lat' dir='ltr'><strong>unus</strong></span> <span class='ocrx_word' id='word_1_286' title='bbox 2516 2122 2679 2175; x_wconf 87' lang='lat' dir='ltr'><strong>etiam</strong></span> <span class='ocrx_word' id='word_1_287' title='bbox 2714 2121 2937 2191; x_wconf 77' lang='lat' dir='ltr'><strong>spiritus</strong></span> <span class='ocrx_word' id='word_1_288' title='bbox 2979 2131 3159 2176; x_wconf 88' lang='lat' dir='ltr'><strong>erunt.</strong></span> <span class='ocrx_word' id='word_1_289' title='bbox 3195 2119 3293 2174; x_wconf 88' lang='lat' dir='ltr'><strong>Vel</strong></span> <span class='ocrx_word' id='word_1_290' title='bbox 3343 2119 3487 2189; x_wconf 90' lang='lat' dir='ltr'><strong>quod</strong></span> 
     </span>
    </p>
   </div>
   <div class='ocr_carea' id='block_1_40' title="bbox 225 2202 1807 2288">
    <p class='ocr_par' dir='ltr' id='par_1_40' title="bbox 225 2202 1802 2288">
     <span class='ocr_line' id='line_1_40' title="bbox 225 2202 1802 2288; baseline 0.01 -33"><span class='ocrx_word' id='word_1_291' title='bbox 225 2202 400 2275; x_wconf 79' lang='grc' dir='ltr'>ὥσπερ</span> <span class='ocrx_word' id='word_1_292' title='bbox 454 2206 510 2259; x_wconf 80' lang='grc' dir='ltr'>εἴ</span> <span class='ocrx_word' id='word_1_293' title='bbox 554 2225 643 2271; x_wconf 86' lang='grc' dir='ltr'><strong>τις</strong></span> <span class='ocrx_word' id='word_1_294' title='bbox 686 2212 983 2279; x_wconf 84' lang='grc' dir='ltr'>αἱρετικῶν</span> <span class='ocrx_word' id='word_1_295' title='bbox 1031 2213 1186 2281; x_wconf 81' lang='grc' dir='ltr'>φίλος</span> <span class='ocrx_word' id='word_1_296' title='bbox 1222 2216 1329 2284; x_wconf 76' lang='grc' dir='ltr'>εἴη.</span> <span class='ocrx_word' id='word_1_297' title='bbox 1376 2218 1490 2279; x_wconf 85' lang='grc' dir='ltr'>τοῖς</span> <span class='ocrx_word' id='word_1_298' title='bbox 1535 2217 1802 2288; x_wconf 74' lang='grc' dir='ltr'><strong>δόγμασιν</strong></span> 
     </span>
    </p>
   </div>
   <div class='ocr_carea' id='block_1_41' title="bbox 1921 2202 3492 2288">
    <p class='ocr_par' dir='ltr' id='par_1_41' title="bbox 1921 2211 3492 2281">
     <span class='ocr_line' id='line_1_41' title="bbox 1921 2211 3492 2281; baseline 0.002 -17"><span class='ocrx_word' id='word_1_299' title='bbox 1921 2212 2074 2264; x_wconf 73' lang='grc' dir='ltr'>ιοςείι</span> <span class='ocrx_word' id='word_1_300' title='bbox 2118 2211 2336 2280; x_wconf 85' lang='lat' dir='ltr'><strong>quidem</strong></span> <span class='ocrx_word' id='word_1_301' title='bbox 2393 2228 2560 2266; x_wconf 90' lang='lat' dir='ltr'><strong>unum</strong></span> <span class='ocrx_word' id='word_1_302' title='bbox 2609 2229 2731 2269; x_wconf 85' lang='lat' dir='ltr'><strong>esse</strong></span> <span class='ocrx_word' id='word_1_303' title='bbox 2774 2228 2992 2281; x_wconf 87' lang='lat' dir='ltr'><strong>corpus,</strong></span> <span class='ocrx_word' id='word_1_304' title='bbox 3043 2214 3138 2268; x_wconf 88' lang='lat' dir='ltr'><strong>sed</strong></span> <span class='ocrx_word' id='word_1_305' title='bbox 3187 2229 3295 2269; x_wconf 89' lang='lat' dir='ltr'><strong>nou</strong></span> <span class='ocrx_word' id='word_1_306' title='bbox 3351 2228 3492 2267; x_wconf 84' lang='lat' dir='ltr'><strong>unus</strong></span> 
     </span>
    </p>
   </div>
   <div class='ocr_carea' id='block_1_42' title="bbox 227 2296 1807 2376">
    <p class='ocr_par' dir='ltr' id='par_1_42' title="bbox 227 2296 1805 2376">
     <span class='ocr_line' id='line_1_42' title="bbox 227 2296 1805 2376; baseline 0.008 -29"><span class='ocrx_word' id='word_1_307' title='bbox 227 2296 392 2350; x_wconf 84' lang='grc' dir='ltr'>αὐτῶν</span> <span class='ocrx_word' id='word_1_308' title='bbox 416 2296 491 2368; x_wconf 84' lang='grc' dir='ltr'><strong>μὴ</strong></span> <span class='ocrx_word' id='word_1_309' title='bbox 520 2314 837 2370; x_wconf 86' lang='grc' dir='ltr'>συμπεριφε</span> <span class='ocrx_word' id='word_1_310' title='bbox 849 2301 1094 2371; x_wconf 87' lang='grc' dir='ltr'>ρόμενος.</span> <span class='ocrx_word' id='word_1_311' title='bbox 1128 2305 1220 2367; x_wconf 83' lang='grc' dir='ltr'>Ἥ,</span> <span class='ocrx_word' id='word_1_312' title='bbox 1242 2306 1322 2356; x_wconf 78' lang='grc' dir='ltr'>ὅτι</span> <span class='ocrx_word' id='word_1_313' title='bbox 1357 2306 1452 2357; x_wconf 84' lang='grc' dir='ltr'><strong>Ἕν</strong></span> <span class='ocrx_word' id='word_1_314' title='bbox 1479 2305 1695 2376; x_wconf 78' lang='grc' dir='ltr'>πνεῦμα</span> <span class='ocrx_word' id='word_1_315' title='bbox 1715 2306 1805 2360; x_wconf 78' lang='grc' dir='ltr'><strong>διὰ</strong></span> 
     </span>
    </p>
   </div>
   <div class='ocr_carea' id='block_1_43' title="bbox 1921 2296 3495 2376">
    <p class='ocr_par' dir='ltr' id='par_1_43' title="bbox 1921 2302 3495 2373">
     <span class='ocr_line' id='line_1_43' title="bbox 1921 2302 3495 2373; baseline 0.003 -20"><span class='ocrx_word' id='word_1_316' title='bbox 1921 2302 2131 2370; x_wconf 72' lang='lat' dir='ltr'><strong>spiritus</strong></span> <span class='ocrx_word' id='word_1_317' title='bbox 2167 2321 2180 2357; x_wconf 90' lang='lat'><strong>:</strong></span> <span class='ocrx_word' id='word_1_318' title='bbox 2213 2304 2672 2371; x_wconf 69' lang='lat' dir='ltr'><strong>quemadmodum</strong></span> <span class='ocrx_word' id='word_1_319' title='bbox 2702 2307 2747 2360; x_wconf 91' lang='lat' dir='ltr'><strong>si</strong></span> <span class='ocrx_word' id='word_1_320' title='bbox 2772 2306 2895 2373; x_wconf 88' lang='lat' dir='ltr'><strong>quis</strong></span> <span class='ocrx_word' id='word_1_321' title='bbox 2935 2306 3312 2360; x_wconf 67' lang='lat' dir='ltr'><strong>haereticorum</strong></span> <span class='ocrx_word' id='word_1_322' title='bbox 3357 2304 3495 2360; x_wconf 86' lang='lat' dir='ltr'><strong>ami-</strong></span> 
     </span>
    </p>
   </div>
   <div class='ocr_carea' id='block_1_44' title="bbox 227 2389 1800 2469">
    <p class='ocr_par' dir='ltr' id='par_1_44' title="bbox 227 2389 1800 2469">
     <span class='ocr_line' id='line_1_44' title="bbox 227 2389 1800 2469; baseline 0.006 -28"><span class='ocrx_word' id='word_1_323' title='bbox 227 2389 315 2458; x_wconf 73' lang='grc' dir='ltr'><strong>τῆς</strong></span> <span class='ocrx_word' id='word_1_324' title='bbox 330 2389 568 2455; x_wconf 84' lang='grc' dir='ltr'>πίστεως</span> <span class='ocrx_word' id='word_1_325' title='bbox 600 2392 883 2458; x_wconf 80' lang='grc' dir='ltr'>λαϐόντες,</span> <span class='ocrx_word' id='word_1_326' title='bbox 910 2395 1155 2463; x_wconf 80' lang='grc' dir='ltr'><strong>ὀφείλετε</strong></span> <span class='ocrx_word' id='word_1_327' title='bbox 1179 2399 1446 2467; x_wconf 82' lang='grc' dir='ltr'>ὁμονοεῖν.</span> <span class='ocrx_word' id='word_1_328' title='bbox 1467 2400 1537 2451; x_wconf 85' lang='grc' dir='ltr'><strong>Ἦ</strong></span> <span class='ocrx_word' id='word_1_329' title='bbox 1561 2399 1800 2469; x_wconf 81' lang='grc' dir='ltr'>πνεῦμα,</span> 
     </span>
    </p>
   </div>
   <div class='ocr_carea' id='block_1_45' title="bbox 227 2483 1804 2561">
    <p class='ocr_par' dir='ltr' id='par_1_45' title="bbox 227 2483 1804 2561">
     <span class='ocr_line' id='line_1_45' title="bbox 227 2483 1804 2561; baseline 0.006 -24"><span class='ocrx_word' id='word_1_330' title='bbox 227 2483 316 2552; x_wconf 75' lang='grc' dir='ltr'><strong>τὴν</strong></span> <span class='ocrx_word' id='word_1_331' title='bbox 350 2486 783 2557; x_wconf 85' lang='grc' dir='ltr'>συμπροθυμίαν</span> <span class='ocrx_word' id='word_1_332' title='bbox 806 2490 851 2521; x_wconf 74' lang='grc'><strong>⁸³</strong></span> <span class='ocrx_word' id='word_1_333' title='bbox 887 2490 1042 2559; x_wconf 66' lang='grc' dir='ltr'>φησι,</span> <span class='ocrx_word' id='word_1_334' title='bbox 1074 2490 1170 2544; x_wconf 73' lang='grc' dir='ltr'>καὶ</span> <span class='ocrx_word' id='word_1_335' title='bbox 1199 2493 1295 2560; x_wconf 81' lang='grc' dir='ltr'>τὴν</span> <span class='ocrx_word' id='word_1_336' title='bbox 1330 2491 1661 2561; x_wconf 83' lang='grc' dir='ltr'>σύμπνοιαν,</span> <span class='ocrx_word' id='word_1_337' title='bbox 1692 2493 1804 2547; x_wconf 82' lang='grc' dir='ltr'><strong>ὥσ-</strong></span> 
     </span>
    </p>
   </div>
   <div class='ocr_carea' id='block_1_46' title="bbox 236 2576 1527 2656">
    <p class='ocr_par' dir='ltr' id='par_1_46' title="bbox 236 2576 1527 2656">
     <span class='ocr_line' id='line_1_46' title="bbox 236 2576 1527 2656; baseline 0.008 -27"><span class='ocrx_word' id='word_1_338' title='bbox 236 2591 332 2647; x_wconf 86' lang='grc' dir='ltr'><strong>περ</strong></span> <span class='ocrx_word' id='word_1_339' title='bbox 356 2576 418 2630; x_wconf 78' lang='grc' dir='ltr'>ἂν</span> <span class='ocrx_word' id='word_1_340' title='bbox 449 2580 500 2631; x_wconf 84' lang='grc' dir='ltr'>εἰ</span> <span class='ocrx_word' id='word_1_341' title='bbox 525 2578 749 2646; x_wconf 76' lang='grc' dir='ltr'>ἔλεγενο</span> <span class='ocrx_word' id='word_1_342' title='bbox 790 2581 887 2635; x_wconf 83' lang='grc' dir='ltr'><strong>Ἓν</strong></span> <span class='ocrx_word' id='word_1_343' title='bbox 920 2582 1080 2652; x_wconf 83' lang='grc' dir='ltr'>σῶμα</span> <span class='ocrx_word' id='word_1_344' title='bbox 1103 2584 1198 2636; x_wconf 74' lang='grc' dir='ltr'>καὶ</span> <span class='ocrx_word' id='word_1_345' title='bbox 1234 2583 1328 2653; x_wconf 82' lang='grc' dir='ltr'><strong>μία</strong></span> <span class='ocrx_word' id='word_1_346' title='bbox 1358 2583 1527 2656; x_wconf 76' lang='grc' dir='ltr'><strong>ψυχή.</strong></span> 
     </span>
    </p>
   </div>
   <div class='ocr_carea' id='block_1_47' title="bbox 298 2847 1809 2929">
    <p class='ocr_par' dir='ltr' id='par_1_47' title="bbox 298 2847 1809 2929">
     <span class='ocr_line' id='line_1_47' title="bbox 298 2847 1809 2929; baseline 0.008 -29"><span class='ocrx_word' id='word_1_347' title='bbox 298 2864 317 2899; x_wconf 79' lang='grc' dir='ltr'>ι</span> <span class='ocrx_word' id='word_1_348' title='bbox 349 2847 546 2912; x_wconf 78' lang='grc' dir='ltr'>Καθὼς</span> <span class='ocrx_word' id='word_1_349' title='bbox 572 2850 674 2905; x_wconf 71' lang='grc' dir='ltr'><strong>καὶ</strong></span> <span class='ocrx_word' id='word_1_350' title='bbox 700 2851 969 2924; x_wconf 65' lang='grc' dir='ltr'>ἐκλήθητε</span> <span class='ocrx_word' id='word_1_351' title='bbox 1002 2856 1061 2907; x_wconf 76' lang='grc' dir='ltr'><strong>ὲν</strong></span> <span class='ocrx_word' id='word_1_352' title='bbox 1097 2858 1195 2926; x_wconf 80' lang='grc' dir='ltr'>μιᾷ</span> <span class='ocrx_word' id='word_1_353' title='bbox 1229 2856 1405 2911; x_wconf 78' lang='grc' dir='ltr'>ἐλπίδι</span> <span class='ocrx_word' id='word_1_354' title='bbox 1435 2859 1533 2927; x_wconf 84' lang='grc' dir='ltr'>τῆς</span> <span class='ocrx_word' id='word_1_355' title='bbox 1561 2858 1809 2929; x_wconf 82' lang='grc' dir='ltr'><strong>κλήσεως</strong></span> 
     </span>
    </p>
   </div>
   <div class='ocr_carea' id='block_1_48' title="bbox 231 2940 1808 3018">
    <p class='ocr_par' dir='ltr' id='par_1_48' title="bbox 231 2940 1808 3018">
     <span class='ocr_line' id='line_1_48' title="bbox 231 2940 1808 3018; baseline 0.007 -25"><span class='ocrx_word' id='word_1_356' title='bbox 231 2940 393 3009; x_wconf 82' lang='grc' dir='ltr'><strong>ὑμῶν.</strong></span> <span class='ocrx_word' id='word_1_357' title='bbox 430 2960 449 2994; x_wconf 73' lang='grc' dir='ltr'>ι</span> <span class='ocrx_word' id='word_1_358' title='bbox 494 2942 556 2997; x_wconf 88' lang='grc' dir='ltr'>Ὀ</span> <span class='ocrx_word' id='word_1_359' title='bbox 583 2943 742 3009; x_wconf 79' lang='grc' dir='ltr'>Θεὸς,</span> <span class='ocrx_word' id='word_1_360' title='bbox 778 2947 966 3017; x_wconf 77' lang='grc' dir='ltr'>φησὶν,</span> <span class='ocrx_word' id='word_1_361' title='bbox 1005 2948 1149 3018; x_wconf 78' lang='grc' dir='ltr'>ὑμᾶς</span> <span class='ocrx_word' id='word_1_362' title='bbox 1184 2950 1280 3002; x_wconf 76' lang='grc' dir='ltr'><strong>ἐπὶ</strong></span> <span class='ocrx_word' id='word_1_363' title='bbox 1305 2952 1422 3014; x_wconf 87' lang='grc' dir='ltr'>τοῖς</span> <span class='ocrx_word' id='word_1_364' title='bbox 1454 2950 1639 3014; x_wconf 84' lang='grc' dir='ltr'>αὐτοῖς</span> <span class='ocrx_word' id='word_1_365' title='bbox 1677 2952 1808 3005; x_wconf 78' lang='grc' dir='ltr'><strong>ἐκά-</strong></span> 
     </span>
    </p>
   </div>
   <div class='ocr_carea' id='block_1_49' title="bbox 230 3028 1810 3111">
    <p class='ocr_par' dir='ltr' id='par_1_49' title="bbox 230 3028 1810 3111">
     <span class='ocr_line' id='line_1_49' title="bbox 230 3028 1810 3111; baseline 0.008 -29"><span class='ocrx_word' id='word_1_366' title='bbox 230 3028 363 3098; x_wconf 83' lang='grc' dir='ltr'>λεσε,</span> <span class='ocrx_word' id='word_1_367' title='bbox 418 3035 556 3088; x_wconf 80' lang='grc' dir='ltr'>πᾶσι</span> <span class='ocrx_word' id='word_1_368' title='bbox 603 3036 758 3106; x_wconf 79' lang='grc' dir='ltr'>ζωὴν</span> <span class='ocrx_word' id='word_1_369' title='bbox 808 3037 1124 3108; x_wconf 77' lang='grc' dir='ltr'>ἐχαρίσατο,</span> <span class='ocrx_word' id='word_1_370' title='bbox 1172 3040 1391 3093; x_wconf 81' lang='grc' dir='ltr'>πάντων</span> <span class='ocrx_word' id='word_1_371' title='bbox 1438 3042 1636 3111; x_wconf 75' lang='grc' dir='ltr'>ἐπίσης</span> <span class='ocrx_word' id='word_1_372' title='bbox 1687 3041 1810 3095; x_wconf 75' lang='grc' dir='ltr'>ἐστὶ</span> 
     </span>
    </p>
   </div>
   <div class='ocr_carea' id='block_1_50' title="bbox 233 3126 1811 3202">
    <p class='ocr_par' dir='ltr' id='par_1_50' title="bbox 233 3126 1811 3202">
     <span class='ocr_line' id='line_1_50' title="bbox 233 3126 1811 3202; baseline 0.006 -24"><span class='ocrx_word' id='word_1_373' title='bbox 233 3126 453 3198; x_wconf 75' lang='grc' dir='ltr'>κεφαλὴ,</span> <span class='ocrx_word' id='word_1_374' title='bbox 511 3129 728 3192; x_wconf 81' lang='grc' dir='ltr'>πάντας</span> <span class='ocrx_word' id='word_1_375' title='bbox 789 3131 1077 3202; x_wconf 83' lang='grc' dir='ltr'>συνήγειρε</span> <span class='ocrx_word' id='word_1_376' title='bbox 1138 3132 1235 3184; x_wconf 74' lang='grc' dir='ltr'>καὶ</span> <span class='ocrx_word' id='word_1_377' title='bbox 1288 3132 1646 3198; x_wconf 84' lang='grc' dir='ltr'>συνεκάθισε,</span> <span class='ocrx_word' id='word_1_378' title='bbox 1716 3136 1811 3188; x_wconf 72' lang='grc' dir='ltr'><strong>καὶ</strong></span> 
     </span>
    </p>
   </div>
   <div class='ocr_carea' id='block_1_51' title="bbox 1908 2396 3493 2467">
    <p class='ocr_par' dir='ltr' id='par_1_51' title="bbox 1908 2396 3493 2467">
     <span class='ocr_line' id='line_1_51' title="bbox 1908 2396 3493 2467; baseline 0.006 -23"><span class='ocrx_word' id='word_1_379' title='bbox 1908 2410 2006 2449; x_wconf 71' lang='lat' dir='ltr'><strong>rus</strong></span> <span class='ocrx_word' id='word_1_380' title='bbox 2041 2396 2137 2460; x_wconf 88' lang='lat' dir='ltr'><strong>sit,</strong></span> <span class='ocrx_word' id='word_1_381' title='bbox 2183 2396 2525 2467; x_wconf 76' lang='lat' dir='ltr'><strong>dogmatibus</strong></span> <span class='ocrx_word' id='word_1_382' title='bbox 2576 2411 2766 2451; x_wconf 82' lang='lat' dir='ltr'><strong>eorum</strong></span> <span class='ocrx_word' id='word_1_383' title='bbox 2803 2414 2924 2452; x_wconf 88' lang='lat' dir='ltr'><strong>.uon</strong></span> <span class='ocrx_word' id='word_1_384' title='bbox 2971 2413 3073 2451; x_wconf 85' lang='lat' dir='ltr'><strong>una</strong></span> <span class='ocrx_word' id='word_1_385' title='bbox 3109 2400 3493 2454; x_wconf 88' lang='lat' dir='ltr'><strong>circumactus.</strong></span> 
     </span>
    </p>
   </div>
   <div class='ocr_carea' id='block_1_52' title="bbox 1907 2486 3491 2559">
    <p class='ocr_par' dir='ltr' id='par_1_52' title="bbox 1907 2486 3491 2559">
     <span class='ocr_line' id='line_1_52' title="bbox 1907 2486 3491 2559; baseline 0.004 -21"><span class='ocrx_word' id='word_1_386' title='bbox 1907 2486 2001 2539; x_wconf 86' lang='lat' dir='ltr'><strong>Vel</strong></span> <span class='ocrx_word' id='word_1_387' title='bbox 2051 2488 2179 2557; x_wconf 87' lang='lat' dir='ltr'><strong>quia</strong></span> <span class='ocrx_word' id='word_1_388' title='bbox 2243 2505 2408 2543; x_wconf 90' lang='lat' dir='ltr'><strong>unmn</strong></span> <span class='ocrx_word' id='word_1_389' title='bbox 2469 2491 2719 2559; x_wconf 88' lang='lat' dir='ltr'><strong>spiritum</strong></span> <span class='ocrx_word' id='word_1_390' title='bbox 2772 2506 2868 2558; x_wconf 88' lang='lat' dir='ltr'><strong>per</strong></span> <span class='ocrx_word' id='word_1_391' title='bbox 2929 2490 3088 2544; x_wconf 87' lang='lat' dir='ltr'><strong>lidem</strong></span> <span class='ocrx_word' id='word_1_392' title='bbox 3141 2491 3491 2559; x_wconf 81' lang='lat' dir='ltr'><strong>accipientes,</strong></span> 
     </span>
    </p>
   </div>
   <div class='ocr_carea' id='block_1_53' title="bbox 1907 2581 3492 2651">
    <p class='ocr_par' dir='ltr' id='par_1_53' title="bbox 1907 2581 3492 2651">
     <span class='ocr_line' id='line_1_53' title="bbox 1907 2581 3492 2651; baseline 0.001 -20"><span class='ocrx_word' id='word_1_393' title='bbox 1907 2581 2114 2635; x_wconf 78' lang='lat' dir='ltr'><strong>debetis</strong></span> <span class='ocrx_word' id='word_1_394' title='bbox 2156 2596 2279 2636; x_wconf 86' lang='lat' dir='ltr'><strong>esse</strong></span> <span class='ocrx_word' id='word_1_395' title='bbox 2316 2582 2641 2637; x_wconf 79' lang='lat' dir='ltr'><strong>concordes.</strong></span> <span class='ocrx_word' id='word_1_396' title='bbox 2692 2582 2791 2636; x_wconf 87' lang='lat' dir='ltr'><strong>Vel</strong></span> <span class='ocrx_word' id='word_1_397' title='bbox 2852 2583 3127 2651; x_wconf 85' lang='lat' dir='ltr'><strong>spiritum,</strong></span> <span class='ocrx_word' id='word_1_398' title='bbox 3182 2583 3492 2636; x_wconf 79' lang='lat' dir='ltr'><strong>unanimem</strong></span> 
     </span>
    </p>
   </div>
   <div class='ocr_carea' id='block_1_54' title="bbox 1910 2672 3495 2744">
    <p class='ocr_par' dir='ltr' id='par_1_54' title="bbox 1910 2672 3495 2744">
     <span class='ocr_line' id='line_1_54' title="bbox 1910 2672 3495 2744; baseline 0.004 -24"><span class='ocrx_word' id='word_1_399' title='bbox 1910 2673 2388 2740; x_wconf 74' lang='lat' dir='ltr'><strong>proinptitudinem</strong></span> <span class='ocrx_word' id='word_1_400' title='bbox 2423 2675 2557 2727; x_wconf 77' lang='lat' dir='ltr'><strong>dicit</strong></span> <span class='ocrx_word' id='word_1_401' title='bbox 2595 2684 2649 2729; x_wconf 89' lang='lat' dir='ltr'><strong>et</strong></span> <span class='ocrx_word' id='word_1_402' title='bbox 2706 2675 3169 2744; x_wconf 81' lang='lat' dir='ltr'><strong>conspirationem</strong></span> <span class='ocrx_word' id='word_1_403' title='bbox 3210 2690 3227 2727; x_wconf 91' lang='lat'>:</span> <span class='ocrx_word' id='word_1_404' title='bbox 3273 2672 3495 2744; x_wconf 89' lang='lat' dir='ltr'><strong>perinde</strong></span> 
     </span>
    </p>
   </div>
   <div class='ocr_carea' id='block_1_55' title="bbox 1909 2765 3198 2834">
    <p class='ocr_par' dir='ltr' id='par_1_55' title="bbox 1909 2765 3198 2834">
     <span class='ocr_line' id='line_1_55' title="bbox 1909 2765 3198 2834; baseline 0.003 -18"><span class='ocrx_word' id='word_1_405' title='bbox 1909 2779 1973 2818; x_wconf 86' lang='lat' dir='ltr'><strong>ac</strong></span> <span class='ocrx_word' id='word_1_406' title='bbox 2003 2765 2046 2818; x_wconf 87' lang='lat' dir='ltr'><strong>si</strong></span> <span class='ocrx_word' id='word_1_407' title='bbox 2078 2766 2301 2827; x_wconf 85' lang='lat' dir='ltr'><strong>diceret,</strong></span> <span class='ocrx_word' id='word_1_408' title='bbox 2340 2765 2515 2821; x_wconf 88' lang='lat' dir='ltr'><strong>Unum</strong></span> <span class='ocrx_word' id='word_1_409' title='bbox 2548 2780 2748 2834; x_wconf 83' lang='lat' dir='ltr'><strong>corpus</strong></span> <span class='ocrx_word' id='word_1_410' title='bbox 2780 2776 2835 2821; x_wconf 87' lang='lat' dir='ltr'><strong>et</strong></span> <span class='ocrx_word' id='word_1_411' title='bbox 2864 2782 2968 2820; x_wconf 89' lang='lat' dir='ltr'><strong>una</strong></span> <span class='ocrx_word' id='word_1_412' title='bbox 2997 2766 3198 2820; x_wconf 84' lang='lat' dir='ltr'><strong>anima.</strong></span> 
     </span>
    </p>
   </div>
   <div class='ocr_carea' id='block_1_56' title="bbox 1987 2856 3491 2925">
    <p class='ocr_par' dir='ltr' id='par_1_56' title="bbox 1987 2856 3491 2925">
     <span class='ocr_line' id='line_1_56' title="bbox 1987 2856 3491 2925; baseline 0.001 -16"><span class='ocrx_word' id='word_1_413' title='bbox 1987 2875 2007 2909; x_wconf 76' lang='grc' dir='ltr'><strong>ι</strong></span> <span class='ocrx_word' id='word_1_414' title='bbox 2042 2856 2193 2912; x_wconf 89' lang='lat' dir='ltr'><strong>Sicut</strong></span> <span class='ocrx_word' id='word_1_415' title='bbox 2217 2860 2391 2912; x_wconf 80' lang='lat' dir='ltr'><strong>vocati</strong></span> <span class='ocrx_word' id='word_1_416' title='bbox 2418 2859 2554 2914; x_wconf 78' lang='lat' dir='ltr'><strong>eSIis</strong></span> <span class='ocrx_word' id='word_1_417' title='bbox 2577 2860 2630 2913; x_wconf 92' lang='lat' dir='ltr'><strong>in</strong></span> <span class='ocrx_word' id='word_1_418' title='bbox 2652 2876 2756 2913; x_wconf 91' lang='lat' dir='ltr'><strong>una</strong></span> <span class='ocrx_word' id='word_1_419' title='bbox 2784 2874 2877 2925; x_wconf 77' lang='lat' dir='ltr'><strong>spe</strong></span> <span class='ocrx_word' id='word_1_420' title='bbox 2899 2858 3207 2913; x_wconf 82' lang='lat' dir='ltr'><strong>vocationis</strong></span> <span class='ocrx_word' id='word_1_421' title='bbox 3230 2866 3443 2912; x_wconf 62' lang='lat' dir='ltr'><strong>vestrae.</strong></span> <span class='ocrx_word' id='word_1_422' title='bbox 3470 2875 3491 2910; x_wconf 71' lang='grc' dir='ltr'>ι</span> 
     </span>
    </p>
   </div>
   <div class='ocr_carea' id='block_1_57' title="bbox 1910 2947 3495 3019">
    <p class='ocr_par' dir='ltr' id='par_1_57' title="bbox 1910 2947 3495 3019">
     <span class='ocr_line' id='line_1_57' title="bbox 1910 2947 3495 3019; baseline 0.003 -19"><span class='ocrx_word' id='word_1_423' title='bbox 1910 2947 2078 3013; x_wconf 88' lang='lat' dir='ltr'><strong>Deus,</strong></span> <span class='ocrx_word' id='word_1_424' title='bbox 2110 2950 2305 3019; x_wconf 91' lang='lat' dir='ltr'><strong>inquit,</strong></span> <span class='ocrx_word' id='word_1_425' title='bbox 2332 2952 2395 3003; x_wconf 90' lang='lat' dir='ltr'><strong>ad</strong></span> <span class='ocrx_word' id='word_1_426' title='bbox 2427 2952 2612 3005; x_wconf 84' lang='lat' dir='ltr'><strong>eadem</strong></span> <span class='ocrx_word' id='word_1_427' title='bbox 2647 2967 2743 3006; x_wconf 82' lang='lat' dir='ltr'><strong>vos</strong></span> <span class='ocrx_word' id='word_1_428' title='bbox 2778 2952 3011 3015; x_wconf 81' lang='lat' dir='ltr'><strong>vocavit,</strong></span> <span class='ocrx_word' id='word_1_429' title='bbox 3045 2951 3301 3006; x_wconf 87' lang='lat' dir='ltr'><strong>omnibus</strong></span> <span class='ocrx_word' id='word_1_430' title='bbox 3330 2951 3495 3005; x_wconf 81' lang='lat' dir='ltr'><strong>vitam</strong></span> 
     </span>
    </p>
   </div>
   <div class='ocr_carea' id='block_1_58' title="bbox 1910 3040 3498 3111">
    <p class='ocr_par' dir='ltr' id='par_1_58' title="bbox 1910 3040 3498 3111">
     <span class='ocr_line' id='line_1_58' title="bbox 1910 3040 3498 3111; baseline 0.003 -21"><span class='ocrx_word' id='word_1_431' title='bbox 1910 3040 2150 3104; x_wconf 81' lang='lat' dir='ltr'><strong>donavit,</strong></span> <span class='ocrx_word' id='word_1_432' title='bbox 2174 3041 2418 3094; x_wconf 82' lang='lat' dir='ltr'><strong>onntium</strong></span> <span class='ocrx_word' id='word_1_433' title='bbox 2460 3056 2524 3094; x_wconf 77' lang='lat' dir='ltr'><strong>ex</strong></span> <span class='ocrx_word' id='word_1_434' title='bbox 2558 3056 2715 3108; x_wconf 59' lang='lat' dir='ltr'><strong>atquo</strong></span> <span class='ocrx_word' id='word_1_435' title='bbox 2755 3050 2842 3097; x_wconf 82' lang='lat' dir='ltr'><strong>est</strong></span> <span class='ocrx_word' id='word_1_436' title='bbox 2879 3055 3061 3111; x_wconf 88' lang='lat' dir='ltr'><strong>caput,</strong></span> <span class='ocrx_word' id='word_1_437' title='bbox 3099 3056 3289 3097; x_wconf 86' lang='lat' dir='ltr'><strong>omnes</strong></span> <span class='ocrx_word' id='word_1_438' title='bbox 3337 3041 3498 3097; x_wconf 90' lang='lat' dir='ltr'><strong>simul</strong></span> 
     </span>
    </p>
   </div>
   <div class='ocr_carea' id='block_1_59' title="bbox 1912 3131 3497 3203">
    <p class='ocr_par' dir='ltr' id='par_1_59' title="bbox 1912 3131 3497 3203">
     <span class='ocr_line' id='line_1_59' title="bbox 1912 3131 3497 3203; baseline 0.003 -20"><span class='ocrx_word' id='word_1_439' title='bbox 1912 3131 2175 3183; x_wconf 61' lang='lat' dir='ltr'><strong>excitavit</strong></span> <span class='ocrx_word' id='word_1_440' title='bbox 2217 3145 2426 3195; x_wconf 72' lang='lat' dir='ltr'><strong>secum,</strong></span> <span class='ocrx_word' id='word_1_441' title='bbox 2458 3141 2511 3185; x_wconf 90' lang='lat' dir='ltr'><strong>et</strong></span> <span class='ocrx_word' id='word_1_442' title='bbox 2542 3138 2842 3188; x_wconf 87' lang='lat' dir='ltr'><strong>consedere</strong></span> <span class='ocrx_word' id='word_1_443' title='bbox 2872 3132 3019 3200; x_wconf 78' lang='lat' dir='ltr'><strong>fecit,</strong></span> <span class='ocrx_word' id='word_1_444' title='bbox 3073 3148 3138 3187; x_wconf 89' lang='lat' dir='ltr'><strong>ac</strong></span> <span class='ocrx_word' id='word_1_445' title='bbox 3180 3132 3497 3203; x_wconf 83' lang='lat' dir='ltr'><strong>simpliciter</strong></span> 
     </span>
    </p>
   </div>
   <div class='ocr_carea' id='block_1_60' title="bbox 234 3216 1807 3306">
    <p class='ocr_par' dir='ltr' id='par_1_60' title="bbox 234 3216 1804 3294">
     <span class='ocr_line' id='line_1_60' title="bbox 234 3216 1804 3294; baseline 0.006 -25"><span class='ocrx_word' id='word_1_446' title='bbox 234 3216 405 3282; x_wconf 82' lang='grc' dir='ltr'>ἁπλῶς</span> <span class='ocrx_word' id='word_1_447' title='bbox 432 3220 720 3291; x_wconf 78' lang='grc' dir='ltr'>ὁμοτίμως</span> <span class='ocrx_word' id='word_1_448' title='bbox 765 3224 977 3284; x_wconf 85' lang='grc' dir='ltr'>πάντας</span> <span class='ocrx_word' id='word_1_449' title='bbox 1014 3223 1406 3294; x_wconf 82' lang='grc' dir='ltr'>προσελάϐετο,</span> <span class='ocrx_word' id='word_1_450' title='bbox 1447 3223 1541 3276; x_wconf 79' lang='grc' dir='ltr'><strong>καὶ</strong></span> <span class='ocrx_word' id='word_1_451' title='bbox 1571 3225 1637 3277; x_wconf 80' lang='grc' dir='ltr'><strong>τὰ</strong></span> <span class='ocrx_word' id='word_1_452' title='bbox 1665 3224 1804 3278; x_wconf 81' lang='grc' dir='ltr'>αὐτὰ</span> 
     </span>
    </p>
   </div>
   <div class='ocr_carea' id='block_1_61' title="bbox 1921 3216 3499 3306">
    <p class='ocr_par' dir='ltr' id='par_1_61' title="bbox 1921 3220 3499 3293">
     <span class='ocr_line' id='line_1_61' title="bbox 1921 3220 3499 3293; baseline 0.004 -20"><span class='ocrx_word' id='word_1_453' title='bbox 1921 3221 2109 3285; x_wconf 76' lang='lat' dir='ltr'><strong>eodem</strong></span> <span class='ocrx_word' id='word_1_454' title='bbox 2141 3220 2346 3276; x_wconf 86' lang='lat' dir='ltr'><strong>honore</strong></span> <span class='ocrx_word' id='word_1_455' title='bbox 2386 3236 2576 3275; x_wconf 87' lang='lat' dir='ltr'><strong>omnes</strong></span> <span class='ocrx_word' id='word_1_456' title='bbox 2608 3222 2843 3291; x_wconf 79' lang='lat' dir='ltr'><strong>excepit,</strong></span> <span class='ocrx_word' id='word_1_457' title='bbox 2879 3234 3042 3293; x_wconf 87' lang='lat' dir='ltr'><strong>atque</strong></span> <span class='ocrx_word' id='word_1_458' title='bbox 3071 3222 3261 3278; x_wconf 87' lang='lat' dir='ltr'><strong>eadem</strong></span> <span class='ocrx_word' id='word_1_459' title='bbox 3310 3236 3499 3279; x_wconf 85' lang='lat' dir='ltr'><strong>omnes</strong></span> 
     </span>
    </p>
   </div>
   <div class='ocr_carea' id='block_1_62' title="bbox 237 3310 1805 3384">
    <p class='ocr_par' dir='ltr' id='par_1_62' title="bbox 237 3310 1805 3384">
     <span class='ocr_line' id='line_1_62' title="bbox 237 3310 1805 3384; baseline 0.007 -24"><span class='ocrx_word' id='word_1_460' title='bbox 237 3310 512 3383; x_wconf 77' lang='grc' dir='ltr'><strong>ἐλπίζομεν</strong></span> <span class='ocrx_word' id='word_1_461' title='bbox 543 3314 773 3375; x_wconf 77' lang='grc' dir='ltr'>πάντες.</span> <span class='ocrx_word' id='word_1_462' title='bbox 818 3314 1094 3384; x_wconf 78' lang='grc' dir='ltr'>Ὀφείλετε</span> <span class='ocrx_word' id='word_1_463' title='bbox 1120 3311 1213 3369; x_wconf 83' lang='grc' dir='ltr'>οὖν</span> <span class='ocrx_word' id='word_1_464' title='bbox 1256 3315 1315 3369; x_wconf 84' lang='grc' dir='ltr'><strong>ἓν</strong></span> <span class='ocrx_word' id='word_1_465' title='bbox 1342 3313 1485 3369; x_wconf 71' lang='grc' dir='ltr'>εἶναι</span> <span class='ocrx_word' id='word_1_466' title='bbox 1529 3316 1627 3370; x_wconf 77' lang='grc' dir='ltr'>καὶ</span> <span class='ocrx_word' id='word_1_467' title='bbox 1664 3319 1805 3371; x_wconf 75' lang='grc' dir='ltr'>κατὰ</span> 
     </span>
    </p>
   </div>
   <div class='ocr_carea' id='block_1_63' title="bbox 235 3401 1803 3483">
    <p class='ocr_par' dir='ltr' id='par_1_63' title="bbox 235 3401 1803 3483">
     <span class='ocr_line' id='line_1_63' title="bbox 235 3401 1803 3483; baseline 0.004 -30"><span class='ocrx_word' id='word_1_468' title='bbox 235 3401 323 3473; x_wconf 80' lang='grc' dir='ltr'><strong>τὴν</strong></span> <span class='ocrx_word' id='word_1_469' title='bbox 347 3404 441 3475; x_wconf 81' lang='grc' dir='ltr'>τῆς</span> <span class='ocrx_word' id='word_1_470' title='bbox 484 3407 713 3475; x_wconf 76' lang='grc' dir='ltr'>ἀγάπης</span> <span class='ocrx_word' id='word_1_471' title='bbox 766 3407 1014 3476; x_wconf 80' lang='grc' dir='ltr'>ἑνότητα.</span> <span class='ocrx_word' id='word_1_472' title='bbox 1080 3406 1169 3460; x_wconf 86' lang='grc' dir='ltr'><strong>Ἐν</strong></span> <span class='ocrx_word' id='word_1_473' title='bbox 1222 3410 1331 3480; x_wconf 81' lang='grc' dir='ltr'>γὰρ</span> <span class='ocrx_word' id='word_1_474' title='bbox 1388 3411 1501 3473; x_wconf 83' lang='grc' dir='ltr'>τοῖς</span> <span class='ocrx_word' id='word_1_475' title='bbox 1548 3409 1803 3483; x_wconf 85' lang='grc' dir='ltr'>οὐρανοῖς</span> 
     </span>
    </p>
   </div>
   <div class='ocr_carea' id='block_1_64' title="bbox 236 3489 1254 3569">
    <p class='ocr_par' dir='ltr' id='par_1_64' title="bbox 236 3489 1254 3569">
     <span class='ocr_line' id='line_1_64' title="bbox 236 3489 1254 3569; baseline 0.009 -27"><span class='ocrx_word' id='word_1_476' title='bbox 236 3489 351 3559; x_wconf 76' lang='grc' dir='ltr'>ἶσοι,</span> <span class='ocrx_word' id='word_1_477' title='bbox 379 3497 482 3550; x_wconf 81' lang='grc' dir='ltr'>κᾶν</span> <span class='ocrx_word' id='word_1_478' title='bbox 503 3500 550 3530; x_wconf 86' lang='grc'><strong>³³</strong></span> <span class='ocrx_word' id='word_1_479' title='bbox 579 3502 642 3553; x_wconf 82' lang='grc' dir='ltr'><strong>ὲν</strong></span> <span class='ocrx_word' id='word_1_480' title='bbox 669 3501 732 3569; x_wconf 82' lang='grc' dir='ltr'>τῇ</span> <span class='ocrx_word' id='word_1_481' title='bbox 766 3502 835 3569; x_wconf 85' lang='grc' dir='ltr'><strong>γῇ</strong></span> <span class='ocrx_word' id='word_1_482' title='bbox 867 3497 1254 3568; x_wconf 84' lang='grc' dir='ltr'>διεστήκαμεν.</span> 
     </span>
    </p>
   </div>
   <div class='ocr_carea' id='block_1_65' title="bbox 303 3582 1808 3664">
    <p class='ocr_par' dir='ltr' id='par_1_65' title="bbox 303 3582 1808 3664">
     <span class='ocr_line' id='line_1_65' title="bbox 303 3582 1808 3664; baseline 0.005 -26"><span class='ocrx_word' id='word_1_483' title='bbox 303 3605 322 3638; x_wconf 74' lang='grc' dir='ltr'>ι</span> <span class='ocrx_word' id='word_1_484' title='bbox 352 3582 439 3652; x_wconf 79' lang='grc' dir='ltr'><strong>Εἷς</strong></span> <span class='ocrx_word' id='word_1_485' title='bbox 464 3590 696 3661; x_wconf 78' lang='grc' dir='ltr'>Κύριος,</span> <span class='ocrx_word' id='word_1_486' title='bbox 737 3592 838 3659; x_wconf 87' lang='grc' dir='ltr'><strong>μία</strong></span> <span class='ocrx_word' id='word_1_487' title='bbox 860 3591 1065 3653; x_wconf 78' lang='grc' dir='ltr'>πίστις,</span> <span class='ocrx_word' id='word_1_488' title='bbox 1094 3590 1153 3643; x_wconf 77' lang='grc' dir='ltr'><strong>ἓν</strong></span> <span class='ocrx_word' id='word_1_489' title='bbox 1182 3590 1486 3661; x_wconf 81' lang='grc' dir='ltr'><strong>βάπτισμα.</strong></span> <span class='ocrx_word' id='word_1_490' title='bbox 1519 3608 1537 3641; x_wconf 74' lang='grc' dir='ltr'>ι</span> <span class='ocrx_word' id='word_1_491' title='bbox 1570 3592 1662 3663; x_wconf 83' lang='grc' dir='ltr'><strong>Μὴ</strong></span> <span class='ocrx_word' id='word_1_492' title='bbox 1696 3590 1808 3664; x_wconf 81' lang='grc' dir='ltr'><strong>γὰρ</strong></span> 
     </span>
    </p>
   </div>
   <div class='ocr_carea' id='block_1_66' title="bbox 239 3679 1807 3752">
    <p class='ocr_par' dir='ltr' id='par_1_66' title="bbox 239 3679 1807 3752">
     <span class='ocr_line' id='line_1_66' title="bbox 239 3679 1807 3752; baseline 0.004 -21"><span class='ocrx_word' id='word_1_493' title='bbox 239 3679 298 3731; x_wconf 72' lang='grc' dir='ltr'>σὺ</span> <span class='ocrx_word' id='word_1_494' title='bbox 328 3680 420 3748; x_wconf 76' lang='grc' dir='ltr'><strong>μὲν</strong></span> <span class='ocrx_word' id='word_1_495' title='bbox 460 3684 694 3752; x_wconf 75' lang='grc' dir='ltr'>μείζονα</span> <span class='ocrx_word' id='word_1_496' title='bbox 741 3684 885 3752; x_wconf 77' lang='grc' dir='ltr'>ἔχεις</span> <span class='ocrx_word' id='word_1_497' title='bbox 917 3682 1145 3752; x_wconf 83' lang='grc' dir='ltr'>Κύριον,</span> <span class='ocrx_word' id='word_1_498' title='bbox 1173 3684 1382 3746; x_wconf 77' lang='grc' dir='ltr'>ἐκεῖνος</span> <span class='ocrx_word' id='word_1_499' title='bbox 1417 3683 1474 3736; x_wconf 79' lang='grc' dir='ltr'>δὲ</span> <span class='ocrx_word' id='word_1_500' title='bbox 1509 3683 1807 3738; x_wconf 78' lang='grc' dir='ltr'>ἐλάττοναο</span> 
     </span>
    </p>
   </div>
   <div class='ocr_carea' id='block_1_67' title="bbox 241 3770 1811 3846">
    <p class='ocr_par' dir='ltr' id='par_1_67' title="bbox 241 3770 1811 3846">
     <span class='ocr_line' id='line_1_67' title="bbox 241 3770 1811 3846; baseline -0.001 -19"><span class='ocrx_word' id='word_1_501' title='bbox 241 3770 308 3842; x_wconf 79' lang='grc' dir='ltr'><strong>μὴ</strong></span> <span class='ocrx_word' id='word_1_502' title='bbox 343 3774 447 3845; x_wconf 84' lang='grc' dir='ltr'>γὰρ</span> <span class='ocrx_word' id='word_1_503' title='bbox 477 3776 541 3828; x_wconf 73' lang='grc' dir='ltr'>σὺ</span> <span class='ocrx_word' id='word_1_504' title='bbox 589 3775 693 3846; x_wconf 83' lang='grc' dir='ltr'><strong>μὲν</strong></span> <span class='ocrx_word' id='word_1_505' title='bbox 737 3774 845 3828; x_wconf 78' lang='grc' dir='ltr'><strong>ἀπὸ</strong></span> <span class='ocrx_word' id='word_1_506' title='bbox 892 3774 1151 3839; x_wconf 85' lang='grc' dir='ltr'>πίστεως,</span> <span class='ocrx_word' id='word_1_507' title='bbox 1182 3775 1390 3836; x_wconf 78' lang='grc' dir='ltr'>ἐκεῖνος</span> <span class='ocrx_word' id='word_1_508' title='bbox 1427 3773 1485 3826; x_wconf 79' lang='grc' dir='ltr'>δὲ</span> <span class='ocrx_word' id='word_1_509' title='bbox 1527 3773 1586 3840; x_wconf 77' lang='grc' dir='ltr'><strong>ἐξ</strong></span> <span class='ocrx_word' id='word_1_510' title='bbox 1631 3774 1811 3844; x_wconf 78' lang='grc' dir='ltr'>ἔργων</span> 
     </span>
    </p>
   </div>
   <div class='ocr_carea' id='block_1_68' title="bbox 240 3864 1811 3940">
    <p class='ocr_par' dir='ltr' id='par_1_68' title="bbox 240 3864 1811 3940">
     <span class='ocr_line' id='line_1_68' title="bbox 240 3864 1811 3940; baseline 0 -19"><span class='ocrx_word' id='word_1_511' title='bbox 240 3864 430 3936; x_wconf 68' lang='grc' dir='ltr'>ἐσώθη·</span> <span class='ocrx_word' id='word_1_512' title='bbox 460 3868 536 3940; x_wconf 77' lang='grc' dir='ltr'><strong>μὴ</strong></span> <span class='ocrx_word' id='word_1_513' title='bbox 565 3868 682 3938; x_wconf 74' lang='grc' dir='ltr'>γὰρ</span> <span class='ocrx_word' id='word_1_514' title='bbox 723 3870 788 3921; x_wconf 78' lang='grc' dir='ltr'>σὺ</span> <span class='ocrx_word' id='word_1_515' title='bbox 823 3867 922 3937; x_wconf 78' lang='grc' dir='ltr'><strong>μὲν</strong></span> <span class='ocrx_word' id='word_1_516' title='bbox 955 3867 1065 3920; x_wconf 79' lang='grc' dir='ltr'><strong>ἀπὸ</strong></span> <span class='ocrx_word' id='word_1_517' title='bbox 1103 3866 1199 3920; x_wconf 84' lang='grc' dir='ltr'>τοῦ</span> <span class='ocrx_word' id='word_1_518' title='bbox 1232 3866 1608 3937; x_wconf 80' lang='grc' dir='ltr'>βαπτίσματος</span> <span class='ocrx_word' id='word_1_519' title='bbox 1647 3866 1811 3938; x_wconf 78' lang='grc' dir='ltr'>ἠλευ-</span> 
     </span>
    </p>
   </div>
   <div class='ocr_carea' id='block_1_69' title="bbox 242 3958 936 4029">
    <p class='ocr_par' dir='ltr' id='par_1_69' title="bbox 242 3958 936 4029">
     <span class='ocr_line' id='line_1_69' title="bbox 242 3958 936 4029; baseline 0.009 -21"><span class='ocrx_word' id='word_1_520' title='bbox 242 3958 491 4029; x_wconf 81' lang='grc' dir='ltr'>Θερώθης,</span> <span class='ocrx_word' id='word_1_521' title='bbox 517 3963 731 4025; x_wconf 80' lang='grc' dir='ltr'><strong>ἐκεῖνος</strong></span> <span class='ocrx_word' id='word_1_522' title='bbox 770 3962 828 4013; x_wconf 79' lang='grc' dir='ltr'>δὲ</span> <span class='ocrx_word' id='word_1_523' title='bbox 852 3960 936 4014; x_wconf 81' lang='grc' dir='ltr'><strong>οῦ.</strong></span> 
     </span>
    </p>
   </div>
   <div class='ocr_carea' id='block_1_70' title="bbox 309 4045 1813 4123">
    <p class='ocr_par' dir='ltr' id='par_1_70' title="bbox 309 4045 1813 4123">
     <span class='ocr_line' id='line_1_70' title="bbox 309 4045 1813 4123; baseline 0.004 -23"><span class='ocrx_word' id='word_1_524' title='bbox 309 4067 328 4100; x_wconf 75' lang='grc' dir='ltr'><strong>ι</strong></span> <span class='ocrx_word' id='word_1_525' title='bbox 363 4045 451 4113; x_wconf 76' lang='grc' dir='ltr'>Εἷς</span> <span class='ocrx_word' id='word_1_526' title='bbox 479 4051 614 4115; x_wconf 82' lang='grc' dir='ltr'>Θεὸς</span> <span class='ocrx_word' id='word_1_527' title='bbox 647 4051 741 4105; x_wconf 79' lang='grc' dir='ltr'><strong>καὶ</strong></span> <span class='ocrx_word' id='word_1_528' title='bbox 768 4050 960 4123; x_wconf 72' lang='grc' dir='ltr'>Πατὴρ</span> <span class='ocrx_word' id='word_1_529' title='bbox 993 4050 1235 4117; x_wconf 80' lang='grc' dir='ltr'>πάντων,</span> <span class='ocrx_word' id='word_1_530' title='bbox 1277 4054 1305 4106; x_wconf 91' lang='lat'><strong>6</strong></span> <span class='ocrx_word' id='word_1_531' title='bbox 1330 4051 1426 4106; x_wconf 66' lang='grc' dir='ltr'><strong>ἐπὶ</strong></span> <span class='ocrx_word' id='word_1_532' title='bbox 1451 4051 1690 4119; x_wconf 84' lang='grc' dir='ltr'>πάντων,</span> <span class='ocrx_word' id='word_1_533' title='bbox 1716 4052 1813 4107; x_wconf 83' lang='grc' dir='ltr'><strong>καὶ</strong></span> 
     </span>
    </p>
   </div>
   <div class='ocr_carea' id='block_1_71' title="bbox 241 4139 1813 4214">
    <p class='ocr_par' dir='ltr' id='par_1_71' title="bbox 241 4139 1813 4214">
     <span class='ocr_line' id='line_1_71' title="bbox 241 4139 1813 4214; baseline 0.006 -23"><span class='ocrx_word' id='word_1_534' title='bbox 241 4139 323 4193; x_wconf 76' lang='grc' dir='ltr'><strong>διὰ</strong></span> <span class='ocrx_word' id='word_1_535' title='bbox 371 4142 611 4210; x_wconf 79' lang='grc' dir='ltr'>πάντων,</span> <span class='ocrx_word' id='word_1_536' title='bbox 664 4144 759 4197; x_wconf 78' lang='grc' dir='ltr'>καὶ</span> <span class='ocrx_word' id='word_1_537' title='bbox 802 4144 860 4196; x_wconf 84' lang='grc' dir='ltr'><strong>ὲν</strong></span> <span class='ocrx_word' id='word_1_538' title='bbox 910 4145 1079 4197; x_wconf 85' lang='grc' dir='ltr'>πᾶσιν</span> <span class='ocrx_word' id='word_1_539' title='bbox 1131 4143 1282 4214; x_wconf 80' lang='grc' dir='ltr'><strong>ὑμῖν.</strong></span> <span class='ocrx_word' id='word_1_540' title='bbox 1335 4164 1355 4197; x_wconf 74' lang='grc' dir='ltr'>ι</span> <span class='ocrx_word' id='word_1_541' title='bbox 1391 4146 1707 4208; x_wconf 87' lang='grc' dir='ltr'>Τουτέστιν,</span> <span class='ocrx_word' id='word_1_542' title='bbox 1750 4145 1813 4200; x_wconf 85' lang='grc' dir='ltr'>Ὀ</span> 
     </span>
    </p>
   </div>
   <div class='ocr_carea' id='block_1_72' title="bbox 243 4233 1815 4312">
    <p class='ocr_par' dir='ltr' id='par_1_72' title="bbox 243 4233 1815 4312">
     <span class='ocr_line' id='line_1_72' title="bbox 243 4233 1815 4312; baseline 0.006 -28"><span class='ocrx_word' id='word_1_543' title='bbox 243 4233 414 4289; x_wconf 80' lang='grc' dir='ltr'><strong>ἐπάνω</strong></span> <span class='ocrx_word' id='word_1_544' title='bbox 442 4240 689 4303; x_wconf 80' lang='grc' dir='ltr'>πάντων,</span> <span class='ocrx_word' id='word_1_545' title='bbox 739 4237 834 4292; x_wconf 77' lang='grc' dir='ltr'><strong>καὶ</strong></span> <span class='ocrx_word' id='word_1_546' title='bbox 863 4237 952 4292; x_wconf 82' lang='grc' dir='ltr'><strong>διὰ</strong></span> <span class='ocrx_word' id='word_1_547' title='bbox 994 4238 1212 4294; x_wconf 83' lang='grc' dir='ltr'>πάντων</span> <span class='ocrx_word' id='word_1_548' title='bbox 1246 4240 1442 4311; x_wconf 80' lang='grc' dir='ltr'>χωρῶν</span> <span class='ocrx_word' id='word_1_549' title='bbox 1478 4244 1546 4312; x_wconf 82' lang='grc' dir='ltr'>τῇ</span> <span class='ocrx_word' id='word_1_550' title='bbox 1581 4240 1815 4311; x_wconf 82' lang='grc' dir='ltr'>προνοίᾳ</span> 
     </span>
    </p>
   </div>
   <div class='ocr_carea' id='block_1_73' title="bbox 244 4328 1813 4406">
    <p class='ocr_par' dir='ltr' id='par_1_73' title="bbox 244 4328 1813 4406">
     <span class='ocr_line' id='line_1_73' title="bbox 244 4328 1813 4406; baseline 0.003 -22"><span class='ocrx_word' id='word_1_551' title='bbox 244 4328 330 4384; x_wconf 68' lang='grc' dir='ltr'><strong>καὶ</strong></span> <span class='ocrx_word' id='word_1_552' title='bbox 350 4329 634 4402; x_wconf 82' lang='grc' dir='ltr'>διοικήσει,</span> <span class='ocrx_word' id='word_1_553' title='bbox 666 4333 758 4386; x_wconf 71' lang='grc' dir='ltr'>καὶ</span> <span class='ocrx_word' id='word_1_554' title='bbox 785 4334 844 4386; x_wconf 80' lang='grc' dir='ltr'><strong>ὲν</strong></span> <span class='ocrx_word' id='word_1_555' title='bbox 878 4334 1044 4386; x_wconf 82' lang='grc' dir='ltr'>πᾶσιν</span> <span class='ocrx_word' id='word_1_556' title='bbox 1072 4335 1201 4404; x_wconf 81' lang='grc' dir='ltr'>ὑμῖν</span> <span class='ocrx_word' id='word_1_557' title='bbox 1234 4335 1534 4389; x_wconf 84' lang='grc' dir='ltr'>κατοικῶν.</span> <span class='ocrx_word' id='word_1_558' title='bbox 1559 4337 1813 4406; x_wconf 80' lang='grc' dir='ltr'>Σημείω·</span> 
     </span>
    </p>
   </div>
   <div class='ocr_carea' id='block_1_74' title="bbox 248 4419 1813 4499">
    <p class='ocr_par' dir='ltr' id='par_1_74' title="bbox 248 4419 1813 4499">
     <span class='ocr_line' id='line_1_74' title="bbox 248 4419 1813 4499; baseline 0.01 -32"><span class='ocrx_word' id='word_1_559' title='bbox 248 4432 330 4469; x_wconf 88' lang='grc' dir='ltr'><strong>σαι</strong></span> <span class='ocrx_word' id='word_1_560' title='bbox 369 4419 446 4486; x_wconf 75' lang='grc' dir='ltr'>δὲ,</span> <span class='ocrx_word' id='word_1_561' title='bbox 474 4423 555 4477; x_wconf 85' lang='grc' dir='ltr'>ὅτι</span> <span class='ocrx_word' id='word_1_562' title='bbox 599 4423 651 4477; x_wconf 75' lang='lat' dir='ltr'><strong>oi</strong></span> <span class='ocrx_word' id='word_1_563' title='bbox 688 4424 788 4493; x_wconf 86' lang='grc' dir='ltr'><strong>μὲν</strong></span> <span class='ocrx_word' id='word_1_564' title='bbox 817 4425 1086 4495; x_wconf 74' lang='grc' dir='ltr'>αἱρετικοὶ</span> <span class='ocrx_word' id='word_1_565' title='bbox 1111 4426 1232 4496; x_wconf 79' lang='grc' dir='ltr'>τὴν,</span> <span class='ocrx_word' id='word_1_566' title='bbox 1274 4447 1292 4478; x_wconf 75' lang='grc' dir='ltr'>ι</span> <span class='ocrx_word' id='word_1_567' title='bbox 1328 4427 1449 4494; x_wconf 80' lang='grc' dir='ltr'>Διὰ,</span> <span class='ocrx_word' id='word_1_568' title='bbox 1491 4448 1509 4480; x_wconf 72' lang='grc' dir='ltr'>ι</span> <span class='ocrx_word' id='word_1_569' title='bbox 1544 4429 1813 4499; x_wconf 81' lang='grc' dir='ltr'>’πρόθεσιν</span> 
     </span>
    </p>
   </div>
   <div class='ocr_carea' id='block_1_75' title="bbox 248 4505 1810 4589">
    <p class='ocr_par' dir='ltr' id='par_1_75' title="bbox 248 4505 1810 4589">
     <span class='ocr_line' id='line_1_75' title="bbox 248 4505 1810 4589; baseline 0.008 -30"><span class='ocrx_word' id='word_1_570' title='bbox 248 4505 603 4580; x_wconf 77' lang='grc' dir='ltr'>ἁποκληροῦσι</span> <span class='ocrx_word' id='word_1_571' title='bbox 624 4512 701 4584; x_wconf 82' lang='grc' dir='ltr'>τῷ</span> <span class='ocrx_word' id='word_1_572' title='bbox 722 4514 857 4584; x_wconf 86' lang='grc' dir='ltr'>Υἰῷ,</span> <span class='ocrx_word' id='word_1_573' title='bbox 887 4514 1124 4583; x_wconf 78' lang='grc' dir='ltr'>καὶτὴν,</span> <span class='ocrx_word' id='word_1_574' title='bbox 1160 4535 1178 4567; x_wconf 80' lang='grc' dir='ltr'>ι</span> <span class='ocrx_word' id='word_1_575' title='bbox 1226 4517 1371 4584; x_wconf 77' lang='grc' dir='ltr'>Ἐν,ι</span> <span class='ocrx_word' id='word_1_576' title='bbox 1406 4518 1485 4589; x_wconf 80' lang='grc' dir='ltr'>τῷ</span> <span class='ocrx_word' id='word_1_577' title='bbox 1511 4519 1810 4589; x_wconf 84' lang='grc' dir='ltr'>[Ινεύματι,</span> 
     </span>
    </p>
   </div>
   <div class='ocr_carea' id='block_1_76' title="bbox 1912 3304 3498 3379">
    <p class='ocr_par' dir='ltr' id='par_1_76' title="bbox 1912 3304 3498 3379">
     <span class='ocr_line' id='line_1_76' title="bbox 1912 3304 3498 3379; baseline 0.002 -17"><span class='ocrx_word' id='word_1_578' title='bbox 1912 3324 2221 3379; x_wconf 82' lang='lat' dir='ltr'><strong>speramus.</strong></span> <span class='ocrx_word' id='word_1_579' title='bbox 2273 3309 2493 3365; x_wconf 88' lang='lat' dir='ltr'><strong>Debetis</strong></span> <span class='ocrx_word' id='word_1_580' title='bbox 2542 3311 2707 3379; x_wconf 80' lang='lat' dir='ltr'><strong>igitur</strong></span> <span class='ocrx_word' id='word_1_581' title='bbox 2756 3328 2921 3366; x_wconf 91' lang='lat' dir='ltr'><strong>unum</strong></span> <span class='ocrx_word' id='word_1_582' title='bbox 2985 3327 3144 3379; x_wconf 82' lang='lat' dir='ltr'><strong>esse,</strong></span> <span class='ocrx_word' id='word_1_583' title='bbox 3200 3304 3498 3369; x_wconf 79' lang='lat' dir='ltr'><strong>secundum</strong></span> 
     </span>
    </p>
   </div>
   <div class='ocr_carea' id='block_1_77' title="bbox 1909 3400 3497 3472">
    <p class='ocr_par' dir='ltr' id='par_1_77' title="bbox 1909 3400 3497 3472">
     <span class='ocr_line' id='line_1_77' title="bbox 1909 3400 3497 3472; baseline 0 -16"><span class='ocrx_word' id='word_1_584' title='bbox 1909 3400 2199 3456; x_wconf 87' lang='lat' dir='ltr'><strong>charitatis</strong></span> <span class='ocrx_word' id='word_1_585' title='bbox 2260 3401 2427 3455; x_wconf 86' lang='lat' dir='ltr'><strong>etiam</strong></span> <span class='ocrx_word' id='word_1_586' title='bbox 2489 3401 2950 3472; x_wconf 71' lang='lat' dir='ltr'><strong>coniunctionem.</strong></span> <span class='ocrx_word' id='word_1_587' title='bbox 3009 3404 3068 3457; x_wconf 92' lang='lat' dir='ltr'><strong>In</strong></span> <span class='ocrx_word' id='word_1_588' title='bbox 3127 3403 3287 3458; x_wconf 63' lang='lat' dir='ltr'><strong>caelis</strong></span> <span class='ocrx_word' id='word_1_589' title='bbox 3348 3403 3497 3457; x_wconf 89' lang='lat' dir='ltr'><strong>enim</strong></span> 
     </span>
    </p>
   </div>
   <div class='ocr_carea' id='block_1_78' title="bbox 1913 3493 3493 3561">
    <p class='ocr_par' dir='ltr' id='par_1_78' title="bbox 1913 3493 3493 3561">
     <span class='ocr_line' id='line_1_78' title="bbox 1913 3493 3493 3561; baseline 0.001 -14"><span class='ocrx_word' id='word_1_590' title='bbox 1913 3493 2154 3561; x_wconf 64' lang='lat' dir='ltr'><strong>aequales</strong></span> <span class='ocrx_word' id='word_1_591' title='bbox 2178 3493 2404 3559; x_wconf 83' lang='lat' dir='ltr'><strong>erimus,</strong></span> <span class='ocrx_word' id='word_1_592' title='bbox 2449 3494 2663 3548; x_wconf 88' lang='lat' dir='ltr'><strong>etiamsi</strong></span> <span class='ocrx_word' id='word_1_593' title='bbox 2694 3493 2748 3548; x_wconf 92' lang='lat' dir='ltr'><strong>in</strong></span> <span class='ocrx_word' id='word_1_594' title='bbox 2779 3504 2924 3549; x_wconf 88' lang='lat' dir='ltr'><strong>terra</strong></span> <span class='ocrx_word' id='word_1_595' title='bbox 2951 3496 3244 3550; x_wconf 83' lang='lat' dir='ltr'><strong>dissimiles</strong></span> <span class='ocrx_word' id='word_1_596' title='bbox 3282 3510 3493 3549; x_wconf 88' lang='lat' dir='ltr'><strong>sumus.</strong></span> 
     </span>
    </p>
   </div>
   <div class='ocr_carea' id='block_1_79' title="bbox 1990 3584 3501 3653">
    <p class='ocr_par' dir='ltr' id='par_1_79' title="bbox 1990 3584 3501 3653">
     <span class='ocr_line' id='line_1_79' title="bbox 1990 3584 3501 3653; baseline 0.002 -14"><span class='ocrx_word' id='word_1_597' title='bbox 1990 3586 2153 3640; x_wconf 72' lang='lat' dir='ltr'><strong>Vens.</strong></span> <span class='ocrx_word' id='word_1_598' title='bbox 2189 3586 2243 3641; x_wconf 89' lang='lat'><strong>7.</strong></span> <span class='ocrx_word' id='word_1_599' title='bbox 2298 3603 2316 3636; x_wconf 79' lang='grc' dir='ltr'><strong>ι</strong></span> <span class='ocrx_word' id='word_1_600' title='bbox 2358 3585 2510 3641; x_wconf 87' lang='lat' dir='ltr'><strong>Unus</strong></span> <span class='ocrx_word' id='word_1_601' title='bbox 2559 3584 2841 3652; x_wconf 81' lang='lat' dir='ltr'><strong>Dominus,</strong></span> <span class='ocrx_word' id='word_1_602' title='bbox 2885 3604 2991 3642; x_wconf 91' lang='lat' dir='ltr'><strong>uua</strong></span> <span class='ocrx_word' id='word_1_603' title='bbox 3025 3587 3179 3653; x_wconf 86' lang='lat' dir='ltr'><strong>ﬁdes,</strong></span> <span class='ocrx_word' id='word_1_604' title='bbox 3216 3604 3380 3642; x_wconf 90' lang='lat' dir='ltr'><strong>unum</strong></span> <span class='ocrx_word' id='word_1_605' title='bbox 3413 3588 3501 3642; x_wconf 85' lang='lat' dir='ltr'><strong>ba-</strong></span> 
     </span>
    </p>
   </div>
   <div class='ocr_carea' id='block_1_80' title="bbox 1914 3678 3498 3750">
    <p class='ocr_par' dir='ltr' id='par_1_80' title="bbox 1914 3678 3498 3750">
     <span class='ocr_line' id='line_1_80' title="bbox 1914 3678 3498 3750; baseline -0.002 -17"><span class='ocrx_word' id='word_1_606' title='bbox 1914 3679 2133 3750; x_wconf 87' lang='lat' dir='ltr'><strong>ptisma.</strong></span> <span class='ocrx_word' id='word_1_607' title='bbox 2159 3693 2200 3731; x_wconf 76' lang='grc' dir='ltr'><strong>Ἰ</strong></span> <span class='ocrx_word' id='word_1_608' title='bbox 2238 3678 2351 3732; x_wconf 87' lang='grc' dir='ltr'><strong>Νοη</strong></span> <span class='ocrx_word' id='word_1_609' title='bbox 2393 3679 2537 3736; x_wconf 87' lang='lat' dir='ltr'><strong>enim</strong></span> <span class='ocrx_word' id='word_1_610' title='bbox 2574 3689 2626 3732; x_wconf 92' lang='lat' dir='ltr'><strong>tu</strong></span> <span class='ocrx_word' id='word_1_611' title='bbox 2667 3678 2929 3749; x_wconf 86' lang='lat' dir='ltr'><strong>majorem</strong></span> <span class='ocrx_word' id='word_1_612' title='bbox 2984 3681 3151 3735; x_wconf 86' lang='lat' dir='ltr'><strong>habes</strong></span> <span class='ocrx_word' id='word_1_613' title='bbox 3188 3679 3498 3744; x_wconf 90' lang='lat' dir='ltr'><strong>Dominum,</strong></span> 
     </span>
    </p>
   </div>
   <div class='ocr_carea' id='block_1_81' title="bbox 1914 3772 3498 3839">
    <p class='ocr_par' dir='ltr' id='par_1_81' title="bbox 1914 3772 3498 3839">
     <span class='ocr_line' id='line_1_81' title="bbox 1914 3772 3498 3839; baseline 0.001 -14"><span class='ocrx_word' id='word_1_614' title='bbox 1914 3772 2004 3826; x_wconf 89' lang='lat' dir='ltr'><strong>ille</strong></span> <span class='ocrx_word' id='word_1_615' title='bbox 2051 3786 2184 3826; x_wconf 73' lang='lat' dir='ltr'><strong>vero</strong></span> <span class='ocrx_word' id='word_1_616' title='bbox 2236 3776 2543 3839; x_wconf 84' lang='lat' dir='ltr'><strong>minorem;</strong></span> <span class='ocrx_word' id='word_1_617' title='bbox 2594 3788 2699 3828; x_wconf 90' lang='lat' dir='ltr'><strong>non</strong></span> <span class='ocrx_word' id='word_1_618' title='bbox 2750 3784 2804 3826; x_wconf 90' lang='lat' dir='ltr'><strong>tu</strong></span> <span class='ocrx_word' id='word_1_619' title='bbox 2851 3788 2917 3827; x_wconf 79' lang='lat' dir='ltr'><strong>ex</strong></span> <span class='ocrx_word' id='word_1_620' title='bbox 2966 3772 3090 3838; x_wconf 82' lang='lat' dir='ltr'><strong>ﬁde,</strong></span> <span class='ocrx_word' id='word_1_621' title='bbox 3124 3773 3213 3829; x_wconf 90' lang='lat' dir='ltr'><strong>ille</strong></span> <span class='ocrx_word' id='word_1_622' title='bbox 3264 3788 3392 3828; x_wconf 84' lang='lat' dir='ltr'><strong>vero</strong></span> <span class='ocrx_word' id='word_1_623' title='bbox 3432 3788 3498 3828; x_wconf 80' lang='lat' dir='ltr'><strong>ex</strong></span> 
     </span>
    </p>
   </div>
   <div class='ocr_carea' id='block_1_82' title="bbox 1913 3862 3501 3933">
    <p class='ocr_par' dir='ltr' id='par_1_82' title="bbox 1913 3862 3501 3933">
     <span class='ocr_line' id='line_1_82' title="bbox 1913 3862 3501 3933; baseline 0.001 -16"><span class='ocrx_word' id='word_1_624' title='bbox 1913 3862 2172 3931; x_wconf 88' lang='lat' dir='ltr'><strong>operibus</strong></span> <span class='ocrx_word' id='word_1_625' title='bbox 2198 3870 2446 3917; x_wconf 81' lang='lat' dir='ltr'><strong>servatus</strong></span> <span class='ocrx_word' id='word_1_626' title='bbox 2491 3873 2575 3917; x_wconf 88' lang='lat' dir='ltr'><strong>est</strong></span> <span class='ocrx_word' id='word_1_627' title='bbox 2612 3880 2626 3918; x_wconf 89' lang='lat'>:</span> <span class='ocrx_word' id='word_1_628' title='bbox 2679 3878 2785 3918; x_wconf 93' lang='lat' dir='ltr'><strong>non</strong></span> <span class='ocrx_word' id='word_1_629' title='bbox 2820 3874 2874 3917; x_wconf 94' lang='lat' dir='ltr'><strong>tu</strong></span> <span class='ocrx_word' id='word_1_630' title='bbox 2905 3878 2972 3917; x_wconf 79' lang='lat' dir='ltr'><strong>ex</strong></span> <span class='ocrx_word' id='word_1_631' title='bbox 3008 3864 3334 3933; x_wconf 84' lang='lat' dir='ltr'><strong>baptismate</strong></span> <span class='ocrx_word' id='word_1_632' title='bbox 3365 3863 3501 3927; x_wconf 85' lang='lat' dir='ltr'><strong>liber</strong></span> 
     </span>
    </p>
   </div>
   <div class='ocr_carea' id='block_1_83' title="bbox 1919 3953 2654 4018">
    <p class='ocr_par' dir='ltr' id='par_1_83' title="bbox 1919 3953 2654 4018">
     <span class='ocr_line' id='line_1_83' title="bbox 1919 3953 2654 4018; baseline 0.001 -11"><span class='ocrx_word' id='word_1_633' title='bbox 1919 3953 2098 4008; x_wconf 78' lang='lat' dir='ltr'><strong>factus</strong></span> <span class='ocrx_word' id='word_1_634' title='bbox 2129 3969 2210 4018; x_wconf 89' lang='lat' dir='ltr'><strong>es,</strong></span> <span class='ocrx_word' id='word_1_635' title='bbox 2246 3953 2332 4006; x_wconf 85' lang='lat' dir='ltr'><strong>ille</strong></span> <span class='ocrx_word' id='word_1_636' title='bbox 2366 3969 2496 4008; x_wconf 82' lang='lat' dir='ltr'><strong>vero</strong></span> <span class='ocrx_word' id='word_1_637' title='bbox 2526 3969 2654 4009; x_wconf 92' lang='lat' dir='ltr'><strong>non.</strong></span> 
     </span>
    </p>
   </div>
   <div class='ocr_carea' id='block_1_84' title="bbox 1988 4043 3631 4131">
    <p class='ocr_par' dir='ltr' id='par_1_84' title="bbox 1988 4043 3631 4131">
     <span class='ocr_line' id='line_1_84' title="bbox 1988 4043 3631 4131; baseline 0.002 -31"><span class='ocrx_word' id='word_1_638' title='bbox 1988 4044 2153 4101; x_wconf 76' lang='lat' dir='ltr'><strong>Vens.</strong></span> <span class='ocrx_word' id='word_1_639' title='bbox 2208 4044 2262 4100; x_wconf 87' lang='lat'><em>6.</em></span> <span class='ocrx_word' id='word_1_640' title='bbox 2315 4063 2334 4097; x_wconf 79' lang='grc' dir='ltr'>ι</span> <span class='ocrx_word' id='word_1_641' title='bbox 2389 4043 2539 4101; x_wconf 90' lang='lat' dir='ltr'><strong>Unus</strong></span> <span class='ocrx_word' id='word_1_642' title='bbox 2594 4044 2738 4101; x_wconf 89' lang='lat' dir='ltr'><strong>Deus</strong></span> <span class='ocrx_word' id='word_1_643' title='bbox 2767 4055 2823 4101; x_wconf 91' lang='lat' dir='ltr'><strong>et</strong></span> <span class='ocrx_word' id='word_1_644' title='bbox 2870 4044 3034 4102; x_wconf 88' lang='lat' dir='ltr'><strong>Pater</strong></span> <span class='ocrx_word' id='word_1_645' title='bbox 3085 4046 3355 4114; x_wconf 92' lang='lat' dir='ltr'><strong>omnium,</strong></span> <span class='ocrx_word' id='word_1_646' title='bbox 3408 4049 3500 4119; x_wconf 89' lang='lat' dir='ltr'><strong>qui</strong></span> <span class='ocrx_word' id='word_1_647' title='bbox 3588 4079 3631 4131; x_wconf 45' lang='grc' dir='ltr'>ς.</span> 
     </span>
    </p>
   </div>
   <div class='ocr_carea' id='block_1_85' title="bbox 1915 4135 3499 4205">
    <p class='ocr_par' dir='ltr' id='par_1_85' title="bbox 1915 4135 3499 4205">
     <span class='ocr_line' id='line_1_85' title="bbox 1915 4135 3499 4205; baseline 0.002 -15"><span class='ocrx_word' id='word_1_648' title='bbox 1915 4149 2081 4205; x_wconf 87' lang='lat' dir='ltr'><strong>super</strong></span> <span class='ocrx_word' id='word_1_649' title='bbox 2120 4135 2324 4203; x_wconf 87' lang='lat' dir='ltr'><strong>omnia,</strong></span> <span class='ocrx_word' id='word_1_650' title='bbox 2365 4144 2420 4189; x_wconf 86' lang='lat' dir='ltr'><strong>et</strong></span> <span class='ocrx_word' id='word_1_651' title='bbox 2458 4150 2555 4205; x_wconf 88' lang='lat' dir='ltr'><strong>per</strong></span> <span class='ocrx_word' id='word_1_652' title='bbox 2582 4138 2789 4201; x_wconf 86' lang='lat' dir='ltr'><strong>omnia,</strong></span> <span class='ocrx_word' id='word_1_653' title='bbox 2828 4148 2884 4192; x_wconf 91' lang='lat' dir='ltr'><strong>et</strong></span> <span class='ocrx_word' id='word_1_654' title='bbox 2912 4137 2964 4192; x_wconf 92' lang='lat' dir='ltr'><strong>in</strong></span> <span class='ocrx_word' id='word_1_655' title='bbox 2989 4139 3241 4193; x_wconf 83' lang='lat' dir='ltr'><strong>omnibus</strong></span> <span class='ocrx_word' id='word_1_656' title='bbox 3268 4138 3440 4195; x_wconf 86' lang='lat' dir='ltr'><strong>vobis.</strong></span> <span class='ocrx_word' id='word_1_657' title='bbox 3477 4158 3499 4193; x_wconf 77' lang='grc' dir='ltr'>ι</span> 
     </span>
    </p>
   </div>
   <div class='ocr_carea' id='block_1_86' title="bbox 1917 4230 3501 4300">
    <p class='ocr_par' dir='ltr' id='par_1_86' title="bbox 1917 4230 3501 4300">
     <span class='ocr_line' id='line_1_86' title="bbox 1917 4230 3501 4300; baseline -0.001 -14"><span class='ocrx_word' id='word_1_658' title='bbox 1917 4231 2031 4286; x_wconf 82' lang='lat' dir='ltr'><strong>Hoc</strong></span> <span class='ocrx_word' id='word_1_659' title='bbox 2057 4240 2159 4295; x_wconf 86' lang='lat' dir='ltr'><strong>est,</strong></span> <span class='ocrx_word' id='word_1_660' title='bbox 2181 4230 2283 4297; x_wconf 82' lang='lat' dir='ltr'><strong>Qui</strong></span> <span class='ocrx_word' id='word_1_661' title='bbox 2316 4244 2481 4299; x_wconf 84' lang='lat' dir='ltr'><strong>supra</strong></span> <span class='ocrx_word' id='word_1_662' title='bbox 2509 4230 2714 4296; x_wconf 86' lang='lat' dir='ltr'><strong>omnia,</strong></span> <span class='ocrx_word' id='word_1_663' title='bbox 2744 4241 2798 4285; x_wconf 90' lang='lat' dir='ltr'><strong>et</strong></span> <span class='ocrx_word' id='word_1_664' title='bbox 2823 4246 2920 4300; x_wconf 89' lang='lat' dir='ltr'><strong>per</strong></span> <span class='ocrx_word' id='word_1_665' title='bbox 2949 4232 3133 4286; x_wconf 90' lang='lat' dir='ltr'><strong>omnia</strong></span> <span class='ocrx_word' id='word_1_666' title='bbox 3164 4231 3501 4300; x_wconf 84' lang='lat' dir='ltr'><strong>providentia</strong></span> 
     </span>
    </p>
   </div>
   <div class='ocr_carea' id='block_1_87' title="bbox 1917 4321 3503 4393">
    <p class='ocr_par' dir='ltr' id='par_1_87' title="bbox 1917 4321 3503 4393">
     <span class='ocr_line' id='line_1_87' title="bbox 1917 4321 3503 4393; baseline -0.002 -15"><span class='ocrx_word' id='word_1_667' title='bbox 1917 4332 1968 4378; x_wconf 90' lang='lat' dir='ltr'><strong>et</strong></span> <span class='ocrx_word' id='word_1_668' title='bbox 1997 4322 2392 4393; x_wconf 72' lang='lat' dir='ltr'><strong>gubernatione</strong></span> <span class='ocrx_word' id='word_1_669' title='bbox 2425 4333 2719 4387; x_wconf 88' lang='lat' dir='ltr'><strong>commeat,</strong></span> <span class='ocrx_word' id='word_1_670' title='bbox 2754 4333 2810 4376; x_wconf 91' lang='lat' dir='ltr'><strong>et</strong></span> <span class='ocrx_word' id='word_1_671' title='bbox 2839 4323 2892 4376; x_wconf 91' lang='lat' dir='ltr'><strong>in</strong></span> <span class='ocrx_word' id='word_1_672' title='bbox 2934 4323 3188 4377; x_wconf 86' lang='lat' dir='ltr'><strong>omnibus</strong></span> <span class='ocrx_word' id='word_1_673' title='bbox 3225 4321 3376 4377; x_wconf 84' lang='lat' dir='ltr'><strong>vobis</strong></span> <span class='ocrx_word' id='word_1_674' title='bbox 3398 4324 3503 4376; x_wconf 87' lang='lat' dir='ltr'><strong>ha-</strong></span> 
     </span>
    </p>
   </div>
   <div class='ocr_carea' id='block_1_88' title="bbox 1922 4413 3500 4482">
    <p class='ocr_par' dir='ltr' id='par_1_88' title="bbox 1922 4413 3500 4482">
     <span class='ocr_line' id='line_1_88' title="bbox 1922 4413 3500 4482; baseline -0.002 -13"><span class='ocrx_word' id='word_1_675' title='bbox 1922 4415 2080 4469; x_wconf 88' lang='lat' dir='ltr'><strong>bitat.</strong></span> <span class='ocrx_word' id='word_1_676' title='bbox 2122 4414 2363 4471; x_wconf 73' lang='lat' dir='ltr'><strong>Observa</strong></span> <span class='ocrx_word' id='word_1_677' title='bbox 2395 4426 2576 4469; x_wconf 86' lang='lat' dir='ltr'><strong>autem</strong></span> <span class='ocrx_word' id='word_1_678' title='bbox 2614 4416 2755 4481; x_wconf 87' lang='lat' dir='ltr'><strong>quod</strong></span> <span class='ocrx_word' id='word_1_679' title='bbox 2790 4413 3028 4469; x_wconf 69' lang='lat' dir='ltr'><strong>haeretici</strong></span> <span class='ocrx_word' id='word_1_680' title='bbox 3065 4414 3500 4482; x_wconf 67' lang='lat' dir='ltr'><strong>praepositionem</strong></span> 
     </span>
    </p>
   </div>
   <div class='ocr_carea' id='block_1_89' title="bbox 1928 4504 3503 4575">
    <p class='ocr_par' dir='ltr' id='par_1_89' title="bbox 1928 4504 3503 4575">
     <span class='ocr_line' id='line_1_89' title="bbox 1928 4504 3503 4575; baseline 0 -16"><span class='ocrx_word' id='word_1_681' title='bbox 1928 4526 1947 4559; x_wconf 74' lang='grc' dir='ltr'>ι</span> <span class='ocrx_word' id='word_1_682' title='bbox 1985 4509 2092 4564; x_wconf 88' lang='lat' dir='ltr'><strong>Per</strong></span> <span class='ocrx_word' id='word_1_683' title='bbox 2138 4526 2157 4559; x_wconf 75' lang='grc' dir='ltr'><strong>ι</strong></span> <span class='ocrx_word' id='word_1_684' title='bbox 2215 4508 2458 4562; x_wconf 89' lang='lat' dir='ltr'><strong>tribuunt</strong></span> <span class='ocrx_word' id='word_1_685' title='bbox 2526 4506 2703 4572; x_wconf 81' lang='lat' dir='ltr'><strong>Filio;</strong></span> <span class='ocrx_word' id='word_1_686' title='bbox 2768 4523 2788 4558; x_wconf 76' lang='grc' dir='ltr'>ι</span> <span class='ocrx_word' id='word_1_687' title='bbox 2832 4504 2889 4559; x_wconf 92' lang='lat' dir='ltr'><strong>In</strong></span> <span class='ocrx_word' id='word_1_688' title='bbox 2944 4525 2964 4559; x_wconf 74' lang='grc' dir='ltr'>ι</span> <span class='ocrx_word' id='word_1_689' title='bbox 3045 4521 3172 4562; x_wconf 69' lang='lat' dir='ltr'><strong>vero</strong></span> <span class='ocrx_word' id='word_1_690' title='bbox 3246 4505 3503 4575; x_wconf 86' lang='lat' dir='ltr'><strong>Spiritui,</strong></span> 
     </span>
    </p>
   </div>
   <div class='ocr_carea' id='block_1_90' title="bbox 247 4596 1807 4682">
    <p class='ocr_par' dir='ltr' id='par_1_90' title="bbox 247 4599 1807 4682">
     <span class='ocr_line' id='line_1_90' title="bbox 247 4599 1807 4682; baseline 0.01 -32"><span class='ocrx_word' id='word_1_691' title='bbox 247 4599 315 4662; x_wconf 75' lang='grc' dir='ltr'>ὡς</span> <span class='ocrx_word' id='word_1_692' title='bbox 346 4603 638 4661; x_wconf 68' lang='grc' dir='ltr'>ἐλάττωσιν</span> <span class='ocrx_word' id='word_1_693' title='bbox 686 4609 1049 4676; x_wconf 74' lang='grc' dir='ltr'><strong>εἰσάγουσαν·</strong></span> <span class='ocrx_word' id='word_1_694' title='bbox 1102 4611 1201 4662; x_wconf 79' lang='grc' dir='ltr'><strong>νῦν</strong></span> <span class='ocrx_word' id='word_1_695' title='bbox 1233 4610 1290 4663; x_wconf 81' lang='grc' dir='ltr'>δὲ</span> <span class='ocrx_word' id='word_1_696' title='bbox 1323 4609 1401 4680; x_wconf 85' lang='grc' dir='ltr'>τῷ</span> <span class='ocrx_word' id='word_1_697' title='bbox 1451 4612 1627 4681; x_wconf 77' lang='grc' dir='ltr'>Πατρὶ</span> <span class='ocrx_word' id='word_1_698' title='bbox 1668 4612 1807 4682; x_wconf 77' lang='grc' dir='ltr'>εὑρι·</span> 
     </span>
    </p>
   </div>
   <div class='ocr_carea' id='block_1_91' title="bbox 1921 4596 3502 4682">
    <p class='ocr_par' dir='ltr' id='par_1_91' title="bbox 1922 4596 3502 4670">
     <span class='ocr_line' id='line_1_91' title="bbox 1922 4596 3502 4670; baseline -0.001 -17"><span class='ocrx_word' id='word_1_699' title='bbox 1922 4611 2179 4668; x_wconf 81' lang='lat' dir='ltr'><strong>tanquam</strong></span> <span class='ocrx_word' id='word_1_700' title='bbox 2235 4598 2674 4653; x_wconf 86' lang='lat' dir='ltr'><strong>imminutionem</strong></span> <span class='ocrx_word' id='word_1_701' title='bbox 2735 4596 2933 4652; x_wconf 81' lang='lat' dir='ltr'><strong>inferat</strong></span> <span class='ocrx_word' id='word_1_702' title='bbox 2974 4616 2989 4653; x_wconf 92' lang='lat'><strong>:</strong></span> <span class='ocrx_word' id='word_1_703' title='bbox 3022 4599 3136 4670; x_wconf 83' lang='lat' dir='ltr'><strong>jam</strong></span> <span class='ocrx_word' id='word_1_704' title='bbox 3179 4614 3311 4654; x_wconf 82' lang='lat' dir='ltr'><strong>vero</strong></span> <span class='ocrx_word' id='word_1_705' title='bbox 3354 4598 3502 4653; x_wconf 88' lang='lat' dir='ltr'><strong>Patri</strong></span> 
     </span>
    </p>
   </div>
   <div class='ocr_carea' id='block_1_92' title="bbox 250 4698 1599 4773">
    <p class='ocr_par' dir='ltr' id='par_1_92' title="bbox 250 4698 1599 4773">
     <span class='ocr_line' id='line_1_92' title="bbox 250 4698 1599 4773; baseline 0.009 -28"><span class='ocrx_word' id='word_1_706' title='bbox 250 4708 458 4750; x_wconf 70' lang='grc' dir='ltr'>ικονται</span> <span class='ocrx_word' id='word_1_707' title='bbox 489 4698 888 4771; x_wconf 84' lang='grc' dir='ltr'>προσκείμεναι</span> <span class='ocrx_word' id='word_1_708' title='bbox 907 4714 922 4729; x_wconf 80' lang='grc'><em>’</em></span> <span class='ocrx_word' id='word_1_709' title='bbox 950 4701 1052 4753; x_wconf 82' lang='grc' dir='ltr'>οὐκ</span> <span class='ocrx_word' id='word_1_710' title='bbox 1079 4700 1190 4773; x_wconf 78' lang='grc' dir='ltr'>ἄρα</span> <span class='ocrx_word' id='word_1_711' title='bbox 1227 4702 1599 4768; x_wconf 69' lang='grc' dir='ltr'>ἐλαττώσεως.</span> 
     </span>
    </p>
   </div>
   <div class='ocr_carea' id='block_1_93' title="bbox 319 4866 1815 4947">
    <p class='ocr_par' dir='ltr' id='par_1_93' title="bbox 319 4866 1815 4947">
     <span class='ocr_line' id='line_1_93' title="bbox 319 4866 1815 4947; baseline 0.006 -25"><span class='ocrx_word' id='word_1_712' title='bbox 319 4884 339 4919; x_wconf 71' lang='grc' dir='ltr'><strong>ι</strong></span> <span class='ocrx_word' id='word_1_713' title='bbox 388 4866 498 4923; x_wconf 76' lang='grc' dir='ltr'><strong>Ἐνὶ</strong></span> <span class='ocrx_word' id='word_1_714' title='bbox 527 4871 581 4925; x_wconf 79' lang='grc' dir='ltr'>δὲ</span> <span class='ocrx_word' id='word_1_715' title='bbox 616 4871 838 4943; x_wconf 69' lang='grc' dir='ltr'><strong>ἑκάστῳ</strong></span> <span class='ocrx_word' id='word_1_716' title='bbox 868 4872 1028 4944; x_wconf 80' lang='grc' dir='ltr'>ἡμῶν</span> <span class='ocrx_word' id='word_1_717' title='bbox 1078 4874 1237 4946; x_wconf 78' lang='grc' dir='ltr'>ἐδόθη</span> <span class='ocrx_word' id='word_1_718' title='bbox 1283 4876 1316 4946; x_wconf 77' lang='grc' dir='ltr'><strong>ἡ</strong></span> <span class='ocrx_word' id='word_1_719' title='bbox 1368 4878 1549 4947; x_wconf 87' lang='grc' dir='ltr'>χάρις,</span> <span class='ocrx_word' id='word_1_720' title='bbox 1583 4877 1726 4932; x_wconf 82' lang='grc' dir='ltr'>κατὰ</span> <span class='ocrx_word' id='word_1_721' title='bbox 1753 4879 1815 4933; x_wconf 85' lang='grc' dir='ltr'><strong>τὸ</strong></span> 
     </span>
    </p>
   </div>
   <div class='ocr_carea' id='block_1_94' title="bbox 256 4959 1809 5036">
    <p class='ocr_par' dir='ltr' id='par_1_94' title="bbox 256 4959 1809 5036">
     <span class='ocr_line' id='line_1_94' title="bbox 256 4959 1809 5036; baseline 0.011 -28"><span class='ocrx_word' id='word_1_722' title='bbox 256 4959 439 5027; x_wconf 61' lang='grc' dir='ltr'>μέτρον</span> <span class='ocrx_word' id='word_1_723' title='bbox 462 4962 563 5032; x_wconf 83' lang='grc' dir='ltr'>τῆς</span> <span class='ocrx_word' id='word_1_724' title='bbox 591 4963 798 5035; x_wconf 82' lang='grc' dir='ltr'>δωρεᾶς</span> <span class='ocrx_word' id='word_1_725' title='bbox 827 4965 921 5017; x_wconf 83' lang='grc' dir='ltr'>τοῦ</span> <span class='ocrx_word' id='word_1_726' title='bbox 954 4965 1214 5036; x_wconf 77' lang='grc' dir='ltr'>Χριστοῦ.</span> <span class='ocrx_word' id='word_1_727' title='bbox 1254 4985 1272 5019; x_wconf 76' lang='grc' dir='ltr'>ι</span> <span class='ocrx_word' id='word_1_728' title='bbox 1327 4966 1388 5021; x_wconf 79' lang='lat' dir='ltr'><strong>El</strong></span> <span class='ocrx_word' id='word_1_729' title='bbox 1419 4968 1595 5022; x_wconf 78' lang='grc' dir='ltr'>πάντα</span> <span class='ocrx_word' id='word_1_730' title='bbox 1637 4970 1809 5034; x_wconf 71' lang='grc' dir='ltr'>ἐστὶν,</span> 
     </span>
    </p>
   </div>
   <div class='ocr_carea' id='block_1_95' title="bbox 250 5044 1811 5124">
    <p class='ocr_par' dir='ltr' id='par_1_95' title="bbox 250 5044 1811 5124">
     <span class='ocr_line' id='line_1_95' title="bbox 250 5044 1811 5124; baseline 0.009 -26"><span class='ocrx_word' id='word_1_731' title='bbox 250 5044 318 5107; x_wconf 79' lang='grc' dir='ltr'>ὡς</span> <span class='ocrx_word' id='word_1_732' title='bbox 344 5046 538 5118; x_wconf 86' lang='grc' dir='ltr'>λέγεις,</span> <span class='ocrx_word' id='word_1_733' title='bbox 572 5054 747 5117; x_wconf 78' lang='grc' dir='ltr'>κοινὰ,</span> <span class='ocrx_word' id='word_1_734' title='bbox 780 5053 947 5108; x_wconf 81' lang='grc' dir='ltr'>πόθεν</span> <span class='ocrx_word' id='word_1_735' title='bbox 975 5055 1003 5107; x_wconf 91' lang='lat'><strong>6</strong></span> <span class='ocrx_word' id='word_1_736' title='bbox 1035 5054 1183 5107; x_wconf 84' lang='grc' dir='ltr'>δεῖνα</span> <span class='ocrx_word' id='word_1_737' title='bbox 1232 5054 1440 5124; x_wconf 76' lang='grc' dir='ltr'>μεῖζον,</span> <span class='ocrx_word' id='word_1_738' title='bbox 1473 5056 1569 5109; x_wconf 70' lang='grc' dir='ltr'><strong>καὶ</strong></span> <span class='ocrx_word' id='word_1_739' title='bbox 1605 5056 1634 5108; x_wconf 91' lang='lat'><strong>6</strong></span> <span class='ocrx_word' id='word_1_740' title='bbox 1663 5056 1811 5113; x_wconf 78' lang='grc' dir='ltr'>δεῖνα</span> 
     </span>
    </p>
   </div>
   <div class='ocr_carea' id='block_1_96' title="bbox 253 5132 1813 5218">
    <p class='ocr_par' dir='ltr' id='par_1_96' title="bbox 253 5132 1813 5218">
     <span class='ocr_line' id='line_1_96' title="bbox 253 5132 1813 5218; baseline 0.01 -30"><span class='ocrx_word' id='word_1_741' title='bbox 253 5132 460 5193; x_wconf 69' lang='grc' dir='ltr'>ἱλαττον</span> <span class='ocrx_word' id='word_1_742' title='bbox 508 5143 621 5213; x_wconf 79' lang='grc' dir='ltr'><strong>ἔχει</strong></span> <span class='ocrx_word' id='word_1_743' title='bbox 670 5144 956 5215; x_wconf 75' lang='grc' dir='ltr'>χάρισμας</span> <span class='ocrx_word' id='word_1_744' title='bbox 1004 5144 1163 5199; x_wconf 79' lang='grc' dir='ltr'>τοῦτο</span> <span class='ocrx_word' id='word_1_745' title='bbox 1208 5148 1316 5218; x_wconf 84' lang='grc' dir='ltr'><strong>γὰρ</strong></span> <span class='ocrx_word' id='word_1_746' title='bbox 1352 5147 1575 5214; x_wconf 77' lang='grc' dir='ltr'>αὐτοὺς,</span> <span class='ocrx_word' id='word_1_747' title='bbox 1614 5148 1688 5211; x_wconf 83' lang='grc' dir='ltr'>ὡς</span> <span class='ocrx_word' id='word_1_748' title='bbox 1720 5140 1813 5203; x_wconf 80' lang='grc' dir='ltr'><strong>καὶ</strong></span> 
     </span>
    </p>
   </div>
   <div class='ocr_carea' id='block_1_97' title="bbox 257 5226 1811 5313">
    <p class='ocr_par' dir='ltr' id='par_1_97' title="bbox 257 5226 1811 5313">
     <span class='ocr_line' id='line_1_97' title="bbox 257 5226 1811 5313; baseline 0.013 -35"><span class='ocrx_word' id='word_1_749' title='bbox 257 5226 561 5301; x_wconf 74' lang='grc' dir='ltr'>Κορινθίους</span> <span class='ocrx_word' id='word_1_750' title='bbox 610 5237 706 5289; x_wconf 77' lang='grc' dir='ltr'><strong>καὶ</strong></span> <span class='ocrx_word' id='word_1_751' title='bbox 764 5238 992 5301; x_wconf 79' lang='grc' dir='ltr'>πολλοὺς</span> <span class='ocrx_word' id='word_1_752' title='bbox 1041 5239 1258 5303; x_wconf 78' lang='grc' dir='ltr'>ἄλλους,</span> <span class='ocrx_word' id='word_1_753' title='bbox 1310 5241 1390 5303; x_wconf 87' lang='grc' dir='ltr'><strong>είς</strong></span> <span class='ocrx_word' id='word_1_754' title='bbox 1441 5241 1636 5310; x_wconf 81' lang='grc' dir='ltr'>φθόνον</span> <span class='ocrx_word' id='word_1_755' title='bbox 1684 5237 1811 5313; x_wconf 80' lang='grc' dir='ltr'><strong>ἦγε.</strong></span> 
     </span>
    </p>
   </div>
   <div class='ocr_carea' id='block_1_98' title="bbox 258 5318 1817 5403">
    <p class='ocr_par' dir='ltr' id='par_1_98' title="bbox 258 5318 1817 5403">
     <span class='ocr_line' id='line_1_98' title="bbox 258 5318 1817 5403; baseline 0.008 -30"><span class='ocrx_word' id='word_1_756' title='bbox 258 5318 405 5375; x_wconf 73' lang='grc' dir='ltr'>Λύων</span> <span class='ocrx_word' id='word_1_757' title='bbox 430 5321 519 5379; x_wconf 82' lang='grc' dir='ltr'>οὖν</span> <span class='ocrx_word' id='word_1_758' title='bbox 556 5328 734 5384; x_wconf 81' lang='grc' dir='ltr'>τοῦτο.</span> <span class='ocrx_word' id='word_1_759' title='bbox 771 5333 958 5401; x_wconf 67' lang='grc' dir='ltr'>φησιν,</span> <span class='ocrx_word' id='word_1_760' title='bbox 1004 5333 1084 5385; x_wconf 86' lang='grc' dir='ltr'><strong>ὅτι</strong></span> <span class='ocrx_word' id='word_1_761' title='bbox 1126 5333 1343 5403; x_wconf 77' lang='grc' dir='ltr'><strong>ἑκάστῳ</strong></span> <span class='ocrx_word' id='word_1_762' title='bbox 1373 5332 1530 5403; x_wconf 79' lang='grc' dir='ltr'>ἐδόθη</span> <span class='ocrx_word' id='word_1_763' title='bbox 1557 5334 1618 5386; x_wconf 78' lang='grc' dir='ltr'>τὸ</span> <span class='ocrx_word' id='word_1_764' title='bbox 1658 5334 1817 5403; x_wconf 82' lang='grc' dir='ltr'>χάρι-</span> 
     </span>
    </p>
   </div>
   <div class='ocr_carea' id='block_1_99' title="bbox 262 5415 1817 5495">
    <p class='ocr_par' dir='ltr' id='par_1_99' title="bbox 262 5415 1817 5495">
     <span class='ocr_line' id='line_1_99' title="bbox 262 5415 1817 5495; baseline 0.01 -32"><span class='ocrx_word' id='word_1_765' title='bbox 262 5422 385 5477; x_wconf 69' lang='grc' dir='ltr'>σμα,</span> <span class='ocrx_word' id='word_1_766' title='bbox 413 5415 486 5479; x_wconf 84' lang='grc' dir='ltr'>ὡς</span> <span class='ocrx_word' id='word_1_767' title='bbox 512 5419 815 5491; x_wconf 70' lang='grc' dir='ltr'>ἐμέτρησεν</span> <span class='ocrx_word' id='word_1_768' title='bbox 856 5423 884 5474; x_wconf 90' lang='lat'><strong>6</strong></span> <span class='ocrx_word' id='word_1_769' title='bbox 917 5421 1333 5491; x_wconf 69' lang='lat' dir='ltr'><strong>6wpqaipavo;.—</strong></span> <span class='ocrx_word' id='word_1_770' title='bbox 1362 5424 1525 5476; x_wconf 85' lang='grc' dir='ltr'>Ὥστε</span> <span class='ocrx_word' id='word_1_771' title='bbox 1559 5425 1681 5477; x_wconf 77' lang='grc' dir='ltr'>ἐπεὶ</span> <span class='ocrx_word' id='word_1_772' title='bbox 1715 5424 1817 5495; x_wconf 69' lang='grc' dir='ltr'><strong>μὲν</strong></span> 
     </span>
    </p>
   </div>
   <div class='ocr_carea' id='block_1_100' title="bbox 259 5498 1814 5589">
    <p class='ocr_par' dir='ltr' id='par_1_100' title="bbox 259 5498 1814 5589">
     <span class='ocr_line' id='line_1_100' title="bbox 259 5498 1814 5589; baseline 0.018 -34"><span class='ocrx_word' id='word_1_773' title='bbox 259 5498 424 5571; x_wconf 81' lang='grc' dir='ltr'>δωρεὰ</span> <span class='ocrx_word' id='word_1_774' title='bbox 467 5510 633 5579; x_wconf 77' lang='grc' dir='ltr'>ἐστιν,</span> <span class='ocrx_word' id='word_1_775' title='bbox 665 5514 872 5581; x_wconf 83' lang='grc' dir='ltr'>ἀγάπα,</span> <span class='ocrx_word' id='word_1_776' title='bbox 897 5514 981 5567; x_wconf 81' lang='grc' dir='ltr'>ὅτι</span> <span class='ocrx_word' id='word_1_777' title='bbox 1014 5515 1151 5579; x_wconf 74' lang='grc' dir='ltr'>ὅλως</span> <span class='ocrx_word' id='word_1_778' title='bbox 1179 5515 1401 5580; x_wconf 77' lang='grc' dir='ltr'>ἔλαϐες·</span> <span class='ocrx_word' id='word_1_779' title='bbox 1458 5517 1535 5588; x_wconf 80' lang='grc' dir='ltr'><strong>μὴ</strong></span> <span class='ocrx_word' id='word_1_780' title='bbox 1581 5518 1690 5589; x_wconf 77' lang='grc' dir='ltr'><strong>γὰρ</strong></span> <span class='ocrx_word' id='word_1_781' title='bbox 1735 5520 1814 5583; x_wconf 81' lang='grc' dir='ltr'><strong>ὼς</strong></span> 
     </span>
    </p>
   </div>
   <div class='ocr_carea' id='block_1_101' title="bbox 268 5594 1812 5681">
    <p class='ocr_par' dir='ltr' id='par_1_101' title="bbox 268 5594 1812 5681">
     <span class='ocr_line' id='line_1_101' title="bbox 268 5594 1812 5681; baseline 0.008 -29"><span class='ocrx_word' id='word_1_782' title='bbox 268 5594 410 5663; x_wconf 73' lang='grc' dir='ltr'>χρέος</span> <span class='ocrx_word' id='word_1_783' title='bbox 436 5618 513 5655; x_wconf 86' lang='grc' dir='ltr'><strong>σοι</strong></span> <span class='ocrx_word' id='word_1_784' title='bbox 543 5604 769 5659; x_wconf 76' lang='grc' dir='ltr'>δέδοται.</span> <span class='ocrx_word' id='word_1_785' title='bbox 803 5605 958 5658; x_wconf 75' lang='grc' dir='ltr'><strong>Ἐπεὶ</strong></span> <span class='ocrx_word' id='word_1_786' title='bbox 983 5606 1038 5659; x_wconf 80' lang='grc' dir='ltr'>δὲ</span> <span class='ocrx_word' id='word_1_787' title='bbox 1066 5606 1126 5660; x_wconf 78' lang='grc' dir='ltr'>τὸ</span> <span class='ocrx_word' id='word_1_788' title='bbox 1168 5608 1367 5678; x_wconf 83' lang='grc' dir='ltr'>μέτρον</span> <span class='ocrx_word' id='word_1_789' title='bbox 1396 5611 1424 5663; x_wconf 90' lang='grc' dir='ltr'><strong>ό</strong></span> <span class='ocrx_word' id='word_1_790' title='bbox 1453 5609 1583 5674; x_wconf 82' lang='grc' dir='ltr'><strong>Θεὸς</strong></span> <span class='ocrx_word' id='word_1_791' title='bbox 1618 5610 1812 5681; x_wconf 75' lang='grc' dir='ltr'>ὥρισε,</span> 
     </span>
    </p>
   </div>
   <div class='ocr_carea' id='block_1_102' title="bbox 1920 4691 2679 4763">
    <p class='ocr_par' dir='ltr' id='par_1_102' title="bbox 1920 4691 2679 4763">
     <span class='ocr_line' id='line_1_102' title="bbox 1920 4691 2679 4763; baseline -0.005 -16"><span class='ocrx_word' id='word_1_792' title='bbox 1920 4693 2194 4763; x_wconf 50' lang='lat' dir='ltr'><strong>appositae.</strong></span> <span class='ocrx_word' id='word_1_793' title='bbox 2246 4691 2602 4746; x_wconf 77' lang='lat' dir='ltr'><strong>inveniuntur</strong></span> <span class='ocrx_word' id='word_1_794' title='bbox 2665 4707 2679 4743; x_wconf 95' lang='lat'><strong>:</strong></span> 
     </span>
    </p>
   </div>
   <div class='ocr_carea' id='block_1_103' title="bbox 1919 4791 2069 4839">
    <p class='ocr_par' dir='ltr' id='par_1_103' title="bbox 1919 4791 2069 4839">
     <span class='ocr_line' id='line_1_103' title="bbox 1919 4791 2069 4839; baseline -0.013 -1"><span class='ocrx_word' id='word_1_795' title='bbox 1919 4791 2069 4839; x_wconf 85' lang='lat' dir='ltr'><strong>sunt.</strong></span> 
     </span>
    </p>
   </div>
   <div class='ocr_carea' id='block_1_104' title="bbox 1997 4874 3504 4948">
    <p class='ocr_par' dir='ltr' id='par_1_104' title="bbox 1997 4874 3504 4948">
     <span class='ocr_line' id='line_1_104' title="bbox 1997 4874 3504 4948; baseline -0.001 -17"><span class='ocrx_word' id='word_1_796' title='bbox 1997 4877 2161 4932; x_wconf 72' lang='lat' dir='ltr'><strong>Vens.</strong></span> <span class='ocrx_word' id='word_1_797' title='bbox 2208 4875 2261 4931; x_wconf 88' lang='lat'><strong>7.</strong></span> <span class='ocrx_word' id='word_1_798' title='bbox 2316 4894 2335 4927; x_wconf 79' lang='grc' dir='ltr'>ι</span> <span class='ocrx_word' id='word_1_799' title='bbox 2390 4874 2701 4948; x_wconf 87' lang='lat' dir='ltr'><strong>Unicuique</strong></span> <span class='ocrx_word' id='word_1_800' title='bbox 2746 4885 2925 4933; x_wconf 90' lang='lat' dir='ltr'><strong>autem</strong></span> <span class='ocrx_word' id='word_1_801' title='bbox 2962 4886 3204 4933; x_wconf 84' lang='lat' dir='ltr'><strong>nostrum</strong></span> <span class='ocrx_word' id='word_1_802' title='bbox 3248 4878 3370 4930; x_wconf 87' lang='lat' dir='ltr'><strong>data</strong></span> <span class='ocrx_word' id='word_1_803' title='bbox 3421 4882 3504 4930; x_wconf 81' lang='lat' dir='ltr'><strong>est</strong></span> 
     </span>
    </p>
   </div>
   <div class='ocr_carea' id='block_1_105' title="bbox 1924 4968 3499 5041">
    <p class='ocr_par' dir='ltr' id='par_1_105' title="bbox 1924 4968 3499 5041">
     <span class='ocr_line' id='line_1_105' title="bbox 1924 4968 3499 5041; baseline -0.001 -19"><span class='ocrx_word' id='word_1_804' title='bbox 1924 4973 2122 5041; x_wconf 78' lang='lat' dir='ltr'><strong>gratia,</strong></span> <span class='ocrx_word' id='word_1_805' title='bbox 2165 4970 2465 5025; x_wconf 87' lang='lat' dir='ltr'><strong>secundum</strong></span> <span class='ocrx_word' id='word_1_806' title='bbox 2513 4986 2825 5027; x_wconf 87' lang='lat' dir='ltr'><strong>mensuram</strong></span> <span class='ocrx_word' id='word_1_807' title='bbox 2862 4971 3169 5026; x_wconf 83' lang='lat' dir='ltr'><strong>donationis</strong></span> <span class='ocrx_word' id='word_1_808' title='bbox 3211 4968 3438 5022; x_wconf 82' lang='lat' dir='ltr'><strong>Christi.</strong></span> <span class='ocrx_word' id='word_1_809' title='bbox 3478 4986 3499 5021; x_wconf 74' lang='grc' dir='ltr'>ι</span> 
     </span>
    </p>
   </div>
   <div class='ocr_carea' id='block_1_106' title="bbox 1925 5059 3506 5129">
    <p class='ocr_par' dir='ltr' id='par_1_106' title="bbox 1925 5059 3506 5129">
     <span class='ocr_line' id='line_1_106' title="bbox 1925 5059 3506 5129; baseline -0.004 -11"><span class='ocrx_word' id='word_1_810' title='bbox 1925 5064 1983 5119; x_wconf 86' lang='lat' dir='ltr'><strong>Si</strong></span> <span class='ocrx_word' id='word_1_811' title='bbox 2038 5064 2243 5129; x_wconf 84' lang='lat' dir='ltr'><strong>omnia,</strong></span> <span class='ocrx_word' id='word_1_812' title='bbox 2297 5063 2377 5118; x_wconf 91' lang='lat' dir='ltr'><strong>uti</strong></span> <span class='ocrx_word' id='word_1_813' title='bbox 2429 5064 2595 5128; x_wconf 89' lang='lat' dir='ltr'><strong>dicis,</strong></span> <span class='ocrx_word' id='word_1_814' title='bbox 2636 5072 2767 5119; x_wconf 87' lang='lat' dir='ltr'><strong>sunt</strong></span> <span class='ocrx_word' id='word_1_815' title='bbox 2820 5062 3158 5125; x_wconf 85' lang='lat' dir='ltr'><strong>communia,</strong></span> <span class='ocrx_word' id='word_1_816' title='bbox 3214 5060 3354 5114; x_wconf 87' lang='lat' dir='ltr'><strong>unde</strong></span> <span class='ocrx_word' id='word_1_817' title='bbox 3404 5059 3506 5113; x_wconf 88' lang='lat' dir='ltr'><strong>iste</strong></span> 
     </span>
    </p>
   </div>
   <div class='ocr_carea' id='block_1_107' title="bbox 1924 5147 3499 5225">
    <p class='ocr_par' dir='ltr' id='par_1_107' title="bbox 1924 5147 3499 5225">
     <span class='ocr_line' id='line_1_107' title="bbox 1924 5147 3499 5225; baseline -0.008 -12"><span class='ocrx_word' id='word_1_818' title='bbox 1924 5157 2117 5225; x_wconf 86' lang='lat' dir='ltr'><strong>majus,</strong></span> <span class='ocrx_word' id='word_1_819' title='bbox 2151 5169 2206 5214; x_wconf 86' lang='lat' dir='ltr'><strong>et</strong></span> <span class='ocrx_word' id='word_1_820' title='bbox 2232 5156 2318 5211; x_wconf 85' lang='lat' dir='ltr'><strong>ille</strong></span> <span class='ocrx_word' id='word_1_821' title='bbox 2344 5155 2523 5211; x_wconf 87' lang='lat' dir='ltr'><strong>minus</strong></span> <span class='ocrx_word' id='word_1_822' title='bbox 2555 5155 2720 5210; x_wconf 88' lang='lat' dir='ltr'><strong>habet</strong></span> <span class='ocrx_word' id='word_1_823' title='bbox 2751 5151 2996 5209; x_wconf 81' lang='lat' dir='ltr'><strong>donum?</strong></span> <span class='ocrx_word' id='word_1_824' title='bbox 3024 5154 3127 5205; x_wconf 89' lang='lat' dir='ltr'><strong>hoc</strong></span> <span class='ocrx_word' id='word_1_825' title='bbox 3155 5149 3299 5204; x_wconf 87' lang='lat' dir='ltr'><strong>enim</strong></span> <span class='ocrx_word' id='word_1_826' title='bbox 3332 5147 3499 5217; x_wconf 88' lang='lat' dir='ltr'><strong>ipsos,</strong></span> 
     </span>
    </p>
   </div>
   <div class='ocr_carea' id='block_1_108' title="bbox 1923 5238 3504 5323">
    <p class='ocr_par' dir='ltr' id='par_1_108' title="bbox 1923 5238 3504 5323">
     <span class='ocr_line' id='line_1_108' title="bbox 1923 5238 3504 5323; baseline -0.008 -18"><span class='ocrx_word' id='word_1_827' title='bbox 1923 5250 2147 5323; x_wconf 84' lang='lat' dir='ltr'><strong>perinde</strong></span> <span class='ocrx_word' id='word_1_828' title='bbox 2190 5265 2253 5305; x_wconf 89' lang='lat' dir='ltr'><strong>ac</strong></span> <span class='ocrx_word' id='word_1_829' title='bbox 2283 5249 2598 5306; x_wconf 80' lang='lat' dir='ltr'><strong>Corinthios</strong></span> <span class='ocrx_word' id='word_1_830' title='bbox 2636 5255 2693 5303; x_wconf 90' lang='lat' dir='ltr'><strong>et</strong></span> <span class='ocrx_word' id='word_1_831' title='bbox 2738 5247 2876 5301; x_wconf 86' lang='lat' dir='ltr'><strong>alios</strong></span> <span class='ocrx_word' id='word_1_832' title='bbox 2911 5244 3222 5313; x_wconf 78' lang='lat' dir='ltr'><strong>plerosque,</strong></span> <span class='ocrx_word' id='word_1_833' title='bbox 3265 5241 3331 5294; x_wconf 84' lang='lat' dir='ltr'><strong>ad</strong></span> <span class='ocrx_word' id='word_1_834' title='bbox 3364 5238 3504 5293; x_wconf 81' lang='lat' dir='ltr'><strong>invi-</strong></span> 
     </span>
    </p>
   </div>
   <div class='ocr_carea' id='block_1_109' title="bbox 1922 5331 3506 5413">
    <p class='ocr_par' dir='ltr' id='par_1_109' title="bbox 1922 5331 3506 5413">
     <span class='ocr_line' id='line_1_109' title="bbox 1922 5331 3506 5413; baseline -0.01 -13"><span class='ocrx_word' id='word_1_835' title='bbox 1922 5348 2068 5400; x_wconf 86' lang='lat' dir='ltr'><strong>diam</strong></span> <span class='ocrx_word' id='word_1_836' title='bbox 2101 5344 2372 5413; x_wconf 77' lang='lat' dir='ltr'><strong>perduxit.</strong></span> <span class='ocrx_word' id='word_1_837' title='bbox 2408 5343 2628 5397; x_wconf 89' lang='lat' dir='ltr'><strong>Diluens</strong></span> <span class='ocrx_word' id='word_1_838' title='bbox 2656 5342 2818 5411; x_wconf 79' lang='lat' dir='ltr'><strong>igitur</strong></span> <span class='ocrx_word' id='word_1_839' title='bbox 2846 5341 2983 5402; x_wconf 90' lang='lat' dir='ltr'><strong>hoc,</strong></span> <span class='ocrx_word' id='word_1_840' title='bbox 3025 5335 3198 5405; x_wconf 89' lang='lat' dir='ltr'><strong>inquit</strong></span> <span class='ocrx_word' id='word_1_841' title='bbox 3229 5352 3244 5388; x_wconf 89' lang='lat'><strong>:</strong></span> <span class='ocrx_word' id='word_1_842' title='bbox 3283 5331 3506 5388; x_wconf 88' lang='lat' dir='ltr'><strong>Unicui-</strong></span> 
     </span>
    </p>
   </div>
   <div class='ocr_carea' id='block_1_110' title="bbox 1919 5424 3504 5507">
    <p class='ocr_par' dir='ltr' id='par_1_110' title="bbox 1919 5424 3504 5507">
     <span class='ocr_line' id='line_1_110' title="bbox 1919 5424 3504 5507; baseline -0.009 -17"><span class='ocrx_word' id='word_1_843' title='bbox 1919 5453 2023 5507; x_wconf 91' lang='lat' dir='ltr'><strong>que</strong></span> <span class='ocrx_word' id='word_1_844' title='bbox 2046 5437 2167 5491; x_wconf 84' lang='lat' dir='ltr'><strong>data</strong></span> <span class='ocrx_word' id='word_1_845' title='bbox 2194 5444 2276 5489; x_wconf 90' lang='lat' dir='ltr'><strong>est</strong></span> <span class='ocrx_word' id='word_1_846' title='bbox 2308 5437 2480 5505; x_wconf 76' lang='lat' dir='ltr'><strong>gratia</strong></span> <span class='ocrx_word' id='word_1_847' title='bbox 2512 5444 2566 5488; x_wconf 90' lang='lat' dir='ltr'><strong>et</strong></span> <span class='ocrx_word' id='word_1_848' title='bbox 2595 5434 2817 5495; x_wconf 89' lang='lat' dir='ltr'><strong>donum,</strong></span> <span class='ocrx_word' id='word_1_849' title='bbox 2845 5428 3301 5501; x_wconf 87' lang='lat' dir='ltr'><strong>quemadmodum</strong></span> <span class='ocrx_word' id='word_1_850' title='bbox 3335 5424 3504 5495; x_wconf 84' lang='lat' dir='ltr'><strong>parti-</strong></span> 
     </span>
    </p>
   </div>
   <div class='ocr_carea' id='block_1_111' title="bbox 1924 5512 3504 5596">
    <p class='ocr_par' dir='ltr' id='par_1_111' title="bbox 1924 5512 3504 5596">
     <span class='ocr_line' id='line_1_111' title="bbox 1924 5512 3504 5596; baseline -0.008 -15"><span class='ocrx_word' id='word_1_851' title='bbox 1924 5538 2011 5583; x_wconf 89' lang='lat' dir='ltr'><strong>tus</strong></span> <span class='ocrx_word' id='word_1_852' title='bbox 2069 5535 2150 5582; x_wconf 90' lang='lat' dir='ltr'><strong>est</strong></span> <span class='ocrx_word' id='word_1_853' title='bbox 2195 5525 2286 5596; x_wconf 82' lang='lat' dir='ltr'><strong>qui</strong></span> <span class='ocrx_word' id='word_1_854' title='bbox 2337 5524 2505 5579; x_wconf 85' lang='lat' dir='ltr'><strong>dedit.</strong></span> <span class='ocrx_word' id='word_1_855' title='bbox 2557 5521 2793 5577; x_wconf 79' lang='lat' dir='ltr'><strong>Proinde</strong></span> <span class='ocrx_word' id='word_1_856' title='bbox 2841 5520 2968 5590; x_wconf 86' lang='lat' dir='ltr'><strong>quia</strong></span> <span class='ocrx_word' id='word_1_857' title='bbox 3020 5520 3220 5573; x_wconf 88' lang='lat' dir='ltr'><strong>donum</strong></span> <span class='ocrx_word' id='word_1_858' title='bbox 3270 5512 3375 5583; x_wconf 83' lang='lat' dir='ltr'><strong>est,</strong></span> <span class='ocrx_word' id='word_1_859' title='bbox 3424 5512 3504 5568; x_wconf 80' lang='lat' dir='ltr'><strong>sis</strong></span> 
     </span>
    </p>
   </div>
   <div class='ocr_carea' id='block_1_112' title="bbox 1922 5606 3503 5686">
    <p class='ocr_par' dir='ltr' id='par_1_112' title="bbox 1922 5606 3503 5686">
     <span class='ocr_line' id='line_1_112' title="bbox 1922 5606 3503 5686; baseline -0.008 -12"><span class='ocrx_word' id='word_1_860' title='bbox 1922 5627 2232 5683; x_wconf 88' lang='lat' dir='ltr'><strong>contentus,</strong></span> <span class='ocrx_word' id='word_1_861' title='bbox 2275 5615 2534 5686; x_wconf 87' lang='lat' dir='ltr'><strong>quoniam</strong></span> <span class='ocrx_word' id='word_1_862' title='bbox 2579 5613 2802 5669; x_wconf 91' lang='lat' dir='ltr'><strong>omnino</strong></span> <span class='ocrx_word' id='word_1_863' title='bbox 2849 5611 3108 5681; x_wconf 86' lang='lat' dir='ltr'><strong>accepisti</strong></span> <span class='ocrx_word' id='word_1_864' title='bbox 3153 5627 3167 5666; x_wconf 90' lang='lat'><strong>:</strong></span> <span class='ocrx_word' id='word_1_865' title='bbox 3203 5623 3313 5664; x_wconf 91' lang='lat' dir='ltr'><strong>non</strong></span> <span class='ocrx_word' id='word_1_866' title='bbox 3358 5606 3503 5664; x_wconf 87' lang='lat' dir='ltr'><strong>enim</strong></span> 
     </span>
    </p>
   </div>
   <div class='ocr_carea' id='block_1_113' title="bbox 2742 4691 3505 4761">
    <p class='ocr_par' dir='ltr' id='par_1_113' title="bbox 2742 4691 3505 4761">
     <span class='ocr_line' id='line_1_113' title="bbox 2742 4691 3505 4761; baseline 0.004 -16"><span class='ocrx_word' id='word_1_867' title='bbox 2742 4705 2850 4746; x_wconf 90' lang='lat' dir='ltr'><strong>non</strong></span> <span class='ocrx_word' id='word_1_868' title='bbox 2913 4691 3078 4761; x_wconf 78' lang='lat' dir='ltr'><strong>igitur</strong></span> <span class='ocrx_word' id='word_1_869' title='bbox 3109 4691 3505 4748; x_wconf 86' lang='lat' dir='ltr'><strong>imminutionis</strong></span> 
     </span>
    </p>
   </div>
   <div class='ocr_carea' id='block_1_114' title="bbox 1586 5750 2143 5817">
    <p class='ocr_par' dir='ltr' id='par_1_114' title="bbox 1586 5750 2143 5817">
     <span class='ocr_line' id='line_1_114' title="bbox 1586 5750 2143 5817; baseline 0.007 -7"><span class='ocrx_word' id='word_1_870' title='bbox 1586 5750 1782 5815; x_wconf 67' lang='lat' dir='ltr'><strong>Variae</strong></span> <span class='ocrx_word' id='word_1_871' title='bbox 1816 5753 2143 5817; x_wconf 87' lang='lat' dir='ltr'><strong>lectiones.</strong></span> 
     </span>
    </p>
   </div>
   <div class='ocr_carea' id='block_1_115' title="bbox 435 5863 2848 5943">
    <p class='ocr_par' dir='ltr' id='par_1_115' title="bbox 435 5863 2848 5943">
     <span class='ocr_line' id='line_1_115' title="bbox 435 5863 2848 5943; baseline -0.002 -13"><span class='ocrx_word' id='word_1_872' title='bbox 435 5863 852 5938; x_wconf 70' lang='grc' dir='ltr'>συγκρδτοῦνται</span> <span class='ocrx_word' id='word_1_873' title='bbox 896 5880 949 5922; x_wconf 76' lang='grc' dir='ltr'><strong>ου</strong></span> <span class='ocrx_word' id='word_1_874' title='bbox 1028 5866 1070 5899; x_wconf 82' lang='grc'>⁸¹</span> <span class='ocrx_word' id='word_1_875' title='bbox 1121 5867 1346 5932; x_wconf 72' lang='grc' dir='ltr'>ἑαυτοὺς</span> <span class='ocrx_word' id='word_1_876' title='bbox 1381 5868 1631 5931; x_wconf 60' lang='grc' dir='ltr'>ἀλλήλω-⁸</span> <span class='ocrx_word' id='word_1_877' title='bbox 1657 5891 1705 5924; x_wconf 72' lang='grc' dir='ltr'><strong>ιιι</strong></span> <span class='ocrx_word' id='word_1_878' title='bbox 1806 5876 2008 5929; x_wconf 71' lang='lat' dir='ltr'><strong>&quot;(31w</strong></span> <span class='ocrx_word' id='word_1_879' title='bbox 2052 5872 2366 5943; x_wconf 80' lang='grc' dir='ltr'>προθυμίαν</span> <span class='ocrx_word' id='word_1_880' title='bbox 2390 5886 2442 5929; x_wconf 93' lang='lat' dir='ltr'><strong>o.</strong></span> <span class='ocrx_word' id='word_1_881' title='bbox 2517 5871 2564 5904; x_wconf 83' lang='lat'><strong>”</strong></span> <span class='ocrx_word' id='word_1_882' title='bbox 2593 5869 2641 5924; x_wconf 84' lang='grc' dir='ltr'>εἰ</span> <span class='ocrx_word' id='word_1_883' title='bbox 2670 5869 2764 5923; x_wconf 65' lang='grc' dir='ltr'>καὶ</span> <span class='ocrx_word' id='word_1_884' title='bbox 2795 5884 2848 5924; x_wconf 89' lang='grc' dir='ltr'>ο.</span> 
     </span>
    </p>
   </div>
  </div>
