3932 6576
454 448 594 515 1083

1336 446 1439 507 ΤΗ
1452 445 1920 507 EOPHYLACTI
1963 444 2372 507 BULGARI/F
2416 442 2771 505 ARCHIEP.

3558 441 3685 506 10H

450 575 705 633 tanquam
736 558 976 616 debitum
1008 557 1104 613 tibi
1132 560 1320 615 datum
1343 568 1448 612 est.
1483 556 1549 611 Et
1588 559 1847 628 quoniam
1877 572 2029 610 meu-

2149 558 2220 626 μὴ
2254 556 2727 626 πολυπραγμόνει.
2769 554 2828 607 Εἰ
2874 553 2983 622 γὰρ
3033 554 3062 606 ὁ
3113 552 3246 612 Θεὶος
3269 553 3694 623 ἐμέτρησε,πάν·

450 668 632 708 suram
653 652 802 707 Deus
829 650 1138 721 praelinivit,
1168 664 1236 704 ne
1260 649 1335 704 sis
1359 649 1629 725 curiosus.
1652 646 1789 703 Nam
1819 648 1863 703 si
1894 647 2038 703 Deus

455 758 760 800 mensuram
814 741 1111 805 distribuit,
1164 741 1387 797 omnino
1440 741 1726 796 commode
1777 740 1831 794 id
1885 739 2036 795 fecit.

455 832 767 889 Necessaria
810 833 993 903 igitur,
1042 841 1098 887 et
1143 832 1280 888 citra
1325 846 1445 902 qua:
1493 846 1601 886 non
1651 830 1827 900 possis
1873 829 2039 884 Chri-

452 928 660 981 stianus
690 924 853 996 395
896 938 1038 991 esse,
1074 924 1384 979 communia
1431 932 1581 978 sunt.
1622 922 1715 976 Sin
1751 922 2037 992 quisquam

452 1017 590 1072 alius
622 1016 975 1072 excellentius
1008 1016 1206 1070 donum
1241 1014 1456 1078 habeat,
1501 1030 1568 1070 ue
1598 1015 1693 1068 tibi
1730 1014 1908 1068 istlmc
1940 1012 2037 1068 do-

399 1105 406 1187 ξ
456 1110 561 1164 leat
612 1127 627 1164 :
687 1108 1124 1179 quandoquidem
1184 1118 1238 1161 et
1283 1106 1436 1161 labor
1486 1107 1645 1161 istius
1698 1107 1872 1174 major
1933 1113 2040 1165 est,

457 1200 677 1265 perinde
724 1214 789 1255 ac
841 1201 894 1254 in
941 1214 1205 1268 procursu
1259 1199 1422 1253 dicet.
1472 1197 1588 1254 Non
1641 1198 1778 1252 dixit
1832 1207 2038 1260 autem,

398 1274 405 1293 τ
450 1290 611 1347 Juxta
655 1308 964 1348 mensuram
999 1292 1426 1363 uniuscujusque
1451 1292 1595 1356 lldei,
1637 1308 1702 1347 ne
1741 1292 1794 1347 in
1827 1305 2042 1347 matro—

2140 664 2250 711 τως
2271 649 2317 680 ⁸⁸
2355 647 2745 717 συμφερόντως
2760 645 2919 699 τοῦτο
2938 644 3184 714 ἐποίησε.
3208 644 3290 696 Τὰ
3314 643 3413 715 μὲν
3437 638 3526 697 οὖν
3554 644 3700 711 ἀναγ-

2151 742 2303 803 καῖα,
2321 739 2418 793 καὶ
2441 733 2517 793 ὧν
2538 739 2707 810 χωρὶς
2726 737 2828 792 οὐκ
2856 736 2972 790 ἔστι
2996 736 3326 807 Χριστιανὸν
3357 731 3514 799 εἶναι,
3545 738 3696 790 κοινά·

2150 832 2199 884 εί
2229 831 2287 883 δέ
2308 848 2360 884 τι
2391 829 2576 884 πλεῖον
2603 828 2717 899 ἔχει
2750 829 2809 880 ἐν
2846 827 3151 900 χαρίσματι
3186 829 3215 879 ὁ
3245 826 3415 890 δεῖνα,
3449 826 3520 895 μὴ
3544 826 3695 894 ἄλγει·

2144 922 2268 976 ἐπεὶ
2313 921 2407 975 καὶ
2450 921 2479 974 ό
2535 920 2693 984 πόνος
2739 920 2961 983 πλείων,
2997 919 3073 983 ὡς
3124 917 3333 989 προῖὼν
3382 920 3498 988 ἐρεῖ
3514 918 3573 973 ⁸³.
3603 920 3697 973 032

2146 1006 2267 1067 εἷπε
2292 1013 2372 1078 δὲ,
2397 1012 2554 1067 Κατά
2581 1013 2643 1066 τὸ
2687 1012 2885 1082 μέτρον
2927 1012 3029 1081 τῆς
3070 1011 3307 1065 ἑκάστου
3352 1012 3599 1075 πίστεως,
3626 1012 3696 1065 ἵνα

2149 1105 2227 1176 μὴ
2257 1106 2338 1169 είς
2373 1104 2613 1176 ἀθυμίαν
2656 1104 2889 1175 ἐμϐάλῃς
2906 1104 3035 1166 τοὺς
3078 1103 3148 1158 τὰ
3182 1104 3444 1158 ἐλάττονα
3484 1102 3694 1171 ἔχοντας.

2146 1196 2283 1252 ἀλλά
2312 1200 2376 1268 τῇ
2413 1197 2630 1267 θελήσει
2663 1196 2757 1251 τοῦ
2779 1197 3015 1260 διδόντος
3040 1195 3276 1266 ἀνέθηκε
3303 1195 3363 1250 τὸ
3398 1195 3603 1267 μέτρον,
3638 1196 3697 1259 ὡς

2148 1287 2213 1343 ἂν
2238 1288 2373 1358 μηδέ
2398 1290 2673 1359 τολμῶσιν
2705 1291 2843 1353 ὅλως
2880 1289 3266 1359 λογοπραγεῖν.

457 1400 567 1441 rem
593 1385 857 1455 conjiciat
893 1400 989 1441 eos
1021 1386 1221 1455 quibus
1251 1386 1460 1441 minora
1490 1396 1618 1442 sunt
1647 1386 1844 1441 collata
1883 1401 1900 1439 :
1936 1392 2191 1439 caeterum
2227 1384 2493 1439 voluntati
2568 1384 2751 1440 dantis
2803 1398 3119 1439 mensuram
3172 1382 3383 1447 retulit,
3451 1399 3515 1439 uc
3583 1401 3684 1440 om-

455 1479 583 1532 nino
614 1478 931 1546 obstrepere
962 1478 1219 1536 audeant.
1316 1546 1321 1553 ,

525 1565 690 1620 Vitas.
742 1565 797 1620 8.
865 1584 885 1617 c
934 1564 1162 1636 Propter
1204 1568 1344 1636 quod
1392 1567 1525 1622 dicit
1557 1584 1573 1622 :
1602 1570 1919 1623 Ascendens
1978 1569 2037 1620 in

453 1658 647 1723 altum,
681 1658 950 1728 captivam
987 1658 1142 1714 duxit
1172 1660 1566 1730 captivitatem,
1608 1659 1867 1731 deditque
1897 1659 2037 1713 dona

2219 1582 2238 1615 ι
2279 1562 2371 1616 Διὸ
2392 1562 2561 1628 λέγει·
2597 1562 2830 1626 Ἀναϐὰς
2852 1564 2933 1628 εἰς
2956 1563 3089 1634 ὕψος
3112 1564 3538 1636 ᾐχμαλώτευσεν
3559 1570 3701 1638 αἰχρπ

2151 1654 2414 1718 αλωσίαν.
2442 1658 2543 1711 καὶ
2572 1655 2741 1709 ἔδωκε
2779 1656 2993 1726 δόματα
3034 1659 3151 1717 τοῖς
3195 1656 3522 1728 ἀνθρώποις.
3560 1678 3577 1711 ι
3602 1660 3701 1713 Ὅτι

456 1749 766 1805 hominibus
801 1749 853 1806 ι’.
903 1769 925 1803 ι
961 1749 1115 1817 Quod
1170 1753 1332 1818 dona,
1385 1753 1579 1820 inquit,
1627 1754 1742 1822 ipse
1793 1752 2026 1816 dederit,

2149 1750 2329 1816 αὐτὸς,
2351 1751 2538 1821 φησιν,
2560 1750 2726 1805 ἔδωκε
2740 1750 2808 1804 τά
2824 1751 3161 1822 χαρίσματα,
3196 1749 3364 1819 δῆλον
3390 1753 3447 1815 ἐξ
3473 1745 3544 1804 ὧν
3560 1754 3705 1823 ὁπρο-

455 1841 674 1911 planum
726 1850 812 1898 est
865 1856 932 1897 ex
985 1855 1050 1898 eo
1101 1844 1246 1913 quod
1294 1843 1565 1914 Propheta
1606 1846 1757 1912 dicit,
1815 1863 1836 1897 ι
1882 1844 2040 1901 Dedit

455 1936 597 1991 dona
650 1936 983 1992 hominibus.
1025 1956 1046 1991 ι
1094 1936 1260 2008 Atqui
1307 1939 1591 2009 propheta,
1626 1938 2039 2008 Accepis1i,in-

453 2030 590 2097 quit,
638 2029 778 2084 dona
820 2045 837 2083 :
881 2030 1023 2098 quod
1062 2029 1205 2085 idem
1245 2039 1352 2085 est.
1380 2030 1515 2085 Nam
1552 2030 1718 2094 Deus,
1769 2032 1895 2084 dum
1947 2030 2041 2084 dat

453 2120 807 2187 charismata,
833 2120 1031 2190 accipit
1052 2121 1413 2176 ministerium
1441 2138 1457 2178 :
1485 2122 1575 2192 qui
1603 2136 1732 2177 vero
1755 2121 2035 2177 charisma

453 2213 671 2282 accipit,
711 2221 768 2266 ut
816 2221 1076 2283 operetur
1120 2223 1175 2267 et
1224 2212 1456 2280 laboret,
1507 2214 1724 2282 accipit.
1768 2212 2039 2280 Quocirca

453 2304 614 2360 otiosi
664 2318 787 2359 esse
838 2319 944 2358 non
992 2304 1275 2360 debemus.
1324 2303 1385 2358 ln
1435 2306 1802 2359 summitatem
1855 2314 2037 2359 autem

453 2395 719 2463 ascendit,
754 2393 840 2451 vel
881 2395 1096 2459 crucis,
1131 2396 1216 2451 vel
1265 2396 1387 2451 θαιιί
1437 2412 1531 2465 per
1557 2397 1987 2466 assumptiouem
2021 2410 2037 2448 :

455 2491 598 2560 quod
637 2500 691 2545 et
722 2490 902 2561 potius
930 2498 1039 2555 est,
1080 2489 1223 2546 velut
1253 2504 1318 2552 ex
1354 2491 1820 2561 consequentibus
1850 2491 2037 2561 liquet.

454 2580 678 2648 Qualem
709 2591 888 2637 autem
929 2581 1299 2649 captivitatem
1345 2581 1519 2636 dicit?
1558 2581 1767 2637 Diaboli
1804 2597 1820 2636 :
1863 2584 2040 2650 rapti-

456 2687 579 2726 vum
627 2673 772 2726 enim
821 2673 966 2742 cepit
1015 2673 1311 2735 diabolum,
1364 2684 1419 2728 et
1467 2684 1719 2739 mortem,
1768 2684 1824 2729 et
1863 2674 2033 2729 male-

458 2761 774 2829 dictionem,
803 2774 859 2816 et
894 2774 1199 2832 peccatum,
1244 2778 1452 2833 nosque
1494 2765 1712 2820 diabolo
1742 2763 2040 2835 subjectos,

455 2856 1013 2924 commemoratisque
1037 2855 1148 2925 jam
1178 2856 1470 2912 obnoxios.

526 2944 693 2999 Vens.
723 2943 781 3009 9,
827 2945 915 3001 ιθ.
956 2963 977 2997 ι
1018 2945 1168 3011 Quod
1221 2958 1403 3001 autem
1442 2947 1708 3013 ascendit,
1753 2948 1885 3019 quid
1935 2959 2040 3019 est,

460 3036 565 3093 nisi
599 3039 743 3105 quod
783 3039 1122 3095 descenderit
1172 3039 1336 3095 etiam
1369 3040 1604 3111 primum
1653 3041 1708 3097 in
1755 3042 2043 3100 inferiores

2142 1842 2320 1911 φήτης
2358 1840 2531 1909 λέγει,
2556 1841 2636 1894 ὅτι
2674 1858 2693 1893 ι
2738 1841 2947 1895 Ἔδωκε
2985 1841 3198 1919 δόματα
3216 1844 3332 1907 τοῖς
3358 1841 3699 1912 ἀνθρώποις.»

2142 1934 2251 1988 Καὶ
2313 1934 2449 2005 μὴν.
2475 1935 2504 1987 6
2555 1935 2843 2004 προφήτης
2880 1953 2899 1986 t
2934 1933 3171 1999 Ἔλαϐες
3196 1973 3212 1999 ,
3239 1937 3380 2006 φησὶ
3407 1977 3420 2000 ,
3446 1937 3651 2008 δόμα-ια’
3684 1958 3699 1990 ι

2141 2028 2342 2089 ταυτὸν
2392 2026 2449 2081 δέ
2499 2028 2642 2081 ἐστι.
2674 2027 2861 2091 Διδοῦς
2885 2026 2995 2098 γὰρ
3025 2029 3054 2081 ὁ
3080 2028 3208 2092 Θεὸς
3228 2029 3276 2061 ⁸⁸
3304 2030 3379 2083 τὰ
3405 2031 3702 2103 χαρίσματα,

2141 2116 2540 2190 ἀντιλαμϐάνει
2567 2119 2667 2189 τὴν
2694 2119 2991 2176 διακονίαν.
3024 2120 3083 2174 Ὀ
3112 2121 3221 2193 γὰρ
3258 2121 3449 2176 λαϐὼν
3472 2125 3702 2195 χάρισμα.

2140 2213 2227 2267 διὰ
2263 2214 2326 2267 τὸ
2363 2215 2607 2285 ἐνεργεῖν
2647 2231 2700 2266 τι
2745 2214 2834 2267 καὶ
2866 2216 3066 2285 κοπιᾷν
3114 2215 3411 2285 λαμϐάνει.
3438 2218 3628 2271 Οὐκοῦν
3656 2220 3704 2272 οὗ

2144 2305 2227 2358 δεῖ
2255 2305 2487 2376 ἀθυμεῖν
2515 2305 2583 2359 ⁸⁷.
2616 2306 2711 2369 Εἰς
2765 2305 2898 2375 ὕψος
2923 2304 2983 2359 δὲ
3015 2305 3181 2373 ἀνέϐη
3207 2306 3239 2377 ἢ
3267 2308 3330 2360 τὸ
3356 2306 3455 2361 τοῦ
3483 2309 3703 2380 σταυροῦ,

2143 2396 2175 2465 ἢ
2200 2399 2258 2450 τὸ
2290 2398 2383 2451 τοῦ
2419 2397 2677 2469 οὐρανοῦ,
2730 2399 2788 2451 ἐν
2818 2400 2885 2466 τῇ
2911 2397 3206 2468 ἀναλήψειο
3247 2398 3277 2452 δ
3308 2400 3409 2453 καὶ
3444 2401 3625 2471 μᾶλλον
3646 2402 3704 2466 ὡς

2145 2489 2213 2542 ἐκ
2249 2488 2358 2542 τῶν
2410 2489 2772 2560 ἐπαγομένων
2815 2489 2994 2559 δῆλον.
3048 2490 3217 2544 Ποίαν
3255 2491 3314 2545 δέ
3363 2493 3703 2563 αἰχμαλωσίαν

2143 2585 2311 2653 φησί;
2341 2585 2451 2656 Τὴν
2479 2585 2574 2638 τοῦ
2612 2582 2863 2639 διαϐόλου
2886 2596 2901 2612 ⁶
2935 2583 3287 2656 αἰχμάλωτον
3319 2584 3434 2653 γὰρ
3463 2583 3607 2638 ἔλαϐε
3632 2587 3703 2637 τὸν

2145 2675 2419 2741 διάϐολον,
2473 2678 2570 2730 καὶ
2617 2677 2712 2729 τὸν
2757 2677 3011 2743 θάνατον,
3062 2677 3157 2729 καὶ
3188 2675 3287 2746 τὴν
3313 2676 3482 2747 ἀρὰν,
3517 2678 3602 2730 καὶ
3625 2679 3702 2746 τὴν

2145 2768 2445 2840 ἁμαρτίαν,
2480 2769 2576 2822 καὶ
2611 2770 2759 2839 ἡμᾶς
2786 2769 2843 2823 δὲ
2871 2769 2999 2833 τοὺς
3024 2768 3130 2822 ὑπὸ
3160 2768 3254 2822 τοῦ
3278 2769 3526 2824 διαϐόλου
3551 2770 3700 2834 ὄντας,

2148 2862 2246 2915 καὶ
2275 2863 2389 2924 τοῖς
2420 2861 2669 2935 ῥηθεῖσιν
2700 2860 3077 2933 ἐνεχομένους.

2222 2969 2242 3003 t
2279 2954 2351 3006 Τὸ
2381 2953 2459 3014 δὲ,
2500 2952 2716 3023 ⁹Λνέϐη,
2755 2955 2808 3006 τί
2855 2955 3026 3018 ἐστιν,
3052 2956 3101 3008 εί
3155 2954 3232 3026 μὴ
3265 2955 3349 3009 ὅτι
3393 2956 3488 3009 καλ⁵
3532 2953 3703 3022 κατέίη

2145 3046 2364 3117 πρῶτον
2384 3048 2461 3110 είς
2491 3045 2561 3100 τὰ
2597 3046 2885 3115 κατώτερα
2913 3044 3056 3117 μέρη
3081 3048 3179 3117 τῆς
3204 3048 3339 3117 viis;
3417 3044 3476 3100 '0
3498 3046 3595 3115 γὰρ
3620 3062 3697 3098 και

457 3138 641 3200 partes
665 3138 824 3184 terra:
852 3129 875 3184 ?
912 3129 1011 3198 Qui
1041 3131 1341 3195 descendit,
1366 3132 1482 3201 ipse
1510 3140 1592 3187 est
1622 3134 1711 3201 qui
1750 3143 1807 3188 et
1831 3150 2030 3191 ascen-

2149 3137 2309 3201 ιαϐἀς
2375 3137 2541 3201 αὐτός
2590 3137 2706 3191 ἐστι
2750 3136 2847 3189 καὶ
2891 3137 2921 3191 ὁ
2968 3136 3177 3201 ἀναϐὰς
3227 3137 3489 3209 ὑπεράνω
3520 3137 3703 3189 πάντων

456 3222 537 3277 dit
563 3237 724 3293 supra
774 3237 964 3278 omnes
1010 3224 1201 3289 caelos,
1245 3234 1303 3278 ut
1350 3224 1602 3295 impleret
1649 3227 1853 3281 omnia.
1882 3246 1919 3296 ρ
1968 3230 2041 3284 De

457 3296 763 3370 humilitate
810 3315 899 3370 hic
927 3315 1212 3385 disputans
1234 3316 1454 3384 Paulus,
1483 3316 1756 3373 Christum
1790 3321 2043 3388 producit

456 3404 791 3475 exemplum,
839 3406 982 3462 sicut
1025 3407 1076 3461 in
1121 3407 1358 3478 Epistula
1406 3408 1473 3463 ad
1522 3408 1899 3482 Philippenses
1948 3422 1971 3451 ο
2023 3430 2038 3467 :

465 3494 956 3563 Quemadmodum,
994 3497 1193 3568 inquit,
1235 3498 1324 3553 ille
1359 3514 1466 3554 non
1509 3501 1784 3556 recusavit
1815 3504 2044 3558 descen-

457 3586 606 3654 dere,
652 3587 733 3642 sic
784 3594 840 3642 et
900 3603 997 3644 vos
1045 3604 1151 3643 non
1213 3599 1464 3645 recusate
1535 3605 1634 3661 per
1678 3592 2042 3648 humilitatem

463 3691 558 3733 vos
617 3677 928 3735 demittere.
987 3679 1142 3746 Quod
1197 3681 1343 3735 enim
1400 3682 1781 3748 descenderit,
1832 3684 2043 3755 perspi-

456 3782 617 3823 cuum
646 3780 730 3825 est
770 3785 836 3825 ex
878 3769 1168 3841 Propheta,
1222 3774 1313 3841 qui
1362 3786 1486 3827 eum
1523 3776 1836 3831 ascendisse
1889 3792 2043 3832 asse-

459 3862 551 3916 rit.
613 3862 688 3918 De
741 3862 851 3917 Deo
912 3864 1060 3917 enim
1121 3878 1244 3918 cum
1311 3864 1510 3920 dicitur
1568 3869 1713 3937 quod
1775 3869 2042 3924 ascende-

2144 3230 2253 3283 τῶν
2305 3228 2573 3300 οὐρανῶν,
2625 3229 2713 3283 ἵνα
2769 3228 3036 3303 πληρώσῃ
3076 3230 3144 3283 τά
3176 3229 3382 3287 πάντα.
3418 3250 3435 3283 ι
3479 3230 3602 3301 Περὶ
3628 3247 3703 3282 τα-

2146 3320 2579 3392 πεινοφροσύνης
2613 3320 3002 3391 διαλεγόμενος
3049 3321 3283 3375 ἐνταῦθα
3314 3320 3343 3372 ὀ
3378 3320 3595 3385 Παῦλος,
3628 3319 3701 3371 τὸν

2144 3413 2382 3483 Χριστὸν
2428 3412 2670 3480 παράγει
2701 3410 3032 3480 ὑπόδειγμα,
3072 3410 3265 3481 ὥσπερ
3294 3411 3395 3463 καὶ
3424 3412 3478 3463 ἐν
3504 3413 3564 3481 τῇ
3594 3410 3702 3478 προς

2144 3502 2568 3574 Φιλιππησίους·
2601 3503 2694 3557 καί
2727 3520 2913 3573 φησιν,
2943 3504 3023 3557 ὅτι
3041 3501 3233 3574 ὥσπερ
3262 3504 3474 3567 ἐκεῖνος
3503 3502 3561 3554 οὐ
3583 3516 3700 3568 παρ-

2146 3596 2389 3667 ῃτήσατο
2431 3594 2762 3663 καταϐῆναι,
2810 3594 2955 3649 οὕτω
3001 3595 3137 3667 μηδέ
3176 3596 3345 3665 ,ὑμεῖς
3385 3591 3701 3666 παραιτεῖσθε

2146 3686 2247 3758 τὴν
2293 3686 2381 3739 διὰ
2431 3685 2934 3759 ταπεινοφροσύνης
2976 3686 3416 3755 ωγκατάϐασιν.
3468 3687 3579 3739 Ὀτι
3613 3683 3701 3753 γὰρ

2146 3777 2377 3849 κατέϐη,
2393 3778 2552 3848 δῆλον
2578 3778 2687 3832 ἀπὸ
2702 3779 2794 3833 τοῦ
2818 3780 2994 3832 εἰπεῖν
3014 3779 3108 3833 τὸν
3137 3780 3456 3851 προφήτην,
3478 3779 3555 3833 ὅτι
3579 3776 3698 3829 (Av-

2146 3873 2267 3943 έϐη.
2317 3893 2337 3926 ι
2373 3874 2498 3927 Ἐπὶ
2525 3874 2634 3946 γὰρ
2657 3874 2818 3938 Θεοῦ,
2852 3877 2982 3930 ὅταν
3012 3875 3240 3946 λέγηται
3271 3876 3354 3942 τδ,
3406 3894 3427 3928 ι
3446 3874 3696 3937 Ἀναϐἁ;,ι

458 3953 568 4021 rit,
627 3955 991 4009 necessarium
1041 3964 1127 4010 est
1183 3956 1418 4024 primum
1471 3956 1801 4015 descensum
1845 3960 2038 4017 intelli-

2149 3966 2359 4036 ἀνάγκη
2390 3964 2607 4038 πρῶτον
2645 3966 2957 4022 κατάϐασιν
3001 3969 3240 4033 ἐννοεῖν,
3278 3969 3374 4021 ἐπὶ
3420 3967 3478 4021 δὲ
3522 3963 3700 4036 ἀνθρώ·

457 4059 587 4116 gere
620 4061 636 4100 :
670 4048 736 4101 de
762 4046 1075 4102 hominibus
1111 4057 1292 4103 autem
1332 4064 1494 4106 secus
1539 4061 1645 4107 est.
1702 4051 1822 4120 Quo
1860 4064 2043 4111 autem

2147 4075 2288 4126 πων,
2321 4057 2531 4114 οὐκέτι.
2579 4058 2691 4114 Ποῦ
2720 4060 2775 4114 δὲ
2802 4060 3045 4130 κατέϐη;
3088 4061 3182 4125 El;
3215 4061 3309 4115 τὸν
3338 4061 3475 4133 ᾅδην
3494 4078 3509 4092 ·
3537 4059 3696 4114 τοῦτον

458 4137 773 4193 descendit?
823 4139 902 4194 Ad
938 4138 1181 4208 [inferos
1233 4140 1344 4196 Hos
1396 4143 1541 4197 enim
1600 4144 1817 4201 intimas
1885 4156 2038 4204 ter-rat

2149 4151 2258 4224 γὰρ
2287 4150 2575 4223 κατώτερα
2603 4152 2745 4224 μέρη
2777 4153 2877 4220 τῆς
2900 4154 3003 4222 γῆς
3037 4153 3205 4223 λέγει,
3243 4155 3392 4208 κατὰ
3420 4155 3515 4224 τὴν
3541 4152 3699 4219 κοινὴν

462 4235 643 4298 partes
670 4229 1075 4301 appellatjuxta
1110 4246 1450 4286 communem
1481 4233 1821 4303 opinionem,
1852 4251 2038 4307 quem-

2151 4244 2445 4299 ὑπόνοιανο
2492 4244 2565 4309 dt;
2610 4246 2706 4299 καὶ
2743 4248 2771 4299 ό
2812 4245 3039 4301 Ἰακώϐ’
3081 4264 3101 4299 ι
3158 4247 3441 4313 Κατάξετε
3471 4248 3529 4300 τὸ
3556 4243 3702 4313 γῆράς

460 4320 749 4377 admodum
776 4331 832 4377 et
863 4320 1032 4378 Iacob
1072 4322 1269 4393 inquit,
1311 4341 1330 4376 ιι
1371 4325 1656 4381 Dcducetis
1689 4340 1856 4409 cauos
1894 4344 2038 4386 meos

2152 4352 2254 4407 μου
2293 4337 2411 4407 μετ’
2441 4337 2635 4406 ὀδύνης
2658 4338 2738 4402 εἰς
2766 4337 2930 4410 ᾅδην·
2968 4357 2987 4391 ι
3028 4341 3123 4393 καὶ
3152 4342 3180 4395 ό
3208 4341 3372 4394 Δαυῖδ
3392 4357 3407 4373 ο
3465 4360 3483 4392 ι
3505 4340 3700 4409 Ὀμοιω-

458 4430 580 4470 cum
620 4415 804 4471 dolore
851 4423 918 4470 ad
960 4415 1169 4471 inferos
1204 4414 1232 4456 ἀ
1268 4435 1281 4472 :
1324 4435 1343 4469 ι
1400 4432 1465 4474 ac
1511 4417 1699 4486 David,
1775 4438 1794 4472 ι
1834 4421 2038 4478 Similis

2150 4430 2391 4503 Θήσομαι
2422 4434 2536 4496 τοῖς
2585 4431 3010 4486 καταϐαίνουσιν
3052 4436 3134 4497 είς
3177 4433 3404 4489 λάκκον.
3440 4453 3459 4487 t
3512 4429 3699 4488 Κατὲϐπ

457 4522 555 4563 ero
586 4507 1038 4566 descendentibus
1073 4510 1125 4564 in
1174 4509 1355 4566 lacum
1381 4522 1426 4566 ε.
1467 4530 1487 4565 ι
1538 4513 1828 4569 Descendit
1880 4514 2038 4584 igitur

2151 4495 2331 4576 τοίνυν
2367 4524 2448 4587 είς
2496 4495 2566 4576 τά
2610 4524 2899 4578 κατώτατα
2957 4495 3125 4597 μέρη,
3178 4526 3299 4595 μεθ’
3347 4526 3385 4581 ἀ
3437 4526 3536 4579 οὐκ
3576 4522 3700 4575 ἔστιν

458 4597 528 4654 ad
572 4598 785 4655 intimas
817 4610 1021 4671 partes,
1063 4601 1202 4656 ultra
1237 4618 1374 4674 quas
1414 4618 1518 4659 non
1549 4613 1633 4661 est
1679 4605 1826 4662 aliud
1853 4608 1981 4677 quid
2024 4626 2039 4664 :

457 4682 525 4748 et.
546 4692 790 4747 ascendit
820 4707 982 4762 supra
1022 4695 1229 4762 omnia,
1261 4695 1400 4752 ultra
1428 4712 1549 4767 quae
1590 4712 1696 4753 non
1729 4709 1856 4754 sunt
1885 4699 1988 4754 alia
2024 4719 2039 4756 :

457 4796 559 4838 nec
608 4784 821 4839 obstitit
874 4784 923 4839 ei
969 4786 1288 4855 descensus,
1352 4789 1646 4859 quominus
1701 4793 2040 4846 ascenderet.

457 4875 525 4929 Et
564 4889 661 4931 vos
710 4874 894 4946 igitur,
950 4877 997 4932 si
1048 4879 1447 4948 humiliemini,
1497 4881 1895 4942 exultabimini.
1953 4885 2036 4942 Oh

457 4969 599 5025 hanc
639 4970 785 5025 enim
835 4984 1055 5026 causam
1114 4971 1229 5027 htec
1270 4974 1456 5030 omnia
1516 4974 1701 5042 eﬂlcit,
1749 4987 1807 5029 ut
1854 4980 2037 5032 omnia

456 5060 681 5132 impleat
732 5063 1015 5118 dominatu
1083 5067 1509 5137 operationeque
1581 5084 1702 5134 sua,
1757 5068 1919 5139 idque
1982 5071 2036 5126 in

459 5168 643 5219 carne,
689 5155 1127 5226 quandoquidem
1164 5158 1451 5213 divinitate
1489 5157 1601 5225 jam
1636 5167 1794 5214 antea
1846 5171 2038 5216 cuneta

458 5244 775 5314 compleret.
814 5245 940 5302 Hmc
988 5261 1169 5305 autem
1208 5249 1473 5305 adversus
1518 5248 1746 5304 Paulum
1781 5251 2037 5306 Samosa-

458 5346 669 5393 teusem
706 5346 763 5395 et
805 5338 1113 5397 Nestorium
1163 5351 1309 5399 sunt.
1369 5343 1470 5410 Qui
1535 5344 1682 5399 enim
1740 5346 2038 5411 descendit,

576 5499 924 5569 stal.xvr,
958 5502 1014 5559 8.
1126 5513 1149 5543 ο
1204 5501 1438 5575 Philipp.
1496 5518 1557 5568 ιι,
1623 5503 1678 5559 8.

1789 5504 1816 5545 δ
1849 5504 1989 5562 Gen.
2031 5524 2181 5571 utr,
2218 5509 2310 5563 58.

2150 4613 2340 4684 ἕτερόν
2364 4630 2419 4667 τι
2439 4630 2454 4646 ο
2489 4613 2587 4667 καὶ
2624 4613 2795 4683 ἀνέϐη
2839 4614 3095 4685 ὑπεράνω
3129 4616 3370 4680 πάντων,
3398 4614 3532 4680 ὑπὲρ
3547 4610 3593 4665 -ἀ
3619 4608 3701 4661 οὐκ

2152 4705 2301 4760 ἔστιν
2332 4706 2529 4774 ἐτεραο
2567 4704 2662 4759 καὶ
2700 4705 2801 4758 οὐκ
2833 4706 3144 4760 ἑνεπόδισεν
3183 4705 3336 4777 αὐτῷ
3370 4707 3402 4777 ἡ
3433 4702 3701 4757 κατάϐασις

2150 4800 2232 4862 εἰς
2258 4799 2358 4868 τὴν
2387 4797 2675 4853 ἀνάϐασιν.
2706 4799 2817 4853 Καὶ
2850 4799 3007 4867 ὑμεῖς
3047 4797 3229 4852 τοίνυν
3260 4800 3310 4852 εί
3355 4790 3695 4855 τατεινοῦσθε,

2146 4890 2523 4961 ὑψωθήσεσθε.
2550 4889 2657 4943 Τού
2667 4908 2753 4943 του
2783 4890 2892 4961 γὰρ
2908 4890 3069 4962 χάριν
3085 4889 3508 4960 ἐπεξεργάζεται
3530 4883 3696 4943 ταζτι,

2147 4984 2237 5037 ἵνα
2287 4984 2554 5057 πληρώσῃ
2606 4968 2902 5038 τά“πάντα
2924 4984 2970 5015 ⁸⁸
3008 4983 3109 5053 τῆς
3164 4982 3483 5043 δεσποτείας
3532 4974 3695 5038 αὐταῦ.

2150 5073 2245 5127 καὶ
2282 5074 2381 5143 τῆς
2408 5073 2715 5145 ἐνεργείας,
2740 5074 2835 5126 καὶ
2866 5075 2924 5126 ἐν
2960 5074 3145 5145 σαρκὶ,
3176 5075 3300 5127 ἐπεὶ
3325 5075 3389 5143 τῇ
3418 5088 3477 5140 γε
3506 5069 3696 5135 Θεότητι

2151 5166 2246 5220 καὶ
2289 5166 2557 5237 πρότερον
2590 5165 2660 5218 τὰ
2698 5165 2877 5219 πάντα
2923 5165 3189 5236 ἐπλήρου.
3242 5165 3399 5218 Κατά
3425 5160 3622 5216 Παύλου
3648 5155 3693 5207 δὲ

2151 5255 2245 5309 τοῦ
2302 5256 2689 5326 Σαμοσατέως,
2741 5257 2835 5310 καὶ
2893 5257 3226 5327 Νεστορίου,
3277 5255 3462 5310 ταῦτα.
3509 5251 3563 5303 Ὀ
3603 5248 3693 5315 γὰρ

2149 5348 2418 5412 καταϐὰς,
2457 5348 2618 5418 δῆλον
2645 5349 2727 5403 ὃτι
2767 5348 2880 5403 ἀνω
2917 5349 2994 5402 ὣν
3033 5348 3262 5420 κατέϐη,
3298 5348 3393 5402 καὶ
3421 5341 3694 5412 σαρκούμε-

2464 5519 2485 5547 ε
2526 5506 2672 5563 Psal.
2713 5524 2884 5577 xxv",
2927 5509 2979 5564 ί.

1818 5665 2018 5727 Variae
2048 5665 2382 5729 lectiones.

534 5830 632 5913 “[3
659 5832 765 5901 γὰρ
786 5830 1133 5913 ἣξδςιέμξτρ.
1163 5837 1254 5889 καὶ
1291 5838 1417 5891 πάν
1456 5854 1507 5892 o.
1586 5840 1631 5871 ⁵⁸
1658 5838 1805 5908 λέγει
1844 5856 1896 5895 o.
1975 5840 2019 5869 ⁵⁸
2039 5839 2347 5913 ἀνθρώποις
2378 5838 2437 5892 :5:
2469 5839 2805 5911 χαρίσματα,
2830 5835 3095 5908 λαμϐάνει
3119 5851 3168 5888 τ.
3202 5831 3253 5889 δ.
3330 5833 3376 5865 ⁸⁷
3402 5829 3493 5886 οὐκ
3512 5821 3601 5881 οὗν
3616 5822 3685 5875 δεῖ

459 5900 650 5971 ἀργεῖν
676 5919 729 5957 0.
807 5904 852 5935 "'
898 5900 988 5957 τὸν
1031 5904 1246 5959 ἅπαντα
1296 5909 1504 5977 κόσμον
1547 5926 1621 5964 ιιι.
