3932 6610
241 484 369 550 1θ85

959 487 1361 548 EXPOSITIO
1404 489 1488 551 ΙΝ
1526 487 1765 548 EPIST.
1800 490 1899 549 AD
1930 488 2193 554 EPHES.
2232 521 2297 530 -
2330 495 2484 556 C\P.
2531 496 2630 557 IV.

3368 491 3476 555 636

237 621 320 665 νος
349 601 423 665 εἰς
450 598 548 672 τὴν
576 599 704 670 γῆν,
748 602 841 655 καὶ
866 601 1042 654 θανὼν
1068 606 1146 665 εἰς
1189 603 1280 656 τδν
1311 605 1444 675 ᾅδην
1463 620 1476 634 ο
1528 604 1623 657 καὶ
1649 604 1675 656 ό
1705 603 1799 655 αῦ-

1941 606 2121 660 lanum
2151 616 2232 662 cst
2263 610 2407 680 quod
2438 626 2558 664 cum
2592 609 2644 664 in
2677 611 2924 679 supernis
2952 619 3113 676 esset,
3141 608 3483 664 descenderit

237 698 320 759 τός
343 696 455 747 ἐστι
495 694 590 746 καὶ
628 689 734 756 εἷς,
769 693 868 747 οὐκ
901 694 1059 757 ἄλλος
1089 695 1185 747 καὶ
1209 694 1387 760 ἄλλος.

305 891 326 925 ι
355 871 461 924 Καὶ
499 871 669 933 αὕτὶς
718 871 937 925 ἔδωκεν.
990 888 1009 923 ι
1059 870 1439 941 Ἐμφαντικῶς
1461 871 1516 923 δέ
1566 865 1686 923 εἷπε
1720 869 1803 933 τὺ,

245 985 262 1019 ι
312 965 495 1027 Αὐτός.
552 982 571 1014 ο
646 963 709 1017 Ὀ
762 964 870 1035 γὰρ
918 962 1104 1028 οῦτω,
1161 966 1317 1034 φησὶ,
1367 964 1806 1035 προνοησάμενος

239 1058 402 1128 ἡμῶν,
434 1058 526 1109 καὶ
555 1056 704 1127 ὑπὲρ
741 1057 896 1126 ἡμῶν
931 1055 1006 1127 μὴ
1042 1056 1526 1126 παραιτησάμενος
1555 1056 1684 1124 ἄχρι
1712 1056 1805 1107 καὶ

237 1153 336 1207 τῶν
357 1149 683 1219 κατωτέρων
710 1166 774 1217 με
785 1149 891 1219 ρῶν
909 1147 1190 1201 κατελθεῖν
1210 1189 1223 1210 ,
1247 1148 1342 1216 οὐχ
1366 1148 1552 1210 ἁπλῶς
1573 1148 1672 1206 τὰς
1689 1146 1808 1199 δια-

238 1242 396 1313 νομὰς
426 1241 534 1291 τῶν
562 1239 923 1310 χαρισμάτων
952 1238 1230 1306 ἐποίησεν,
1270 1239 1407 1290 ἀλλὰ
1444 1239 1603 1307 δῆλον
1624 1238 1698 1300 ὡς
1723 1254 1810 1289 σς-

238 1337 343 1406 φῶς
361 1334 451 1388 καὶ
467 1333 857 1404 συμφερόντως
879 1333 946 1387 ⁸⁸.
980 1332 1099 1395 Πῶς
1120 1331 1214 1385 οῦν
1236 1331 1522 1396 ἁλγεῖ;,ὡς
1542 1331 1642 1382 οὐκ
1664 1330 1811 1382 εὐλό-

238 1445 341 1496 γως
364 1428 458 1494 τῆς
484 1425 1063 1495 διανομῆςγενομένης
1086 1442 1100 1490 ;
1138 1425 1396 1494 ’Λλλαχοῦ
1422 1426 1478 1477 δὲ
1503 1425 1563 1477 τὸ
1588 1424 1810 1485 Πνεῦμά

241 1537 361 1588 φησι
385 1518 669 1588 διανέμειν
690 1534 704 1547 ⁸
756 1537 774 1563 σ
819 1517 908 1570 Ἐν
943 1511 987 1570 ὦ
1013 1519 1107 1570 καὶ
1135 1518 1278 1586 ὑμᾶς
1306 1518 1457 1570 ἐθετο
1490 1518 1552 1570 τὸ
1582 1517 1810 1584 Πνεῦμα

241 1611 295 1663 τὺ
326 1609 504 1677 ἅγιονο
546 1607 733 1673 ι’καὶ,
772 1626 791 1658 t
831 1607 1014 1660 Πάντα
1041 1608 1258 1676 ἐνεργεῖ
1287 1607 1344 1658 τὸ
1373 1606 1430 1658 ἓν
1461 1609 1556 1659 καὶ
1586 1605 1645 1657 τὸ
1678 1604 1811 1657 αὐτὸ

246 1702 471 1770 Πνεῦμα.
513 1720 531 1752 ι
570 1703 683 1754 Καὶ
707 1699 960 1771 ἀλλαχοῦ,
983 1700 1071 1753 τὸν
1102 1698 1336 1769 Πατέρα,
1361 1699 1436 1761 ὡς
1462 1698 1538 1758 τὸ,
1575 1716 1593 1748 ι
1621 1697 1812 1751 Ἔθετο

241 1798 267 1847 ό
291 1795 415 1856 Θεὸς
449 1797 508 1846 ἐν
556 1796 623 1863 τῇ
681 1793 980 1865 Ἐκκλησία
1010 1793 1226 1862 πρῶτον
1266 1791 1621 1854 ἀποστόλους,
1664 1808 1683 1840 ι
1717 1787 1813 1841 καὶ

244 1887 303 1941 τὰ
331 1885 482 1955 ἑξῆς·
520 1886 619 1938 καὶ
643 1886 728 1948 ea,
775 1902 794 1934 ι
847 1884 988 1952 Ἐγὼ
1039 1883 1331 1952 ἐφύτευσα,
1379 1881 1652 1945 Ἀπολλὼς
1682 1880 1813 1932 ἐπό-

1913 713 2007 766 per
2053 700 2481 755 incarnationem
2533 705 2584 755 in
2636 711 2860 769 terram,
2913 713 2964 758 et
3004 717 3099 772 per
3143 710 3365 756 mortem
3407 701 3475 752 ad

1909 790 2076 862 396
2106 792 2329 857 inferos,
2372 793 2623 864 idemque
2652 803 2734 849 est
2773 804 2822 847 et
2855 811 3015 859 unus,
3044 811 3147 848 non
3178 782 3444 847 diversus.

1985 885 2151 939 Vsus.
2209 886 2297 939 Η.
2343 905 2361 938 ι
2397 887 2461 939 Et
2497 888 2611 957 ipse
2659 885 2828 940 dedit.
2870 905 2888 937 ι
2936 883 3258 951 Empbalice
3305 892 3481 936 autem

1914 976 2069 1036 dixit.
2108 994 2127 1027 ι
2158 976 2296 1046 Ipse.
2335 996 2353 1030 ι
2395 978 2495 1044 Qui
2524 978 2664 1031 enim
2701 980 2832 1033 adeo
2867 977 3037 1031 nostri
3072 990 3254 1030 curam
3292 975 3480 1040 gessit,

1916 1077 1971 1118 ut
2005 1084 2102 1136 pro
2138 1069 2294 1120 nobis
2332 1085 2436 1121 non
2477 1068 2740 1121 recusarit
2782 1082 2851 1120 ne
2887 1067 2954 1119 ad
3007 1067 3224 1122 inllmas
3261 1062 3481 1129 quidem

1917 1168 2073 1212 terrm
2099 1169 2277 1227 partes
2306 1161 2651 1224 descendere,
2687 1159 2823 1212 haud
2855 1157 3170 1223 simpliciter
3220 1153 3485 1209 d.stribu—

1918 1254 2090 1306 tiones
2128 1255 2386 1307 donormn
2421 1253 2565 1316 fecit,
2610 1268 2794 1306 verum
2831 1254 3043 1317 planum
3091 1257 3172 1302 est
3222 1249 3361 1317 quod
3400 1262 3490 1302 sa-

1918 1341 2126 1410 pienter
2180 1351 2234 1395 et
2287 1343 2585 1395 commode.
2636 1339 2772 1406 Quid
2822 1339 2985 1405 igitur
3035 1337 3181 1391 doles
3235 1347 3487 1415 tanquam

1919 1448 2022 1485 non
2067 1449 2220 1501 a'qua
2255 1433 2564 1486 distrilmtio
2606 1431 2748 1485 facta
2780 1430 2888 1483 sit?
2917 1431 3038 1483 Alio
3070 1439 3250 1483 autem
3283 1430 3335 1482 iu
3373 1428 3490 1481 loco

1921 1522 2184 1592 Spiritum
2216 1524 2348 1577 dicit
2393 1524 2729 1592 dispensare.
2767 1538 2786 1571 ι
2820 1521 2878 1574 1η
2925 1534 3030 1588 quo
3079 1529 3134 1571 et
3173 1533 3270 1572 nos
3308 1516 3491 1587 posuit

1920 1614 2153 1683 Spiritus
2178 1625 2397 1670 sanctus
2429 1615 2449 1653 ί
2487 1633 2500 1668 :
2537 1633 2556 1666 ι
2588 1624 2661 1678 et,
2702 1632 2720 1664 ι
2760 1611 2951 1668 Omnia
2989 1617 3246 1677 operatur
3273 1622 3414 1662 unus
3441 1613 3496 1660 ct

1920 1705 2062 1759 idem
2114 1703 2370 1773 Spiritus.
2441 1723 2458 1756 ι
2510 1705 2655 1757 Alias
2688 1713 2743 1758 et
2794 1702 2938 1757 Patri
2985 1702 3086 1755 hoc
3124 1699 3311 1752 tribuit
3346 1704 3445 1750 :ut
3475 1736 3490 1759 ,

1925 1818 1943 1852 ι
1982 1797 2171 1853 Posuit
2213 1798 2349 1851 Deus
2384 1797 2434 1850 in
2469 1797 2702 1851 Ecclesia
2726 1795 2985 1874 ‘printum
3021 1793 3238 1862 quidem
3272 1801 3487 1859 aposto-

1923 1892 2055 1956 los,»
2087 1901 2142 1944 et
2171 1906 2288 1958 qua:
2314 1900 2629 1959 sequuntur.
2671 1887 2752 1950 Et,
2790 1907 2810 1940 ι
2858 1888 2966 1955 Ego
3012 1883 3272 1955 plautavi,
3299 1881 3489 1950 Apollo

244 1997 370 2040 τισε.
396 1980 486 2031 καὶ
514 1980 544 2032 ό
588 1978 725 2041 θεὸς
755 1976 1008 2047 ηὔξανεν.
1058 1996 1078 2029 ο
1122 1974 1388 2029 Ἐνταῦθα
1427 1974 1486 2028 δέ
1520 1973 1610 2028 τὸν
1656 1972 1810 2026 Υἱόν.

1940 1984 2140 2052 'igavit,
2189 1982 2328 2036 Deus
2377 1991 2554 2034 autem
2609 1981 3003 2035 incrementum
3042 1976 3189 2029 dedit
3222 1976 3270 2027 ε.
3313 1992 3331 2025 ι
3391 1972 3491 2027 Hic

245 2072 347 2126 Μία
375 2071 482 2141 ἀρα
509 2071 542 2140 ἡ
567 2068 823 2140 ἐνέργεια
848 2069 957 2122 τῶν
982 2067 1168 2141 τριῶν.

314 2251 493 2312 (Τοὺς
548 2251 653 2321 μὲν
708 2249 1062 2315 ἀποστόλους,
1121 2249 1250 2310 τοὺς
1304 2247 1361 2302 δέ
1425 2247 1734 2318 προφήτας.
1793 2265 1812 2298 ι

251 2344 448 2415 Πρῶτοι
476 2344 527 2398 οἱ
565 2342 882 2407 ἀπόστολοι,
918 2342 1105 2413 ἐπειδὴ
1152 2343 1247 2396 καὶ
1277 2342 1613 2413 προφητείας
1643 2338 1816 2411 εἶχονο

145 2443 156 2452 “
251 2437 295 2490 0’.
320 2436 373 2489 δὲ
407 2435 711 2507 προφῆται,
740 2436 790 2488 οξ
821 2436 877 2487 ἐν
903 2437 972 2505 τῇ
1008 2434 1122 2506 Νέᾳ
1148 2433 1372 2504 δηλαδὴ,
1416 2434 1516 2486 οὐκ
1542 2429 1688 2503 εἶχον
1726 2433 1820 2486 καὶ

253 2528 566 2599 ἀποστολήν.

319 2639 337 2671 ι
379 2620 512 2680 Τοὺς
538 2619 595 2675 δὲ
623 2618 1044 2686 εὐαγγελιστάς.
1087 2636 1105 2670 ο
1144 2618 1213 2670 Ἦ
1247 2618 1376 2680 τοὺς
1401 2619 1462 2670 τὸ
1486 2617 1819 2685 Εὑαγγέλιον

258 2709 738 2779 συγγραψαμένους
762 2709 829 2770 ⁸θ,
867 2707 899 2776 ἢ
934 2707 1059 2768 τοὺς
1101 2705 1176 2776 μὴ
1205 2705 1515 2775 περιιόντας
1551 2706 1650 2775 μὲν
1685 2721 1822 2757 παν-

254 2800 428 2870 ταχοῦ,
462 2799 989 2871 εὐαγγελιζομένους
1016 2799 1060 2852 δ’
1100 2797 1213 2860 οὖν,
1259 2796 1335 2861 ὡς
1389 2797 1691 2869 Πρίσκιλλα
1727 2796 1824 2849 καὶ

268 2891 507 2956 ’Δκύλας.

323 3001 342 3034 ι
379 2984 515 3045 Τοὺς
550 2984 608 3038 δέ
643 2983 911 3052 ποιμένας
949 2981 1043 3036 καὶ
1085 2982 1456 3044 διδασκάλους.
1501 2999 1520 3032 ι
1556 2982 1697 3043 Τοὺς
1724 2980 1822 3044 τὰς

269 3077 581 3147 Ἐκκλησιας
642 3075 1155 3148 ἐγκεχειρισμένους
1202 3074 1373 3143 λέγει,
1421 3075 1549 3135 τοὺς
1604 3073 1827 3127 ἐπισκό-

262 3186 400 3235 πους,
428 3165 538 3233 οἷος
577 3166 649 3241 ἦν
684 3169 971 3239 Τιμόθεος,
1008 3169 1186 3232 Τίτος,
1235 3168 1329 3221 καὶ
1358 3168 1408 3220 οἱ
1446 3167 1695 3221 τοιοῦτοι.
1726 3165 1827 3219 Διε-

262 3274 410 3311 νασαι
454 3259 510 3312 δέ
542 3258 810 3328 ποιμένας
848 3258 943 3310 καὶ
988 3260 1113 3319 τοὺς
1150 3257 1555 3329 πρεσϐυτέρους
1588 3259 1682 3311 καὶ
1707 3259 1828 3309 ἐπε-

266 3348 486 3412 σκόπους
514 3352 711 3420 νοῆσαι
733 3367 747 3381 ·
779 3350 1131 3413 διδασκάλους
1157 3351 1238 3411 δὲ,
1258 3352 1353 3403 καὶ
1378 3353 1503 3414 τοὺς
1525 3351 1827 3413 διακόνους.

265 3438 366 3492 Καὶ
393 3441 499 3511 γὰρ
554 3442 653 3494 καὶ
692 3435 840 3496 οὗτοι
887 3441 985 3510 τὴν
1029 3441 1364 3513 καθαρτικὴν
1397 3443 1551 3508 τάξιν
1590 3441 1828 3515 ἔχοντες,

266 3530 345 3584 διὰ
376 3532 465 3585 τοῦ
498 3534 664 3601 λόγου
701 3533 1026 3604 καθαίρουσι
1060 3534 1302 3596 πάντως.

338 3728 354 3758 ι
399 3712 539 3782 Πρὸς
589 3713 686 3766 τδν
734 3711 1111 3784 καταρτισμὸν
1157 3710 1267 3765 τῶν
1309 3710 1499 3779 ἁγίων,
1545 3711 1625 3773 εἰς
1670 3708 1834 3779 ἔργον

268 3800 551 3869 διακονίας,
577 3805 662 3866 εἰς
682 3802 971 3874 οἰκοδομὴν
996 3802 1088 3856 τοῦ
1116 3801 1365 3872 σώματος
1390 3801 1483 3855 τοῦ
1513 3802 1775 3872 Χριστοῦ.
1808 3821 1827 3853 ι

280 3892 430 3964 Ὁρᾷς
477 3897 539 3949 τὸ
599 3897 855 3965 agimus;
913 3895 1206 3957 Ἕκαστος,
1262 3894 1436 3964 φησὶ,
1493 3894 1831 3965 καταρτίζει,

271 3982 487 4049 ικαστος
515 3988 758 4056 διακονεῖ
803 3988 940 4058 πρὸς
983 3986 1082 4058 τὴν
1133 3988 1422 4058 οἰκοδομὴν
1459 3987 1552 4040 τοῦ
1581 3988 1835 4056 σώματος

271 4074 357 4126 τοῦ
393 4077 654 4148 Χριστοῦ,
686 4079 805 4148 ἦτοι
839 4078 940 4147 τῆς
983 4079 1334 4148 Ἐκκλησίας.
1372 4080 1537 4132 Ὥστε
1573 4080 1625 4132 τί
1649 4080 1837 4147 ἀλγεῖς

271 4161 339 4223 ὼς
364 4163 583 4221 ἔλαττον
610 4169 859 4238 χάρισμα
880 4167 1094 4235 λαϐών;
1134 4169 1242 4220 Καὶ
1273 4168 1381 4238 γάρ
1416 4169 1506 4220 καὶ
1539 4168 1602 4220 σὺ
1641 4186 1660 4217 ‹
1700 4168 1839 4238 πρὸς

270 4254 355 4305 τὴν
407 4258 781 4330 καταρτισμὸν
825 4257 933 4311 τῶν
990 4258 1181 4325 ἁγίων,
1211 4276 1229 4308 ι
1268 4258 1536 4320 τουτέστι,
1577 4258 1711 4328 πρὸς
1741 4257 1838 4327 τὴν

272 4343 522 4412 ὠφέλειαν
543 4349 655 4403 τῶν
679 4347 910 4414 πιστῶν,
937 4348 1033 4402 καὶ
1059 4348 1155 4418 τὴν
1179 4347 1460 4402 τελείωσιν
1477 4348 1518 4380 ⁸⁸
1545 4348 1839 4410 συντελεῖς.

275 4432 405 4500 Ὅρα
435 4437 545 4501 οὖν,
586 4439 663 4509 μὴ
693 4438 874 4494 λαϐὼν
897 4436 961 4491 τὸ
987 4439 1257 4511 χάρισμα,
1289 4438 1373 4493 ἴνα
1407 4439 1598 4502 ἄλλους
1632 4440 1839 4492 οἰκοδο-

276 4525 394 4594 μῇς.
425 4521 544 4582 εἶτα
566 4531 633 4582 ἐκ
656 4528 750 4582 τοῦ
784 4528 1002 4595 φθονεῖν
1035 4530 1150 4591 τοῖς
1208 4528 1444 4599 μείζοσι,
1480 4530 1703 4581 σεαυτὸν
1741 4546 1841 4580 κα-

1921 2082 2100 2127 autem
2127 2070 2322 2126 Filium
2351 2073 2774 2142 dispensatorem
2804 2071 2954 2124 facit.
2993 2067 3105 2123 Una
3136 2067 3300 2138 igitur
3330 2064 3492 2118 trium

1931 2174 2016 2219 est
2047 2164 2309 2233 operatio.

1999 2275 2017 2308 ι
2058 2255 2328 2323 Quosdam
2382 2254 2599 2322 quidem
2651 2252 2944 2324 apostolos,
2993 2248 3256 2321 quosdam
3314 2254 3497 2301 autem

1922 2347 2234 2417 prophetas.
2284 2364 2302 2396 ι
2381 2344 2544 2398 Primi
2575 2352 2700 2397 sunt
2749 2343 3002 2412 apostoti,
3059 2337 3497 2409 quandoquidem

1929 2449 1985 2489 et
2018 2435 2327 2505 prophetias
2356 2434 2630 2487 habebant
2660 2451 2673 2487 :
2704 2433 2978 2502 propheta:
3020 2422 3227 2492 autem,
3258 2429 3310 2481 in
3347 2427 3497 2481 Novo

1924 2527 2135 2581 scilicet
2188 2526 2560 2589 Testamento,
2612 2523 2972 2594 apostolatum
3038 2536 3141 2575 non
3200 2519 3495 2574 habebant.

2001 2636 2020 2671 ‹
2062 2619 2210 2673 Alios
2259 2632 2387 2670 vero
2419 2617 2799 2681 evangelistas.
2856 2633 2874 2665 ι
2936 2612 3029 2667 Vel
3086 2626 3180 2666 eos
3215 2610 3304 2677 qui
3360 2624 3491 2664 con-

1924 2710 2260 2779 scripserunt
2312 2707 2627 2776 Evangelia,
2680 2704 2763 2759 vel
2810 2704 2899 2774 qui
2931 2719 3034 2757 non
3085 2702 3322 2769 undique
3389 2699 3502 2753 cir-

1928 2800 2240 2863 cumierim,
2278 2798 2624 2868 Evangelium
2681 2806 2860 2850 tamen
2902 2794 3280 2864 pnedicautes,
3310 2789 3501 2861 quales

1924 2892 2142 2947 fuerunt
2171 2892 2415 2947 Priscilla
2438 2900 2494 2946 et
2524 2890 2713 2958 Aquila
2746 2889 2797 2943 ιι.

2005 3001 2025 3035 ι
2064 2984 2212 3038 Alios
2240 2992 2420 3038 autem
2451 2991 2699 3051 pastores
2726 2986 2780 3035 et
2811 2978 3085 3035 doctores.
3114 2996 3132 3029 ι
3169 2978 3271 3032 Eos
3297 2965 3513 3045 quibus

1930 3076 2184 3131 Ecclesiae
2255 3085 2413 3130 erant
2478 3073 2785 3128 commissae
2853 3069 3148 3141 intelligit,
3224 3069 3511 3140 episcopos

1927 3173 2155 3236 scilicet,
2189 3171 2379 3241 quales
2414 3178 2568 3224 erant
2603 3167 2963 3230 Timmhens,
3014 3165 3171 3220 Titus
3198 3175 3250 3219 et
3282 3164 3373 3218 alii
3406 3165 3511 3218 bu»

1925 3262 2188 3334 jusmodi.
2239 3260 2455 3316 Poteris
2491 3267 2668 3313 autem
2702 3273 2798 3327 per
2840 3269 3111 3328 pastores,
3148 3258 3500 3325 presbyteros

1933 3366 1988 3410 et
2032 3354 2314 3421 episcopos
2353 3350 2656 3421 intelligere
2697 3366 2712 3404 :
2750 3364 2845 3420 per
2893 3350 3146 3423 doctores
3187 3361 3334 3409 vero,
3366 3346 3512 3415 ipsos

1932 3445 2095 3499 etiam
2133 3442 2390 3498 diaconos
2451 3441 2696 3509 adeoque
2747 3439 3051 3492 ministros.
3088 3437 3295 3491 Etenim
3330 3446 3386 3489 et
3436 3436 3507 3488 illi

1933 3536 2183 3590 ordinem
2213 3534 2479 3588 habentes
2515 3530 2869 3602 expurgandi,
2907 3544 3003 3598 per
3030 3529 3250 3583 verbum
3286 3524 3512 3582 omnino

1935 3628 2126 3683 sordes
2160 3626 2379 3681 tollunt.

2015 3717 2177 3773 Vens.
2210 3717 2297 3772 12.
2346 3734 2366 3767 ι
2399 3714 2478 3768 Ad
2519 3712 3042 3770 consummationem
3083 3718 3422 3775 sanctorum,
3454 3709 3509 3762 in

1934 3824 2069 3879 Opus
2099 3806 2403 3872 ministerii,
2435 3805 2489 3860 in
2517 3805 2928 3860 aediﬁcationem
2954 3802 3198 3874 corporis
3223 3801 3448 3856 Cbristi.
3487 3819 3511 3854 ι

1937 3899 2107 3956 Vides
2178 3894 2546 3965 dignitatem?
2613 3895 3000 3964 Unusquisque
3085 3892 3357 3947 ministrat
3443 3893 3511 3943 ad

1938 3989 2378 4045 exstructionem
2405 3988 2650 4057 corporis
2679 3985 2905 4047 Christi,
2932 3986 3045 4038 sive
3066 3982 3340 4039 Ecclesia}.
3373 3982 3512 4048 Quid

1938 4083 2123 4153 itaque
2183 4095 2326 4151 mgre
2374 4078 2506 4142 fers,
2550 4092 2646 4132 ceu
2697 4077 2878 4131 minus
2944 4077 3142 4129 donum
3202 4070 3515 4142 acceperis?

1937 4173 2073 4228 Nam
2102 4181 2156 4228 et
2188 4182 2242 4226 tu
2271 4191 2289 4223 ι
2321 4174 2388 4226 ad
2410 4167 2933 4226 consummationem
2964 4176 3304 4229 sanctorum,
3347 4182 3366 4215 ι
3411 4164 3515 4218 hoc

1941 4278 2046 4331 est,
2114 4266 2180 4320 ad
2229 4263 2670 4320 commoditatem
2731 4259 2966 4313 ﬁdelium
3027 4267 3082 4312 et
3130 4255 3513 4324 perfectionem

1942 4358 2282 4417 commodas.
2318 4356 2464 4411 Cave
2500 4356 2664 4424 igitur
2716 4366 2784 4407 ne
2836 4359 3059 4418 accepto
3093 4349 3236 4402 dono
3268 4357 3326 4399 ut
3381 4346 3517 4400 alios

1940 4452 2199 4517 aedifices,
2229 4448 2461 4517 teipsum
2508 4443 2802 4513 maioribus
2851 4440 3143 4495 invidendo
3206 4438 3513 4492 subvertas.

1940 4543 2237 4606 Praeterea,
2292 4538 2338 4592 si
2389 4538 2457 4592 ad
2496 4532 3023 4590 consummationem
3081 4529 3317 4582 ﬁdelium
3380 4527 3520 4581 alius

273 4620 590 4693 ταστρέψῃς.
658 4623 915 4684 Ἔπειτα,
981 4622 1031 4673 εἰ
1100 4621 1238 4693 πρὸς
1291 4621 1660 4691 καταρτισμὸν
1729 4621 1825 4673 τῶι

1942 4633 2150 4702 accepit
2192 4632 2366 4698 majus
2413 4630 2638 4692 donum,
2686 4626 2861 4697 cogita
2894 4624 3037 4694 quod
3076 4622 3250 4693 ipsius
3302 4634 3519 4690 quoque

277 4712 474 4765 πιστῶν
502 4713 697 4767 ἐλαϐεν
727 4713 885 4775 ἄλλος
920 4714 984 4766 τό
1016 4713 1200 4782 μεῖζον
1230 4713 1499 4783 χάρισμα,
1546 4713 1713 4766 ἐννόει
1752 4715 1837 4766 ὅτι

279 4802 367 4855 καὶ
393 4804 588 4874 μείζων
617 4808 645 4859 ὁ
671 4805 840 4867 κόπος
864 4805 959 4858 καὶ
982 4807 1016 4875 ὴ
1043 4804 1312 4861 διακονία.
1345 4807 1440 4858 καὶ
1462 4807 1495 4874 ἡ
1514 4806 1606 4857 ἐπὶ
1629 4805 1837 4870 τούτοις

279 4893 466 4969 εὐθύνη
510 4898 734 4968 μείζων.
784 4897 992 4959 Ἄλλως
1021 4896 1101 4962 δὲ,
1136 4895 1254 4960 πῶς
1286 4898 1349 4949 οὐ
1402 4896 1691 4950 σατανικδν
1728 4897 1834 4950 πά-

282 4984 367 5049 θος
401 4989 613 5056 φθονεῖν
656 4989 734 5059 τῷ
779 4989 1157 5058 καταρτίζοντι
1206 4990 1303 5044 καὶ
1352 4990 1720 5058 οἰκοδομοῦντι
1776 4991 1838 5043 τὸ

284 5073 433 5143 σῶμα
464 5078 731 5150 Χριστοῦ;
767 5079 1012 5132 ἀντιθέου
1045 5079 1154 5147 γὰρ
1180 5078 1359 5133 τοῦτο.

354 5179 372 5212 ι
404 5164 580 5236 Μέχρι
604 5166 1031 5235 καταντήσωμεν
1059 5168 1108 5221 οἱ
1143 5166 1343 5230 πάντες
1375 5169 1456 5231 εἰς
1488 5168 1587 5239 τὴν
1612 5169 1841 5239 ἑνότητα

284 5249 379 5321 τῆς
423 5255 682 5322 πίστεως,
726 5259 820 5315 καὶ
870 5259 970 5328 τῆς
1015 5258 1362 5325 ἐπιγνώσεως
1410 5259 1506 5314 τοῦ
1558 5261 1686 5314 Υἱοῦ
1745 5261 1842 5315 τοῦ

285 5340 433 5400 Θεοῦ.
469 5366 488 5400 ι
538 5352 718 5420 Μέχρι
747 5350 868 5406 τότε
914 5350 1267 5422 ἐργάζεσθαι.
1294 5351 1448 5421 φησὶ,
1498 5352 1604 5424 χρὴ
1635 5354 1842 5418 πάντας

287 5434 404 5498 τοὺς
431 5438 673 5512 χάρισμα
700 5442 983 5507 λαϐόντας,
1019 5442 1114 5496 καὶ
1140 5444 1359 5514 κοπιᾷν,
1394 5444 1486 5495 καὶ
1516 5443 1843 5514 οἰκοδομεῖν,

287 5523 385 5589 tu;
414 5525 474 5585 οὺ
527 5534 820 5602 φθάσωμεν
876 5535 955 5596 εἰς
1003 5535 1105 5600 τὴν
1162 5536 1391 5595 ἑνότητα
1439 5536 1541 5603 τῆς
1573 5537 1844 5601 πίστεωςσ

393 5666 412 5705 ί
465 5670 582 5728 Act.
630 5688 723 5739 xx,
758 5672 850 5728 28.
964 5670 1189 5727 IllCor.
1227 5688 1322 5737 xu,
1353 5672 1445 5729 ‘28.

1942 4726 2094 4780 labor
2137 4734 2192 4777 et
2247 4721 2608 4777 ministerium
2658 4718 2837 4789 majus
2882 4726 2991 4777 est,
3020 4726 3074 4769 et
3112 4715 3177 4769 de
3225 4714 3344 4768 istis
3401 4727 3520 4765 am-

1940 4817 2163 4888 pliorem
2190 4815 2450 4869 rationem
2481 4812 2689 4867 reddet.
2722 4809 2918 4873 Porro,
2942 4810 3032 4879 qui
3066 4824 3170 4863 nou
3197 4805 3518 4860 diabolieum

1942 4916 2106 4972 esset,
2136 4913 2192 4961 te
2226 4904 2301 4958 illi
2340 4903 2610 4967 invidere,
2636 4901 2726 4971 qui
2755 4900 2956 4960 Christi
2983 4913 3179 4967 corpus
3210 4895 3442 4950 absolvit
3467 4904 3522 4947 et

1945 4995 2395 5055 mdilicatHstud
2443 4997 2592 5052 enim
2647 4995 2884 5050 hominis
2933 5004 3016 5048 est
3046 4990 3136 5061 qui
3185 4990 3291 5042 Deo
3327 4988 3522 5040 adver-

1947 5100 2122 5145 satur.

2032 5180 2197 5236 Vens.
2231 5180 2322 5235 15.
2362 5196 2382 5230 t
2427 5177 2607 5232 Donec
2654 5188 3007 5231 occurramus
3036 5184 3224 5224 omnes
3252 5168 3305 5222 in
3345 5165 3522 5219 unita-

1952 5282 2057 5327 tem
2088 5271 2208 5327 iidei
2260 5280 2316 5326 et
2339 5268 2633 5340 agnitionis
2662 5265 2783 5321 Filii
2814 5263 2929 5320 Dei.
2970 5280 2989 5313 ι
3022 5260 3291 5329 Eonsque,
3322 5256 3520 5325 inquit,

1949 5360 2160 5427 operari
2226 5364 2440 5426 oportet
2487 5367 2678 5407 omnes
2742 5351 2834 5419 qui
2887 5350 3027 5403 dona
3076 5352 3426 5417 acceperunt,
3468 5354 3525 5398 et

1952 5450 2201 5504 laborare
2224 5456 2278 5500 et
2300 5445 2503 5500 a-ditica
2514 5458 2593 5510 re,
2620 5444 2795 5497 donec
2826 5439 3228 5510 pervenerimus
3253 5436 3319 5491 ad
3343 5436 3521 5491 unita-

1956 5546 2064 5594 tem
2114 5536 2276 5608 397
2315 5535 2436 5590 lldei
2466 5551 2481 5586 :
2516 5534 2619 5587 hoc
2670 5540 2775 5597 est,
2811 5545 2986 5601 usque
3018 5531 3143 5585 dum
3184 5528 3520 5583 demonstre-

1593 5674 1621 5714 ιι
1650 5673 1774 5727 Act.
1803 5689 1960 5736 xvm,
1989 5672 2046 5737 2,
2100 5672 2153 5726 5.

1597 5787 1796 5848 Varize
1843 5784 2153 5847 lectiones

360 5882 400 5919 ⁸⁵
444 5889 597 5961 σοφὸς
643 5890 1023 5961 συμφερόντως
1063 5906 1113 5943 o.
1194 5889 1237 5920 ⁶⁰
1272 5888 1691 5959 συγγράψαντας
1735 5906 1808 5942 ιη.

1889 5889 1928 5919 θ’
1962 5887 2276 5956 τελειότητα
2302 5898 2354 5938 ο.
