3932 6624
429 475 566 541 1037

1276 471 1850 535 THEOPHYLACTI
1893 470 2300 533 BULGARI/E
2337 471 2689 532 ARCHIEP.

3546 440 3669 526 uel

432 610 554 650 mur
587 606 777 649 omnes
811 605 968 646 uuam
1002 598 1057 645 et
1097 590 1344 645 eamdem
1379 588 1536 642 fidem
1572 587 1797 649 habere.
1832 600 2006 657 neque

2131 585 2403 651 ςουτέστιν,
2438 586 2584 650 Ἕως
2614 586 2682 640 ἂν
2712 584 3014 656 ὣιχθῶμεν
3042 585 3089 640 οἱ
3113 584 3321 647 πάντες
3359 581 3487 653 μίαν
3509 583 3675 638 πίστιν

430 686 767 757 dugmatibus
798 683 1038 749 differre,
1066 698 1240 753 neque
1275 683 1453 751 quoad
1486 680 1651 735 vitam
1692 679 1857 734 sectis
1883 678 2006 747 qui-

433 778 654 833 husdam
685 777 825 831 inter
843 791 941 831 nos
958 760 1241 831 dissidere.
1275 772 1413 828 Tum
1443 772 1585 826 enim
1618 786 1744 826 vera
1775 780 1859 826 est
1881 769 2005 824 fidei

434 871 629 927 unitas.
653 877 761 924 tum
785 868 1128 939 agnoscimus
1156 867 1348 923 Filium
1375 866 1492 930 Dei,
1518 867 1734 934 quando
1752 874 1804 919 et
1833 865 1883 918 in
1914 864 2009 917 do-

431 962 604 1015 rtrina
649 968 848 1015 rectam
876 959 1198 1015 sententiam
1234 958 1608 1022 habuerimus,
1644 964 1699 1013 et
1733 955 2008 1012 Charilaus

374 1045 380 1051 ’
434 1053 704 1108 vinculum
729 1052 1150 1108 servaverimus.
1177 1050 1433 1106 Charitas
1456 1051 1600 1105 enim
1626 1048 1872 1105 Christus
1900 1058 2006 1105 est.

515 1251 534 1285 ι
571 1231 627 1288 lu
669 1233 843 1287 virum
894 1233 1192 1302 perfectum
1217 1273 1232 1298 ,
1274 1241 1328 1288 et
1384 1232 1437 1287 in
1473 1246 1801 1299 mensuram.
1831 1231 2009 1286 aetatis

434 1323 787 1393 plenitudinis
839 1324 1063 1378 Christi.
1105 1342 1123 1375 ι
1175 1323 1356 1379 Virum
1411 1324 1713 1392 perfectum
1759 1332 1815 1376 et
1860 1336 2012 1375 men—

443 1429 618 1468 suram
653 1414 851 1479 aetatis,
885 1414 1261 1483 perfectiorcm
1300 1415 1609 1484 dogmatum
1640 1413 2006 1480 cognitionem

439 1507 612 1561 dicit:
639 1506 1092 1575 quemadmodum
1128 1515 1181 1560 et
1207 1506 1600 1577 plenitudinem
1625 1504 1852 1566 Christi,
1889 1519 2009 1558 om-

441 1596 712 1650 nimodam
753 1604 915 1665 atque
978 1598 1243 1666 integram
1298 1597 1466 1664 ipsius
1520 1594 1887 1666 cognitimien
1957 1602 2013 1647 et

443 1690 597 1742 tidem
626 1707 640 1744 :
674 1689 927 1743 nimirum
958 1690 1101 1758 quod
1132 1704 1271 1744 unus
1294 1704 1361 1744 ex
1393 1689 1664 1744 Trinitate
1694 1704 1818 1743 cum
1844 1698 2006 1751 esset,

441 1790 497 1835 et
525 1780 749 1850 aequalis
796 1780 966 1841 Patri,
1000 1781 1177 1835 fartus
1215 1782 1286 1835 sit
1317 1781 1496 1845 homo,
1532 1796 1637 1834 una
1669 1795 1901 1850 persona
1956 1782 2009 1834 in

2114 674 2351 744 ἔχοντες,
2382 676 2522 745 μήτε
2560 675 2701 729 κατὰ
2738 675 2808 729 τὰ
2831 675 3077 746 δόγματα
3106 675 3517 745 διαφερόμενοι,
3553 674 3675 742 μήτε

2115 767 2174 818 ὲν
2203 769 2316 830 τοῖς
2356 766 2498 819 κατὰ
2533 766 2625 820 τὸν
2650 766 2765 836 βίον
2801 768 3073 838 σχίσματα
3116 768 3343 838 ἔχοντες
3368 767 3502 835 πρὸς
3523 766 3566 796 ⁶¹
3593 767 3676 819 ἁλ-

2113 857 2329 927 λήλους.
2373 858 2509 911 Τότε
2558 858 2667 928 γάρ
2699 860 2733 929 ἡ
2776 859 2984 929 ἀληθὴς
3039 859 3230 927 ἑνότης
3284 859 3385 927 τῆς
3441 856 3675 919 πίστεως,
3762 932 3767 937 ἢ

2114 951 2235 1004 τότε
2282 953 2719 1023 ἐπιγινώσκομεν
2750 951 2842 1005 τὸν
2871 952 2998 1004 Υἱὸν
3025 950 3119 1004 τοῦ
3159 948 3327 1013 Θεοῦ,
3365 950 3493 1003 ὅταν
3520 947 3607 1002 καὶ
3630 951 3677 1002 ὲν

2113 1044 2226 1105 τοῖς
2276 1043 2543 1112 δόγμασιν
2587 1043 2982 1115 ὀρθοδοξῶμεν,
3041 1044 3136 1096 καὶ
3194 1043 3297 1111 τῆς
3346 1039 3559 1110 ἀγάπης
3599 1040 3679 1094 τὸν

2117 1134 2416 1206 σύνδεσμον
2447 1136 2827 1207 συντηρῶμεν.
2874 1137 3098 1203 Ἀγάπη.
3124 1135 3238 1203 γὰρ
3272 1132 3302 1184 ὁ
3332 1132 3581 1201 Χριστός.

2190 1248 2209 1280 ι
2250 1231 2340 1293 El;
2376 1229 2545 1301 ἄνδρα
2580 1230 2808 1290 τέλειον.
2851 1230 2930 1291 είς
2967 1229 3166 1299 μέτρον
3198 1225 3424 1295 ἡλικίας
3451 1223 3540 1276 τοῦ
3565 1224 3681 1294 πληο

2118 1318 2369 1391 ρώματος
2400 1322 2494 1375 τοῦ
2535 1322 2795 1393 Χριστοῦ.
2827 1340 2845 1371 ι
2884 1320 3090 1388 Ἄνδρα
3119 1318 3356 1380 τέλειον.
3383 1316 3475 1368 καὶ
3506 1316 3678 1386 μέτρον

2117 1412 2352 1483 ἡλικίας,
2378 1413 2527 1482 λέγει
2548 1414 2645 1483 τὴν
2667 1414 3005 1485 τελειοτέραν
3028 1412 3137 1465 τῶν
3166 1410 3462 1479 δογμάτων
3481 1409 3676 1476 γνῶσιν⁸

2116 1503 2305 1576 ὥσπερ
2337 1506 2433 1559 καὶ
2465 1506 2740 1577 πλήρωμα
2771 1506 2863 1560 τοῦ
2910 1502 3173 1577 Χριστοῦ,
3210 1502 3315 1572 τὴν
3351 1501 3580 1570 παντελῆ
3603 1503 3681 1552 καὶ

2116 1598 2414 1667 ὁλόκληρον
2466 1599 2632 1652 αὐτοῦ
2676 1599 2895 1667 γνῶσινι
2937 1599 3032 1650 καὶ
3060 1598 3290 1651 πίστινο
3349 1595 3433 1646 ὅτι
3486 1586 3559 1654 εἷς
3600 1592 3680 1658 τῆς

2128 1688 2361 1761 Τριάδος
2388 1688 2463 1743 ὢν
2494 1687 2729 1754 καὶῖσος
2747 1692 2825 1761 τῷ
2874 1691 3070 1761 Πατρὶ,
3116 1692 3352 1760 γέγονεν
3400 1687 3679 1757 ἄνθρωπος,

2120 1782 2220 1851 μία
2273 1782 2574 1846 ὑπόστασις
2626 1784 2684 1837 ἐν
2729 1783 2851 1836 δυσ)⁸
2902 1783 3099 1851 φύσεσι
3146 1782 3248 1836 καὶ
3311 1781 3572 1850 θελήματι
3601 1785 3683 1831 καὶ

396 1918 401 1923 .
442 1872 649 1927 duabus
678 1870 882 1925 naturis
911 1881 965 1926 et
995 1870 1359 1926 voluntatibus
1389 1878 1441 1923 ct
1470 1870 1878 1938 operationibus
1908 1887 1923 1923 :
1957 1878 2012 1924 et

2131 1873 2453 1941 ἐνεργείαιςο
2503 1874 2598 1928 καὶ
2646 1874 2783 1943 μετὰ
2831 1874 2925 1927 τοῦ
2959 1874 3217 1944 σώματος
3266 1871 3684 1943 συνεδριάζειτῷ

442 1977 564 2016 cum
615 1975 843 2032 corpore
872 1962 1017 2016 Patri
1051 1962 1274 2027 assidet,
1305 1962 1591 2032 venietque
1625 1978 1747 2016 cum
1783 1964 1921 2032 ipso,
1956 1971 2013 2016 et

2131 1939 2321 2035 Πατρὶ,
2352 1966 2449 2020 καὶ
2479 1965 2601 2035 ἥξει
2633 1939 2750 2037 μετ’
2791 1965 2981 2027 αὐτοῦ,
3016 1939 3113 2018 καὶ
3141 1965 3248 2017 ὅσα
3281 1939 3573 2032 Elian-.591
3602 1939 3669 2013 αὖἰ

440 2071 771 2126 quaecunque
799 2056 901 2109 alia
945 2054 1015 2110 de
1063 2055 1177 2124 ipso
1229 2064 1378 2109 recte
1416 2054 1790 2122 intelliguntur
1841 2070 1905 2108 ac
1933 2054 2015 2108 di-

2131 2057 2215 2110 τοῢ
2246 2055 2680 2125 όρθῶςνοείται
2730 2057 2825 2111 καὶ
2873 2057 3116 2124 λέγεται.
3164 2057 3295 2119 Πῶς
3344 2052 3439 2109 οὖν
3474 2053 3681 2123 ἀλλαχοῦ

439 2157 654 2203 cuntur.
682 2148 959 2216 Quomodo
988 2146 1153 2215 igitur
1186 2146 1322 2203 alias
1352 2147 1722 2216 imperfectam
1764 2149 1899 2205 dicit
1931 2164 2016 2204 co-

2131 2152 2284 2219 ὶτελῆ
2339 2150 2488 2219 λέγει
2527 2152 2626 2216 τὴν
2662 2151 2866 2219 γνῶσιν
2905 2150 3097 2222 ήμῶν;
3148 2152 3244 2213 Ὠς
3292 2150 3431 2218 πρὸς
3470 2148 3679 2203 ἀντιδια-

441 2239 738 2305 gnitionem
765 2239 1046 2295 nostram?
1066 2236 1451 2308 Utbppouatur
1469 2237 1666 2293 futurae.
1689 2241 2011 2310 cognitioni:

443 2331 531 2385 hic
563 2345 691 2386 vero
723 2340 968 2400 respectu
1017 2330 1470 2385 immutabilitatis
1526 2334 1667 2400 ejus,
1718 2332 2014 2399 perfectam

442 2422 806 2493 cognitionem
839 2422 1005 2491 .dixit.
1043 2420 1269 2489 Quando
1300 2422 1442 2475 enim
1478 2436 1582 2475 non
1620 2422 2008 2489 exciderimus,

444 2523 555 2568 tum
586 2510 810 2582 perfecti
843 2526 1054 2577 sumus,
1090 2521 1147 2566 ut
1182 2527 1250 2566 ex
1277 2512 1628 2580 sequentibus
1655 2510 1845 2582 liquet.

518 2602 683 2660 Vens.
738 2604 825 2659 M.
895 2623 912 2656 ι
976 2603 1044 2659 Ut
1086 2606 1199 2674 jam
1261 2618 1367 2657 non
1417 2602 1590 2657 simus
1643 2604 1849 2673 parvuli
1905 2605 2017 2659 llu-

442 2706 705 2761 ctuantes,
728 2703 784 2750 et
806 2692 1253 2749 circumferamur
1285 2694 1432 2748 omni
1466 2702 1630 2747 vento
1662 2696 1947 2750 doctrinm.
1994 2715 2013 2747 ι

448 2789 519 2845 Ut
556 2788 729 2858 ipsam
793 2788 1066 2857 exiguam,
1112 2786 1311 2854 inquit,
1356 2801 1668 2841 mensuram
1724 2803 1887 2856 quam
1930 2804 2021 2843 ac-

2123 2242 2316 2312 στολὴν
2347 2243 2445 2310 τῆς
2477 2240 2777 2312 μελλούσης
2798 2242 3051 2311 γνώσεως
3070 2256 3085 2271 ⁸
3119 2240 3366 2295 ἐνταῦθα
3393 2240 3447 2293 δὲ
3474 2240 3543 2301 ὡς
3564 2238 3679 2308 πρὸς

2117 2336 2178 2387 τὸ
2239 2334 2632 2403 ἀμετάπτωτον
2682 2330 2805 2387 εἷπε
2856 2334 3077 2387 τελείαν
3125 2334 3229 2403 τὴν
3286 2332 3505 2401 γνῶσιν.
3538 2331 3681 2383 Ὅταν

2126 2427 2233 2496 γὰρ
2273 2426 2349 2496 μὴ
2380 2426 2834 2496 μεταπίπτωμεν,
2864 2430 2985 2479 τότε
3008 2425 3206 2479 τέλειοί
3239 2428 3429 2495 ἐσμεν,
3456 2423 3526 2487 ὡς
3553 2421 3678 2490 δῆλοι

2128 2516 2214 2569 διὰ
2243 2516 2351 2569 τῶν
2372 2515 2521 2584 ἑξῆς.
3364 2580 3371 2583 Α

2195 2628 2213 2659 ι
2255 2609 2372 2661 Ἵνα
2420 2607 2617 2677 μηκέτι
2647 2602 2799 2678 ὦμεν
2842 2608 3048 2677 νήπιοι,
3083 2606 3180 2661 καὶ
3227 2603 3678 2674 κλυδωνιζόμενοι,

2122 2700 2217 2753 καὶ
2246 2698 2668 2769 περιφερόμενοι
2696 2698 2859 2750 παντὶ
2902 2698 3090 2766 ἀνέμῳ
3139 2700 3244 2766 τῆς
3275 2694 3627 2756 διδασκαλίας.
3660 2714 3674 2745 ι

2124 2793 2241 2846 Ἵνα
2272 2792 2426 2855 αὐτὸ,
2457 2793 2612 2861 φησι,
2641 2791 2701 2844 τὸ
2742 2791 2924 2859 ὀλίγον
2958 2790 3164 2860 μέτρον
3198 2788 3227 2842 ὃ
3264 2788 3549 2857 ἐλάϐομεν,
3575 2804 3683 2840 κατ-

447 2882 715 2951 cepimus,
748 2881 1122 2935 contineamus
1149 2878 1377 2933 ﬁrmiter
1400 2887 1456 2932 et
1479 2878 1671 2943 solide,
1708 2889 1762 2933 ct
1793 2895 1897 2934 non
1937 2880 2021 2933 in-

2131 2887 2334 2957 ἔχωμεν
2397 2885 2633 2956 βεϐαίως
2685 2884 2783 2938 καὶ
2833 2881 3098 2954 στερρῶς,
3139 2883 3234 2934 καὶ
3281 2882 3357 2952 μὴ
3406 2882 3478 2941 ὡς
3527 2882 3680 2950 νήπιοι

447 2974 679 3029 fantium
712 2972 887 3026 instar
922 2970 1298 3026 concutiamur
1341 2979 1395 3025 et
1435 2971 1872 3040 circumagamur
1925 2971 2022 3026 abs

2131 2979 2489 3050 σαλευώμεθα
2518 2980 2612 3033 καὶ
2638 2977 3070 3049 περιφερώμεθα
3099 2977 3205 3029 ὑπὸ
3232 2976 3443 3039 παντὸς
3469 2973 3681 3028 διδασκά-

446 3065 641 3135 quovis
670 3062 1012 3118 doctore.Ad
1048 3063 1150 3117 hoc
1181 3061 1325 3117 enim
1355 3064 1479 3117 data
1512 3072 1640 3116 sunt
1671 3063 2018 3128 charismata,

2131 3076 2237 3129 λου.
2291 3076 2413 3128 Ἐπὶ
2436 3074 2613 3144 τούτῳ
2636 3074 2745 3143 γὰρ
2775 3071 3035 3143 ἐδόθησαν
3073 3069 3145 3123 τὰ
3172 3070 3516 3141 χαρίσματα,
3544 3070 3611 3129 εἰς
3633 3065 3680 3119 τδ

448 3168 508 3212 ιιι
553 3155 825 3211 aedificent
878 3164 1038 3223 atque
1095 3164 1497 3220 consumment,
1565 3171 1631 3211 ne
1677 3156 2023 3211 concutiatur

2131 3166 2429 3237 οἰκοδομεῖν
2461 3165 2557 3218 καὶ⁸
2587 3162 2955 3233 καταρτίζειν,
2990 3163 3078 3215 ἵνα
3113 3162 3189 3232 μὴ
3223 3161 3522 3231 σαλεύηται
3558 3160 3586 3228 ἡ
3615 3158 3676 3211 oio

449 3249 568 3318 ipsa
600 3256 897 3302 structura.
953 3246 1089 3302 Cum
1151 3262 1280 3303 vero
1323 3247 1420 3314 ait,
1471 3266 1490 3299 ι
1535 3247 1655 3303 Jam
1698 3265 1828 3315 non,
1878 3269 1897 3302 ι
1935 3250 2019 3305 in-

2131 3259 2350 3330 κοδομή.
2396 3259 2485 3310 Ἐν
2533 3256 2589 3309 δὲ
2631 3256 2710 3326 τῷ
2756 3256 2953 3319 είπεῖν,
3015 3273 3035 3305 ι
3078 3254 3321 3322 Μηκέτι,
3359 3272 3379 3304 ι
3416 3251 3569 3316 ἔδειξε
3599 3250 3675 3302 καὶ

450 3341 653 3395 dicavit
699 3339 827 3396 olim
876 3354 972 3396 eos
1016 3339 1070 3394 id
1123 3354 1246 3395 esse
1289 3354 1501 3409 passos.
1535 3340 1786 3410 Seipsum
1837 3354 2020 3397 autem

2131 3351 2299 3404 πάλαι
2326 3348 2487 3402 τοῦτο
2518 3346 2877 3410 πεπονθότας.
2909 3344 3102 3416 Τίθησι
3134 3346 3192 3399 δὲ
3234 3345 3339 3398 καὶ
3381 3344 3578 3405 ἑαυτὸν,
3606 3341 3678 3395 Iv:

450 3441 827 3497 connumerat,
881 3437 940 3485 ut
988 3445 1095 3485 non
1138 3429 1297 3484 veluti
1342 3429 1696 3495 conviciator,
1755 3433 1850 3488 sed
1902 3449 2024 3486 cum

2131 3442 2204 3515 μὴ
2233 3443 2308 3505 ὡς
2346 3441 2641 3505 ὀνειδίζων,
2670 3439 2806 3491 ἀλλὰ
2838 3438 2957 3508 μεθ’
2983 3437 3305 3507 ἱλαρότητος
3333 3434 3673 3507 διορθὼσηται.

450 3524 723 3580 hilaritate
769 3524 1026 3593 corrigat.
1072 3524 1141 3577 At
1189 3538 1311 3578 cum
1376 3523 1471 3588 ait,
1522 3540 1541 3574 ι
1574 3521 1945 3585 Fluctuantes.
1999 3543 2018 3576 ι

2131 3534 2224 3587 Διὰ
2256 3533 2313 3586 δὲ
2341 3532 2434 3585 τοῦ
2463 3535 2658 3595 εἰπεῖν,
2694 3549 2712 3581 ι
2757 3528 3242 3598 κλυδωνιζόμενοι,
3285 3526 3607 3579 »νδείκνυσιν
3631 3525 3677 3572 ἐν

448 3617 687 3673 ostendit
705 3617 756 3671 in
792 3617 937 3688 quali
971 3616 1209 3685 periculo
1226 3615 1532 3670 constitutae
1554 3625 1677 3671 sunt
1702 3616 1808 3672 illae
1831 3617 2024 3672 animas

2131 3626 2223 3693 οἴῳ
2256 3624 2487 3693 κινδύνῳ
2520 3624 2658 3676 εἰσιν
2693 3622 2749 3675 αί
2796 3622 3029 3690 ἀπαγεῖς
3083 3621 3221 3691 πρὸς
3266 3620 3371 3690 τὴν
3404 3614 3676 3683 όρθοδοξὶαν

459 3723 580 3779 quae
627 3708 771 3764 circa
816 3716 963 3764 recta
995 3708 1245 3776 dogmata
1294 3714 1419 3761 sunt
1451 3705 1750 3762 instabiles.
1788 3707 1842 3761 ln
1873 3715 2024 3777 trapo

2131 3716 2319 3788 ψυχαί.
2358 3716 2437 3787 τῇ
2467 3717 2643 3785 τροπῇ
2676 3715 2733 3768 δὲ
2771 3714 3048 3783 ἐμμένων,
3089 3712 3183 3766 καὶ
3216 3712 3460 3782 ἀνέμους
3485 3705 3676 3762 ἐκάλεσε

450 3812 635 3858 autem
663 3815 1047 3872 perseverans,
1099 3807 1288 3865 ventos
1341 3798 1503 3853 etiam
1542 3798 1754 3853 vocavit
1783 3797 2029 3855 diversas

452 3893 753 3957 doctrinas,
807 3893 1137 3960 minimeque
1165 3893 1587 3946 consentientes.

533 3981 621 4038 «In
656 3983 895 4052 nequitia
925 3982 1228 4047 hominum,
1259 3981 1313 4035 in
1344 3980 1567 4047 astutia,
1596 3982 1663 4037 ad
1692 3981 2031 4037 circumven-

456 4076 658 4130 tiouem
709 4074 933 4129 erroris.
993 4090 1013 4124 ι
1083 4072 1366 4129 Κυϐευταὶ
1423 4072 1695 4138 dicuntur,
1755 4074 1845 4143 qui
1910 4074 2033 4128 talis

459 4172 738 4232 utuntur:
767 4162 1073 4232 hujusmodi
1108 4171 1239 4218 sunt
1279 4162 1398 4219 falsi
1450 4163 1724 4227 doctores,
1762 4156 2033 4233 transpo-

463 4266 658 4312 nentes
701 4254 1083 4324 simpliciores,
1120 4269 1219 4309 ceu
1248 4255 1403 4320 talos,
1436 4265 1597 4324 prout
1626 4255 1911 4310 voluerint.
1955 4254 2034 4309 Ne

460 4349 645 4416 igitur,
692 4347 886 4417 inquit,
934 4362 1036 4402 nos
1056 4345 1510 4403 circumferamur
1539 4346 1592 4400 in
1626 4346 1890 4416 nequitia,
1921 4346 2034 4400 sive

464 4441 699 4497 versutia
742 4441 868 4495 hac.
899 4437 1222 4506 Quomodo?
1281 4457 1299 4491 ι
1332 4437 1387 4491 In
1439 4438 1660 4503 astutia,
1700 4438 1766 4491 ad
1796 4438 2037 4491 circum-

461 4533 766 4588 ventionem
804 4532 1135 4601 imposturae,
1173 4549 1193 4582 ι
1248 4532 1356 4586 hoc
1401 4538 1504 4593 est,
1558 4531 1626 4583 ad
1678 4529 2036 4599 quodcunque

2128 3809 2225 3872 τὰς
2253 3807 2548 3878 διαφόρους
2573 3806 2943 3868 διδασκαλίας.

2207 4003 2226 4036 ι
2257 3984 2345 4037 Ἑν
2365 3984 2431 4053 τῇ
2453 3980 2646 4052 κυϐείᾳ
2663 3980 2771 4033 τῶν
2791 3978 3120 4051 ἀνθρώπων,
3139 3979 3194 4032 ἐν
3220 3976 3541 4048 πανουργίᾳ,
3565 3971 3676 4043 πρὸς

2130 4075 2228 4146 τὴν
2254 4074 2531 4146 μεθοδείαν
2551 4074 2649 4143 τῆς
2665 4073 2895 4143 πλάνης.
2926 4071 3245 4124 ιΚυόευταὶ
3265 4070 3510 4139 λέγονται
3531 4068 3572 4119 οἱ
3590 4065 3678 4124 τοῖς

2138 4169 2360 4231 πεσσοῖς
2387 4165 2750 4237 κεχρημένου
2795 4162 3026 4216 τοιοῦτοί
3052 4166 3190 4214 εἰσιν
3218 4163 3267 4213 ol
3299 4155 3679 4230 ψευδοδιδάςκαο

2133 4261 2235 4325 λοι,
2275 4259 2652 4330 μετατιθέντες
2687 4255 2873 4330 [πρὸς]
2908 4256 3034 4318 τοὺς
3083 4254 3495 4326 ἁφελεστέρους,
3521 4249 3676 4315 ὥσπερ

2134 4354 2384 4416 πεττοὺς,
2414 4350 2490 4412 ὡς
2528 4349 2831 4420 βούλονται.
2866 4348 2988 4401 Ἵνα
3022 4345 3138 4411 οὖν,
3176 4347 3336 4416 φησὶ,
3382 4346 3453 4415 μὴ
3485 4353 3677 4410 περιφε-

2140 4441 2359 4514 ρώμεθα
2393 4442 2554 4510 ἡμεῖς
2582 4442 2639 4494 ὲν
2668 4442 2735 4509 τῇ
2764 4438 2960 4509 κυϐείᾳ
2990 4437 3189 4507 ταύτῃ.
3217 4436 3383 4501 Πῶς;
3413 4456 3430 4487 ι
3452 4434 3533 4487 Ἑν
3559 4444 3679 4482 παν-

2135 4533 2352 4605 ουργίᾳ,
2403 4532 2539 4602 πρὸς
2573 4533 2674 4601 τὴν
2708 4530 2988 4601 μεθοδείαν
3008 4529 3107 4597 τῆς
3131 4529 3362 4598 πλάνης,
3399 4546 3421 4579 ι
3442 4524 3673 4583 τουτέστι,

462 4625 740 4694 deceptrix
793 4640 981 4680 eorum
1048 4623 1453 4679 circumventio
1492 4621 1748 4686 voluerit,
1816 4622 1883 4674 ad
1935 4621 2024 4675 hor

2143 4625 2279 4696 πρὸς
2310 4626 2448 4693 ὅπερ
2489 4625 2522 4693 ἠ
2550 4623 2749 4685 πλάνος
2789 4621 2970 4675 αὐτῶν
2999 4619 3249 4689 μεθοδεία
3280 4619 3538 4690 βούλεται,
3569 4612 3679 4696 πρὸς

464 4717 775 4786 transpositi
802 4726 854 4769 et
878 4717 1215 4770 circumacti.
1242 4713 1323 4770 0b
1346 4715 1481 4769 nihil
1510 4714 1655 4768 enim
1682 4712 1825 4766 aliud
1853 4712 2034 4787 omnia
2079 4781 2081 4784 γ

466 4808 730 4863 fallaciter
775 4818 1037 4862 conantur
1085 4816 1142 4862 et
1186 4817 1303 4862 arte
1350 4808 1583 4876 quadam
1629 4805 2032 4867 marhinanlur,

464 4915 626 4972 quam
657 4910 715 4954 ut
748 4901 1033 4955 seducant.
1061 4898 1297 4953 Pulchre
1333 4907 1513 4953 autem
1550 4898 1825 4967 apposuit,
1861 4915 1880 4948 ι
1927 4898 2036 4952 Ho-

466 4997 669 5051 minum
701 5012 716 5049 :
753 5013 773 5047 ι
807 5010 896 5051 res
923 4995 1065 5049 enim
1090 4995 1287 5050 divina:
1320 4993 1613 5048 versutiam
1666 5007 1731 5047 ac
1760 4992 2039 5062 deceptiq—

465 5102 586 5142 nem
620 5102 730 5141 non
768 5084 1084 5141 admittunt.
1801 5100 1807 5106 '

538 5176 707 5236 Vens.
759 5178 848 5233 15.
894 5195 913 5230 ι
952 5177 1252 5233 Veritatem
1288 5183 1469 5230 autem
1503 5180 1779 5229 sectantes
1815 5175 1870 5228 in
1909 5174 2037 5228 cha-

469 5272 645 5337 ritate,
691 5286 998 5328 crescemus
1043 5272 1096 5326 in
1129 5270 1302 5338 ipsum
1340 5282 1435 5337 per
1483 5266 1687 5329 omnia,
1721 5267 1886 5339 398
1944 5267 2037 5335 qui

465 5374 553 5420 est
578 5374 740 5436 caput
767 5365 1036 5420 Christus.
1061 5383 1081 5416 ι
1117 5360 1473 5418 Fraudulenti
1507 5360 1650 5415 enim
1682 5371 1737 5415 et
1771 5362 1825 5416 in
1858 5360 2038 5416 verbis

468 5456 701 5521 versuti,
737 5456 917 5511 omnia
968 5455 1135 5510 notha
1191 5463 1249 5509 et
1298 5452 1430 5507 falsa
1496 5451 1810 5521 loquuntur,
1865 5466 2041 5520 neque

468 5548 761 5619 quidquam
816 5548 872 5603 in
935 5548 1065 5617 ipsis
1100 5556 1187 5602 est
1228 5546 1310 5601 vel
1336 5560 1529 5600 sanum
1561 5544 1647 5598 vel
1685 5545 1896 5599 stabile.
1931 5544 2039 5598 an

471 5651 650 5698 autem
697 5641 912 5698 veritati
956 5641 1237 5697 studentes
1283 5639 1337 5695 in
1373 5636 1666 5694 dilectione
1699 5653 1823 5708 erga
1865 5636 2033 5692 Deum

2139 4694 2318 4772 έκεῖνο
2350 4713 2771 4785 μετατιθέμενοι
2806 4712 2902 4767 καὶ
2946 4711 3395 4781 περιφερόμενοι.
3444 4709 3518 4761 Δι’
3554 4694 3677 4758 οὐδὲν

2139 4810 2249 4880 γὰρ
2276 4810 2404 4862 ἄλλο
2446 4808 2627 4862 πάντα
2667 4805 3014 4875 μεθοδεύουσι
3056 4806 3152 4857 καὶ
3196 4803 3556 4873 τεχνάζονται,
3581 4793 3678 4866 ῆτὺ

2140 4901 2372 4972 πλανᾷν.
2404 4898 2600 4963 Καλῶς
2634 4898 2693 4951 δὲ
2738 4897 3082 4967 προσέθηκε·
3117 4914 3136 4946 ι
3173 4895 3298 4947 Τῶν
3325 4891 3672 4960 ἀνθρώπων»

2139 4993 2210 5047 τὰ
2257 4994 2370 5063 γὰρ
2415 4991 2511 5045 τοῦ
2567 4989 2703 5043 Θεοῦ
2749 4990 2974 5043 κυϐείαν
3014 4986 3106 5042 καὶ
3145 4987 3363 5057 ἀπάτην
3410 4985 3502 5038 οὐκ
3548 4980 3676 5049 Excu-

2146 5102 2251 5139 σιν.

2229 5198 2248 5231 ι
2298 5176 2685 5247 Ἀληθευοντες
2750 5172 2807 5226 δὲ
2876 5173 2934 5224 ἐν
2983 5171 3195 5243 ἀγάπῃ,
3255 5168 3562 5239 αὐξήσωμεν
3610 5158 3674 5218 εἷς

2135 5272 2295 5325 αὐτὸν
2343 5271 2413 5325 τὰ
2462 5270 2643 5322 πάντα
2674 5307 2689 5331 ,
2731 5267 2792 5328 ὅς
2853 5266 2999 5317 ἐστιν
3068 5266 3102 5334 ἡ
3171 5262 3420 5333 κεφαλὴ,
3467 5260 3493 5311 ὁ
3563 5253 3667 5320 Χρι-

2137 5365 2279 5424 στός.
2330 5379 2348 5413 ι
2411 5361 2475 5414 Οί
2521 5360 2619 5427 μὲν
2678 5356 2977 5429 πανοῦργοι
3031 5355 3127 5408 καὶ
3177 5352 3440 5407 κυδευταὶ
3486 5344 3582 5400 τῶν
3604 5336 3671 5392 λό-

2126 5472 2260 5523 γων,
2300 5453 2483 5505 πάντα
2513 5452 2561 5484 ⁸³
2601 5449 2731 5502 νόθα
2773 5449 2871 5502 καὶ
2915 5446 3089 5517 ψευδῆ
3156 5445 3367 5515 έχουσι,
3429 5438 3514 5493 καὶ
3549 5430 3672 5523 eam

2134 5522 2193 5598 έν
2226 5544 2412 5605 αὐτοῖς
2442 5540 2592 5608 ὑγιὲς
2624 5542 2721 5592 καὶ
2755 5540 3041 5608 στάσιμον.
3088 5536 3279 5607 Ἡμεῖς
3321 5534 3379 5588 δὲ
3423 5522 3668 5596 ἀληθεύον-

2135 5654 2227 5698 τες
2277 5638 2334 5688 ὲν
2382 5633 2596 5704 ἀγάπῃ,
2646 5634 2712 5703 τῇ
2763 5649 2823 5685 τε
2863 5632 2998 5701 πρὸς
3028 5627 3123 5683 τὸν
3163 5628 3297 5683 Θεὸν
3335 5624 3425 5681 καὶ
3454 5617 3571 5691 πρὸς
3591 5610 3668 5664 τδν

1812 5797 2009 5860 Varia)
2051 5796 2373 5859 lectiones.

543 5922 605 5959 ⁵³-
635 5920 714 5984 είς
745 5934 798 5975 ο.
877 5920 922 5958 ⁶³
954 5921 1149 5983 πάντες
1175 5938 1229 5974 ι).
