3932 6594
230 352 351 417 περ

986 351 1398 414 EXPOSlTIO
1432 354 1510 415 IN
1544 352 1784 415 EPIST.
1829 354 1928 415 ΑΙ)
1966 355 2235 419 EPHES.
2267 383 2333 393 --
2365 360 2521 421 CAP.
2570 324 2669 420 iv.

3329 358 3465 423 1090

227 466 455 536 πλησίον,
481 463 574 517 καὶ
612 461 813 533 μηκέτι
831 461 876 495 ⁸⁸
905 463 1074 533 ψευδῆ
1097 464 1347 535 δόγματα
1370 464 1606 535 ἔχοντες,
1642 466 1780 534 μήτε

1887 474 1940 518 et
1989 470 2320 535 proximum,
2393 482 2566 535 neque
2620 452 2869 537 dogmata
2930 467 3063 523 falsa
3138 467 3460 534 retinentes,

224 545 603 626 ἐν’ύποκρίσει
640 553 840 617 ζῶντες
874 554 1131 622 (ἐνταῦθα
1176 560 1285 626 γὰρ
1326 556 1471 609 δοκεῖ
1518 555 1613 609 καὶ
1653 557 1782 625 περὶ

225 650 329 720 βίου
358 646 537 707 αὐτοῖς
561 642 952 711 διαλέγεσθαι),
982 644 1308 717 αὐξήσωμεν
1342 649 1422 710 είς
1457 646 1689 716 Χριστὸν
1714 644 1783 697 τά

224 742 385 795 πάντα
424 737 601 808 ἡμῶν,
650 735 741 789 τόν
772 751 832 788 τε
882 735 994 806 βίον
1048 738 1250 791 καὶτὰ
1303 738 1571 808 δόγματα.
1623 737 1782 809 Αύτῷ

221 832 316 901 γὰρ
352 827 558 897 κεφαλῇ
599 827 713 879 ὄντι
751 825 1046 896 ὀφείλομεν
1084 827 1491 899 προσαρμόζων
1538 828 1606 881 τὰ
1646 826 1782 898 ήμέ.

224 940 361 994 τερα,
406 922 492 973 ἴνα
520 918 688 990 μηδὲν
716 918 1090 989 ἀκατάλληλον
1122 921 1380 991 φέρωμεν
1414 920 1508 973 καὶ
1536 919 1781 990 ἀνάρμο-

224 1033 334 1069 στον
378 1014 472 1083 τῆς
512 1011 780 1084 κεφαλῆς,
824 1011 963 1067 ἀλλὰ
1007 1014 1185 1067 πάντα
1231 1014 1367 1083 πρὸς
1414 1010 1576 1067 αὐτὸν
1617 1010 1781 1076 αὐξά-

224 1124 407 1176 νωμεν.

288 1220 304 1250 ‹
350 1197 433 1264 Ἐξ
474 1191 537 1251 οὗ
588 1198 697 1249 πᾶν
752 1198 815 1251 τὸ
863 1197 1025 1269 σῶμα
1069 1195 1648 1269 συναρμολογούμενον
1686 1197 1780 1251 καὶ⁵

223 1288 677 1361 συμὸιεαζόμενον
713 1288 803 1341 διὰ
849 1290 1033 1359 πάσης
1081 1288 1228 1360 ἁφῆς
1257 1287 1358 1358 τῆς
1398 1289 1779 1360 ἐπιχορηγίας,

223 1381 328 1435 κατ’
370 1381 654 1450 ἐνέργειαν
702 1380 762 1433 ὲν
815 1381 1001 1451 μέτρῳ
1044 1380 1163 1443 ἑνὸς
1212 1380 1446 1435 ἑκάστου
1489 1379 1690 1449 μέρους
1711 1380 1779 1447 ⁸³,

220 1472 302 1538 τὴν
345 1470 571 1541 αὔξησιν
616 1469 711 1522 τοῦ
759 1468 1014 1541 σώματος
1061 1472 1316 1536 ποιεῖται,
1366 1472 1447 1533 είς
1491 1471 1783 1541 οἰκοδομὴν

219 1558 395 1614 ἑαυτοῦ
423 1563 479 1613 ὲν
504 1560 721 1633 ἀγάπῃ.
764 1578 784 1613 ι
836 1559 896 1615 ἸΙ
932 1560 1142 1614 διάνοια
1190 1561 1284 1614 τοῦ
1329 1562 1496 1633 ρητοῦ
1534 1562 1780 1631 τοιαύτη,

221 1658 262 1709 εἰ
286 1654 377 1708 καὶ
400 1654 628 1723 ἀσαφῶς
661 1655 1004 1725 πέφρασταιο
1053 1655 1322 1726 Καθάπερ
1361 1656 1419 1709 έν
1451 1655 1529 1727 τῷ
1566 1656 1783 1727 σώματι

220 1747 273 1800 τὸ
297 1745 504 1817 πνεῦμα
527 1746 588 1799 τὸ
618 1746 729 1800 ἀπὸ
754 1745 847 1801 τοῦ
874 1747 1175 1815 ἐγκεφάλου
1207 1748 1536 1802 καταϐαῖνον
1558 1748 1647 1802 διὰ
1671 1748 1783 1801 τῶν

1889 570 2066 624 neque
2115 559 2167 611 in
2201 557 2471 627 hypocrisi
2513 560 2808 627 viventes(
2853 559 2940 613 hic
2966 559 3110 614 enim
3137 558 3353 612 videtur
3395 569 3452 612 et

1885 655 1941 700 et
1966 648 2031 701 de
2052 648 2161 700 vita
2193 650 2326 718 ipsis
2352 651 2512 705 verba
2545 651 2768 720 facere),
2793 665 3088 723 augeamus
3112 651 3164 705 in
3184 650 3463 716 Christum

1884 740 2064 793 omnia
2124 750 2331 806 nostra,
2379 741 2543 795 vitam
2597 743 2850 797 nimirum
2887 754 2941 796 et
2993 744 3316 799 doctrinam.
3356 741 3464 812 Ipsi

1884 831 2051 893 enim,
2103 831 2192 899 qui
2236 838 2399 900 caput
2469 841 2573 895 est,
2621 834 2878 888 debemus
2933 835 3192 899 adaptare
3243 842 3457 893 nostra,

1883 932 1944 974 ut
2002 921 2135 976 nihil
2192 937 2296 976 non
2351 927 2682 991 respondens
2729 934 2785 978 et
2835 926 3220 979 inconveniens
3297 924 3460 994 capiti
3504 962 3508 966 -

1885 1012 2144 1078 feramus,
2177 1014 2274 1069 sed
2297 1015 2477 1068 omnia
2509 1029 2803 1084 augeamus
2826 1016 2891 1068 ad
2928 1016 3125 1085 ipsum.

1961 1188 2126 1245 Vens.
2176 1189 2264 1244 lli.
2311 1208 2330 1241 ‹
2368 1190 2450 1245 Ex
2486 1204 2596 1258 quo
2645 1199 2811 1243 totum
2861 1204 3054 1259 corpus
3115 1200 3455 1260 compactum

1885 1294 1940 1338 et
1975 1298 2288 1339 connexum
2338 1298 2434 1352 per
2468 1298 2684 1337 omnem
2712 1282 3027 1351 juncturam
3075 1284 3459 1338 subministra-

1887 1379 2083 1444 tionis,
2109 1379 2404 1433 secundum
2433 1378 2803 1447 operationem
2830 1378 2881 1432 in
2914 1394 3165 1433 mensura
3197 1381 3455 1433 uniuscu-

1879 1470 2073 1540 jusque
2137 1469 2387 1536 membri,
2442 1480 2788 1539 augmentum
2858 1470 3108 1539 corporis
3169 1470 3320 1532 facit,
3393 1472 3458 1525 ad

1883 1563 2296 1618 aedificationem
2322 1563 2402 1617 sui
2434 1564 2600 1631 ipsius
2632 1564 2683 1617 in
2713 1564 2999 1618 charitate.
3035 1581 3056 1615 ι
3128 1563 3294 1632 Hujus
3353 1564 3456 1618 loci

1885 1670 2078 1710 sensus
2114 1655 2236 1710 talis
2269 1666 2374 1721 est,
2399 1657 2613 1711 etiamsi
2638 1657 2878 1710 'obscure
2901 1658 3074 1709 dictus
3101 1656 3171 1710 sit
3198 1673 3213 1711 :
3260 1656 3459 1725 Quem-

1886 1746 2174 1800 admodum
2238 1750 2292 1801 in
2332 1761 2560 1816 corpore
2606 1748 2849 1816 Spiritus,
2899 1748 2989 1816 qui
3040 1763 3069 1801 e
3106 1749 3329 1801 cerebro
3369 1749 3460 1802 dc-

222 1835 429 1906 νεύρων,
464 1836 564 1907 οὐχ
597 1836 786 1901 ἁπλῶς
819 1836 998 1891 δίδωσι
1040 1839 1175 1891 πᾶσι
1213 1839 1325 1901 τοῖς
1350 1838 1539 1908 μέλεσι
1574 1839 1671 1909 τὴν
1697 1840 1781 1891 αῖ-

1887 1839 2092 1892 scendit
2158 1853 2253 1909 per
2290 1848 2513 1907 nervos,
2569 1854 2675 1893 non
2714 1838 3037 1907 simpliciter
3085 1840 3176 1892 dat
3208 1841 3458 1895 omnibus

224 1928 414 1998 σθησιν,
435 1926 570 1982 ἀλλὰ
595 1929 741 1984 κατὰ
775 1928 1074 1999 ἀναλογίαν
1103 1931 1342 2001 ἑκάστῳ,
1371 1930 1450 2001 τῷ
1493 1930 1592 2002 μὲν
1619 1930 1782 1984 πλέον

220 2020 454 2086 δέξασθαι
480 2019 792 2092 δυναμένῳ,
826 2020 990 2074 πλέον
1011 2059 1028 2088 ,
1058 2021 1137 2090 τῷ
1162 2021 1219 2075 δὲ
1251 2021 1496 2086 ἔλαττον,
1526 2021 1745 2075 ἔλαττον
1766 2039 1781 2055 ο

222 2110 348 2166 οὕτω
371 2112 463 2165 καὶ
492 2111 521 2165 ὁ
544 2111 788 2184 Χριστὸς
808 2113 890 2176 είς
914 2114 1013 2172 τὰς
1040 2112 1218 2184 ψυχὰς
1242 2114 1423 2184 ήμῶν,
1450 2112 1651 2175 αἵτινές
1675 2115 1782 2166 είσι

224 2202 343 2272 μέλη
372 2201 560 2267 αὐτοῦ,
594 2206 837 2257 ποιεῖται
865 2203 964 2275 τὴν
993 2204 1258 2274 χορηγίαν
1285 2203 1397 2258 τῶν
1423 2202 1784 2275 χαρισμάτων

224 2294 390 2362 αὐτοῦ,
415 2295 514 2367 οὐχ
545 2293 759 2361 ἁπλῶς,
781 2294 897 2349 ἀλλ’
928 2315 945 2348 ι
984 2297 1042 2350 ὲν
1067 2298 1249 2369 μέτρῳ
1278 2298 1396 2361 ἑνὸς
1421 2298 1652 2351 ἑκάστου
1685 2298 1783 2368 μέ-

224 2388 355 2452 λους,
382 2407 400 2440 ι
436 2389 744 2455 τουτέστιν,
777 2387 853 2453 ὡς
877 2388 1098 2443 δύναται
1129 2390 1377 2460 χωρῆσαι
1396 2389 1627 2443 ἕκαστον
1649 2406 1661 2419 ·
1688 2392 1783 2442 καὶ

223 2479 347 2532 οὕτω
381 2480 440 2533 τὸ
487 2480 653 2551 σῶμα
679 2480 827 2535 ἆπαν
873 2499 892 2532 ι
922 2482 1022 2551 τὴν
1070 2481 1361 2553 οἰκοδομὴν
1406 2482 1503 2535 καὶ
1556 2482 1784 2552 αῠξησιν

224 2572 398 2626 ἑαυτοῦ
420 2576 657 2629 ποιεῖται
676 2574 735 2626 ὲν
753 2575 962 2649 ἀγάπῃ.
1001 2594 1020 2628 ι
1054 2575 1263 2639 Ἀλλως
1303 2575 1412 2646 γὰρ
1432 2576 1531 2628 οὐκ
1554 2576 1667 2628 ἔστι
1695 2575 1782 2628 δέ·

226 2665 395 2730 ξασθαι
445 2666 543 2738 τὴν
616 2667 891 2739 χορηγίαν
940 2667 1033 2719 τοῦ
1089 2666 1297 2721 ἀνωθεν
1366 2667 1783 2732 καταϐαίνοντος

227 2758 538 2829 ιινεύματος,
566 2760 661 2829 ὑφ’
689 2755 751 2813 οὗ
774 2761 868 2815 καὶ
891 2759 1307 2831 ζωογονούμεθα
1337 2761 1431 2814 καὶ
1462 2760 1698 2831 αὔξομεν
1715 2762 1780 2826 ⁸⁸,

225 2851 265 2901 al
295 2852 363 2923 μὴ
386 2852 471 2905 διὰ
510 2854 611 2924 τῆς
648 2853 870 2924 ἀγάπης
916 2852 1293 2922 συνδεδεμένοι
1339 2847 1487 2924 ὦμεν
1517 2855 1611 2907 καὶ
1645 2854 1786 2924 ἡνω-

228 2944 380 3011 μένοι,
425 2945 500 3009 ὡς
548 2946 607 2999 ἓν
663 2945 845 3016 σῶμα.
880 2946 1092 3016 Ὠσπερ
1141 2944 1272 3017 γάρ,
1326 2948 1376 2999 εί
1429 2945 1604 3016 τύχοι,
1662 2948 1784 3017 χεὶρ

226 3037 615 3090 ἀποσπασθεῖσα
675 3035 768 3090 τοῦ
822 3036 1097 3106 σώματος,
1130 3036 1191 3089 ού
1240 3035 1453 3101 δέξαιτο
1496 3035 1562 3090 ἂν
1605 3037 1667 3089 τὸ
1693 3041 1777 3089 αίο

227 3123 399 3192 σθητὺν
431 3124 678 3196 πνεῦμα,
714 3120 804 3179 οἷα
842 3124 945 3195 τῆς
982 3125 1263 3193 συνεχείας
1304 3125 1779 3197 ἁποδιαιρεθεῖσλ·

226 3186 348 3267 οὕτω
395 3218 487 3270 καὶ
531 3186 722 3287 ἡμεῖς,
755 3218 852 3269 ἑὰν
1005 3186 1275 3285 ἡνωμένοι
1309 3210 1480 3286 ὦμεν,
1516 3186 1576 3270 ού
1627 3215 1778 3286 δεχό-
1807 3186 1851 3244 C

230 3305 351 3371 μεθα
367 3308 459 3379 τὴν
487 3309 596 3362 ἀπὸ
637 3309 737 3378 τῆς
763 3307 1008 3376 κεφαλῆς
1038 3306 1194 3377 ἡμῶν
1225 3306 1318 3359 τοῦ
1347 3309 1584 3379 Χριστοῦ
1610 3327 1777 3364 κατα-

226 3396 490 3455 ϐαίνουσαν
524 3400 621 3454 τοῦ
653 3400 969 3470 Πνεύματος
995 3399 1175 3471 χάριν.
1200 3400 1299 3454 Διὰ
1324 3401 1484 3456 τοῦτο
1517 3397 1661 3470 εἷπε,
1684 3406 1779 3457 καὶ

227 3493 296 3544 ὅτι
321 3510 338 3543 ι
370 3494 438 3547 Τὸ
472 3495 636 3568 σῶμα
692 3492 1271 3566 συναρμολογούμενον
1312 3494 1407 3549 καὶ
1447 3496 1779 3568 συμϐιϐαζὸ-

229 3600 426 3650 μενονοι
460 3588 764 3652 τουτέστιν,
789 3589 887 3658 οὐχ
923 3587 1107 3651 ἁπλῶς
1138 3586 1409 3659 κειμένων
1440 3589 1549 3641 τῶν
1578 3590 1777 3660 μελῶν,

228 3676 346 3730 ἀλλὰ
373 3680 462 3733 καὶ
494 3681 818 3751 ήνωμένων,
854 3681 948 3735 καὶ
980 3680 1216 3734 ἑκάστου
1251 3681 1344 3738 τδν
1384 3684 1584 3735 οίκεῖον
1615 3685 1778 3736 τόπον

228 3767 509 3837 ἐπέχοντος,
567 3771 668 3824 καὶ
732 3769 807 3840 μή
866 3770 1381 3842 παρηρθρωμένου,
1438 3771 1573 3842 μηδὲ
1632 3773 1780 3843 παρὰ

229 3859 393 3929 σχῆμα
414 3866 691 3935 κειμένου.
715 3864 852 3935 Παρ’
875 3865 1009 3934 ἡμῖν
1041 3865 1139 3935 μὲν
1167 3863 1260 3917 οὖν
1283 3866 1399 3918 ἑστι
1423 3866 1485 3917 τὸ
1506 3881 1782 3936 συναρμο-

228 3950 389 4020 λογεῖν
441 3955 668 4017 ἑαυτοὺς
712 3954 808 4008 καὶ
849 3952 1211 4025 συμῦιὸάζειν
1254 3956 1342 4010 διὰ
1387 3957 1486 4027 τῆς
1522 3957 1775 4028 ἀγάπηςο

229 4048 308 4101 τοῦ
339 4053 390 4105 δὲ
419 4054 680 4125 Χριστοῦ,
719 4054 819 4126 τῆς
852 4055 1093 4125 κεφαλῆς
1122 4053 1281 4125 ἡμῶν
1311 4052 1372 4105 τὸ
1404 4049 1619 4121 πνεῦμα
1662 4051 1782 4103 ἑπι-

230 4142 441 4198 στέλλειν
464 4148 530 4202 ⁸⁷.
572 4148 635 4202 '0
664 4149 769 4209 πᾶς
806 4147 897 4202 οῦν
932 4147 1089 4217 λόγος
1120 4148 1247 4218 περὶ
1276 4139 1779 4212 ταπεινοφροξύνης

229 4233 310 4285 καὶ
337 4235 596 4302 ἐνώσεως.
628 4239 700 4291 Τὸ
728 4238 807 4304 δὲ,
843 4256 862 4290 r
898 4239 996 4291 Διὰ
1022 4238 1205 4308 πάσης
1231 4235 1375 4304 ἁφῆς
1402 4233 1500 4302 τῆς
1523 4235 1781 4302 ἐπιχορη-

230 4324 359 4393 γίας,
386 4345 403 4378 ι
435 4330 594 4384 τοῦτο
627 4330 795 4401 δηλοῖ,
827 4332 906 4384 ὅτι
928 4330 989 4383 τὸ
1004 4329 1221 4398 πνεῦμα
1248 4327 1310 4379 τὸ
1344 4328 1454 4380 άπο
1482 4326 1580 4395 τῆς
1612 4341 1782 4393 κεφα-

231 4413 315 4484 λῆς
366 4420 816 4493 ἐποχετευόμενον
886 4421 980 4475 καὶ
1044 4417 1486 4489 χορηγούμενον,
1552 4417 1781 4471 ἅπτεται

1885 1937 2143 1990 membris
2171 1951 2416 1999 sensum,
2448 1936 2542 1990 sed
2583 1935 2872 2005 unicuique
2906 1934 3199 1989 secundum
3231 1949 3458 2004 propat-

1887 2021 2110 2085 tionem,
2168 2022 2217 2076 ei
2281 2023 2496 2091 quidem
2562 2023 2703 2091 quod
2753 2022 2906 2091 plura
2967 2021 3212 2090 recipere
3262 2032 3457 2090 potest,

1885 2114 2059 2183 plura,
2120 2113 2259 2183 quod
2290 2129 2418 2167 vero
2449 2113 2647 2177 minus,
2674 2113 2893 2169 minus:
2925 2114 3005 2168 sic
3040 2122 3095 2166 et
3121 2113 3373 2169 Christus
3408 2114 3458 2167 in

1883 2205 2097 2259 animas
2162 2214 2377 2259 nostras
2421 2220 2541 2272 qua!
2591 2214 2716 2258 sunt
2755 2205 2997 2260 membra
3062 2204 3253 2274 ipsius,
3326 2203 3455 2258 facit

1886 2298 2377 2368 suppeditationem
2425 2297 2816 2352 charismatum
2889 2312 3134 2360 suorum,
3172 2313 3278 2352 non
3327 2298 3461 2352 sim-

1886 2391 2115 2462 pliciter,
2159 2391 2252 2446 sed
2296 2403 2394 2459 pro
2437 2404 2687 2443 mensura
2724 2389 3013 2459 cujuslibet
3061 2390 3313 2454 membri,
3360 2390 3463 2446 hoc

1885 2494 1967 2538 est
2030 2482 2253 2553 perinde
2300 2491 2358 2535 ut
2412 2481 2691 2551 quodlibet
2739 2491 2916 2550 potest
2961 2496 3155 2550 capere
3199 2501 3213 2536 :
3252 2482 3463 2552 hacque

1886 2573 2093 2627 ratione
2122 2579 2291 2625 totum
2334 2586 2529 2640 corpus
2560 2570 2970 2626 mdilieationem
3012 2581 3066 2626 et
3115 2583 3458 2640 augmentum

1886 2664 2145 2733 Suiipsius
2194 2663 2324 2716 facit
2358 2663 2409 2715 in
2455 2661 2766 2717 dilectione.
2800 2663 2972 2716 Aliter
3000 2663 3143 2717 enim
3195 2679 3298 2716 non
3334 2663 3462 2716 licet

1886 2756 2131 2825 recipere
2159 2754 2650 2824 suppeditatiouem
2675 2754 3054 2810 descendentis
3079 2756 3309 2823 desuper
3340 2755 3462 2825 Spi-

1884 2844 2043 2909 ritus,
2085 2858 2113 2896 a
2169 2857 2277 2912 quo
2307 2851 2361 2896 et
2388 2834 2730 2898 “videamur
2769 2854 2823 2898 et
2857 2847 3177 2911 crescimus,
3219 2848 3323 2901 nisi
3361 2862 3460 2917 per

1887 2936 2227 2990 dilectionem
2295 2937 2522 2989 connexi
2589 2935 2869 3003 fuerimus,
2921 2944 2975 2991 et
3032 2937 3170 2992 uniti
3203 2947 3457 3008 tanquam

1887 3044 2051 3082 unum
2094 3044 2307 3098 corpus.
2363 3027 2435 3083 Ut
2486 3028 2655 3094 enim,
2720 3029 2954 3101 exempli
3011 3032 3207 3101 gratia,
3267 3047 3465 3087 manus

1886 3136 1914 3173 a
1950 3136 2178 3190 corpore
2224 3119 2432 3186 avulsa,
2480 3137 2586 3175 non
2624 3135 2785 3189 porro
2840 3124 3103 3192 receperit
3147 3123 3458 3179 sensibiletn

1882 3213 2153 3284 Spiritum,
2185 3225 2251 3266 eo
2280 3213 2422 3281 quod
2447 3229 2476 3264 ιι
2507 3212 2864 3267 coutinuitate
2895 3215 3106 3268 diducta
3137 3224 3221 3269 est
3253 3232 3268 3269 :
3297 3216 3377 3270 sic
3398 3227 3453 3270 et

1882 3321 1999 3371 nos,
2023 3305 2125 3360 nisi
2146 3302 2583 3369 unitifuerimns,
2606 3318 2711 3357 non
2732 3305 3019 3373 recipimus
3039 3321 3066 3356 a
3083 3306 3263 3373 capite
3277 3315 3461 3361 nostro

1880 3384 2528 3453 Christodescendentem
2564 3394 2799 3464 Spiritus
2852 3396 3109 3465 gratiam.
3164 3395 3457 3464 Propterea

1880 3490 2038 3556 dixit,
2069 3509 2089 3542 ι
2125 3490 2335 3559 Corpus
2360 3498 2695 3559 compactum
2727 3497 2780 3541 et
2809 3502 3133 3551 connexum,
3171 3504 3191 3539 ι
3221 3487 3322 3541 hoc
3352 3497 3456 3550 est,

1880 3598 1985 3638 non
2018 3582 2336 3653 simpliciter
2359 3584 2550 3652 positis
2570 3582 2848 3647 membris,
2902 3595 3085 3635 verum
3137 3581 3297 3633 etiam
3325 3595 3461 3635 cou-

1874 3673 2101 3743 junctis,
2130 3684 2185 3729 et
2213 3688 2543 3743 unoquoque
2568 3674 2845 3742 proprium
2900 3673 3076 3727 locum
3109 3670 3363 3735 habente,
3400 3678 3459 3724 ut

1882 3767 2085 3821 nullum
2119 3766 2362 3821 luxatum
2390 3766 2481 3831 sit,
2517 3781 2693 3835 neque
2726 3772 2923 3835 praeter
2953 3763 3183 3817 formam
3218 3765 3459 3818 colloca-

1883 3865 2016 3911 tum.
2046 3855 2102 3909 ln
2131 3857 2287 3911 nobis
2313 3856 2476 3925 igitur
2491 3866 2571 3911 est
2598 3858 2743 3926 ipsos
2767 3866 3081 3912 construere
3105 3866 3158 3910 et
3178 3870 3459 3925 coagmen-

1884 3958 2000 4003 tare
2044 3963 2139 4017 per
2169 3948 2511 4004 dilectionem
2548 3969 2562 4004 :
2599 3948 2803 4005 Christi
2843 3964 2971 4004 vero
3024 3948 3222 4018 eapitis
3260 3949 3453 4011 nostri.

1881 4046 2130 4115 spiritum
2166 4028 2483 4099 immittere.
2532 4041 2704 4099 Totus
2737 4044 2902 4115 igitur
2932 4043 3018 4099 hic
3070 4058 3249 4099 sermo
3279 4051 3363 4098 est
3393 4046 3459 4098 de

1881 4136 2498 4190 humilitateetunitate.
2540 4132 2693 4200 Quod
2735 4149 2866 4189 vero
2897 4133 2994 4199 ait,
3056 4151 3074 4184 ι
3102 4131 3206 4187 Per
3242 4147 3456 4187 onmem

1879 4228 2188 4297 juncturam
2258 4226 2802 4289 subministratimtis,
2882 4243 2901 4277 ι
2984 4225 3270 4280 denuntiat
3330 4224 3454 4288 hor,

1882 4317 2023 4386 quod
2077 4317 2299 4385 spiritus
2335 4333 2364 4370 a
2424 4318 2600 4386 capite
2654 4318 2913 4370 adveCtus
2974 4325 3029 4368 et
3078 4314 3462 4384 snppeditatus

1883 4409 2063 4462 omnia
2094 4408 2392 4477 contingat.
2426 4407 2635 4477 Corpus
2658 4408 2821 4477 igitur
2851 4407 3045 4461 crescit
3079 4415 3132 4459 et
3162 4404 3466 4459 aediﬁcatur

233 4508 446 4570 πάντων.
473 4517 545 4570 Τὸ
576 4516 755 4569 τοίνυν
792 4514 950 4585 σῶμα
983 4511 1134 4577 αὔξει
1162 4511 1257 4565 καὶ
1290 4511 1654 4578 οἰκοδομεῖται
1694 4508 1781 4562 διὰ

1887 4513 1983 4566 per
2014 4500 2114 4553 hoc
2153 4498 2296 4566 quod
2330 4496 2552 4564 spiritus
2571 4496 2931 4567 suppeditatio
2964 4494 3201 4549 membra
3230 4494 3457 4548 contiu—

230 4602 310 4656 τοῦ
367 4608 663 4665 ἆπτεστθαι
710 4608 822 4661 τῶν
895 4606 1071 4678 μελῶν
1122 4605 1219 4675 τὴν
1276 4602 1631 4673 έπιχορηγίαν
1687 4602 1782 4655 τοῦ

231 4696 538 4768 πνεύματος,
587 4702 681 4755 καλ¹
713 4702 959 4773 ἐνεργεῖν
1002 4700 1061 4752 έν
1104 4697 1284 4759 αὐτοῖς
1322 4695 1501 4766 (τοῦτο
1526 4695 1635 4764 γάρ
1666 4694 1782 4746 ἑστι

231 4785 298 4851 τὸ,
333 4806 351 4840 ι
386 4791 515 4846 Κατ’
543 4795 826 4864 ἐνέργειαν
850 4793 899 4861 ι)
923 4809 938 4824 ο
962 4790 997 4862 ἢ
1015 4790 1096 4844 ὃτι
1118 4788 1216 4860 τὴν
1238 4789 1517 4859 ἐνέργειαν
1542 4787 1655 4848 τοῖς
1679 4785 1781 4856 μέ-

206 4877 333 4932 ·λεσι
360 4883 418 4935 τὸ
442 4884 656 4957 πνεῦμα
681 4885 885 4938 δίδωσι.

295 4990 313 5021 ί
346 4973 507 5029 Τοῦτο
538 4974 630 5031 οὖν
660 4977 806 5045 λέγω
836 4976 929 5030 καὶ
964 4973 1317 5045 μαρτύρομαι
1340 4973 1397 5027 ἑν
1431 4970 1643 5043 Κυρίῳ,
1671 4986 1775 5041 μη-

233 5062 337 5115 κέτι
374 5066 515 5136 ὑμᾶς
555 5069 903 5139 περιπατεῖν,
953 5064 1131 5130 καθὼς
1190 5066 1287 5119 καὶ
1317 5064 1385 5118 τὰ
1427 5064 1590 5117 λοιπά
1645 5063 1775 5132 ἔθνη

233 5161 525 5222 περιπατεῖ,
555 5161 614 5211 ὲν
663 5158 983 5229 ματαιότητι
1025 5155 1120 5210 τοῦ
1172 5156 1290 5219 νοὸς
1326 5156 1525 5210 αὑτων.
1565 5173 1585 5206 ι
1618 5154 1775 5210 Διδα-

238 5242 440 5312 οκάλου,
465 5248 525 5300 οὑ
573 5250 732 5318 μόνον
774 5248 837 5300 τὸ
888 5249 1196 5318 παραινεῖν,
1225 5246 1361 5300 ἀλλὰ
1395 5246 1490 5299 καὶ
1522 5245 1580 5298 τὸ
1613 5249 1774 5314 Empo-

234 5330 353 5398 ϐεἰν,
382 5336 467 5391 διὰ
495 5340 588 5393 τοῦ
618 5342 713 5393 καὶ
745 5340 837 5393 τὸν
882 5339 1016 5392 Θεὸν
1059 5337 1289 5408 ἑφιστᾷν
1334 5339 1446 5400 τοῖς
1481 5337 1776 5407 μαθηταῖς,

235 5424 406 5498 ὠσπερ
452 5435 542 5485 καὶ
569 5432 804 5485 ἐνταῦοα
830 5430 1039 5493 Παῦλος
1094 5431 1254 5484 ποιεῖ.
1296 5447 1315 5481 ι
1355 5428 1721 5499 Μαρτύρομαι
1754 5447 1773 5479 ι

235 5515 352 5586 τὰρ.
390 5526 569 5592 φησὶν,
593 5526 737 5596 ὑμᾶς
766 5543 783 5575 ι
824 5526 880 5576 ἐν
908 5522 1095 5592 Κυρίῳ
1120 5538 1133 5553 ο
1158 5541 1176 5573 ι
1204 5521 1475 5587 τουτέστι,
1504 5521 1778 5591 Μάρτυρα

1885 4601 1994 4659 gat,
2055 4599 2215 4658 atque
2278 4591 2330 4641 in
2379 4591 2460 4642 eis
2494 4600 2749 4657 Operetur
2783 4591 2799 4657 (
2834 4592 2935 4642 hoc
2967 4597 3048 4642 est
3093 4586 3240 4640 enim
3300 4585 3457 4648 illud,

1892 4697 1911 4729 r
1969 4678 2279 4732 Secundum
2343 4678 2825 4746 operationem»),
2882 4679 2967 4732 vel
3035 4678 3179 4748 quod
3237 4678 3465 4748 spiritus

1887 4770 2075 4823 tribuit
2123 4770 2498 4837 Operationem
2533 4768 2815 4823 tuetubris.

1953 4968 2120 5040 399
2150 4968 2311 5024 Vens.
2346 4969 2433 5026 l7.
2483 4988 2502 5021 ι
2532 4970 2642 5025 lloc
2679 4970 2842 5041 igitur
2872 4971 2994 5027 dico
3026 4982 3079 5027 et
3109 4972 3370 5028 testiﬁcor
3403 4975 3461 5028 in

1887 5060 2135 5125 Domino,
2179 5070 2235 5115 ut
2283 5061 2393 5132 jam
2447 5078 2555 5115 non
2615 5064 2922 5129 atuhulctis,
2979 5074 3115 5119 sicut
3148 5077 3202 5119 et
3239 5068 3467 5137 reliqua!

1887 5164 2073 5224 gentes
2130 5155 2410 5210 ambuluut
2462 5156 2514 5209 in
2574 5158 2810 5211 vanitate
2849 5172 3040 5212 sensus
3079 5157 3185 5212 sui.
3225 5176 3245 5209 ι
3308 5159 3463 5215 Prte-

1884 5248 2120 5315 ceptoris
2142 5258 2223 5303 est
2268 5264 2374 5303 non
2414 5248 2583 5303 solum
2617 5249 2910 5314 adhortari,
2946 5264 3130 5303 verum
3154 5251 3316 5305 etiam
3353 5263 3464 5304 ter-

1883 5352 2022 5402 rere,
2076 5355 2169 5409 per
2216 5342 2316 5396 hoc
2364 5343 2505 5410 quod
2551 5341 2691 5396 Deus
2753 5340 3032 5408 discipulis
3088 5342 3251 5397 etiam
3315 5353 3460 5397 astet

1884 5441 2049 5499 atque
2121 5431 2329 5501 praesit,
2390 5432 2839 5503 quemadmodum
2901 5431 2990 5485 hic
3063 5430 3260 5488 Paulus
3323 5437 3457 5505 agit.

1892 5543 1911 5575 ι
1954 5523 2148 5579 Testor
2177 5544 2198 5575 ›
2230 5524 2395 5591 enim,
2434 5524 2629 5594 inquit,
2662 5526 2812 5581 vobis
2846 5544 2865 5577 ι
2899 5524 2951 5579 in
2980 5523 3209 5582 Domino
3234 5568 3248 5595 ,
3290 5545 3309 5579 ι
3354 5528 3457 5582 hoc

1550 5672 1745 5735 Varite
1776 5673 2104 5737 lectiones.

300 5788 342 5820 ”
386 5795 515 5865 μήτε
601 5815 654 5856 o.
730 5798 776 5831 "
819 5796 1014 5868 μέλους
1042 5811 1093 5850 o.
1174 5796 1217 5828 ⁸⁸
1250 5795 1635 5867 αὐξάνομενο.
1715 5798 1759 5829 ⁸⁷
1789 5797 2129 5870 ἐπιπέμπειν
2162 5812 2216 5853 υ.
