3932 6578
525 338 660 404 1091

1375 334 1951 396 THEOPHYLACTI
1989 332 2402 394 BULGARIE
2443 328 2793 392 ARCHIEP.

3585 330 3697 397 109.5

503 462 607 515 est,
643 459 833 505 testem
883 447 1166 504 Dominum
1226 445 1385 509 facio,
1415 447 1557 516 quod
1615 462 1720 499 non
1752 445 2069 500 occultat-im

2189 445 2267 495 τὸν
2294 443 2496 514 Κύριον
2537 442 2803 511 ποιοῦμαι
2826 441 2892 505 ⁸⁸,
2924 441 3006 493 ὄτι
3046 441 3144 493 οὐκ
3176 437 3567 510 ἀπέκρυψάμην
3587 443 3698 512 πρὸς

504 557 716 612 eaquae
755 542 905 597 vobis
946 540 1171 595 dicenda
1217 539 1447 594 fuerint.
1506 538 1626 593 Non
1678 540 1834 602 dixit,
1876 548 2076 603 autem,

509 629 588 685 [Ve
639 645 801 700 porro
852 644 946 683 vos
996 630 1280 684 ambuletis
1336 630 1785 698 quemadmodum
1837 627 2082 682 ambula—

510 721 669 785 batis,
711 736 775 775 ne
828 721 999 775 irritet
1037 734 1131 775 eos
1165 738 1178 775 :
1218 722 1334 788 sed,
1386 739 1404 771 ι
1447 719 1799 788 Reliquarutn
1839 720 2081 788 gentium

508 814 700 877 instar,
746 830 764 862 ι
801 811 995 878 inquit,
1047 812 1275 865 aliorum
1327 811 1574 880 exemplo
1632 811 1751 865 illos
1807 812 2082 881 castigans

507 914 562 954 et
592 902 865 955 erudiens.
915 900 968 954 In
1018 901 1256 954 vanitate
1283 915 1444 970 porro
1476 900 1671 955 mentis
1698 900 2086 954 circummuth-

508 990 709 1053 labant,
761 1000 816 1044 et
862 991 994 1060 quia
1030 990 1170 1043 idola
1218 992 1488 1053 colebant,
1542 999 1597 1043 et
1629 991 1755 1058 quia
1799 987 2082 1043 aifectibus

508 1082 622 1135 suis
675 1083 1062 1145 inserviebam,
1096 1092 1149 1135 et
1189 1082 1314 1151 quia
1351 1080 1533 1135 mundi
1568 1081 1892 1135 vanitatibus
1924 1080 2070 1134 aﬂist

513 1184 690 1227 erant.
750 1174 882 1240 Qute
934 1174 1053 1228 ideo
1108 1175 1317 1227 vanitas
1356 1175 1633 1235 dicuntur,
1663 1187 1729 1227 eo
1782 1175 1923 1241 quod
1980 1190 2079 1227 nos

508 1266 617 1320 illis
669 1281 810 1320 vane
857 1275 1074 1320 utamur
1131 1285 1145 1321 :
1205 1283 1309 1322 non
1367 1270 1509 1323 enim
1550 1284 1647 1323 sua
1701 1278 1893 1324 natura
1952 1286 2085 1324 vana

511 1366 676 1410 sunt:
710 1356 862 1409 valde
894 1372 1125 1426 namque
1170 1358 1309 1413 bona
1339 1368 1465 1413 sunt
1497 1358 1732 1412 condita.

584 1447 748 1503 Vens.
777 1447 861 1502 18.
897 1467 915 1498 ι
949 1449 1210 1504 Tenebris
1239 1453 1586 1504 obscuratum
1620 1449 1879 1504 habentes
1932 1449 2089 1503 intel-

514 1540 734 1602 lectum,
772 1540 1056 1593 abalienati
1110 1557 1138 1593 a
1190 1540 1300 1594 vita
1359 1540 1474 1595 Dei.
1533 1559 1549 1592 ι
1604 1539 1811 1631 Lum'en
1867 1540 2085 1611 quidem

516 1634 727 1688 lucebat
799 1634 998 1687 divinae
1041 1635 1369 1700 cognitionis
1438 1649 1695 1705 puraeque
1753 1635 1911 1689 vitaz:
1990 1632 2088 1704 ipsi

514 1729 696 1773 autem
725 1718 1154 1774 obtenebrarunt
1190 1720 1420 1792 seipsos,
1461 1723 1786 1779 imbecillem
1838 1725 2101 1782 facientes

513 1807 709 1863 anima:
730 1809 1175 1879 perspicuitatem
1202 1826 1298 1880 per
1321 1813 1605 1884 caliginem
1637 1816 1928 1874 affectuum
1951 1835 2103 1873 mun-

468 1894 887 1967 ‘danaru-tnque
936 1913 1212 1953 curarum.
1265 1899 1511 1956 Rhemna
1567 1906 1713 1959 enim
1760 1907 2011 1973 multum,
2044 1919 2102 1964 et

513 1987 801 2044 difﬁculter
847 1990 1111 2051 curabile.
1168 2001 1298 2047 sunt
1344 1992 1574 2049 allectus
1602 2006 1658 2050 ct
1704 1998 2102 2057 sollicitudines

513 2083 801 2137 mundana:
830 2100 953 2153 quae
1009 2094 1247 2140 mentem
1318 2088 1662 2157 perturbant.
1709 2088 2003 2161 Propterea
2048 2106 2103 2149 ct

513 2177 620 2230 vita
656 2176 769 2240 Dei,
797 2177 846 2230 id
876 2188 955 2231 est
1004 2177 1205 2244 divina,
1247 2195 1368 2249 qua:
1421 2183 1722 2238 secundum
1782 2183 1951 2239 Deum
1994 2196 2098 2249 est,

514 2269 803 2323 abalienati
835 2278 964 2324 sunt
993 2271 1083 2339 qui
1116 2272 1193 2325 sic
1216 2287 1272 2326 se
1302 2271 1594 2329 habebant.
1624 2275 1925 2331 Rationalis
1954 2278 2099 2335 enim

516 2361 625 2412 vita
650 2371 755 2423 est,
804 2363 1084 2416 veritatem
1130 2363 1450 2433 intelligere.
1507 2365 1606 2431 Qui
1651 2381 1781 2419 vero
1834 2367 1900 2419 ad
1943 2369 2084 2419 banc

517 2451 736 2520 ealigat,
791 2452 987 2506 merito
1019 2467 1086 2507 nc
1125 2454 1255 2507 vivit
1305 2455 1545 2524 quidem,
1598 2470 1663 2510 eo
1690 2457 1830 2525 quod
1891 2459 2090 2510 \‘CI‘llnS

517 2541 592 2596 sit
616 2544 921 2597 substantia
956 2553 1010 2597 et
1049 2542 1228 2598 iumen
1266 2546 1513 2600 rationis.

591 2650 612 2684 ι
646 2631 869 2701 Propter
908 2632 1267 2704 ignorantiam
1302 2651 1422 2704 quae
1465 2645 1550 2690 est
1594 2637 1643 2690 in
1680 2635 1832 2705 ipsis,
1868 2645 2085 2707 propter

516 2723 815 2778 (-azcitatem
876 2726 1057 2779 cordis
1114 2725 1381 2795 ipsorum,
1437 2746 1456 2778 ι
1510 2728 1565 2782 Si
1616 2728 1781 2797 igitur
1824 2730 2092 2799 ignorant,

518 2815 646 2883 quid
698 2830 793 2868 eos
841 2817 1103 2870 accusas?
1156 2819 1409 2886 ignorans
1466 2818 1610 2871 enim
1659 2822 1933 2874 docendus
1988 2827 2094 2882 est,

523 2923 628 2959 non
675 2909 1031 2962 accusandus.
1063 2909 1225 2978 Atqui
1275 2910 1601 2978 ignorantia,
1641 2911 1834 2979 inquit,
1871 2922 2091 2978 propter

518 2997 816 3051 caecitatem
866 2998 931 3051 iis
979 3000 1229 3064 accessit,
1256 3000 1310 3055 id
1332 3011 1414 3055 est
1441 3012 1661 3069 propter
1688 3000 2091 3070 stupiditatent;

518 3087 802 3155 etupiditas
823 3096 1004 3142 autem
1027 3105 1089 3143 ex
1137 3090 1346 3143 illorum
1370 3090 1728 3159 propensione
1745 3093 1809 3142 ad
1830 3092 2092 3157 impuram

520 3180 710 3236 vitam.
738 3179 1095 3246 Quamobrem
1133 3183 1554 3251 reprehensione
1598 3183 1740 3253 digni
1772 3193 1915 3235 sunt.
1952 3182 2090 3235 Audi

518 3272 660 3325 cnim
689 3280 742 3323 et
767 3287 887 3340 qua:
919 3281 1239 3341 sequuntur.
1527 3330 1537 3338 ,

596 3362 754 3417 Vens.
816 3364 900 3417 l9.
934 3382 953 3415 ι
1010 3363 1109 3429 Qui
1169 3364 1541 3434 desperantes,
1599 3366 1808 3434 selpsos
1856 3362 2091 3419 tradide-

523 3470 649 3511 runt
713 3458 1085 3527 impudicitiae,
1161 3460 1214 3513 in
1292 3460 1666 3528 operationem
1736 3444 2091 3513 immunditim

518 3548 694 3604 mimis
733 3563 854 3602 cum
888 3550 1163 3607 aviditate.
1201 3569 1220 3602 ι
1258 3549 1454 3605 Viden’
1502 3566 1569 3606 ex
1604 3551 1880 3606 voluntate
1928 3562 2092 3619 atque

521 3641 796 3709 prOposito
852 3643 989 3697 hanc
1025 3644 1107 3698 eis
1161 3644 1534 3713 stupiditatem
1608 3643 1772 3699 esse?
1820 3663 1838 3696 ι
1891 3642 2092 3712 Despe-

520 3745 726 3789 rantes)
757 3735 925 3802 enim,
958 3737 1154 3804 inquit,
1184 3737 1286 3791 hoc
1314 3746 1418 3802 est,
1448 3750 1641 3805 segnes
1668 3736 1815 3799 facti,
1848 3736 2092 3789 nolentes

521 3824 773 3879 laborare
811 3836 868 3879 ut
897 3826 1177 3881 inveniant
1214 3826 1439 3895 bonum,
1473 3826 1618 3880 omni
1658 3826 1843 3878 dolore
1883 3835 2089 3878 tantum

522 3930 626 3968 non
679 3926 954 3980 vacantes,
988 3931 1051 3970 ac
1094 3916 1259 3972 veluti
1312 3918 1378 3971 ad
1437 3916 1722 3972 stultitiam
1762 3915 1985 3977 redacti,
2034 3930 2093 3970 se

523 4006 623 4074 ipsi
681 4007 1015 4061 tradiderunt
1063 4007 1453 4078 impudicitiae:
1492 4018 1548 4061 ut
1580 4010 1707 4078 quid
1744 4007 1979 4062 faciant?
2013 4005 2089 4061 Ut

520 4108 811 4164 operentur
843 4098 1206 4166 ltnpuritatetn
1240 4115 1255 4152 :
1299 4100 1436 4154 hanc
1469 4099 1613 4154 enim
1658 4099 1908 4155 exercitii
1957 4117 2088 4154 con-

522 4188 762 4256 tinnique
814 4188 993 4256 operis
1025 4188 1142 4244 loco
1170 4202 1481 4259 posuerunt,
1529 4206 1627 4247 nec
1660 4207 1820 4244 unam
1863 4192 2109 4260 quidem,

520 4277 638 4346 ejus
688 4279 946 4347 speciem,
998 4283 1091 4335 sed
1128 4282 1489 4351 omnigenum.
1535 4283 1634 4349 Qui
1699 4282 1858 4351 igitur
1893 4298 1996 4334 non
2034 4282 2086 4333 in

520 4385 788 4423 sntmnum
819 4381 1095 4441 stuporem
1132 4375 1341 4427 venturi
1376 4387 1552 4438 erant,
1579 4374 1669 4442 qui
1704 4372 1911 4441 seipsos
1943 4375 2087 4426 omni

2184 535 2328 605 ὑμᾶς
2356 534 2392 588 ὃ.
2417 535 2500 587 δεῖ
2533 536 2733 587 εἰπεῖν.
2762 533 2876 586 Οὐκ
2903 527 3024 585 εἷπε
3059 532 3136 596 δὲ,
3168 530 3376 599 Μηκέτι
3414 531 3548 599 ὑμᾶς
3572 548 3703 602 περιρ

2184 629 2376 679 πατεῖν
2410 626 2485 689 ὡς
2517 628 2921 696 περιεπατεῖτε,
2955 626 3041 677 ἶνα
3074 626 3146 693 μὴ
3173 624 3349 693 πλήξῃ
3373 639 3387 652 ·
3410 622 3555 682 ἀλλά,
3585 612 3694 677 «κά.

2185 713 2294 777 θὼς
2328 716 2423 768 καὶ⁴
2453 714 2524 767 τὰ
2562 714 2724 768 λοιπά
2770 714 2920 784 ἔθνη,
2964 732 2983 764 ι
3006 711 3082 782 τῷ
3109 713 3314 780 ἐτέρων
3338 712 3702 782 παραδείγματι

2187 807 2535 877 σωφρονίζων
2561 806 2782 870 αὐτούς.
2827 825 2845 857 ι
2891 806 2979 858 Ἑν
3008 803 3330 873 ματαιότητι
3368 801 3423 853 δὲ
3445 801 3533 854 τοῦ
3560 803 3659 865 νοδς
3682 825 3698 855 ι

2187 901 2574 971 περιεπάτουν,
2602 899 2696 952 καὶ
2736 898 2810 961 ὼς
2844 898 2913 951 τὰ
2958 894 3153 949 εἴδωλα
3204 894 3501 962 σεϐόμενοι,
3538 899 3618 946 καὶ
3643 896 3702 958 ὡς

2183 993 2295 1053 τοῖς
2330 990 2526 1044 πάθεσι
2556 987 2923 1054 δουλεύοντες,
2962 987 3055 1040 καὶ
3090 987 3202 1049 τοῖς
3243 983 3338 1037 τοῦ
3388 984 3578 1055 κόσμου
3623 1004 3704 1055 μα·

2196 1083 2358 1144 ταίοις
2407 1080 2825 1151 προσηλωμένοι
2853 1095 2867 1109 ·
2906 1079 2942 1133 ἃ
2985 1077 3284 1148 ματαιότης
3352 1076 3602 1146 λέγονται,
3650 1078 3703 1132 δι’

2190 1172 2326 1228 att-ro
2349 1172 2534 1233 τοῦτο,
2576 1172 2661 1225 ὅτι
2694 1172 2858 1240 ἡμεῖς
2913 1170 3098 1231 αὐτοῖς
3164 1167 3408 1237 ματαίως
3454 1167 3705 1237 χρώμεθα*

2188 1265 2249 1319 οῦ
2271 1265 2377 1335 γὰρ
2410 1267 2477 1335 τῇ
2509 1263 2717 1318 ἑαυτῶν
2746 1261 2907 1333 φύσει
2936 1262 3142 1333 μάταιά
3169 1262 3277 1314 εἱσι
3300 1275 3317 1292 ⁶
3344 1258 3476 1313 καλὰ
3498 1259 3594 1329 γὰρ
3612 1261 3706 1315 λίαν

2124 1398 2141 1405 -
2189 1355 2543 1423 ἐκτίσθησαν.

2266 1465 2284 1498 ι
2341 1446 2751 1516 Ἑσκοτισμένοι
2784 1449 2850 1517 τῇ
2873 1444 3107 1516 διανοίᾳ,
3125 1443 3604 1516 ἀπηλλοτριωμένοι
3630 1445 3705 1515 τῆ,

2192 1540 2337 1609 ζωῆς
2365 1538 2462 1593 τοῦ
2486 1537 2647 1592 Θεοῦ.
2686 1557 2705 1589 ι
2744 1535 2818 1590 Τὸ
2854 1536 2953 1606 μὲν
2998 1537 3115 1606 φῶς
3140 1535 3356 1604 ἔλαμπε
3383 1535 3475 1604 τῆς
3528 1552 3579 1588 τε
3616 1534 3708 1587 0'50-

2192 1630 2429 1697 γνωσίας
2459 1632 2555 1681 καὶ
2592 1628 2690 1681 τοῦ
2722 1626 2968 1695 καθαροῦ
2993 1627 3112 1696 βίου
3133 1643 3147 1657 ⁸
3191 1626 3349 1678 αὐτοὶ
3380 1625 3434 1678 δὲ
3467 1626 3707 1679 ἐσκότισαν

2192 1722 2442 1785 ἑαυτοὺς,
2481 1720 2703 1782 ἀσθενὲς
2734 1719 3065 1788 ποιήσαντες
3111 1716 3173 1768 τὸ
3201 1717 3301 1783 τῆς
3349 1714 3515 1784 ψυχῆς
3560 1716 3709 1782 διορα-

2187 1815 2340 1868 τικὸν
2372 1813 2462 1867 διὰ
2489 1813 2589 1884 τὴν
2635 1813 2805 1883 ἀχλὺν
2855 1811 2963 1865 τῶν
2995 1808 3188 1864 παθῶν
3228 1807 3453 1861 καὶτῶν
3482 1807 3708 1874 βιωτικῶν

2190 1906 2511 1976 φροντίδων.
2557 1904 2763 1975 Ῥεῦμα
2818 1903 2929 1973 γὰρ
2990 1900 3126 1954 πολὺ
3163 1902 3265 1954 καὶ
3295 1899 3531 1953 δυσίατόν
3561 1902 3598 1930 ⁸*
3628 1901 3712 1952 τίσι

2186 2000 2256 2053 τά
2285 2015 2344 2050 τε
2382 1998 2531 2067 πάθη
2563 1998 2657 2050 καὶ
2684 1999 2737 2051 αἱ
2777 1995 3042 2066 μέριμναι
3073 1992 3169 2048 τοῦ
3223 1991 3448 2060 κόσμου,
3478 1990 3711 2043 ἐπιθολοῦ-

2189 2105 2279 2142 σαι
2308 2087 2407 2158 τὴν
2429 2087 2693 2140 διάνοιανι
2727 2085 2826 2137 Διά
2861 2082 3017 2136 τοῦτο
3050 2083 3143 2136 καὶ
3177 2084 3281 2151 τῆς
3313 2080 3403 2133 τοῦ
3428 2079 3550 2132 Θεοῦ
3572 2078 3706 2148 ζωῆς,

2189 2182 2360 2235 ὅέστι
2413 2179 2513 2248 τῆς
2567 2177 2709 2231 κατὰ
2758 2175 2914 2235 Θεὸν,
2957 2174 3474 2244 ὀπηλλοτριώθησαν
3504 2173 3549 2224 οί
3575 2171 3710 2235 οὕτως

2190 2272 2429 2341 ἔχοντες.
2472 2269 2578 2323 Τοῦ
2610 2266 2829 2337 λογικοῦ
2885 2267 2993 2337 γὰρ
3047 2265 3182 2335 ζωὴ,
3248 2267 3311 2318 τὸ
3364 2266 3458 2333 τὴν
3503 2263 3709 2332 ἀλήθειαν

2191 2368 2358 2418 νοεῖψ
2391 2367 2420 2418 ὁ
2456 2364 2512 2416 δὲ
2541 2362 2677 2431 πρὸς
2702 2360 2908 2431 ταύτην
2963 2359 3296 2428 τυῳλωθεὶς,
3348 2357 3562 2423 εἰκότως
3611 2354 3705 2406 οὐδὲ

2189 2457 2279 2526 ζῇ,
2311 2458 2400 2509 διὰ
2439 2455 2501 2508 τὸ
2543 2454 2641 2524 τὴν
2670 2451 2933 2523 ἀλήθειαν
2962 2446 3103 2505 εἶναι
3154 2450 3351 2504 οὐσίαν
3405 2448 3494 2501 καὶ
3518 2448 3617 2517 φῶς
3638 2445 3708 2499 τοῦ

2191 2544 2375 2614 λόγου.

2271 2657 2290 2689 ι
2335 2638 2432 2690 Διά
2461 2637 2559 2710 τὴν
2587 2637 2815 2707 ἄγνοιαν
2846 2636 2945 2709 τὴν
2970 2632 3137 2690 οὖσαν
3169 2634 3382 2699 αὐτοῖς,
3414 2632 3497 2687 διὰ
3521 2631 3606 2702 τὴν
3623 2630 3708 2683 πώ-

2201 2745 2369 2800 ρωσιν
2402 2729 2501 2798 τῆς
2537 2729 2767 2797 καρδίας
2792 2728 2994 2780 αὐτῶν.
3032 2746 3050 2774 ι
3087 2726 3148 2778 Ei
3175 2722 3275 2779 οῦν
3299 2721 3711 2791 ἀγνοοῦσι,τίαὺτ

2192 2823 2305 2883 τοῖς
2340 2819 2594 2887 ἐγκαλεῖς
2614 2837 2629 2881 ;
2653 2820 2743 2872 τὸν
2763 2821 2871 2890 γὰρ
2894 2818 3192 2886 ἀγνοοῦντα
3236 2813 3566 2871 διδάσκεσθαι
3586 2812 3708 2873 δεῖ¹⁹.

2191 2912 2253 2964 οὐ
2309 2910 2755 2982 κατηγορεῖσθαι.
2797 2908 3000 2979 Ἀλλ’ἠ
3051 2913 3269 2976 ἄγνοια,
3324 2910 3476 2979 φησι,
3523 2907 3597 2959 διὰ
3637 2908 3709 2972 τῂν

2195 2993 2451 3061 πώρωσιν
2491 2995 2674 3055 αὐτοῖς
2726 2994 3038 3061 ἐπεγένετο,
3066 2994 3093 3046 ὃ
3121 2995 3241 3045 ἐστι
3268 2994 3311 3023 ’ί
3356 2993 3439 3045 διὰ
3479 2991 3566 3060 τὴν
3589 2990 3708 3041 ἀναι-

2123 3132 2167 3192 C
2200 3087 2464 3157 σθησίαν·
2509 3088 2543 3156 ἡ
2582 3086 2640 3138 δὲ
2667 3085 3018 3155 ἀναισθησία,
3071 3088 3135 3138 ὲκ
3167 3084 3271 3151 τῆς
3306 3083 3439 3153 πρὸς
3486 3083 3564 3133 τὸν
3605 3080 3710 3132 ἀκάο

2160 3169 2167 3191 ⁵
2200 3178 2398 3249 θαρτον
2438 3178 2555 3248 βίον
2576 3178 2871 3241 διαθέσεως
2896 3177 3075 3230 αὐτῶν
3109 3177 3177 3231 ⁷³.
3212 3177 3377 3227 Ὥστε
3419 3172 3708 3241 ἐγκαλεῖσθαι
3754 3178 3765 3185 ’

2195 3271 2363 3336 esum.
2400 3272 2599 3322 Ἀκουε
2624 3271 2732 3338 γὰρ
2764 3272 2860 3323 καὶ
2895 3271 3004 3322 τῶν
3035 3269 3160 3339 ἑξῆς
3183 3285 3198 3298 υ

2276 3380 2297 3414 ι
2336 3363 2547 3425 Οἴτινες
2607 3363 2995 3431 ἀπηλγηκότες
3052 3362 3288 3424 ἑαυτοὺς
3327 3359 3621 3431 παρέδωκαν
3661 3356 3709 3424 τῇ

2192 3451 2473 3522 ἀσελγείᾳ,
2497 3454 2577 3515 είς
2619 3453 2887 3524 ἐργασίαν
2911 3454 3091 3521 πάσης
3117 3450 3461 3522 ἀκαθαρσίας
3484 3453 3535 3502 ὲν
3560 3449 3709 3501 πλεον·

2188 3541 2328 3610 εξξξι.
2375 3560 2393 3593 ν
2437 3539 2604 3611 Ὁρᾷς
2643 3579 2658 3604 ,
2685 3541 2769 3594 ὄτι
2812 3543 2876 3593 ἐκ
2911 3541 3297 3611 προαιρέσεως
3331 3541 3503 3601 αὐτοῖς
3537 3539 3711 3608 navat-

2195 3633 2390 3703 σθησία
2416 3651 2430 3700 ;
2459 3652 2478 3684 ι
2527 3634 2935 3704 Ἀπηλγηκότες
2962 3654 2981 3685 ι
3012 3635 3143 3705 γὰρ,
3169 3637 3332 3705 φησὶ,
3349 3635 3573 3686 τουτέστι
3612 3646 3711 3682 κατ·

2192 3725 2664 3797 ερῤᾳθυμηκότες,
2687 3728 2781 3779 καὶ
2813 3726 2887 3796 μὴ
2907 3726 3149 3789 θέλοντες
3175 3731 3376 3797 καμεῖν
3402 3727 3527 3795 πρὸς
3546 3720 3707 3793 τὴνεῦ-

2193 3837 2343 3889 ρεσιν
2375 3819 2470 3872 τοῦ
2500 3818 2690 3884 καλοῦ,
2714 3819 2809 3872 καὶ
2830 3820 3147 3886 ἀναλγήτως
3166 3819 3518 3881 διατεθέντες,
3543 3808 3708 3869 καίοίον

2196 3910 2608 3981 μεμωραμένοι,
2640 3928 2659 3962 ι
2701 3911 2930 3974 ἑαυτοὺς
2979 3910 3307 3981 παρέδωκαν
3324 3912 3389 3980 τῇ
3420 3907 3659 3975 ἀσελγείᾳ.
3690 3923 3704 3953 ι

2193 4003 2312 4057 Ἵνα
2350 4002 2404 4056 τί
2434 4004 2667 4056 ποιῶσιν
2701 4018 2716 4067 ;
2743 4003 2863 4057 Ἵνα
2891 4002 3236 4074 ἐργάζωνται
3266 4003 3371 4074 τὴν
3389 3998 3676 4068 ἀκαθαρσίαν
3694 4009 3705 4021 ⁸

2198 4095 2431 4167 μελέτην
2459 4098 2568 4167 γὰρ
2592 4098 2685 4149 καὶ
2736 4095 2895 4163 ἔργον
2930 4096 3178 4165 διηνεκὲς
3203 4094 3250 4127 ’³
3284 4095 3465 4147 ἔθεντο
3511 4090 3706 4158 ταύτην

2191 4186 2287 4240 καὶ
2321 4187 2417 4256 οὐχ
2466 4185 2525 4238 ἓν
2555 4182 2717 4250 εἶδος,
2752 4186 2887 4240 ἀλλά
2917 4188 3119 4239 πᾶσαν.
3157 4185 3279 4249 Πῶς
3310 4183 3403 4239 οὖν
3444 4186 3535 4237 οὐκ
3586 4179 3709 4250 ἐμελ-

2191 4280 2281 4333 λον
2316 4279 2688 4351 ἀναισθητεῖν,
2719 4281 2769 4332 oi
2804 4280 3034 4343 ἑαυτοὺς
3081 4280 3416 4350 παραδόντες
3448 4271 3706 4344 ἀκαθαρσίᾳ

2191 4373 2376 4445 «ian;
2418 4370 2475 4424 '0
2510 4371 2616 4441 γάρ
2646 4373 2955 4441 ἀκάθαρτος
2993 4368 3127 4442 βίος,
3156 4373 3250 4426 καὶ
3279 4368 3552 4442 δογμάτων
3580 4381 3708 4432 πονη-

522 4459 882 4516 intmuuditiei
945 4464 1327 4519 tradiderunt?
1377 4466 1586 4518 Etenim
1639 4466 1914 4519 immunda
1979 4468 2085 4519 vita

2198 4463 2309 4532 ρῶν
2369 4461 2562 4525 αἴτιος,
2612 4462 2708 4516 καὶ
2768 4459 2968 4525 παντὸς
3029 4461 3195 4515 καλοῦ
3253 4461 3471 4529 ἀγνοιαν
3514 4454 3707 4527 ἐμποιεῖ-

518 4552 828 4621 dogmatnnt
865 4570 1079 4626 quoque
1127 4556 1634 4627 pravormn’ﬁoo
1679 4572 1841 4611 causa
1882 4565 1984 4622 est,
2034 4568 2089 4612 et

522 4649 702 4702 ontuis
733 4649 856 4703 boni
895 4650 1250 4719 ignorantiam
1290 4655 1451 4720 parit.
1486 4653 1713 4717 Quando
1753 4652 1920 4721 igitur
1978 4652 2087 4707 alio

525 4742 577 4793 in
627 4739 743 4793 loco
794 4741 1086 4806 audiveris,
1140 4741 1286 4812 quod
1336 4741 1480 4797 Deus
1530 4744 1813 4797 tradiderit
1866 4757 1962 4797 eos
2034 4743 2087 4796 in

525 4832 809 4899 reproham
866 4841 1124 4897 mentem,
1177 4834 1529 4889 reminiscere
1568 4834 1732 4888 etiam
1773 4832 1929 4901 hujus
1964 4834 2085 4898 loci,

522 4934 683 4990 atque
734 4925 1081 4994 compingens
1141 4934 1453 4993 utrumque,
1484 4924 1722 4994 intellige
1766 4925 1907 4992 quod
1948 4922 2089 4977 Deus

520 5011 727 5065 dicatur
776 5013 986 5066 tradere
1024 5027 1117 5066 eos
1150 5014 1238 5081 qui
1293 5014 1500 5081 selpsos
1552 5015 1790 5077 tradunt,
1853 5011 1956 5066 hoc
2002 5021 2089 5066 est

520 5105 847 5171 permittere.
896 5120 1102 5157 necnon
1164 5103 1478 5169 coact-dere,
1519 5106 1949 5174 quandoquidem
2027 5119 2084 5158 se

526 5197 714 5263 dignos
758 5196 860 5250 hoc
911 5196 1174 5265 permissu
1231 5196 1494 5249 fecerunt.
1527 5195 1606 5248 Ad
1633 5196 1745 5248 lucc
1776 5212 1896 5248 cunt
1929 5195 2082 5259 dicit,

529 5309 546 5339 ι
590 5290 720 5344 Cum
780 5290 1053 5355 aviditate,
1111 5309 1128 5340 ι
1168 5289 1529 5342 voluntariam
1586 5289 1667 5342 eis
1715 5288 2081 5355 stupiditatem

520 5382 708 5433 adesse
757 5387 1008 5432 testantur.
1055 5377 1317 5432 Licuisset
1358 5377 1501 5430 enim
1556 5377 1636 5431 eis
1670 5385 1725 5429 et
1756 5376 2004 5445 pecuniis
2033 5384 2088 5431 et

524 5471 883 5541 voluptatibus
923 5473 1199 5526 moderate
1253 5470 1355 5524 frui
1393 5482 1409 5528 :
1446 5468 1519 5522 illi
1551 5484 1678 5523 vero
1725 5468 2089 5537 intemperan-

2195 4556 2367 4608 Ὅταν
2404 4554 2584 4606 τοίνυν
2619 4553 2854 4623 ἀλλαχοῦ
2885 4554 3147 4624 ἀκούσῃς,
3176 4553 3258 4605 ὅτι
3281 4554 3310 4605 ὁ
3337 4552 3461 4615 Θεὸς
3507 4545 3707 4616 παρέδω-

2192 4664 2287 4701 κεν
2318 4646 2398 4708 είς
2427 4642 2686 4714 ἀδόκιμον
2707 4641 2853 4709 νοῦν,
2894 4645 3141 4714 μέμνησο
3182 4644 3276 4697 καὶ
3322 4641 3503 4694 τούτου
3522 4634 3609 4690 ’τοῦ
3634 4635 3707 4702 ρη-

2196 4735 2310 4800 τοῦ,
2348 4735 2441 4787 καὶ
2495 4733 2848 4802 συμδιεάςων
2882 4733 3186 4802 ἀμφότερα,
3220 4733 3332 4784 νόει
3392 4732 3468 4783 ὅτι
3497 4727 3606 4786 τοὺς
3626 4738 3706 4774 πα-

2201 4823 2463 4896 ραδόντας
2513 4826 2735 4884 ἑαυτοὺς
2761 4825 2789 4876 ὀ
2818 4823 2951 4886 Θεὸς
2984 4823 3201 4892 λέγεται
3254 4821 3588 4894 παραδοῦναι,
3615 4814 3707 4868 ἀντὶ

2196 4916 2314 4980 τοῦ,
2352 4914 2836 4987 συγκεχωρηκέναι
2863 4914 2958 4968 καὶ
3001 4914 3528 4985 ἐγκαταλελοιπέναι,
3556 4904 3705 4972 ἐπειδὴ

2196 5006 2383 5072 ἀξίους
2410 5008 2637 5069 ἑαυτοὺς
2675 5006 2864 5060 τούτου
2898 5008 3185 5076 ἐποίησαν.
3220 5008 3327 5059 Καὶ
3355 5006 3427 5078 τῷ
3467 5002 3621 5056 εἰπεῖν
3645 4996 3705 5055 δὲ,

2200 5119 2217 5153 ι
2247 5101 2331 5151 Ἢν
2357 5100 2704 5169 πλεονεξίᾳ,»
2746 5097 3140 5169 προαιρετικὴν
3164 5100 3261 5168 τὴν
3285 5092 3611 5164 ἀναισθησίαν
3630 5087 3705 5139 αὖ·

2193 5196 2307 5255 τοῖς
2337 5196 2740 5263 προσματυρεῖ.
2786 5191 2948 5260 Ἐξῆν
2972 5194 3079 5262 γὰρ
3102 5191 3150 5223 ⁷³
3169 5196 3211 5257 ',
3244 5193 3427 5260 φησὶν,
3455 5187 3615 5245 αὐτοῖς
3637 5178 3709 5265 καὶ

2194 5286 2492 5357 χρημάτων
2540 5285 2635 5338 7'3"
2665 5284 2860 5355 “Mt;
2914 5287 2973 5336 έν
3008 5285 3323 5356 συμμετρίᾳ
3346 5279 3609 5338 ἀπολαύειν
3630 5268 3705 5357 ’ᾃοὶ

2194 5379 2249 5432 δὲ
2281 5378 2378 5449 τὴν
2412 5378 2680 5446 ἀμετρίαν
2706 5376 2976 5446 ἑλόμενοι,
3000 5379 3058 5429 ὲν
3084 5380 3251 5428 πᾶσιν
3280 5378 3362 5438 είς
3389 5373 3614 5441 πώρωσιν
3636 5355 3708 5429 ἦλ⁸

2196 5470 2286 5522 θον
2315 5470 2409 5521 καὶ
2444 5468 2801 5537 ἀναισθησίαν
2832 5468 3029 5530 παντὸς
3049 5467 3278 5535 ἀγαθοῦ.

523 5567 652 5618 tiam
681 5565 966 5634 eligentes,
1001 5566 1053 5619 in
1090 5564 1338 5618 omnibus
1368 5563 1434 5617 ad
1465 5562 1763 5618 excitatent
1795 5570 2077 5628 venerunt,
2121 5573 2172 5617 et
2202 5562 2681 5617 insensibilitatem
2716 5562 2954 5630 cujusvis
2983 5564 3130 5617 boui.

1871 5654 2069 5716 Variae

604 5758 649 5790 “
674 5758 981 5831 παράγωο.
1062 5759 1464 5814 ⁶⁹δύσίατονο.
1544 5760 1588 5790 ⁷ο
1630 5758 1735 5829 χρὴ
1788 5774 1839 5811 o.
1917 5760 1960 5789 ⁷¹
2016 5759 2110 5830 ἦτο

2119 5774 2238 5811 20.

2135 5654 2462 5715 lectiones.

3319 5754 3384 5786 ⁷³⁸
3415 5748 3497 5803 οῦν
3529 5760 3574 5798 ο.

2315 5760 2356 5789 ⁷²
2387 5758 2569 5819 αὐτοῖς
2601 5774 2654 5810 o.
2732 5756 2781 5789 ⁷³
2812 5755 2900 5811 διὰ
2930 5754 3130 5817 παντὸς
3166 5769 3239 5808 m.
