3932 6594
282 376 439 443 1093

1073 386 1480 452 EXPUSITIO
1526 392 1604 453 ΙΝ
1645 394 1887 455 EPlST.
1930 396 2032 456 AD
2062 395 2327 458 EPHES.
2360 423 2430 435 -
2455 396 2612 462 CAP.
2648 400 2742 462 IV.

3405 401 3539 465 1094

363 512 386 545 ς
442 494 633 566 ’Υμεῖς
692 499 748 552 δὲ
788 500 885 569 οὐχ
937 500 1110 566 οὕτως
1165 502 1399 573 ἐμάθετε
1463 506 1558 558 τὸν
1605 506 1850 577 Χριστὸν,

2042 510 2204 565 Vens.
2257 511 2446 565 20-22.
2503 530 2523 563 ι
2575 510 2684 566 Vos
2733 520 2915 564 autem
2969 525 3074 565 non
3130 510 3203 563 ita
3272 509 3541 568 didicistis

274 585 339 638 εἴ
369 604 439 655 γε
479 590 646 642 αὑτὸν
674 589 968 659 ⁴ἠκούσατε,
1005 594 1100 646 καὶ
1131 596 1188 648 ὲν
1218 597 1367 666 αὐτῷ
1394 597 1735 668 ἐδιδάχθητε,
1768 616 1866 651 κα-

274 675 398 741 θώς
430 680 583 734 ἐστιν
608 681 838 751 ἀλήθεια
884 685 942 735 ὲν
1003 684 1082 756 τῷ
1129 686 1331 755 Ἰησοῦ,
1366 689 1665 743 ἀποθέσθαι
1717 691 1864 759 ὑμᾶς

273 770 435 823 κατά
464 771 566 841 τὴν
590 772 864 844 προτέραν
893 774 1243 848 ἀναστροφὴν
1271 779 1364 831 τὸν
1390 780 1620 833 παλαιὸν
1653 781 1865 854 ἄνθρω-

272 875 411 913 πον.
436 878 456 912 ι
480 860 561 914 Ti
586 862 686 931 μὲν
713 861 841 933 ἔθνη
859 865 948 896 ⁷³⁵·
972 864 1143 931 οὕτως
1167 867 1278 937 ἔχει
1302 884 1315 898 °
1347 887 1365 920 ι
1395 870 1552 940 ὑμεῖς
1568 872 1625 926 δὲ
1651 875 1750 944 οὐχ
1767 872 1863 926 οῦ-

271 966 394 1013 τως
428 953 664 1022 ἐμάθετε
703 956 797 1008 τὸν
820 958 1080 1029 Χριστὸν,
1104 961 1159 1013 ετ
1187 978 1250 1029 γε
1292 962 1566 1032 ἠκούσατε
1597 964 1688 1020 τὸν
1727 968 1856 1036 Χρι-

272 1043 428 1105 στὸν,
457 1046 553 1097 καὶ
581 1046 641 1099 ἐν
672 1047 821 1119 αὐτῷ
860 1050 1174 1121 ἐδιδάχθητε
1189 1054 1234 1086 ⁷⁵
1260 1073 1276 1091 ο
1314 1075 1334 1109 ι
1364 1059 1668 1124 τουτέστιν,
1710 1057 1864 1114 Ἐπεὶ

276 1132 532 1200 ἐμάθετε
562 1136 656 1190 τὸν
707 1139 965 1208 Χριστόν.
1021 1143 1097 1197 Οὐ
1132 1144 1242 1214 γὰρ
1290 1146 1671 1216 spelaeum»),
1722 1150 1861 1205 ἀλλά

274 1225 382 1275 καὶ
428 1226 641 1298 σφόδρα
689 1228 1207 1304 διαϐεϐαιούμενος,
1243 1235 1388 1290 οὕτω
1424 1238 1469 1270 ⁷⁸
1507 1240 1662 1310 φησί.
1688 1238 1861 1295 Τοῦτο

266 1315 391 1386 γάρ
432 1319 552 1372 ἐστι
586 1320 782 1390 μαθεῖν
811 1322 904 1377 τὸν
957 1325 1215 1396 Χριστὸν,
1245 1329 1308 1381 τὸ
1360 1329 1536 1400 ὀρθῶς
1566 1330 1716 1402 βιοῦν
1738 1346 1753 1363 ·
1784 1334 1861 1397 ὡς

265 1407 300 1460 ὃ
340 1425 416 1477 γε
470 1413 723 1483 πονηρῶς
778 1412 911 1481 ζῶν,
967 1418 1158 1487 ἀγνοεῖ
1189 1420 1286 1473 τὸν
1333 1422 1590 1493 Χριστόν.
1624 1441 1644 1476 ι
1672 1424 1807 1478 Θεὸν
1834 1445 1854 1479 ι

268 1499 417 1571 γὰρ,
445 1502 638 1572 φησὶν,
682 1522 701 1557 ι
734 1506 1092 1577 ὁμολογοῦσιν
1125 1511 1349 1575 εἰδέναι,
1402 1516 1515 1577 τοίς
1560 1515 1619 1568 δὲ
1674 1515 1859 1587 ἔργοις

266 1593 601 1662 ἀρνοῦνται.
639 1614 658 1648 ι
693 1596 765 1652 Τὸ
797 1599 875 1665 δὲ,
910 1618 930 1652 ι
966 1601 1164 1667 Καθὼς
1194 1605 1342 1659 ἑστιν
1372 1605 1620 1677 ἀλήθεια,
1657 1626 1678 1660 ι
1714 1608 1860 1663 οὕτω

260 1682 355 1738 δεῖ
388 1687 588 1754 νοῆσαι
617 1691 687 1755 ⁷⁸,
718 1692 800 1746 ὅτι
824 1695 937 1763 Οὐχ
967 1694 1157 1768 ῶσπερ
1196 1699 1264 1750 τὰ
1286 1698 1415 1769 ἔθνη
1442 1701 1500 1753 ὲν
1535 1702 1858 1772 ματαιότητι

265 1781 703 1847 περιπατοῦσιν,
735 1783 880 1838 οὕτω
917 1787 1012 1840 καὶ
1046 1788 1203 1857 ὑμεῖς
1242 1791 1334 1843 ἐπὶ
1373 1794 1488 1854 τοῖς
1516 1792 1702 1856 αὐτοῖς
1727 1810 1853 1848 συν-

1966 599 2243 654 Christum
2275 616 2289 652 :
2328 596 2606 669 Siquidem
2656 600 2831 669 ipsum
2867 597 3179 663 audivistis,
3229 608 3284 653 et
3314 599 3366 652 in
3417 600 3537 670 ipso

1964 688 2109 743 docti
2150 688 2306 752 estis,
2343 688 2484 743 sicut
2514 698 2599 743 est
2631 688 2834 742 veritas
2870 687 2922 741 in
2946 685 3100 748 Jesu,
3137 687 3408 756 deponere
3441 702 3535 742 vos

1965 779 2263 832 secundum
2318 777 2551 845 priorem
2582 777 3045 832 conversationem
3084 786 3320 830 veterem
3354 775 3532 830 homi-

1965 885 2111 925 nem.
2153 889 2172 922 ι
2216 870 2419 926 Gentes
2478 871 2694 939 quidem
2731 870 2810 925 sic
2839 884 2899 925 se
2940 868 3163 932 habent,
3218 884 3312 924 vos
3351 880 3531 923 autem

1966 975 2073 1014 non
2131 959 2210 1015 sic
2259 959 2525 1014 didicistis
2573 959 2873 1023 Christum,
2921 959 3184 1027 siquidem
3245 958 3533 1013 audivistis

1962 1051 2264 1116 Christum,
2342 1061 2399 1106 et
2449 1051 2502 1105 itt
2573 1051 2690 1121 ipso
2753 1051 2984 1105 instituti
3033 1052 3208 1106 estis:
3264 1051 3368 1105 hoc
3422 1059 3529 1114 est,

1963 1142 2403 1214 quandoquidem
2435 1142 2705 1199 didicistis
2735 1142 3035 1198 Christum.
3061 1142 3177 1197 Non
3203 1143 3348 1198 enim
3374 1143 3533 1198 dubi-

1964 1245 2105 1302 tans,
2130 1247 2389 1291 caeterum
2421 1236 2711 1291 admodum
2743 1236 2989 1290 ﬁrmatus
3019 1245 3180 1305 atque
3208 1221 3389 1290 certus
3410 1237 3531 1288 hac

1963 1327 2118 1383 dicit.
2163 1325 2300 1381 Nam
2349 1336 2410 1382 et
2456 1328 2561 1382 hoc
2613 1336 2723 1392 est,
2783 1327 2995 1383 discere
3037 1326 3333 1391 Christum,
3387 1331 3531 1380 recte

1961 1417 2143 1473 vivere
2184 1433 2201 1473 :
2246 1417 2470 1487 perinde
2499 1432 2564 1473 ac
2607 1418 2698 1487 qui
2738 1417 3001 1473 scelerate
3047 1417 3201 1483 vivit,
3254 1413 3528 1469 Christum

1960 1508 2194 1580 ignorat.
2262 1527 2282 1560 ι
2350 1508 2520 1565 Deum
2559 1527 2579 1562 ι
2633 1509 2805 1575 enim,
2866 1509 3061 1578 inquit,
3117 1526 3138 1559 ι
3201 1506 3530 1562 conﬁtentur

1958 1613 2020 1655 se
2067 1613 2250 1665 nosse,
2305 1599 2465 1656 laetis
2529 1610 2711 1656 autem
2746 1601 3021 1672 neganti.
3064 1618 3083 1652 ι
3139 1598 3289 1666 Quod
3345 1606 3526 1651 autem

1958 1692 2055 1757 ait,
2081 1710 2110 1744 ι
2165 1692 2319 1749 Sicut
2344 1702 2429 1747 est
2484 1694 2701 1757 veritas,
2744 1710 2763 1745 ι
2796 1692 2877 1747 sic
2926 1691 3213 1761 intelliges,
3238 1694 3381 1763 quod
3413 1693 3527 1750 Non

1960 1783 2100 1839 sicut
2154 1796 2342 1854 gentes
2388 1783 2445 1838 in
2493 1783 2733 1839 vanitate
2788 1783 3296 1851 circutnambulaut,
3344 1784 3425 1841 sic
3474 1795 3531 1841 et

262 1868 598 1927 ἔθεσθε.οὑ
628 1875 738 1945 γάρ
770 1880 1072 1951 ματαιότης
1126 1883 1196 1935 τὰ
1253 1882 1349 1936 τοῦ
1407 1883 1672 1955 Χριστοῦ,
1729 1885 1850 1938 ἀλλ’

1956 1893 2050 1933 vos
2082 1878 2149 1931 ad
2168 1876 2359 1932 eadem
2390 1890 2527 1930 vana
2554 1875 2689 1930 estis
2714 1875 2997 1944 compositi
3015 1884 3177 1943 atque
3196 1876 3520 1945 comparati.

265 1960 539 2029 ἀλήθεια,
569 1966 665 2018 καὶ
714 1966 785 2019 τὰ
829 1967 1073 2038 δόγματα
1129 1972 1223 2025 καὶ
1250 1974 1280 2025 ὁ
1311 1972 1447 2043 βίος.
1488 1974 1555 2027 Ἦ
1596 1974 1697 2048 μὲν
1745 1975 1855 2046 γὰρ

260 2050 530 2123 ἁμαρτία
580 2053 796 2123 ψεῦδος,
835 2056 912 2120 ὡς
947 2060 1342 2129 ἀνυπόστατος,
1384 2064 1480 2118 καὶ
1533 2063 1608 2135 μὴ
1655 2064 1854 2135 ἔχουσα

260 2142 431 2207 τέλος
453 2159 467 2172 ⁸
498 2145 532 2215 ὴ
563 2145 620 2199 δὲ
643 2147 813 2220 ἀρετὴ
853 2150 1105 2220 ἀλήθεια,
1150 2152 1226 2216 ὼς
1261 2155 1545 2224 ὕφιστῶσα
1574 2158 1671 2210 καὶ
1699 2156 1854 2220 τέλος

257 2231 499 2302 ἔχουσα.
531 2236 597 2289 Τί
622 2238 678 2292 δὲ
707 2240 1047 2312 ἐδιδάχθητε,
1087 2244 1180 2299 καὶ
1210 2245 1264 2298 τί
1296 2248 1442 2300 ἐστιν
1472 2248 1505 2317 ἡ
1544 2248 1688 2301 κατά
1717 2249 1853 2316 Χρι-

262 2325 404 2376 στδν
466 2326 733 2397 difﬂata;
762 2330 835 2383 Τὸ
870 2332 1174 2387 ἀποθέσθαι
1228 2335 1373 2407 ὑμᾶς
1403 2338 1445 2369 ⁷⁷
1468 2337 1561 2391 τὸν
1622 2339 1853 2392 παλαιὸν

264 2415 594 2485 ἄνθρωπον,
619 2422 889 2487 τουτέστι,
922 2426 1014 2479 τὸν
1051 2427 1154 2495 τῆς
1185 2428 1460 2499 προτέρας
1497 2430 1846 2503 ἀναστροφῆς

254 2505 497 2574 τρόπον,
526 2511 621 2562 καὶ
648 2509 749 2582 τὴν
779 2514 1018 2568 παλαιὰν
1044 2514 1190 2588 ζωὴν
1212 2521 1307 2572 κα)⁵
1331 2520 1669 2591 ὲφάμαρτον.

1958 1969 2090 2037 Quin
2139 1970 2284 2024 enim
2318 1967 2521 2024 Christi
2569 1976 2718 2033 sunt,
2752 1978 2862 2021 tum
2919 1970 3194 2036 dagmata,
3248 1977 3361 2022 tum
3396 1969 3524 2034 vita,

1954 2077 2062 2117 non
2090 2070 2219 2116 sunt
2247 2060 2478 2123 vanitas,
2515 2059 2610 2116 sed
2644 2059 2864 2114 veritas.
2904 2056 3192 2113 Peccatum
3224 2067 3405 2113 autem
3444 2070 3528 2114 est

1952 2153 2169 2208 vanitas
2207 2163 2263 2207 et
2292 2152 2655 2214 mendacium,
2688 2160 2747 2205 ut
2788 2151 2932 2220 quod
2964 2151 3264 2205 substantia
3311 2160 3365 2205 et
3398 2152 3528 2205 sub-

1948 2246 2092 2316 jecto
2111 2254 2319 2307 careat,
2356 2258 2457 2298 nec
2478 2243 2672 2297 habeat
2695 2240 3100 2313 perfectionem.
3124 2241 3310 2297 Virtus
3346 2252 3525 2297 autem

1959 2336 2161 2390 veritas
2214 2344 2319 2398 est,
2380 2342 2439 2387 ut
2486 2349 2607 2401 quae
2680 2332 2961 2398 subsistat,
3025 2342 3080 2386 et
3132 2332 3521 2402 perfectionem

1956 2427 2228 2496 ﬁnemque
2257 2424 2473 2479 habeat.
2497 2422 2637 2489 Quid
2651 2433 2829 2478 autem
2855 2423 2995 2479 docti
3025 2424 3262 2479 estis?et
3281 2424 3412 2493 quid
3437 2434 3524 2480 est

1953 2519 2155 2574 veritas
2182 2518 2480 2573 secundum
2504 2515 2821 2571 Christum?
2843 2515 3127 2582 Nimirum,
3172 2524 3229 2570 ut
3254 2516 3523 2586 abjiciatis

259 2606 516 2653 veterem
547 2599 844 2670 hominem,
879 2606 983 2663 hoc
1017 2619 1121 2677 est,
1196 2612 1396 2681 prioris
1473 2615 1598 2668 vitae
1642 2621 1932 2670 conversat
1990 2612 2239 2680 iouisque
2287 2624 2489 2676 mores,
2543 2609 2789 2679 adeoque
2860 2610 3253 2680 praecedentem
3306 2608 3521 2666 vivendi

260 2689 546 2744 rationem
575 2695 813 2761 peccatis
841 2698 1154 2757 obnoxiam.

346 2798 371 2831 ι
410 2781 517 2835 Τὸν
548 2784 907 2857 φθειρόμενον
941 2792 1087 2845 κατά
1112 2794 1212 2858 τὰς
1238 2795 1537 2868 ἐπιθυμίας
1571 2798 1672 2869 τῆς
1700 2799 1845 2855 ἀπά-

255 2887 398 2941 της.
434 2890 456 2924 :
497 2875 669 2943 Διχῶς
693 2877 851 2931 τοῦτο
876 2882 1088 2952 νοήσεις
1112 2900 1126 2914 ο
1154 2884 1187 2955 ἢ
1226 2885 1305 2939 ὅτι
1340 2886 1527 2958 ὥσπερ
1557 2890 1613 2942 at
1652 2891 1845 2944 ἐπιθυο

259 2964 402 3032 μίαι
427 2964 762 3035 φθείρονται,
801 2971 944 3025 οὕτω
972 2973 1066 3027 καὶ
1089 2975 1118 3027 ὁ
1165 2978 1330 3042 αὐτὸς
1352 2980 1659 3050 ἄνθρωπος,
1691 2999 1847 3035 τουτ-

257 3055 425 3107 ἐστιν
468 3057 497 3107 ό
521 3055 801 3128 λογισμὸς,
841 3062 1144 3133 φθείρεται.
1179 3068 1304 3132 Πῶς
1352 3071 1411 3124 δὲ
1440 3074 1496 3125 αί
1556 3073 1844 3143 ἐπιθυμίαι

259 3145 591 3217 φθείρονται
617 3165 634 3214 ;
666 3150 789 3204 ὐτι
816 3155 910 3207 καὶ
943 3157 1084 3227 νόσῳ
1109 3156 1153 3190 ⁷⁸
1183 3160 1244 3212 τὸ
1273 3160 1466 3224 κάλλος
1517 3166 1841 3233 μαραίνεται

260 3241 370 3292 καὶ
403 3239 574 3310 γήρᾳ,
611 3243 706 3295 καὶ
740 3246 773 3313 ἡ
810 3244 963 3315 ἰσχὺς
1007 3247 1291 3314 ὡσαύτως,
1320 3254 1412 3305 καὶ
1446 3253 1634 3318 ἁπλῶς
1663 3258 1841 3310 πάντα

260 3332 495 3404 θανάτῳ
529 3334 589 3387 τὸ
612 3334 923 3392 τελευταῖον
964 3339 1202 3397 λύονται.
1246 3361 1265 3393 ι
1308 3343 1394 3397 Ἐν
1440 3346 1622 3417 ἐκείνῃ
1656 3366 1676 3398 ›
1709 3349 1837 3417 γὰρ,

260 3422 432 3492 φησὶ,
479 3443 497 3475 ι
526 3427 591 3495 τῇ
624 3427 811 3499 ἡμέρᾳ
842 3430 1043 3493 πάντες
1074 3431 1277 3485 ἀπολοῦ
1304 3451 1403 3486 ’ται
1428 3435 1477 3487 οἱ
1501 3436 1843 3509 διαλογισμοὶ

259 3514 463 3570 αὐτοῦ.
494 3534 512 3567 ι
555 3517 623 3568 Ἦ
656 3518 736 3583 τὸ,
770 3537 787 3569 ι
818 3520 976 3574 Κατά
1003 3522 1101 3585 τὰς
1144 3524 1465 3595 ἐπιθυμίας,
1501 3545 1520 3579 ι
1564 3529 1687 3581 ἀντὶ
1722 3530 1840 3596 τοῦ,

260 3609 379 3660 ὑπὸ
408 3607 519 3662 τῶν
546 3609 879 3681 ἐπιθυμιῶν.
910 3614 1020 3666 Καὶ
1048 3614 1155 3684 γὰρ
1185 3616 1290 3669 ὑπὸ
1330 3619 1536 3673 τούτων
1562 3621 1845 3691 φθείρεται

257 3702 290 3753 ὁ
319 3700 552 3763 παλαιὸς
576 3701 732 3772 ἡμῶν
762 3702 1072 3774 ἄνθρωπος,
1100 3705 1291 3778 ῶσπερ
1314 3709 1373 3761 τὸ
1402 3709 1547 3780 ἔριον
1575 3714 1669 3765 καὶ
1698 3715 1727 3767 ό
1756 3715 1843 3767 σί-

257 3792 458 3863 δηρος,
492 3794 583 3861 ὑφ’
610 3786 687 3847 ὧν
730 3795 1017 3862 γεννῶσιν,
1066 3797 1171 3851 ὑπὸ
1228 3799 1435 3857 τούτων
1491 3804 1841 3861 ἀπολοῦνται.

261 3886 383 3938 Καὶ
427 3886 531 3955 γὰρ
562 3887 657 3940 καὶ
708 3886 868 3958 δόξης
929 3890 1072 3960 ἔρως
1106 3892 1390 3958 ἀπόλλυσι,
1445 3900 1563 3950 καὶη
1596 3896 1844 3967 ψυχικῶς

264 3977 375 4046 μὲν
404 3982 646 4044 πάντως,
678 3979 794 4034 ἔστι
816 3981 862 4034 δ’
895 3982 986 4036 ὅτε
1012 3983 1109 4037 καὶ
1139 3986 1465 4055 σωματικῶς
1488 4006 1504 4020 ο
1540 3988 1636 4042 καὶ
1660 3990 1846 4060 ἡδοναὶ

261 4069 498 4138 ὁμοίως.
538 4070 734 4135 Καλῶς
765 4071 824 4125 δὲ
871 4074 1090 4145 ἀπάτην
1117 4076 1342 4131 ἐκάλεσε
1394 4078 1494 4148 τὴν
1541 4082 1608 4134 ἐκ
1639 4080 1845 4135 τούτων

262 4157 487 4228 ἡδονήν.
535 4158 857 4230 ’Υπόκρισις
900 4163 1011 4232 γάρ
1057 4166 1174 4217 ἐστι
1204 4166 1299 4220 καὶ
1321 4166 1536 4237 ψεῦδος,
1564 4168 1639 4233 ὡς
1679 4171 1842 4242 ἡδονὴ

266 4246 376 4317 μὲν
405 4248 878 4322 σχηματιζομένη,
914 4254 1110 4325 πικρία
1153 4256 1211 4310 δὲ
1242 4257 1414 4323 ὅντως
1463 4255 1618 4315 οὖσα.
1673 4261 1845 4316 Τοῦτο

262 4335 364 4392 οῦν
394 4339 605 4409 ἀπάτη,
638 4340 700 4393 τὸ
729 4342 860 4396 ἀλλο
886 4345 1215 4417 φαινομένη,
1243 4348 1372 4403 ἄλλο
1412 4345 1571 4406 εἶναι.

351 4620 371 4651 ι
415 4600 768 4658 ’Δνανεοῦσθε
798 4606 857 4660 δὲ
906 4607 984 4677 τῷ
1018 4610 1292 4681 πνεύματι
1334 4611 1430 4666 τοῦ
1459 4613 1576 4678 νοὸς
1604 4616 1778 4685 ὑμῶν.
1814 4636 1835 4670 ι

182 4679 194 4688 ’
266 4691 392 4745 ἰνα
436 4696 509 4762 μή
539 4711 625 4758 τις
645 4699 843 4771 νομίσῃ
886 4700 971 4753 δτι
998 4679 1189 4771 ἕτερον
1216 4704 1501 4775 ἐπεισάγει
1527 4679 1837 4780 ἄνθρωπον,

266 4783 471 4852 φησίνο
507 4804 526 4837 ι
577 4786 962 4842 ’Δνανεοῦσθεο
999 4809 1019 4842 ι
1055 4792 1357 4860 τουτέστιν,
1408 4796 1542 4850 αὐτὸ
1587 4797 1649 4852 τὸ
1670 4815 1841 4872 γεγη-

269 4874 444 4942 ρακὸς
480 4875 790 4931 ἀνανεῶσαι
820 4879 865 4910 ⁷⁷
890 4881 987 4934 καὶ
1038 4882 1252 4936 ἀλλοῖον
1298 4889 1542 4958 ποιῆσαι.
1581 4888 1744 4944 Ὥστε
1779 4892 1841 4945 τὸ

268 4962 376 5031 μὲν
406 4964 769 5036 ὑποκείμενον
801 4971 862 5022 τὸ
903 4971 1056 5034 αὐτὸ,
1088 4973 1121 5044 ἡ
1164 4974 1224 5026 δὲ
1263 4977 1559 5049 μεταϐολὴ,
1600 4979 1695 5034 τοῦ
1724 4982 1849 5054 τρό-

265 5071 377 5107 που
399 5057 517 5109 ἐστὶ
540 5060 633 5112 καὶ
659 5061 759 5131 τῆς
781 5061 1028 5133 γνώμης.
1046 5066 1168 5127 Πῶς
1192 5065 1238 5119 δ’
1255 5067 1302 5099 ⁸⁸
1342 5069 1408 5122 ἄν
1435 5070 1643 5137 γένοιτο
1667 5075 1701 5145 ή
1721 5075 1851 5129 ἀνα-

265 5148 510 5215 νέωσις;
544 5151 645 5204 Διά
680 5153 776 5206 τοῦ
837 5156 996 5223 ἀγίου
1030 5156 1372 5227 Πνεύματος,
1396 5161 1491 5215 τοῦ
1522 5165 1582 5218 ὲν
1626 5165 1705 5235 τῷ
1764 5167 1846 5222 νοτ

267 5237 432 5306 ἡμῶν
463 5241 866 5306 κατοικοῦντος.
898 5246 971 5298 Τὸ
1020 5247 1129 5317 γάρ
1191 5248 1417 5319 Πνεῦμα
1456 5251 1558 5305 οὐκ
1591 5254 1844 5325 ἀνέχεται

269 5328 522 5383 παλαιῶν
589 5332 862 5401 πράξεων.
892 5338 957 5390 Ὃ
1006 5338 1064 5391 δὲ
1129 5338 1302 5407 λέγει,
1355 5342 1597 5398 τοιοῦτόν
1655 5348 1863 5402 sort-tv"

424 5486 457 5543 ί,
489 5483 596 5539 Tit.
641 5502 678 5551 ι,
718 5488 801 5541 16.
916 5488 930 5539 ι
966 5491 1102 5545 Psal.
1142 5508 1305 5561 θην,
1342 5495 1395 5549 4.

2028 2811 2050 2845 ι
2089 2790 2191 2859 Qui
2217 2789 2587 2860 corrumpitur
2609 2790 2905 2845 secundum
2932 2787 3201 2843 desideria
3231 2787 3456 2842 erroris.
3494 2804 3515 2840 ι

1951 2885 2210 2941 Bil'ariam
2250 2886 2353 2939 hoc
2395 2882 2662 2954 intelliges
2695 2899 2709 2935 :
2745 2880 2824 2936 vel
2870 2881 3010 2949 quod
3037 2894 3188 2950 atque
3222 2888 3278 2932 ut
3312 2879 3521 2946 cupiat-

1949 2989 2090 3034 tates
2134 2986 2577 3047 corrumpuntur,
2610 2975 2691 3030 sic
2750 2984 2805 3030 et
2876 2975 2990 3043 ipse
3046 2972 3228 3036 homo,
3293 2971 3396 3025 hoc
3440 2979 3525 3024 est

1950 3069 2319 3135 ratiocinatio,
2374 3066 2760 3136 corrumpitur.
2815 3066 3096 3133 Quomodo
3140 3076 3318 3119 autem
3367 3058 3520 3133 cupi-

1947 3160 2144 3215 ditates
2190 3156 2655 3227 corrumpuntur?
2681 3155 2882 3224 Nempe
2926 3166 2981 3211 et
3038 3157 3225 3211 morbo
3272 3163 3327 3211 et
3365 3170 3520 3212 semo

1950 3250 2291 3321 pulchritudo
2320 3250 2629 3314 marcescit,
2670 3263 2734 3303 ac
2793 3247 2959 3302 robur
2987 3246 3146 3302 virile
3176 3248 3517 3303 consimilem

1948 3344 2015 3398 ad
2069 3344 2312 3407 modum,
2351 3357 2416 3397 ac
2464 3349 2641 3397 morte
2695 3342 2908 3396 tandem
2959 3340 3281 3410 simpliciter
3333 3354 3518 3394 omnia

1949 3435 2338 3490 dissolvuntur.
2393 3452 2413 3485 ι
2446 3432 2502 3487 In
2544 3433 2633 3487 illa
2659 3433 2801 3487 ettittt
2841 3433 2947 3498 die,
2980 3450 2999 3482 ι
3037 3433 3233 3502 inquit,
3268 3430 3521 3501 peribunt

1947 3539 2139 3580 omnes
2187 3523 2543 3595 cogitationes
2598 3522 2715 3593 ejus
2767 3521 2816 3578 ι.
2875 3541 2895 3574 ι
2947 3522 3081 3585 Vel,
3132 3542 3151 3572 ι
3210 3521 3518 3576 Secundum

1948 3616 2448 3685 concupiscentiae,
2508 3632 2529 3667 ι
2564 3613 2724 3679 dixit,
2762 3630 2883 3685 pro,
2924 3628 2953 3667 a
3003 3612 3465 3681 concupiscentiis
3497 3628 3513 3666 :

1948 3713 2149 3767 etenim
2195 3712 2265 3767 ah
2316 3713 2402 3767 his
2453 3712 2818 3779 corrmnpitur
2883 3719 3041 3765 vetus
3095 3718 3278 3763 uoster
3330 3708 3515 3767 homo.
3584 3714 3593 3728 ’

1948 3803 2404 3875 quemadmodum
2462 3802 2583 3857 lana
2629 3812 2684 3856 et
2731 3801 2930 3857 let-rum
2969 3803 3039 3857 ab
3074 3802 3140 3855 iis
3195 3815 3318 3869 qua:
3355 3814 3518 3867 gene-

1950 3905 2095 3959 rant,
2137 3892 2209 3948 ad
2244 3894 2327 3949 his
2382 3894 2546 3949 etiam
2585 3904 3026 3964 corrumpuntur.
3076 3893 3209 3947 Nam
3251 3903 3305 3949 et
3335 3893 3519 3962 gloria:

1947 3998 2100 4037 amor
2132 3982 2328 4051 perdit,
2361 3982 2538 4051 quoad
2572 3983 2809 4036 animam
2852 3983 3094 4048 omnino,
3131 3997 3516 4052 nonnunquam

1947 4073 2112 4127 etiam
2138 4073 2313 4141 quoad
2338 4087 2579 4142 corpus:
2615 4071 2773 4144 ἀοι
2807 4089 2870 4129 ae
2904 4075 3208 4145 voluptates
3240 4075 3513 4131 similiter.

1948 4164 2093 4218 Belle
2130 4176 2309 4218 autem
2340 4179 2583 4220 errorem
2623 4166 2838 4221 vocavit
2888 4166 3215 4236 voluptatem
3268 4184 3333 4223 ex
3369 4167 3521 4223 hisce

1953 4265 2388 4324 promauantem.
2436 4255 2621 4311 Fucus
2684 4257 2830 4313 enim
2868 4268 2972 4323 est,
3026 4267 3083 4313 et
3155 4260 3513 4324 mendacium,

1946 4347 2238 4416 voluptatis
2265 4347 2479 4416 quidem
2513 4348 2751 4418 speciem
2782 4360 2837 4406 et
2868 4349 3093 4420 ﬁguram
3130 4349 3358 4417 habens,
3390 4367 3514 4407 cum

1950 4437 2128 4508 reipsa
2163 4436 2298 4490 nihil
2326 4436 2471 4493 aliud
2500 4440 2572 4493 sit
2604 4455 2763 4507 quam
2801 4440 3174 4496 atuaruleutia.
3218 4440 3345 4498 Haec
3368 4442 3515 4498 enim

1947 4539 2030 4582 est
2058 4528 2303 4597 deceptio
2333 4528 2478 4583 aliud
2507 4530 2701 4595 videri,
2728 4532 2872 4586 aliud
2900 4547 3028 4586 vero
3061 4549 3204 4589 esse.

2018 4616 2182 4675 Vens.
2213 4619 2309 4677 25.
2349 4637 2370 4672 ι
2391 4619 2744 4676 Renovamini
2779 4623 2974 4692 spiritu
3014 4630 3209 4682 mentis
3235 4638 3450 4684 vestrm.
3489 4648 3511 4681 ι

1945 4709 2026 4767 Ne
2056 4711 2179 4782 quis
2230 4712 2504 4778 existimet
2545 4713 2709 4768 alium
2760 4716 3023 4773 introduci
3071 4719 3369 4787 hominem,
3416 4724 3517 4790 ait,

1954 4821 1976 4856 ι
2015 4803 2374 4859 Renovamini
2413 4820 2429 4857 :
2476 4805 2578 4879 hoc
2637 4817 2742 4875 est,
2789 4808 2964 4879 ipsum
3012 4815 3158 4880 quod
3207 4818 3515 4884 consenuit,

1945 4896 2291 4961 resuscitate,
2366 4905 2423 4952 et
2470 4897 2620 4953 aliud
2675 4897 2859 4955 facite.
2919 4901 3154 4960 Proinde
3214 4905 3517 4974 subjectum

1946 4988 2163 5056 quidem
2217 4989 2357 5045 idern
2395 4998 2499 5056 est,
2537 4994 2864 5061 permutatio
2890 5004 3071 5051 autem
3107 5006 3190 5053 est
3223 5014 3431 5055 tuorum
3463 5011 3519 5056 et

1947 5080 2166 5135 mentis.
2199 5081 2269 5135 At
2313 5084 2407 5151 qui
2459 5083 2555 5138 ﬁat
2602 5084 2705 5141 ista
2744 5070 3069 5144 renovatio?
3102 5088 3206 5144 Per
3252 5090 3517 5160 Spiritum

1944 5178 2218 5238 sanctum,
2275 5172 2368 5241 qui
2425 5173 2634 5229 habitat
2663 5176 2715 5230 in
2771 5187 2953 5233 mente
3012 5189 3196 5234 nostra
3229 5197 3245 5235 :
3283 5180 3519 5251 Spiritus

1943 5262 2087 5315 enim
2131 5278 2240 5318 non
2286 5267 2520 5321 sustinet
2564 5270 2745 5337 priora
2777 5281 2831 5325 et
2863 5282 3043 5325 vetera
3098 5288 3286 5341 opera.
3341 5275 3515 5329 Porro

1955 5355 2098 5423 quod
2145 5358 2244 5423 ait,
2301 5369 2384 5414 est
2433 5359 2781 5429 hujusmodi:
2848 5363 3201 5420 Renovanttui
3250 5366 3521 5436 spirituali

1620 5594 1817 5657 Variae
1846 5596 2176 5662 lectiones.

345 5710 433 5741 "“
453 5711 482 5763 ό
504 5711 600 5782 μὲν
627 5713 839 5779 ἐθνικὸς
879 5733 952 5770 ιιι.

1064 5718 1109 5802 ’ξ
1139 5719 1298 5804 αυτὸν
1329 5721 1651 5809 haedoue;
1673 5727 1969 5809 τουτέστιν,
1991 5731 2178 5801 ἐπειδὴ
2215 5732 2377 5809 αὐτὸν
2430 5736 2745 5809 ἐδιδάχθητε
2780 5760 2831 5797 o.

272 5782 411 5855 ήσῃς
440 5800 493 5837 υ.
568 5783 611 5815 ⁷⁷
642 5785 787 5855 ἡμᾶς
818 5802 869 5841 0.
946 5790 990 5820 ⁷⁸
1024 5790 1117 5842 καὶ
1148 5793 1255 5862 γὰρ
1295 5782 1434 5863 νόὶῳ
1480 5811 1531 5850 u.
1609 5798 1850 5865 “em;

2060 5782 2136 5857 si
2160 5782 2369 5866 ’⁸δᾷὲῖ

2939 5746 2981 5779 τ’
3004 5744 3159 5798 τοῦτό
3192 5763 3239 5801 ο.
3364 5749 3405 5781 ⁷⁸
3431 5764 3514 5801 νο-
