  <div class='ocr_page' id='page_1' title='image "/cluster/home/n/w/nwhite01/storage/ocr_20150623/124/hvd.32044019208206/599.png"; bbox 0 0 3932 6580; ppageno 0'>
   <div class='ocr_carea' id='block_1_1' title="bbox 516 363 659 429">
    <p class='ocr_par' dir='ltr' id='par_1_1' title="bbox 516 363 659 429">
     <span class='ocr_line' id='line_1_1' title="bbox 516 363 659 429; baseline 0 0"><span class='ocrx_word' id='word_1_1' title='bbox 516 363 659 429; x_wconf 70' lang='lat'><strong>1095</strong></span> 
     </span>
    </p>
   </div>
   <div class='ocr_carea' id='block_1_2' title="bbox 1400 364 2821 430">
    <p class='ocr_par' dir='ltr' id='par_1_2' title="bbox 1400 364 2821 430">
     <span class='ocr_line' id='line_1_2' title="bbox 1400 364 2821 430; baseline 0.004 -5"><span class='ocrx_word' id='word_1_2' title='bbox 1400 364 1976 427; x_wconf 84' lang='lat' dir='ltr'><strong>THEOPHYLACTI</strong></span> <span class='ocrx_word' id='word_1_3' title='bbox 2020 366 2428 429; x_wconf 70' lang='lat' dir='ltr'><strong>BULGARMZ</strong></span> <span class='ocrx_word' id='word_1_4' title='bbox 2470 368 2821 430; x_wconf 81' lang='lat' dir='ltr'><strong>ARCHIEP.</strong></span> 
     </span>
    </p>
   </div>
   <div class='ocr_carea' id='block_1_3' title="bbox 3594 378 3702 448">
    <p class='ocr_par' dir='ltr' id='par_1_3' title="bbox 3594 378 3702 448">
     <span class='ocr_line' id='line_1_3' title="bbox 3594 378 3702 448; baseline 0.065 -6"><span class='ocrx_word' id='word_1_5' title='bbox 3594 378 3702 448; x_wconf 55' lang='lat'><strong>1096</strong></span> 
     </span>
    </p>
   </div>
   <div class='ocr_carea' id='block_1_4' title="bbox 500 478 2066 560">
    <p class='ocr_par' dir='ltr' id='par_1_4' title="bbox 500 478 2066 551">
     <span class='ocr_line' id='line_1_4' title="bbox 500 478 2066 551; baseline -0.001 -17"><span class='ocrx_word' id='word_1_6' title='bbox 500 479 848 536; x_wconf 74' lang='lat' dir='ltr'><strong>renovatione</strong></span> <span class='ocrx_word' id='word_1_7' title='bbox 896 478 946 532; x_wconf 93' lang='lat' dir='ltr'><strong>in</strong></span> <span class='ocrx_word' id='word_1_8' title='bbox 998 485 1177 533; x_wconf 82' lang='lat' dir='ltr'><strong>mente</strong></span> <span class='ocrx_word' id='word_1_9' title='bbox 1214 486 1415 543; x_wconf 86' lang='lat' dir='ltr'><strong>vestra,</strong></span> <span class='ocrx_word' id='word_1_10' title='bbox 1469 480 1565 535; x_wconf 87' lang='lat' dir='ltr'><strong>sed</strong></span> <span class='ocrx_word' id='word_1_11' title='bbox 1626 496 1730 536; x_wconf 91' lang='lat' dir='ltr'><strong>non</strong></span> <span class='ocrx_word' id='word_1_12' title='bbox 1782 480 2066 551; x_wconf 75' lang='lat' dir='ltr'><strong>corporali,</strong></span> 
     </span>
    </p>
   </div>
   <div class='ocr_carea' id='block_1_5' title="bbox 2168 478 3701 560">
    <p class='ocr_par' dir='ltr' id='par_1_5' title="bbox 2192 479 3701 560">
     <span class='ocr_line' id='line_1_5' title="bbox 2192 479 3701 560; baseline 0.007 -30"><span class='ocrx_word' id='word_1_13' title='bbox 2192 479 2549 533; x_wconf 83' lang='grc' dir='ltr'><strong>Ἀνανεοῦσθε</strong></span> <span class='ocrx_word' id='word_1_14' title='bbox 2572 479 2953 550; x_wconf 79' lang='grc' dir='ltr'><strong>πνευματικὴν</strong></span> <span class='ocrx_word' id='word_1_15' title='bbox 2975 480 3273 535; x_wconf 79' lang='grc' dir='ltr'><strong>ἀνανέωσιν</strong></span> <span class='ocrx_word' id='word_1_16' title='bbox 3284 483 3341 535; x_wconf 86' lang='grc' dir='ltr'><strong>ἐν</strong></span> <span class='ocrx_word' id='word_1_17' title='bbox 3363 483 3435 553; x_wconf 84' lang='grc' dir='ltr'><strong>τῷ</strong></span> <span class='ocrx_word' id='word_1_18' title='bbox 3456 484 3529 539; x_wconf 77' lang='grc' dir='ltr'><strong>νοτ</strong></span> <span class='ocrx_word' id='word_1_19' title='bbox 3553 489 3701 560; x_wconf 56' lang='grc' dir='ltr'><strong>ἡμῶν,</strong></span> 
     </span>
    </p>
   </div>
   <div class='ocr_carea' id='block_1_6' title="bbox 498 567 1100 638">
    <p class='ocr_par' dir='ltr' id='par_1_6' title="bbox 498 567 1100 638">
     <span class='ocr_line' id='line_1_6' title="bbox 498 567 1100 638; baseline -0.005 -13"><span class='ocrx_word' id='word_1_20' title='bbox 498 584 552 625; x_wconf 87' lang='lat' dir='ltr'><strong>et</strong></span> <span class='ocrx_word' id='word_1_21' title='bbox 590 571 642 623; x_wconf 91' lang='lat' dir='ltr'><strong>in</strong></span> <span class='ocrx_word' id='word_1_22' title='bbox 678 584 904 638; x_wconf 82' lang='lat' dir='ltr'><strong>corpore</strong></span> <span class='ocrx_word' id='word_1_23' title='bbox 936 567 1100 623; x_wconf 76' lang='lat' dir='ltr'><strong>facta.</strong></span> 
     </span>
    </p>
   </div>
   <div class='ocr_carea' id='block_1_7' title="bbox 570 658 2056 717">
    <p class='ocr_par' dir='ltr' id='par_1_7' title="bbox 570 658 2056 717">
     <span class='ocr_line' id='line_1_7' title="bbox 570 658 2056 717; baseline -0.001 -1"><span class='ocrx_word' id='word_1_24' title='bbox 570 661 736 717; x_wconf 74' lang='lat' dir='ltr'><strong>Vens.</strong></span> <span class='ocrx_word' id='word_1_25' title='bbox 812 659 904 715; x_wconf 72' lang='grc' dir='ltr'><strong>ιιι.</strong></span> <span class='ocrx_word' id='word_1_26' title='bbox 965 678 983 710; x_wconf 73' lang='grc' dir='ltr'><strong>ι</strong></span> <span class='ocrx_word' id='word_1_27' title='bbox 1041 658 1107 713; x_wconf 88' lang='lat' dir='ltr'><strong>Et</strong></span> <span class='ocrx_word' id='word_1_28' title='bbox 1165 658 1373 715; x_wconf 86' lang='lat' dir='ltr'><strong>induite</strong></span> <span class='ocrx_word' id='word_1_29' title='bbox 1444 675 1642 715; x_wconf 87' lang='lat' dir='ltr'><strong>novum</strong></span> <span class='ocrx_word' id='word_1_30' title='bbox 1702 660 1997 717; x_wconf 77' lang='lat' dir='ltr'><strong>hominem.</strong></span> <span class='ocrx_word' id='word_1_31' title='bbox 2037 681 2056 714; x_wconf 76' lang='grc' dir='ltr'><strong>ι</strong></span> 
     </span>
    </p>
   </div>
   <div class='ocr_carea' id='block_1_8' title="bbox 502 750 2077 822">
    <p class='ocr_par' dir='ltr' id='par_1_8' title="bbox 502 750 2077 822">
     <span class='ocr_line' id='line_1_8' title="bbox 502 750 2077 822; baseline 0.001 -14"><span class='ocrx_word' id='word_1_32' title='bbox 502 751 690 808; x_wconf 81' lang='lat' dir='ltr'><strong>Viden‘</strong></span> <span class='ocrx_word' id='word_1_33' title='bbox 746 750 1047 819; x_wconf 78' lang='lat' dir='ltr'><strong>subjectum</strong></span> <span class='ocrx_word' id='word_1_34' title='bbox 1078 751 1217 807; x_wconf 86' lang='lat' dir='ltr'><strong>idem</strong></span> <span class='ocrx_word' id='word_1_35' title='bbox 1273 765 1415 812; x_wconf 81' lang='lat' dir='ltr'><strong>esse.</strong></span> <span class='ocrx_word' id='word_1_36' title='bbox 1466 766 1661 822; x_wconf 86' lang='lat' dir='ltr'><strong>nempe</strong></span> <span class='ocrx_word' id='word_1_37' title='bbox 1691 753 1833 821; x_wconf 89' lang='lat' dir='ltr'><strong>quod</strong></span> <span class='ocrx_word' id='word_1_38' title='bbox 1861 755 2077 809; x_wconf 81' lang='lat' dir='ltr'><strong>exuitur</strong></span> 
     </span>
    </p>
   </div>
   <div class='ocr_carea' id='block_1_9' title="bbox 499 842 2077 911">
    <p class='ocr_par' dir='ltr' id='par_1_9' title="bbox 499 842 2077 911">
     <span class='ocr_line' id='line_1_9' title="bbox 499 842 2077 911; baseline 0.001 -13"><span class='ocrx_word' id='word_1_39' title='bbox 499 854 554 898; x_wconf 89' lang='lat' dir='ltr'><strong>et</strong></span> <span class='ocrx_word' id='word_1_40' title='bbox 600 842 882 898; x_wconf 88' lang='lat' dir='ltr'><strong>induitur?</strong></span> <span class='ocrx_word' id='word_1_41' title='bbox 930 842 1242 899; x_wconf 91' lang='lat' dir='ltr'><strong>indumenta</strong></span> <span class='ocrx_word' id='word_1_42' title='bbox 1274 853 1455 897; x_wconf 87' lang='lat' dir='ltr'><strong>autem</strong></span> <span class='ocrx_word' id='word_1_43' title='bbox 1487 843 1655 908; x_wconf 79' lang='lat' dir='ltr'><strong>Varia,</strong></span> <span class='ocrx_word' id='word_1_44' title='bbox 1691 853 1873 911; x_wconf 90' lang='lat' dir='ltr'><strong>utpote</strong></span> <span class='ocrx_word' id='word_1_45' title='bbox 1906 844 2077 900; x_wconf 84' lang='lat' dir='ltr'><strong>virtus</strong></span> 
     </span>
    </p>
   </div>
   <div class='ocr_carea' id='block_1_10' title="bbox 498 932 2077 999">
    <p class='ocr_par' dir='ltr' id='par_1_10' title="bbox 498 932 2077 999">
     <span class='ocr_line' id='line_1_10' title="bbox 498 932 2077 999; baseline 0 -9"><span class='ocrx_word' id='word_1_46' title='bbox 498 943 555 990; x_wconf 86' lang='lat' dir='ltr'><strong>et</strong></span> <span class='ocrx_word' id='word_1_47' title='bbox 587 932 819 989; x_wconf 81' lang='lat' dir='ltr'><strong>vitium?</strong></span> <span class='ocrx_word' id='word_1_48' title='bbox 854 932 920 988; x_wconf 90' lang='lat' dir='ltr'><strong>Ut</strong></span> <span class='ocrx_word' id='word_1_49' title='bbox 974 934 1117 987; x_wconf 86' lang='lat' dir='ltr'><strong>enim</strong></span> <span class='ocrx_word' id='word_1_50' title='bbox 1168 935 1298 988; x_wconf 80' lang='lat' dir='ltr'><strong>exui</strong></span> <span class='ocrx_word' id='word_1_51' title='bbox 1326 943 1379 990; x_wconf 90' lang='lat' dir='ltr'><strong>et</strong></span> <span class='ocrx_word' id='word_1_52' title='bbox 1410 934 1580 999; x_wconf 85' lang='lat' dir='ltr'><strong>indui,</strong></span> <span class='ocrx_word' id='word_1_53' title='bbox 1627 934 1786 991; x_wconf 73' lang='lat' dir='ltr'><strong>facile</strong></span> <span class='ocrx_word' id='word_1_54' title='bbox 1814 945 1902 991; x_wconf 84' lang='lat' dir='ltr'><strong>est</strong></span> <span class='ocrx_word' id='word_1_55' title='bbox 1939 954 1953 992; x_wconf 92' lang='lat'><strong>:</strong></span> <span class='ocrx_word' id='word_1_56' title='bbox 1996 940 2077 991; x_wconf 89' lang='lat' dir='ltr'><strong>sic</strong></span> 
     </span>
    </p>
   </div>
   <div class='ocr_carea' id='block_1_11' title="bbox 499 1025 2077 1094">
    <p class='ocr_par' dir='ltr' id='par_1_11' title="bbox 499 1025 2077 1094">
     <span class='ocr_line' id='line_1_11' title="bbox 499 1025 2077 1094; baseline 0.002 -14"><span class='ocrx_word' id='word_1_57' title='bbox 499 1036 553 1081; x_wconf 86' lang='lat' dir='ltr'><strong>et</strong></span> <span class='ocrx_word' id='word_1_58' title='bbox 587 1027 776 1094; x_wconf 88' lang='lat' dir='ltr'><strong>vitium</strong></span> <span class='ocrx_word' id='word_1_59' title='bbox 814 1036 868 1080; x_wconf 88' lang='lat' dir='ltr'><strong>et</strong></span> <span class='ocrx_word' id='word_1_60' title='bbox 900 1028 1093 1091; x_wconf 86' lang='lat' dir='ltr'><strong>virtus,</strong></span> <span class='ocrx_word' id='word_1_61' title='bbox 1129 1025 1305 1079; x_wconf 78' lang='lat' dir='ltr'><strong>facilia</strong></span> <span class='ocrx_word' id='word_1_62' title='bbox 1357 1034 1505 1090; x_wconf 87' lang='lat' dir='ltr'><strong>sunt,</strong></span> <span class='ocrx_word' id='word_1_63' title='bbox 1561 1027 1606 1081; x_wconf 87' lang='lat' dir='ltr'><strong>si</strong></span> <span class='ocrx_word' id='word_1_64' title='bbox 1660 1027 1910 1085; x_wconf 76' lang='lat' dir='ltr'><strong>velimus.</strong></span> <span class='ocrx_word' id='word_1_65' title='bbox 1966 1026 2077 1083; x_wconf 88' lang='lat' dir='ltr'><strong>Cur</strong></span> 
     </span>
    </p>
   </div>
   <div class='ocr_carea' id='block_1_12' title="bbox 499 1116 2072 1185">
    <p class='ocr_par' dir='ltr' id='par_1_12' title="bbox 499 1116 2072 1185">
     <span class='ocr_line' id='line_1_12' title="bbox 499 1116 2072 1185; baseline 0.002 -13"><span class='ocrx_word' id='word_1_66' title='bbox 499 1134 628 1174; x_wconf 83' lang='lat' dir='ltr'><strong>vero</strong></span> <span class='ocrx_word' id='word_1_67' title='bbox 673 1120 943 1173; x_wconf 82' lang='lat' dir='ltr'><strong>hominem</strong></span> <span class='ocrx_word' id='word_1_68' title='bbox 996 1116 1227 1185; x_wconf 74' lang='lat' dir='ltr'><strong>appellat</strong></span> <span class='ocrx_word' id='word_1_69' title='bbox 1261 1117 1474 1182; x_wconf 90' lang='lat' dir='ltr'><strong>vitium,</strong></span> <span class='ocrx_word' id='word_1_70' title='bbox 1516 1127 1568 1173; x_wconf 91' lang='lat' dir='ltr'><strong>et</strong></span> <span class='ocrx_word' id='word_1_71' title='bbox 1609 1119 1858 1173; x_wconf 87' lang='lat' dir='ltr'><strong>eumdem</strong></span> <span class='ocrx_word' id='word_1_72' title='bbox 1902 1120 2072 1175; x_wconf 81' lang='lat' dir='ltr'><strong>virtu-</strong></span> 
     </span>
    </p>
   </div>
   <div class='ocr_carea' id='block_1_13' title="bbox 500 1206 2073 1280">
    <p class='ocr_par' dir='ltr' id='par_1_13' title="bbox 500 1206 2073 1280">
     <span class='ocr_line' id='line_1_13' title="bbox 500 1206 2073 1280; baseline 0.001 -18"><span class='ocrx_word' id='word_1_73' title='bbox 500 1206 643 1265; x_wconf 79' lang='lat' dir='ltr'><strong>tem?</strong></span> <span class='ocrx_word' id='word_1_74' title='bbox 675 1207 936 1274; x_wconf 83' lang='lat' dir='ltr'><strong>Quoniam</strong></span> <span class='ocrx_word' id='word_1_75' title='bbox 971 1221 1038 1263; x_wconf 71' lang='lat' dir='ltr'><strong>ett</strong></span> <span class='ocrx_word' id='word_1_76' title='bbox 1070 1207 1325 1276; x_wconf 81' lang='lat' dir='ltr'><strong>operibus</strong></span> <span class='ocrx_word' id='word_1_77' title='bbox 1375 1217 1592 1265; x_wconf 87' lang='lat' dir='ltr'><strong>notatur</strong></span> <span class='ocrx_word' id='word_1_78' title='bbox 1647 1212 1809 1264; x_wconf 87' lang='lat' dir='ltr'><strong>homo</strong></span> <span class='ocrx_word' id='word_1_79' title='bbox 1842 1225 1859 1264; x_wconf 90' lang='lat'><strong>:</strong></span> <span class='ocrx_word' id='word_1_80' title='bbox 1906 1219 2073 1280; x_wconf 77' lang='lat' dir='ltr'><strong>atque</strong></span> 
     </span>
    </p>
   </div>
   <div class='ocr_carea' id='block_1_14' title="bbox 497 1300 2070 1368">
    <p class='ocr_par' dir='ltr' id='par_1_14' title="bbox 497 1300 2070 1368">
     <span class='ocr_line' id='line_1_14' title="bbox 497 1300 2070 1368; baseline 0.001 -12"><span class='ocrx_word' id='word_1_81' title='bbox 497 1304 610 1356; x_wconf 63' lang='lat' dir='ltr'><strong>hate</strong></span> <span class='ocrx_word' id='word_1_82' title='bbox 655 1315 766 1354; x_wconf 90' lang='lat' dir='ltr'><strong>non</strong></span> <span class='ocrx_word' id='word_1_83' title='bbox 816 1300 994 1353; x_wconf 88' lang='lat' dir='ltr'><strong>minus</strong></span> <span class='ocrx_word' id='word_1_84' title='bbox 1034 1315 1195 1367; x_wconf 85' lang='lat' dir='ltr'><strong>quam</strong></span> <span class='ocrx_word' id='word_1_85' title='bbox 1252 1306 1446 1355; x_wconf 88' lang='lat' dir='ltr'><strong>natura</strong></span> <span class='ocrx_word' id='word_1_86' title='bbox 1495 1300 1740 1357; x_wconf 86' lang='lat' dir='ltr'><strong>indicant</strong></span> <span class='ocrx_word' id='word_1_87' title='bbox 1774 1303 2070 1368; x_wconf 90' lang='lat' dir='ltr'><strong>hominem,</strong></span> 
     </span>
    </p>
   </div>
   <div class='ocr_carea' id='block_1_15' title="bbox 494 1390 2071 1462">
    <p class='ocr_par' dir='ltr' id='par_1_15' title="bbox 494 1390 2071 1462">
     <span class='ocr_line' id='line_1_15' title="bbox 494 1390 2071 1462; baseline 0.001 -17"><span class='ocrx_word' id='word_1_88' title='bbox 494 1392 612 1446; x_wconf 74' lang='lat' dir='ltr'><strong>sive</strong></span> <span class='ocrx_word' id='word_1_89' title='bbox 641 1391 816 1445; x_wconf 84' lang='lat' dir='ltr'><strong>bonus</strong></span> <span class='ocrx_word' id='word_1_90' title='bbox 860 1391 974 1444; x_wconf 85' lang='lat' dir='ltr'><strong>sive</strong></span> <span class='ocrx_word' id='word_1_91' title='bbox 1009 1390 1184 1444; x_wconf 85' lang='lat' dir='ltr'><strong>malus</strong></span> <span class='ocrx_word' id='word_1_92' title='bbox 1233 1394 1322 1445; x_wconf 90' lang='lat' dir='ltr'><strong>sit.</strong></span> <span class='ocrx_word' id='word_1_93' title='bbox 1360 1390 1550 1446; x_wconf 83' lang='lat' dir='ltr'><strong>Novus</strong></span> <span class='ocrx_word' id='word_1_94' title='bbox 1577 1391 1744 1462; x_wconf 74' lang='lat' dir='ltr'><strong>igitur</strong></span> <span class='ocrx_word' id='word_1_95' title='bbox 1776 1393 1937 1451; x_wconf 89' lang='lat' dir='ltr'><strong>homo</strong></span> <span class='ocrx_word' id='word_1_96' title='bbox 1968 1404 2071 1459; x_wconf 88' lang='lat' dir='ltr'><strong>est,</strong></span> 
     </span>
    </p>
   </div>
   <div class='ocr_carea' id='block_1_16' title="bbox 494 1480 2073 1551">
    <p class='ocr_par' dir='ltr' id='par_1_16' title="bbox 494 1480 2073 1551">
     <span class='ocr_line' id='line_1_16' title="bbox 494 1480 2073 1551; baseline 0.006 -21"><span class='ocrx_word' id='word_1_97' title='bbox 494 1480 587 1549; x_wconf 88' lang='lat' dir='ltr'><strong>qui</strong></span> <span class='ocrx_word' id='word_1_98' title='bbox 620 1494 687 1534; x_wconf 88' lang='lat' dir='ltr'><strong>ex</strong></span> <span class='ocrx_word' id='word_1_99' title='bbox 731 1480 1055 1551; x_wconf 81' lang='lat' dir='ltr'><strong>baptismate</strong></span> <span class='ocrx_word' id='word_1_100' title='bbox 1104 1492 1332 1537; x_wconf 80' lang='lat' dir='ltr'><strong>novatus</strong></span> <span class='ocrx_word' id='word_1_101' title='bbox 1373 1490 1480 1543; x_wconf 86' lang='lat' dir='ltr'><strong>est,</strong></span> <span class='ocrx_word' id='word_1_102' title='bbox 1516 1482 1613 1549; x_wconf 89' lang='lat' dir='ltr'><strong>qui</strong></span> <span class='ocrx_word' id='word_1_103' title='bbox 1658 1490 1714 1534; x_wconf 86' lang='lat' dir='ltr'><strong>et</strong></span> <span class='ocrx_word' id='word_1_104' title='bbox 1756 1481 1912 1537; x_wconf 82' lang='lat' dir='ltr'><strong>fortis</strong></span> <span class='ocrx_word' id='word_1_105' title='bbox 1949 1497 2073 1539; x_wconf 81' lang='lat' dir='ltr'><strong>esse</strong></span> 
     </span>
    </p>
   </div>
   <div class='ocr_carea' id='block_1_17' title="bbox 494 1574 2075 1641">
    <p class='ocr_par' dir='ltr' id='par_1_17' title="bbox 494 1574 2075 1641">
     <span class='ocr_line' id='line_1_17' title="bbox 494 1574 2075 1641; baseline 0.004 -15"><span class='ocrx_word' id='word_1_106' title='bbox 494 1575 671 1638; x_wconf 82' lang='lat' dir='ltr'><strong>debet,</strong></span> <span class='ocrx_word' id='word_1_107' title='bbox 704 1574 820 1628; x_wconf 87' lang='lat' dir='ltr'><strong>sine</strong></span> <span class='ocrx_word' id='word_1_108' title='bbox 851 1574 1019 1641; x_wconf 71' lang='lat' dir='ltr'><strong>rugis,</strong></span> <span class='ocrx_word' id='word_1_109' title='bbox 1052 1585 1107 1629; x_wconf 88' lang='lat' dir='ltr'><strong>et</strong></span> <span class='ocrx_word' id='word_1_110' title='bbox 1136 1591 1302 1630; x_wconf 86' lang='lat' dir='ltr'><strong>sanus</strong></span> <span class='ocrx_word' id='word_1_111' title='bbox 1342 1591 1358 1627; x_wconf 88' lang='lat'><strong><em>:</em></strong></span> <span class='ocrx_word' id='word_1_112' title='bbox 1415 1575 1530 1631; x_wconf 71' lang='lat' dir='ltr'><strong>haec</strong></span> <span class='ocrx_word' id='word_1_113' title='bbox 1559 1575 1700 1630; x_wconf 89' lang='lat' dir='ltr'><strong>enim</strong></span> <span class='ocrx_word' id='word_1_114' title='bbox 1736 1576 1918 1633; x_wconf 78' lang='lat' dir='ltr'><strong>omnia</strong></span> <span class='ocrx_word' id='word_1_115' title='bbox 1947 1587 2075 1632; x_wconf 82' lang='lat' dir='ltr'><strong>sunt</strong></span> 
     </span>
    </p>
   </div>
   <div class='ocr_carea' id='block_1_18' title="bbox 491 1667 729 1737">
    <p class='ocr_par' dir='ltr' id='par_1_18' title="bbox 491 1667 729 1737">
     <span class='ocr_line' id='line_1_18' title="bbox 491 1667 729 1737; baseline 0.004 -16"><span class='ocrx_word' id='word_1_116' title='bbox 491 1667 729 1737; x_wconf 78' lang='lat' dir='ltr'><strong>juvenis.</strong></span> 
     </span>
    </p>
   </div>
   <div class='ocr_carea' id='block_1_19' title="bbox 572 1844 2070 1916">
    <p class='ocr_par' dir='ltr' id='par_1_19' title="bbox 572 1844 2070 1916">
     <span class='ocr_line' id='line_1_19' title="bbox 572 1844 2070 1916; baseline 0.005 -20"><span class='ocrx_word' id='word_1_117' title='bbox 572 1863 593 1896; x_wconf 73' lang='grc' dir='ltr'><strong>ι</strong></span> <span class='ocrx_word' id='word_1_118' title='bbox 634 1844 734 1911; x_wconf 88' lang='lat' dir='ltr'><strong>Qui</strong></span> <span class='ocrx_word' id='word_1_119' title='bbox 780 1845 1075 1899; x_wconf 87' lang='lat' dir='ltr'><strong>secundum</strong></span> <span class='ocrx_word' id='word_1_120' title='bbox 1116 1844 1286 1899; x_wconf 85' lang='lat' dir='ltr'><strong>Deum</strong></span> <span class='ocrx_word' id='word_1_121' title='bbox 1320 1856 1536 1902; x_wconf 85' lang='lat' dir='ltr'><strong>creatus</strong></span> <span class='ocrx_word' id='word_1_122' title='bbox 1565 1856 1651 1905; x_wconf 85' lang='lat' dir='ltr'><strong>est</strong></span> <span class='ocrx_word' id='word_1_123' title='bbox 1683 1847 1736 1901; x_wconf 92' lang='lat' dir='ltr'><strong>in</strong></span> <span class='ocrx_word' id='word_1_124' title='bbox 1773 1846 1980 1916; x_wconf 85' lang='lat' dir='ltr'><strong>justitia</strong></span> <span class='ocrx_word' id='word_1_125' title='bbox 2016 1858 2070 1903; x_wconf 94' lang='lat' dir='ltr'><strong>et</strong></span> 
     </span>
    </p>
   </div>
   <div class='ocr_carea' id='block_1_20' title="bbox 495 1938 2070 2008">
    <p class='ocr_par' dir='ltr' id='par_1_20' title="bbox 495 1938 2070 2008">
     <span class='ocr_line' id='line_1_20' title="bbox 495 1938 2070 2008; baseline 0.004 -19"><span class='ocrx_word' id='word_1_126' title='bbox 495 1938 780 1991; x_wconf 83' lang='lat' dir='ltr'><strong>sanctitate</strong></span> <span class='ocrx_word' id='word_1_127' title='bbox 831 1938 1097 1993; x_wconf 79' lang='lat' dir='ltr'><strong>veritatis.</strong></span> <span class='ocrx_word' id='word_1_128' title='bbox 1139 1956 1158 1989; x_wconf 74' lang='grc' dir='ltr'><strong>ι</strong></span> <span class='ocrx_word' id='word_1_129' title='bbox 1206 1938 1336 2003; x_wconf 84' lang='lat' dir='ltr'><strong>Iste,</strong></span> <span class='ocrx_word' id='word_1_130' title='bbox 1394 1940 1586 2008; x_wconf 89' lang='lat' dir='ltr'><strong>inquit,</strong></span> <span class='ocrx_word' id='word_1_131' title='bbox 1639 1942 1803 1997; x_wconf 82' lang='lat' dir='ltr'><strong>homo</strong></span> <span class='ocrx_word' id='word_1_132' title='bbox 1853 1950 2070 1997; x_wconf 86' lang='lat' dir='ltr'><strong>creatus</strong></span> 
     </span>
    </p>
   </div>
   <div class='ocr_carea' id='block_1_21' title="bbox 492 2032 2066 2100">
    <p class='ocr_par' dir='ltr' id='par_1_21' title="bbox 492 2032 2066 2100">
     <span class='ocr_line' id='line_1_21' title="bbox 492 2032 2066 2100; baseline 0.007 -20"><span class='ocrx_word' id='word_1_133' title='bbox 492 2039 596 2093; x_wconf 91' lang='lat' dir='ltr'><strong>cst,</strong></span> <span class='ocrx_word' id='word_1_134' title='bbox 649 2044 755 2084; x_wconf 91' lang='lat' dir='ltr'><strong>non</strong></span> <span class='ocrx_word' id='word_1_135' title='bbox 806 2032 1103 2086; x_wconf 86' lang='lat' dir='ltr'><strong>secundum</strong></span> <span class='ocrx_word' id='word_1_136' title='bbox 1153 2033 1498 2100; x_wconf 83' lang='lat' dir='ltr'><strong>cupiditates,</strong></span> <span class='ocrx_word' id='word_1_137' title='bbox 1580 2034 1674 2089; x_wconf 85' lang='lat' dir='ltr'><strong>sed</strong></span> <span class='ocrx_word' id='word_1_138' title='bbox 1717 2051 1736 2084; x_wconf 79' lang='grc' dir='ltr'><strong>ι</strong></span> <span class='ocrx_word' id='word_1_139' title='bbox 1773 2035 2066 2093; x_wconf 80' lang='lat' dir='ltr'><strong>secundum</strong></span> 
     </span>
    </p>
   </div>
   <div class='ocr_carea' id='block_1_22' title="bbox 494 2123 2069 2195">
    <p class='ocr_par' dir='ltr' id='par_1_22' title="bbox 494 2123 2069 2195">
     <span class='ocr_line' id='line_1_22' title="bbox 494 2123 2069 2195; baseline 0.006 -20"><span class='ocrx_word' id='word_1_140' title='bbox 494 2123 682 2189; x_wconf 84' lang='lat' dir='ltr'><strong>Deum,</strong></span> <span class='ocrx_word' id='word_1_141' title='bbox 733 2142 751 2175; x_wconf 72' lang='grc' dir='ltr'><strong>ι</strong></span> <span class='ocrx_word' id='word_1_142' title='bbox 791 2124 890 2179; x_wconf 87' lang='lat' dir='ltr'><strong>hoc</strong></span> <span class='ocrx_word' id='word_1_143' title='bbox 920 2134 1024 2187; x_wconf 85' lang='lat' dir='ltr'><strong>est,</strong></span> <span class='ocrx_word' id='word_1_144' title='bbox 1056 2139 1085 2176; x_wconf 88' lang='lat' dir='ltr'><strong>a</strong></span> <span class='ocrx_word' id='word_1_145' title='bbox 1120 2124 1229 2178; x_wconf 85' lang='lat' dir='ltr'><strong>Deo</strong></span> <span class='ocrx_word' id='word_1_146' title='bbox 1251 2132 1333 2180; x_wconf 86' lang='lat' dir='ltr'><strong>est</strong></span> <span class='ocrx_word' id='word_1_147' title='bbox 1366 2136 1615 2182; x_wconf 80' lang='lat' dir='ltr'><strong>creatura</strong></span> <span class='ocrx_word' id='word_1_148' title='bbox 1653 2126 1772 2183; x_wconf 86' lang='lat' dir='ltr'><strong>talis</strong></span> <span class='ocrx_word' id='word_1_149' title='bbox 1796 2141 1919 2195; x_wconf 67' lang='lat' dir='ltr'><strong>qua:</strong></span> <span class='ocrx_word' id='word_1_150' title='bbox 1958 2126 2069 2183; x_wconf 87' lang='lat' dir='ltr'><strong>Deo</strong></span> 
     </span>
    </p>
   </div>
   <div class='ocr_carea' id='block_1_23' title="bbox 493 2213 2065 2287">
    <p class='ocr_par' dir='ltr' id='par_1_23' title="bbox 493 2213 2065 2287">
     <span class='ocr_line' id='line_1_23' title="bbox 493 2213 2065 2287; baseline 0.004 -21"><span class='ocrx_word' id='word_1_151' title='bbox 493 2213 689 2280; x_wconf 79' lang='lat' dir='ltr'><strong>placet,</strong></span> <span class='ocrx_word' id='word_1_152' title='bbox 735 2217 789 2270; x_wconf 91' lang='lat' dir='ltr'><strong>in</strong></span> <span class='ocrx_word' id='word_1_153' title='bbox 824 2217 1169 2286; x_wconf 85' lang='lat' dir='ltr'><strong>baptismate,</strong></span> <span class='ocrx_word' id='word_1_154' title='bbox 1205 2230 1309 2269; x_wconf 92' lang='lat' dir='ltr'><strong>non</strong></span> <span class='ocrx_word' id='word_1_155' title='bbox 1345 2233 1408 2271; x_wconf 67' lang='lat' dir='ltr'><strong>ex</strong></span> <span class='ocrx_word' id='word_1_156' title='bbox 1438 2232 1577 2287; x_wconf 83' lang='lat' dir='ltr'><strong>aqua</strong></span> <span class='ocrx_word' id='word_1_157' title='bbox 1608 2226 1661 2273; x_wconf 85' lang='lat' dir='ltr'><strong>ct</strong></span> <span class='ocrx_word' id='word_1_158' title='bbox 1690 2227 1856 2284; x_wconf 83' lang='lat' dir='ltr'><strong>terra,</strong></span> <span class='ocrx_word' id='word_1_159' title='bbox 1886 2219 1979 2275; x_wconf 83' lang='lat' dir='ltr'><strong>sed</strong></span> <span class='ocrx_word' id='word_1_160' title='bbox 2014 2219 2065 2273; x_wconf 89' lang='lat' dir='ltr'><strong>itt</strong></span> 
     </span>
    </p>
   </div>
   <div class='ocr_carea' id='block_1_24' title="bbox 494 2308 2067 2380">
    <p class='ocr_par' dir='ltr' id='par_1_24' title="bbox 494 2308 2067 2380">
     <span class='ocr_line' id='line_1_24' title="bbox 494 2308 2067 2380; baseline 0.004 -22"><span class='ocrx_word' id='word_1_161' title='bbox 494 2308 699 2374; x_wconf 86' lang='lat' dir='ltr'><strong>jnstitia</strong></span> <span class='ocrx_word' id='word_1_162' title='bbox 731 2320 784 2362; x_wconf 89' lang='lat' dir='ltr'><strong>et</strong></span> <span class='ocrx_word' id='word_1_163' title='bbox 816 2310 1123 2365; x_wconf 71' lang='lat' dir='ltr'><strong>sanctitate.</strong></span> <span class='ocrx_word' id='word_1_164' title='bbox 1172 2309 1299 2365; x_wconf 64' lang='lat' dir='ltr'><strong>Iltec</strong></span> <span class='ocrx_word' id='word_1_165' title='bbox 1367 2310 1511 2364; x_wconf 86' lang='lat' dir='ltr'><strong>enim</strong></span> <span class='ocrx_word' id='word_1_166' title='bbox 1565 2310 1788 2380; x_wconf 86' lang='lat' dir='ltr'><strong>hujusce</strong></span> <span class='ocrx_word' id='word_1_167' title='bbox 1832 2310 2067 2367; x_wconf 83' lang='lat' dir='ltr'><strong>hominis</strong></span> 
     </span>
    </p>
   </div>
   <div class='ocr_carea' id='block_1_25' title="bbox 492 2400 2064 2472">
    <p class='ocr_par' dir='ltr' id='par_1_25' title="bbox 492 2400 2064 2472">
     <span class='ocr_line' id='line_1_25' title="bbox 492 2400 2064 2472; baseline 0.004 -21"><span class='ocrx_word' id='word_1_168' title='bbox 492 2410 618 2452; x_wconf 86' lang='lat' dir='ltr'><strong>sunt</strong></span> <span class='ocrx_word' id='word_1_169' title='bbox 639 2401 962 2455; x_wconf 81' lang='lat' dir='ltr'><strong>substantia.</strong></span> <span class='ocrx_word' id='word_1_170' title='bbox 986 2400 1202 2455; x_wconf 83' lang='lat' dir='ltr'><strong>Justitia</strong></span> <span class='ocrx_word' id='word_1_171' title='bbox 1228 2402 1391 2472; x_wconf 82' lang='lat' dir='ltr'><strong>igitur</strong></span> <span class='ocrx_word' id='word_1_172' title='bbox 1410 2403 1582 2458; x_wconf 90' lang='lat' dir='ltr'><strong>virtus</strong></span> <span class='ocrx_word' id='word_1_173' title='bbox 1601 2412 1686 2457; x_wconf 86' lang='lat' dir='ltr'><strong>est</strong></span> <span class='ocrx_word' id='word_1_174' title='bbox 1716 2402 2064 2466; x_wconf 87' lang='lat' dir='ltr'><strong>universalis,</strong></span> 
     </span>
    </p>
   </div>
   <div class='ocr_carea' id='block_1_26' title="bbox 492 2490 2067 2567">
    <p class='ocr_par' dir='ltr' id='par_1_26' title="bbox 492 2490 2067 2567">
     <span class='ocr_line' id='line_1_26' title="bbox 492 2490 2067 2567; baseline 0.005 -25"><span class='ocrx_word' id='word_1_175' title='bbox 492 2490 950 2559; x_wconf 87' lang='lat' dir='ltr'><strong>quemadmodum</strong></span> <span class='ocrx_word' id='word_1_176' title='bbox 1002 2494 1164 2549; x_wconf 80' lang='lat' dir='ltr'><strong>etiam</strong></span> <span class='ocrx_word' id='word_1_177' title='bbox 1215 2494 1451 2551; x_wconf 87' lang='lat' dir='ltr'><strong>solemus</strong></span> <span class='ocrx_word' id='word_1_178' title='bbox 1513 2495 1662 2549; x_wconf 78' lang='lat' dir='ltr'><strong>illum</strong></span> <span class='ocrx_word' id='word_1_179' title='bbox 1716 2494 1922 2564; x_wconf 87' lang='lat' dir='ltr'><strong>justum</strong></span> <span class='ocrx_word' id='word_1_180' title='bbox 1968 2510 2067 2567; x_wconf 82' lang='lat' dir='ltr'><strong>ap—</strong></span> 
     </span>
    </p>
   </div>
   <div class='ocr_carea' id='block_1_27' title="bbox 494 2579 2062 2651">
    <p class='ocr_par' dir='ltr' id='par_1_27' title="bbox 494 2579 2062 2651">
     <span class='ocr_line' id='line_1_27' title="bbox 494 2579 2062 2651; baseline 0.004 -21"><span class='ocrx_word' id='word_1_181' title='bbox 494 2579 715 2649; x_wconf 82' lang='lat' dir='ltr'><strong>pellare,</strong></span> <span class='ocrx_word' id='word_1_182' title='bbox 742 2582 831 2651; x_wconf 91' lang='lat' dir='ltr'><strong>qui</strong></span> <span class='ocrx_word' id='word_1_183' title='bbox 860 2583 1146 2651; x_wconf 63' lang='lat' dir='ltr'><strong>inculpata:</strong></span> <span class='ocrx_word' id='word_1_184' title='bbox 1169 2583 1289 2638; x_wconf 67' lang='lat' dir='ltr'><strong>vita:</strong></span> <span class='ocrx_word' id='word_1_185' title='bbox 1308 2593 1413 2639; x_wconf 88' lang='lat' dir='ltr'><strong>est.</strong></span> <span class='ocrx_word' id='word_1_186' title='bbox 1451 2583 1757 2649; x_wconf 84' lang='lat' dir='ltr'><strong>Quinetiam</strong></span> <span class='ocrx_word' id='word_1_187' title='bbox 1783 2582 2062 2647; x_wconf 87' lang='lat' dir='ltr'><strong>Dominus,</strong></span> 
     </span>
    </p>
   </div>
   <div class='ocr_carea' id='block_1_28' title="bbox 499 2671 2067 2744">
    <p class='ocr_par' dir='ltr' id='par_1_28' title="bbox 499 2671 2067 2744">
     <span class='ocr_line' id='line_1_28' title="bbox 499 2671 2067 2744; baseline 0.004 -23"><span class='ocrx_word' id='word_1_188' title='bbox 499 2671 697 2736; x_wconf 5' lang='lat' dir='ltr'><strong>thisi,</strong></span> <span class='ocrx_word' id='word_1_189' title='bbox 741 2690 758 2722; x_wconf 76' lang='grc' dir='ltr'><strong>ι</strong></span> <span class='ocrx_word' id='word_1_190' title='bbox 802 2673 996 2741; x_wconf 85' lang='lat' dir='ltr'><strong>inquit,</strong></span> <span class='ocrx_word' id='word_1_191' title='bbox 1041 2692 1059 2725; x_wconf 80' lang='grc' dir='ltr'><strong>ι</strong></span> <span class='ocrx_word' id='word_1_192' title='bbox 1107 2674 1697 2744; x_wconf 86' lang='lat' dir='ltr'><strong>abundaveritjustitia</strong></span> <span class='ocrx_word' id='word_1_193' title='bbox 1732 2685 1912 2730; x_wconf 86' lang='lat' dir='ltr'><strong>vestra</strong></span> <span class='ocrx_word' id='word_1_194' title='bbox 1947 2674 2067 2744; x_wconf 88' lang='lat' dir='ltr'><strong>plus</strong></span> 
     </span>
    </p>
   </div>
   <div class='ocr_carea' id='block_1_29' title="bbox 460 2748 2064 2837">
    <p class='ocr_par' dir='ltr' id='par_1_29' title="bbox 460 2748 2064 2837">
     <span class='ocr_line' id='line_1_29' title="bbox 460 2748 2064 2837; baseline 0.005 -23"><span class='ocrx_word' id='word_1_195' title='bbox 460 2748 660 2831; x_wconf 32' lang='lat' dir='ltr'><strong>&#39;quam</strong></span> <span class='ocrx_word' id='word_1_196' title='bbox 720 2761 1117 2819; x_wconf 62' lang='lat' dir='ltr'><strong>Pharisaeorum</strong></span> <span class='ocrx_word' id='word_1_197' title='bbox 1168 2765 1221 2831; x_wconf 69' lang='lat' dir='ltr'><strong>IK;</strong></span> <span class='ocrx_word' id='word_1_198' title='bbox 1279 2783 1298 2818; x_wconf 73' lang='grc' dir='ltr'><strong>ι</strong></span> <span class='ocrx_word' id='word_1_199' title='bbox 1349 2778 1575 2837; x_wconf 74' lang='lat' dir='ltr'><strong>omnem</strong></span> <span class='ocrx_word' id='word_1_200' title='bbox 1627 2767 1772 2821; x_wconf 88' lang='lat' dir='ltr'><strong>enim</strong></span> <span class='ocrx_word' id='word_1_201' title='bbox 1807 2765 2064 2822; x_wconf 79' lang='lat' dir='ltr'><strong>virtutem</strong></span> 
     </span>
    </p>
   </div>
   <div class='ocr_carea' id='block_1_30' title="bbox 499 2855 2065 2929">
    <p class='ocr_par' dir='ltr' id='par_1_30' title="bbox 499 2855 2065 2929">
     <span class='ocr_line' id='line_1_30' title="bbox 499 2855 2065 2929; baseline 0.008 -22"><span class='ocrx_word' id='word_1_202' title='bbox 499 2855 589 2910; x_wconf 89' lang='lat' dir='ltr'><strong>hic</strong></span> <span class='ocrx_word' id='word_1_203' title='bbox 617 2855 771 2912; x_wconf 86' lang='lat' dir='ltr'><strong>dicit.</strong></span> <span class='ocrx_word' id='word_1_204' title='bbox 805 2856 1080 2912; x_wconf 83' lang='lat' dir='ltr'><strong>Sanctitas</strong></span> <span class='ocrx_word' id='word_1_205' title='bbox 1111 2868 1293 2913; x_wconf 88' lang='lat' dir='ltr'><strong>autem</strong></span> <span class='ocrx_word' id='word_1_206' title='bbox 1358 2860 1566 2927; x_wconf 89' lang='lat' dir='ltr'><strong>puritas</strong></span> <span class='ocrx_word' id='word_1_207' title='bbox 1595 2868 1698 2924; x_wconf 91' lang='lat' dir='ltr'><strong>est,</strong></span> <span class='ocrx_word' id='word_1_208' title='bbox 1730 2867 1895 2929; x_wconf 87' lang='lat' dir='ltr'><strong>atque</strong></span> <span class='ocrx_word' id='word_1_209' title='bbox 1929 2860 2065 2919; x_wconf 82' lang='lat' dir='ltr'><strong>adeo</strong></span> 
     </span>
    </p>
   </div>
   <div class='ocr_carea' id='block_1_31' title="bbox 494 2947 2066 3018">
    <p class='ocr_par' dir='ltr' id='par_1_31' title="bbox 494 2947 2066 3018">
     <span class='ocr_line' id='line_1_31' title="bbox 494 2947 2066 3018; baseline 0.006 -17"><span class='ocrx_word' id='word_1_210' title='bbox 494 2947 720 3015; x_wconf 86' lang='lat' dir='ltr'><strong>implere</strong></span> <span class='ocrx_word' id='word_1_211' title='bbox 790 2963 953 3005; x_wconf 87' lang='lat' dir='ltr'><strong>omne</strong></span> <span class='ocrx_word' id='word_1_212' title='bbox 1028 2950 1289 3006; x_wconf 88' lang='lat' dir='ltr'><strong>debitum.</strong></span> <span class='ocrx_word' id='word_1_213' title='bbox 1354 2950 1816 3018; x_wconf 88' lang='lat' dir='ltr'><strong>Quemadmodum</strong></span> <span class='ocrx_word' id='word_1_214' title='bbox 1875 2963 1933 3009; x_wconf 85' lang='lat' dir='ltr'><strong>et</strong></span> <span class='ocrx_word' id='word_1_215' title='bbox 1999 2957 2066 3011; x_wconf 87' lang='lat' dir='ltr'><strong>de</strong></span> 
     </span>
    </p>
   </div>
   <div class='ocr_carea' id='block_1_32' title="bbox 497 3045 2067 3117">
    <p class='ocr_par' dir='ltr' id='par_1_32' title="bbox 497 3045 2067 3117">
     <span class='ocr_line' id='line_1_32' title="bbox 497 3045 2067 3117; baseline 0.006 -22"><span class='ocrx_word' id='word_1_216' title='bbox 497 3045 725 3097; x_wconf 87' lang='lat' dir='ltr'><strong>mortuis</strong></span> <span class='ocrx_word' id='word_1_217' title='bbox 757 3045 1105 3099; x_wconf 84' lang='lat' dir='ltr'><strong>sanetitatem</strong></span> <span class='ocrx_word' id='word_1_218' title='bbox 1151 3046 1401 3110; x_wconf 86' lang='lat' dir='ltr'><strong>dicimus,</strong></span> <span class='ocrx_word' id='word_1_219' title='bbox 1452 3047 1668 3116; x_wconf 87' lang='lat' dir='ltr'><strong>quando</strong></span> <span class='ocrx_word' id='word_1_220' title='bbox 1733 3047 1931 3117; x_wconf 83' lang='lat' dir='ltr'><strong>aliquis</strong></span> <span class='ocrx_word' id='word_1_221' title='bbox 1972 3049 2067 3105; x_wconf 65' lang='lat' dir='ltr'><strong>de«-</strong></span> 
     </span>
    </p>
   </div>
   <div class='ocr_carea' id='block_1_33' title="bbox 2185 570 3526 644">
    <p class='ocr_par' dir='ltr' id='par_1_33' title="bbox 2185 570 3526 644">
     <span class='ocr_line' id='line_1_33' title="bbox 2185 570 3526 644; baseline 0.005 -20"><span class='ocrx_word' id='word_1_222' title='bbox 2185 572 2298 624; x_wconf 76' lang='grc' dir='ltr'><strong>ἀλλ’</strong></span> <span class='ocrx_word' id='word_1_223' title='bbox 2325 573 2386 624; x_wconf 87' lang='grc' dir='ltr'><strong>ού</strong></span> <span class='ocrx_word' id='word_1_224' title='bbox 2416 572 2737 642; x_wconf 66' lang='grc' dir='ltr'><strong>σωματικὴν</strong></span> <span class='ocrx_word' id='word_1_225' title='bbox 2764 573 2859 625; x_wconf 76' lang='grc' dir='ltr'><strong>καὶ</strong></span> <span class='ocrx_word' id='word_1_226' title='bbox 2899 575 2955 624; x_wconf 84' lang='grc' dir='ltr'><strong>ἐν</strong></span> <span class='ocrx_word' id='word_1_227' title='bbox 2986 570 3526 644; x_wconf 74' lang='grc' dir='ltr'><strong>σώματιγινομένην.</strong></span> 
     </span>
    </p>
   </div>
   <div class='ocr_carea' id='block_1_34' title="bbox 2263 663 3700 745">
    <p class='ocr_par' dir='ltr' id='par_1_34' title="bbox 2263 663 3700 745">
     <span class='ocr_line' id='line_1_34' title="bbox 2263 663 3700 745; baseline 0.005 -28"><span class='ocrx_word' id='word_1_228' title='bbox 2263 681 2281 717; x_wconf 81' lang='lat' dir='ltr'><strong>t</strong></span> <span class='ocrx_word' id='word_1_229' title='bbox 2317 666 2423 717; x_wconf 74' lang='grc' dir='ltr'><strong>Καὶ</strong></span> <span class='ocrx_word' id='word_1_230' title='bbox 2476 663 2770 718; x_wconf 71' lang='grc' dir='ltr'><strong>ἐνδύσασθε</strong></span> <span class='ocrx_word' id='word_1_231' title='bbox 2819 663 2914 717; x_wconf 81' lang='grc' dir='ltr'><strong>τὸν</strong></span> <span class='ocrx_word' id='word_1_232' title='bbox 2955 663 3138 717; x_wconf 82' lang='grc' dir='ltr'><strong>καινὸν</strong></span> <span class='ocrx_word' id='word_1_233' title='bbox 3168 664 3467 734; x_wconf 78' lang='grc' dir='ltr'><strong>ἄνθρωπον.</strong></span> <span class='ocrx_word' id='word_1_234' title='bbox 3505 686 3523 719; x_wconf 70' lang='grc' dir='ltr'><strong>ι</strong></span> 
     </span>
    </p>
   </div>
   <div class='ocr_carea' id='block_1_35' title="bbox 2178 755 3698 827">
    <p class='ocr_par' dir='ltr' id='par_1_35' title="bbox 2178 755 3698 827">
     <span class='ocr_line' id='line_1_35' title="bbox 2178 755 3698 827; baseline 0.005 -18"><span class='ocrx_word' id='word_1_235' title='bbox 2178 755 2354 809; x_wconf 77' lang='grc' dir='ltr'><strong>ὅτιτὸ</strong></span> <span class='ocrx_word' id='word_1_236' title='bbox 2392 756 2753 819; x_wconf 78' lang='grc' dir='ltr'><strong>ὑποκείμενον</strong></span> <span class='ocrx_word' id='word_1_237' title='bbox 2799 756 2859 810; x_wconf 76' lang='grc' dir='ltr'><strong>ἐν</strong></span> <span class='ocrx_word' id='word_1_238' title='bbox 2903 758 3040 819; x_wconf 84' lang='grc' dir='ltr'><strong>ἐστι,</strong></span> <span class='ocrx_word' id='word_1_239' title='bbox 3080 756 3140 809; x_wconf 75' lang='grc' dir='ltr'><strong>τὸ</strong></span> <span class='ocrx_word' id='word_1_240' title='bbox 3179 756 3493 827; x_wconf 69' lang='grc' dir='ltr'><strong>ἐκδυόμενον</strong></span> <span class='ocrx_word' id='word_1_241' title='bbox 3526 763 3698 818; x_wconf 73' lang='grc' dir='ltr'><strong>καὶοέν-</strong></span> 
     </span>
    </p>
   </div>
   <div class='ocr_carea' id='block_1_36' title="bbox 2179 848 3698 926">
    <p class='ocr_par' dir='ltr' id='par_1_36' title="bbox 2179 848 3698 926">
     <span class='ocr_line' id='line_1_36' title="bbox 2179 848 3698 926; baseline 0.003 -24"><span class='ocrx_word' id='word_1_242' title='bbox 2179 848 2439 919; x_wconf 87' lang='grc' dir='ltr'><strong>δυόμενον</strong></span> <span class='ocrx_word' id='word_1_243' title='bbox 2466 866 2479 881; x_wconf 80' lang='grc' dir='ltr'><strong><em>ο</em></strong></span> <span class='ocrx_word' id='word_1_244' title='bbox 2512 849 2579 902; x_wconf 79' lang='grc' dir='ltr'><strong>τὰ</strong></span> <span class='ocrx_word' id='word_1_245' title='bbox 2638 849 2694 901; x_wconf 77' lang='grc' dir='ltr'><strong>δὲ</strong></span> <span class='ocrx_word' id='word_1_246' title='bbox 2748 849 3023 918; x_wconf 77' lang='grc' dir='ltr'><strong>ἐνδύματα</strong></span> <span class='ocrx_word' id='word_1_247' title='bbox 3062 849 3314 921; x_wconf 77' lang='grc' dir='ltr'><strong>διάφορα,</strong></span> <span class='ocrx_word' id='word_1_248' title='bbox 3360 852 3698 926; x_wconf 55' lang='grc' dir='ltr'><strong>τουτέστινΛι</strong></span> 
     </span>
    </p>
   </div>
   <div class='ocr_carea' id='block_1_37' title="bbox 2181 941 3697 1013">
    <p class='ocr_par' dir='ltr' id='par_1_37' title="bbox 2181 941 3697 1013">
     <span class='ocr_line' id='line_1_37' title="bbox 2181 941 3697 1013; baseline 0.004 -18"><span class='ocrx_word' id='word_1_249' title='bbox 2181 942 2350 995; x_wconf 87' lang='grc' dir='ltr'><strong>κακία</strong></span> <span class='ocrx_word' id='word_1_250' title='bbox 2396 943 2492 996; x_wconf 70' lang='grc' dir='ltr'><strong>καὶ</strong></span> <span class='ocrx_word' id='word_1_251' title='bbox 2542 941 2815 1013; x_wconf 81' lang='grc' dir='ltr'><strong>ἡάρετή;</strong></span> <span class='ocrx_word' id='word_1_252' title='bbox 2862 942 3076 1013; x_wconf 81' lang='grc' dir='ltr'><strong>Ὠσπερ</strong></span> <span class='ocrx_word' id='word_1_253' title='bbox 3115 944 3224 1012; x_wconf 75' lang='grc' dir='ltr'><strong>γὰρ</strong></span> <span class='ocrx_word' id='word_1_254' title='bbox 3265 943 3326 995; x_wconf 84' lang='grc' dir='ltr'><strong>τὸ</strong></span> <span class='ocrx_word' id='word_1_255' title='bbox 3374 944 3697 1001; x_wconf 79' lang='grc' dir='ltr'><strong>ἀποδύσασθαι</strong></span> 
     </span>
    </p>
   </div>
   <div class='ocr_carea' id='block_1_38' title="bbox 2178 1031 3693 1112">
    <p class='ocr_par' dir='ltr' id='par_1_38' title="bbox 2178 1031 3693 1112">
     <span class='ocr_line' id='line_1_38' title="bbox 2178 1031 3693 1112; baseline 0.002 -25"><span class='ocrx_word' id='word_1_256' title='bbox 2178 1032 2275 1087; x_wconf 70' lang='grc' dir='ltr'><strong>καὶ</strong></span> <span class='ocrx_word' id='word_1_257' title='bbox 2308 1031 2632 1089; x_wconf 75' lang='grc' dir='ltr'><strong>ἐνδύσασθαι</strong></span> <span class='ocrx_word' id='word_1_258' title='bbox 2658 1034 2860 1104; x_wconf 81' lang='grc' dir='ltr'><strong>ῥᾴδιον,</strong></span> <span class='ocrx_word' id='word_1_259' title='bbox 2885 1032 3031 1087; x_wconf 75' lang='grc' dir='ltr'><strong>οὕτω</strong></span> <span class='ocrx_word' id='word_1_260' title='bbox 3073 1037 3165 1088; x_wconf 70' lang='grc' dir='ltr'><strong>καὶ</strong></span> <span class='ocrx_word' id='word_1_261' title='bbox 3214 1035 3381 1088; x_wconf 86' lang='grc' dir='ltr'><strong>κακία</strong></span> <span class='ocrx_word' id='word_1_262' title='bbox 3415 1036 3508 1087; x_wconf 69' lang='grc' dir='ltr'><strong>καῖ</strong></span> <span class='ocrx_word' id='word_1_263' title='bbox 3538 1038 3693 1112; x_wconf 72' lang='grc' dir='ltr'><strong>ἀρετὴ,</strong></span> 
     </span>
    </p>
   </div>
   <div class='ocr_carea' id='block_1_39' title="bbox 2176 1123 3694 1196">
    <p class='ocr_par' dir='ltr' id='par_1_39' title="bbox 2176 1123 3694 1196">
     <span class='ocr_line' id='line_1_39' title="bbox 2176 1123 3694 1196; baseline 0 -17"><span class='ocrx_word' id='word_1_264' title='bbox 2176 1125 2272 1179; x_wconf 79' lang='grc' dir='ltr'><strong>ἐὰν</strong></span> <span class='ocrx_word' id='word_1_265' title='bbox 2302 1123 2638 1194; x_wconf 83' lang='grc' dir='ltr'><strong>θελήσωμεν.</strong></span> <span class='ocrx_word' id='word_1_266' title='bbox 2673 1128 2777 1179; x_wconf 79' lang='grc' dir='ltr'><strong>Διὰ</strong></span> <span class='ocrx_word' id='word_1_267' title='bbox 2828 1130 2882 1178; x_wconf 89' lang='grc' dir='ltr'><strong>τί</strong></span> <span class='ocrx_word' id='word_1_268' title='bbox 2909 1129 2964 1179; x_wconf 77' lang='grc' dir='ltr'><strong>δέ</strong></span> <span class='ocrx_word' id='word_1_269' title='bbox 3018 1126 3303 1195; x_wconf 72' lang='grc' dir='ltr'><strong>ἄνθρωπον</strong></span> <span class='ocrx_word' id='word_1_270' title='bbox 3331 1126 3479 1179; x_wconf 82' lang='grc' dir='ltr'><strong>καλεῖ</strong></span> <span class='ocrx_word' id='word_1_271' title='bbox 3502 1129 3589 1196; x_wconf 84' lang='grc' dir='ltr'><strong>τὴν</strong></span> <span class='ocrx_word' id='word_1_272' title='bbox 3616 1147 3694 1183; x_wconf 81' lang='grc' dir='ltr'><strong>κα-</strong></span> 
     </span>
    </p>
   </div>
   <div class='ocr_carea' id='block_1_40' title="bbox 2179 1216 3694 1291">
    <p class='ocr_par' dir='ltr' id='par_1_40' title="bbox 2179 1216 3694 1291">
     <span class='ocr_line' id='line_1_40' title="bbox 2179 1216 3694 1291; baseline 0.002 -20"><span class='ocrx_word' id='word_1_273' title='bbox 2179 1218 2325 1284; x_wconf 85' lang='grc' dir='ltr'><strong>κίαν,</strong></span> <span class='ocrx_word' id='word_1_274' title='bbox 2363 1218 2457 1271; x_wconf 77' lang='grc' dir='ltr'><strong>καὶ</strong></span> <span class='ocrx_word' id='word_1_275' title='bbox 2487 1216 2776 1287; x_wconf 77' lang='grc' dir='ltr'><strong>ἄνθρωπον</strong></span> <span class='ocrx_word' id='word_1_276' title='bbox 2799 1220 2900 1289; x_wconf 78' lang='grc' dir='ltr'><strong>τὴν</strong></span> <span class='ocrx_word' id='word_1_277' title='bbox 2925 1219 3161 1289; x_wconf 76' lang='grc' dir='ltr'><strong>ἀρετήνς</strong></span> <span class='ocrx_word' id='word_1_278' title='bbox 3197 1218 3321 1271; x_wconf 85' lang='grc' dir='ltr'><strong>ὐτι</strong></span> <span class='ocrx_word' id='word_1_279' title='bbox 3350 1221 3414 1272; x_wconf 84' lang='grc' dir='ltr'><strong>ἐκ</strong></span> <span class='ocrx_word' id='word_1_280' title='bbox 3435 1219 3531 1272; x_wconf 83' lang='grc' dir='ltr'><strong>τῶν</strong></span> <span class='ocrx_word' id='word_1_281' title='bbox 3552 1220 3694 1291; x_wconf 81' lang='grc' dir='ltr'><strong>ἐργων</strong></span> 
     </span>
    </p>
   </div>
   <div class='ocr_carea' id='block_1_41' title="bbox 2177 1306 3695 1382">
    <p class='ocr_par' dir='ltr' id='par_1_41' title="bbox 2177 1306 3695 1382">
     <span class='ocr_line' id='line_1_41' title="bbox 2177 1306 3695 1382; baseline 0.004 -20"><span class='ocrx_word' id='word_1_282' title='bbox 2177 1309 2650 1380; x_wconf 74' lang='grc' dir='ltr'><strong>χαρακτηρίζεται</strong></span> <span class='ocrx_word' id='word_1_283' title='bbox 2687 1312 2714 1362; x_wconf 87' lang='grc' dir='ltr'><strong>ό</strong></span> <span class='ocrx_word' id='word_1_284' title='bbox 2743 1309 3053 1380; x_wconf 81' lang='grc' dir='ltr'><strong>ἄνθρωπος,</strong></span> <span class='ocrx_word' id='word_1_285' title='bbox 3080 1311 3175 1364; x_wconf 78' lang='grc' dir='ltr'><strong>καὶ</strong></span> <span class='ocrx_word' id='word_1_286' title='bbox 3205 1311 3304 1380; x_wconf 79' lang='grc' dir='ltr'><strong>οὐχ</strong></span> <span class='ocrx_word' id='word_1_287' title='bbox 3327 1306 3482 1382; x_wconf 79' lang='grc' dir='ltr'><strong>ἦττον</strong></span> <span class='ocrx_word' id='word_1_288' title='bbox 3518 1312 3695 1380; x_wconf 78' lang='grc' dir='ltr'><strong>φύσεως</strong></span> 
     </span>
    </p>
   </div>
   <div class='ocr_carea' id='block_1_42' title="bbox 2173 1400 3692 1475">
    <p class='ocr_par' dir='ltr' id='par_1_42' title="bbox 2173 1400 3692 1475">
     <span class='ocr_line' id='line_1_42' title="bbox 2173 1400 3692 1475; baseline 0.005 -24"><span class='ocrx_word' id='word_1_289' title='bbox 2173 1400 2348 1453; x_wconf 79' lang='grc' dir='ltr'><strong>ταῦτα</strong></span> <span class='ocrx_word' id='word_1_290' title='bbox 2378 1400 2683 1455; x_wconf 81' lang='grc' dir='ltr'><strong>δεικνύουσι</strong></span> <span class='ocrx_word' id='word_1_291' title='bbox 2723 1402 2815 1454; x_wconf 71' lang='grc' dir='ltr'><strong>τὸν</strong></span> <span class='ocrx_word' id='word_1_292' title='bbox 2858 1403 3163 1475; x_wconf 80' lang='grc' dir='ltr'><strong>ἄνθρωπον,</strong></span> <span class='ocrx_word' id='word_1_293' title='bbox 3197 1406 3310 1458; x_wconf 78' lang='grc' dir='ltr'><strong>εἴτε</strong></span> <span class='ocrx_word' id='word_1_294' title='bbox 3356 1406 3563 1472; x_wconf 80' lang='grc' dir='ltr'><strong>ἀγαθὸν,</strong></span> <span class='ocrx_word' id='word_1_295' title='bbox 3607 1407 3692 1459; x_wconf 74' lang='grc' dir='ltr'><strong>εἴτε</strong></span> 
     </span>
    </p>
   </div>
   <div class='ocr_carea' id='block_1_43' title="bbox 2175 1492 3692 1566">
    <p class='ocr_par' dir='ltr' id='par_1_43' title="bbox 2175 1492 3692 1566">
     <span class='ocr_line' id='line_1_43' title="bbox 2175 1492 3692 1566; baseline 0.001 -21"><span class='ocrx_word' id='word_1_296' title='bbox 2175 1492 2433 1562; x_wconf 84' lang='grc' dir='ltr'><strong>πονηρόν.</strong></span> <span class='ocrx_word' id='word_1_297' title='bbox 2463 1494 2662 1556; x_wconf 63' lang='grc' dir='ltr'><strong>Καινδς</strong></span> <span class='ocrx_word' id='word_1_298' title='bbox 2688 1493 2781 1548; x_wconf 82' lang='grc' dir='ltr'><strong>οὖν</strong></span> <span class='ocrx_word' id='word_1_299' title='bbox 2807 1495 3116 1565; x_wconf 74' lang='grc' dir='ltr'><strong>ἄνθρωπος,</strong></span> <span class='ocrx_word' id='word_1_300' title='bbox 3151 1499 3182 1549; x_wconf 83' lang='grc' dir='ltr'><strong><em>ὁ</em></strong></span> <span class='ocrx_word' id='word_1_301' title='bbox 3230 1497 3365 1560; x_wconf 77' lang='grc' dir='ltr'><strong>νέος,</strong></span> <span class='ocrx_word' id='word_1_302' title='bbox 3384 1499 3412 1549; x_wconf 84' lang='grc' dir='ltr'><strong>δ</strong></span> <span class='ocrx_word' id='word_1_303' title='bbox 3434 1496 3491 1550; x_wconf 86' lang='grc' dir='ltr'><strong>ἐκ</strong></span> <span class='ocrx_word' id='word_1_304' title='bbox 3511 1497 3591 1549; x_wconf 80' lang='grc' dir='ltr'><strong>τοῦ</strong></span> <span class='ocrx_word' id='word_1_305' title='bbox 3616 1499 3692 1566; x_wconf 81' lang='grc' dir='ltr'><strong>βα.-</strong></span> 
     </span>
    </p>
   </div>
   <div class='ocr_carea' id='block_1_44' title="bbox 2175 1576 3692 1660">
    <p class='ocr_par' dir='ltr' id='par_1_44' title="bbox 2175 1576 3692 1660">
     <span class='ocr_line' id='line_1_44' title="bbox 2175 1576 3692 1660; baseline 0.001 -19"><span class='ocrx_word' id='word_1_306' title='bbox 2175 1576 2503 1658; x_wconf 73' lang='grc' dir='ltr'><strong>πτίσμιῖτος,</strong></span> <span class='ocrx_word' id='word_1_307' title='bbox 2538 1587 2596 1651; x_wconf 81' lang='grc' dir='ltr'><strong>ὃς</strong></span> <span class='ocrx_word' id='word_1_308' title='bbox 2647 1589 2742 1642; x_wconf 82' lang='grc' dir='ltr'><strong>καὶ</strong></span> <span class='ocrx_word' id='word_1_309' title='bbox 2799 1589 3018 1660; x_wconf 77' lang='grc' dir='ltr'><strong>ίσχυρδς</strong></span> <span class='ocrx_word' id='word_1_310' title='bbox 3064 1590 3272 1659; x_wconf 81' lang='grc' dir='ltr'><strong>ὀφείλει</strong></span> <span class='ocrx_word' id='word_1_311' title='bbox 3327 1585 3477 1654; x_wconf 77' lang='grc' dir='ltr'><strong>εἶναι,</strong></span> <span class='ocrx_word' id='word_1_312' title='bbox 3509 1590 3589 1642; x_wconf 69' lang='grc' dir='ltr'><strong>καὶ</strong></span> <span class='ocrx_word' id='word_1_313' title='bbox 3619 1593 3692 1660; x_wconf 80' lang='grc' dir='ltr'><strong>ρν-</strong></span> 
     </span>
    </p>
   </div>
   <div class='ocr_carea' id='block_1_45' title="bbox 2173 1677 3689 1752">
    <p class='ocr_par' dir='ltr' id='par_1_45' title="bbox 2173 1677 3689 1752">
     <span class='ocr_line' id='line_1_45' title="bbox 2173 1677 3689 1752; baseline 0.003 -21"><span class='ocrx_word' id='word_1_314' title='bbox 2173 1678 2326 1741; x_wconf 84' lang='grc' dir='ltr'><strong>τίδας</strong></span> <span class='ocrx_word' id='word_1_315' title='bbox 2391 1677 2466 1746; x_wconf 81' lang='grc' dir='ltr'><strong>μὴ</strong></span> <span class='ocrx_word' id='word_1_316' title='bbox 2519 1677 2681 1747; x_wconf 70' lang='grc' dir='ltr'><strong>ἔχων,</strong></span> <span class='ocrx_word' id='word_1_317' title='bbox 2724 1680 2817 1733; x_wconf 76' lang='grc' dir='ltr'><strong>καὶ</strong></span> <span class='ocrx_word' id='word_1_318' title='bbox 2868 1680 3338 1750; x_wconf 79' lang='grc' dir='ltr'><strong>ύγιεινόςοταῦτα</strong></span> <span class='ocrx_word' id='word_1_319' title='bbox 3366 1680 3468 1752; x_wconf 84' lang='grc' dir='ltr'><strong>γὰρ</strong></span> <span class='ocrx_word' id='word_1_320' title='bbox 3495 1681 3689 1736; x_wconf 63' lang='lat' dir='ltr'><strong>uetita.&quot;</strong></span> 
     </span>
    </p>
   </div>
   <div class='ocr_carea' id='block_1_46' title="bbox 2175 1768 2319 1822">
    <p class='ocr_par' dir='ltr' id='par_1_46' title="bbox 2175 1768 2319 1822">
     <span class='ocr_line' id='line_1_46' title="bbox 2175 1768 2319 1822; baseline 0.028 -4"><span class='ocrx_word' id='word_1_321' title='bbox 2175 1768 2319 1822; x_wconf 83' lang='grc' dir='ltr'><strong>νέου.</strong></span> 
     </span>
    </p>
   </div>
   <div class='ocr_carea' id='block_1_47' title="bbox 2103 1814 3692 1933">
    <p class='ocr_par' dir='ltr' id='par_1_47' title="bbox 2103 1814 3692 1933">
     <span class='ocr_line' id='line_1_47' title="bbox 2103 1814 3692 1933; baseline 0.003 -20"><span class='ocrx_word' id='word_1_322' title='bbox 2103 1814 2145 1870; x_wconf 75' lang='grc' dir='ltr'><strong>Β</strong></span> <span class='ocrx_word' id='word_1_323' title='bbox 2250 1879 2269 1913; x_wconf 84' lang='lat' dir='ltr'><strong>t</strong></span> <span class='ocrx_word' id='word_1_324' title='bbox 2307 1860 2412 1916; x_wconf 82' lang='grc' dir='ltr'><strong>Τὸν</strong></span> <span class='ocrx_word' id='word_1_325' title='bbox 2462 1861 2604 1917; x_wconf 83' lang='grc' dir='ltr'><strong>κατὰ</strong></span> <span class='ocrx_word' id='word_1_326' title='bbox 2660 1860 2793 1915; x_wconf 79' lang='grc' dir='ltr'><strong>Θεὸν</strong></span> <span class='ocrx_word' id='word_1_327' title='bbox 2858 1859 3150 1914; x_wconf 75' lang='grc' dir='ltr'><strong>κτισθέντα</strong></span> <span class='ocrx_word' id='word_1_328' title='bbox 3193 1862 3255 1914; x_wconf 84' lang='grc' dir='ltr'><strong>ἐν</strong></span> <span class='ocrx_word' id='word_1_329' title='bbox 3302 1861 3593 1933; x_wconf 78' lang='grc' dir='ltr'><strong>δικαιοσύνῃ</strong></span> <span class='ocrx_word' id='word_1_330' title='bbox 3618 1867 3692 1917; x_wconf 73' lang='grc' dir='ltr'><strong>καί</strong></span> 
     </span>
    </p>
   </div>
   <div class='ocr_carea' id='block_1_48' title="bbox 2170 1946 3690 2026">
    <p class='ocr_par' dir='ltr' id='par_1_48' title="bbox 2170 1946 3690 2026">
     <span class='ocr_line' id='line_1_48' title="bbox 2170 1946 3690 2026; baseline 0.003 -19"><span class='ocrx_word' id='word_1_331' title='bbox 2170 1954 2411 2025; x_wconf 80' lang='grc' dir='ltr'><strong>ὁσιότητι</strong></span> <span class='ocrx_word' id='word_1_332' title='bbox 2438 1954 2541 2024; x_wconf 85' lang='grc' dir='ltr'><strong>τῆς</strong></span> <span class='ocrx_word' id='word_1_333' title='bbox 2568 1953 2831 2025; x_wconf 77' lang='grc' dir='ltr'><strong>ἀληθείας</strong></span> <span class='ocrx_word' id='word_1_334' title='bbox 2854 1952 2923 2008; x_wconf 85' lang='grc'><strong>⁶¹.</strong></span> <span class='ocrx_word' id='word_1_335' title='bbox 2960 1973 2982 2003; x_wconf 78' lang='grc' dir='ltr'><strong>ι</strong></span> <span class='ocrx_word' id='word_1_336' title='bbox 3022 1946 3217 2018; x_wconf 73' lang='grc' dir='ltr'><strong>Οὗτος,</strong></span> <span class='ocrx_word' id='word_1_337' title='bbox 3251 1954 3433 2024; x_wconf 66' lang='grc' dir='ltr'><strong>φησιν,</strong></span> <span class='ocrx_word' id='word_1_338' title='bbox 3464 1957 3489 2008; x_wconf 85' lang='grc' dir='ltr'><strong>ό</strong></span> <span class='ocrx_word' id='word_1_339' title='bbox 3520 1955 3690 2026; x_wconf 69' lang='grc' dir='ltr'><strong>ἄνθρωο</strong></span> 
     </span>
    </p>
   </div>
   <div class='ocr_carea' id='block_1_49' title="bbox 2169 2044 3689 2115">
    <p class='ocr_par' dir='ltr' id='par_1_49' title="bbox 2169 2044 3689 2115">
     <span class='ocr_line' id='line_1_49' title="bbox 2169 2044 3689 2115; baseline 0.003 -17"><span class='ocrx_word' id='word_1_340' title='bbox 2169 2062 2271 2110; x_wconf 83' lang='grc' dir='ltr'><strong>πος</strong></span> <span class='ocrx_word' id='word_1_341' title='bbox 2326 2046 2574 2115; x_wconf 84' lang='grc' dir='ltr'><strong>ἐκτίσθη,</strong></span> <span class='ocrx_word' id='word_1_342' title='bbox 2602 2047 2663 2099; x_wconf 86' lang='grc' dir='ltr'><strong>ού</strong></span> <span class='ocrx_word' id='word_1_343' title='bbox 2714 2045 2856 2099; x_wconf 86' lang='grc' dir='ltr'><strong>κατὰ</strong></span> <span class='ocrx_word' id='word_1_344' title='bbox 2897 2044 2995 2108; x_wconf 88' lang='grc' dir='ltr'><strong>τὰς</strong></span> <span class='ocrx_word' id='word_1_345' title='bbox 3020 2046 3341 2115; x_wconf 82' lang='grc' dir='ltr'><strong>ἐπιθυμίας,</strong></span> <span class='ocrx_word' id='word_1_346' title='bbox 3374 2045 3500 2101; x_wconf 74' lang='grc' dir='ltr'><strong>ἀλλά</strong></span> <span class='ocrx_word' id='word_1_347' title='bbox 3531 2067 3547 2099; x_wconf 78' lang='grc' dir='ltr'><strong>ι</strong></span> <span class='ocrx_word' id='word_1_348' title='bbox 3576 2049 3689 2103; x_wconf 65' lang='grc' dir='ltr'><strong>κατὰ</strong></span> 
     </span>
    </p>
   </div>
   <div class='ocr_carea' id='block_1_50' title="bbox 2168 2134 3691 2212">
    <p class='ocr_par' dir='ltr' id='par_1_50' title="bbox 2168 2134 3691 2212">
     <span class='ocr_line' id='line_1_50' title="bbox 2168 2134 3691 2212; baseline 0.001 -21"><span class='ocrx_word' id='word_1_349' title='bbox 2168 2137 2302 2191; x_wconf 85' lang='grc' dir='ltr'><strong>Θεόν</strong></span> <span class='ocrx_word' id='word_1_350' title='bbox 2323 2154 2337 2168; x_wconf 91' lang='grc'><strong>·</strong></span> <span class='ocrx_word' id='word_1_351' title='bbox 2370 2157 2389 2189; x_wconf 81' lang='grc' dir='ltr'><strong>ι</strong></span> <span class='ocrx_word' id='word_1_352' title='bbox 2418 2138 2720 2200; x_wconf 72' lang='grc' dir='ltr'><strong>τουτέστιν,</strong></span> <span class='ocrx_word' id='word_1_353' title='bbox 2746 2137 2853 2192; x_wconf 77' lang='grc' dir='ltr'><strong>ὑπὸ</strong></span> <span class='ocrx_word' id='word_1_354' title='bbox 2891 2137 3027 2191; x_wconf 83' lang='grc' dir='ltr'><strong>Θεοῦ</strong></span> <span class='ocrx_word' id='word_1_355' title='bbox 3057 2137 3238 2192; x_wconf 82' lang='grc' dir='ltr'><strong>κτίσιν</strong></span> <span class='ocrx_word' id='word_1_356' title='bbox 3276 2139 3537 2207; x_wconf 83' lang='grc' dir='ltr'><strong>τοιαύτην,</strong></span> <span class='ocrx_word' id='word_1_357' title='bbox 3569 2134 3691 2212; x_wconf 55' lang='lat' dir='ltr'><strong>ﬁed-</strong></span> 
     </span>
    </p>
   </div>
   <div class='ocr_carea' id='block_1_51' title="bbox 2168 2227 3689 2301">
    <p class='ocr_par' dir='ltr' id='par_1_51' title="bbox 2168 2227 3689 2301">
     <span class='ocr_line' id='line_1_51' title="bbox 2168 2227 3689 2301; baseline 0.001 -19"><span class='ocrx_word' id='word_1_358' title='bbox 2168 2232 2480 2301; x_wconf 83' lang='grc' dir='ltr'><strong>αρεστεϊται</strong></span> <span class='ocrx_word' id='word_1_359' title='bbox 2495 2230 2647 2292; x_wconf 76' lang='grc' dir='ltr'><strong>θεὸς,</strong></span> <span class='ocrx_word' id='word_1_360' title='bbox 2680 2232 2737 2283; x_wconf 85' lang='grc' dir='ltr'><strong>ἐν</strong></span> <span class='ocrx_word' id='word_1_361' title='bbox 2765 2232 2830 2300; x_wconf 79' lang='grc' dir='ltr'><strong>τῇ</strong></span> <span class='ocrx_word' id='word_1_362' title='bbox 2851 2228 3229 2301; x_wconf 73' lang='grc' dir='ltr'><strong>κολυμϐήθρᾳ,</strong></span> <span class='ocrx_word' id='word_1_363' title='bbox 3250 2230 3351 2283; x_wconf 73' lang='grc' dir='ltr'><strong>οὐκ</strong></span> <span class='ocrx_word' id='word_1_364' title='bbox 3367 2227 3423 2294; x_wconf 81' lang='grc' dir='ltr'><strong>ἐξ</strong></span> <span class='ocrx_word' id='word_1_365' title='bbox 3438 2229 3602 2292; x_wconf 80' lang='grc' dir='ltr'><strong>ὓδατος</strong></span> <span class='ocrx_word' id='word_1_366' title='bbox 3617 2231 3689 2284; x_wconf 75' lang='grc' dir='ltr'><strong>καὶ</strong></span> 
     </span>
    </p>
   </div>
   <div class='ocr_carea' id='block_1_52' title="bbox 2171 2320 3686 2394">
    <p class='ocr_par' dir='ltr' id='par_1_52' title="bbox 2171 2320 3686 2394">
     <span class='ocr_line' id='line_1_52' title="bbox 2171 2320 3686 2394; baseline 0.001 -19"><span class='ocrx_word' id='word_1_367' title='bbox 2171 2323 2296 2392; x_wconf 85' lang='grc' dir='ltr'><strong>γῆς,</strong></span> <span class='ocrx_word' id='word_1_368' title='bbox 2331 2321 2446 2374; x_wconf 82' lang='grc' dir='ltr'><strong>ἀλλ’</strong></span> <span class='ocrx_word' id='word_1_369' title='bbox 2485 2340 2504 2374; x_wconf 83' lang='lat' dir='ltr'><strong>t</strong></span> <span class='ocrx_word' id='word_1_370' title='bbox 2543 2323 2601 2373; x_wconf 89' lang='grc' dir='ltr'><strong>ἐν</strong></span> <span class='ocrx_word' id='word_1_371' title='bbox 2620 2320 2935 2394; x_wconf 74' lang='grc' dir='ltr'><strong>δικαιοσύνῃ</strong></span> <span class='ocrx_word' id='word_1_372' title='bbox 2958 2323 3051 2382; x_wconf 63' lang='grc' dir='ltr'><strong>καὶ</strong></span> <span class='ocrx_word' id='word_1_373' title='bbox 3074 2321 3336 2392; x_wconf 79' lang='grc' dir='ltr'><strong>ὁσιότητι.</strong></span> <span class='ocrx_word' id='word_1_374' title='bbox 3366 2341 3383 2374; x_wconf 73' lang='grc' dir='ltr'><strong>ι</strong></span> <span class='ocrx_word' id='word_1_375' title='bbox 3413 2323 3578 2377; x_wconf 77' lang='grc' dir='ltr'><strong>Ταῦτα</strong></span> <span class='ocrx_word' id='word_1_376' title='bbox 3603 2325 3686 2394; x_wconf 68' lang='grc' dir='ltr'><strong>γὰρ</strong></span> 
     </span>
    </p>
   </div>
   <div class='ocr_carea' id='block_1_53' title="bbox 2168 2409 3687 2482">
    <p class='ocr_par' dir='ltr' id='par_1_53' title="bbox 2168 2409 3687 2482">
     <span class='ocr_line' id='line_1_53' title="bbox 2168 2409 3687 2482; baseline 0.001 -18"><span class='ocrx_word' id='word_1_377' title='bbox 2168 2412 2202 2482; x_wconf 79' lang='grc' dir='ltr'>ὴ</span> <span class='ocrx_word' id='word_1_378' title='bbox 2231 2411 2386 2465; x_wconf 89' lang='grc' dir='ltr'><strong>ούσία</strong></span> <span class='ocrx_word' id='word_1_379' title='bbox 2416 2409 2513 2464; x_wconf 81' lang='grc' dir='ltr'><strong>τοῦ</strong></span> <span class='ocrx_word' id='word_1_380' title='bbox 2541 2410 2783 2463; x_wconf 84' lang='grc' dir='ltr'><strong>τοιούτου</strong></span> <span class='ocrx_word' id='word_1_381' title='bbox 2814 2409 3128 2479; x_wconf 83' lang='grc' dir='ltr'><strong>ἀνθρώπου.</strong></span> <span class='ocrx_word' id='word_1_382' title='bbox 3160 2410 3481 2480; x_wconf 83' lang='grc' dir='ltr'><strong>Δικαιοσύνη</strong></span> <span class='ocrx_word' id='word_1_383' title='bbox 3510 2411 3594 2481; x_wconf 74' lang='grc' dir='ltr'><strong>μὲν</strong></span> <span class='ocrx_word' id='word_1_384' title='bbox 3616 2410 3687 2467; x_wconf 73' lang='grc' dir='ltr'><strong>οὖν</strong></span> 
     </span>
    </p>
   </div>
   <div class='ocr_carea' id='block_1_54' title="bbox 2167 2499 3687 2571">
    <p class='ocr_par' dir='ltr' id='par_1_54' title="bbox 2167 2499 3687 2571">
     <span class='ocr_line' id='line_1_54' title="bbox 2167 2499 3687 2571; baseline -0.001 -16"><span class='ocrx_word' id='word_1_385' title='bbox 2167 2504 2312 2571; x_wconf 59' lang='grc' dir='ltr'><strong>ἐστιν</strong></span> <span class='ocrx_word' id='word_1_386' title='bbox 2333 2504 2366 2571; x_wconf 83' lang='grc' dir='ltr'>ἡ</span> <span class='ocrx_word' id='word_1_387' title='bbox 2396 2501 2626 2556; x_wconf 85' lang='grc' dir='ltr'><strong>καθόλου</strong></span> <span class='ocrx_word' id='word_1_388' title='bbox 2663 2500 2854 2571; x_wconf 79' lang='grc' dir='ltr'><strong>ἁρετὴ,</strong></span> <span class='ocrx_word' id='word_1_389' title='bbox 2895 2499 3083 2571; x_wconf 77' lang='grc' dir='ltr'><strong>ὥσπερ</strong></span> <span class='ocrx_word' id='word_1_390' title='bbox 3106 2501 3203 2553; x_wconf 80' lang='grc' dir='ltr'><strong>καὶ</strong></span> <span class='ocrx_word' id='word_1_391' title='bbox 3229 2499 3494 2571; x_wconf 73' lang='grc' dir='ltr'><strong>εἰώθαμεν</strong></span> <span class='ocrx_word' id='word_1_392' title='bbox 3521 2500 3687 2553; x_wconf 78' lang='grc' dir='ltr'><strong>δίκαιον</strong></span> 
     </span>
    </p>
   </div>
   <div class='ocr_carea' id='block_1_55' title="bbox 2165 2560 3688 2666">
    <p class='ocr_par' dir='ltr' id='par_1_55' title="bbox 2165 2560 3688 2666">
     <span class='ocr_line' id='line_1_55' title="bbox 2165 2560 3688 2666; baseline 0 -18"><span class='ocrx_word' id='word_1_393' title='bbox 2165 2560 2458 2666; x_wconf 47' lang='grc' dir='ltr'><strong>ὁξομάξειν</strong></span> <span class='ocrx_word' id='word_1_394' title='bbox 2501 2595 2597 2647; x_wconf 84' lang='grc' dir='ltr'><strong>τὸν</strong></span> <span class='ocrx_word' id='word_1_395' title='bbox 2646 2560 3030 2665; x_wconf 70' lang='grc' dir='ltr'><strong>ἀνεπίληπτον.</strong></span> <span class='ocrx_word' id='word_1_396' title='bbox 3054 2560 3171 2648; x_wconf 62' lang='lat' dir='ltr'><strong>kal</strong></span> <span class='ocrx_word' id='word_1_397' title='bbox 3201 2596 3232 2645; x_wconf 82' lang='grc' dir='ltr'><em>ὁ</em></span> <span class='ocrx_word' id='word_1_398' title='bbox 3259 2560 3460 2662; x_wconf 72' lang='grc' dir='ltr'><strong>Κύριος</strong></span> <span class='ocrx_word' id='word_1_399' title='bbox 3482 2611 3498 2625; x_wconf 89' lang='grc'><strong>·</strong></span> <span class='ocrx_word' id='word_1_400' title='bbox 3530 2613 3546 2643; x_wconf 74' lang='lat' dir='ltr'><strong>r</strong></span> <span class='ocrx_word' id='word_1_401' title='bbox 3591 2594 3688 2648; x_wconf 73' lang='grc' dir='ltr'><strong>Ἐὰν</strong></span> 
     </span>
    </p>
   </div>
   <div class='ocr_carea' id='block_1_56' title="bbox 2170 2684 3689 2758">
    <p class='ocr_par' dir='ltr' id='par_1_56' title="bbox 2170 2684 3689 2758">
     <span class='ocr_line' id='line_1_56' title="bbox 2170 2684 3689 2758; baseline 0.001 -20"><span class='ocrx_word' id='word_1_402' title='bbox 2170 2688 2247 2758; x_wconf 82' lang='grc' dir='ltr'><strong>μὴ</strong></span> <span class='ocrx_word' id='word_1_403' title='bbox 2281 2685 2615 2757; x_wconf 80' lang='grc' dir='ltr'><strong>περισσεύσῃ</strong></span> <span class='ocrx_word' id='word_1_404' title='bbox 2652 2686 2685 2756; x_wconf 78' lang='grc' dir='ltr'><strong>ἡ</strong></span> <span class='ocrx_word' id='word_1_405' title='bbox 2715 2684 3030 2755; x_wconf 77' lang='grc' dir='ltr'><strong>δικαιοσύνη</strong></span> <span class='ocrx_word' id='word_1_406' title='bbox 3069 2685 3228 2754; x_wconf 84' lang='grc' dir='ltr'><strong>ὑμῶν</strong></span> <span class='ocrx_word' id='word_1_407' title='bbox 3268 2686 3448 2740; x_wconf 75' lang='grc' dir='ltr'><strong>πλεῖον</strong></span> <span class='ocrx_word' id='word_1_408' title='bbox 3488 2686 3689 2743; x_wconf 62' lang='lat' dir='ltr'><strong>nimba-</strong></span> 
     </span>
    </p>
   </div>
   <div class='ocr_carea' id='block_1_57' title="bbox 2170 2778 3686 2851">
    <p class='ocr_par' dir='ltr' id='par_1_57' title="bbox 2170 2778 3686 2851">
     <span class='ocr_line' id='line_1_57' title="bbox 2170 2778 3686 2851; baseline 0.001 -18"><span class='ocrx_word' id='word_1_409' title='bbox 2170 2782 2396 2851; x_wconf 86' lang='grc' dir='ltr'><strong>ρισαίων</strong></span> <span class='ocrx_word' id='word_1_410' title='bbox 2421 2780 2468 2812; x_wconf 84' lang='grc'><strong>⁸³</strong></span> <span class='ocrx_word' id='word_1_411' title='bbox 2487 2797 2501 2810; x_wconf 68' lang='grc'><strong>⁸</strong></span> <span class='ocrx_word' id='word_1_412' title='bbox 2538 2798 2559 2833; x_wconf 72' lang='grc' dir='ltr'><strong>ι</strong></span> <span class='ocrx_word' id='word_1_413' title='bbox 2601 2780 2699 2851; x_wconf 81' lang='grc' dir='ltr'><strong>τὴν</strong></span> <span class='ocrx_word' id='word_1_414' title='bbox 2728 2780 2836 2849; x_wconf 82' lang='grc' dir='ltr'><strong>γὰρ</strong></span> <span class='ocrx_word' id='word_1_415' title='bbox 2864 2780 3044 2832; x_wconf 78' lang='grc' dir='ltr'><strong>πᾶσαν</strong></span> <span class='ocrx_word' id='word_1_416' title='bbox 3066 2781 3272 2849; x_wconf 77' lang='grc' dir='ltr'><strong>ἀρετὴν</strong></span> <span class='ocrx_word' id='word_1_417' title='bbox 3294 2778 3517 2833; x_wconf 80' lang='grc' dir='ltr'><strong>ἐνταῦθά</strong></span> <span class='ocrx_word' id='word_1_418' title='bbox 3536 2795 3686 2848; x_wconf 76' lang='grc' dir='ltr'><strong>φησιν.</strong></span> 
     </span>
    </p>
   </div>
   <div class='ocr_carea' id='block_1_58' title="bbox 2176 2871 3688 2945">
    <p class='ocr_par' dir='ltr' id='par_1_58' title="bbox 2176 2871 3688 2945">
     <span class='ocr_line' id='line_1_58' title="bbox 2176 2871 3688 2945; baseline -0.002 -19"><span class='ocrx_word' id='word_1_419' title='bbox 2176 2871 2424 2944; x_wconf 80' lang='grc' dir='ltr'><strong>Ὀσιότης</strong></span> <span class='ocrx_word' id='word_1_420' title='bbox 2443 2874 2499 2926; x_wconf 75' lang='grc' dir='ltr'><strong>δέ</strong></span> <span class='ocrx_word' id='word_1_421' title='bbox 2542 2875 2575 2945; x_wconf 76' lang='grc' dir='ltr'>ἡ</span> <span class='ocrx_word' id='word_1_422' title='bbox 2608 2871 2942 2943; x_wconf 78' lang='grc' dir='ltr'><strong>καθαρότης,</strong></span> <span class='ocrx_word' id='word_1_423' title='bbox 2984 2871 3170 2925; x_wconf 75' lang='grc' dir='ltr'><strong>καὶτὸ</strong></span> <span class='ocrx_word' id='word_1_424' title='bbox 3210 2871 3497 2942; x_wconf 79' lang='grc' dir='ltr'><strong>πληρῶσαι</strong></span> <span class='ocrx_word' id='word_1_425' title='bbox 3535 2874 3625 2925; x_wconf 83' lang='grc' dir='ltr'><strong>πᾶν</strong></span> <span class='ocrx_word' id='word_1_426' title='bbox 3642 2873 3688 2923; x_wconf 67' lang='grc' dir='ltr'><strong>τὸ</strong></span> 
     </span>
    </p>
   </div>
   <div class='ocr_carea' id='block_1_59' title="bbox 2164 2962 3685 3039">
    <p class='ocr_par' dir='ltr' id='par_1_59' title="bbox 2164 2962 3685 3039">
     <span class='ocr_line' id='line_1_59' title="bbox 2164 2962 3685 3039; baseline -0.003 -22"><span class='ocrx_word' id='word_1_427' title='bbox 2164 2965 2516 3035; x_wconf 77' lang='grc' dir='ltr'><strong>ὀφειλόμενον</strong></span> <span class='ocrx_word' id='word_1_428' title='bbox 2544 2980 2559 3001; x_wconf 78' lang='grc' dir='ltr'><strong><em>ο</em></strong></span> <span class='ocrx_word' id='word_1_429' title='bbox 2596 2964 2731 3018; x_wconf 84' lang='grc' dir='ltr'><strong>καθὸ</strong></span> <span class='ocrx_word' id='word_1_430' title='bbox 2771 2965 3003 3034; x_wconf 80' lang='grc' dir='ltr'><strong>λέγομεν</strong></span> <span class='ocrx_word' id='word_1_431' title='bbox 3050 2963 3143 3016; x_wconf 81' lang='grc' dir='ltr'><strong>καὶ</strong></span> <span class='ocrx_word' id='word_1_432' title='bbox 3199 2965 3296 3016; x_wconf 76' lang='grc' dir='ltr'><strong>ἐπὶ</strong></span> <span class='ocrx_word' id='word_1_433' title='bbox 3349 2962 3453 3017; x_wconf 83' lang='grc' dir='ltr'><strong>τῶν</strong></span> <span class='ocrx_word' id='word_1_434' title='bbox 3500 2963 3685 3039; x_wconf 63' lang='grc' dir='ltr'><strong>νεκρῶν,</strong></span> 
     </span>
    </p>
   </div>
   <div class='ocr_carea' id='block_1_60' title="bbox 2165 3055 3687 3128">
    <p class='ocr_par' dir='ltr' id='par_1_60' title="bbox 2165 3055 3687 3128">
     <span class='ocr_line' id='line_1_60' title="bbox 2165 3055 3687 3128; baseline -0.003 -17"><span class='ocrx_word' id='word_1_435' title='bbox 2165 3060 2265 3128; x_wconf 75' lang='grc' dir='ltr'><strong>τὴν</strong></span> <span class='ocrx_word' id='word_1_436' title='bbox 2321 3058 2496 3123; x_wconf 79' lang='grc' dir='ltr'><strong>ὁσίαν,</strong></span> <span class='ocrx_word' id='word_1_437' title='bbox 2556 3059 2687 3111; x_wconf 82' lang='grc' dir='ltr'><strong>ὅταν</strong></span> <span class='ocrx_word' id='word_1_438' title='bbox 2756 3072 2839 3120; x_wconf 82' lang='grc' dir='ltr'><strong>τις</strong></span> <span class='ocrx_word' id='word_1_439' title='bbox 2892 3056 2962 3109; x_wconf 79' lang='grc' dir='ltr'><strong>τὰ</strong></span> <span class='ocrx_word' id='word_1_440' title='bbox 3018 3055 3346 3126; x_wconf 46' lang='grc' dir='ltr'><strong>ὀρειλόμενα</strong></span> <span class='ocrx_word' id='word_1_441' title='bbox 3405 3055 3487 3108; x_wconf 79' lang='grc' dir='ltr'><strong>ἐπ’</strong></span> <span class='ocrx_word' id='word_1_442' title='bbox 3534 3056 3687 3114; x_wconf 79' lang='grc' dir='ltr'><strong>αὐτοῖς</strong></span> 
     </span>
    </p>
   </div>
   <div class='ocr_carea' id='block_1_61' title="bbox 497 3132 2066 3222">
    <p class='ocr_par' dir='ltr' id='par_1_61' title="bbox 497 3132 2062 3211">
     <span class='ocr_line' id='line_1_61' title="bbox 497 3132 2062 3211; baseline 0.004 -26"><span class='ocrx_word' id='word_1_443' title='bbox 497 3134 627 3200; x_wconf 88' lang='lat' dir='ltr'><strong>bita,</strong></span> <span class='ocrx_word' id='word_1_444' title='bbox 666 3135 778 3189; x_wconf 90' lang='lat' dir='ltr'><strong>sive</strong></span> <span class='ocrx_word' id='word_1_445' title='bbox 814 3132 953 3193; x_wconf 83' lang='lat' dir='ltr'><strong>iusta</strong></span> <span class='ocrx_word' id='word_1_446' title='bbox 988 3135 1051 3191; x_wconf 90' lang='lat' dir='ltr'><strong>iis</strong></span> <span class='ocrx_word' id='word_1_447' title='bbox 1096 3139 1452 3207; x_wconf 75' lang='lat' dir='ltr'><strong>persolverit:</strong></span> <span class='ocrx_word' id='word_1_448' title='bbox 1485 3146 1561 3206; x_wconf 90' lang='lat' dir='ltr'><strong>et,</strong></span> <span class='ocrx_word' id='word_1_449' title='bbox 1606 3140 2062 3211; x_wconf 67' lang='lat' dir='ltr'><strong>‘Acpwatwadpqv,</strong></span> 
     </span>
    </p>
   </div>
   <div class='ocr_carea' id='block_1_62' title="bbox 2168 3132 3687 3222">
    <p class='ocr_par' dir='ltr' id='par_1_62' title="bbox 2170 3147 3687 3220">
     <span class='ocr_line' id='line_1_62' title="bbox 2170 3147 3687 3220; baseline -0.003 -19"><span class='ocrx_word' id='word_1_450' title='bbox 2170 3147 2440 3220; x_wconf 80' lang='grc' dir='ltr'><strong>πληρώσῃ</strong></span> <span class='ocrx_word' id='word_1_451' title='bbox 2465 3148 2534 3215; x_wconf 68' lang='grc'><strong>⁸⁵,</strong></span> <span class='ocrx_word' id='word_1_452' title='bbox 2567 3153 2664 3202; x_wconf 81' lang='grc' dir='ltr'><strong>καὶ</strong></span> <span class='ocrx_word' id='word_1_453' title='bbox 2683 3149 2763 3214; x_wconf 79' lang='grc' dir='ltr'><strong>τὸ,</strong></span> <span class='ocrx_word' id='word_1_454' title='bbox 2781 3147 3239 3219; x_wconf 72' lang='grc' dir='ltr'><strong>Ἀφωσιωσάμην.</strong></span> <span class='ocrx_word' id='word_1_455' title='bbox 3290 3147 3437 3200; x_wconf 73' lang='grc' dir='ltr'><strong>Ἐπεὶ</strong></span> <span class='ocrx_word' id='word_1_456' title='bbox 3463 3147 3512 3199; x_wconf 74' lang='grc' dir='ltr'><strong>δὲ</strong></span> <span class='ocrx_word' id='word_1_457' title='bbox 3544 3148 3622 3197; x_wconf 71' lang='grc' dir='ltr'><strong>καὶ</strong></span> <span class='ocrx_word' id='word_1_458' title='bbox 3644 3148 3687 3197; x_wconf 75' lang='grc' dir='ltr'><strong>ἐν</strong></span> 
     </span>
    </p>
   </div>
   <div class='ocr_carea' id='block_1_63' title="bbox 496 3226 2064 3298">
    <p class='ocr_par' dir='ltr' id='par_1_63' title="bbox 496 3226 2064 3298">
     <span class='ocr_line' id='line_1_63' title="bbox 496 3226 2064 3298; baseline 0.005 -18"><span class='ocrx_word' id='word_1_459' title='bbox 496 3226 599 3281; x_wconf 90' lang='lat' dir='ltr'><strong>hoc</strong></span> <span class='ocrx_word' id='word_1_460' title='bbox 629 3236 733 3294; x_wconf 90' lang='lat' dir='ltr'><strong>est,</strong></span> <span class='ocrx_word' id='word_1_461' title='bbox 783 3228 1156 3298; x_wconf 84' lang='lat' dir='ltr'><strong>Expiationem</strong></span> <span class='ocrx_word' id='word_1_462' title='bbox 1204 3228 1327 3285; x_wconf 80' lang='lat' dir='ltr'><strong>feci.</strong></span> <span class='ocrx_word' id='word_1_463' title='bbox 1374 3232 1508 3298; x_wconf 88' lang='lat' dir='ltr'><strong>Quia</strong></span> <span class='ocrx_word' id='word_1_464' title='bbox 1548 3246 1674 3287; x_wconf 83' lang='lat' dir='ltr'><strong>vero</strong></span> <span class='ocrx_word' id='word_1_465' title='bbox 1703 3242 1757 3286; x_wconf 90' lang='lat' dir='ltr'><strong>et</strong></span> <span class='ocrx_word' id='word_1_466' title='bbox 1797 3233 1848 3286; x_wconf 90' lang='lat' dir='ltr'><strong>in</strong></span> <span class='ocrx_word' id='word_1_467' title='bbox 1882 3232 2064 3288; x_wconf 76' lang='lat' dir='ltr'><strong>Veteri</strong></span> 
     </span>
    </p>
   </div>
   <div class='ocr_carea' id='block_1_64' title="bbox 495 3318 2068 3394">
    <p class='ocr_par' dir='ltr' id='par_1_64' title="bbox 495 3318 2068 3394">
     <span class='ocr_line' id='line_1_64' title="bbox 495 3318 2068 3394; baseline 0.006 -23"><span class='ocrx_word' id='word_1_468' title='bbox 495 3318 841 3375; x_wconf 84' lang='lat' dir='ltr'><strong>Testamento</strong></span> <span class='ocrx_word' id='word_1_469' title='bbox 879 3321 1091 3390; x_wconf 86' lang='lat' dir='ltr'><strong>jttstitia</strong></span> <span class='ocrx_word' id='word_1_470' title='bbox 1143 3322 1448 3388; x_wconf 84' lang='lat' dir='ltr'><strong>dicebatur,</strong></span> <span class='ocrx_word' id='word_1_471' title='bbox 1496 3324 1642 3379; x_wconf 87' lang='lat' dir='ltr'><strong>illaut</strong></span> <span class='ocrx_word' id='word_1_472' title='bbox 1691 3326 1850 3394; x_wconf 86' lang='lat' dir='ltr'><strong>hujus</strong></span> <span class='ocrx_word' id='word_1_473' title='bbox 1899 3324 2068 3380; x_wconf 77' lang='lat' dir='ltr'><strong>fuisse</strong></span> 
     </span>
    </p>
   </div>
   <div class='ocr_carea' id='block_1_65' title="bbox 495 3410 2067 3481">
    <p class='ocr_par' dir='ltr' id='par_1_65' title="bbox 495 3410 2067 3481">
     <span class='ocr_line' id='line_1_65' title="bbox 495 3410 2067 3481; baseline 0.006 -20"><span class='ocrx_word' id='word_1_474' title='bbox 495 3410 720 3480; x_wconf 74' lang='lat' dir='ltr'><strong>liguram</strong></span> <span class='ocrx_word' id='word_1_475' title='bbox 771 3411 1024 3468; x_wconf 80' lang='lat' dir='ltr'><strong>aﬂirmat.</strong></span> <span class='ocrx_word' id='word_1_476' title='bbox 1072 3414 1187 3481; x_wconf 76' lang='lat' dir='ltr'><strong>Ego</strong></span> <span class='ocrx_word' id='word_1_477' title='bbox 1219 3426 1400 3470; x_wconf 84' lang='lat' dir='ltr'><strong>autem</strong></span> <span class='ocrx_word' id='word_1_478' title='bbox 1457 3415 1552 3469; x_wconf 91' lang='lat' dir='ltr'><strong>tibi</strong></span> <span class='ocrx_word' id='word_1_479' title='bbox 1607 3417 1676 3469; x_wconf 87' lang='lat' dir='ltr'><strong>de</strong></span> <span class='ocrx_word' id='word_1_480' title='bbox 1721 3416 1969 3471; x_wconf 84' lang='lat' dir='ltr'><strong>veritatis</strong></span> <span class='ocrx_word' id='word_1_481' title='bbox 2012 3425 2067 3471; x_wconf 91' lang='lat' dir='ltr'><strong>et</strong></span> 
     </span>
    </p>
   </div>
   <div class='ocr_carea' id='block_1_66' title="bbox 495 3490 2064 3580">
    <p class='ocr_par' dir='ltr' id='par_1_66' title="bbox 495 3490 2064 3580">
     <span class='ocr_line' id='line_1_66' title="bbox 495 3490 2064 3580; baseline 0.005 -24"><span class='ocrx_word' id='word_1_482' title='bbox 495 3490 774 3574; x_wconf 69' lang='lat' dir='ltr'><strong>Evangelii</strong></span> <span class='ocrx_word' id='word_1_483' title='bbox 826 3507 1040 3576; x_wconf 89' lang='lat' dir='ltr'><strong>justitia</strong></span> <span class='ocrx_word' id='word_1_484' title='bbox 1093 3508 1288 3578; x_wconf 81' lang='lat' dir='ltr'><strong>loquor</strong></span> <span class='ocrx_word' id='word_1_485' title='bbox 1347 3528 1359 3564; x_wconf 92' lang='lat'><strong>:</strong></span> <span class='ocrx_word' id='word_1_486' title='bbox 1409 3510 1492 3564; x_wconf 85' lang='lat' dir='ltr'><strong>vel</strong></span> <span class='ocrx_word' id='word_1_487' title='bbox 1554 3512 1605 3563; x_wconf 93' lang='lat' dir='ltr'><strong>in</strong></span> <span class='ocrx_word' id='word_1_488' title='bbox 1668 3511 2064 3580; x_wconf 85' lang='lat' dir='ltr'><strong>oppositionem</strong></span> 
     </span>
    </p>
   </div>
   <div class='ocr_carea' id='block_1_67' title="bbox 487 3600 2065 3671">
    <p class='ocr_par' dir='ltr' id='par_1_67' title="bbox 487 3600 2065 3671">
     <span class='ocr_line' id='line_1_67' title="bbox 487 3600 2065 3671; baseline 0.006 -21"><span class='ocrx_word' id='word_1_489' title='bbox 487 3600 712 3668; x_wconf 73' lang='lat' dir='ltr'><strong>jnstitiae</strong></span> <span class='ocrx_word' id='word_1_490' title='bbox 748 3601 1032 3667; x_wconf 67' lang='lat' dir='ltr'><strong>simulatae,</strong></span> <span class='ocrx_word' id='word_1_491' title='bbox 1059 3603 1326 3671; x_wconf 77' lang='lat' dir='ltr'><strong>justitiam</strong></span> <span class='ocrx_word' id='word_1_492' title='bbox 1359 3604 1602 3658; x_wconf 87' lang='lat' dir='ltr'><strong>veritatis</strong></span> <span class='ocrx_word' id='word_1_493' title='bbox 1644 3603 1803 3659; x_wconf 76' lang='lat' dir='ltr'><strong>dixit.</strong></span> <span class='ocrx_word' id='word_1_494' title='bbox 1841 3602 2065 3659; x_wconf 81' lang='lat' dir='ltr'><strong>Creatus</strong></span> 
     </span>
    </p>
   </div>
   <div class='ocr_carea' id='block_1_68' title="bbox 491 3694 2062 3766">
    <p class='ocr_par' dir='ltr' id='par_1_68' title="bbox 491 3694 2062 3766">
     <span class='ocr_line' id='line_1_68' title="bbox 491 3694 2062 3766; baseline 0.002 -21"><span class='ocrx_word' id='word_1_495' title='bbox 491 3700 573 3746; x_wconf 87' lang='lat' dir='ltr'><strong>cst</strong></span> <span class='ocrx_word' id='word_1_496' title='bbox 613 3694 826 3761; x_wconf 88' lang='lat' dir='ltr'><strong>quidem</strong></span> <span class='ocrx_word' id='word_1_497' title='bbox 865 3694 1024 3747; x_wconf 90' lang='lat' dir='ltr'><strong>homo</strong></span> <span class='ocrx_word' id='word_1_498' title='bbox 1067 3696 1169 3749; x_wconf 90' lang='lat' dir='ltr'><strong>iste</strong></span> <span class='ocrx_word' id='word_1_499' title='bbox 1200 3696 1255 3750; x_wconf 89' lang='lat' dir='ltr'><strong>in</strong></span> <span class='ocrx_word' id='word_1_500' title='bbox 1305 3695 1633 3764; x_wconf 87' lang='lat' dir='ltr'><strong>baptismate</strong></span> <span class='ocrx_word' id='word_1_501' title='bbox 1671 3710 1768 3766; x_wconf 91' lang='lat' dir='ltr'><strong>per</strong></span> <span class='ocrx_word' id='word_1_502' title='bbox 1792 3695 2062 3765; x_wconf 82' lang='lat' dir='ltr'><strong>justitiam</strong></span> 
     </span>
    </p>
   </div>
   <div class='ocr_carea' id='block_1_69' title="bbox 490 3784 2066 3854">
    <p class='ocr_par' dir='ltr' id='par_1_69' title="bbox 490 3784 2066 3854">
     <span class='ocr_line' id='line_1_69' title="bbox 490 3784 2066 3854; baseline 0.003 -18"><span class='ocrx_word' id='word_1_503' title='bbox 490 3793 543 3837; x_wconf 86' lang='lat' dir='ltr'><strong>et</strong></span> <span class='ocrx_word' id='word_1_504' title='bbox 583 3784 959 3838; x_wconf 81' lang='lat' dir='ltr'><strong>sanctitatem:</strong></span> <span class='ocrx_word' id='word_1_505' title='bbox 1001 3794 1217 3853; x_wconf 85' lang='lat' dir='ltr'><strong>oportet</strong></span> <span class='ocrx_word' id='word_1_506' title='bbox 1253 3796 1432 3839; x_wconf 89' lang='lat' dir='ltr'><strong>autem</strong></span> <span class='ocrx_word' id='word_1_507' title='bbox 1463 3786 1639 3854; x_wconf 90' lang='lat' dir='ltr'><strong>ipsum</strong></span> <span class='ocrx_word' id='word_1_508' title='bbox 1671 3795 1727 3843; x_wconf 91' lang='lat' dir='ltr'><strong>et</strong></span> <span class='ocrx_word' id='word_1_509' title='bbox 1774 3800 1915 3839; x_wconf 89' lang='lat' dir='ltr'><strong>nunc</strong></span> <span class='ocrx_word' id='word_1_510' title='bbox 1970 3801 2066 3854; x_wconf 86' lang='lat' dir='ltr'><strong>per</strong></span> 
     </span>
    </p>
   </div>
   <div class='ocr_carea' id='block_1_70' title="bbox 492 3876 2065 3943">
    <p class='ocr_par' dir='ltr' id='par_1_70' title="bbox 492 3876 2065 3943">
     <span class='ocr_line' id='line_1_70' title="bbox 492 3876 2065 3943; baseline 0.004 -17"><span class='ocrx_word' id='word_1_511' title='bbox 492 3877 656 3927; x_wconf 85' lang='lat' dir='ltr'><strong>vitam</strong></span> <span class='ocrx_word' id='word_1_512' title='bbox 705 3887 760 3929; x_wconf 89' lang='lat' dir='ltr'><strong>et</strong></span> <span class='ocrx_word' id='word_1_513' title='bbox 808 3891 970 3943; x_wconf 87' lang='lat' dir='ltr'><strong>opera</strong></span> <span class='ocrx_word' id='word_1_514' title='bbox 1004 3876 1250 3932; x_wconf 86' lang='lat' dir='ltr'><strong>induere.</strong></span> <span class='ocrx_word' id='word_1_515' title='bbox 1299 3877 1526 3942; x_wconf 84' lang='lat' dir='ltr'><strong>Quando</strong></span> <span class='ocrx_word' id='word_1_516' title='bbox 1560 3888 1740 3932; x_wconf 86' lang='lat' dir='ltr'><strong>autem</strong></span> <span class='ocrx_word' id='word_1_517' title='bbox 1793 3878 2065 3933; x_wconf 77' lang='lat' dir='ltr'><strong>audiveris</strong></span> 
     </span>
    </p>
   </div>
   <div class='ocr_carea' id='block_1_71' title="bbox 494 3963 2062 4037">
    <p class='ocr_par' dir='ltr' id='par_1_71' title="bbox 494 3963 2062 4037">
     <span class='ocr_line' id='line_1_71' title="bbox 494 3963 2062 4037; baseline 0.006 -24"><span class='ocrx_word' id='word_1_518' title='bbox 494 3963 736 4027; x_wconf 87' lang='lat' dir='ltr'><strong>induere,</strong></span> <span class='ocrx_word' id='word_1_519' title='bbox 768 3963 931 4036; x_wconf 66' lang='grc'><strong>402</strong></span> <span class='ocrx_word' id='word_1_520' title='bbox 980 3966 1051 4019; x_wconf 86' lang='lat' dir='ltr'><strong>ita</strong></span> <span class='ocrx_word' id='word_1_521' title='bbox 1088 3968 1325 4036; x_wconf 78' lang='lat' dir='ltr'><strong>intellige</strong></span> <span class='ocrx_word' id='word_1_522' title='bbox 1370 3977 1429 4022; x_wconf 92' lang='lat' dir='ltr'><strong>ut</strong></span> <span class='ocrx_word' id='word_1_523' title='bbox 1468 3983 1744 4037; x_wconf 85' lang='lat' dir='ltr'><strong>nunquam</strong></span> <span class='ocrx_word' id='word_1_524' title='bbox 1796 3969 2062 4037; x_wconf 87' lang='lat' dir='ltr'><strong>deponas;</strong></span> 
     </span>
    </p>
   </div>
   <div class='ocr_carea' id='block_1_72' title="bbox 491 4056 2063 4129">
    <p class='ocr_par' dir='ltr' id='par_1_72' title="bbox 491 4056 2063 4129">
     <span class='ocr_line' id='line_1_72' title="bbox 491 4056 2063 4129; baseline 0.004 -24"><span class='ocrx_word' id='word_1_525' title='bbox 491 4065 550 4106; x_wconf 90' lang='lat' dir='ltr'><strong>ut</strong></span> <span class='ocrx_word' id='word_1_526' title='bbox 607 4070 671 4108; x_wconf 91' lang='lat' dir='ltr'><strong>eo</strong></span> <span class='ocrx_word' id='word_1_527' title='bbox 713 4056 890 4109; x_wconf 86' lang='lat' dir='ltr'><strong>loco:</strong></span> <span class='ocrx_word' id='word_1_528' title='bbox 959 4074 978 4106; x_wconf 74' lang='grc' dir='ltr'><strong>ι</strong></span> <span class='ocrx_word' id='word_1_529' title='bbox 1023 4056 1206 4110; x_wconf 86' lang='lat' dir='ltr'><strong>Induit</strong></span> <span class='ocrx_word' id='word_1_530' title='bbox 1279 4058 1746 4125; x_wconf 86' lang='lat' dir='ltr'><strong>maledictiunem,</strong></span> <span class='ocrx_word' id='word_1_531' title='bbox 1809 4070 2063 4129; x_wconf 88' lang='lat' dir='ltr'><strong>tanquam</strong></span> 
     </span>
    </p>
   </div>
   <div class='ocr_carea' id='block_1_73' title="bbox 491 4143 2066 4211">
    <p class='ocr_par' dir='ltr' id='par_1_73' title="bbox 491 4143 2066 4211">
     <span class='ocr_line' id='line_1_73' title="bbox 491 4143 2066 4211; baseline 0.006 -16"><span class='ocrx_word' id='word_1_532' title='bbox 491 4145 713 4211; x_wconf 80' lang='lat' dir='ltr'><strong>pallium</strong></span> <span class='ocrx_word' id='word_1_533' title='bbox 746 4143 764 4183; x_wconf 85' lang='lat'>1</span> <span class='ocrx_word' id='word_1_534' title='bbox 794 4166 808 4199; x_wconf 81' lang='grc' dir='ltr'><strong>ι</strong></span> <span class='ocrx_word' id='word_1_535' title='bbox 844 4166 864 4198; x_wconf 74' lang='grc' dir='ltr'><strong>ι</strong></span> <span class='ocrx_word' id='word_1_536' title='bbox 893 4159 943 4201; x_wconf 84' lang='lat' dir='ltr'><strong>et</strong></span> <span class='ocrx_word' id='word_1_537' title='bbox 984 4168 1002 4201; x_wconf 77' lang='grc' dir='ltr'><strong>ι</strong></span> <span class='ocrx_word' id='word_1_538' title='bbox 1032 4150 1276 4203; x_wconf 84' lang='lat' dir='ltr'><strong>Amictus</strong></span> <span class='ocrx_word' id='word_1_539' title='bbox 1306 4150 1505 4203; x_wconf 87' lang='lat' dir='ltr'><strong>lumine</strong></span> <span class='ocrx_word' id='word_1_540' title='bbox 1525 4157 1586 4205; x_wconf 79' lang='grc'><strong>⁸.</strong></span> <span class='ocrx_word' id='word_1_541' title='bbox 1617 4169 1637 4203; x_wconf 78' lang='lat' dir='ltr'><strong>t</strong></span> <span class='ocrx_word' id='word_1_542' title='bbox 1668 4150 2066 4206; x_wconf 78' lang='lat' dir='ltr'><strong>Consuevitnus</strong></span> 
     </span>
    </p>
   </div>
   <div class='ocr_carea' id='block_1_74' title="bbox 493 4236 1431 4302">
    <p class='ocr_par' dir='ltr' id='par_1_74' title="bbox 493 4236 1431 4302">
     <span class='ocr_line' id='line_1_74' title="bbox 493 4236 1431 4302; baseline 0.009 -13"><span class='ocrx_word' id='word_1_543' title='bbox 493 4236 658 4289; x_wconf 66' lang='lat' dir='ltr'><strong>etiam</strong></span> <span class='ocrx_word' id='word_1_544' title='bbox 694 4236 895 4302; x_wconf 84' lang='lat' dir='ltr'><strong>dicere,</strong></span> <span class='ocrx_word' id='word_1_545' title='bbox 931 4238 1027 4292; x_wconf 82' lang='lat' dir='ltr'><strong>Hic</strong></span> <span class='ocrx_word' id='word_1_546' title='bbox 1056 4240 1205 4293; x_wconf 86' lang='lat' dir='ltr'><strong>illum</strong></span> <span class='ocrx_word' id='word_1_547' title='bbox 1235 4240 1431 4297; x_wconf 88' lang='lat' dir='ltr'><strong>induit.</strong></span> 
     </span>
    </p>
   </div>
   <div class='ocr_carea' id='block_1_75' title="bbox 564 4328 2066 4404">
    <p class='ocr_par' dir='ltr' id='par_1_75' title="bbox 564 4328 2066 4404">
     <span class='ocr_line' id='line_1_75' title="bbox 564 4328 2066 4404; baseline 0.005 -22"><span class='ocrx_word' id='word_1_548' title='bbox 564 4328 727 4384; x_wconf 67' lang='lat' dir='ltr'><strong>Vens.</strong></span> <span class='ocrx_word' id='word_1_549' title='bbox 758 4330 848 4385; x_wconf 60' lang='grc' dir='ltr'><strong>ἳό.</strong></span> <span class='ocrx_word' id='word_1_550' title='bbox 893 4350 911 4382; x_wconf 74' lang='grc' dir='ltr'><strong>ι</strong></span> <span class='ocrx_word' id='word_1_551' title='bbox 939 4332 1249 4401; x_wconf 79' lang='lat' dir='ltr'><strong>Propterea,</strong></span> <span class='ocrx_word' id='word_1_552' title='bbox 1280 4333 1526 4402; x_wconf 87' lang='lat' dir='ltr'><strong>deposito</strong></span> <span class='ocrx_word' id='word_1_553' title='bbox 1553 4336 1857 4401; x_wconf 87' lang='lat' dir='ltr'><strong>mendacio,</strong></span> <span class='ocrx_word' id='word_1_554' title='bbox 1892 4335 2066 4404; x_wconf 80' lang='lat' dir='ltr'><strong>loqui-</strong></span> 
     </span>
    </p>
   </div>
   <div class='ocr_carea' id='block_1_76' title="bbox 492 4424 2061 4498">
    <p class='ocr_par' dir='ltr' id='par_1_76' title="bbox 492 4424 2061 4498">
     <span class='ocr_line' id='line_1_76' title="bbox 492 4424 2061 4498; baseline 0.003 -22"><span class='ocrx_word' id='word_1_555' title='bbox 492 4424 624 4477; x_wconf 90' lang='lat' dir='ltr'><strong>tnini</strong></span> <span class='ocrx_word' id='word_1_556' title='bbox 686 4426 969 4479; x_wconf 76' lang='lat' dir='ltr'><strong>veritatem</strong></span> <span class='ocrx_word' id='word_1_557' title='bbox 1032 4427 1409 4496; x_wconf 84' lang='lat' dir='ltr'><strong>unusquisque</strong></span> <span class='ocrx_word' id='word_1_558' title='bbox 1471 4445 1593 4482; x_wconf 90' lang='lat' dir='ltr'><strong>cum</strong></span> <span class='ocrx_word' id='word_1_559' title='bbox 1653 4430 1900 4498; x_wconf 79' lang='lat' dir='ltr'><strong>proximo</strong></span> <span class='ocrx_word' id='word_1_560' title='bbox 1941 4442 2061 4496; x_wconf 89' lang='lat' dir='ltr'><strong>suo,</strong></span> 
     </span>
    </p>
   </div>
   <div class='ocr_carea' id='block_1_77' title="bbox 2167 3236 3687 3310">
    <p class='ocr_par' dir='ltr' id='par_1_77' title="bbox 2167 3236 3687 3310">
     <span class='ocr_line' id='line_1_77' title="bbox 2167 3236 3687 3310; baseline -0.003 -18"><span class='ocrx_word' id='word_1_561' title='bbox 2167 3242 2232 3310; x_wconf 73' lang='grc' dir='ltr'><strong>τῇ</strong></span> <span class='ocrx_word' id='word_1_562' title='bbox 2295 3240 2509 3310; x_wconf 86' lang='grc' dir='ltr'><strong>Παλαιᾷ</strong></span> <span class='ocrx_word' id='word_1_563' title='bbox 2545 3239 2763 3307; x_wconf 77' lang='grc' dir='ltr'><strong>ἐλέγετο</strong></span> <span class='ocrx_word' id='word_1_564' title='bbox 2814 3237 3153 3308; x_wconf 84' lang='grc' dir='ltr'><strong>δικαιοσύνη,</strong></span> <span class='ocrx_word' id='word_1_565' title='bbox 3205 3240 3372 3308; x_wconf 73' lang='grc' dir='ltr'><strong>φησὶν</strong></span> <span class='ocrx_word' id='word_1_566' title='bbox 3414 3236 3687 3290; x_wconf 75' lang='grc' dir='ltr'><strong>ὃτιἜκιίνι</strong></span> 
     </span>
    </p>
   </div>
   <div class='ocr_carea' id='block_1_78' title="bbox 2154 3326 3688 3401">
    <p class='ocr_par' dir='ltr' id='par_1_78' title="bbox 2154 3326 3688 3401">
     <span class='ocr_line' id='line_1_78' title="bbox 2154 3326 3688 3401; baseline -0.003 -19"><span class='ocrx_word' id='word_1_567' title='bbox 2154 3331 2259 3384; x_wconf 78' lang='grc' dir='ltr'><strong>τοῦ</strong></span> <span class='ocrx_word' id='word_1_568' title='bbox 2292 3330 2472 3384; x_wconf 83' lang='grc' dir='ltr'><strong>τύπου</strong></span> <span class='ocrx_word' id='word_1_569' title='bbox 2498 3327 2661 3401; x_wconf 81' lang='grc' dir='ltr'><strong>ἦσαν.</strong></span> <span class='ocrx_word' id='word_1_570' title='bbox 2711 3330 2850 3398; x_wconf 79' lang='grc' dir='ltr'><strong>Ἐγὼ</strong></span> <span class='ocrx_word' id='word_1_571' title='bbox 2882 3330 2939 3383; x_wconf 84' lang='grc' dir='ltr'><strong>δέ</strong></span> <span class='ocrx_word' id='word_1_572' title='bbox 2990 3346 3072 3382; x_wconf 90' lang='grc' dir='ltr'><strong>σοι</strong></span> <span class='ocrx_word' id='word_1_573' title='bbox 3100 3332 3199 3399; x_wconf 83' lang='grc' dir='ltr'><strong>τὴν</strong></span> <span class='ocrx_word' id='word_1_574' title='bbox 3222 3332 3324 3400; x_wconf 79' lang='grc' dir='ltr'><strong>τῆς</strong></span> <span class='ocrx_word' id='word_1_575' title='bbox 3349 3328 3583 3399; x_wconf 80' lang='grc' dir='ltr'><strong>ἀληθείας</strong></span> <span class='ocrx_word' id='word_1_576' title='bbox 3613 3326 3688 3379; x_wconf 79' lang='grc' dir='ltr'><strong>καὶ</strong></span> 
     </span>
    </p>
   </div>
   <div class='ocr_carea' id='block_1_79' title="bbox 2165 3420 3688 3493">
    <p class='ocr_par' dir='ltr' id='par_1_79' title="bbox 2165 3420 3688 3493">
     <span class='ocr_line' id='line_1_79' title="bbox 2165 3420 3688 3493; baseline -0.005 -16"><span class='ocrx_word' id='word_1_577' title='bbox 2165 3424 2259 3477; x_wconf 76' lang='grc' dir='ltr'><strong>τοῦ</strong></span> <span class='ocrx_word' id='word_1_578' title='bbox 2291 3424 2625 3493; x_wconf 85' lang='grc' dir='ltr'><strong>Εὐαγγελίου</strong></span> <span class='ocrx_word' id='word_1_579' title='bbox 2654 3424 2817 3493; x_wconf 78' lang='grc' dir='ltr'><strong>φημί.</strong></span> <span class='ocrx_word' id='word_1_580' title='bbox 2850 3424 2922 3475; x_wconf 87' lang='grc' dir='ltr'>Ἢ</span> <span class='ocrx_word' id='word_1_581' title='bbox 2956 3422 3092 3493; x_wconf 79' lang='grc' dir='ltr'><strong>πρὸς</strong></span> <span class='ocrx_word' id='word_1_582' title='bbox 3125 3422 3526 3492; x_wconf 76' lang='grc' dir='ltr'><strong>ἀντιδιαστολὴν</strong></span> <span class='ocrx_word' id='word_1_583' title='bbox 3548 3422 3627 3489; x_wconf 79' lang='grc' dir='ltr'><strong>τῆς</strong></span> <span class='ocrx_word' id='word_1_584' title='bbox 3645 3420 3688 3470; x_wconf 82' lang='grc' dir='ltr'><strong>ἐν</strong></span> 
     </span>
    </p>
   </div>
   <div class='ocr_carea' id='block_1_80' title="bbox 2168 3507 3689 3587">
    <p class='ocr_par' dir='ltr' id='par_1_80' title="bbox 2168 3507 3689 3587">
     <span class='ocr_line' id='line_1_80' title="bbox 2168 3507 3689 3587; baseline -0.005 -17"><span class='ocrx_word' id='word_1_585' title='bbox 2168 3518 2411 3587; x_wconf 86' lang='grc' dir='ltr'><strong>σχήματι</strong></span> <span class='ocrx_word' id='word_1_586' title='bbox 2442 3519 2535 3569; x_wconf 73' lang='grc' dir='ltr'><strong>καὶ</strong></span> <span class='ocrx_word' id='word_1_587' title='bbox 2587 3515 2876 3586; x_wconf 82' lang='grc' dir='ltr'><strong>ὑποκρίσει</strong></span> <span class='ocrx_word' id='word_1_588' title='bbox 2930 3513 3304 3585; x_wconf 78' lang='grc' dir='ltr'><strong>δικαιοσύνης,</strong></span> <span class='ocrx_word' id='word_1_589' title='bbox 3349 3507 3465 3567; x_wconf 78' lang='grc' dir='ltr'><strong>εἶπε</strong></span> <span class='ocrx_word' id='word_1_590' title='bbox 3502 3514 3587 3582; x_wconf 76' lang='grc' dir='ltr'><strong>τὴν</strong></span> <span class='ocrx_word' id='word_1_591' title='bbox 3613 3510 3689 3578; x_wconf 73' lang='grc' dir='ltr'><strong>τῆς</strong></span> 
     </span>
    </p>
   </div>
   <div class='ocr_carea' id='block_1_81' title="bbox 2165 3603 3688 3680">
    <p class='ocr_par' dir='ltr' id='par_1_81' title="bbox 2165 3603 3688 3680">
     <span class='ocr_line' id='line_1_81' title="bbox 2165 3603 3688 3680; baseline -0.006 -17"><span class='ocrx_word' id='word_1_592' title='bbox 2165 3609 2444 3679; x_wconf 84' lang='grc' dir='ltr'><strong>ἀληθείας.</strong></span> <span class='ocrx_word' id='word_1_593' title='bbox 2475 3607 2728 3680; x_wconf 85' lang='grc' dir='ltr'><strong>Ἐκτίσθη</strong></span> <span class='ocrx_word' id='word_1_594' title='bbox 2769 3607 2869 3677; x_wconf 78' lang='grc' dir='ltr'><strong>μὲν</strong></span> <span class='ocrx_word' id='word_1_595' title='bbox 2896 3603 3049 3671; x_wconf 70' lang='grc' dir='ltr'><strong>οὗτος</strong></span> <span class='ocrx_word' id='word_1_596' title='bbox 3076 3610 3103 3660; x_wconf 85' lang='grc' dir='ltr'>ὀ</span> <span class='ocrx_word' id='word_1_597' title='bbox 3126 3608 3418 3677; x_wconf 76' lang='grc' dir='ltr'><strong>ἄνθρωπος</strong></span> <span class='ocrx_word' id='word_1_598' title='bbox 3453 3607 3506 3659; x_wconf 86' lang='grc' dir='ltr'><strong>ἐν</strong></span> <span class='ocrx_word' id='word_1_599' title='bbox 3528 3605 3593 3673; x_wconf 75' lang='grc' dir='ltr'><strong>τῷ</strong></span> <span class='ocrx_word' id='word_1_600' title='bbox 3616 3603 3688 3672; x_wconf 62' lang='grc' dir='ltr'><strong>βας</strong></span> 
     </span>
    </p>
   </div>
   <div class='ocr_carea' id='block_1_82' title="bbox 2167 3696 3685 3772">
    <p class='ocr_par' dir='ltr' id='par_1_82' title="bbox 2167 3696 3685 3772">
     <span class='ocr_line' id='line_1_82' title="bbox 2167 3696 3685 3772; baseline -0.007 -17"><span class='ocrx_word' id='word_1_601' title='bbox 2167 3704 2436 3772; x_wconf 84' lang='grc' dir='ltr'><strong>πτίσματι</strong></span> <span class='ocrx_word' id='word_1_602' title='bbox 2458 3702 2543 3754; x_wconf 80' lang='grc' dir='ltr'><strong>διὰ</strong></span> <span class='ocrx_word' id='word_1_603' title='bbox 2567 3701 2915 3767; x_wconf 85' lang='grc' dir='ltr'><strong>δικαιοσύνης</strong></span> <span class='ocrx_word' id='word_1_604' title='bbox 2942 3699 3033 3753; x_wconf 78' lang='grc' dir='ltr'><strong>καὶ</strong></span> <span class='ocrx_word' id='word_1_605' title='bbox 3061 3700 3345 3769; x_wconf 66' lang='grc' dir='ltr'><strong>ὁσιότητος</strong></span> <span class='ocrx_word' id='word_1_606' title='bbox 3365 3714 3379 3728; x_wconf 74' lang='grc'><strong><em>⁸</em></strong></span> <span class='ocrx_word' id='word_1_607' title='bbox 3409 3696 3685 3751; x_wconf 71' lang='grc' dir='ltr'><strong>ἐνδύσασθαι</strong></span> 
     </span>
    </p>
   </div>
   <div class='ocr_carea' id='block_1_83' title="bbox 2167 3788 3685 3860">
    <p class='ocr_par' dir='ltr' id='par_1_83' title="bbox 2167 3788 3685 3860">
     <span class='ocr_line' id='line_1_83' title="bbox 2167 3788 3685 3860; baseline -0.007 -13"><span class='ocrx_word' id='word_1_608' title='bbox 2167 3793 2227 3847; x_wconf 84' lang='grc' dir='ltr'><strong>δὲ</strong></span> <span class='ocrx_word' id='word_1_609' title='bbox 2262 3794 2424 3847; x_wconf 75' lang='grc' dir='ltr'><strong>αὑτὸν</strong></span> <span class='ocrx_word' id='word_1_610' title='bbox 2469 3792 2553 3845; x_wconf 79' lang='grc' dir='ltr'><strong>δεῖ</strong></span> <span class='ocrx_word' id='word_1_611' title='bbox 2583 3792 2677 3845; x_wconf 67' lang='grc' dir='ltr'><strong>καὶ</strong></span> <span class='ocrx_word' id='word_1_612' title='bbox 2720 3792 2816 3845; x_wconf 80' lang='grc' dir='ltr'><strong>νῦν</strong></span> <span class='ocrx_word' id='word_1_613' title='bbox 2848 3791 2937 3844; x_wconf 72' lang='grc' dir='ltr'><strong>διὰ</strong></span> <span class='ocrx_word' id='word_1_614' title='bbox 2980 3790 3072 3843; x_wconf 81' lang='grc' dir='ltr'><strong>τοῦ</strong></span> <span class='ocrx_word' id='word_1_615' title='bbox 3108 3790 3227 3860; x_wconf 83' lang='grc' dir='ltr'><strong>βίου</strong></span> <span class='ocrx_word' id='word_1_616' title='bbox 3266 3792 3366 3843; x_wconf 69' lang='grc' dir='ltr'><strong>καὶ</strong></span> <span class='ocrx_word' id='word_1_617' title='bbox 3394 3789 3496 3842; x_wconf 80' lang='grc' dir='ltr'><strong>τῶν</strong></span> <span class='ocrx_word' id='word_1_618' title='bbox 3529 3788 3685 3857; x_wconf 76' lang='grc' dir='ltr'><strong>ἔργων.</strong></span> 
     </span>
    </p>
   </div>
   <div class='ocr_carea' id='block_1_84' title="bbox 2166 3880 3688 3955">
    <p class='ocr_par' dir='ltr' id='par_1_84' title="bbox 2166 3880 3688 3955">
     <span class='ocr_line' id='line_1_84' title="bbox 2166 3880 3688 3955; baseline -0.007 -15"><span class='ocrx_word' id='word_1_619' title='bbox 2166 3886 2338 3940; x_wconf 79' lang='grc' dir='ltr'><strong>’Ὀταν</strong></span> <span class='ocrx_word' id='word_1_620' title='bbox 2372 3885 2427 3938; x_wconf 78' lang='grc' dir='ltr'><strong>δὲ</strong></span> <span class='ocrx_word' id='word_1_621' title='bbox 2461 3885 2706 3955; x_wconf 81' lang='grc' dir='ltr'><strong>ἀκούσῃς</strong></span> <span class='ocrx_word' id='word_1_622' title='bbox 2733 3884 2816 3947; x_wconf 83' lang='grc' dir='ltr'><strong>τὸ,</strong></span> <span class='ocrx_word' id='word_1_623' title='bbox 2848 3883 3195 3945; x_wconf 84' lang='grc' dir='ltr'><strong>ἐνδύσασθαι,</strong></span> <span class='ocrx_word' id='word_1_624' title='bbox 3222 3883 3282 3935; x_wconf 83' lang='grc' dir='ltr'><strong>τὸ</strong></span> <span class='ocrx_word' id='word_1_625' title='bbox 3311 3883 3565 3953; x_wconf 78' lang='grc' dir='ltr'><strong>μηδέποτε</strong></span> <span class='ocrx_word' id='word_1_626' title='bbox 3584 3880 3688 3930; x_wconf 77' lang='grc' dir='ltr'><strong>ἀπο-</strong></span> 
     </span>
    </p>
   </div>
   <div class='ocr_carea' id='block_1_85' title="bbox 2166 3968 3686 4042">
    <p class='ocr_par' dir='ltr' id='par_1_85' title="bbox 2166 3968 3686 4042">
     <span class='ocr_line' id='line_1_85' title="bbox 2166 3968 3686 4042; baseline -0.007 -14"><span class='ocrx_word' id='word_1_627' title='bbox 2166 3975 2351 4029; x_wconf 76' lang='grc' dir='ltr'><strong>θέσθαι</strong></span> <span class='ocrx_word' id='word_1_628' title='bbox 2385 3976 2528 4028; x_wconf 86' lang='grc' dir='ltr'><strong>νόει·</strong></span> <span class='ocrx_word' id='word_1_629' title='bbox 2559 3977 2635 4037; x_wconf 81' lang='grc' dir='ltr'><strong>ὡς</strong></span> <span class='ocrx_word' id='word_1_630' title='bbox 2666 3976 2749 4038; x_wconf 74' lang='grc' dir='ltr'><strong>τὸ,</strong></span> <span class='ocrx_word' id='word_1_631' title='bbox 2794 3993 2812 4026; x_wconf 83' lang='lat' dir='ltr'><strong>t</strong></span> <span class='ocrx_word' id='word_1_632' title='bbox 2860 3974 3183 4027; x_wconf 86' lang='grc' dir='ltr'><strong>Ἐνεδύσατο</strong></span> <span class='ocrx_word' id='word_1_633' title='bbox 3221 3975 3465 4042; x_wconf 82' lang='grc' dir='ltr'><strong>κατάραν</strong></span> <span class='ocrx_word' id='word_1_634' title='bbox 3489 3971 3553 4034; x_wconf 84' lang='grc' dir='ltr'><strong>ὼς</strong></span> <span class='ocrx_word' id='word_1_635' title='bbox 3584 3968 3686 4037; x_wconf 63' lang='lat' dir='ltr'><strong>ipi-</strong></span> 
     </span>
    </p>
   </div>
   <div class='ocr_carea' id='block_1_86' title="bbox 2165 4058 3686 4137">
    <p class='ocr_par' dir='ltr' id='par_1_86' title="bbox 2165 4058 3686 4137">
     <span class='ocr_line' id='line_1_86' title="bbox 2165 4058 3686 4137; baseline -0.007 -14"><span class='ocrx_word' id='word_1_636' title='bbox 2165 4086 2279 4123; x_wconf 89' lang='grc' dir='ltr'><strong>τιον</strong></span> <span class='ocrx_word' id='word_1_637' title='bbox 2300 4088 2314 4103; x_wconf 90' lang='grc'><strong>·</strong></span> <span class='ocrx_word' id='word_1_638' title='bbox 2354 4087 2373 4120; x_wconf 73' lang='grc' dir='ltr'><strong>ι</strong></span> <span class='ocrx_word' id='word_1_639' title='bbox 2406 4058 2522 4136; x_wconf 80' lang='grc' dir='ltr'><strong>καί,</strong></span> <span class='ocrx_word' id='word_1_640' title='bbox 2561 4087 2580 4120; x_wconf 77' lang='lat' dir='ltr'><strong>t</strong></span> <span class='ocrx_word' id='word_1_641' title='bbox 2630 4068 2689 4120; x_wconf 88' lang='grc' dir='ltr'>Ὀ</span> <span class='ocrx_word' id='word_1_642' title='bbox 2724 4066 3185 4137; x_wconf 77' lang='grc' dir='ltr'><strong>περιϐαλλόμενος</strong></span> <span class='ocrx_word' id='word_1_643' title='bbox 3216 4067 3386 4135; x_wconf 76' lang='grc' dir='ltr'><strong>φῶς.ι</strong></span> <span class='ocrx_word' id='word_1_644' title='bbox 3419 4061 3686 4118; x_wconf 75' lang='grc' dir='ltr'><strong>Καὶείὼθα·</strong></span> 
     </span>
    </p>
   </div>
   <div class='ocr_carea' id='block_1_87' title="bbox 2171 4158 3448 4234">
    <p class='ocr_par' dir='ltr' id='par_1_87' title="bbox 2171 4158 3448 4234">
     <span class='ocr_line' id='line_1_87' title="bbox 2171 4158 3448 4234; baseline -0.004 -18"><span class='ocrx_word' id='word_1_645' title='bbox 2171 4181 2274 4234; x_wconf 87' lang='grc' dir='ltr'><strong>μεν</strong></span> <span class='ocrx_word' id='word_1_646' title='bbox 2305 4164 2488 4231; x_wconf 81' lang='grc' dir='ltr'><strong>λέγειν</strong></span> <span class='ocrx_word' id='word_1_647' title='bbox 2512 4179 2526 4195; x_wconf 76' lang='grc' dir='ltr'><strong>ο</strong></span> <span class='ocrx_word' id='word_1_648' title='bbox 2574 4162 2635 4215; x_wconf 87' lang='lat'><strong>&#39;0</strong></span> <span class='ocrx_word' id='word_1_649' title='bbox 2663 4161 2811 4215; x_wconf 84' lang='grc' dir='ltr'><strong>δεῖνα</strong></span> <span class='ocrx_word' id='word_1_650' title='bbox 2844 4164 2935 4214; x_wconf 81' lang='grc' dir='ltr'><strong>τὸν</strong></span> <span class='ocrx_word' id='word_1_651' title='bbox 2964 4160 3111 4213; x_wconf 77' lang='grc' dir='ltr'><strong>δεῖνα</strong></span> <span class='ocrx_word' id='word_1_652' title='bbox 3139 4158 3448 4212; x_wconf 80' lang='grc' dir='ltr'><strong>ἐνεδύσατο.</strong></span> 
     </span>
    </p>
   </div>
   <div class='ocr_carea' id='block_1_88' title="bbox 2245 4328 3688 4404">
    <p class='ocr_par' dir='ltr' id='par_1_88' title="bbox 2245 4328 3688 4404">
     <span class='ocr_line' id='line_1_88' title="bbox 2245 4328 3688 4404; baseline -0.004 -17"><span class='ocrx_word' id='word_1_653' title='bbox 2245 4354 2263 4387; x_wconf 79' lang='lat' dir='ltr'><strong>t</strong></span> <span class='ocrx_word' id='word_1_654' title='bbox 2300 4336 2391 4387; x_wconf 83' lang='grc' dir='ltr'><strong>Διὸ</strong></span> <span class='ocrx_word' id='word_1_655' title='bbox 2416 4334 2746 4404; x_wconf 81' lang='grc' dir='ltr'><strong>ἀποθέμενοι</strong></span> <span class='ocrx_word' id='word_1_656' title='bbox 2770 4333 2830 4387; x_wconf 83' lang='grc' dir='ltr'><strong>τὸ</strong></span> <span class='ocrx_word' id='word_1_657' title='bbox 2852 4335 3065 4403; x_wconf 71' lang='grc' dir='ltr'><strong>ψεῦδος,</strong></span> <span class='ocrx_word' id='word_1_658' title='bbox 3091 4333 3302 4389; x_wconf 82' lang='grc' dir='ltr'><strong>λαλεῖτε</strong></span> <span class='ocrx_word' id='word_1_659' title='bbox 3332 4333 3571 4403; x_wconf 79' lang='grc' dir='ltr'><strong>ἀλήθειαν</strong></span> <span class='ocrx_word' id='word_1_660' title='bbox 3585 4328 3688 4382; x_wconf 79' lang='grc' dir='ltr'><strong>ἐκα-</strong></span> 
     </span>
    </p>
   </div>
   <div class='ocr_carea' id='block_1_89' title="bbox 2169 4422 3687 4497">
    <p class='ocr_par' dir='ltr' id='par_1_89' title="bbox 2169 4422 3687 4497">
     <span class='ocr_line' id='line_1_89' title="bbox 2169 4422 3687 4497; baseline -0.008 -16"><span class='ocrx_word' id='word_1_661' title='bbox 2169 4445 2291 4490; x_wconf 79' lang='grc' dir='ltr'><strong>στος</strong></span> <span class='ocrx_word' id='word_1_662' title='bbox 2326 4428 2466 4497; x_wconf 77' lang='grc' dir='ltr'><strong>μετὰ</strong></span> <span class='ocrx_word' id='word_1_663' title='bbox 2509 4428 2603 4481; x_wconf 82' lang='grc' dir='ltr'><strong>τοῦ</strong></span> <span class='ocrx_word' id='word_1_664' title='bbox 2657 4426 2886 4497; x_wconf 87' lang='grc' dir='ltr'><strong>πλησίον</strong></span> <span class='ocrx_word' id='word_1_665' title='bbox 2937 4427 3124 4492; x_wconf 78' lang='grc' dir='ltr'><strong>αὑτοῦ,</strong></span> <span class='ocrx_word' id='word_1_666' title='bbox 3152 4427 3234 4479; x_wconf 83' lang='grc' dir='ltr'><strong>ὅτι</strong></span> <span class='ocrx_word' id='word_1_667' title='bbox 3279 4426 3445 4496; x_wconf 77' lang='grc' dir='ltr'><strong>ἐσμὲν</strong></span> <span class='ocrx_word' id='word_1_668' title='bbox 3482 4422 3687 4492; x_wconf 77' lang='grc' dir='ltr'><strong>ἀλλήλων</strong></span> 
     </span>
    </p>
   </div>
   <div class='ocr_carea' id='block_1_90' title="bbox 489 4505 2066 4592">
    <p class='ocr_par' dir='ltr' id='par_1_90' title="bbox 489 4516 2061 4588">
     <span class='ocr_line' id='line_1_90' title="bbox 489 4516 2061 4588; baseline 0.005 -24"><span class='ocrx_word' id='word_1_669' title='bbox 489 4516 743 4583; x_wconf 85' lang='lat' dir='ltr'><strong>quoniam</strong></span> <span class='ocrx_word' id='word_1_670' title='bbox 778 4530 965 4571; x_wconf 88' lang='lat' dir='ltr'><strong>sumus</strong></span> <span class='ocrx_word' id='word_1_671' title='bbox 1012 4518 1240 4571; x_wconf 84' lang='lat' dir='ltr'><strong>invicem</strong></span> <span class='ocrx_word' id='word_1_672' title='bbox 1280 4521 1547 4573; x_wconf 84' lang='lat' dir='ltr'><strong>membra.</strong></span> <span class='ocrx_word' id='word_1_673' title='bbox 1587 4538 1605 4570; x_wconf 69' lang='grc' dir='ltr'><strong>ι</strong></span> <span class='ocrx_word' id='word_1_674' title='bbox 1646 4520 1780 4574; x_wconf 84' lang='lat' dir='ltr'><strong>Cum</strong></span> <span class='ocrx_word' id='word_1_675' title='bbox 1835 4534 2061 4588; x_wconf 77' lang='lat' dir='ltr'><strong>genera-</strong></span> 
     </span>
    </p>
   </div>
   <div class='ocr_carea' id='block_1_91' title="bbox 2168 4505 3686 4592">
    <p class='ocr_par' dir='ltr' id='par_1_91' title="bbox 2173 4512 3686 4592">
     <span class='ocr_line' id='line_1_91' title="bbox 2173 4512 3686 4592; baseline -0.002 -18"><span class='ocrx_word' id='word_1_676' title='bbox 2173 4522 2331 4592; x_wconf 74' lang='grc' dir='ltr'><strong>μέλη.</strong></span> <span class='ocrx_word' id='word_1_677' title='bbox 2350 4539 2369 4572; x_wconf 82' lang='grc'>›</span> <span class='ocrx_word' id='word_1_678' title='bbox 2397 4520 2580 4574; x_wconf 75' lang='grc' dir='ltr'><strong>Εἰπὼν</strong></span> <span class='ocrx_word' id='word_1_679' title='bbox 2598 4561 2611 4583; x_wconf 94' lang='grc'><strong>,</strong></span> <span class='ocrx_word' id='word_1_680' title='bbox 2643 4522 2777 4573; x_wconf 73' lang='grc' dir='ltr'><strong>(Τὸν</strong></span> <span class='ocrx_word' id='word_1_681' title='bbox 2801 4519 3028 4573; x_wconf 78' lang='grc' dir='ltr'><strong>παλαιὸν</strong></span> <span class='ocrx_word' id='word_1_682' title='bbox 3051 4518 3389 4589; x_wconf 77' lang='grc' dir='ltr'><strong>ἄνθρωπον.»</strong></span> <span class='ocrx_word' id='word_1_683' title='bbox 3409 4512 3686 4574; x_wconf 74' lang='grc' dir='ltr'><strong>καθολικῶς.</strong></span> 
     </span>
    </p>
   </div>
   <div class='ocr_carea' id='block_1_92' title="bbox 496 4608 2060 4679">
    <p class='ocr_par' dir='ltr' id='par_1_92' title="bbox 496 4608 2060 4679">
     <span class='ocr_line' id='line_1_92' title="bbox 496 4608 2060 4679; baseline 0.004 -20"><span class='ocrx_word' id='word_1_684' title='bbox 496 4611 590 4660; x_wconf 88' lang='lat' dir='ltr'><strong>tim</strong></span> <span class='ocrx_word' id='word_1_685' title='bbox 644 4608 843 4663; x_wconf 81' lang='lat' dir='ltr'><strong>veteris</strong></span> <span class='ocrx_word' id='word_1_686' title='bbox 877 4611 1110 4665; x_wconf 87' lang='lat' dir='ltr'><strong>hominis</strong></span> <span class='ocrx_word' id='word_1_687' title='bbox 1154 4612 1483 4665; x_wconf 85' lang='lat' dir='ltr'><strong>mentionem</strong></span> <span class='ocrx_word' id='word_1_688' title='bbox 1526 4610 1766 4679; x_wconf 82' lang='lat' dir='ltr'><strong>fecisset,</strong></span> <span class='ocrx_word' id='word_1_689' title='bbox 1809 4613 2060 4678; x_wconf 84' lang='lat' dir='ltr'><strong>deinceps</strong></span> 
     </span>
    </p>
   </div>
   <div class='ocr_carea' id='block_1_93' title="bbox 494 4702 2062 4771">
    <p class='ocr_par' dir='ltr' id='par_1_93' title="bbox 494 4702 2062 4771">
     <span class='ocr_line' id='line_1_93' title="bbox 494 4702 2062 4771; baseline 0.003 -20"><span class='ocrx_word' id='word_1_690' title='bbox 494 4702 776 4766; x_wconf 74' lang='lat' dir='ltr'><strong>speciatim</strong></span> <span class='ocrx_word' id='word_1_691' title='bbox 842 4716 936 4768; x_wconf 86' lang='lat' dir='ltr'><strong>per</strong></span> <span class='ocrx_word' id='word_1_692' title='bbox 1004 4711 1186 4769; x_wconf 80' lang='lat' dir='ltr'><strong>partes</strong></span> <span class='ocrx_word' id='word_1_693' title='bbox 1244 4717 1366 4756; x_wconf 87' lang='lat' dir='ltr'><strong>eum</strong></span> <span class='ocrx_word' id='word_1_694' title='bbox 1432 4702 1711 4769; x_wconf 83' lang='lat' dir='ltr'><strong>describit,</strong></span> <span class='ocrx_word' id='word_1_695' title='bbox 1757 4716 1819 4757; x_wconf 81' lang='lat' dir='ltr'><strong>ac</strong></span> <span class='ocrx_word' id='word_1_696' title='bbox 1886 4704 2062 4771; x_wconf 82' lang='lat' dir='ltr'><strong>primo</strong></span> 
     </span>
    </p>
   </div>
   <div class='ocr_carea' id='block_1_94' title="bbox 495 4790 2058 4860">
    <p class='ocr_par' dir='ltr' id='par_1_94' title="bbox 495 4790 2058 4860">
     <span class='ocr_line' id='line_1_94' title="bbox 495 4790 2058 4860; baseline 0.003 -19"><span class='ocrx_word' id='word_1_697' title='bbox 495 4790 835 4844; x_wconf 81' lang='lat' dir='ltr'><strong>tnendacium</strong></span> <span class='ocrx_word' id='word_1_698' title='bbox 889 4801 1119 4855; x_wconf 86' lang='lat' dir='ltr'><strong>resecat,</strong></span> <span class='ocrx_word' id='word_1_699' title='bbox 1166 4793 1307 4860; x_wconf 90' lang='lat' dir='ltr'><strong>quod</strong></span> <span class='ocrx_word' id='word_1_700' title='bbox 1364 4795 1423 4845; x_wconf 87' lang='lat' dir='ltr'><strong>lit</strong></span> <span class='ocrx_word' id='word_1_701' title='bbox 1481 4793 1621 4847; x_wconf 89' lang='lat' dir='ltr'><strong>inter</strong></span> <span class='ocrx_word' id='word_1_702' title='bbox 1656 4808 1756 4847; x_wconf 88' lang='lat' dir='ltr'><strong>nos</strong></span> <span class='ocrx_word' id='word_1_703' title='bbox 1793 4793 2058 4857; x_wconf 80' lang='lat' dir='ltr'><strong>invicem;</strong></span> 
     </span>
    </p>
   </div>
   <div class='ocr_carea' id='block_1_95' title="bbox 494 4883 2065 4953">
    <p class='ocr_par' dir='ltr' id='par_1_95' title="bbox 494 4883 2065 4953">
     <span class='ocr_line' id='line_1_95' title="bbox 494 4883 2065 4953; baseline 0.002 -19"><span class='ocrx_word' id='word_1_704' title='bbox 494 4898 798 4951; x_wconf 79' lang='lat' dir='ltr'><strong>causasque</strong></span> <span class='ocrx_word' id='word_1_705' title='bbox 817 4883 1056 4950; x_wconf 84' lang='lat' dir='ltr'><strong>adducit,</strong></span> <span class='ocrx_word' id='word_1_706' title='bbox 1080 4885 1225 4952; x_wconf 87' lang='lat' dir='ltr'><strong>quod</strong></span> <span class='ocrx_word' id='word_1_707' title='bbox 1251 4885 1479 4953; x_wconf 76' lang='lat' dir='ltr'><strong>proximi</strong></span> <span class='ocrx_word' id='word_1_708' title='bbox 1499 4887 1643 4940; x_wconf 87' lang='lat' dir='ltr'><strong>inter</strong></span> <span class='ocrx_word' id='word_1_709' title='bbox 1674 4901 1772 4940; x_wconf 76' lang='lat' dir='ltr'><strong>nos</strong></span> <span class='ocrx_word' id='word_1_710' title='bbox 1797 4887 1989 4951; x_wconf 83' lang='lat' dir='ltr'><strong>simus,</strong></span> <span class='ocrx_word' id='word_1_711' title='bbox 2011 4895 2065 4937; x_wconf 83' lang='lat' dir='ltr'><strong>et</strong></span> 
     </span>
    </p>
   </div>
   <div class='ocr_carea' id='block_1_96' title="bbox 493 4975 2064 5046">
    <p class='ocr_par' dir='ltr' id='par_1_96' title="bbox 493 4975 2064 5046">
     <span class='ocr_line' id='line_1_96' title="bbox 493 4975 2064 5046; baseline 0.003 -19"><span class='ocrx_word' id='word_1_712' title='bbox 493 4976 635 5044; x_wconf 84' lang='lat' dir='ltr'><strong>quod</strong></span> <span class='ocrx_word' id='word_1_713' title='bbox 716 4975 889 5043; x_wconf 79' lang='lat' dir='ltr'><strong>majus</strong></span> <span class='ocrx_word' id='word_1_714' title='bbox 944 4985 1050 5042; x_wconf 78' lang='lat' dir='ltr'><strong>est,</strong></span> <span class='ocrx_word' id='word_1_715' title='bbox 1126 4978 1496 5046; x_wconf 85' lang='lat' dir='ltr'><strong>ntajoremqne</strong></span> <span class='ocrx_word' id='word_1_716' title='bbox 1579 4978 1739 5031; x_wconf 90' lang='lat' dir='ltr'><strong>nobis</strong></span> <span class='ocrx_word' id='word_1_717' title='bbox 1805 4978 2064 5046; x_wconf 84' lang='lat' dir='ltr'><strong>pudorem</strong></span> 
     </span>
    </p>
   </div>
   <div class='ocr_carea' id='block_1_97' title="bbox 493 5067 2061 5137">
    <p class='ocr_par' dir='ltr' id='par_1_97' title="bbox 493 5067 2061 5137">
     <span class='ocr_line' id='line_1_97' title="bbox 493 5067 2061 5137; baseline 0.003 -18"><span class='ocrx_word' id='word_1_718' title='bbox 493 5067 792 5133; x_wconf 71' lang='lat' dir='ltr'><strong>suifnndit,</strong></span> <span class='ocrx_word' id='word_1_719' title='bbox 846 5070 992 5137; x_wconf 87' lang='lat' dir='ltr'><strong>quod</strong></span> <span class='ocrx_word' id='word_1_720' title='bbox 1050 5068 1186 5121; x_wconf 90' lang='lat' dir='ltr'><strong>alter</strong></span> <span class='ocrx_word' id='word_1_721' title='bbox 1244 5070 1469 5122; x_wconf 84' lang='lat' dir='ltr'><strong>alterius</strong></span> <span class='ocrx_word' id='word_1_722' title='bbox 1542 5070 1785 5123; x_wconf 87' lang='lat' dir='ltr'><strong>membra</strong></span> <span class='ocrx_word' id='word_1_723' title='bbox 1852 5071 2061 5135; x_wconf 85' lang='lat' dir='ltr'><strong>simus;</strong></span> 
     </span>
    </p>
   </div>
   <div class='ocr_carea' id='block_1_98' title="bbox 496 5159 2064 5229">
    <p class='ocr_par' dir='ltr' id='par_1_98' title="bbox 496 5159 2064 5229">
     <span class='ocr_line' id='line_1_98' title="bbox 496 5159 2064 5229; baseline 0.003 -19"><span class='ocrx_word' id='word_1_724' title='bbox 496 5162 716 5228; x_wconf 76' lang='lat' dir='ltr'><strong>perinde</strong></span> <span class='ocrx_word' id='word_1_725' title='bbox 742 5163 894 5229; x_wconf 81' lang='lat' dir='ltr'><strong>quasi</strong></span> <span class='ocrx_word' id='word_1_726' title='bbox 948 5163 1051 5215; x_wconf 91' lang='lat' dir='ltr'><strong>hoc</strong></span> <span class='ocrx_word' id='word_1_727' title='bbox 1085 5160 1234 5215; x_wconf 88' lang='lat' dir='ltr'><strong>dicat</strong></span> <span class='ocrx_word' id='word_1_728' title='bbox 1274 5178 1289 5212; x_wconf 88' lang='lat'><strong>:</strong></span> <span class='ocrx_word' id='word_1_729' title='bbox 1322 5159 1593 5228; x_wconf 85' lang='lat' dir='ltr'><strong>Numquid</strong></span> <span class='ocrx_word' id='word_1_730' title='bbox 1646 5172 1835 5214; x_wconf 81' lang='lat' dir='ltr'><strong>oculus</strong></span> <span class='ocrx_word' id='word_1_731' title='bbox 1876 5163 2064 5214; x_wconf 87' lang='lat' dir='ltr'><strong>videns</strong></span> 
     </span>
    </p>
   </div>
   <div class='ocr_carea' id='block_1_99' title="bbox 496 5249 2065 5318">
    <p class='ocr_par' dir='ltr' id='par_1_99' title="bbox 496 5249 2065 5318">
     <span class='ocr_line' id='line_1_99' title="bbox 496 5249 2065 5318; baseline 0 -17"><span class='ocrx_word' id='word_1_732' title='bbox 496 5263 819 5305; x_wconf 78' lang='lat' dir='ltr'><strong>venenatum</strong></span> <span class='ocrx_word' id='word_1_733' title='bbox 868 5251 1091 5315; x_wconf 88' lang='lat' dir='ltr'><strong>animal,</strong></span> <span class='ocrx_word' id='word_1_734' title='bbox 1126 5249 1389 5305; x_wconf 88' lang='lat' dir='ltr'><strong>mentitur</strong></span> <span class='ocrx_word' id='word_1_735' title='bbox 1417 5249 1678 5302; x_wconf 86' lang='lat' dir='ltr'><strong>adversus</strong></span> <span class='ocrx_word' id='word_1_736' title='bbox 1716 5249 1927 5318; x_wconf 83' lang='lat' dir='ltr'><strong>pedem,</strong></span> <span class='ocrx_word' id='word_1_737' title='bbox 1964 5261 2065 5301; x_wconf 85' lang='lat' dir='ltr'><strong>nec</strong></span> 
     </span>
    </p>
   </div>
   <div class='ocr_carea' id='block_1_100' title="bbox 493 5337 2061 5413">
    <p class='ocr_par' dir='ltr' id='par_1_100' title="bbox 493 5337 2061 5413">
     <span class='ocr_line' id='line_1_100' title="bbox 493 5337 2061 5413; baseline 0 -18"><span class='ocrx_word' id='word_1_738' title='bbox 493 5342 713 5410; x_wconf 77' lang='lat' dir='ltr'><strong>cunjicit</strong></span> <span class='ocrx_word' id='word_1_739' title='bbox 744 5358 866 5397; x_wconf 89' lang='lat' dir='ltr'><strong>eum</strong></span> <span class='ocrx_word' id='word_1_740' title='bbox 900 5344 951 5397; x_wconf 92' lang='lat' dir='ltr'><strong>in</strong></span> <span class='ocrx_word' id='word_1_741' title='bbox 984 5341 1198 5413; x_wconf 79' lang='lat' dir='ltr'><strong>lugam?</strong></span> <span class='ocrx_word' id='word_1_742' title='bbox 1239 5340 1328 5395; x_wconf 78' lang='lat' dir='ltr'><strong>Vel</strong></span> <span class='ocrx_word' id='word_1_743' title='bbox 1361 5358 1481 5395; x_wconf 88' lang='lat' dir='ltr'><strong>cum</strong></span> <span class='ocrx_word' id='word_1_744' title='bbox 1509 5337 1826 5409; x_wconf 84' lang='lat' dir='ltr'><strong>profundam</strong></span> <span class='ocrx_word' id='word_1_745' title='bbox 1862 5340 2061 5395; x_wconf 76' lang='lat' dir='ltr'><strong>fossam</strong></span> 
     </span>
    </p>
   </div>
   <div class='ocr_carea' id='block_1_101' title="bbox 494 5432 2058 5504">
    <p class='ocr_par' dir='ltr' id='par_1_101' title="bbox 494 5432 2058 5504">
     <span class='ocr_line' id='line_1_101' title="bbox 494 5432 2058 5504; baseline 0 -15"><span class='ocrx_word' id='word_1_746' title='bbox 494 5440 593 5491; x_wconf 75' lang='lat' dir='ltr'><strong>sub</strong></span> <span class='ocrx_word' id='word_1_747' title='bbox 655 5440 846 5491; x_wconf 80' lang='lat' dir='ltr'><strong>culmis</strong></span> <span class='ocrx_word' id='word_1_748' title='bbox 918 5452 980 5489; x_wconf 87' lang='lat' dir='ltr'><strong>ac</strong></span> <span class='ocrx_word' id='word_1_749' title='bbox 1041 5446 1184 5488; x_wconf 82' lang='lat' dir='ltr'><strong>terra</strong></span> <span class='ocrx_word' id='word_1_750' title='bbox 1263 5432 1498 5487; x_wconf 82' lang='lat' dir='ltr'><strong>abditam</strong></span> <span class='ocrx_word' id='word_1_751' title='bbox 1576 5448 1669 5501; x_wconf 79' lang='lat' dir='ltr'><strong>pes</strong></span> <span class='ocrx_word' id='word_1_752' title='bbox 1740 5436 2058 5504; x_wconf 78' lang='lat' dir='ltr'><strong>explorarit,</strong></span> 
     </span>
    </p>
   </div>
   <div class='ocr_carea' id='block_1_102' title="bbox 636 5549 1683 5618">
    <p class='ocr_par' dir='ltr' id='par_1_102' title="bbox 636 5549 1683 5618">
     <span class='ocr_line' id='line_1_102' title="bbox 636 5549 1683 5618; baseline -0.005 -8"><span class='ocrx_word' id='word_1_753' title='bbox 636 5556 661 5595; x_wconf 69' lang='grc' dir='ltr'><strong>¹ί</strong></span> <span class='ocrx_word' id='word_1_754' title='bbox 700 5554 892 5611; x_wconf 86' lang='lat' dir='ltr'><strong>Matth.</strong></span> <span class='ocrx_word' id='word_1_755' title='bbox 921 5571 974 5618; x_wconf 85' lang='lat' dir='ltr'><strong>v,</strong></span> <span class='ocrx_word' id='word_1_756' title='bbox 1000 5553 1056 5606; x_wconf 65' lang='grc' dir='ltr'><strong>ἓ.</strong></span> <span class='ocrx_word' id='word_1_757' title='bbox 1177 5551 1193 5589; x_wconf 78' lang='grc' dir='ltr'>ι</span> <span class='ocrx_word' id='word_1_758' title='bbox 1229 5551 1371 5605; x_wconf 81' lang='lat' dir='ltr'><strong>Psal.</strong></span> <span class='ocrx_word' id='word_1_759' title='bbox 1404 5564 1559 5613; x_wconf 80' lang='lat' dir='ltr'><strong>cvm,</strong></span> <span class='ocrx_word' id='word_1_760' title='bbox 1599 5549 1683 5605; x_wconf 82' lang='lat' dir='ltr'><strong>l8.</strong></span> 
     </span>
    </p>
   </div>
   <div class='ocr_carea' id='block_1_103' title="bbox 2166 4602 3686 4680">
    <p class='ocr_par' dir='ltr' id='par_1_103' title="bbox 2166 4602 3686 4680">
     <span class='ocr_line' id='line_1_103' title="bbox 2166 4602 3686 4680; baseline -0.007 -16"><span class='ocrx_word' id='word_1_761' title='bbox 2166 4611 2356 4664; x_wconf 71' lang='grc' dir='ltr'><strong>λοιπὸν</strong></span> <span class='ocrx_word' id='word_1_762' title='bbox 2388 4611 2483 4663; x_wconf 75' lang='grc' dir='ltr'><strong>καὶ</strong></span> <span class='ocrx_word' id='word_1_763' title='bbox 2513 4610 2656 4663; x_wconf 79' lang='grc' dir='ltr'><strong>κατὰ</strong></span> <span class='ocrx_word' id='word_1_764' title='bbox 2693 4611 2859 4680; x_wconf 78' lang='grc' dir='ltr'><strong>μέρος</strong></span> <span class='ocrx_word' id='word_1_765' title='bbox 2885 4609 3048 4663; x_wconf 81' lang='grc' dir='ltr'><strong>αὑτὸν</strong></span> <span class='ocrx_word' id='word_1_766' title='bbox 3082 4608 3391 4678; x_wconf 78' lang='grc' dir='ltr'><strong>ὑπογράφει</strong></span> <span class='ocrx_word' id='word_1_767' title='bbox 3415 4624 3430 4638; x_wconf 89' lang='grc'><strong>·</strong></span> <span class='ocrx_word' id='word_1_768' title='bbox 3458 4609 3542 4660; x_wconf 70' lang='grc' dir='ltr'><strong>καὶ</strong></span> <span class='ocrx_word' id='word_1_769' title='bbox 3564 4602 3686 4672; x_wconf 61' lang='grc' dir='ltr'><strong>πρῶ-</strong></span> 
     </span>
    </p>
   </div>
   <div class='ocr_carea' id='block_1_104' title="bbox 2169 4692 3687 4773">
    <p class='ocr_par' dir='ltr' id='par_1_104' title="bbox 2169 4692 3687 4773">
     <span class='ocr_line' id='line_1_104' title="bbox 2169 4692 3687 4773; baseline -0.005 -16"><span class='ocrx_word' id='word_1_770' title='bbox 2169 4720 2259 4757; x_wconf 78' lang='grc' dir='ltr'><strong>τον</strong></span> <span class='ocrx_word' id='word_1_771' title='bbox 2298 4704 2359 4756; x_wconf 82' lang='grc' dir='ltr'><strong>τὸ</strong></span> <span class='ocrx_word' id='word_1_772' title='bbox 2388 4701 2585 4772; x_wconf 75' lang='grc' dir='ltr'><strong>ψεῦδος</strong></span> <span class='ocrx_word' id='word_1_773' title='bbox 2605 4704 2909 4756; x_wconf 81' lang='grc' dir='ltr'><strong>ἀποκόπτει</strong></span> <span class='ocrx_word' id='word_1_774' title='bbox 2936 4702 2998 4754; x_wconf 82' lang='grc' dir='ltr'><strong>τὸ</strong></span> <span class='ocrx_word' id='word_1_775' title='bbox 3025 4703 3161 4773; x_wconf 79' lang='grc' dir='ltr'><strong>πρὸς</strong></span> <span class='ocrx_word' id='word_1_776' title='bbox 3184 4701 3448 4773; x_wconf 81' lang='grc' dir='ltr'><strong>ἀλλήλους</strong></span> <span class='ocrx_word' id='word_1_777' title='bbox 3471 4715 3485 4728; x_wconf 86' lang='grc'><em>’</em></span> <span class='ocrx_word' id='word_1_778' title='bbox 3505 4698 3588 4754; x_wconf 79' lang='grc' dir='ltr'><strong>καὶ</strong></span> <span class='ocrx_word' id='word_1_779' title='bbox 3610 4692 3687 4749; x_wconf 71' lang='grc' dir='ltr'><strong>τὰς</strong></span> 
     </span>
    </p>
   </div>
   <div class='ocr_carea' id='block_1_105' title="bbox 2171 4783 3688 4863">
    <p class='ocr_par' dir='ltr' id='par_1_105' title="bbox 2171 4783 3688 4863">
     <span class='ocr_line' id='line_1_105' title="bbox 2171 4783 3688 4863; baseline -0.009 -13"><span class='ocrx_word' id='word_1_780' title='bbox 2171 4797 2352 4857; x_wconf 78' lang='grc' dir='ltr'><strong>αἰτίας</strong></span> <span class='ocrx_word' id='word_1_781' title='bbox 2385 4797 2603 4863; x_wconf 76' lang='grc' dir='ltr'><strong>ἐπάγει,</strong></span> <span class='ocrx_word' id='word_1_782' title='bbox 2635 4796 2716 4847; x_wconf 82' lang='grc' dir='ltr'><strong>ὅτι</strong></span> <span class='ocrx_word' id='word_1_783' title='bbox 2770 4811 2830 4846; x_wconf 85' lang='grc' dir='ltr'><strong>τε</strong></span> <span class='ocrx_word' id='word_1_784' title='bbox 2875 4794 3106 4863; x_wconf 81' lang='grc' dir='ltr'><strong>πλησίον</strong></span> <span class='ocrx_word' id='word_1_785' title='bbox 3136 4794 3307 4862; x_wconf 79' lang='grc' dir='ltr'><strong>ἐσμὲν</strong></span> <span class='ocrx_word' id='word_1_786' title='bbox 3344 4791 3591 4862; x_wconf 81' lang='grc' dir='ltr'><strong>ἀλλήλων,</strong></span> <span class='ocrx_word' id='word_1_787' title='bbox 3614 4783 3688 4837; x_wconf 75' lang='grc' dir='ltr'><strong>καὶ</strong></span> 
     </span>
    </p>
   </div>
   <div class='ocr_carea' id='block_1_106' title="bbox 2170 4876 3688 4957">
    <p class='ocr_par' dir='ltr' id='par_1_106' title="bbox 2170 4876 3688 4957">
     <span class='ocr_line' id='line_1_106' title="bbox 2170 4876 3688 4957; baseline -0.005 -18"><span class='ocrx_word' id='word_1_788' title='bbox 2170 4887 2232 4939; x_wconf 71' lang='grc' dir='ltr'><strong>τὸ</strong></span> <span class='ocrx_word' id='word_1_789' title='bbox 2265 4886 2448 4957; x_wconf 79' lang='grc' dir='ltr'><strong>μεῖζον</strong></span> <span class='ocrx_word' id='word_1_790' title='bbox 2490 4892 2585 4940; x_wconf 80' lang='grc' dir='ltr'><strong>καὶ</strong></span> <span class='ocrx_word' id='word_1_791' title='bbox 2630 4885 3151 4955; x_wconf 83' lang='grc' dir='ltr'><strong>ἐντρεπτικώτερον,</strong></span> <span class='ocrx_word' id='word_1_792' title='bbox 3195 4885 3278 4936; x_wconf 81' lang='grc' dir='ltr'><strong>ὅτι</strong></span> <span class='ocrx_word' id='word_1_793' title='bbox 3323 4880 3552 4952; x_wconf 82' lang='grc' dir='ltr'><strong>ἀλλήλων</strong></span> <span class='ocrx_word' id='word_1_794' title='bbox 3577 4876 3688 4947; x_wconf 80' lang='grc' dir='ltr'><strong>μέλη</strong></span> 
     </span>
    </p>
   </div>
   <div class='ocr_carea' id='block_1_107' title="bbox 2169 4963 3688 5048">
    <p class='ocr_par' dir='ltr' id='par_1_107' title="bbox 2169 4963 3688 5048">
     <span class='ocr_line' id='line_1_107' title="bbox 2169 4963 3688 5048; baseline -0.012 -19"><span class='ocrx_word' id='word_1_795' title='bbox 2169 4978 2338 5048; x_wconf 81' lang='grc' dir='ltr'><strong>ἐσμέν</strong></span> <span class='ocrx_word' id='word_1_796' title='bbox 2361 4995 2375 5011; x_wconf 74' lang='grc' dir='ltr'><strong><em>σ</em></strong></span> <span class='ocrx_word' id='word_1_797' title='bbox 2409 4977 2484 5040; x_wconf 84' lang='grc' dir='ltr'><strong>ὼς</strong></span> <span class='ocrx_word' id='word_1_798' title='bbox 2516 4976 2581 5030; x_wconf 81' lang='grc' dir='ltr'><strong>ἂν</strong></span> <span class='ocrx_word' id='word_1_799' title='bbox 2610 4978 2658 5028; x_wconf 89' lang='grc' dir='ltr'><strong>εί</strong></span> <span class='ocrx_word' id='word_1_800' title='bbox 2696 4976 2855 5027; x_wconf 77' lang='grc' dir='ltr'><strong>τοῦτο</strong></span> <span class='ocrx_word' id='word_1_801' title='bbox 2897 4975 3071 5041; x_wconf 85' lang='grc' dir='ltr'><strong>λέγων</strong></span> <span class='ocrx_word' id='word_1_802' title='bbox 3091 4989 3106 5002; x_wconf 88' lang='grc'><strong>·</strong></span> <span class='ocrx_word' id='word_1_803' title='bbox 3132 4974 3225 5042; x_wconf 81' lang='grc' dir='ltr'><strong>Μὴ</strong></span> <span class='ocrx_word' id='word_1_804' title='bbox 3280 4970 3541 5042; x_wconf 73' lang='grc' dir='ltr'><strong>ὀφθαλμὸς</strong></span> <span class='ocrx_word' id='word_1_805' title='bbox 3589 4963 3688 5017; x_wconf 69' lang='grc' dir='ltr'><strong>ἰδὼν</strong></span> 
     </span>
    </p>
   </div>
   <div class='ocr_carea' id='block_1_108' title="bbox 2169 5055 3686 5141">
    <p class='ocr_par' dir='ltr' id='par_1_108' title="bbox 2169 5055 3686 5141">
     <span class='ocr_line' id='line_1_108' title="bbox 2169 5055 3686 5141; baseline -0.011 -18"><span class='ocrx_word' id='word_1_806' title='bbox 2169 5070 2360 5141; x_wconf 82' lang='grc' dir='ltr'><strong>θηρίον</strong></span> <span class='ocrx_word' id='word_1_807' title='bbox 2386 5070 2641 5138; x_wconf 69' lang='grc' dir='ltr'><strong>ψεύδεται</strong></span> <span class='ocrx_word' id='word_1_808' title='bbox 2675 5069 2810 5136; x_wconf 77' lang='grc' dir='ltr'><strong>πρὸς</strong></span> <span class='ocrx_word' id='word_1_809' title='bbox 2831 5068 2922 5119; x_wconf 81' lang='grc' dir='ltr'><strong>τὸν</strong></span> <span class='ocrx_word' id='word_1_810' title='bbox 2950 5068 3108 5126; x_wconf 87' lang='grc' dir='ltr'><strong>πόδα,</strong></span> <span class='ocrx_word' id='word_1_811' title='bbox 3140 5068 3234 5118; x_wconf 79' lang='grc' dir='ltr'><strong>καὶ</strong></span> <span class='ocrx_word' id='word_1_812' title='bbox 3257 5065 3314 5118; x_wconf 86' lang='grc' dir='ltr'><strong>ού</strong></span> <span class='ocrx_word' id='word_1_813' title='bbox 3346 5064 3544 5117; x_wconf 80' lang='grc' dir='ltr'><strong>δίδωσιν</strong></span> <span class='ocrx_word' id='word_1_814' title='bbox 3564 5055 3686 5123; x_wconf 72' lang='grc' dir='ltr'><strong>αὐτῷ</strong></span> 
     </span>
    </p>
   </div>
   <div class='ocr_carea' id='block_1_109' title="bbox 2172 5147 3686 5231">
    <p class='ocr_par' dir='ltr' id='par_1_109' title="bbox 2172 5147 3686 5231">
     <span class='ocr_line' id='line_1_109' title="bbox 2172 5147 3686 5231; baseline -0.003 -19"><span class='ocrx_word' id='word_1_815' title='bbox 2172 5164 2367 5231; x_wconf 78' lang='grc' dir='ltr'><strong>φυγεῖν</strong></span> <span class='ocrx_word' id='word_1_816' title='bbox 2397 5178 2409 5224; x_wconf 88' lang='grc'><strong>;</strong></span> <span class='ocrx_word' id='word_1_817' title='bbox 2446 5163 2513 5213; x_wconf 87' lang='grc' dir='ltr'><em>Ἢ</em></span> <span class='ocrx_word' id='word_1_818' title='bbox 2536 5162 2666 5213; x_wconf 84' lang='grc' dir='ltr'><strong>ὅταν</strong></span> <span class='ocrx_word' id='word_1_819' title='bbox 2685 5158 2905 5230; x_wconf 73' lang='grc' dir='ltr'><strong>ὄρυγμα</strong></span> <span class='ocrx_word' id='word_1_820' title='bbox 2931 5158 3067 5228; x_wconf 78' lang='grc' dir='ltr'><strong>βαθὺ</strong></span> <span class='ocrx_word' id='word_1_821' title='bbox 3099 5157 3204 5208; x_wconf 80' lang='grc' dir='ltr'><strong>ὑπὸ</strong></span> <span class='ocrx_word' id='word_1_822' title='bbox 3226 5157 3479 5224; x_wconf 74' lang='grc' dir='ltr'><strong>καλάμων</strong></span> <span class='ocrx_word' id='word_1_823' title='bbox 3497 5153 3579 5204; x_wconf 81' lang='grc' dir='ltr'><strong>καὶ</strong></span> <span class='ocrx_word' id='word_1_824' title='bbox 3604 5147 3686 5215; x_wconf 74' lang='grc' dir='ltr'><strong>γῆς</strong></span> 
     </span>
    </p>
   </div>
   <div class='ocr_carea' id='block_1_110' title="bbox 2171 5242 3685 5323">
    <p class='ocr_par' dir='ltr' id='par_1_110' title="bbox 2171 5242 3685 5323">
     <span class='ocr_line' id='line_1_110' title="bbox 2171 5242 3685 5323; baseline -0.01 -18"><span class='ocrx_word' id='word_1_825' title='bbox 2171 5253 2624 5323; x_wconf 84' lang='grc' dir='ltr'><strong>ύποκαλύπτηται</strong></span> <span class='ocrx_word' id='word_1_826' title='bbox 2657 5252 2725 5317; x_wconf 79' lang='grc'><strong>⁸⁸,</strong></span> <span class='ocrx_word' id='word_1_827' title='bbox 2759 5251 2854 5304; x_wconf 78' lang='grc' dir='ltr'><strong>καὶ</strong></span> <span class='ocrx_word' id='word_1_828' title='bbox 2902 5251 3265 5320; x_wconf 75' lang='grc' dir='ltr'><strong>δοκιμάζηται</strong></span> <span class='ocrx_word' id='word_1_829' title='bbox 3303 5248 3386 5300; x_wconf 76' lang='grc' dir='ltr'><strong>διὰ</strong></span> <span class='ocrx_word' id='word_1_830' title='bbox 3418 5246 3461 5277; x_wconf 74' lang='grc'><strong>⁸⁸</strong></span> <span class='ocrx_word' id='word_1_831' title='bbox 3491 5242 3573 5297; x_wconf 81' lang='grc' dir='ltr'><strong>τοῦ</strong></span> <span class='ocrx_word' id='word_1_832' title='bbox 3605 5255 3685 5291; x_wconf 63' lang='grc' dir='ltr'><strong>που</strong></span> 
     </span>
    </p>
   </div>
   <div class='ocr_carea' id='block_1_111' title="bbox 2170 5330 3684 5416">
    <p class='ocr_par' dir='ltr' id='par_1_111' title="bbox 2170 5330 3684 5416">
     <span class='ocr_line' id='line_1_111' title="bbox 2170 5330 3684 5416; baseline -0.014 -17"><span class='ocrx_word' id='word_1_833' title='bbox 2170 5345 2279 5410; x_wconf 76' lang='grc' dir='ltr'><strong>δὸς,</strong></span> <span class='ocrx_word' id='word_1_834' title='bbox 2306 5344 2380 5416; x_wconf 81' lang='grc' dir='ltr'><strong>μὴ</strong></span> <span class='ocrx_word' id='word_1_835' title='bbox 2407 5345 2664 5414; x_wconf 76' lang='grc' dir='ltr'><strong>ψεύδεται</strong></span> <span class='ocrx_word' id='word_1_836' title='bbox 2692 5346 2721 5397; x_wconf 85' lang='grc' dir='ltr'>ὁ</span> <span class='ocrx_word' id='word_1_837' title='bbox 2760 5341 2916 5406; x_wconf 82' lang='grc' dir='ltr'><strong>ποῦς,</strong></span> <span class='ocrx_word' id='word_1_838' title='bbox 2954 5343 3049 5394; x_wconf 78' lang='grc' dir='ltr'><strong>καὶ</strong></span> <span class='ocrx_word' id='word_1_839' title='bbox 3078 5341 3177 5394; x_wconf 77' lang='grc' dir='ltr'><strong>οὐκ</strong></span> <span class='ocrx_word' id='word_1_840' title='bbox 3210 5336 3528 5406; x_wconf 80' lang='grc' dir='ltr'><strong>ἀπαγγέλλει</strong></span> <span class='ocrx_word' id='word_1_841' title='bbox 3554 5330 3619 5401; x_wconf 81' lang='grc' dir='ltr'><strong>τῷ</strong></span> <span class='ocrx_word' id='word_1_842' title='bbox 3639 5330 3684 5379; x_wconf 77' lang='grc'><strong>6-</strong></span> 
     </span>
    </p>
   </div>
   <div class='ocr_carea' id='block_1_112' title="bbox 2172 5424 3683 5509">
    <p class='ocr_par' dir='ltr' id='par_1_112' title="bbox 2172 5424 3683 5509">
     <span class='ocr_line' id='line_1_112' title="bbox 2172 5424 3683 5509; baseline -0.015 -16"><span class='ocrx_word' id='word_1_843' title='bbox 2172 5437 2426 5509; x_wconf 65' lang='grc' dir='ltr'><strong>φθαλμῷ,</strong></span> <span class='ocrx_word' id='word_1_844' title='bbox 2470 5438 2554 5491; x_wconf 83' lang='grc' dir='ltr'><strong>ἵνα</strong></span> <span class='ocrx_word' id='word_1_845' title='bbox 2602 5438 2836 5508; x_wconf 77' lang='grc' dir='ltr'><strong>ἑτέρωσε</strong></span> <span class='ocrx_word' id='word_1_846' title='bbox 2871 5435 2955 5506; x_wconf 74' lang='grc' dir='ltr'><strong>ἴδῃ</strong></span> <span class='ocrx_word' id='word_1_847' title='bbox 3005 5434 3099 5488; x_wconf 80' lang='grc' dir='ltr'><strong>καὶ</strong></span> <span class='ocrx_word' id='word_1_848' title='bbox 3146 5432 3286 5505; x_wconf 79' lang='grc' dir='ltr'><strong>εὕρῃ</strong></span> <span class='ocrx_word' id='word_1_849' title='bbox 3331 5428 3579 5501; x_wconf 81' lang='grc' dir='ltr'><strong>πάροδον;</strong></span> <span class='ocrx_word' id='word_1_850' title='bbox 3608 5424 3683 5475; x_wconf 80' lang='grc' dir='ltr'><strong>καί</strong></span> 
     </span>
    </p>
   </div>
   <div class='ocr_carea' id='block_1_113' title="bbox 1797 5551 2262 5621">
    <p class='ocr_par' dir='ltr' id='par_1_113' title="bbox 1797 5551 2262 5621">
     <span class='ocr_line' id='line_1_113' title="bbox 1797 5551 2262 5621; baseline 0.011 -16"><span class='ocrx_word' id='word_1_851' title='bbox 1797 5561 1834 5587; x_wconf 74' lang='grc' dir='ltr'><strong>ιη</strong></span> <span class='ocrx_word' id='word_1_852' title='bbox 1876 5551 2022 5608; x_wconf 85' lang='lat' dir='ltr'><strong>Psai.</strong></span> <span class='ocrx_word' id='word_1_853' title='bbox 2048 5570 2166 5621; x_wconf 82' lang='lat' dir='ltr'><strong>om,</strong></span> <span class='ocrx_word' id='word_1_854' title='bbox 2211 5558 2262 5610; x_wconf 83' lang='lat' dir='ltr'><strong>l.</strong></span> 
     </span>
    </p>
   </div>
   <div class='ocr_carea' id='block_1_114' title="bbox 1849 5645 2411 5707">
    <p class='ocr_par' dir='ltr' id='par_1_114' title="bbox 1849 5645 2411 5707">
     <span class='ocr_line' id='line_1_114' title="bbox 1849 5645 2411 5707; baseline 0.002 -3"><span class='ocrx_word' id='word_1_855' title='bbox 1849 5645 2049 5706; x_wconf 61' lang='lat' dir='ltr'><strong>Varia)</strong></span> <span class='ocrx_word' id='word_1_856' title='bbox 2080 5646 2411 5707; x_wconf 86' lang='lat' dir='ltr'><strong>lectiones.</strong></span> 
     </span>
    </p>
   </div>
   <div class='ocr_carea' id='block_1_115' title="bbox 562 5748 1603 5820">
    <p class='ocr_par' dir='ltr' id='par_1_115' title="bbox 562 5748 1603 5820">
     <span class='ocr_line' id='line_1_115' title="bbox 562 5748 1603 5820; baseline -0.008 -13"><span class='ocrx_word' id='word_1_857' title='bbox 562 5757 606 5788; x_wconf 60' lang='grc' dir='ltr'><strong>θλ</strong></span> <span class='ocrx_word' id='word_1_858' title='bbox 643 5753 861 5816; x_wconf 79' lang='grc' dir='ltr'><strong>πάντως</strong></span> <span class='ocrx_word' id='word_1_859' title='bbox 897 5769 949 5806; x_wconf 85' lang='lat' dir='ltr'><strong>o.</strong></span> <span class='ocrx_word' id='word_1_860' title='bbox 1059 5750 1105 5783; x_wconf 78' lang='grc'>⁸²</span> <span class='ocrx_word' id='word_1_861' title='bbox 1142 5750 1235 5804; x_wconf 72' lang='grc' dir='ltr'><strong>καί</strong></span> <span class='ocrx_word' id='word_1_862' title='bbox 1286 5748 1513 5820; x_wconf 59' lang='grc' dir='ltr'><strong>ἀληθείᾳ</strong></span> <span class='ocrx_word' id='word_1_863' title='bbox 1554 5763 1603 5802; x_wconf 90' lang='lat' dir='ltr'><strong>o.</strong></span> 
     </span>
    </p>
   </div>
   <div class='ocr_carea' id='block_1_116' title="bbox 495 5829 766 5881">
    <p class='ocr_par' dir='ltr' id='par_1_116' title="bbox 495 5829 766 5881">
     <span class='ocr_line' id='line_1_116' title="bbox 495 5829 766 5881; baseline -0.004 -1"><span class='ocrx_word' id='word_1_864' title='bbox 495 5829 537 5861; x_wconf 45' lang='grc' dir='ltr'><strong>’τι</strong></span> <span class='ocrx_word' id='word_1_865' title='bbox 584 5829 686 5880; x_wconf 72' lang='grc' dir='ltr'><strong>ὑπὸ</strong></span> <span class='ocrx_word' id='word_1_866' title='bbox 716 5846 766 5881; x_wconf 82' lang='grc' dir='ltr'><strong>υ.</strong></span> 
     </span>
    </p>
   </div>
   <div class='ocr_carea' id='block_1_117' title="bbox 1713 5747 2278 5819">
    <p class='ocr_par' dir='ltr' id='par_1_117' title="bbox 1713 5747 2278 5819">
     <span class='ocr_line' id='line_1_117' title="bbox 1713 5747 2278 5819; baseline 0.002 -19"><span class='ocrx_word' id='word_1_867' title='bbox 1713 5747 1758 5778; x_wconf 74' lang='grc'><strong>⁸³</strong></span> <span class='ocrx_word' id='word_1_868' title='bbox 1793 5749 2171 5819; x_wconf 74' lang='grc' dir='ltr'><strong>γραμματέων</strong></span> <span class='ocrx_word' id='word_1_869' title='bbox 2226 5765 2278 5804; x_wconf 94' lang='lat' dir='ltr'><strong>o.</strong></span> 
     </span>
    </p>
   </div>
   <div class='ocr_carea' id='block_1_118' title="bbox 2385 5738 3676 5820">
    <p class='ocr_par' dir='ltr' id='par_1_118' title="bbox 2385 5738 3676 5820">
     <span class='ocr_line' id='line_1_118' title="bbox 2385 5738 3676 5820; baseline -0.018 -18"><span class='ocrx_word' id='word_1_870' title='bbox 2385 5749 2428 5779; x_wconf 64' lang='grc'><strong>⁸⁵</strong></span> <span class='ocrx_word' id='word_1_871' title='bbox 2486 5745 2635 5817; x_wconf 79' lang='grc' dir='ltr'><strong>αύτῷ</strong></span> <span class='ocrx_word' id='word_1_872' title='bbox 2676 5745 2889 5820; x_wconf 54' lang='grc' dir='ltr'><strong>⁵τελέσῃ</strong></span> <span class='ocrx_word' id='word_1_873' title='bbox 2941 5760 2995 5801; x_wconf 93' lang='lat' dir='ltr'><strong>o.</strong></span> <span class='ocrx_word' id='word_1_874' title='bbox 3108 5743 3151 5774; x_wconf 74' lang='grc'><strong>⁸⁸</strong></span> <span class='ocrx_word' id='word_1_875' title='bbox 3198 5738 3599 5809; x_wconf 72' lang='grc' dir='ltr'><strong>ἑπικαλύπτηται</strong></span> <span class='ocrx_word' id='word_1_876' title='bbox 3632 5742 3676 5780; x_wconf 89' lang='grc' dir='ltr'><strong>ο.</strong></span> 
     </span>
    </p>
   </div>
  </div>
