3932 6588
420 345 555 412 llOfl

1336 352 1768 413 ἸἩΕΟΡΙ⁴ΙΥΙ..Δ
1787 354 1908 413 CTl
1950 354 2359 417 BULGAllH‘J
2386 359 2742 421 AllCHlEl’.

3510 364 3658 429 ιιοι

415 467 774 533 adoptionem.
831 464 1295 533 Quemadmodum
1345 465 1488 518 enim
1563 475 1887 533 aegrotantes
1939 468 1975 519 si

2088 483 2198 535 τες,
2234 468 2326 521 ἐὰν
2375 469 2747 541 ὠφεληθῶμεν
2808 472 3084 542 φαρμάκῳ
3124 475 3248 533 τινὶ,
3303 475 3396 527 καὶ
3449 478 3585 530 αὐτὸ
3614 481 3680 530 τ’)

417 559 735 626 ao‘juvemur
767 561 1058 627 pharmace
1107 557 1384 627 quoniam,
1425 556 1598 626 ipsum
1636 557 1796 611 etiam
1830 559 1989 628 phar-

417 650 552 703 mzu-i
601 665 797 704 nomen
848 664 1217 705 veneramur;
1261 651 1340 705 sic
1394 658 1449 704 et
1500 649 1816 705 charitatem
1869 665 1987 702 am-

418 742 572 810 piecti
623 742 879 796 debemus
914 760 926 796 :
965 756 1062 811 per
1108 741 1248 797 hanc
1296 741 1439 796 cnim
1483 741 1702 795 tradidit
1749 742 1986 810 scipsmu

415 848 513 901 pro
554 831 706 886 nobis
739 830 1014 885 Dominus.
1047 831 1206 900 Atqui
1242 831 1331 885 ille
1367 845 1464 900 pro
1503 830 1741 885 inimicis
1772 831 1985 900 quidem

413 924 633 979 tradidit
686 925 948 995 Scipsum,
1010 936 1063 977 tu
1129 938 1256 978 vero
1313 922 1504 978 amicis
1545 937 1755 992 parces.
1808 923 1987 988 Quart:

412 1025 521 1069 tum
557 1028 684 1068 vere
719 1012 1013 1067 imitaberis
1041 1010 1337 1073 Christum,
1370 1010 1587 1080 quando
1617 1008 1860 1063 hostibus
1896 1009 1989 1062 be-

412 1104 694 1161 nefaceris.
738 1102 873 1157 Tum
905 1103 1048 1159 enim
1096 1111 1345 1157 servatur
1397 1101 1539 1171 quod
1571 1100 1667 1165 ait,
1708 1117 1728 1151 ι
1758 1099 1928 1154 Sicut.
1961 1115 1981 1151 ι

411 1196 477 1251 Ει
529 1212 625 1266 pro
681 1197 922 1251 hostibus
966 1193 1123 1260 mori,
1177 1193 1319 1247 istud
1372 1202 1454 1247 est
1515 1190 1689 1245 hostia
1750 1200 1804 1245 et
1854 1190 1990 1245 odor

408 1289 561 1343 bona:
594 1287 920 1358 fragrantia.
958 1284 1067 1340 lloc
1091 1285 1235 1340 enim
1266 1294 1321 1338 et
1350 1282 1599 1338 Christus
1650 1281 1828 1336 lactus
1879 1289 1982 1345 est,

412 1380 648 1435 moriens
685 1394 782 1449 pro
810 1377 968 1433 nobis
1007 1376 1270 1432 hostibus.
1305 1376 1480 1444 Atque
1510 1375 1614 1430 hoc
1661 1382 1745 1429 est
1780 1373 1980 1428 imitari

411 1471 601 1527 Deum.

484 1561 645 1617 Vsus.
682 1561 739 1615 5.
782 1579 802 1613 ι
838 1559 1146 1615 Fornicatio
1194 1569 1395 1626 autem,
1446 1569 1499 1616 et
1530 1562 1705 1617 omnis
1746 1562 1984 1617 immun-

411 1656 562 1721 ditin,
596 1664 684 1707 aut
722 1637 967 1718 avaritia,
1020 1667 1130 1706 .nec
1163 1652 1471 1707 nominetur
1507 1653 1646 1720 apud
1678 1667 1794 1718 vos,
1844 1654 1986 1709 sicut

407 1747 560 1801 tlccct
613 1756 850 1801 sanctos.
888 1763 906 1797 ι
948 1744 1080 1798 Cum
1111 1743 1336 1799 dixisset
1381 1744 1449 1799 de
1488 1759 1674 1799 amara
1724 1746 1981 1815 passione

2088 560 2259 630 ὄνομα
2294 561 2388 614 τοῦ
2416 563 2710 634 φαρμάκου
2735 564 2988 634 τιμῶμεν
3010 580 3023 593 ·
3076 564 3220 617 οὕτω
3245 568 3340 619 καὶ
3389 568 3489 639 τὴν
3535 570 3680 637 ἀγά-

2088 668 2196 721 πην
2228 652 2509 721 περιέπειν
2551 655 2841 725 ὀφείλομεν
2902 654 2989 707 διά
3038 656 3244 726 ταύτην
3274 659 3381 728 γὰρ
3422 660 3681 729 παρέδωο

2089 760 2182 797 κεν
2214 745 2409 798 ἑαυτὸν
2440 747 2581 816 ὑπὲρ
2607 746 2761 817 ἡμῶν
2790 750 2819 801 ό
2850 749 3150 819 Δεσπότης.
3215 750 3408 804 Καίτοι
3461 753 3679 816 ἐκεῖνος

2092 836 2193 903 μὲν
2219 836 2361 908 ὑπὲρ
2391 838 2602 908 ἐχθρῶν
2640 840 2955 911 παρέδωκεν
2985 842 3199 905 ἑαυτὸν,
3246 843 3308 895 σύ
3339 844 3396 895 δὲ
3428 845 3541 897 τῶν
3581 845 3679 913 φί-

2086 923 2194 978 λων
2223 926 2403 999 φείσῃ.
2432 926 2595 980 ’Ώδτε
2637 929 2756 982 τότε
2779 929 2946 991 ὅντως
2980 931 3122 999 μιμή
3137 948 3198 998 σῃ
3238 931 3494 999 Χριστδν,
3541 932 3676 984 ὅταν

2096 1017 2222 1080 τοὺς
2253 1016 2481 1089 ἐχθροὺς
2536 1018 2596 1073 εὖ
2651 1024 2835 1091 ποιῇς.
2889 1022 2961 1073 Τὸ
3014 1023 3142 1090 γὰρ,
3184 1041 3202 1073 ι
3243 1023 3463 1086 Καθὼς,
3500 1041 3519 1075 ι
3552 1024 3678 1077 τότε

2077 1106 2359 1174 σώζεται·
2396 1115 2488 1165 καὶ
2517 1111 2579 1164 τὸ
2604 1113 2744 1182 ὑπὲρ
2779 1112 2986 1184 ἐχθρῶν
3021 1113 3522 1176 ἀποθανεῖν,τοῦτὸ
3559 1116 3680 1167 ἐστι

2089 1199 2250 1255 θυσία
2295 1204 2387 1256 καὶ
2443 1205 2586 1275 ὀσμὴ
2631 1206 2895 1268 εὐωδίας’
2920 1204 3078 1259 τοῦτο
3101 1206 3209 1276 γὰρ
3240 1207 3332 1259 καὶ
3366 1208 3396 1259 ό
3430 1207 3679 1276 Χριστὸς

2087 1292 2333 1360 γέγονεν,
2382 1293 2671 1349 ἀποθανὼν
2702 1295 2845 1366 ὑπὲρ
2900 1296 3056 1366 ἡμῶν
3082 1297 3189 1350 τῶν
3229 1296 3473 1367 ἐχθρῶν·
3512 1296 3681 1350 τοῦτό

2086 1385 2202 1437 ἐστι
2231 1388 2575 1457 μιμήσασθαι
2601 1388 2690 1442 τὸν
2715 1388 2870 1442 Θεόν.

2163 1582 2183 1615 ι
2224 1563 2458 1636 Πορνεία
2497 1566 2555 1619 δὲ
2588 1570 2681 1621 καὶ
2740 1571 2888 1623 πᾶσα
2924 1570 3258 1643 ἀκαθαρσία,
3294 1570 3325 1641 ἦ
3362 1569 3676 1635 πλεονεξία,

2090 1654 2221 1724 μηδὲ
2245 1656 2598 1727 ὀνομαζέσθω
2629 1662 2758 1730 παρ’
2793 1663 2941 1731 ὑμῖν,
2980 1662 3160 1726 καθὼς
3194 1664 3398 1734 πρέπει
3422 1663 3669 1729 ἁγίοις.»

2087 1746 2269 1800 Εἰπὼν
2291 1750 2414 1820 περὶ
2436 1750 2528 1803 τοῦ
2550 1753 2743 1822 πικροῦ
2763 1753 2967 1817 πάθους
2989 1755 3082 1809 τοῦ
3106 1756 3301 1819 θυμοῦ,
3321 1751 3487 1825 ἦλθεν
3520 1751 3677 1826 [καῖ]

411 1844 524 1903 iraa,
555 1839 705 1893 venit
750 1838 816 1891 ad
849 1836 1025 1890 minus
1058 1835 1277 1901 malum,
1311 1838 1802 1905 concupiscentiam
1837 1838 1975 1892 vide-

2082 1838 2178 1891 ὲπὶ
2204 1840 2265 1893 τὸ
2293 1836 2458 1912 ἦττον
2489 1844 2680 1906 κακὸν,
2707 1845 2806 1914 τὴν
2844 1846 3143 1916 ἐπιθυμίαν
3163 1864 3177 1877 ο
3217 1845 3291 1909 ὠς
3323 1845 3417 1898 καὶ
3448 1846 3477 1897 ό
3507 1861 3681 1911 νομο-

410 1932 534 1986 licct
572 1926 1065 2000 :quemadmodum
1116 1937 1171 1984 et
1220 1928 1496 1996 legislator
1544 1944 1667 1984 cum
1726 1929 1977 1996 dixisset,

414 2042 431 2074 ι
472 2022 586 2078 Νοη
634 2021 870 2088 occides,
912 2036 931 2071 ι
973 2021 1115 2090 quod
1154 2028 1238 2075 est
1288 2020 1404 2086 ira}.
1460 2022 1696 2076 secundo
1750 2018 1976 2089 subjun-

408 2118 507 2184 xit,
549 2133 568 2168 ι
606 2113 722 2169 Non
755 2114 1061 2169 committes
1118 2113 1463 2178 adulterium,
1499 2132 1517 2164 ι
1555 2113 1693 2181 quod
1734 2125 1817 2167 est
1843 2128 1976 2166 cun-

409 2206 775 2276 ctipisceiitim.
839 2204 908 2261 Ut
961 2206 1103 2261 enim
1144 2204 1523 2268 amarulentia,
1560 2203 1877 2259 vociferatio
1924 2213 1979 2261 et

405 2297 762 2367 blasphemia,
802 2298 868 2353 ab
905 2297 983 2351 ira
1034 2295 1448 2367 proficiscuntur
1480 2315 1492 2351 :
1528 2297 1600 2351 ita
1647 2313 1677 2352 a
1724 2297 1978 2367 concupi-

406 2388 578 2444 sclhili
604 2388 796 2443 anima:
813 2388 1048 2458 appetitu
1069 2386 1355 2441 fornicatio
1379 2396 1432 2439 et
1465 2388 1745 2455 inzpnritas
1770 2398 1817 2442 et
1851 2403 1978 2441 ava-

404 2481 549 2536 ritia.
610 2478 734 2534 Pari
787 2493 1022 2549 namque
1072 2480 1280 2533 ratione
1324 2479 1579 2548 pecunias
1624 2494 1865 2534 amamus
1923 2490 1978 2535 et

402 2587 649 2643 corpora.
709 2571 791 2625 Ne
842 2571 1187 2625 nominentur
1242 2569 1405 2638 igitur
1444 2571 1583 2639 apud
1641 2585 1737 2626 vos
1787 2571 1977 2640 hujus-

405 2667 569 2731 modi,
598 2665 692 2720 sed
722 2664 834 2719 'toti
858 2663 979 2718 sitis
1007 2663 1143 2733 puri.
1179 2660 1352 2718 Verba
1377 2662 1521 2717 enim
1544 2663 1609 2718 ad
1639 2677 1800 2733 opera
1837 2664 1974 2717 viam

403 2759 661 2827 praebent.
693 2757 877 2827 Itaque
905 2757 950 2812 si
979 2755 1153 2810 sancti
1182 2755 1332 2820 estis,
1354 2764 1408 2809 et
1435 2754 1610 2825 lingua
1643 2765 1818 2811 vestra
1852 2770 1977 2810 san-

403 2865 490 2907 csa
518 2852 611 2906 sit.
645 2848 814 2904 Infert
839 2857 1021 2905 autem
1047 2846 1301 2918 deinceps
1325 2863 1338 2900 :

404 2945 568 3018 406
641 2942 804 2999 Vsus.
836 2942 891 2997 ll.
925 2961 945 2996 ι
995 2941 1293 3013 Turpitudo
1323 2952 1373 2998 et
1418 2943 1837 3014 stultiloquium,
1883 2954 1978 2999 aut

406 3038 636 3103 facetiae,
664 3051 783 3107 quae
818 3052 923 3091 non
973 3046 1100 3092 sunt
1134 3036 1399 3101 decentia,
1435 3038 1530 3091 sed
1566 3039 1735 3107 magis
1773 3039 1975 3109 gratia-

2082 1929 2242 2001 θέτης
2267 1933 2435 1987 εἰπὼν
2458 1935 2539 1999 τὸ,
2576 1954 2596 1989 ι
2632 1937 2706 1989 Οὐ
2732 1937 3037 2005 φονεύσεις,
3072 1958 3091 1990 ι
3143 1939 3280 2010 ὅπερ
3305 1938 3423 1990 ἐστὶ
3455 1936 3553 1989 τοῦ
3577 1936 3679 1987 θυ-

2084 2023 2207 2093 μοῦ,
2231 2023 2482 2097 δεύτερον
2512 2026 2667 2095 ἔταξε
2698 2030 2779 2096 τὸ,
2815 2048 2832 2080 ι
2867 2030 2939 2083 Οὐ
2969 2030 3302 2101 μοιχεύσεις,
3336 2048 3354 2081 ι
3383 2031 3525 2107 ὅπερ
3547 2027 3679 2080 ἐστὶ

2079 2119 2178 2187 τῆς
2198 2117 2517 2187 ἐπιθυμίας.
2559 2119 2772 2192 Ὥσπερ
2794 2122 2903 2193 γὰρ
2932 2124 2964 2193 ἡ
2992 2123 3208 2194 πικρία,
3234 2122 3325 2176 καὶ
3356 2124 3387 2192 ἡ
3422 2120 3675 2190 κραυγὴ,

2081 2208 2175 2261 καὶ
2205 2210 2237 2278 ἡ
2275 2206 2616 2281 βλασφημία,
2648 2212 2742 2265 τοῦ
2778 2212 2953 2283 θυμοῦ
2974 2231 2989 2246 ·
3041 2212 3186 2267 οὕτω
3219 2216 3312 2267 καὶ
3346 2212 3442 2266 τοῦ
3471 2212 3678 2267 ἐπιθυ-

2083 2303 2336 2372 μητικοῦ,
2362 2306 2395 2374 ἡ
2430 2306 2679 2376 πορνεία,
2711 2308 2806 2359 καὶ
2835 2309 2867 2378 ὴ
2897 2307 3235 2378 ἀκαθαρσία,
3278 2308 3374 2360 καὶ
3406 2308 3439 2378 ἡ
3472 2307 3677 2359 πλεον-

2079 2392 2196 2458 εξία
2216 2410 2229 2425 ’
2264 2394 2342 2465 τῷ
2371 2397 2478 2464 γὰρ
2510 2395 2661 2467 αὐτῴ
2688 2398 2779 2450 καὶ
2815 2400 3117 2469 χρημάτων
3170 2397 3388 2469 ἐρῶμεν
3418 2396 3517 2450 καὶ
3556 2415 3671 2449 σω-

2082 2487 2289 2555 μάτων.
2344 2488 2498 2558 Μηδὲ
2545 2487 3004 2558 όνομαζέσθωσαν
3058 2486 3153 2544 οὖν
3217 2487 3346 2557 παρ’
3409 2489 3543 2556 ὑμῖν
3597 2489 3674 2541 τὰ

2077 2578 2323 2643 τοιαῦτα,
2361 2580 2477 2634 ἀλλ’
2506 2581 2791 2652 ὁλόκληροι
2839 2583 3169 2653 καθαρεύει-ε
3197 2599 3212 2615 ·
3259 2583 3309 2635 οί
3346 2582 3455 2653 γὰρ
3484 2580 3671 2647 λόγοι.

2077 2672 2196 2735 ὁδὸς
2222 2671 2355 2743 πρὸς
2376 2671 2445 2726 τὰ
2468 2673 2792 2744 πράγματα.
2830 2675 2995 2729 Ὠττε
3044 2678 3091 2728 εί
3120 2674 3266 2744 ἆγιοί
3297 2677 3441 2737 ὲστε,
3477 2675 3573 2727 καὶ
3634 2676 3670 2745 ἡ

2077 2763 2298 2832 γλῶσσα
2329 2756 2481 2835 ὑμῶν
2509 2765 2639 2835 ἁγία
2668 2765 2829 2821 ἔστω.
2880 2767 3164 2838 Ἐπιιρέρει
3194 2766 3250 2820 δὲ
3289 2767 3385 2821 καὶ
3419 2765 3550 2836 ἑξῆς
3572 2782 3589 2796 ·

2154 2962 2172 2994 ι
2204 2942 2313 2997 Καὶ
2339 2944 2656 3015 αἰσχρότης,
2691 2944 2783 2997 καὶ
2843 2942 3175 3014 μωρολογία,
3208 2943 3240 3014 ἢ
3296 2940 3668 3013 εὐτραπελία,

2077 3034 2147 3087 τὰ
2168 3035 2267 3088 οὐκ
2298 3035 2592 3103 ἀνήκοντα,
2619 3032 2754 3087 ἀλλὰ
2792 3032 2990 3101 μᾶλλον
3022 3028 3357 3101 εὐχαριστία.
3391 3049 3409 3082 ι
3441 3030 3670 3101 Ὠσπερ

404 3146 519 3185 rum
545 3130 705 3185 actio.
740 3147 758 3181 ι
790 3127 1247 3195 Quemadmodum
1287 3128 1575 3184 clamorem
1604 3132 1849 3197 removit,
1882 3131 1972 3200 qui

2082 3128 2175 3198 τὴν
2227 3126 2476 3199 κραυγὴν
2536 3124 2830 3197 περιεῖλεν,
2887 3123 3069 3193 ὄχημα
3121 3121 3287 3175 οὖσαν
3313 3121 3414 3191 τῆς
3440 3121 3668 3192 ὀργῆς·

400 3232 484 3277 est
504 3221 599 3276 ira:
626 3219 933 3275 vehiculum
966 3219 1089 3275 :sic
1124 3233 1267 3274 nunc
1303 3219 1774 3290 turpiloquentiam
1810 3230 1863 3276 et
1895 3222 1972 3276 fa-

400 3313 591 3378 cetias,
627 3327 748 3382 quae
774 3321 898 3367 sunt
925 3308 1297 3367 fornicationis
1346 3313 1669 3366 vehiculum.
1705 3311 1784 3368 Ne
1823 3315 1973 3370 dicas

400 3406 542 3459 enim
575 3404 815 3469 facetias,
850 3418 1024 3475 neque
1050 3405 1248 3474 turpia,
1278 3413 1333 3459 et
1365 3405 1673 3459 exstinxisti
1699 3404 1971 3460 “animum

400 3495 787 3552 fornicationis.
840 3496 1043 3551 Deinde
1088 3510 1157 3551 ne
1199 3496 1444 3550 videatur
1485 3496 1709 3551 nimium
1751 3511 1974 3553 severus

397 3600 452 3644 et
488 3603 755 3655 morosus,
787 3588 986 3658 quippe
1008 3586 1099 3657 qui
1131 3587 1491 3642 urbanitatem
1522 3587 1820 3654 exscindat,
1852 3603 1974 3643 cau-

397 3698 510 3737 sam
543 3682 741 3748 intulit,
776 3682 1022 3750 inquiens
1052 3697 1068 3734 :
1105 3699 1125 3735 ι
1167 3680 1296 3746 Quae
1339 3696 1444 3735 non
1490 3691 1615 3736 sunt
1643 3680 1909 3748 decentia,
1944 3698 1964 3733 ι

397 3776 495 3830 hoc
528 3785 630 3841 est,
662 3789 782 3845 quae
811 3773 944 3829 nihil
977 3774 1043 3828 ad
1077 3788 1172 3828 vos
1203 3782 1469 3843 spectant.
1507 3772 1578 3829 Ut
1614 3774 1757 3829 enim
1794 3775 1972 3830 coria-

394 3865 478 3920 rio
511 3879 617 3919 non
648 3864 774 3919 licet
803 3863 1092 3934 quidquam
1120 3861 1299 3918 facere
1334 3877 1522 3919 eorum
1553 3879 1673 3934 quae
1710 3879 1815 3920 non
1844 3873 1971 3919 sunt

396 3973 508 4013 sua:
552 3956 687 4011 artis
713 3995 730 4020 ,
773 3955 914 4010 hanc
958 3954 1025 4009 ad
1077 3954 1341 4009 rationem
1373 3954 1716 4011 Christianus
1750 3963 1970 4012 sanctus

397 4054 575 4108 factus
626 4066 731 4107 non
764 4050 924 4107 debet
953 4050 1095 4120 loqui
1129 4066 1247 4120 qua:
1276 4050 1497 4106 minime
1535 4052 1859 4107 conveniunt
1900 4053 1968 4107 ad

396 4142 881 4200 sanetiflcationcm
919 4155 1084 4210 :qua:
1122 4142 1265 4196 enim
1303 4141 1432 4196 nulli
1477 4150 1604 4197 sunt
1652 4143 1793 4208 usui,
1835 4143 1968 4199 nihil

393 4239 460 4292 ad
491 4250 608 4292 nos.
643 4234 749 4289 Sed
780 4233 824 4289 si
850 4232 976 4304 quid
1012 4232 1158 4303 loqui
1197 4233 1352 4297 velis,
1392 4237 1686 4304 gratiarum
1717 4236 1861 4291 actio
1898 4237 1970 4291 sit

397 4330 495 4384 tibi
547 4326 772 4398 quodvis
822 4327 1099 4393 verbum;
1164 4340 1229 4380 ac
1276 4325 1323 4379 si
1371 4328 1720 4382 consueveris
1767 4328 1968 4398 gratias

396 4437 575 4493 agere,
629 4419 1002 4477 recerdaberis
1047 4433 1114 4475 ex
1159 4418 1302 4490 quali
1347 4418 1520 4489 qualis
1558 4420 1638 4475 sis
1677 4417 1869 4484 factus,
1914 4431 1970 4476 et

2076 3218 2219 3271 οὓτω
2249 3216 2343 3269 νῦν
2378 3215 2475 3287 τὴν
2505 3214 2889 3286 αἰσχρολογίαν
2936 3215 3029 3265 καὶ
3063 3211 3443 3281 εὐτραπελίαν,
3473 3212 3671 3283 ὄχημα

2073 3309 2238 3364 οὖσαν
2268 3310 2367 3380 τῆς
2396 3309 2672 3380 πορνείας.
2696 3306 2788 3377 Μὴ
2839 3308 2999 3379 εἴπῃς
3031 3305 3161 3377 γὰρ,
3195 3305 3381 3377 φησιν,
3435 3308 3665 3370 ἀστεῖα,

2076 3402 2212 3475 μηδὲ
2243 3401 2467 3472 αἰσχρὰ.
2499 3401 2591 3454 καὶ
2643 3400 2981 3463 κατέσθεσας
3006 3401 3105 3468 τὴν
3140 3398 3315 3468 φλόγα
3364 3397 3465 3467 τῆς
3525 3414 3669 3468 πορ-

2072 3497 2247 3559 νείας.
2278 3490 2412 3548 Εἶτα
2435 3494 2520 3547 ἵνα
2545 3492 2620 3564 μὴ
2656 3493 2784 3564 δόξῃ
2817 3492 2992 3564 βαρὺς
3015 3492 3111 3545 καὶ
3138 3490 3418 3556 δύσκολος,
3456 3489 3537 3553 ὡς
3571 3491 3670 3543 ὲκ-

2072 3590 2289 3643 κόπτων
2319 3588 2418 3658 τὴν
2444 3584 2832 3657 εὐτραπελίαν,
2882 3585 3133 3655 ἐπήγαγε
3186 3584 3283 3637 καὶ
3315 3583 3416 3652 τὴν
3448 3580 3662 3645 αἰτίαν,

2073 3680 2279 3735 εἰπών·
2335 3698 2354 3731 ι
2392 3679 2475 3731 Τά
2523 3678 2598 3749 μὴ
2631 3679 2924 3749 ἀνήκοντα,
2962 3694 2981 3725 ι
3043 3676 3316 3740 τουτέστι,
3372 3674 3454 3727 Τά
3502 3672 3663 3726 οὐδὲν

2072 3775 2209 3846 πρὸς
2232 3774 2398 3844 ὑμᾶς.
2433 3773 2644 3844 Ὠσπερ
2677 3771 2783 3842 γὰρ
2829 3772 2858 3824 ὁ
2893 3770 3226 3840 σκυτοτόμος
3271 3768 3375 3822 οὐκ
3403 3766 3661 3831 ἀνέξεταί

2069 3885 2123 3923 τι
2147 3870 2320 3921 ποιεῖν
2343 3868 2388 3899 ¹⁸
2411 3866 2520 3920 τῶν
2552 3864 2627 3937 μὴ
2651 3864 2963 3935 ἀνηκόντων
2989 3865 3070 3927 είς
3101 3864 3202 3934 τὴν
3228 3860 3395 3915 αὐτοῦ
3430 3861 3653 3930 τέχνην·

2070 3960 2212 4015 οὕτω
2248 3962 2343 4017 καὶ
2377 3961 2407 4014 ό
2430 3958 2755 4032 Χριστιανὸς
2783 3958 2937 4027 ἀγιος
2960 3956 3278 4027 γενόμενος,
3321 3955 3422 4009 οὐκ
3447 3953 3659 4023 ὀφείλει

2069 4053 2249 4123 λέγειν
2278 4054 2345 4109 τὰ
2366 4050 2581 4126 [αὐτοῦ]
2613 4051 2688 4122 μὴ
2707 4052 2977 4122 ἀνήκοντα
3008 4050 3088 4113 είς
3122 4047 3517 4118 ἁγιασμόν.ῒά
3538 4046 3650 4114 γὰρ

2068 4148 2170 4201 οὐκ
2197 4149 2254 4199 ὲν
2282 4147 2468 4218 χρείᾳ,
2495 4146 2650 4199 οὐδὲν
2683 4145 2822 4216 πρὸς
2851 4145 3019 4215 ἡμᾶς.
3091 4142 3244 4197 Ἀλλ’
3265 4140 3334 4195 ἂν
3365 4140 3532 4214 θέλῃς
3562 4139 3657 4193 λέ-

2069 4255 2187 4307 γειν
2219 4256 2293 4302 τι,
2321 4237 2644 4308 εὐχαριστία
2695 4237 2838 4289 εστιν
2895 4251 2978 4289 σοι
3009 4235 3117 4288 πᾶν
3168 4233 3359 4304 ρῆμα’
3419 4231 3515 4286 καὶ
3551 4232 3658 4283 ἐὰν

2068 4325 2289 4398 ἐθισθῇς
2321 4324 2688 4395 εὐχαριστεῖν,
2741 4319 3204 4392 ἀναμιμνησθὴσῃ
3267 4318 3310 4353 ³⁸
3357 4318 3446 4381 τίς
3485 4317 3560 4370 ὣν
3592 4316 3656 4370 τί

2067 4417 2323 4487 γέγονας,
2380 4418 2476 4470 καὶ
2518 4416 2811 4486 πενθήσεις
2861 4412 2955 4466 ἐπὶ
2988 4414 3102 4475 τοῖς
3157 4413 3271 4475 σοῖς
3311 4410 3521 4473 κακοῖς,
3550 4409 3663 4461 καὶ

396 4488 601 4584 Ιιῖεοιήε
664 4509 804 4565 mala
868 4518 983 4575 tua,
1049 4488 1508 4579 admiraberisque
1573 4511 1640 4563 ad
1693 4518 1967 4579 stuporem

2082 4509 2545 4581 ὑπερεκπλαγήσῃ
2581 4506 2673 4560 τὸν
2696 4521 2955 4575 τοιουτων
3012 4505 3059 4537 ³⁸
3092 4520 3152 4556 σε
3188 4501 3517 4570 ἀξιώσαντα,
3548 4501 3662 4553 καὶ

367 4615 564 4673 “usque
594 4618 743 4665 eum,
773 4601 866 4672 qui
901 4601 1060 4655 tantis
1091 4610 1142 4657 te
1163 4600 1412 4671 dignatus
1436 4602 1507 4656 sit
1534 4601 1711 4667 bonis,
1748 4618 1847 4658 nec
1879 4603 1971 4659 tibi

395 4690 611 4744 vacabit
636 4689 777 4744 aliud
807 4688 1062 4759 quiddam
1094 4689 1295 4746 dicere.
1323 4688 1438 4745 Non
1469 4690 1612 4745 enim
1649 4691 1791 4748 risus
1819 4690 1967 4747 face-

392 4783 699 4849 tiarumque
752 4794 987 4849 praesens
1014 4790 1224 4850 tempus
1252 4793 1354 4845 est,
1385 4781 1481 4838 sed
1506 4781 1682 4837 luctus
1709 4793 1765 4838 et
1794 4793 1972 4839 certa-

396 4868 575 4924 minis.
605 4866 790 4923 Hostis
818 4868 1010 4923 circuit
1032 4869 1282 4925 dentibus
1312 4869 1567 4925 frendens
1600 4872 1860 4928 adversus
1895 4883 1965 4940 te,

395 4979 458 5020 se
499 4972 556 5017 tu
600 4962 738 5018 ludis
781 4972 836 5017 et
875 4963 1232 5020 urbanitatem
1271 4978 1494 5020 exerces
1523 4964 1791 5022 ?Diﬂlcile
1819 4969 1962 5023 enim

392 5067 477 5110 est
508 5065 559 5111 te
583 5054 732 5109 illum
761 5055 997 5120 vincere,
1029 5055 1240 5111 etiamsi
1281 5056 1481 5111 acriter
1508 5066 1683 5112 certes
1717 5075 1732 5125 ;
1763 5070 1966 5128 quanto

400 5147 573 5215 magis
621 5146 667 5202 si
706 5146 888 5202 ludas!
919 5146 1058 5213 Quid
1103 5156 1281 5202 autem
1321 5157 1406 5202 est
1451 5148 1693 5204 facetus?
1742 5147 1962 5221 Facilis,

391 5238 484 5308 qui
519 5237 699 5293 omnia
734 5237 811 5301 lit,
854 5235 1013 5294 facile
1043 5246 1354 5307 permutans
1386 5251 1686 5295 sermones.
1720 5236 1830 5293 lloc
1870 5253 1965 5292 au-

395 5341 500 5385 tem
541 5338 626 5385 est
655 5333 850 5384 mentis
880 5328 1145 5384 instabilis
1171 5340 1226 5383 et
1253 5326 1444 5382 aliena:
1471 5326 1538 5383 ab
1577 5326 1644 5382 iis
1674 5329 1765 5398 qui
1799 5339 1964 5399 petras

391 5425 655 5480 serviunt.
1106 5442 1109 5445 '

462 5516 625 5574 Vsus.
654 5516 707 5583 5,
734 5516 789 5573 θ.
826 5536 843 5568 ι
878 5514 990 5572 lloc
1007 5514 1148 5571 enim
1179 5511 1386 5581 sciatis,
1421 5514 1563 5584 quod
1587 5513 1761 5569 omnis
1791 5513 1950 5569 forni-

2073 4602 2195 4656 οὐδὲ
2229 4602 2422 4671 καιρὸν
2470 4601 2611 4665 ἔξεις
2641 4598 2769 4653 ἄλλο
2795 4615 2848 4651 τι
2878 4598 3073 4652 εἰπεῖν.
3098 4596 3172 4649 Οὐ
3202 4595 3315 4666 γὰρ
3344 4594 3572 4662 γέλωτος
3614 4590 3657 4662 ἢ

2073 4694 2436 4769 εὐτραπελίας
2486 4694 2517 4746 ὁ
2575 4692 2767 4764 παρὼν
2827 4691 3041 4761 καιρὸς,
3100 4686 3237 4741 ἀλλὰ
3266 4686 3492 4747 πένθους
3544 4684 3661 4736 καὶ

2072 4786 2307 4856 ἀγῶνος.
2361 4784 2419 4837 '0
2477 4783 2668 4855 ἐχθρὸς
2718 4782 2981 4853 περιίεισι
3029 4778 3228 4851 τρίζων
3273 4780 3401 4839 τούς
3429 4775 3660 4838 ὀδόντας

2073 4879 2216 4934 κατὰ
2245 4874 2362 4943 σοῦ,
2424 4875 2518 4928 καὶ
2574 4875 2639 4928 σὺ
2664 4873 2882 4938 παίζεις
2926 4870 3024 4924 καὶ
3078 4865 3485 4938 εὐτραηλεύῃς
3528 4864 3659 4917 Καὶ

2069 4968 2476 5039 ἀγωνιζόμενον
2528 4966 2638 5037 γὰρ
2697 4962 2959 5035 δυσχερὲς
3009 4959 3177 5015 αὐτοῦ
3235 4953 3657 5030 περιγενέσθαι,

2070 5063 2224 5127 πόσῳ
2246 5078 2309 5131 γε
2346 5059 2547 5131 μᾶλλον
2582 5057 2880 5123 παίζοντας
2909 5054 2975 5108 Τί
3020 5053 3077 5107 δέ
3108 5055 3259 5106 ἔστιν
3279 5046 3619 5120 εὐτράπιλος
3633 5061 3652 5111 ἶ

2080 5157 2141 5211 '0
2171 5153 2412 5217 εὔκολος,
2443 5154 2472 5206 ό
2497 5151 2678 5205 πάντα
2705 5149 3009 5220 γινόμενος,
3058 5149 3088 5200 ό
3113 5144 3356 5207 εὐκόλως
3384 5139 3658 5212 περιτρέ-

2071 5263 2189 5300 πων
2215 5244 2338 5307 τοὺς
2368 5242 2559 5311 λόγους
2585 5258 2599 5274 ο
2628 5240 2785 5295 τοῦτο
2816 5239 2873 5293 ὁὶ
2904 5239 3142 5294 ἀστάτου
3172 5235 3400 5307 γνώμης
3424 5230 3511 5288 καὶ
3532 5228 3656 5282 ἀλ-

2070 5336 2287 5409 λοτρίας
2325 5335 2434 5388 τῶν
2461 5336 2528 5405 τῇ
2552 5332 2732 5404 πέτρᾳ
2756 5330 3137 5385 δουλευόντων.

2145 5533 2163 5566 ι
2196 5515 2368 5568 Tauro
2391 5511 2499 5584 γάρ
2526 5510 2649 5566 ἐστε
2678 5507 3062 5581 γινώσκοντες,
3102 5505 3187 5560 ότι
3219 5505 3327 5570 πᾶς
3355 5501 3571 5573 πόρνος»
3607 5495 3656 5569 ἢ

1745 5653 1942 5718 Varias
1973 5655 2302 5719 lectiones.

464 5788 509 5817 "
546 5783 767 5856 ποιῆσαι
791 5798 845 5840 ο.
925 5786 968 5818 ³⁸
998 5767 1394 5857 ἀναμνησθήσῃ
1426 5797 1479 5837 ο.
1560 5782 1603 5817 ¹⁶
1632 5780 1902 5865 τοσούτων
1920 5766 1999 5843 ὀξ
