3932 6594
247 462 383 528 1105

1018 414 1424 520 EXPOSlTlO
1463 456 1538 515 IN
1581 456 1824 516 EPIST.
1867 454 1965 515 AD
2005 455 2270 518 senss.
2298 479 2368 494 -—
2404 458 2565 519 CAP.
2608 459 2669 520 ν.

3359 434 3517 521 ῙῙίϐ⁸

240 574 567 643 ἀκάθαρτος,
633 573 665 643 ἢ
726 569 1077 642 πλεονᾶκτηη
1107 572 1166 635 ὃς
1200 570 1350 623 ἀστιν
1394 567 1805 640 εἰδωλολάτρης,

1921 579 2077 636 sator,
2112 579 2204 623 aut
2234 571 2561 638 immundus,
2604 581 2696 625 aut
2726 583 2942 633 avarus,
2990 570 3079 637 qui
3112 582 3192 626 est
3229 571 3492 625 idolorum

240 667 341 719 οὐκ
367 664 478 735 ἔχει
502 664 867 736 κληρονομίαν
892 667 949 719 ὲν
995 666 1060 736 τῇ
1100 662 1351 735 βασιλεία
1408 661 1503 715 τοῦ
1565 657 1841 731 Χριστοῦ

240 757 335 811 καὶ
362 755 516 810 Θεοῦ.
565 756 770 827 Μηδεὶς
812 756 959 828 ὑμᾶς
1011 757 1277 811 ἀπατάτω
1332 757 1512 819 κενοῖς
1544 755 1745 824 λόγοις.
1784 772 1801 805 ι

240 845 416 903 Ἦσάν
445 864 608 913 τινες,
640 850 716 911 ὡς
750 848 947 914 ἔοικεν,
982 850 1032 902 oi
1056 849 1310 917 λέγοντες
1342 849 1468 918 παρ’
1514 846 1808 915 Ἐφεσίοις,

241 938 320 990 δτι
367 936 601 1005 φοϐῆσαι
636 936 807 990 θέλων
866 937 895 989 6
948 936 1103 1001 Θεὸς,
1141 936 1317 990 ταῦτα
1367 934 1712 1003 ἀπηγόρευσε
1741 934 1810 985 τά

242 1029 454 1098 εὐτελῆ.
480 1028 548 1083 Τί
582 1029 689 1101 γὰρ
727 1027 930 1083 ἄτοπον
960 1029 1020 1083 τὸ
1042 1030 1239 1092 εἰπεῖν,
1281 1026 1468 1097 Μωρὲ,
1498 1026 1586 1079 ἵνα
1626 1024 1811 1095 ἔνοχος

237 1120 462 1191 γένηται
492 1122 686 1193 γεέννῃ
714 1124 742 1175 6
768 1121 972 1188 είπών;
1008 1121 1123 1184 πῶς
1145 1120 1204 1173 δὲ
1238 1120 1265 1172 6
1290 1118 1618 1186 πλεονέκτης
1652 1118 1808 1170 είδω-

237 1214 536 1285 λολάτρης;
569 1212 803 1276 Τούτους
832 1211 925 1266 οὖν
956 1212 1255 1266 αἰνίττεται
1294 1213 1322 1264 ό
1373 1210 1697 1271 Ἀπόστολος
1729 1208 1808 1274 ⁸⁷,·
1842 1230 1845 1233 ·

233 1304 382 1374 δηλοί
430 1304 488 1357 δὲ
544 1304 638 1358 καὶ
689 1304 723 1375 ἡ
755 1304 1016 1372 ἐπαγωγή
1039 1320 1053 1331 ·
1093 1320 1112 1354 ι
1145 1300 1349 1373 Μηδεὶς
1379 1300 1522 1370 ὑμᾶς
1546 1298 1813 1352 ἀπατάτω

235 1398 407 1461 κενοῖς
439 1395 637 1464 λόγοις.
677 1415 698 1449 ι
741 1397 902 1450 Κενοὶ
925 1397 1033 1466 γὰρ
1063 1394 1212 1463 λόγοι
1259 1396 1307 1447 oi
1343 1394 1680 1465 πρόσκαιρον
1710 1390 1812 1462 χάο

237 1507 321 1560 ριν
343 1488 586 1558 ἔχοντες,
612 1487 707 1542 ἐπὶ
726 1488 781 1542 δὲ
808 1487 916 1542 τῶν
942 1488 1119 1559 ἔργων
1148 1487 1413 1557 ἄχρηστοι
1446 1484 1812 1553 δεικνύμενοι,

234 1582 325 1633 καὶ
360 1581 549 1652 ἀπάτη
572 1581 634 1634 τὸ
662 1579 888 1635 τοιαῦτα
908 1579 1251 1651 χαρίζεσθαι.
1288 1579 1412 1632 Ὅτι
1434 1578 1543 1649 γὰρ
1562 1579 1592 1633 6
1619 1576 1811 1630 πλεον-

234 1675 398 1743 έκτης
431 1672 846 1744 εἰδωλολάτρης,
882 1672 1159 1744 μάνθδινε·
1220 1690 1238 1723 ι
1279 1671 1354 1725 Ού
1409 1668 1638 1724 δύνασθε
1695 1666 1815 1738 Θεῷ

231 1766 507 1821 δουλεύειν
532 1768 628 1821 καὶ
659 1766 981 1836 Μαμμωνᾷ.
1004 1784 1021 1815 ι
1070 1763 1309 1834 Ἀπέστη
1333 1763 1442 1834 ἀρα
1482 1763 1589 1817 ἀπὸ
1618 1760 1753 1815 Θεοῦ
1785 1762 1814 1815 6

234 1859 586 1928 πλεονέκτης.
620 1857 867 1910 δουλεύει
895 1857 951 1910 δὲ
992 1853 1181 1926 χρυσῷ
1202 1870 1219 1888 ο
1264 1855 1381 1918 πῶς
1410 1852 1501 1907 οὖν
1533 1853 1634 1907 οὐκ
1663 1851 1813 1905 είδω-

1911 664 2105 728 cultor,
2124 679 2228 718 nou
2254 664 2413 719 habet
2434 663 2800 719 [nereditatem
2819 665 2871 716 in
2892 676 3058 731 regno
3076 663 3276 719 Christi
3303 675 3352 718 et
3381 666 3491 718 Dei.
3532 654 3537 658 ’

1911 752 2080 808 Nemo
2094 770 2189 810 vos
2203 756 2423 810 seducat
2444 754 2697 809 iuanibus
2713 755 2914 809 verbis.
2928 773 2946 807 ι
2970 753 3212 810 Fuerunt
3228 757 3492 809 nonnulli.

1912 856 1970 900 ut
2004 846 2239 912 videtur,
2274 846 2413 916 apud
2448 846 2735 917 Ephesios,
2764 850 2852 918 qui
2884 847 3129 902 dicerent
3171 849 3312 917 quod
3357 849 3493 902 Βθιις

1914 938 2029 993 haec
2052 936 2187 991 levia
2214 938 2574 1008 prohibuerit,
2612 950 2671 993 ut
2698 939 3164 1008 perterrefaccret.
3196 940 3325 1006 Quae
3347 942 3488 993 enim

1912 1026 2219 1083 absurditas
2244 1035 2328 1082 est
2357 1026 2564 1089 dicere,
2597 1027 2794 1094 Stulte,
2827 1037 2882 1082 ut
2912 1037 3193 1098 propterea
3226 1029 3488 1099 quispiam

1912 1119 2171 1189 gehennae
2223 1118 2492 1173 obnoxius
2540 1118 2680 1173 ﬁat?
2722 1119 2787 1174 Et
2834 1119 3103 1189 quomodo
3160 1136 3356 1174 avarus
3407 1134 3527 1175 ωι-

1912 1210 2195 1267 idololatra
2232 1209 2259 1265 τ
2287 1210 2398 1266 llos
2450 1212 2627 1280 itaque
2663 1220 2813 1288 potat
2852 1212 2955 1267 hoc
3012 1212 3132 1267 loco
3177 1212 3485 1281 Apostolus,

1910 1301 2056 1371 quod
2086 1309 2139 1355 et
2171 1300 2342 1356 illatio
2375 1300 2577 1357 iudicat
2619 1319 2632 1355 :
2674 1320 2695 1354 ι
2738 1300 2908 1356 Nemo
2936 1315 3031 1356 vos
3059 1300 3280 1356 seducat
3320 1302 3491 1355 inaniv

1913 1391 2015 1446 bus
2052 1390 2257 1445 verbis.
2291 1409 2309 1443 ι
2338 1390 2523 1446 Inania
2553 1392 2697 1447 enim
2736 1392 2897 1449 verba
2927 1378 3073 1459 sunt,
3104 1406 3227 1462 qua:
3266 1391 3493 1462 gratiam

1914 1483 2299 1552 temporariam
2361 1482 2596 1552 habent;
2627 1484 2695 1539 ad
2745 1499 2909 1555 opera
2955 1499 3105 1571 vero,
3150 1484 3361 1541 inutilia
3406 1487 3497 1541 dc-

1918 1582 2292 1631 monstrantur
2328 1594 2344 1631 :
2380 1585 2570 1646 estque
2632 1577 2931 1647 impostura
2976 1576 3286 1647 huiusmodi
3335 1578 3494 1634 verba

1919 1666 2122 1724 facere.
2163 1665 2318 1735 Quod
2369 1678 2546 1724 autem
2593 1682 2790 1725 avarus
2844 1668 2918 1725 sit
2965 1669 3265 1737 idololatra,
3304 1670 3489 1727 disce:

1898 1778 1941 1823 ,ι
1976 1757 2087 1813 Non
2112 1759 2339 1832 potestis
2380 1757 2491 1815 Deo
2521 1760 2728 1816 servire
2759 1769 2814 1816 et
2833 1776 3152 1817 mammona:
3186 1773 3267 1817 ιι.»
3307 1761 3498 1818 Delicit

1916 1851 2102 1922 itaque
2142 1868 2170 1905 a
2212 1851 2323 1908 Deo
2353 1867 2572 1917 avarus,
2605 1862 2660 1907 et
2713 1853 2940 1908 inservit
2984 1867 3117 1908 auro
3146 1870 3160 1908 :
3189 1855 3280 1924 qui
3329 1855 3494 1924 igitur

230 1950 534 2022 λολάτρης;
565 1949 628 2002 Ei
657 1949 714 2002 δὲ
743 1948 893 2017 λέγει
932 1949 999 2013 ’⁸,
1031 1949 1114 2013 ὅτι
1142 1948 1257 2000 υύκ
1312 1946 1543 2016 ἔστησεν
1577 1944 1620 1977 ⁸⁸
1652 1944 1811 1998 είδω-

1921 1960 2025 1999 ηοη
2082 1944 2246 2000 l‘ucrit
2289 1945 2555 2000 idolorum
2596 1945 3015 2002 cultorYPorro
3066 1947 3111 2001 si
3146 1947 3315 2014 dicat,
3371 1947 3489 2002 Non

230 2041 344 2104 λον,
384 2042 439 2094 τί
471 2039 664 2105 τοῦτο;
699 2040 835 2093 Οὐδὲ
867 2037 976 2109 γὰρ
1010 2038 1060 2091 οι
1108 2036 1448 2108 ἀστειότεροι
1473 2034 1583 2090 τῶν
1622 2034 1815 2105 Ἐλλή⁴

229 2149 338 2186 νων
366 2131 607 2196 εἰδώλοις
632 2134 959 2201 προσκυνεῖν
984 2129 1322 2201 ὡμολόγουν,
1353 2127 1491 2182 ἀλλὰ
1511 2130 1578 2199 τῇ
1623 2128 1813 2198 Ἀφρο-

130 2274 139 2281 .
226 2226 348 2296 δίτῃ
382 2224 569 2294 τυχὸν,
605 2225 701 2277 καὶ
728 2223 806 2294 τῷ
848 2223 1007 2291 ’Ἄρει
1033 2237 1047 2252 ·
1072 2221 1249 2275 ταῦτα
1270 2222 1327 2275 δὲ
1358 2221 1527 2291 πάθη.
1581 2218 1722 2274 Ἀλλ’
1750 2219 1810 2273 ού

229 2318 433 2387 σφάξει
460 2318 508 2349 ²⁰
538 2316 788 2386 πρόϐατα
808 2329 823 2344 '
868 2314 1004 2368 ἀλλά
1028 2312 1354 2386 ἀνθρώπους
1384 2313 1478 2367 καὶ
1508 2312 1688 2383 ψυχὰς
1721 2310 1812 2364 λο-

229 2411 424 2477 γικάς.
483 2410 549 2462 Οί
599 2409 863 2480 Ἕλληνες
891 2410 1004 2471 τοῖς
1042 2405 1137 2460 τοῦ
1169 2404 1306 2460 Θεοῦ
1338 2406 1604 2476 κτίσμασι
1640 2420 1812 2475 προσ-

227 2502 527 2569 εκύνησαν,
582 2500 617 2554 6
673 2501 730 2555 δὲ
785 2500 1121 2570 πλεονέκτης
1166 2498 1246 2569 τῷ
1302 2495 1498 2552 ἑαυτοῦ
1547 2496 1814 2567 ποιήματι

229 2596 550 2665 προσκυνεῖ.
599 2594 674 2649 Οὐ
706 2596 748 2626 ¹¹
784 2594 893 2663 γὰρ
925 2596 953 2648 6
1009 2591 1142 2654 Θεὸς
1174 2589 1489 2655 πλεονεξίαν
1534 2588 1811 2660 ἐποίησεν,

226 2687 348 2741 ἀλλ’
378 2688 412 2758 ἡ
446 2686 693 2757 ἡμετέρα
723 2685 1021 2755 ἀπληστια.
1057 2680 1226 2752 Οἶμαι
1265 2680 1320 2734 δὲ
1342 2680 1434 2734 τδν
1467 2680 1677 2734 Παῦλον
1706 2678 1814 2734 ἀπὸ

224 2780 325 2834 τοῦ
358 2780 524 2834 Δαὸὶδ
560 2780 720 2833 τοῦτο
742 2779 919 2831 εἰπεῖν
947 2776 1148 2848 τρόπον
1174 2773 1384 2844 ἕτερον.
1428 2772 1669 2826 Ἐκείνου
1703 2771 1813 2842 γὰρ

226 2874 509 2943 λέγοντος,
542 2891 560 2925 ι
596 2873 677 2927 Τά
706 2871 903 2926 εῐδωλα
928 2869 1036 2923 τῶν
1068 2867 1238 2923 ἐθνῶν
1268 2865 1532 2937 ἀργύριον
1559 2867 1653 2920 καὶ
1676 2882 1812 2937 χρυ-

230 2964 374 3024 οἱον,
412 2980 432 3013 ι
469 2960 829 3030 ἀντιστρέψαι
856 2958 1015 3013 τοῦτο
1064 2959 1205 3011 κατά
1234 2956 1333 3028 τὴν
1367 2955 1612 3027 μεγάλην
1645 2953 1811 3009 αὐτοῦ

232 3054 456 3122 σοφίαν,
509 3054 590 3107 ὅτι
642 3053 703 3106 τὸ
752 3051 1015 3123 ἀργύριον
1066 3050 1158 3103 καὶ
1212 3048 1273 3102 τὸ
1315 3049 1557 3120 χρυσίον,
1596 3045 1810 3101 εἴδωλα.

1915 2036 2063 2092 erexi
2096 2036 2258 2103 idola,
2319 2038 2448 2107 quid
2489 2047 2601 2093 tum
2650 2037 2882 2108 postea?
2934 2052 3111 2108 neque
3149 2039 3291 2093 enim
3322 2042 3494 2110 genti-

1916 2128 1997 2186 les
2044 2129 2364 2185 urbaniores
2414 2144 2475 2186 se
2539 2129 2683 2186 idola
2736 2130 2966 2186 adorare
3012 2130 3343 2199 fatebantur,
3399 2133 3493 2187 sed

1904 2221 2179 2277 ~Vencrem
2205 2219 2435 2278 fortasse
2465 2231 2521 2278 et
2545 2221 2771 2279 Martem
2803 2239 2818 2276 :
2848 2222 2953 2279 ista
2977 2233 3155 2279 autem
3186 2224 3489 2279 animorum

1915 2324 2045 2368 sunt
2080 2311 2328 2370 allectus.
2356 2315 2428 2370 At
2452 2331 2558 2371 non
2590 2322 2791 2370 mactat
2817 2329 2947 2372 oves
2986 2334 3002 2372 :
3034 2316 3281 2372 homines
3315 2326 3491 2372 tamen

1915 2416 2115 2462 mactat
2139 2415 2195 2462 et
2223 2407 2436 2463 animas
2463 2408 2774 2464 rationales.
2815 2407 3060 2465 Gentiles
3093 2408 3186 2464 Dei
3215 2417 3495 2464 creaturas

1915 2498 2215 2555 adorabant
2260 2519 2274 2555 :
2326 2514 2525 2555 avarus
2572 2510 2752 2557 autem
2798 2516 2953 2556 suum
2995 2499 3157 2575 507
3204 2501 3373 2573 ipsius
3426 2503 3491 2555 li-

1956 2601 2193 2647 mentum
2229 2593 2441 2648 adorat.
2493 2591 2611 2649 Non
2641 2594 2785 2649 enim
2824 2595 2963 2650 Deus
2985 2594 3268 2649 avaritiam
3304 2594 3494 2649 condi-

1956 2607 2193 2647 mentum
2229 2607 2441 2648 adorat.
2493 2607 2611 2649 tvon
2641 2608 2785 2649 emm
2825 2607 2963 2650 Deus
2985 2607 3268 2649 avaritiam
3304 2607 3487 2649 conui-

1915 2607 2013 2749 git,
2043 2686 2134 2739 sed
2159 2697 2340 2739 nostra
2370 2685 2766 2744 insatiabilitas.
2803 2685 3009 2758 Opinor
3032 2695 3214 2742 autem
3262 2670 3487 2742 Paulum

1916 2789 1948 2830 a
1990 2775 2192 2831 Davide
2244 2776 2349 2833 hoc
2380 2777 2581 2845 dicere,
2618 2778 2724 2834 alio
2758 2786 2934 2835 tamen
2980 2782 3161 2835 modo.
3204 2777 3300 2834 Illo
3348 2778 3492 2834 enim

1914 2876 2258 2924 asseverante
2292 2910 2309 2934 ,
2369 2869 2719 2926 «Simulacra
2785 2870 3046 2942 gentium,
3102 2881 3384 2942 argentum
3437 2882 3491 2926 et

1914 2974 2105 3012 aurum
2126 2960 2177 3010 ιν
2208 2977 2227 3011 ι
2266 2977 2283 3016 :
2320 2959 2435 3030 ipse
2470 2975 2565 3029 pro
2604 2975 2702 3016 sua
2734 2977 2925 3033 magna
2954 2963 3219 3032 sapientia
3250 2965 3488 3026 invertit,

1914 3051 2238 3121 Argentum,
2282 3054 2559 3123 inquiens,
2588 3063 2643 3108 ct
2672 3068 2863 3109 aurum
2908 3062 3037 3110 sunt
3069 3054 3229 3111 idola.
3261 3053 3493 3110 Proinde

232 3142 453 3197 Οὐκοῦν
482 3145 511 3196 6
536 3140 819 3213 λατρεύων
852 3142 1103 3214 ἀργυρίῳ
1135 3142 1229 3196 καὶ
1270 3157 1371 3212 χρυ
1385 3139 1501 3211 δίῳ,
1534 3137 1814 3192 εἰδωλολά-

1921 3145 2009 3213 qui
2047 3143 2176 3199 colit
2215 3153 2497 3216 argentum
2530 3153 2585 3200 et
2615 3158 2828 3211 aurum,
2862 3146 3082 3202 omnino
3113 3157 3195 3203 est
3223 3148 3433 3203 idoloru
3458 3167 3489 3202 n

228 3253 369 3308 τρης
401 3237 642 3316 πάντως.

321 3349 340 3381 ι
381 3330 483 3382 Διά
529 3330 702 3383 ταῦτα
756 3329 865 3400 γάρ
904 3328 1125 3399 ἔρχεται
1154 3327 1186 3398 ή
1216 3326 1355 3397 ὀργὴ
1403 3325 1498 3380 τοῦ
1530 3323 1666 3378 Θεοῦ
1719 3323 1814 3376 ἐπὶ

232 3420 362 3481 τοὺς
397 3420 547 3482 υἱοὺς
576 3421 671 3488 τῆς
693 3420 990 3481 ἀπειθείας.
1030 3438 1048 3470 ι
1084 3418 1153 3469 Ἢ
1186 3416 1273 3470 διά
1294 3416 1393 3482 τὴν
1418 3419 1695 3487 πορνείαιν,
1721 3414 1818 3467 καὶ

232 3508 337 3579 τὴν
370 3509 740 3580 ἀκαθαρσίαν,
762 3511 857 3564 καὶ
885 3508 983 3579 τὴν
1009 3507 1457 3577 είδωλολατρείαν
1479 3522 1490 3534 ·
1524 3506 1555 3575 ἢ
1582 3504 1670 3558 διά
1692 3504 1818 3568 τοὺς

236 3599 521 3660 τοιούτους
573 3597 763 3665 λόγους
817 3598 926 3649 τῶν
981 3598 1331 3648 ἀπατεώνων.
1399 3592 1711 3655 Ἀπειθείας
1759 3591 1817 3645 δὲ

237 3693 414 3753 υἱοὺς,
446 3690 572 3753 τοὺς
603 3691 808 3761 σφόδρα
829 3689 1095 3753 ἀπειθεῖς,
1125 3691 1253 3753 τοὺς
1275 3690 1352 3760 τῷ
1376 3689 1494 3761 Θεῷ
1524 3687 1819 3742 ἀπιστοῦν-

234 3800 363 3848 τας,
396 3784 520 3846 τοὺς
551 3783 617 3837 τὰ
641 3782 862 3837 το;αῦτα
887 3779 1331 3854 δογματίζοντας.

317 3900 336 3932 ι
368 3881 463 3951 Μὴ
501 3880 593 3934 οὖν
645 3879 862 3950 γίνεσθε
910 3880 1245 3950 συμμέτοχοι
1302 3876 1482 3932 αὐτῶν
1510 3893 1522 3907 ·
1578 3872 1678 3949 ἦτε
1707 3878 1819 3949 γάρ

234 3989 370 4026 ποτε
398 3971 611 4041 σκότος,
639 3972 735 4025 νῦν
782 3970 838 4024 δὲ
888 3970 1003 4039 φῶς
1042 3971 1100 4022 ὲν
1141 3968 1353 4039 Κυρίῳ.
1394 3986 1412 4018 ι
1461 3967 1601 4021 Ἀλλ’
1636 3969 1816 4038 ὑμεῖς,

237 4065 397 4135 φησὶ,
454 4063 532 4133 μὴ
604 4065 1014 4132 συγκοινωνεῖτε
1070 4064 1276 4126 αὐτοῖς.
1334 4056 1466 4115 Εἶτα
1513 4062 1824 4133 ἀναμιμνη-

239 4173 366 4210 σκει
393 4158 439 4188 ¹¹
468 4155 665 4219 αὐτους
689 4157 786 4227 τῆς
813 4158 1086 4227 προτέρας
1115 4155 1337 4221 κακίας,
1374 4154 1551 4224 λέγων
1570 4171 1586 4187 ·
1635 4156 1826 4209 Ἐννοιο

237 4249 414 4318 ήσατε
445 4248 498 4300 τί
520 4244 644 4318 ἦτε,
671 4248 764 4302 καὶ
801 4245 855 4300 τί
886 4248 1173 4316 γεγόνατε.
1201 4247 1294 4300 καὶ
1324 4246 1407 4299 ὅτι
1435 4245 1545 4301 ἀπὸ
1575 4248 1820 4315 σκότους,

238 4338 379 4408 φῶς.
412 4337 685 4408 Πρότερον
714 4336 760 4368 ’³
790 4336 888 4406 μὲν
909 4336 1018 4408 γὰρ
1056 4333 1154 4390 καὶ
1184 4352 1327 4390 κατα
1355 4336 1424 4390 τά
1448 4335 1696 4407 δόγματα
1726 4340 1823 4393 καὶ

237 4427 386 4482 κατά
419 4427 511 4481 τδν
550 4428 688 4499 βίον,
722 4426 914 4491 σκότος
948 4425 1272 4499 αὐτόχρημα
1302 4422 1400 4498 ἦτε
1427 4443 1442 4459 ο
1478 4426 1573 4481 νῦν
1605 4428 1663 4482 δὲ
1708 4428 1824 4498 φῶς

1917 3235 2111 3291 cultor.
2194 3266 2199 3269 η

2024 3394 2026 3398 γ
2053 3329 2281 3401 Propter
2313 3332 2429 3388 haec
2454 3331 2597 3389 enim
2626 3333 2773 3388 venit
2803 3332 2881 3388 ira
2909 3332 3001 3389 Dei
3033 3336 3087 3390 in
3118 3333 3255 3391 tilios
3298 3335 3489 3389 inube-

1921 3418 2158 3477 dientiae.
2188 3440 2206 3474 ι
2230 3422 2324 3478 Vel
2344 3433 2565 3494 propter
2589 3420 3009 3481 fornicationem
3032 3435 3084 3482 et
3100 3427 3488 3497 impuritateni,

1920 3514 2004 3568 vel
2041 3522 2262 3585 propter
2295 3515 2559 3570 idolorum
2595 3516 2885 3584 culturam,
2924 3517 3009 3573 vel
3045 3529 3261 3589 propter
3301 3518 3489 3586 hujus-

1921 3609 2064 3664 modi
2084 3609 2430 3680 deceptorum
2442 3623 2739 3665 sermones.
2757 3608 3132 3667 lnobcdientiae
3153 3620 3333 3666 autem
3358 3611 3495 3666 lilios

1922 3701 2055 3761 dicit
2108 3701 2264 3756 valde
2293 3701 2684 3768 inobedientes,
2716 3717 2746 3757 a
2780 3702 2891 3759 Deo
2923 3703 3262 3772 deﬁcientes,
3295 3720 3358 3760 ac
3384 3715 3496 3759 tra-

1921 3800 2114 3855 dentes
2140 3797 2451 3866 hujusmodi
2477 3800 2751 3869 dogmata.

1989 3888 2157 3947 Vsus.
2188 3890 2239 3945 7.
2289 3908 2308 3943 ι
2354 3889 2533 3945 Nolite
2577 3906 2709 3961 ergo
2758 3889 2895 3948 elﬁci
2945 3891 3240 3963 participes
3281 3906 3492 3948 eorum.

1924 3979 2104 4035 Eratis
2132 3978 2277 4034 enim
2310 3978 2599 4050 aliquando
2630 3984 2888 4046 tenebrae,
2920 3997 3062 4038 nunc
3091 3992 3272 4038 autem
3310 3982 3397 4037 lux
3440 3984 3494 4039 iu

1926 4071 2173 4126 Domino.
2230 4089 2248 4123 ι
2302 4070 2372 4125 At
2407 4085 2524 4135 vos,
2574 4069 2773 4142 inquit,
2823 4086 2892 4129 ne
2935 4074 3347 4131 communicatis
3394 4077 3495 4130 eis.

1924 4162 2125 4218 Deinde
2145 4161 2349 4218 scelera
2363 4162 2545 4235 priora
2561 4163 2642 4218 eis
2663 4162 2726 4217 ad
2747 4163 3060 4220 memoriam
3082 4177 3317 4223 revocat.
3335 4166 3496 4237 Cogi-

1927 4265 2058 4321 tate,
2094 4255 2367 4325 inquiens,
2402 4255 2530 4325 quid
2559 4255 2746 4323 eratis,
2775 4262 2829 4310 et
2854 4255 2982 4325 quid
3015 4254 3139 4312 facti
3171 4257 3313 4321 sitis,
3346 4258 3492 4327 quod

1926 4365 1955 4405 a
1994 4349 2232 4406 tenebris
2262 4349 2443 4404 lumen
2478 4347 2603 4404 facti
2638 4348 2782 4403 sitis.
2816 4348 3056 4403 Primum
3091 4346 3311 4419 quidem
3351 4360 3408 4405 et
3439 4350 3491 4403 iu

1926 4440 2289 4514 dogmatibus,
2334 4446 2390 4495 et
2434 4440 2488 4494 in
2524 4439 2648 4494 vitae
2693 4438 3122 4504 conversatione,
3160 4438 3395 4494 tenebras
3438 4457 3495 4496 re

238 4520 389 4586 tota,
418 4518 515 4573 ἀτε
541 4521 634 4572 καὶ
653 4518 786 4573 Θεδν
809 4520 1205 4586 ἐπεγνωκότες,
1227 4520 1321 4573 καὶ
1341 4518 1481 4590 ἔργα
1497 4518 1675 4583 φωτὸς
1693 4536 1814 4589 μετ-

1928 4535 2040 4605 ipsa
2062 4535 2228 4589 eratis
2257 4551 2271 4589 :
2303 4547 2448 4587 nunc
2478 4546 2604 4587 vero
2636 4531 2817 4586 lumen
2847 4532 2999 4595 estis,
3025 4539 3210 4602 utpote
3238 4541 3292 4587 et
3326 4533 3494 4590 Deum

241 4611 647 4676 t6ws;.—Toiiso
674 4612 732 4666 δὲ
764 4613 992 4683 γέγονεν
1031 4612 1187 4683 ὑμῖν,
1224 4613 1326 4666 οὐκ
1362 4612 1471 4667 ἀπὸ
1492 4612 1591 4682 τῆς
1625 4610 1819 4682 ὑμετὲο

243 4728 346 4782 ρας
372 4711 595 4781 ἀρετῆς,
629 4710 743 4763 ἀλλ’
777 4713 836 4763 ὲν
868 4708 1078 4780 Κυρίῳ,
1122 4707 1369 4762 τουτέστι
1418 4706 1505 4761 διὰ
1538 4706 1639 4777 τῆς
1666 4706 1817 4771 θείας

240 4799 486 4872 χάριτος.
512 4800 626 4855 Οὐκ
651 4794 746 4855 οὖν
787 4798 1032 4869 ὀφείλετε
1077 4797 1190 4861 τοῖς
1225 4797 1360 4861 υἱοῖς
1406 4797 1504 4867 τῆς
1536 4796 1818 4862 ἀπειθείας

242 4892 543 4955 κοινωνεῖν,
593 4890 679 4960 ἔφ’
733 4888 824 4953 οὓς
856 4890 1073 4960 ἔρχεται
1112 4888 1146 4960 ἡ
1183 4888 1322 4958 ὀργή
1352 4903 1367 4920 ο
1406 4888 1537 4941 ποτὲ
1582 4889 1691 4960 γὰρ
1716 4885 1817 4961 ἦτε

242 4980 480 5034 τοιοῦτοι
501 4981 597 5035 καὶ
619 4981 760 5046 ἄξιοι
795 4980 963 5052 ὀργῆς
983 4997 999 5013 ο
1033 4978 1128 5033 νῦν
1158 4978 1216 5033 δὲ
1239 4978 1423 5033 οὐκέτι
1442 4996 1456 5010 ’
1490 4980 1565 5052 μὴ
1595 4979 1688 5034 οὖν
1715 4998 1819 5036 πα-

244 5072 650 5145 λινδρομήσητε
690 5072 828 5144 πρὸς
848 5071 910 5126 τὸ
938 5073 1146 5136 σκότος.

327 5286 347 5321 ι
394 5267 485 5331 Ὠς
526 5267 693 5323 τέκνα
718 5266 895 5338 φωτὸς
922 5273 1301 5342 περιπατεῖτε.
1334 5290 1354 5325 ι
1376 5270 1692 5338 τουτέστιν,
1726 5273 1819 5328 εὖ·

250 5358 560 5429 τλημόνως,
593 5358 689 5413 καὶ
723 5359 800 5423 ὡς
826 5360 996 5425 είκδς.
1025 5360 1117 5416 τδν
1141 5362 1199 5415 ἐν
1222 5361 1363 5429 φωτὶ
1390 5362 1819 5432 περιπατοῦντα.

253 5450 475 5505 Μᾶλλον
505 5451 562 5504 δὲ
592 5450 689 5504 καὶ
714 5450 896 5515 ἄλλοις
928 5452 1045 5521 φῶς
1074 5454 1224 5523 ἡμᾶς
1256 5448 1395 5506 εἶναι
1426 5452 1822 5508 διακελεύεται.

251 5541 327 5596 T6
352 5542 461 5612 γὰρ
492 5540 587 5596 τοῦ
618 5541 794 5612 φωτὸς
825 5542 1036 5606 τέκνον,
1075 5546 1293 5607 πάντως
1322 5544 1418 5598 καὶ
1446 5544 1578 5598 αὐτὸ
1607 5543 1743 5615 φῶς.

359 5664 389 5705 ι’
418 5652 611 5709 Matth.
643 5668 720 5720 vt,
752 5653 839 5710 14.
952 5665 981 5707 r
1005 5655 1037 5689 "
1057 5653 1200 5711 Psal.
1234 5670 1389 5721 cxtu,
1413 5655 1469 5711 4.

203 5707 239 5733 σε

1922 4634 2331 4699 cognoscentes.
2379 4632 2435 4679 et
2474 4638 2636 4695 Opera
2671 4622 2807 4679 lucis
2835 4622 3123 4682 facientes.
3153 4625 3270 4684 Hoc
3315 4636 3492 4682 autem

1926 4719 2155 4788 contigit
2177 4716 2330 4773 vobis
2348 4731 2455 4771 non
2474 4730 2504 4769 a
2531 4724 2706 4770 vestra
2725 4713 3056 4782 virtute,sed
3077 4736 3097 4770 ι
3114 4718 3170 4773 in
3197 4719 3441 4785 Domino,
3469 4739 3487 4771 ι

1928 4807 2033 4862 hoc
2055 4813 2137 4861 est
2180 4820 2275 4875 per
2296 4805 2531 4860 divinam
2553 4804 2805 4874 gratiam.
2826 4805 2942 4863 Non
2962 4807 3169 4864 debetis
3189 4808 3353 4878 igitur
3374 4811 3498 4865 lilii}

1927 4896 2306 4953 inobedientiaz
2332 4905 2386 4952 et
2412 4890 2808 4954 incredulitatis
2830 4900 3251 4965 communicare,
3279 4901 3335 4956 in
3358 4917 3494 4970 quos

1926 4988 2194 5043 venitira.
2222 4988 2501 5055 Quondam
2528 4991 2674 5044 enim
2718 4991 2886 5047 eratis
2920 4991 3054 5047 tales
3109 4989 3493 5061 diguiqneira,

1926 5095 2072 5137 nunc
2111 5090 2291 5135 autem
2330 5094 2439 5136 non
2474 5094 2637 5151 porro
2673 5097 2686 5135 :
2726 5095 2794 5137 ne
2833 5082 2998 5154 igitur
3036 5098 3227 5139 rursus
3258 5085 3494 5141 curratis

1927 5173 1994 5229 ad
2020 5172 2293 5230 tenebras.

1994 5264 2239 5321 Vsas.8.
2263 5282 2282 5317 ι
2313 5263 2648 5321 Utt‘iliilucis
2662 5265 2949 5322 ambulate.
2981 5284 3001 5319 ο
3023 5264 3136 5323 iloc
3176 5268 3489 5335 estdccore,

1922 5366 1978 5411 et
2004 5357 2459 5427 quemadmodum
2484 5357 2636 5413 decet
2658 5371 2778 5411 eum
2799 5355 2890 5427 qui
2921 5356 2973 5412 in
2997 5356 3201 5414 lumine
3226 5360 3488 5418 ambulat.

1922 5446 2063 5515 Quin
2084 5448 2264 5518 potius
2287 5446 2409 5503 aliis
2429 5448 2593 5502 etiam
2624 5461 2720 5502 nos
2749 5447 2930 5503 lumen
2961 5464 3083 5506 esse
3103 5449 3259 5518 jubet
3284 5470 3299 5507 :
3330 5451 3495 5508 lumi~

1922 5540 2009 5597 nis
2034 5539 2177 5595 enim
2211 5536 2349 5593 ﬁlius
2372 5537 2592 5593 omnino
2624 5546 2679 5592 et
2707 5538 2823 5607 ipse
2854 5537 3035 5595 lumcu
3068 5549 3175 5597 est.

231 5731 253 5800 ἴ
1602 5750 1801 5811 Variae
1833 5748 2163 5811 lectiones.

180 5838 189 5845 ’
263 5936 271 5937 7
324 5852 366 5884 "
396 5848 609 5918 Παῦλος
629 5866 693 5917 o._
762 5853 804 5888 “
831 5852 1010 5925 λέγεις
1040 5869 1093 5911 o.
1172 5855 1213 5889 ¹⁹
1253 5854 1457 5927 ἔστησα
1498 5870 1551 5911 ο.
1627 5856 1671 5888 ὀ
1716 5854 2063 5925 σφαγιάζειο
2160 5855 2201 5887 ¹¹
2236 5853 2356 5909 οὐδὲ
2381 5870 2433 5911 o.
2514 5852 2560 5885 "
2589 5851 2674 5906 ἵνα
2702 5853 3089 5931 ἀναμιμνήσκῃ
3114 5871 3168 5914 ο.
3258 5862 3305 5895 ⁸³
3339 5860 3491 5937 πρῶ-

256 5936 344 5975 τον
373 5937 427 5977 0.
