3932 6586
240 445 387 518 1113

1031 455 1442 519 EIPOSITIO
1482 453 1563 515 ΙΝ
1600 450 1848 515 EPIST.
1887 449 1990 510 AD
2028 449 2296 514 EPHES.
2338 477 2406 490 -
2438 453 2601 515 CAP.
2638 452 2706 514 V.

3352 449 3491 516 1114

237 584 330 623 vat
359 569 629 641 ἀλλήλοις,
652 570 906 627 οὐδέποτε
934 570 1489 642 σκανδαλισθήσονται
1517 569 1550 641 ἢ
1577 565 1832 636 διαλυθή-

1953 574 2185 620 ueterum
2216 563 2270 619 in
2301 565 2491 620 timore
2522 563 2639 619 Dei.
2675 562 2777 629 Qui
2805 561 2949 618 enim
2997 558 3093 616 Dei
3130 558 3350 618 nomine
3378 563 3509 621 obe-

242 678 456 727 σονται,
489 663 732 718 τοιοῦτον
774 663 1075 737 σύνδεσμον
1106 663 1343 735 ἔχοντες.

350 862 373 897 ι
412 844 477 899 Δί
506 846 783 913 γυναῖκες,
817 847 932 909 τοῖς
959 844 1110 909 ίδίοις
1139 844 1398 917 ἀνδράσιν
1428 842 1829 904 ὑποτάσσεσθε,

243 935 326 1001 ὥς
361 935 443 1007 τῷ
489 936 699 1008 Κυρίῳ.
740 956 759 990 ι
793 938 907 1009 Οὐχ
950 937 1138 1001 ἁπλῶς
1177 939 1275 992 καὶ
1318 937 1439 1006 είκῆ
1490 934 1690 1007 πολλὴν
1734 934 1832 1005 τὴν

248 1030 494 1101 σπουδὴν
523 1034 759 1084 ποιεῖται
790 1035 816 1084 6
847 1030 1060 1094 Παῦλος
1093 1031 1235 1101 ὑπὲρ
1275 1033 1375 1102 τῆς
1403 1030 1683 1098 συζυγίας,
1717 1026 1831 1081 ἀλλ’

244 1126 444 1193 ἐπειδὴ
504 1123 599 1176 καῖ⁵
650 1126 677 1177 6
724 1122 858 1187 Θεὸς
910 1122 1115 1193 ταύτης
1169 1121 1230 1188 ἑξ
1285 1123 1459 1194 ἀρχῆς
1519 1121 1834 1191 ἐφρόντισεν

244 1214 649 1283 ὑπερϐολικῶς.
699 1214 791 1284 Τῷ
840 1214 948 1285 γὰρ
994 1213 1166 1284 Ἀδὰμ
1212 1213 1309 1282 τὴν
1358 1212 1594 1282 ἀδελφὴν
1638 1208 1831 1276 αὑτοῦ,

249 1307 461 1376 μᾶλλον
513 1306 568 1360 δὲ
613 1306 705 1378 τὴν
732 1307 1029 1376 θυγατέρα,
1064 1309 1158 1361 καὶ
1200 1306 1253 1359 τί
1300 1306 1479 1372 λέγω;
1526 1305 1624 1375 τὴν
1660 1302 1836 1374 σάρκα

247 1399 355 1468 τὴν
393 1396 559 1450 αὑτοῦ
601 1399 831 1467 ἥνωσεν.
876 1393 1010 1451 Εἶτα
1065 1397 1458 1469 πληθυνθέντος
1498 1396 1591 1450 τοῦ
1621 1395 1834 1463 γένους,

247 1490 349 1543 καὶ
379 1491 693 1561 περαιτέρω
712 1490 803 1544 τὸν
827 1491 1004 1560 γάμον
1032 1489 1319 1555 ἐξέτεινεν,
1354 1489 1440 1542 ῐνα
1467 1487 1543 1558 μὴ
1573 1486 1673 1558 τὴν
1702 1486 1839 1554 ἀγά-

248 1596 365 1649 πην
389 1580 640 1651 συστείλῃ
672 1584 747 1645 εἰς
782 1571 977 1651 μόνούς
1027 1581 1154 1644 τοὺς
1194 1583 1496 1647 συγγενεῖς.
1531 1579 1639 1632 Καὶ
1664 1579 1690 1631 6
1726 1576 1840 1647 βίος

249 1669 309 1723 δὲ
362 1670 525 1741 ἡμῶν
567 1670 653 1723 διὰ
695 1670 804 1724 τῶν
847 1669 1120 1740 συζυγιῶν
1152 1672 1534 1741 συγκροτεῖται
1562 1670 1627 1723 ³⁹.
1660 1667 1833 1738 Φησ“ιν

247 1763 372 1829 οὖν,
401 1765 485 1819 ὃτι
523 1765 634 1817 (At
663 1766 945 1833 γυναῖκες,
974 1763 1349 1817 ὑποτάσσεσθε
1378 1764 1491 1824 τοῖς
1520 1760 1835 1832 ἀνδράσιν.»

260 1856 396 1911 Ἐάν
432 1855 542 1926 γὰρ
574 1858 630 1908 ἐν
673 1855 896 1927 ὁμονοίᾳ
938 1856 972 1926 ἡ
1006 1853 1237 1923 συζυγία
1265 1851 1324 1926 ᾖ,
1356 1854 1451 1907 κοιλ⁸
1487 1851 1670 1916 παῖδες
1718 1850 1840 1921 τρέ-

248 1963 451 2014 φονται
486 1947 687 2011 καλῶς,
731 1949 825 2000 καὶ
863 1946 1078 1999 οἰκέται
1116 1945 1462 2009 εύτακτοῦσι,
1494 1943 1593 1998 καὶ
1635 1944 1835 2007 πάντα,

249 2038 350 2090 καὶ
398 2038 467 2091 τὰ
498 2038 607 2091 τῶν
642 2038 926 2107 γειτόνων,
967 2038 1062 2091 καὶ
1107 2036 1176 2090 τά
1218 2037 1327 2091 τῶν
1378 2036 1567 2106 φίλων,
1610 2031 1669 2089 εὖ
1702 2034 1834 2105 ἔχει.

249 2128 548 2183 Δουλεύετε
574 2130 630 2184 δὲ
664 2131 741 2194 ὡς
767 2130 846 2203 τῷ
875 2131 1084 2201 Κυρίῳ.
1112 2129 1237 2193 Πῶς
1264 2128 1356 2182 οὑν
1380 2128 1613 2198 ἀλλαχοῦ
1644 2127 1841 2197 γέγρα-

252 2240 393 2277 πται
417 2239 431 2254 ο
466 2241 486 2275 ι
521 2224 619 2276 Ἂν
656 2223 729 2295 μή
760 2241 843 2286 τις
873 2223 1213 2291 ἀποτάξηται
1238 2223 1478 2291 γυναικὶ,
1518 2222 1612 2275 καὶ
1645 2216 1827 2293 [γυνὴ]

250 2315 436 2386 ἀνδρὶ,
469 2314 530 2367 οὑ
566 2313 789 2368 δύναταί
822 2330 913 2385 μοι
942 2313 1294 2380 άκολουθεῖν;
1339 2331 1357 2363 ι
1398 2312 1461 2364 Ei
1508 2311 1617 2382 γὰρ
1644 2310 1720 2372 ὡς
1761 2308 1839 2380 τῷ

253 2409 458 2479 Κυρίῳ
490 2406 763 2462 δουλεύειν
791 2406 918 2479 χρὴ,
960 2406 1079 2470 πῶς
1110 2405 1261 2472 λέγει
1310 2406 1420 2459 δεῖν
1439 2404 1771 2474 ἀφίστασθαι
1798 2403 1842 2437 ⁸ο

255 2501 348 2555 διά
369 2501 462 2554 τὸν
488 2500 720 2571 Κύριονς
747 2501 871 2554 Ὀτι
897 2500 978 2567 τὸ,
1000 2518 1018 2552 ι
1057 2499 1167 2563 Ὦς,
1193 2518 1212 2551 ι
1240 2501 1301 2553 οὐ
1323 2499 1539 2562 πάντως
1566 2496 1843 2568 πανταχοῦ

260 2594 544 2663 ἰσοτιμίας
574 2593 743 2649 ἐστίν.
767 2594 858 2658 Ἢ,
884 2592 969 2646 ὅτι
988 2611 1005 2644 ι
1040 2592 1464 2657 ’Υποτάσσεσθε,
1493 2611 1510 2644 ι
1539 2592 1728 2644 είδυῖαι
1762 2591 1843 2644 ὅτι

256 2684 342 2756 τῷ
377 2685 500 2757 Θεῷ
541 2684 820 2740 δουλεύετε
849 2702 864 2717 ο
924 2683 1225 2748 τουτέστιν,
1256 2685 1304 2738 εί
1346 2686 1442 2738 καὶ
1500 2683 1572 2755 μὴ
1621 2683 1708 2736 διὰ
1754 2683 1845 2736 τὸν

259 2777 442 2849 ἄνδρα
473 2777 924 2849 προηγουμένως,
958 2774 1092 2830 άλλά
1122 2791 1186 2844 γε
1220 2774 1309 2828 διὰ
1334 2774 1426 2828 τὸν
1467 2774 1669 2842 Κύριον
1689 2773 1756 2827 δ’.
1783 2773 1846 2825 Εἰ

259 2868 377 2938 γὰρ
411 2869 440 2921 6
474 2869 538 2938 τῇ
576 2866 682 2933 ἔξω
711 2866 851 2936 ἀρχῇ
883 2865 1352 2936 ἀντιταττόμενος,
1380 2867 1444 2935 τῇ
1495 2863 1592 2917 τοῦ
1641 2862 1845 2933 Κυρίου

259 2960 501 3029 διαταγῇ
533 2958 855 3030 άνθὲστηκε·
887 2959 1067 3028 πολλῷ
1102 2958 1301 3029 μᾶλλον
1342 2956 1477 3028 ἡτῷ
1522 2955 1676 3025 ἀνδρὶ
1700 2956 1849 3009 ἀντι-

260 3050 597 3121 ταττομένη.
633 3050 794 3103 Ὥστε
820 3051 885 3102 ὲκ
919 3049 1015 3103 τοῦ
1072 3048 1314 3102 ἐναντίου
1354 3049 1395 3120 ἡ.
1434 3044 1846 3116 ὑποταττομὲνη

260 3142 348 3215 τῷ
372 3143 566 3215 Κυρίῳ
586 3142 975 3197 ὑποτάσσεται.

1932 656 2108 720 diunt,
2160 671 2435 724 nunquam
2480 654 2823 712 oﬂ‘endentur
2869 661 2963 709 aut
2992 650 3355 708 dissolventur
3380 670 3503 710 cum

1934 748 2092 802 talem
2122 763 2316 803 nexum
2345 748 2653 805 habuerint.

2005 840 2172 897 Vens.
2200 841 2293 897 22.
2332 840 2594 907 «Uxores,
2633 842 2846 897 maritis
2879 843 3113 913 propriis
3136 846 3366 900 subditae
3388 843 3512 898 sitis

1933 937 2097 992 veluti
2130 936 2381 991 Domino.
2413 954 2433 988 ι
2465 935 2579 989 Non
2610 934 2929 1005 simpliciter
2958 952 3018 991 ac
3053 948 3256 994 temere
3280 939 3508 992 nmltum

1935 1029 2231 1099 seduloque
2258 1028 2470 1082 laborat
2498 1025 2694 1081 Paulus
2718 1041 2815 1094 pro
2843 1026 3074 1096 coniugii
3110 1029 3384 1090 ﬁrmitate,
3419 1030 3512 1083 sed

1935 1126 2060 1191 quia
2096 1121 2237 1176 Deus
2267 1120 2430 1175 etiam
2466 1134 2494 1172 a
2536 1118 2807 1189 principio
2847 1119 3006 1186 hujus
3045 1120 3295 1174 eximiam
3324 1135 3511 1175 curam

1938 1214 2130 1285 gessit.
2160 1212 2370 1267 Adamo
2413 1213 2555 1266 enim
2602 1226 2844 1266 sororem
2890 1227 3064 1273 suam,
3099 1212 3204 1265 imo
3240 1213 3418 1281 potius
3454 1211 3514 1265 ii-

1937 1305 2089 1369 liam,
2113 1313 2167 1358 et
2198 1304 2327 1374 quid
2349 1303 2512 1358 dico?
2544 1317 2768 1358 carnem
2795 1302 2967 1372 ipsius
2996 1303 3286 1373 cepulavit.
3317 1302 3516 1357 Deinde

1939 1395 2294 1465 multiplicato
2338 1409 2536 1465 genere
2560 1436 2575 1460 ,
2618 1395 2779 1450 latins
2813 1395 3217 1451 matrimonium
3251 1395 3515 1461 extendit,

1937 1490 2097 1564 411
2151 1505 2218 1546 ne
2247 1490 2589 1546 dilectionem
2614 1491 2679 1545 ad
2699 1490 2842 1545 solos
2869 1498 3126 1561 cognatos
3154 1490 3514 1545 contraheret.

1940 1585 2131 1650 Porro,
2180 1584 2289 1638 vita
2343 1592 2529 1638 nostra
2583 1598 2681 1653 per
2731 1583 2983 1655 conjugia
3040 1583 3369 1638 continetur.
3428 1582 3521 1636 Ait

1940 1690 2114 1745 ergo:
2151 1693 2170 1727 ι
2211 1672 2449 1742 Uxores,
2477 1674 2733 1745 subjectae
2773 1683 2950 1730 estote
2984 1675 3196 1729 maritis
3233 1675 3450 1729 vestris.
3494 1692 3512 1725 ο

1944 1767 2000 1824 Si
2031 1769 2173 1823 enim
2226 1768 2281 1824 in
2318 1769 2606 1824 concordia
2664 1768 3068 1823 matrimonium
3129 1766 3311 1829 fuerit,
3371 1766 3520 1836 pueri

1945 1861 2083 1915 bene
2126 1861 2449 1925 educantur,
2504 1868 2559 1915 et
2612 1858 2798 1914 famuli
2847 1860 3094 1912 ordinate
3137 1873 3256 1913 sese
3297 1857 3519 1922 habent,

1942 1952 2186 2020 adeoque
2233 1957 2425 2005 cuncta
2477 1959 2585 2004 tam
2632 1948 2937 2005 vicinorum
2995 1963 3156 2016 quam
3225 1948 3519 2003 amicorum

1941 2053 2069 2101 sunt
2126 2044 2180 2097 in
2234 2041 2375 2098 felici
2429 2050 2592 2097 statu.
2652 2039 2864 2095 Servite
2909 2047 3086 2093 autem
3137 2039 3218 2095 eis
3264 2046 3520 2109 tanquam

1942 2136 2195 2191 Domino.
2227 2134 2396 2204 Ecqui
2431 2133 2555 2189 alibi
2591 2134 2852 2201 scriptum
2883 2143 2962 2189 εει
2991 2152 3004 2188 :
3042 2151 3059 2185 ι
3096 2130 3209 2187 Nisi
3242 2133 3362 2203 quis
3399 2133 3522 2188 reli-

1944 2232 2126 2301 querit
2160 2246 2382 2285 uxorem
2416 2237 2469 2285 et
2493 2229 2692 2294 virum,
2731 2242 2837 2282 non
2877 2226 3075 2297 poterit
3108 2243 3193 2281 me
3231 2227 3471 2297 sequi“?
3498 2245 3517 2280 ι

1943 2323 2079 2378 Nam
2119 2322 2165 2377 si
2199 2331 2455 2390 tanquam
2484 2319 2715 2373 Domino
2738 2318 3087 2373 serviendum
3117 2327 3222 2383 est,
3255 2317 3525 2387 quomodo

1944 2414 2330 2472 discedendum
2352 2428 2472 2469 esse
2504 2412 2631 2466 dicit
2656 2423 2877 2481 propter
2908 2411 3234 2467 Dominum?
3260 2408 3523 2476 Quoniam

1946 2506 2303 2570 adverbium,
2363 2523 2383 2558 ι
2416 2502 2620 2571 Veluti,
2670 2523 2690 2557 ›
2759 2519 2864 2559 non
2915 2514 3000 2558 est
3051 2502 3246 2570 ubique
3300 2502 3526 2571 aqualis

1947 2601 2173 2657 honoris
2219 2608 2366 2654 nota.
2409 2595 2499 2651 Vel
2552 2594 2781 2652 subditae
2832 2596 2972 2661 sitis,
3024 2594 3120 2659 ait,
3160 2612 3179 2645 ι
3213 2592 3458 2648 Scientes
3497 2612 3517 2645 ›

1946 2694 2088 2764 quod
2122 2691 2375 2747 sentiatis
2412 2688 2562 2744 Deo:
2598 2690 2698 2744 hoc
2727 2697 2831 2755 est,
2862 2688 2906 2743 si
2942 2703 3045 2742 non
3084 2694 3305 2757 propter
3342 2683 3522 2737 virum

1947 2782 2236 2853 imprimis,
2269 2787 2492 2850 propter
2531 2778 2815 2833 Dominum
2845 2786 3046 2831 tamen.
3093 2775 3230 2829 Nam
3269 2774 3314 2828 si
3352 2774 3398 2828 is
3432 2774 3526 2842 qui

1947 2872 2207 2929 exteriori
2264 2868 2519 2940 potestati
2572 2869 2805 2931 resistit,
2855 2864 3149 2920 Dominicaa
3196 2860 3529 2917 ordinationi

1950 2967 2197 3030 resistit,
2242 2963 2409 3019 multo
2451 2962 2622 3031 magis
2670 2975 2788 3031 quae
2818 2960 3012 3013 marito
3062 2972 3162 3014 suo
3211 2956 3525 3011 reluctatur.

1947 3057 2134 3128 Itaque
2179 3072 2210 3112 e
2258 3053 2554 3119 contrario,
2613 3066 2732 3123 qua:
2781 3052 2974 3106 marito
3031 3048 3247 3115 obedit,
3291 3046 3520 3104 Domino

1948 3149 2153 3204 obedit.

345 3258 366 3289 ι
404 3238 529 3291 Ὅτι
557 3238 585 3289 6
608 3238 746 3308 ἀνὴρ
770 3237 885 3290 ἐστι
923 3236 1137 3307 κεφαλὴ
1191 3234 1291 3303 τῆς
1320 3232 1598 3302 γυναικὸς,
1631 3231 1708 3295 ὡς
1749 3229 1844 3285 καὶ

2025 3241 2188 3295 Vens.
2220 3238 2312 3293 25.
2342 3256 2362 3290 ι
2396 3236 2661 3304 Quoniam
2689 3235 2773 3293 vir
2803 3241 2960 3307 caput
2990 3244 3071 3290 est
3098 3233 3362 3297 mulieris,
3387 3234 3529 3289 sicut

261 3332 294 3385 6
321 3328 562 3400 Χριστὸς
593 3328 803 3397 κεφαλὴ
859 3328 961 3398 τῆς
999 3325 1351 3397 Ἐκκλησίας,
1400 3324 1497 3379 καὶ
1528 3324 1689 3387 αὑτός
1729 3326 1845 3377 ἐστι

266 3422 463 3492 σωτὴρ
488 3420 581 3473 τοῦ
621 3420 897 3490 σώματος.
940 3438 959 3471 ι
1021 3418 1156 3473 Ἀπὸ
1204 3417 1482 3488 λογισμῶν
1525 3418 1755 3490 συνιστᾷ
1788 3418 1850 3472 τδ

264 3518 384 3572 δεῖν
415 3516 822 3569 ὑποτάσσεσθαι
864 3515 964 3578 τάς
1001 3515 1287 3582 γυναῖκας,
1347 3514 1443 3566 καὶ
1488 3511 1601 3580 τῆς
1630 3512 1852 3580 ἀγάπης

268 3606 541 3660 ὑπόθεσιν
569 3606 667 3658 καὶ
691 3605 947 3674 ἀφορμὴν
970 3604 1177 3674 τίθησι,
1212 3604 1273 3657 τὸ
1299 3603 1391 3657 τὸν
1423 3602 1523 3672 μὲν
1547 3602 1717 3673 ἄνδρα
1751 3602 1852 3670 τὴν

266 3697 514 3770 ἁρχικὴν
566 3696 661 3751 καὶ
724 3695 1091 3767 προνοητικὴν
1138 3696 1293 3760 τάξιν
1342 3695 1563 3766 ἐπέχειν
1617 3692 1883 3764 (κεφαλὴ

267 3792 385 3863 γάρ
421 3793 560 3856 ἐστι,
604 3793 759 3861 φησὶ,
798 3787 894 3843 καὶ
937 3790 1142 3859 σωτήρ)
1167 3804 1183 3819 ⁸
1215 3789 1313 3859 τὴν
1363 3787 1422 3841 δὲ
1475 3788 1709 3855 γυναῖκα
1754 3786 1854 3857 τὴν

271 3886 652 3958 ὑποτακτικήν
675 3901 690 3916 ο
719 3884 878 3954 σῶμα
931 3881 1041 3953 γάρ
1088 3882 1259 3935 ἐστιν.
1304 3880 1518 3948 Ὥσπερ
1546 3879 1639 3932 καὶ
1659 3880 1687 3932 6
1716 3879 1851 3949 Χρι-

274 3977 404 4041 στὸς
432 3977 532 4047 τῆς
576 3976 902 4045 Ἐκκλησίας
935 3973 1011 4027 ὢν
1043 3972 1276 4044 κεφαλὴ,
1317 3972 1627 4045 προνοεῖται
1650 3969 1855 4038 ταύτης

275 4073 379 4125 atat
408 4068 570 4133 σώζει
596 4085 611 4101 ’
652 4069 795 4123 οὑτω
820 4067 999 4122 τοίνυν
1029 4066 1121 4120 καὶ
1148 4068 1177 4120 6
1214 4064 1377 4136 ἀνὴρ,
1416 4063 1600 4134 σωτὴρ
1629 4061 1726 4116 τοῦ
1752 4061 1857 4114 σῶ-

280 4180 457 4235 ματος
489 4162 680 4227 αὑτοῦ,
717 4161 959 4214 τουτέστι
1015 4159 1115 4229 τῆς
1151 4157 1430 4226 γυναικός.
1478 4156 1600 4220 Πῶς
1633 4150 1725 4209 οὖν
1756 4155 1858 4208 οὑκ

273 4254 488 4325 ὀφείλει
521 4250 926 4306 ὑποτάσσεσθαι
965 4252 1032 4322 τῇ
1062 4248 1273 4320 κεφαλῇ
1306 4248 1367 4302 τὸ
1397 4246 1580 4319 σῶμα,
1614 4248 1681 4317 τῇ
1719 4261 1855 4315 προ-

276 4362 406 4399 νοου
415 4343 550 4415 μένῃ
583 4343 680 4397 καὶ
716 4340 965 4411 σωζούσῃ
984 4357 999 4406 ;
1487 4333 1495 4342 ’

356 4456 378 4490 ι
411 4435 551 4490 Ἀλλ’
566 4435 758 4506 ὥσπερ
770 4436 804 4504 ἡ
827 4431 1122 4504 Ἐκκλησία
1136 4431 1499 4485 ὑποτάσσεται
1520 4429 1597 4501 τῷ
1615 4428 1857 4501 Χριστῷ,

279 4530 428 4585 οὑτω
456 4529 551 4583 καὶ⁵
571 4528 629 4583 αἱ
657 4528 916 4597 γυναῖκες
937 4527 1049 4588 τοῖς
1082 4523 1233 4587 ίδίοις
1254 4522 1513 4594 ἀνδράσιν
1539 4522 1596 4575 ὲν
1619 4522 1802 4575 παντί.
1834 4540 1854 4574 ι

1955 3342 2009 3390 et
2038 3331 2287 3389 Christus
2316 3340 2398 3385 est
2427 3340 2588 3399 caput
2621 3327 2894 3391 Ecclesiae,
2926 3335 2980 3380 et
3013 3327 3129 3394 ipse
3167 3335 3250 3379 est
3279 3335 3528 3378 servator

1955 3426 2224 3495 corporis.
2253 3444 2271 3477 ι
2294 3421 2615 3478 Rationibus
2636 3436 2734 3475 con
2745 3420 2920 3474 ﬁrmat
2942 3418 3082 3488 quod
3104 3425 3311 3485 oportet
3333 3429 3527 3469 uxores

1955 3518 2228 3588 subjectas
2257 3530 2400 3579 esse,
2436 3513 2848 3583 dilectionisque
2872 3520 3251 3582 argumentum
3288 3518 3343 3564 et
3372 3522 3532 3564 occa-

1954 3614 2165 3668 sionem
2204 3612 2354 3677 punit
2387 3625 2451 3665 ex
2483 3612 2585 3665 hoc
2619 3608 2763 3678 quod
2800 3608 3027 3662 maritus
3058 3605 3285 3661 rectoris
3319 3614 3374 3660 et
3404 3619 3532 3674 pro-

1956 3702 2223 3775 spectoris
2266 3700 2441 3757 locum
2479 3700 2721 3755 obtineat
2757 3699 2940 3770 (caput
2983 3696 3128 3751 enim
3182 3704 3288 3761 est,
3340 3695 3435 3758 ait,
3479 3704 3536 3749 et
3600 3750 3615 3765 ,

1956 3796 2248 3866 servator),
2304 3808 2441 3847 uxor
2468 3807 2595 3847 vero
2635 3792 2832 3847 subditi
2885 3790 3105 3854 locum;
3141 3802 3337 3858 corpus
3390 3787 3532 3841 enim

1957 3898 2063 3945 est.
2091 3888 2555 3956 Quemadmodum
2593 3892 2649 3939 et
2685 3883 2959 3949 Christus,
2992 3897 3114 3937 cum
3164 3882 3236 3935 sit
3281 3877 3537 3934 Ecclesiae

1956 3988 2141 4053 caput,
2179 3980 2296 4050 ejus
2345 3992 2534 4033 curam
2568 3976 2729 4045 gerit,
2784 3987 3014 4043 eamque
3060 3979 3283 4027 servat:
3344 3970 3424 4024 sic
3482 3978 3540 4024 et

1959 4070 2189 4126 maritus
2219 4076 2466 4125 serVator
2496 4067 2578 4122 sui
2625 4076 2708 4120 est
2737 4063 3001 4134 corporis,
3045 4062 3148 4117 hoc
3182 4068 3269 4116 est
3330 4058 3533 4114 uxoris.

1960 4163 2241 4231 Quomodo
2262 4162 2429 4234 igitur
2454 4175 2559 4214 non
2594 4159 2753 4213 debet
2784 4155 2938 4211 subdi
2967 4153 3133 4224 capiti
3165 4165 3388 4223 corpus,
3416 4165 3539 4205 cum

1960 4271 2147 4314 curam
2177 4256 2294 4327 ejus
2327 4264 2502 4328 gerat,
2535 4251 2770 4320 illudque
2794 4256 2973 4304 servet
2999 4247 3023 4301 ?

2034 4432 2203 4490 Vens.
2232 4432 2323 4489 24.
2357 4450 2376 4484 ι
2409 4429 2515 4485 Sed
2546 4427 2684 4483 sicut
2714 4423 2952 4481 Ecclesia
2987 4420 3273 4492 subjicitur
3297 4419 3541 4486 Christo,

1963 4530 2046 4586 sic
2076 4538 2131 4585 et
2161 4539 2359 4581 uxores
2404 4523 2519 4577 suis
2554 4519 2763 4576 maritis
2800 4518 2854 4573 in
2899 4516 3112 4587 quovis.
3147 4534 3167 4569 ι
3196 4514 3333 4571 Hinc
3363 4515 3545 4571 disces

293 4620 581 4677 Ἐντεῦθεν
644 4619 863 4691 μαθήσῃ
915 4616 1271 4688 σαφέστερον,
1302 4615 1332 4669 ὀ
1380 4614 1638 4684 ἀνωτέρω
1682 4608 1846 4678 εἶπεν1

1966 4621 2204 4692 apertius
2249 4616 2396 4687 quod
2430 4615 2565 4668 dixit
2593 4625 2781 4681 supra,
2822 4627 2841 4661 ι
2884 4610 3268 4679 Obtemperate
3306 4607 3543 4679 prapriis

279 4717 365 4769 ὅτι
396 4730 418 4766 ι
468 4711 869 4767 ’Υποτάσσεσθε
906 4711 1018 4774 τοῖς
1046 4708 1324 4779 ἀνδράσιν,
1351 4706 1428 4772 ὡς
1456 4705 1534 4773 τῷ
1580 4704 1792 4777 Κυρίῳ.
1833 4722 1854 4757 ι

294 4810 452 4864 Ἐπεὶ
502 4808 612 4879 γὰρ
657 4807 936 4877 ὀφείλουσι
983 4806 1241 4875 γυναῖκες
1294 4801 1700 4857 ὑποτάσσεσθαι
1748 4802 1860 4862 τοῖς

283 4902 569 4974 ἀνδράσιν,
597 4900 672 4963 ὡς
703 4902 736 4970 ὴ
792 4897 1089 4969 Ἐκκλησία
1112 4895 1191 4966 τῷ
1221 4894 1463 4965 Χριστῷ,
1490 4892 1604 4965 ἠδὲ
1641 4890 1862 4961 Ἐκκλη-

286 4998 380 5053 σία
407 4998 504 5051 καὶ
534 4995 796 5066 γυναῖκές
819 4996 989 5048 εἰσιν⁹
1022 4992 1099 5056 ὡς
1132 4989 1211 5062 τῷ
1235 4989 1460 5063 Χριστῷ
1503 4989 1613 5059 ἄρα
1651 4987 1729 5056 τῷ
1763 4988 1858 5040 ἀνο

285 5091 375 5160 δρὶ
408 5088 814 5144 ὑποτάσσεσθαι
841 5085 1046 5155 ὀφείλει
1074 5085 1106 5154 ἡ
1132 5082 1291 5155 γυνή.
1326 5080 1449 5145 ῐῐῶς
1481 5080 1538 5133 δέ
1566 5097 1583 5146 ;
1649 5075 1760 5150 ἆρα
1804 5080 1863 5133 ὲν

286 5182 456 5237 παντὶ
486 5178 709 5254 [καιρῷ]
741 5177 952 5233 κελεύει
974 5174 1377 5230 ὑποτάσσεσθαι
1400 5190 1416 5240 ;
1452 5169 1563 5243 ἆρα
1589 5170 1748 5244 [γάρ]
1767 5172 1862 5225 καὶ

287 5275 420 5330 ὅταν
444 5273 525 5335 τίς
572 5268 836 5325 ἀπιστίαν
887 5265 1103 5338 συνωθῇ
1154 5266 1182 5319 6
1231 5263 1406 5334 ἀνήρ;
1458 5259 1597 5315 Ἀλλ’
1637 5262 1698 5315 οὑ
1734 5262 1865 5333 περὶ

289 5368 541 5421 ἀπίστων
576 5360 786 5432 ἀνδρῶν
821 5360 850 5413 ὀ
878 5358 1035 5427 λόγος
1068 5357 1162 5411 νῦν
1196 5353 1272 5426 τῷ
1297 5351 1517 5424 Παύλῳ,
1566 5351 1702 5407 ἀλλὰ
1734 5352 1865 5427 περὶ

293 5459 522 5518 πιστῶν,
561 5456 697 5527 πρὸς
720 5453 815 5518 οὓς
840 5452 1041 5524 δηλαδὴ
1073 5450 1169 5506 καὶ
1196 5448 1457 5519 ἔγραφεν.

437 5652 463 5680 υ
521 5645 630 5699 Luc
690 5660 803 5710 xw,
852 5644 943 5697 2G.

1969 4712 2181 4768 maritis
2232 4719 2489 4776 tanquam
2545 4704 2791 4758 Domino.
2831 4720 2851 4755 ι
2907 4700 3351 4771 Quandoquidem
3400 4700 3544 4755 enim

1968 4817 2166 4860 uxores
2191 4801 2388 4856 debent
2426 4796 2580 4853 subdi
2612 4795 2846 4859 maritis,
2905 4805 2963 4849 ut
3014 4793 3257 4849 Ecclesia
3302 4791 3544 4856 Christo,

1968 4894 2208 4952 Ecclesia
2240 4900 2418 4947 autem
2450 4898 2507 4944 et
2540 4889 2796 4943 mulieres
2827 4896 2991 4951 sunt;
3041 4894 3299 4955 tanquam
3330 4883 3547 4940 Christo

1969 4987 2135 5057 Igitur
2164 4983 2357 5053 cunjux
2395 4980 2591 5034 marito
2634 4978 2789 5033 subdi
2823 4978 3004 5031 debet.
3052 4975 3332 5042 Quomodo
3377 4972 3548 5026 vero?

1970 5078 2112 5135 Num
2153 5077 2206 5132 in
2239 5078 2384 5133 omni
2409 5074 2560 5144 jubet
2603 5072 2806 5127 subdi?
2843 5071 2978 5125 Num
3019 5069 3232 5137 quando
3266 5066 3330 5120 ad
3364 5064 3547 5119 incre-

1972 5172 2254 5227 dulitatem
2288 5183 2407 5223 eam
2443 5161 2767 5235 compulerit
2801 5157 3075 5215 maritus?
3108 5155 3266 5224 Atqui
3313 5153 3379 5208 de
3421 5150 3514 5204 inii

1972 5264 2186 5321 delibus
2224 5275 2367 5315 nunc
2395 5274 2499 5313 non
2532 5254 2772 5324 loquitur
2808 5252 3028 5317 Paulus,
3059 5249 3153 5304 sed
3174 5248 3240 5302 de
3276 5244 3546 5309 ﬁdelibus,

1973 5357 2041 5414 ad
2065 5370 2200 5427 quos
2231 5352 2448 5410 scilicet
2471 5348 2749 5405 scribeba~

1655 5752 1855 5819 Variae
1887 5751 2217 5816 lectiones.

369 5890 411 5921 ”
456 5888 763 5944 συνίσταται
800 5905 873 5944 m.

954 5890 995 5916 υ
1020 5887 1197 5955 λέγεις
1234 5885 1314 5939 ὅτι
1356 5883 1435 5936 δεῖ
1469 5883 1563 5952 αφ.
1606 5897 1658 5935 o.
1736 5878 1779 5910 “
1814 5877 1948 5933 Θιὸν
1973 5892 2025 5933 0.
