3932 6580
386 397 579 465 1115.

1354 398 1932 462 THEOPHYLACTI
1976 396 2384 459 BULGARIE
2423 400 2776 462 ARClIlEP.

3507 395 3644 462 lliﬁ

456 516 617 572 \‘sns.
648 516 743 572 25.
783 534 802 569 ι
828 515 893 570 Ει
934 515 1058 579 viri,
1085 508 1294 584 diligite
1324 530 1526 571 uxores
1560 525 1790 579 vostras,
1826 516 1961 571 sicut

2148 532 2166 564 ι
2212 516 2274 567 0i
2302 515 2513 584 ἄνδρες,
2551 517 2804 584 ἀγαπᾶτε
2848 515 2943 579 τὰς
2978 517 3242 584 γυναῖκας
3276 514 3509 579 ἑαυτῶν,
3540 533 3642 567 κσ-

383 621 435 663 et
467 606 722 665 Christus
748 609 935 663 dilexit
987 607 1313 673 Ecclesium,
1354 617 1410 664 et
1456 608 1695 678 seipsum
1743 607 1964 662 tradidit

385 717 488 778 pro
542 716 629 755 ea.
679 719 700 753 ι
767 698 985 763 Vidisti,
1035 700 1307 770 quomodo
1357 699 1681 769 compulerit
1737 713 1961 755 uxorein

389 793 589 848 Paulus
614 793 769 848 subdi
802 793 896 847 tibi
933 793 988 848 in
1035 807 1286 849 mensura
1322 808 1425 863 qua
1460 792 1679 849 Christo
1722 790 1962 846 Ecclesia

387 885 677 941 subditur:
708 885 832 939 audi
878 885 991 954 jam
1033 886 1303 957 quomodo
1341 894 1393 939 te
1427 901 1614 939 rursus
1646 893 1803 954 cogat
1839 884 1961 939 dili-

387 993 515 1048 gere
542 993 685 1045 eam,
717 994 820 1032 nec
843 978 1090 1033 heriliter
1121 981 1351 1050 teipsum
1375 993 1583 1049 gerere.
1620 978 1792 1048 Dilige
1817 978 1962 1032 enim

391 1074 599 1140 ipsam:
633 1070 777 1141 quali
805 1086 1057 1127 mensura
1082 1070 1104 1126 ’ί
1128 1071 1243 1139 Qua
1280 1079 1335 1126 et
1361 1070 1611 1127 Christus
1639 1070 1959 1127 Ecclesium.

388 1164 531 1219 Cere
594 1179 780 1221 curam
833 1164 1031 1234 ipsius.
1086 1164 1541 1233 quemadmodum
1608 1174 1663 1218 et
1711 1162 1965 1218 Christus

387 1262 680 1320 Ecclesia}:
712 1273 776 1315 ac
825 1260 871 1314 si
920 1257 1049 1327 quid
1098 1256 1262 1328 412
1320 1264 1372 1311 te
1428 1265 1674 1325 oporteat
1705 1255 1838 1323 pati,
1878 1256 1963 1311 vel

386 1355 552 1411 etiam
606 1352 743 1410 mori
799 1367 898 1422 pro
935 1351 1076 1420 ipsa,
1130 1364 1197 1404 ne
1255 1364 1490 1404 recuses.
1544 1347 1623 1402 Tu
1673 1350 1818 1403 enim
1863 1347 1962 1419 ipsi

388 1464 575 1505 amore
612 1445 897 1516 copulatus
942 1444 1056 1499 haec
1099 1442 1303 1507 facies;
1353 1438 1444 1496 ille
1488 1456 1618 1496 vero
1671 1442 1725 1497 in
1752 1443 1877 1497 odio
1906 1457 1965 1497 se

387 1550 823 1612 prosequentem
852 1548 905 1594 et
940 1536 1259 1591 adulteram.
1298 1534 1364 1590 Et
1387 1535 1843 1604 quemadmodum
1875 1534 1965 1590 ille

386 1643 732 1691 aversantem
763 1631 938 1702 ipsum
970 1629 1034 1683 ad
1064 1646 1122 1684 se
1156 1628 1401 1702 adduxit,
1432 1643 1543 1683 non
1580 1628 1744 1685 minis
1788 1643 1965 1697 neque

389 1701 961 1783 contumeliiszihunc
993 1721 1307 1775 admodum
1356 1701 1400 1773 si
1454 1724 1568 1790 ipse
1625 1731 1962 1774 aversantem

391 1830 445 1874 te
472 1817 823 1887 conspexeris
852 1816 1137 1885 conjugem
1166 1825 1334 1878 tuam,
1364 1822 1526 1882 atque
1555 1808 1763 1868 deliciis
1788 1813 1963 1867 induto

390 1924 628 1984 gentem,
669 1915 837 1965 multa
888 1909 1176 1965 dilectione
1220 1915 1277 1963 et
1326 1905 1661 1975 providentia
1690 1907 1965 1961 attrahere

391 2006 458 2059 ad
490 2016 541 2059 te
566 2018 810 2060 conare:
840 2010 895 2057 et
937 2003 984 2057 si
1017 2001 1305 2071 quidquam
1339 1998 1566 2068 patiaris
1606 2015 1705 2069 pro
1736 1999 1870 2066 ipsa,
1899 2013 1968 2053 ne

389 2096 637 2166 obiicias,
671 2111 847 2165 neque
877 2094 1202 2150 eonvicieris
1226 2096 1309 2149 ei:
1349 2108 1523 2165 neque
1543 2094 1687 2147 enim
1718 2091 1968 2148 Christus

390 2187 648 2245 Ecclesia)
685 2186 883 2256 obiecit
908 2187 1223 2257 quidquam.

460 2279 627 2338 Vens.
658 2280 751 2336 26.
788 2299 808 2333 ι
849 2279 918 2335 Ut
950 2279 1093 2333 illam
1129 2278 1520 2343 sanctificaret,
1550 2266 1820 2334 inundans
1848 2291 1968 2333 eam

393 2374 615 2430 lavacro
663 2388 816 2443 aquae
866 2373 918 2426 in
953 2371 1137 2426 verbo.
1178 2390 1196 2423 ι
1255 2371 1423 2440 Igitur
1475 2373 1685 2441 impura
1734 2379 1857 2426 erat
1917 2378 1972 2425 et

290 2461 296 2467 ’
392 2466 669 2523 immunda
689 2476 739 2520 et
759 2464 1042 2527 deformis,
1070 2472 1121 2517 at
1142 2474 1424 2532 prepterea
1445 2479 1550 2517 non
1572 2472 1993 2525 estessecratus-

395 2575 518 2627 eam
545 2579 559 2615 :
590 2563 671 2617 sic
697 2573 871 2630 neque
895 2566 949 2613 tu
975 2568 1121 2612 tuam
1147 2557 1320 2627 ipsius
1338 2556 1620 2626 conjugem
1648 2557 1970 2621 esset-reris,

392 2651 494 2708 etsi
544 2651 781 2706 maxime
810 2650 1070 2704 deformis
1114 2648 1278 2705 fuerit
1334 2664 1396 2702 ac
1428 2648 1570 2704 vilis.
1606 2648 1759 2715 Quod
1789 2659 1972 2704 autem

393 2744 657 2801 deformis
672 2741 832 2797 fuerit
856 2739 1118 2805 Ecclesia,
1143 2742 1266 2795 audi
1293 2760 1309 2797 :
1336 2742 1516 2796 Eratis
1540 2741 1683 2797 enim
1701 2741 1973 2812 quondam

396 2838 636 2894 tenebrae
656 2853 672 2890 :
692 2835 845 2905 quid,
872 2849 1080 2905 quasso,
1101 2835 1341 2889 tenebris
1362 2841 1445 2890 est
1467 2834 1670 2904 nigrius
1690 2834 1713 2889 ?
1732 2834 1978 2889 servien-

397 2939 479 2983 tes
516 2926 735 2997 malitia:
767 2936 817 2979 et
866 2925 1131 2981 invidiae:
1197 2926 1325 2993 quid
1368 2926 1741 2981 immundius?
1790 2927 1979 2982 inobe-

392 3022 629 3087 dientes,
671 3019 872 3082 stolidi.
918 3019 1027 3074 imo
1054 3028 1109 3074 et
1158 3017 1499 3088 blasphemi:
1534 3019 1666 3086 quid
1717 3019 1868 3074 hisce
1894 3028 1979 3075 est

397 3113 568 3183 magis
591 3111 873 3167 deforme?
901 3110 1291 3167 Verumtamen
1320 3121 1574 3182 tanquam
1600 3127 1696 3180 pro
1717 3111 1974 3180 formosa,

2066 603 2173 667 οὼς
2212 608 2307 661 acati.
2348 608 2377 660 ὁ
2413 608 2645 677 Χριστὸς
2698 608 2952 680 ἠγάπησε
2980 607 3078 680 τὴν
3143 607 3497 679 Ἐκκλησίαν,
3551 609 3643 663 καὶ

2067 696 2259 750 ἑαυτὸν
2289 698 2608 768 παρέδωκεν
2635 699 2777 770 ὑπὲρ
2810 700 3002 770 αὐτῆς.
3040 718 3058 750 ι
3118 694 3295 763 Εἶδες,
3318 708 3321 711 ’
3346 700 3465 764 πῶς
3526 716 3642 752 συν.

2063 787 2247 859 ὡθηοε
2278 792 2376 861 τὴν
2407 795 2640 860 γυναῖκα
2663 795 2690 847 ὁ
2713 793 2926 857 Παῦλος
2954 792 3361 846 ὑποτάσσεσθαί
3385 810 3469 845 σοι
3488 794 3545 845 ἐν
3566 792 3640 863 τῷ

2068 880 2272 953 μέτρῳ,
2299 876 2342 951 ᾧ
2368 884 2462 936 καὶ
2488 886 2521 955 ἡ
2560 884 2858 955 Ἐκκλησία
2883 885 3250 939 ὑποτάσσεται
3277 884 3355 956 τῷ
3386 885 3638 956 Χριστῷ⁶

2063 973 2228 1027 ἄκουε
2257 976 2349 1028 καὶ
2380 976 2497 1039 πῶς
2533 993 2593 1030 σε
2638 977 2802 1031 πάλιν
2842 976 3146 1044 ἀναγκάζει
3194 978 3419 1048 ἀγαπᾷν
3451 977 3635 1048 αὐτὴν,

2065 1068 2180 1123 ἀλλ’
2216 1066 2340 1137 οὐχὶ
2383 1067 2722 1131 δεσποτικῶς
2771 1068 3202 1140 προσφέρεσθαι.
3264 1069 3485 1136 ’Δγάπα
3535 1070 3638 1142 γὰρ

2066 1163 2237 1232 αὑτήν
2259 1176 2274 1191 ·
2308 1160 2447 1232 ποίῳ
2471 1160 2687 1232 μέτρῳ;
2715 1154 2785 1233 Ὦ
2815 1163 2909 1216 καὶ
2938 1162 2966 1214 ὀ
2998 1162 3234 1232 Χριστὸς
3272 1162 3374 1234 τὴν
3419 1163 3641 1233 Ἐκκλη-

2067 1246 2189 1301 oizv
2209 1263 2222 1278 ·
2257 1248 2479 1319 προνὸει
2506 1249 2678 1317 αὐτῆς
2710 1248 2777 1310 η,
2808 1249 2884 1313 ὡς
2928 1250 3025 1303 καὶ
3054 1252 3083 1303 ὁ
3106 1251 3341 1321 Χριστος
3390 1252 3634 1322 ἐκείνης’

2066 1326 2168 1396 κᾶν
2193 1341 2286 1413 δέῃ
2320 1359 2372 1395 τι
2405 1341 2613 1402 παθεῖν.
2644 1342 2746 1395 κᾶν
2769 1342 3064 1397 ἀποθανεῖν
3084 1344 3152 1397 δι’
3172 1343 3364 1415 αὐτὴν,
3395 1345 3471 1417 μὴ
3506 1362 3639 1419 παρ-

2066 1434 2284 1505 αιτήσῃ.
2337 1434 2411 1487 Σὺ
2442 1433 2540 1503 μὲν
2569 1432 2676 1504 γὰρ
2716 1435 2817 1506 ἤδη
2863 1436 3159 1506 συναφθεὶς
3202 1437 3367 1508 αὐτῇ,
3400 1441 3638 1510 ποιήσεις

2065 1525 2239 1579 ταῦτα
2264 1543 2278 1557 ·
2309 1527 2516 1589 ἐκεῖνος
2544 1526 2602 1581 δὲ
2624 1529 2703 1590 εἰς
2750 1527 3020 1597 μισοῦσαν
3052 1529 3148 1583 καὶ
3196 1530 3508 1601 μοιχαλίδα.
3537 1533 3639 1586 Καὶ

2066 1618 2255 1688 ὥσπερ
2322 1620 2530 1681 ἐκεῖνος
2582 1617 2680 1687 τήν
2731 1619 3224 1689 ἀποστρεφομένην
3272 1620 3437 1674 αὐτὸν
3481 1638 3639 1691 προσ-

2068 1713 2329 1783 ηγάγετο.
2353 1714 2454 1767 οὐκ
2483 1712 2736 1777 ἀπειλαῖς
2769 1713 2888 1767 οὐδὲ
2921 1712 3171 1783 ὕϐρεσιν·
3196 1711 3340 1768 οὕτω
3370 1717 3462 1770 καὶ
3486 1717 3642 1781 αὐτὸς

2068 1804 2169 1859 κᾶν
2238 1805 2731 1876 ἀποστρεφομένην
2783 1805 2900 1877 ἴδῃς
2958 1806 3052 1859 καὶ
3095 1805 3506 1878 θρυπτομένην,
3567 1812 3630 1880 τῇ

2069 1896 2237 1967 πολλῇ
2255 1896 2445 1970 ἀγάπῃ
2466 1897 2559 1950 καὶ
2581 1898 2645 1967 τῇ
2691 1897 2919 1969 προνοίᾳ
2951 1898 3404 1968 προσαγαγέσθαι
3429 1899 3638 1965 σπεῦδε,

2069 1985 2171 2040 κᾶν
2206 1987 2382 2060 πάθῃς
2413 2005 2465 2040 τι
2483 1987 2635 2057 ,ὑπὲρ
2663 1986 2857 2058 αὐτῆς,
2894 1986 2972 2060 μὴ
2997 1988 3269 2063 ὀνειδίσῃς
3292 2006 3306 2021 ’
3343 1990 3464 2044 οὐδὲ
3490 1992 3595 2062 γὰρ
3615 1994 3642 2045 ὀ

2066 2079 2303 2151 Χριστὸς
2339 2079 2438 2149 τὴν
2483 2078 2835 2151 Ἐκκλησίαν.

2124 2256 2166 2314 ~c
2199 2260 2313 2316 Ἵνα
2359 2260 2531 2331 αὐτὴν
2583 2262 2810 2335 ἁγιάσῃ,
2863 2264 3172 2335 καθαρίσας
3210 2264 3289 2337 τῷ
3316 2265 3532 2336 λουτρῷ
3557 2267 3646 2321 τοῦ

2072 2353 2265 2417 ὓδατος
2297 2354 2355 2405 ἑν
2378 2355 2605 2425 ῥήματι.
2641 2373 2659 2407 ι
2700 2355 2852 2423 Ἀρα
2885 2357 3118 2424 ἄναγἰοξ
3152 2352 3243 2429 ἦν,
3285 2358 3383 2411 καὶ
3408 2359 3651 2428 ἀκάθαρ-

2043 2462 2185 2511 τος,
2209 2446 2305 2498 καὶ
2324 2444 2593 2516 ἄμορφος,
2617 2445 2732 2499 ἀλλ’
2770 2446 2873 2500 οὐκ
2929 2445 3280 2512 ὲόδελύξατω
3325 2446 3474 2501 οὕτω
3523 2450 3653 2520 μηδὲ

2076 2536 2141 2588 σὺ
2172 2536 2270 2606 τὴν
2316 2534 2516 2590 σαυτοῦ
2548 2538 2805 2603 γυναῖκα,
2858 2537 2963 2591 κᾶν
2987 2538 3365 2610 ἀμορφωτὰτη
3460 2540 3528 2606 ⁸⁵³,
3557 2541 3654 2594 κᾶν

2077 2626 2320 2698 εὐτελής.
2350 2627 2474 2679 ’ωτι
2495 2631 2604 2700 γὰρ
2628 2629 2877 2698 ἄμορφος
2900 2623 2969 2700 ἦν
2994 2630 3027 2697 ἠ
3061 2627 3381 2699 Ἐκκλησία,
3401 2631 3652 2685 ἄκουσον·

2084 2741 2103 2776 ι
2130 2719 2268 2778 Ἧτε
2294 2724 2403 2795 γάρ
2431 2740 2560 2778 ποτε
2586 2724 2777 2788 σκότος
2794 2739 2807 2754 ο
2834 2742 2854 2776 ι
2883 2726 2939 2778 τί
2964 2723 3075 2795 γὰρ
3107 2724 3332 2788 σκότους
3353 2722 3656 2795 μελανὼτε-

2082 2831 2174 2887 ρον
2197 2815 2272 2882 “;
2304 2814 2666 2879 Δουλεύοντες
2695 2814 2865 2886 κακίᾳ
2901 2816 3004 2870 καὶ
3033 2816 3213 2887 φθόνῳ
3232 2832 3248 2848 ·
3303 2815 3358 2871 τί
3412 2816 3657 2887 ἀκαθαρ-

2078 2908 2340 2981 τότερον;
2381 2908 2676 2974 ’Δπειθείς,
2713 2908 2959 2979 ἀνόητοι,
2986 2909 3123 2963 ἀλλὰ
3156 2908 3252 2963 καὶ
3299 2907 3615 2979 βλάσφημοι
3638 2923 3653 2938 ·

2079 3001 2130 3054 τί
2153 3002 2360 3055 τούτων
2383 3000 2824 3072 είδεχθὲστερονς
2854 2999 3154 3072 Ἀλλ’ὄμως
3168 3000 3245 3065 ὡς
3267 3001 3410 3073 ὑπὲρ
3429 3000 3651 3071 ὡραίας,

2082 3095 2156 3158 ὡς
2188 3094 2331 3165 ὑπὲρ
2361 3094 2705 3165 θαυμαστῆς,
2746 3094 2942 3148 ἑαυτὸν
2997 3092 3285 3159 ἐξέδωκεν.
3332 3092 3656 3164 Ἐκαθᾶρισε

397 3214 654 3272 tanquam
683 3219 783 3274 pro
817 3202 1131 3258 admiranda
1175 3203 1412 3274 seipsnm
1444 3204 1685 3259 tradidit.
1715 3202 1971 3274 Purgavit

2081 3187 2137 3241 δὲ
2166 3188 2244 3258 τῷ
2264 3185 2476 3258 λουτρῷ
2504 3185 2599 3239 τοῦ
2640 3184 2854 3252 ὓδατος,
2897 3187 3145 3240 τουτέστι
3187 3185 3267 3257 τῷ
3296 3184 3654 3256 βαπτίσματι.

398 3307 580 3351 autem
613 3296 833 3351 laVacro
870 3309 1046 3365 aquae,
1075 3295 1179 3350 hoc
1206 3304 1292 3351 est
1345 3295 1692 3364 baptismate.
1737 3316 1755 3347 ι
1786 3296 1983 3351 Inver-

395 3393 489 3444 bo.
528 3407 548 3441 ι
576 3386 778 3455 Quali?
806 3387 865 3442 lu
890 3386 1109 3444 nomine
1140 3386 1339 3454 Patris,
1372 3397 1427 3444 et
1456 3385 1602 3455 Filii,
1638 3397 1694 3443 et
1742 3387 1981 3458 Spiritus

397 3480 601 3537 sancti.

468 3573 634 3630 Vens.
687 3574 777 3640 27,
841 3594 862 3627 ι
920 3573 992 3629 Ut
1049 3573 1336 3630 exhiberet
1373 3573 1475 3630 sibi
1523 3573 1638 3644 ipse
1684 3574 1977 3646 gloriosam

396 3667 713 3723 Ecclesiam.
747 3684 767 3718 ι
798 3665 912 3721 Νοη
944 3666 1262 3736 simpliciter
1291 3680 1506 3735 puram,
1533 3666 1628 3722 sed
1652 3667 1969 3738 gloriosam,

396 3755 867 3824 Quemadmodum
917 3755 1083 3826 igitur
1121 3755 1374 3813 Christus
1412 3756 1654 3812 omnium
1712 3756 1977 3812 bonorum

396 3858 587 3904 auctor
627 3858 711 3903 est
754 3847 1034 3913 Ecclesiae,
1066 3848 1147 3903 sic
1199 3857 1254 3903 et
1294 3856 1349 3902 tu
1404 3848 1483 3904 sis
1530 3848 1686 3903 uxori
1734 3857 1839 3902 tua:
1866 3868 1881 3905 :
1911 3863 1978 3904 ac

398 3939 852 4006 quemadmodum
884 3939 994 4004 ille,
1029 3941 1172 4010 quod
1206 3940 1273 3995 ad
1319 3941 1555 3995 animam
1602 3940 1819 4006 attinet,
1858 3940 1979 4013 pul-

398 4029 763 4085 chritudinem
793 4030 843 4082 ei
898 4028 1192 4098 acquisivit
1230 4042 1462 4097 eamque
1506 4027 1828 4096 exornavit;
1859 4027 1976 4096 pari

402 4118 615 4174 ratione
642 4127 695 4171 tu
722 4117 775 4172 in
806 4116 907 4172 hoc
933 4116 1205 4183 incumbe,
1229 4133 1333 4171 non
1366 4117 1418 4170 in
1440 4118 1686 4186 corporis
1700 4127 1974 4171 ornatum.

400 4209 458 4265 Si
493 4208 639 4264 enim
673 4208 867 4262 anima:
917 4207 1147 4262 formam
1198 4217 1360 4276 atque
1406 4204 1859 4274 pulchritudinem
1886 4203 1973 4258 in-

397 4302 583 4371 quiras
611 4314 640 4352 a
672 4297 921 4367 conjuge,
954 4298 1135 4350 statim
1162 4311 1279 4349 eam
1308 4295 1356 4350 ei
1383 4294 1607 4359 ellicies,
1637 4308 1971 4363 componens

399 4392 596 4461 ipsam,
630 4388 1007 4457 exhibensque
1047 4385 1333 4458 gloriosam
1366 4381 1668 4440 secundum
1727 4381 1973 4452 spiritum

397 4498 520 4539 cum
552 4481 777 4551 tibiipsi,
815 4490 926 4534 tum
962 4478 1092 4534 Deo.

2085 3298 2105 3332 ι
2159 3280 2247 3333 Ἐν
2280 3280 2507 3351 ῥήματι.
2565 3297 2585 3330 ι
2648 3278 2828 3349 Ποίῳ;
2870 3278 2960 3332 Ἑν
3012 3278 3238 3348 ὀνόματι
3282 3277 3378 3332 τοῦ
3425 3278 3653 3349 Πατρὺς,

2079 3370 2295 3425 καὶτοῦ
2321 3370 2473 3436 Υἱοῦ,
2498 3369 2596 3425 καὶ
2621 3368 2713 3423 τοῦ
2747 3368 2906 3437 ἁγίου
2940 3368 3280 3441 Πνεὺματος.

2156 3567 2175 3602 ι
2213 3549 2334 3603 Ἵνα
2366 3548 2694 3620 παραστήσῃ
2719 3547 2883 3611 αὐτὸς
2914 3546 3093 3617 ἑαυτῷ
3136 3543 3344 3611 ἔνδοξον
3399 3544 3500 3617 τὴν
3533 3544 3651 3598 Ἐκ·-

2078 3639 2329 3712 κλησίαν.
2360 3657 2381 3691 ι
2407 3640 2521 3711 Οὐχ
2544 3639 2728 3702 ἁπλῶς
2760 3637 3029 3709 καθαρὰν,
3048 3636 3162 3691 ἀλλ’
3189 3636 3419 3701 ἔνδοξον.
3445 3636 3651 3707 Ὥσπερ

2077 3731 2262 3786 τοίνυν
2304 3733 2332 3785 ὁ
2390 3730 2624 3802 Χριστὸς
2671 3730 2891 3784 πάντων
2947 3727 3119 3792 αἴτιος
3174 3728 3285 3780 τῶν
3318 3725 3541 3794 ἀγαθῶν
3588 3728 3649 3797 τῇ

2091 3822 2410 3896 Ἐκκλησία,
2455 3824 2598 3877 οὕτω
2636 3822 2734 3876 καὶ
2793 3822 2858 3874 σὺ
2900 3820 2994 3874 ἔσο
3029 3823 3095 3892 τῇ
3150 3822 3215 3891 σῇ
3266 3819 3528 3889 γυναικίο
3561 3820 3650 3871 καὶ

2078 3914 2265 3987 ὥσπερ
2296 3916 2502 3979 ἐκεῖνος
2556 3914 2619 3968 τὸ
2667 3912 2810 3967 κατὰ
2848 3912 3028 3984 ψυχὴν
3065 3911 3262 3975 κάλλος
3311 3910 3453 3981 αὐτῇ
3499 3927 3647 3981 περι·

2075 4010 2410 4081 εποιήσατοο
2448 4008 2590 4060 οὕτω
2618 4010 2713 4059 καὶ
2760 4006 2823 4059 σὺ
2880 4007 3010 4078 περὶ
3041 4003 3209 4072 ⁸τοῦτο
3233 4004 3280 4036 ⁸⁵
3327 4002 3546 4069 σπεῦδε,
3577 4003 3647 4075 μὴ

2080 4102 2209 4174 περὶ
2236 4103 2298 4154 τὸ
2326 4095 2420 4155 τοῦ
2448 4099 2725 4169 σώματος.
2780 4097 2879 4151 ’Ἂν
2919 4098 3026 4165 γὰρ
3073 4095 3252 4167 ψυχῆς
3304 4094 3503 4158 κάλλος
3538 4095 3646 4145 ἐπι-

2078 4192 2251 4264 ζητῇς
2287 4191 2439 4261 παρὰ
2469 4191 2569 4261 τῆς
2616 4186 2895 4257 γυναικὸς,
2947 4186 3162 4258 ταχέως
3198 4186 3335 4255 αὐτῇ
3371 4184 3528 4237 τοῦτο
3558 4183 3643 4253 δη-

2080 4284 2462 4356 μιουργήσεις,
2491 4282 2770 4355 ῥυθμίζων
2792 4277 2965 4351 αὐτὴν
2989 4281 3084 4333 καὶ
3127 4278 3479 4350 παριστάνων
3511 4277 3646 4331 ἐνδο·

2080 4378 2168 4445 ξον
2200 4377 2346 4433 κατά
2372 4375 2590 4445 πνεῦμα
2619 4378 2713 4428 καὶ
2745 4370 2928 4442 σαυτῷ
2957 4373 3050 4423 καὶ
3086 4369 3163 4441 τῷ
3190 4369 3331 4441 Θεῷ.

477 4590 497 4624 ι
525 4570 643 4626 Non
674 4548 963 4625 habentem
1010 4567 1278 4623 maculam
1330 4575 1426 4622 aut
1478 4580 1689 4637 rugam,
1728 4573 1819 4620 aut
1849 4564 1971 4635 quid

2153 4579 2172 4613 ι
2200 4557 2292 4630 Μὴ
2319 4556 2550 4629 ἔχουσαν
2578 4554 2787 4619 σπῖλον,
2812 4551 2844 4624 ἢ
2865 4551 3070 4621 ῥυτίδα,
3098 4551 3133 4622 ἡ
3151 4567 3203 4604 τι
3233 4548 3343 4603 τῶν
3368 4548 3642 4611 τοιούτων,

402 4662 732 4734 huiusmodi,
775 4662 869 4717 sed
923 4671 980 4715 ut
1018 4670 1162 4716 esset
1212 4672 1397 4716 sancta
1431 4670 1486 4715 et
1538 4659 1905 4716 immaculata.
1953 4678 1972 4711 ι

401 4754 507 4812 Per
536 4756 651 4809 haec
682 4752 875 4820 animae
927 4751 1057 4806 dicit
1105 4747 1346 4804 aﬂ‘cetus.
1398 4748 1622 4804 Macula:
1651 4749 1795 4804 enim
1852 4758 1979 4803 sunt

401 4856 648 4904 recentes
682 4844 927 4910 affectus,
987 4857 1123 4913 quos
1158 4852 1213 4898 et
1268 4843 1488 4897 abluere
1544 4840 1722 4906 facile,
1779 4843 1870 4910 qui
1924 4849 1978 4895 et

404 4939 732 5009 vituperium
781 4936 1093 4993 aﬂ'erebaut.
1149 4935 1313 5005 Ruga:
1343 4945 1546 4997 autem,
1582 4950 1703 5003 qua:
1738 4945 1978 5003 tempore

408 5034 712 5089 inveterata
742 5041 884 5094 sunt,
918 5046 1037 5099 qua:
1061 5040 1110 5083 et
1165 5029 1410 5098 impuros
1457 5026 1750 5093 faciebant,
1797 5035 1980 5097 utpote

402 5144 511 5184 non
570 5125 727 5182 facile
751 5124 1013 5180 elnibilia.
1058 5121 1163 5177 Sed
1195 5122 1441 5177 divinum
1495 5121 1771 5175 lavacrum
1798 5120 1979 5175 omnia

404 5222 689 5288 purgavit,
722 5229 776 5270 et
812 5222 1026 5270 sanctos
1054 5222 1109 5268 et
1143 5209 1517 5266 itntnaculatos
1542 5209 1807 5264 exhibuit.

479 5308 641 5362 Vens.
667 5306 760 5361 28.
793 5324 811 5357 ι
855 5306 945 5360 Sic
974 5305 1168 5357 debent
1200 5303 1301 5355 viri
1328 5299 1554 5369 diligere
1589 5314 1789 5353 uxores
1827 5313 1973 5364 suas,

404 5411 715 5470 utcorpora
770 5413 889 5453 sua.
932 5416 952 5451 ι
997 5395 1111 5450 Non
1164 5403 1419 5461 tanquam
1478 5392 1651 5458 majus
1701 5390 1979 5460 magisque

407 5490 778 5549 necessarium
816 5491 916 5544 hoc
950 5487 1251 5556 exemplum
1282 5485 1395 5552 jam
1449 5484 1594 5551 ponit
1642 5481 1782 5553 (jam
1814 5493 1974 5537 antea

400 5584 551 5641 enim
579 5582 793 5652 planum
828 5591 933 5645 est,
952 5578 1155 5635 Christi
1183 5576 1551 5631 habitudinem
1585 5573 1648 5628 ad
1678 5574 1975 5629 Ecclesium

2082 4649 2197 4704 ἀλλ’
2221 4650 2309 4703 ἵνα
2398 4646 2528 4716 ἀγία
2550 4646 2644 4700 καὶ
2667 4645 2916 4713 ἄμωμος.
2953 4663 2972 4695 ι
3006 4642 3103 4695 Διὰ
3129 4641 3333 4694 τούτων
3357 4643 3426 4695 τὰ
3450 4640 3647 4711 ψυχικὰ

2081 4744 2228 4812 λέγει
2253 4740 2421 4809 πάθη.
2448 4738 2634 4793 Σπῖλοι
2667 4740 2764 4807 μὲν
2787 4731 2881 4789 οὖν
2902 4735 2971 4789 τὰ
3003 4734 3290 4804 πρόσφατα
3313 4733 3424 4787 τῶν
3447 4732 3645 4796 παθῶν,

2081 4833 2118 4888 ἃ
2150 4832 2244 4886 καὶ
2267 4826 2633 4899 ἀπονίψασθαι
2667 4827 2847 4899 ῥᾴδιον
2873 4826 2943 4891 ⁸⁸,
2975 4825 3010 4880 ξι
3035 4827 3129 4879 καὶ
3161 4823 3356 4896 μῶμον
3396 4822 3646 4877 ἐνεποίει.

2095 4928 2335 4991 Ῥυτίδες
2357 4927 2413 4980 δὲ
2450 4925 2518 4978 τὰ
2539 4924 2617 4997 τῷ
2652 4923 2829 4994 χρόνῳ
2862 4920 3261 4981 παλαιωθέντα.
3286 4921 3322 4975 ἃ
3349 4922 3445 4974 καὶ
3483 4918 3645 4987 ἀνάγ-

2078 5039 2203 5084 νους
2234 5020 2422 5085 ἐτίθει,
2450 5019 2824 5073 δυσαπόνιπτα
2857 5016 3010 5070 ὄντα.
3040 5014 3198 5067 Ἀλλὰ
3232 5011 3365 5086 [διὰ]
3408 5014 3471 5066 τὸ
3516 5012 3649 5066 θεῖον

2082 5113 2312 5184 λουτρὸν
2352 5111 2533 5166 πάντα
2560 5109 2823 5181 ἐκάθηρε,
2856 5109 2951 5163 καὶ
3007 5106 3195 5176 ἁγίους
3228 5106 3324 5160 καὶ
3377 5104 3641 5177 ἀμώμους

2078 5206 2451 5276 παρέστησεν.

2159 5318 2178 5351 ι
2216 5296 2403 5362 Οὕτως
2430 5295 2735 5366 ὀφείλουσιν
2766 5295 2813 5349 οί
2840 5293 3033 5364 ἄνδρες
3054 5291 3274 5362 ἀγαπᾷν
3302 5289 3402 5355 τάς
3445 5287 3641 5343 ἑαυτῶν

2085 5391 2371 5457 γυναῖκας,
2411 5389 2487 5453 ὡς
2514 5388 2582 5441 τὰ
2614 5387 2820 5441 ἑαυτῶν
2845 5388 3092 5459 σώματα.
3118 5404 3136 5438 ι
3172 5387 3283 5456 Οὐχ
3303 5386 3377 5449 ὡς
3410 5386 3583 5454 μεῖζον
3604 5382 3642 5413 ⁸⁷

2086 5482 2391 5550 ὑπόδειγμα
2421 5481 2515 5533 καὶ
2544 5478 3088 5551 ἀναγκαστικώτερον
3142 5477 3302 5532 τοῦτο
3341 5477 3518 5547 τίθησι
3551 5474 3636 5526 νῦν

2087 5574 2377 5647 (πρόδηλον
2396 5573 2506 5644 γὰρ
2529 5573 2609 5626 ὄτι
2651 5573 2686 5645 ἡ
2716 5572 2806 5626 τοῦ
2838 5568 3077 5642 Χριστοῦ
3111 5567 3248 5644 πρὸς
3279 5569 3375 5640 τὴν
3417 5568 3632 5635 Ἐκκλη-

1758 5723 1954 5785 Variae
1975 5722 2317 5786 lectiones.

480 5857 525 5894 θ’
563 5856 763 5926 ταύτης
807 5869 860 5911 o.
902 5849 984 5893 J'
1012 5848 1101 5920 εἴη
1140 5865 1191 5906 o.
1271 5849 1314 5881 ετ
1346 5848 1675 5920 μελάντερον
1707 5862 1760 5903 ο.
1841 5848 1884 5883 δ’
1928 5845 2083 5903 τοῦδε
2115 5863 2167 5903 o.
2247 5844 2290 5877 ⁵⁸
2316 5842 2539 5915 55129:,-
2592 5858 2666 5898 ιιι.
2743 5840 2787 5875 ⁸⁷
2843 5838 2987 5912 μέγα
3043 5854 3119 5894 ιιι.
