3932 6592
179 404 325 472 111'!

974 410 1389 474 EXPOSITIO
1424 410 1509 473 IN
1546 410 1793 474 EPIST.
1831 412 1934 473 AD
1967 413 2246 495 EPHES.
2290 444 2361 454 —-
2384 418 2544 482 CAP.
2585 421 2661 480 V.

3315 417 3454 485 1118

178 525 312 578 σίαν
344 522 538 596 σχέσις
571 523 773 596 μείζων
808 524 956 580 ἐστὶν
983 525 1017 597 ἢ
1060 525 1461 597 ὑποδείγματος
1490 527 1646 596 λόγος
1681 526 1772 598 ⁸⁸),

1899 545 1984 587 ioc
2005 534 2255 604 exemplo
2283 537 2541 608 majorem
2561 539 2726 607 esse),
2747 553 2932 595 verum
2954 547 3214 611 tanquam
3227 539 3459 599 vicinius

176 617 298 671 ἀλλ’
320 616 406 680 ὡς
431 615 729 689 ἐγγύτερον
756 618 850 672 καὶ
884 618 1237 690 οἰκειότερον.
1271 620 1393 675 Ἵνα
1422 620 1530 693 γὰρ
1567 621 1645 692 μὴ
1675 619 1774 694 ἔχῃ

174 723 266 770 τις
297 706 511 773 λέγειν,
566 708 650 762 ὅτι
681 709 890 771 ἐκεῖνος
918 709 1053 773 Θεὸς
1102 706 1195 781 ἦν,
1235 711 1330 764 καὶ
1389 711 1585 764 ἑαυτὸν
1626 728 1774 781 παρ-

175 799 416 854 έδωκενο
440 799 706 871 ἑτέρωθεν
721 802 853 872 ἡμῖν
878 799 977 874 τὴν
1002 801 1250 873 ἀνάγκην
1268 803 1574 874 ἐφίστησιν.
1598 802 1778 873 Ὀφεί-

172 892 339 948 λουσι
372 893 507 965 γάρ,
533 894 722 964 φησιν,
748 896 970 967 ἀγαπᾷν
999 911 1014 926 ⁸
1046 898 1348 959 τουτέστιν.
1380 897 1635 968 οὑνχάρις
1659 896 1779 950 ἐστὶ

175 985 239 1038 τι
272 986 539 1056 πρᾶγμα,
574 987 690 1040 ἀλλ’
730 986 920 1057 ὀφειλὴ
952 990 1047 1043 καὶ
1075 990 1292 1061 ἀνάγκη
1314 1006 1328 1022 ·
1362 989 1523 1059 σῶμα
1544 991 1653 1061 γάρ
1679 990 1775 1045 σού

174 1078 336 1130 ἔστιν
378 1081 414 1149 ἡ
450 1079 610 1149 γυνή.
642 1079 717 1132 Τὸ
749 1080 849 1151 μὲν
880 1075 973 1134 οὖν
1017 1079 1112 1134 τοῦ
1164 1080 1405 1152 Χριστοῦ
1446 1083 1774 1153 ὑπόδειγμα,

174 1169 237 1221 οὐ
264 1168 366 1222 διὰ
398 1169 463 1223 τὸ
505 1170 616 1224 δεῖν
664 1173 887 1246 ἀγαπᾷν
920 1175 1101 1243 μόνον,
1139 1162 1279 1229 άλλά
1326 1177 1420 1229 καὶ
1467 1175 1555 1230 διὰ
1588 1176 1648 1229 τὸ
1682 1179 1780 1250 giu-

175 1260 413 1331 θμίζειν
439 1263 773 1335 παρέλαϐεν.
823 1286 842 1318 ι
884 1265 1001 1321 Ἰνα
1037 1286 1054 1319 ι
1117 1268 1246 1339 γὰρ,
1307 1268 1495 1338 φησιν,
1537 1288 1555 1321 ι
1646 1270 1780 1338 ἁγία

176 1355 278 1408 καὶ
331 1354 591 1427 ἄμωμος.
631 1375 652 1409 ι
684 1357 757 1411 Τὸ
783 1358 841 1412 δὲ
880 1361 980 1430 τῆς
1026 1359 1254 1432 σαρκὸς,
1304 1361 1395 1415 διὰ
1445 1361 1504 1416 τὸ
1556 1362 1779 1434 ἀγαπᾷν

177 1446 376 1519 μόνον.
858 1444 861 1445 ν

257 1558 280 1592 ι
322 1540 389 1594 '0
422 1540 653 1609 ἀγαπῶν
673 1542 774 1613 τὴν
805 1547 1039 1613 γυναῖκα
1070 1544 1269 1610 αὐτοῦ,
1322 1546 1513 1601 ἑαυτὸν
1559 1546 1777 1617 ἀγαπᾷ.

178 1630 385 1695 Οὐδεὶς
415 1633 526 1703 γάρ
572 1650 704 1687 ποτε
755 1634 853 1705 τὴν
895 1636 1090 1689 ἑαυτοῦ
1121 1636 1299 1707 σάρκα
1337 1638 1628 1708 ἐμίσησεν,
1665 1637 1781 1691 ἀλλ’

178 1725 456 1794 ἐκτρέφει
510 1726 606 1778 καὶ
640 1725 838 1785 θάλπει
895 1729 1088 1799 αὐτὴν,
1121 1727 1305 1791 καθὼ;
1334 1732 1428 1785 καὶ
1473 1732 1501 1784 ὁ
1543 1729 1781 1801 Χριστὸς

1878 637 1933 683 et
1977 630 2148 700 magis
2174 628 2465 687 familiare.
2523 630 2603 689 Ne
2652 634 2775 704 quis
2820 635 2965 690 enim
3014 633 3272 706 obiiciat,
3318 636 3463 693 Deus

1878 734 1994 777 erat
2034 723 2145 789 ille,
2178 730 2234 779 ct
2275 740 2374 795 pro
2404 726 2561 781 nobis
2591 742 2711 782 sese
2746 728 2969 783 tradidit
3004 745 3018 784 :
3061 728 3281 784 aliunde
3309 729 3464 784 nobis

1880 821 2262 872 necessitatem
2286 820 2355 873 ob
2384 821 2573 877 oculos
2596 820 2808 877 statuit.
2836 821 3041 876 Debent
3069 821 3235 887 enim,
3262 822 3461 892 inquit,
3505 890 3511 895 _

1879 908 2127 980 diligere,
2154 910 2335 979 idest,
2362 927 2449 968 res
2482 902 2595 983 ipsa
2622 912 2786 984 E13
2820 929 2923 969 non
2959 922 3043 969 est
3075 915 3272 985 gratia,
3301 923 3464 970 caete-

1880 1019 2001 1058 rum
2035 1005 2270 1059 debitqu
2293 1015 2377 1061 est
2403 1015 2457 1061 et
2477 1007 2773 1061 necessitas
2801 1026 2815 1062 :
2849 1022 2973 1063 nam
3001 1023 3137 1063 uxor
3156 1017 3237 1063 est
3259 1021 3462 1078 corpus

1883 1109 2055 1160 tuum.
2085 1100 2291 1157 Christi
2352 1101 2534 1170 itaque
2583 1102 2895 1173 exemplum
2939 1118 3045 1159 non
3079 1104 3149 1158 ob
3179 1104 3346 1158 solam
3379 1103 3466 1157 di-

1882 1194 2168 1249 lectionem
2195 1196 2514 1264 assumpsit,
2549 1211 2735 1251 verum
2756 1195 2920 1251 etiam
2943 1204 3001 1251 ut
3035 1211 3215 1252 mores
3250 1206 3466 1250 nostros

1880 1296 2255 1356 componeret.
2303 1285 2464 1351 Nam.
2505 1307 2524 1341 ι
2572 1286 2646 1343 Ut
2688 1295 2876 1344 sancta
2923 1289 3016 1351 sit,
3061 1306 3081 1341 ι
3126 1287 3321 1356 inquit,
3355 1306 3376 1339 ι
3412 1296 3468 1340 et

1882 1378 2248 1435 immaculata.
2280 1398 2300 1432 ι
2329 1379 2483 1448 Quod
2512 1394 2640 1436 vero
2665 1381 2731 1436 de
2754 1394 2922 1436 carne
2948 1378 3176 1451 profert,
3196 1380 3266 1434 ob
3295 1378 3465 1435 solam

1881 1471 2233 1529 dilectionem
2268 1482 2376 1530 est.

1957 1584 1978 1621 ι
2009 1565 2173 1634 Vens_
2202 1566 2295 1634 28,
2314 1567 2407 1625 29.
2436 1586 2455 1620 ι
2473 1566 2577 1634 Qui
2596 1566 3002 1639 diligituxorem
3016 1583 3196 1636 suam,
3223 1566 3464 1639 seipsutn

1885 1662 2081 1731 diligit.
2129 1659 2303 1717 Nemo
2354 1662 2501 1717 enim
2534 1677 2774 1733 unquam
2827 1677 2983 1717 suam
3034 1662 3206 1732 ipsius
3248 1676 3470 1718 carnem

1883 1752 2007 1807 odio
2041 1753 2268 1819 habuit,
2325 1753 2419 1808 sed
2473 1753 2647 1808 nutrit
2700 1761 2758 1807 et
2811 1752 2962 1808 fovet
3007 1767 3165 1818 eam,
3224 1752 3366 1808 sicut
3415 1760 3474 1808 et

175 1817 281 1888 τὴν
322 1816 714 1889 Ἐκκλησίαν.)
752 1819 864 1890 Τὴν
897 1821 1319 1891 ἐπιτεταμένην,
1350 1823 1501 1891 φησι,
1536 1824 1631 1877 καὶ
1660 1824 1780 1876 ὲπι-

185 1910 591 1936 ,,,,,,π,,,,ι,ᾼ,,,
642 1912 944 1936 n--___r___
1001 1916 1297 1936 _-___-.-__
1369 1919 1459 1936 κς.
1499 1919 1552 1936 κ,

1899 1845 2141 1901 Christus
2163 1816 2484 1901 Ecclesiam.
2526 1862 2546 1897 ι
2584 1843 2882 1910 intonsam,
2911 1844 3109 1913 inquit,
3141 1816 3195 1898 et
3227 1844 3470 1899 sedulam

184 1910 592 1982 μεμελημένην
641 1912 945 1983 θεραπείαν
998 1916 1302 1989 προσφέρει
1356 1919 1462 1980 πᾶς
1489 1919 1557 1989 τῇ
1596 1917 1776 1986 σαρκί·

178 2002 327 2056 ὥστε
364 2005 465 2058 καὶ
494 2005 561 2058 σὺ
581 2006 647 2076 τῇ
674 2005 916 2073 γυναικί.
960 2005 1131 2061 Πάλιν
1161 2007 1219 2061 δὲ
1270 2009 1350 2081 τῷ
1396 2008 1620 2082 Χριστῷ
1645 2010 1782 2080 χρᾶ-

178 2096 445 2168 ταιπρὸς
502 2098 831 2168 ὑπόδειγμα,
887 2098 1157 2155 δεικνύων
1211 2101 1295 2154 ὅτι
1327 2101 1423 2155 καὶ
1473 2102 1505 2155 ὁ
1546 2101 1784 2174 Χριστὸς

180 2190 337 2260 ἡμᾶς
375 2189 453 2250 ὡς
488 2190 697 2243 οἰκείαν
729 2191 899 2244 αὑτοῦ
930 2193 1112 2264 σάρκα
1145 2194 1457 2265 ἠγάπησεν.

257 2300 280 2334 ι
327 2282 459 2343 Ὅτι
493 2281 631 2353 μέλη
663 2283 829 2354 ἐσμὲν
877 2285 974 2338 τοῦ
1019 2285 1273 2356 σώματος
1318 2285 1508 2343 αὐτοῦ.
1555 2305 1574 2339 ι
1611 2287 1753 2342 Τουτ

181 2373 328 2441 ἐστι,
356 2378 698 2447 γνησιότητα
727 2376 932 2448 πολλὴν
962 2377 1099 2449 πρὸς
1120 2378 1283 2431 αὐτὸν
1311 2378 1529 2450 ἔχομεν.

260 2577 281 2611 ι
335 2558 441 2612 Ἐκ
482 2558 582 2628 τῆς
621 2558 828 2630 σαρκὸς
860 2558 1053 2625 αὐτοῦ,
1081 2561 1179 2614 καὶ
1215 2560 1280 2614 ἐκ
1314 2559 1427 2615 τῶν
1452 2559 1657 2619 ὀστέων
1688 2563 1788 2617 αὖ·

182 2651 306 2706 τοῦ.
347 2671 369 2704 ι
410 2652 546 2707 Ἀπὸ
570 2652 681 2724 γάρ
713 2654 808 2722 τῆς
843 2652 1126 2724 ἡμετέρας
1159 2653 1384 2723 γέγονεν
1410 2653 1567 2722 ὕλης,
1595 2655 1788 2728 ὥσπερ

185 2747 282 2801 καί
310 2748 353 2817 ἡ
390 2744 505 2800 Εὕα
534 2747 598 2800 ἐκ
634 2744 777 2820 [τῆς]
802 2745 897 2799 τοῦ
938 2746 1131 2818 Ἀδάμ.
1166 2746 1275 2801 Καὶ
1305 2747 1495 2819 ὥσπερ
1521 2748 1639 2803 ἐκεῖ
1665 2767 1789 2804 τοσ-

186 2839 336 2910 αύτη
374 2838 613 2911 ὲγγύτης
643 2841 814 2905 ἐστὶν,
847 2837 993 2893 οὕτω
1031 2840 1128 2893 καὶ
1155 2841 1440 2911 ὲφ“ήμῶν.
1470 2843 1579 2898 Καὶ
1611 2844 1788 2909 ἄλλως

184 2932 266 2990 δὲ.
296 2935 374 2986 ὲκ
404 2935 505 3002 τῆς
536 2932 738 3001 σαρκὸς
786 2931 955 2986 αὐτοῦ
1005 2935 1196 3002 ἐσμεν,
1229 2935 1323 2988 καὶ
1353 2935 1417 2989 ἐκ
1448 2936 1557 2991 τῶν
1584 2936 1789 2993 ὀστέων

184 3023 387 3089 αὐτοῦ,
418 3025 498 3078 ὅτι
525 3041 587 3080 τε
625 3023 815 3097 ὥσπερ
842 3026 1050 3090 ἐκεῖνος
1075 3027 1140 3079 ὲκ
1175 3025 1493 3098 Πνεύματος
1531 3029 1791 3100 γεγέννη-

187 3134 281 3174 ται
320 3118 458 3174 ἄνευ
493 3118 804 3181 συνουσίας·
838 3117 983 3172 οὕτω
1030 3119 1122 3172 καὶ
1166 3119 1328 3190 ἡμεῖς
1361 3121 1420 3174 ὲν
1441 3119 1520 3191 τῷ
1551 3119 1786 3193 λουτρῷ.

1887 1951 2079 1993 curam
2113 1934 2492 2005 unusquisque
2527 1935 2679 1989 carni
2728 1950 2839 1991 sua:
2870 1935 3126 1990 adhibet:
3185 1933 3366 2004 itaque
3416 1943 3473 1990 et

1887 2039 1942 2085 tu
1976 2028 2153 2085 uxori.
2183 2027 2395 2084 Rursus
2421 2037 2598 2082 autem
2623 2026 2845 2083 Christo
2877 2043 2975 2098 pro
2999 2026 3248 2094 exemplo
3278 2025 3470 2095 utitur,

1885 2122 2180 2179 ostendens
2216 2124 2361 2192 quod
2393 2131 2445 2177 et
2476 2120 2735 2177 Christus
2780 2135 2881 2176 nos
2914 2134 3011 2177 ceu
3042 2119 3315 2192 propriam
3345 2132 3471 2174 car-

1888 2232 2009 2272 nem
2040 2231 2194 2270 suam
2225 2214 2437 2269 dilexit.

1959 2308 2120 2365 Vens.
2150 2309 2242 2376 50,
2281 2326 2300 2361 ι
2331 2308 2469 2377 Quia
2505 2305 2752 2364 membra
2786 2320 2972 2363 sumus
2996 2305 3240 2376 corporis
3269 2302 3409 2375 ejus.
3444 2322 3465 2357 ι

1889 2402 2000 2460 Hoc
2068 2412 2178 2470 est,
2244 2402 2534 2475 plurimum
2610 2402 2768 2460 nobis
2819 2416 2944 2458 cum
3009 2416 3076 2456 ee
3135 2398 3475 2471 cognationis

1886 2503 1990 2552 est.

1963 2608 1983 2643 ι
2018 2586 2095 2643 De
2117 2600 2288 2643 carne
2318 2584 2511 2655 ipsius,
2538 2592 2595 2639 et
2621 2598 2690 2640 ex
2719 2582 2939 2640 ossibus
2960 2582 3103 2650 eius.
3144 2600 3164 2636 ι
3203 2581 3245 2637 Α
3283 2590 3475 2638 nostra

1888 2680 2032 2734 enim
2063 2677 2292 2734 materia
2311 2676 2490 2733 factus
2509 2685 2614 2739 est,
2644 2685 2700 2730 ut
2721 2673 2831 2730 Eva
2860 2691 2929 2732 ex
2956 2676 3151 2730 Adam.
3187 2674 3254 2730 Et
3282 2690 3476 2745 quem-

1889 2772 2179 2828 admodum
2226 2771 2337 2826 illic
2377 2778 2462 2827 est
2509 2784 2701 2838 magna
2753 2767 3168 2839 propinquitas,
3222 2768 3298 2823 ita
3332 2767 3477 2822 inter

1891 2880 2012 2921 nos.
2045 2862 2243 2919 Sumus
2269 2874 2449 2918 autem
2477 2871 2531 2917 et
2556 2861 2717 2917 aliter
2744 2863 2811 2916 de
2831 2875 2997 2916 carne
3013 2859 3154 2931 ejus,
3177 2870 3235 2915 et
3259 2858 3478 2916 ossibus

1890 2954 2032 3025 ejus,
2058 2970 2256 3025 nempe
2285 2964 2341 3008 ut
2379 2954 2469 3010 ille
2495 2969 2560 3009 ex
2601 2953 2809 3024 Spiritu
2844 2960 3002 3007 natus
3032 2961 3119 3008 est
3148 2952 3285 3007 citra
3321 2966 3480 3007 como

1896 3049 2209 3103 mistionem
2240 3045 2433 3110 maris,
2462 3046 2541 3100 sic
2571 3053 2625 3100 et
2652 3060 2752 3100 nos
2786 3044 2837 3099 in
2868 3044 3089 3099 lavacro
3138 3061 3152 3098 :
3191 3052 3304 3098 tum
3335 3042 3480 3112 quod

1891 3155 1994 3196 nos
2041 3139 2335 3207 assumptis
2370 3136 2645 3209 mysteriis
2694 3136 2954 3192 divinitus
2998 3135 3477 3192 transformamur.

190 3212 289 3268 καὶ
335 3212 424 3264 ὅτι
477 3209 876 3280 μεταλαϐόντες
924 3211 1034 3264 τῶν
1068 3212 1429 3282 μυστηρίων,
1482 3215 1549 3268 ἐκ
1597 3214 1785 3269 τούτου

1899 3232 2070 3300 Atque
2103 3238 2160 3284 ut
2190 3228 2506 3286 summatim
2537 3228 2738 3293 dicam,
2791 3228 2894 3282 hoc
2917 3226 3028 3282 ait:
3076 3226 3311 3281 maxima
3352 3240 3481 3281 cun

189 3303 407 3366 εὐθέως
452 3301 499 3336 δ’
535 3301 1058 3374 μεταπλαττόμεθα.
1100 3301 1399 3358 Συνελὸντα
1446 3302 1540 3359 οὖν
1587 3308 1785 3373 εἰπεῖν,

190 3395 362 3450 τοῦτό
398 3412 590 3467 φησιν,
634 3395 717 3448 ὅτι
766 3395 867 3466 τὴν
893 3395 1072 3463 ἄκραν
1108 3396 1419 3469 οἰκειότητα
1450 3397 1590 3470 πρὸς
1619 3400 1786 3453 αὐτὸν
1814 3402 1829 3407 “

192 3490 424 3561 ἔχομεν.
461 3489 570 3544 Καὶ
592 3474 700 3560 γὰρ
730 3490 825 3544 καὶ
856 3489 1000 3544 κατά
1028 3488 1091 3543 τὸ
1113 3488 1391 3561 ὁρώμενον
1425 3491 1788 3564 ἐκοινώνησεν

189 3585 331 3654 ἡμῖν
358 3583 564 3653 σαρκὸς
595 3583 690 3635 καὶ
732 3582 966 3651 αἵματος
992 3598 1007 3614 ·
1058 3583 1151 3634 καὶ
1184 3584 1329 3635 κατὰ
1363 3583 1426 3637 τὸ
1470 3583 1785 3655 νοούμενον,

192 3675 374 3737 αἴτιος
406 3675 511 3743 τῆς
534 3675 914 3746 πνευματικῆς
937 3675 1296 3739 ἀναπλάσεως
1319 3676 1452 3746 ἡμῖν
1479 3676 1699 3745 ἐγένετο
1717 3678 1789 3746 ⁵⁸,

190 3767 394 3839 ὥσπερ
424 3767 522 3820 καὶ
544 3769 572 3820 ὀ
612 3766 787 3837 ’Δδάμ
807 3771 875 3840 τῇ
908 3766 1020 3841 Eth
1040 3768 1138 3837 τῆς
1160 3767 1433 3831 πλάσεως.

270 3880 295 3917 σ
320 3861 476 3917 Ἀντὶ
522 3862 714 3916 τούτου
761 3861 1077 3930 καταλείψει
1104 3862 1395 3931 ἄνθρωπος
1436 3860 1528 3915 τὸν
1577 3861 1791 3933 πατέρα

194 3954 371 4013 αὑτοῦ
405 3955 502 4009 καὶ
530 3953 629 4026 τὴν
678 3955 911 4024 μητέρα,
945 3955 1044 4008 καὶ
1075 3954 1623 4027 προσκολληθήσεται
1650 3956 1789 4025 πρὸς

194 4050 301 4119 τὴν
333 4049 571 4118 γυναῖκα
602 4047 793 4113 αὑτοῦ,
823 4049 918 4103 καὶ
954 4047 1171 4102 ἔσονται
1203 4051 1253 4103 oi
1283 4050 1328 4082 ⁸⁸
1364 4048 1458 4103 δύο
1492 4051 1573 4114 εἰς
1608 4050 1788 4119 σάρκα

199 4145 357 4216 μίαν.
399 4161 421 4195 ι
463 4142 597 4198 Ἰδοὺ
631 4143 724 4197 καὶ
744 4141 932 4214 ἕτερον
955 4142 1256 4211 δικαίωμα,
1286 4143 1369 4196 ὃτι
1390 4143 1486 4197 καὶ
1508 4144 1636 4206 τοὺς
1661 4158 1790 4211 γενν-

196 4234 547 4309 νησαμένους
569 4252 653 4299 τις
676 4233 854 4303 ἀφεὶς,
874 4234 1060 4307 ἐκείνῃ
1078 4233 1649 4307 [προσκολληθήσεται
1668 4232 1786 4307 καὶ]

198 4324 606 4399 συμπλέκεται.
622 4325 734 4380 Καὶ
746 4327 845 4379 οὐκ
869 4320 1013 4390 εἷπε,
1035 4326 1375 4395 Συνοικήσει,
1398 4325 1566 4392 tua:
1594 4345 1613 4379 ι
1646 4326 1790 4397 Προ-

200 4417 662 4489 σκολληθήσεται,
683 4437 702 4471 ι
720 4419 820 4487 τὴν
845 4419 1214 4474 ἀδιάσπαστον
1227 4419 1272 4450 ⁸⁸
1293 4417 1489 4473 ἕνωσιν
1505 4417 1702 4489 δηλῶν.
1717 4419 1790 4473 Τὸ

196 4509 279 4575 δὲ,
310 4527 331 4561 ι
364 4510 460 4573 Εἰς
483 4508 661 4579 σάρκα
695 4510 879 4576 pinv,»
909 4508 1313 4579 ὲκλαμὸάνεται
1345 4509 1444 4579 μὲν
1477 4510 1572 4563 καὶ
1605 4509 1790 4573 ἁπλῶς

1900 3338 1966 3379 eo
2025 3323 2182 3378 nobis
2244 3320 2586 3375 latniliaritas
2635 3318 2946 3375 intercedit.
3006 3317 3142 3372 Nam
3194 3316 3482 3372 visibiliter

1899 3409 2325 3468 communicavit
2356 3410 2637 3464 nobiscum
2667 3423 2832 3463 carne
2861 3417 2917 3464 et
2941 3408 3210 3478 sanguine
3237 3426 3250 3463 :
3283 3407 3479 3462 invisi-

1898 3502 2080 3560 biliter
2108 3512 2292 3558 autem
2338 3511 2532 3556 auctor
2569 3500 2726 3556 nobis
2773 3499 3075 3568 spiritualis
3131 3498 3478 3555 reformatio-

1900 3594 1983 3649 nis
2027 3593 2255 3661 exstitit,
2306 3592 2446 3649 sicut
2497 3599 2553 3675 e_t
2609 3590 2781 3645 Adam
2813 3587 2938 3644 Eva:
2977 3587 3269 3645 creationis
3313 3601 3481 3644 causa

1898 3687 2024 3743 fuit.

1972 3870 2137 3927 Vsus.
2167 3868 2260 3924 5i.
2301 3888 2319 3922 ι
2364 3868 2590 3936 Propter
2620 3864 2727 3922 hoc
2757 3864 3033 3935 relinquet
3069 3861 3234 3919 homo
3260 3869 3472 3932 patrem

1901 3980 2057 4021 suum
2087 3972 2143 4019 et
2174 3972 2428 4028 matrem,
2460 3970 2515 4016 et
2544 3958 2842 4014 adhaerebit
2871 3958 3025 4012 uxori
3052 3971 3185 4021 suae,
3215 3964 3484 4023 eruntque

1901 4061 2012 4117 duo
2035 4061 2087 4114 in
2117 4071 2340 4114 carnem
2369 4071 2554 4109 unam.
2603 4072 2622 4106 ι
2671 4050 2812 4106 Ecce
2839 4050 3067 4105 alterum
3095 4063 3273 4105 causae
3297 4047 3486 4101 firma-

1901 4161 2169 4216 mentum,
2201 4164 2415 4221 nempe,
2450 4145 2764 4218 parentibus
2792 4147 2908 4201 suis
2946 4143 3216 4214 quispiam
3255 4138 3482 4207 relictis,

1901 4245 1976 4301 illi
2016 4243 2382 4299 connectitur.
2420 4241 2537 4296 Nec
2567 4240 2726 4305 dixit,
2769 4236 3135 4301 Cohabitabit,
3167 4234 3285 4299 sed,
3325 4251 3344 4285 ι
3372 4233 3484 4304 Ag-

1902 4336 2277 4407 glutinabitur,
2316 4354 2335 4389 ι
2395 4334 2652 4389 unionem
2701 4329 3084 4388 indivisibilem
3141 4325 3480 4396 signiﬁcans.

1904 4429 2018 4486 lloc
2047 4436 2251 4493 autem,
2284 4444 2303 4479 ι
2344 4425 2400 4480 lu
2436 4441 2655 4482 carnem
2693 4438 2878 4488 unam,
2915 4439 2935 4474 ι
2971 4418 3233 4488 accipitur
3262 4416 3485 4487 quidem

1903 4521 2225 4590 simpliciter
2281 4520 2472 4588 (atque
2525 4517 2599 4571 ita
2653 4529 2881 4586 magnus
2912 4513 3003 4568 ille
3056 4509 3314 4578 Joannes)
3360 4522 3482 4587 pro,

197 4573 380 4665 οὕτως
405 4602 434 4655 ὁ
466 4573 638 4671 μέγας
665 4573 917 4671 Ἰνωαννης
943 4573 1065 4654 ἀντι
1081 4600 1198 4665 τοῦ,
1235 4573 1493 4655 Ἔσονται
1514 4600 1612 4672 μία
1631 4600 1785 4673 σάρξ·

1899 4573 2070 4669 Erunt
2091 4626 2221 4667 caro
2249 4573 2691 4678 tina.'Signilicat
2711 4573 2892 4662 autem
2924 4614 2977 4659 et
3006 4604 3152 4660 aliud
3186 4573 3478 4674 quiddam

196 4694 501 4749 αἰνίττεται
530 4692 588 4747 δὲ
613 4693 706 4747 καί
740 4710 792 4746 τι
814 4693 1025 4764 ἕτερον,
1060 4693 1154 4748 καὶ
1176 4694 1258 4747 ὅτι
1285 4693 1500 4747 ἔσονται
1525 4696 1573 4747 oi
1593 4694 1687 4749 δύο
1712 4698 1793 4759 εἰς

199 4787 263 4841 τὸ
294 4785 623 4842 ἀποτελέσαι
648 4786 776 4857 μίαν
806 4787 1009 4857 σάρκα,
1035 4786 1097 4840 τὸ
1125 4786 1313 4840 τέκνον
1345 4785 1573 4857 δηλαδή.

282 4898 305 4933 ι
360 4880 435 4933 Τὸ
484 4881 784 4951 μυστήριον
819 4878 982 4933 τοῦτο
1026 4879 1168 4950 μέγα
1203 4878 1374 4932 ἐστίν’
1418 4878 1531 4949 ἐγὼ
1559 4879 1615 4933 δὲ
1647 4879 1793 4951 λέγω

201 4976 287 5037 εἰς
336 4971 574 5041 Χριστὸν
626 4975 723 5025 καὶ
776 4971 858 5036 είς
909 4970 1010 5043 τὴν
1053 4971 1412 5043 Ἐκκλησίαν.
1449 4989 1469 5023 ι
1506 4973 1791 5040 Ὶόυτέστι,

206 5066 356 5136 μέγα
382 5080 438 5117 τι
459 5064 551 5118 καὶ
577 5064 896 5134 θαυμαστὸν
923 5062 1151 5137 ᾐνίξατο
1169 5066 1196 5118 ὁ
1234 5064 1505 5136 μακάριος
1527 5066 1793 5137 Μωῦσῆς.

178 5159 300 5230 ,Τῷ
350 5157 469 5211 ὃντι
522 5157 631 5230 γὰρ
682 5159 1005 5228 μυστήριον,
1049 5156 1111 5210 τὸ
1148 5159 1275 5221 τοὺς
1303 5159 1747 5228 γεννησαμένους
1778 5200 1794 5226 ,

201 5254 337 5314 τοὺς
396 5249 913 5321 ταλαιπωρηθέντας
962 5252 1051 5305 ἐπ’
1095 5251 1242 5320 αὖτῷ
1271 5291 1285 5316 ,
1322 5253 1446 5316 τοὺς
1500 5252 1797 5325 εὐεργετή-

206 5362 414 5405 σαντας
436 5344 677 5412 ἀφεῖναι,
701 5344 794 5398 καὶ
823 5335 1301 5415 προσκολληθῆναι
1333 5343 1470 5416 πρὸς
1496 5342 1595 5417 τὴν
1628 5344 1799 5416 μηδέ-

207 5455 343 5492 ποτε
372 5438 685 5502 θεαθεῖσαν,
721 5438 857 5508 μηδὲ
888 5437 1356 5512 προκατάρξασάν
1392 5454 1540 5502 τινος
1561 5437 1797 5507 ἀγαθοῦ.

209 5534 376 5602 Μέγα
416 5532 583 5597 ὅντως
642 5533 966 5604 μυστήριον,
993 5533 1132 5598 τέως
1181 5533 1365 5606 μέντοι
1430 5535 1511 5597 εἰς
1561 5534 1800 5604 Χριστὸν

211 5628 617 5697 ἐκλαμϐάνεται
641 5625 771 5699 παρ’
798 5624 932 5698 ἐμοῦ
960 5625 1120 5681 τοῦτο
1175 5629 1363 5699 φησιν,
1393 5627 1439 5660 ⁸³
1463 5627 1539 5692 tb‘;
1571 5644 1791 5699 προφη-

1900 4720 2026 4761 nam
2056 4711 2217 4758 erunt
2244 4702 2371 4766 duo,
2401 4708 2456 4754 ut
2482 4696 2771 4769 perﬁciant
2803 4710 3022 4751 carnem
3052 4709 3239 4759 unam,
3272 4690 3481 4764 prolem

1899 4794 2171 4851 videlicet.

1971 4885 2139 4941 Vsus.
2172 4884 2263 4940 '52.
2302 4902 2321 4936 ι
2361 4880 2779 4938 Sacramentum
2812 4879 2916 4934 ltoc
2946 4890 3198 4946 magnum
3226 4881 3330 4937 cst,
3362 4872 3485 4926 dico

1855 4969 1867 4979 ’
1901 4988 2083 5035 autem
2116 4991 2237 5048 ego,
2268 4978 2324 5032 in
2358 4974 2577 5031 Christo
2621 4982 2676 5028 et
2712 4970 2971 5027 Ecclesia.
3004 4987 3023 5021 ι
3065 4967 3177 5024 Hoc
3225 4974 3330 5030 est,
3372 4977 3486 5017 ma-

1896 5085 2061 5142 gnum
2085 5069 2341 5141 quiddam
2367 5076 2420 5122 et
2440 5066 2814 5121 admirandum
2838 5063 2994 5119 dirus
3008 5060 3183 5115 Moses
3205 5055 3483 5112 indicavit.

1899 5164 2112 5219 Revera
2136 5161 2285 5216 enim
2315 5159 2636 5232 mysterium
2675 5165 2777 5223 est,
2816 5165 2875 5210 ut
2916 5167 3010 5209 eos
3045 5151 3136 5221 qui
3184 5151 3359 5221 ipsum
3392 5160 3486 5217 ge.

1899 5256 2137 5321 nueriut,
2161 5253 2252 5325 qui
2279 5253 2346 5309 ob
2378 5253 2554 5323 ipsum
2580 5250 2778 5305 multas
2794 5257 3067 5301 aerumnas
3084 5242 3225 5313 passi
3256 5239 3483 5305 fuerint,

1898 5349 2101 5420 quique
2138 5346 2193 5401 in
2240 5344 2415 5415 ipsum
2469 5344 2756 5398 innumera
2814 5334 3077 5392 benelicia
3127 5330 3484 5396 contulerint,

1899 5445 2115 5500 deserat
2143 5440 2434 5513 quispiam,
2459 5446 2514 5491 et
2556 5434 2917 5505 agglutinetur
2942 5430 2992 5486 ei
3025 5444 3184 5498 quam
3209 5438 3485 5497 nunquam

1896 5546 2023 5590 ante
2072 5531 2444 5601 conspexerit,
2481 5542 2656 5598 neque
2690 5525 2987 5598 quidquam
3041 5522 3164 5578 boni
3214 5532 3377 5577 antea
3411 5520 3485 5576 sit

1900 5644 2047 5684 orsa.
2090 5628 2282 5697 Ingens
2315 5639 2503 5679 revera
2556 5622 2658 5676 hoc
2713 5619 3031 5691 mysteriqu
3085 5625 3203 5684 est,
3263 5614 3484 5673 interim

1569 5726 1772 5789 Varius
1816 5726 2152 5789 lectiones.

281 5824 325 5902 ξ’
366 5827 442 5888 εἰς
487 5825 863 5902 ὑποδείγματα
903 5824 1063 5897 λόγου
1088 5842 1139 5884 o.
1222 5827 1263 5862 ⁵⁸
1297 5826 1502 5893 ὲνθὲως
1532 5843 1587 5885 o.
1666 5827 1710 5860 '°
1747 5830 1939 5902 γέγονε
1971 5846 2024 5885 ο.
2101 5826 2148 5860 ⁹²
2176 5825 2231 5883 αἱ
2270 5840 2321 5879 0.
2402 5823 2448 5854 ⁸³
2505 5819 2826 5874 ἀδιάδτατον
2871 5830 2924 5873 οο
3000 5815 3046 5849 ³³
3071 5810 3486 5887 ἐκλαμδάνθμαι

212 5896 392 5981 cogito,
449 5897 635 5972 φησιν,
660 5896 770 5970 ιγὼ
801 5913 854 5955 ο.
