3932 6576
208 312 359 382 Hii

1010 319 1423 383 EXPOSITIO
1468 322 1548 385 IN
1586 318 1829 381 EPIST.
1875 318 1975 379 AD
2006 320 2280 383 EPHES.
2310 346 2378 357 --
2413 320 2573 384 CAP.
2613 322 2713 384 VI.

3363 325 3502 393 “2'2

211 429 575 486 ’Υπακούετε
609 424 739 496 οὖν,
776 431 929 503 φηάι,
965 436 1078 497 τοῖς
1116 435 1391 503 γονεῦσιν,
1425 433 1538 488 ἀλλ’
1570 435 1660 487 «ἐν
1699 434 1794 486 Κυε

1920 434 2012 487 sed
2080 451 2099 485 σ
2163 433 2215 487 in
2258 432 2526 491 Domino:
2570 454 2589 488 ι
2651 437 2753 494 hoc
2804 447 2911 504 est,
2966 440 3184 511 quando
3208 445 3504 497 secundum

205 526 346 597 ρίῳ,
396 546 413 578 ι
442 527 747 591 τουτέστιν,
783 529 913 581 ὅταν
948 528 1089 581 κατά
1136 523 1405 602 Κύριονῇ
1454 528 1523 581 τὰ
1568 526 1811 599 προστά-

200 636 413 686 γματα
454 618 521 651 ⁵⁸-
556 622 681 674 ἐπεὶ
706 621 800 673 ἐὰν
828 621 909 684 είς
937 622 1191 677 ἀσέϐειαν
1219 624 1432 695 συνωθῇ
1466 626 1495 677 ό
1536 625 1741 693 πατὴρ.
1776 622 1810 694 ἢ

204 708 477 780 βούλεται
529 710 838 782 προστῆσαι
889 711 987 783 τὴν
1044 712 1357 786 θυγατέρα,
1391 714 1424 785 ἢ
1456 715 1692 785 αἰσχρὰν
1721 716 1810 769 τέ-

203 820 354 873 χνην
387 804 599 869 διδάξαι
625 804 719 857 τὸν
747 805 887 872 υἱὸν,
919 806 980 859 ού
1016 808 1157 861 κατὰ
1186 807 1392 879 Κύριόν
1417 809 1533 862 ἐστι
1557 808 1619 862 τὸ
1639 810 1810 880 πῶσ-

198 912 435 965 τιγμα,
468 896 592 950 οὐδὲ
629 897 928 952 ὑπακούειν
959 900 1063 954 δεῖ.

286 1007 306 1039 ι
355 987 534 1043 Τοῦτο
576 989 684 1060 γάρ
719 992 834 1045 ἐστι
877 991 1108 1046 δίκαιον.
1148 993 1294 1063 Τίμα
1329 994 1421 1048 τὸν
1469 995 1687 1065 πατέρα
1712 1013 1808 1049 σου

199 1080 305 1134 καὶ
365 1082 468 1151 τὴν
514 1083 729 1154 μητέρα
760 1100 876 1148 σου,
913 1084 1036 1154 ἥτις
1090 1086 1241 1139 ἐστὶν
1298 1086 1488 1157 ὲντολη
1525 1088 1716 1160 πρώτη
1752 1090 1808 1140 ἐν

197 1173 582 1241 ἐπαγγελίαις
635 1176 703 1228 ⁵⁸.
735 1194 754 1226 ε
801 1177 908 1229 Καὶ
966 1177 1127 1245 φύσει
1171 1178 1380 1233 δίκαιόν
1432 1182 1550 1234 ἐστι
1579 1221 1594 1243 ,
1648 1180 1804 1250 φησὶ,

195 1265 403 1330 τοῦτο,
444 1266 540 1319 καὶ
597 1267 702 1320 ὑπὸ
742 1267 837 1322 τοῦ
870 1270 1037 1339 νόμου
1088 1270 1519 1340 προστάσσεται.
1559 1271 1684 1334 Πῶς
1747 1271 1804 1325 δέ

201 1372 417 1425 φησιν,
472 1357 555 1410 ὅτι
605 1357 796 1430 πρώτη
839 1361 1029 1432 ἐντολή
1062 1362 1178 1415 ἐστι
1229 1361 1390 1416 τοῦτο
1413 1363 1499 1427 ⁶⁰;
1540 1364 1657 1416 Οὐκ
1690 1362 1806 1416 ἔστι

196 1448 343 1517 γάρ·
372 1440 515 1503 ἀλλὰ
552 1449 634 1514 τὸ,
697 1469 716 1503 ι
756 1452 831 1504 υύ
894 1455 1177 1521 φονεύσεις
1208 1467 1224 1484 ⁶
1275 1454 1351 1507 Ού
1406 1452 1737 1525 μοιχεύσεις.
1780 1473 1798 1507 ι

210 1539 370 1594 ’Ἀλλ’
428 1543 553 1612 ὅρα,
597 1543 649 1596 τί
712 1544 1056 1614 προσέθηκεν
1083 1564 1099 1579 ο
1138 1566 1157 1600 ι
1207 1548 1296 1601 Ἐν
1361 1547 1741 1617 ἐπαγγελίαις.
1779 1566 1798 1600 ι

212 1631 475 1687 Ἐκείναι
508 1636 617 1705 γὰρ
674 1636 731 1689 αί
775 1636 992 1707 πρῶται
1047 1640 1147 1693 οὐκ
1196 1640 1417 1710 ἔχουσιν
1471 1643 1805 1712 ἐπαγγελίας

197 1724 302 1776 καὶ
330 1724 713 1795 ἀντιμισθίαςο
741 1728 1124 1799 ἀναχωρήσεις
1167 1730 1275 1802 γάρ
1315 1734 1422 1785 είσι
1458 1735 1672 1798 κακῶν,
1705 1735 1806 1789 οὐκ

1920 523 2204 580 Dominum
2258 525 2483 592 fuerint,
2533 543 2656 598 qua:
2709 531 2863 585 vobis
2921 532 3203 589 mandant.
3267 533 3402 589 Nam
3457 537 3503 591 si

1918 628 2073 685 pater
2096 618 2161 672 ad
2192 619 2526 689 impietatem
2560 632 2612 677 te
2643 625 2952 694 compellat,
2987 636 3080 680 aut
3108 626 3272 681 filiam
3306 629 3507 697 prosti-

1917 718 2068 765 tuere
2093 709 2244 777 velit,
2275 722 2370 767 aut
2402 721 2615 784 turpem
2650 726 2825 771 artem
2852 717 3047 773 docere
3076 718 3265 783 filium,
3294 735 3399 774 non
3422 731 3508 776 est

1912 803 2212 855 secundum
2266 802 2553 859 Dominum
2610 808 2922 862 mandatum
2973 810 3096 875 hoc,
3148 824 3324 880 neque
3372 811 3505 867 obe-

1914 891 2170 947 dicndum
2203 902 2310 949 ast.

1983 983 2149 1041 Vens.
2186 987 2239 1050 1,
2267 987 2323 1040 2.
2364 1005 2382 1039 ι
2421 985 2535 1042 Hoc
2565 988 2707 1042 enim
2742 987 2947 1057 justum
3003 1002 3111 1045 est.
3165 991 3375 1047 llonora
3407 1010 3502 1063 pa-

1916 1085 2050 1131 trem
2088 1087 2239 1133 tuum
2266 1087 2321 1132 et
2356 1088 2586 1134 matrem
2646 1089 2834 1133 tuam:
2868 1082 3013 1151 quod
3058 1093 3141 1138 est
3176 1090 3498 1141 mandatum

1911 1167 2143 1237 primum
2175 1169 2226 1223 in
2254 1169 2639 1241 promissione.
2684 1190 2702 1224 ι
2738 1173 2781 1225 Α
2810 1184 3004 1227 natura
3030 1174 3129 1230 hoc
3151 1175 3358 1245 justum
3386 1189 3495 1245 est,

1913 1261 2110 1330 inquit,
2140 1271 2252 1317 tum
2285 1274 2339 1317 et
2363 1264 2479 1334 iege
2499 1273 2722 1319 cantum
2753 1275 2856 1321 est.
2886 1266 3166 1334 Quomodo
3195 1280 3374 1328 autem
3399 1273 3502 1329 hoc

1911 1356 2146 1424 primum
2176 1356 2493 1411 mandatum
2531 1357 2690 1423 dixit,
2730 1374 2852 1413 cum
2890 1375 2997 1415 non
3040 1361 3155 1416 sit?
3197 1362 3326 1417 Illud
3354 1366 3499 1419 enim

1910 1446 2088 1516 potius
2117 1446 2350 1516 primum
2378 1458 2499 1503 est:
2540 1468 2558 1502 ι
2595 1449 2708 1503 Non
2759 1451 3002 1518 occides,
3038 1453 3154 1509 Non
3188 1458 3501 1513 mtechabe-

1912 1543 2005 1594 ris.
2040 1557 2059 1589 ι
2099 1539 2169 1594 At
2202 1540 2349 1594 enim
2386 1542 2509 1597 vide
2540 1543 2666 1611 quid
2693 1544 2977 1611 adjecerit,
3020 1565 3039 1598 ι
3089 1548 3148 1602 in
3181 1548 3499 1617 promissio-

1909 1644 1998 1684 ne.
2029 1649 2049 1682 ι
2081 1630 2262 1686 Prima
2306 1631 2451 1686 enim
2484 1632 2574 1686 illa
2627 1649 2733 1688 non
2780 1635 2983 1692 habent
3024 1639 3417 1705 promissiones
3445 1650 3502 1696 et

1910 1724 2217 1780 mercedem
2250 1725 2563 1794 adjunctam
2591 1745 2604 1781 :
2643 1734 2772 1780 sunt
2801 1729 2944 1782 enim
2976 1745 3004 1782 a
3040 1732 3194 1786 malis
3222 1732 3499 1787 discessus

195 1817 442 1884 ἀγαθῶν
498 1820 776 1891 ἐργασίαιο
802 1822 980 1887 οὐδεὶς
1022 1823 1079 1876 δὲ
1121 1824 1315 1895 μισθὸς
1369 1825 1446 1895 τῷ
1497 1826 1592 1881 τοῦ
1630 1829 1794 1883 κακοί

1909 1818 2150 1885 quidam,
2198 1832 2304 1872 non
2349 1818 2613 1874 bonorum
2660 1822 3044 1890 operationes;
3094 1838 3256 1878 nemo
3314 1836 3495 1880 autem

197 1910 567 1983 ἀπεχομένῳ.
601 1914 750 1985 Αὕτη
780 1914 859 1981 δὲ,
895 1916 1083 1987 ἐπειδὴ
1114 1917 1321 1984 ἀγαθοῦ
1352 1920 1615 1990 ἐργασίαν
1668 1922 1801 1992 ἔχει,

196 2000 416 2075 πρώτη
468 2005 566 2057 καὶ
626 2005 961 2074 ἐπαγγελίαν
1019 2007 1260 2073 ἐδέξατο.
1303 2009 1606 2084 Θαυμαστὴ
1650 2012 1707 2065 δὲ
1767 2014 1802 2084 ἠ

194 2092 395 2159 τάξις.
452 2095 675 2168 Ἐπειδὴ
709 2098 820 2169 γὰρ
847 2091 1104 2171 ἀπήγαγε
1134 2099 1243 2154 τῶν
1275 2103 1530 2174 πονηρῶν
1549 2104 1803 2175 πράξεων

192 2189 223 2240 ό
256 2188 582 2259 νομοθέτης
623 2191 751 2255 τοὺς
782 2191 1127 2262 ἀνθρώπους,
1189 2193 1399 2264 μέλλων
1443 2197 1524 2260 είς
1566 2196 1667 2268 τὴν
1691 2196 1802 2251 τῶν

192 2278 440 2348 ἀγαθῶν
474 2281 738 2351 ἐργασίαν
764 2283 1109 2354 ἐμϐιϐάζειν,
1141 2286 1365 2358 πρώτην
1389 2288 1676 2356 διετάξατο
1703 2289 1802 2363 τὴν

194 2373 282 2435 είς
316 2373 458 2437 τοὺς
478 2375 675 2442 γονέας
706 2378 894 2447 τιμήν.
932 2377 1155 2449 Ἐπειδὴ
1180 2379 1289 2450 γὰρ
1319 2380 1474 2433 αὐτοὶ
1503 2382 1643 2451 μετά
1667 2382 1802 2437 Θεὸν

192 2468 429 2536 πρῶτοι
464 2469 756 2541 εὐεργέται
784 2474 942 2543 ἡμῖν,
972 2472 1187 2544 ἆτείτοῠ
1219 2473 1320 2546 ζῇν
1349 2474 1536 2542 αίτιοι,
1572 2477 1801 2542 είκότως

192 2561 427 2631 πρῶτοι
457 2562 568 2618 τῶν
608 2566 899 2637 ἡμετέρων
924 2569 1297 2624 ἀπολαύσειαν
1328 2571 1583 2642 καρπῶν.

266 2846 290 2881 ε
345 2830 474 2884 Ἵνα
513 2824 573 2885 εὖ
607 2848 691 2885 σοι
720 2832 968 2905 γένηται,
996 2835 1093 2890 καὶ
1133 2834 1234 2910 ἐσῃ
1259 2836 1658 2909 μακροχρόνιος
1704 2837 1799 2892 ἐπὶ

185 2921 294 2990 τῆς
324 2924 464 2993 γῆς.
490 2941 510 2974 ι
547 2922 692 2996 Ὅρα
713 2924 781 2992 ⁶¹,
810 2925 927 2989 πῶς
956 2927 1019 2980 ού
1053 2930 1241 3000 μακρὰ
1274 2929 1510 2985 ἐνταῦθα
1527 2929 1677 3000 λέγει
1703 2932 1798 2986 καὶ

189 3014 402 3079 πολλὰ,
434 3013 535 3069 ἆτε
569 3017 644 3088 μὴ
670 3017 989 3089 δυναμένων
1016 3020 1126 3075 τῶν
1153 3021 1362 3077 παίδων
1395 3022 1591 3095 μακρῷ
1617 3040 1797 3095 παρα-

1908 1910 2000 1964 dat
2030 1912 2338 1966 mercedem
2396 1911 2444 1966 ei
2477 1912 2567 1982 qui
2615 1928 2643 1967 a
2691 1915 2834 1967 maio
2884 1913 3139 1970 abstinet.
3174 1916 3288 1972 Hoc
3315 1929 3493 1973 autem

1906 2005 2245 2066 mandatum,
2276 2003 2535 2075 quoniam
2578 2004 2705 2059 boni
2733 2006 3105 2075 operationem
3156 2006 3338 2073 habet,
3369 2009 3490 2079 pri-

1906 2108 2052 2148 mum
2106 2094 2270 2148 etiam
2331 2094 2753 2165 promissionem
2825 2096 3057 2166 accepit.
3125 2097 3493 2155 Adinirandus

1905 2193 2088 2240 autem
2130 2185 2265 2240 nrdo
2289 2195 2394 2241 est.
2431 2185 2566 2243 Cum
2600 2188 2744 2243 enim
2779 2203 2806 2241 a
2833 2190 3012 2257 pravis
3041 2191 3295 2260 operibus
3328 2191 3495 2262 legis-

1905 2277 2043 2334 lator
2099 2279 2349 2335 homines
2406 2281 2765 2348 abduxisset,
2842 2284 3208 2351 perducturus
3264 2296 3359 2339 eos
3420 2284 3490 2339 ad

1902 2367 2170 2425 bonorum
2192 2370 2592 2440 operationem,
2625 2370 2858 2440 primum
2883 2386 3010 2441 erga
3038 2381 3293 2441 parentes
3318 2373 3491 2428 hono-

1901 2476 2018 2517 rem
2049 2463 2337 2518 constituit
2375 2474 2541 2532 atque
2571 2464 2825 2519 sancivit.
2857 2462 3306 2534 Quaiiquuidem
3342 2467 3489 2522 enim

1901 2553 1982 2608 illi
2009 2555 2167 2612 nobis
2194 2555 2357 2625 primi
2385 2566 2507 2626 post
2531 2555 2698 2612 Deum
2723 2556 3100 2614 benefactores
3120 2566 3270 2624 sunt,
3291 2558 3491 2630 quippe

1903 2644 2031 2715 quia
2067 2645 2193 2700 vita:
2218 2656 2489 2711 auctores,
2528 2661 2634 2701 non
2688 2647 2962 2702 immerito
3005 2648 3167 2717 primi
3218 2658 3368 2715 sunt,
3394 2651 3490 2720 qui

1900 2734 2213 2791 nostrorum
2251 2735 2524 2792 fructuum
2563 2725 2927 2794 emolumenta
2959 2741 3202 2808 capiant.

1978 2828 2145 2885 Vens.
2180 2829 2235 2886 5.
2273 2847 2292 2881 ι
2322 2827 2392 2884 Ut
2423 2828 2562 2886 bene
2588 2832 2684 2886 tibi
2713 2832 2806 2896 sit,
2837 2839 2894 2886 et
2923 2830 3001 2886 sis
3030 2831 3304 2901 longaevus
3326 2846 3487 2903 super

1903 2928 2127 2976 terram.
2172 2939 2192 2973 ι
2225 2922 2485 2992 Expende
2523 2908 2846 2989 hic'tccum,
2879 2932 3152 2994 quomodo
3191 2938 3295 2979 non
3330 2925 3489 2994 longe

1902 3013 2046 3070 dicat
2068 3022 2124 3068 et
2155 3015 2346 3080 multa,
2370 3015 2625 3083 quoniam
2654 3015 2805 3086 pueri
2837 3031 2943 3072 non
2976 3017 3187 3087 possint
3218 3018 3487 3085 prolixum

188 3107 544 3179 κολουθῆσαι
572 3109 617 3142 ⁸⁸
650 3110 816 3182 λόγῳ.
866 3112 1076 3177 Ἄλλως
1116 3131 1176 3168 τε
1222 3114 1318 3169 τοῦ
1352 3115 1545 3188 ἀνδρὸς
1572 3115 1668 3177 καὶ
1696 3116 1794 3186 τῆς

1908 3119 2206 3159 sermonem
2233 3106 2473 3174 assequi.
2499 3104 2765 3161 Praeterea
2792 3110 2986 3163 marito
3007 3116 3061 3163 et
3086 3107 3318 3181 conjuge
3333 3107 3490 3179 juxta

186 3199 471 3267 γυναικὸς
501 3202 912 3273 ρυθμισθέντων
939 3206 1083 3260 κατά
1124 3207 1250 3271 τοὺς
1276 3207 1475 3279 νόμους
1506 3209 1602 3273 οὓς
1632 3209 1796 3273 αὐτὸς

188 3290 427 3359 φθάσας
453 3291 673 3363 ἔθηκεν,
699 3297 758 3348 ού
783 3297 980 3353 πολλοῦ
1006 3300 1257 3371 καμάτου
1285 3300 1353 3354 τὰ
1376 3300 1568 3356 παιδία
1589 3302 1792 3367 ύποτάτ

188 3382 304 3448 ξαι.
381 3385 529 3438 Ἀλλ’
581 3388 704 3442 οὐδὲ
762 3393 891 3460 περὶ
932 3392 1033 3463 τῆς
1084 3391 1367 3464 βασιλείας
1392 3394 1723 3464 διαλέγεται,
1758 3397 1793 3467 ἦ

185 3494 347 3541 τινος
393 3478 507 3532 τῶν
538 3480 784 3563 ὑψηλῶν,
810 3484 947 3537 ἀλλά
970 3484 1006 3538 ἃ
1052 3486 1290 3554 μαλιστα
1329 3486 1482 3559 ψυχὴ
1507 3486 1794 3560 νηπιώδης

188 3568 443 3627 ἀκοῦσαι
491 3570 649 3642 ζητεῖ
681 3574 746 3637 ⁸³,
784 3574 959 3630 ταῦτα
992 3576 1215 3649 τίθησι·
1249 3580 1388 3649 πρὸς
1418 3580 1529 3652 γὰρ
1563 3580 1794 3650 νηπίους

188 3663 353 3734 αύτῷ
387 3666 419 3717 ὁ
442 3663 622 3731 λόγος.
661 3666 726 3718 Τί
763 3666 821 3719 δὲ
857 3667 1119 3739 ήδύτερον
1152 3672 1314 3724 παισὶ
1345 3671 1442 3725 τοῦ
1476 3689 1792 3744 μακροχρο-

187 3756 398 3825 vigeat;
451 3757 574 3809 ἐπεὶ
602 3758 829 3821 καὶτοῖς
875 3759 1175 3826 Ἰουδαίοις,
1212 3760 1289 3826 ῶς
1342 3762 1580 3834 νηπίοις,
1615 3762 1793 3818 ταῦτα

187 3847 601 3919 ἐνομοθετήθη,
635 3849 711 3921 μὴ
746 3850 1067 3922 δυναμένοις
1092 3851 1445 3927 τελειοτέρων
1477 3855 1718 3912 ἀκούειν.

267 4046 289 4081 ε
318 4027 439 4081 Καὶ
465 4029 515 4081 οἱ
532 4028 791 4101 πατέρες,
815 4030 892 4102 μὴ
913 4032 1277 4103 παροργίζετε
1294 4035 1361 4090 τὰ
1384 4036 1550 4092 τέκνα
1576 4037 1784 4110 ύμῶν.ι

189 4121 309 4173 υύκ
347 4115 532 4183 εἶπεν,
582 4120 883 4187 Ἀγαπᾶτεο
935 4122 1096 4177 τοῦτο
1128 4125 1322 4190 αὐτοὺς
1354 4127 1401 4159 ⁸⁵
1427 4129 1460 4197 ἡ
1506 4127 1669 4197 φύσις
1696 4130 1793 4185 καὶ

188 4214 441 4276 ἄκοντας
471 4214 715 4268 ἀπαιτείο
747 4215 903 4280 ἀλλὰ,
951 4236 968 4269 ι
997 4218 1090 4288 Μὴ
1120 4218 1512 4291 παροργίζετε·
1563 4239 1583 4273 ι
1628 4239 1791 4277 τουτ-

1901 3195 2067 3266 leges,
2104 3210 2239 3265 quas
2288 3196 2418 3264 ipsis
2465 3197 2617 3266 prius
2666 3199 2848 3266 posuit
2929 3198 3194 3266 formatis,
3224 3216 3350 3265 non
3407 3211 3487 3258 est

1899 3287 2083 3359 magni
2122 3287 2325 3343 laboris
2355 3304 2554 3359 pueros
2589 3290 2719 3359 ipsis
2752 3290 3041 3358 subjicere.
3076 3292 3276 3347 Verum
3309 3310 3488 3366 neque

1897 3381 1965 3436 de
1998 3394 2163 3451 regno
2195 3381 2283 3435 hic
2317 3381 2559 3445 disserit,
2586 3396 2763 3452 neque
2794 3382 2862 3437 de
2918 3383 3079 3438 rebus
3107 3385 3439 3441 sublimibus
3467 3403 3482 3441 :

1896 3488 2084 3527 verum
2138 3487 2257 3541 qua:
2333 3472 2671 3541 potissimum
2724 3474 2904 3527 anima
2983 3474 3245 3530 infantilis
3298 3477 3487 3533 audire

1895 3565 2188 3631 desiderat,
2240 3564 2354 3622 hzec
2385 3565 2535 3636 ponit
2583 3582 2598 3620 :
2647 3566 2718 3621 ad
2747 3564 2986 3622 infantes
3029 3567 3170 3621 enim
3204 3568 3256 3622 ei
3305 3583 3486 3624 sermo

1893 3666 1996 3712 est.
2034 3656 2171 3723 Quid
2204 3665 2383 3712 autem
2402 3656 2697 3724 jucundius
2723 3654 2929 3725 pue'ris,
2953 3671 3114 3727 quam
3144 3658 3234 3713 diu
3259 3658 3484 3714 vivere?

1894 3749 2332 3819 quandoquidem
2362 3757 2418 3804 et
2451 3748 2672 3817 Judzeis,
2710 3758 2966 3818 tanquam
3012 3749 3338 3819 infantibus,
3367 3750 3483 3809 haec

1893 3842 2015 3913 lege
2048 3853 2175 3897 sunt
2202 3843 2435 3908 sancita,
2484 3842 2578 3913 qui
2626 3840 2951 3912 perfectiora
2999 3844 3193 3900 audire
3244 3859 3348 3900 non
3382 3859 3484 3915 po-

1894 3943 2143 3992 tuerunt.

1967 4027 2133 4084 Vens.
2168 4027 2223 4082 4.
2266 4046 2286 4080 ‹
2330 4027 2397 4082 Ει
2429 4035 2640 4098 patres,
2676 4028 2844 4084 nolite
2888 4028 2953 4083 ad
2990 4028 3326 4085 iracundiam
3357 4045 3485 4100 pro-

1892 4134 2090 4175 vocare
2140 4117 2283 4174 ﬁlios
2334 4128 2566 4174 vestros.
2620 4137 2639 4171 ι
2683 4116 2798 4173 Non
2850 4118 3008 4187 dixit,
3068 4119 3327 4192 Diligite:
3380 4122 3483 4178 boc

1891 4211 2035 4265 enim
2066 4218 2260 4267 natura
2295 4210 2364 4266 ab
2396 4210 2528 4282 ipsis
2559 4210 2641 4265 vel
2675 4210 2858 4266 invitis
2884 4211 3121 4281 postulat
3148 4228 3164 4267 :
3194 4213 3311 4275 sed,
3353 4213 3481 4268 «Ne

187 4307 334 4372 ἐστι,
366 4306 466 4376 Μὴ
498 4306 847 4378 ἀποκλήρους
875 4310 969 4362 καὶ
990 4311 1414 4382 ἀποκηρύκτους
1445 4317 1673 4378 ποιεῖτε,
1694 4315 1790 4370 καὶ

1908 4304 1956 4357 id
1989 4304 2123 4369 iram
2157 4303 2505 4374 provocetis:
2539 4320 2559 4355 ι
2594 4301 2700 4358 hoc
2725 4311 2831 4370 est,
2882 4318 2990 4358 non
3024 4300 3336 4359 ethred‘es
3385 4320 3479 4361 eos

188 4399 485 4473 φορτικῶς
510 4400 694 4465 αὐτοῖς
732 4399 1035 4466 ἐπίκεισθε,
1064 4403 1163 4474 οὐχ
1205 4402 1280 4469 ὡς
1305 4405 1638 4478 ἐλευθέροις,
1670 4406 1787 4462 ἀλλ’

1893 4394 2131 4462 faciatis,
2171 4410 2351 4471 neque
2394 4393 2661 4449 abdicetis
2711 4408 2827 4459 eos,
2877 4407 3053 4462 neque
3083 4407 3349 4448 onerosos
3380 4409 3477 4451 vos

186 4495 266 4560 ὡς
300 4494 693 4568 ἀνδραπόδοις,
723 4495 818 4550 καὶ
852 4496 940 4549 ἀεὶ
967 4496 1103 4568 πρὸς
1135 4498 1335 4563 αὐτοὺς
1374 4499 1781 4572 δυσχεραίνετε.

1916 4489 2000 4544 llis
2042 4487 2363 4553 exhibeatis,
2410 4500 2507 4542 ceu
2550 4499 2657 4540 non
2706 4484 2815 4540 sint
2845 4483 3025 4550 liberi,
3054 4483 3149 4539 sed
3183 4484 3473 4552 mancinia,

198 4634 203 4639 ἢ
267 4694 289 4727 ι
336 4673 485 4728 Ἀλλ’
520 4675 816 4746 ἐκτρέφετε
850 4674 989 4730 αὐτὰ
1026 4676 1085 4728 ὲν
1127 4675 1346 4747 παιδείᾳ
1398 4676 1495 4730 καὶ
1527 4677 1783 4750 νουθεσίᾳ

1886 4594 2205 4651 semperque
2256 4593 2383 4647 erga
2445 4578 2591 4646 ipsos
2618 4592 2761 4647 aegro
2802 4577 2920 4631 sitis
2951 4576 3154 4633 animo.

1964 4691 1982 4724 ι
2017 4672 2122 4726 Sed
2180 4670 2408 4725 educato
2440 4682 2535 4723 eos
2587 4668 2641 4722 in
2694 4667 2981 4737 disciplina
3032 4681 3087 4724 et
3131 4669 3473 4739 correptione

184 4770 435 4842 Κυρίου.
470 4787 491 4821 ι
538 4768 663 4824 Ἐπὶ
682 4770 782 4836 τὴν
808 4768 986 4841 ἀρχὴν
1016 4769 1111 4824 καὶ
1154 4770 1339 4824 αίτίαν
1368 4769 1468 4840 τῆς
1499 4770 1783 4843 ὑποταγῆς

1908 4764 2123 4820 )ominl.
2163 4782 2182 4816 ι
2216 4763 2298 4817 Ad
2328 4760 2656 4832 principium
2690 4761 2934 4829 adeoque
2964 4777 3185 4817 causam
3211 4765 3473 4818 obedien-

185 4862 396 4931 ἀνάγει
420 4862 486 4924 ⁸⁸,
516 4860 613 4915 καὶ
633 4861 873 4915 δείκνυσι
898 4864 1010 4925 τοῖς
1033 4862 1298 4933 πατράσι,
1327 4861 1444 4925 πῶς
1467 4862 1780 4933 πειθηνίους

182 4957 322 5018 τοὺς
374 4953 575 5018 παῖδας
623 4956 962 5023 ποιήσουσιν.
1017 4954 1299 5031 Ἐὰν-γὰρ
1352 4954 1535 5029 θέλῃς,
1590 4956 1776 5028 φησὶν,

1887 4859 1973 4914 tite
1996 4855 2262 4921 ascendit,
2284 4860 2661 4923 monstratque
2678 4854 2993 4929 parentibus
3013 4871 3242 4923 quanam
3267 4856 3476 4910 ratione

1887 4948 2202 5004 obedientes
2247 4946 2386 5001 ﬁlios
2431 4943 2649 5000 faciant.
2682 4942 2739 4999 Si
2770 4945 2941 5013 enim,
2975 4947 3165 5016 inquit,
3195 4946 3363 5019 416
3393 4948 3473 5003 vis

184 5047 503 5103 ὑπακούειν
546 5064 639 5099 σου
684 5048 811 5110 τοὺς
872 5047 1093 5112 παῖδας,
1129 5046 1363 5118 ἐκτρεφε
1411 5049 1612 5113 αὐτοὺς
1666 5051 1781 5114 τοῖς

1908 5042 2105 5098 ιιιειιὶιε
2143 5050 2263 5097 tuos
2295 5039 2452 5104 ﬁlios,
2487 5038 2711 5094 institue
2740 5055 2835 5094 eos
2857 5038 3057 5093 divinis
3086 5038 3466 5091 sermonibus:

184 5141 363 5197 θείοις
395 5142 600 5208 λόγοις·
643 5139 739 5194 καὶ
787 5144 861 5209 μὴ
893 5138 1057 5212 εἴπῃς
1086 5140 1169 5194 ὅτι
1206 5140 1550 5208 μοναζόντων
1578 5141 1697 5194 ἐστὶ
1721 5140 1782 5194 τὸ

184 5230 599 5300 ἀναγινώσκειν
628 5233 721 5292 τὰς
760 5229 956 5303 [θείας]
992 5232 1232 5302 Γραφάς.
1272 5232 1478 5296 Παντὸς
1506 5232 1771 5303 γὰρΧρι-

1887 5151 2063 5207 neque
2106 5135 2278 5198 dicas,
2308 5132 2698 5187 monachomm
2732 5131 3102 5187 tantummodo
3135 5143 3254 5184 esse
3289 5128 3470 5199 legere

1886 5231 2236 5301 Scripturas:
2268 5226 2553 5297 cujuslibet
2600 5227 2743 5281 enim
2772 5222 3072 5280 Christiani
3095 5232 3200 5284 est,
3233 5222 3469 5277 maxime

187 5319 418 5376 στιανοῦ
444 5321 600 5374 τοῦτό
631 5324 768 5381 ἐστι.
797 5322 892 5374 καὶ
921 5321 1161 5390 μάλιστα
1187 5320 1293 5374 τῶν
1324 5323 1630 5392 κοτμικῶν,
1666 5322 1778 5393 δσῳ

1908 5338 2073 5381 :ornm
2105 5322 2197 5392 qui
2225 5322 2288 5389 jn
2318 5319 2518 5373 mundo
2549 5328 2856 5383 versantur,
2885 5327 3087 5386 quanto
3122 5315 3326 5381 majore
3361 5316 3464 5382 ipsi

187 5418 290 5469 καὶ
323 5415 570 5477 πλείονος
617 5414 871 5484 βοηθείας
912 5414 1147 5480 δέονται,
1194 5416 1266 5480 ὡς
1317 5418 1375 5470 ἐν
1416 5416 1563 5487 ζάλῳ
1590 5416 1774 5490 [ζάλῃ,

190 5508 409 5579 σάλῳῖ]
452 5507 625 5571 ὄντες.
665 5509 831 5561 Ὥστε
873 5507 1017 5579 ὑπὲρ
1069 5507 1165 5562 σοῦ
1215 5510 1428 5577 γίνεται
1459 5510 1518 5563 τὸ
1556 5510 1778 5564 ἀκούειν

1891 5417 2093 5472 auxilio
2121 5414 2384 5483 indigent,
2409 5426 2505 5465 ceu
2539 5411 2592 5464 in
2622 5419 2939 5481 tempestate
2963 5419 3203 5479 agentes.
3236 5406 3468 5463 Proinde

1888 5522 1983 5577 pro
2020 5515 2070 5561 te
2107 5512 2193 5560 est
2222 5502 2363 5573 quod
2391 5501 2612 5555 audiant
2645 5500 2801 5555 liberi
2841 5499 3179 5571 Scriptorum
3206 5518 3221 5556 :
3253 5498 3467 5555 discent

1532 5628 1730 5690 Variae
1766 5627 2097 5690 lectiones.

266 5731 313 5763 "
355 5729 807 5798 προσταττόμενα
840 5745 895 5784 o.
974 5732 1019 5764 "
1074 5729 1374 5802 ἐπαγγελίᾳ
1401 5748 1453 5783 ο).
1535 5731 1579 5762 ⁸ο
1614 5729 1753 5802 αὕτη
1785 5747 1794 5782 t

1916 5729 1961 5762 “
1995 5727 2128 5798 ὁρᾷς
2158 5741 2211 5780 o.
2290 5726 2334 5759 “
2360 5723 2525 5778 παντὶ
2578 5721 2951 5793 ἀκολουθῆσαι
2990 5737 3043 5781 o.
3122 5724 3166 5756 “
3205 5721 3341 5780 ποθε
3403 5736 3458 5781 o.

191 5802 239 5834 "
273 5800 433 5856 τοῦτο
479 5802 588 5870 γὰρ
648 5802 846 5864 αὖτοὺς
903 5816 997 5856 m.~
1054 5802 1100 5834 "
1132 5799 1330 5871 ἀνῆλθε
1364 5814 1417 5855 o.
