3932 6576
513 331 654 398 1123

1437 326 2016 391 TIIEOPHYLACTI
2051 321 2468 386 BULGAlil.‘E
2505 319 2873 382 ARCIIIEP.

3634 322 3753 390 ιιιι

502 449 648 506 enim
703 443 889 502 illinc:
941 463 960 499 t
1021 444 1238 501 llonora
1293 453 1501 514 patrem
1562 452 1711 496 tuum
1760 450 1816 496 et
1864 449 2090 494 matrem

2208 436 2397 498 ιυτούς
2418 434 2516 502 τῆς
2537 433 2783 503 Γραφῆςο
2822 432 3162 503 μαθήσονται
3186 433 3295 504 γὰρ
3317 433 3544 489 ίκεῐθεν·
3572 453 3589 490 ι
3625 438 3755 509 τίμα

506 551 676 596 tuam.
716 558 734 592 ι
777 539 926 594 Itane
955 539 1249 608 gentilibus
1299 534 1645 592 sermonibus
1677 535 1880 589 educas
1915 533 2083 586 lilium

507 641 682 699 tuum,
713 647 775 685 ex
815 631 1008 700 quibus
1033 630 1265 698 pessima
1297 643 1525 698 quaeque
1572 627 1859 690 docentur,
1889 625 2086 680 divinis

507 734 684 779 autem
725 722 1070 778 sermonibus
1101 738 1212 776 non
1249 721 1422 776 item?

572 907 732 963 Vens.
780 907 834 962 5.
873 925 892 959 t
939 907 1116 970 Servi,
1150 907 1363 961 obedite
1403 905 1638 960 dominis
1685 903 2018 959 carnalibus.
2063 919 2082 955 ι

505 1000 640 1068 Quia
671 1010 720 1054 et
756 1014 1036 1054 servorum
1076 1001 1246 1053 virtus
1279 1001 1346 1053 ad
1379 999 1594 1052 familia:
1642 996 2086 1052 constitutionem

504 1093 738 1164 pertinet
791 1106 1020 1161 eamque
1063 1092 1298 1160 perlicit,
1343 1107 1409 1145 ne
1463 1091 1602 1144 hanc
1630 1091 1845 1150 quidem
1881 1098 2087 1155 partem

506 1184 763 1255 ttegligit:
799 1191 891 1238 sed
947 1185 1012 1236 ad
1063 1183 1204 1238 hanc
1232 1194 1506 1252 postremo
1546 1183 1714 1249 venit,
1747 1182 2091 1252 quandoqui-

506 1277 627 1330 dem
681 1285 735 1329 et
793 1275 1058 1345 dignitate
1091 1284 1359 1344 postrema
1417 1275 1510 1328 sit.
1568 1272 1682 1328 Non
1716 1288 1877 1342 porro
1905 1284 2087 1326 autem

507 1366 656 1421 hisce
705 1373 960 1432 tanquam
996 1363 1234 1432 parvulis
1279 1373 1333 1417 et
1390 1362 1692 1416 infantibus
1723 1361 1960 1427 disserit,
1995 1362 2089 1416 sed

504 1467 764 1528 tanquam
817 1457 1014 1513 adultis
1069 1469 1123 1510 et
1188 1464 1581 1512 consummata;
1619 1455 1814 1520 attatis,
1866 1455 2091 1525 perinde

507 1553 644 1604 aciu
683 1565 942 1618 procursu
987 1549 1505 1603 demonstrabimus.
1537 1547 1798 1602 Domitios
1842 1545 2090 1600 carnales

507 1644 754 1696 dominos
777 1642 1138 1711 tcmporarios
1166 1650 1341 1695 vocat.
1375 1639 1568 1693 Statim
1599 1639 1744 1692 enim
1772 1652 1866 1692 eos
1895 1651 2090 1692 conso-

507 1736 667 1799 latur,
690 1734 1074 1805 temporariam
1099 1736 1257 1787 istam
1284 1734 1602 1787 servitutem
1631 1746 1754 1786 esse
1773 1731 2088 1796 ostendens,

506 1837 562 1883 et
596 1845 716 1899 qua:
752 1843 874 1883 cum
918 1836 1082 1883 carne
1113 1827 1272 1881 simul
1312 1825 1663 1880 dissolvatur.

579 1942 596 1973 ε
625 1923 761 1976 Cum
795 1921 990 1976 timore
1021 1936 1083 1975 ac
1119 1931 1375 1984 tremore,
1433 1921 1488 1973 in
1525 1917 1873 1988 simplicitate
1917 1916 2098 1972 cordis

507 2015 696 2078 vestri,
726 2011 1131 2068 sicutCltristo.
1184 2030 1203 2064 ι
1249 2012 1321 2065 De
1370 2011 1597 2065 muliere
1647 2012 1810 2064 verba
1867 2008 2096 2074 faciens,

510 2107 834 2174 simpliciter
853 2105 1010 2169 dixit,
1045 2115 1103 2158 ut
1131 2106 1383 2159 maritum
1415 2111 1617 2157 metuat
1645 2119 1658 2156 :
1700 2103 1786 2156 ltic
1817 2116 1947 2156 vero
1976 2117 2097 2155 cum

511 2196 958 2265 exaggeratione.
993 2192 1222 2249 Tremor
1253 2194 1399 2248 enim
1454 2203 1536 2246 est
1575 2193 1785 2247 timoris
1837 2191 2097 2247 intensio.

511 2287 662 2343 Uxor
699 2289 842 2342 enim
906 2289 1100 2341 marito
1157 2302 1254 2357 par
1304 2295 1408 2349 est,
1463 2287 1814 2355 ejusdemque
1864 2299 1985 2338 cum
2035 2297 2100 2337 eo

512 2377 758 2442 honoris,
792 2385 846 2432 et
878 2376 1042 2431 libera
1082 2387 1206 2430 est:
1253 2377 1397 2430 servi
1427 2385 1605 2430 autem
1639 2391 1747 2430 non
1793 2383 1920 2430 sunt
1952 2372 2099 2442 ejus-

511 2469 632 2525 dem
682 2470 925 2525 honoris.
991 2468 1253 2536 Quamvis
1320 2469 1465 2523 enim
1525 2468 1727 2523 fratres
1796 2469 2099 2523 secundum

511 2560 788 2616 Christum
823 2575 949 2617 sunt
977 2579 992 2628 ;
1025 2577 1149 2618 eum
1187 2572 1364 2617 tamen
1411 2562 1610 2616 liberos
1661 2561 1893 2614 altermn
1946 2558 2101 2614 alteri

511 2653 732 2712 obedire
778 2653 1042 2723 praciptt,
1098 2653 1343 2722 adeoque
1384 2667 1606 2706 uxorem
1656 2651 1880 2716 marito,
1926 2650 2102 2704 multo

515 2747 688 2816 magis
717 2760 906 2801 servos
936 2745 1172 2800 dominis
1196 2759 1391 2813 parere
1420 2743 1557 2799 vult.
1595 2741 1780 2812 Neque
1806 2743 1952 2797 enim
1985 2743 2100 2797 bmc

515 2852 606 2892 res
632 2836 850 2907 generis
877 2836 1184 2890 obscuritas
1213 2845 1318 2898 est,
1351 2837 1446 2914 sed
1493 2834 1669 2900 prima
1697 2836 1878 2902 potius
1905 2834 2104 2888 nobili-

517 2937 636 2992 tas,
690 2927 906 2980 novisse
958 2940 1018 2981 se
1077 2927 1354 2980 moderate
1409 2938 1638 2995 gerere,
1692 2934 1855 2994 atque
1913 2924 2106 2980 cedere

519 3017 791 3090 proximo.
825 3015 962 3086 Quia
1011 3033 1140 3073 vero
1191 3032 1298 3072 non
1331 3019 1487 3086 pauci
1533 3017 1780 3074 dominos
1833 3033 1962 3074 suos
1992 3031 2129 3075 me-’

2193 527 2286 580 τὸν
2340 527 2555 597 πατέρα
2610 542 2742 588 σου,
2798 527 2893 579 καὶ
2951 525 3051 598 τὴν
3113 526 3327 599 μητέρα
3389 543 3503 582 σου.
3549 548 3568 583 t
3622 527 3751 600 Εἶτα,

2207 617 2546 689 Ἑλληνικοῖς
2605 618 2705 688 μὲν
2765 617 2946 686 λόγοις
2977 619 3424 690 συνανατρέφεις
3456 620 3547 673 τὸν
3593 624 3754 685 παῖδα.

2197 713 2255 779 ὲξ
2289 708 2365 766 ὧν
2402 714 2584 766 πάντα
2636 711 2706 764 τὰ
2747 710 2998 782 χείριστα
3052 712 3390 780 διδάσκεται,
3438 715 3550 777 τοῖς
3579 714 3631 768 δὲ
3677 719 3754 772 τοῦ

2195 804 2333 858 Θεοῦ
2367 805 2551 858 οὐκέτι
2570 820 2585 869 ;

2274 917 2292 950 t
2327 899 2388 952 Οἱ
2419 898 2622 959 δοῦλοι,
2659 898 2965 951 ὑπακούετε
3001 899 3114 957 τοῖς
3139 897 3282 950 κατὰ
3310 897 3490 970 σάρκα
3518 901 3750 972 κυρίοις.»

2211 991 2442 1061 Ἐπειδὴ
2482 993 2577 1044 καὶ
2623 993 2658 1063 ἡ
2693 989 3058 1056 τῶνοίκετῶν
3085 989 3254 1062 ἁρετὴ
3283 991 3649 1053 είςοσύστασιν
3671 997 3755 1064 τῆς

2199 1085 2381 1148 οἰκίας
2411 1085 2458 1117 ⁸⁸
2495 1085 2760 1148 συντελεῖ,
2798 1083 2920 1136 οὐδὲ
2955 1082 3149 1136 τούτου
3183 1083 3278 1136 τοῦ
3323 1083 3526 1154 μέρους
3555 1085 3751 1154 ἀμελεῖν

2197 1176 2315 1229 ἀλλ’
2365 1175 2586 1247 ἔρχεται
2644 1177 2741 1230 καὶ
2795 1178 2889 1230 ἐπὶ
2940 1175 3102 1230 τοῦτο
3152 1175 3404 1245 ἔσχατον,
3464 1175 3642 1246 ἐπειδὴ
3679 1179 3754 1229 καὶ

2198 1269 2426 1340 ἔσχατόν
2483 1271 2600 1323 ἐστι
2640 1269 2721 1342 τῷ
2765 1271 3062 1340 ἀξιώματι.
3108 1269 3307 1322 Οὐκέτι
3346 1268 3404 1321 δὲ
3452 1267 3651 1331 τούτοις
3694 1271 3752 1334 ὡς

2200 1361 2437 1424 παιδίοις
2483 1362 2702 1432 νηπίοις
2743 1360 3080 1430 διαλέγεται,
3117 1360 3230 1413 ἀλλ’
3265 1359 3340 1424 ὡς
3373 1360 3617 1425 τελείοις,
3639 1364 3754 1414 καθὰ

2199 1459 2483 1531 προϊόντες
2537 1458 2809 1528 δείξομεν.
2857 1457 3017 1510 Κατὰ
3061 1456 3240 1528 σάρκα
3286 1456 3344 1510 δὲ
3389 1456 3635 1528 κυρίοις,
3665 1461 3754 1518 τοῖς

2200 1551 2563 1624 προσκαίροις
2585 1552 2771 1622 φησίν.
2797 1551 2974 1614 Εὐθὺς
2996 1549 3106 1620 γὰρ
3128 1548 3542 1619 παραμυθεῖται
3567 1549 3752 1612 αὐτοὺς,

2200 1645 2544 1715 πρόσκαιρον
2581 1644 2874 1710 ὑποδείξας
2913 1645 3014 1715 τὴν
3055 1643 3328 1708 δουλείαν,
3363 1643 3462 1696 καὶ
3512 1645 3576 1712 τῇ
3620 1642 3756 1713 σαρκὶ

2199 1737 2736 1808 συγκαταλυομένην.

2277 1931 2297 1966 ι
2340 1913 2498 1969 Μετὰ
2551 1913 2720 1983 φόϐου
2756 1912 2852 1967 καὶ
2872 1912 3107 1985 τρόμου,
3141 1915 3199 1967 ὲν
3229 1911 3497 1983 ἁπλότητι
3519 1911 3616 1983 τῆς
3645 1930 3757 1984 up-

2200 2007 2319 2070 δίας
2347 2007 2523 2077 ὑμῶν,
2559 2007 2633 2072 ὥς
2665 2008 2742 2078 τῷ
2774 2005 3016 2078 Χριστῷ.
3048 2025 3066 2059 ι
3101 2007 3225 2060 Ἐπὶ
3263 2007 3363 2077 μὲν
3395 1992 3496 2078 τῆς
3529 2008 3758 2075 γυναικὸς

2199 2104 2389 2168 ἁπλῶς
2410 2101 2583 2169 εἶπεν,
2615 2122 2633 2156 ι
2666 2105 2782 2158 Ἵνα
2806 2103 3040 2173 φοϐῆται
3073 2101 3165 2156 τὸν
3184 2102 3353 2172 ἄνδρα
3373 2117 3389 2132 ⁸
3417 2119 3436 2154 t
3465 2101 3684 2156 ἐνταῦθα
3711 2104 3756 2156 δὲ

2205 2197 2325 2268 μετ’
2355 2191 2692 2260 ὲπιτςὲισεως.⁵
2723 2196 2785 2250 Ὀ
2817 2197 2928 2268 γὰρ
2963 2195 3167 2268 τρόμος
3222 2196 3475 2258 ἐπίτασις
3497 2196 3672 2265 φόϐου.
3704 2196 3754 2249 'll

2206 2287 2307 2358 μὲν
2361 2287 2471 2356 γὰρ
2518 2286 2680 2358 γυνὴ,
2725 2287 2990 2357 ὁμότιμος
3021 2286 3101 2358 τῷ
3146 2287 3302 2356 ἀνδρὶ
3362 2288 3458 2340 καί
3490 2288 3754 2360 ἐλευθέρα’

2199 2377 2250 2429 οἱ
2308 2375 2366 2430 δὲ
2416 2375 2627 2442 δοῦλοι,
2678 2376 2741 2429 οὐ
2807 2379 2906 2447 τῆς
2948 2376 3353 2447 αὐτῆςιτιμῆς.
3419 2377 3484 2430 Ei
3531 2376 3636 2447 γὰρ
3681 2377 3754 2431 καί

2203 2468 2427 2538 ἀδελφοὶ
2451 2470 2596 2522 κατὰ
2640 2469 2880 2540 Χριστόν
2936 2471 3098 2535 είσιν,
3137 2468 3256 2523 ἀλλ’
3288 2469 3478 2540 ἐπειδὴ
3525 2469 3617 2523 καὶ
3655 2471 3754 2534 τούς

2204 2562 2525 2633 ἐλευθέρους
2555 2562 2808 2633 ἀλληλοις
2834 2561 3239 2616 ὑποτάσσεσθαι
3282 2561 3520 2626 κελεύει,
3557 2564 3646 2616 καὶ
3675 2563 3754 2632 τὴν

2204 2657 2440 2724 γυναῖκα
2469 2654 2548 2723 τῷ
2591 2654 2770 2726 ἀνδρὶ,
2802 2653 2985 2725 πολλῷ
3029 2654 3230 2725 μᾶλλον
3268 2655 3398 2718 τοὺς
3427 2654 3644 2718 δούλους
3666 2657 3754 2717 τοῖς

2207 2746 2447 2818 κυρίοις.
2485 2746 2618 2800 Οὐδὲ
2648 2748 2774 2817 ’γὰρ
2801 2746 3090 2815 δυσγένεια
3120 2746 3180 2800 τὸ
3202 2746 3440 2817 πρᾶγμά
3463 2748 3629 2812 ἐστιν,
3647 2745 3756 2800 ἀλλὰ

2209 2840 2415 2911 μᾶλλον
2445 2839 2640 2912 πρώτη
2679 2839 2952 2908 εὐγένεια,
2985 2841 3045 2893 τδ
3075 2841 3278 2894 εἰδέναι
3316 2840 3647 2911 μετριάζειν,
3676 2840 3752 2893 καὶ

2205 2931 2314 3006 [τὸ]
2348 2935 2520 2988 εἴκειν
2563 2933 2640 3004 τῷ
2686 2933 2935 3004 πλησίον.
2985 2933 3143 2988 Ἐπεὶ
3164 2933 3220 2986 δὲ
3251 2933 3439 2987 πολλοὶ
3494 2932 3753 3003 φοὸοῦνται

2211 3027 2313 3096 μὲν
2365 3027 2493 3092 τοὺς
2535 3027 2832 3090 δεσπότας,
2883 3027 2985 3080 οὐκ
3023 3026 3084 3092 ἐξ
3140 3026 3356 3091 εὐνοίας
3398 3026 3477 3089 δὲ,
3514 3024 3624 3079 ἀλλ’
3652 3026 3755 3078 ὅταν

523 3124 822 3180 tuunt,non
854 3131 919 3170 ex
940 3115 1316 3170 benevolentia
1342 3125 1546 3181 tamen,
1577 3114 1672 3170 sed
1699 3115 1918 3184 quando
1938 3113 2100 3170 latere

2208 3116 2473 3181 λάθωσιν,
2503 3117 2950 3172 ἐπιϐουλεύουσιν
2970 3116 3152 3179 αὐτοῖς
3177 3118 3279 3170 καὶ
3298 3115 3673 3188 κακουργοῦσι,
3689 3114 3759 3168 διὰ

522 3216 747 3273 queant,
789 3205 1011 3260 insidias
1039 3206 1118 3260 eis
1167 3215 1404 3270 struunt,
1452 3214 1507 3260 et
1562 3202 1938 3260 fraudulenter
1980 3219 2102 3259 cum

518 3300 598 3353 eis
627 3309 794 3368 agunt
827 3313 841 3362 ;
883 3298 1026 3362 ideo,
1065 3316 1084 3350 ι
1123 3297 1180 3351 In
1213 3297 1560 3368 simplicitate
1575 3312 1775 3365 corats,
1813 3315 1832 3350 ι
1860 3297 2102 3368 apponit,

521 3388 937 3445 fraudulentiam
969 3388 1183 3444 tollens.

596 3479 757 3535 llus.
789 3479 845 3536 6.
889 3498 907 3533 ι
945 3478 1063 3535 Non
1093 3479 1158 3533 ad
1191 3477 1410 3534 oculum
1459 3478 1784 3542 servientes,
1819 3477 1972 3547 quasi
2003 3477 2105 3533 lto-

520 3569 764 3626 minibus
795 3569 1090 3640 placentes.
1128 3587 1152 3622 ι
1205 3567 1320 3624 lloe
1344 3577 1449 3635 est,
1483 3584 1588 3624 non
1625 3579 1834 3625 tantum
1866 3583 2107 3640 prteseu-

434 3687 436 3689 >
519 3660 670 3716 tibus
697 3662 935 3718 dominis
967 3669 1024 3716 et
1057 3660 1387 3726 videntibus,
1419 3660 1514 3717 sed
1546 3661 1864 3716 absentibus
1889 3675 2107 3732 quoque

520 3752 710 3807 eodem
743 3753 900 3806 modo
923 3752 1147 3807 servile.

597 3861 618 3895 ε
657 3843 761 3898 Sed
795 3851 851 3896 ut
897 3842 1039 3896 servi
1092 3840 1315 3897 Christi.
1360 3859 1379 3895 ι
1416 3839 1517 3908 Qui
1579 3841 1762 3913 itaque
1799 3842 2109 3898 hominibus

523 3935 720 4006 placet,
749 3949 854 3988 non
882 3942 965 3988 est
995 3947 1187 3988 servus
1219 3932 1447 3999 Christi,
1497 3943 1556 3988 ut
1613 3943 1671 3990 et
1722 3935 1774 3990 in
1822 3935 1936 3990 alio
1990 3934 2109 3989 loco

522 4030 693 4084 dicit:
741 4045 762 4080 t
798 4027 857 4083 Si
893 4027 1210 4083 hominibus
1233 4027 1750 4098 placerem,Christi
1782 4041 1978 4084 servus
2000 4041 2108 4082 non

524 4137 700 4179 esse!“
725 4133 751 4163 ⁸
761 4159 774 4174 .
819 4138 838 4172 β

605 4234 626 4268 ε
662 4214 950 4270 Facientes
976 4215 1310 4270 voluntatem
1354 4213 1448 4270 Del
1478 4229 1542 4270 ex
1594 4214 1776 4270 animo
1799 4230 1924 4270 eum
1971 4215 2110 4271 bona

2159 3211 2177 3234 ‘
2208 3207 2368 3262 τοῦτο
2398 3209 2792 3279 προστίθησινο
2835 3226 2856 3260 ι
2893 3208 2982 3262 Ἐν
3009 3207 3272 3278 ἁπλότητι
3298 3206 3545 3279 καρδίας,
3577 3225 3594 3260 t
3625 3207 3759 3260 ἀναι-

2208 3301 2319 3373 ρῶν
2361 3301 2463 3372 τὴν
2495 3304 2855 3374 κακουργίαν.

2291 3501 2310 3535 ι
2339 3484 2430 3554 Μὴ
2459 3483 2584 3538 κατ’
2609 3481 3012 3554 ὀφθαλμοδουλε
3023 3481 3130 3545 ίαν,
3157 3479 3235 3546 ὡς
3257 3479 3751 3553 ἀνθρωπάρεσκοι.ι

2205 3578 2466 3633 Τουτέστι
2491 3615 2506 3640 ,
2565 3574 2642 3646 μὴ
2680 3574 2844 3645 μόνον
2892 3575 3178 3644 παρόντων
3210 3589 3321 3625 των
3360 3568 3627 3624 δεσποτῶν
3677 3565 3755 3619 καὶ

2204 3670 2480 3744 δρώντων,
2545 3669 2683 3722 ἀλλὰ
2741 3667 2836 3721 καὶ
2895 3666 3167 3731 ἁπάντων,
3218 3664 3396 3728 οὕτως
3439 3663 3612 3726 αὐτοῖς
3656 3661 3754 3715 Gov-

2205 3761 2420 3816 λεύετε.

2287 3873 2304 3905 ε
2354 3852 2496 3907 Ἀλλ’
2539 3851 2614 3914 ὼς
2671 3849 2847 3904 δοῦλοι
2907 3847 3003 3902 τοῦ
3039 3846 3300 3918 Χριστοῦ.
3345 3866 3368 3900 ι
3437 3847 3496 3900 Ὀ
3535 3845 3751 3916 ἀνθρωπ·

2210 3949 2450 4017 ἄρεσκος
2475 3944 2538 3997 οὐ
2576 3942 2760 4004 δοῦλος
2786 3941 2880 3995 τοῦ
2908 3939 3171 4012 Χριστοῦ,
3201 3938 3394 4011 ὥσπερ
3429 3941 3523 3993 καὶ
3554 3935 3753 4005 ἀλλαχοῦ

2210 4039 2385 4108 λίγει·
2425 4056 2444 4089 t
2479 4037 2539 4090 El
2571 4033 2886 4107 ἀνθρώποις
2913 4034 3172 4105 ἤρεσκον,
3208 4032 3450 4100 Χριστοῦ
3482 4029 3652 4094 δοῦλος
3676 4029 3755 4082 οὐκ

2427 4145 2476 4182 ν.
2500 4145 2518 4179 ι

2427 4145 2476 4182 ν.
2500 4145 2518 4179 ›

2211 4127 2641 4282 ἂνιῆιῗιγιὲιοῦντες
2695 4217 2758 4270 τὸ
2808 4216 3024 4287 θέλημα
3054 4215 3150 4270 τοῦ
3197 4214 3335 4269 Θεοῦ
3368 4217 3434 4269 ἐκ
3465 4215 3632 4286 ψυχῆς
3659 4211 3756 4284 μετ’

524 4306 822 4362 voluntate.
859 4323 878 4356 ι
901 4303 1036 4372 Quia
1066 4314 1241 4375 potest
1268 4304 1467 4374 aliquis
1489 4305 1541 4358 in
1566 4304 1915 4375 simplicitate
1933 4305 2100 4361 cordi:

2214 4313 2425 4376 εὐνοίας
2459 4312 2528 4365 ⁸⁷.
2563 4331 2581 4364 ι
2629 4310 2850 4382 Ἐπειδὴ
2889 4310 3006 4366 ἔστι
3039 4310 3139 4382 μὲν
3171 4311 3230 4365 ὲν
3271 4309 3535 4381 ἁπλότητι
3563 4307 3755 4380 καρδίας

523 4409 578 4452 et
608 4399 748 4452 citra
787 4397 968 4452 dolum
1001 4396 1231 4462 servire,
1263 4411 1363 4452 nec
1389 4407 1569 4451 tamen
1597 4395 1851 4452 omnibus
1884 4397 2109 4462 viribus,

523 4489 621 4546 sed
649 4498 855 4544 eertum
882 4489 1256 4545 tantummodo
1279 4499 1333 4544 et
1357 4489 1638 4545 dellnitum
1680 4505 1817 4560 opus
1860 4490 2110 4560 persequi

525 4594 580 4638 et
611 4585 906 4653 perlicere:
946 4583 1085 4639 hanc
1117 4584 1189 4640 ob
1215 4600 1326 4640 rem
1369 4585 1594 4656 apponit
1627 4587 1761 4656 jam,
1815 4604 1835 4638 ι
1880 4585 1955 4641 Ex
1989 4587 2110 4640 ani-

526 4689 638 4740 mo,
673 4691 694 4724 ι
727 4675 830 4729 hoc
857 4683 959 4738 est,
993 4675 1121 4729 totis
1145 4676 1358 4731 viribus
1373 4685 1427 4730 et
1448 4675 1613 4731 animi
1640 4677 2101 4746 promptitudine:

526 4766 659 4831 into,
693 4781 812 4820 cum
841 4766 1226 4823 benevolentia
1263 4770 1451 4832 etiam,
1504 4767 1609 4823 hoc
1645 4777 1728 4823 est
1777 4769 1916 4824 ultro
1941 4767 2104 4840 417

528 4869 830 4928 ειιφοηιε,
871 4874 980 4914 non
1018 4861 1091 4914 vi.
1137 4861 1251 4916 Hoc
1290 4861 1449 4916 modo
1490 4861 1768 4916 servitutis
1801 4862 2108 4931 ignobilitas

526 4953 756 5019 tollitur,
807 4953 856 5007 si
910 4953 1216 5009 voluntario
1268 4954 1465 5010 bonum
1529 4953 1730 5009 faciant
1787 4958 1953 5020 servi,
1997 4971 2105 5010 non

525 5055 905 5116 exspectantes
957 5047 1335 5100 necessitatem
1398 5055 1454 5101 et
1513 5046 1702 5117 ﬂagra.
1765 5045 2107 5101 Voluntatem

527 5144 707 5188 autem
736 5133 826 5188 Dei
859 5134 942 5188 vel
975 5135 1343 5190 obedientiam
1371 5146 1527 5189 vocat
1571 5138 1702 5206 (vult
1733 5137 1876 5189 enim
1909 5137 2104 5191 bonam

531 5241 711 5280 rerum
744 5228 1186 5282 constitutionem
1223 5238 1275 5282 et
1306 5228 1547 5282 ordinem
1572 5226 1758 5293 Deus),
1788 5228 1891 5292 vel,
1926 5226 1981 5281 ln
2007 5227 2112 5282 illis

529 5319 744 5374 obedile
765 5321 998 5375 dominis
1024 5322 1240 5388 vestris,
1277 5322 1328 5374 in
1362 5321 1558 5390 quibus
1602 5321 1742 5374 Deus
1778 5335 1872 5373 vos
1901 5333 2107 5374 morem

529 5411 644 5464 vult
671 5425 883 5480 gerere.
920 5409 1176 5468 Fortasse
1201 5413 1368 5477 enim,
1406 5422 1464 5466 ttt
1494 5420 1546 5466 ct
1579 5411 1646 5466 de
1682 5410 1871 5466 liberis
1899 5409 2107 5466 dictum

633 5565 658 5592 ι
681 5551 858 5611 Galat.
898 5569 938 5619 ι,
973 5553 1060 5618 l0.

2217 4407 2311 4460 καὶ
2335 4405 2540 4468 ἀδόλως
2565 4403 2862 4468 δουλεύειν,
2896 4404 2971 4475 μὴ
3003 4403 3188 4473 μέντοι
3222 4419 3284 4470 γε
3317 4405 3386 4472 τῇ
3439 4405 3588 4476 πάσῃ
3624 4400 3754 4454 δυνά.

2141 4545 2186 4602 D
2221 4515 2332 4569 μει,
2367 4497 2504 4551 ἀλλὰ
2537 4496 2699 4567 μόνον
2741 4497 2803 4549 τὸ
2848 4497 3236 4574 ἀφωρισμένον
3259 4499 3438 4551 ποιεῖν
3479 4497 3648 4568 ἔργον·
3687 4492 3754 4602 διέ

2214 4589 2372 4643 τοῦτο
2401 4589 2728 4660 προστίθησι
2761 4587 2878 4651 νῦν,
2904 4607 2922 4640 t
2949 4589 3042 4642 Ἐκ
3073 4587 3307 4658 ψυχῆς.»
3337 4589 3629 4652 τουτέστιν,
3661 4581 3755 4638 iit“

2218 4681 2398 4753 πάσης
2455 4682 2556 4752 τῆς
2597 4679 2879 4750 δυνάμεως
2935 4680 3033 4733 καὶ
3075 4679 3390 4751 προθυμίας
3423 4697 3437 4714 ⁸
3493 4681 3624 4734 ἀλλὰ
3665 4677 3757 4743 καὶ,

2223 4795 2241 4827 ι
2280 4775 2416 4828 Μετ’
2462 4773 2697 4839 εὐνοίας,
2739 4791 2757 4826 t
2792 4773 3062 4840 τουτέστι,
3105 4774 3242 4844 μετὰ
3285 4774 3470 4843 πάσης
3506 4772 3759 4842 ἀποδοχῆς.

2215 4867 2305 4919 καὶ
2338 4865 2698 4936 αὐθαιρέτως,
2737 4866 2812 4936 μὴ
2842 4865 2950 4918 ἀπὸ
2975 4865 3114 4936 βίας.
3146 4865 3305 4919 Οὕτω
3331 4869 3426 4920 καὶ
3445 4869 3478 4937 ἡ
3514 4866 3761 4933 δυσγένεια

2221 4960 2323 5028 τῆς
2366 4959 2614 5020 δουλείας
2675 4960 3070 5028 περιαιρεῖται,
3127 4959 3224 5012 ἐὰν
3281 4959 3497 5023 ἑκόντες
3525 4959 3582 5011 τὸ
3629 4955 3762 5010 καλὸν

2221 5048 2452 5102 ποιῶσιν
2474 5050 2522 5101 οί
2551 5047 2752 5111 δοῦλοι,
2786 5048 2881 5101 καὶ
2908 5050 2982 5118 μὴ
3021 5051 3399 5120 περιμένωσιν
3431 5051 3665 5116 ἀνάγκην
3686 5044 3761 5098 καὶ

2223 5141 2518 5212 μάστιγας.
2573 5140 2804 5210 Θέλημα
2859 5142 2916 5193 δὲ
2970 5141 3149 5205 Θεοῦ,
3198 5141 3231 5209 ἢ
3280 5143 3342 5195 τὸ
3393 5141 3761 5195 ὑποτάσσεσθαι

2222 5232 2400 5300 (τοῦτο
2429 5232 2538 5302 γὰρ
2572 5231 2716 5284 θέλει
2750 5233 2777 5284 ὁ
2815 5231 2970 5297 Θεὸς,
3009 5234 3110 5300 τὴν
3159 5232 3462 5300 εὐταξίαν),
3495 5233 3549 5303 ἢ,
3583 5235 3654 5285 ὅτι
3685 5229 3762 5290 Εἰς

2219 5325 2405 5377 ἐκεῖνα
2438 5323 2811 5376 ὑποτάσσεσθε
2833 5363 2848 5388 ,
2899 5325 2947 5377 oi
2981 5323 3178 5390 δοῦλοι,
3213 5328 3328 5388 τοῖς
3359 5327 3565 5395 κυρίοις
3612 5323 3666 5383 ⁸⁸,
3694 5321 3760 5380 εἰς

2219 5415 2254 5468 ἃ
2283 5415 2428 5468 θέλει
2452 5417 2478 5470 δ
2501 5415 2654 5479 Θεὸς.
2688 5415 2864 5487 Τυχὸν
2890 5416 3020 5487 γὰρ,
3052 5417 3189 5489 ὅπερ
3223 5419 3320 5472 καὶ
3343 5419 3435 5472 ἐπὶ
3461 5419 3562 5472 τῶν
3586 5415 3758 5468 τέκνων

1871 5676 2072 5738 Variae
2101 5675 2433 5737 lectiones.

596 5772 642 5805 ⁸⁸
671 5772 981 5844 οἰκονομίας
1005 5790 1056 5831 ο.
1135 5777 1178 5810 ⁸⁷
1205 5775 1492 5847 εὐμενείας
1524 5795 1577 5836 o.
1654 5777 1698 5814 ⁸⁸
1733 5779 1870 5851 μετὰ
1904 5793 1958 5834 o.
2005 5848 2015 5855 .
2046 5778 2100 5850 "_

2208 5778 2408 5842 ιπύταις
2439 5793 2491 5834 0.
