3932 6600
284 355 424 425 1125

1072 353 1484 421 EXPOSITIO
1515 354 1596 413 ΙΝ
1635 354 1881 416 EPIST.
1923 362 2026 420 AD
2065 362 2335 424 EPIlES.
2369 386 2437 398 —
2461 359 2621 423 CAP.
2662 364 2766 425 VI.

3404 369 3542 435 1126

279 469 522 540 είρηται,
545 470 624 533 είς
663 469 867 540 αἰσχρά
896 486 1021 523 τινα
1047 467 1382 522 συνωθοῦσιν
1414 466 1461 498 τ’
1501 467 1552 519 οἱ
1575 465 1852 534 δεσπόται,

1966 452 2067 534 est,
2131 473 2201 526 ad
2257 471 2429 541 turpia
2484 473 2730 542 quaedam
2785 474 3108 545 compellant
3164 475 3403 546 domini,
3455 482 3541 537 vcl

281 563 315 634 ἢ
349 565 431 623 εἰς
461 563 737 627 ἁσὲᾶειαν,
767 561 927 617 ἅτινα
952 561 1054 616 οὐκ
1102 562 1209 615 eici.
1259 558 1356 615 τοῦ
1413 560 1560 614 θείου
1617 558 1859 630 θελήμα-

281 673 396 719 τος.

354 768 375 801 ς
396 747 748 812 Δουλεύοντες
771 745 892 819 [ὡς]
912 746 992 819 τῷ
1018 746 1232 817 Κυρίῳ,
1252 747 1347 802 καὶ
1363 747 1463 801 οὐκ
1489 745 1850 819 ἀνθρώποις.»

276 841 454 905 Αὐτὸς
492 842 601 910 γὰρ
646 841 967 909 ἀναδέχεται
1002 842 1101 910 τὴν
1142 839 1279 912 πρὸς
1310 841 1439 904 τοὺς
1465 841 1734 906 δεσπότας
1768 842 1858 896 εὐ-

276 934 661 1004 γνωμοσύνην,
691 933 768 998 ώς
794 933 837 965 ’ί
874 933 971 987 καὶ
1007 932 1105 1004 τὴν
1156 932 1413 999 εὐταξίαν
1458 935 1852 1005 νομοθετήσαςο

277 1029 371 1081 καὶ
405 1028 434 1080 6
481 1027 555 1098 μὴ
598 1026 811 1089 τούτοις
845 1025 921 1089 ὡς
951 1025 1058 1095 χρὴ
1090 1025 1382 1091 δουλεύων,
1424 1027 1505 1098 τῷ
1539 1026 1671 1100 θείῳ
1702 1029 1854 1101 νόμῳ

272 1120 620 1174 ἀνθίσταται.
1487 1164 1491 1167 .

355 1230 374 1262 ι
436 1210 673 1274 Εξδότες,
715 1209 796 1264 ὅτι
828 1209 856 1263 ὃ
881 1211 975 1264 ἐάν
1027 1227 1078 1264 τι
1109 1209 1340 1275 ἕκαστος
1371 1211 1576 1285 ποιήσῃ
1625 1212 1852 1282 ἀγαθὸν,

272 1302 437 1356 τοῦτο
464 1304 740 1372 κομιεῖται
785 1302 937 1371 παρὰ
969 1301 1062 1355 τοῦ
1100 1303 1329 1373 Κυρίου,
1355 1305 1465 1358 εἴτε
1504 1304 1714 1369 δοῦλος,
1743 1306 1853 1359 εἴτε

272 1396 587 1467 ἐλεύθερος.
650 1413 671 1447 ι
732 1395 953 1466 Ἐπειδὴ
988 1396 1136 1459 είκὸς
1165 1391 1234 1468 ἦν
1291 1396 1520 1460 πολλοὺς
1550 1398 1841 1465 δεσπότας,

275 1489 553 1559 Ἕλληνας
582 1488 744 1552 ὄντας
778 1490 873 1565 καὶ
905 1489 1190 1554 ἀπίστους,
1231 1489 1400 1561 μηδὲν
1434 1491 1645 1558 ἀγαθὸν
1679 1494 1854 1544 ποιεῖν

270 1586 387 1649 τοῖς
417 1581 598 1644 καλῶς
624 1580 966 1635 δουλεύουσιν
989 1581 1262 1647 οἰκέταις,
1296 1580 1484 1651 φησὶν,
1514 1582 1594 1634 ὅτι
1624 1581 1742 1636 Κᾶν
1778 1580 1854 1653 μὴ

270 1676 430 1748 παρὰ
447 1673 709 1740 τοῦκατὰ
724 1674 904 1746 σάρκα
919 1674 965 1704 ⁷¹
989 1672 1253 1726 δεσπότου
1272 1672 1446 1745 λάϐῃς
1464 1673 1565 1736 τὰς
1596 1673 1850 1744 ἀμοιϐὰς,

1960 566 2031 618 ad
2089 566 2460 637 impietatem,
2523 585 2643 640 quae
2716 586 2823 624 non
2902 582 3030 627 sunt
3089 573 3287 630 dlvlme
3346 575 3540 630 volun.

1961 659 2107 713 tatis.

2033 746 2192 804 Vens.
2223 750 2278 806 7.
2326 769 2345 803 ι
2381 749 2695 809 Servientes
2733 754 2982 820 Domino,
3035 765 3090 811 et
3145 773 3251 812 non
3299 758 3540 815 homini-

1959 839 2078 893 bus.
2105 859 2122 892 ι
2155 840 2275 909 ipse
2299 843 2442 896 enim
2463 844 2651 914 recipit
2671 861 2814 911 eam,
2838 862 3002 917 quam
3026 849 3260 903 dominis
3280 850 3540 906 exhibent

1958 935 2365 1001 gratitudinem.
2395 937 2592 1007 quippe
2636 941 2728 1007 qui
2785 940 2983 993 bonum
3017 941 3069 995 in
3106 942 3264 996 rebus
3289 943 3537 998 ordinem

1960 1028 2074 1097 lege
2107 1030 2369 1086 sanxerit.
2404 1030 2469 1084 Et
2501 1031 2591 1102 qui
2624 1031 2772 1087 hisce
2795 1048 2899 1088 non
2933 1034 3183 1102 inservit,
3223 1045 3281 1090 ut
3302 1051 3403 1107 par
3433 1045 3538 1107 est,

1957 1119 2153 1174 divina:
2181 1122 2283 1191 legi
2319 1123 2543 1177 resistit.

2030 1209 2189 1266 Vens.
2229 1212 2282 1268 8.
2315 1231 2335 1264 ι
2367 1212 2614 1271 Scientes
2637 1216 2781 1283 quod
2827 1217 3217 1287 unusquisque,
3254 1221 3541 1290 quodcun-

1957 1317 2061 1371 que
2094 1304 2282 1360 l‘ecerit
2329 1308 2554 1373 bonum,
2609 1307 2712 1363 hoc
2765 1310 2988 1378 recipiet
3042 1326 3070 1363 a
3122 1311 3370 1379 Domino,
3425 1315 3541 1371 sive

1956 1404 2167 1456 Servus,
2199 1393 2316 1449 sive
2360 1394 2515 1451 liber.
2560 1415 2578 1449 ι
2631 1397 2765 1464 Quia
2805 1399 3101 1454 verisimile
3141 1409 3283 1466 erat,
3337 1403 3539 1462 multos

1958 1483 2207 1538 dominos
2233 1486 2458 1553 gentiles
2490 1497 2544 1543 et
2578 1488 2822 1544 infideles
2845 1490 2981 1544 nihil
3005 1490 3130 1546 boni
3167 1493 3539 1563 impertituros

1954 1576 2129 1631 servis
2167 1584 2257 1646 qui
2289 1578 2522 1634 ﬁdeliter
2571 1579 2922 1643 inservirent,
2964 1580 3218 1651 Etiamsi,
3275 1595 3468 1657 iamut,
3507 1604 3538 1643 a

1955 1666 2176 1723 domino
2203 1672 2498 1725 secundum
2545 1687 2763 1727 carnem
2803 1673 3008 1731 nullam
3040 1680 3538 1746 compensationem

269 1772 429 1846 παρὰ
459 1772 556 1826 τοῦ
598 1771 820 1825 πάντων
869 1769 1141 1824 Δεσπότου
1207 1769 1449 1841 ὲκδέχου.
1489 1768 1755 1823 Ἐνταῦθα
1794 1769 1850 1822 δὲ

1966 1757 2123 1823 feras,
2175 1762 2243 1815 ab
2298 1762 2675 1817 universorum
2745 1774 2923 1821 tamen
2981 1769 3209 1822 Domino
3261 1783 3537 1838 exspecta.

270 1829 499 1932 εδεὶξεν,
535 1864 619 1918 ὅτι
659 1862 736 1926 ὡς
772 1862 1133 1932 τελειοτέροις
1176 1829 1365 1926 αὐτοῖς
1384 1861 1724 1929 διαλέγεται,
1758 1860 1852 1914 καὶ

1966 1849 2059 1903 llic
2093 1863 2273 1905 autem
2330 1854 2568 1908 ostendit
2609 1856 2755 1927 quod
2802 1859 2951 1914 velut
2989 1829 3408 1933 Perfectioriluis
3459 1861 3550 1916 eis-

271 1957 375 2026 οὐχ
400 1956 478 2019 ὡς
517 1958 628 2020 τοῖς
662 1955 872 2010 παισίν.
916 1954 1183 2019 Ἐκείνοις
1220 1955 1318 2025 μὲν
1345 1954 1454 2025 γὰρ
1485 1954 1584 2026 τὴν
1635 1955 1728 2009 ἐπὶ
1752 1954 1855 2025 γῆς

273 2045 627 2114 μακροζωῑαν
682 2044 986 2116 προέτεινε,
1028 2042 1254 2109 τούτους
1290 2043 1348 2098 δὲ
1392 2044 1528 2115 πρὸς
1564 2044 1629 2098 τὸ
1661 2044 1854 2115 μέλλον

269 2135 626 2209 παρέπεμψε.

349 2248 371 2282 ι
407 2231 518 2283 Καὶ
541 2230 591 2282 οἱ
636 2227 838 2300 κύριοι,
864 2229 937 2283 τὰ
964 2228 1104 2283 αὐτὰ
1123 2231 1328 2283 ποιεῖτε
1362 2228 1498 2300 πρὸς
1522 2226 1857 2290 αὐτούς.»-

278 2341 298 2375 ι
327 2322 411 2377 Τὰ
441 2322 604 2377 αὐτά.
638 2341 656 2374 ι
712 2324 884 2386 (lota;
915 2321 1052 2377 Μετ’
1074 2322 1289 2386 εὐνοίας
1311 2320 1615 2386 δουλεύετε,
1653 2323 1745 2374 καὶ
1779 2320 1853 2392 μὴ

267 2415 347 2482 ὡς
375 2417 856 2488 ἀνθρωπάρεσκοι,
888 2415 1026 2470 ἀλλὰ
1083 2416 1222 2486 μετὰ
1271 2414 1437 2484 φόϐου
1485 2416 1579 2468 καὶ
1626 2415 1851 2486 τρόμου,

266 2511 367 2564 τοῦ
405 2512 546 2582 πρὸς
583 2511 718 2564 Θεὸν
746 2510 973 2580 δηλαδή.
1012 2511 1134 2565 Κᾶν
1168 2510 1278 2580 γὰρ
1306 2509 1588 2575 αὐτολεξεὶ
1631 2510 1733 2562 οὐκ
1772 2506 1852 2564 εῖ-

270 2620 397 2669 πεν,
423 2604 573 2676 ὅμως
602 2604 778 2658 ταῦτα
824 2603 1098 2675 βούλεται.
1148 2602 1402 2656 Δουλεύει
1443 2604 1556 2675 γὰρ
1581 2604 1676 2657 καί
1709 2605 1737 2657 ὁ
1761 2603 1852 2657 δε-

271 2696 480 2768 σπότης
501 2695 577 2767 τῷ
607 2696 799 2768 δούλῳ,
830 2697 1116 2768 μεριμνῶν
1156 2697 1301 2767 ὑπὲρ
1316 2696 1505 2763 αὐτοῦ,
1539 2696 1637 2752 καὶ
1674 2697 1853 2752 πάντα
1891 2744 1899 2752 .

268 2788 345 2843 τὰ
380 2789 615 2861 χρειώδη
666 2789 927 2861 παρέχων
980 2789 1048 2854 ⁷³,
1094 2790 1223 2843 ’καὶι
1248 2790 1476 2857 ἁπλῶς,
1525 2791 1853 2863 ἀνεχόμενος

269 2881 464 2947 αὐτοῦ,
518 2885 612 2936 καὶ
664 2882 1117 2951 συγκαταϐαίνων
1165 2882 1337 2953 αὐτῷ,
1369 2885 1464 2937 καὶ
1508 2884 1541 2938 ὃ
1580 2903 1714 2956 φησι
1752 2886 1851 2939 Σο.

270 2974 477 3044 λομὼν,
502 2975 1070 3047 συμπεριφερόμενος.
1099 2976 1298 3029 Ἄκουε
1326 2976 1434 3048 γὰρ
1456 2977 1551 3031 καὶ
1572 2977 1681 3030 τῶν
1697 2978 1848 3050 tea;-

348 3083 369 3117 ι
430 3065 696 3128 Ἀνιέντες
727 3067 826 3136 τὴν
860 3066 1113 3137 ἀπειλήν.
1150 3084 1169 3118 ι
1204 3066 1318 3120 Οὐκ
1350 3064 1536 3133 εἶπεν,
1581 3069 1851 3135 Ἀνιέντες

1958 1942 2228 2013 loquatur,
2280 1955 2335 2000 et
2387 1962 2492 2000 non
2536 1948 2699 2004 veluti
2757 1951 2961 2021 pueris.
3023 1950 3132 2007 Illis
3166 1953 3311 2007 enim
3347 1953 3433 2006 diu
3486 1954 3537 2008 in

1959 2037 2119 2090 terris
2145 2039 2309 2090 vitam
2341 2038 2657 2094 duraturam
2692 2043 3050 2113 proponebat,
3097 2045 3198 2100 hos
3233 2052 3414 2099 autem
3469 2045 3537 2100 ad

1961 2128 2198 2183 futuram
2227 2134 2391 2184 vitam
2421 2135 2649 2189 remisit.

2031 2220 2195 2278 Vrsas.
2228 2224 2281 2279 9.
2314 2242 2332 2274 ι
2359 2224 2424 2280 Ει
2462 2241 2581 2293 vos,
2613 2228 2842 2295 domini,
2871 2231 3057 2284 eadem
3090 2229 3250 2288 facite
3280 2233 3440 2289 illis.i
3468 2264 3540 2277 —-

1963 2333 1981 2366 ι
2028 2315 2249 2371 Eadem.
2300 2336 2318 2370 ι
2357 2318 2591 2386 Qualia“!
2623 2320 2693 2376 Ut
2718 2336 2838 2376 cum
2862 2322 3231 2380 benevolentia
3264 2328 3541 2393 servistis,

1955 2418 2009 2462 ct
2051 2423 2153 2462 non
2214 2419 2472 2481 tanquam
2529 2414 2839 2469 hominibus
2893 2416 3208 2486 placentes,
3261 2421 3354 2473 sed
3412 2436 3535 2475 cum

1957 2503 2152 2557 timore
2188 2519 2253 2560 ac
2287 2517 2543 2572 tremore,
2579 2523 2702 2578 erga
2741 2509 2906 2564 Deum
2940 2511 3212 2567 videlicet.
3252 2512 3364 2568 Etsi
3388 2515 3536 2568 enim

1953 2595 2216 2648 verbatim
2246 2609 2353 2651 non
2385 2596 2603 2662 dixerit,
2632 2607 2869 2654 attamen
2894 2600 2993 2655 ista
3020 2602 3157 2657 vult.
3180 2602 3358 2656 Servit
3386 2604 3533 2657 enim

1953 2688 2211 2743 dominus
2237 2704 2420 2754 servo,
2476 2704 2662 2744 curam
2710 2689 2828 2760 ejus
2881 2708 3099 2762 gerens,
3146 2672 3437 2767 omniaque
3486 2696 3535 2750 ci

1954 2782 2265 2837 necessaria
2297 2783 2565 2851 praebens.
2595 2800 2659 2841 ac
2701 2786 3047 2856 simpliciter.
3079 2803 3201 2845 eum
3235 2790 3535 2857 sustinens,

1953 2872 2111 2941 eique
2148 2873 2486 2941 condonaus,
2539 2889 2596 2933 et
2650 2877 2794 2947 quod
2850 2878 2927 2933 ait
2977 2876 3259 2943 Salomon,
3318 2896 3437 2936 cum
3473 2897 3539 2935 en

1952 2962 2113 3017 simul
2142 2977 2263 3019 sese
2295 2963 2693 3037 circumagens.
2720 2966 2859 3022 Audi
2893 2969 3036 3023 enim
3061 2985 3180 3038 qua:
3217 2983 3537 3041 sequuntur.

2025 3071 2044 3105 ι
2090 3052 2450 3112 Remittentes
2473 3059 2668 3113 minas.
2694 3076 2714 3111 ι
2747 3057 2863 3117 Νοη
2882 3059 3037 3126 dixit,
3070 3060 3423 3118 Remittentes
3440 3063 3542 3116 lia-

264 3157 369 3229 τὴν
395 3156 659 3229 μάστιγα.
687 3157 845 3223 ἀλλὰ,
880 3159 986 3213 Καὶ
1008 3158 1178 3230 αὐτὴν
1204 3176 1222 3210 ι
1256 3157 1353 3230 τὴν
1373 3158 1625 3232 ἀπειλήν.
1658 3177 1679 3212 ι
1715 3160 1847 3214 Πολ-

1966 3160 2127 3215 ;rum,
2159 3147 2256 3200 sed
2283 3145 2444 3200 etiam
2470 3148 2614 3217 ipsas
2645 3167 2663 3200 ι
2689 3150 2880 3203 minas.
2906 3168 2924 3200 ι
2959 3150 3125 3207 Multo
3153 3152 3324 3224 magis
3356 3153 3541 3223 itaque

266 3245 349 3318 λῷ
399 3246 534 3316 γοῦν
566 3246 772 3318 μᾶλλον
804 3249 905 3317 τὴν
950 3250 1246 3321 τιμορίανο
1278 3249 1551 3316 τουτέστι,
1595 3250 1750 3323 Μηδὲ
1789 3252 1847 3305 ὲν

1966 3235 2276 3315 supplicium
2304 3254 2318 3291 :
2345 3238 2447 3292 hoc
2471 3247 2573 3302 est,
2604 3235 2792 3309 Neque
2819 3242 2871 3295 in
2902 3244 3036 3312 ipsis
3073 3243 3236 3300 minis
3263 3260 3453 3315 graves
3483 3254 3540 3301 et

265 3343 391 3404 ταῖς
422 3338 675 3404 ἀπειλαῖς
718 3339 905 3411 βαρεῖς
930 3342 1211 3412 φαίνεσθε.

346 3451 367 3484 ι
407 3432 621 3496 Είδότες
665 3433 747 3486 ὅτι
783 3433 879 3486 καὶ
917 3433 1072 3503 ὑμῶν
1103 3432 1284 3488 αὐτῶν
1314 3434 1342 3488 6
1372 3433 1576 3507 Κύριός
1606 3435 1756 3489 ἐστιν
1791 3437 1850 3491 ἑν

264 3525 384 3588 τοῖς
414 3525 691 3595 οὐρανοῖς.
727 3543 749 3578 ι
782 3526 949 3597 Ὅρα,
978 3524 1096 3590 πῶς
1115 3526 1291 3595 φοϐεῖ.
1321 3546 1340 3579 ι
1365 3522 1437 3600 Ὦ
1455 3529 1641 3601 μέτρῳ
1665 3549 1683 3582 ι
1715 3528 1848 3602 γὰρ,

267 3617 431 3689 φησὶ,
466 3622 748 3692 «μετρεῖς,
770 3614 1302 3692 ἀντιμετρηθήσεταί
1330 3639 1467 3677 σοι’»
1497 3624 1574 3695 μὴ
1607 3624 1851 3697 ἀκούσῃς
1888 3690 1907 3708 l

264 3714 367 3766 καὶ
389 3711 478 3764 σύο
513 3729 537 3765 ι
566 3712 778 3784 Πονηρὲ
808 3712 985 3779 δοῦλε,
1021 3716 1205 3768 πᾶσαν
1239 3716 1340 3787 τὴν
1392 3716 1618 3786 ὀφειλὴν
1648 3717 1842 3789 ἀφῆκά

265 3820 375 3872 σοι,
400 3804 505 3859 οὐκ
535 3804 644 3859 ἔδει
675 3805 769 3859 καὶ
798 3805 859 3860 σὲ
887 3805 1113 3878 ἐλεῆσαι
1137 3805 1230 3861 τὸν
1261 3805 1546 3862 σύνδουλόν
1578 3823 1711 3875 σονς

345 4000 372 4047 ε,
404 3983 514 4036 Καὶ
542 3983 973 4055 προσωποληψία
998 3983 1103 4038 οὐκ
1146 3984 1263 4038 ἔστι
1309 3985 1441 4057 παρ’
1483 3984 1654 4057 αὐτῷ.
1693 4006 1713 4039 ι
1755 3988 1847 4060 Μὴ

1952 3329 2168 3384 onerosi
2207 3310 2522 3385 videamini.

2028 3443 2048 3478 ‹
2088 3424 2337 3481 Scientes
2379 3429 2524 3497 quod
2580 3435 2636 3481 et
2665 3426 2828 3483 vestri
2880 3426 3121 3496 ipsorum
3157 3427 3417 3483 Dominus
3453 3436 3539 3483 est

1953 3514 2006 3570 in
2040 3517 2233 3572 cmiis.’
2268 3537 2288 3570 ι
2342 3518 2731 3573 Animadverte
2778 3519 3052 3588 quomodo
3100 3518 3534 3589 perterrefaciat.

1956 3627 1975 3662 ι
2017 3607 2131 3676 Qua
2163 3623 2417 3664 mensura
2465 3627 2485 3661 ι
2519 3609 2689 3675 enim,
2737 3610 2933 3681 inquit,
2968 3628 2988 3663 ι
3026 3610 3286 3677 metieris,
3322 3625 3540 3665 remen-

1950 3701 2225 3757 surabitur
2253 3701 2435 3757 tibiI:
2469 3720 2488 3754 ι
2519 3716 2585 3756 ne
2616 3701 2805 3757 audias
2830 3709 2883 3756 et
2909 3710 2999 3765 tu:
3024 3719 3042 3753 ι
3080 3700 3248 3757 Serve
3273 3716 3538 3771 nequam,

1950 3807 2111 3850 Omne
2146 3793 2384 3849 debitum
2437 3794 2622 3849 remisi
2657 3795 2775 3861 tibi,
2826 3796 3007 3850 n'onne
3060 3794 3348 3865 oportebat
3391 3802 3447 3847 et
3482 3803 3535 3850 te

1951 3889 2197 3946 misereri
2236 3890 2487 3945 conservi
2526 3890 2603 3945 tui
2629 3890 2696 3944 ιτ
2723 3907 2745 3942 ι

2027 4003 2045 4038 ι
2083 3985 2151 4040 Et
2178 4000 2535 4056 personarum
2572 3983 2821 4056 acceptio
2871 3998 2981 4039 non
3011 3990 3092 4038 est
3130 3982 3271 4054 apud
3316 3997 3465 4040 eum.
3508 4001 3531 4036 ι

264 4075 525 4148 νομίσῃς,
559 4076 746 4148 φησὶν,
781 4077 864 4130 δτι
891 4076 988 4131 ἐὰν
1031 4077 1249 4148 ἀπηνὴς
1278 4076 1377 4151 ἔσῃ
1405 4078 1484 4149 τῷ
1515 4077 1714 4149 δούλῳ,
1748 4080 1850 4134 οὐκ

1966 4074 2028 4134 Re
2058 4078 2358 4146 existimes,
2395 4078 2597 4148 inquit,
2629 4077 2675 4134 si
2715 4077 2944 4133 immitis
2971 4078 3048 4134 sis
3079 4090 3238 4134 servo
3268 4085 3381 4143 tuo,
3424 4074 3534 4132 Do-

264 4166 617 4238 ὲξετασθήσῃ
664 4165 819 4237 παρὰ
868 4166 964 4221 τοῦ
993 4166 1130 4221 Θεοῦ
1169 4168 1261 4221 διὰ
1306 4168 1369 4222 τὸ
1393 4167 1492 4222 τοῦ
1549 4168 1847 4241 προσώπου
1882 4162 1890 4168 ’

265 4257 511 4323 εὐτελές.
549 4257 738 4312 Ταῦτα
772 4257 883 4330 γὰρ
919 4258 1029 4314 τῶν
1058 4259 1164 4325 ἔξω
1193 4260 1376 4330 νόμων
1408 4259 1677 4334 διαφορὰς
1709 4262 1846 4317 εἰδό-

263 4368 378 4408 των
416 4351 699 4423 εὐγενείας
735 4353 832 4406 καὶ
872 4352 1119 4417 δουλείας
1146 4351 1213 4386 ⁷⁵·
1247 4352 1553 4426 ἀνθρώπιον
1592 4356 1705 4427 γάρ
1736 4355 1847 4409 εισι

263 4446 449 4517 νόμοι.
496 4444 767 4500 Ἐνταῦθα
809 4445 904 4500 καὶ
958 4444 1021 4517 [Ῑ.
1082 4444 1164 4518 δὲ]
1193 4445 1292 4518 οὐχ
1336 4445 1532 4512 οὕτως,
1562 4447 1700 4503 ἀλλὰ
1750 4446 1848 4501 καὶ

1951 4172 2157 4227 miuum
2216 4170 2355 4225 istuc
2383 4171 2482 4227 abs
2512 4180 2561 4225 te
2587 4185 2693 4226 non
2735 4170 3122 4241 inquisiturum
3170 4184 3240 4225 on
3288 4182 3538 4238 persona:

1951 4263 2540 4334 contemptibilitatem.
2603 4260 2728 4319 Haec
2769 4262 2914 4319 enim
2963 4261 3293 4318 exteriorum
3354 4259 3540 4330 legum

1951 4364 2100 4422 sunt,
2131 4370 2251 4426 qua:
2290 4355 2508 4411 novisse
2550 4353 2728 4410 solent
2758 4353 3048 4409 discrimen
3097 4352 3242 4424 inter
3288 4350 3537 4422 ingenui-

1953 4458 2116 4505 tatem
2167 4433 2230 4504 et’
2279 4448 2640 4504 servitutem:
2690 4444 2968 4500 hominum
3015 4443 3158 4501 enim
3203 4442 3350 4514 leges
3383 4451 3537 4498 sunt.

264 4539 431 4604 αὐτὸς
468 4537 655 4602 δοῦλος
679 4533 731 4592 εί
750 4536 845 4593 τοῦ
869 4537 1035 4592 αὐτοῦ
1057 4540 1284 4611 Κυρίου,
1315 4538 1418 4592 κᾶν
1452 4541 1532 4603 είς
1558 4539 1847 4609 ὁμόδουλον

1966 4539 2053 4595 ilic
2083 4549 2265 4595 autem
2298 4539 2378 4595 sic
2406 4553 2513 4595 non
2548 4537 2640 4605 lit;
2688 4552 2874 4592 verum
2906 4546 2960 4591 et
3015 4547 3069 4591 tu
3106 4535 3222 4604 ipse
3258 4548 3444 4591 servus
3474 4551 3541 4590 es

265 4633 794 4706 abatqpstiwv'eml
832 4633 954 4687 οὐδὲ
988 4632 1050 4699 ἐξ
1086 4634 1263 4705 ἀρχῆς
1307 4632 1554 4688 δουλείαν
1585 4633 1846 4705 ἐποίησεν

262 4729 296 4783 6
324 4726 483 4791 Θεὸς,
511 4726 630 4781 ἀλλ’
671 4729 705 4798 ἡ
749 4725 1054 4794 πλεονεξία,
1086 4726 1161 4791 ὡς
1192 4726 1285 4779 ἐπὶ
1321 4724 1430 4778 τῶν
1453 4722 1842 4796 αἰχμαλώτων·

265 4819 365 4871 καὶ
386 4819 424 4888 ή
454 4817 592 4888 πρὸς
614 4819 743 4883 τοὺς
764 4818 1009 4889 πατέρας
1043 4817 1227 4890 ὕϐρις,
1263 4817 1340 4882 ὡς
1368 4819 1464 4872 ἐπὶ
1486 4816 1580 4873 τοῦ
1601 4818 1841 4875 Χαναὰν.

264 4901 420 4979 Πλὴν
448 4912 499 4963 εί
529 4910 624 4964 καὶ
653 4910 729 4981 μὴ
759 4910 865 4964 ὑπὸ
893 4909 1030 4963 Θεοῦ
1060 4910 1307 4979 γέγονεν,
1332 4912 1483 4982 ὅμως
1507 4914 1606 4987 τὴν
1639 4915 1848 4970 ὑποτα..

263 5004 371 5073 τὴν
417 5001 550 5067 θεὸς
605 5001 907 5073 νομοθετεῖ,
931 5002 1022 5056 διὰ
1050 5005 1149 5075 τὴν
1177 5002 1455 5070 εὐταξίαν,
1507 5010 1603 5062 καὶ⁵
1648 5009 1735 5064 ἵνα
1768 5009 1845 5082 μὴ

264 5095 520 5176 αἱμάτων
549 5097 577 5149 6
609 5094 723 5166 βίος
756 5094 928 5166 γᾶμῃ.

344 5371 365 5405 ι
403 5351 477 5405 Τὸ
507 5350 717 5419 λοιπὸν,
750 5351 972 5423 ἀδελφοί
1010 5371 1139 5425 μου,
1189 5355 1589 5427 ἐνδυναμοῦσθε
1637 5360 1696 5414 ἐν
1728 5363 1842 5415 Ku-

269 5445 392 5515 ρίῳ,
419 5446 514 5501 καὶ
543 5448 600 5501 ὲν
634 5446 712 5516 τῷ
754 5448 947 5518 κράτει
981 5449 1078 5519 τῆς
1108 5449 1294 5519 ἰσχύος
1332 5452 1519 5508 αὐτοῦ.
1552 5472 1571 5506 ι
1605 5455 1842 5526 Στρατό-

375 5592 405 5632 r
436 5581 628 5640 Matth.
656 5601 749 5652 vn,
773 5587 829 5643 2.
944 5597 966 5623 ³
993 5588 1183 5644 Matth.
1211 5606 1366 5656 xviii,
1400 5593 1487 5648 52.

1950 4633 2192 4703 ejusdem
2225 4631 2454 4693 Domini.
2487 4630 2612 4685 licet
2644 4631 2697 4685 in
2725 4644 3045 4686 conservum
3079 4626 3249 4703 418
3281 4636 3537 4689 aus’tcrus

1950 4729 2047 4785 sis.
2083 4724 2220 4781 Nam
2273 4741 2302 4780 a
2352 4723 2622 4797 principio
2677 4724 2816 4779 Deus
2862 4722 3112 4779 servilem
3169 4722 3533 4779 conditionem

1951 4821 2115 4877 istam
2145 4836 2252 4877 non
2285 4820 2513 4888 creavit,
2541 4818 2639 4876 sed
2672 4816 2928 4879 avaritia,
2969 4825 3030 4871 ut
3074 4815 3127 4869 in
3171 4815 3400 4885 captivis
3430 4832 3446 4870 :
3477 4822 3534 4869 et

1952 4912 2176 4980 injuria,
2208 4927 2312 4984 qua
2364 4921 2547 4983 patres
2587 4920 2640 4965 et
2698 4909 2936 4981 majores
2992 4907 3319 4972 affecerunt,
3370 4914 3427 4959 ut
3473 4905 3530 4959 in

1949 5002 2207 5058 Chanaan
2263 5004 2507 5073 contigit.
2555 5000 2780 5057 Etiamsi
2837 5009 3015 5053 autem
3066 5012 3094 5049 a
3148 4996 3254 5049 Deo
3311 5010 3415 5049 non
3458 4993 3528 5048 sit

1951 5096 2212 5159 condita,
2284 5095 2675 5165 suhjcctionem
2750 5102 2929 5147 tamen
2988 5091 3130 5145 Deus
3184 5087 3399 5149 sancit,
3460 5086 3532 5139 ob

1950 5186 2163 5241 felicem
2202 5185 2465 5255 politiam,
2503 5196 2555 5241 et
2592 5197 2659 5239 n’e
2703 5184 2811 5238 vita
2845 5182 3078 5237 humana
3131 5178 3391 5247 sanguine
3436 5191 3526 5230 re-

1951 5279 2182 5350 pleatur.

2023 5369 2183 5424 Vens.
2219 5368 2305 5423 10.
2347 5389 2365 5422 ι
2410 5368 2564 5436 Quod
2594 5368 2860 5437 superest.
2897 5364 3091 5421 fratres
3135 5364 3264 5429 mei,
3307 5360 3526 5418 confor-

1954 5446 2140 5515 tamini
2193 5461 2244 5513 in
2285 5460 2531 5523 Domino,
2566 5469 2619 5514 et
2659 5460 2711 5513 in
2765 5458 3001 5528 potentia
3059 5456 3271 5511 roboris
3328 5453 3465 5521 cjus.
3503 5472 3523 5504 ι

1605 5714 1802 5778 Vat-ite
1836 5716 2165 5780 lectiones.

335 5805 382 5837 το
415 5802 692 5873 βιάζουσιν
724 5822 798 5863 m.
873 5806 918 5840 "
961 5808 989 5861 6
1025 5823 1078 5864 ο.
1156 5810 1201 5841 ⁷³
1238 5811 1501 5882 σαρκικοῦ
1544 5829 1597 5869 o.
1677 5816 1724 5847 "
1762 5834 1852 5889 ποε

1966 5835 2002 5870 ιν
2033 5831 2087 5872 ο.
2163 5813 2207 5846 ⁷⁸
2231 5809 2432 5867 δούλων
2460 5825 2495 5867 ο
