3932 6572
457 326 593 394 1127

1371 317 1945 382 TllEOPllYLACTI
1989 318 2398 380 BULGARUE
2440 320 2784 384 ARCHIEP.

3560 320 3682 386 1128

456 440 758 512 Cujuslibet
804 436 996 493 domus
1048 443 1130 490 est
1170 433 1440 486 exercitus
1490 430 1787 484 :omnibtts
1845 429 2025 497 itaque

2137 427 2290 481 πεδόν
2335 429 2482 482 ἔστιν
2516 430 2548 498 ἡ
2581 428 2726 482 οίκέα
2759 427 3021 482 ἑκάστουο
3046 429 3300 494 διατάξας
3335 429 3427 484 οἷον
3469 429 3565 493 τὰς
3597 432 3688 498 dp-

455 530 816 600 potestatibns
849 525 1134 588 ordinatis,
1190 525 1270 578 sic
1325 521 1624 576 imbellnm
1679 535 1773 574 eas
1821 519 2022 573 educit.

456 629 594 685 Nam
629 641 748 681 cum
777 622 1047 691 proprium
1096 617 1340 672 ordinem
1387 629 1542 668 nemo
1585 611 2025 680 transgrediatnr,

461 732 591 776 tunc
630 733 714 772 res
749 714 934 769 bellica
981 713 1116 766 bene
1148 707 1385 762 habebit.
1435 705 1569 770 Quia
1611 717 1741 757 vero
1770 703 2028 772 pleraque

464 813 822 879 imperaverat
850 819 968 873 qua:
1005 801 1119 855 visa
1159 808 1284 854 sunt
1335 795 1570 851 difﬁcilia
1609 801 1904 855 transacto,
1953 789 2028 845 Ne

465 901 708 961 metuite,
746 896 940 964 inquit,
970 893 1065 948 sed
1115 891 1167 946 in
1205 888 1416 948 Domini
1466 888 1701 956 potentia
1753 883 2026 938 conﬁdite.

462 993 578 1048 Non
616 991 758 1047 enim
813 985 1127 1054 simpliciter
1192 983 1239 1037 ei
1295 982 1459 1034 robur
1489 990 1591 1042 cst,
1644 976 1736 1031 sed
1791 974 2030 1042 potentia

463 1083 672 1139 roboris
705 1100 719 1135 :
761 1082 864 1135 hoc
891 1087 995 1140 est,
1027 1073 1350 1129 ineﬁ‘abilem
1388 1071 1547 1124 habet
1581 1068 1947 1122 fortitudinem
1975 1071 2030 1118 et

462 1191 584 1247 quae
616 1175 666 1228 in
706 1185 894 1227 omnes
932 1169 1259 1224 dominetur.

537 1265 700 1319 Vens.
735 1262 820 1315 11.
860 1277 878 1311 ι
918 1257 1131 1312 lnduite
1167 1263 1494 1308 armaturam
1541 1249 1658 1313 Dei,
1707 1257 1763 1302 ut
1808 1244 2030 1316 possitis

469 1364 744 1411 vos'stare
777 1353 1036 1406 adversus
1088 1346 1311 1401 insidias
1361 1341 1580 1398 diaboli.
1608 1360 1626 1391 ι
1667 1341 1794 1407 Qua:
1828 1341 1897 1393 sit
1941 1352 2033 1388 ar-

468 1459 700 1511 matura,
738 1445 896 1514 paulo
950 1452 1073 1512 post.
1126 1439 1357 1496 docebit.
1413 1435 1793 1490 Animadverte
1850 1440 2030 1484 autem

465 1545 734 1613 quomodo
770 1554 876 1593 non
935 1534 1133 1590 dixerit
1187 1546 1394 1602 pugnas
1443 1538 1534 1584 aut
1574 1527 1742 1588 bella,
1773 1526 1863 1579 sed
1899 1521 2031 1575 insi-

471 1637 633 1692 dias:
671 1631 876 1686 insidia:
907 1630 1051 1684 enim
1095 1635 1218 1681 sunt
1251 1624 1518 1692 decipere,
1548 1634 1612 1673 ac
1655 1633 1750 1686 per
1787 1615 2031 1670 fraudem

467 1741 680 1797 capere.
702 1723 817 1782 Non
839 1722 980 1776 enim
999 1717 1280 1773 manifesta
1306 1713 1554 1784 proponit
1579 1710 1750 1765 hostis
1770 1719 1986 1779 peccata
2016 1721 2030 1760 :

467 1816 698 1886 exempli
726 1813 897 1884 gratia
927 1829 939 1865 :
973 1810 1052 1864 Ad
1096 1807 1454 1864 idololatriam
1487 1812 1671 1872 aperte
1705 1817 1810 1854 non
1847 1800 2034 1853 horta-

471 1921 577 1976 tur,
628 1909 722 1964 sed
755 1905 858 1960 alia
889 1903 1118 1973 quadam
1162 1899 1371 1954 ratione
1422 1896 1758 1966 aggreditur,
1811 1890 2038 1946 insidias

467 2011 702 2063 struens,
732 2000 833 2052 hoc
855 2005 958 2059 est,
981 1990 1291 2048 verisimilia
1313 1989 1474 2043 verba
1507 1986 1732 2050 faciens,
1762 1981 2037 2038 velamen-

469 2102 631 2159 toque
665 2099 843 2143 utens.
895 2083 1152 2147 Proinde,
1210 2094 1331 2136 cum
1389 2076 1625 2132 ostendit
1664 2071 2035 2128 adversarium

467 2195 586 2235 esse
624 2186 920 2248 potentem,
954 2172 1291 2227 horrendum
1323 2176 1375 2222 et
1409 2167 1638 2232 varium,
1688 2163 1892 2218 excitat
1946 2175 2039 2216 eos

471 2289 534 2327 ac
566 2271 850 2342 vigilantes
880 2266 1031 2320 facit.

537 2341 698 2413 Vens.
733 2356 815 2411 12.
859 2373 877 2406 ι
915 2352 1176 2420 Quoniam
1229 2365 1336 2404 non
1374 2359 1457 2404 est
1514 2347 1671 2403 nobis
1731 2341 2040 2401 colluctatio

469 2449 730 2507 adversus
767 2445 1082 2516 sanguinem
1114 2451 1167 2498 et
1202 2455 1442 2497 carnem.
1485 2458 1503 2491 ι
1569 2438 1633 2491 Et
1679 2438 1800 2502 hoc,
1844 2451 1948 2491 non
1983 2444 2043 2489 ut

470 2539 902 2610 perterrefaciat,
939 2552 1125 2605 verum
1163 2543 1219 2589 ut
1262 2532 1576 2588 attentiores
1630 2530 1850 2594 reddat,
1889 2528 2036 2583 dicit.

469 2633 602 2688 Nam
652 2633 740 2701 qni
781 2631 954 2685 hostis
1010 2629 1152 2682 vires
1200 2634 1252 2680 et
1312 2625 1609 2693 potentiam
1646 2631 1850 2684 narrat,
1915 2634 2041 2674 suos

472 2727 600 2780 t'acit
630 2722 802 2792 magis
834 2730 1047 2777 cautos.
1071 2718 1187 2773 Non
1221 2720 1510 2774 adversum
1548 2715 1813 2783 vulgares,
1840 2711 2036 2780 inquit,

468 2811 652 2865 hostes
687 2810 840 2864 nobis
876 2808 1017 2862 lucta
1076 2815 1178 2868 est.
1237 2820 1409 2874 neque
1449 2806 1736 2856 adversum
1793 2801 2040 2854 homines

474 2902 660 2956 iisdem
727 2900 1009 2956 nobiscum
1063 2896 1343 2953 aﬂectibus
1395 2894 1652 2960 imbutos,
1687 2893 2039 2963 ejusdemque

471 2993 748 3048 nobiscum
778 2991 1054 3061 potentiae.

546 3105 566 3137 ι
598 3085 701 3139 Sed
720 3084 1003 3138 adversum
1027 3081 1380 3153 principatus,
1401 3081 1660 3136 adversus
1681 3089 2028 3151 potestates.»
2063 3095 2108 3156 ο

467 3179 699 3234 Perinde
738 3191 801 3231 ac
839 3176 981 3230 Deus
1028 3175 1364 3244 principatus
1411 3173 1572 3228 habet
1605 3189 1668 3229 ac
1716 3184 2034 3244 potestates,

467 3274 612 3328 hunc
654 3270 720 3324 ad
753 3269 970 3325 modum
1005 3281 1263 3339 arrogans
1307 3276 1570 3337 tyrannus
1602 3266 1907 3337 hujusmodi
1943 3282 2034 3321 or-

468 3370 622 3427 dines
663 3369 810 3423 fecit.

545 3479 567 3514 ι
609 3460 884 3515 Adversus
955 3459 1140 3513 mundi
1199 3467 1458 3512 rectores.
1517 3474 1536 3507 ι
1607 3453 1724 3510 Non
1783 3456 1926 3524 quod
1983 3454 2033 3508 in

466 3552 725 3608 mundqu
756 3565 850 3605 seu
876 3560 1184 3605 creaturam
1223 3549 1587 3614 dominentur,
1621 3548 1806 3617 ejusve
1835 3546 2034 3601 domini

463 3645 606 3700 sint:
636 3644 728 3698 sed
751 3642 1034 3713 Scriptura
1056 3641 1310 3695 mundum
1342 3649 1498 3695 vocat
1525 3643 1636 3707 ipsa
1660 3653 1822 3708 prava
1847 3653 2033 3709 Opera,

463 3746 518 3792 et
543 3738 636 3806 qui
668 3749 728 3788 ea
763 3742 1093 3805 perpetrant,
1124 3731 1574 3802 quemadmodum
1598 3742 1651 3786 et
1679 3729 1808 3785 illud
1835 3748 1848 3784 :
1881 3747 1898 3782 ι
1929 3727 2036 3784 Vos

463 3843 569 3884 non
613 3829 860 3884 estis‘ex
907 3827 1106 3882 mundo
1127 3837 1178 3890 δ,
1209 3843 1228 3876 ι
1268 3828 1370 3880 hoc
1409 3832 1511 3891 est,
1555 3839 1620 3878 ex
1655 3822 1720 3878 iis
1747 3821 1836 3892 qui
1871 3835 2034 3891 prava

463 3929 779 3990 operantur.
836 3919 893 3973 In
956 3920 1054 3973 hos
1117 3918 1280 3987 igitur
1325 3917 1626 3971 voluntario
1683 3917 1736 3971 in
1796 3917 2032 3985 ipsorum

464 4014 782 4070 servitutem
840 4013 1088 4067 redactos
1163 4012 1446 4082 imperium
1517 4018 1774 4067 exercent
1829 4010 2032 4065 daemo-

461 4117 581 4159 nes.

541 4213 562 4249 ι
593 4193 964 4251 Tenebrarum
998 4194 1181 4250 saeculi
1241 4192 1419 4263 hujus.
1451 4210 1471 4246 ›
1515 4193 1793 4250 Tenebras
1842 4193 2032 4259 nequi-

465 4295 594 4349 tiam
626 4291 780 4356 dicit,
808 4304 927 4360 quze
962 4291 1015 4343 in
1051 4290 1150 4344 hoc
1181 4289 1380 4344 saeculo
1427 4288 1640 4344 videtur
1668 4298 1724 4344 et
1749 4288 2027 4354 consistit;

463 4384 693 4440 ulterius
723 4394 903 4437 autem
948 4396 1053 4436 non
1095 4381 1290 4451 pergit.

539 4495 560 4529 ι
620 4475 894 4530 Adversus
960 4473 1262 4543 spiritualia
1322 4471 1597 4544 nequitiae.
1642 4491 1662 4524 ι
1712 4473 1821 4527 llos
1864 4451 2108 4544 519D

463 4569 610 4640 ipsos
640 4570 916 4622 daemones
943 4575 1117 4621 vocat.
1163 4566 1295 4620 Cum
1323 4567 1465 4619 enim
1500 4575 1554 4619 et
1577 4566 1750 4634 angeli
1785 4567 1894 4620 sint
1921 4565 2034 4634 spi-

461 4662 621 4727 ritus,
659 4659 930 4729 apposuit,
981 4677 1000 4710 ι
1059 4659 1362 4728 Νθψιὶιὶαιε
1405 4677 1423 4710 ι
1476 4658 1744 4728 siquidem
1790 4659 1865 4712 illi
1905 4673 2028 4713 cum

463 4752 744 4817 bonitatis,
779 4762 890 4804 tum
919 4751 1141 4805 luminis
1169 4762 1295 4805 sunt
1327 4751 1576 4820 spiritus.
1607 4750 1743 4818 Quia
1778 4766 1906 4804 vero
1931 4765 2028 4805 nos

462 4842 658 4897 bellum
685 4857 788 4896 non
821 4857 1006 4913 gerere
1034 4839 1317 4898 afﬁrmavit
1346 4842 1949 4913 adversussanguinem
1972 4850 2028 4895 et

459 4947 702 4998 carnem,
743 4947 772 4986 e
828 4932 1102 4985 contrario
1147 4931 1356 4999 adjicit,
1413 4933 1508 4986 sed
1563 4910 1825 4987 adversus
1859 4931 2025 4995 leves,

461 5024 816 5090 invincibiles,
857 5033 909 5078 et
953 5039 1046 5079 eos
1092 5025 1183 5094 qui
1237 5022 1546 5080 difﬁcillime
1577 5025 1886 5094 capiuntur,
1927 5039 2025 5094 pu-

458 5134 708 5188 gnamtts.

529 5225 550 5256 σ
594 5207 648 5260 In
699 5207 1028 5263 cmlestibus.
1085 5225 1103 5259 ›
1158 5206 1262 5261 Per
1323 5205 1424 5260 hoc
1474 5220 1660 5261 rursus
1725 5207 2023 5261 auditorem

456 5300 678 5355 excitat.
735 5299 810 5354 De
862 5299 1092 5368 magnis,
1143 5299 1337 5368 inquit,
1384 5297 1682 5368 periculum
1740 5307 1822 5352 est
1862 5315 1875 5350 :
1915 5313 2019 5351 non

454 5390 595 5441 extim
651 5391 717 5444 de
779 5390 1126 5446 terrestribus
1189 5400 1241 5445 et
1293 5387 1749 5459 corruptibilibus,
1805 5389 1898 5444 seJ
1957 5388 2022 5443 de

559 5544 584 5571 ε
609 5530 765 5585 Joan.
800 5547 892 5595 xv,
921 5529 1005 5585 l9.

2130 521 2232 589 χὰς
2258 520 2459 585 πάσας.
2497 522 2670 584 οὕτως
2707 523 2798 575 ἐπὶ
2820 522 2912 576 τὸν
2955 522 3191 593 πόλεμον
3221 523 3428 592 ἐξάγει.
3467 525 3686 595 Καὶγὰρ

2129 610 2259 663 ὅταν
2299 611 2374 681 μὴ
2417 613 2516 682 τὴν
2557 614 2763 666 οἰκείαν
2797 613 2951 678 τάξιν
3003 613 3409 684 ύπερϐαίνωσιν
3455 613 3686 679 ἕκαστοι,

2129 701 2253 754 τότε
2299 703 2393 756 καὶ
2426 703 2496 756 τὰ
2525 703 2618 758 τοῦ
2653 704 2892 774 πολέμου
2911 704 2972 758 εὖ
3004 705 3445 759 κείσετιιι.Ἒπεὶ⁵
3479 705 3537 758 δὲ
3571 707 3689 760 πολ-

2131 792 2199 846 λὰ
2250 795 2481 859 ἐπέταξε
2528 795 2788 849 δοκοῦντα
2831 796 3290 867 δυσκατόρθωτα,
3332 798 3425 868 Μὴ
3464 798 3687 868 δείσητε,

2133 886 2318 955 φησὶν,
2345 887 2458 940 ἀλλ’
2499 889 2556 940 ἐν
2592 892 2656 958 τῇ
2687 889 2780 942 τοῦ
2815 888 3022 960 Κυρίου
3065 891 3290 959 δυνάμει
3319 890 3588 962 θαρρεῖτε,
3622 892 3687 944 Οὐ

2131 978 2240 1048 γάρ
2273 981 2420 1032 ἐστιν
2461 980 2614 1048 ἰσχὺς
2654 980 2844 1044 ἁπλῶς
2890 982 3059 1050 αὐτῷ.
3090 981 3228 1035 ἀλλὰ
3259 983 3460 1052 κράτος
3500 982 3687 1053 ἰσχύος,

2131 1070 2434 1134 τουτέστιν,
2470 1073 2677 1140 ἄφατον
2717 1072 2829 1143 ἔχει
2858 1073 2957 1144 τὴν
2987 1075 3160 1144 ἰσχὺν,
3195 1073 3287 1126 καὶ
3323 1075 3544 1129 πάντων
3568 1092 3688 1146 κρα-

2131 1179 2224 1238 τφυ
2233 1180 2349 1216 σαν.

2209 1274 2228 1306 ι
2278 1256 2605 1312 Ἐνδύσασθε
2652 1259 2750 1331 τὴν
2797 1261 3104 1316 πανοπλίαν
3136 1263 3228 1317 τοῦ
3268 1263 3425 1329 Θεοῦ,
3473 1264 3607 1335 πρὸς
3640 1265 3692 1317 τὸ

2132 1346 2392 1401 δύνασθαι
2451 1351 2596 1419 ὑμᾶς
2649 1354 2840 1420 στῆναι
2881 1354 3019 1425 πρὸς
3064 1355 3164 1418 τὰς
3218 1354 3502 1425 μεθοδεὶας
3533 1355 3582 1386 ⁷⁸
3609 1356 3690 1408 τοῦ

2133 1436 2406 1492 διαϐόλου.
2450 1457 2468 1490 ι
2510 1439 2605 1504 Τίς
2648 1441 2797 1494 ἐστιν
2839 1444 2872 1512 ἡ
2911 1444 3206 1508 πανοπλία,
3259 1445 3380 1512 μετ’
3425 1445 3603 1511 ὀλίγον
3626 1447 3698 1498 δι·-

2133 1529 2303 1596 δάξει.
2327 1530 2468 1599 Ὅρα
2485 1531 2562 1595 δὲ,
2583 1531 2699 1596 πῶς
2721 1533 2820 1586 οὐκ
2849 1529 2993 1599 εἷπε,
3021 1537 3234 1606 Μάχας,
3255 1536 3368 1607 ἢτθ,
3403 1538 3539 1590 Πολέ
3550 1556 3688 1607 μους,

2135 1621 2293 1684 ἀλλὰ,
2323 1640 2341 1672 ι
2371 1621 2689 1686 Μεθοδείας.
2722 1644 2740 1674 ι
2763 1624 3033 1680 Μεθοδεῐα
3059 1631 3164 1696 γὰρ
3189 1629 3306 1680 ἐστι
3333 1629 3394 1681 τὸ
3423 1630 3691 1696 ἀπατῆσαι

2139 1715 2341 1769 καὶδιὰ
2378 1716 2628 1786 μηχανῆς
2662 1717 2822 1771 ἑλεῖν.
2872 1719 2948 1772 Ού
2990 1721 3100 1791 γὰρ
3146 1721 3355 1790 φανερὰ
3389 1723 3694 1793 προτίθησιν

2137 1809 2164 1859 ὁ
2187 1804 2380 1876 ἐχθρὸς
2404 1808 2473 1860 τὰ
2499 1809 2875 1879 ἁμαρτήματα
2897 1828 2910 1840 ·
2935 1805 3066 1876 οἷον,
3100 1812 3508 1884 είδωλολατρεῖν
3538 1831 3693 1882 gave-

2132 1897 2244 1967 ρῶς
2288 1899 2349 1951 ού
2403 1905 2684 1971 παραινεῖ,
2721 1903 2837 1957 ἀλλ’
2882 1904 3087 1972 ἑτέρως
3134 1906 3268 1959 αὐτὸ
3308 1905 3694 1970 κατασκευάζει

2134 1989 2464 2058 μεθοδεύων,
2499 1995 2774 2061 τουτέστι,
2807 1996 3032 2050 πιθανὸν
3067 1997 3158 2049 τὸν
3205 1998 3363 2066 λόγον
3393 1999 3585 2063 ποιῶν,
3611 2000 3694 2053 καὶ

2131 2083 2556 2152 ὲπικαλύμματι
2595 2086 2896 2158 χρώμενος.
2928 2091 3024 2144 Διὰ
3051 2091 3104 2144 δὲ
3134 2092 3226 2144 τοῦ
3257 2092 3428 2158 δεῖξαι
3455 2093 3545 2145 τὸν
3563 2094 3694 2146 ἀντί-

2131 2174 2302 2228 παλον
2359 2175 2532 2231 δεινὸν
2586 2179 2716 2233 ὄντα
2763 2182 2858 2234 καὶ
2904 2183 3172 2248 ποικίλον,
3205 2185 3466 2257 διεγείρει
3516 2187 3694 2250 αὐτοὺς

2134 2268 2229 2321 καὶ
2257 2269 2454 2339 νήφειν
2494 2275 2931 2342 παρασκευάζει.

2212 2377 2230 2410 ι
2272 2359 2398 2414 Ὅτι
2423 2361 2522 2414 οὐκ
2548 2361 2697 2416 ἔστιν
2721 2366 2854 2436 ἡμῖν
2886 2367 2918 2435 ἡ
2948 2365 3094 2438 πάὶη
3133 2367 3269 2436 πρὸς
3291 2363 3430 2438 αἷμα
3452 2369 3549 2422 καὶ
3575 2369 3692 2439 adp-

2136 2468 2228 2506 κα.
2267 2471 2286 2505 ι
2324 2454 2435 2506 Καὶ
2466 2454 2625 2509 τοῦτο
2651 2457 2751 2511 οὐκ
2775 2459 3024 2527 ἐκφοὸὦν
3047 2460 3221 2528 λέγει,
3253 2462 3388 2515 ἀλλὰ
3413 2479 3691 2533 προσεκτι-

2136 2547 2416 2618 κωτέρους
2480 2549 2673 2604 ποιῶν.
2709 2550 2768 2606 ’0
2827 2552 2937 2624 γὰρ
2975 2553 3069 2606 τοῦ
3112 2554 3308 2624 ἐχθροῦ
3339 2556 3440 2626 τὴν
3483 2555 3693 2625 δύναμιν

2135 2637 2542 2710 ἀφηγούμενος,
2590 2643 3036 2715 ἀσφαλεστέρους
3070 2651 3216 2702 ποιεῖ
3269 2649 3395 2712 τοὺς
3453 2649 3689 2711 οἰκείους.

2136 2727 2212 2780 Οὐ
2262 2729 2401 2800 πρὸς
2431 2731 2561 2795 τοὺς
2596 2734 2888 2803 τυχόντας·
2917 2733 3137 2804 ἔχομεν,
3175 2738 3362 2808 φησιν,
3409 2739 3536 2793 οὐδὲ
3573 2741 3692 2811 πρὸς

2137 2821 2464 2895 ἀνθρώπους
2514 2827 2862 2897 ὁμοιοπαθεῖς
2891 2830 3023 2901 ἡμῖν
3053 2833 3150 2888 καὶ
3195 2833 3574 2906 ίσοδυνάμους.

2218 3110 2238 3143 ι
2281 3093 2442 3148 Ἀλλὰ
2491 3096 2628 3169 προς
2663 3097 2762 3162 τὰς
2814 3099 3007 3170 ἀρχὰς,
3055 3100 3192 3172 πρὸς
3238 3101 3338 3166 τὰς
3383 3101 3640 3168 ἐξουσίας.
3667 3121 3685 3156 ι

2143 3186 2354 3259 ’Ὥσπερ
2391 3188 2420 3241 ὁ
2460 3189 2592 3254 Θεὸς
2627 3190 2802 3262 ἀρχὰς
2837 3190 2951 3262 ἔχει
2999 3195 3094 3247 καὶ
3135 3193 3406 3260 ἐξουσίας,
3439 3194 3580 3249 οὕτω
3609 3196 3692 3250 καὶ

2140 3279 2168 3334 ὁ
2195 3278 2410 3343 ἀλαζὼν
2437 3279 2704 3354 τύραννος
2731 3285 2961 3340 τοιαῦτα
2999 3285 3296 3360 ἐποιήσατο
3322 3290 3599 3360 τάγματα.

2219 3473 2239 3508 ι
2275 3457 2420 3532 Πρὸς
2457 3459 2580 3524 τοὺς
2614 3463 3087 3536 κοσμοκράτορας.
3126 3483 3144 3518 ι
3181 3466 3318 3537 Οὐχὶ
3343 3467 3471 3533 τοὺς
3498 3469 3587 3524 τοῦ
3607 3470 3688 3524 κό-

2140 3563 2278 3618 σμου
2305 3587 2321 3612 ,
2363 3550 2529 3620 ἤγουν
2587 3551 2686 3621 τῆς
2745 3553 2977 3618 κτίσεως
3023 3557 3396 3626 κρατοῦντας’
3451 3560 3564 3614 ἀλλ’
3593 3558 3686 3613 οῖδε

2139 3639 2342 3712 κόσμον
2394 3643 2426 3713 ἡ
2477 3643 2669 3714 Γραφὴ
2701 3645 2800 3710 τὰς
2840 3649 3086 3718 πονηρὰς
3119 3650 3349 3720 πράξεις
3389 3650 3582 3720 λέγειν,
3608 3652 3689 3706 καὶ

2139 3735 2262 3796 τοὺς
2289 3735 2492 3800 ταύτας
2533 3739 2838 3808 μετιόντας,
2879 3740 2954 3803 ὡς
2980 3743 3065 3807 τὸ,
3097 3761 3117 3795 ι
3143 3743 3332 3814 Ὑμεῖς
3358 3747 3458 3799 οὐκ
3487 3745 3602 3799 ἐστὲ
3632 3749 3687 3800 ἐκ

2135 3825 2229 3878 τοῦ
2265 3827 2490 3898 κόσμου,
2520 3846 2541 3881 ι
2580 3831 2885 3895 τουτέστιν,
2914 3833 2979 3886 ὲκ
3018 3833 3126 3887 τῶν
3154 3835 3223 3889 τὰ
3255 3838 3468 3908 πονηρὰ
3490 3838 3683 3908 μετιόν-

2135 3934 2264 3973 των.
2312 3920 2530 3974 Τούτων
2576 3918 2672 3976 οὖν
2717 3923 3012 3991 κρατοῦσιν
3044 3926 3094 3980 oi
3146 3926 3422 3999 δαίμονες,
3454 3930 3683 4001 αὐθαιρέ-

2135 4027 2244 4074 τως
2283 4011 2774 4068 ύποδουλωθέντων
2800 4014 2847 4046 ⁷⁷
2887 4015 3091 4079 αὐτοῖς.

2211 4211 2232 4246 ι
2273 4191 2381 4245 Τοῦ
2417 4191 2643 4257 σκότους
2683 4193 2779 4247 τοῦ
2822 4194 3020 4260 αἰῶνος
3052 4213 3266 4251 τουτου.
3311 4217 3330 4250 ι
3364 4200 3554 4264 Σκότος
3595 4202 3683 4272 τὴν

2134 4283 2400 4354 πονηρίαν
2457 4285 2640 4354 φησὶν,
2674 4285 2797 4355 ἥτις
2843 4288 2902 4339 ἐν
2935 4287 3012 4357 τῷ
3065 4287 3222 4342 αίῶνι
3256 4291 3432 4362 τούτῳ
3459 4293 3684 4361 φαίνεται

2139 4377 2234 4431 καὶ
2271 4374 2607 4429 συνίσταται.
2647 4376 2962 4448 περαιτέρω
3002 4377 3059 4431 δὲ
3103 4380 3163 4432 ού
3186 4381 3421 4451 πρόεισι.

2213 4487 2232 4520 ι
2272 4468 2414 4538 Πρὸς
2457 4468 2527 4520 τὰ
2560 4469 2913 4537 πνευματικὰ
2949 4469 3048 4539 τῆς
3098 4474 3384 4543 πονηρίας.
3424 4495 3444 4529 ι
3469 4475 3682 4541 Τούτους

2134 4559 2334 4622 αὐτοὺς
2375 4560 2501 4622 τοὺς
2538 4557 2802 4628 δαίμονάς
2839 4577 3023 4631 φησιν.
3075 4561 3294 4636 Ἐπειδὴ
3335 4567 3441 4638 γάρ
3465 4572 3563 4622 εἰσι
3597 4573 3681 4624 καὶ

2131 4652 2178 4703 οἱ
2212 4650 2432 4719 ἄγγελοι
2480 4647 2718 4719 πνεῦμα,
2750 4653 3080 4724 προσέθηκε·
3118 4675 3135 4707 ι
3189 4658 3301 4726 Τῆς
3349 4663 3617 4732 πονηρίας
3657 4681 3673 4706 ι

2129 4743 2329 4796 ἐκεῖνοι
2368 4743 2497 4813 γὰρ,
2531 4743 2866 4814 ἀγαθότητος
2910 4751 2999 4802 καὶ
3052 4750 3227 4818 φωτὸς
3268 4755 3560 4826 πνεύματα.
3589 4756 3680 4810 Ei-

2130 4834 2245 4888 πὼν
2274 4835 2351 4900 δὲ,
2389 4834 2469 4888 ὅτι
2528 4836 2588 4887 οὑ
2637 4837 2981 4910 πολεμοῦμεν
3026 4843 3161 4911 πρὸς
3192 4840 3332 4916 αἷμα
3376 4850 3464 4902 καὶ
3494 4850 3674 4922 σάρκα,

2127 4929 2574 4995 ἀντιδιαστέλλει,
2607 4929 2697 4984 καί
2733 4949 2920 5013 φησιν,
2948 4934 3030 4987 ὅτι
3079 4934 3241 4992 Ἀλλὰ
3277 4944 3413 5012 πρὸς
3439 4943 3672 5013 κούφους,

2126 5021 2221 5074 καὶ
2249 5023 2540 5093 ἀνικήτους
2575 5022 2621 5054 ⁷⁸
2651 5023 2748 5077 καὶ
2767 5011 3103 5092 δυσαλώτους
3139 5011 3445 5104 μαχόμεθα.

2202 5218 2221 5252 ι
2267 5201 2361 5264 ¹Ἐν
2389 5203 2502 5265 τοῖς
2527 5202 2894 5274 ἐπουρανίοις.
2937 5225 2955 5259 ι
2985 5208 3084 5263 Διά
3122 5210 3282 5266 τοῦτο
3319 5217 3472 5270 πάλιν
3492 5216 3672 5284 διεγεέο

2130 5312 2214 5365 ρει
2236 5297 2326 5348 τὸν
2357 5295 2654 5367 ἀκροατήν.
2689 5298 2822 5370 Περὶ
2864 5301 3119 5370 μεγάλων
3146 5307 3274 5378 γὰρ,
3307 5313 3481 5382 φησὶν,
3507 5312 3533 5362 ὁ
3561 5315 3668 5363 κίν-

2126 5386 2302 5454 δυνος,
2360 5387 2421 5440 ού
2479 5391 2608 5458 περὶ
2657 5389 2918 5458 ἐπιγείων
2971 5395 3065 5449 καὶ
3090 5395 3363 5470 φθαρτῶν,
3407 5403 3526 5457 ἀλλὰ
3567 5403 3663 5456 τῶν

1797 5625 1995 5688 Varite
2021 5625 2349 5688 lectiones.

523 5745 569 5777 ⁷³
598 5745 693 5814 τὴν
746 5743 1028 5817 μεθοδείαν
1057 5763 1108 5804 o.
1187 5751 1232 5784 ⁷⁸
1263 5752 1378 5825 ,καὶ
1419 5767 1472 5806 o.
1549 5755 1594 5788 "
1652 5754 1725 5818 ὡς
1767 5753 2017 5810 ὑποδουλ.
2057 5769 2108 5810 ο.
2185 5755 2232 5787 ’⁸
2279 5753 2595 5826 εὐκινήτους
2645 5769 2699 5812 o.
