3932 6608
247 399 363 463 1129

979 388 1390 451 EXP‘lSlTlO
1425 384 1789 472 lN'EPIST.
1838 384 1931 444 AD
1973 383 2315 444 EPHES.‘
2357 382 2516 442 CAP.
2552 381 2649 443 VI.

3303 383 3438 447 11Σο

229 512 547 578 ὲπουρανιων.
583 501 655 555 Τὸ
680 501 820 571 γὰρ,
860 521 877 553 ι
905 504 981 567 ἐν,
1015 521 1054 567 ι,
1081 501 1203 553 ἀντὶ
1245 499 1364 566 τοῦ,
1420 499 1586 569 ὑπὲρ,
1635 497 1752 550 ἔστι

1891 495 2173 551 ωιρειιυιιε
2221 510 2307 551 res
2358 495 2557 566 agitur.
2593 492 2908 565 Praepositio
2953 491 3096 548 enim
3151 510 3168 545 ι
3204 494 3257 548 in
3297 513 3316 547 ι
3357 506 3442 550 est

228 598 304 653 ml
332 595 438 661 τοῦ,
465 594 551 649 διά
570 609 586 627 ο
629 592 762 647 ὡσεὶ
813 592 966 662 ἔλεγε
990 607 1005 623 ·
1035 592 1134 647 Διὰ
1163 590 1232 646 τὰ
1268 590 1572 662 ἐπουράνια
1603 587 1758 643 πολε-

230 691 430 764 μοῦμεν,
457 689 548 742 καὶ
583 686 671 742 διὰ
697 685 859 741 τοῦτο
888 687 1077 759 νήφειν
1104 687 1233 759 χρή.
1264 702 1269 703 ί

294 894 310 927 ι
343 873 433 929 Διά
462 871 616 927 τοῦτο
668 872 957 927 ἀνελάϐετε
1014 869 1113 941 τὴν
1144 869 1444 923 πανοπλίαν
1481 866 1575 921 τοῦ
1601 864 1759 931 Θεοῦ,

229 968 300 1021 ίνα
316 964 560 1036 δυνηθῆτε
611 965 931 1034 ἀντιστῆναι
961 964 1019 1016 ὲν
1048 965 1114 1033 τῇ
1142 962 1327 1033 ἡμέρᾳ
1366 961 1433 1032 τῇ
1468 958 1698 1031 πονηρᾷ.
1738 977 1757 1010 ι

227 1056 507 1119 Τουτέστιν,
530 1056 585 1106 ὲν
611 1053 692 1125 τῷ
719 1054 949 1126 παρόντι
981 1053 1140 1107 αίῶνι
1160 1054 1207 1085 ⁷³
1235 1070 1249 1084 ·
1279 1050 1467 1105 τοῦτον
1497 1050 1604 1121 γὰρ
1627 1047 1765 1120 ant-

228 1164 314 1219 ραν
339 1144 568 1215 πονηράν
598 1160 785 1215 φησιν,
817 1143 924 1198 ἀπὸ
954 1144 1061 1198 τῶν
1085 1144 1144 1197 ὲν
1170 1141 1320 1214 αὑτῷ
1341 1141 1646 1213 γινομένων
1671 1157 1767 1194 κα-

226 1238 339 1291 κῶν.
370 1234 772 1306 Παραμυθεῖται
833 1235 891 1289 δὲ
926 1238 1021 1290 καὶ
1066 1236 1176 1290 ἀπὸ
1209 1234 1303 1289 τοῦ
1355 1233 1525 1300 δεῖξαι
1559 1232 1768 1305 βραχὺν

226 1331 336 1383 ὄντα
363 1328 449 1382 τὸν
476 1327 565 1380 τοῦ
618 1327 856 1397 πολέμου
905 1330 1119 1399 καιρόν.
1169 1327 1268 1381 Διὰ
1300 1326 1409 1398 γὰρ
1434 1325 1528 1380 τοῦ
1554 1326 1768 1397 ἡμέραν

227 1422 402 1486 εἰπεῖν,
430 1420 489 1473 τὸ
523 1419 698 1490 βραχὺ
735 1419 995 1491 ἐδήλωσε.

292 1529 310 1563 ι
344 1509 695 1573 Καὶ,ἆπαντα
725 1510 1199 1583 κατεργασάμενοι
1230 1511 1444 1582 στῆναι.
1477 1528 1494 1561 ι
1519 1510 1768 1564 Ἀπαντα

225 1603 285 1657 τὰ
316 1602 474 1674 πάθη,
503 1600 603 1657 καὶ
626 1602 996 1668 τὰς’ἀρτόπους
1018 1604 1319 1675 ἐπιθυμίας
1347 1603 1769 1676 κατεργασάμε-

227 1712 312 1761 νοι,
329 1697 561 1749 τουτέστι
594 1695 1168 1767 καταπολεμήσαντες,
1192 1694 1531 1758 καθελόντες.
1554 1694 1773 1767 Ἐπειδὴ

225 1787 273 1840 δὲ
297 1785 466 1857 πολλοὶ
493 1788 634 1855 μετὰ
662 1786 724 1840 τὸ
742 1786 963 1856 νικῆσαι
1001 1785 1217 1852 ἔπεσον,
1245 1784 1378 1857 φησι
1398 1801 1413 1817 ο
1451 1804 1469 1836 ι
1501 1785 1718 1855 Στῆναι.
1748 1803 1767 1836 ι

225 1882 302 1933 Δεῖ
328 1880 427 1950 γὰρ
452 1879 591 1949 μετὰ
616 1880 716 1952 τὴν
746 1878 907 1950 νίκην
953 1878 1212 1945 στάσεως,
1240 1879 1327 1933 ἵνα
1359 1877 1433 1951 μὴ
1470 1877 1498 1931 6
1524 1876 1767 1947 νικηθεὶς

226 1970 366 2023 πάλιν
393 1969 822 2040 ἀναμαχέσηται.
847 1970 910 2023 Εἰ
935 1970 1041 2041 γὰρ
1070 1970 1481 2041 ῥᾳθυμήσομεν,
1506 1968 1766 2039 ἀναζήσει

227 2065 416 2127 πάντως
444 2063 473 2116 6
495 2061 791 2135 νεκρωθεὶς
816 2063 864 2095 ⁸⁰
889 2063 1106 2134 ἐχθρός.
1147 2063 1289 2134 Ὅρα
1321 2061 1399 2127 δὲ,
1434 2060 1516 2115 ὅτι
1549 2061 1774 2114 δυνατὸν

223 2153 276 2207 τὸ
308 2154 741 2227 κατεργάσασθαι
791 2154 885 2209 καὶ
937 2155 1149 2226 στῆναι,
1202 2153 1298 2208 καὶ
1344 2154 1445 2207 οὐκ
1489 2152 1775 2222 ὀφείλομεν

224 2248 389 2302 λοιπὸν
437 2247 734 2320 ῥᾳθυμεῖν,
810 2247 1293 2319 προφασιζόμενοι
1326 2245 1410 2300 ὅτι
1462 2242 1680 2297 δυνατοὶ
1726 2243 1775 2294 οἱ

223 2338 405 2409 ὲλίθροί.
434 2340 539 2393 Καὶ
568 2340 681 2411 γὰρ
715 2338 1230 2411 ὲνεδυναμώθημεν,
1277 2338 1370 2392 καὶ
1397 2335 1655 2405 τοιαύτην
1684 2337 1776 2388 τέ-

223 2446 339 2500 χνην
371 2428 729 2501 ἐδιδάχθημεν
758 2429 826 2495 ⁸¹,
859 2430 1001 2485 ὥστε
1035 2429 1129 2483 καὶ
1164 2429 1300 2500 πρὸς
1330 2428 1587 2499 δαίμονας
1621 2425 1779 2480 δύνα-

225 2518 332 2571 σθαι
358 2518 608 2572 παλαίειν
629 2536 644 2552 ·
680 2518 881 2589 μᾶλλον
910 2519 967 2574 δὲ
998 2519 1119 2573 οὐδὲ
1150 2518 1421 2580 παλαίειν,
1453 2515 1571 2570 ἀλλ’
1604 2514 1777 2578 οὕτως

222 2608 344 2664 εἶναι
368 2610 589 2684 φοϐεροὶ
641 2614 754 2676 τοῖς
803 2612 1045 2682 δαίμοσι,
1082 2610 1172 2664 διὰ
1193 2611 1293 2680 τὴν
1321 2607 1418 2662 τοῦ
1443 2607 1780 2670 ἐνοικοῦντος

220 2705 269 2758 ὲν
296 2706 417 2776 ἡμῖν
469 2705 728 2776 δύναμιν,
786 2705 927 2760 ὥστε
984 2705 1120 2776 μηδὲ
1158 2704 1335 2775 πάλης
1384 2703 1614 2767 δεῖσθαι,
1645 2700 1781 2755 ἀλλὰ

227 2799 395 2848 πατεῖν
425 2794 615 2849 ἐπάνω
640 2795 819 2865 ὄφεων
840 2794 935 2847 καὶ
970 2794 1269 2865 σκορπίων.
1312 2790 1497 2846 Ταῦτα
1523 2791 1581 2845 δὲ
1632 2790 1781 2859 λέγει

221 2885 430 2950 Παῦλος,
463 2887 658 2959 ἐπειδὴ
687 2886 875 2941 πολλοὶ
904 2882 1044 2959 ἦσαν
1065 2887 1116 2940 ot
1155 2885 1525 2956 ἀντικείμενοι
1556 2885 1740 2947 αὐτοῖς
1764 2923 1779 2947 ,

222 2976 467 3031 διδάσκων
496 2978 582 3031 ὅτι
613 2977 667 3032 οἱ
720 2977 975 3047 δαίμονες
1016 2979 1148 3048 ἡμῖν
1207 2975 1508 3046 πολεμοῦσι
1564 2975 1653 3028 διὰ
1688 2971 1785 3044 μέ-

227 3084 321 3123 σων
366 3068 542 3123 αὐτῶν
565 3068 640 3124 ⁸³.
686 3068 849 3121 Ὥστε
878 3067 953 3141 μὴ
986 3071 1101 3130 τοῖς
1132 3065 1444 3139 ἀνθρώποις
1472 3063 1781 3139 ὀργίζεσθε,

222 3161 344 3216 ἀλλὰ
371 3161 506 3232 πρὸς
536 3162 665 3225 τοὺς
699 3161 961 3232 δαίμονας
985 3161 1412 3235 αὑστηρεύεσθε.

290 3463 309 3496 ι
342 3445 503 3516 Στῆτε
566 3440 662 3498 οὖν
712 3443 1149 3514 περιζωσάμενοι
1200 3441 1297 3514 τὴν
1324 3443 1494 3512 ὀσφὺν
1532 3443 1686 3513 ὑμῶν
1730 3442 1787 3494 ὲν

222 3536 453 3611 ἀληθείᾳ.
491 3557 509 3591 ι
561 3538 653 3591 Ἐν
677 3540 789 3602 τοῖς
830 3539 1110 3599 τακτικοῖς
1163 3535 1381 3607 πρῶτόν
1414 3539 1531 3590 εστι
1561 3536 1624 3590 τὸ
1654 3536 1789 3589 εἰδέ-

222 3647 301 3684 ναι
327 3631 542 3684 ἑστάναι
567 3630 749 3694 καλῶς
771 3645 786 3660 ο
812 3628 899 3683 διὰ
927 3628 1085 3682 τοῦτο
1125 3627 1335 3692 Παῦλος
1371 3630 1500 3701 περὶ
1527 3628 1627 3695 τῆς
1661 3628 1789 3683 στά-

223 3734 345 3781 eam;
358 3722 615 3789 παραινεῖ
646 3716 867 3791 [λέγων]
891 3717 1125 3789 πρῶτον,
1147 3716 1336 3772 στάσιν
1354 3719 1600 3773 ἀπαιτῶν
1629 3718 1789 3772 εὔτα-

224 3826 360 3875 κτον,
383 3812 477 3864 καὶ
530 3808 898 3881 στρατιώταις
931 3810 1286 3880 πρέπουσαν,
1348 3811 1443 3863 καὶ
1493 3809 1683 3881 ὀρθήν.
1732 3811 1790 3863 ὐ

218 3900 317 3972 γὰρ
352 3901 428 3972 τῷ
476 3902 593 3955 ὄντι
642 3901 817 3964 ἑστὼς
870 3900 1028 3971 ὀρθὸς
1062 3901 1312 3967 ἔστηκεν,
1356 3902 1455 3955 οὐκ
1513 3900 1790 3954 ὲπικλινό-

225 3992 371 4060 μενός
390 3993 435 4025 ⁸³
456 4010 584 4047 τινι’
605 3992 682 4056 tit;
701 3995 729 4048 ὂ
747 4009 812 4062 γε
838 3991 913 4062 μὴ
944 3992 1133 4057 ἑστὼς,
1152 3993 1272 4046 οὐδὲ
1295 3991 1449 4063 ὀρθός
1468 3993 1617 4046 ἐστιν
1632 4008 1647 4025 ·
1680 3989 1791 4046 οἷον

218 4082 478 4152 ὀλάγνος,
538 4088 568 4139 6
623 4084 1054 4156 φιλοχρήματος,
1084 4086 1112 4137 ὁ
1154 4085 1397 4156 τρυφῶν,
1445 4076 1543 4156 οὐχ
1578 4084 1789 4138 ἵσταται

221 4175 387 4245 ὀρθὸς,
419 4177 555 4232 ἀλλὰ
586 4178 863 4232 κέκλιται.
911 4178 1067 4232 Μετὰ
1097 4178 1280 4249 δὲτὴν
1314 4178 1523 4246 στάσιν,
1556 4178 1790 4243 ζώννυσι

219 4269 303 4323 τὸν
330 4272 676 4342 στρατιώτην
725 4270 933 4341 νοητῶς
966 4272 1183 4334 πάντως
1203 4270 1270 4335 ⁸⁸,
1311 4257 1790 4343 καὶπερισιρίγγει

218 4360 304 4413 τὸν
329 4363 656 4436 διαρρέοντα
687 4361 734 4395 ⁸³
771 4363 868 4416 καὶ
900 4362 1400 4433 διακεχαλασμένον
1446 4364 1563 4427 ταῖς
1597 4363 1789 4416 ἐπιθυ-

223 4454 385 4521 μίαις,
416 4453 767 4510 ἀναστέλλων
784 4454 872 4508 διὰ
895 4456 994 4525 τῆς
1017 4453 1215 4526 ζώνης.
1258 4455 1460 4523 Ὀσφὺν
1475 4454 1532 4508 δὲ
1556 4455 1792 4509 ἐνταῦθά

221 4562 344 4617 φησι
371 4547 471 4619 τὴν
494 4549 597 4618 τῆς
616 4546 798 4618 coxa;
818 4546 1034 4601 εὔτονον
1059 4546 1235 4600 καὶτὸ
1258 4549 1368 4600 πᾶν
1400 4547 1790 4611 διαϐαστάζου-
1822 4531 1870 4589 Ῐ)

222 4656 313 4693 σαν
332 4639 583 4712 δύναμιν.
642 4640 732 4705 Ὠς
766 4640 872 4712 γὰρ
893 4642 927 4710 ἡ
972 4640 1166 4710 τρόπις
1208 4639 1431 4693 ἐπὶτῶν
1453 4639 1618 4708 νηῶν,
1650 4637 1793 4691 οὕτω

221 4733 307 4785 καὶ
342 4733 435 4787 ἐπὶ
452 4732 550 4786 τοῦ
587 4731 734 4798 ξώου
765 4732 799 4804 ἡ
848 4732 1043 4802 όσφξς,
1075 4725 1187 4785 οἷόν
1214 4748 1297 4794 τις
1325 4729 1593 4801 θεμέλιος.
1628 4730 1794 4783 Ὅθεν

220 4824 307 4877 καὶ
337 4825 606 4889 πολλάκις
637 4824 931 4895 καμόντες,
961 4825 1058 4886 τὰς
1085 4825 1271 4894 χεῖρας
1301 4822 1389 4875 ἐπ’
1414 4822 1582 4894 αὐτὴν
1608 4821 1819 4885 θέντεςκ

220 4911 655 4984 διαϐαστὰζομεν
713 4912 963 4976 ἑαυτούς.
1015 4912 1170 4965 Οὕτω
1207 4910 1301 4966 καλ⁸
1356 4914 1389 4982 ἡ
1423 4912 1588 4984 νοητὴ
1626 4911 1795 4979 ὀσφὺς

220 5002 349 5074 ἔχει,
379 5005 448 5077 ἢν
469 5006 689 5058 κελεύει
721 5003 980 5069 ζωννὺειν
1012 5004 1071 5056 ὲν
1101 5003 1351 5076 ἀληθείᾳ,
1387 5008 1454 5076 τῇ
1476 5022 1533 5056 τε
1560 5002 1700 5057 κατά
1728 5003 1797 5056 τὰ

216 5098 479 5166 δόγματα,
511 5099 612 5151 καὶ
637 5099 705 5169 τῇ
729 5096 872 5150 κατὰ
894 5096 984 5149 τὸν
1015 5095 1149 5167 βίον.
1205 5097 1394 5161 Οὐδεὶς
1429 5097 1540 5170 γὰρ
1567 5097 1676 5150 τῶν
1705 5098 1794 5149 αῖ-

221 5189 447 5254 κτικῶν
476 5188 753 5251 ξώννυται
802 5188 860 5242 ὲν
888 5187 1134 5259 ἀληθείᾳ,
1185 5188 1320 5242 ἀλλὰ
1353 5188 1504 5257 κάτω
1541 5188 1794 5261 σύρονται

221 5280 342 5349 περὶ
373 5260 474 5351 τὴν
501 5281 635 5349 γῆν,
668 5279 820 5331 οὐδὲν
862 5278 1065 5349 ὑψηλὸν
1103 5278 1294 5349 νοῆσαι
1337 5260 1645 5349 δυνάμενοι,
1679 5278 1794 5332 ἀλλ’

224 5367 584 5438 ἀνθρωπίνοις
616 5370 898 5439 λογισμοῖς
929 5367 1024 5421 καὶ
1055 5368 1206 5421 κάτω
1233 5369 1555 5439 συρομένοις
1580 5369 1647 5422 τὰ
1678 5368 1798 5422 θεῖα

223 5459 590 5525 ἐξετάζοντες.
641 5460 801 5513 Ἀλλὰ
838 5461 932 5512 καὶ
962 5461 1009 5512 οἱ
1044 5462 1182 5513 κατά
1232 5459 1324 5512 τὸν
1354 5459 1468 5531 βίον
1492 5460 1800 5529 σφαλλόμε-

221 5567 318 5616 νοι,
352 5553 445 5605 καὶ
484 5554 557 5624 τῇ
605 5551 791 5623 ἀπάτῃ
849 5551 941 5603 τοῦ
993 5551 1197 5621 κόσμου
1247 5552 1623 5621 προσέχοντες,
1676 5550 1800 5605 οὐδὲ

1805 1846 1849 1903 Β

1867 602 1985 656 pro,
2039 600 2223 656 super,
2280 587 2388 652 vel,
2428 578 2687 657 propter:
2747 592 2805 642 ut
2836 587 2909 643 sit
2957 587 3224 643 sententia
3258 607 3271 643 :
3302 585 3440 642 Pro-

1867 688 1985 748 pter
2013 677 2258 735 caelestia
2311 677 2708 750 belligeramus,
2752 678 2982 761 ideoque
3015 679 3243 752 vigilare
3270 694 3439 751 Opor-

1867 782 1960 827 tet.
2574 778 2575 781 “

1935 861 2100 918 Vens.
2134 861 2222 916 15.
2272 881 2289 913 ι
2330 861 2622 933 Pmptcrea
2669 864 2897 936 accipite
2940 876 3269 921 armaturam
3322 866 3440 933 Dei,

1872 964 1928 1008 ut
1955 954 2175 1025 possitis
2204 953 2459 1009 resistere
2491 955 2544 1009 in
2574 955 2660 1010 die
2688 957 2849 1013 malo.
2888 977 2907 1011 ι
2942 956 3054 1015 lloc
3082 967 3165 1015 est
3216 958 3271 1014 in
3305 976 3442 1030 pra:-

1869 1046 2006 1101 senti
2044 1044 2280 1101 smcnlo:
2336 1047 2435 1100 hoc
2495 1046 2638 1101 enim
2686 1046 2825 1103 diem
2871 1050 3069 1104 malum
3108 1051 3376 1121 appellat,
3412 1067 3443 1107 a

1872 1138 2027 1193 malis
2051 1138 2305 1192 nimirum
2339 1152 2458 1208 quae
2488 1137 2540 1192 in
2572 1137 2688 1208 ipso
2719 1139 2871 1195 ﬁunt.
2914 1139 3239 1197 Consolatur
3263 1152 3443 1198 autem

1871 1245 1966 1299 per
2019 1231 2140 1299 hoc,
2169 1232 2310 1301 quod
2343 1231 2594 1287 ostendat
2641 1233 2804 1289 breve
2846 1235 3137 1290 admodum
3172 1251 3291 1293 esse
3322 1236 3446 1292 helli

1874 1333 2123 1392 tempus:
2171 1339 2293 1379 cum
2339 1324 2482 1379 enim
2532 1323 2674 1379 diem
2721 1325 2877 1392 dixit,
2929 1326 3246 1383 brevitatem
3303 1328 3447 1385 indt-

1873 1416 2033 1471 cavft.
2076 1422 2079 1426 ‘

1951 1528 1969 1561 ι
2002 1508 2337 1565 Etomnibus
2360 1511 2621 1567 confectis
2647 1521 2815 1567 stare.
2847 1530 2865 1563 ι
2894 1510 3161 1569 Omnibus
3192 1504 3445 1569 nimirum

1875 1600 2156 1657 adeelihns
2179 1610 2232 1656 ct
2263 1602 2447 1673 pravis
2501 1603 2892 1673 cupiditatibus
2941 1605 3229 1673 confectis,
3270 1605 3323 1662 id
3367 1617 3453 1663 est

1875 1693 2179 1761 debrllatis,
2238 1694 2449 1750 ablatis.
2510 1695 2957 1766 Quandoquidem
3029 1713 3158 1767 vero
3207 1700 3452 1772 plerique

1879 1793 1996 1853 post
2030 1785 2308 1841 victoriam
2346 1784 2677 1853 ceciderunt,
2716 1806 2735 1840 ι
2775 1785 2953 1853 Stare,
2995 1807 3013 1840 ι
3048 1791 3270 1848 addidit.
3301 1791 3451 1864 Opus

1879 1888 1961 1931 est
1983 1877 2122 1931 enim
2148 1886 2266 1945 post
2290 1877 2571 1933 victoriam
2597 1879 2762 1935 etiam
2785 1881 3163 1947 consistentia,
3193 1899 3260 1941 ne
3278 1887 3452 1955 victus

1880 1985 2067 2028 rursus
2099 1973 2164 2025 ad
2194 1973 2612 2043 oppugnandum
2667 1975 2934 2045 insurgat.
2971 1974 3025 2030 Si
3067 1976 3209 2032 enim
3244 1980 3310 2035 ad
3345 1990 3457 2037 tor-

1880 2078 2063 2129 porem
2123 2062 2257 2133 lapsi
2309 2065 2594 2132 fuerimus,
2651 2066 2941 2124 reviviscet
2987 2070 3199 2128 occisus
3257 2075 3454 2133 hostis.

1878 2155 2117 2211 Observa
2172 2166 2354 2212 autem
2405 2158 2551 2228 quod
2611 2160 2870 2231 possibile
2914 2170 2999 2218 est
3058 2172 3115 2218 ιιι
3175 2165 3455 2224 vincamus

1881 2258 2041 2318 atque
2068 2246 2467 2315 consistantus,
2519 2259 2573 2304 et
2619 2264 2725 2305 non
2771 2251 3029 2307 debemus
3075 2252 3127 2307 in
3179 2265 3453 2324 posterum

1881 2353 2001 2394 esse
2044 2339 2300 2404 desides,
2351 2346 2712 2407 praetexentes
2772 2339 3026 2398 fortiores
3076 2357 3197 2398 esse
3251 2344 3454 2416 hostes,

1881 2447 2043 2501 quam
2077 2432 2274 2501 quibus
2306 2433 2563 2488 resistere
2605 2448 2889 2504 queamus.
2923 2433 3136 2490 Etenim
3165 2436 3455 2493 confortati

1881 2538 2091 2588 sumus,
2136 2538 2200 2579 ac
2230 2525 2373 2581 docti
2402 2541 2590 2581 sumus
2619 2526 2774 2582 talem
2803 2537 2996 2591 artem,
3026 2537 3085 2585 ut
3117 2537 3171 2585 et
3202 2530 3458 2590 adversus

1883 2620 2157 2675 daemones
2189 2618 2382 2673 luctari
2421 2634 2684 2689 queamus
2714 2639 2727 2673 :
2762 2621 2871 2674 imo
2901 2637 3004 2675 non
3038 2622 3210 2678 solum
3240 2624 3457 2692 luctari,

1886 2727 2071 2768 verum
2108 2712 2268 2767 etiam
2305 2710 2453 2766 tanto
2494 2711 2689 2766 terrori
2717 2727 2836 2768 esse
2863 2715 3216 2782 daemonibus,
3241 2728 3462 2787 propter

1885 2805 2002 2876 ejus
2030 2805 2119 2874 qui
2148 2804 2200 2857 in
2234 2802 2388 2859 nobis
2419 2802 2624 2859 habitat
2656 2804 2931 2868 virtutem,
2967 2816 3024 2860 ut
3060 2822 3127 2862 ne
3161 2806 3302 2862 lucta
3334 2812 3459 2879 qui-

1887 2895 2010 2950 dem
2046 2908 2181 2963 opus
2223 2892 2316 2958 sit,
2343 2893 2436 2949 sed
2471 2907 2636 2965 supra
2663 2905 2944 2967 serpentes
2979 2905 3032 2953 et
3062 2899 3311 2970 scorpios
3339 2917 3465 2972 gra-

1886 2985 2131 3050 diantur,
2183 2999 2386 3057 eosque
2443 2986 2842 3043 eoneulcemus.
2915 2987 3043 3045 llaec
3097 3000 3279 3046 autem
3329 2991 3467 3050 dicit

1886 3075 2112 3143 Paulus,
2142 3094 2206 3134 eo
2237 3079 2381 3150 quod
2417 3080 2570 3135 multi
2599 3090 2778 3136 essent
2806 3094 3142 3152 opponentes
3169 3098 3290 3140 sese
3325 3084 3464 3155 illis;

1812 3198 1853 3256 ο
1889 3172 2087 3226 docens
2111 3171 2254 3241 quod
2279 3171 2552 3228 daemones
2586 3171 2867 3227 nobiscum
2915 3173 3127 3228 illorum
3160 3174 3469 3233 interventu

1892 3261 2168 3316 dimicent.
2214 3261 2395 3330 Itaque
2424 3260 2734 3318 hominibus
2764 3275 2831 3317 ne
2867 3262 3187 3329 irascimini,
3233 3266 3326 3321 sed
3354 3267 3465 3322 dae-

1893 3353 2141 3408 monibus
2168 3352 2534 3408 austeritatem
2569 3362 2803 3408 vestram
2832 3352 3108 3417 exhibete,

1960 3445 2117 3500 Vens.
2144 3446 2229 3500 14.
2260 3465 2277 3497 ι
2302 3444 2455 3501 State
2476 3459 2603 3514 ergo
2624 3445 2998 3501 circnmcincti
3024 3447 3234 3504 lumbos
3254 3456 3466 3517 vestros

1894 3538 1947 3594 in
1980 3540 2228 3595 veritate.
2269 3558 2287 3590 ι
2329 3540 2382 3592 In
2433 3538 2592 3594 rebus
2623 3538 2829 3595 bellicis
2862 3541 3094 3610 primum
3129 3551 3211 3597 est
3256 3543 3469 3600 novisse

1893 3634 2030 3688 bene
2087 3641 2251 3689 stare.
2310 3630 2600 3702 Propterea
2658 3628 2858 3687 Paulus
2928 3633 3178 3687 stationis
3230 3634 3467 3704 primum

1895 3724 2160 3789 meminit,
2191 3733 2245 3778 et
2289 3724 2355 3779 ad
2385 3739 2502 3780 eam
2536 3722 2876 3789 adhortatur,
2913 3723 3205 3779 stationem
3244 3725 3470 3796 exigens

1894 3814 2061 3884 probe
2112 3813 2455 3881 ordinatam,
2530 3813 2897 3883 militibusque
2953 3813 3360 3870 convenientem
3416 3824 3472 3871 et

1895 3916 2153 3961 erectam.
2191 3904 2292 3973 Qui
2343 3907 2484 3961 enim
2535 3914 2720 3961 revera
2775 3914 2906 3973 Stat,
2951 3915 3164 3962 erectus
3196 3915 3326 3974 stat,
3364 3922 3470 3964 non

1897 3998 2135 4054 innitens
2163 3997 2440 4069 cuipiam;
2474 3997 2927 4067 quemadmodum
2980 3998 3024 4054 is
3053 3998 3142 4068 qui
3177 4015 3282 4054 non
3339 4010 3469 4068 stat,

1897 4103 2069 4161 neque
2108 4100 2288 4145 rectus
2316 4099 2435 4145 est:
2474 4099 2532 4145 ut
2555 4089 2809 4156 lascivus,
2844 4099 2897 4146 et
2926 4092 3273 4160 pecuniarum
3315 4108 3471 4147 ama-

1897 4188 2004 4246 tor,
2034 4189 2089 4236 et
2120 4180 2211 4251 qni
2242 4181 2295 4235 in
2325 4179 2533 4236 deliciis
2562 4189 2833 4248 versatur,
2863 4196 2966 4235 non
2995 4190 3104 4236 stat
3144 4193 3343 4247 rectus,
3376 4198 3401 4237 s
3437 4185 3470 4237 d

1899 4268 2128 4326 inﬂexus
2163 4279 2264 4341 est.
2304 4269 2507 4325 Edoeta
2540 4269 2797 4336 Statione,
2823 4270 2991 4341 cingit
3015 4269 3210 4326 deinde
3243 4272 3467 4327 militem

1896 4361 2255 4433 spiritualiter
2283 4362 2528 4427 omnino,
2556 4375 2621 4416 ac
2650 4359 3027 4428 circumcingit
3058 4358 3384 4415 difﬂuentem
3416 4369 3470 4414 ιι

1897 4455 2131 4510 solutum
2200 4452 2252 4506 in
2311 4450 2784 4521 concupiscentiis,
2836 4464 2930 4519 per
2986 4448 3151 4521 420
3195 4450 3466 4521 cingulum

1897 4547 2172 4603 cohibens.
2212 4544 2448 4598 Lumbos
2487 4551 2665 4597 autem
2713 4541 2802 4596 hic
2835 4541 2964 4595 dicit
3004 4543 3197 4596 animm
3250 4541 3469 4597 fortitu-

1897 4639 2077 4693 dinem
2108 4647 2161 4692 et
2193 4634 2486 4706 potentiam
2520 4633 2587 4689 ad
2630 4634 2809 4688 omnia
2866 4632 3167 4688 ferendum.
3201 4632 3471 4700 Quemad-

1899 4729 2114 4782 modum
2139 4725 2283 4779 enim
2314 4726 2497 4780 carina
2541 4734 2625 4778 est
2655 4724 2707 4778 in
2751 4724 2995 4789 navibus,
3042 4725 3113 4779 ita
3160 4725 3214 4780 in
3251 4726 3468 4779 animali

1897 4818 2136 4882 lumbus,
2185 4815 2347 4872 veluti
2404 4815 2659 4869 nimirum
2712 4815 3124 4870 fundamentum
3155 4816 3464 4886 quoddam:

1900 4909 2041 4964 unde
2067 4917 2120 4963 et
2146 4918 2519 4976 saepenumero
2547 4902 2771 4969 defessi,
2805 4905 3054 4960 manibus
3084 4920 3248 4975 super
3274 4904 3470 4960 lumbis

1900 5000 2189 5071 impositis,
2236 5013 2335 5055 nos
2384 4999 2528 5068 ipsos
2572 4996 2898 5069 bajulamus.
2950 4997 3102 5051 llunc
3135 4998 3201 5051 ad
3252 4997 3467 5051 modum

1901 5094 2201 5167 spiritualis
2227 5093 2445 5149 lumbus
2479 5094 2663 5159 habet,
2692 5108 2852 5164 quem
2896 5093 2946 5147 in
2972 5091 3200 5147 veritate
3239 5091 3471 5145 circnm-

1900 5187 2117 5257 cingere
2158 5186 2426 5256 praecipit,
2458 5201 2577 5256 qua!
2619 5201 2741 5240 cum
2774 5185 2826 5239 in
2855 5185 3216 5254 dogmatibus,
3249 5191 3361 5236 tum
3418 5183 3471 5238 in

1901 5279 2007 5333 vita
2054 5280 2305 5334 reniteat.
2364 5278 2531 5333 Nemo
2558 5279 2702 5333 enim
2753 5277 3127 5332 ha-reticorum
3157 5272 3390 5343 cingitur
3420 5272 3474 5328 in

1898 5373 2151 5436 veritate,
2188 5369 2283 5426 sed
2338 5370 2476 5425 infra
2527 5370 2580 5424 in
2618 5378 2818 5423 terram
2871 5376 3087 5436 repunt,
3143 5365 3276 5420 nihil
3306 5364 3472 5419 altum

1899 5464 2203 5533 intelligere
2233 5461 2497 5524 valentes,
2528 5461 2620 5515 sed
2668 5459 2922 5514 humanis
2964 5457 3389 5530 cogitationibus
3419 5464 3478 5514 et

1901 5554 2052 5607 humi
2083 5552 2396 5622 repentibus
2449 5550 2625 5605 divina
2658 5548 3032 5619 explorantos.
3078 5547 3349 5604 Praeterea
3384 5546 3477 5617 qui

1590 5673 1798 5735 Variae
1833 5673 2160 5736 lectiones.

291 5771 336 5806 "
366 5770 548 5844 καιρῷ
582 5787 637 5827 ο.
666 5843 669 5844 ν
694 5772 742 5805 ⁸ο
770 5771 1012 5844 νικηθεὶς
1034 5787 1133 5844 o.“
1170 5770 1216 5803 ⁸⁸
1249 5772 1579 5843 ὲνεδύθημεν
1606 5789 1659 5828 o.
1738 5774 1783 5804 "
1821 5775 1959 5826 εἰσιν
1986 5774 2035 5826 oi
2067 5773 2429 5843 ἀντικείμενοι
2464 5772 2643 5835 αὐτοῖς
2675 5773 2771 5824 καὶ
2793 5767 3157 5831 πολεμοῦντας
3180 5765 3369 5829 αὐτοῖς
3392 5761 3483 5817 διὰ

231 5856 293 5909 μ.
323 5860 379 5898 α.
417 5842 477 5897 ιιζ
547 5844 596 5874 ⁸³
620 5843 804 5896 οὐκέτι
829 5843 937 5895 κλι.
970 5857 1021 5895 0.
1099 5842 1144 5872 ³⁸
1176 5845 1339 5896 πάλιν
1374 5859 1426 5898 ο.
1504 5846 1547 5875 ’³³
1583 5845 1641 5898 τὸ
1674 5845 1930 5914 διαρρέον
1966 5860 2017 5899 ο.

501 5936 774 5995 Parnm.
823 5937 940 5995 Gn.
989 5935 1255 5997 CXXW.

3095 5931 3168 5991 36
