3932 6574
513 325 532 387 ί
553 323 644 390 131
1374 323 1944 385 THEOPHYLACTI
1996 323 2091 384 ΒΗ
2101 322 2408 384 [ΟΛΙΠᾸΞ
2445 323 2796 386 ΑΒΕΗΙΕΡ.
3609 328 3737 392 11Ἶὲ

503 454 556 494 ιιι
588 440 711 494 vita:
740 452 850 494 sua:
875 437 1117 494 moribus
1161 446 1374 504 nutant,
1425 437 1722 508 mundique
1771 437 2056 506 impostura

2188 427 2328 490 οῦτοι
2357 434 2655 501 ζώννυνται
2687 438 2744 489 ἑν
2788 433 3042 508 ἀληθείᾳ,
3074 435 3212 492 ἀλλὰ
3241 437 3394 496 κάτω
3419 439 3741 512 animi“-

409 578 412 582 .
501 530 758 586 adhibent
787 529 1050 598 animum,
1086 543 1152 584 ne
1176 529 1262 586 isti
1291 529 1505 600 quidem
1543 528 1832 602 cinguntur
1856 527 1909 582 in
1941 543 1962 578 ι

2188 547 2259 586 νοι
2283 532 2394 596 τοῖς
2422 529 2642 604 ψευδέσι
2665 531 3129 602 προσ-κεχήνασιν.
3148 530 3290 588 Ἀλλ’
3321 533 3422 604 οὐχ
3453 534 3595 604 ἡμᾶς
3611 534 3741 594 οὕτω

501 631 634 688 tate,
660 622 755 678 sed
789 621 928 677 infra
962 619 1184 678 demissi
1244 620 1543 676 mendaciis
1583 618 1816 674 inhiant.
1851 617 1922 673 At
1951 633 2054 673 veri

2188 621 2264 674 δεῖ
2316 622 2485 694 ἔχειν,
2544 621 2681 677 ἀλλὰ
2740 623 2922 678 πάντα
2985 619 3231 694 με’τιὲναι
3281 625 3341 678 ἑν
3369 624 3741 697 ἀληθείᾳ-κᾶν

502 731 600 769 nos
634 715 734 769 hoc
765 724 922 784 pacto
948 729 1054 770 non
1093 721 1311 784 oportet
1359 727 1542 784 agere,
1591 721 1844 766 caeterum
1897 709 2055 766 omni:

2188 712 2358 781 δόγμα
2397 713 2504 784 εἴη,
2565 713 2628 768 τὸ
2680 714 2878 786 ἀληθὲς
2924 714 3129 786 ζητεῖν,
3188 716 3294 772 κᾶν
3349 717 3486 788 βίος,
3536 719 3741 789 ὁμοίως.

493 808 803 878 transigere
845 807 899 862 in
930 807 1193 864 veritate:
1224 816 1387 876 atque
1436 807 1482 860 sl
1526 805 1768 864 doctrina
1801 802 1984 869 fuerit,
2023 803 2046 858 ἱ]

2186 806 2347 863 Ἀλλὰ
2393 808 2488 862 καὶ
2547 806 2929 879 ὰνυποκρίτως
2982 809 3128 878 ἔχειν
3157 809 3252 864 καὶ
3284 809 3511 875 ἀδόλως,
3543 813 3632 864 καὶ
3673 817 3739 885 μὴ

503 913 564 952 ea
599 913 786 952 verum
823 899 1140 969 inquirere:
1175 912 1240 953 ac
1271 897 1316 953 si
1348 897 1482 960 vita,
1529 895 1800 951 similiter.
1852 893 2056 963 lnsnpe1

2184 897 2472 972 ψεύδεσθαι
2496 897 2634 968 πρὸς
2659 898 2946 971 ἀλλήλους.
2990 901 3118 954 Ἐὰν
3135 899 3307 963 οὕτως
3331 895 3485 970 ὦμεν
3515 901 3737 974 ἐζωσμέ-

501 989 679 1046 omnis
712 989 814 1043 fuci
849 991 1062 1060 dolique
1093 999 1306 1061 oportet
1337 1004 1434 1043 nos
1456 997 1704 1059 expertes
1721 1002 1864 1054 esse,
1902 1001 2054 1052 nequi

2186 1006 2282 1056 νοι,
2314 990 2654 1064 δυνησόμεθα
2684 994 2780 1047 καὶ
2810 994 3047 1066 τρέχειν.
3076 996 3176 1050 Διὰ
3204 995 3261 1049 δὲ
3284 995 3381 1050 τοῦ
3420 993 3669 1061 ἑζῶσθαι,
3691 1001 3739 1052 τὸ

505 1082 736 1137 invicem
776 1082 917 1137 inter
948 1098 1046 1138 nos
1093 1081 1328 1138 mentiri.
1362 1079 1518 1147 Quod
1566 1079 1610 1134 si
1641 1079 1784 1134 hanc
1811 1079 1877 1133 ad
1907 1078 2058 1132 ratio-

2190 1083 2268 1136 ἀεὶ
2295 1083 2404 1137 δεῖν
2435 1085 2583 1154 ἡμᾶς
2614 1084 2880 1142 ὡπλίσθαι
2905 1088 3066 1156 δηλοῖ
3095 1088 3164 1154 ⁸⁸,
3196 1088 3270 1153 ὡς
3301 1089 3396 1142 καὶ
3427 1090 3456 1142 ό
3489 1089 3643 1142 Δαυῗδ
3669 1091 3743 1145 λέ.

504 1188 624 1230 nem
677 1173 942 1229 succincti
994 1175 1280 1238 fuerimus,
1315 1182 1430 1228 tum
1477 1186 1700 1228 currere
1755 1171 2056 1241 poterimus

2182 1189 2302 1241 γει·
2335 1192 2353 1225 ι
2407 1175 2552 1228 Ὠσεὶ
2573 1175 2617 1207 ⁸⁷
2647 1175 2794 1248 ζώνη
2822 1177 2889 1248 ἢν
2929 1177 3225 1241 διαπαντὸς
3259 1176 3652 1249 περιζώννυται
3673 1197 3686 1210 ⁸
3719 1200 3733 1232 ι

501 1264 604 1319 Per
627 1265 929 1320 cincturam
962 1265 1200 1335 denique
1247 1265 1405 1318 istam
1458 1261 1694 1318 ostendit
1739 1276 1835 1317 nos
1865 1277 2048 1331 sempe

2186 1265 2269 1318 ἀεὶ
2319 1265 2429 1336 γὰρ
2483 1264 2888 1335 πολεμούμεθα.
2943 1267 3002 1319 Ὀ
3042 1267 3100 1319 δὲ
3150 1265 3412 1334 Θιολόγος
3475 1266 3739 1338 Γρηγόριος

499 1367 742 1412 armatos
805 1371 926 1412 esse
978 1357 1196 1423 debere,
1250 1355 1472 1424 perinde
1528 1369 1592 1409 ac
1635 1354 1806 1409 David
1861 1355 2035 1425 inquit

2184 1360 2352 1428 ὀσφὺν
2394 1358 2553 1429 ἡμῶν
2607 1363 2717 1412 νοεῖ
2757 1360 2804 1392 ⁸⁸
2863 1360 2923 1412 τὸ
2980 1360 3383 1431 ἐπιθυμητικὸν
3437 1360 3528 1430 (ἑν
3571 1362 3666 1431 γὰρ
3686 1366 3737 1432 τῇ

487 1469 523 1502 -‹
561 1449 718 1506 Sicut
737 1463 873 1504 zona
895 1465 998 1520 qua
1024 1462 1236 1518 semper
1257 1446 1775 1515 circumcingiturb.
1810 1463 1828 1498 ι
1853 1445 2040 1516 Sempc

2186 1452 2343 1521 ὀσφύϊ
2374 1453 2422 1504 οί
2449 1451 2661 1520 νεφροὶ,
2689 1451 2738 1505 οἳ
2771 1451 2864 1506 τοῦ
2890 1451 3296 1523 ἐπιθυμητικοῦ
3319 1451 3585 1523 σύμϐολον
3613 1456 3739 1523 παρὰ

499 1543 644 1598 enim
668 1543 954 1598 adversum
983 1556 1082 1596 nos
1111 1539 1307 1595 bellum
1332 1540 1556 1611 geritur.
1583 1537 1878 1610 Gregorius
1899 1547 2052 1594 auten

2184 1548 2247 1616 τῇ
2273 1545 2461 1616 Γραφῇ
2485 1544 2504 1616 )
2527 1560 2541 1574 ⁶
2571 1545 2830 1616 ἀλήθειαν
2855 1546 2935 1607 δὲ.
2967 1546 3030 1600 τὸ
3054 1521 3415 1618 θεωρητικόν.
3461 1521 3622 1613 ﬁcia
3642 1521 3737 1607 οῦν,

499 1633 805 1706 Theologus
851 1648 947 1705 per
994 1633 1234 1688 lumbum
1269 1632 1772 1702 concupiscentiam
1831 1630 2052 1700 intelligi

2186 1637 2263 1691 ὅτι
2291 1638 2550 1707 παραινεῖ
2581 1635 2793 1700 Παῦλος
2829 1638 3012 1691 πᾶσαν
3041 1637 3139 1708 τὴν
3163 1637 3464 1707 ἐπιθυμίαν
3486 1637 3633 1707 ἡμῶν
3657 1653 3739 1690 πε·

500 1728 576 1796 (in
619 1726 823 1784 lumbis
855 1727 998 1781 enim
1035 1739 1192 1782 renes
1226 1733 1389 1788 sunt,
1417 1723 1510 1794 qui
1557 1723 1612 1777 in
1647 1723 1924 1792 Scriptura
1951 1738 2053 1779 coni

2187 1725 2466 1798 ρισφίγξαι
2495 1729 2564 1796 τῇ
2624 1726 2829 1801 θεωρίᾳ
2879 1729 2976 1782 καὶ
3026 1729 3356 1799 κατανοήσει
3397 1728 3490 1781 τοῦ
3513 1727 3659 1782 Θεοῦ.
3689 1729 3739 1780 ὐ

500 1818 850 1890 cupiscentia:
896 1816 1198 1891 symbolqu
1245 1815 1417 1887 sunt),
1447 1830 1544 1886 per
1567 1815 1850 1872 veritatem
1879 1825 2053 1870 autem

2187 1819 2294 1890 γὰρ
2321 1819 2455 1873 Θεὸν
2483 1819 2728 1890 θεωρῶν,
2779 1821 2873 1874 καὶ
2904 1821 3228 1892 ἑνηδόμενος
3273 1820 3473 1890 τούτῳ,
3503 1819 3574 1882 ὡς
3597 1819 3740 1884 ὅντως

497 1910 1032 1981 contemplationem.
1061 1908 1276 1964 Asserit
1301 1923 1433 1978 ergo
1474 1907 1617 1978 quod
1641 1906 1840 1962 Paulus
1866 1921 2050 1962 omnem

2187 1913 2418 1985 ἑραστῷ,
2449 1913 2550 1967 οὐκ
2582 1912 2648 1968 ἂν
2703 1914 2884 1970 ἐάσειε
2923 1913 3024 1985 τὴν
3072 1912 3368 1984 ἐπιθυμίαν
3401 1912 3564 1968 αὑτοῦ
3612 1912 3740 1966 κάτω

496 2003 996 2076 concupiscentiam
1035 2011 1277 2058 nostram
1309 1998 1768 2068 contemplatione
1798 2008 1853 2053 et
1893 2001 2045 2057 consi

1845 2009 1853 2052 L
1893 2001 2076 2057 consi-
2185 2004 2542 2077 χαλασθῆναι,
2579 2005 2672 2060 καὶ
2703 2006 2936 2076 συρῆναι
2961 2007 3091 2078 περὶ
3113 2007 3182 2059 τὰ
3213 2007 3398 2076 γήϊνα.

498 2095 782 2151 deratione
840 2093 933 2149 Dei
973 2093 1398 2163 circumcingere
1453 2094 1718 2147 hortetur.
1770 2089 1870 2158 Qui
1927 2096 2072 2153 enim
2113 2098 2278 2152 Deum
2346 2099 2766 2168 contemplatur,
2832 2115 3007 2170 eoque
3043 2099 3351 2156 oblectatur
3409 2112 3508 2154 ceu
3581 2113 3740 2156 revera

500 2188 741 2255 amabili,
771 2188 1099 2245 desiderium
1130 2201 1288 2243 suum
1325 2184 1464 2242 intra
1496 2186 1705 2242 demitti
1758 2195 1812 2243 et
1841 2188 2044 2246 circum
2087 2194 2365 2250 terrestria
2397 2194 2537 2249 trahi
2568 2208 2673 2252 non
2703 2195 2867 2251 sinet.

575 2301 595 2335 ι
631 2281 698 2336 Et
755 2279 924 2334 induti
969 2278 1191 2335 loricam
1241 2278 1486 2350 iustitiae.
1553 2295 1572 2330 ι
1633 2277 1910 2335 Justitiam
1971 2284 2078 2351 hic,

2263 2306 2281 2338 ι
2320 2287 2429 2341 Καὶ
2459 2287 2810 2359 ἐνδυσάμενοι
2837 2289 2928 2342 τὸν
2956 2286 3182 2359 θώρακα
3217 2290 3315 2359 τῆς
3346 2269 3691 2359 δικαιοσύνης.
3719 2310 3735 2342 ι

502 2373 888 2430 universaliter
959 2373 1122 2427 vitam
1187 2371 1481 2427 virtutibus
1556 2379 1827 2441 comptam
1886 2373 2017 2430 dicit

2189 2378 2551 2448 Δικαιοσύνην
2614 2379 2854 2433 ἐνταῦθα
2905 2379 2998 2434 τὸν
3069 2379 3300 2434 καθόλου
3357 2381 3604 2451 ἐνάρετον
3645 2379 3737 2451 βίον

499 2467 724 2539 perinde
752 2463 906 2534 quasi
934 2463 1099 2528 dicat,
1133 2462 1324 2516 muniti
1359 2463 1503 2517 circa
1539 2472 1726 2533 pectus
1761 2461 1924 2532 justis
1953 2479 2052 2536 ope

2191 2472 2356 2542 φησιν
2408 2472 2476 2536 ³⁸,
2510 2471 2584 2534 ὡς
2636 2470 2700 2524 ἂν
2732 2471 2780 2525 εἰ
2812 2472 2990 2540 λέγων
3021 2474 3066 2506 ⁹⁰
3093 2487 3106 2503 ο
3157 2472 3653 2544 Ἐνστερνισὰμενοι
3683 2475 3735 2526 τὰ

499 2561 671 2616 ribus.
704 2557 767 2613 lit
820 2557 964 2611 enim
1021 2555 1189 2611 lorica
1241 2555 1512 2610 hominem
1543 2565 1828 2612 conservat
1864 2573 1932 2612 ne
1959 2573 2052 2615 sau

2189 2561 2374 2616 δίκαια
2405 2562 2728 2632 πράγματα.
2770 2561 2857 2625 Ὠς
2892 2562 3000 2632 γὰρ
3039 2564 3067 2617 ό
3109 2561 3297 2635 θώραξ
3328 2562 3574 2633 ἄτρωτον
3601 2567 3736 2635 τηρεῖ

499 2652 694 2714 cietur,
733 2649 810 2704 sic
837 2657 891 2702 et
939 2645 1149 2718 justitia
1186 2655 1477 2702 conservat
1503 2661 1650 2712 eum,
1681 2645 1776 2716 qui
1815 2662 1878 2702 ea
1909 2651 2052 2706 munl

2191 2652 2283 2708 τὸν
2303 2652 2610 2725 ἄνθρωπον,
2641 2653 2783 2706 οὕτω
2806 2655 2901 2708 καὶ
2932 2655 2992 2708 τὸ
3019 2653 3232 2710 δίκαιον
3257 2654 3344 2708 τὸν
3371 2656 3530 2710 τοῦτο
3550 2640 3736 2726 eme;-

505 2756 610 2801 tur.

2189 2745 2497 2816 νισάμενον.

584 2837 870 2893 Vens.15.
921 2853 940 2886 ι
979 2834 1042 2888 Ει
1073 2833 1299 2889 calceati
1367 2831 1530 2902 pedes
1585 2833 1638 2888 in
1694 2835 2086 2906 prmparatione

2267 2856 2286 2890 ι
2322 2839 2431 2892 Καὶ
2463 2838 2870 2912 ὑποδησάμενοι
2897 2839 3023 2904 τοὺς
3060 2838 3226 2903 πόδας
3254 2840 3313 2892 ἑν
3358 2838 3636 2910 ἑτοιμασίᾳ
3657 2839 3730 2892 τοῦ

507 2929 776 3000 Evangelii
825 2928 994 2999 pacis.
1039 2944 1059 2979 ›
1142 2924 1370 2980 Pulchre
1420 2925 1576 2982 nobis
1636 2926 1838 2982 tibialia
1891 2927 2060 2983 induit

2190 2929 2522 2999 Εὐαγγελίου
2576 2932 2676 3001 τῆς
2731 2933 2975 3004 εἰρήνης.
3019 2950 3039 2983 ι
3089 2930 3284 2994 Καλῶς
3331 2931 3598 3002 κνημῖδας
3626 2931 3733 3000 ἡμῖν

507 3021 602 3078 \‘el
631 3020 793 3093 igitur
826 3021 929 3074 hoc
960 3017 1109 3083 dicit,
1141 3015 1286 3087 quod
1317 3026 1570 3088 Oporteat
1617 3033 1716 3076 nos
1748 3029 2060 3090 praeparato:

2187 3022 2534 3094 περιτίθησιν
2564 3024 2632 3078 θι.
2663 3021 2730 3076 Ἦ
2752 3025 2908 3077 τοῦτο
2937 3022 3069 3092 γοῦν
3098 3039 3282 3092 φησιν,
3313 3023 3400 3076 ὅτι
3419 3023 3499 3076 δεῖ
3518 3022 3732 3092 ἑτοίμους

502 3130 624 3172 csse
668 3115 736 3170 ad
763 3111 1111 3182 Evangelium
1151 3109 1554 3180 prmdieandum
1603 3110 2053 3182 promulgandum

2189 3109 2332 3166 εἶναι
2424 3115 2560 3183 πρὸς
2636 3115 2697 3168 τὸ
2763 3113 3213 3183 εὐαγγελίζεσθαι
3286 3115 3384 3167 καὶ
3448 3113 3730 3186 κηρύσσειν.

504 3223 627 3282 que.
667 3227 686 3263 ι
731 3205 970 3276 Speciosi
1017 3222 1036 3255 ι
1073 3203 1216 3258 enim
1253 3220 1271 3255 ι
1301 3201 1485 3273 pedes,
1517 3219 1536 3254 ι
1565 3203 1771 3274 inquit,
1807 3221 1828 3256 ‹
1857 3218 2057 3276 evange

2195 3223 2214 3258 ι
2263 3205 2466 3275 Ὠραῖοι
2501 3224 2520 3257 ι
2553 3207 2682 3275 γὰρ,
2723 3207 2912 3276 φησὶν,
2950 3224 2968 3256 ι
3006 3208 3055 3258 οἱ
3093 3205 3254 3268 πόδες
3284 3205 3394 3259 τῶν
3421 3207 3732 3276 εὐαγγελιζο-

502 3301 778 3358 Ξξιαηιὶιιηι
805 3313 994 3370 pacem
1015 3307 1062 3352 ο.
1097 3315 1116 3350 ι
1147 3293 1241 3351 Vel
1265 3295 1392 3364 quia
1417 3303 1665 3364 oporteat
1685 3311 1788 3353 nos
1810 3306 2055 3367 prompto

2192 3297 2370 3368 μένων
2431 3297 2672 3369 είρήνην.
2713 3316 2731 3349 ι
2793 3298 2865 3350 Ἦ
2903 3297 2983 3351 ὅτι
3043 3297 3125 3350 δεῖ
3152 3297 3300 3368 ἡμᾶς
3349 3297 3594 3368 ἑτοίμους
3617 3291 3732 3352 εἶναι

502 3409 623 3452 esse
672 3393 739 3447 ad
774 3393 1004 3455 exitum,
1062 3386 1360 3445 secundum
1423 3385 1772 3457 Evangelium
1819 3390 2044 3445 vivendo

2189 3387 2324 3456 προς
2350 3388 2398 3419 ⁹²
2441 3387 2540 3456 τὴν
2577 3386 2775 3453 ἔξοδον,
2817 3386 2958 3440 κατὰ
2980 3386 3040 3440 τὸ
3064 3388 3400 3456 Εύαγγέλιον
3422 3387 3653 3456 βιοῦντας
3675 3387 3731 3442 ’⁸.

502 3487 670 3557 [edes
695 3485 838 3540 enim
875 3492 1003 3539 sunt
1051 3482 1172 3536 vita:
1209 3479 1538 3552 symbolum.
1585 3480 1878 3552 Propterea
1911 3482 2041 3538 dicit

2189 3479 2254 3532 Οί
2297 3478 2398 3552 μὲν
2427 3480 2536 3552 γὰρ
2566 3479 2745 3546 πόδες,
2775 3479 2871 3532 τοῦ
2920 3478 3038 3550 βίου
3077 3478 3386 3550 σύμϐολονο
3425 3481 3505 3534 διὸ
3549 3480 3634 3534 καὶ
3661 3478 3731 3532 λέ-

512 3607 526 3633 ι
565 3579 847 3646 Quomodo
880 3585 1068 3632 exacte
1117 3572 1468 3629 ambuletisd.
1502 3592 1522 3626 ι
1554 3573 1885 3645 Ρηεροτοιίο
1909 3585 2065 3630 auten

2188 3584 2304 3637 γει⁶
2342 3588 2361 3622 ι
2394 3569 2518 3633 Πῶς
2558 3568 2800 3641 ἀκριϐῶς
2827 3574 3207 3640 περιπατεῖτε.
3257 3569 3635 3640 Ἐτοιμασίαδὲ
3657 3568 3729 3621 τοῦ

504 3671 777 3742 Evangelii
834 3677 960 3725 sunt
1018 3683 1184 3738 opera
1237 3667 1377 3721 bona
1409 3667 1606 3736 quibus
1660 3667 1774 3736 ipse
1828 3665 2056 3722 Domina

2189 3663 2550 3734 Εύαγγελίου,
2576 3663 2806 3734 πράξεις
2830 3663 3056 3731 ἁγαθαὶ,
3087 3659 3174 3726 αἷς
3201 3663 3460 3734 προσέχει
3493 3667 3582 3716 καὶ
3604 3662 3733 3716 6K6-

503 3765 754 3830 attendit,
801 3763 879 3818 uti
925 3763 1127 3818 dictum
1180 3769 1300 3816 est:
1344 3777 1363 3812 ι
1419 3758 1875 3830 Pranparationem
1910 3761 2056 3816 cordi

2191 3775 2326 3831 ριος,
2347 3759 2503 3820 ,κατὰ
2529 3758 2591 3812 τὸ
2610 3758 2905 3828 εἰρημένον
2926 3771 2942 3788 ο
2975 3774 2994 3808 ι
3039 3757 3118 3828 Τῇ
3159 3747 3456 3827 ἑτοιμασίᾳ
3494 3757 3595 3810 τῶν
3621 3771 3733 3824 acap-

504 3858 744 3926 ipsorum
773 3853 976 3908 audivit
1006 3853 1153 3908 auris
1172 3860 1264 3908 tua
1289 3863 1338 3907 ο.
1371 3870 1390 3904 ι
1426 3851 1692 3907 Praeclare
1719 3859 1899 3907 autem
1929 3851 2057 3907 dixit

2187 3849 2317 3903 διῶν
2353 3850 2534 3904 αὐτῶν
2559 3848 2833 3920 προσέσχε
2864 3849 2925 3901 τὸ
2953 3844 3048 3911 οῦς
3071 3864 3188 3902 σου.
3220 3865 3239 3899 ›
3284 3848 3482 3912 Καλῶς
3509 3847 3562 3900 δὲ
3589 3842 3725 3899 εἶπεν·

511 3966 527 3997 ι
567 3946 736 4015 pacis.
772 3962 789 3995 ι
817 3941 1263 4013 Quandoquidem
1288 3943 1432 3998 enim
1458 3941 1578 4000 belli
1603 3956 1898 4012 pugnaeque
1923 3941 2064 4014 42]

2195 3962 2213 3995 ι
2247 3943 2506 4016 Είρήνης.
2540 3962 2558 3994 ι
2590 3941 2810 4010 Ἐπειδὴ
2851 3941 2959 4012 γὰρ
2987 3941 3224 4012 πολέμου
3272 3942 3365 3994 καὶ
3400 3941 3573 4010 μάχης
3593 3940 3729 4008 ἐμνή-

505 4033 1161 4102 mcminit,ostcuditquod
1180 4033 1437 4090 adversus
1455 4033 1723 4089 daemones
1744 4037 2058 4106 pugnanduu

2190 4033 2316 4104 σθη,
2341 4035 2611 4087 δείκνυσιν
2638 4033 2721 4086 ὃτι
2754 4034 2845 4086 τὸν
2897 4033 3138 4102 πόλεμον
3172 4031 3310 4102 πρὸς
3339 4032 3590 4101 δαίμονας
3615 4031 3729 4099 ἔχειν

502 4128 595 4191 sit,
627 4142 734 4180 non
766 4125 1024 4180 adversus
1059 4123 1306 4182 homines
1337 4142 1352 4179 :
1384 4125 1535 4196 pacis
1565 4126 1708 4180 enim
1738 4141 1820 4182 est
1845 4127 2055 4196 Evange

2189 4131 2295 4201 χρὴ
2322 4129 2392 4196 ’⁸.
2411 4130 2471 4182 οὺ
2497 4129 2632 4200 πρὸς
2655 4129 2978 4200 ἀνθρώπους
3004 4145 3018 4158 ·
3043 4129 3269 4199 εἰρήνης
3297 4129 3408 4199 γάρ
3430 4128 3731 4194 sumi-2m-

501 4219 675 4274 lium:
715 4226 771 4272 et
827 4216 968 4286 quod
1011 4215 1054 4271 si
1087 4223 1274 4272 contra
1310 4217 1580 4271 daemones
1626 4232 1961 4288 pugnemus,
1988 4235 2054 4290 pa

2189 4221 2402 4290 γέλιον·
2444 4227 2537 4280 καὶ
2571 4222 2653 4274 ὅτι
2684 4222 2780 4274 ἑὰν
2821 4221 2961 4292 πρὸς
2989 4221 3113 4284 τοὺς
3138 4219 3406 4289 δαίμονας
3447 4217 3729 4290 μαχώμεθα,

502 4327 621 4368 cem
679 4310 940 4366 habemus
983 4310 1128 4380 apud
1188 4311 1378 4377 Deum,
1439 4309 1700 4366 adversus
1765 4327 1922 4381 quem
1977 4327 2048 4368 no

2188 4310 2307 4382 Θεῷ
2369 4312 2750 4382 είρηνεύομεν,
2787 4305 2832 4380 ᾧ
2885 4312 2947 4366 οὐ
2985 4312 3066 4366 δεῖ
3114 4312 3278 4366 πάλιν
3335 4308 3733 4381 ἐκπολεμοῦσθαι

502 4413 718 4473 oportet
773 4418 870 4458 nos
923 4403 1104 4458 denuo
1159 4399 1461 4458 conﬂictari
1496 4402 1838 4457 dissolvendo
1872 4419 2055 4475 pacem

2189 4404 2557 4468 καταλύοντας
2609 4405 2710 4476 τὴν
2765 4405 3011 4476 εἰρήνην.
3084 4404 3248 4459 Ἀλλά
3306 4406 3403 4458 καὶ
3444 4402 3732 4472 Εὑαγγέλιὸν

505 4497 697 4564 Ριηγο,
727 4497 906 4550 laetum
935 4503 1187 4550 nuntium
1216 4503 1320 4562 est,
1353 4494 1581 4549 victoria
1632 4495 1746 4563 jam
1783 4464 1936 4564 parta
1961 4504 2045 4551 est

2122 4464 2160 4519 θ
2190 4499 2358 4561 ἑστιν,
2385 4497 2488 4569 ήδη
2581 4464 2708 4568 νίκη
2733 4464 3029 4568 γεγένηται
3051 4512 3064 4526 ⁸
3101 4498 3177 4567 μὴ
3205 4491 3301 4550 οῦν
3341 4464 3675 4566 φοὸηθῶμεν.

509 4609 574 4643 nc
600 4591 762 4659 igitur
799 4599 1124 4643 metuamus.

581 4681 742 4735 Vens.
777 4681 863 4735 t6.
899 4699 918 4734 ι
950 4681 1003 4734 ln
1023 4680 1272 4735 omnibus
1289 4687 1624 4736 assumcntes
1649 4689 1860 4736 scutum
1883 4679 2025 4736 ﬁdei.
2057 4698 2077 4732 ι

2260 4697 2280 4732 ι
2331 4678 2456 4734 Ἐπὶ
2511 4679 2681 4732 πᾶσιν
2737 4677 3104 4742 ἀναλαϐόντες
3153 4678 3246 4732 τὸν
3300 4679 3497 4750 θυρεὸν
3545 4679 3634 4748 τῆς
3661 4676 3730 4728 πί-

509 4772 618 4828 lloc
654 4783 737 4828 est
772 4792 790 4825 ‹
847 4773 907 4828 ln
938 4772 1208 4835 onmibus,
1257 4790 1275 4823 ι
1329 4786 1517 4840 nempe
1562 4787 1680 4842 pro,
1731 4771 1785 4828 in
1839 4773 2062 4828 veritate

2189 4788 2374 4835 στεως.
2411 4790 2430 4824 ι
2483 4771 2652 4824 Τοῦτό
2689 4772 2804 4824 ἐστι
2841 4771 2924 4836 τὸ,
2983 4791 3001 4824 ι
3047 4772 3170 4825 Ἐπὶ
3203 4773 3388 4839 πᾶσιν,
3427 4792 3447 4825 ι
3507 4773 3618 4827 ἀντὶ
3640 4769 3731 4831 τοῦ,

498 4865 705 4932 iustitia
739 4873 795 4920 et
821 4865 1216 4936 praeparatione
1246 4863 1521 4934 Evangelii
1547 4881 1561 4918 :
1595 4865 1709 4920 haec
1731 4864 1874 4920 enim
1901 4864 2045 4919 omni

2185 4866 2244 4916 ὲν
2277 4863 2504 4934 ἀληθείᾳ
2526 4863 2622 4921 καὶ
2638 4867 2704 4935 τῇ
2743 4864 3084 4935 δικαιοσύνῃ,
3117 4865 3214 4918 καὶ
3247 4867 3315 4935 τῇ
3364 4863 3639 4936 ἑτοιμασίᾳ
3659 4859 3731 4912 τοῦ

491 4959 610 5012 .lide
641 4957 900 5026 indigent.
937 4954 1052 5010 Non
1091 4965 1271 5009 autem
1315 4954 1400 5008 hic
1431 4969 1573 5009 verae
1611 4953 1885 5024 religionis
1926 4953 2044 5024 agni

2189 4955 2547 5024 Εὑαγγελίου.
2599 4955 2843 5020 Πίστεως
2870 4957 2916 4988 ’⁵
2949 4956 3058 5025 γὰρ
3089 4955 3263 5009 ταῦτα
3289 4957 3469 5010 πάντα
3496 4951 3730 5008 δεῖται.οὑ

505 5051 707 5103 ιίοηοιη
744 5048 900 5102 [idem
931 5046 1082 5111 dicit,
1109 5045 1202 5101 sed
1237 5045 1618 5111 indubitatam,
1647 5060 1766 5114 qua:
1796 5047 1859 5100 de
1887 5045 2051 5099 futuri

2187 5049 2285 5118 τὴν
2318 5048 2416 5117 τῆς
2475 5047 2712 5118 ἀληθοῦς
2765 5047 2824 5100 δὲ
2873 5047 3176 5119 θρησκείας
3203 5047 3506 5116 ἐπίγνωσιν
3535 5045 3728 5100 ἐνταῦθά

490 5140 724 5194 ιρι-θύετε
770 5139 997 5210 perinde
1053 5138 1238 5202 faciat,
1298 5148 1555 5206 tanquam
1613 5137 1722 5192 sint
1755 5135 2038 5206 praesentia

2191 5156 2324 5209 φησι
2377 5139 2580 5205 πίστιν,
2647 5138 2786 5192 ἀλλὰ
2836 5139 2935 5209 τὴν
2976 5137 3323 5204 ἁδίστακτον,
3355 5141 3454 5210 τὴν
3506 5135 3727 5208 περὶτῶν

505 5249 626 5304 (υκαι
669 5243 726 5290 et
756 5232 1013 5288 miracula
1059 5232 1331 5306 perﬁciat,
1374 5246 1493 5301 qua:
1535 5231 1605 5286 sit
1654 5232 1788 5285 adeo
1835 5230 1997 5300 ignita
2029 5247 2058 5285 e

2194 5230 2501 5300 μελλόντων
2561 5229 2840 5282 πιστεύειν
2893 5227 3176 5296 ποιοῦσαν,
3211 5229 3289 5293 ὡς
3335 5229 3628 5300 παρόντων,
3650 5223 3727 5292 τὴν

507 5326 734 5392 fervida,
783 5335 836 5380 ut
883 5325 966 5380 vel
1005 5333 1214 5380 montes
1265 5319 1578 5378 transierat.
1617 5319 2060 5387 Quemadmodun

2192 5326 2284 5375 καὶ
2319 5323 2388 5374 τὰ
2415 5323 2616 5392 σημεῖα
2636 5321 2918 5386 τελοῦσαν,
2949 5323 3044 5374 καὶ
3065 5321 3210 5375 οὕτω
3233 5321 3497 5393 διάπυρον
3523 5321 3606 5374 καὶ
3624 5317 3726 5384 θερ-

509 5416 674 5486 igitur
702 5425 917 5473 scutum
945 5431 1040 5472 seu
1093 5416 1314 5485 clypeus
1341 5414 1434 5468 toti
1462 5413 1676 5482 corpori
1709 5411 2059 5480 praetenditur

2193 5415 2320 5483 μὴν,
2354 5411 2429 5476 ὡς
2486 5415 2580 5466 καὶ
2635 5413 2738 5483 ὅρη
2777 5412 3055 5484 μεθιστᾷν.
3094 5414 3307 5486 Ὥσπερ
3345 5411 3439 5468 οὖν
3494 5417 3520 5468 ὁ
3568 5407 3723 5479 θυρεὸς

614 5534 646 5576 b
685 5533 827 5590 Psal.
859 5548 1011 5597 cvm,
1039 5533 1124 5587 l9.
1277 5543 1298 5570 ε
1335 5531 1438 5586 lsa.
1467 5544 1587 5595 LIII,
1614 5527 1666 5582 7.
1775 5525 1803 5566 ἀ
1831 5527 2032 5596 Ephes.
2058 5543 2114 5589 v,

1292 5544 1298 5570 ε
1335 5531 1438 5586 lsa.
1467 5544 1587 5595 LIII,
1614 5527 1666 5582 7.
1775 5525 1803 5566 ἀ
1831 5527 2032 5596 Ephes.
2058 5543 2114 5589 v,
2177 5528 2264 5580 15.
2415 5539 2437 5570 ο
2467 5527 2608 5584 l’sal.
2647 5539 2722 5596 ις,
2757 5530 2845 5584 40.

1864 5645 2066 5708 νοοῖτο
2105 5646 2438 5713 lectiones.

572 5754 622 5789 ""
657 5741 1368 5828 ἀγρυπνεῖνθῆμᾶςᾼδηλοῖᾲ
1395 5771 1448 5809 o.
1552 5753 1597 5784 ⁸⁷
1757 5753 1832 5828 Δἡ.
1861 5767 1912 5806 0.
2065 5751 2164 5828 τὴν
2199 5753 2492 5825 ἐπιθυμίαν
2522 5773 2594 5812 m.
2677 5757 2722 5791 "
2760 5759 2904 5828 λέγει
2932 5773 2985 5814 ο.
3053 5758 3096 5791 ⁹⁰
3128 5756 3351 5827 φάσκων
3383 5771 3432 5811 ο.
3504 5756 3541 5787 ”
3567 5747 3712 5806 ὕποτίο

501 5829 663 5901 θητιν
699 5821 752 5882 οι
828 5830 872 5859 ⁹¹
912 5827 986 5889 ὡς
1019 5821 1080 5881 ὖ.
1151 5826 1195 5856 ⁵³
1223 5821 1508 5887 ποιοῦντας
1547 5841 1598 5879 ο.
1678 5824 1723 5856 ’³
1752 5822 1832 5874 δεῖ
1856 5841 1907 5876 υ.
1986 5823 2031 5854 ⁹⁸
2068 5821 2269 5894 ταύτης
2302 5842 2357 5880 υ,
