3932 6602
213 423 228 484 l
248 419 342 482 ifl'i

985 415 1388 480 EXPOSITIO
1425 415 1506 477 IN
1547 415 1786 476 EPIST.
1825 415 1924 475 AD
1961 415 2224 479 EPHES.
2254 417 2497 478 -CAP.
2541 419 2636 479 VI.

3317 419 3453 485 1134

216 533 444 603 mro-avi)
495 531 662 595 ἀσπὶς
695 529 1063 603 προϐέϐληται
1124 532 1327 596 παντὸς
1374 531 1467 584 τοῦ
1506 530 1778 602 σώματος,

1903 545 1980 586 rcu
2017 531 2183 600 janua
2209 533 2452 603 quaedam
2477 531 2786 590 custodiens
2811 540 2864 588 et
2893 533 3220 592 concludens
3245 534 3454 606 ipsum:

215 622 322 680 ο⁷όν
356 642 439 689 τις
475 623 612 694 θύρα
657 623 946 694 φυλάττων
963 624 1058 678 καὶ
1091 623 1420 696 περικλεὶων
1450 621 1604 688 αὐτὸ,
1640 619 1784 674 οὕτω

216 721 305 772 καὶ
330 719 364 789 η
398 717 714 779 ἀδίστακτος
745 716 928 781 πίστις
961 717 1177 788 φυλακὴ
1201 717 1304 788 τῆς
1321 716 1502 788 ψυχῆς
1528 715 1677 787 ὅλης.
1722 712 1784 769 Ἦ

215 810 392 872 πίστις
420 808 476 862 δέ
511 809 630 862 ἐστι
669 807 881 880 θυρεὸς,
903 809 963 862 οὐ
993 809 1064 862 τὰ
1098 807 1431 879 σοφίσματα.
1491 807 1550 862 Ὀ
1592 805 1786 878 θυρεὸς

214 901 425 964 σκέπει,
457 902 644 954 ἐκεῖνα
683 900 741 955 δὲ
764 901 1207 972 συμποδίζουσιν.

284 1011 302 1044 ι
341 992 432 1046 Ἐν
456 987 500 1062 ᾧ
526 993 826 1064 δυνήσεσθε
850 993 1030 1048 πάντα
1049 994 1118 1046 τὰ
1147 993 1276 1064 βέλη
1300 991 1394 1046 τοῦ
1427 991 1666 1062 πονηροῦ
1718 989 1785 1044 τὰ

212 1088 582 1158 πεπυρωμένα
609 1089 820 1143 σϐέσαι.
854 1107 874 1142 ι
904 1089 1184 1154 Τουτέστι,
1213 1088 1312 1152 τὰς
1337 1088 1570 1150 ἀτόπους
1596 1087 1786 1140 ἐπιθυ-

211 1180 364 1250 μίας,
395 1181 526 1244 τοὺς
549 1181 649 1252 τῆς
673 1180 934 1246 ἀπιστίας
958 1181 1252 1252 λογισμοὺς
1302 1175 1456 1254 (οἷον,
1481 1177 1631 1253 Ἀρα
1656 1179 1788 1235 ἀνά-

211 1287 402 1336 στασις
458 1271 639 1339 ἔστιν;
671 1267 781 1344 ἄρα
819 1273 1099 1345 sapiat“),
1137 1272 1231 1328 καὶ
1263 1273 1390 1336 τοὺς
1423 1273 1784 1344 πειρασμούς.

209 1363 587 1433 Πεπυρωμένα
634 1363 710 1428 δὲ,
768 1364 828 1418 ού
878 1365 1040 1436 μόνον
1072 1366 1154 1420 ὅτι
1203 1368 1259 1421 αἱ
1290 1365 1578 1435 ἐπιθυμίαι
1619 1366 1787 1418 ἐκπυ-

207 1452 384 1522 ροῦσι,
423 1453 564 1524 πρὸς
588 1453 817 1524 πράξεις
861 1455 1096 1526 αἰσχρὰς
1138 1454 1520 1518 ἀνακαίουσαι,
1557 1455 1673 1510 ἀλλ’
1703 1455 1785 1507 ὅτι

205 1544 295 1596 καὶ
326 1543 415 1614 τῷ
466 1545 727 1600 συνειδότι
781 1547 1036 1602 ἐντεῦθεν
1077 1549 1179 1620 ήδη
1237 1549 1528 1620 καιόμεθα.
1567 1547 1678 1601 Καὶ
1699 1546 1786 1600 διὰ

203 1635 307 1688 τῶν
333 1637 440 1708 τῆς
468 1637 728 1702 ἀπιστίας
748 1638 804 1692 δὲ
838 1623 1118 1710 λογισμῶν
1166 1641 1361 1711 φλέγει
1416 1641 1569 1712 ἡμᾶς
1606 1641 1635 1694 ὁ
1669 1641 1786 1695 διά-

203 1726 383 1791 εολος,
414 1728 510 1782 καὶ
537 1729 626 1783 διὰ
654 1731 767 1784 τῶν
795 1731 1140 1803 πειρασμῶν.
1178 1733 1244 1786 Ἢ
1281 1732 1466 1797 πίστις
1493 1727 1587 1786 οὖν
1614 1732 1787 1786 ταῦτα

203 1819 530 1875 σϐέννυσιν⁹
563 1824 611 1876 ei
638 1822 748 1894 γὰρ
777 1823 1038 1895 δαίμονας
1064 1825 1390 1894 ὑποτάττει,
1431 1825 1613 1897 πολλῷ
1650 1825 1787 1896 μᾶλ-

205 1911 292 1965 λον
323 1913 504 1984 πάθη.
535 1914 662 1969 Eis:
700 1915 809 1986 γὰρ
837 1915 1104 1984 ἐπιθυμία
1128 1916 1398 1985 φλογίξει,
1428 1917 1542 1980 τοῖς
1565 1914 1788 1986 μέλλου-

205 2021 288 2056 σιν
312 2006 548 2073 ἀγαθοῖς
588 2006 890 2073 πιστεύων,
927 2007 1024 2061 καὶ
1055 2010 1120 2080 τῇ
1155 2008 1424 2080 μελλούσῃ
1454 2007 1785 2080 εὐφροσύνῃ,

203 2095 572 2162 κατασϐέσεις
611 2097 818 2168 ταύτην
838 2114 851 2131 ’
880 2101 991 2154 εἴτε
1016 2102 1337 2172 πειρασμοὶ,
1381 2101 1652 2156 πιστεύων
1678 2102 1791 2165 τοῖς

204 2186 490 2256 μέλλουσι,
542 2190 968 2264 παρακληθήσῃ.
1020 2193 1327 2262 Ἐννόησον,
1380 2193 1500 2256 πῶς
1536 2192 1793 2263 ἐφλέγετο

213 2278 498 2350 Ἀϐραὰμ,
543 2281 632 2334 ὅτε
695 2281 789 2336 τὸν
824 2286 939 2338 υἱὸν
985 2284 1346 2356 προσέφερεν,
1397 2287 1514 2340 ἀλλ’
1555 2287 1793 2358 ήπίστις

199 2369 464 2425 δσϐἑννυε
492 2374 592 2442 τὴν
625 2372 822 2444 φλόγα.

271 2481 292 2512 ι
327 2464 452 2517 Καὶ
471 2465 571 2535 τὴν
603 2465 1042 2535 περικεφαλαίαν
1062 2466 1157 2521 τοῦ
1188 2467 1458 2540 σωτηρίου
1492 2469 1738 2535 δέξασθε.
1771 2487 1788 2520 ι

199 2555 493 2623 Τουτέστι,
520 2557 621 2625 τὴν
643 2557 818 2622 σώζου
829 2575 930 2612 σαν
969 2561 1065 2613 καὶ
1089 2560 1490 2630 φυλάττουσαν.
1537 2563 1662 2616 Ἐὰν
1687 2563 1796 2632 γὰρ

199 2645 297 2716 τὴν
337 2645 527 2700 πίστιν
551 2647 786 2720 ἔχωμεν,
825 2647 1130 2722 [euersam
1171 2652 1270 2724 τὴν
1319 2652 1602 2717 σώζουσαν
1647 2655 1796 2724 ἡμᾶς

197 2738 293 2791 καὶ
325 2738 758 2815 quadamtva
787 2743 997 2814 ταχέως
1027 2748 1120 2798 καὶ
1166 2744 1294 2809 τοὺς
1338 2743 1610 2811 σώζοντας
1651 2747 1798 2816 λογι-

198 2832 385 2898 σμοὺς
413 2828 702 2903 δεξὸμεθα,
735 2835 841 2906 τὴν
856 2835 1100 2907 κεφαλὴν
1127 2835 1305 2908 ἡμῶν,
1341 2837 1459 2907 ἦτοι
1504 2838 1567 2891 τὸ
1597 2840 1799 2911 ἡγεμο-

207 2924 372 2978 νικὸνι
409 2925 736 2994 τηροῦντας.

278 3054 298 3086 ι
335 3037 458 3089 Καὶ
486 3034 584 3106 τὴν
627 3036 900 3107 μάχαιραν
927 3037 1022 3092 τοῦ
1057 3040 1394 3111 Πνεύματος,
1442 3043 1470 3094 δ
1494 3041 1609 3096 ἔστι
1649 3043 1801 3114 ῥῆμα

197 3127 367 3182 Θεοῦ.
410 3146 430 3179 ι
461 3129 558 3182 Διὰ
599 3128 699 3199 μὲν
731 3129 841 3184 τῶν
873 3130 986 3186 ἄνω
1014 3131 1288 3202 ῥηθέντων
1324 3133 1635 3188 καθώπλισε
1658 3136 1802 3189 Παῦ-

1887 622 2028 678 hanc
2061 623 2128 679 ad
2171 625 2433 680 rationem
2483 625 2638 680 ﬁrma
2667 635 2724 680 et
2772 624 3073 682 indubitata
3105 626 3259 695 ﬁdes,
3295 630 3460 684 totius

1886 718 2081 772 animae
2105 728 2188 774 est
2215 718 2479 775 custodia.
2523 717 2685 775 Fides
2715 726 2896 776 autem
2947 728 3029 777 est
3081 731 3318 790 scutum,
3351 739 3458 780 non

1887 810 2239 882 sOphismata.
2311 812 2534 868 Scutum
2601 812 2882 888 contegit,
2959 812 3049 868 illa
3100 828 3230 870 vero
3290 817 3462 888 impe-

1887 901 2057 957 diuut.

1968 1013 1986 1045 ι
2034 994 2086 1048 In
2118 1010 2225 1064 quo
2268 996 2486 1064 possitis
2527 996 2709 1051 omnia
2762 995 2864 1051 tela
2916 998 3040 1052 mali
3097 997 3239 1054 illius
3294 999 3459 1070 ignita

1889 1086 2264 1156 exstinguere.
2283 1105 2301 1137 ι
2330 1085 2442 1142 Hoc
2464 1094 2568 1153 est,
2604 1088 2869 1144 absurdas
2891 1088 3230 1158 cupiditates,
3264 1089 3461 1145 inﬁde-

1889 1179 2062 1235 litatis
2103 1178 2486 1250 cogitationes,
2529 1180 2719 1250 quales
2763 1191 2932 1236 sunt:
2961 1179 3099 1235 Num
3134 1184 3465 1238 resurrectio

1887 1273 2008 1328 est?
2033 1288 2166 1327 num
2188 1272 2454 1342 judicium
2477 1271 2502 1327 ?
2528 1286 2592 1327 ac
2621 1274 2967 1328 tentationes.
3001 1271 3170 1344 lgnita
3210 1287 3338 1328 vero
3363 1289 3464 1344 ap-

1890 1362 2073 1431 pellat,
2105 1378 2211 1419 non
2251 1362 2423 1418 solum
2456 1361 2599 1433 quod
2639 1360 2971 1432 cupiditates
3003 1359 3360 1426 inﬂammant,
3395 1362 3464 1418 ad

1891 1452 2064 1522 turpia
2096 1466 2256 1521 opera
2283 1451 2656 1516 incendentes,
2686 1465 2872 1506 verum
2897 1452 3060 1505 etiam
3089 1450 3232 1521 quod
3260 1451 3313 1506 in
3337 1467 3466 1508 con-

1890 1543 2116 1599 scientia
2147 1543 2271 1598 inde
2290 1543 2403 1612 jam
2427 1543 2738 1599 ardeamus.
2763 1541 2986 1614 Insuper
3007 1557 3104 1614 per
3131 1543 3466 1599 inﬁdelitatis

1891 1637 2335 1693 ratiocinationes
2363 1637 2608 1707 adeoque
2629 1636 2987 1706 c0gitationes
3013 1636 3122 1690 urit
3154 1650 3254 1692 nos
3281 1637 3470 1692 diabo-

1890 1727 1996 1793 lus,
2037 1741 2240 1797 perque
2273 1727 2620 1782 tentationes.
2653 1727 2814 1782 Fides
2862 1726 3032 1798 igitur
3088 1726 3205 1782 haec
3256 1726 3471 1784 exstino

1892 1822 2045 1892 guit:
2080 1823 2125 1877 si
2152 1821 2296 1876 enim
2328 1821 2600 1877 dwmones
2632 1820 2871 1891 subjicit,
2913 1820 3084 1876 mu‘to
3111 1821 3291 1891 potius
3339 1819 3474 1875 alie--

1892 1925 2033 1969 ctus.
2065 1914 2192 1969 Sive
2217 1913 2361 1968 enim
2383 1913 2822 1982 concupiscentia
2849 1922 2906 1968 te
2925 1911 3242 1981 inﬂammat,
3274 1912 3472 1968 futuris

1892 2005 2052 2062 bonis
2085 2005 2316 2060 credens
2371 2007 2795 2075 obventuraeque
2832 2006 3050 2070 laetitias,
3100 2021 3219 2062 eam
3263 2006 3472 2060 exstin-

1892 2111 2022 2168 gues
2049 2119 2063 2152 ι
2091 2088 2209 2157 sive
2241 2099 2570 2156 tentationes
2599 2109 2650 2156 te
2677 2099 2957 2166 invadant,
3003 2099 3164 2156 ﬁdem
3206 2097 3470 2155 adhibens

1894 2189 2129 2256 futuris,
2199 2189 2622 2246 consolationem
2680 2191 2932 2261 recipies.
3007 2190 3216 2261 Reputa
3291 2199 3470 2246 tecum

1894 2281 2164 2353 quomodo
2188 2289 2438 2336 ureretur
2456 2280 2727 2337 Abraham
2758 2282 2974 2353 quando
2993 2290 3214 2352 gnatum
3231 2278 3470 2348 oﬂ'erret,

1895 2375 1992 2431 sed
2023 2373 2158 2430 ﬁdes
2195 2372 2467 2429 ﬂammam
2499 2374 2656 2429 istam
2683 2373 3079 2445 exstinguebat.

1969 2465 2136 2522 Vens.
2165 2465 2250 2519 17.
2289 2484 2307 2518 ι
2355 2464 2422 2519 Et
2470 2463 2674 2534 galeam
2729 2465 2922 2522 salutis
2974 2468 3258 2524 assumite.
3298 2485 3315 2519 ι
3360 2464 3474 2522 Hoc

1898 2568 2005 2624 est,
2033 2570 2153 2628 quae
2183 2564 2364 2613 servet
2398 2565 2454 2612 et
2482 2559 2769 2614 custodiat.
2813 2557 2948 2614 Nam
2994 2559 3042 2615 si
3085 2561 3244 2616 tidem
3274 2559 3475 2615 habea-

1898 2665 2042 2719 mus,
2075 2650 2324 2722 protinus
2353 2650 2618 2708 salutares
2647 2652 2810 2707 etiam
2843 2652 3200 2724 cogitationes
3233 2652 3474 2722 accipie-

1901 2757 2042 2807 mus,
2075 2751 2195 2812 (ωσι
2220 2754 2386 2816 caput
2428 2753 2673 2799 nostrum
2708 2760 2804 2800 seu
2831 2745 3152 2815 praecipuam
3191 2755 3242 2801 et
3276 2745 3479 2816 princi-

1901 2851 2022 2906 pem
2057 2837 2229 2892 nostri
2257 2847 2462 2908 partem
2493 2845 2839 2895 conservent.

1981 3041 2000 3073 ι
2034 3022 2102 3077 Ει
2145 3020 2384 3093 gladium
2437 3021 2694 3092 Spiritus,
2727 3022 2869 3093 quod
2901 3032 2985 3078 est
3034 3023 3260 3080 verbum
3309 3023 3424 3080 Dei.
3451 3045 3472 3077 ι

1909 3113 2008 3168 Per
2043 3128 2104 3169 ea
2149 3129 2272 3184 qua:
2316 3127 2478 3184 supra
2503 3114 2644 3170 dicta
2680 3122 2824 3178 sunt,
2869 3115 3103 3172 armavit
3153 3131 3251 3174 nos
3278 3116 3479 3172 Paulus

194 3221 310 3288 λος,
357 3220 502 3274 ὥστε
537 3223 612 3292 μὴ
661 3223 994 3294 βλάπτεσθαι
1043 3226 1146 3279 ὑπὸ
1177 3227 1286 3281 τῶν
1321 3227 1571 3299 ἐχθρῶνσ
1601 3228 1698 3282 νῦν
1736 3229 1790 3284 δὲ

1905 3221 1975 3261 nc
2002 3205 2261 3261 laedamur
2308 3205 2377 3260 ab
2425 3206 2708 3262 hostibus:
2747 3221 2889 3263 nunc
2923 3221 3054 3263 vero
3086 3223 3238 3264 arma
3274 3209 3480 3265 submi-

195 3315 428 3370 δίδωσιν
464 3315 624 3384 ὅπλα,
645 3316 714 3371 δι’
750 3310 826 3373 ὧν
861 3319 908 3354 ⁸⁸
941 3320 1095 3372 αὐτοὶ
1119 3320 1318 3391 μᾶλλον
1353 3320 1618 3392 βλάπτειν
1666 3322 1792 3385 τοὺς

194 3408 448 3480 ἐχθροὺς
489 3409 804 3481 ἰσχύσομεν.
837 3412 994 3465 Ἤτοι
1024 3409 1123 3467 οὖν
1147 3413 1209 3466 τὸ
1239 3413 1466 3484 Πνεῦμα
1496 3413 1628 3466 αὺτὸ
1659 3431 1792 3484 φησι

199 3501 496 3572 μάχαιραν
525 3501 840 3573 Πνεύματος
865 3504 1336 3574 περιφραστικῶς,
1359 3505 1392 3574 ἢ
1421 3507 1520 3576 τὴν
1548 3523 1794 3578 πνευμα-

195 3591 366 3662 τικὴν
397 3591 698 3656 πολιτείαν,
728 3587 888 3664 δι’,ἦς
928 3595 962 3664 ὴ
993 3594 1201 3665 κεφαλὴ
1236 3595 1330 3650 τοῦ
1383 3596 1672 3667 δράκοντος
1706 3597 1792 3650 τέ-

199 3700 431 3754 μνεται.
466 3683 531 3736 Ἠ
561 3684 622 3736 δὲ
646 3686 989 3756 πνευματικὴ
1021 3686 1158 3757 αὕτη
1185 3687 1431 3758 μάχαιρα
1457 3687 1610 3759 ῥῆμα
1658 3688 1794 3741 Θεοῦ

205 3779 358 3838 ἐστι,
416 3773 666 3835 τουτέστι
717 3778 1068 3848 πρόσταγμα.
1134 3778 1260 3830 Ἐὰν
1290 3777 1398 3848 γὰρ
1442 3779 1508 3831 τὰ
1559 3779 1798 3851 προστά·

199 3881 410 3934 γματα
470 3863 636 3917 αὐτοῦ
670 3864 938 3936 ποιῶμεν,
983 3866 1393 3938 ἀποκτενοῦμεν
1430 3870 1524 3922 τὸν
1557 3871 1678 3938 ὅφιν
1704 3871 1794 3924 τὸν

202 3956 458 4021 σκολιὸν,
489 3956 562 4020 ὡς
603 3957 830 4020 Ἡσαΐας
862 3957 1048 4028 φησίν.
1103 3960 1170 4011 Ἢ
1200 3960 1352 4030 ῥῆμα
1381 3959 1516 4014 Θεοῦ
1546 3963 1683 4027 ἐστι,
1711 3963 1791 4027 τὸ,

206 4065 228 4099 ο
252 4047 352 4100 Ἑν
373 4045 456 4115 τῷ
480 4046 702 4116 ὀνόματι
725 4045 842 4118 [τοῦ
874 4047 1106 4118 Κυρίου]
1125 4048 1299 4118 Ἰησοῦ
1324 4049 1558 4118 Χριστοῦ
1584 4051 1792 4122 ἐγειραι

201 4137 306 4192 καὶ
335 4135 656 4206 περιπάτει,
691 4155 710 4186 ι
744 4136 840 4190 καὶ
862 4135 930 4189 τὰ
967 4136 1214 4190 τοιαῦτα.
1258 4138 1327 4189 Ἢ
1375 4137 1560 4202 ἁπλῶς
1592 4141 1796 4210 μάχαι·-

202 4249 312 4302 ραν
339 4229 682 4299 Ηνεύματος,
713 4229 812 4298 τὴν
843 4229 899 4280 ὲν
931 4227 1209 4298 Πνεύματι
1241 4229 1454 4299 σοφίαν.
1492 4250 1510 4282 ι
1537 4232 1654 4285 Ζῶν
1685 4234 1793 4303 γὰρ

199 4323 230 4371 ὁ
265 4319 439 4387 λόγος
473 4316 565 4369 τοῦ
595 4314 754 4381 Θεοῦ,
779 4316 873 4371 καὶ
898 4316 1127 4387 ἐνεργὴς
1161 4319 1256 4371 καὶ
1297 4319 1606 4390 τομώτερος
1655 4321 1795 4392 ὑπὲρ

199 4411 402 4463 πᾶσαν
434 4407 712 4479 μάχαιραν
730 4423 744 4438 °
778 4425 797 4460 ι
830 4409 924 4461 καὶ
952 4409 982 4460 ὁ
1007 4408 1068 4462 τὸ
1095 4409 1343 4480 χάρισμα
1367 4414 1466 4483 τῆς
1496 4429 1795 4483 πνευματι-

201 4502 315 4571 κῆς
353 4498 565 4569 ταύτης
597 4499 735 4570 ἔχων
760 4499 1058 4572 μαχαίρας,
1088 4502 1180 4554 καὶ
1204 4501 1381 4556 λαλῶν
1411 4504 1481 4557 τὰ
1514 4504 1608 4559 τοῦ
1634 4504 1792 4572 Θεοῦ,

203 4592 550 4654 ἀνύποιστός
574 4591 620 4624 ⁸⁷
650 4595 820 4656 ἐστιν,
852 4587 963 4655 οἷος
1001 4592 1164 4656 αὐτὸς
1207 4588 1363 4658 οὗτος
1395 4597 1426 4647 ὁ
1454 4596 1688 4660 Παῦλος.

288 4702 313 4736 ι
347 4683 450 4738 Διὰ
481 4682 661 4753 πάσης
692 4685 1000 4755 προσευχῆς
1020 4684 1112 4738 καὶ
1133 4684 1392 4756 δεήσεως,
1418 4690 1797 4760 προσευχόμε-

205 4794 299 4831 νοι
331 4777 394 4832 ὲν
425 4776 594 4832 παντὶ
623 4774 746 4847 [τῷ]
783 4777 960 4848 καιρῷ
995 4779 1056 4832 ὲν
1085 4777 1418 4849 Πνεύματι-.ι
1441 4781 1792 4847 Καθοπλίσας

198 4869 443 4936 αὐτοὺς,
467 4868 654 4924 λοιπὸν
683 4869 777 4924 καὶ
818 4868 915 4922 ἐπὶ
939 4869 1281 4942 τὸνβασιλέα
1321 4873 1470 4942 ἄγει,
1512 4873 1656 4928 ὥστε
1684 4874 1793 4928 δεῖ·

201 4963 346 5018 σθαι
371 4959 563 5027 αὑτοῦ,
595 4961 680 5015 ἵνα
709 4963 866 5034 χεῖρα
897 4963 1080 5034 ὀρέξῃ.
1121 4964 1336 5037 Ἐπειδὴ
1367 4965 1476 5037 γὰρ
1497 4962 1638 5031 εἷπε,
1664 4968 1799 5038 (Au-

201 5053 453 5128 νήσεσθε
477 5053 687 5120 σϐέσαι,
713 5072 732 5104 ι
760 5053 845 5108 ἵνα
870 5057 946 5125 μὴ
969 5057 1245 5128 φυσηυῶσ,
1279 5058 1346 5125 se,
1381 5061 1568 5130 φησὶν,
1591 5061 1668 5115 ὅτε
1701 5066 1794 5116 Δεῖ

203 5153 356 5222 ὑμῖν
373 5148 470 5204 τοῦ
507 5149 662 5216 Θεοῦ,
717 5151 811 5204 καὶ
857 5153 1233 5222 κατορθώσετε
1264 5155 1324 5208 τὸ
1373 5157 1480 5208 πᾶν
1517 5159 1653 5227 μετὰ
1685 5160 1794 5214 τῶν

201 5243 531 5316 εἰρημένων
561 5243 655 5296 καὶ
690 5261 712 5294 ι
740 5244 1198 5315 προσευχόμενοι·
1229 5265 1248 5297 ι
1279 5247 1374 5316 οὐχ
1401 5247 1610 5314 ἁπλῶς,
1644 5250 1802 5316 ἀλλὰ,

212 5359 233 5391 ι
287 5338 396 5391 Διὰ
439 5337 618 5408 πάσης
655 5337 962 5408 προσευχῆς
1014 5338 1107 5391 καὶ
1153 5337 1408 5408 δεήσεως,
1451 5359 1470 5392 ι
1528 5342 1626 5405 cii;
1665 5343 1803 5414 μετὰ

207 5427 534 5498 κλαυθμοῦ,
563 5430 662 5499 τῆς
697 5429 836 5500 μετὰ
865 5429 1314 5501 στερνοκτυπίας,
1346 5431 1446 5501 τῆς
1473 5433 1611 5503 μετὰ
1645 5451 1807 5503 γονυ-

208 5523 464 5588 κλισὲας,
511 5523 602 5573 καὶ
631 5520 740 5574 τῶν
788 5520 1065 5574 τοιούτων.
1129 5521 1288 5574 Ἀλλὰ
1319 5524 1413 5576 καὶ
1445 5525 1566 5589 οὐκ,
1619 5528 1675 5578 ἐν
1707 5545 1799 5582 τα-

374 5675 388 5701 ι
422 5677 522 5718 tsa.
555 5677 721 5725 xxvu,
748 5664 798 5712 1.
920 5661 944 5697 ³
975 5660 1095 5714 Act.
1131 5675 1214 5723 ιιι,
1256 5660 1308 5714 6.

1897 3298 2110 3364 nistrat,
2147 3299 2342 3369 quibus
2375 3298 2477 3370 ipsi
2513 3301 2693 3370 potius
2723 3315 2823 3357 nos
2851 3304 3041 3359 hostes
3066 3301 3263 3360 laedere
3302 3305 3478 3372 possi-

1897 3403 2037 3444 mus.
2069 3387 2162 3444 Vel
2195 3390 2362 3460 igitur
2387 3389 2647 3460 Spiritum
2678 3392 2852 3462 ipsum
2886 3393 3020 3448 dicit
3062 3395 3300 3466 gladium
3348 3395 3475 3467 Spi-

1899 3487 2036 3542 ritus
2073 3486 2483 3558 periphrastice,
2509 3482 2591 3542 vel
2618 3485 2953 3558 spiritualem
2977 3486 3164 3554 vitam,
3191 3501 3290 3556 per
3309 3503 3475 3558 quam

1899 3589 2058 3648 caput
2089 3579 2341 3635 tit-accitis
2379 3577 2736 3634 abscinditur.
2793 3577 3102 3648 Spiritualis
3148 3588 3326 3635 autem
3388 3579 3477 3635 hic

1899 3671 2045 3726 ensis
2082 3672 2304 3726 verbum
2343 3671 2434 3724 Dei
2458 3679 2566 3738 est,
2601 3671 2698 3726 hoc
2727 3679 2807 3726 est
2835 3672 3167 3726 mandatum.
3220 3670 3276 3727 Si
3331 3675 3474 3727 enim

1900 3765 2149 3818 mandata
2209 3763 2326 3834 ejus
2402 3761 2732 3828 fecerimus,
2803 3764 3112 3820 occidemus
3168 3774 3475 3834 serpentem

1899 3856 2062 3911 istum
2101 3863 2419 3920 tortuosum,
2477 3863 2534 3910 ut
2592 3855 2755 3912 Isaias
2808 3855 2984 3927 inquit
3012 3857 3052 3912 ί.
3110 3856 3208 3912 Vel
3253 3859 3476 3914 verbum

1902 3947 1993 4000 Dei
2024 3951 2144 4001 est:
2176 3945 2342 4017 522
2369 3953 2448 4014 ut,
2479 3966 2497 3998 ι
2535 3946 2590 4001 In
2644 3948 2862 4002 nomine
2894 3947 3018 4003 Jesu
3057 3947 3263 4006 Christi
3317 3965 3479 4022 surge

1900 4047 1950 4091 et
1971 4035 2185 4091 ambula
2209 4039 2289 4101 ⁸,»
2331 4037 2595 4108 lmjusque
2633 4037 2850 4095 similia.
2886 4039 2981 4095 Vel
3005 4041 3326 4112 simpliciter
3362 4042 3474 4112 gla-

1901 4129 2050 4184 dium
2078 4127 2313 4200 Spiritus
2337 4131 2670 4202 spiritualem
2697 4133 3017 4204 sapientiam
3044 4144 3219 4192 vocat.
3253 4156 3271 4189 ‹
3309 4136 3477 4192 Vivus

1901 4231 1987 4275 est
2006 4221 2151 4276 enim
2178 4237 2356 4277 sermo
2375 4222 2468 4278 Dei
2489 4232 2544 4280 et
2572 4223 2781 4289 eilicax,
2808 4232 2862 4278 et
2879 4227 3264 4296 penetrabilior
3286 4228 3478 4297 quovis

1902 4313 2080 4383 gladio
2099 4313 2151 4366 ἢ.
2189 4332 2207 4364 ι
2263 4314 2328 4369 Ει
2376 4314 2467 4385 qui
2509 4314 2666 4383 hujus
2715 4316 3015 4386 spiritualis
3072 4318 3218 4374 ensis
3273 4317 3474 4374 donum

1903 4405 2082 4470 habet,
2134 4416 2186 4461 et
2219 4421 2340 4476 quae
2370 4405 2460 4461 Dei
2495 4414 2622 4461 sunt
2667 4407 2920 4477 loquitur,
2967 4421 3191 4478 prorsus
3225 4409 3481 4465 intolera-

1904 4496 2028 4552 bilis
2061 4507 2162 4563 est,
2199 4498 2376 4568 qualis
2413 4499 2526 4567 ipse
2556 4499 2642 4552 hic
2672 4497 2890 4556 Paulus.

1981 4703 2141 4757 Vens.
2174 4703 2261 4756 18.
2305 4721 2322 4753 ι
2359 4703 2459 4758 Per
2484 4717 2696 4758 omnem
2727 4705 3026 4760 orationem
3060 4713 3114 4759 et
3145 4707 3482 4776 deprecatio.

1908 4810 2028 4850 nem
2062 4805 2282 4850 orantes
2317 4795 2465 4849 omni
2515 4803 2754 4866 tempore
2785 4796 2836 4851 in
2863 4795 3091 4867 Spiritu.
3133 4817 3152 4851 ι
3188 4797 3478 4869 Postquam

1907 4889 2072 4944 armis
2123 4902 2216 4944 eos
2281 4886 2473 4954 induit,
2535 4887 2603 4944 ad
2657 4888 3036 4960 imperatorem
3087 4905 3182 4947 eos
3229 4891 3481 4964 deinceps

1907 4979 2078 5046 ducit,
2113 4988 2170 5033 ut
2197 4986 2488 5050 precentur
2510 4993 2634 5034 eum
2667 4996 2775 5051 quo
2803 4996 3019 5037 manum
3053 4984 3311 5053 porrigat.
3342 4981 3476 5040 Cum

1906 5072 2049 5128 enim
2081 5071 2330 5138 dixisset,
2367 5090 2386 5123 ι
2422 5069 2673 5128 Poteritis
2701 5074 3085 5145 exstinguere;
3117 5091 3136 5124 ι
3188 5089 3255 5130 ne
3288 5075 3478 5129 inﬂen-

1901 5177 2007 5232 tur,
2040 5163 2252 5235 inquit,
2310 5163 2418 5220 Deo
2465 5165 2738 5236 indigetis,
2787 5174 2843 5220 et
2894 5180 2998 5221 una
3045 5180 3166 5219 cum
3203 5165 3477 5235 prmdicﬁs

1901 5257 2106 5311 orando
2124 5257 2286 5311 etiam
2307 5270 2419 5310 rem
2451 5265 2619 5310 totam
2645 5255 2936 5327 perticietis
2961 5272 2974 5308 :
3000 5269 3102 5310 non
3130 5254 3474 5326 simpliciter,

1900 5349 2014 5413 Sed,
2071 5365 2088 5400 ι
2132 5348 2235 5402 Per
2259 5361 2474 5403 omnem
2514 5348 2811 5404 orationem
2854 5356 2908 5403 et
2959 5347 3416 5417 deprecationem,
3453 5368 3473 5401 ι

1907 5455 2029 5494 cum
2083 5440 2206 5494 ﬂetu
2255 5453 2309 5495 et
2345 5441 2579 5510 pectoris
2639 5442 2980 5507 contus-ioue,
3038 5456 3159 5496 cum
3194 5440 3480 5500 inﬂexione

1902 5547 2156 5602 genuum,
2202 5533 2360 5603 idque
2390 5548 2558 5603 genus
2598 5533 2865 5590 similibus
2905 5533 3144 5589 factam:
3188 5549 3288 5591 nec
3314 5533 3472 5592 statis

1419 5663 1446 5700 ιι
1475 5661 1634 5717 llebr.
1664 5680 1735 5733 tv,
1770 5667 1859 5721 4‘2.
1951 5707 1962 5717 .

3009 5735 3048 5784 δ

1596 5781 1803 5840 Varias
1827 5780 2156 5846 lectiones.

298 5881 344 5913 "
380 5878 566 5948 ὅπλον,
598 5874 733 5933 διὀῦ
762 5895 813 5936 0.
891 5879 934 5912 ’τ
965 5877 1342 5940 ἀνυπόστατός
1374 5894 1425 5934 0.
1503 5881 1552 5913 ⁵³⁸
1596 5881 1912 5947 φυσιωθῶσι
1937 5897 1988 5937 o.
