3932 6590
484 383 633 449 1135

1339 382 1917 444 THEOPHYLACTI
1960 377 2372 442 BULGARUE
2415 381 2770 444 ARCHIEP.

3600 381 3729 449 1136

490 494 876 553 tantummodo
916 495 1084 560 heris,
1130 506 1319 549 verum
1352 499 1408 549 et
1456 509 1476 545 ι
1513 489 1671 548 Omni
1725 501 1996 562 tempore:
2043 507 2062 542 ι

2182 492 2330 554 κταῖς
2358 489 2549 563 ὥραις,
2586 491 2721 547 ἀλλὰ
2752 490 2867 557 καὶ,
2924 509 2943 541 ι
2995 490 3084 544 Ἑν
3130 489 3297 545 παντὶ
3329 490 3541 565 καιρῷο
3573 510 3593 545 t
3633 500 3734 551 καὶ.

489 600 651 660 atque
693 605 713 641 ι
750 588 810 644 In
863 586 1094 657 Spiritu,
1128 602 1147 638 ι
1183 585 1284 640 hoc
1327 591 1409 641 est
1468 584 1767 656 spiritualia
1804 592 2066 653 petentes,

487 690 545 736 et
586 679 719 736 nihil
755 679 1105 735 mundanum.
1149 675 1347 732 Dicens
1392 682 1601 744 autem,
1664 693 1683 728 ι
1716 673 1946 732 Orantes
1976 688 2071 743 per

491 788 709 830 onmem
766 772 1090 837 orationem,
1144 788 1165 823 ι
1227 768 1486 825 indicavit
1539 783 1699 840 posse
1755 769 2068 840 quempiam

488 867 792 920 orationem
820 863 1022 930 facere,
1049 877 1151 920 nec
1175 870 1355 918 tamen
1378 875 1539 917 orare
1565 877 1579 928 ;
1613 868 1671 916 ut
1693 861 1738 917 si
1762 860 2071 930 battologns

489 956 674 1012 fuerit.

569 1068 586 1097 ε
624 1045 689 1101 Ει
720 1047 771 1102 in
806 1046 909 1102 hoc
960 1046 1135 1116 ipsum
1164 1042 1475 1116 vigilantes.
1520 1060 1539 1095 ι
1600 1042 1727 1099 Sive
1775 1051 2070 1099 nocturnas

488 1142 722 1214 vigilias,
759 1142 875 1196 sive
912 1139 1107 1201 anima:
1130 1136 1461 1207 vigilantiam
1498 1135 1585 1190 hic
1616 1134 1768 1198 dicit,
1801 1137 2072 1191 utrumvis

488 1234 737 1303 accipere
766 1233 916 1287 licet.
944 1229 1173 1301 Yigilem
1204 1228 1350 1285 enim
1376 1240 1497 1283 esse
1528 1235 1745 1299 oportet
1772 1228 1861 1296 qui
1890 1243 2072 1282 arma-

491 1337 575 1381 tus
600 1337 702 1391 est,
730 1335 785 1380 et
812 1338 996 1380 coram
1024 1337 1151 1393 rege
1181 1322 1344 1378 sistit.

566 1437 586 1471 ι
620 1419 679 1473 In
695 1419 840 1473 omni
864 1413 1280 1489 perseverantia
1310 1421 1364 1468 et
1396 1411 1792 1468 obsecratione.
1819 1428 1838 1463 ι
1873 1409 2075 1478 Quem-

491 1513 779 1565 admodum
838 1510 1142 1587 Chananzea
1170 1516 1232 1563 et
1286 1506 1445 1561 vidua
1499 1517 1555 1561 et
1595 1498 1773 1560 Anna.
1808 1503 1882 1559 Ea
1925 1505 2071 1560 enim

490 1616 616 1663 vere
653 1612 736 1657 est
770 1602 1013 1673 precatio
1041 1616 1162 1672 qua:
1188 1599 1245 1656 iit
1277 1617 1404 1657 cum
1433 1597 1857 1673 perseverantia.

567 1713 585 1747 ι
626 1696 728 1749 l‘ro
760 1694 1012 1750 omnibus
1066 1694 1293 1759 sanctis,
1344 1705 1400 1751 et
1441 1709 1540 1765 pro
1573 1708 1678 1749 me.
1718 1711 1738 1744 ι
1795 1689 1936 1759 Ergo
1967 1704 2071 1744 non

490 1802 588 1856 pro
614 1785 903 1856 nubisipsis
942 1795 1150 1842 tantum
1177 1797 1261 1842 est
1298 1789 1586 1844 orandum.
1621 1786 1864 1843 Observa
1889 1792 2071 1839 autem

490 1880 610 1949 ejus
665 1881 1071 1937 humilitatem:
1122 1880 1324 1936 etenim
1378 1896 1440 1938 se
1489 1879 1679 1936 ultimo
1729 1879 1847 1935 loco
1896 1878 2071 1948 ponit,

489 1972 996 2045 discipulorumque
1040 1974 1291 2031 oratione
1335 1988 1473 2046 opus
1518 1972 1708 2040 habet,
1760 1972 1924 2043 idque
1950 1986 2071 2028 cum

489 2067 700 2122 catenis
727 2068 939 2123 vinetus
973 2080 1074 2137 pro
1098 2067 1316 2124 Christo
1362 2075 1661 2125 teneretur.
1696 2064 1989 2121 Enimvero
2020 2072 2074 2118 et

490 2158 684 2221 Petrus
715 2159 926 2215 catenis
963 2159 1174 2215 vinctus
1204 2169 1562 2232 erat,.verum
1586 2184 1591 2189 ι
1612 2173 1710 2229 pce
1763 2157 1883 2228 ipso
1910 2160 2075 2213 vehe-

494 2268 646 2307 mens
677 2261 733 2307 et
764 2252 970 2307 intenta
1000 2252 1181 2308 oratio
1204 2252 1272 2307 ab
1303 2251 1546 2308 Ecclesia
1573 2251 1754 2307 (iebat.

568 2344 730 2400 Vnus.
769 2343 858 2401 t9.
906 2361 924 2396 ι
972 2341 1046 2400 Ut
1082 2343 1214 2400 mihi
1269 2344 1428 2400 detur
1473 2356 1659 2400 sermo
1697 2342 1752 2397 in
1791 2339 2074 2412 apertione

490 2436 602 2492 oris
635 2438 761 2492 mei.
804 2455 823 2490 ι
857 2433 976 2491 Non
1035 2436 1199 2507 igitur
1262 2436 1627 2492 meditabatur
1679 2448 1802 2503 qua:
1846 2434 2072 2495 diceret,

492 2543 682 2584 verum
717 2526 879 2584 sicuti
923 2525 1172 2583 Christus
1204 2527 1321 2583 ait:
1368 2545 1387 2579 ι
1423 2524 1503 2581 Ne
1533 2524 1750 2582 solliciti
1790 2524 1913 2581 sitis
1943 2524 2073 2594 quid

492 2619 831 2690 loquamini:
869 2617 1090 2675 dabitur
1140 2618 1286 2674 enim
1323 2618 1477 2674 vobis
1526 2618 1582 2673 in
1636 2617 1728 2674 illa
1772 2618 1907 2674 hora
1943 2616 2073 2687 quid

493 2715 938 2786 laquemiuiiu
992 2714 1138 2772 hunc
1178 2713 1246 2768 ad
1301 2712 1521 2768 modum
1571 2711 1772 2768 Paulus
1826 2711 2076 2782 aperiens

492 2824 578 2873 os,
622 2824 743 2878 quas
775 2814 809 2863 a’
845 2807 955 2864 Deo
995 2806 1480 2878 suppeditabantur
1512 2804 1844 2877 proferebat.
1887 2806 2075 2876 sicque

493 2902 674 2956 ouiiiia
736 2901 920 2956 divina
979 2901 1153 2971 gratia
1205 2899 1538 2971 perficiebat.
1602 2899 1739 2957 [line
1804 2899 2075 2972 intelliges

493 2994 727 3065 gladium
761 2991 1019 3062 Spiritus,
1051 2994 1194 3065 quod
1224 3001 1308 3049 est
1349 2992 1571 3048 verbum
1603 2992 1718 3049 Dei.

576 3086 734 3143 Vens.
767 3085 855 3154 19,
886 3085 980 3142 20.
1024 3103 1044 3138 ι
1106 3084 1177 3142 Ut
1222 3100 1346 3142 cum
1398 3086 1590 3142 ﬁducia
1643 3100 1832 3144 natum
1875 3087 2071 3145 faciam

2179 600 2198 633 ι
2245 583 2303 636 ὲν
2337 582 2638 655 Πνεύματι,
2682 601 2701 635 ι
2752 582 3021 645 τουτέστι.
3068 584 3417 656 πνευματικὰ
3452 585 3733 655 αἰτοῦντες,

2174 674 2343 745 μηδὲν
2373 675 2663 746 κοσμικόν.
2689 675 2789 730 Διὰ
2810 675 2868 730 δὲ
2897 675 2994 732 τοῦ
3031 677 3229 745 είπεῖν,
3270 696 3289 730 ι
3322 679 3735 752 Προσευχόμενοι

2170 766 2261 821 διὰ
2281 767 2462 839 πάσης
2489 769 2823 841 προσευχῆς,
2861 787 2882 822 ι
2923 769 3165 841 ᾐνίξατο,
3198 772 3282 825 ὅτι
3312 770 3432 824 ἐστι
3465 772 3560 825 καὶ
3589 791 3734 845 προσ-

2171 857 2339 931 ευχήν
2368 860 2630 915 ποιοῦντα
2682 860 2757 932 μὴ
2807 862 3231 933 προσεύχεσθαι,
3278 861 3408 917 ὅταν
3455 860 3731 941 βαττολογῇ

2170 970 2275 1018 τις.

2238 1050 2268 1095 ἰ
2315 1046 2427 1099 Καὶ
2450 1046 2530 1112 είς
2559 1045 2691 1101 αὐτὸ
2727 1046 2889 1102 τοῦτο
2940 1048 3374 1121 ἀγρυπνοῦντες.
3409 1072 3430 1106 ι
3468 1053 3588 1108 Εἴτε
3616 1072 3734 1109 παν-

2177 1137 2396 1209 νυχίδας
2453 1138 2692 1193 ἐνταῦθα
2735 1139 2906 1209 λέγει,
2954 1142 3067 1196 εἴτε
3096 1143 3197 1216 τήν
3226 1145 3391 1217 νῆψιν
3418 1147 3518 1219 τῆς
3552 1146 3728 1217 ψυχῆς.

2172 1232 2462 1306 ἀμφότερα
2497 1233 2683 1290 δεκτά.
2723 1234 3008 1305 Νηφάλιον
3065 1238 3174 1309 γὰρ
3198 1234 3339 1292 εῖναι
3373 1239 3457 1293 δεῖ
3502 1239 3590 1293 τὸν
3614 1241 3727 1294 καθ-

2175 1325 2548 1397 ωπλισμένον,
2587 1326 2679 1381 τδν
2705 1327 2859 1398 παρά
2890 1327 3104 1399 βασιλεῖ
3140 1330 3377 1384 ἑστῶτα.

2251 1438 2270 1471 ι
2301 1420 2393 1473 Ἔν
2428 1420 2578 1492 πάσῃ
2618 1422 3100 1492 προσκαρτερήσει
3145 1423 3242 1477 καὶ
3271 1421 3479 1494 δεήσει.
3524 1442 3544 1477 ι
3582 1423 3662 1489 Ὦς
3700 1428 3727 1497 ή

2173 1509 2481 1576 Χαναναία,
2511 1511 2587 1577 ὠς
2617 1512 2652 1584 ή
2677 1512 2844 1584 χήρα,
2869 1512 3001 1585 ὡςή
3028 1514 3219 1569 Ἄννα.
3246 1514 3422 1570 Τοῦτο
3457 1515 3563 1588 γὰρ
3586 1517 3729 1583 ὅντως

2175 1603 2333 1675 εὐχὴ,
2357 1605 2390 1674 ή
2426 1603 2564 1675 μετὰ
2587 1605 2907 1677 καρτερίας.

2261 1714 2279 1747 ι
2319 1696 2456 1767 Περὶ
2508 1695 2731 1751 πάντων
2800 1696 2972 1766 ἁγίων
3035 1697 3130 1753 καὶ
3186 1698 3331 1772 ὑπὲρ
3389 1701 3549 1771 ἐμοῦ.
3584 1721 3602 1755 ο
3632 1703 3729 1756 Οὐκ

2177 1785 2286 1859 ἄρα
2333 1787 2475 1860 ὑπὲρ
2516 1787 2729 1843 ἑαυτῶν
2783 1789 2947 1861 μόνον
3000 1789 3406 1862 προσεύχεσθαι
3458 1791 3553 1847 δεῖ.
3612 1793 3730 1865 Ὅρα

2176 1879 2234 1933 δὲ
2295 1879 2843 1952 ταπεινοφροσύνην·
2898 1882 2993 1936 καὶ
3061 1882 3173 1954 γὰρ
3218 1883 3453 1955 ἔσχατόν
3511 1902 3568 1939 τε
3619 1886 3730 1940 ἐαυ-

2174 1973 2266 2027 τὸν
2285 1972 2490 2044 τίθησι,
2518 1973 2614 2027 καὶ
2639 1973 2814 2028 δεῖται
2841 1973 2945 2044 τῆς
2994 1973 3103 2029 τῶν
3130 1974 3397 2048 μαθητῶν
3429 1977 3611 2049 εὐχῆς,
3650 1980 3730 2033 καὶ

2175 2066 2347 2121 ταῦτα
2376 2058 2634 2121 ἁλύσεσιν
2664 2067 2710 2099 θ’
2743 2066 2884 2138 ὑπὲρ
2929 2068 3177 2139 Χριστοῦ
3207 2070 3609 2141 περικείμενος.
3638 2074 3732 2127 Καὶ

2175 2160 2284 2233 γὰρ
2311 2160 2405 2215 καὶ
2430 2159 2640 2233 Πέτρος
2672 2160 2897 2216 ἁλύσεσι
2919 2162 2938 2193 ⁸
2970 2162 3304 2233 περιέκειτο,
3331 2162 3449 2217 ἀλλ’
3485 2163 3617 2236 ὑπὲρ
3640 2167 3727 2220 aio-

2175 2253 2268 2307 τοῦ
2302 2252 2532 2327 ὲκτενὴς
2553 2252 2687 2325 εὐχὴ
2712 2252 2929 2322 ἐγένετο
2960 2254 3113 2326 παρά
3135 2253 3237 2326 τῆς
3279 2254 3617 2327 Ἐκκλησίας.

2254 2364 2272 2397 ι
2308 2346 2426 2400 Ἵνα
2451 2363 2541 2417 μοι
2557 2345 2685 2419 δοθῇ
2708 2345 2865 2415 λόγος
2882 2347 2939 2401 ὲν
2955 2346 3156 2414 ἀνοίξει
3179 2347 3276 2402 τοῦ
3300 2347 3567 2418 στόματός
3589 2367 3719 2420 μου.»

2175 2437 2291 2490 Ούκ
2317 2436 2427 2506 ἄρα
2456 2435 2689 2507 ἐμελέτα
2719 2434 2755 2490 ἃ
2786 2434 2991 2505 ἔλεγεν,
3028 2436 3165 2493 ἀλλὰ
3199 2436 3345 2492 καθὰ
3379 2431 3532 2492 εἶπεν
3560 2440 3585 2493 ό
3615 2439 3723 2509 Χρι-

2177 2530 2300 2595 στός
2320 2546 2335 2562 ’
2371 2530 2512 2602 «Μὴ
2541 2530 2866 2602 μεριμνᾶτε,
2893 2530 2947 2583 τί
2980 2530 3250 2603 λαλήσητε
3271 2548 3287 2564 ο
3336 2533 3612 2604 δοθήσεται
3634 2534 3723 2606 γάρ

2176 2624 2306 2695 ὑμῖν
2329 2624 2388 2677 ὲν
2413 2622 2598 2695 ἐκείνῃ
2634 2625 2700 2694 τῇ
2739 2621 2861 2694 ὥρᾳ
2889 2621 2942 2677 τί
2985 2621 3248 2695 λαλήσετε
3268 2640 3285 2656 ο
3318 2642 3338 2675 ι
3374 2624 3517 2679 οὕτω
3536 2625 3619 2678 καὶ
3641 2630 3722 2677 αύ-

2174 2714 2265 2778 τὸς
2302 2714 2536 2784 ἀνοίγων
2586 2715 2649 2769 τὸ
2683 2715 2880 2785 στόμα,
2908 2714 2977 2770 τὰ
3023 2715 3173 2788 παρὰ
3204 2715 3344 2769 Θεοῦ
3377 2716 3723 2787 χορηγούμενα

2174 2804 2590 2878 διεπόρθμευεν,
2618 2804 2764 2860 οὕτω
2803 2806 2981 2860 πάντα
3011 2806 3137 2878 θεία
3175 2807 3363 2879 χάριτι
3393 2807 3582 2862 ἐτέλει.
3624 2807 3723 2860 Ἐν-

2176 2898 2368 2955 τεῦθεν
2405 2900 2621 2972 νοήσεις
2639 2898 2738 2973 τὴν
2770 2901 3048 2973 μάχαιραν
3082 2900 3176 2955 τοῦ
3214 2899 3548 2973 Πνεύματος,
3576 2902 3602 2955 ὅ
3629 2902 3723 2955 ἐστι

2178 2993 2330 3066 ῥῆμα
2368 2991 2527 3051 Θεοῦ.

2254 3102 2274 3137 t
2317 3085 2407 3139 'Ev
2442 3085 2729 3160 παρρησίᾳ
2752 3085 3020 3157 γνωρίσαι
3046 3085 3106 3140 τὸ
3132 3088 3434 3161 μυστήριον
3460 3085 3550 3141 τοῦ
3576 3085 3726 3151 Εὐαγ-

498 3182 815 3254 mysterium
847 3179 1122 3250 Evangelii
1151 3219 1167 3246 ,
1213 3194 1316 3251 pro
1362 3196 1472 3250 quo
1496 3180 1762 3250 legatione
1794 3180 1988 3253 [nugor
2017 3180 2071 3237 in

2182 3176 2381 3248 γελίου,
2437 3177 2577 3249 ὑπὲρ
2609 3173 2671 3234 οὖ
2708 3179 2996 3252 πρεσϐεύω
3036 3182 3095 3235 ὲν
3126 3179 3335 3246 ἁλύσει,
3388 3179 3477 3235 ἵνα
3506 3181 3560 3233 ὲν
3601 3177 3726 3248 αὐτῷ

494 3288 706 3339 catena,
737 3282 797 3332 ut
824 3275 879 3330 in
908 3274 1027 3346 ipso
1060 3274 1288 3329 audeam
1314 3274 1457 3330 sicut
1482 3283 1700 3345 oportet
1730 3290 1815 3329 me
1844 3274 2015 3346 loqui.
2047 3293 2067 3328 ι

496 3367 608 3424 lloc
638 3377 745 3434 est,
799 3375 859 3422 ut
911 3366 1178 3423 rationem
1229 3365 1352 3422 ﬁdei
1406 3381 1538 3422 mea:
1605 3366 1849 3433 reddam,
1884 3382 2079 3439 meque

497 3459 809 3527 defendam,
835 3459 1060 3530 perinde
1095 3473 1161 3514 ac
1182 3459 1458 3524 convenit,
1487 3473 1614 3514 cum
1638 3458 1893 3530 loquendi
1919 3460 2076 3514 liber-

467 3551 606 3608 tate
654 3560 712 3609 et
745 3549 1077 3607 fortitudine
1121 3549 1398 3620 multaque
1456 3549 1768 3621 prudentia.
1818 3549 1900 3608 Ad
1936 3566 2076 3623 quos

498 3659 678 3703 autem
710 3645 985 3718 legatione
1020 3642 1315 3715 iungeris?
1352 3641 1441 3697 Ad
1497 3642 1768 3709 homines,
1817 3654 1877 3699 ut
1927 3645 2077 3713 ipsos

500 3737 847 3796 rcconciliem
897 3734 1036 3792 Deo.
1096 3738 1166 3789 At
1216 3734 1303 3789 isti
1363 3732 1579 3789 interim
1616 3749 1704 3790 me
1755 3735 1816 3790 in
1860 3734 2074 3791 vincula

497 3830 868 3901 coniecerunt,
914 3840 1037 3882 cum
1063 3836 1242 3880 tamen
1273 3823 1356 3880 lex
1401 3823 1700 3894 praecipiat,
1732 3825 1876 3896 quod
1906 3824 2070 3894 legati

497 3924 661 3997 423
693 3923 826 3979 nihil
858 3922 1136 3992 patiantur
1181 3920 1330 3976 mali.
1365 3920 1566 3975 Catena
1610 3921 1774 3992 igitur
1806 3922 1938 3977 mihi
1967 3923 2076 3978 cir-

500 4012 805 4083 cumposita
833 4022 940 4077 εει,
968 4020 1028 4066 ut
1053 4024 1228 4066 meam
1260 4009 1392 4065 mihi
1417 4009 1666 4067 ﬁduciam
1685 4020 1739 4071 et
1767 4011 2074 4069 libertatem

500 4109 772 4163 cohibeat.
808 4104 1003 4162 Vestra
1055 4113 1236 4159 autem
1273 4103 1451 4159 oratio
1489 4104 1697 4174 aperiet
1745 4105 1882 4161 mihi
1904 4122 1987 4174 os,
2017 4117 2075 4164 ut

500 4200 781 4254 liberrime
838 4199 1048 4269 loquar,
1089 4205 1250 4264 atque
1310 4196 1602 4264 proloquar
1659 4209 1993 4267 quaecunque
2022 4198 2073 4256 is

501 4295 590 4360 qui
622 4307 710 4347 me
740 4291 971 4362 legatum
1010 4284 1343 4351 amandavit,
1378 4285 1510 4340 mihi
1544 4285 1836 4351 commisit.
1882 4287 2068 4347 Viden'

500 4383 757 4454 gladium,
787 4382 1088 4438 libertatem
1122 4385 1179 4433 et
1213 4375 1548 4432 alacritatem
1577 4377 1899 4439 enuntiandi
1968 4385 2114 4443 verbi

500 4478 654 4533 oris?

2173 3271 2646 3343 παρρησιάσωμαι
2675 3270 2751 3336 ὡς
2780 3272 2862 3327 δεῖ
2883 3289 2951 3345 με
2973 3272 3258 3345 λαλῆσαι.»
3293 3273 3605 3335 Τουτέστιν,
3628 3272 3724 3324 Ἵνα

2173 3363 2607 3435 ἀπολογήσωμαι
2628 3362 2704 3427 ὡς
2730 3365 2859 3435 χρὴ,
2890 3364 3030 3435 μετὰ
3049 3364 3369 3435 παρρησίας
3388 3364 3482 3418 καὶ
3506 3362 3724 3433 ἀνδρείας

2174 3458 2271 3511 καὶ
2304 3457 2575 3521 συνέσεως
2624 3455 2848 3528 πολλῆς.
2904 3457 3047 3528 Πρὸς
3100 3457 3255 3520 τίνας
3287 3457 3345 3510 δὲ
3393 3455 3723 3528 πρεσϐεύεις;

2174 3549 2319 3622 Πρδί
2349 3548 2694 3621 ἀνθρώπους,
2749 3550 2837 3602 ἵνα
2867 3548 3065 3614 αὐτοὺς
3110 3549 3436 3614 καταλλάξω
3468 3549 3543 3619 τῷ
3594 3546 3723 3617 Θεῷ*

2174 3640 2292 3695 ἀλλ’
2334 3634 2481 3694 οῦτοι
2540 3640 2730 3695 ἐδεσάν
2783 3657 2873 3712 με,
2924 3639 3099 3694 καίτοι
3146 3640 3272 3704 τοὺς
3304 3640 3562 3713 πρέσϐεις
3593 3638 3727 3706 νόμος

2183 3731 2353 3803 μηδὲν
2382 3733 2613 3804 πάσχειν
2644 3735 2835 3788 κακόν.
2899 3732 2962 3786 Ἦ
2994 3733 3092 3803 μὲν
3120 3729 3215 3785 οὖν
3243 3731 3437 3796 ἂλυσις
3469 3730 3722 3803 περιετέθη

2183 3842 2297 3897 μοι,
2325 3825 2411 3880 ἵνα
2442 3825 2771 3898 ἐπιστομίσῃ
2820 3825 2919 3897 τὴν
2967 3825 3286 3898 παρρησίαν
3309 3843 3321 3859 ο
3378 3828 3409 3895 ή
3434 3826 3490 3879 δὲ
3519 3822 3727 3894 ὑμετέρα

2182 3917 2319 3990 εὐχὴ
2339 3916 2544 3982 ἀνοίξει
2564 3934 2658 3989 μοι
2685 3919 2743 3971 τὸ
2779 3918 2977 3991 στόμα,
3008 3919 3096 3971 ἵνα
3128 3917 3610 3989 παρρησιάξωμαι,
3650 3915 3725 3966 καὶ

2181 4012 2322 4066 εἴπω
2352 4013 2554 4077 πάντα,
2584 4011 2684 4064 ὅσα
2735 4011 2763 4064 ό
2810 4009 3033 4080 πέμψας
3087 4027 3154 4080 με
3187 4008 3432 4081 πρέσϐυν
3461 4003 3725 4061 ἐνετείλατό

2184 4122 2298 4176 μοι.
2356 4106 2524 4177 Ὀρᾷς
2556 4104 2836 4175 μάχαιραν
2894 4104 2996 4175 τὴν
3051 4101 3368 4175 παρρησίαν
3391 4101 3483 4154 τοῦ
3514 4100 3724 4174 ῥήματος

2179 4199 2275 4256 τοῦ
2316 4198 2474 4265 Θεοῦ,
2520 4198 2550 4252 ὃ
2581 4197 2772 4270 ἔμελλε
2815 4196 3025 4261 Παῦλος
3058 4195 3239 4250 λαλεῖν
3301 4196 3362 4249 ἐν
3417 4193 3610 4259 ἀνοίξει
3647 4188 3722 4243 τοῦ

2180 4297 2444 4367 στόματος
2466 4312 2482 4363 ;

2194 4386 2321 4453 Dei,
2358 4384 2500 4455 quod
2553 4392 2878 4454 accepturus
2931 4390 3050 4438 erat
3107 4380 3308 4439 Paulus
3374 4380 3431 4436 in
3488 4378 3725 4451 apertione

575 4575 740 4631 Vens.
773 4574 862 4629 ‘Zl.
910 4591 929 4625 ι
985 4571 1055 4629 Ut
1090 4581 1273 4626 autem
1330 4569 1519 4626 sciatis
1569 4578 1623 4625 et
1656 4585 1752 4626 vos
1802 4573 2075 4641 quomodo

2261 4594 2281 4628 ι
2318 4572 2434 4629 Ἵνα
2461 4571 2518 4627 δὲ
2540 4571 2719 4643 εἰδῆτε
2744 4570 2840 4625 καὶ
2867 4570 3032 4642 ὑμεῖς
3059 4570 3128 4626 τὰ
3153 4569 3272 4625 κατ’
3295 4569 3421 4641 ἐμὲ,
3437 4567 3493 4623 τί
3510 4567 3721 4639 πράσσω,

506 4687 595 4726 res
635 4684 769 4723 mea:
793 4669 1049 4731 habeant,
1080 4664 1277 4734 quidve
1314 4678 1493 4734 agam,
1531 4664 1713 4719 omnia
1748 4664 1899 4721 vobis
1927 4676 2080 4737 pate-

507 4762 669 4818 faciet
705 4760 976 4830 Tychicus
1004 4757 1234 4812 dilectus
1281 4755 1474 4825 frater,
1504 4764 1560 4812 et
1612 4755 1788 4813 tidelis
1830 4760 2080 4819 minister

504 4861 558 4913 in
604 4855 855 4911 Domino.
890 4870 910 4904 ι
956 4851 1085 4919 Qtue
1114 4852 1183 4905 ad
1230 4850 1635 4907 institutionem
1665 4857 1719 4906 et
1752 4851 2081 4909 consolatio-

507 4965 628 5006 nem
664 4947 939 5020 pertinere
966 4943 1314 5008 videbantur,
1354 4942 1470 5013 ipse
1494 4957 1592 5013 per
1616 4941 1914 5012 Epistulam
1935 4944 2081 4999 indi-

505 5042 670 5098 carit.
707 5039 843 5109 Quia
871 5051 1000 5095 vero
1032 5045 1086 5092 et
1132 5035 1469 5091 vinculorum
1506 5035 1777 5101 meminit,
1824 5050 1931 5092 non
1973 5035 2081 5091 im—

508 5144 751 5190 moratur
783 5134 833 5186 in
862 5129 1206 5187 sermonibus
1232 5128 1379 5182 circa
1410 5140 1530 5180 eam
1560 5141 1699 5193 rem,
1731 5128 1826 5183 sed
1858 5128 2084 5199 permit-

508 5228 572 5282 tit
603 5225 807 5296 aliquid
837 5233 891 5279 et
922 5221 1165 5294 Tychico
1188 5219 1254 5274 de
1286 5236 1345 5274 se
1376 5219 1771 5284 disserendum,
1799 5234 1868 5275 ne
1898 5219 2083 5275 tratris

506 5318 791 5390 praesentia
826 5317 897 5370 sit
928 5315 1152 5369 inutilis.
1200 5312 1257 5366 Si
1312 5312 1473 5380 igitur
1498 5311 1729 5366 dilectus
1763 5321 1866 5377 est,
1895 5312 2080 5367 omnia

509 5412 698 5465 novit:
745 5408 789 5462 si
825 5406 1017 5470 lidelis,
1056 5419 1163 5459 non
1197 5404 1504 5458 mentietur.
1540 5402 1788 5456 Minister
1812 5413 1995 5457 autem
2025 5404 2106 5471 in_

510 5502 760 5568 Domino,
779 5499 879 5555 hoc
903 5508 986 5554 est
1003 5507 1230 5568 propter
1282 5495 1450 5548 Deum
1478 5495 1815 5561 minis-trans,
1840 5494 2081 5565 adeoque

587 5639 604 5679 '-
633 5636 823 5691 )latth.
871 5651 923 5688 τ.
958 5632 1051 5688 l9.

2184 4663 2364 4721 πάντα
2415 4663 2543 4734 ὑμῖν
2574 4661 2832 4733 γνωρίσει
2884 4660 3139 4732 Τυχικὺς,
3169 4661 3199 4713 δ
3225 4660 3508 4731 ἀγαπητὸς
3534 4655 3722 4725 ἁδελφὸς

2185 4759 2280 4814 καὶ
2317 4756 2508 4820 πιστὸς
2529 4754 2776 4819 διάκονος
2803 4755 2862 4809 ὲν
2896 4753 3107 4824 Κυρίῳ.
3156 4770 3177 4804 ι
3210 4754 3277 4807 Ἀ
3309 4752 3411 4822 μὲν
3457 4746 3523 4823 ἦν
3554 4746 3720 4818 δογμά-

2182 4868 2293 4906 των
2319 4850 2414 4906 καὶ
2459 4848 2883 4920 παρακλήσεως,
2935 4846 3098 4908 αὐτὸς
3133 4844 3222 4899 διὰ
3278 4848 3381 4917 τῆς
3444 4838 3718 4906 Ἐπιστολῆς

2185 4942 2475 5014 ἐδήλωσεν
2502 4939 2627 4995 επεὶ
2652 4939 2709 4993 δὲ
2739 4938 2955 5006 δεσμῶν
2989 4935 3259 5008 ἐμνήσθη,
3306 4936 3410 4990 οὐκ
3439 4929 3717 5004 ἐνδιατρίϐει

2185 5035 2301 5096 τοῖς
2329 5033 2461 5103 περὶ
2480 5030 2690 5085 τούτων
2721 5030 2925 5099 λόγοις,
2956 5027 3071 5083 ἀλλ’
3121 5027 3317 5098 ἀφίησί
3350 5043 3403 5080 τι
3434 5028 3523 5079 καὶ
3550 5023 3618 5092 τῷ
3643 5022 3719 5072 Τυ-

2185 5123 2328 5197 χικῷ
2354 5123 2702 5194 διαλεχθῆναι
2753 5122 2884 5192 περὶ
2927 5121 3092 5174 αὑτοῦ
3125 5120 3168 5185 ⁸,
3195 5119 3283 5174 ἵνα
3323 5120 3400 5191 μὴ
3429 5112 3715 5189 ἄχρηστοςὴ

2187 5214 2463 5288 παρουσία
2511 5214 2607 5268 τοῦ
2664 5212 2896 5283 ἀδελφοῦ
3027 5211 3092 5266 Ei
3128 5207 3221 5265 οὖν
3253 5210 3550 5280 ἀγαπητὸς,
3576 5204 3717 5259 πάντα

2186 5306 2357 5365 οἶδεν·
2390 5313 2441 5363 εί
2462 5307 2669 5374 πιστὸς,
2700 5306 2762 5360 ού
2798 5304 3078 5376 ψεύσεται.
3114 5322 3135 5356 ι
3157 5303 3415 5365 Διάκονος
3439 5320 3457 5354 ι
3490 5300 3542 5354 δέ
3566 5297 3716 5350 «ἐστιν

2191 5405 2249 5457 ιν
2276 5403 2517 5473 Κυρίῳ,ι
2550 5400 2818 5464 τουτέστι,
2847 5398 2937 5451 διὰ
2960 5398 3092 5451 Θεὸν
3130 5395 3417 5460 διακονῶν,
3447 5395 3534 5449 καὶ
3550 5395 3601 5445 ἐν
3626 5387 3715 5447 τας

2193 5494 2379 5558 θείοις,
2425 5494 2485 5545 οὐ
2509 5492 2595 5546 διά
2627 5508 2677 5545 τι
2723 5490 2985 5560 κοσμικόν
3017 5490 3059 5556 ³,
3086 5488 3120 5560 ἢ
3151 5488 3208 5541 ἒν
3237 5505 3346 5542 τινι
3379 5487 3484 5541 τῶν
3515 5484 3713 5556 mth

1854 5729 2054 5792 Variae
2077 5728 2407 5793 lectiones.

583 5840 631 5877 ⁹⁹
664 5834 853 5894 ἁλύσει
886 5849 940 5889 o.
1019 5834 1034 5865 ¹
1064 5830 1253 5890 ἁλύσει
1287 5847 1341 5888 o.
1421 5833 1440 5864 ’
1468 5831 1562 5903 ἀφ’
1584 5831 1777 5885 ἑαυτοῦ
1800 5846 1852 5889 0.
1933 5833 1952 5865 ³
1990 5833 2081 5886 καὶ
2107 5834 2167 5887 ού
2200 5832 2465 5901 διατρίϐει
2497 5833 2554 5884 ἐν
2580 5831 2686 5893 τοῖς
2712 5828 2839 5900 περὶ
2865 5826 2977 5893 τοῦ,
3018 5825 3103 5882 ῑσ.
3140 5825 3344 5895 κόσμου
3372 5838 3425 5880 0.
