3932 6608
243 395 370 462 1137

1044 397 1449 460 EXPOSITIO
1484 398 1565 459 IN
1607 396 1847 458 EPIST.
1886 395 1986 456 AD
2025 397 2289 463 EPlIES.
2327 422 2396 433 -’
2426 399 2584 462 CAP.
2623 401 2722 463 VI.

3350 397 3500 466 n33
3571 398 3583 410 ‘

238 520 289 589 ἢ,
318 517 347 568 ό
405 514 636 586 ἀδελφὸς
690 515 750 569 ὲν
806 516 1020 589 Κυρίῳ,
1059 517 1339 572 τουτέστιν
1383 517 1410 570 ὁ
1439 510 1811 585 πνευματικὸς

1940 526 1970 563 ιι
1992 509 2191 568 divinis
2231 515 2414 581 rebus,
2445 529 2549 570 non
2585 524 2807 586 propter
2837 512 3072 584 aliquam
3116 526 3228 568 rem
3257 514 3489 568 munda-

236 606 482 678 ἀδελφός.

306 805 325 840 ι
366 789 467 841 ’ον
518 786 741 859 ἔπεμψα
792 787 929 860 πρὸς
996 788 1141 858 ὑμᾶς
1187 790 1268 854 εἰς
1316 788 1451 844 αὐτὸ
1503 789 1687 857 τοῦτο,
1723 790 1814 847 ἵνα

236 880 410 950 γνῶτε
439 879 462 913 δ
486 879 556 935 τὰ
584 881 712 951 περὶ
739 881 899 953 ἡμῶν
937 882 983 949 ⁵,
1018 882 1114 936 καὶ
1143 882 1501 955 παρακαλέσῃ
1539 883 1637 950 τὰς
1672 900 1814 955 καρ-

234 970 351 1034 δίας
376 970 553 1042 ὑμῶν.
581 989 601 1023 ι
636 970 694 1025 Ὀ
709 969 865 1040 ἆγιος
898 971 1152 1044 Ἰωάννης
1174 971 1346 1039 οὕτως
1375 974 1615 1044 ἀνέγνω·
1657 994 1675 1027 ι
1698 974 1815 1030 Ἵνα

235 1061 424 1130 γνῶτε
474 1060 544 1115 τά
587 1060 718 1132 περὶ
767 1061 968 1133 ἡμῶνσ
999 1063 1299 1133 τουτέστιν,
1356 1063 1447 1119 ἵνα
1497 1065 1812 1139 ἀπαγγείλῃ

234 1155 365 1225 ὑμῖν
384 1154 452 1208 τά
474 1156 602 1226 περὶ
624 1154 779 1226 ἐμοῦ,
804 1156 897 1210 καὶ
922 1164 997 1228 μη
1022 1156 1134 1229 ἀφῇ
1153 1157 1297 1228 ὑμᾶς
1316 1160 1646 1214 καταπεσεῖν
1673 1160 1815 1232 ὑπὲρ

232 1248 396 1319 ἐμοῦ,
458 1248 535 1313 ὠς
586 1252 645 1302 ὲν
673 1248 869 1314 δεινοῖς
902 1248 1079 1315 ὄντος,
1106 1249 1205 1306 καὶ
1258 1249 1450 1306 ἀλυσιν
1499 1251 1813 1323 φοροῦντος.

233 1340 410 1396 Τοῦτο
436 1342 494 1396 δὲ
513 1343 613 1415 τὴν
643 1342 866 1415 ἀγάπην
907 1334 1080 1416 δηλοῖ,
1111 1345 1215 1417 τήν
1240 1362 1300 1399 τε
1327 1344 1494 1401 αὐτοῦ
1526 1347 1661 1416 πρὸς
1712 1347 1814 1400 αὑ-

232 1437 384 1500 τοὺς,
412 1433 512 1491 καὶ
545 1437 644 1508 τὴν
672 1435 899 1493 ἐκείνων
934 1437 1072 1510 πρὸς
1093 1438 1277 1494 αὐτόν.

306 1633 328 1667 ι
372 1616 586 1688 Εἰρήνη
614 1619 724 1683 τοῖς
746 1619 996 1690 ἀδελφοῖς
1037 1612 1140 1674 καῖ’
1170 1620 1359 1692 ἀγάπη
1388 1622 1526 1691 μετὰ
1557 1612 1817 1690 πίστεώς,

231 1710 344 1765 ἀπὸ
395 1711 535 1767 Θεοῦ
574 1714 809 1787 Πατρδς,
860 1717 956 1771 καὶ
1008 1715 1217 1789 Κυρίου
1274 1718 1451 1790 Ἰησοῦ
1487 1717 1744 1791 Χριστοῦ.
1793 1737 1812 1770 ι

243 1800 599 1875 Ἐπεύχεται,
631 1806 814 1871 αὐτοῖς
846 1808 1073 1880 εἰρήνην
1100 1810 1199 1864 καὶ
1244 1807 1346 1879 τὴν
1392 1808 1533 1881 μετά
1586 1809 1821 1873 πίστεως

230 1891 483 1968 ἀγάπην.
513 1895 682 1952 Τοῦτο
699 1896 757 1953 δὲ
784 1897 1027 1954 τοιοῦτόν
1052 1899 1276 1972 ἐστιν,ἢ
1303 1901 1385 1955 ὅτι
1412 1901 1498 1954 ἵνα
1523 1899 1600 1972 μὴ
1637 1901 1822 1971 ἑτερο-

229 1985 424 2051 δόξους
457 1987 766 2057 ἀγαπῶσιν,
797 1988 936 2043 ἀλλά
978 1990 1177 2060 μόνους
1208 1990 1230 2023 ⁸
1261 1991 1487 2055 πιστούς
1506 2006 1521 2023 ο
1547 1990 1582 2063 ἢ
1611 1991 1694 2045 ὅτι
1741 1991 1823 2044 δεῖ

231 2074 329 2128 καὶ
351 2074 542 2129 πίστιν
568 2074 714 2148 ιχειν
743 2076 963 2144 αὐτοὺς,
989 2077 1133 2132 ὥστε
1160 2081 1258 2134 καὶ
1300 2078 1522 2152 θαρρεῖν
1555 2079 1684 2151 περὶ
1708 2079 1819 2135 τῶν

234 2165 567 2237 μελλόντων.
633 2167 818 2239 Χωρὶς
867 2169 975 2243 γὰρ
1028 2171 1264 2235 πίστεως
1330 2172 1482 2228 οὐδὲν
1540 2172 1743 2243 ὠφελεῖ
1785 2174 1819 2244 ὴ

231 2256 456 2329 ἀγάπη,
492 2257 692 2329 μᾶλλον
717 2258 775 2313 δὲ
803 2259 913 2314 οὐδ’
940 2259 1008 2316 ἂν
1040 2261 1252 2331 γένοιτο
1281 2263 1473 2336 ἀγάπη
1525 2265 1694 2337 χωρὶς
1727 2263 1820 2318 πί-

233 2364 440 2412 στεως.
476 2349 654 2422 Ὅπερ
686 2350 707 2382 ⁷
731 2347 885 2407 εἶπεν
904 2352 1148 2425 εἰρήνην,
1179 2354 1273 2409 καὶ
1295 2353 1392 2427 τὴν
1418 2355 1557 2426 μετά
1587 2356 1822 2420 πίστεως

231 2439 488 2510 ἀγάπην.
522 2441 798 2499 Διδάσκων
835 2443 893 2498 δὲ
942 2444 1061 2510 πῶς
1094 2445 1160 2501 ἂν
1183 2446 1393 2517 γένοιτο
1418 2447 1581 2518 αὕτη,
1610 2447 1821 2519 ἐπήγα-

234 2549 361 2600 γεν,
392 2532 478 2588 ὅτι
527 2534 616 2590 διά
662 2535 762 2608 τῆς
810 2537 1051 2611 ἀγάπης.
1096 2539 1162 2594 Ἦ
1204 2540 1396 2612 ἀγάπη
1429 2540 1486 2595 δὲ
1507 2540 1660 2607 πῶς;
1697 2539 1822 2595 Ἐἀν

234 2624 435 2682 πίστιν
454 2626 686 2699 ἔχωμεν.

320 2736 344 2771 ι
383 2717 449 2773 Ἦ
473 2719 634 2792 χάρις
669 2722 808 2793 μετά
842 2722 1059 2780 πάντων
1081 2725 1191 2780 τῶν
1223 2726 1560 2796 ἀγαπώντων
1592 2730 1683 2785 τόν
1710 2730 1824 2785 Κύ-

235 2825 364 2877 ριον
393 2809 551 2880 ἡμῶν
592 2811 799 2883 Ἰησοῦν
828 2814 1064 2885 Χριστὸν
1112 2816 1172 2870 ἐν
1222 2816 1521 2892 ἀφθαρσίᾳ.
1571 2821 1766 2893 Ἀμήν.
1796 2841 1815 2874 ι

246 2898 528 2955 Ἐνταῦθα
552 2902 574 2935 ⁸
598 2901 760 2958 διεῖλε
783 2904 882 2977 τὴν
917 2907 1143 2979 εἰρήνην
1179 2908 1290 2963 ἀπδ
1322 2909 1423 2980 τῆς
1448 2910 1691 2983 Χάριτοςο
1718 2913 1824 2985 ἰδίᾳ

234 2989 363 3054 θεὶς
390 2992 728 3066 ἀμφοτέρας,
764 2996 958 3052 καίτοι.
987 2999 1263 3072 πανταχοῦ
1288 3002 1595 3059 συνάπτων.
1629 3003 1702 3057 Τὸ
1742 3005 1819 3068 δὲ,

239 3101 260 3134 ι
309 3083 409 3138 Ἐν
446 3084 750 3160 ἀφθαρσίᾳ,
783 3109 802 3142 ι
837 3091 957 3164 ἦτοι
990 3091 1049 3146 ὲν
1095 3094 1436 3167 κοσμιότητι,
1484 3095 1517 3166 ἢ
1550 3095 1659 3151 τῶν
1687 3097 1826 3166 ἀγα-

1916 618 2064 669 nam,
2092 604 2177 659 vel
2207 605 2277 660 oh
2302 605 2607 676 quampiam
2655 620 2770 662 rem
2806 613 3120 661 terrestrem
3146 620 3161 658 :
3206 602 3290 658 vel
3321 603 3490 660 frater

1915 695 1967 750 in
1996 693 2248 761 Domino,
2270 695 2415 766 quod
2440 706 2547 763 est,
2577 695 2880 766 spiritualis
2908 694 3095 751 frater.

1986 785 2152 843 Vens.
2188 788 2280 844 22.
2314 807 2333 840 ι
2379 789 2551 856 Quem
2581 790 2701 845 misi
2734 789 2800 845 ad
2833 803 2929 845 vos
2958 789 3013 843 in
3048 789 3151 846 hoc
3183 789 3383 859 ipsum,
3433 795 3492 841 ut

1915 885 2259 957 cognoscatis
2281 901 2403 957 qua:
2432 885 2578 943 circa
2605 901 2704 943 nos
2722 894 2871 952 sunt,
2899 893 2957 942 et
2984 884 3297 942 consoletur
3325 882 3489 939 corda

1915 984 2115 1032 vestra.
2158 993 2177 1029 ι
2213 976 2374 1032 Divus
2403 976 2641 1033 Joannes
2668 977 2750 1033 sic
2774 977 2904 1049 legit
2940 995 2958 1033 :
2995 995 3016 1030 ι
3053 974 3491 1047 Utcognoscatis

1917 1081 2039 1138 quae
2066 1067 2212 1123 circa
2238 1081 2338 1124 nos
2378 1077 2529 1135 sunt,
2564 1085 2585 1121 ι
2620 1066 2726 1124 hoc
2752 1077 2858 1135 est,
2902 1066 2973 1123 Ut
3005 1067 3157 1124 vobis
3180 1067 3246 1123 de
3277 1081 3362 1121 me
3391 1080 3492 1120 an-

1917 1158 2151 1224 nuntiet,
2187 1173 2289 1215 nec
2313 1158 2458 1215 sinat
2500 1173 2597 1215 vos
2631 1158 2735 1214 mei
2767 1174 2932 1215 causa
2985 1158 3364 1221 succumbere,
3410 1157 3494 1210 ni-

1920 1251 2158 1307 miumve
2195 1251 2536 1319 contristari,
2579 1252 2778 1322 quippe
2810 1251 2900 1322 qui
2947 1249 3057 1317 jam
3086 1251 3272 1322 gravia
3308 1249 3494 1303 admo-

1918 1345 2041 1398 dum
2100 1344 2296 1414 patiar,
2327 1353 2684 1415 catenamque
2728 1342 2920 1400 feram.
2950 1340 3081 1400 ‘lloc
3139 1351 3319 1397 autem
3365 1339 3498 1394 dile-

1917 1433 2153 1489 ctionem
2187 1433 2409 1499 indicat,
2439 1447 2564 1489 cum
2618 1431 2736 1503 eius
2758 1447 2883 1504 erga
2915 1434 3081 1503 ipsos,
3115 1441 3227 1487 tum
3283 1429 3496 1484 illorum

1918 1543 2044 1597 erga
2086 1527 2282 1599 ipsum.

1996 1617 2163 1685 Vsus,
2186 1619 2279 1677 23.
2330 1638 2350 1673 ι
2401 1618 2519 1676 Pax
2551 1619 2837 1686 fratribus,
2874 1630 2928 1679 et
2963 1621 3203 1678 charitas
3230 1634 3351 1677 cum
3396 1622 3499 1677 ﬁde

1921 1726 1949 1765 a
1974 1711 2086 1768 Deo
2116 1711 2297 1777 Patre,
2329 1723 2386 1769 et
2420 1712 2658 1769 Domino
2683 1712 2810 1771 Jesu
2834 1712 3075 1770 Christo.
3117 1732 3138 1768 ι
3174 1714 3370 1770 Pacem
3419 1714 3498 1769 cis

1921 1813 2160 1875 exoptat,
2214 1814 2377 1877 atque
2413 1820 2537 1863 cum
2591 1805 2699 1863 ﬁde
2743 1806 3110 1862 dilectionem.
3153 1805 3269 1862 Hoc
3319 1816 3497 1861 autem

1925 1897 2032 1953 tale
2056 1905 2158 1963 cst,
2189 1897 2273 1955 vel
2299 1906 2357 1953 ut
2384 1898 2616 1955 diversa:
2643 1899 2914 1970 opinionis
2938 1898 3190 1955 homines
3235 1914 3343 1954 non
3372 1898 3500 1953 dili-

1925 1997 2077 2060 gant,
2113 1988 2207 2045 sed
2255 1989 2402 2046 solos
2455 1988 2680 2046 ﬁdeles:
2712 1990 2796 2045 vel
2820 1991 2947 2060 quia
2980 1997 3195 2060 oportet
3248 1997 3303 2045 et
3338 1989 3497 2044 ﬁdem

1930 2081 2130 2137 habere
2160 2097 2276 2150 eos,
2308 2088 2367 2137 ut
2394 2082 2462 2138 de
2493 2080 2692 2138 futuris
2721 2082 3017 2138 conﬁdant.
3050 2081 3181 2138 Sine
3220 2081 3326 2137 ﬁde
3353 2080 3497 2136 enim

1930 2174 2065 2231 nihil
2095 2175 2318 2247 prodest
2334 2173 2594 2241 charitas,
2622 2174 2734 2230 imo
2765 2190 2832 2231 ne
2856 2173 3077 2230 dilectio
3092 2173 3309 2245 quidem
3340 2171 3503 2227 fuerit

1928 2269 2046 2326 sine
2074 2269 2219 2325 ﬁde:
2254 2265 2308 2323 id
2337 2268 2479 2339 quod
2505 2281 2693 2339 pacem
2731 2266 2887 2331 dixit,
2914 2274 2968 2323 et
3007 2280 3130 2322 cum
3174 2263 3282 2320 ﬁde
3315 2263 3500 2320 chari-

1930 2367 2119 2415 tatem.
2152 2359 2360 2417 Docens
2378 2366 2561 2415 autem
2582 2356 2857 2429 quomodo
2878 2356 2995 2413 haec
3020 2356 3132 2428 ipsa
3153 2355 3266 2422 ﬁat,
3297 2354 3501 2419 intulit,

1927 2452 2034 2507 Per
2058 2450 2409 2509 charitatem.
2445 2449 2517 2506 At
2545 2450 2688 2506 unde
2720 2448 3000 2506 charitas?
3032 2446 3090 2505 Si
3115 2447 3274 2504 ﬁdem
3300 2445 3502 2502 habea-

1930 2560 2071 2602 mus.

2006 2728 2165 2786 Vens.
2212 2728 2305 2784 24.
2365 2748 2385 2782 ι
2436 2727 2613 2786 3ralia
2661 2741 2783 2783 cum
2839 2723 3093 2782 omnibus
3129 2722 3222 2794 qui
3278 2721 3508 2792 diligunt

1932 2823 2217 2878 Dominum
2247 2831 2493 2877 nostrum
2521 2818 2711 2876 Jesum
2744 2817 3021 2874 Christum
3051 2817 3105 2872 in
3148 2814 3508 2885 incorruptio-

1931 2931 2019 2972 ne.
2052 2916 2245 2971 Amen.
2283 2932 2302 2967 ι
2342 2912 2441 2969 llic
2461 2926 2650 2984 pacem
2676 2927 2703 2967 a
2736 2912 2908 2981 gratia
2948 2908 3264 2980 distinguit,
3298 2916 3508 2963 utram-

1931 3022 2038 3076 que
2058 3006 2285 3064 seorsim
2312 3018 2543 3076 ponens,
2572 3002 2785 3059 etiamsi
2813 3000 3007 3070 ubique
3037 2998 3173 3056 alias
3201 3004 3508 3062 contrectat,

1928 3098 2064 3154 Illud
2098 3111 2266 3161 vero,
2339 3113 2360 3149 ι
2415 3094 2478 3150 In
2533 3092 2960 3162 incorruptione,
2996 3110 3016 3144 ι
3075 3090 3192 3147 sive
3251 3087 3507 3160 puritate,

237 3172 867 3281 acdivrmv‘rbr'xmccbv
900 3182 942 3249 ⁹,
970 3180 1046 3255 μὴ
1068 3183 1124 3238 ὲν
1150 3183 1365 3257 πλούτῳ
1390 3185 1421 3258 ἢ
1446 3187 1502 3240 ὲν
1530 3186 1677 3259 δόξῃ,
1710 3189 1821 3243 ἀλλ’

1934 3189 2087 3257 dicit,
2119 3186 2203 3244 vel
2228 3185 2571 3257 diligentium
2596 3183 2897 3246 Christum.
2932 3197 3041 3238 non
3062 3181 3130 3249 in
3162 3179 3369 3237 divitiis
3417 3187 3512 3234 aut

237 3266 303 3318 ὲν
337 3267 452 3328 τοῖς
482 3265 805 3339 ἀφθάρτοις,
836 3271 1108 3338 τουτέστι,
1143 3272 1234 3327 διά
1265 3273 1333 3329 τά
1357 3273 1609 3347 ἄφθαρτα
1632 3293 1646 3308 ο
1689 3277 1827 3349 ἢότι

238 3359 269 3411 ό
294 3357 531 3426 ἀγαπῶν
565 3359 655 3414 τὸν
674 3363 911 3433 Χριστὸν
957 3364 1048 3421 διὰ
1075 3367 1174 3438 τῆς
1199 3368 1401 3439 ἀρετῆς
1423 3369 1586 3422 αὑτὸν
1615 3371 1826 3443 ἀγαπᾷ.

249 3446 325 3501 Ἦ
362 3446 462 3518 μὲν
484 3447 592 3520 γὰρ
619 3450 885 3523 ἁμαρτία,
916 3453 1091 3526 φθορά
1113 3471 1128 3486 ·
1161 3457 1193 3527 ή
1220 3456 1275 3509 δὲ
1303 3456 1496 3530 ἀρετὴ,
1525 3459 1826 3531 ἀφθαρσία.

253 3539 352 3602 Ὠς
374 3539 485 3612 γὰρ
518 3541 617 3613 τὴν
650 3544 919 3615 παρθένον
944 3546 1263 3619 φθείρεσθαι
1286 3549 1541 3621 λέγομεν,
1563 3550 1707 3608 οὕτω
1738 3554 1831 3607 καὶ

239 3630 350 3700 τὴν
381 3629 600 3701 ψυχήν·
648 3631 730 3686 διὸ
788 3634 883 3688 καὶ
949 3637 1198 3702 Παῦλος·
1250 3655 1268 3689 ι
1300 3640 1514 3709 Μήπως
1544 3640 1749 3714 φθαρῇ,
1805 3662 1824 3694 ι

240 3722 409 3794 φησὶ,
442 3739 463 3775 ι
502 3723 572 3777 τά
599 3726 847 3797 νοήματα
880 3727 1033 3800 ὑμῶν
1054 3745 1068 3759 ·
1108 3748 1127 3781 ι
1157 3732 1272 3797 καὶ,
1331 3752 1350 3785 ι
1378 3734 1832 3805 Κατεφθαρμένοι

240 3814 343 3869 τὸν
362 3813 510 3872 νοῦν.
546 3816 817 3899 »ηΓένοιτο
844 3815 938 3875 οὖν
967 3822 1065 3876 καὶ
1097 3823 1245 3895 ἡμᾶς
1274 3824 1373 3896 τὴν
1405 3826 1542 3898 πρὸς
1570 3827 1662 3881 τὸν
1693 3830 1831 3899 Χρι-

244 3908 378 3963 στὸν
402 3908 622 3982 ἀγάπην
660 3910 949 3980 δεικνύειν,
983 3915 1070 3970 διά
1117 3934 1177 3971 τε
1217 3918 1575 3992 κοσμιότητος
1601 3920 1645 3952 ¹⁰
1692 3919 1833 3992 βίου,

243 4001 352 4056 καὶ
402 4001 490 4060 διὰ
519 4002 613 4058 τοῦ
647 4004 716 4060 τὰ
757 4005 1012 4080 ἄφθαρτα
1040 4011 1223 4065 ἐκεῖνα
1260 4010 1444 4083 ζητεῖν
1490 4013 1670 4083 ἀγαθά
1692 4032 1706 4047 ’
1741 4018 1835 4071 καὶ

246 4094 464 4161 ἁπλῶς,
517 4095 606 4152 διὰ
650 4099 833 4172 πάσης
887 4101 990 4173 τῆς
1036 4104 1292 4175 ιναρὲτου
1355 4105 1656 4175 πολιτείας,
1713 4109 1836 4180 ἥτις

1930 3280 2121 3353 gloria,
2174 3279 2270 3337 sed
2315 3280 2366 3335 in
2421 3274 2948 3348 incorruptibilihus,
3000 3274 3104 3330 hoc
3146 3280 3265 3341 est,
3291 3279 3510 3343 propter

1931 3369 2363 3445 incorrttptihilia
2394 3388 2416 3433 ι
2445 3368 2529 3425 vel
2552 3369 2683 3439 quia
2711 3366 2940 3438 diligens
2965 3362 3265 3431 Christum,
3294 3371 3512 3432 propter

1933 3461 2188 3517 virtutem
2239 3460 2416 3532 ipsum
2446 3458 2644 3530 diligit.
2693 3456 2977 3513 Peccatum
3007 3454 3151 3511 enim
3202 3462 3285 3509 est
3315 3466 3509 3510 corru-

1933 3555 2069 3626 ptio,
2126 3553 2298 3608 virtus
2359 3559 2539 3608 autem
2593 3546 3095 3619 incorruptibilitas.
3162 3542 3315 3601 Sicut
3363 3543 3507 3599 enim

1935 3646 2199 3718 virginem
2231 3642 2405 3717 424,
2421 3642 2697 3712 corrumpi
2729 3640 2982 3709 dicimus,
3013 3639 3140 3696 item
3165 3647 3221 3695 et
3245 3636 3508 3693 animam.

1933 3737 2223 3809 Propterea
2283 3746 2339 3792 et
2399 3734 2615 3800 Paulus,
2656 3754 2675 3788 ι
2732 3732 2811 3789 Ne
2862 3748 2970 3805 quo
3019 3732 3202 3797 modo,
3240 3748 3263 3784 ι
3313 3729 3511 3800 inquit.

1942 3850 1962 3884 ι
2001 3838 2422 3900 corrumpantur
2454 3841 2648 3884 sensus
2692 3827 2858 3883 vestri
2893 3827 2963 3884 ιε
3020 3844 3040 3879 ι
3090 3834 3169 3892 et,
3205 3842 3224 3877 ι
3265 3821 3514 3892 C0rrupti

1937 3930 2117 3978 mente
2141 3919 2192 3974 ιι.
2259 3938 2277 3974 ι
2343 3919 2636 3991 Contingat
2711 3919 2878 3991 igitur
2966 3928 3022 3974 et
3102 3932 3201 3974 nos
3262 3914 3515 3972 dilectio-

1940 4030 2064 4072 nem
2104 4027 2233 4083 erga
2264 4011 2546 4069 Christum
2570 4011 2888 4079 ostendere,
2917 4025 3038 4066 cum
3071 4022 3167 4080 per
3197 4008 3319 4064 vitae
3348 4021 3513 4062 orna-

1942 4117 2053 4161 tum
2089 4116 2144 4162 et
2181 4104 2496 4176 puritatem,
2522 4115 2635 4160 tum
2658 4118 2762 4174 per.
2790 4104 2892 4158 hoc
2913 4102 3054 4174 quod
3088 4097 3517 4170 incorruptibilia

248 4189 536 4261 ἄφθαρτον
581 4195 740 4264 τηρεῖ
782 4192 881 4268 τὴν
926 4193 1126 4267 ψυχὴν,
1176 4195 1255 4269 μὴ
1277 4197 1735 4272 διαφθειρομένην
1777 4202 1821 4254 ὲκ

1944 4200 2035 4256 illa
2090 4199 2232 4255 bona
2283 4198 2672 4267 inquiramus:
2732 4211 2797 4253 ac
2850 4193 3191 4263 simpliciter,
3232 4207 3328 4262 per
3353 4190 3520 4247 vitam

248 4280 655 4352 ἐπιτηδεύμασι
685 4285 780 4338 καὶ
812 4287 1087 4357 ἀνομίαις,
1114 4288 1170 4340 ἐν
1192 4288 1340 4361 αὑτῷ
1368 4290 1446 4363 τῷ
1496 4292 1717 4366 Χριστῷ
1758 4294 1821 4364 et]

1940 4292 2088 4348 omni
2115 4291 2314 4347 virtute
2339 4290 2713 4361 conspicuam,
2746 4304 2867 4360 quae
2912 4287 3279 4356 incorruptam
3335 4292 3520 4340 servat

252 4371 524 4445 ἀφθάρτῳ
572 4376 790 4449 νυμφίῳ
838 4378 950 4433 τῶν
1006 4379 1294 4451 παρθένων
1351 4384 1449 4438 καί⁵
1496 4384 1821 4459 ἀδιαφθόρωπ

1942 4382 2204 4449 animam,
2234 4394 2344 4437 non
2383 4386 2693 4450 corruptam
2719 4377 2916 4433 studiis
2950 4386 3007 4433 et
3032 4374 3430 4445 iniquitatibus,
3465 4374 3519 4425 in

249 4465 467 4535 ιξιυχῶν.
523 4459 593 4538 ᾯ
645 4470 681 4540 ἡ
712 4468 840 4539 δόξα
892 4472 973 4536 εἰς
1027 4472 1155 4538 τοὺς
1203 4473 1407 4541 αἰῶνας
1457 4476 1566 4531 τῶν
1604 4478 1814 4533 αἰώνων

1943 4477 2061 4547 ipso
2127 4472 2350 4529 Christo
2434 4467 2835 4539 incorruptibili
2890 4480 3093 4538 sponso
3140 4465 3411 4536 virginum
3467 4471 3520 4517 et

265 4558 464 4631 Ἀμήν·
1868 4553 2390 4637 Dincorruptarum
2443 4563 2770 4629 animarum,
2819 4559 2907 4616 cui
2956 4558 3128 4632 gloria
3186 4558 3240 4614 in
3300 4554 3519 4613 saecula.

1951 4661 2142 4717 Amen.

409 4809 493 4866 ill
523 4812 648 4870 Cor.
685 4831 763 4884 χι,
786 4817 839 4872 5.
955 4818 981 4858 ιι
1022 4817 1069 4875 ll”
1097 4819 1238 4879 Tim.
1273 4838 1355 4889 ιιι,
1388 4824 1420 4881 8

1676 4949 1868 5013 ferite
1899 4948 2229 5013 lectiones.

263 5052 506 5195 ρίζνῖθῷ
527 5067 589 5157 (ξε
609 5055 898 5202 -⁸τὲέιαῶἔ
923 5072 977 5115 ο·
1074 5062 1095 5093 ⁸
1128 5063 1290 5135 μόνον
1313 5080 1366 5122 ο.
1446 5069 1465 5100 ⁷
1494 5070 1595 5139 ὅρα
1652 5070 1709 5124 δὲ
1743 5070 1861 5135 πῶς
1890 5066 2041 5124 εἶπεν
2081 5072 2325 5143 εἰρήνην.
2354 5069 2633 5125 Διδάσκων
2653 5065 2712 5120 δὲ
2737 5080 2791 5120 ο.
2870 5065 2889 5095 ⁸
2923 5063 3027 5131 δρα
3055 5059 3172 5121 πῶς
3209 5072 3282 5112 tn.
3358 5055 3379 5088 ’
3405 5056 3519 5110 Κὺο
