3932 6586
215 409 350 473 iiii

205 527 338 595 σ’τῷ
363 529 515 599 μετὰ
543 530 655 598 τῆς
705 533 898 598 οίκίας
937 531 1083 602 ὅλης
1107 548 1121 563 ⁸
1159 532 1423 589 ἐνταῦθα
1469 535 1524 588 οι
1575 550 1796 604 στρατ-

1905 539 2008 609 ejus
2036 541 2367 610 splendidum
2427 546 2704 600 exordium
2763 546 2969 602 habuit.
3008 547 3179 619 Atque
3240 550 3352 606 ham
3406 569 3472 608 ea:
3585 577 3590 584 ·

204 619 344 688 ηγοι
385 619 778 690 ἐφοϐήθησαν
800 621 909 676 τὸν
937 623 1196 690 Παῦλον,
1223 623 1609 693 καὶήείωσαν
1629 625 1799 692 ἐξελ-

203 710 337 765 θεῖν
359 729 373 743 ο
415 711 512 766 καί
537 712 692 780 ὅλως
719 714 1004 783 λαμπρὰν
1023 717 1173 785 ἔσχε
1231 716 1297 770 eo
1353 708 1632 788 κήρυγμα
1681 719 1798 788 τὴν

203 803 445 873 ἀρχήνο
487 804 587 860 καί
623 807 810 862 ταῦτα
835 807 955 863 ἀπὸ
1005 806 1126 862 τῶν
1180 807 1464 876 Πράξεων
1497 811 1794 879 μανθάνο-

203 911 342 962 μεν.
376 897 840 966 Προσμαρτυρεῖ
871 895 942 951 δὲ
988 897 1196 964 αὐτοῖς
1233 900 1266 951 d
1293 897 1561 966 Παῦλος,
1597 901 1670 953 οὐ
1689 901 1797 969 μό·

201 1001 320 1040 νον
343 987 559 1041 πίστιν
586 989 776 1058 ὀρθὴν
800 989 902 1044 καί
931 989 1274 1057 κινδύνους,
1305 991 1466 1046 ἀλλὰ
1491 992 1588 1047 καὶ
1620 993 1794 1062 εὐμε-

202 1078 467 1135 τάδοτον
489 1083 862 1153 προαίρεσιν.
895 1075 1010 1139 Ὧν
1045 1083 1257 1138 ἕνεκεν
1313 1084 1604 1139 ἁπάντων
1627 1085 1784 1155 σφό-

201 1171 320 1242 δρα
351 1175 555 1245 φιλῶν
591 1176 814 1244 αὐτοὺς
838 1177 936 1232 και
967 1174 1154 1247 τιμῶν
1182 1178 1480 1248 φαίνεται.

221 1352 405 1373 μ-

1062 414 1469 478 ΕΧΡΟδΙΤΙΟ
1509 416 1590 478 ΙΝ
1625 413 1867 481 EPIST.
1905 419 2004 481 AD
2031 421 2362 489 PiI‘iLiPP.
2398 450 2467 462 -ο
2497 428 2655 492 CAP.
2687 431 2738 491 I‘.

3335 433 3486 500 lii2~

1897 633 2040 689 Actis
2080 635 2358 691 discimus.
2406 635 2705 692 Attestatur
2739 649 2913 695 autem
2958 639 3084 710 ipsis
3129 639 3333 697 Paulus
3369 660 3472 698 non

1898 725 2052 781 modo
2070 726 2232 795 ﬁdem
2274 736 2494 794 rectam,
2532 731 2764 801 adeoque
2794 731 3052 800 pericula,
3081 749 3261 787 verum
3312 734 3471 790 etiam

1896 817 2242 886 voluntatem,
2273 835 2390 888 qure
2429 820 2651 876 libenter
2684 823 2951 892 impertiat
2992 823 3277 895 egentibus.
3311 825 3472 892 Quo-

1895 926 2014 965 rum
2039 913 2270 968 omnium
2302 929 2466 969 causa
2498 915 2821 972 vehementer
2851 932 2938 973 eos
2975 933 3092 972 cum
3127 935 3327 987 amare,
3357 928 3484 974 tum.

1899 1003 2157 1060 honorare
2193 1004 2416 1060 videtur.

641 1524 1774 1648 THEOPHYLACTI
1861 1525 3006 1644 COMMENTARIUS

1142 1747 1222 1810 IN
1273 1747 1728 1810 EPISTOLAM
1785 1748 1888 1809 AD
1943 1741 2536 1812 PHILIPPENSES.

632 2071 859 2126 ΚΕΦΑΛ
870 2071 1033 2127 ΑΙΩΝ
1087 2071 1383 2128 ΠΡΩΤΟΝ.

267 2183 523 2251 Παῦλος
571 2184 669 2238 καί
710 2186 989 2254 Τιμόθεος
1016 2186 1226 2243 δοῦλοι
1276 2188 1481 2256 Ἰησοῦ
1511 2192 1790 2260 Χριστοῦ.

207 2276 490 2332 Ἐνταῦθα
517 2276 578 2330 οὐ
609 2277 790 2348 τίθησι
805 2278 864 2331 τὸ
882 2279 1048 2333 αὐτοῦ
1080 2278 1296 2352 ἀξίωμα
1323 2280 1450 2355 [ὅτι]
1472 2286 1500 2338 ὀ
1539 2280 1795 2341 Ἀπόσιτοι

194 2369 316 2436 λος,
359 2370 498 2425 ἀλλὰ
526 2370 712 2425 δοῦλον
744 2371 922 2443 Ἰησοῦ
953 2373 1192 2444 Χριστοῦ
1225 2375 1419 2430 ἑαυτὸν
1449 2379 1789 2450 προγράφειο

201 2463 360 2531 μέγα
396 2461 498 2532 μὲν
527 2463 809 2516 καὶτοῦτο
835 2461 919 2529 ὃν,
962 2464 1102 2536 πλὴν
1152 2467 1483 2539 κοινότερον.
1534 2465 1792 2543 Τιμοθέῳ

193 2554 251 2606 δὲ
274 2554 518 2624 γράφων
547 2554 640 2608 καὶ
671 2555 1006 2626 Κορινθίοις,
1055 2558 1357 2615 ἀπόστολον
1383 2561 1578 2617 ἑαυτὸν
1611 2565 1790 2620 καλεῖ.

195 2645 262 2697 Ti
289 2644 541 2715 δήποτε;
575 2647 701 2700 Ὅτι
749 2649 868 2702 ἐκεῖ
923 2649 1025 2719 μὲν
1076 2650 1271 2722 ἔμελλε
1305 2651 1475 2709 πολλὰ
1522 2655 1796 2711 διατάττεο

196 2735 362 2802 σθαι,
395 2737 493 2791 καὶ
534 2737 622 2792 διὰ
658 2739 820 2794 τοῦτο
875 2742 1172 2797 ἀνελάϐετο
1218 2743 1280 2797 τὸ
1335 2745 1430 2799 τοῦ
1486 2748 1788 2804 ἀποστόλου

193 2828 460 2899 ἀξίωμα·
493 2829 730 2885 ἐνταῦθα
757 2831 815 2886 δὲ
861 2832 1012 2888 οὐδὲν
1047 2834 1292 2890 τοιοῦτον
1333 2837 1636 2906 ἐπιτάττει,
1678 2841 1794 2896 ἀλλ’

192 2918 274 2984 ὡς
313 2919 620 2992 ὁμοτίμους
641 2925 798 2996 τιμᾷ.

269 3012 447 3068 Πᾶσι
472 3014 598 3081 τοῖς
629 3016 822 3084 ἁγίοις
839 3017 912 3072 ἐν
930 3019 1164 3088 Χριστῷ
1206 3019 1434 3090 Ἰησοῦ,
1461 3023 1586 3091 τοῖς
1615 3020 1796 3115 οὖσιν

194 3103 267 3160 ἐν
302 3106 655 3174 Φιλίπποις.
692 3107 914 3182 Ἐπειδὴ
941 3111 1038 3165 καὶ
1079 3112 1322 3168 Ἰουδαῖοι
1341 3103 1795 3187 ἑαυτοὺςάγίοῦς

194 3196 465 3264 ἐκάλουν,
500 3198 575 3263 ὡς
601 3199 727 3264 λαὸς
755 3200 930 3270 ἅγιος,
963 3203 1052 3258 διὰ
1082 3203 1241 3258 τοῦτο
1272 3207 1612 3280 προσέθηκεν
1642 3225 1656 3240 ο
1693 3203 1797 3265 Ἐν

195 3289 446 3358 Χριστῷ
514 3291 729 3360 Ἰησοῦ.
779 3295 844 3348 0i
901 3295 1008 3368 γὰρ
1035 3299 1093 3352 ὲν
1125 3298 1350 3371 Χριστῷ
1415 3301 1613 3372 Ἰησοῦ,
1651 3305 1796 3372 ἅγιοι

195 3381 388 3443 ὄντως
417 3379 579 3447 εἰσὶν,
613 3383 813 3440 ἐκεῖνοι
842 3384 899 3439 δὲ
931 3386 1172 3459 βέϐηλοι.

270 3472 768 3541 Συνεπισκόποις
821 3476 920 3530 καί
960 3476 1286 3546 διακόνοις.
1352 3484 1794 3550 Συνεπισκόπους

197 3555 336 3614 εἷπε
387 3563 518 3627 τοὺς
566 3565 974 3640 πρεσϐυτέρους
1013 3584 1027 3600 °
1061 3571 1122 3624 οὐ
1157 3572 1267 3646 γὰρ
1310 3574 1373 3645 δὴ
1421 3578 1479 3629 ὲν
1514 3577 1614 3649 μιᾷ
1641 3578 1794 3632 πόλει

199 3653 408 3709 πολλοὶ
447 3650 589 3727 ἦσαν
627 3658 940 3715 ἐπίσκοποι.
977 3660 1146 3718 Οὔπω
1194 3665 1304 3737 γὰρ
1336 3661 1480 3736 ἦσαν
1510 3667 1796 3740 διακεκρισ

202 3746 357 3816 μένα
389 3746 461 3801 τὰ
487 3749 752 3819 ὀνόματα,
781 3751 916 3808 ἀλλὰ
962 3754 1056 3810 καὶ
1112 3756 1164 3808 oi
1205 3756 1518 3827 ἐπίσκοποι,
1558 3761 1795 3817 διάκονοι

199 3839 306 3893 καὶ
338 3839 704 3914 πρεσὸύτεροι
739 3830 1057 3903 ἐκαλοῦντο.
1108 3846 1199 3920 Τῷ
1249 3849 1359 3922 γὰρ
1399 3851 1652 3925 Τιμοθέῳ
1673 3855 1798 3908 ἐπι-

201 3925 408 3998 σκὸπῳ
447 3931 560 3987 ὄντι
591 3933 752 4005 φησί’
785 3934 905 4004 Τὴν
925 3937 1241 3994 διακονίαν
1267 3956 1385 3997 σου
1415 3945 1799 4016 πληροφόρη-

200 4037 352 4077 σονο
384 4023 481 4077 καὶ
504 4025 686 4092 πάλιν,
711 4028 786 4083 Ὅ
809 4028 985 4099 ἐδόθη
1003 4045 1100 4086 σοι
1125 4034 1278 4103 μετὰ
1313 4035 1653 4106 ἐπιθέσεως
1679 4035 1800 4094 τῶν

200 4113 438 4183 χειρῶν
462 4117 568 4172 τοῦ
615 4122 1046 4192 πρεσϐυτερίου
1091 4139 1106 4156 ·
1160 4126 1404 4182 τουτέστι
1439 4129 1550 4184 τῶν
1579 4125 1800 4187 ἐπισκό-

204 4223 358 4262 πων*
389 4207 453 4260 οὐ
500 4207 617 4283 ’γὰρ
651 4213 1012 4285 πρεσϐύτεροι
1057 4216 1152 4270 τὸν
1197 4218 1496 4276 ἐπίσκοπον
1527 4221 1799 4296 ἐχειροτό-

204 4317 366 4357 νουν.
393 4300 508 4354 Καὶ
537 4297 604 4356 αὖ
624 4302 688 4368 ⁸³,
709 4304 760 4358 oi
787 4306 1172 4379 πρεσϐύτεροι,
1203 4311 1497 4367 ἐπίσκοποι
1526 4315 1796 4384 ἐλέγοντο,

204 4392 290 4455 ὡς
323 4392 754 4460 ἐπισκοποῦντες
797 4397 1001 4471 δηλαδὴ
1047 4400 1144 4454 καὶ
1177 4401 1334 4456 αὐτοὶ
1357 4400 1447 4458 τὸν
1477 4405 1627 4474 λαὸν,
1656 4407 1815 4464 ὥστε·

208 4484 513 4556 καθαίρειν
557 4487 652 4542 καὶ
694 4488 956 4559 φωτίζειν
1009 4492 1140 4552 τοὺς
1197 4494 1508 4566 δεομένους.
1545 4500 1706 4564 Τίνος
1743 4501 1802 4556 δὲ

206 4573 384 4646 χάριν
411 4574 490 4644 τῷ
517 4575 705 4649 κλήρῳ
735 4578 831 4635 νῦν
855 4579 1081 4651 γράφει,
1113 4582 1252 4655 ὅπερ
1279 4583 1522 4656 οὐδαμοῦ
1559 4588 1798 4662 ἀλλαχοῦ

208 4666 517 4736 tuaique»);
561 4670 684 4724 Ὀτι
735 4671 891 4727 αὐτοὶ⁸
931 4674 1025 4728 τὸν
1066 4675 1461 4747 Ἐπαφρόδιτον
1519 4679 1797 4753 ἔπεμψαν,

207 4759 571 4830 ἐπαγόμενον
604 4763 675 4817 τὰ
709 4764 846 4836 πρὸς
873 4766 1065 4837 χρείαν
1097 4767 1178 4840 τῷ
1218 4766 1551 4844 Ἀποστόλῳ.

287 4851 476 4920 Χάρις
497 4854 642 4924 ὑμῖν
662 4856 762 4911 καί
791 4858 1002 4928 ειρήνη
1029 4859 1150 4915 ἀπὸ
1173 4862 1323 4918 Θεοῦ
1347 4865 1582 4933 Πατρός
1606 4865 1796 4936 ἡμῶν,

207 4944 320 5000 καί
357 4946 579 5016 Κυρίου
625 4949 828 5018 Ἰησοῦ
857 4951 1137 5020 Χριστοῦ.
1183 4954 1258 5009 Τὸ
1291 4950 1522 5026 σύνηθες
1558 4963 1803 5034 πρόσρηδ

214 5056 301 5108 μοι
333 5038 681 5111 προτίθησιν,
721 5043 1088 5114 ἐπευχόμενος
1124 5046 1312 5112 αὐτοῖς
1374 5049 1462 5104 ἵνα
1495 5065 1802 5123 κεχαριτωο

218 5129 386 5200 μένοι
419 5124 552 5195 εἷεν,
590 5133 686 5186 καὶ
715 5133 792 5204 μὴ
818 5135 1152 5212 ἐπαρθέντες
1201 5139 1324 5194 κατ’
1364 5141 1612 5213 ἀλλήλων
1634 5143 1803 5198 ἐκπέ-

219 5237 363 5274 σωσι
393 5219 494 5290 τῆς
514 5222 740 5294 εἰρήνης
799 5224 891 5279 οιαὶ
940 5226 1040 5298 τῆς
1084 5227 1362 5299 ὁμονοίας.
1396 5231 1479 5285 Τὰ
1507 5232 1617 5304 γὰρ
1644 5235 1804 5306 χαρί-

222 5323 412 5381 σματα
431 5313 545 5374 τοῖς
573 5313 648 5384 μὴ
671 5314 716 5346 ³⁸
752 5315 1083 5388 προσέχωσι
1117 5319 1288 5389 τύφου
1319 5322 1577 5393 πρόξενοι.

375 5427 396 5469 1
423 5427 468 5485 Π
506 5430 648 5488 Tim.
683 5448 756 5502 tv,
798 5432 852 5491 5.
963 5444 1001 5468 "
1037 5437 1055 5492 Ι
1099 5437 1238 5496 Tim.
1270 5457 1343 5506 IV,
1371 5443 1425 5497 4.

2299 2077 2461 2149 427
2494 2074 2721 2134 CAPUT
2760 2075 3050 2134 PRIMUM.

1969 2191 2128 2246 Vens.
2166 2191 2216 2245 Ι.
2248 2190 2454 2245 Paulus
2475 2200 2522 2245 et
2557 2189 2880 2256 Timotheus,
2918 2191 3053 2247 servi
3081 2189 3208 2247 Iesu
3244 2191 3464 2248 Christi.

1897 2280 1996 2338 Hic
2024 2297 2128 2338 non
2145 2281 2298 2351 ponit
2327 2281 2647 2353 dignitatem
2669 2277 3121 2339 auctoritatemve
3145 2298 3297 2338 suam
3327 2284 3446 2353 Apo

1896 2374 2090 2441 stolus,
2121 2387 2309 2430 verum
2350 2388 2410 2431 se
2460 2387 2676 2431 servum
2725 2372 2854 2430 Jesu
2894 2373 3096 2432 Christi
3128 2375 3338 2431 scribit.
3366 2375 3475 2430 Ma-

1895 2479 2058 2537 gnum
2117 2463 2335 2534 quidem
2412 2464 2578 2522 etiam
2634 2464 2736 2521 hoc
2793 2474 2898 2534 est,
2957 2465 3052 2520 sed
3109 2465 3474 2520 communius.

1897 2557 2182 2614 Timotheo
2202 2566 2382 2613 autem
2433 2557 2681 2614 scribens
2705 2566 2760 2614 et
2803 2556 3119 2623 Corinthiis,
3164 2556 3470 2627 apostolum

1896 2663 2015 2704 sese
2040 2657 2222 2706 vocat.
2247 2649 2419 2716 Quam
2443 2650 2513 2705 ob
2546 2649 2802 2705 causam?
2828 2649 2965 2717 Quia
2998 2649 3108 2705 illic
3132 2650 3299 2705 multa
3325 2649 3475 2704 ordi-

1899 2749 2124 2798 naturus
2144 2749 2282 2806 erat,
2302 2747 2584 2812 propterea
2605 2739 2835 2810 apostoli
2859 2741 3240 2796 auctoritatem
3267 2753 3480 2795 assum-

1897 2835 2024 2906 psit.
2054 2833 2154 2889 Hic
2182 2841 2363 2890 autem
2402 2833 2540 2888 nihil
2575 2832 2681 2889 tale
2709 2832 2963 2904 iniungit,
3005 2832 3100 2888 sed
3129 2831 3278 2887 velut
3318 2845 3478 2901 pares

1898 2927 2104 2983 hunore
2127 2914 2495 2996 prosequitur.

1971 3019 2228 3074 Omnibus
2255 3018 2453 3073 salictis
2492 3018 2547 3072 in
2581 3014 2792 3073 Christo
2820 3014 2975 3082 Iesu,
3004 3017 3096 3089 qui
3121 3025 3242 3072 sunt
3270 3011 3479 3086 Philip-

1896 3115 1997 3184 pis.
2021 3111 2155 3180 Quia
2185 3110 2352 3167 Judaei
2391 3110 2598 3180 seipsos
2627 3119 2846 3165 sanctos
2878 3108 3246 3180 appellabant,
3281 3110 3487 3180 quippe-

1898 3201 2022 3272 quia
2065 3200 2292 3271 pupuius
2333 3207 2558 3256 sanctus
2591 3207 2768 3266 erant,
2821 3212 2943 3256 eam
2993 3200 3064 3257 ob
3107 3214 3223 3255 rem
3259 3200 3476 3269 adjecit,

1903 3288 1968 3344 In
2011 3288 2219 3344 Christo
2245 3288 2392 3345 Jesu.
2435 3287 2536 3355 Qui
2568 3289 2716 3344 enim
2753 3288 2808 3344 in
2835 3287 3051 3346 Christo
3074 3281 3204 3346 Iesu
3251 3300 3401 3358 sunt,
3443 3291 3483 3344 is

1900 3390 2029 3434 vere
2063 3387 2190 3434 sunt
2219 3377 2417 3445 sancti,
2448 3376 2526 3433 illi
2565 3385 2743 3433 autem
2767 3377 3000 3448 profani.

1820 3428 1865 3488 (³
1914 3428 3103 3540 "captust-.1."assigesgsgspos
3133 3469 3480 3540 presbyteros

1895 3560 2185 3633 apperlavit
2231 3576 2246 3617 :
2284 3576 2390 3617 non
2429 3562 2575 3618 enim
2629 3562 2682 3617 in
2717 3572 2824 3616 una
2868 3559 3002 3616 urbe
3032 3557 3186 3616 multi
3236 3563 3488 3632 θρίεοουῐ

1898 3657 2136 3711 fuerunt.
2191 3653 2440 3710 Nondum
2491 3655 2638 3710 enim
2695 3662 2852 3710 erant
2897 3653 3153 3710 distincta
3233 3654 3476 3716 nomina,

1897 3761 2082 3803 verum
2106 3747 2208 3820 ipsi
2239 3746 2734 3819 episcOpi,diaconl
2773 3759 2827 3803 et
2859 3743 3160 3819 presbyteri
3201 3748 3476 3804 vocaban-

1899 3850 2004 3896 tur.
2032 3837 2316 3895 Timotheo
2347 3839 2493 3895 enim
2518 3839 2772 3910 episcopo
2800 3839 3045 3895 scribens
3077 3839 3254 3910 inquit
3284 3839 3481 3896 :Mini-

1896 3931 2112 3990 aurium
2153 3939 2302 3984 tuum
2354 3931 2512 4001 imple
2540 3929 2583 3986 ι.
2631 3928 2698 3984 Et
2734 3941 2918 3987 rursus
2949 3948 2963 3985 :
3005 3928 3159 3996 Quod
3187 3929 3371 3985 datum
3403 3940 3479 3986 est

1898 4020 1990 4077 tibi
2020 4035 2136 4076 cum
2161 4022 2496 4092 impdsitione
2529 4032 2783 4077 manuum
2809 4016 3203 4094 presbyterii",
3238 4019 3340 4079 hoc
3396 4030 3482 4077 est

1899 4116 2276 4188 episcoporum
2337 4134 2351 4170 :
2403 4109 2511 4171 non
2571 4114 2716 4172 enim
2791 4115 3096 4186 presbyteri
3169 4114 3481 4186 episcOpum

1899 4209 2244 4266 ordinabant.
2302 4207 2511 4263 Rursus
2535 4203 2838 4279 presbyteri
2871 4206 3116 4276 episcopi
3146 4204 3315 4259 etiam
3338 4205 3484 4260 dice-

1901 4304 2120 4369 bantur,
2157 4309 2215 4357 ut
2238 4301 2331 4372 qui
2354 4309 2410 4356 et
2432 4300 2530 4370 ipsi
2557 4299 2810 4369 populum
2845 4298 3234 4369 inspectarent,
3259 4295 3482 4366 ejusque

1903 4407 2086 4451 curam
2121 4397 2395 4464 gererent,
2443 4399 2501 4446 ut
2560 4397 2854 4462 purgarent
2905 4385 3356 4459 illustrarentque
3387 4403 3481 4444 eos

1902 4499 2037 4559 quos
2087 4497 2233 4545 esset
2275 4495 2522 4543 necesse.
2566 4483 2736 4554 Cujus
2781 4493 2959 4538 autem
3012 4475 3089 4538 rei
3134 4482 3307 4554 gratia
3335 4497 3482 4538 nunc

1904 4583 2055 4639 clero
2101 4581 2293 4639 scribit
2322 4580 2424 4651 (l),
2476 4577 2620 4647 quod
2672 4587 2936 4646 nusquam
2981 4570 3108 4631 alibi
3155 4575 3481 4644 fecit‘lQuia

1905 4674 2007 4746 ipsi
2043 4673 2469 4744 Epaphroditum
2501 4669 2910 4741 ablegaverant,
2942 4669 3035 4739 qui
3081 4683 3202 4739 quae
3233 4670 3481 4740 apostolo

1835 4775 1876 4832 υ
1904 4767 2088 4822 essent
2120 4762 2262 4828 usui,
2288 4760 2527 4816 alfarret.

1977 4859 2139 4914 Visus.
2169 4856 2226 4911 2.
2255 4852 2440 4910 Gratia
2475 4855 2617 4910 vobis
2647 4863 2693 4910 et
2726 4866 2831 4924 pax
2858 4871 2890 4909 a
2929 4853 3037 4910 Deo
3087 4851 3248 4908 Patre
3273 4861 3479 4922 nostro,

1903 4963 1951 5010 et
2007 4953 2231 5008 Domino
2281 4948 2410 5004 Jesu
2440 4944 2674 5006 Christo.
2714 4948 3042 5006 Consuetam
3097 4945 3478 5002 salutationem

1904 5045 2144 5118 apponit,
2169 5053 2527 5115 comprecans
2559 5043 2638 5100 eis
2666 5049 2726 5097 ut
2777 5041 2949 5114 gratia
2984 5039 3276 5103 donentur,
3321 5045 3377 5092 et
3413 5051 3479 5089 ne

1903 5139 2041 5194 alter
2075 5138 2130 5193 in
2156 5137 2388 5193 alterum
2419 5133 2544 5190 elati
2588 5133 2838 5190 excidant
2864 5148 2893 5187 a
2919 5145 3050 5203 pace
3075 5131 3132 5186 et
3165 5126 3474 5186 concordia.

1903 5232 2243 5289 Charismata
2277 5229 2422 5286 enim
2456 5239 2562 5284 non
2599 5224 3002 5284 attendentibus
3040 5221 3240 5278 fastum
3277 5225 3332 5276 et
3365 5217 3479 5274 ela-

1908 5323 2111 5381 tionem
2143 5322 2440 5378 advehunt.

1593 5535 1792 5600 Variae
1821 5536 2146 5601 lectiones.

301 5652 349 5685 ¹⁵
372 5651 532 5719 αὖθις
561 5669 615 5712 0.
697 5656 740 5690 ¹⁶
782 5659 884 5729 μὲν
911 5675 965 5715 0.

307 5769 384 5839 (Ι)
416 5769 536 5846 Quo
569 5781 920 5846 argnmento_
959 5781 1209 5839 constet,
1277 5789 1308 5831 a
1377 5773 1542 5842 clero,
1597 5775 1770 5846 nonja
1807 5774 2002 5846 populo
2049 5775 2272 5832 missum
2323 5771 2764 5846 Epaphraditum,
2801 5786 2901 5844 ego
2982 5767 3198 5841 quidem
3239 5770 3476 5828 nondum

230 5855 371 5908 queo
400 5843 601 5898 videre.
639 5841 872 5899 LATINUS
901 5840 1180 5899 LATINtUS.
1257 5894 1260 5895 ν
