3932 6578
277 390 411 456 [145

1040 394 1447 456 EXPOSITIO
1492 394 1574 454 IN
1609 393 1848 454 EPIST.
1886 392 1985 453 AD
2014 393 2345 460 PHILIPP.
2376 423 2443 433 -
2465 396 2623 459 CAP.
2670 396 2718 458 Ι.

3393 390 3529 457 1146

270 505 447 574 ὑμᾶς,
472 502 542 558 ἔν
572 520 635 559 τε
654 502 778 572 τοῖς
811 503 1060 575 δεσμοῖς
1098 524 1240 577 μου,
1273 506 1371 560 καὶ
1420 504 1497 575 τῇ
1528 504 1848 574 ἀπολογίᾳ,

1969 506 2176 562 vinculis
2200 509 2351 575 meis,
2372 518 2421 564 et
2454 512 2508 565 in
2527 511 2836 583 defensione
2859 516 2907 563 et
2931 506 3333 577 conﬁrmatione
3354 504 3530 561 Eran-

269 597 372 653 καὶ
393 599 714 664 ,ϐεϐαιώσει
759 598 864 655 τοῦ
906 602 1302 670 Εὐαγγελίου.
1343 601 1608 665 Πέποιθα,
1661 602 1848 671 φησὶν,

269 692 358 746 ὅτι
393 691 520 762 ἀχρι
563 691 751 755 τέλους
805 692 1039 746 τοιοῦτοι
1080 692 1295 771 ἔσεσθε,
1346 694 1440 748 καὶ
1470 678 1653 766 ιρρονῶ
1694 693 1854 747 τοῦτο

272 785 419 855 ὑπὲρ
448 783 624 851 ὑμῶν,
653 784 788 838 διότι
833 787 919 840 ἀεὶ
948 786 1057 856 ἔχω
1105 787 1163 838 ὲν
1192 789 1257 858 τῇ
1310 786 1512 858 καρδίᾳ
1554 786 1724 856 ὑμᾶς,
1757 788 1854 840 καὶ

270 874 393 932 οἶδα
418 878 486 932 τά
516 878 763 949 ὑμέτερα
788 880 1216 950 κατορθώματα,
1272 879 1367 933 καὶ
1408 881 1491 934 ὅτι
1522 880 1854 945 σπουδάζετε

270 969 372 1021 καὶ
425 970 656 1034 ἀπόντες
684 971 1041 1039 συγκοινωνοί
1074 988 1178 1040 μου
1208 971 1465 1040 γενέσθαι
1504 972 1605 1039 τῆς
1629 973 1855 1041 χάριτος

269 1062 369 1115 τοῦ
430 1062 766 1132 Εύαγγελίου
814 1064 909 1117 καὶ
967 1063 1364 1135 τῶψδεσμῶν.
1426 1064 1593 1118 ’Ὥστε
1647 1063 1856 1118 δίκαιόν

271 1159 426 1209 ἐστιν
454 1155 552 1227 ἐμὲ
584 1155 810 1210 τοιαῦτα
846 1156 1207 1227 στοχάζεσθαι
1241 1156 1383 1222 ὑπὲρ
1414 1156 1591 1228 ὑμῶν,
1625 1157 1720 1211 καὶ
1749 1155 1859 1210 ἀπὸ

272 1245 384 1298 τῶν
431 1245 734 1315 προοιμίων
761 1246 1162 1318 τεκμαίρεσθαι
1188 1247 1232 1278 ”
1268 1249 1362 1300 καὶ
1392 1247 1454 1301 τὸ
1489 1248 1666 1312 τέλος.
1694 1248 1859 1303 Ὅσον

274 1339 333 1392 δὲ
384 1338 663 1408 ἐγκώμιον
689 1339 751 1392 τδ
809 1340 867 1392 ὲν
917 1339 1117 1413 καρδίᾳ
1168 1336 1308 1395 εἶναι
1364 1341 1604 1407 Παύλου,
1651 1341 1745 1396 τοῦ
1784 1341 1860 1413 μὴ

276 1430 467 1494 ἁπλῶς
490 1431 686 1496 οὕτως,
713 1430 851 1487 ἀλλά
878 1433 1019 1504 μετά
1067 1433 1323 1506 κρίσεως,
1373 1435 1468 1488 καὶ
1513 1436 1641 1497 τοὺς
1674 1435 1862 1501 ἀξίους

274 1522 605 1592 ἀγαπῶντος
628 1540 644 1590 ;
691 1523 832 1578 Ἀλλ’
857 1523 966 1577 οὐδ’
987 1524 1100 1592 ὅτε,
1120 1525 1310 1595 φησὶν,
1343 1524 1727 1595 ἀπελογούμην
1753 1527 1860 1580 Νέ-

280 1633 440 1683 ρωνι,
474 1615 730 1686 ἐξέστητέ
759 1633 866 1687 μου
902 1616 1002 1686 τῆς
1054 1619 1302 1690 μνήμης.
1345 1617 1650 1671 Βεσαίωσιν
1670 1617 1728 1672 δὲ
1764 1616 1860 1672 τοῦ

278 1706 617 1775 Εὐαγγελεου
670 1706 742 1761 τὰ
770 1707 945 1778 δεσμά
983 1725 1119 1779 φησι
1172 1711 1267 1764 καὶ
1312 1709 1415 1772 τὰς
1470 1709 1700 1779 θλίψεις.
1753 1711 1864 1764 Καὶ

276 1796 579 1868 ἀπολογίαν
609 1799 667 1852 δὲ
714 1798 853 1854 αύτά
884 1798 1058 1853 ταῦτα
1091 1799 1268 1864 εἴποις
1303 1801 1391 1857 ἄν.
1424 1801 1702 1872 Πρόδηλον
1727 1802 1859 1872 γὰρ,
1889 1846 1938 1906 Β

275 1893 362 1943 ὅτι
386 1893 438 1944 εἰ
482 1889 557 1962 μὴ
599 1891 893 1945 ἐπέπειστο
926 1893 1203 1964 ἀρρήτους
1236 1889 1378 1947 εἶναι
1409 1894 1731 1955 ἀντιδόσεις,
1763 1893 1860 1946 καὶ

275 1984 464 2051 deum
493 1983 694 2051 ἀγαθὰ,
721 1985 823 2038 οὐκ
849 1985 914 2038 ἂν
933 1986 1236 2055 ὲδεσμείτοο
1261 1985 1363 2039 οὐκ
1386 1985 1432 2017 ’⁸
1460 1985 1527 2039 ἆν
1558 1985 1635 2057 τῷ
1668 1983 1861 2056 θηριώ-

275 2076 357 2128 δει
387 2076 605 2147 Νέρωνι
634 2078 1027 2148 προσέκρουεν,
1070 2079 1119 2130 ει
1149 2076 1224 2149 μὴ
1257 2077 1415 2130 ἄλλον
1451 2078 1674 2147 βασιλέα
1706 2095 1859 2147 μονι-

280 2164 532 2240 μὼτέρον
556 2168 602 2201 ’⁸
636 2170 914 2243 προεώρα.
939 2208 942 2212 ~
969 2171 1134 2224 Ὥστε
1196 2170 1254 2225 αἱ
1310 2168 1519 2239 θλίψεις
1565 2169 1861 2239 βεϐαίωσις

277 2263 376 2317 τοῦ
405 2263 761 2331 Εὑαγγελίου.

351 2354 807 2422 Συγκοινωνούς
855 2372 959 2424 μοι
998 2355 1112 2426 τῆς
1157 2357 1399 2424 χάριτος
1438 2353 1673 2421 πάντας
1705 2352 1861 2424 ὑμᾶς

280 2442 484 2510 ὄντας.
517 2446 802 2500 Δείκνυσιν
832 2446 1089 2514 ἐνταῦθα,
1133 2447 1216 2501 ὅτι
1250 2449 1352 2502 οὐκ
1379 2447 1621 2518 ἀκρίτως
1664 2446 1863 2510 αὐτοὺς

280 2533 494 2605 ἀγαπᾷ.
537 2535 634 2588 Διά
680 2533 843 2589 τοῦτο
863 2537 995 2608 γὰρ,
1018 2539 1208 2607 φησιν,
1232 2536 1342 2607 ἔχω
1376 2537 1522 2605 ὑμᾶς
1556 2537 1614 2588 ἐν
1633 2539 1700 2603 τῇ
1727 2554 1865 2602 καρ-

279 2625 391 2698 δίᾳ,
421 2627 554 2681 διότι
588 2627 943 2698 συγκοινωνοί
974 2629 1065 2699 μοί
1092 2630 1216 2683 ὲστε
1255 2632 1355 2700 τῆς
1385 2629 1610 2700 χάριτος
1630 2627 1858 2695 ταύτης,

280 2722 530 2775 τουτέστι
582 2721 691 2775 τῶν
725 2721 958 2792 θλίψεων
991 2722 1091 2777 καὶ
1125 2722 1236 2777 τῶν
1267 2722 1482 2794 δεσμῶν
1516 2738 1530 2752 ·
1565 2722 1660 2776 καὶ
1690 2736 1861 2774 σπου-

280 2812 475 2875 δάζετε
536 2811 1061 2884 μὴάπολειφθῆναι
1114 2813 1273 2886 ἡμῶν
1305 2815 1364 2868 ἐν
1414 2816 1536 2878 ταῖς
1593 2813 1861 2885 θλίψεσιν,

281 2901 422 2955 ἀλλά
456 2902 564 2956 τῶν
604 2904 744 2974 ὑπὲρ
787 2904 882 2958 τοῦ
927 2904 1263 2973 Εὑαγγελίου
1307 2903 1634 2976 πειρασμῶν
1667 2921 1863 2958 κοινω-

284 2995 605 3066 νῆσαι.”οτι
636 2995 694 3049 δὲ
716 2999 761 3031 ³⁵
784 2995 946 3068 χάρις
974 2995 1045 3050 τὰ
1073 2996 1272 3068 δεσμὰ,
1300 2996 1459 3068 δῆλον
1492 3015 1506 3031 ο
1546 2997 1739 3065 Ἀρκεῖ
1761 3012 1863 3052 σοι

279 3087 321 3154 ἡ
379 3085 552 3155 χάρις
586 3105 725 3156 μου.
764 3088 838 3142 Ἠ
883 3086 994 3157 τὰρ
1051 3088 1308 3157 δύναμίς
1330 3105 1453 3158 μου
1487 3088 1864 3157 ἐνάσθενείᾳ

1953 600 2096 670 gelii.
2124 600 2374 668 Conﬁdo,
2403 602 2597 673 inquit,
2632 620 2726 659 vos
2755 603 2820 657 ad
2849 603 3010 656 ﬁnem
3045 614 3215 670 usque
3234 600 3369 655 tales
3385 599 3524 666 fore,

1954 705 2116 763 atque
2150 695 2252 750 hoc
2278 696 2345 749 de
2386 697 2537 751 vobis
2561 697 2756 761 sentio,
2788 694 2956 768 529
2977 693 3416 765 quandoquidem
3436 707 3531 747 vos

1954 786 2010 857 in
2042 787 2205 841 corde
2258 802 2378 842 meo
2436 803 2655 859 semper
2705 804 2856 858 gero,
2908 799 3071 856 atque
3120 787 3234 842 scio
3266 784 3529 855 praeclara

1957 894 2121 948 Opera
2150 889 2351 945 vestra,
2391 888 2447 935 et
2486 882 2629 951 quod
2658 883 2907 936 absentes
2937 883 3100 936 etiam
3134 881 3277 935 detis
3304 896 3527 950 operam

1958 980 2235 1026 consortes
2259 971 2392 1026 mihi
2418 971 2533 1026 ﬁeri
2559 973 2745 1039 gratia:
2764 971 3041 1044 Evangelii
3062 972 3533 1040 vinculorumque.

1958 1059 2192 1116 Proinde
2233 1062 2436 1130 justum
2466 1072 2552 1118 est
2603 1078 2689 1118 me
2727 1062 2853 1118 talia
2907 1064 2972 1119 de
3022 1065 3176 1118 vobis
3231 1063 3530 1132 conjicere,

1961 1164 2124 1225 atque
2153 1170 2219 1210 ex
2249 1156 2563 1224 primordiis
2591 1160 2752 1211 ﬁnem
2798 1156 3068 1228 colligere.
3113 1158 3323 1225 Quanta
3356 1166 3535 1211 autem

1960 1246 2078 1300 laus
2116 1256 2202 1302 est
2242 1246 2411 1302 Paulo
2438 1262 2559 1304 esse
2587 1248 2763 1312 cordi,
2801 1248 2892 1319 qni
2939 1263 3044 1302 non
3081 1250 3150 1301 ita
3194 1246 3538 1316 simpliciter,

1962 1340 2057 1394 sed
2081 1356 2205 1396 cum
2242 1340 2470 1411 judicio,
2513 1350 2568 1395 et
2596 1342 2789 1412 dignos
2823 1339 3042 1410 diligit?
3065 1340 3134 1394 At
3163 1356 3228 1392 ne
3257 1349 3367 1392 tum
3417 1338 3543 1408 qui-

1962 1432 2106 1494 dem,
2139 1432 2335 1501 inquit,
2393 1433 2609 1502 quando
2654 1433 2794 1501 apud
2851 1432 3117 1487 Neronem
3172 1430 3541 1484 defensionem

1966 1538 2141 1576 meatu
2178 1521 2304 1585 feci,
2335 1524 2594 1578 memoria
2640 1539 2762 1578 mea
2810 1524 3110 1578 excidistis.
3156 1521 3545 1581 Couﬁrmatio-

1966 1628 2086 1668 nent
2108 1622 2288 1669 autem
2321 1613 2594 1685 Evangelii
2630 1615 2841 1669 vincula
2874 1622 2928 1669 et
2985 1613 3306 1669 aﬂlictiones
3343 1622 3497 1667 vocat
3527 1652 3541 1666 .

1965 1714 2021 1761 et
2051 1706 2167 1761 haec
2195 1706 2311 1775 ipsa
2333 1706 2705 1762 defensionem
2729 1706 2906 1762 dicere
2933 1707 3156 1777 poteris.
3189 1704 3543 1772 Perspicuum

1966 1798 2112 1852 enim
2146 1808 2252 1863 est,
2282 1799 2382 1854 nisi
2407 1800 2596 1855 fuisset
2635 1814 2927 1870 persuasus
2972 1796 3276 1853 ineffabiles
3306 1810 3430 1851 esse
3457 1810 3543 1849 re-

1968 1890 2311 1956 tributiones,
2344 1900 2399 1946 et
2452 1893 2615 1947 nullis
2644 1892 2826 1947 verbis
2865 1890 3196 1946 enarrabilia
3249 1889 3390 1943 bona
3424 1902 3546 1958 quae

1963 1991 2321 2052 exspectaret,
2365 2000 2473 2039 non
2516 1984 2711 2040 fuisset
2756 1986 3009 2039 vinctus:
3066 1981 3277 2038 ellerati
3314 1980 3545 2035 Neronis

1962 2074 2315 2131 oﬁ'eusionem
2353 2089 2459 2130 non
2497 2074 2846 2138 incurrisset,
2879 2075 2980 2131 nisi
3034 2074 3198 2129 alitum
3237 2074 3541 2142 imperato-

1964 2182 2077 2221 rem
2132 2167 2336 2222 diutius
2397 2169 2717 2223 duraturnm
2760 2167 2943 2223 animo
3001 2183 3103 2222 suo
3143 2165 3542 2236 prospexisset.

1963 2261 2149 2331 Itaque
2173 2259 2489 2317 aﬂlictiones
2514 2271 2640 2317 sunt
2666 2262 3008 2317 conﬁrmatio
3031 2261 3324 2333 Evangelii.

2038 2353 2176 2411 Dum
2204 2355 2435 2410 consocii
2485 2357 2672 2424 gratia:
2702 2371 2831 2409 mea:
2858 2370 2945 2408 vos
2983 2371 3160 2409 omnes
3204 2356 3349 2411 sitis.
3387 2354 3548 2410 Ponit

1966 2446 2054 2502 hic
2085 2449 2154 2502 ob
2186 2448 2394 2511 oculos,
2438 2462 2497 2500 se
2524 2446 2941 2514 citrajudicium
2966 2444 3108 2499 haud
3145 2459 3237 2499 eos
3272 2445 3502 2513 diligere
3522 2462 3538 2476 ·

1965 2548 2272 2606 propterea,
2310 2537 2506 2606 inquit,
2560 2536 2735 2592 habeo
2768 2552 2863 2591 vos
2917 2536 2968 2590 in
3001 2537 3189 2597 corde,
3222 2537 3363 2604 quod
3415 2535 3548 2590 estis

1966 2630 2097 2683 mihi
2153 2629 2392 2685 consocii
2434 2629 2622 2700 gratim
2676 2628 2856 2697 hujus,
2888 2628 2939 2684 id
2974 2637 3058 2683 est
3104 2627 3455 2683 aﬁlictionum
3492 2636 3548 2683 et

1965 2722 2303 2779 vinculorum
2330 2739 2346 2777 :
2372 2723 2692 2792 navalisque
2708 2737 2955 2792 operam,
2995 2734 3062 2777 ne
3089 2736 3117 2775 a
3156 2721 3311 2775 nobis
3333 2722 3385 2775 in
3411 2719 3548 2775 allii-

1965 2815 2235 2872 ctionibus
2252 2814 2536 2881 deﬁciatis,
2563 2830 2750 2869 verum
2782 2826 2839 2868 ut
2877 2811 3238 2868 tentationum
3267 2826 3408 2879 quas
3436 2827 3535 2880 pro

1965 2907 2264 2980 Evangelia
2287 2909 2642 2972 sustinemus,
2682 2908 2862 2975 patius
2887 2907 3180 2977 participes
3207 2903 3545 2960 efficiamini.

1964 3000 2117 3068 Quod
2147 3010 2328 3055 autem
2355 3000 2568 3055 vincula
2597 3001 2710 3054 sint
2765 2999 2959 3068 gratia,
2992 2998 3209 3068 planum
3265 3005 3350 3051 est
3392 3010 3458 3050 ex
3487 3010 3552 3050 eo
3620 3034 3625 3040 .

1965 3093 2108 3164 quod
2145 3094 2408 3149 Dominus
2438 3093 2551 3147 ait:
2577 3091 2777 3163 Sufficit
2809 3093 2905 3146 tibi
2934 3093 3105 3162 gratia
3132 3107 3287 3156 mea;
3317 3088 3551 3159 potentia
3637 3102 3642 3121 π

282 3178 636 3234 τελειοῦται.
661 3180 731 3233 Ἦ
751 3180 779 3235 ὃ
803 3182 898 3235 καὶ
924 3182 1146 3252 μᾶλλον,
1178 3182 1256 3246 ὡς
1287 3181 1597 3252 προκατιὼν
1616 3183 1663 3214 ⁸⁸
1688 3182 1855 3251 λέγει,

1969 3186 2103 3241 enim
2147 3202 2261 3241 mea
2307 3185 2362 3239 in
2412 3185 2727 3254 infirmitate
2756 3184 3029 3254 perﬁcuur
3047 3192 3089 3237 °.
3137 3181 3236 3237 Vel
3282 3183 3423 3250 quod
3458 3196 3556 3252 po-

280 3270 365 3323 ὃτι
409 3270 579 3339 Ὑμῖν
619 3271 909 3340 ἐχαρίσθη
959 3273 1023 3326 τὸ
1052 3272 1207 3342 ὑπὲρ
1265 3274 1524 3340 Χριστοῦ
1567 3272 1853 3343 πάσχειν.

281 3360 432 3431 Ὀρα
460 3361 536 3425 δὲ,
569 3360 802 3432 πῶςιούκ
825 3359 967 3430 εἶπε,
995 3364 1320 3429 Κοινωνοῦς,
1344 3364 1502 3428 ἀλλὰ,
1529 3365 1866 3434 σΣυγκοινω-

279 3452 464 3516 vene,»
499 3452 716 3517 desaevit;
744 3453 827 3507 ὅτι
859 3454 952 3509 καὶ
970 3454 1135 3519 αὐτὸς
1159 3456 1204 3486 ²⁷
1234 3455 1416 3521 ἄλλοις
1449 3456 1565 3509 ἐστὶ
1589 3457 1867 3522 κοινωνὸς,

180 3546 187 3555 ’
280 3541 475 3615 ῶσπερ
498 3543 731 3614 ἀλλαχοῦ
758 3562 944 3616 φησιν·
962 3545 1097 3600 Ἵνα
1121 3546 1533 3616 συγκοινωνὸς
1549 3547 1655 3602 τοῦ
1675 3550 1869 3617 Εὐαγ-

290 3639 500 3708 γελίου
566 3637 843 3709 γένωμαι,
877 3638 1180 3706 τουτέστιν,
1241 3640 1361 3694 Ἵνα
1403 3641 1722 3711 κοινωνήσω
1760 3641 1870 3694 τῶν

178 3802 179 3805 η
282 3728 673 3801 ἀποκειμένων
703 3729 947 3799 ἀγαθῶν,
967 3732 1081 3793 τοῖς
1104 3728 1167 3783 τὸ
1188 3731 1529 3801 Εὑαγγέλιον
1558 3732 1871 3801 καταγγέλ-

282 3822 459 3878 lout.

354 3914 600 3983 Μάρτυς
652 3912 764 3986 γάρ
798 3914 917 3986 μού
947 3912 1123 3968 ἐστιν
1173 3916 1207 3969 ό
1240 3914 1411 3982 Θεὸς,
1467 3916 1549 3983 ὡς
1603 3917 1871 3972 ἐπιποθῶ

284 4006 522 4074 πάντας
546 4007 703 4077 ὑμᾶς
746 4008 817 4061 ἐν
858 4006 1244 4078 σπλάγχνοις
1311 4007 1519 4074 Ἰησοῦ
1585 4011 1868 4079 Χριστοῦ.

285 4102 402 4171 οὐχ
432 4101 506 4164 ὡς
535 4100 932 4172 ἀπιστούμενος
971 4103 1226 4173 μάρτυρα
1261 4104 1420 4157 καλεί
1449 4102 1539 4177 τδν
1555 4102 1710 4169 Θεὸν,
1735 4104 1871 4158 ἀλλά

283 4192 388 4262 τὴν
418 4190 618 4262 πολλὴν
637 4191 877 4246 διάθεσιν
899 4192 1015 4246 Οὐκ
1038 4191 1179 4263 ἔχων
1208 4195 1555 4266 παραστῆσαι
1573 4195 1662 4249 διὰ
1684 4195 1868 4264 λόγου,

284 4283 369 4356 τῷ
400 4282 521 4352 Θεῷ
580 4283 989 4355 καταλιμπάνει
1042 4287 1226 4347 τοῦτο,
1262 4284 1342 4356 τῷ
1368 4285 1465 4347 τὰς
1505 4287 1751 4360 καρδίας⁶
1784 4289 1872 4354 ἐξ·

284 4374 554 4439 ετάξοντι.
588 4373 760 4427 Τοῦτο
809 4373 867 4428 δὲ
889 4373 987 4427 τοῦ
1033 4373 1321 4445 ἀληθεύειν
1350 4376 1513 4429 αὐτὸν
1546 4380 1868 4450 τεκμήριον.

286 4465 364 4519 οὐ
423 4464 534 4536 γὰρ
575 4464 664 4531 ἂν,
718 4467 767 4519 ει
809 4460 1136 4519 ἐκολάκευεν
1185 4467 1404 4533 αὐτοὺς,
1471 4469 1727 4543 μάρτυρα
1778 4472 1870 4525 τὸν

286 4557 425 4612 Θεὸν
452 4557 731 4641 ἐκάλεσεν.
764 4558 874 4612 Ἔν
911 4559 1292 4629 σπλάγχνοις
1341 4559 1420 4624 δὲ,
1454 4541 1628 4627 εἶπεν,
1661 4563 1867 4629 Ἰησοῦ
1903 4541 1950 4599 υ

290 4650 551 4720 Χριστοῦ
576 4667 592 4683 ο
620 4651 930 4716 τουτέστιν,
964 4652 1099 4723 Οὐχὶ
1126 4653 1217 4708 διά
1248 4670 1299 4707 τι
1348 4652 1712 4724 ἀνθρώπινον,
1757 4654 1866 4709 οὐδ’

287 4744 372 4797 ὅτι
401 4742 685 4813 ἐπέμψατε
715 4762 805 4816 μοι
842 4742 911 4797 τὰ
940 4744 1077 4815 πρὸς
1110 4745 1321 4816 χρείαν,
1372 4745 1489 4799 ἀλλ’
1520 4747 1580 4799 ἐν
1623 4748 1688 4817 τῇ
1722 4744 1866 4800 κατά

288 4838 425 4890 Θεθιν
453 4837 665 4908 ἀγάπῃ.
702 4838 794 4901 Ἢ,
837 4837 920 4890 ὃτι
947 4837 1139 4907 Πατὴρ
1175 4837 1330 4908 ὑμῶν
1376 4837 1617 4907 γεγονὼς
1647 4838 1736 4892 διὰ
1764 4840 1867 4910 τῆς

289 4928 530 4991 πίστεως
554 4929 653 4997 τῆς
690 4929 771 4990 εἰς
796 4928 1056 4998 Χριστὸν,
1093 4928 1377 4999 σπλάγχνα
1428 4928 1538 5000 ἔχω
1594 4931 1680 5001 ἐφ’
1712 4932 1864 5002 ὑμῖν,

286 5023 352 5076 ού
384 5021 612 5089 φυσικὰ,
644 5020 761 5075 ἀλλ’
782 5016 871 5074 οἶα
903 5022 1139 5093 Χριστὸς
1161 5021 1460 5092 χαρίζεται
1484 5025 1595 5085 τοῖς
1626 5026 1871 5096 γνησίοις

291 5111 464 5168 αὐτοῦ
493 5111 723 5175 δούλοις,
747 5113 860 5174 τοῖς
890 5111 1041 5181 αύτῷ
1070 5111 1301 5181 γεννῶσι
1328 5111 1398 5166 τὰ
1416 5112 1511 5166 τοῦ
1536 5113 1870 5185 Εὑαγγελίου

291 5204 482 5259 τέκνα.
516 5202 731 5265 Πάντας
761 5202 819 5255 δὲ
851 5200 1021 5269 ποθῶ,
1054 5201 1243 5273 ἐπειδὴ
1273 5203 1369 5256 καὶ
1403 5204 1607 5269 πάντες
1640 5205 1875 5261 τοιοῦτοί

290 5310 442 5347 εστε.

363 5386 476 5440 Καὶ
520 5384 698 5441 τοῦτο
738 5384 1172 5455 προσεύχομαι,
1225 5386 1329 5442 ἵνα
1377 5387 1416 5452 ἠ
1466 5388 1667 5458 ἀγάπη
1701 5389 1871 5457 ὑμῶν

291 5479 381 5534 ἔτι
406 5477 650 5549 μᾶλλον
704 5476 805 5532 καὶ
839 5476 1085 5547 μᾶλλον
1118 5482 1476 5551 περισσεύῃ.
1513 5484 1702 5537 Καίτοι
1729 5483 1872 5539 οὕτω

402 5627 430 5656 ο
455 5618 500 5674 ιι
527 5619 655 5678 Cor.
685 5634 786 5685 xu,
811 5618 867 5676 9.

1973 3279 2082 3334 tius
2106 3285 2213 3343 est,
2234 3286 2292 3331 ut
2318 3276 2370 3331 in
2393 3290 2684 3345 progressu
2710 3275 2864 3341 dicit,
2900 3275 3059 3329 Vobis
3082 3275 3337 3328 donatum
3363 3281 3461 3335 est,
3497 3281 3554 3326 ut

1970 3388 2064 3439 pro
2123 3369 2335 3424 Christo
2390 3368 2694 3438 patiamini.
2747 3367 3140 3421 Animadverte
3187 3376 3368 3419 autem
3437 3365 3554 3428 hic,

1972 3458 2244 3528 quomodo
2271 3472 2376 3512 non
2410 3455 2635 3520 dixerit,
2674 3456 2831 3520 socii,
2866 3455 2983 3521 sed,
3016 3455 3281 3519 consocii,
3307 3454 3555 3508 indicans

1971 3566 2031 3609 se
2063 3552 2188 3608 aliis
2204 3552 2368 3607 etiam
2404 3551 2833 3608 communicare.
2860 3550 3094 3604 Perinde
3119 3564 3185 3604 ac
3215 3549 3266 3603 in
3300 3549 3404 3602 alio
3437 3548 3555 3602 loco

1971 3646 2068 3709 ait,
2109 3642 2177 3699 Ut
2226 3659 2440 3699 consors
2489 3640 2769 3713 Evangelii
2807 3641 2954 3708 ﬁam,
2991 3641 3093 3694 hoc
3136 3647 3242 3702 est,
3276 3638 3348 3694 Ut
3387 3638 3556 3707 parti-

1972 3751 2101 3804 ceps
2131 3736 2257 3791 [iant
2290 3737 2555 3792 bonorum
2598 3732 2883 3805 Evangelii.
2904 3731 3350 3802 praedicatoribus
3391 3744 3552 3797 repo-

1970 3828 2226 3885 sitorum.

2043 3921 2210 3978 Vens.
2242 3921 2297 3978 8.
2333 3921 2499 3977 Testis
2538 3921 2676 3976 enim
2709 3919 2837 3974 milii
2868 3929 2944 3974 est
2976 3917 3138 3979 Dens,
3170 3911 3432 3985 quomodo
3459 3930 3556 3967 cu-

1970 4014 2116 4084 piant
2143 4030 2323 4070 omnes
2354 4030 2441 4068 vos
2472 4015 2529 4069 in
2556 4012 2840 4068 visceribus
2865 4010 2994 4066 Jesu
3019 4008 3245 4065 Christi.
3276 4007 3394 4062 Non
3411 4007 3554 4074 quod

1971 4108 2020 4163 ei
2064 4123 2173 4163 non
2226 4107 2580 4163 adhiberetur
2642 4106 2799 4175 ﬁdes,
2857 4105 3021 4159 Deum
3062 4111 3251 4157 testem
3284 4100 3504 4153 adducit
3539 4119 3553 4155 :

1973 4199 2069 4254 sed
2108 4197 2235 4268 quia
2277 4212 2535 4265 magnum
2571 4196 2742 4265 animi
2767 4195 2851 4251 sui
2888 4193 3142 4249 affectum
3171 4192 3352 4247 verbis
3379 4191 3557 4256 expri-

1974 4306 2122 4346 mere
2153 4305 2261 4346 non
2295 4300 2500 4363 posset,
2546 4289 2656 4344 Deo
2709 4290 2812 4344 boc
2873 4288 3149 4357 relinquit,
3178 4286 3339 4339 corda
3369 4284 3552 4352 explo-

1973 4385 2136 4438 ranti.
2173 4385 2377 4454 Estque
2433 4384 2537 4438 hoc
2582 4382 2805 4437 evidens
2843 4390 3221 4449 argumentum
3278 4392 3397 4432 eum
3437 4391 3557 4430 esse

1972 4491 2223 4531 veracem
2250 4495 2263 4531 :
2292 4490 2397 4529 non
2437 4475 2581 4530 enim
2614 4476 2658 4528 si
2690 4473 2770 4528 eis
2802 4472 3137 4538 adularetur,
3173 4469 3340 4524 Deum
3367 4484 3556 4523 vocas-

1976 4575 2060 4622 set
2099 4575 2312 4622 testem.
2352 4565 2418 4620 In
2451 4566 2733 4621 visceribus
2760 4575 2943 4621 autem
2985 4565 3125 4618 dixit
3179 4563 3310 4619 Iesu
3337 4562 3554 4630 Christi,

1975 4660 2081 4715 hoc
2117 4669 2222 4726 est,
2258 4674 2366 4715 non
2419 4660 2491 4715 ob
2526 4660 2816 4713 humanam
2853 4658 3163 4729 quampiam
3195 4657 3557 4713 commodita-

1975 4758 2102 4818 tem,
2151 4766 2252 4806 nec
2285 4752 2409 4820 quia
2468 4749 2850 4806 transntisistis
2901 4749 3033 4804 mihi
3067 4749 3264 4819 quibus
3299 4749 3554 4804 haberem

1970 4857 2128 4913 opus,
2154 4841 2249 4899 sed
2286 4844 2356 4898 ob
2390 4841 2625 4898 divinam
2669 4842 3034 4898 dilectionem.
3083 4842 3179 4899 Vel
3230 4842 3356 4912 quia
3400 4850 3556 4910 pater

1967 4941 2148 4992 vester
2175 4933 2351 4990 factus
2382 4949 2478 5004 per
2512 4934 2670 4990 ﬁdem
2699 4935 2749 4989 in
2778 4934 3079 5001 Christum,
3120 4935 3327 4989 viscera
3377 4931 3553 4988 habeo

1967 5042 2097 5097 erga
2128 5042 2245 5090 vos,
2269 5043 2376 5083 non
2409 5029 2700 5096 naturalia,
2727 5029 2820 5085 sed
2855 5029 3036 5100 qualia
3064 5028 3316 5084 Christus
3357 5027 3549 5098 genui-

1971 5123 2055 5177 nis
2094 5121 2208 5176 suis
2243 5121 2416 5176 servis
2443 5121 2705 5191 impertit,
2739 5122 3129 5191 gcnerautibus
3159 5119 3258 5188 ipsi
3284 5117 3538 5188 Evange-

1973 5214 2032 5270 lii
2076 5213 2236 5270 ﬁlios.
2260 5213 2462 5270 Omnes
2490 5224 2670 5270 autem
2690 5215 2941 5269 desidero
2961 5225 3015 5268 et
3031 5217 3380 5269 vehementer
3404 5228 3548 5277 amo,

1979 5304 2413 5374 quandoquidem
2448 5313 2502 5360 et
2526 5319 2718 5360 omnes
2749 5304 2886 5358 tales
2918 5305 3073 5360 estis.

1964 5438 1971 5443 .
2054 5395 2218 5451 Vens.
2250 5395 2304 5450 9.
2336 5396 2405 5450 Et
2435 5396 2533 5449 hoc
2561 5412 2674 5459 oro,
2706 5404 2760 5447 ut
2784 5394 3014 5449 charitos
3039 5404 3214 5449 vestra
3236 5390 3401 5467 430
3433 5408 3549 5446 ma-

1979 5489 2057 5559 gis
2097 5505 2159 5542 ac
2191 5488 2357 5556 magis
2403 5486 2657 5540 abundet.
2701 5485 2928 5542 Etiamsi
2980 5488 3051 5542 ita
3083 5490 3370 5545 adamatus
3409 5494 3554 5555 erat,

1639 5738 1840 5804 Varie
1868 5739 2197 5804 .ecliones.

368 5838 412 5872 ⁸³
442 5838 811 5911 τεκμαίρομαι
842 5854 895 5896 o.
977 5837 1022 5870 ⁸³
1060 5839 1166 5893 οὐδ’
1203 5854 1255 5894 ο.
1334 5836 1381 5872 ³⁸
1406 5839 1759 5911 μονιμώτατα
1790 5858 1842 5897 o.
1920 5842 1964 5876 ³³
2001 5840 2107 5912 γὰρ
2143 5858 2197 5897 ο.
2275 5842 2320 5875 ³⁸
2354 5858 2711 5914 παρακατιων
2752 5858 2802 5899 ο.
2881 5842 2927 5875 ³⁷
2949 5834 3107 5905 οἶδ’τος
3136 5855 3189 5895 ο.
