3932 6590
451 396 590 464 1147

1370 402 1943 469 THEOPHYLACTI
1975 407 2384 469 BULGARI/E
2421 410 2776 471 ARCHIEP.

3563 405 3691 471 illi

445 519 624 572 adhuc
680 523 857 570 tamen
886 517 1258 574 vehementius
1326 518 1439 575 vult
1486 522 1676 577 amari.
1722 523 2021 580 Charitatis

2136 511 2474 594 ριλοῦμενος,
2534 525 2684 596 ὅμως
2724 524 2806 578 ἔτι
2860 521 3060 593 μᾶλλον
3104 520 3352 592 βούλεται
3403 519 3691 591 φιλεῖσθαι.

443 608 587 663 enim
631 607 822 662 modus
865 615 984 672 est,
1033 623 1308 679 nunquam
1386 613 1577 680 pedem
1643 613 1825 683 ﬁgere.
1883 614 2015 671 Vide

443 709 624 752 autem
655 698 728 752 uti
751 697 1079 754 dictionibus
1122 702 1380 769 majorem
1411 703 1770 758 iutensionem
1807 706 2016 761 haben-

447 790 587 844 tibus
617 804 745 844 usus
787 790 878 856 sit,
911 792 1118 859 dicens,
1174 792 1384 858 Adhuc,
1416 795 1581 864 magis
1618 797 1901 866 magisque,
1937 809 2013 865 et,

441 881 708 938 Abundet.
749 885 874 937 Haec
907 894 1084 938 autem
1118 885 1214 950 ait,
1269 901 1372 940 non
1413 897 1472 940 ut
1523 887 1696 956 Ipsum
1730 890 1902 945 solum
1935 892 2017 948 di-

447 971 640 1042 ligant,
669 987 854 1029 verum
885 977 1050 1030 etiam
1083 977 1239 1032 alios.

518 1063 583 1118 In
615 1067 886 1136 agnitione
913 1078 963 1123 et
1000 1071 1142 1123 omni
1163 1085 1336 1127 sensu.
1385 1070 1499 1127 Hoc
1519 1081 1622 1140 est,
1659 1083 1718 1130 ut
1747 1091 1852 1131 non
1882 1079 2016 1132 sim-

444 1157 660 1222 pliciter
701 1162 926 1230 quosvis
976 1164 1239 1235 diligatis,
1292 1168 1387 1221 sed
1436 1181 1556 1222 cum
1609 1168 1926 1238 probatione
1964 1180 2019 1228 et

449 1252 760 1319 cognitione
783 1264 836 1308 et
862 1255 1065 1324 judicio
1091 1276 1103 1312 :
1132 1259 1373 1329 plerique
1398 1263 1543 1317 enim
1575 1263 1719 1319 citra
1752 1267 2017 1322 rationem

448 1340 680 1408 diligunt
707 1361 722 1398 :
766 1345 894 1400 hinc
919 1360 1094 1417 neque
1123 1351 1349 1408 stabiles
1374 1362 1500 1409 sunt
1528 1354 1712 1410 talium
1744 1358 2017 1413 amicitiae.

451 1431 566 1498 Vel,
595 1431 662 1489 Ut
688 1436 969 1493 haereticos
991 1455 1096 1494 non
1121 1442 1382 1513 diligatis.

523 1521 684 1579 Vens.
720 1527 806 1581 10.
846 1525 915 1581 Ut
933 1529 1164 1597 probetis
1185 1536 1414 1601 potiora.
1444 1535 1556 1592 Hoc
1588 1547 1691 1604 est,
1717 1554 1836 1610 quae
1869 1542 2021 1598 utilia

451 1614 580 1668 sint.
616 1614 671 1669 Si
700 1619 843 1671 enim
872 1633 994 1674 cum
1033 1624 1405 1691 exploratione
1432 1641 1495 1682 ac
1523 1627 1732 1698 judicio
1760 1631 2014 1702 diligatis,

451 1703 677 1769 potestis
703 1708 844 1774 quod
870 1708 1081 1766 confert
1122 1716 1438 1772 examinare
1463 1727 1517 1773 et
1569 1734 1868 1791 agnoscere
1899 1724 2022 1792 qui-

453 1807 578 1846 nam
606 1794 860 1865 diligendi
893 1798 1023 1865 sint,
1089 1803 1274 1860 fideles
1317 1808 1572 1864 nimirum
1602 1829 1615 1866 :
1648 1823 1701 1867 et
1739 1814 1830 1883 qui
1891 1831 2020 1881 non,

2136 619 2380 690 Ἀγάπης
2430 618 2541 690 γὰρ
2596 620 2799 692 μέτρον
2839 620 2901 673 τὸ
2931 617 3203 689 μηδέποτε
3247 615 3523 669 ἵστασθαι.
3559 617 3694 687 Ὅρα

2121 709 2198 774 δὲ,
2229 710 2349 774 πῶς
2375 712 2867 782 ἐπιτατικωτὲραις
2899 709 2943 742 ’³
2987 709 3260 781 ἐχρήσατο
3301 711 3444 770 ταῖς.
3467 707 3692 774 λέξεσιν,

2123 800 2315 865 εἰπὼν,
2348 803 2499 864 Ἔτι,
2531 804 2647 869 καὶ,
2696 801 2959 871 μᾶλλον,
2995 805 3110 866 καὶ,
3162 803 3530 870 περισσεύῃ.
3561 803 3694 872 Φησὶ

2123 892 2398 957 δὲταῦτα,
2441 894 2503 946 οὐ
2558 895 2721 965 μόνον
2748 894 2835 947 ῐνα
2879 893 3044 948 αὑτὸν
3092 894 3406 962 ἀγαπῶσιν,
3441 893 3580 947 ἀλλὰ
3610 894 3696 948 καὶ

2124 985 2250 1048 τοὺς
2283 985 2474 1048 ἄλλους
2499 985 2567 1039 ’⁸.

2195 1081 2301 1136 Ἔν
2336 1082 2655 1152 ἐπιγνώσει
2696 1083 2795 1137 καί
2824 1082 2996 1152 πάσῃ
3039 1083 3346 1151 αἰσθήσει.
3385 1082 3690 1145 Τουτέστιν,

2127 1175 2246 1229 Ἵνα
2281 1174 2356 1246 μὴ
2389 1175 2576 1238 ἁπλῶς
2602 1176 2812 1239 πάντας
2868 1176 3144 1245 ἀγαπᾶτε,
3211 1175 3350 1229 ἀλλὰ
3386 1175 3531 1246 μετὰ
3559 1175 3694 1227 δοκι-

2130 1266 2353 1336 μασίας,
2386 1267 2481 1319 καὶ¹
2514 1266 2794 1336 γνώσεως,
2828 1267 2924 1321 καὶ
2952 1268 3206 1338 κρίσεως.
3235 1269 3358 1322 Εἰσὶ
3378 1268 3490 1337 γὰρ
3525 1266 3695 1320 πολλοὶ

2126 1356 2339 1426 ἀλόγως
2373 1356 2693 1427 φιλοῦντεςθ
2734 1355 2859 1412 ὅθεν
2902 1359 3058 1413 οὐδὲν
3103 1359 3322 1430 μόνιμοι
3360 1359 3416 1413 αἱ
3458 1356 3694 1412 τοιαῦται

2127 1449 2320 1518 φιλίαι.
2347 1449 2436 1518 Ἢ,
2468 1451 2551 1506 ὅτι
2579 1448 2697 1506 Ἵνα
2727 1452 2801 1524 μὴ
2823 1451 3132 1523 αἱρετικοὺς
3159 1449 3432 1518 ἀγαπᾶτε.

2197 1544 2303 1608 Εἰς
2337 1542 2405 1596 τό
2457 1542 2796 1614 δοκιμάζειν
2828 1542 2986 1614 ὑμᾶς
3025 1545 3096 1598 τὰ
3131 1543 3516 1612 διαφέροντα.
3543 1543 3696 1595 Τουτο

2129 1632 2246 1686 ἐστι
2271 1631 2340 1686 τὰ
2396 1633 2766 1705 συμφέροντα.
2786 1635 2913 1688 Ἐὰν
2942 1635 3053 1705 γὰρ
3088 1634 3226 1705 μετὰ
3258 1634 3588 1704 δοκιμασίας
3615 1635 3695 1686 καὶ

2130 1724 2366 1794 κρίσεως
2397 1724 2670 1792 ἀγαπᾶτε,
2710 1725 2938 1780 δύνασθε
2969 1727 3029 1780 τὸ
3075 1725 3358 1796 συμφέρον
3389 1725 3692 1796 δοκιμάσαι,

2132 1815 2228 1866 καὶ
2250 1815 2550 1882 ἐπιγνῶναι
2588 1817 2741 1879 τίνας
2801 1817 2901 1887 μὲν
2935 1815 3043 1888 χρὴ
3090 1817 3287 1886 φιλεῖν,
3333 1816 3415 1870 δτι
3453 1818 3581 1879 τοὺς
3617 1834 3694 1869 m-

453 1881 701 1940 iutideles
730 1889 998 1946 videlicet.
1034 1894 1313 1960 Quomodo
1347 1900 1512 1970 igitur
1548 1903 1653 1958 alio
1688 1881 1888 1962 inloco
1919 1910 2015 1976 ait,

2136 1904 2284 1969 πούς
2316 1921 2330 1936 ·
2362 1881 2643 1971 καῖτίνας
2669 1907 2768 1978 μὴ,
2799 1881 2881 1960 δτι
3096 1881 3385 1969 ἀπίστους.
3441 1905 3566 1969 Πῶς
3612 1903 3695 1960 οὖν

451 1971 584 2026 Cum
622 1978 859 2033 omnibus
893 1981 1190 2038 hominibus
1249 2003 1428 2054 pacem
1475 1991 1744 2049 habeteP?
1784 1971 2021 2054 Primum

449 2063 666 2128 quidem
700 2082 804 2122 non
837 2070 1156 2140 simpliciter
1180 2076 1334 2142 dixit,
1365 2081 1458 2134 sed
1489 2096 1612 2136 cum
1639 2083 2020 2143 distinctione:

450 2153 510 2209 Si
539 2156 658 2224 ﬁeri
676 2163 862 2225 possit,
886 2179 1002 2218 cum
1045 2168 1288 2222 omnibus
1339 2188 1518 2238 pacem
1561 2175 1760 2232 habe/e.
1801 2178 2020 2247 Deinde,

451 2247 594 2300 aliud
637 2261 720 2304 est
751 2251 950 2308 habere
981 2271 1194 2324 pacem,
1225 2260 1372 2316 aliud
1407 2263 1654 2334 diligere.
1713 2265 1846 2325 lllud
1880 2273 2022 2326 enim

449 2352 478 2390 a
509 2342 857 2397 contentione
881 2346 1088 2402 alienos
1119 2365 1220 2405 nos
1246 2367 1369 2408 esse
1393 2354 1549 2423 jubet
1575 2376 1588 2413 :
1621 2359 1840 2429 diligere
1870 2377 2019 2430 vero,

451 2428 613 2482 animi
651 2429 992 2490 allectioncm
1037 2440 1297 2508 postulat,
1333 2459 1398 2499 ac
1426 2446 1588 2502 veluti
1649 2428 2024 2521 contempera-

452 2520 676 2584 tionem,
730 2539 1054 2598 morumque
1104 2532 1547 2604 similitudinem;
1580 2555 1700 2610 qua:
1743 2520 2020 2603 haereticis

450 2626 554 2665 non
583 2621 670 2667 est.
701 2616 1024 2674 exhibenda.
1056 2619 1117 2676 Si
1167 2625 1305 2678 enim
1336 2630 1519 2684 oculus
1553 2641 1673 2685 tuus
1707 2634 1920 2702 o/feudit
1952 2648 2023 2708 te,

447 2707 692 2761 exscinde
716 2709 885 2775 ipsum
909 2723 959 2768 tt.

522 2796 591 2851 Ut
623 2800 741 2854 sitis
788 2804 1002 2872 sinceri,
1037 2817 1088 2861 et
1121 2809 1233 2863 sine
1279 2813 1480 2881 oﬂ'ensa
1529 2817 1584 2871 in
1630 2819 1768 2873 diem
1799 2819 2018 2880 Christi.

450 2887 565 2943 Non
592 2892 644 2945 in
679 2909 856 2948 meum
884 2898 985 2952 hoc
1007 2903 1348 2959 commodum
1373 2908 1514 2972 dico,
1547 2913 1640 2965 sed
1664 2927 1729 2967 ne
1754 2930 1849 2970 vos
1870 2917 2023 2971 adul-

452 2982 690 3036 terinum
715 2984 932 3053 aliquod
955 2986 1149 3057 dogma
1179 2992 1463 3051 charitatis
1491 3008 1754 3069 praetextu
1785 3007 2016 3075 recipia~

451 3074 542 3128 tis.
562 3075 705 3131 Dixit
734 3089 937 3146 autem,
958 3084 1166 3150 sinceri,
1199 3091 1375 3156 quoad
1406 3092 1570 3147 Deum
1598 3113 1610 3148 :
1637 3094 1763 3152 Sine
1797 3074 2022 3168 offensa,

450 3169 630 3236 quoad
661 3170 928 3228 homines.
977 3176 1201 3235 Etiamsi
1255 3184 1400 3237 enim
1463 3195 1515 3241 te
1572 3204 1676 3243 non
1714 3189 1871 3246 laedat
1901 3210 2022 3263 quae

2126 1998 2358 2068 ἀλλαχοῦ
2379 2015 2529 2068 φησι,
2553 1999 2712 2053 Μετὰ
2733 1997 3318 2067 πάντωνάνθρώπων
3339 2000 3694 2068 εὶρηνεύετες

2129 2091 2350 2161 Πρῶτον
2376 2090 2494 2161 μὲν,
2533 2091 2632 2162 οὐχ
2664 2091 2851 2154 ἁπλῶς
2893 2087 3068 2156 εἶπεν,
3103 2091 3240 2145 ἀλλὰ
3283 2091 3690 2162 προσδιώρισεν·

2121 2181 2189 2234 El
2231 2180 2514 2246 δυνατὸν,
2570 2182 2721 2250 μετὰ
2770 2182 3012 2236 πάντων
3058 2184 3417 2252 εὶρηνεύετε.
3455 2183 3693 2248 Ἔπειτα,

2127 2274 2253 2328 ἄλλο
2274 2274 2393 2327 ἐστὶ
2422 2276 2482 2328 τὺ
2511 2275 2836 2346 εἰρηνεύειν,
2865 2277 2961 2330 καὶ
2992 2277 3120 2330 ἄλλο
3143 2278 3204 2330 τὸ
3229 2277 3478 2347 ἀγαπᾷν.
3509 2278 3579 2330 Τδ
3603 2279 3693 2347 μὲν

2127 2364 2254 2435 γὰρ,
2286 2365 2347 2418 τὸ
2375 2365 2448 2436 μὴ
2487 2366 2755 2436 μάχεσθαι
2789 2383 2804 2398 ’
2837 2369 2896 2421 τὸ
2919 2367 2974 2421 δὲ
2998 2367 3241 2440 ἀγαπᾷν,
3271 2368 3512 2422 διάθεσιν
3531 2369 3693 2438 ψυχῆς

2126 2457 2368 2522 ἀπαιτεῖ,
2393 2459 2488 2510 καὶ
2519 2453 2632 2511 οἷον
2657 2457 2983 2528 σύγκρασιν,
3003 2460 3100 2513 καὶ
3126 2459 3292 2531 ἦθους
3319 2460 3609 2532 ὁμοιότητα
3629 2461 3687 2492 ³ο·

2126 2548 2262 2617 ὅπερ
2301 2549 2437 2618 πρὸς
2478 2549 2792 2620 αἱρετικοὺς
2835 2551 2896 2604 οὐ
2929 2550 3010 2604 δεῖ
3041 2551 3438 2607 ἐνδείκνυσθαι.
3488 2555 3558 2607 Ei
3595 2554 3691 2624 γὰρ

2128 2641 2161 2692 ὁ
2190 2639 2500 2708 ὀφθαλμός
2531 2653 2652 2695 σου
2675 2641 3063 2703 σκανδαλίζει
3089 2658 3184 2711 σε,
3208 2644 3481 2713 ἔκκοψον
3501 2645 3684 2701 αὐτόν.

2200 2821 2335 2875 Ἵνα
2358 2817 2464 2892 ἦτε
2516 2825 2857 2894 sumptu-32¢
2891 2825 2990 2879 καὶ
3026 2825 3408 2896 ἀπρόσκοποι
3440 2828 3525 2893 εἰς
3561 2826 3683 2897 ἠμέ-

2131 2929 2250 2982 ραν
2281 2915 2562 2981 Χριστοῦ.
2592 2917 2668 2970 Οὑ
2703 2917 2839 2986 πρὸς
2869 2917 2928 2970 τὸ
2955 2918 3086 2988 ὲμδν
3120 2918 3399 2988 συμφέρον
3419 2919 3586 2973 ταῦτα
3611 2919 3686 2971 λέ-

2127 3021 2229 3072 γω,
2252 3005 2368 3058 ἀλλ’
2411 3007 2500 3061 ἵνα
2523 3009 2682 3077 ὑμεῖς
2718 3009 2886 3078 μηδὲν
2937 3009 3090 3063 νόθον
3130 3009 3308 3079 δόγμα
3342 3009 3420 3079 τῷ
3449 3012 3544 3078 τῆς
3567 3011 3684 3078 ἀγά-

2126 3111 2236 3167 πης
2279 3101 2628 3170 προσχήματι
2661 3102 3059 3172 παραδέξησθε.
3087 3099 3221 3156 Eine
3247 3104 3291 3134 ³¹
3325 3103 3383 3157 δὲ
3409 3143 3424 3168 ,
3462 3106 3685 3171 Elimqu-

2126 3191 2271 3255 νεῒς.
2289 3193 2363 3254 ὡς
2394 3195 2530 3263 πρὸς
2550 3195 2641 3247 τὸν
2671 3195 2802 3246 Θεόν
2824 3211 2840 3225 ο
2890 3197 3294 3263 ἀπρόσκοποι,
3323 3195 3399 3260 ὡς
3424 3196 3554 3266 πρὸς
3579 3196 3684 3258 τοὺς

452 3258 548 3311 tibi
579 3274 702 3314 cum
731 3262 984 3321 haeretica
1026 3271 1262 3325 amicitia
1305 3274 1614 3344 intercedit,
1650 3281 1811 3335 alium
1846 3258 2022 3340 tamen

2136 3258 2473 3350 ἀνθρώπους.
2509 3284 2570 3336 Ei
2627 3283 2737 3354 γὰρ
2766 3283 2861 3336 καὶ
2889 3258 2988 3356 μή⁷
3017 3303 3076 3338 σε
3118 3258 3348 3356 βλάπτει
3381 3258 3423 3356 *ἡ
3461 3258 3588 3353 πρὸς
3608 3286 3682 3338 τὸν

447 3348 697 3410 oﬂendit.
729 3353 1007 3421 Quomodo
1063 3361 1227 3431 igitur
1267 3365 1320 3419 in
1353 3368 1440 3422 die
1477 3368 1681 3426 Christi
1737 3378 2029 3433 invenieris

455 3440 722 3510 sincerus,
759 3445 1020 3505 fratribus
1053 3453 1155 3509 luis
1184 3455 1564 3515 ollendlculum
1597 3465 1841 3532 ponens?

518 3624 687 3683 Vens.
725 3628 812 3684 ll.
845 3629 1050 3702 Repleti
1098 3635 1352 3706 fructibus
1380 3640 1625 3710 justitia’,
1667 3647 1759 3714 qui
1788 3656 1908 3700 sunt
1940 3665 2031 3716 per

449 3718 630 3774 Jesum
661 3721 947 3808 Christum,
977 3733 1046 3781 ad
1079 3731 1299 3799 gloriam
1322 3745 1369 3788 et
1401 3734 1609 3791 laudem
1635 3738 1749 3793 Dei.
1787 3740 1896 3795 Hoc
1925 3753 2028 3809 est,

455 3812 668 3867 Utcum
708 3804 968 3872 doctrina:
1007 3822 1333 3880 rectitudine
1384 3828 1547 3881 vitam
1588 3831 1754 3885 ctiam
1811 3835 2030 3890 minime

450 3906 920 3964 condemnandam
953 3912 1161 3968 duratis
1189 3929 1206 3968 :
1231 3931 1328 3985 per
1349 3917 1610 3985 justFtiam
1649 3923 1792 3975 enim
1815 3940 2028 3980 onmem

452 3995 707 4051 virtutem
743 4000 1015 4071 intelligit,
1041 4005 1121 4058 vel
1149 4007 1548 4082 elecmosynam
1588 4016 1889 4083 speciatim.
1917 4017 2030 4073 Non

453 4097 637 4146 autem
694 4101 751 4147 ut
789 4094 1106 4165 imperfecte
1168 4101 1422 4158 virtutem
1493 4115 1587 4161 aut
1634 4109 2028 4181 eleemosynam

454 4187 778 4254 operemiui,
815 4189 910 4243 sed
949 4199 1006 4243 ut
1046 4191 1166 4247 sitis
1205 4194 1418 4258 repleti.
1452 4196 1896 4267 Quandoquidem
1933 4219 2032 4256 au-

456 4291 564 4335 tem
591 4288 648 4335 et
674 4281 920 4338 inﬁdeles
947 4285 1271 4341 videbantur
1299 4290 1403 4343 sibi
1442 4300 1497 4345 et
1519 4292 1777 4347 virtutem
1806 4304 1860 4349 et
1889 4295 2033 4350 elee-

453 4389 732 4447 mosynam
786 4377 1082 4444 vindicare,
1117 4380 1332 4448 adjecit,
1383 4381 1484 4449 Qui
1535 4395 1656 4439 sunt
1713 4403 1804 4454 per
1846 4385 2032 4442 Iesum

453 4464 720 4519 Christum
744 4467 1000 4522 :illorum
1030 4471 1173 4524 enim
1214 4485 1376 4539 opera
1419 4489 1522 4528 non
1571 4485 1694 4530 sunt
1731 4481 2030 4534 secundum

455 4555 760 4624 Christum,
788 4562 880 4615 sed
919 4563 987 4615 ob
1025 4577 1214 4616 vanam
1243 4565 1490 4635 gloriam,
1527 4578 1583 4622 et
1637 4579 1694 4624 ut
1721 4569 2030 4626 hominibus

2131 3375 2406 3444 αἱρετικὸν
2455 3375 2626 3444 φιλία,
2669 3377 2784 3431 ἀλλ’
2825 3378 3020 3448 ἕτερον
3074 3378 3423 3442 σκανδαλίζει
3449 3380 3513 3432 ⁸³.
3543 3379 3682 3430 Ὥστε

2132 3464 2253 3527 πῶς
2294 3467 2352 3518 ὲν
2383 3470 2448 3536 τῇ
2507 3469 2690 3539 ἡμέρᾳ.
2751 3469 2990 3539 Χριστοῦ
3035 3471 3269 3543 εὑρεθῇς
3289 3473 3356 3504 ³⁸⁸
3393 3471 3681 3543 εἰλικρινὴς,

2135 3557 2506 3623 σκανδαλίζων
2530 3561 2656 3622 τοὺς
2683 3560 2946 3628 ἀδελφούς
2972 3576 2987 3626 ;
3636 3576 3644 3585 ’

2204 3649 2664 3718 Πεπληρωμένοι
2694 3649 2940 3719 καρπῶν
2991 3650 3412 3720 δικαιοσύνης,
3464 3653 3576 3707 τῶν
3607 3651 3686 3706 διὰ

2132 3726 2338 3807 Ἰησοῦ
2397 3741 2655 3808 Χριστοῦ
2713 3745 2805 3808 εις
2864 3743 3056 3806 δόξαν
3097 3744 3195 3797 καὶ
3229 3745 3484 3799 ἔπαινον
3537 3745 3682 3800 Θεοῦ.

2132 3832 2442 3899 Τουτέστιν,
2502 3831 2618 3887 Ἵνα
2656 3835 2796 3903 μετὰ
2833 3835 2929 3904 τῆς
2960 3835 3067 3889 τῶν
3099 3835 3386 3906 δογμάτων
3430 3837 3687 3908 ὀρθότητος

2138 3923 2232 3975 καὶ
2279 3922 2391 3992 βίον
2449 3924 2614 3994 ἔχητε
2671 3927 3118 3994 ἀκατάγνωστον.
3191 3930 3550 4001 Δικαιοσύνην
3595 3931 3687 4000 γὰρ

2137 4015 2236 4086 τὴν
2259 4018 2443 4070 πᾶσαν
2474 4018 2678 4089 ἀρετήν
2704 4036 2894 4088 φησιν,
2929 4021 2961 4090 ἢ
2995 4021 3092 4090 τὴν
3121 4020 3497 4092 ἐλεημοσύνην
3527 4022 3687 4076 ἰδικώο

2131 4125 2308 4177 τερον.
2335 4109 2446 4179 Οὐχ
2479 4110 2568 4164 ἵνα
2599 4111 2656 4164 δὲ
2677 4112 2882 4174 ἀτελῶς
2935 4113 3032 4183 τὴν
3071 4114 3272 4185 ἀρετὴν
3302 4113 3333 4182 ἦ
3363 4115 3460 4186 τὴν
3485 4116 3687 4185 ἐλεημο-

2135 4201 2302 4272 σύνην
2326 4203 2656 4273 ὲργάζησθε,
2679 4203 2794 4256 ἀλλ’
2819 4205 2906 4258 ἵνα
2926 4200 3023 4275 ἦτε
3054 4203 3498 4276 πεπληρωμένοι.
3533 4208 3687 4260 Ἐπειο

2133 4290 2199 4362 δὴ
2231 4294 2286 4347 δὲ
2312 4294 2406 4348 καὶ
2437 4297 2484 4348 οἱ
2517 4296 2778 4367 Ἕλληνες
2809 4297 3030 4350 ἐδόκουν
3061 4299 3263 4368 ἀρετῆς
3296 4299 3688 4369 μεταποιεῖσθαι

2134 4386 2230 4440 καὶ
2295 4387 2692 4457 ὲλεημοσύνης,
2730 4390 3042 4461 προσέθηκε
3091 4407 3106 4422 ⁸
3174 4390 3298 4444 Τῶν
3353 4391 3454 4444 διὰ
3509 4390 3687 4456 Ἰησοῦ

2135 4479 2422 4547 Χριστοῦ·
2454 4481 2522 4534 τὰ
2551 4481 2784 4534 ἐκείνων
2831 4481 2939 4554 γὰρ
2990 4483 3050 4535 οὐ
3076 4483 3217 4535 κατὰ
3270 4483 3523 4550 Χριστὸν,
3574 4482 3688 4536 ἀλλὰ

2133 4568 2220 4620 διὰ
2256 4568 2568 4634 κενοδοξίαν
2601 4570 2696 4621 καὶ
2726 4569 3274 4641 ἀνθρωπαρὲσκειαν.
3312 4576 3417 4638 Εἰς
3448 4573 3620 4632 δόξαν
3640 4572 3683 4625 δὲ

454 4649 728 4720 placeant.
775 4652 840 4708 In
885 4656 1109 4724 gloriam
1144 4669 1325 4714 autem
1357 4659 1473 4725 Dei,
1508 4662 1610 4716 hoc
1631 4671 1738 4728 est,
1790 4661 1906 4718 Non
1973 4665 2024 4718 in

2140 4663 2245 4716 τοῦ
2275 4663 2450 4727 Θεοῦ,
2487 4664 2788 4726 τουτέστιν,
2823 4665 2937 4716 Οὑκ
2969 4667 3046 4727 είς
3087 4665 3228 4734 ἐμὴν
3254 4663 3349 4719 τοῦ
3375 4667 3683 4726 διδάσκοντος

457 4759 634 4798 meam
682 4745 772 4814 qui
825 4748 938 4801 haec
997 4751 1182 4805 doceo.
1235 4753 1416 4819 Quare
1475 4770 1580 4808 non
1619 4764 1703 4810 est
1746 4756 1890 4824 quod
1942 4773 2033 4812 \os

453 4837 738 4895 obsistatis
788 4841 972 4908 gloria:
1021 4843 1137 4900 Dei.
1209 4844 1381 4900 Simul
1435 4858 1616 4901 autem
1659 4849 1863 4904 animat
1914 4864 2028 4916 eos,

456 4931 678 5000 perinde
697 4934 851 5002 quasi
879 4934 1019 4990 Deus
1040 4936 1108 4991 sit
1126 4939 1402 5008 suppetias
1427 4939 1532 4992 illis
1557 4939 1761 4995 laturus
1780 4941 1830 4994 in
1861 4953 2030 5010 opere

457 5021 599 5090 quod
627 5023 692 5076 ad
719 5023 943 5093 gloriam
970 5025 1088 5096 eius
1119 5029 1229 5083 sint
1262 5031 1558 5100 peracturi.

534 5115 694 5171 Vens.
718 5117 804 5172 12.
827 5117 977 5173 Scire
999 5131 1172 5176 autem
1194 5140 1282 5178 vos
1310 5125 1442 5190 volo,
1468 5126 1682 5193 fratres,
1699 5125 1858 5198 431
1890 5127 2030 5197 quod

453 5223 577 5276 quae
607 5209 736 5262 mihi
776 5213 1104 5278 acciderunt,
1153 5217 1320 5286 magis
1367 5218 1436 5269 ad
1468 5217 1758 5286 profectum
1785 5228 2030 5272 uenerunt

461 5297 758 5369 Evangelii.
812 5302 1116 5360 Verisimile
1165 5316 1284 5361 erat.
1339 5322 1454 5372 eos,
1503 5308 1592 5362 ubi
1651 5308 2030 5374 cognovissent

457 5404 584 5445 eum
607 5392 851 5448 vinctum
883 5410 1023 5462 esse,
1060 5398 1283 5463 turbari,
1331 5398 1485 5470 quasi
1524 5398 1798 5470 Evangelii
1837 5401 2029 5468 praedi-

459 5481 604 5536 catio
631 5483 1003 5554 impediretur.
1033 5488 1186 5544 Hanc
1212 5490 1396 5560 itaque
1423 5490 1618 5548 tollens
1642 5490 2025 5562 suspicionem,

532 5611 562 5649 ν
590 5593 749 5656 Ilum.
769 5599 973 5666 xn,18.
1083 5612 1113 5652 ει
1138 5600 1328 5661 Matth.
1349 5622 1400 5674 ν,
1424 5607 1517 5663 9.9.

2133 4753 2330 4810 ταῦτα.
2365 4757 2528 4809 Ὥστε
2577 4757 2638 4809 οὑ
2676 4755 2758 4809 δεῖ
2808 4757 3099 4825 ἐμποδίσαι
3155 4757 3300 4828 ὑμᾶς
3358 4762 3427 4830 τῇ
3459 4759 3578 4829 δόξῃ
3608 4755 3684 4809 τοῦ

2131 4846 2287 4899 Θεοῦ.
2345 4847 2497 4916 Ἀμα
2536 4846 2593 4900 δὲ
2638 4848 2732 4900 καὶ
2791 4847 3215 4918 παραθαρῤύνει
3245 4849 3468 4912 αὐτοὺς,
3499 4847 3568 4910 ὡς
3605 4845 3682 4899 τοῦ

2134 4938 2270 4994 Θεοῦ
2333 4938 2621 5010 μέλλοντος
2679 4943 2965 5011 συνεργεῖν
3017 4940 3074 4993 ὲν
3117 4943 3195 5011 τῷ
3236 4943 3316 5004 εἱς
3345 4939 3501 5006 δόξαν
3543 4937 3683 4992 αὐτοῦ

2138 5032 2306 5102 ἔργῳ.

2210 5123 2542 5179 Γινώσκειν
2575 5123 2645 5177 δὲ
2677 5123 2832 5194 ὑμᾶς
2848 5125 3169 5194 βούλομαι,
3199 5124 3474 5194 ἀδελφοὶ,
3500 5124 3582 5176 ὅτι
3623 5119 3682 5173 τὰ

2139 5216 2266 5268 κατ’
2293 5215 2398 5284 ἐμὲ
2440 5215 2680 5284 μᾶλλον
2701 5218 2788 5281 εις
2828 5213 3150 5283 προκοπὴν
3197 5215 3302 5269 τοῦ
3335 5211 3680 5282 Εὐαγγελίου

2136 5307 2462 5377 ἐλήλυθεν.
2499 5307 2659 5371 Εἰκὸς
2713 5302 2780 5377 ἦν
2816 5307 3015 5369 αὐτοὺς
3057 5305 3336 5376 μαθόντας
3371 5306 3451 5358 ὅτι
3473 5303 3676 5364 δέδεται,

2137 5397 2502 5470 θορυϐεῖσθαι,
2569 5397 2645 5460 ὡς
2695 5397 2790 5450 τοῦ
2860 5396 3222 5468 κηρύγματος
3282 5391 3674 5465 ἑγκοπτομένου.

2150 5491 2416 5563 Ἀναιρῶν
2441 5486 2536 5545 οὖν
2573 5491 2673 5560 τὴν
2728 5489 2986 5544 ὑπόνοιαν
3014 5489 3243 5562 ταύτην,
3275 5489 3460 5560 φησὶν,
3516 5480 3672 5538 ὅτιυὺ

1811 5675 2013 5738 Varia)
2031 5675 2362 5739 lectiones.

535 5773 581 5804 ⁸⁸
612 5747 1074 5854 ἐπιτατικώτερον
1106 5794 1160 5835 o.
1235 5782 1283 5815 ¹⁹
1313 5781 1428 5837 ἀλλ’
1456 5781 1542 5836 ἵνα
1569 5781 1663 5837 καὶ
1689 5780 1950 5854 ἀλλήλους
1987 5798 2059 5839 tu.

457 5863 548 5902 ται
578 5863 630 5904 ο.
706 5851 770 5883 ³³⁸
798 5849 1067 5923 εὑρεθήσῃ
1094 5867 1146 5908 ο.

2136 5781 2180 5814 ³ο
2214 5779 2528 5854 ἡμερότητα
2565 5794 2618 5836 o.
2693 5781 2736 5815 ³⁸
2777 5776 2873 5853 ἦτε
2909 5794 2960 5838 ο.
3041 5781 3087 5816 ³¹
3117 5779 3306 5855 ἕτερος
3353 5771 3665 5838 σκανδαλίξε·
