3932 6576
261 368 401 433 1153

1075 361 1480 425 EXPOSITIO
1512 362 1594 425 IN
1644 360 1886 422 EPIST.
1926 362 2025 424 AD
2061 363 2392 426 PHILIPP.
2416 389 2487 401 -
2515 363 2675 426 CAP.
2714 363 2765 432 Ι.

3394 354 3532 424 1154

255 481 609 552 περιέσονται
643 477 692 531 oi
727 475 930 550 ἔχθροί.
962 475 1082 530 Κᾶν
1130 475 1239 547 γὰρ
1272 474 1550 538 κτείνωσι,
1588 475 1710 528 τότε
1759 490 1849 542 μοι

1961 473 2098 528 enim
2121 476 2457 545 superabunt
2481 475 2685 531 hostes.
2710 473 2822 528 Etsi
2852 470 2996 527 cnim
3022 470 3342 537 occiderint,
3361 472 3535 542 major

261 575 465 647 μᾶλλον
489 575 523 644 ἡ
553 571 981 641 ἀνεπαίσχυντος
1012 569 1140 636 δόξα
1162 585 1175 600 ο
1198 569 1345 636 ὅμως
1370 566 1470 620 οὐκ
1492 567 1644 620 ἔσται
1661 564 1783 619 οὐδὲ
1802 563 1847 598 ⁵⁸

255 667 419 719 τοῦτο
449 664 656 726 αὐτοῖς.
1038 656 1055 661 ”

344 842 510 897 Ἀλλ’
571 841 643 895 ἐν
717 839 889 908 πάσῃ
954 837 1263 908 παρῤησίᾳ
1324 833 1849 907 μεγαλυνθήσεται

260 934 519 1003 Χριστὸς
555 933 625 986 ὲν
658 931 736 997 τῷ
760 930 990 1000 σώματί
1018 947 1161 998 μου,
1210 928 1331 985 εἴτε
1395 928 1496 981 διὰ
1527 926 1694 996 ζωῆς,
1727 928 1849 980 εἶτε

257 1025 360 1080 διὰ
407 1023 694 1080 θανάτου.
731 1024 963 1076 Ἐκεῖνοι
1011 1021 1130 1092 μὲν,
1184 1021 1338 1088 φησὶ,
1380 1019 1468 1072 διὰ
1517 1017 1612 1072 τοῦ
1665 1017 1848 1072 αὐτῶν

256 1117 415 1171 δόλου
450 1116 713 1188 ᾠήθησαν
745 1117 825 1179 είς
854 1112 1135 1175 κινδύνους
1164 1112 1262 1165 καὶ
1308 1109 1538 1164 θάνατόν
1573 1127 1637 1179 με
1672 1109 1844 1179 i416:-

256 1209 376 1263 λεῖν
394 1225 410 1241 ·
447 1209 508 1262 οὐ
540 1208 888 1279 προχωρήσει
916 1204 973 1258 δὲ
1008 1204 1191 1265 αὐτοῖς
1219 1201 1279 1255 τὸ
1314 1202 1656 1272 σπούδασμα,
1682 1202 1848 1255 Ἀλλ’

255 1302 331 1355 ἐν
369 1301 538 1369 πάσῃ
602 1300 927 1369 παρῤησίᾳ,
965 1296 1216 1350 τουτέστι
1264 1293 1511 1365 φανερῶς
1555 1310 1649 1347 και
1687 1295 1875 1347 ἀναν-⁵

254 1393 558 1465 τιρρήτως,
584 1390 1113 1461 μεγαλυνθήσεται
1141 1390 1395 1459 Χριστὸς
1415 1390 1486 1444 ἐν
1510 1388 1590 1456 τῷ
1620 1389 1851 1459 σώμαῖί

250 1502 379 1555 μου
398 1501 415 1519 ⁶
454 1484 721 1549 τουτέστι,
754 1485 964 1549 Ζῶντός
998 1502 1124 1554 μου,
1159 1485 1254 1537 καὶ
1281 1482 1341 1536 τὸ
1372 1481 1532 1552 σῶμα
1559 1483 1716 1535 τοῦτο
1747 1500 1847 1535 πε-

258 1577 609 1647 ριφέροντος·
658 1576 718 1631 οὐ
771 1576 880 1644 γὰρ
933 1575 1335 1645 ἀποθανοῦμαι.
1368 1574 1488 1628 Ἵνα
1521 1574 1578 1627 δὲ
1643 1576 1717 1646 μή
1766 1592 1848 1638 τις

257 1668 415 1740 εἴπῃ·
443 1668 507 1721 Τί
533 1667 657 1734 οὖν;
694 1666 820 1720 Ἐὰν
842 1668 906 1721 σὺ
923 1666 1220 1737 ἀποθάνῃς,
1248 1666 1308 1719 οὐ
1337 1666 1844 1737 μεγαλυνθήσεται;

260 1760 488 1829 ἐπάγει,
515 1761 598 1814 ὅτι
638 1760 749 1814 Καὶ
775 1760 863 1812 διὰ
889 1759 982 1811 τοῦ
1014 1758 1244 1812 θανάτου
1270 1760 1369 1828 μὲν
1394 1758 1489 1811 τοῦ
1515 1757 1650 1829 ἐμοῦ
1678 1776 1847 1829 μεγα-

1951 565 2084 620 mihi
2124 567 2306 637 potius
2348 567 2473 622 inde
2510 566 2683 638 gloria
2715 574 2944 629 crescet,
2980 579 3097 632 qum
3138 563 3284 617 nullo
3318 578 3403 619 me
3431 578 3532 632 pu-

1950 660 2083 715 dore
2120 676 2298 730 ncque
2326 661 2620 731 ignominia
2653 660 2871 716 allicict.
2900 660 3156 713 Attamen
3187 671 3362 726 neque
3389 656 3533 711 istud

1950 752 2166 821 quidem
2194 751 2301 804 illis
2326 751 2564 806 dabitur.

2023 842 2130 897 Sed
2185 845 2239 897 in
2289 844 2437 897 omni
2487 843 2685 909 ﬁducia
2735 844 3166 915 magniﬁcubilur
3210 843 3265 898 in
3315 858 3534 913 corpore

1950 951 2065 989 meo
2093 935 2360 1001 Chrislus,
2396 936 2503 989 sive
2532 952 2625 1005 per
2655 936 2836 999 vitam,
2891 937 2997 990 sive
3039 954 3131 1004 per
3159 946 3393 990 mortem.
3428 935 3532 1000 Illi,

1953 1026 2147 1096 inquit,
2197 1027 2320 1082 dolo
2360 1042 2460 1081 suo
2501 1036 2759 1097 putarunt
2808 1043 2929 1082 sese
2980 1045 3066 1081 me
3099 1029 3149 1082 in
3187 1028 3424 1097 pericula
3478 1036 3535 1081 et

1951 1126 2179 1173 mortem
2206 1119 2550 1190 cenjecturos
2581 1136 2596 1171 :
2632 1134 2736 1174 non
2765 1119 3020 1173 succedet
3049 1128 3228 1172 autem
3255 1118 3336 1172 eis
3366 1134 3536 1171 cona-

1951 1215 2062 1273 tus,
2095 1211 2188 1263 sed
2222 1210 2274 1262 in
2309 1210 2450 1263 omni
2494 1209 2716 1279 ﬁducia,
2745 1210 2847 1263 hoc
2872 1219 2976 1273 est,
3012 1209 3183 1277 palam
3215 1219 3271 1262 et
3311 1208 3536 1261 irrefra-

1950 1299 2196 1369 gabiliter
2241 1300 2666 1371 magni/imbitur
2713 1300 2962 1355 Christus
3003 1301 3057 1352 in
3120 1313 3335 1366 corpore
3382 1313 3529 1353 meo:

1953 1392 2055 1446 hoc
2083 1400 2188 1456 est,
2223 1394 2487 1462 tantisper
2527 1393 2654 1447 dum
2690 1393 2830 1459 vivo,
2867 1406 3068 1462 corpus
3101 1392 3203 1445 hoc
3235 1387 3530 1444 circumfe-

1952 1499 2081 1538 rens
2107 1499 2120 1537 :
2154 1499 2259 1538 non
2288 1485 2432 1537 enim
2473 1488 2698 1539 moriar.
2728 1484 2806 1539 Ne
2831 1493 3008 1539 autem
3046 1484 3333 1553 quisquam
3365 1485 3531 1547 dicat,

1951 1573 2089 1643 Quid
2122 1577 2320 1646 igitur?
2357 1577 2404 1632 si
2444 1587 2497 1632 tu
2529 1576 2803 1643 moriare,
2835 1593 2940 1632 non
2976 1576 3292 1646 magniﬁet?
3322 1575 3485 1629 infert
3514 1591 3532 1631 :

1953 1668 2062 1723 lmo
2086 1670 2139 1723 et
2171 1684 2265 1739 per
2293 1677 2521 1724 mortem
2553 1684 2725 1722 meam
2755 1667 3054 1737 magniﬁet,
3087 1670 3212 1737 quia
3248 1677 3423 1723 morte
3453 1683 3538 1723 me

1953 1760 2233 1817 fortiorem
2285 1761 2412 1816 fecit
2460 1777 2474 1814 :
2522 1772 2894 1817 verumtamen
2948 1762 3165 1814 interim
3219 1775 3317 1830 per
3369 1762 3534 1815 vitam

255 1852 610 1924 λυνθήσεται,
648 1852 730 1906 ὅτι
784 1870 851 1923 με
907 1851 1002 1905 καὶ
1049 1850 1146 1904 τοῦ
1201 1850 1434 1904 θανάτου
1490 1828 1844 1923 ἰσχυρότερον

1961 1869 2134 1909 nteant
2169 1853 2526 1923 gloriﬁcatur,
2562 1852 2814 1920 quoniam
2862 1852 3000 1905 hanc
3052 1851 3182 1905 mihi
3229 1851 3473 1919 donavit,
3506 1867 3538 1906 e

253 1943 489 2016 εποίησε
511 1960 526 1974 ο
564 1942 704 2015 πλὴν
731 1943 869 2007 τέως
898 1943 984 1996 διὰ
1016 1943 1114 2011 τῆς
1140 1940 1284 2012 ζωῆς
1314 1939 1433 2009 νῦν,
1459 1941 1542 1995 ὅτι
1572 1942 1778 2010 ταύτην
1799 1942 1845 1974 ⁸³

257 2050 355 2104 μοι
395 2032 688 2105 ἐχαρίσατο
728 2032 1043 2102 ἐξελόμενος
1085 2029 1196 2097 τῶν
1246 2028 1533 2085 κινδύνων.
1581 2030 1749 2099 Λέγει
1788 2031 1846 2084 δὲ

254 2127 392 2197 περὶ
433 2125 528 2180 τοῦ
575 2126 832 2192 θανάτου,
876 2125 973 2196 οὐχ
1019 2125 1095 2188 ὡς
1137 2122 1342 2187 εὐθέως
1379 2122 1843 2194 ἀποθανούμενος,

254 2217 377 2273 ἀλλ’
406 2217 514 2282 ἵνα,
546 2218 596 2272 εί
621 2217 714 2270 καὶ
742 2216 990 2288 γένηται,
1019 2216 1094 2287 μὴ
1115 2212 1433 2286 ταραχθῶσι
1456 2229 1469 2242 ·
1500 2214 1710 2286 σφόδρα
1737 2215 1847 2286 γὰρ

253 2310 429 2364 αὐτοῦ
456 2309 814 2381 περιείχοντο.

345 2403 510 2473 Ἐμοὶ
543 2403 651 2474 γὰρ
678 2404 742 2458 τὸ
770 2400 897 2473 ζῇν,
937 2403 1212 2472 Χριστὸς,
1252 2405 1353 2460 καί
1380 2403 1465 2458 ’τὸ
1497 2401 1845 2470 ἀποθανεῖν,

255 2492 505 2561 κέρδος.
536 2493 823 2557 Τουτέστι,
847 2494 1058 2561 Καινήν
1085 2510 1208 2547 τινα
1232 2494 1377 2565 ζωὴν
1407 2493 1504 2559 ζῶ,
1537 2494 1633 2546 καὶ
1662 2495 1690 2547 ὁ
1712 2495 1847 2562 Χρι-

256 2585 389 2649 me;
428 2586 517 2655 μοί
558 2588 672 2639 ἐστι
723 2585 790 2639 τὰ
823 2585 1019 2649 πάντα,
1056 2587 1151 2638 καὶ
1202 2589 1362 2657 πνοὴ,
1412 2588 1511 2639 καὶ
1558 2585 1698 2656 ζωὴ,
1750 2585 1848 2638 καὶ

256 2678 400 2747 φῶς.
436 2678 510 2730 Τὸ
539 2678 647 2749 γὰρ
681 2678 777 2748 τῆς
808 2676 954 2748 ζωῆς
986 2678 1161 2749 δνομα
1194 2679 1455 2749 σημαίνει
1482 2680 1581 2749 μὲν
1624 2680 1719 2732 καὶ
1747 2679 1847 2750 τὴν

258 2770 504 2842 φυσικὴν
532 2770 678 2842 ζωὴν
711 2772 846 2841 (Ἐν
867 2770 1028 2838 αὐτῷ
1053 2773 1182 2842 γὰρ,
1211 2772 1367 2843 φησὶ,
1411 2770 1596 2843 ζῶμεν
1629 2773 1729 2827 καὶ
1757 2790 1847 2827 κι-

255 2862 583 2934 νούμεθα)’
617 2864 870 2935 σημαίνει
897 2865 954 2919 δὲ
1005 2864 1101 2918 καὶ
1139 2866 1239 2937 τὴν
1272 2867 1371 2935 τῆς
1422 2867 1729 2937 ἁμαρτίας*
1772 2866 1849 2930 ὡς

254 2956 392 3009 ὅταν
424 2955 560 3029 λέγῃ
581 2972 593 2985 ·
622 2958 851 3025 Οἵτινες
878 2957 1259 3027 ἀπεθάνομεν
1289 2957 1364 3027 τῇ
1399 2959 1672 3028 ἁμαρτίᾳ,
1722 2959 1850 3025 πῶς

257 3048 351 3101 ἐτι
379 3048 641 3121 ζήσομεν
660 3052 729 3105 ἐν
753 3052 946 3121 αὐτῇ;
977 3053 1236 3122 σημαίνει
1259 3051 1317 3105 δὲ
1346 3053 1442 3105 καὶ
1473 3052 1571 3121 τὴν
1606 3050 1847 3116 αἰώνιον,

259 3138 388 3209 ἦτοι
431 3142 535 3210 τὴν
576 3142 716 3195 κατὰ
751 3142 1021 3212 Χριστόν
1056 3142 1153 3205 ὡς,
1192 3139 1263 3195 Τὸ
1307 3138 1479 3210 ἡμῶν
1515 3141 1849 3210 πολίτευμα

254 3232 333 3285 ἐν
401 3233 679 3300 οὐρανοῖς
724 3231 1001 3302 ὑπάρχει.
1067 3231 1339 3287 Ἐνταῦθα
1390 3231 1570 3286 τοίνυν
1629 3232 1689 3286 οὐ
1748 3233 1848 3304 τὴν

262 3325 505 3395 φυσικὴν
546 3324 692 3393 ζωὴν
737 3325 983 3396 ἀρνεῖται
1025 3327 1053 3378 ὁ
1104 3323 1338 3392 Παῦλος,
1382 3324 1519 3378 ἀλλὰ
1545 3325 1644 3397 τὴν
1689 3327 1746 3378 ἐν
1780 3327 1845 3396 τῇ

262 3415 533 3487 ἁμαρτίᾳ,
587 3417 685 3486 τὴν
734 3416 1106 3487 προσέχουσαν
1153 3419 1219 3489 τῇ
1271 3419 1512 3488 κοσμικῇ
1574 3416 1844 3489 ἀπάτῃδδ.

264 3509 375 3562 Τὸν
400 3508 633 3579 Χριστὸν
658 3507 714 3561 δὲ
741 3507 993 3579 ὀμολ.γεῖ
1010 3503 1150 3562 εἶναι
1170 3505 1274 3579 [ἐν]
1296 3506 1444 3577 αὐτῷ
1475 3506 1642 3577 ζωὴν,
1659 3506 1846 3577 ὥσπερ

261 3600 362 3655 οὖν
383 3602 478 3653 καὶ
503 3600 735 3670 ἀλλαχοῦ
761 3617 925 3670 φησιν
943 3616 956 3631 ·
997 3602 1100 3653 Ἐν
1118 3602 1320 3653 πίστει
1352 3598 1433 3664 ζῶ
1457 3598 1530 3668 τῇ
1558 3599 1667 3653 τοῦ
1715 3600 1848 3653 Υίοῦ

265 3691 375 3748 τοῦ
412 3692 581 3747 Θεοῦ.
610 3722 683 3733 —-
723 3694 795 3746 Τὸ
821 3692 878 3746 δὲ
905 3691 1254 3758 ἀποθανεῖν,
1290 3690 1524 3759 κέρδος,
1555 3691 1637 3744 ὅτι
1673 3688 1845 3759 αὐτῷ,

267 3783 426 3855 φησι,
466 3784 587 3836 τότε
616 3784 950 3854 σαφέστερον
975 3784 1298 3853 συνέσομαι.
1331 3782 1498 3835 Ὥστε
1528 3782 1724 3853 κέρδος
1758 3799 1849 3852 μοι

266 3876 698 3948 προξενήσουσιν
741 3877 790 3929 oi
820 3876 918 3944 τῆς
962 3877 1019 3929 ὲν
1046 3875 1125 3946 τῷ
1173 3875 1366 3946 κόσμῳ
1412 3875 1558 3943 ζωῆς
1592 3874 1849 3929 ἐκόαλεῖν

267 3967 614 4032 σπεύδοντες,
662 3966 739 4038 τῷ
785 3967 1026 4041 Χριστῷ,
1073 3968 1131 4031 ὅς
1161 3970 1309 4023 ἐστιν
1336 3968 1446 4038 ὲμὴ
1499 3967 1636 4037 ζωὴ,
1671 3984 1852 4039 παρα-

268 4063 335 4116 πέ
345 4061 582 4133 μποντές
615 4077 703 4131 με.
1486 4110 1496 4122 ,

343 4160 416 4215 Ei
458 4157 526 4211 δὲ
555 4158 623 4211 τὸ
653 4156 761 4225 ζῇν
790 4155 993 4226 σαρκί,
1021 4155 1200 4210 τοῦτό
1235 4172 1339 4225 μοι
1371 4154 1600 4223 καρπὸς
1646 4156 1848 4224 ἔργου,

268 4252 372 4307 καί
410 4251 469 4305 τί
517 4249 836 4321 αἱρήσομαι
882 4251 954 4303 οὐ
1000 4246 1276 4319 γνωρίζω.
1327 4248 1446 4300 Ἵνα
1494 4246 1570 4318 μὴ
1622 4245 1852 4317 νομίσῃς

267 4344 578 4399 διαϐάλλειν
604 4343 766 4397 αὑτὸν
792 4341 891 4413 τὴν
915 4340 1197 4411 παροῦσαν
1228 4340 1397 4411 ζωὴν,
1444 4340 1640 4411 φησίνο
1672 4341 1740 4393 El
1782 4337 1854 4390 δὲ

268 4438 339 4492 τὸ
370 4434 478 4506 ζῆν
514 4435 584 4491 ἐν
625 4434 829 4504 σαρκί,
869 4433 1048 4487 τοῦτό
1061 4449 1164 4502 μοι
1201 4432 1430 4500 καρπὸς
1454 4432 1666 4501 ἔργουο
1696 4447 1854 4483 τουτ-

273 4531 445 4593 έστιν,
474 4525 640 4581 Εἶπον
690 4527 790 4597 μὲν
848 4527 931 4580 ὅτι
978 4524 1171 4593 κέρδος
1207 4541 1298 4593 μοι
1352 4525 1414 4577 τὸ
1462 4526 1663 4590 θανεῖν,
1712 4521 1854 4592 πλὴν
1886 4549 1929 4604 ο

270 4618 466 4689 ἐπειδὴ
512 4618 606 4671 καὶ
669 4616 730 4670 τὸ
789 4614 889 4688 ζῇν
942 4617 1000 4668 ὲν
1058 4614 1225 4684 σαρκὶ
1285 4614 1386 4667 οὐκ
1451 4612 1703 4685 ἄκαρπόν
1763 4612 1853 4683 μοί

274 4714 394 4764 ἐστι
459 4707 832 4781 (καρποφορῶ
897 4707 1027 4777 γὰρ,
1094 4704 1363 4759 διδάσκων
1435 4704 1530 4758 καὶ
1600 4703 1853 4772 φωτίζων

276 4803 546 4871 πάντας),
592 4802 694 4854 οὐκ
760 4796 877 4854 οῖδα
947 4798 1001 4857 τί
1065 4799 1386 4869 αἱρήσομαι.
1465 4794 1730 4850 Ἐνταῦθα
1796 4794 1855 4849 δὲ

276 4893 610 4963 φράττονται
640 4892 733 4945 καὶ
769 4890 880 4944 τῶν
913 4889 1011 4961 τὴν
1039 4890 1320 4960 παροῦσαν
1352 4888 1498 4960 ζωὴν
1539 4885 1856 4941 διαϐαλλόν-

275 5002 389 5039 των
443 4984 738 5056 αίρετικῶν
784 4985 855 5038 τὰ
906 4982 1186 5054 στόματα·
1220 4981 1313 5033 καὶ
1370 4981 1478 5050 γὰρ
1523 4980 1585 5034 οὐ
1643 4980 1859 5051 πονηρά

280 5081 452 5145 ἐστιν,
484 5076 536 5130 εί
579 5093 641 5145 γε
666 5078 912 5148 καρποὺς
954 5077 1088 5147 ἡμῖν
1119 5073 1353 5129 δίδωσιν.
1396 5074 1559 5127 Ὥστε
1590 5073 1688 5144 οὐχ
1715 5072 1854 5144 αῦτη

171 5218 187 5241 κ
279 5165 453 5232 αἰτία,
481 5165 595 5221 ἀλλ’
623 5166 657 5236 ή
689 5164 1008 5237 προαίρεσις
1032 5163 1142 5218 τῶν
1168 5163 1353 5227 κακῶς
1373 5164 1672 5234 χρωμένων
1692 5163 1855 5233 αὐτῇ.

206 5284 221 5328 ί
281 5260 395 5314 Καὶ
423 5260 723 5331 μυστήριον
750 5258 808 5312 δέ
836 5275 888 5311 τι
912 5254 1334 5322 ἀποκαλύπτων,
1356 5255 1627 5309 δείκνυσιν
1662 5255 1854 5309 ἑαυτὸν

281 5350 472 5423 κύριον
505 5352 633 5405 ὄντα
672 5350 767 5404 τοῦ
795 5349 895 5423 ζῇν
923 5348 1127 5404 καὶτοῦ
1160 5347 1471 5404 ἀποθανεῖν.
1501 5349 1562 5401 Ei
1589 5347 1697 5418 γὰρ
1729 5347 1853 5419 βου-

280 5442 498 5514 λοίμην,
529 5443 716 5513 φησιν,
763 5439 1094 5513 αἰτήσασθαι
1128 5439 1221 5494 τὸν
1266 5439 1421 5505 Θεὸν,
1468 5436 1627 5492 δώσει
1659 5437 1852 5510 χάρινο

422 5577 451 5606 ¹¹
489 5578 610 5634 Act.
680 5593 812 5644 svu,
850 5577 971 5657 28.⁸
1087 5586 1116 5618 '
1147 5578 1304 5634 Rom.
1350 5590 1422 5645 Vt,
1446 5578 1502 5634 2.

1957 1947 2208 2018 periculis
2251 1961 2472 2001 eruens.
2524 1943 2597 1998 De
2638 1954 2814 1997 inerte
2876 1952 3057 1997 autem
3107 1943 3378 2012 loquitur,
3428 1959 3536 1999 non

1953 2039 2116 2094 veluti
2143 2039 2324 2093 statim
2357 2039 2675 2102 moriturus,
2711 2051 2896 2091 verum
2939 2042 2996 2089 ut
3040 2036 3248 2091 etiamsi
3278 2036 3397 2100 ﬁat,
3429 2052 3534 2092 non

1957 2132 2282 2188 turbentur:
2319 2131 2665 2186 vehementer
2705 2131 2848 2183 enim
2885 2143 3010 2185 eum
3044 2131 3531 2199 amplectebantur.

2027 2401 2191 2458 Vsus.
2244 2403 2335 2458 Ἡ.
2380 2400 2515 2456 Mihi
2546 2400 2682 2455 enim
2715 2399 2876 2456 vivere
2897 2398 3139 2454 Christus
3186 2408 3284 2465 est,
3313 2409 3362 2453 et
3404 2399 3540 2454 mori

1957 2494 2180 2550 lucrum.
2216 2494 2325 2549 Hoc
2371 2504 2477 2560 est,
2526 2492 2733 2548 Novam
2781 2493 3069 2562 quamdam
3119 2493 3283 2547 vitam
3310 2493 3453 2558 vivo,
3485 2501 3541 2549 et

1954 2588 2204 2643 Christus
2238 2596 2324 2640 est
2357 2586 2488 2639 mihi
2532 2586 2735 2651 omnia,
2760 2594 2814 2638 et
2853 2584 3100 2653 spiritus,
3125 2594 3181 2638 et
3216 2585 3347 2647 vita,
3376 2594 3430 2637 et
3459 2585 3540 2636 lu-

1957 2696 2101 2734 men.
2138 2678 2272 2733 Vitae
2318 2680 2460 2732 enim
2493 2692 2693 2732 nomen
2720 2677 3024 2730 naturalem
3061 2676 3223 2730 etiam
3259 2677 3422 2730 vitam
3465 2679 3542 2730 si-

1956 2770 2174 2841 gnificat
2203 2785 2218 2823 :
2258 2767 2399 2822 Nam
2439 2768 2492 2820 in
2524 2767 2658 2837 ipso,
2685 2765 2882 2835 inquit,
2915 2776 2961 2819 et
3000 2766 3239 2829 vicimus,
3272 2773 3316 2816 et
3371 2780 3516 2817 move

1957 2881 2076 2918 mur
2107 2862 2466 2933 “.Signiﬁcat
2490 2863 2655 2917 etiam
2688 2861 2850 2913 vitam
2875 2859 2927 2912 in
2953 2857 3211 2927 peccatis,
3240 2868 3432 2911 utcum
3460 2857 3542 2911 di-

1957 2958 2051 3023 cit,
2086 2958 2190 3022 Qui
2221 2959 2412 3010 mortui
2436 2971 2617 3009 sumus
2645 2963 2881 3026 peccato,
2913 2952 3174 3023 quomodo
3205 2950 3378 3003 adhuc
3403 2950 3540 3004 vive-

1957 3067 2074 3104 mus
2107 3050 2162 3102 in
2195 3047 2385 3115 ipso"?
2409 3047 2688 3117 Signiﬁcat
2719 3056 2773 3101 et
2801 3049 2966 3099 vitam
2991 3045 3397 3114 sempiternam.
3423 3042 3540 3098 sive

1956 3157 2074 3198 eam
2105 3157 2227 3211 qua:
2264 3139 2558 3195 secundum
2592 3138 2873 3193 Christum
2902 3146 3031 3191 est:
3069 3149 3147 3201 ut,
3193 3133 3534 3190 Conversatio

1958 3243 2139 3289 nostra
2195 3233 2250 3287 in
2298 3232 2441 3286 caelis
2489 3241 2564 3284 est
2591 3239 2639 3283 ι.
2675 3229 2772 3284 ilic
2825 3229 2988 3296 igitur
3030 3228 3330 3281 naturalem
3374 3229 3539 3280 vitam

1955 3326 2156 3381 Paulus
2198 3339 2301 3378 non
2335 3323 2530 3391 rejieit,
2577 3320 2672 3375 sed
2717 3320 2881 3374 vitam
2921 3334 3041 3387 quire
3096 3329 3318 3386 peccato
3354 3317 3540 3372 dedita

1955 3431 2058 3485 est,
2085 3419 2245 3488 hujus
2280 3415 2462 3470 mundi
2501 3414 2809 3482 impostnrte
2833 3412 3223 3466 attendentem.
3258 3408 3539 3464 Christum

1958 3522 2137 3567 autem
2166 3506 2583 3565 conﬁtetur-sibi
2621 3520 2742 3559 esse
2769 3503 2959 3568 vitam,
3000 3503 3455 3571 quemadmodum
3483 3511 3541 3557 et

1957 3604 2062 3658 alio
2090 3603 2141 3656 in
2175 3602 2292 3656 loco
2323 3598 2454 3655 dicit
2493 3615 2506 3652 :
2547 3596 2612 3650 In
2643 3596 2748 3665 ﬁde
2787 3596 2896 3648 viro
2921 3590 3046 3647 Filii
3076 3591 3169 3645 Dei
3196 3601 3245 3645 1.
3281 3589 3417 3645 Mori
3440 3607 3540 3645 au-

1960 3687 2067 3749 tem
2100 3694 2305 3747 lucrum
2336 3700 2443 3755 est,
2475 3690 2600 3759 quia
2626 3696 2755 3742 tunc
2786 3686 3030 3756 apertius
3053 3700 3176 3739 cum
3211 3686 3325 3754 ipso
3349 3699 3538 3739 versa-

1959 3786 2076 3839 ber.
2100 3782 2331 3838 Lucrum
2369 3781 2551 3849 itaque
2575 3777 2703 3832 mihi
2730 3776 3072 3848 praebebunt,
3107 3774 3429 3828 festinantes
3453 3788 3539 3829 tne

1957 3890 2023 3930 ex
2055 3874 2212 3945 hujus
2259 3870 2444 3926 mundi
2498 3871 2606 3924 vita
2648 3867 2870 3938 ejicere,
2915 3867 3152 3935 Christo,
3193 3868 3284 3935 qni
3316 3875 3399 3920 est
3431 3865 3538 3919 vita

1958 3981 2101 4033 mea,
2131 3979 2216 4020 me
2244 3963 2561 4034 allegantes.

2027 4147 2193 4203 Vens.
2223 4146 2316 4201 22.
2339 4143 2397 4201 Si
2415 4152 2587 4199 autem
2609 4142 2775 4196 vivere
2806 4142 2859 4194 in
2889 4128 3067 4205 carne,
3095 4139 3191 4193 hoc
3221 4136 3387 4211 434
3414 4137 3542 4191 mihi

1958 4243 2164 4311 fructus
2191 4248 2266 4294 est
2299 4239 2494 4307 operis,
2529 4246 2571 4290 et
2608 4234 2733 4306 quid
2765 4232 2978 4304 eligam,
3006 4232 3208 4302 ignoro.
3244 4232 3319 4285 Ne
3350 4233 3542 4286 existi-

1961 4349 2074 4390 mes
2106 4334 2283 4404 ipsum
2318 4340 2639 4399 prasentem
2673 4329 2838 4380 vitam
2872 4324 3288 4395 reprehenJere,
3327 4324 3537 4393 inquit:

1960 4425 2019 4481 Si
2047 4427 2209 4481 vivere
2248 4426 2304 4477 in
2335 4436 2513 4485 carne,
2554 4420 2651 4472 hoc
2681 4418 2810 4470 mihi
2852 4415 3054 4485 fructus
3088 4421 3165 4468 est
3215 4415 3407 4482 operis,
3438 4415 3541 4468 hoc

1960 4528 2063 4584 est,
2100 4517 2218 4572 Dixi
2264 4516 2479 4585 quidem
2527 4513 2737 4566 lucrum
2777 4522 2899 4565 esse
2947 4507 3110 4571 mori,
3165 4514 3536 4561 verumtamen

1961 4618 2245 4680 postquam
2279 4607 2460 4660 vivere
2492 4605 2543 4658 in
2565 4616 2730 4658 carne
2752 4617 2857 4656 non
2896 4601 2965 4655 sit
2994 4599 3370 4670 infrugiierum
3404 4600 3535 4653 mihi

1962 4701 2225 4774 (fructum
2254 4699 2399 4753 enim
2427 4695 2565 4762 fero,
2592 4692 2794 4749 docens
2839 4692 3261 4762 illuminansque
3290 4691 3534 4761 omnes),

1964 4809 2070 4848 non
2100 4790 2221 4845 novi
2260 4788 2386 4859 quid
2426 4786 2642 4858 eligam.
2677 4783 2775 4862 llic
2805 4792 2983 4838 autem
3013 4784 3367 4838 obstruuntur
3398 4796 3536 4851 prat-

1963 4893 2170 4940 sentem
2200 4881 2360 4935 vitam
2389 4877 2836 4935 calumniantium
2858 4875 3232 4931 haereticorum
3255 4890 3346 4927 ora
3372 4891 3388 4927 :
3412 4891 3534 4928 nam

1966 4992 2071 5032 non
2119 4983 2202 5030 est
2246 4987 2434 5044 prava,
2472 4986 2592 5026 cum
2629 4969 2839 5025 fructus
2875 4970 3031 5023 nobis
3067 4968 3355 5038 impertiat.
3388 4964 3537 5031 Quo-

1965 5068 2105 5122 circa
2153 5066 2267 5136 ipsa
2321 5078 2431 5117 non
2470 5070 2552 5116 est
2599 5077 2789 5124 causa,
2823 5061 2916 5114 sed
2962 5058 3209 5112 voluntas
3257 5056 3400 5110 male
3446 5055 3536 5109 illa

1966 5161 2250 5215 utentium.
2307 5157 2497 5223 Porro,
2557 5152 2873 5224 mysterium
2933 5150 3201 5220 quoddam
3234 5147 3534 5208 .revelans,

1968 5255 2169 5309 indicat
2209 5265 2269 5306 se
2313 5265 2434 5305 esse
2475 5248 2750 5303 dominum
2802 5244 2927 5296 vita:
2968 5240 3306 5308 mortisque:
3338 5253 3461 5294 nam
3491 5240 3536 5293 si

1966 5346 2145 5410 velim,
2178 5343 2372 5413 inquit,
2407 5340 2510 5394 hoc
2537 5353 2601 5393 ex
2636 5334 2742 5391 Deo
2772 5345 2972 5401 petere,
3004 5334 3153 5388 dabit
3173 5333 3426 5404 gratiam.
3457 5330 3538 5387 Es

1969 5439 2071 5494 hoc
2124 5451 2253 5505 ergo
2309 5431 2515 5488 debetis
2575 5427 3006 5484 consolationem
3062 5427 3337 5498 accipere,
3391 5426 3535 5498 quod

1619 5592 1645 5620 ι
1679 5560 1841 5634 nam.
1879 5591 1964 5651 ιιι,
2014 5578 2107 5634 eo.
2186 5583 2216 5624 γ
2246 5571 2421 5628 Galat.
2457 5584 2516 5639 ιι,
2544 5568 2638 5628 29.

1633 5691 1845 5755 Varie:
1878 5691 2216 5757 lectiones.

351 5791 400 5824 ’⁸³
427 5789 581 5846 οὐδὲν
615 5808 669 5850 0.
747 5794 792 5828 ⁸³
822 5794 997 5849 πάντα
1034 5806 1087 5848 ο.
1164 5792 1211 5826 ⁸⁵
1236 5792 1428 5867 ἀγάπῃ
1456 5811 1509 5851 ο.
