3932 6588
491 361 630 428 1155

1417 358 1990 425 TIIEOPIIYLACTI
2037 357 2447 421 BULGARIE
2482 362 2838 428 ARCHIEP.

3587 365 3708 429 1156

481 473 693 530 etiamsi
727 472 952 537 moriar,
986 487 1090 528 non
1118 488 1182 530 ex
1211 473 1414 529 malitia
1447 473 1708 538 hostium,
1741 472 1834 528 sed
1857 484 1922 525 ex
1951 465 2044 524 dis-

2160 467 2300 522 ὥστε
2333 472 2426 524 καὶ
2452 473 2516 525 ἐκ
2546 473 2740 527 τούτου
2776 473 3018 544 ὀφείλετε
3061 471 3528 544 παραμυθεῖσθαι,
3551 474 3629 529 ὃτι
3664 481 3708 532 εἰ

483 563 796 634 pensatione
833 563 925 620 Dei
956 563 1154 619 factum
1183 576 1271 620 est
1294 565 1456 620 istud.

553 739 715 792 Vens.
733 739 822 806 23,
838 739 926 793 9.4.
949 738 1202 794 Coarctor
1217 750 1390 794 autem
1411 755 1472 794 ea
1490 737 1715 804 duobus,
1736 735 2052 790 desiderium

481 829 694 893 habens,
725 830 938 883 dissolvi
987 841 1035 883 et
1067 846 1182 885 esse
1229 847 1346 884 cum
1398 830 1633 891 Christo,
1683 827 1844 881 multo
1884 826 2051 894 magis

481 917 664 971 melius
707 934 726 972 :
757 934 1061 986 permanere
1096 929 1271 973 autem
1303 921 1356 972 in
1397 935 1575 985 carne,
1613 920 1781 989 magis
1816 933 2054 971 necessa-

479 1008 614 1060 rium
655 1020 866 1078 propter
915 1027 1022 1066 vos.
1077 1009 1202 1064 Haec
1245 1010 1375 1063 dicit
1415 1011 1777 1078 pra-.niuniens
1816 1021 1932 1072 eos,
1993 1013 2052 1060 ut

478 1110 698 1153 strenue
749 1099 1069 1170 fortiterque
1104 1101 1277 1154 ferant
1329 1100 1568 1154 futuram
1610 1109 1835 1154 mortem
1873 1113 2049 1154 suam.

478 1193 617 1257 Quid
655 1194 796 1247 enim
831 1195 1045 1257 doletis,
1079 1193 1271 1262 inquit,
1326 1202 1548 1262 propter
1582 1199 1807 1243 mortem
1839 1187 2053 1242 meam?

479 1283 628 1337 ilanc
657 1299 756 1354 ego
789 1285 1058 1348 desidero,
1093 1299 1156 1338 ac
1205 1284 1395 1337 melius
1431 1281 1560 1335 auihi
1600 1280 1703 1334 hoc
1734 1287 1818 1333 est
1848 1294 1862 1332 :
1895 1277 2054 1348 largi-

479 1380 567 1426 tur
589 1375 877 1428 enimmihi
907 1386 963 1428 ut
985 1375 1088 1428 sim
1118 1390 1238 1428 cum
1270 1374 1509 1428 Christo.
1541 1374 1730 1440 Itaque
1761 1385 1867 1424 non
1886 1383 2050 1437 opor-

479 1474 556 1518 tet
593 1479 688 1518 vos
756 1465 956 1520 dolere.
1003 1451 1387 1519 Verumtamen
1432 1479 1462 1517 e
1490 1473 1679 1519 contra
1721 1475 1946 1516 manere
1995 1461 2048 1514 in

476 1572 661 1622 carne,
687 1557 855 1623 magis
883 1567 966 1611 est
995 1558 1358 1612 necessarium
1388 1567 1610 1626 propter
1638 1565 1870 1609 vestram
1900 1567 2050 1607 com-

478 1648 816 1700 moditatem.
851 1645 968 1701 Non
992 1648 1138 1701 enim
1169 1662 1352 1716 quer
1386 1647 1528 1716 quod
1573 1661 1753 1700 meum
1797 1653 1900 1710 est,
1951 1644 2047 1699 sed

475 1739 616 1805 quod
651 1747 886 1796 vestrum
919 1749 1021 1791 est.
1050 1737 1370 1793 Coarctatus
1418 1739 1578 1807 igitur
1620 1737 1768 1791 hisce
1812 1735 2044 1799 duobus,

2155 560 2248 612 καὶ
2273 559 2418 613 θανῶ
2437 562 2505 625 ⁸⁵,
2535 561 2658 633 οὐχὶ
2675 562 2724 595 ⁵⁸
2752 562 2990 635 πονηρίᾳ
3019 561 3129 617 τῶν
3166 561 3378 634 ὲχθοῶν
3439 560 3571 616 ἀλλὰ
3586 563 3708 618 Θεοῦ

2153 653 2435 724 οἰκονομίᾳ
2471 654 2683 722 γίνεται
2716 655 2895 710 τοῦτο.
2952 639 2958 646 ⁸

2225 745 2561 815 Συνέχομαι
2590 747 2658 801 δὲ
2683 748 2751 803 ἐκ
2781 747 2900 803 τῶν
2928 747 3060 813 δύο,
3091 747 3204 817 τὴν
3226 747 3546 818 ἐπιθυμίαν
3568 747 3709 818 ἔχων

2153 835 2240 900 εἰς
2277 835 2343 887 τὸ
2372 836 2677 892 ἀναλῦσαι
2717 837 2817 892 καὶ
2850 838 2975 893 σὺν
3015 837 3248 906 Χριστῷ
3287 834 3464 903 εἶναι,
3521 837 3708 904 πολλῷ

2147 923 2390 994 μᾶλλον
2435 927 2758 995 κρεῖσσον·
2791 929 2859 982 τὸ
2891 928 2960 982 δὲ
2997 929 3302 998 ἐπιμένειν
3325 930 3398 984 ἐν
3418 928 3495 998 τῇ
3525 932 3706 1000 σαρκὶ,

2153 1017 2622 1086 ἀναγκαιότερον
2665 1018 2740 1073 δι’
2793 1018 2966 1090 ὑμᾶς.
2999 1021 3185 1074 Ταῦτα
3237 1021 3383 1090 λέγει
3441 1038 3707 1092 προπαρα-

2155 1108 2436 1172 σκευάζων
2476 1109 2672 1172 αὐτοὺς
2711 1110 2956 1178 ἐνεγκεῖν
2983 1111 3248 1179 γενναίως
3280 1111 3382 1181 τὴν
3425 1111 3706 1180 μέλλουσαν

2154 1197 2320 1251 αὑτοῦ
2346 1199 2624 1270 τελευτήν.
2671 1199 2737 1254 Τί
2766 1202 2874 1274 γὰρ
2901 1201 3138 1271 ἁλγεῖτε,
3168 1203 3356 1273 φησὶν,
3390 1202 3486 1256 ἐπὶ
3521 1203 3595 1272 τῷ
3619 1203 3702 1256 θα-

2151 1290 2317 1361 νάτῳ;
2341 1290 2447 1345 Τοῦ
2457 1309 2511 1346 το
2524 1292 2795 1365 ἐπιθυμῶ,
2815 1293 3028 1366 [πάλαι,
3048 1295 3145 1350 καὶ
3165 1295 3350 1368 πάλιν]
3363 1298 3458 1349 καὶ
3481 1299 3704 1367 κρεῖττόν

2155 1401 2244 1454 μοι
2266 1383 2422 1437 τοῦτό
2453 1387 2598 1439 ὲστι·
2647 1386 2828 1440 δίδωσι
2857 1389 2965 1458 γάρ
2991 1405 3080 1458 μοι
3119 1389 3216 1442 σὺν
3247 1388 3472 1460 Χριστῷ
3501 1383 3648 1442 εἶναι.
3684 1389 3704 1408 ⁹

2154 1478 2317 1530 Ὥστε
2339 1479 2400 1531 οὺ
2417 1478 2498 1531 δεῖ
2523 1480 2666 1548 ὑμᾶς
2688 1481 2894 1548 ἀλγεῖν.
2927 1480 3072 1552 Πλὴν
3098 1481 3260 1534 πάλιν
3278 1480 3335 1534 τὸ
3357 1481 3632 1552 ἐπιμένειν
3649 1483 3704 1551 τῇ

2153 1570 2338 1641 σαρκὶ,
2361 1570 2790 1642 ἀναγκαιότερον
2823 1572 2912 1627 διὰ
2941 1573 3040 1642 τὴν
3061 1573 3331 1643 ὑμετέραν
3360 1573 3404 1604 δ’
3435 1572 3702 1640 ὠφέλειαν

2149 1665 2212 1719 οὐ
2230 1667 2333 1735 γὰρ
2354 1667 2502 1736 ζητῶ
2514 1666 2572 1719 τὸ
2591 1667 2851 1736 ἐμαυτοῦ,
2879 1667 3015 1720 ἀλλὰ
3034 1667 3094 1720 τὸ
3111 1665 3285 1734 ὑμῶν.
3308 1661 3702 1735 Συνεχόμενος⁸⁸

2151 1755 2242 1812 οὖν
2263 1761 2327 1812 ὲκ
2346 1759 2454 1812 τῶν
2473 1759 2566 1812 δύο
2580 1759 2805 1824 τούτων,
2823 1760 3066 1814 τουτέστι
3093 1758 3608 1828 ετενοχωρούμενος,
3624 1757 3704 1810 καὶ

478 1829 577 1882 hoc
601 1839 706 1890 est,
731 1828 784 1881 in
819 1828 1066 1898 angustia
1086 1828 1437 1891 constitutus,
1463 1837 1517 1881 et
1549 1828 1767 1896 ignarus
1790 1825 2044 1895 quidnam

2154 1852 2229 1921 μὴ
2245 1849 2402 1912 εἰδὼς
2429 1854 2580 1903 ποῖον
2604 1853 2946 1922 προτιμήσω*
2981 1853 3132 1920 ὅμως
3155 1823 3583 1919 ἁναῆκαιότιρον
3601 1849 3704 1918 κρί-

476 1919 777 1989 pra-feram,
822 1921 1185 1974 necessarium
1219 1928 1396 1972 tamen
1453 1919 1621 1987 magis
1658 1917 1867 1985 judico,
1898 1916 2049 1970 vobis

475 2025 594 2064 mea
628 2011 736 2064 vita
784 2010 1060 2079 prodesse.
1086 2011 1251 2065 Estne
1282 2010 1484 2079 aliquid
1515 2024 1636 2064 eum
1682 2008 1836 2062 Pauli
1868 2008 2048 2062 animo

472 2099 955 2170 aequiparandum?
979 2101 1079 2167 Qui
1106 2101 1232 2154 huic
1260 2101 1382 2169 ipsi,
1415 2111 1471 2156 ut
1494 2117 1614 2154 cum
1642 2099 1860 2176 Christo
1880 2107 2046 2161 esset,

475 2193 700 2245 aliorum
728 2194 1014 2247 utilitatem
1050 2191 1398 2259 praeferebat;
1427 2202 1480 2245 et
1500 2207 1606 2262 quo
1633 2193 1804 2262 magis
1833 2191 2049 2245 Christo

475 2285 870 2352 approprietur,
926 2282 1391 2338 conversationem
1445 2298 1596 2338 suam
1651 2297 1773 2337 cum
1830 2280 2048 2337 Christo

473 2374 762 2429 differens?

548 2465 706 2520 Vens.
737 2466 826 2522 ‘25.
855 2465 920 2519 Et
954 2467 1051 2520 hoc
1089 2464 1359 2535 conﬁdens
1390 2466 1520 2531 scio,
1549 2465 1688 2535 quod
1721 2465 1960 2530 manebo,
1996 2473 2046 2520 et

471 2556 631 2610 simul
661 2559 968 2624 permanebo
1013 2573 1130 2610 cum
1161 2557 1400 2610 omnibus
1431 2557 1598 2619 vobis,
1639 2555 1708 2608 ad
1753 2557 2046 2626 profectum

471 2660 696 2703 vestrum
721 2659 769 2702 et
801 2649 1053 2719 gaudium
1081 2649 1224 2717 ﬁdei.
1259 2648 1398 2714 Quia
1425 2648 1793 2706 necessarium
1826 2656 1931 2715 est,
1963 2648 2048 2702 in-

467 2745 608 2809 quit,
645 2751 702 2793 ut
734 2743 785 2795 in
838 2756 1000 2796 carne
1030 2756 1304 2802 maneam,
1353 2740 1688 2795 confidenter
1742 2741 2046 2796 indubitan-

472 2842 662 2902 terque
693 2832 814 2885 novi
846 2832 986 2900 quod
1034 2833 1284 2895 manebo,
1315 2831 1416 2886 hoc
1443 2840 1547 2897 est,
1581 2831 1772 2886 Vivam
1804 2848 1820 2886 :
1853 2841 1908 2887 et
1940 2847 2044 2885 non

471 2919 812 2989 simpliciter,
861 2921 976 2986 sed,
1026 2918 1326 2987 Vobiscum,
1371 2921 1511 2990 quod
1545 2928 1648 2988 est,
1682 2920 1884 2977 Videbo
1929 2937 2044 2980 vos.

469 3011 638 3079 Cujus
665 3013 738 3064 rei
771 3009 982 3080 gratia?
1035 3009 1103 3067 Ut
1141 3025 1238 3066 vos
1267 3011 1322 3064 in
1354 3009 1458 3065 (ide
1501 3010 1892 3080 promoveatis,
1943 3009 2046 3065 hoc

2148 1961 2246 2008 νω,
2267 1945 2328 1997 τὸ
2345 1944 2488 2013 ὑμᾶς
2512 1943 2622 2008 ζῶν
2640 1944 2891 2013 ὠφελεῖν.
2907 1939 3055 2008 ’Λρα
3074 1945 3188 1999 ἐστι
3207 1959 3260 1996 τι
3282 1941 3382 2010 τῆς
3397 1941 3494 1995 τοῦ
3511 1941 3701 1999 Παύλου

2146 2036 2326 2107 ψυχῆς
2347 2037 2633 2104 ἀντάξιονς
2681 2038 2740 2101 ὃς
2790 2053 2854 2106 γε
2887 2037 2977 2091 καὶ
3010 2038 3102 2091 τοῦ
3123 2040 3360 2093 συνεῖναι
3387 2034 3606 2108 Χριστῷ
3630 2035 3703 2088 αῖ-

2151 2132 2454 2200 ρετώτερον
2489 2129 2676 2200 ἔκρινε
2716 2131 2812 2183 καὶ
2841 2130 3236 2202 προτιμότερον
3261 2129 3361 2201 τὴν
3407 2129 3522 2182 τῶν
3546 2129 3702 2182 ἄλλων

2146 2221 2441 2290 ὠφέλειαν,
2487 2223 2576 2275 ῖνα
2623 2223 2785 2275 πλέον
2816 2223 3068 2294 οἱκειωθῇ
3105 2221 3184 2292 τῷ
3227 2220 3451 2292 Χριστῷ
3495 2221 3701 2291 {impn-

2149 2313 2378 2385 θέμενος
2405 2313 2504 2385 τὴν
2529 2315 2668 2384 μετὰ
2699 2315 2934 2386 Χριστοῦ
2964 2313 3239 2384 διαγωγήν
3255 2315 3322 2367 δ’.

2217 2452 2327 2506 Kal
2353 2451 2530 2506 τοῦτο
2550 2448 2845 2518 πεποιθὼς
2886 2449 3038 2514 οῖδα,
3068 2448 3158 2504 ὅτι
3186 2447 3347 2520 μενῶ
3363 2448 3463 2504 καὶ
3485 2464 3702 2519 συμπα-

2141 2543 2380 2615 ραμενῶ
2406 2542 2596 2600 πᾶσιν
2620 2543 2782 2612 ὑμῖν,
2817 2545 2905 2610 εἰς
2938 2538 3052 2611 τὴν
3074 2541 3242 2613 ὑμῶν
3265 2541 3586 2610 προκοπὴν
3616 2539 3700 2595 atai

2148 2637 2340 2710 χαρὰν
2360 2636 2469 2705 τῆς
2486 2637 2763 2702 πίστεως.
2795 2635 3036 2708 Ἐπειδὴ,
3060 2637 3248 2707 φησὶν,
3283 2635 3582 2704 ἀναγκαῖόν
3602 2636 3698 2688 ἐστι

2148 2731 2208 2784 τὸ
2237 2729 2515 2800 ἐπιμένειν
2543 2733 2607 2800 τῇ
2660 2729 2846 2799 σαρκὶ,
2882 2729 3216 2791 πεποιθότως
3249 2729 3342 2782 καὶ
3378 2727 3698 2788 ἁδιστάκτως

2146 2818 2264 2876 οἴδα
2287 2823 2368 2876 ὃτι
2392 2822 2565 2892 μενῶ·
2591 2822 2862 2887 τουτέστι,
2889 2823 3041 2891 ζήσω
3059 2838 3070 2851 ο
3099 2820 3196 2874 καὶ
3209 2821 3310 2890 οὐχ
3331 2819 3542 2884 ἁπλῶς,
3561 2819 3697 2886 ἀλλὰ,

2143 2917 2284 2986 μεθ’
2329 2914 2528 2983 ὑμῶν’
2564 2915 2591 2967 ὃ
2640 2915 2810 2977 ἐστιν,
2846 2914 3086 2983 Ὀψομαι
3113 2913 3278 2984 ὑμᾶς.
3311 2914 3472 2978 Τίνος
3498 2913 3697 2976 Evenit;

2149 3007 2265 3062 Ἵνα
2290 3009 2446 3077 ὑμεῖς
2491 3007 2802 3078 προκόψητε
2841 3009 2898 3060 ἐν
2928 3009 2995 3078 τῇ
3026 3007 3230 3073 πίστει,
3265 3007 3538 3070 τουτέστι,
3585 3022 3697 3076 στη-

469 3119 576 3171 est,
605 3106 924 3173 fulciamini,
957 3107 1353 3176 ﬁrmeminique
1387 3121 1508 3160 cum
1542 3105 1597 3160 in
1631 3105 1901 3176 dogmate,
1931 3112 2040 3158 tum

2152 3102 2370 3174 ριχθῆτε
2412 3102 2504 3155 καὶ
2547 3099 2862 3168 παγιωθῆτε
2905 3099 2962 3151 ἐν
2991 3115 3050 3151 τε
3095 3097 3173 3169 τῷ
3201 3098 3456 3168 δόγματι,
3508 3098 3596 3151 καὶ
3633 3097 3698 3166 τῷ

471 3201 524 3252 iu
558 3200 703 3254 vita:
739 3201 828 3267 qui
858 3197 1134 3269 proiectus
1157 3213 1342 3252 verum
1372 3197 1630 3265 gaudium
1657 3204 1742 3250 est
1773 3205 1828 3249 et
1861 3209 2042 3251 meum

2277 3165 2444 3265 ’,ἥτις
2475 3165 2727 3264 προκοπὴ
2776 3165 2923 3262 ξαρά
2967 3192 3118 3243 ἐστιν
3146 3165 3375 3260 νὰληθὴς
3424 3189 3522 3242 καὶ
3561 3165 3697 3258 ὑμῶν

465 3301 524 3346 et
557 3302 815 3348 vestrum.
852 3291 946 3346 llic
993 3292 1158 3346 etiam
1207 3291 1456 3346 nonnihil
1504 3304 1596 3344 eos
1643 3286 2039 3359 perterrefacit,

469 3384 690 3451 perinde
713 3384 873 3453 quasi
921 3384 1084 3448 dicat,
1120 3381 1325 3446 Videte,
1373 3395 1469 3450 per
1524 3395 1620 3435 vos
1647 3380 1871 3433 orbatus
1920 3393 2042 3432 sum

470 3476 762 3544 quominus
815 3477 954 3544 apud
987 3475 1260 3530 Christum
1305 3487 1460 3542 agam
1492 3487 1505 3524 :
1535 3471 1706 3524 videte
1763 3470 1944 3542 igitur,
1975 3484 2042 3524 ne

469 3580 660 3618 vanam
689 3575 744 3618 et
777 3564 982 3618 irritam
1014 3564 1229 3618 faciatis
1273 3577 1446 3622 meam
1503 3563 1555 3616 in
1599 3575 1764 3616 carne
1795 3575 2044 3629 perseve-

473 3657 724 3710 rantiam.
751 3655 886 3721 Quid
910 3657 1112 3726 igitur?
1141 3658 1208 3710 ob
1234 3655 1610 3726 Philippenses
1644 3655 1789 3709 solos
1808 3654 1862 3706 in
1879 3665 2044 3707 carne

470 3747 817 3816 perduravit?
847 3746 962 3802 Non
1014 3758 1235 3816 propter
1264 3749 1362 3802 hos
1407 3748 1576 3812 solos,
1634 3759 1820 3799 verum
1854 3758 2040 3798 curam

469 3838 573 3891 illis
599 3837 760 3909 435
794 3838 1057 3894 adhibens
1104 3840 1217 3893 haec
1259 3839 1415 3904 dicit,
1456 3853 1519 3891 ac
1559 3836 1627 3890 ad
1671 3835 1930 3906 majorem
1959 3849 2044 3891 so-

469 3926 747 3981 brietatem
781 3929 1094 3981 adhortans.

540 4018 707 4073 Vens.
751 4017 843 4074 26.
877 4015 944 4070 Ut
969 4017 1214 4086 gloriatio
1243 4028 1414 4070 vestra
1471 4017 1698 4070 abundet
1739 4018 1791 4070 in
1830 4015 2039 4070 Christo

467 4109 597 4165 Jesu
639 4111 694 4163 in
727 4125 827 4172 me,
883 4106 974 4175 per
1019 4122 1190 4159 meum
1249 4107 1523 4160 adventum
1577 4109 1766 4161 iterum
1812 4107 1880 4160 ad
1930 4124 2038 4161 vos.

471 4203 606 4268 Quia
655 4210 782 4257 ante
834 4199 1069 4264 dixerat,
1107 4196 1189 4252 0b
1222 4205 1452 4252 vestrum
1487 4197 1785 4268 profectum
1824 4211 2041 4267 perma-

470 4295 630 4356 nebo,
662 4291 837 4347 innuit
861 4291 974 4362 jam
1003 4292 1150 4360 quod
1175 4296 1231 4343 et
1263 4289 1364 4359 ipsi
1398 4289 1643 4344 nonnihil
1676 4289 1853 4343 lucelli
1883 4303 1950 4344 ex
1977 4304 2041 4342 eo

467 4387 716 4457 accedat,
753 4398 970 4451 nempe,
996 4379 1446 4436 utabundantius
1478 4380 1742 4452 glorietur
1784 4377 1851 4433 de
1883 4379 2038 4448 ipsis,

468 4493 535 4533 eo
566 4477 708 4546 quod
733 4475 1020 4546 proﬁciant
1045 4487 1144 4543 per
1163 4487 1318 4528 suum
1346 4472 1412 4527 ad
1443 4486 1537 4527 eos
1553 4473 1866 4527 adventum.
1901 4470 2036 4537 Quid

469 4568 666 4640 igitur?
698 4569 916 4622 venitne
945 4567 1012 4621 ad
1063 4564 1244 4635 ipsos?
1273 4562 1389 4618 Hoc
1441 4577 1574 4619 sane
1637 4563 1902 4618 incertum
1935 4571 2040 4628 est,

471 4665 642 4730 deque
669 4674 733 4714 eo
772 4658 1081 4728 ambig'tur.

545 4751 708 4805 Vsus.
737 4749 828 4804 27.
861 4748 1089 4802 Tantum
1123 4749 1279 4818 digne
1332 4746 1620 4818 Evangelia
1673 4745 1874 4801 Christi
1921 4763 2046 4801 con-

470 4843 766 4902 aersemini.
823 4841 937 4896 lloe
976 4841 1149 4897 solum
1180 4858 1210 4896 a
1250 4841 1404 4895 vobis
1449 4855 1654 4910 quaero,
1692 4848 1746 4896 ut
1780 4843 2044 4896 crescatis

471 4943 523 4995 in
565 4939 784 4994 virtute.
818 4935 990 5004 Digne
1027 4942 1209 4990 autem
1241 4931 1534 5004 Evangelia
1565 4933 1716 4999 vivit,
1756 4935 1846 5004 qui
1894 4935 2038 5006 seip-

467 5047 588 5088 sum
639 5011 915 5102 abnegans
973 5042 1191 5085 crucem
1243 5041 1396 5082 suam
1455 5027 1612 5096 tollit,
1648 5027 2036 5100 Christumque

463 5125 728 5193 sequitur.

537 5215 608 5270 Ut
639 5216 744 5270 sive
769 5231 886 5269 cum
911 5232 1094 5273 uenero
1122 5225 1171 5273 et
1203 5217 1379 5272 uidero
1401 5231 1514 5280 vos,
1553 5215 1660 5270 sive
1693 5216 1904 5280 absens,
1931 5231 2030 5268 au-

463 5311 606 5364 diam
627 5312 692 5364 de
714 5309 880 5363 vobis.
912 5309 1030 5365 Non
1073 5319 1324 5379 tanquam
1365 5309 1692 5365 sententiam
1747 5319 2030 5373 mutasset,

465 5415 640 5472 neque
677 5412 932 5472 tanquam
966 5415 1072 5458 non
1096 5402 1467 5469 sitﬁenturus,
1490 5400 1604 5457 haec
1622 5400 1754 5456 dicit
1778 5417 1793 5454 :
1821 5414 2029 5465 verum,

2148 3288 2242 3342 καὶ
2267 3285 2424 3356 ἐμοῦ.
2472 3284 2736 3338 Ἐνταῦθα
2771 3283 2827 3336 δὲ
2869 3283 2964 3336 καὶ
3009 3281 3163 3352 φοϐεῖ
3192 3281 3414 3348 αὐτοὺς,
3460 3280 3535 3343 ὡς
3563 3280 3624 3333 ἂν
3657 3279 3696 3330 si

2146 3379 2352 3446 λέγων’
2397 3377 2616 3446 Ὁρᾶτε,
2652 3375 2718 3429 δι’
2768 3375 2913 3445 ὑμᾶς
2952 3373 3254 3444 ὲστερήθην
3317 3372 3414 3426 τοῦ
3482 3373 3696 3425 συνεῖναι

2145 3475 2396 3547 Χριστῷο
2431 3475 2506 3546 μὴ
2533 3472 2880 3546 ματαιώσητέ
2919 3490 3020 3544 μου
3051 3472 3149 3544 τὴν
3178 3473 3236 3524 ὲν
3271 3470 3438 3541 σαρκί
3468 3485 3698 3540 παραμο-

2145 3571 2261 3640 νήν.
2293 3567 2360 3620 Τί
2398 3565 2528 3634 οὒνς
2570 3567 2660 3620 διὰ
2697 3564 3091 3635 Φιλιππησῖους
3134 3564 3330 3635 μόνους
3371 3561 3688 3633 παρέμενεν;

2144 3661 2216 3714 Οὐ
2248 3659 2335 3713 διὰ
2359 3659 2578 3721 τούτους
2599 3657 2813 3729 μόνους,
2837 3656 2971 3712 ἀλλὰ
2995 3656 3317 3728 θεραπεύων
3339 3656 3536 3718 αὐτοὺς
3559 3651 3695 3706 τοῦτο

2143 3753 2312 3822 λέγει,
2337 3753 2431 3807 καὶ
2461 3751 2918 3825 προτρεπόμενος,
2949 3752 3029 3814 εἰς
3057 3749 3228 3806 πλείω
3247 3747 3435 3820 νῆψιν.

2215 4028 2340 4082 Ἵνα
2375 4027 2442 4080 τὸ
2470 4027 2750 4095 καύχημα
2785 4023 2952 4095 ὑμῶν
2993 4024 3326 4093 περισσεύῃ
3368 4025 3438 4077 ἐν
3487 4019 3693 4092 Χριστῷ

2155 4119 2350 4187 Ἰησοῦ
2379 4119 2450 4172 ἐν
2479 4117 2626 4190 ἐμοὶ,
2661 4118 2759 4172 διὰ
2777 4116 2888 4186 τῆς
2941 4115 3093 4186 ἐμῆς
3152 4117 3491 4183 παρουσίας
3527 4114 3692 4168 πάλιν

2144 4214 2295 4281 πρὸς
2342 4210 2519 4280 ὑμᾶς.
2569 4209 2789 4280 Ἐπειδὴ
2820 4211 2931 4266 ἄνω
2961 4205 3136 4274 εἶπεν,
3165 4210 3247 4263 ὃτι
3294 4208 3395 4261 Διά
3419 4208 3513 4278 τὴν
3555 4205 3691 4277 ὑμῶν

2144 4300 2434 4372 προκοπὴν
2485 4299 2812 4370 παραμενῶ,
2869 4298 3138 4352 δείκνυσιν
3170 4299 3250 4351 ὅτι
3307 4299 3405 4352 καὶ⁵
3463 4299 3613 4360 αὑτός
3645 4312 3689 4348 τι

2141 4391 2414 4463 κερδαίνει
2451 4391 2514 4444 ὲκ
2565 4390 2781 4454 τούτου,
2844 4389 2906 4444 τὸ
2958 4389 3262 4459 καυχᾶσθαι
3295 4375 3690 4462 ’περισσοτέρως

2075 4512 2118 4568 D
2147 4483 2233 4534 ἐπ’
2275 4481 2479 4546 αὐτοῖς,
2535 4480 2610 4544 ὡς
2647 4479 3016 4550 προκόπτουσι
3075 4479 3164 4534 διὰ
3213 4480 3315 4550 τῆς
3360 4479 3520 4534 αὑτοῦ
3569 4478 3691 4548 πρὸς

2145 4570 2342 4636 αὐτοὺς
2372 4575 2694 4642 παρουσίας.
2721 4570 2788 4623 Τί
2817 4565 2944 4636 οὗνς
2972 4565 3102 4641 ἦ).οε
3135 4571 3270 4642 πρὸς
3287 4570 3516 4637 αὑτοῦςς
3537 4567 3690 4624 Τοῦτο

2140 4665 2335 4735 ἄδηλόν
2365 4665 2484 4718 ἐστι
2513 4664 2606 4717 καὶ
2637 4662 2901 4732 ζητεῖται.

2210 4758 2415 4812 Μόνον
2441 4755 2625 4823 ἀξίως
2649 4754 2758 4809 τοῦ
2779 4757 3148 4824 Εὑαγτελίου
3178 4756 3284 4811 τοῦ
3313 4753 3565 4826 Χριστοῦ
3591 4769 3684 4810 ato-

2139 4849 2473 4904 λιτεύεσθε.
2529 4849 2708 4902 Μόνον
2755 4846 2913 4900 τοῦτο
2955 4845 3102 4918 ζητῶ
3118 4848 3162 4880 ⁵⁸
3215 4846 3348 4920 παρ’
3410 4846 3573 4918 ὑμῶν,
3612 4843 3686 4896 ἵνα

2141 4942 2372 4998 ὲπιδῶτε
2425 4940 2561 5012 πρὸς
2617 4939 2838 5010 ἀρετήν.
2891 4939 3083 5004 Ἀξέως
3131 4937 3188 4992 δὲ
3245 4938 3342 4993 τοῦ
3378 4935 3681 5006 Εὐαγγελίον

2141 5031 2477 5088 πολιτεύεται
2504 5031 2532 5083 ό
2575 5029 2766 5083 ἑαυτὸν
2811 5031 3390 5100 ἀπαρνησάμενος,καὶ
3418 5032 3503 5087 τὸν
3538 5047 3682 5083 σταυ-

2136 5127 2228 5198 ρὸν
2252 5126 2412 5197 ἄρας,
2451 5124 2543 5178 καὶ
2569 5122 2955 5194 ἀκολουθήσας,
2978 5123 3218 5194 Χριστῷ.

2207 5219 2365 5284 Ἵνα,
2419 5217 2540 5271 εἴτε
2573 5215 2770 5270 ἐλθὼν
2801 5216 2900 5270 καὶ
2953 5211 3094 5270 ἰδὼν
3129 5216 3306 5285 ὑμᾶς.
3360 5220 3474 5275 εἴτε
3501 5217 3674 5280 ἀπὼν,

2140 5311 2386 5367 ἀκούσω
2418 5310 2490 5363 τὰ
2531 5309 2664 5376 περὶ
2691 5308 2876 5384 ὑμῶν.
2917 5311 3029 5381 Οὐχ
3069 5309 3144 5374 ὡς
3191 5313 3546 5385 μεταθέμενος
3591 5314 3678 5385 τὴν

2141 5398 2620 5472 γνώμτ,ν,οὑδ’ὡς
2674 5400 2856 5454 οὐκέτι
2905 5401 3050 5472 ἥξων
3099 5402 3273 5459 ταῦτα
3301 5405 3484 5475 λέγει’
3531 5404 3677 5492 ἀλλὰ,

1778 5565 1983 5628 Varite
2022 5551 2356 5632 iectidnes.

535 5695 580 5776 ξ’
613 5695 833 5776 θανατῶ
865 5712 940 5776 ιο.
1083 5696 1142 5750 οὐ
1173 5697 1278 5768 χρὴ
1335 5697 1704 5776 πονηρῖᾳλτῶν
1755 5699 1966 5776 ἐχθρῶν
1995 5699 2402 5776 ὑπολαμϐάνειν
2437 5699 2596 5756 τοῦτο
2656 5701 2922 5773 γίνεσθαι,
2951 5703 3084 5758 ἀλλὰ
3140 5702 3276 5757 Θεοῦ
3332 5696 3588 5774 οἰκονομίᾳ
3621 5711 3667 5749 ο.

463 5767 505 5798 ⁵⁷
543 5767 695 5836 ὑμῶν
731 5782 784 5820 ο.
839 5768 908 5810 σι’
939 5767 1231 5837 συνέχομαι
1261 5785 1313 5823 o.
1392 5770 1436 5800 δ’
1471 5767 1931 5842 συνδιαγωγῆνὀ.
2008 5774 2044 5805 ⁵⁴

2160 5767 2326 5842 nimi-3
2352 5786 2402 5826 0.
