3932 6568
248 339 379 403 1157

1101 331 1508 417 EXPOSITIO
1543 332 1627 396 IN
1660 331 1900 395 EPIST.
1932 334 2037 395 AD
2068 335 2398 399 PHILIPP.
2434 361 2499 415 _--
2529 336 2690 403 CAP.
2725 336 2814 402 II.

3373 340 3507 406 1158

239 453 351 513 Καὶ
379 451 477 509 εὰν
505 448 668 522 τυχὸν
687 446 802 503 ,οὐκ
822 446 984 514 ἔλθω,
1038 446 1195 518 φησὶ,
1226 445 1465 519 δύναμαι
1517 446 1612 502 καὶ
1661 447 1817 502 ἀπὼν

1930 447 2170 518 Etiamsi,
2201 453 2398 523 inquit,
2424 451 2659 510 fortasse
2682 470 2791 510 non
2821 454 3055 524 veniam,
3083 470 3301 527 possum
3325 466 3504 517 tamen
3566 444 3569 447 ’

237 541 642 614 εὐφραίνεσθαι
665 540 724 595 ὲν
753 538 892 610 ⁵¹·τῇ
929 537 1070 591 κατά
1101 538 1161 590 τὸ
1198 538 1529 606 Εὐαγγέλιον
1567 536 1815 609 πολιτεία

239 636 420 706 ὑμῶν.
458 634 622 692 Ὥστε
655 631 731 703 μὴ
757 628 1090 700 άναπέσητε,
1136 627 1242 683 κᾶν
1276 627 1353 703 μὴ
1402 628 1821 699 παραγένωμαι,

236 725 355 783 ἀλλ’
386 725 463 789 ὡς
494 722 879 799 μαθησομένου
910 719 980 774 τὰ
1017 717 1144 774 καθ’
1184 720 1354 795 ὑμᾶς,
1388 722 1610 791 νήφετε.

310 903 435 958 Ὅτι
452 903 707 971 στήκετε
732 902 802 957 ἐν
831 899 925 955 ἐνί
961 898 1277 969 πνεύματι,
1308 897 1419 971 μιᾷ
1438 899 1632 969 ψυχῇ.
1655 900 1818 955 Ton-r-

236 996 407 1063 ἐστιν,
453 998 512 1050 ὲν
541 997 620 1077 τῷ
640 994 793 1067 αὐτῷ
820 994 1120 1067 χαρίσματι
1146 994 1224 1063 τῷ
1247 993 1347 1062 τῆς
1364 993 1620 1064 ὁμονοίας
1646 1008 1659 1021 ·
1680 990 1824 1047 οὕτω

236 1086 348 1157 γὰρ
380 1086 476 1140 καὶ
505 1088 562 1139 ὲν
622 1087 723 1159 μιᾷ
780 1086 924 1157 ψυχῇ
977 1083 1225 1138 ἴστανταί
1275 1099 1420 1148 τινες
1468 1081 1822 1153 ὁμονοοῦντες

234 1178 334 1231 καὶ
384 1178 809 1251 ὁμοψυχοῦντες,
845 1177 1086 1249 δηλονότι
1144 1176 1274 1230 ὅταν
1291 1177 1337 1208 ⁵³
1385 1175 1482 1229 καὶ
1514 1174 1573 1232 ἓν
1607 1174 1823 1246 πνεῦμα

233 1273 430 1341 ἔχωσι.

305 1361 773 1427 Συναθλοῦντες
831 1359 907 1430 τῇ
983 1362 1185 1414 πίστει
1245 1358 1355 1414 τοῦ
1421 1361 1817 1431 Εὺαῇογελίου.

233 1454 530 1519 Τουτέστι,
582 1452 1223 1524 συμπαραλαμϐάνοντες
1252 1451 1299 1483 ⁸³
1338 1450 1603 1523 ἀλλήλους
1660 1455 1718 1508 ὲν
1751 1457 1817 1527 τῇ

239 1546 390 1619 ὑπὲρ
429 1546 530 1617 τῆς
560 1546 798 1609 πίστεως
827 1544 1074 1616 ἀθλήσει.

304 1639 419 1695 Kal
438 1639 527 1710 μὴ
551 1642 916 1710 πτυρόμενοι
946 1639 1016 1693 ἑν
1032 1620 1249 1709 μηδενὶ
1268 1641 1387 1696 ὑπὸ
1421 1639 1541 1695 τῶν
1561 1640 1820 1696 ἀντικει-

223 1735 458 1804 μένων.
495 1735 567 1790 Οὐ
607 1734 770 1803 λέγω,
806 1734 961 1804 φησὶ,
1022 1734 1100 1807 μὴ
1152 1737 1607 1803 καταπίπτοντες,
1658 1735 1815 1800 ἀλλά,

1926 542 2012 597 vel
2053 546 2250 601 absens
2299 546 2463 601 etiam
2513 547 2809 605 exhilarari
2872 564 3036 619 super
3090 551 3505 609 conversatione

1926 642 2110 690 vestra
2139 638 2436 692 secundum
2465 636 2839 709 Evangelium.
2873 638 3112 696 Proinde
3137 642 3355 713 etiamsi
3391 658 3504 699 non

1924 727 2219 795 advenero,
2252 744 2318 783 ne
2353 729 2631 811 recidatis.
2656 732 2753 786 sed
2786 730 3028 802 vigilate,
3067 742 3321 803 tanquam
3353 743 3504 792 certo

1923 822 2027 881 sim
2054 822 2338 892 agniturus
2359 826 2634 893 quomodo
2672 840 2771 880 vos
2800 825 3028 896 geratis.

1994 912 2148 979 Quod
2187 915 2338 983 statis
2368 916 2423 969 iu
2479 931 2584 970 uno
2614 918 2830 983 spiritu,
2861 935 2969 974 una
2999 921 3196 976 anima.
3240 919 3355 977 Hoc
3395 929 3500 987 est,

1924 1007 1980 1063 in
2008 1007 2201 1063 eodem
2232 1007 2375 1064 dono
2410 1012 2735 1067 concordiae.
2764 1012 2875 1067 llac
2898 1014 3045 1068 enim
3068 1013 3281 1069 ratione
3303 1014 3357 1068 in
3391 1030 3497 1068 una

1882 1120 1885 1121 ν
1921 1100 2104 1155 anima
2146 1100 2367 1170 quidam
2420 1102 2721 1171 persistnnt
2756 1105 3039 1159 unanimes
3088 1115 3144 1161 et
3178 1108 3501 1173 concordes,

1921 1189 2138 1261 quando
2184 1191 2441 1247 nimirum
2480 1209 2645 1246 uuutn
2676 1194 2841 1253 etiam
2880 1195 3131 1264 spiritum
3180 1197 3496 1253 habuerint.
3558 1182 3567 1195 ’
3640 1250 3647 1258 .

1992 1364 2365 1425 Concertanles
2397 1369 2525 1438 ﬁdei
2558 1368 2854 1440 Evangelii.
2891 1370 3005 1428 Hoc
3041 1381 3147 1439 est,
3183 1389 3280 1430 vos
3316 1384 3504 1432 mutuo

1921 1458 2239 1528 adiuvantes
2271 1462 2323 1514 in
2350 1462 2651 1519 certamine
2674 1464 2813 1531 quod
2848 1478 2948 1533 pro
2976 1463 3081 1519 ﬁde
3111 1466 3426 1536 suscipitur.

1990 1640 2158 1697 Vsus.
2188 1643 2283 1700 ‘28.
2321 1643 2384 1698 Et
2420 1645 2476 1700 in
2511 1644 2655 1701 nullo
2682 1649 2990 1704 terreamiui
3031 1649 3097 1703 ab
3151 1651 3495 1708 adversariis.

1920 1730 2036 1788 Non
2063 1736 2206 1801 dico,
2241 1735 2440 1807 inquit,
2478 1751 2583 1792 non
2636 1737 2972 1805 decidentes,
3006 1742 3126 1806 sed,
3179 1759 3357 1813 neque
3392 1754 3505 1800 ter-

230 1826 375 1898 μηδὲ
399 1828 750 1899 πτυρόμενοι,
782 1826 1055 1891 τουτέστι,
1092 1826 1168 1898 μὴ
1196 1827 1586 1899 θορυϐούμενοι
1619 1829 1676 1882 ιν
1715 1845 1816 1899 μη-

1930 1828 2171 1890 reantini.
2214 1829 2265 1883 id
2318 1838 2423 1896 est,
2492 1843 2599 1884 non
2661 1829 2949 1885 turbemini
3000 1833 3052 1886 in
3101 1833 3205 1888 ulla
3243 1851 3375 1891 sane
3418 1852 3500 1902 re,

225 1918 368 1984 δενὶ,
430 1917 533 1973 κᾶν
587 1918 865 1982 κινδύνους
907 1918 1193 1984 ἀπειλῶσι,
1250 1920 1356 1975 κᾶν
1413 1919 1676 1984 θανάτους
1721 1922 1819 1973 ὲπ-

224 2010 445 2080 άγωσιν
464 2028 477 2041 ·
506 2010 657 2065 οὐδὲν
678 2009 789 2082 γὰρ
816 2008 1096 2077 ἀνύουσιν,
1132 2011 1272 2067 ἀλλά
1313 2011 1579 2081 πτύρουσι
1618 2011 1815 2082 μόνον⁹

224 2101 411 2167 οὕτως
445 2104 586 2158 είσὶν
616 2103 923 2175 ἀνίσχυροι.

309 2197 486 2264 “Huc
530 2196 706 2251 ἐστίν
746 2195 952 2263 αὐτοῖς
997 2196 1117 2267 μὲν
1171 2196 1430 2265 ἔνδειξις
1492 2198 1816 2266 ἀπωλείας,

226 2289 383 2357 ὑμῖν
425 2287 494 2341 δὲ
521 2288 843 2357 σωτηρίας.
896 2287 1067 2345 Ὅταν
1093 2288 1203 2360 γὰρ
1250 2289 1456 2358 ῐδωσιν,
1507 2292 1591 2346 ὅτι
1644 2294 1818 2364 μυρία

227 2382 649 2453 τεχναζόμενοι,
672 2385 795 2438 οὐδὲ
821 2385 1027 2457 πτῦραι
1058 2385 1203 2456 ὑμᾶς
1227 2385 1510 2451 δύνανται,
1541 2388 1602 2441 οὐ
1619 2388 1817 2457 δεῖγμα

223 2476 394 2528 τοῦτο
425 2475 597 2546 σαφὲς
634 2476 868 2544 ἕξουσιν,
903 2478 987 2533 ὃτι
1010 2477 1080 2534 τά
1127 2477 1228 2548 μὲν
1255 2477 1436 2533 αὐτῶν
1464 2478 1815 2547 ἀπολοῦνται,

222 2567 299 2620 τὰ
319 2568 381 2621 δὲ
411 2567 649 2640 ὑμέτερα
677 2568 724 2601 ⁸⁸
757 2570 977 2642 ισχυρὰ,
1010 2570 1107 2627 καὶ
1142 2569 1421 2637 ἀνάλωτα,
1449 2574 1546 2625 καὶ
1588 2572 1817 2627 αὐτόθεν

222 2659 429 2731 ἔχοντα
456 2663 554 2733 τὴν
593 2663 870 2733 σωτηρίαν
890 2679 907 2728 ;
1550 2716 1560 2721 ,

299 2755 417 2808 Kal
464 2754 643 2808 τοῦτο
677 2754 797 2808 ἀπὸ
830 2755 1000 2810 Θεοῦ.
1049 2755 1182 2813 Ὀτι
1232 2755 1379 2826 ὑμῖν
1407 2756 1703 2828 ἐχαρίσθη
1751 2759 1817 2815 τὸ

220 2846 390 2917 ὑπὲρ
416 2844 701 2915 Χριστοῦ,
737 2847 811 2900 σὺ
845 2845 1040 2915 μόνον
1057 2847 1124 2900 τὸ
1150 2849 1239 2913 εις
1259 2848 1450 2903 αὐτὸν
1480 2844 1815 2912 πιστεύειν,

221 2942 397 2999 suae
427 2939 526 2994 καί
556 2939 625 2994 τὸ
665 2940 820 3009 ὑπὲρ
850 2939 1039 2995 αὐτοῦ
1083 2939 1372 3010 πάσχειν.
1404 2942 1669 3012 Χάρισμα
1698 2941 1817 2994 ὀνο-

228 3033 429 3105 μάξων
465 3034 494 3085 ὁ
559 3032 774 3097 Παῦλος
811 3015 872 3087 τὸ
920 3034 1062 3106 ὑπὲρ
1110 3033 1349 3104 Χριστοῦ
1413 3033 1667 3105 πάσχειν,
1726 3033 1819 3088 δύο

224 3124 457 3201 [ταῦτα]
524 3126 759 3180 ἐνταῦθα
804 3128 1061 3198 κατορθοῖ
1099 3143 1115 3159 ·
1145 3126 1202 3180 ἓν
1218 3127 1357 3196 ⁴¹μὲν,
1409 3127 1495 3183 ἵνα
1525 3127 1600 3198 μὴ
1629 3126 1818 3197 αίσχύ-

1919 1920 2288 2000 sivepericnla
2318 1920 2757 1987 intermittentur,
2786 1923 2902 1977 sive
2929 1935 3160 1979 mortem
3191 1929 3497 1985 adducant:

1919 2011 2051 2071 nihil
2085 2011 2232 2067 enim
2274 2011 2582 2081 perﬁciunt,
2640 2012 2737 2068 sed
2787 2014 3038 2072 territant
3087 2026 3317 2086 tantum,
3361 2020 3499 2077 adeo

1918 2114 2045 2160 sunt
2085 2087 2449 2163 imbecilles.’

1988 2195 2120 2265 ρυω
2167 2207 2243 2257 est
2281 2199 2409 2268 ipsis
2453 2197 2665 2270 quidem
2724 2199 2983 2257 iudicatio
3033 2203 3302 2270 interitus,
3356 2206 3499 2261 vobis

1919 2300 2098 2344 autem
2129 2290 2346 2345 salutis.
2380 2289 2611 2358 Quando
2634 2293 2779 2348 enim
2807 2297 3193 2364 conspexeriut
3219 2312 3340 2352 sese
3380 2305 3501 2367 post

1918 2382 2202 2439 innumera
2239 2399 2361 2455 qua:
2388 2394 2690 2451 tentarunt,
2718 2402 2787 2444 ne
2822 2389 3077 2444 territare
3122 2392 3342 2460 quidem
3405 2389 3504 2448 vos

1916 2490 2103 2548 posse,
2135 2492 2318 2537 nonne
2341 2479 2569 2541 evidens
2609 2480 2714 2539 hoe
2760 2481 2869 2539 illis
2899 2481 3160 2537 indicium
3206 2486 3334 2548 erit,
3358 2485 3501 2554 quod

1919 2583 2015 2625 sua
2044 2568 2266 2639 quidem
2294 2571 2570 2639 peribunt,
2600 2582 2779 2631 vestra
2830 2587 2956 2627 vero
2995 2572 3157 2629 fortia
3210 2585 3360 2641 sunt,
3404 2591 3504 2630 ca—
3613 2581 3622 2588 '

1918 2669 2122 2732 ptuque
2154 2660 2412 2727 diﬂicilia,
2453 2671 2508 2719 et
2527 2664 2760 2721 salutem
2784 2666 3036 2734 protinus
3067 2667 3360 2722 habentia?

1987 2754 2152 2810 Vsus.
2182 2754 2271 2815 28,
2294 2754 2385 2811 29.
2411 2754 2482 2810 Ει
2512 2757 2610 2810 hoc
2637 2774 2668 2811 a
2696 2756 2829 2813 Deo.
2871 2758 3012 2823 Quia
3061 2760 3203 2813 vobis
3244 2762 3503 2817 donatum

1916 2859 1993 2905 est
2035 2866 2131 2919 pro
2158 2850 2388 2915 Christo,
2421 2866 2525 2904 non
2554 2850 2725 2904 solum
2749 2860 2805 2904 ut
2856 2852 2911 2905 in
2945 2868 3067 2906 eum
3107 2853 3358 2922 credatis,
3402 2854 3497 2910 sed

1916 2940 2077 2997 etiam
2127 2952 2186 2997 ut
2218 2959 2313 3013 pro
2346 2942 2442 2997 illo
2494 2944 2803 3010 patiamini.
2865 2944 3152 3002 Charisma
3211 2949 3505 3005 nominans

1918 3031 2119 3089 Paulus
2152 3049 2253 3103 pro
2304 3034 2526 3090 Christo
2560 3034 2937 3104 aﬂlictionent,
2974 3040 3080 3094 duo
3105 3040 3192 3094 hic
3239 3041 3452 3111 perlicit
3482 3059 3500 3098 :

1923 3125 2165 3181 alterunt
2191 3126 2433 3195 quidem,
2463 3136 2520 3180 ut
2552 3142 2660 3181 non
2690 3128 2969 3197 pudcliant
3011 3146 3184 3200 neque
3243 3148 3502 3188 succuu-

223 3238 458 3282 νωνται.
499 3219 638 3291 μηδὲ
692 3220 1082 3275 καταπίπτωσι
1116 3220 1417 3290 πάσχοντες
1443 3233 1457 3248 ·
1491 3218 1679 3289 ἕτερον
1732 3218 1810 3280 δὲ,

1930 3220 2074 3284 bant,
2101 3218 2227 3273 dum
2254 3218 2579 3288 patiuntur:
2622 3219 2879 3286 alterum,
2918 3229 2978 3276 ut
3029 3237 3134 3277 non
3187 3223 3504 3280 eﬂ‘crantur.

227 3311 325 3365 ἵνα
363 3312 439 3381 μὴ
469 3312 828 3384 ὲπαίρωνται.
879 3311 955 3363 Τὸ
1004 3313 1113 3363 πᾶν
1143 3311 1272 3381 γὰρ,
1328 3309 1485 3380 φησὶ,
1529 3310 1623 3363 τοῦ
1677 3309 1814 3364 Θεοῦ

227 3406 373 3458 ἔστι.
402 3404 513 3456 Καὶ
551 3403 661 3474 γὰρ
694 3401 788 3457 καὶ
834 3403 935 3467 τὰς
982 3401 1186 3473 ἀρετὰς
1224 3401 1545 3472 χαρίσματα
1605 3418 1773 3472 φησιν
1797 3418 1811 3433 ο

224 3497 332 3566 οὐχ
359 3495 449 3549 ἵνα
474 3495 537 3547 τὸ
556 3476 906 3561 αὐτεξούσιον
942 3494 1131 3566 ἀνέλῃ,
1162 3494 1281 3549 ἀλλ’
1304 3493 1392 3547 ῐνα
1418 3494 1816 3567 μετριόφρονας

226 3587 647 3660 κατασκευάσῃ.
689 3586 825 3640 esse
864 3587 973 3658 γὰρ
1007 3587 1137 3641 ἄνευ
1164 3585 1301 3640 Θεοῦ
1351 3588 1524 3640 ποιεῖν
1571 3603 1624 3641 τι
1652 3588 1814 3642 δυνά-

230 3681 400 3752 μεθα.
442 3680 597 3751 Τάχα
652 3679 711 3732 δὲ
764 3681 858 3734 καὶ⁸
902 3678 1063 3733 τοῦτο
1105 3679 1167 3733 τὺ
1200 3679 1450 3751 χάρισμα
1491 3679 1675 3749 μεῖζον
1718 3679 1813 3733 τοῦ

226 3772 465 3843 νεκροὺς
493 3772 740 3842 ἁνιστᾷν.
813 3770 963 3825 Ἐκεῖ
1023 3769 1123 3841 μὲν
1180 3772 1290 3842 γὰρ
1320 3771 1603 3843 ὀφειλέτης
1651 3772 1768 3842 είμί
1797 3787 1812 3801 ⁸

228 3864 475 3918 ἐνταῦθα
497 3864 552 3917 δὲ
588 3863 874 3935 ὀφειλέτην
913 3865 1023 3935 ἔχω
1058 3863 1150 3917 τὸν
1203 3864 1459 3935 Χριστόν.
1495 3864 1560 3916 ’Ὠ
1591 3863 1846 3935 θαῦμαί-

230 3952 330 4008 καὶ
376 3954 665 4026 χαρίζεταί
701 3973 815 4025 μοι,
849 3956 946 4008 καὶ
975 3956 1059 4008 ἐπ’
1080 3954 1230 4026 αὐτῷ
1254 3954 1431 4027 τούτῳ
1465 3955 1671 4025 ὀφείλει
1699 3972 1812 4026 μοι.

307 4043 425 4097 Τὸν
454 4047 643 4098 αὐτὸν
673 4043 875 4115 ἀγῶνα
900 4044 1166 4114 ἔχοντες,
1193 4040 1324 4100 οἷον
1363 4046 1519 4111 were
1545 4047 1616 4100 ἐν
1658 4046 1813 4115 ἐμοι,

230 4139 475 4194 scala-131'
499 4140 748 4193 ἀκούετε
778 4142 848 4193 ἐγ
881 4141 1031 4209 ἐμοί.
1065 4139 1318 4192 Δείκνυσι
1364 4139 1432 4194 τά
1490 4140 1630 4193 αὐτὰ
1670 4141 1816 4207 ἀγω-

230 4229 554 4300 νιζομένους
600 4228 770 4299 αὐτῷ,
815 4228 883 4282 τὰ
940 4229 1080 4281 αὐτά
1120 4226 1454 4291 ἀθλοῦντας⁶
1489 4226 1519 4280 ὃ
1569 4226 1815 4297 μεγάλην

230 4319 421 4380 αὐτοῖς
444 4317 647 4388 ἀρετὴν
678 4320 1120 4389 προσμαρτυρεῖ.
1159 4316 1355 4388 Ἔχετε
1388 4317 1470 4384 δὲ,
1500 4320 1689 4389 φησιν,
1713 4317 1813 4387 ἐμὲ

231 4409 546 4479 ὑπόδειγμα
576 4424 589 4438 ’
622 4411 719 4465 καὶ⁴
744 4411 854 4480 γὰρ
892 4410 1030 4462 tam
1066 4425 1133 4481 με
1166 4409 1299 4480 παρ’
1322 4409 1451 4480 ὑμῖν
1479 4408 1811 4480 ἀθλήσαντα,

1923 3313 2121 3366 Totum
2179 3312 2348 3374 enim,
2386 3310 2583 3379 inquit,
2628 3310 2721 3365 Dei
2765 3322 2879 3379 est.
2918 3313 3128 3369 Etenim
3160 3322 3216 3370 et
3276 3317 3506 3373 virtutes
3618 3317 3621 3319 ’

1918 3401 2254 3457 charismata
2278 3401 2409 3456 dicit
2440 3417 2455 3455 :
2492 3415 2596 3455 non
2628 3411 2687 3455 ut
2722 3400 2955 3456 liberum
3001 3403 3289 3458 arbitrium
3331 3405 3500 3472 tollat,

1917 3493 2014 3549 sed
2053 3503 2113 3547 nt
2142 3508 2241 3549 eos
2268 3493 2549 3551 moderate
2577 3507 2769 3562 sapere
2819 3493 3008 3549 iaciat.
3059 3492 3195 3550 Nam
3238 3496 3355 3551 sine
3390 3495 3504 3552 Deo

1917 3585 2121 3656 aliquid
2167 3584 2351 3641 facere
2371 3600 2476 3639 non
2504 3598 2821 3655 possumus.
2852 3582 3058 3640 Forsan
3087 3595 3141 3641 et
3166 3589 3269 3641 hoc
3298 3590 3496 3643 donum

1917 3687 2002 3733 cst
2035 3678 2211 3749 majus
2237 3693 2399 3749 quam
2426 3687 2670 3733 mortuos
2691 3678 2973 3734 excitare:
3007 3678 3174 3750 ωε
3206 3679 3317 3735 illic
3350 3681 3498 3734 enim

1916 3770 2130 3826 debitor
2154 3784 2298 3835 sum,
2328 3769 2420 3823 hic
2441 3777 2624 3823 autem
2650 3766 2962 3824 debitorem
3001 3770 3174 3823 habeo
3196 3770 3500 3823 Christum.
3560 3820 3582 3839 κ

1916 3860 1961 3917 0
2000 3876 2114 3917 rem
2130 3861 2493 3916 admiratione
2516 3860 2734 3931 dignam
2762 3860 2775 3915 ί
2806 3856 2874 3914 Ει
2899 3860 3235 3926 donatmihi,
3265 3870 3320 3918 et
3342 3875 3507 3931 super

1916 3953 2023 4008 hoc
2056 3953 2175 4022 ipso
2200 3953 2361 4007 debet
2388 3951 2547 4008 mihi.

1988 4044 2152 4101 Vens.
2190 4045 2280 4101 ὅθ.
2309 4045 2462 4099 Idem
2485 4054 2751 4102 certamen
2795 4044 3067 4111 habentes,
3100 4046 3255 4117 quale
3297 4048 3504 4104 uidistis

1916 4134 1971 4193 in
1999 4150 2104 4201 me,
2130 4145 2176 4191 et
2208 4151 2348 4207 nunc
2380 4136 2582 4191 auditis
2613 4137 2668 4192 in
2696 4152 2795 4190 me.
2823 4134 3078 4193 Ostendit
3106 4138 3195 4192 hic
3242 4140 3387 4206 quod
3432 4139 3491 4194 in

1916 4226 2107 4282 eodem
2134 4234 2264 4280 sunt
2291 4240 2474 4282 secum
2500 4226 2822 4292 certamine,
2846 4226 2898 4280 in
2928 4226 3121 4281 iisdem
3143 4237 3450 4297 pugnantes
3477 4244 3492 4281 :

1914 4333 2036 4388 qua:
2064 4333 2154 4375 res
2176 4332 2386 4390 magna:
2414 4318 2547 4389 ipsis
2572 4318 2792 4374 virtutis
2837 4319 3207 4374 testimonium
3268 4319 3497 4389 prarbet.

1914 4411 2161 4479 Habetis,
2214 4412 2413 4482 inquit,
2462 4424 2553 4465 me
2593 4410 2903 4480 exemplum
2950 4410 3155 4465 :scitis
3205 4410 3351 4464 enim
3408 4425 3503 4465 me

229 4504 322 4557 ὅτε
361 4501 563 4573 δηλαδὴ
611 4502 812 4574 ἐδάρην
857 4501 954 4556 καὶ
1002 4500 1375 4572 ὲφυλακίσθην
1408 4517 1424 4530 ο
1477 4503 1573 4557 καὶ
1626 4501 1721 4556 νῦν
1756 4499 1813 4553 δὲ

1930 4503 2058 4572 ψυά
2091 4517 2184 4558 vos
2228 4514 2492 4571 certasse,
2535 4502 2753 4571 quando
2800 4500 3050 4560 videlicet
3107 4516 3279 4558 casus
3338 4510 3393 4560 et
3447 4502 3501 4559 in

229 4597 487 4652 ἀκούετε.

822 4707 1074 4761 ΚΕΦΑΛ.
1142 4707 1220 4762 B'.

304 4822 381 4878 Et
409 4839 499 4889 τις
532 4816 647 4878 οὖν
684 4821 1069 4892 παράκλησις
1105 4819 1176 4874 ἐν
1206 4817 1460 4889 Χριστῷ,
1502 4817 1650 4882 είτις
1706 4829 1821 4871 πα-

226 4917 495 4987 ραμυθία
509 4916 555 4950 ⁸⁸
575 4914 834 4986 ἀγάπης,
866 4913 922 4968 εἳ
948 4931 1037 4980 τις
1062 4913 1342 4968 κοινωνία
1370 4910 1736 4979 Πνεύματος,
1764 4907 1821 4962 ει

234 5025 374 5063 τινα
415 5009 744 5079 σπλάγχνα
787 5005 885 5060 καί
931 5003 1242 5075 οἰκτιρμοί,
1285 5000 1644 5071 πληρώσατέ
1694 5016 1815 5069 μου

237 5102 357 5170 τὴν
390 5101 606 5169 χαρὰν,
641 5101 741 5153 ἵνα
773 5098 839 5153 τὸ
877 5099 1023 5152 αὐτὸ
1047 5095 1332 5167 φρονῆτε.
1363 5097 1429 5149 Ὀ
1452 5094 1624 5164 λέγει,
1653 5091 1824 5148 τοιοῦ-

235 5194 329 5245 τόν
359 5194 509 5245 ἐστιν
536 5207 549 5220 ’
588 5192 650 5244 El
683 5189 943 5262 βούλεσθε
971 5188 1320 5260 παράκλησίν
1355 5203 1476 5240 τινα
1518 5183 1701 5238 δοῦναί
1728 5199 1819 5254 μοι

239 5290 298 5341 ὲν
328 5289 443 5349 τοῖς
473 5286 800 5356 πειρασμοῖς
849 5301 950 5354 μου
976 5298 992 5316 ο
1022 5285 1074 5336 εῐ
1095 5298 1219 5348 τινα
1264 5278 1650 5353 παραμυθίαν,
1702 5277 1820 5329 οἵαν

239 5387 273 5453 ἡ
302 5383 495 5453 ἀγάπη
528 5382 695 5453 γεννᾷ
722 5397 736 5412 ’
798 5382 847 5434 εί
871 5380 1099 5451 μέλλετε
1157 5377 1331 5443 δεῖξαι
1387 5378 1472 5432 ὅτι
1530 5373 1820 5430 κοινωνίαν

237 5475 362 5528 τινὰ
392 5473 547 5546 ἔχετε
575 5475 694 5545 μετ’
725 5472 862 5544 ἐμοῦ
894 5474 952 5526 ἐν
982 5474 1093 5536 τοῖς
1126 5471 1517 5541 πνευματικοῖς
1554 5468 1650 5521 καὶ
1676 5464 1821 5519 κατὰ

1921 4609 2198 4651 carcerem
2229 4597 2509 4664 conjectus
2526 4608 2678 4649 eram
2713 4609 2728 4647 :
2758 4607 2903 4649 nunc
2932 4608 3066 4649 vero
3088 4595 3291 4652 auditis
3312 4598 3500 4652 etiam.

2552 4703 2784 4761 CAPUT
2816 4703 2882 4761 ll.

1993 4818 2163 4874 Vens.
2191 4818 2244 4886 i,
2273 4817 2328 4872 2.
2367 4817 2430 4874 Si
2465 4835 2571 4888 qua
2619 4835 2743 4890 ergo
2770 4817 3064 4874 consolatio
3095 4818 3148 4873 in
3197 4803 3429 4887 Christo,
3453 4821 3502 4876 si

1923 4916 2060 4983 quod
2088 4911 2339 4965 solatium
2363 4912 2663 4977 charitatis,
2691 4912 2736 4965 si
2759 4928 2866 4983 qua
2889 4912 3113 4966 societas
3150 4909 3406 4981 Spiritus,
3453 4913 3502 4966 si

1925 5022 2029 5075 qua
2055 5006 2260 5058 viscera
2289 5014 2335 5057 ct
2360 5004 2747 5070 miserationes,
2798 5004 3005 5073 implete
3034 5004 3271 5057 (mitium
3307 5019 3499 5069 meam,

1922 5106 1977 5151 ut
2003 5095 2139 5150 idem
2177 5095 2426 5165 supiatis.
2462 5095 2614 5161 Quod
2644 5095 2739 5162 ait,
2793 5105 2875 5150 est
2908 5094 3211 5164 hujusmodi
3238 5109 3253 5147 :
3284 5092 3341 5146 Si
3381 5093 3500 5158 vul-

1921 5189 1990 5242 tis
2022 5186 2153 5241 tnihi
2178 5187 2490 5258 quampiam
2522 5186 2577 5241 in
2633 5187 3031 5241 tentationihus
3075 5184 3211 5240 meis
3251 5183 3503 5239 consola-

1920 5278 2122 5333 tionem
2152 5279 2320 5347 dare;
2349 5280 2393 5333 si
2435 5279 2579 5348 quod
2608 5278 2881 5345 solatium,
2911 5276 3072 5340 quale
3125 5277 3370 5332 cltaritas
3404 5292 3501 5347 ge-

1921 5381 2111 5439 nerat;
2135 5370 2179 5426 si
2211 5371 2562 5426 monstraturi
2597 5369 2728 5426 estis
2777 5370 2923 5440 quod
2954 5368 3498 5425 communicationem

1920 5467 2206 5536 quamdam
2235 5465 2481 5520 habeatis
2533 5478 2746 5520 mecum
2776 5466 2832 5519 in
2879 5462 3273 5535 spiritualibus,
3309 5471 3365 5518 et
3412 5466 3501 5518 se-

1587 5581 1791 5645 Varim
1824 5579 2152 5645 lectiones.

309 5721 353 5753 ⁸¹
394 5719 487 5773 ἐπὶ
514 5733 566 5771 ο.
641 5718 686 5750 ⁸¹
726 5715 1029 5782 τουτέστιν,
1056 5712 1369 5785 ὁμονοοῦσι,
1399 5713 1494 5767 καὶ
1531 5709 1923 5785 ὀμτῷυχοῦσιν,
1969 5709 2050 5764 ὅτ.
2085 5724 2141 5763 0.
2235 5708 2283 5741 ⁸³
2332 5706 2628 5779 συμπεριλ.
2660 5722 2713 5762 0.

243 5806 308 5841 πο
321 5806 387 5861 pa
397 5790 587 5861 μύθιον
611 5806 664 5843 ο.
972 5818 975 5821 -

2821 5705 2867 5739 ⁸⁵
2890 5705 3142 5779 ἡμέτερα
3165 5720 3218 5763 o.
3331 5703 3377 5738 ”
3395 5702 3501 5757 εἴτι
