3932 6610
267 393 379 465 1161

888 358 892 363 ⁷
1007 374 1412 442 EXPOSITIO
1450 375 1534 439 IN
1566 372 1805 438 EPIST.
1840 374 1940 435 AD
1978 366 2307 438 PHILIPP.
2335 400 2403 411 -—
2434 375 2594 439 CAP.
2633 373 2718 438 II.

3330 368 3466 435 116:7.

262 509 500 578 τώχεινσε
524 492 811 559 πλούσιος
853 489 959 546 ὧν.
987 490 1158 545 Ὅταν
1187 490 1298 560 γὰρ
1344 486 1495 561 δείξῃ
1525 487 1616 542 τὸν
1664 488 1791 541 Υίδν

1913 498 2022 543 esset
2049 487 2099 543 δ.
2130 487 2264 544 Cum
2291 487 2435 545 enim
2454 486 2771 569 [ostenderit
2801 483 2999 543 Filium
3032 483 3127 542 Dei
3164 482 3308 543 omni
3336 486 3468 542 alti.-

262 601 341 656 τοῦ
361 590 504 655 Θεοῦ,
544 588 632 642 τὸν
660 583 860 648 παντὸς
883 582 1051 654 ὕψους
1073 582 1354 649 ἐπέκεινα,
1387 581 1445 633 ἐν
1465 582 1578 644 τοῖς
1607 594 1788 633 κατω-

260 693 421 751 τάτοις
452 681 754 753 γενόμενον,
785 675 909 732 τίνα
955 676 1056 732 οὐκ
1091 675 1326 746 ἑντρέψῃ
1356 674 1401 706 ⁶¹
1450 672 1561 728 τῶν
1595 672 1796 744 ὑψηλο-

265 785 453 857 φρὸνων
465 793 482 842 ;

325 875 412 938 ⁸ος
437 870 502 923 ἐν
534 864 736 937 μορφῇ
760 863 911 920 Θεοῦ
946 863 1258 931 ὑπάρχων,
1310 861 1425 929 οὐχ
1484 858 1800 928 ἁρπαγμὸν

262 963 504 1035 ἡγήσατο
530 958 591 1014 τὸ
612 953 764 1012 εἷναι
778 951 886 1012 Ῑσα
902 952 1043 1019 Θεῷ.
1073 951 1341 1023 Ἀρίθμει,
1374 950 1531 1005 πόσοι
1549 949 1800 1004 ἐντεῦθεν

262 1054 503 1126 αίρετικοὶ
556 1050 840 1109 πίπτουσι.
888 1045 1157 1117 Μαρκίων
1205 1045 1235 1097 6
1279 1043 1543 1108 Ποντικὸς
1591 1042 1798 1111 ἔλεγεν,

263 1150 334 1202 ὅτι
352 1143 571 1215 πονηρὸς
603 1143 632 1195 6
654 1142 876 1210 κόσμος,
902 1137 1000 1192 καὶ
1037 1137 1072 1209 ὴ
1104 1135 1264 1208 σὰρξ,
1297 1137 1394 1191 καὶ
1438 1137 1539 1190 οὐκ
1569 1134 1799 1189 ἀνέλαϐε

260 1237 442 1306 ταύτην
465 1239 492 1290 6
511 1233 662 1295 Θεός.
684 1231 1006 1304 Μάρκελλος
1030 1233 1059 1286 6
1084 1230 1353 1302 Γαλάτης,
1391 1230 1487 1283 καὶ
1512 1228 1797 1294 Φωτεινὸς,

259 1333 342 1389 καὶ
365 1328 678 1400 Σωφρόνιος,
703 1327 890 1396 ἔλεγον
914 1325 1008 1379 τὸν
1032 1324 1203 1393 Λόγον
1230 1323 1325 1378 τοῦ
1358 1323 1493 1377 Θεοῦ
1520 1323 1802 1394 ἐνέργειαν

258 1419 403 1485 εἶναι,
425 1421 521 1473 οὐκ
543 1418 728 1472 οὐσίαν
758 1417 1124 1470 ὲνυπόστατον
1151 1431 1166 1447 ·
1198 1413 1404 1485 ταύτην
1432 1414 1490 1466 δὲ
1519 1413 1800 1483 ἐνοικῆσαι

259 1515 339 1567 τὸν
366 1515 409 1546 ⁸⁸
436 1513 497 1565 ὲκ
527 1510 841 1580 σπέρματος
878 1507 1062 1562 Δαυϊδ.
1096 1506 1208 1561 Καὶ
1228 1504 1436 1569 Παῦλος
1465 1503 1523 1559 δὲ
1554 1506 1582 1558 6
1609 1505 1802 1574 Σαμωο

260 1605 435 1667 σατεὺς
472 1603 676 1671 ἔλεγεν,
719 1601 802 1655 ὅτι
833 1599 942 1653 ἀπὸ
972 1598 1194 1670 Μαρίας
1220 1598 1346 1668 ἔσχε
1378 1596 1475 1668 τὴν
1507 1595 1682 1667 ἀρχὴν
1708 1594 1801 1649 τοῦ

260 1695 402 1750 εἶναι.
425 1696 530 1748 Καὶ
557 1692 848 1755 Σαϐἑλλιος
884 1691 940 1745 δὲ
964 1691 993 1744 6
1025 1690 1194 1755 Al6u;
1229 1689 1442 1759 ἔλεγεν,
1476 1689 1559 1743 ὅτι
1586 1688 1800 1759 Πατὴρ,

259 1789 340 1841 καὶ
363 1786 502 1850 Υἱὸς,
528 1785 623 1839 καὶ
652 1782 876 1853 Πνεῦμα
899 1779 1334 1851 ἆγιον,ὀνόματά
1363 1781 1480 1833 ἐστι
1543 1775 1678 1847 ψιλὰ
1723 1777 1803 1830 ἑνὶ

1896 579 2082 635 tudine
2127 580 2484 650 superiorem,
2549 580 2797 635 intimum
2856 578 3085 645 factum,
3137 591 3300 649 quem
3356 593 3464 634 non

1899 671 2257 741 superborum
2290 670 2638 742 pudt-faciat?

1969 854 2132 911 Vens.
2161 853 2216 909 ϐ.
2243 851 2344 919 Qui
2371 869 2489 907 cum
2513 855 2567 907 in
2594 856 2764 926 [arma
2799 853 2895 909 Dei
2923 863 3074 921 esset,
3097 870 3202 910 non
3224 855 3466 922 rapinam

1900 946 2187 1000 arbitratus
2208 955 2282 1000 est
2308 961 2421 1000 esse
2441 960 2494 999 se
2515 945 2767 1015 aequalem
2803 946 2929 1003 Deo.
2955 945 3190 1001 Numera
3211 955 3469 1016 quotnam

1902 1038 2029 1092 hinc
2051 1036 2295 1093 bterctici
2327 1037 2544 1092 cadant.
2567 1036 2769 1092 Marcio
2801 1037 3056 1094 Ponticus
3077 1039 3288 1094 dicebat
3309 1054 3471 1094 mnu-

1902 1131 2028 1185 dum
2063 1140 2119 1186 et
2163 1143 2383 1185 carnem
2418 1143 2542 1186 esse
2574 1128 2715 1184 mala
2758 1146 2773 1184 :
2829 1132 3055 1200 proinde
3113 1146 3144 1187 a
3202 1130 3312 1187 Deo
3361 1147 3468 1188 non

1901 1231 2233 1294 assumptum
2267 1237 2388 1279 esse
2412 1221 2577 1279 hanc.
2618 1220 2907 1279 Marcellus
2932 1223 3198 1291 Galatius,
3234 1235 3289 1280 et
3323 1224 3470 1280 Pho-

1902 1316 2065 1381 tinus,
2123 1323 2176 1369 et
2223 1314 2577 1385 Sophronias,
2637 1315 3024 1370 asseverabant
3070 1313 3308 1371 Verbum
3375 1316 3470 1372 Dei

1890 1407 2178 1477 .energiam
2231 1420 2375 1472 esse,
2411 1422 2518 1462 non
2567 1408 2858 1463 essentiam
2912 1407 3278 1478 personalem,
3310 1418 3473 1478 atque

1905 1498 2043 1551 hanc
2091 1497 2396 1553 inhabitare
2430 1497 2481 1554 ei
2530 1501 2620 1569 qui
2668 1511 2735 1555 ex
2776 1500 2985 1555 semine
3045 1499 3259 1557 Davidis
3304 1511 3471 1558 esset.

1903 1587 2102 1643 Paulus
2123 1587 2245 1644 dein
2282 1588 2686 1647 Samosatensis
2733 1590 2967 1656 dicebat,
3010 1592 3153 1662 quod
3183 1607 3249 1646 ex
3307 1593 3472 1649 Maria

1903 1678 2156 1735 habuerit
2187 1681 2510 1752 principium
2546 1682 2817 1740 essentia.
2853 1682 3123 1740 Sabellius
3151 1694 3331 1740 autem
3364 1685 3474 1759 Ly-

1904 1769 2061 1824 bicus
2117 1768 2421 1825 aﬂirmahat
2471 1772 2615 1841 quod
2676 1773 2855 1840 Pater,
2915 1773 3084 1830 Filius
3141 1785 3194 1831 et
3244 1776 3476 1847 Spiritus

258 1875 514 1949 προσώπῳ
547 1875 935 1943 ἐπιλεγόμενα.
973 1873 1192 1942 Ἀρειος
1226 1871 1436 1939 ἔλεγεν,
1481 1869 1564 1925 ὅτι
1600 1869 1805 1939 κτίσμα

1913 1870 2154 1926 sanctus,
2183 1862 2401 1917 nomina
2434 1872 2616 1919 essent
2653 1865 2820 1932 nuda,
2880 1866 2972 1920 uni
3030 1880 3273 1935 personae
3323 1868 3477 1923 attri-

256 1968 386 2021 ἐστὶν
416 1968 442 2019 6
470 1965 620 2028 Υἱός.
664 1963 1068 2034 Ἀπολλινὸιριος
1089 1962 1117 2014 6
1148 1961 1465 2027 Λαοδικεὺς,
1494 1962 1577 2015 ὅτι
1625 1958 1804 2030 ψυχὴν

255 2056 429 2128 νοερὰν
445 2057 541 2111 οὐκ
556 2055 748 2109 ἔλαϐεν
767 2054 833 2108 ⁸⁸.
859 2054 1003 2125 Ὅρα
1025 2053 1224 2121 τοίνυν,
1246 2053 1363 2118 πῶς
1384 2053 1651 2107 πίπτουσι
1671 2053 1807 2105 πάν-

254 2167 336 2215 τες
363 2150 452 2221 μιᾷ
475 2148 658 2220 σχεδὸν
681 2150 928 2218 μαχαίρᾳ
946 2160 960 2175 ο
1000 2146 1104 2200 Ἐν
1121 2144 1317 2218 μορφῇ
1335 2144 1480 2199 Θεοῦ
1501 2143 1806 2215 ὑπάρχων.

258 2241 366 2304 Πῶς
388 2239 495 2306 οὖν,
529 2240 579 2293 οί
616 2240 745 2308 περὶ
790 2238 1131 2309 Μάρκελλον,
1185 2239 1397 2308 λέγετε,
1429 2239 1511 2291 ὅτι
1553 2237 1808 2310 ἐνέργειά

257 2335 388 2388 ἐστιν
416 2334 443 2387 6
479 2333 675 2401 Λόγος,
714 2331 816 2386 οὐκ
845 2331 1002 2386 οὐσία
1050 2332 1138 2399 δὲ;
1177 2330 1378 2403 Μορφὴ
1416 2330 1526 2402 γὰρ
1589 2331 1725 2385 Θεοῦ
1770 2334 1805 2403 ἡ

255 2425 396 2479 οὐσία
433 2424 676 2493 λέγεται,
724 2423 916 2496 ὥσπερ
953 2423 1137 2495 μορφὴ
1183 2422 1396 2486 δούλου,
1422 2425 1470 2493 ἡ.
1512 2423 1675 2492 φύσις
1709 2424 1807 2477 τοῦ

253 2517 442 2573 δούλου,
470 2517 595 2581 Πῶς
625 2518 722 2573 καὶ
753 2518 842 2584 σὺ,
872 2519 900 2571 6
930 2516 1321 2586 Σαμωσατεὺς,
1352 2516 1434 2571 ὅτι
1459 2516 1567 2569 ἀπὸ
1589 2515 1809 2586 Μαρίας

254 2610 472 2680 ἢρξατο;
506 2609 844 2681 Προῦπῆρχε
883 2608 990 2679 γὰρ
1022 2609 1081 2662 ἐν
1107 2609 1289 2679 μορφῇ
1316 2607 1413 2661 καὶ
1448 2606 1606 2676 οὐσίᾳ
1627 2605 1807 2678 θεῖκῇ.

264 2696 410 2750 Ἀλλά
436 2698 531 2752 καὶ
574 2697 868 2751 Σαϐἐλ).ιον
925 2698 1192 2752 πίπτοντα
1240 2697 1340 2767 ὅρα
1376 2712 1392 2727 ⁸
1434 2698 1558 2766 Οὐχ
1622 2697 1810 2765 ἁρπα-

254 2784 405 2853 γμὸν,
434 2785 620 2855 φησιν,
651 2785 925 2855 ἡγήσατο
957 2786 1023 2840 τὸ
1061 2782 1214 2842 εἶναι
1255 2781 1361 2841 ἳσα
1391 2786 1533 2852 Θεῷ.
1564 2782 1711 2840 Ἶσον
1753 2787 1810 2840 δὲ

253 2875 334 2927 ἐπὶ
370 2877 483 2941 ἐνὸς
510 2875 811 2949 προσώπου
848 2878 910 2932 οὐ
958 2877 1180 2948 λέγεται
1203 2893 1218 2908 ·
1249 2878 1312 2933 τὸ
1347 2877 1455 2948 γὰρ
1507 2872 1646 2943 ἴσον,
1703 2877 1811 2933 τινὶ

252 2958 355 3019 ίσον
375 2983 388 2996 ·
407 2968 543 3022 ὥστε
556 2969 655 3024 δύο
678 2969 946 3041 πρόσωπα
969 2968 1219 3023 ἐντεῦθεν
1238 2972 1491 3038 φαίνεται
1503 2969 1570 3024 ⁸⁸.
1593 2969 1659 3024 Ἀ
1670 2982 1812 3040 ρειος

252 3053 397 3109 tam
428 3059 691 3129 πλειόνων
721 3058 1090 3131 καθαιρεῖται.
1132 3060 1231 3115 Ἐν
1258 3060 1464 3131 μορφῇ
1491 3060 1599 3133 γὰρ
1633 3061 1806 3127 Θεοῦ,

250 3150 530 3218 τουτέστιν,
544 3149 725 3223 οὖσίαο
754 3151 848 3206 καὶ
864 3152 964 3205 οὐκ
977 3147 1119 3218 εἷπε,
1142 3152 1409 3222 Γεγονὼς,
1423 3152 1560 3222 ἀλλ’,
1594 3153 1809 3223 ’Υπάρ-

252 3253 395 3303 κων
442 3240 632 3310 ὅμοιον
656 3242 755 3310 τῷ.
794 3240 942 3311 Ἐγὼ
959 3244 1077 3308 ειμι
1100 3245 1134 3298 δ
1160 3242 1265 3296 ὥν.
1298 3243 1430 3310 Καὶ,
1456 3246 1580 3314 οὐχ
1618 3245 1808 3313 άρπα-
1835 3240 1878 3267 υ

250 3329 389 3398 γμὸν
414 3331 687 3402 ἡγήσατο
719 3336 786 3388 τὸ
810 3331 962 3392 εἶναι
995 3331 1101 3391 ἶσα
1145 3334 1287 3401 Θεῷ.
1338 3335 1506 3409 Ὁρᾷς
1545 3335 1644 3408 τὴν
1695 3338 1807 3391 i66-

251 3437 414 3491 τητα;
448 3426 572 3490 Πῶς
629 3426 721 3481 οὖν
766 3428 831 3480 σὺ
876 3427 1059 3495 λέγεις
1086 3428 1169 3481 ὅτι
1206 3428 1410 3498 μείζων
1453 3431 1482 3483 6
1522 3429 1734 3501 Πατὴρ,
1781 3433 1810 3484 6

251 3511 440 3578 δὲΥίὸς
461 3516 740 3584 ὲλὰττωνς
775 3518 914 3571 Ἀλλ’
944 3520 1047 3589 ὅρα
1076 3522 1176 3587 τὴν
1207 3520 1441 3591 ἀνόητον
1491 3520 1673 3575 αὐτῶν
1725 3519 1809 3573 ἐν·

255 3617 453 3661 στασιν.
482 3608 717 3678 Μικρὸς,
742 3608 894 3678 φασὶ,
938 3609 1069 3673 Θεὸς
1112 3608 1187 3662 ὢν
1216 3612 1245 3663 6
1283 3610 1431 3677 Υἱὸς,
1474 3610 1572 3681 οὐχ
1595 3610 1810 3681 ἥρπασε

249 3692 304 3745 τὸ
322 3691 455 3749 εἶναι
482 3692 585 3753 ἶσα
620 3696 696 3766 τῷ
721 3697 944 3769 μεγάλῳ
984 3698 1125 3770 Θεῷ.
1160 3699 1383 3771 Πρῶτον
1411 3701 1509 3770 μὲν
1534 3695 1648 3767 οὖν,
1683 3698 1812 3754 ποία

250 3780 430 3857 Γραφὴ
461 3786 706 3843 διδάσκει
727 3788 878 3859 ἡμᾶς
905 3788 1101 3859 μικρὸν
1122 3790 1216 3843 καὶ
1241 3792 1417 3860 μέγαν
1443 3790 1608 3859 Θεόν;
1637 3790 1813 3844 ταῦτα

249 3874 348 3946 γὰρ
366 3877 471 3931 τῶν
509 3877 783 3947 Ἐλλήνων
819 3878 979 3935 είσίν.
1016 3880 1141 3935 Ὅτι
1190 3880 1249 3935 δὲ
1297 3881 1394 3935 καὶ
1426 3882 1454 3935 6
1481 3882 1607 3946 Υίὸς
1640 3883 1813 3952 μέγας

252 3962 395 4030 θεὸς,
430 3968 599 4024 ἄκουε
631 3970 845 4025 Παύλου
876 3988 891 4004 ⁸
930 3973 1052 4041 Τὴν
1074 3973 1451 4044 ἐπιφάνειαν,
1498 3975 1654 4045 φησι,
1707 3975 1814 4029 τοῦ

246 4057 502 4127 μεγάλου
524 4064 678 4121 Θεοῦ
709 4065 806 4120 καί
831 4064 1095 4138 Σωτῆρος
1118 4065 1289 4137 ήμῶν
1313 4064 1518 4135 Ἰησοῦ
1533 4068 1813 4135 Χριστοῦ.

256 4149 502 4218 Ἔπειτα,
533 4155 585 4209 εί
618 4155 665 4188 ⁸⁸
700 4157 918 4227 μικρὸς,
950 4158 1067 4221 πῶς
1100 4159 1167 4212 ἂν
1200 4158 1422 4230 ἥρπασε
1454 4158 1517 4211 τὸ
1562 4157 1816 4228 γενέσθαι

253 4240 453 4311 μέγας;
500 4246 649 4316 Πρὸς
693 4248 908 4314 τούτοις
969 4251 998 4303 6
1042 4249 1253 4313 Παῦλος
1313 4248 1817 4320 ταπεινοφροσύνην

249 4331 509 4392 δ.δάσκειν
545 4340 779 4411 μέλλων,
810 4341 1009 4406 ἄτοπος
1039 4342 1106 4396 ἂν
1130 4338 1198 4415 ἦν
1215 4342 1377 4398 τοῦτο
1402 4344 1446 4376 ⁸⁷
1480 4342 1767 4415 παραινῶν
1801 4358 1816 4372 '

260 4419 474 4498 Ἐπειδὴ
511 4430 540 4481 6
563 4429 763 4500 μικρὸς
779 4430 912 4495 Θεὸς
930 4430 1009 4502 τῷ
1031 4431 1387 4505 μεγάλῳηΘεῷ
1409 4434 1507 4488 οὐκ
1522 4431 1816 4501 ἐπανέστη,

1909 1952 2059 2004 bula.
2095 1950 2258 2007 Arius
2282 1951 2499 2007 dicebat
2533 1952 2730 2008 Filium
2754 1968 2876 2009 esse
2897 1965 3220 2010 creaturam.
3272 1956 3476 2027 Apolli-

1908 2042 2094 2099 narius
2128 2043 2496 2109 Laodicensis,
2546 2044 2688 2115 quod
2728 2047 2963 2101 animam
3017 2048 3335 2104 rationalem
3367 2066 3472 2106 non

1908 2135 2200 2206 acceperit.
2232 2134 2367 2191 Vide
2396 2135 2561 2207 igitur
2606 2137 2877 2206 quomodo
2921 2140 3243 2194 occumbant
3284 2157 3474 2196 omnes

1907 2240 2017 2281 uno
2055 2227 2444 2297 propemodum
2481 2242 2642 2283 ense:
2685 2226 2820 2283 Cum
2872 2230 2927 2284 in
2971 2230 3142 2300 [arma
3176 2230 3274 2285 Dei
3324 2245 3475 2287 esset.

1910 2317 2190 2384 Quomodo
2221 2319 2390 2389 igitur
2410 2334 2509 2376 vos
2542 2318 2873 2376 Marcelliani
2900 2321 3102 2385 dicitis,
3144 2326 3287 2392 quod
3335 2324 3475 2379 Ver-

1907 2410 2033 2466 bum
2067 2420 2151 2466 est
2187 2414 2430 2480 energia,
2466 2421 2521 2468 et
2569 2428 2676 2468 non
2720 2413 3062 2469 substantia?
3107 2416 3301 2472 Forma
3334 2418 3477 2473 enim

1914 2499 2004 2554 Dei
2030 2502 2271 2557 essentia
2299 2503 2516 2569 dicitur,
2573 2503 3031 2572 quemadmodum
3078 2503 3249 2561 forma
3311 2511 3477 2570 servi.

1911 2600 2105 2646 natura
2134 2595 2299 2649 servi.
2330 2593 2613 2661 Quomodo
2644 2605 2699 2650 et
2751 2608 2832 2661 ιιι,
2873 2596 3294 2662 Samosatcnsis,
3334 2599 3477 2670 quod

1912 2700 1980 2740 ex
2030 2683 2252 2756 Virgine
2284 2688 2516 2755 primum
2567 2701 2688 2743 esse
2741 2702 2897 2741 suum
2957 2690 3290 2759 sumpserit?
3320 2699 3481 2746 antea

1911 2778 2058 2832 enim
2086 2788 2204 2833 erat
2232 2779 2285 2833 in
2322 2778 2493 2834 forma
2538 2779 2829 2849 divinaque
2856 2781 3117 2847 essentia.
3172 2781 3479 2849 Quinetiam

1914 2867 2210 2925 Sabellium
2251 2870 2532 2926 cadentem
2573 2871 2962 2927 animadverte.
2993 2871 3160 2945 538
3190 2872 3311 2930 Non
3341 2877 3484 2942 rapi-

1914 2978 2059 3025 nam,
2088 2961 2286 3031 inquit,
2329 2963 2622 3019 arbitratus
2666 2972 2740 3018 est
2780 2981 2891 3021 esse
2934 2980 2990 3020 se
3036 2965 3291 3033 aqualem
3345 2966 3481 3023 Deo.

1914 3052 2152 3124 Equale
2183 3056 2248 3109 de
2291 3070 2396 3110 una
2438 3070 2670 3124 persona
2731 3072 2836 3113 non
2872 3058 3112 3114 dicitur:
3147 3060 3290 3131 quod
3337 3061 3482 3117 enim

1913 3147 2118 3217 arquale
2175 3153 2281 3211 est,
2341 3146 2502 3201 alicui
2551 3155 2633 3203 est
2677 3149 2886 3217 aequale
2930 3164 2946 3201 :
2987 3165 3159 3221 quare
3196 3153 3314 3209 duae
3357 3153 3485 3209 hinc

1915 3252 2162 3306 persona:
2213 3236 2653 3293 manifestantur.
2682 3239 2844 3295 Arius
2885 3250 3066 3298 autem
3116 3243 3362 3313 pluribus
3390 3259 3486 3302 ra-

1913 3329 2147 3385 tionibus
2182 3329 2501 3384 destruitur.
2560 3328 2628 3383 In
2680 3329 2852 3398 [arma
2892 3333 3036 3388 enim
3093 3333 3208 3400 Dei,
3275 3336 3327 3390 id
3376 3346 3482 3398 est,

1910 3422 2164 3478 essentia.
2199 3420 2266 3478 Et
2293 3437 2397 3477 non
2428 3421 2583 3487 dixit,
2625 3420 2845 3490 Factus,
2869 3424 2984 3492 sed,
3006 3424 3269 3482 Existens.
3294 3425 3483 3482 Simile

1912 3519 1995 3566 est
2038 3509 2135 3576 illi,
2174 3510 2284 3580 Ego
2321 3526 2439 3571 sum
2487 3511 2576 3581 qui
2627 3527 2746 3565 sum
2773 3520 2821 3565 ο.
2858 3511 2948 3576 Ει,
2995 3509 3120 3567 Νοη
3158 3512 3482 3567 existimavit

1914 3604 2159 3671 rapinam
2181 3618 2292 3657 esse
2337 3619 2392 3657 se
2422 3602 2675 3674 aequalem
2712 3602 2850 3659 Deo."
2868 3602 3059 3658 Cernis
3087 3603 3485 3673 aequalitatem?

1914 3694 2193 3761 Quomodo
2233 3695 2398 3767 igitur
2454 3705 2507 3749 ιιι
2561 3695 2698 3752 dicis
2747 3696 2889 3765 quod
2924 3690 3011 3750 'sit
3063 3694 3238 3766 major
3302 3695 3482 3757 Pater.

1916 3786 2085 3842 Filius
2121 3796 2302 3843 autem
2340 3787 2555 3842 minor?
2604 3788 2674 3842 At
2725 3788 2848 3844 vide
2879 3788 3223 3860 insipientem
3271 3788 3484 3846 illorum

1915 3878 2293 3947 pertinaciam.
2349 3879 2553 3934 Parvus
2586 3924 2601 3947 ,
2657 3881 2964 3951 inquiunt,
3025 3882 3294 3940 exsistens
3348 3881 3489 3937 Deus

1916 3971 2103 4036 Filius,
2135 3986 2242 4027 non
2272 3972 2452 4042 rapuit
2472 3974 2573 4029 sibi
2607 3981 2827 4031 utessct
2851 3975 3072 4045 aequalis
3101 3985 3152 4031 et
3174 3989 3272 4045 par
3295 3988 3490 4044 magno

1920 4066 2056 4121 Deo.
2106 4064 2346 4123 Primum
2379 4067 2623 4137 quidem.
2681 4082 2802 4138 quae
2855 4066 3138 4138 Scriptura
3185 4071 3343 4124 docet
3389 4081 3492 4122 nos

1917 4171 2142 4226 parvum
2173 4172 2293 4213 esse
2321 4170 2379 4214 et
2431 4174 2681 4230 maguum
2733 4158 2946 4216 Deum?
2981 4160 3094 4216 haec
3125 4160 3270 4215 enim
3303 4160 3493 4216 inlide-

1922 4248 2054 4302 lium
2091 4256 2218 4302 sunt
2257 4250 2598 4306 Graecorum.
2641 4250 2796 4318 Quod
2831 4259 3012 4307 autem
3067 4261 3121 4306 et
3149 4249 3322 4306 Filius
3372 4265 3489 4305 ma-
3594 4296 3597 4297 ν

1919 4356 2059 4411 gnus
2092 4340 2234 4397 Deus
2273 4343 2364 4405 sit,
2392 4343 2513 4398 audi
2548 4342 2775 4399 Paulum
2805 4360 2820 4397 :
2853 4342 3271 4413 Apparitiouem,
3296 4341 3490 4411 inquit,

1922 4436 2101 4505 magni
2132 4432 2229 4489 Dei
2250 4445 2295 4489 et
2324 4433 2619 4490 Servatoris
2638 4435 2801 4490 nostri
2824 4434 2954 4490 Iesu
2971 4433 3173 4489 Christi
3191 4428 3241 4486 εὶ.
3267 4432 3491 4493 Deinde,

250 4506 488 4605 ὀφείλετε
529 4520 629 4572 καὶ
671 4520 831 4590 ὑμεῖς
878 4521 1375 4578 ὑποταπεινοῦσοαι
1414 4524 1690 4592 ἀλλήλοις.
1743 4523 1810 4575 T6

1923 4524 1967 4578 si
2005 4538 2228 4593 parvus,
2263 4522 2533 4592 quomodo
2560 4524 2789 4594 arripuit
2813 4523 2915 4579 sibi
2956 4531 3014 4579 ut
3050 4536 3278 4594 magnus
3308 4521 3493 4581 esset?

251 4600 353 4673 γὰρ
387 4605 462 4674 μὴ
494 4605 874 4680 ὲπαυαστῆναι
914 4612 993 4684 τῷ
1027 4613 1257 4683 μείζονι,
1293 4615 1422 4668 ποία
1460 4630 1817 4685 ταπεινοφρου

253 4692 417 4763 σύνη;
458 4696 758 4769 ’Δδυναμία
786 4702 948 4771 μόνον
967 4704 1012 4736 ⁸⁸
1050 4704 1231 4760 τοῦτο.
1280 4706 1352 4760 Τὸ
1378 4706 1435 4760 δὲ
1467 4707 1557 4761 τὸν
1581 4703 1697 4760 ἴσον
1727 4708 1821 4761 καὶ

246 4783 583 4861 ὀμοδύναμον
604 4790 745 4863 Θεῷ,
765 4793 959 4848 ἑκόντα
978 4796 1022 4829 ⁸⁸
1061 4796 1347 4868 ἄνθρωπον
1368 4799 1642 4868 γενέσθαι,
1661 4797 1820 4854 τοῦτο

245 4879 597 4947 ταπείνωσις.
635 4881 824 4939 Ταῦτα
864 4887 964 4957 μὲν
1010 4883 1104 4943 οὖν
1145 4889 1364 4953 ἱκανῶς.
1397 4889 1597 4944 Λοιπὸν
1625 4891 1726 4959 ὅρα
1766 4889 1821 4942 τί

247 4984 407 5040 φησιν
425 4989 442 5004 ·
469 4975 597 5045 οὐχ
624 4974 942 5046 ἁρπαγμὸν
975 4978 1250 5049 ἡγήσατο
1276 4980 1342 5034 τὸ
1363 4977 1517 5034 εἶναι
1545 4976 1650 5034 ἴσα
1674 4978 1820 5046 Θεῷ.

248 5058 414 5116 Ὅταν
453 5081 541 5129 τις
574 5067 803 5139 ἁρπάσῃ
831 5086 907 5136 τι,
936 5070 1183 5140 φοϐεῖται
1206 5071 1508 5126 ἀποθέσθαι
1548 5071 1705 5136 αὐτὸ,
1728 5071 1818 5125 ἵνα

251 5150 325 5218 μὴ
353 5153 623 5228 ἀπολέσῃ.
658 5157 735 5223 ὡς
772 5160 872 5229 οὐχ
905 5160 1071 5217 αὑτοῦ
1096 5160 1155 5214 δν
1181 5178 1194 5192 ·
1225 5161 1357 5216 ὅταν
1397 5162 1454 5216 δὲ
1484 5161 1585 5234 ἔχῃ
1626 5180 1680 5214 τι
1723 5178 1825 5232 cpu-

251 5240 420 5306 σικδνν
453 5247 701 5319 εὐχερῶς
722 5249 890 5304 αὐτοῦ
916 5253 1266 5322 καταφρονεῖ,
1304 5252 1461 5316 εἰδὼς
1491 5253 1574 5306 ὅτι
1616 5251 1826 5315 ἀναπό-

250 5327 442 5401 ⁶λητον
462 5333 599 5386 αὐτὸ
621 5338 732 5404 εχει
758 5341 803 5373 το
825 5356 839 5371 ·
879 5340 981 5396 κᾶν
1002 5340 1128 5413 δόξῃ
1149 5343 1474 5409 ἀποθέσθαι,
1501 5343 1666 5396 πάλιν
1688 5343 1821 5397 αὐτὸ

251 5421 612 5494 ἀναλήψεται.
641 5427 809 5499 Φησὶν
830 5431 943 5499 οὖν,
968 5433 1054 5488 ὅτι
1082 5436 1110 5486 6
1138 5433 1265 5499 Υἱὸς
1289 5437 1386 5488 τοῦ
1408 5434 1544 5488 Θεοῦ
1569 5436 1670 5489 οὐκ
1699 5436 1822 5506 ἐφο-

353 5537 383 5578 ι)
423 5537 470 5591 ιι
507 5539 637 5595 Cor.
670 5556 787 5609 vin,
817 5543 872 5598 9.
985 5556 1009 5584 ο
1041 5546 1212 5603 Exod.
1244 5563 1328 5613 ιιι,
1357 5547 1442 5601 ιι.

1926 4615 2218 4680 Praaterea,
2259 4615 2416 4671 divus
2443 4614 2645 4670 Paulus
2672 4615 3031 4671 humilitatem
3061 4617 3349 4681 docturus,
3398 4613 3496 4669 ab-

1925 4708 2123 4763 surdus
2160 4718 2301 4764 esset
2337 4708 2383 4763 si
2417 4708 2523 4763 hoc
2561 4708 2863 4765 suasisset:
2905 4707 3045 4777 Quia
3100 4723 3301 4778 parvus
3354 4708 3495 4764 Deus

1926 4813 2126 4869 magno
2162 4798 2270 4853 Deo
2303 4813 2407 4852 non
2442 4799 2663 4865 restitit,
2697 4800 2904 4857 debetis
2939 4809 2994 4856 et
3028 4815 3125 4856 vos
3155 4800 3293 4856 alter
3337 4799 3493 4855 alteri

1927 4891 2196 4947 submitti.
2241 4889 2379 4946 Nam
2410 4891 2588 4961 qualis
2618 4891 2805 4948 isthaec
2841 4902 2926 4948 est
2972 4892 3298 4959 humiliatio,
3349 4892 3493 4962 quod

1929 4981 2109 5038 minor
2135 4981 2395 5037 adversus
2426 4981 2684 5050 majorem
2717 4997 2824 5038 non
2847 4980 3132 5051 insurgat?
3163 4980 3493 5048 impotentiae

1924 5072 2095 5130 solius
2118 5080 2204 5128 est
2238 5072 2406 5128 istud.
2439 5073 2694 5127 Attamen
2726 5086 2933 5142 parem,
2964 5081 3020 5126 et
3076 5069 3322 5139 ejusdem
3370 5083 3491 5123 cum

1924 5165 2034 5220 Deo
2065 5164 2343 5234 potentiae,
2382 5172 2576 5233 sponte
2607 5162 2881 5218 hominem
2928 5160 3130 5216 factum
3175 5173 3317 5224 esse,
3354 5158 3493 5212 istuc
3582 5169 3588 5176 '

1924 5270 2059 5311 sane
2081 5264 2168 5311 est
2190 5254 2514 5311 ltumiliatio.
2556 5253 2683 5310 “th
2708 5253 2874 5324 igitur
2896 5251 3109 5306 abunde
3132 5249 3289 5307 satis.
3329 5247 3493 5304 Dein-

1929 5359 2079 5416 ceps,
2126 5343 2495 5399 animadverte
2538 5343 2666 5412 quid
2696 5342 2844 5399 dicat
2884 5357 2900 5394 :
2955 5338 3078 5395 Non
3120 5348 3198 5394 est
3250 5340 3495 5409 rapinam

1929 5439 2218 5493 arbitratus
2267 5453 2376 5491 esse
2429 5453 2483 5491 se
2535 5435 2789 5505 a'qualem
2849 5433 2976 5490 Deo.
3025 5433 3081 5487 Si
3115 5433 3238 5505 quis
3294 5432 3496 5505 aliquid

1586 5547 1613 5587 ά
1650 5546 1757 5603 Tit.
1812 5565 1851 5614 ι,
1894 5549 1981 5608 l3.

1594 5639 1791 5702 Variae
1825 5639 2153 5706 lectiones.

374 5734 420 5766 "
450 5733 648 5814 τρέψει
681 5750 734 5791 0.
812 5738 857 5769 ⁸³
880 5738 956 5792 τιτι
976 5753 1032 5795 0.
1107 5740 1152 5773 ⁸⁸
1181 5742 1441 5799 ἀνέλαϐεν
1462 5759 1515 5799 o.
1590 5744 1639 5776 “
1680 5743 1963 5814 φαίνονται.
1987 5761 2043 5803 ο.
2123 5747 2169 5779 ⁸⁸
2219 5745 2249 5799 6
2274 5760 2327 5800 ο.
2403 5744 2448 5777 ⁸⁷
2485 5742 2625 5797 οὕτω
2659 5756 2712 5798 o.
2789 5740 2836 5773 ⁸⁸
2871 5741 2970 5813 μὲν
2997 5737 3091 5796 οὖν
3139 5755 3193 5797 ο.
3269 5742 3313 5774 ⁸³
3340 5739 3496 5814 ὁμοδ.

251 5803 381 5858 Θεὸν
409 5820 462 5861 0.
487 5803 500 5807 ⁷
543 5805 588 5838 ⁷⁸
621 5808 761 5877 ἔχων
778 5821 831 5862 0.

538 5896 806 5962 ΡΑτιιυι..
850 5902 970 5964 Gn.
1017 5903 1280 5971 CXXIV.

3065 5906 3188 5967 -37
