3932 6628
539 383 559 444 i
577 383 672 446 163
1411 382 1510 443 ΤΗ
1521 381 1986 444 EOPHYLACTI
2033 384 2092 441 Β]

2118 381 2440 442 lLGARLE
2485 383 2840 444 ARCHIEP.
3569 391 3671 458 116i

532 495 792 565 rapuerit,
845 493 1033 548 metuit
1078 493 1348 564 deponere
1384 493 1533 561 illud,
1590 509 1656 550 ne
1702 495 1938 558 amittat,
1970 503 2085 548 tan-

2128 499 2178 557 Α
2205 494 2345 565 ὅήθη
2381 495 2687 566 καταϐῆναι
2718 495 2811 549 τοῦ
2849 496 3050 550 οἰκείου
3075 496 3386 569 ἀξιώματος,
3418 502 3514 557 δι“ὃ
3535 506 3571 538 ¹¹
3600 511 3675 562 οὑν

529 602 689 655 quam
735 587 904 656 ipsius
941 601 1046 641 non
1096 586 1187 641 sit.
1235 584 1330 640 Sin
1362 587 1657 658 quidauam
1709 601 1738 640 a
1770 598 1957 640 natura
2001 586 2082 640 lia-

2201 582 2348 656 εἷχεν
2371 586 2431 652 ἐξ
2452 588 2712 659 ἁρπαγῆς
2738 587 2896 642 τοῦτο
2915 590 2984 651 τ’,
3019 593 3160 658 φημὶ
3184 590 3244 662 δὴ
3263 592 3337 656 τὸ,
3369 593 3422 646 τὸ
3453 591 3568 649 εἶναι
3588 594 3678 664 ἶσος

530 681 674 742 beat,
730 677 887 733 facile
920 678 1049 732 illud
1094 686 1438 746 aspernatur,
1475 676 1654 733 sciens
1683 678 1734 733 id
1796 694 1855 732 se
1899 679 2083 734 habert

2198 679 2277 749 τῷ
2307 679 2426 746 Θεῷ
2457 681 2550 734 καὶ
2599 681 2798 752 Πατρὶ,
2861 681 2999 736 ἀλλὰ
3059 683 3280 751 φυσικὸν
3328 686 3473 739 αὐτοῦ
3512 689 3678 760 ἀξίωμα

484 801 500 826 ο
529 774 673 841 quod
706 771 875 826 amitti
910 781 1174 841 nequeat;
1202 780 1254 826 et
1297 772 1342 827 si
1378 772 1645 840 deponere
1674 772 1938 837 videatur,
1973 787 2032 825 ru

2200 769 2358 823 τοῦτο
2388 772 2676 839 ἐγίνωσκε.
2737 773 2827 826 Διὸ
2863 774 2959 827 καὶ⁴
2987 774 3374 844 ταπεινωθῆναι
3423 778 3587 848 εἵλετο,
3622 783 3679 848 ὡς

527 880 645 918 sum
683 866 856 932 ipsum
889 864 1133 934 recipiet.
1155 865 1246 918 Ait
1269 879 1432 934 ergo:
1455 862 1624 918 Filius
1655 862 1749 917 Dei
1775 879 1878 916 non
1903 862 2080 917 metuit

1976 862 2095 916 ituit
2200 862 2296 916 καὶ
2325 863 2382 916 ἐν
2413 865 2480 935 τῇ
2509 864 2918 919 ταπεινώσειτδ
2947 864 3082 936 ὕψος
3104 866 3265 921 αὑτοῦ
3296 869 3529 938 τηρῶν⁷⁸.

524 955 856 1010 descendere
873 957 944 1011 de
970 957 1182 1028 propria
1203 959 1486 1028 dignitate,
1509 959 1944 1029 quandoquidem
1970 972 2090 1013 eam
2131 972 2240 1015 non
2312 960 2544 1015 habebat
2608 975 2672 1015 ex
2709 961 2916 1030 rapina,
2939 962 3194 1016 nimirum
3216 966 3346 1031 quod
3370 973 3494 1020 esset
3510 967 3681 1035 aequalis

529 1047 637 1100 Deo
691 1047 858 1113 Patri,
916 1053 1010 1104 scd
1063 1052 1364 1106 naturalem
1427 1052 1529 1108 sibi
1593 1052 1732 1106 hanc
1779 1051 2090 1121 dignitatem
2135 1053 2480 1122 agnoscebat.
2524 1053 2818 1124 Propterea
2853 1062 2910 1109 et
2958 1053 3229 1110 humiliari
3266 1055 3430 1127 elegit,
3482 1059 3679 1128 tandum

524 1141 577 1194 in
613 1141 710 1192 ista
748 1140 1119 1196 humiliatione
1145 1142 1484 1198 altitudinem
1515 1158 1666 1198 suam
1699 1157 1946 1199 servans.

603 1232 760 1287 Vens.
794 1233 841 1287 7.
881 1233 986 1288 Sed
1018 1235 1347 1303 semetipsum
1368 1239 1679 1302 exiuaniait,
1707 1237 1931 1307 formam
1959 1235 2094 1290 servi

2285 1230 2438 1284 Ἀλλ’
2456 1229 2676 1284 ἑαυτὸν
2695 1229 2981 1292 ἐκένωσε,
3007 1229 3249 1299 μορφὴν
3277 1231 3478 1287 δούλου
3510 1237 3679 1290 λαϐὼν·

523 1327 807 1394 accipiens.
876 1325 975 1381 Ubi
1041 1337 1166 1379 sunt
1219 1328 1308 1395 qui
1353 1327 1560 1395 dicunt,
1618 1329 1758 1400 quod
1795 1327 1996 1382 invitus
2038 1339 2076 1383 et

2201 1323 2311 1377 Ποῦ
2352 1325 2399 1376 οἱ
2427 1321 2700 1391 λέγοντες,
2760 1323 2842 1376 ὃτι
2897 1322 3049 1376 ἄκων
3089 1323 3184 1377 καὶ
3219 1323 3475 1394 ἐπίταγμα
3510 1326 3680 1396 πληρῶν

525 1417 839 1470 mandatum
867 1416 1093 1487 impleas
1114 1418 1488 1474 descenderit?
1519 1419 1757 1474 Audiant
1786 1422 1928 1490 quod
1950 1418 2078 1488 seip-

2198 1415 2437 1484 κατέόης
2499 1415 2875 1469 ’Δκουέτωσαν
2953 1416 3037 1469 ὅτι
3079 1414 3274 1468 ἑαυτὸν
3333 1417 3581 1483 ἐκένωσεν,
3627 1419 3681 1482 ὡς

523 1523 641 1562 sum
683 1508 1057 1574 exinaniverit,
1105 1525 1201 1564 ceu
1259 1509 1553 1580 Dominus,
1603 1527 1668 1566 ac
1703 1522 1954 1580 tanquam
2003 1511 2076 1565 sui

2197 1507 2422 1578 Κύριος,
2458 1506 2535 1570 ὡς
2553 1505 2925 1571 αὐτεξούσιος.
2945 1507 3201 1576 Μορφὴν
3223 1506 3274 1559 δὲ
3305 1506 3521 1574 δούλου,
3537 1509 3678 1571 εἰπὼν,

523 1598 686 1668 juris.
727 1598 978 1656 Formam
1013 1610 1190 1656 autem
1249 1605 1382 1656 uerri
1437 1604 1645 1671 dicens,
1696 1603 2076 1674 Apollinarium

2210 1595 2616 1667 Ἀπολλινάριον
2655 1597 2931 1668 ἐντρέπει.
2986 1596 3046 1648 '0
3081 1597 3128 1628 ’δ
3180 1596 3286 1667 γὰρ
3353 1599 3556 1668 μορφὴν,
3597 1600 3681 1668 ἢτοι

524 1691 816 1762 pudefacit.
847 1691 948 1759 Qui
969 1692 1111 1749 enim
1137 1694 1366 1748 formam
1403 1694 1518 1750 sive
1562 1697 1918 1751 substantiam
1946 1695 2077 1749 servi

2196 1687 2292 1760 τὴν
2319 1688 2482 1757 φύσιν
2538 1687 2632 1742 τοῦ
2666 1688 2855 1742 δούλου
2905 1685 3109 1753 λαϐὼν,
3167 1688 3263 1740 καὶ
3313 1687 3484 1758 νοερὰν
3518 1689 3681 1753 πάντως

519 1786 738 1854 accipit,
776 1785 1091 1854 rationalem
1124 1786 1346 1840 omnino
1370 1786 1602 1841 animam
1629 1787 1810 1840 habet.

989 1785 1091 1854 lem
1124 1786 1346 1840 omnino
1370 1786 1602 1841 animam
1629 1787 1810 1840 habet.
2193 1778 2371 1849 ψυχὴν
2404 1777 2538 1848 ἔχει.

590 1878 658 1933 In
675 1878 1021 1932 similitudine
1052 1877 1319 1932 hominum
1351 1877 1544 1948 factus.
1594 1875 1692 1932 Hic
1726 1876 2086 1932 Marcionisttn
2117 1878 2143 1938 Ε

2132 1878 2161 1938 Β
2273 1872 2375 1926 Ἐν
2399 1870 2716 1940 ὁμοιώματι
2744 1869 3073 1940 ἀνθρώπων
3122 1869 3446 1940 γενόμενος.
3480 1868 3685 1924 Ἐνταῦθα

520 1970 726 2034 dicunt,
781 1969 922 2038 quod
975 1976 1302 2037 apparenler
1357 1977 1668 2023 tncainatus
1725 1977 1862 2022 erat.
1925 1965 2073 2022 Vides

2195 1965 2245 2019 οί
2273 1964 2692 2034 Μαρκιωνισταί
2722 1980 2909 2033 φασιν,
2943 1964 3028 2018 ὅτι
3071 1963 3220 2018 κατὰ
3269 1963 3536 2032 φαντασίαν
3562 1964 3687 2032 ὲσαρ·

518 2062 681 2126 enim,
702 2061 972 2128 inquiunt,
1009 2060 1278 2130 quomodo
1304 2059 1503 2114 Paulus
1522 2069 1796 2115 asseverat
1822 2060 2071 2114 similitu-

2197 2057 2368 2127 κὼθη.
2404 2056 2567 2128 Ὀρᾷς
2587 2056 2717 2127 γὰρ,
2751 2057 2907 2126 φασὶ,
2941 2055 3060 2120 πῶς
3083 2058 3111 2109 ὁ
3138 2055 3343 2119 Παῦλος
3371 2056 3582 2126 ὁμοίωμα
3616 2057 3687 2108 ἀν-

519 2155 696 2208 dinem
733 2168 857 2208 eum
906 2153 1140 2208 hominis
1189 2152 1483 2221 accepisse,
1524 2166 1588 2205 ac
1620 2151 1674 2205 in
1719 2153 1942 2218 liguram
1985 2151 2072 2205 hu-

2193 2148 2412 2220 θρώπου
2447 2148 2557 2220 [ob]
2582 2148 2767 2201 λαϐεῖν
2791 2165 2956 2220 φησιν
2973 2149 3157 2214 αὐτὸν,
3178 2147 3278 2202 καὶ
3302 2147 3688 2218 σχηματίσασθαι,

521 2247 1202 2300 manamtransformatqu
1236 2260 1381 2308 esse,
1440 2259 1544 2298 non
1602 2244 1837 2298 essentia
1887 2243 2074 2297 facturr

2191 2241 2312 2312 οὐχὶ
2347 2241 2508 2311 οὐσίᾳ
2529 2239 2784 2308 γενέσθαι
2841 2240 3164 2312 ἄνθρωπονς
3225 2239 3289 2294 Τί
3337 2236 3422 2293 οὖν
3468 2241 3619 2303 iactv;
3659 2242 3689 2291 0

523 2340 834 2396 hominem?
865 2339 999 2406 Quid
1054 2339 1218 2410 igitur
1271 2337 1399 2394 est?
1449 2337 1709 2392 Dominus
1754 2351 1860 2391 non
1907 2337 2076 2390 omnia

2192 2335 2396 2406 Κύριος
2424 2335 2484 2387 οὐ
2510 2335 2688 2388 πάντα
2713 2333 2781 2387 τὰ
2811 2333 3060 2406 ἡμέτερα
3108 2330 3279 2405 εἶχεν,
3319 2331 3445 2388 ἀλλὰ
3499 2334 3576 2386 καί
3601 2349 3691 2386 τινα

519 2443 696 2485 nostra
728 2433 956 2486 habebat
983 2429 1170 2502 439,
1213 2429 1306 2482 sed
1343 2442 1393 2484 et
1418 2428 1664 2498 quaedam
1699 2443 1804 2482 non
1834 2428 2072 2482 habebat.

2188 2427 2288 2480 οὐκ
2318 2424 2482 2496 εἶχεν,
2509 2421 2652 2489 -οίον,
2690 2427 2749 2479 τὸ
2778 2426 2886 2480 ἀπὺ
2914 2427 3201 2491 συνουσίας
3250 2425 3370 2500 [μὴ]
3396 2425 3630 2498 τεχθῆναι,
3649 2425 3691 2476 τὸ

516 2520 679 2574 veluti
737 2521 883 2574 nasci
927 2534 991 2573 ex
1043 2519 1328 2573 concubitu
1375 2528 1428 2572 et
1471 2531 1714 2587 peccare.
1795 2515 1910 2570 Non
1967 2531 2060 2571 era

2187 2519 2461 2590 ἁμαρτίαν
2488 2515 2611 2592 [μὴ]
2640 2517 2884 2589 ποιῆσαι.
2911 2519 3025 2572 Οὐκ
3054 2513 3123 2591 ἧν
3148 2518 3208 2572 δὲ
3229 2519 3288 2572 τὸ
3316 2518 3598 2588 φαινόμενον
3623 2518 3692 2586 μό-

517 2624 697 2665 antem
748 2609 1091 2666 solummodo
1127 2609 1270 2679 quod
1324 2608 1622 2678 apparebat
1677 2618 1730 2663 et
1777 2609 2070 2673 videbatun

2189 2626 2298 2676 νον,
2322 2609 2457 2663 ἀλλὰ
2490 2611 2585 2663 καὶ⁸
2617 2609 2750 2673 Θεός
2775 2625 2791 2641 ·
2842 2611 2944 2664 οὐκ
2985 2606 3054 2683 ἦν
3111 2611 3271 2682 ψιλὸς
3304 2609 3577 2681 ἄνθρωπος.
3621 2611 3691 2659 Διά

518 2703 867 2758 verumetiam
922 2703 1112 2756 Deus:
1151 2715 1254 2754 non
1303 2712 1421 2753 erat
1481 2701 1657 2754 nudus
1708 2703 1889 2754 homo.
1953 2699 2071 2754 Prov

2185 2704 2344 2756 τοῦτό
2396 2719 2562 2774 φησιν
2597 2719 2613 2736 ο
2671 2703 2774 2758 Ἐν
2793 2703 3112 2774 ὁμοιώματι
3170 2703 3504 2774 ἀνθρώπων.
3551 2702 3693 2770 Ἡμεῖς

517 2805 698 2863 pterca
740 2793 935 2861 inquit,
981 2791 1048 2845 In
1080 2790 1426 2845 similitudine
1458 2790 1755 2845 hominum.
1795 2789 1902 2846 Nos
1942 2793 2070 2846 enitr

2189 2795 2289 2867 μὲν
2318 2798 2428 2866 γὰρ
2445 2796 2594 2868 ψυχὴ
2623 2797 2717 2852 καὶ
2751 2797 2910 2868 σῶμα
2930 2812 2944 2826 ·
2978 2799 3183 2860 ἐκεῖνος
3205 2797 3262 2850 δὲ
3288 2797 3427 2867 ψυχὴ
3453 2796 3536 2849 καὶ
3553 2793 3687 2861 σῶμαι

519 2885 700 2938 anima
732 2893 786 2938 et
818 2899 1017 2954 corpus
1039 2898 1262 2950 sumus;
1290 2884 1336 2936 is
1356 2890 1534 2936 autem
1566 2883 1746 2936 anima
1775 2891 1828 2937 et
1861 2897 2072 2951 corpusl

2185 2890 2279 2943 καὶ
2303 2889 2435 2952 Θεός
2454 2906 2468 2922 ο
2505 2890 2627 2944 ἐπεὶ
2659 2889 2750 2943 καὶ
2775 2890 2905 2944 ὅταν
2931 2889 3090 2961 λέγῃ,
3132 2889 3236 2945 Ἐν
3263 2890 3554 2960 ὁμοιώματι
3588 2904 3693 2952 σαρ-

517 2987 569 3032 et
604 2977 762 3030 Deus.
791 2975 928 3030 Nam
955 2991 1075 3031 cum
1116 2974 1280 3041 dicar,
1304 2973 1366 3029 In
1399 2974 1746 3028 similitudine
1765 2976 1938 3028 carnis
1973 2989 2070 3043 pec-

2185 2981 2292 3046 κὸς
2352 2981 2666 3052 ἁμαρτίας,
2723 2983 2784 3036 οὐ
2856 2983 3017 3036 τοῦτο
3082 2983 3257 3052 λέγει,
3313 2984 3392 3038 ὅτι
3442 2982 3592 3052 σάρκα
3621 2980 3692 3030 οὐκ

515 3069 644 3130 rati,
686 3082 794 3122 non
831 3066 932 3121 hoc
981 3067 1136 3134 dicit,
1193 3067 1338 3136 quod
1393 3080 1613 3121 carnem
1655 3081 1761 3120 non
1813 3065 2068 3132 habuerit1

2183 3069 2356 3144 εἶχεν,
2392 3073 2510 3127 ἀλλ’
2541 3076 2623 3127 ὅτι
2667 3077 2700 3146 ή
2739 3074 2878 3143 σὰρξ
2928 3075 3113 3146 ἐκείνη
3170 3077 3270 3146 οὐχ
3323 3077 3568 3146 ἥμαρτεν,
3610 3070 3693 3123 ἀλλ’

519 3172 701 3211 rerum
732 3158 875 3228 quod
903 3172 1032 3213 caro
1061 3157 1149 3212 illa
1183 3171 1289 3212 non
1323 3157 1583 3227 peccarit,
1618 3155 1712 3210 sed
1743 3155 1936 3210 similis
1962 3163 2072 3210 erat

2141 3221 2150 3238 Ι
2184 3165 2349 3235 ὁμοία
2374 3161 2444 3236 ἦν
2468 3168 2534 3237 τῇ
2569 3166 2878 3238 ἁμαρτωλῷ
2901 3168 3044 3220 κατὰ
3070 3168 3170 3237 τὴν
3199 3169 3379 3237 φύσιν,
3401 3167 3456 3218 οὐ
3488 3164 3606 3219 κατὰ
3623 3161 3694 3229 τὴν

517 3250 803 3314 peccatrici
834 3251 1133 3305 secundum
1175 3257 1450 3311 naturam,
1497 3261 1601 3302 non
1645 3247 1938 3302 secundum
1972 3261 2070 3300 mai

2144 3252 2152 3276 '
2187 3257 2407 3311 κακίαν.
2434 3258 2645 3328 Ὥσπερ
2684 3259 2775 3312 οὖν
2809 3261 2924 3312 ἐκεῖ
2948 3259 3005 3313 τὸ
3027 3260 3238 3329 ὅμοιον,
3273 3259 3360 3313 διὰ
3382 3258 3441 3311 τδ
3471 3257 3535 3327 μὴ
3562 3256 3697 3308 πάντα

517 3340 706 3394 titiam.
755 3341 1219 3408 Quemadmodum
1278 3341 1442 3410 igitur
1493 3339 1602 3394 illic
1652 3339 1831 3393 simile
1877 3348 1981 3406 est,
2021 3353 2070 3394 et

2185 3343 2326 3402 εἷναι
2352 3343 2450 3402 ἶσα
2473 3363 2488 3380 °
2519 3349 2664 3403 οὕτω
2695 3351 2790 3404 καὶ
2818 3349 3056 3405 ἐνταῦθα
3079 3350 3139 3404 τὸ
3163 3352 3436 3422 ὁμοίωμα,
3467 3347 3543 3402 διὰ
3564 3345 3614 3398 τὸ
3641 3344 3695 3412 μὴ

515 3431 654 3497 quod
684 3446 788 3486 non
817 3434 999 3488 omnia
1031 3434 1140 3490 sint
1169 3433 1397 3502 aequalia
1431 3448 1445 3484 :
1480 3431 1558 3486 sic
1599 3440 1655 3486 et
1692 3432 1780 3487 hic
1831 3431 2068 3486 similitu-

2185 3438 2252 3492 ὲκ
2287 3439 2574 3504 συνουσίας
2596 3442 2877 3510 τεχθῆναι,
2909 3441 2997 3494 διὰ
3030 3441 3090 3495 τὸ
3118 3442 3517 3514 ἀναμάρτητον,
3541 3437 3616 3492 διὰ
3652 3435 3697 3488 si)

517 3519 693 3572 dinem
722 3520 874 3589 dicit,
901 3526 1044 3592 quod
1095 3538 1205 3578 non
1229 3523 1302 3578 sit
1347 3531 1505 3577 natus
1551 3535 1620 3576 ex
1665 3521 1982 3587 concubitu,
2031 3533 2070 3577 et

1397 3531 1505 3577 itus
1551 3535 1620 3576 ex
1665 3521 1982 3587 concubitu,
2031 3531 2087 3577 et
2187 3529 2263 3602 μὴ
2287 3531 2441 3600 ψιλὸν
2473 3533 2763 3603 ἄνθρωπον
2789 3529 2950 3587 εἶναι.

518 3610 642 3679 quia
672 3609 729 3664 in
759 3625 887 3666 cum
925 3628 1030 3669 non
1063 3617 1219 3669 cadat
1250 3624 1556 3684 peccatum,
1586 3620 1641 3668 et
1688 3612 1830 3685 quod
1864 3629 1968 3668 non
2015 3612 2085 3667 sit

512 3703 692 3757 nudus
723 3703 907 3759 homo.

582 3793 743 3849 Vsus.
779 3793 834 3848 8.
865 3798 929 3848 Et
959 3795 1132 3867 ﬁgura
1185 3799 1430 3854 inventus
1459 3805 1520 3852 ut
1557 3798 1730 3852 homo.
1761 3795 1897 3863 Quia
1931 3795 2081 3849 dixe-

2254 3794 2364 3847 Καὶ
2401 3792 2668 3861 σχήματι
2719 3792 2984 3861 εὑρεθεὶς
3024 3793 3105 3859 ὡς
3156 3793 3488 3864 ἅνθρωπος.
3527 3788 3700 3858 Ἐπειδὴ

511 3895 644 3949 rat,
709 3886 950 3954 Seipsum
1010 3890 1294 3944 exinanivit
1328 3929 1342 3955 ,
1400 3906 1467 3945 ne
1518 3888 1962 3958 permutationem
2029 3899 2058 3938 e

2183 3880 2357 3951 εἷπεν,
2394 3886 2477 3937 ὅτι
2518 3883 2848 3938 Ἐκένωσεν
2877 3883 3120 3950 ἑαυτὸν,
3177 3885 3265 3939 ἵνα
3323 3885 3398 3957 μη
3451 3882 3697 3955 μεταϐολὴν

512 3975 1047 4032 transformationem
1103 3982 1374 4050 negotium
1437 3995 1559 4036 esse
1623 3977 1928 4040 arbitreris,
1956 3975 2065 4029 ait:

2183 3978 2414 4048 νομίσῃς
2442 3976 2504 4029 τὸ
2531 3977 2766 4047 πρᾶγμα
2827 3978 2921 4031 καί⁵
2955 3976 3330 4047 μετάπτωσιν,
3362 3978 3486 4049 φησί
3510 3994 3524 4010 -
3551 3975 3697 4030 Μένων

510 4066 731 4123 Mauens
755 4069 898 4138 quod
927 4077 1064 4135 erat,
1094 4073 1385 4143 assumpsit
1411 4073 1555 4142 quod
1583 4085 1689 4126 non
1718 4077 1855 4136 erat,
1885 4078 2063 4122 natura

2183 4069 2212 4123 ὃ
2249 4066 2338 4142 ἦν,
2369 4069 2561 4124 ἐλαϐεν
2589 4069 2616 4122 ὃ
2644 4071 2745 4124 οὐκ
2769 4065 2857 4142 ἦν.
2883 4071 2992 4140 Οὐχ
3023 4073 3054 4140 ἡ
3086 4070 3249 4139 φύσις
3285 4071 3580 4143 μετέπεσεν,
3612 4062 3699 4118 ἀλλ’

509 4174 618 4213 non
649 4169 733 4214 est
759 4160 811 4212 in
850 4159 996 4214 aliud
1029 4170 1259 4224 mutata,
1294 4163 1390 4215 sed
1441 4163 1494 4214 in
1536 4161 1705 4230 ligura
1747 4160 1919 4215 factus
1973 4170 2062 4215 est

2181 4166 2240 4218 ὲν
2273 4167 2515 4235 σχήματι
2542 4163 2780 4231 ἐγένετο,
2827 4164 3126 4228 τουτέστιν,
3164 4164 3224 4216 έν
3277 4161 3479 4233 σαρκί·
3537 4156 3697 4228 σαρκὸς

507 4252 607 4304 hoc
636 4261 739 4315 cst,
773 4249 827 4304 in
867 4264 1033 4305 carne
1063 4264 1078 4302 :
1112 4265 1294 4304 carius
1345 4266 1489 4304 enim
1523 4260 1608 4304 est
1667 4251 1908 4322 ﬁgurari.
1940 4251 2060 4308 Cun

2180 4257 2290 4327 γὰρ
2321 4257 2383 4309 τὸ
2413 4255 2812 4325 ἐσχηματίσθαι
2833 4257 2898 4308 ⁷⁵.
2941 4255 3158 4325 Ἐπειδὴ
3191 4255 3304 4327 γὰρ
3330 4253 3470 4315 εἷπε,
3511 4250 3699 4318 Μορφὴν

489 4344 650 4397 enim
700 4343 946 4406 dixisset,
1007 4339 1262 4395 Formam
1308 4342 1444 4396 cervi
1496 4344 1721 4411 accepit,
1777 4357 1941 4398 ausus
1999 4360 2042 4399 et

2179 4347 2367 4401 δούλου
2414 4347 2626 4413 ἐλαϐεν,
2667 4348 2942 4418 ἐθάρσησε
2997 4347 3186 4402 λοιπὸν
3215 4352 3312 4402 καὶ
3365 4347 3516 4400 τοῦτο
3545 4346 3699 4401 εἰπεῖν,

504 4436 729 4503 posthac
758 4445 812 4489 et
842 4435 987 4490 istud
1027 4436 1228 4498 dicere,
1267 4445 1519 4506 tanquam
1552 4435 1681 4490 illud
1727 4435 1874 4490 hisce
1908 4437 2057 4491 silen«

2179 4439 2253 4504 ὡς
2287 4442 2497 4493 ἐκείνου
2530 4439 2704 4494 ταῦτα
2746 4439 3216 4511 ἐπιστομίζοντος.
3276 4440 3470 4502 Καλῶς
3523 4437 3572 4489 δὲ
3611 4428 3700 4485 εἷπε

507 4526 640 4580 tium
668 4527 949 4582 indiceret.
988 4528 1221 4582 Pulchre
1256 4538 1434 4581 autem
1467 4527 1624 4594 dixit,
1651 4527 1720 4580 Ut
1742 4527 1894 4582 homo
1919 4544 1938 4582 :
1969 4542 2060 4582 nor

2146 4530 2260 4608 ,sb,
2325 4529 2425 4594 Ὠς
2469 4531 2800 4598 ἅνθρωπος.
2857 4531 2932 4584 οὐ
2969 4532 3088 4601 [γὰρ
3125 4526 3194 4602 ἦν
3241 4524 3324 4593 εἷς
3371 4530 3476 4582 τῶν
3513 4519 3699 4580 πολλῶν.

503 4619 648 4672 enim
673 4627 790 4673 erat
817 4633 951 4674 unus
977 4635 1039 4674 ex
1063 4621 1269 4685 multis,
1300 4620 1416 4686 sed,
1448 4619 1591 4674 velut
1623 4635 1759 4675 unus
1782 4634 1850 4674 ex
1875 4621 2052 4674 multis

2186 4621 2301 4675 ἀλλ’
2328 4621 2405 4684 ὡς
2439 4616 2517 4684 εἷς
2543 4621 2652 4674 τῶν
2677 4620 2886 4701 πολλῶν
2911 4636 2925 4652 ·
2949 4622 3008 4674 οὐ
3044 4622 3155 4692 γὰρ
3177 4622 3259 4684 είς
3294 4621 3564 4687 ἄνθρωπον
3603 4625 3703 4679 μετ-

502 4707 617 4764 Νυη
647 4709 790 4762 enim
823 4709 875 4764 in
909 4709 1180 4765 hominem
1215 4711 1462 4765 transivit
1494 4709 1636 4765 Deus
1677 4708 1949 4776 Verbum;
1982 4724 2055 4766 set

2187 4713 2382 4766 έπεσεν
2443 4712 2472 4763 ὁ
2519 4711 2653 4774 Θεὸς
2697 4712 2894 4779 Λόγος,
2936 4711 3050 4764 ἀλλ’
3083 4712 3157 4774 ὡς
3189 4709 3474 4779 ἄνθρωπος
3524 4704 3697 4772 ἐφάνη·

502 4801 668 4856 veluti
720 4803 881 4856 homo
929 4803 1223 4872 apparuit:
1257 4802 1698 4872 acinﬂgurabilis
1750 4817 1870 4856 cum
1910 4812 2053 4857 esset

2183 4805 2279 4858 καὶ
2301 4803 2702 4874 ἀσχημάτιστο,
2732 4799 2828 4864 ὢν,
2856 4802 2958 4854 ὑπὸ
2991 4800 3179 4870 σχῆμα
3228 4801 3466 4867 ἐγένετο.
3500 4794 3632 4854 Τινὲς
3661 4788 3701 4840 δὲ

503 4895 605 4950 sub
641 4895 868 4964 ﬁguram
909 4895 1083 4951 lactus
1131 4903 1235 4950 est.
1273 4895 1526 4950 Nonnulli
1581 4904 1766 4950 autem
1819 4895 1962 4949 hunc
2007 4909 2056 4948 at

2183 4894 2358 4958 οὓτως
2389 4893 2742 4965 ήρμήνευσαν
2763 4907 2779 4922 ο
2809 4891 2920 4946 Καὶ
2948 4892 3218 4961 σχήματι
3247 4887 3528 4958 εὑρεθεὶς,
3561 4877 3632 4934 οἷα
3654 4879 3701 4952 δὴ

501 4986 720 5041 modum
756 4987 1094 5058 interpretati
1147 4996 1272 5041 sunt
1316 4987 1498 5042 istud:
1559 4987 1764 5056 Figura
1810 4987 2050 5040 inventus

2179 4984 2464 5055 ἄνθρωπος
2486 4983 2726 5054 ἀληθῶς,
2759 4983 2900 5037 καθὰ
2927 4985 3021 5037 καὶ
3059 4984 3318 5053 Ἰωάννης
3343 4982 3488 5049 λέγει
3513 4996 3526 5009 ·
3548 4975 3703 5039 Δόξαν

503 5093 756 5150 tanquam
791 5080 901 5150 jam
933 5094 1057 5134 vere
1088 5079 1271 5147 homo,
1302 5080 1526 5148 perinde
1560 5095 1623 5134 ac
1655 5078 1812 5135 divus
1838 5079 2056 5134 Joanne:

2177 5076 2258 5142 ὡς
2303 5075 2672 5146 μονογενοῦς
2720 5077 2880 5143 παρὰ
2945 5076 3212 5143 Πατρόςο
3276 5074 3401 5128 ἀντὶ
3459 5068 3566 5134 τοῦ,
3612 5063 3701 5118 οἷαν

500 5174 575 5225 ait
603 5189 618 5227 :
645 5173 885 5228 Gloriam
918 5183 1166 5244 tanquam
1193 5170 1464 5242 Unigeniti
1497 5188 1530 5226 a
1556 5171 1716 5225 Patre
1740 5182 1763 5210 ο
1792 5188 1807 5224 :
1837 5171 1942 5226 hoc
1968 5179 2045 5225 est

2178 5171 2382 5238 πρέπει
2414 5167 2558 5238 ἔχειν
2587 5166 2678 5221 τὸν
2708 5169 3010 5238 Μονογενῆ.
3041 5168 3115 5221 Τὸ
3164 5166 3295 5238 γὰρ,
3345 5166 3461 5232 Ὦς,
3498 5158 3703 5232 σημαίνει

499 5266 708 5337 qualem
747 5267 900 5322 decet
948 5267 1148 5322 habere
1199 5263 1566 5337 Unigenitum.
1613 5263 1882 5334 Tanquam
1925 5263 2051 5318 enin

1837 5281 1882 5317 m
1925 5263 2069 5318 enim
2179 5261 2274 5315 καὶ
2304 5259 2623 5332 δισταγμὸν,
2655 5260 2910 5332 σημαίνει
2943 5260 3039 5314 καὶ
3071 5259 3390 5332 βεϐαίωσιν.

498 5364 830 5432 adverbium,
865 5379 990 5418 cum
1023 5363 1415 5419 dubitationem
1445 5360 1739 5432 signiﬁcat,
1792 5366 1902 5414 tum
1937 5372 2067 5414 con-

498 5455 877 5511 firniationem.

573 5603 596 5631 ο
627 5591 781 5648 Joan.
816 5609 856 5660 t,
893 5593 980 5647 Η.
1922 5669 1924 5672 ν

1843 5705 2040 5767 Variae
2070 5703 2398 5766 lectiones.

569 5814 610 5842 ⁷³
638 5813 772 5864 διότι
801 5827 853 5864 ο.
930 5813 972 5843 ⁷³
1011 5813 1141 5866 αὑτό
1170 5826 1226 5866 o.
1302 5809 1556 5879 ⁷³.κυρῶν
1584 5824 1636 5865 0.
1715 5808 1762 5841 ⁷⁸
1791 5809 1882 5862 κα)⁵
1912 5824 1965 5863 0.
2046 5808 2089 5840 ⁷⁸
2123 5804 2555 5876 σχηματίζεσθαι
2588 5818 2636 5856 ο.
