3932 6590
247 409 381 475 1165

1010 411 1407 475 EXPOSITIO
1444 413 1525 475 IN
1567 413 1803 475 EPIST.
1845 413 1943 472 AD
1980 415 2313 478 PHILIPP.
2343 440 2357 452 ν

2435 415 2592 478 CAP.
2622 417 2705 480 II.
2954 450 2959 454 -
3343 417 3479 480 1168

310 518 757 577 Ἔταπείνωσεν
785 519 1024 586 ἑαυτὸν,
1053 522 1374 592 γενόμενος
1402 521 1674 590 ὑπήκοος
1704 520 1803 591 μέ-

1984 520 2299 578 Humiliamt
2341 524 2693 594 semetipsum,
2728 525 2899 596 factus
2950 522 3192 579 obediens
3222 539 3382 596 usque
3410 526 3481 580 ad

241 629 340 683 χρι
390 610 676 679 θανάτου,
741 613 1003 671 θανάτου
1054 614 1123 668 δὲ
1170 615 1460 687 σταυροῦ.
1518 613 1687 668 Πάλιν
1724 614 1808 681 τὸ,

242 703 690 757 Ἐταπείγωσεν
717 702 956 771 ἑαυτὸν,
991 705 1078 758 ἵνα
1131 703 1208 777 μὴ
1259 704 1337 769 ὡς
1389 703 1537 760 ἄκων
1577 705 1808 777 νομισθῇ

239 794 673 867 συγκαταϐῆναι.
736 793 918 860 Ἀλλὰ,
973 796 1136 867 φασὶν
1183 796 1233 849 οἱ
1312 797 1601 869 Ἀρειανοὶ,
1675 796 1807 865 ἰδοὺ,

240 885 488 956 ὑπήκοος
542 886 783 954 λέγεται.
815 887 929 940 Καὶ
962 886 1012 941 τί
1059 886 1239 953 τοῦτο,
1286 881 1333 942 ὧ
1384 887 1663 960 ἀνόητοιςὲ
1715 888 1812 942 καὶ

238 977 416 1045 φίλοις
439 977 813 1048 ὑπακούομεν,
875 979 971 1033 καὶ⁹
997 978 1150 1033 οὐδὲν
1180 978 1342 1033 τοῦτο
1370 980 1629 1045 ἐλάττους
1667 981 1811 1033 ποιεῖ

237 1073 408 1142 ἡμᾶς.
450 1070 537 1134 Ὦς
556 1070 684 1136 Υίὸς
713 1072 891 1144 [la-:91
919 1072 1230 1144 ὑπήκουσεν
1260 1071 1424 1142 ἑκὼν,
1470 1073 1566 1128 καὶ
1598 1075 1657 1128 ὲν
1687 1073 1810 1127 τού-

234 1181 315 1235 τῳ
343 1164 493 1235 αὐτῷ
519 1164 736 1230 δεικνὺς
754 1164 853 1238 τὴν
887 1163 1217 1235 γνησιότητα
1243 1180 1258 1194 ’
1282 1165 1400 1219 υἱοῦ
1448 1164 1558 1235 γὰρ
1584 1164 1809 1238 γνησίου

232 1259 296 1312 τὸ
322 1259 490 1330 τιμᾷν
524 1258 616 1312 τὸν
673 1258 910 1329 πατέρα.
966 1259 1113 1329 ’Ὀρα
1162 1258 1219 1312 δὲ
1246 1258 1561 1324 ἐπιτάσεις·
1613 1249 1808 1324 Δοῦλος

231 1352 478 1417 ἐγένετο,
515 1350 655 1405 ἀλλὰ
685 1352 778 1404 καὶ
805 1350 1036 1405 θάνατον
1066 1349 1285 1415 ἐδέξατο
1304 1366 1319 1381 ο
1348 1349 1443 1404 καὶ
1467 1350 1531 1404 τὸ
1556 1350 1638 1405 ἔτι
1681 1351 1808 1406 τού-

230 1460 331 1496 του
365 1441 574 1513 μεῖζον,
624 1442 1008 1496 ἐπονείδιστον.
1065 1439 1334 1495 Θανάτου
1374 1440 1482 1514 γὰρ
1511 1442 1806 1512 σταυροῦο

230 1532 506 1598 τουτέστι,
536 1531 631 1587 τοῦ
661 1534 1094 1604 ὲπικαταράτου,
1131 1530 1226 1585 τοῦ
1275 1534 1390 1597 τοῖς
1421 1533 1646 1605 ἀνόμοις
1702 1537 1800 1605 ἁφ-

229 1625 563 1695 ωρισμένου.

304 1720 406 1771 Διὸ
431 1719 535 1775 καί
564 1722 597 1775 ό
638 1721 783 1790 Θεὸς
811 1724 998 1779 αὐτὸν
1022 1726 1409 1796 ὑπερύψωσε,
1466 1725 1566 1781 καί
1611 1724 1806 1795 ἐχαρί-

229 1820 388 1861 σατο
419 1808 580 1876 αὐτῷ
609 1809 817 1882 ὄνομα,
842 1811 909 1867 τὸ
934 1813 1088 1883 ὑπὲρ
1135 1811 1258 1872 πᾶν
1283 1814 1490 1885 ὄνομα.
1516 1814 1686 1869 Ὅταν
1706 1811 1805 1883 τῆς

232 1898 441 1967 σαρκὸς
464 1900 789 1974 ἐπιλάϐηται
807 1905 838 1958 ὁ
864 1903 1096 1973 Παῦλος,
1115 1904 1285 1971 ἀδεῶς
1306 1908 1373 1961 τὰ
1385 1908 1614 1963 ταπεινὰ
1629 1905 1810 1960 πάντα

230 1990 555 2060 φθέγγεται,
576 1993 653 2059 ὡς
683 1996 784 2066 τῆς
808 1998 1010 2067 σαρκὸς
1044 1997 1220 2052 ταῦτα
1249 1997 1567 2070 δεχομένης.
1619 1996 1809 2061 Οὕτως

227 2080 329 2137 οὖν
353 2082 503 2149 δέξαι
538 2085 713 2141 ταῦτα
730 2086 885 2159 ιπερὶ
912 2088 1011 2158 τῆς
1037 2091 1260 2160 σαρκὸς,
1299 2089 1549 2161 μηδαμοῦ
1581 2089 1809 2160 διαιρῶν

226 2177 326 2230 τὸν
357 2177 458 2232 ἕνα
488 2179 746 2250 Χριστόν.
787 2182 944 2237 Ποῖον
970 2182 1027 2236 δὲ
1051 2181 1110 2235 τὸ
1138 2182 1397 2255 χαρισθὲν
1417 2181 1589 2253 ὄνομα
1611 2184 1677 2253 τῇ
1713 2184 1808 2237 ἁν-

226 2269 483 2341 θρωπίνῃ
526 2270 686 2341 φύσει
715 2271 812 2327 τοῦ
862 2272 981 2338 ἐνὸς
1035 2273 1311 2345 Χριστοῦ;
1365 2274 1459 2339 Τὸ,
1511 2273 1663 2339 Υίὸς,
1722 2273 1804 2336 τὸ,

226 2362 403 2429 Cede.
436 2364 544 2418 Καὶ
574 2364 681 2434 γὰρ
703 2364 733 2419 ὁ
752 2364 1037 2437 ἄνθρωπος
1067 2366 1195 2428 Tib;
1228 2364 1388 2432 Θεοῦ,
1425 2363 1604 2429 καθὼς
1657 2365 1751 2419 καὶ
1778 2364 1808 2415 ὀ

224 2452 466 2522 ἄγγελος
497 2450 618 2510 εἷπε
641 2468 658 2486 ο
711 2456 821 2511 Καὶ
852 2456 923 2511 τὸ
981 2456 1361 2527 γεννώμενον
1406 2456 1600 2528 ἅγιον,
1658 2459 1806 2529 κληέ

223 2547 480 2613 θήσεται
517 2550 652 2617 mc
691 2550 862 2606 Θεοῦ.

302 2640 432 2695 Ἵνα
462 2640 534 2695 ἐν
567 2640 649 2707 τῷ
678 2642 923 2712 ὀνόματι
951 2642 1164 2709 Ἰησοῦ
1221 2639 1346 2698 πᾶν
1373 2641 1524 2711 γόνυ
1570 2639 1802 2709 κάμψῃ,

218 2731 621 2801 ἐπουρανίων,
644 2734 1044 2803 καὶὲπιγείων,
1068 2732 1167 2788 καὶ
1188 2732 1618 2803 καταχθονίων.
1638 2731 1805 2785 Τουτ-

222 2826 402 2892 έστιν,
443 2827 471 2880 ὁ
502 2825 706 2898 κόσμος
745 2828 876 2894 πᾶς,
932 2828 1028 2881 καὶ
1074 2825 1317 2896 ἄγγελοι,
1366 2826 1461 2881 καὶ
1502 2823 1801 2896 ἄνθρωποι,

220 2917 327 2969 καὶ
350 2915 604 2986 δαίμονες
631 2932 646 2945 ·
684 2916 717 2989 ἢ
740 2919 823 2972 ὅτι
845 2918 940 2974 καὶ
964 2920 1012 2973 oi
1041 2918 1240 2976 δίκαιοι
1263 2918 1356 2974 καὶ
1380 2919 1430 2972 ol
1459 2915 1799 2988 ἁμαρτωλοί.

222 3009 344 3064 Καὶ
370 3008 625 3081 δαίμονες
647 3010 758 3083 γὰρ
795 3011 1212 3082 ὲπιγνώσονται,
1267 3011 1363 3067 καὶ
1410 3011 1634 3075 ἄκοντες
1662 3010 1800 3064 ὐπο-

219 3100 606 3172 κλιοήσονται,
634 3102 819 3158 οὐκέτι
848 3106 914 3176 τῇ
935 3103 1164 3175 ἀληθείᾳ
1192 3103 1642 3173 ἀντιμαχόμενοι,
1667 3101 1721 3153 οἴ
1736 3117 1799 3168 γε

1911 623 2153 682 mortem,
2175 626 2393 669 mortem
2422 624 2599 671 autem
2626 617 2821 673 crucis.
2850 614 3083 671 Rursum
3108 614 3263 682 dicit,
3291 614 3480 671 Humi-

1911 701 2059 757 liavit
2107 720 2238 770 sese,
2276 718 2341 759 ne
2373 705 2520 761 velut
2573 706 2775 763 invitus
2801 706 3198 763 obsecundasse
3239 716 3477 778 putetur.
3586 726 3591 731 ·

1909 796 2001 863 At,
2035 796 2225 854 dicunt
2250 798 2458 864 Ariani,
2502 813 2651 867 ecce,
2705 799 2965 857 obediens
3004 800 3221 857 dicitur.
3249 802 3321 858 At
3350 802 3481 873 quid

1910 890 2034 959 hoc,
2075 907 2108 947 0
2158 890 2660 962 insipientes'lNam
2685 901 2739 948 et
2791 893 2979 948 amicis
3029 894 3332 963 obedimus,
3382 909 3482 950 nec

1909 983 2196 1053 quicquam
2245 982 2374 1038 illud
2404 983 2718 1056 dignitatem
2751 993 2989 1040 nostram
3013 984 3305 1044 imminuit.
3337 984 3483 1040 Tan-

1911 1089 2072 1147 quam
2100 1072 2269 1130 Filius
2299 1073 2440 1131 Patri
2487 1085 2675 1147 sponte
2705 1076 2928 1143 obediit,
2956 1085 3117 1148 atque
3154 1078 3205 1133 in
3239 1078 3341 1135 hoc
3360 1079 3481 1148 ipso

1912 1167 2115 1222 indicat
2163 1180 2222 1222 se
2255 1181 2378 1223 esse
2436 1168 2726 1240 genuinum
2763 1184 2779 1223 :
2825 1169 3043 1242 genuini
3073 1170 3216 1226 enim
3271 1170 3364 1228 lilii
3399 1180 3485 1227 est

1911 1267 2118 1328 patrem
2173 1259 2377 1316 honore
2428 1259 2665 1318 allicere.
2710 1260 3095 1319 Animadverte
3157 1272 3336 1321 autem
3392 1263 3484 1318 hic

1909 1351 2178 1421 epitases:
2209 1350 2410 1409 Servus
2432 1352 2603 1409 lactus
2631 1362 2752 1409 est:
2781 1353 3080 1424 quinetiam
3106 1366 3332 1411 mortem
3363 1370 3485 1410 sus-

1908 1442 2053 1511 cepit
2081 1458 2094 1497 :
2119 1451 2173 1498 et
2197 1446 2337 1514 quod
2366 1443 2468 1500 hoc
2498 1445 2676 1501 adhuc
2705 1445 2877 1516 majus
2891 1456 2996 1513 est,
3038 1446 3481 1518 ignominiosam:

1908 1544 2129 1589 mortem
2167 1536 2309 1591 enim
2340 1537 2535 1603 crucis,
2572 1537 2673 1594 hoc
2703 1548 2807 1603 est,
2869 1539 3278 1607 exserraudam,
3315 1538 3484 1595 scele-

1912 1627 2045 1683 ratis
2068 1628 2414 1684 destinatam.

1985 1723 2144 1780 Vsus.
2177 1724 2231 1780 9.
2270 1721 2496 1795 Propter
2522 1727 2661 1796 quod
2694 1734 2743 1781 et
2788 1724 2926 1781 Deus
2957 1725 3207 1781 exultavit
3235 1714 3407 1791 illum,
3433 1732 3484 1779 et

1911 1817 2121 1872 donavit
2150 1818 2230 1871 illi
2248 1833 2433 1872 nomen
2453 1819 2594 1888 quod
2616 1825 2694 1872 est
2715 1833 2872 1888 super
2891 1833 3041 1873 omne
3070 1835 3277 1875 nomen.
3303 1815 3484 1885 Quan-

1915 1910 1982 1963 do
2021 1909 2201 1964 carnis
2232 1909 2559 1965 mentionem
2592 1910 2718 1965 facit
2758 1906 2979 1977 Paulus,
3008 1908 3273 1978 intrepide
3301 1908 3482 1964 omnia

1912 1998 2130 2055 humilia
2169 2000 2430 2071 loquitur,
2478 2011 2731 2071 tanquam
2784 2014 2912 2056 caro
2950 2001 3068 2057 haec
3113 1999 3357 2070 recipiat.
3392 1998 3485 2054 Sic

1911 2092 2075 2164 igitur
2108 2091 2225 2148 hare
2259 2095 2325 2148 de
2372 2107 2536 2149 carne
2592 2095 2796 2164 accipe,
2824 2091 2988 2166 ω
3010 2106 3273 2162 nusquam
3315 2106 3481 2145 unum

1908 2183 2182 2241 Christum
2234 2186 2498 2242 dividens.
2550 2184 2720 2253 Quale
2766 2195 2948 2243 autem
2980 2200 3174 2241 nomen
3225 2183 3483 2240 donatum

1910 2285 1993 2333 est
2047 2277 2299 2333 humanae
2351 2287 2558 2334 natura:
2610 2278 2768 2334 unius
2826 2275 3271 2345 ChristiiFilius,
3322 2276 3483 2332 Deus.

1909 2368 2122 2425 Etenim
2183 2370 2341 2424 homo
2392 2369 2562 2429 Filius
2604 2370 2719 2435 Dei,
2766 2367 3216 2439 quemadmodum
3264 2367 3488 2437 angelus

1908 2461 2044 2516 dixit
2076 2460 2179 2516 :Et
2199 2463 2338 2532 quod
2383 2472 2625 2518 nascetur
2670 2470 2932 2527 sanctum,
2969 2460 3145 2517 Filius
3200 2460 3294 2515 Dei
3334 2476 3488 2517 voca-

1908 2555 2047 2609 bitur
2071 2554 2117 2610 τ.

1984 2648 2139 2702 Vens.
2182 2647 2269 2701 10.
2304 2645 2368 2702 Ut
2400 2650 2455 2702 in
2499 2647 2706 2702 nomine
2736 2645 2864 2703 Iesu
2903 2643 3102 2700 Christi
3152 2660 3302 2699 omne
3352 2659 3487 2715 genu

1905 2742 2145 2810 ﬂectatur
2190 2740 2479 2795 ralestium
2527 2756 2590 2794 ac
2648 2740 2975 2793 terrestrium
3033 2747 3083 2792 et
3135 2737 3486 2807 infernarum.

1906 2834 2022 2891 Hoc
2049 2844 2152 2901 est,
2181 2834 2466 2890 universus
2490 2832 2724 2895 mundus
2749 2839 2805 2888 et
2851 2830 3026 2903 angeli
3053 2838 3110 2886 et
3149 2829 3400 2885 homines
3430 2836 3486 2883 et

1904 2929 2208 2996 daemones;
2250 2928 2336 2983 vel
2359 2928 2501 3000 quod
2532 2938 2585 2983 et
2610 2927 2742 2999 justi
2794 2936 2850 2981 et
2885 2935 3219 2997 peccatores.
3269 2922 3402 2978 Nam
3430 2930 3488 2977 et

1903 3019 2183 3079 daemones
2216 3030 2536 3092 agnoscent,
2566 3029 2622 3075 et
2657 3020 2806 3074 inviti
2839 3016 3204 3084 iuliectentur,
3240 3031 3346 3072 non
3368 3029 3486 3069 am-

1903 3112 2043 3182 plius
2075 3114 2287 3167 veritati
2327 3120 2709 3184 repugnantes,
2743 3111 2833 3181 qui
2863 3120 2919 3166 et
2957 3119 3085 3165 ante
3113 3119 3323 3179 tempus
3355 3105 3489 3160 illud

218 3192 325 3248 καὶ
361 3193 469 3283 πρὸ
519 3192 613 3247 τοῦ
669 3193 866 3268 καιροῦ
904 3195 1121 3251 ἐκείνου
1152 3194 1338 3264 ελεγον
1366 3210 1381 3226 ο
1439 3191 1699 3263 Οἴδαμέν
1727 3206 1801 3245 σε

1915 3203 2158 3261 dicebant
2187 3223 2200 3259 :
2233 3203 2489 3259 Nouimus
2518 3212 2566 3258 te
2585 3202 2675 3275 qui
2706 3204 2779 3258 sis
2814 3202 2863 3258 ⁸.

215 3285 319 3352 τίς
347 3278 422 3341 εἷ.

297 3378 409 3433 Καί
433 3376 602 3435 πᾶσα
619 3377 871 3448 γλῶσσα
895 3378 1425 3450 ἐξομολογήσεται,
1455 3378 1546 3432 ὅτι
1583 3379 1801 3444 Κύριος

230 3471 485 3542 Ἰησοῦς
530 3475 784 3545 Χριστὸς
821 3476 905 3541 είς
959 3473 1148 3538 δόξαν
1182 3473 1433 3545 Πατρός.
1482 3473 1799 3535 Τουτέστιν,

218 3567 314 3621 ἵνα
366 3568 567 3632 πάντες
591 3567 752 3624 τοῦτο
792 3567 1023 3627 εἴπωσιν
1045 3568 1136 3632 ⁷⁸⁸,
1196 3567 1280 3620 ὅτι
1331 3564 1533 3636 Κύριος
1590 3563 1803 3635 Ἰησοῦς

217 3660 482 3730 Χριστὸς,
509 3660 714 3732 Κύριος
747 3662 844 3716 καὶ
869 3659 1004 3725 Θεός
1027 3661 1165 3715 ἐστι.
1190 3658 1365 3712 Τοῦτο
1415 3657 1473 3714 δὲ
1523 3657 1651 3724 δόξα
1681 3656 1801 3713 ἐστὶ

217 3751 319 3806 τοῦ
360 3752 598 3825 Πατρδς,
643 3752 728 3808 ὄτι
772 3753 1020 3807 τοιοῦτον
1078 3751 1192 3823 ἔχει
1238 3750 1386 3816 Υίδν,
1416 3742 1461 3819 ᾧ
1506 3749 1577 3803 τὰ
1621 3748 1802 3803 πάντα

219 3844 626 3898 ὕποκλίνονται.
677 3843 863 3917 Ὀρᾷς,
925 3845 1008 3898 ὅτι
1055 3845 1089 3916 ἡ
1139 3843 1443 3917 ἀνάρῤησις
1492 3842 1587 3897 τοῦ
1626 3843 1801 3898 Μονο-

219 3933 439 4000 γενοῦς,
480 3933 610 4000 δόξα
645 3934 761 3988 ἐστὶ
792 3932 886 3988 τοῦ
912 3933 1157 4004 Πατρόςς
1190 3932 1355 3986 Ὥστε
1390 3929 1726 3994 τούναντίον,
1766 3931 1800 4003 ἡ

117 4026 120 4029 λ
219 4024 523 4090 ὲλὰττωσις
558 4026 748 4093 αὑτοῦ,
768 4025 963 4099 ἀτιμία
988 4026 1082 4081 τοῦ
1112 4026 1348 4098 Πατρός.

296 4118 503 4186 Ὥστε,
531 4119 825 4189 ἀγαπητοί
846 4137 989 4190 μου,
1017 4120 1213 4187 καθὼς
1246 4118 1505 4175 πάντοτε
1528 4119 1800 4188 ὑπηκού-

219 4228 395 4268 σατε.
415 4213 526 4277 Τὰς
544 4213 899 4284 παραινέσεις
923 4213 1061 4285 μετὰ
1080 4213 1375 4284 ἐγκωμίων
1391 4214 1473 4268 δεῖ
1491 4212 1765 4267 ποιεῖσθαι
1782 4229 1798 4245 ο

220 4305 371 4360 οὕτω
409 4306 517 4378 γὰρ
559 4306 960 4379 εὖπαράδεκτοι
1023 4307 1291 4374 γίνονται.
1330 4306 1422 4360 Διὸ
1475 4307 1572 4361 καὶ
1637 4305 1802 4369 αὐτὸς

220 4402 424 4466 αὐτοὺς
449 4402 808 4474 ἐγκωμιάζει,
837 4402 1156 4473 ἀγαπητοὺς
1185 4401 1389 4469 καλῶν,
1422 4402 1539 4468 καὶ,
1567 4397 1799 4465 Καθὼς,

219 4490 379 4560 φησὶ,
432 4491 692 4549 πάντοτε
736 4495 1129 4562 ὑπηκούσατε
1160 4510 1175 4525 ⁸
1238 4493 1398 4549 τοῦτο
1459 4494 1657 4562 λέγων,
1716 4493 1799 4546 ὅτι

1974 3381 2139 3436 Vens.
2172 3380 2260 3433 il.
2295 3377 2360 3432 Et
2390 3379 2560 3432 omnis
2589 3378 2774 3448 lingua
2820 3378 3155 3440 conﬁteatur,
3200 3377 3341 3446 quod
3382 3374 3487 3430 Do-

1904 3473 2078 3528 minus
2104 3469 2261 3525 Jesus
2293 3465 2536 3523 Christus
2559 3468 2707 3521 estin
2738 3466 2965 3537 gloriam
3003 3465 3096 3521 Dei
3141 3465 3344 3522 Patris.
3373 3464 3488 3522 Hoc

1903 3575 2006 3630 est,
2066 3573 2126 3619 ut
2181 3577 2370 3620 omnes
2410 3563 2511 3617 hoc
2560 3561 2766 3626 dicant,
2827 3559 2970 3631 quod
3025 3558 3288 3615 Dominus
3326 3557 3487 3616 Iesus

1878 3655 2177 3721 .Christus,
2230 3654 2488 3708 Dominus
2510 3663 2566 3708 et
2599 3649 2741 3708 Deus
2762 3658 2869 3708 est.
2918 3652 3048 3707 Hac
3079 3659 3258 3705 autem
3314 3648 3486 3721 gloria

1902 3759 1990 3806 est
2017 3747 2220 3813 Patris,
2244 3746 2386 3818 quod
2414 3743 2719 3813 huiusmodi
2748 3744 2943 3798 habeat
2966 3742 3161 3797 Filium
3192 3741 3276 3796 cui
3301 3739 3486 3797 omnia

1907 3841 2272 3899 inﬂectantur.
2299 3835 2702 3893 Animadvertis
2747 3835 2891 3905 quod
2926 3832 3255 3904 praeconium
3281 3831 3483 3900 Unige-

1904 3935 2024 3999 niti,
2053 3933 2221 4006 gloria
2248 3941 2331 3988 est
2365 3927 2582 3985 Patris?
2604 3926 2695 3983 Sic
2725 3941 2756 3981 ε
2790 3926 3006 3983 diverso
3034 3923 3341 3981 imminutio
3366 3921 3484 3992 eius

1901 4035 1987 4083 est
2027 4024 2317 4096 ignominia
2349 4020 2548 4078 Patris.

1974 4119 2135 4175 Vens.
2162 4118 2251 4173 i2.
2280 4117 2492 4189 Itaque,
2522 4114 2698 4172 dilecti
2736 4115 2858 4182 mei,
2891 4113 3026 4170 sicut
3072 4126 3270 4182 semper
3305 4108 3486 4166 obedi-

1902 4213 2018 4267 stis.
2071 4210 2494 4266 Adhortationes
2545 4222 2668 4264 cum
2724 4206 2884 4262 laude
2929 4214 2984 4260 et
3028 4203 3314 4274 praeconiis
3367 4200 3486 4261 ﬁeri

1903 4304 2157 4361 convenit
2190 4321 2208 4360 ς
2255 4302 2333 4359 sic
2356 4302 2502 4358 enim
2542 4302 2601 4356 lit
2633 4308 2692 4355 ut
2719 4296 2878 4354 facile
2911 4296 3243 4365 recipiantur
3284 4311 3297 4348 :
3351 4307 3482 4363 pro-

1904 4405 2090 4470 pterea
2111 4406 2164 4452 et
2178 4396 2294 4468 ipse
2310 4409 2403 4451 eos
2422 4393 2680 4456 celebrat,
2704 4391 2929 4447 dilectos
2946 4403 3164 4451 vocans,
3189 4394 3264 4453 et,
3282 4385 3482 4452 Quem-

1904 4489 2187 4544 admodum
2221 4527 2237 4554 ,
2289 4486 2511 4556 inquit,
2566 4498 2770 4551 semper
2841 4480 3142 4536 obedivistis
3188 4494 3207 4535 .'
3255 4475 3480 4547 perinde

224 4581 449 4648 Ἐδειξα
482 4583 633 4653 ὑμῖν,
666 4587 748 4641 ὅτι
773 4587 803 4639 ὁ
826 4587 954 4651 Υἱὸς
975 4585 1075 4643 τοῦ
1118 4586 1256 4641 Θεοῦ
1284 4586 1528 4655 ὑπήκοῡς
1557 4587 1750 4655 γέγονε
1777 4601 1792 4617 ο

1915 4582 2057 4653 ιιιαεί
2088 4581 2253 4647 dicat,
2285 4577 2508 4634 Ostendi
2542 4575 2696 4631 vobis
2721 4576 2862 4645 quod
2896 4574 3068 4629 Filius
3100 4571 3190 4628 Dei
3216 4569 3479 4627 ohedieus

224 4675 544 4748 μιμήσασθε
603 4675 702 4747 μὲν
750 4677 843 4733 οὖν
908 4681 1136 4747 ἐκεῖνον,
1201 4679 1519 4751 μιμήσασθε
1579 4678 1636 4731 δὲ
1700 4680 1796 4734 καὶ

219 4766 473 4831 ἑαυτούς.
736 4800 739 4803 <

292 4854 391 4923 Μὴ
417 4855 580 4923 acer
601 4857 675 4928 τῇ
698 4860 999 4928 παρουσίᾳ
1017 4877 1136 4930 μου
1159 4859 1370 4931 μόνον,
1399 4861 1562 4917 ἀλλὰ
1586 4857 1797 4923 πολλῷ

213 4947 462 5018 μᾶλλον
489 4950 559 5006 ἐν
585 4950 662 5021 τῇ
693 4953 961 5022 ἀπουσίᾳ
996 4971 1137 5024 μου.
1192 4954 1326 5007 Τότε
1380 4955 1480 5025 μὲν
1526 4954 1635 5023 γὰρ
1666 4954 1799 5017 ἴσως

219 5041 465 5094 ἐδοκεῖτε
493 5041 583 5098 διὰ
633 5043 734 5117 τὴν
775 5045 916 5117 πρὸς
960 5045 1061 5117 ἐμὲ
1093 5044 1230 5098 αίδὼ
1274 5044 1450 5098 πάντα
1488 5046 1751 5115 πράττειν
1782 5061 1795 5075 “

219 5130 318 5184 νῦν
342 5132 401 5185 δὲ
430 5134 527 5187 ἐὰν
547 5134 684 5206 πρὸς
712 5137 912 5208 ἀρετὴν
943 5137 1273 5209 ἐπιτείνητε,
1305 5136 1508 5203 δείξετε
1531 5137 1612 5189 ὅτι
1641 5136 1702 5189 οὐ
1728 5135 1797 5188 δι’

222 5221 349 5295 ἐμὲ,
382 5222 517 5276 ἀλλὰ
543 5227 631 5283 διὰ
658 5229 750 5282 τὸν
776 5230 926 5282 Θεὸν.

294 5310 460 5366 Μετὰ
486 5313 673 5382 φόϐου
702 5319 802 5372 καὶ
830 5321 1049 5390 τρόμου
1083 5321 1199 5389 τὴν
1243 5319 1474 5377 ἑαυτῶν
1501 5319 1802 5390 σωτηρίαν

221 5404 677 5477 κατεργάζεσθε.
717 5410 791 5464 Οὐ
819 5412 888 5465 δι’
916 5416 1156 5483 ἐμαυτὸν
1186 5414 1254 5481 ⁷⁸,
1299 5413 1456 5485 φησὶ,
1494 5412 1802 5485 παρακαλῶ

221 5497 394 5569 ὑμᾶς,
451 5497 568 5553 ἀλλ’
620 5500 707 5555 ἵνα
746 5504 814 5556 τὰ
864 5506 998 5575 πρὸς
1050 5507 1150 5578 τὴν
1183 5507 1459 5579 ὑμετέραν
1522 5507 1800 5579 σωτηρίαν

340 5633 359 5672 ί
396 5632 530 5689 Luc.
565 5650 609 5704 ι,
644 5636 734 5691 55.
848 5646 874 5685 8
911 5638 1042 5695 Luc.
1073 5657 1146 5707 tv,
1179 5642 1269 5697 55.

1901 4676 2078 4732 lactus
2103 4683 2186 4730 est
2214 4692 2229 4728 :
2258 4671 2541 4728 imitamini
2573 4671 2736 4743 igitur
2760 4669 2931 4736 illum,
2981 4667 3267 4723 imitamini
3302 4675 3481 4722 autem

1899 4778 1954 4823 et
1990 4782 2086 4821 vos
2123 4765 2286 4837 ipsos.

1971 4856 2097 4912 Non
2122 4866 2372 4928 tanquam
2399 4857 2458 4910 in
2484 4854 2767 4926 prasentia
2806 4870 2923 4909 mea
2949 4854 3142 4917 solum,
3183 4852 3273 4908 sed
3310 4851 3478 4906 multo

1897 4950 2070 5023 potius
2099 4949 2157 5005 in
2198 4946 2435 5005 absentia
2467 4963 2604 5002 mea.
2634 4944 2769 5001 Tum
2800 4946 2944 5001 enim
2988 4944 3217 5001 fortasse
3268 4942 3481 4998 viderer

1901 5042 2033 5098 mini
2065 5051 2284 5112 propter
2329 5038 2690 5099 reverentiam
2746 5054 2874 5110 erga
2901 5052 3008 5105 me,
3055 5034 3234 5091 omnia
3269 5047 3475 5105 agere.-

1902 5146 2046 5187 nunc
2074 5140 2252 5189 autem
2283 5128 2331 5187 si
2361 5129 2427 5183 ad
2461 5129 2714 5186 virtutem
2746 5127 3060 5190 intendatis,
3092 5124 3470 5182 monstrabitis

1899 5224 2041 5293 quod
2076 5237 2181 5279 non
2214 5232 2435 5293 propter
2459 5237 2568 5287 me,
2599 5221 2693 5278 sed
2717 5229 2936 5291 propter
2968 5219 3156 5273 Deum.

1997 5315 2129 5370 Cum
2161 5317 2348 5370 timore
2392 5331 2453 5369 ac
2483 5325 2707 5369 tremore
2728 5322 2952 5367 uestram
2982 5312 3218 5380 ipsorum
3245 5308 3473 5364 salutent

1898 5410 2205 5481 operemini.
2248 5409 2361 5465 Non
2392 5418 2613 5481 propter
2645 5407 2933 5478 meipsum,
2966 5405 3161 5477 inquit,
3214 5403 3477 5461 adhortor

1898 5519 2015 5573 vos,
2051 5504 2145 5561 sed
2174 5513 2233 5559 ut
2276 5518 2338 5559 ea
2369 5518 2493 5575 qum
2516 5501 2581 5557 ad
2612 5508 2845 5557 vestram
2875 5499 3104 5557 salutem
3135 5507 3281 5566 sunt,
3312 5496 3478 5557 facia-

1583 5758 1781 5820 ναι-ἰῶ
1824 5755 2156 5820 lectiones.
2228 5754 2233 5757 ’

329 5855 401 5887 "'
437 5854 750 5928 κηρύξωσιν
786 5873 863 5916 m.
936 5858 982 5893 "
1019 5859 1118 5931 ἐμὲ
1145 5875 1199 5915 o.
