3932 6596
517 426 650 490 1167

1392 423 1973 486 TlIEOPHYLACTI
2020 421 2434 483 BULGARIIE
2475 423 2824 484 ABCIIlEP.

3602 419 3724 486 1168

498 549 578 601 tis
599 558 718 600 cum
749 541 964 607 timore,
987 551 1156 609 coque
1183 537 1485 595 vehementi
1517 551 1570 596 et
1605 541 1840 608 intonso,
1867 551 1918 594 et
1951 555 2072 595 cum

2177 539 2366 612 ποιῆτε
2422 539 2559 610 μετά
2599 538 2788 608 φόϐου,
2821 537 2914 590 καὶ
2960 536 3154 590 τούτου
3200 535 3611 607 ἐπιτεταμένον.
3648 541 3728 594 καὶ

511 647 781 690 tremore:
811 631 928 687 sine
959 630 1150 685 timore
1179 645 1410 700 namque
1437 631 1568 686 nihil
1619 633 1743 688 boni
1771 632 2068 703 perﬁcitur,

509 741 680 795 neque
707 725 760 778 in
807 722 1014 777 artibus
1052 720 1390 790 liberalibus,
1427 737 1600 794 neque
1635 724 1687 779 in
1721 723 2070 778 mechanicis.

489 817 787 885 “Quomodo
811 822 987 868 autem
1019 821 1192 868 metus
1220 814 1640 882 perﬁcietur?Si
1669 815 2075 870 consideremus

507 909 650 978 quod
701 908 901 977 ubique
937 906 1076 962 Deus
1128 919 1329 977 przesto
1379 909 1472 974 sit,
1526 909 1706 964 omnia
1747 909 1974 965 audiens
2022 916 2076 963 et

503 999 680 1054 omnia
719 999 924 1065 videns,
957 1013 1061 1053 non
1091 1001 1259 1053 solum
1292 1015 1410 1070 quae
1430 1011 1680 1071 aguntur,
1705 1015 1893 1055 verum
1911 1001 2072 1055 etiam

503 1106 620 1160 qua:
667 1089 993 1158 cogitantur.
1053 1089 1251 1146 Servile
1299 1094 1467 1158 enim,
1518 1091 1713 1162 inquit,
1744 1091 1969 1146 Domino
2023 1093 2077 1145 in

503 1183 710 1247 timore,
736 1191 784 1234 et
813 1182 1067 1236 exsultute
1094 1184 1141 1237 ei
1163 1185 1214 1237 in
1245 1193 1471 1238 tremore
1498 1183 1549 1237 ιι.
1587 1183 1681 1238 Est
1712 1183 1855 1238 enim
1889 1183 2075 1238 exsul-

504 1273 786 1326 tatio-cum
833 1277 1092 1335 tremore,
1132 1273 1346 1339 quando
1374 1272 1567 1326 botmm
1625 1271 1818 1340 aliquis
1849 1269 2074 1335 faciens,

503 1362 664 1431 idque
694 1377 815 1415 cum
873 1363 1547 1426 tremore,conscientiam
1602 1361 1762 1415 habet
1827 1361 2074 1416 liberam.

508 1453 924 1524 Κατεργάζεσθε
973 1461 1148 1507 autem
1183 1453 1334 1519 dixit,
1388 1467 1492 1507 non
1565 1452 1922 1524 Ἐργάζεσοε,
1975 1455 2078 1508 hoc

501 1554 607 1612 est,
635 1561 757 1600 cum
791 1546 957 1599 multa
992 1544 1267 1617 diligentia
1303 1555 1356 1600 et
1385 1560 1514 1600 cura
1546 1546 1865 1614 operamini.

579 1722 831 1777 VensJS.
875 1722 1014 1777 Deus
1045 1723 1185 1776 enim
1217 1731 1293 1777 est
1341 1723 1429 1790 qui
1463 1731 1708 1792 operatur
1744 1721 1798 1775 in
1833 1721 1975 1776 vobis
2029 1731 2079 1775 et

501 1816 631 1871 velle
658 1826 707 1870 et
747 1816 973 1885 operari.
1007 1815 1143 1882 Quia
1173 1815 1329 1880 dixit,
1355 1814 1488 1869 Cum
1511 1816 1696 1868 timore
1734 1829 1796 1866 ac
1817 1823 2078 1866 tremore:

495 1924 650 1962 nunc
677 1908 773 1974 ait,
817 1907 976 1979 “1
1013 1906 1092 1961 Ne
1133 1907 1448 1962 terreamini
1505 1917 1727 1976 propter
1783 1907 1903 1961 hoc.
1957 1905 2072 1960 Non
2107 1902 2149 1958 Β

501 2001 646 2054 cnim
678 2000 781 2054 hoc
806 2000 926 2055 ideo
955 1999 1109 2066 dixit,
1137 2009 1195 2054 ut
1219 2000 1448 2055 desistas
1479 2015 1507 2054 a
1557 2000 1698 2054 bono
1723 1999 1805 2054 vel
1834 1999 2074 2064 delicias,

503 2095 597 2148 sed
637 2102 696 2147 ut
735 2101 942 2148 attente
971 2107 1100 2164 agas
1128 2092 1271 2163 quod
1301 2093 1436 2162 agis.
1467 2091 1602 2147 Nam
1634 2093 1679 2147 si
1733 2091 2080 2146 animadver-

505 2187 659 2251 teris,
690 2194 746 2241 et
773 2194 1012 2240 attentus
1066 2185 1254 2251 fueris,
1317 2184 1457 2239 Deus
1509 2185 1691 2240 omnia
1743 2184 2074 2252 op‘erabitur.

506 2276 624 2344 Ipse
657 2289 887 2344 namque
928 2282 1012 2330 est
1041 2273 1129 2343 qui
1161 2281 1216 2330 et
1257 2273 1736 2344 promptitudinem
1772 2273 1864 2328 dat
1900 2272 2075 2339 nobis,

507 2377 566 2422 ut
591 2367 827 2424 velimus
851 2367 1078 2436 bonum,
1105 2368 1266 2438 etqui
1288 2368 1415 2424 boni
1438 2366 1800 2438 operationem
1828 2366 1895 2421 ad
1917 2365 2076 2420 ﬁnem

504 2459 676 2516 ducit.
712 2459 983 2538 Operatur
1012 2461 1154 2517 enim
1195 2460 1335 2516 Deus
1366 2461 1418 2515 in
1451 2461 1605 2516 nobis
1634 2459 1771 2516 velle
1806 2479 1820 2516 :
1851 2461 1950 2516 hoc
1973 2469 2076 2525 est,

505 2561 828 2623 cooperator
857 2554 1014 2608 nobis
1047 2563 1104 2607 ut
1133 2552 1360 2610 velimus
1389 2553 1564 2620 ,bona,
1609 2560 1662 2608 et
1696 2561 1855 2622 auget
1884 2554 2076 2607 bonam

505 2645 834 2700 voluntatem
867 2653 1105 2701 nostram
1139 2686 1155 2712 ,
1200 2645 1470 2715 simulque
1505 2643 1750 2700 accendit
1783 2653 1840 2698 ut
1870 2645 2080 2699 ferven-

503 2736 612 2791 tior
635 2737 914 2792 reddatur.
944 2737 1010 2791 Et
1040 2737 1228 2792 aliter:
1257 2737 1520 2804 Quoniam
1546 2737 1658 2807 ipse
1682 2735 2076 2807 pet-lectionem

505 2830 675 2892 addit,
709 2845 806 2883 nos
848 2843 974 2883 vero
1009 2828 1254 2883 homines
1287 2843 1408 2898 qua:
1444 2827 1681 2897 perfecta
1719 2827 1985 2892 videmus,
2013 2828 2078 2882 ad

503 2937 564 2976 ea
590 2921 879 2983 tendimus,
909 2919 1261 2988 dirigimusve
1281 2919 1610 2974 voluntatem
1647 2928 1885 2976 nostram
1915 2936 1929 2974 :
1952 2935 2077 2989 pro-

506 3022 688 3080 pterea
726 3021 780 3064 et
810 3009 945 3064 velle
974 3009 1149 3079 ipsum
1182 3024 1212 3063 a
1256 3008 1366 3064 Deo
1425 3009 1608 3079 perlici
1644 3009 1793 3066 dicit.
1832 3009 2078 3082 Exempli

503 3103 675 3170 gratia
707 3118 722 3156 :
759 3100 980 3156 Voluisti
1014 3099 1260 3170 aliquid?
1302 3097 1473 3153 Orsus
1495 3113 1553 3154 es
1582 3101 1846 3169 perlicere
1893 3100 2073 3156 istuc:

502 3197 547 3250 si
589 3198 746 3249 tinem
784 3195 1114 3263 assequaris,
1146 3192 1339 3247 iterum
1375 3191 1544 3261 magis
1572 3192 1710 3246 idem
1745 3206 1881 3262 Opus
1911 3194 2076 3261 perli-

503 3302 624 3343 cere
651 3287 826 3356 copis.
859 3283 954 3340 Sin
987 3285 1188 3350 minus,
1224 3284 1488 3353 torpescit
1517 3283 1608 3338 tibi
1645 3283 1912 3338 voluntas.
1939 3284 2072 3341 Cum

503 3382 684 3447 itaque
713 3378 835 3432 linis
865 3379 1002 3446 apud
1044 3374 1210 3430 Deum
1251 3375 1344 3443 sit,
1392 3375 1481 3445 qui
1525 3385 1581 3432 et
1638 3375 1774 3432 velle
1825 3386 2074 3434 nostrum

499 3471 772 3534 accendit,
803 3485 912 3524 non
955 3471 1227 3524 immerito
1276 3480 1328 3523 et
1359 3470 1528 3539 ipsam
1565 3469 1892 3525 voluntatem
1931 3472 2074 3541 apud

503 3569 667 3622 Deum
719 3580 842 3620 esse
893 3574 1191 3620 asseverat.
1247 3563 1339 3618 Vel
1383 3577 1447 3618 ex
1502 3578 1696 3633 magna
1746 3564 2076 3634 gratitudine

499 3659 695 3712 Paulus
721 3656 856 3711 velle
890 3656 1062 3724 ipsum
1092 3668 1122 3708 a
1145 3653 1251 3707 Deo
1273 3652 1456 3722 perlici
1484 3653 1536 3707 in
1565 3655 1722 3710 nobis
1745 3655 1852 3710 ait:
1885 3669 2073 3724 quem-

497 3748 784 3803 admodum
846 3747 1069 3800 virtutes
1136 3743 1275 3798 doua
1313 3743 1564 3812 appellat,
1595 3744 1806 3800 arbitrii
1849 3746 2073 3801 liberta-

502 3854 605 3895 tem
637 3855 742 3894 non
776 3838 985 3903 tollens,
1018 3836 1113 3892 sed
1153 3850 1366 3905 semper
1386 3850 1482 3891 nos
1514 3846 1698 3906 gratos
1717 3852 1837 3894 esse
1865 3838 2071 3907 volens,

382 3929 384 3931 ’
495 3943 551 3986 ιιι
608 3931 786 3984 omnia
835 3938 1056 3999 accepta
1113 3927 1315 3984 referre
1347 3928 1474 3984 Deo.
1521 3927 1824 3984 Considera
1890 3940 2071 3986 autem

501 4019 784 4076 verbazln
814 4022 981 4087 vobis,
1011 4019 1203 4088 inquit,
1237 4019 1327 4089 qui
1363 4035 1482 4073 cum
1517 4029 1844 4092 metuatque
1871 4032 2074 4080 tremo-

497 4129 558 4165 re
586 4112 812 4167 salutem
840 4111 1137 4180 operamini
1170 4129 1184 4167 :
1213 4112 1265 4164 in
1306 4111 1502 4167 talibus
1529 4113 1671 4167 enim
1701 4111 1840 4170 Deus
1872 4129 2069 4185 opera-

487 4215 589 4260 ~=tur
617 4205 818 4260 omnia.

559 4297 676 4351 —Pro
702 4298 833 4350 bona
856 4295 1142 4349 voluntate.
1167 4293 1276 4349 lloe
1296 4302 1402 4358 est,
1433 4302 1490 4348 ut
1517 4293 1802 4364 impleatur
1819 4306 1944 4365 erga
1974 4309 2072 4352 vos

497 4389 868 4445 benevolentia
895 4396 1059 4456 atque
1083 4387 1223 4442 bona
1260 4387 1506 4442 voluntas
1531 4387 1668 4457 ejus,
1700 4395 1758 4442 ut
1808 4387 1887 4442 sic
1919 4387 2071 4442 viva-

411 4531 414 4534 .
497 4498 617 4536 mus
639 4481 864 4549 perinde
895 4495 957 4536 ac
985 4479 1099 4550 ipse
1126 4478 1257 4534 vult.
1286 4479 1471 4549 Itaque
1500 4486 1555 4532 et
1569 4494 1636 4532 ex
1660 4478 1763 4533 hoc
1783 4478 2067 4546 conﬁdite;

2177 631 2560 703 μετάτρόμου.
2593 633 2756 685 ’Λνευ
2779 632 2890 700 γὰρ
2921 629 3087 699 φόϐου
3130 629 3284 682 οὐδὲν
3325 629 3530 697 ἀγαθὸν
3551 647 3729 700 κατορε

2174 722 2383 786 θοῦται,
2418 722 2540 776 οὕτε
2564 724 2622 775 ὲν
2655 725 2776 784 ταῖς
2808 721 3056 788 λογικαῖς
3090 720 3331 792 τέχναις,
3378 720 3503 774 οὔτε
3541 722 3597 774 ἐν
3623 725 3728 785 ταῖς

2177 814 2489 887 βαναύσοις.
2515 813 2641 877 Πῶς
2665 815 2720 867 δὲ
2756 813 2783 864 6
2835 812 2999 882 φόϐος
3043 813 3562 888 κατορθωθήσεταιί
3619 812 3727 866 Ἐὰν

2174 905 2524 975 ἐννοήσωμεν
2544 904 2626 957 ὅτι
2653 902 2930 974 πανταχοῦ
2951 905 2978 955 6
3003 902 3137 966 Θεὸς
3167 903 3424 972 πάρεστι,
3446 905 3538 956 καὶ
3569 906 3726 958 πάντα

2175 997 2385 1064 ἀκούει,
2408 997 2502 1050 καὶ
2541 995 2720 1051 πάντα
2743 997 2864 1066 ὁρᾷ,
2894 997 2954 1050 οὐ
2987 997 3056 1050 τὰ
3081 995 3462 1064 πραττόμενα,
3496 995 3622 1049 ἀλλὰ
3648 999 3726 1049 καὶ

2175 1090 2240 1142 τὰ
2275 1087 2622 1159 ὲννοοὺμενα.
2652 1087 3032 1140 Δουλεύσατε
3061 1089 3192 1156 γὰρ.
3225 1086 3384 1154 φησι,
3421 1084 3502 1150 τῷ
3557 1089 3728 1156 Κυρίῳ

2175 1179 2245 1234 ἐν
2274 1181 2458 1249 φόϐῳ,
2479 1179 2577 1232 καὶ
2609 1176 2982 1247 ἀγαλλιᾶσθε
3010 1176 3173 1242 αὐτῷ
3204 1177 3274 1229 ἐν
3299 1178 3516 1244 τρόμῳ.
3537 1177 3725 1230 Ἐστι⁷¹

2175 1271 2285 1342 γὰρ
2323 1270 2646 1340 ἀγαλλίασις
2692 1269 2831 1338 μετά
2885 1269 3117 1337 τρόμου,
3167 1269 3296 1321 ὅταν
3347 1270 3410 1319 τὸ
3463 1267 3613 1320 καλόν
3654 1286 3725 1331 τις

2178 1363 2372 1425 ποιῶν,
2405 1360 2498 1414 καὶ
2524 1359 2683 1413 τοῦτο
2712 1361 2851 1429 μετά
2880 1361 3112 1431 τρόμου,
3140 1359 3615 1430 εὐπαρρησίαστον
3642 1360 3723 1431 ἔχη

2177 1455 2238 1507 τὸ
2263 1453 2520 1517 συνειδὸς.
2549 1451 2988 1522 Κατεργάζεσθε
3037 1451 3117 1519 δὲ,
3151 1447 3330 1516 εἶπεν,
3380 1451 3502 1518 οὐκ,
3560 1451 3726 1525 Ἐργά-

2179 1545 2337 1611 ζεσθε
2365 1562 2378 1578 ⁸
2403 1546 2668 1613 τουτέστι,
2703 1545 2839 1616 μετά
2895 1543 3104 1615 πολλῆς
3134 1544 3372 1616 σπουδῆς
3420 1546 3515 1600 καὶ
3555 1547 3722 1614 ἐπιμε-

2179 1639 2349 1701 λείας.

2261 1731 2313 1785 Ὀ
2350 1731 2493 1798 Θεὸς
2538 1732 2651 1800 γάρ
2683 1730 2857 1785 ἐστιν
2888 1733 2922 1785 ὁ
2961 1728 3225 1800 ἐνεργῶν
3260 1729 3329 1785 ἐν
3359 1729 3504 1800 ὑμῖν
3554 1739 3638 1782 και
3668 1742 3724 1782 το

2182 1823 2384 1879 θέλειν
2407 1823 2593 1878 καὶτὸ
2621 1823 2906 1894 ἐνεργεῖν.
2942 1823 3165 1894 Ἐπειδὴ
3195 1818 3318 1875 εἷπε
3339 1837 3353 1850 ·
3381 1821 3542 1876 Μετὰ
3561 1822 3726 1890 φόϐου

2178 1918 2276 1971 καὶ
2315 1917 2570 1988 τρόμουο
2611 1915 2707 1970 νῦν
2757 1932 2929 1986 φησι·
2983 1916 3075 1985 Μὴ
3111 1915 3384 1985 πτοηθῆτε
3437 1914 3524 1968 διὰ
3567 1913 3725 1966 τοῦτο.

2179 2011 2253 2064 Οὐ
2285 2010 2393 2081 γὰρ
2450 2009 2612 2065 τοῦτο
2661 2003 2838 2073 εἷπον,
2891 2009 2981 2062 ἵνα
3039 2005 3453 2078 ἀπαγορεύσῃς,
3512 2004 3619 2058 ἀλλ’
3650 2005 3726 2057 ἵνα

2177 2106 2475 2178 προσέχῃς.
2515 2103 2615 2156 ’Ἂν
2665 2103 2774 2173 γὰρ
2809 2102 3115 2175 προσέχῃς,
3176 2102 3205 2154 6
3257 2099 3392 2162 Θεὸς
3445 2098 3514 2152 τά
3567 2097 3725 2151 πάντα

2179 2196 2497 2266 ἐργάσεται.
2533 2193 2706 2257 A616;
2738 2193 2848 2265 γάρ
2875 2194 3024 2246 ἐστιν
3051 2195 3080 2246 6
3108 2191 3202 2245 καὶ
3231 2191 3543 2263 προθυμίαν
3573 2189 3726 2251 διδοὺς

2177 2289 2332 2356 ἡμῖν,
2362 2285 2503 2339 ὥστε
2536 2285 2712 2337 Θέλειν
2747 2284 2806 2336 16
2832 2282 3059 2351 ἀγαθὸν,
3102 2281 3196 2335 καὶ⁵
3239 2279 3338 2352 τὴν
3361 2279 3614 2350 ἐργασίαν
3637 2280 3726 2330 αὑ-

2177 2375 2273 2430 τοῦ
2302 2377 2382 2440 είς
2413 2375 2565 2439 τέλος
2590 2375 2760 2443 ἄγων.
2808 2373 3057 2442 Ἐνεργεϊ
3079 2371 3188 2442 γὰρ
3218 2372 3248 2424 6
3284 2370 3418 2434 Θεὸς
3451 2371 3508 2422 ὲν
3531 2371 3650 2439 ἡμῖν
3672 2366 3723 2420 τὸ

2178 2467 2354 2522 θέλειν
2387 2483 2402 2498 ο
2433 2465 2702 2531 τουτέστι,
2739 2466 2990 2536 συνεργεῖ
3017 2465 3150 2533 ἡμῖν
3193 2461 3332 2533 πρὸς
3378 2461 3440 2515 16
3470 2461 3633 2514 θέλειν
3662 2460 3718 2512 τὰ

2177 2561 2380 2631 ἀγαθὰ,
2414 2559 2508 2614 καὶ
2539 2560 2585 2592 ⁷⁸
2637 2557 2792 2624 αὔξει
2825 2559 2885 2612 16
2935 2556 3136 2626 ἀγαθὸν
3183 2556 3397 2626 θέλημα
3425 2555 3595 2624 ἡμῶν,
3644 2553 3721 2606 καὶ

2180 2650 2494 2706 συνεκκαίει
2533 2649 2676 2703 ὥστε
2717 2647 3054 2718 θερμότερον
3110 2645 3392 2714 γενέσθαι.
3444 2645 3550 2699 Καὶ
3576 2642 3720 2702 ἄλλως

2178 2743 2234 2797 δὲ
2257 2745 2324 2810 τ’,
2365 2741 2552 2812 ἐπειδὴ
2593 2740 2653 2794 τὸ
2687 2739 2838 2803 τέλος
2889 2739 3051 2802 αὐτὸς
3099 2735 3432 2806 ἐπιτίθησιν,
3471 2737 3518 2788 oi
3562 2735 3613 2788 δὲ
3645 2734 3723 2787 ἂν·

2179 2837 2412 2906 θρωποι,
2449 2833 2595 2905 ἅπερ
2638 2833 2704 2888 ἂν
2737 2831 2952 2903 δρῶμεν
2973 2829 3346 2901 τελειούμενα,
3381 2828 3517 2898 πρὸς
3567 2829 3719 2880 ἐκεῖνα

2178 2927 2272 2980 καὶ¹
2315 2926 2376 2979 16
2411 2925 2622 2996 θέλημα
2661 2923 2822 2994 ἡμῶν
2855 2923 3147 2992 τείνομεν·
3203 2920 3294 2973 διὰ
3340 2918 3501 2972 τοῦτο
3548 2919 3632 2970 καὶ
3670 2916 3718 2968 16

2179 3017 2353 3072 θέλειν
2380 3016 2723 3088 ἐνεργεῖσθαι
2751 3015 2857 3068 ὑπὸ
2908 3013 3044 3068 Θεοῦ
3081 3013 3251 3082 λέγει.
3289 3006 3417 3065 Οἴον
3449 3028 3464 3042 ·
3528 3009 3722 3078 Ἦθέλη-

2180 3107 2280 3170 σάς
2315 3123 2404 3172 τις
2451 3105 2697 3177 Ἐνήρξω
2737 3100 3186 3175 πράττειν’τοῦτο
3206 3118 3223 3132 ο
3266 3103 3363 3155 ἐὰν
3387 3101 3488 3172 μὲν
3515 3101 3571 3152 16
3595 3099 3723 3158 τέλος

2177 3179 2538 3268 ἐπακολουθῇ,
2570 3196 2745 3259 θέλεις
2769 3195 2932 3248 πλέον
2955 3194 3112 3247 τοῦτο
3138 3193 3198 3246 16
3230 3193 3395 3263 ἔργον
3425 3208 3441 3222 ·
3491 3193 3536 3246 εί
3563 3191 3603 3244 δ’
3649 3187 3720 3251 οὓ,

2180 3289 2470 3359 ἀποναρκᾷ
2505 3305 2587 3342 σοι
2611 3290 2644 3356 ἡ
2670 3287 2912 3356 θέλησις.
2939 3286 3048 3339 Τοῦ
3078 3285 3259 3338 τοίνυν
3277 3285 3471 3348 τέλους
3500 3282 3637 3352 παρὰ
3659 3281 3723 3350 τῷ

2178 3379 2299 3452 Θεῷ
2332 3380 2507 3444 ὄντος,
2542 3378 2637 3433 τοῦ
2692 3378 2788 3431 καὶ
2817 3376 2877 3432 16
2914 3376 3090 3430 θέλειν
3129 3375 3289 3448 ἡμῶν
3310 3377 3358 3409 ⁸ο
3407 3373 3722 3429 συνεκκαίον-

2179 3491 2300 3540 τος,
2358 3473 2582 3536 εἰκότως
2611 3471 2707 3525 καὶ
2740 3469 2896 3524 τοῦτό
2921 3486 3084 3540 φησιν
3132 3464 3274 3523 εἶναι
3308 3469 3460 3539 παρά
3491 3467 3564 3538 τῷ
3602 3465 3720 3536 Θεῷ.

2181 3567 2252 3620 Ἦ
2291 3566 2384 3619 καὶ
2407 3565 2513 3619 ἀπὸ
2536 3564 2739 3634 πολλῆς
2764 3562 3188 3633 εὐγνωμοσύνης
3209 3565 3237 3615 6
3269 3560 3481 3624 Παῦλος
3510 3559 3595 3613 καὶ
3613 3557 3721 3611 αὐτὸ

2178 3659 2239 3712 τὸ
2260 3657 2434 3711 θέλειν
2460 3658 2523 3709 ὲκ
2542 3655 2638 3709 τοῦ
2665 3655 2802 3708 Θεοῦ
2825 3656 2959 3726 ἡμῖν
2989 3651 3332 3724 ἐνεργεῖσθαι
3347 3653 3498 3721 λέγει
3518 3667 3533 3682 ο
3559 3649 3718 3716 ὥσπερ

2177 3748 2274 3802 καὶ
2305 3745 2373 3800 τὰ
2392 3744 2815 3818 κατορθώματα,
2845 3743 3162 3816 χαρίσματα
3205 3741 3364 3796 καλεί
3383 3757 3397 3771 ·
3429 3740 3492 3794 οὐ
3529 3739 3586 3792 16
3611 3737 3717 3790 αὖτ-

2183 3840 2424 3906 εξούσιον
2479 3838 2743 3910 ἀναιρῶν,
2778 3837 2916 3892 ἀλλά
2964 3836 3291 3907 βουλόμενος
3341 3835 3488 3903 ἡμᾶς
3531 3833 3611 3884 ἀεὶ
3648 3826 3718 3880 εὕ-

2175 3935 2475 4004 χαριστεῖν,
2518 3931 2616 3985 καὶ
2645 3931 2826 3985 πάντα
2857 3929 3170 3983 ἀνατιθέναι
3204 3926 3284 3996 τῷ
3323 3923 3464 3996 Θεῷ.
3505 3923 3634 3993 Ὅρα
3672 3917 3716 3971 δι

2177 4028 2272 4081 καὶ⁵
2303 4025 2403 4096 τὴν
2441 4025 2586 4090 λέξιν
2618 4040 2634 4056 ο
2688 4024 2794 4078 Ἐν
2823 4021 2968 4092 ὑμῖν
2986 4021 3057 4089 ⁸⁸,
3088 4017 3230 4081 εἶπε,
3262 4021 3375 4082 τοῖς
3413 4014 3550 4087 μετά
3578 4009 3715 4081 φόὸου

2176 4119 2270 4173 καὶ
2291 4118 2495 4190 τρόμου
2531 4117 2630 4188 τὴν
2662 4116 2940 4186 σωτηρίαν
2966 4111 3467 4184 κατεργαζομένοις
3491 4124 3508 4144 ·
3534 4109 3588 4161 ἐν
3625 4103 3713 4172 γὰρ

2175 4213 2289 4274 τοῖς
2318 4209 2580 4273 τοιούτοις
2611 4209 2873 4279 ἐνεργεῖὸ
2907 4207 3040 4271 Θεὸς
3074 4208 3142 4260 τὰ
3175 4205 3375 4259 πάντα.

2269 4301 2448 4370 ’Υπὲρ
2470 4301 2580 4369 τῆς
2601 4299 2902 4365 εὐδοκίας.
2929 4298 3239 4360 Τουτέστιν,
3277 4295 3453 4364 ’Υπὲρ
3479 4292 3568 4346 τοῦ
3601 4291 3714 4357 πλη·

2179 4391 2420 4465 ρωθῆναι
2445 4394 2524 4454 εἰς
2542 4391 2686 4462 ὑμᾶς
2700 4389 2813 4460 -τὴν
2841 4388 3087 4442 εὐδςικίαν
3109 4388 3204 4441 καὶ
3224 4387 3284 4441 16
3306 4385 3511 4455 ἀγαθὸν
3538 4382 3713 4449 θέλημα

2175 4482 2364 4550 αὐτοῦ,
2401 4483 2490 4536 ἵνα
2523 4480 2666 4536 οὓτω
2711 4480 2892 4553 ζῶμεν
2942 4480 3018 4544 ὡς
3064 4480 3229 4544 αὐτὸς
3263 4478 3531 4551 βούλεται.
3583 4472 3715 4524 Ὥστε

497 4576 718 4627 οιιιιιίιιο
768 4573 913 4627 enim
958 4572 1337 4641 cooperabitur
1387 4570 1538 4625 vobis
1600 4570 1760 4636 Deus,
1811 4581 1867 4626 ut
1921 4579 2068 4626 recte

2177 4576 2268 4631 ttat
2304 4577 2368 4629 ὲκ
2397 4573 2590 4627 τούτου
2645 4572 2900 4644 θαρσεῖτε
2928 4589 2943 4605 ·
2993 4574 3214 4635 πάντως
3260 4571 3376 4640 γὰρ
3423 4564 3712 4655 συνεργήσει

486 4665 710 4730 nivalis,
740 4663 784 4718 si
815 4671 1174 4734 oonprOpter
1205 4661 1348 4716 aliud
1371 4661 1688 4730 quidquam,
1728 4661 1846 4732 ejus
1891 4670 2068 4716 tamen

2179 4669 2307 4738 ὑμῖν
2335 4666 2362 4718 δ
2395 4665 2530 4728 Θεὸς
2581 4663 2719 4736 πρὸς
2766 4663 2827 4716 16
2863 4661 3040 4732 ὀρθῶς
3071 4659 3194 4732 ζῇν,
3228 4660 3280 4712 ει
3324 4657 3423 4713 καὶ
3456 4655 3531 4728 μὴ
3555 4653 3615 4710 δι’
3637 4652 3712 4708 ἄλο

498 4759 572 4812 rei
601 4757 792 4826 gratia,
828 4756 952 4824 quia
988 4756 1088 4808 hoc
1112 4754 1209 4824 ipsi
1240 4764 1452 4824 gratum
1487 4763 1592 4808 est.

566 4848 730 4903 ~Vens.
757 4846 843 4901 M.
874 4845 937 4898 Et
963 4847 1139 4900 omnia
1168 4845 1326 4914 facite
1368 4846 1482 4900 sine
1548 4843 2068 4899 murmurationibus

491 4950 540 4995 et
579 4938 1022 4994 Ιιιειὶιαιὶοηὶὺιιδ.
1084 4936 1363 5002 Diabolus,
1403 4952 1523 4991 cum
1553 4937 1784 5006 aliquem
1837 4937 1906 4992 ab
1964 4937 2065 4992 ho-

489 5042 651 5086 nesto
678 5045 903 5100 prorsus
933 5042 1164 5083 avocare
1218 5027 1427 5097 nequit,
1478 5027 1560 5082 vel
1596 5027 1966 5096 arrogantiam
2019 5026 2068 5081 ei

492 5124 720 5187 inducit,
750 5121 832 5176 vel
859 5136 1051 5175 vanam
1075 5119 1329 5190 gloriam,
1375 5119 1480 5184 vel,
1509 5121 1552 5173 si
1590 5121 1703 5175 haec
1735 5134 1840 5175 non
1873 5120 2066 5190 possit,

495 5214 1002 5276 murmurationem,
1041 5221 1134 5267 aut
1186 5211 1581 5266 dubitationem
1617 5221 1670 5267 et
1719 5211 2070 5266 incredulita-

493 5316 626 5360 tem.
659 5303 838 5376 [.Quia
906 5303 1072 5374 igitur
1140 5304 1194 5356 in
1246 5301 1633 5357 tentatiooibus
1683 5304 2064 5373 continuisque

467 5379 748 5463 periculis
807 5393 1047 5459 fuerunt,
1095 5405 1189 5460 per
1229 5390 1345 5445 haec
1401 5400 1581 5443 autem
1613 5390 1754 5443 haud
1793 5391 1948 5460 pauci
1995 5391 2062 5444 ad

488 5498 773 5538 murmura
835 5493 890 5539 et
941 5483 1370 5538 maledicentiam
1417 5479 1888 5550 prolabebantur:
1937 5480 2064 5535 Sine

564 5624 594 5666 ιι
633 5624 781 5681 Psal.
809 5641 871 5694 tt,
908 5626 995 5680 lt.

2177 4757 2241 4810 λο
2267 4773 2342 4822 τι,
2374 4754 2509 4809 διότι
2533 4753 2664 4823 γοῦν
2692 4752 2856 4815 αὐτὸς
2885 4751 3232 4821 ἀποδέχεται.

2248 4846 2359 4903 Καὶ
2388 4845 2588 4900 πάντα
2618 4845 2843 4898 ποιεῖτε
2877 4844 3053 4912 χωρίς
3093 4837 3456 4912 γογγυσμῶν
3493 4833 3708 4892 παιδια-

2176 4935 2506 5007 λογισμῶν.
2546 4936 2605 4989 '0
2634 4935 2904 4999 διάϐολος,
2929 4933 3150 4989 ἐπειδὰν
3177 4932 3239 4985 οὒ
3265 4930 3466 5002 δυνηθῇ
3497 4922 3708 4986 καθάπαξ

2174 5029 2284 5083 ἀπὸ
2311 5027 2404 5090 τοῦ
2433 5027 2600 5082 καλοῦ
2641 5026 2886 5081 κωλῦσαί
2909 5043 3056 5089 τινα,
3083 5024 3117 5095 ἢ
3145 5024 3408 5079 ἀπόνοιαν
3459 5019 3598 5089 αὐτῷ
3627 5018 3708 5068 εἱσ-

2181 5117 2420 5184 ηγεῖται,
2449 5114 2482 5185 ἢ
2517 5112 2824 5180 κενοδοξίαν
2847 5125 2863 5142 '
2897 5111 2932 5181 ἢ
2983 5111 3034 5164 εί
3078 5108 3155 5180 μὴ
3187 5106 3381 5170 ταῦτα,
3416 5100 3706 5174 γογγυσμδν,

2171 5207 2204 5279 ἢ
2239 5204 2575 5277 ἀμφιϐολίαν
2643 5205 2737 5258 καὶ⁵
2774 5200 3056 5256 ἀπιστίαν.
3118 5198 3272 5252 Ἐπεὶ
3323 5193 3418 5250 οὖν
3451 5197 3506 5248 ὲν
3540 5204 3703 5279 eratpa-

2174 5278 2331 5370 σμοῖς
2358 5300 2459 5354 καὶ
2487 5297 2757 5360 κινδύνοις
2790 5294 3077 5364 συνεχέσιν
3117 5286 3280 5361 ἦσαν,
3323 5291 3387 5339 ἐκ
3439 5284 3627 5337 τούτων
3663 5278 3704 5331 δὲ

2172 5392 2361 5445 πολλοὶ
2395 5393 2475 5454 είς
2509 5390 2828 5460 γογγυσμὸν
2853 5383 3343 5458 ὲκτραχηλίξονται
3365 5379 3458 5431 καὶ
3495 5375 3704 5446 βλασφη-

2175 5484 2326 5551 μίας,
2383 5481 2571 5550 Χωρίς
2615 5477 2998 5552 γογγυσμῶν,
3059 5472 3217 5547 φησι,
3255 5469 3449 5526 πάντα
3495 5463 3698 5521 ποιεῖτε.

1846 5743 2052 5809 Variae
2091 5744 2422 5808 lectiones.

559 5853 604 5886 ³⁷
627 5853 706 5907 ένι
734 5866 788 5907 ο.
862 5852 906 5884 ’³
934 5850 1100 5918 ἤγουν
1124 5867 1178 5907 ο.
1252 5850 1295 5882 ⁷⁸
1331 5849 1438 5917 γὰρ
1469 5865 1522 5904 o.
1591 5850 1636 5882 ⁸ο
1667 5849 1800 5916 ἡμῖν
1823 5866 1890 5916 0.,
1950 5850 1992 5882 ⁶¹
2027 5851 2156 5921 ἡμῖν
2181 5865 2233 5905 ο.
