3932 6604
260 380 411 446 1169

1007 387 1413 450 EXPOSITIO
1452 387 1534 452 IN
1575 390 1812 452 EPIST.
1855 391 1956 452 AD
1990 393 2323 462 PHILIPP.
2351 400 2590 463 —CAP'.
2635 401 2717 463 II.

3383 400 3519 466 1170

269 493 334 550 Ὁ
378 496 486 568 γὰρ
509 497 822 568 γογγύζων,
865 498 1160 572 ἀχάριστος
1195 505 1292 559 καὶ
1323 503 1628 576 δύσφημος.
1657 507 1845 561 Διαλο-

1965 512 2481 581 murmurationibus,
2532 515 2732 586 inquit,
2791 515 2969 570 omnia
3005 515 3180 586 facile.
3232 515 3332 583 Qui
3375 516 3520 571 enim

255 589 501 659 γισμοὺς
547 589 626 653 δὲ,
657 590 758 661 τὴν
807 591 1087 663 διὰκρισίν
1119 612 1252 664 φησι
1279 597 1373 650 καὶ
1407 597 1498 652 τὸν
1522 597 1840 667 δισταγμόν.

257 676 427 736 Οἷον·
464 683 634 736 Ὅταν
682 683 908 756 ἐντολῆς
947 689 1317 759 προκειμένης
1352 687 1486 761 λέγῃ
1519 707 1603 754 τις
1631 706 1644 720 °
1678 688 1844 763 Ἀρα,

257 773 360 826 ἐὰν
383 773 504 828 τόδε
539 774 775 844 ποιήσω,
802 776 909 841 ἔξω
936 777 1128 849 μισθόν
1160 797 1174 844 ;
1203 776 1314 848 ἆρα
1357 779 1517 834 καλόν
1548 781 1730 845 ὲστιν;
1769 781 1844 835 Ub

258 865 348 922 δεῖ
369 867 480 939 γὰρ
503 869 560 920 ἐν
588 870 701 933 τοῖς
739 869 1006 935 τοιούτοις
1022 870 1320 938 διστάζειν,
1353 873 1489 928 ἀλλὰ
1507 875 1848 940 πεποιθότως

260 960 447 1102 πῗιεῑν
476 975 492 991 ο
531 959 638 1016 κᾶν
682 961 843 1028 πόνος
876 959 936 1037 ᾖ,
997 962 1100 1020 κᾶν
1147 965 1417 1037 κάματος,
1459 967 1624 1038 μηδὲν
1665 967 1847 1037 διαλο-

260 1067 294 1102 γ
321 1050 538 1102 teneas.

257 1050 538 1120 γίξεσθαι.

336 1228 475 1284 Ἵνα
512 1227 771 1298 γένησθε
820 1229 1110 1302 ἄμεμπτοι
1163 1234 1260 1288 καὶ
1325 1235 1608 1306 ἀκέραιοι.
1678 1240 1846 1293 Τουτ-

257 1321 437 1388 έστιν,
472 1322 830 1393 ἀνεπίληπτοι
851 1325 945 1378 καὶ
970 1325 1186 1380 ἄσπιλοι
1210 1343 1226 1359 ο
1257 1328 1317 1380 ού
1356 1328 1462 1400 γὰρ
1488 1331 1662 1403 μικρὰ
1686 1331 1844 1401 κηλὶς

255 1416 285 1467 ὁ
315 1417 655 1488 γογγυσμός.
691 1418 805 1470 Ούκ
836 1413 958 1472 εἷπε
991 1419 1068 1481 δὲ,
1116 1417 1308 1490 ὥσπερ
1333 1421 1392 1475 ὲν
1447 1425 1513 1494 τῇ
1550 1423 1688 1494 πρὸς
1725 1425 1832 1478 Κο-

261 1505 527 1576 ρινθίους,
567 1508 650 1561 ὅτι
676 1508 901 1574 κόλασις
933 1510 1226 1566 ἀπόκειται
1256 1511 1336 1583 τῷ
1365 1514 1690 1586 γογγυσμῷ,
1712 1515 1845 1571 διότι

254 1597 336 1662 ὡς
364 1597 676 1673 ἐλευθέροις
717 1601 934 1667 τούτοις
967 1603 1302 1674 διαλέγεται.
1341 1605 1544 1661 Ἀκουε
1595 1609 1704 1681 γὰρ
1751 1610 1847 1666 καὶ

254 1689 372 1746 τῶν
394 1691 526 1762 ἑξῆς
546 1708 562 1724 ⁸

339 1784 530 1840 Τέκνα
557 1786 707 1841 Θεοῦ
732 1786 1043 1858 ἀμώμητα.
1096 1789 1263 1846 Ὥστε
1294 1791 1498 1848 δούλων
1541 1796 1636 1849 καὶ
1666 1796 1848 1866 ἀγνωι·

259 1871 450 1942 μόνων
500 1873 564 1927 τδ
613 1875 930 1944 γογγύζειν.
982 1878 1143 1943 Ποίος
1186 1880 1296 1952 γὰρ
1329 1881 1444 1946 υίὸς
1479 1883 1538 1937 ὲν
1593 1865 1724 1949 τοῖς
1751 1886 1845 1941 τοῦ
1879 1865 1922 1922 Β

257 1965 474 2036 πατρὸς
504 1965 728 2039 [πονῶν]
763 1970 858 2022 καὶ
885 1969 1064 2042 ἐαυτῷ
1093 1972 1341 2043 κάμνων,
1378 1974 1666 2046 γογγύζει;

348 2056 456 2112 Ἐν
479 2057 651 2129 μέσῳ
674 2059 884 2130 γενεᾶς
923 2065 1182 2131 σκολιᾶς
1213 2066 1313 2121 καὶ
1350 2067 1842 2142 διεστραμμένης.

257 2142 423 2214 Οἶδα,
464 2149 653 2219 φησὶν,
685 2151 768 2204 ὅτι
802 2151 991 2207 πολλοὶ
1021 2155 1072 2208 οἱ
1094 2155 1485 2228 πολεμοῦντες,
1536 2162 1632 2216 καὶ
1658 2165 1740 2228 εἰς
1784 2164 1847 2218 τὸ

257 2238 562 2309 γογγύζειν
590 2243 734 2312 ὑμᾶς
761 2243 1146 2318 ἐκϐιαζόμενοι
1179 2265 1194 2282 ·
1226 2249 1365 2305 ἀλλὰ
1412 2251 1572 2309 τοῦτο
1603 2253 1844 2326 μάλιστα

256 2332 578 2400 ἐπαινετὸν,
605 2335 732 2389 ὅταν
749 2353 833 2401 τις
859 2339 956 2391 καὶ
975 2341 1469 2416 παρακνιζόμενος,
1491 2346 1647 2402 οὐδὲν
1668 2350 1848 2404 τοιοῦ-

257 2439 362 2477 τον
390 2425 598 2500 πάσχῃ.

337 2513 441 2571 Ἐν
461 2516 553 2585 οἷς
561 2521 853 2589 φαίνεσθε
873 2523 954 2591 ὡς
969 2524 1285 2598 φωστῆρες
1315 2529 1385 2586 ἐν
1403 2533 1630 2603 κόσμῳ,
1660 2539 1849 2608 λόγον

261 2608 425 2679 ζωῆς
451 2612 720 2682 ἔχοντες.
756 2616 970 2692 Ὠσπερ
1002 2620 1053 2673 oi
1087 2623 1381 2695 φωστῆρες
1404 2627 1463 2680 έν
1492 2628 1678 2684 σκότει
1705 2630 1846 2704 λάμ-

260 2722 486 2773 πουσιν,
503 2705 644 2760 οὕτω
672 2709 768 2764 καὶ
793 2709 952 2780 ὑμεῖς
979 2712 1037 2765 ὲν
1069 2713 1221 2787 μέσῳ
1243 2715 1352 2770 τῶν
1378 2717 1634 2788 σκολιῶν,
1671 2723 1850 2789 εύθείς

258 2795 445 2862 ὄντες,
491 2799 693 2869 μᾶλλον
743 2801 1098 2874 ἀπολάμπειν
1169 2807 1531 2864 σπουδάσατε.
1582 2813 1656 2866 Τὸ
1714 2814 1848 2886 γὰρ,

260 2887 586 2954 Φαίνεσθε,
614 2892 1020 2960 προστακτικὸν
1051 2891 1200 2946 δοκεῖ
1223 2912 1334 2965 μοι.
1362 2897 1558 2965 Λόγον
1589 2898 1646 2952 δὲ
1700 2898 1849 2970 ζωῆς

260 2979 519 3047 ἔχοντες
536 2980 608 3045 θ’,
627 2980 771 3035 τοῦτ’
797 2981 935 3048 ἔστι,
960 2984 1189 3056 Σπέρμα
1220 2986 1370 3056 ζωῆς
1399 2989 1458 3042 ἐν
1485 2990 1613 3060 ὑμῖν
1647 2991 1833 3057 αὐτοῖς

261 3069 508 3139 ἔχοντες,
533 3073 628 3125 καὶ¹
663 3071 952 3142 μέλλοντες
1014 3074 1302 3146 ζήσεσθαι,
1335 3077 1428 3131 καί.
1458 3078 1708 3135 ἐντεῦθεν
1743 3081 1844 3153 ῆδη

260 3162 568 3234 ἀρραϐῶνα
592 3163 692 3235 τῆς
726 3165 1002 3234 σωτηρίας
1031 3165 1311 3232 λαϐόντες.
1377 3169 1470 3238 Ἦ,
1505 3170 1588 3225 ὃτι
1633 3172 1844 3248 Ὠσπερ

263 3254 318 3307 oi
350 3253 640 3326 φωστῆρες
670 3256 769 3310 καὶ
794 3256 1092 3325 φωτίζουσι
1134 3261 1231 3315 καὶ⁴
1267 3260 1578 3326 ἀναζωοῢσι
1605 3265 1676 3319 τὰ
1737 3265 1841 3321 σώ-

268 3359 422 3411 ματα
453 3346 520 3415 τῇ
553 3344 832 3416 saxeas",
861 3346 1005 3402 οὕτω
1039 3351 1134 3404 καὶ
1168 3351 1329 3422 ὑμεῖς
1378 3355 1655 3411 σπεύσατε
1703 3354 1846 3416 εἶναι

264 3431 480 3506 ζωτικη
504 3436 622 3502 τοῖς
653 3437 836 3502 ἄλλοις
868 3439 1177 3512 ἀνθρώποις
1205 3441 1453 3517 δύναμις.

340 3523 447 3590 Είς
470 3527 754 3598 καύχημα
765 3529 896 3600 ἐμοὶ
917 3533 1004 3598 είς
1021 3532 1250 3602 ἡμέραν
1263 3539 1545 3606 Χριστοῦ.
1573 3543 1844 3616 Τοσαύτη,

265 3616 457 3686 φησιν,
492 3619 525 3690 ἠ
559 3619 801 3691 ὑμετέρα
830 3623 1002 3696 ἀρετὴ
1038 3625 1361 3692 ἔστω,ὦστε
1396 3632 1471 3703 μὴ
1505 3634 1669 3704 μόνον
1700 3637 1844 3708 ὑμᾶς

263 3712 348 3771 εἰς
373 3709 470 3782 τὴν
492 3713 637 3786 ζωὴν
667 3714 842 3783 ἄγειν,
866 3717 1002 3771 ἀλλὰ
1018 3719 1115 3774 καὶ
1141 3720 1241 3790 ἐμὲ
1262 3721 1648 3796 λαμπρότερον
1667 3731 1843 3784 ποιεῖν

265 3800 327 3854 ἐν
351 3804 418 3872 τῇ
451 3805 727 3878 παρουσίᾳ
757 3807 852 3862 τοῦ
886 3809 1149 3880 Χριστοῦ.

366 3891 498 3948 Ὅτι
524 3899 636 3950 οὐκ
687 3901 774 3966 εις
811 3901 993 3956 κενὸν
1028 3901 1310 3974 ἔδραμον,
1347 3907 1491 3964 οὐδὲ
1547 3914 1636 3979 εις
1664 3914 1848 3972 κενὸν

263 3984 588 4079 έκοπίασα.
625 3991 795 4045 Τοῦτό
830 4011 922 4064 μοι
946 3995 1230 4068 καύχημα,
1273 4000 1356 4054 ὅτι
1395 4004 1672 4072 τοιούτους
1701 4010 1844 4079 ὑμᾶς

264 4076 592 4150 ἐπαίδευσα,
627 4085 721 4138 καὶ
764 4085 824 4138 ού
863 4088 1022 4152 κενός
1080 4089 1247 4159 μουδδ
1292 4093 1321 4146 ὁ
1355 4094 1442 4164 ἐφ’
1498 4098 1630 4167 ὑμῖν
1677 4076 1846 4168 κόπος

264 4171 515 4240 γέγονεν.

343 4263 512 4318 Ἀλλ’
541 4269 593 4321 εί
636 4269 734 4323 καί
771 4271 1108 4345 σπένδομαι
1145 4279 1245 4332 ἐπὶ
1274 4279 1350 4350 τῇ
1370 4283 1551 4352 θυσίᾳ
1603 4287 1702 4340 καὶ
1730 4290 1848 4342 λει-

266 4354 654 4453 τορργίᾳ-ττξς
680 4360 943 4429 πίστεως
963 4365 1156 4435 ὗμῶν,
1197 4370 1380 4439 χαίρω
1405 4373 1505 4428 καὶ
1533 4377 1841 4446 συγχαίρω

264 4449 461 4542 πᾶσιΪ
514 4449 674 4519 ὑμῖν.
711 4454 772 4506 Et
814 4456 906 4509 καὶ
951 4458 1214 4527 τελευτῶ,
1287 4464 1452 4534 φησί·
1512 4465 1670 4522 τοῦτο
1735 4469 1845 4542 γὰρ

1951 611 2278 672 murmurat,
2310 606 2552 678 ingratus
2580 616 2634 662 et
2668 605 2962 664 maledicus
2993 617 3096 664 est.
3134 605 3520 664 Haesitationes

1948 703 2151 763 autem,
2185 696 2626 768 dijudicationem
2657 700 2787 756 dicit
2807 715 2872 755 ac
2897 700 3287 757 dubitationem
3323 702 3522 760 :veluti

1948 788 1996 844 si
2050 790 2304 847 mandato
2353 792 2630 864 proposito
2657 794 2823 861 ,dicat
2871 795 3066 866 aliquis
3099 812 3112 850 :
3152 794 3292 851 Num
3329 795 3386 850 si-
3420 795 3522 850 hoc

1946 879 2150 949 fecero,
2205 883 2420 940 habebo
2465 887 2807 943 mercedem?
2837 886 3108 958 Numquid
3153 889 3259 944 hoc
3317 888 3518 944 bonum

1947 968 2140 1026 estlln
2172 971 2371 1028 talibus
2405 974 2550 1030 enim
2587 990 2695 1031 non
2727 985 2811 1032 est
2840 976 3223 1042 dubitandum,
3257 976 3352 1032 sed
3385 991 3520 1032 con-

1948 1061 2177 1118 ﬁdenter
2203 1063 2496 1134 agendum,
2526 1080 2591 1121 ac
2613 1067 2728 1124 sive
2750 1068 2821 1124 sit
2848 1068 3021 1135 labor,
3051 1067 3164 1125 sive
3185 1066 3520 1140 defetigatio,

1948 1153 2080 1209 nihil
2121 1164 2206 1209 est
2229 1153 2664 1227 disceptandum.

2025 1243 2180 1300 Vens.
2210 1245 2298 1302 15.
2328 1245 2398 1301 Ut
2447 1248 2562 1303 sitis
2594 1250 2708 1304 sine
2759 1248 2970 1319 querela
2996 1259 3044 1304 et
3091 1248 3374 1317 simplices.
3409 1249 3525 1306 Hoc

1949 1346 2053 1404 est,
2111 1339 2624 1410 irreprehensibiles
2669 1351 2725 1397 et
2773 1341 3104 1398 immaculati
3132 1361 3147 1410 ;
3175 1344 3315 1398 haud
3357 1359 3523 1414 parva

1947 1427 2090 1482 enim
2124 1428 2331 1484 macula
2363 1441 2446 1486 est
2483 1432 2936 1488 obmurmuratio.
2977 1430 3095 1488 Non
3146 1433 3283 1488 dixit
3321 1442 3522 1500 autem,

1951 1528 2008 1574 ut
2042 1519 2096 1575 in
2126 1519 2291 1593 442
2317 1519 2559 1591 Epistola
2591 1522 2659 1578 ad
2696 1521 3030 1590 Corinthios,
3069 1539 3283 1593 pcenam
3313 1524 3524 1592 reposi-

1952 1621 2060 1668 tam
2111 1628 2231 1669 esse
2259 1615 2549 1682 murmuri,
2598 1630 2664 1671 eo
2702 1615 2846 1686 quod
2869 1615 3020 1672 hisce
3054 1626 3309 1687 tanquam
3341 1615 3526 1671 liberis

1949 1707 2224 1778 loquatur.
2257 1709 2392 1764 Audi
2434 1709 2578 1764 enim
2603 1709 2906 1780 sequentia.

2023 1797 2156 1855 Filii
2188 1801 2288 1856 Dei
2314 1801 2427 1856 sine
2458 1801 2876 1869 reprehensione.
2918 1802 3211 1857 Serrorum
3242 1800 3428 1871 itaque
3471 1810 3528 1854 et

1951 1893 2288 1966 ingratorum
2321 1906 2405 1950 est
2437 1911 2802 1950 murmurare.
2855 1893 3042 1962 Qualis
3081 1895 3227 1949 enim
3279 1894 3422 1949 illius
3468 1895 3524 1948 in

1949 1985 2181 2054 negotiis
2206 1985 2449 2053 paternis
2483 1985 2695 2055 sibique
2719 1986 2833 2056 ipse
2880 1983 3136 2039 lahorans
3187 1985 3529 2039 murmurat?

2005 2077 2074 2133 In
2103 2079 2274 2133 medio
2296 2078 2528 2133 nationis
2557 2094 2732 2148 prava
2761 2087 2808 2133 et
2841 2092 3115 2148 perversae.
3146 2075 3304 2143 Novi,
3331 2075 3526 2146 inquit,

1950 2169 2147 2227 multos
2175 2185 2299 2226 esse
2333 2163 2430 2242 iqui
2480 2171 2680 2227 bellum
2713 2179 2904 2241 gerant
2945 2170 3233 2225 adversum
3279 2183 3395 2234 vos,
3431 2184 3528 2223 co-

1949 2270 2140 2332 gentes
2171 2261 2248 2316 ita
2276 2275 2373 2316 vos
2409 2255 2785 2328 murmurare;
2810 2273 2998 2315 verum
3043 2257 3382 2328 potissimum
3425 2259 3529 2313 hoc

1948 2361 2032 2412 est
2056 2352 2406 2418 laudandum,
2433 2352 2478 2408 si
2501 2351 2625 2424 quis
2652 2351 2895 2407 irritatus
2921 2351 2995 2406 nil
3027 2351 3130 2408 tale
3163 2351 3346 2406 faciat.

2025 2527 2190 2586 Vens.
2227 2529 2316 2598 15,
2345 2529 2433 2586 16.
2469 2528 2536 2584 In
2564 2529 2750 2600 quibus
2781 2528 2944 2583 lucete
2974 2534 3110 2582 sicut
3141 2527 3426 2581 luminaria
3473 2527 3530 2580 in

1949 2623 2166 2688 mundo,
2216 2624 2337 2678 vitae
2369 2620 2578 2678 verbum
2611 2622 2878 2677 habentes.
2935 2619 3112 2690 Eque
3147 2633 3210 2674 ac
3241 2618 3528 2674 luminaria

1951 2713 2005 2770 in
2039 2715 2281 2771 tenebris
2313 2714 2513 2780 lucent,
2549 2714 2694 2770 hunc
2724 2714 2788 2768 ad
2821 2713 3035 2768 modum
3060 2720 3115 2767 et
3147 2727 3245 2768 vos
3270 2711 3322 2766 in
3354 2711 3530 2766 medio

1949 2822 2353 2878 perversorum,
2373 2808 2505 2862 recti
2531 2805 2996 2876 cumlsitis,’magis
3018 2803 3276 2874 effulgere
3300 2803 3528 2858 studete.

1951 2897 2066 2956 Hoc
2099 2900 2243 2955 enim
2275 2899 2418 2968 quod
2447 2899 2544 2965 ait,
2570 2896 2788 2964 Lucete,
2824 2897 3206 2967 imperativum
3241 2909 3362 2950 esse
3399 2893 3530 2948 mihi

1951 2993 2184 3048 videtur.
2210 2990 2298 3056 Et,
2335 2988 2561 3046 Verbum
2590 2991 2706 3046 vita:
2732 2990 3000 3056 habentes,
3052 2988 3154 3043 hoc
3194 2997 3304 3056 est,
3331 2986 3530 3040 Semen

1949 3085 2076 3141 vitae
2106 3085 2160 3139 in
2191 3084 2344 3140 vobis
2374 3085 2505 3153 ipsis
2551 3083 2833 3148 habentes,
2861 3092 2917 3138 et
2957 3080 3150 3136 victuri
3200 3079 3443 3148 posthac,
3476 3087 3532 3132 et

1952 3178 2312 3234 arrhabonem
2387 3176 2578 3232 salutis
2617 3175 2731 3245 jam
2790 3190 2934 3230 nunc
2983 3173 3332 3244 accipientes.
3391 3170 3526 3226 Vel:

1955 3267 2420 3337 Quemadmodum
2443 3265 2728 3321 luminaria
2757 3274 2813 3322 et
2836 3264 3038 3328 lucent,
3066 3274 3121 3320 et
3136 3277 3361 3333 corpora
3381 3259 3531 3315 refo-

1953 3360 2238 3418 cillatione
2259 3358 2570 3414 viviﬁcant:
2599 3359 2680 3414 sic
2707 3365 2761 3414 et
2784 3373 2876 3414 vos
2896 3355 3169 3413 conamini
3206 3368 3326 3411 esse
3342 3352 3520 3408 vitalis

1954 3453 2074 3511 aliis
2104 3453 2412 3510 hominibus
2443 3453 2706 3525 potentia.

2024 3551 2105 3605 Ad
2127 3549 2493 3622 gloriationem
2529 3548 2656 3604 mihi
2675 3549 2730 3603 in
2755 3546 2841 3602 die
2867 3545 3082 3603 Christi.
3115 3541 3307 3609 Tanta,
3335 3540 3530 3611 inquit,

1953 3650 2136 3699 vestra
2169 3643 2339 3698 virtus
2363 3643 2454 3706 sit,
2487 3650 2546 3696 ut
2572 3655 2678 3696 non
2711 3640 2882 3695 solum
2919 3653 3012 3694 vos
3047 3638 3114 3694 ad
3143 3637 3306 3692 vitam
3341 3634 3528 3699 dttcat,

1954 3750 2140 3790 verum
2182 3735 2344 3789 etiam
2411 3748 2497 3790 me
2545 3731 2918 3804 fulgentiorem
2988 3730 3152 3785 faciat
3175 3729 3228 3783 in
3297 3727 3533 3783 adventu

1951 3827 2174 3886 Christi.

2026 3923 2291 3990 Quoniam
2330 3938 2433 3977 non
2470 3921 2525 3976 in
2552 3935 2748 3975 vanum
2779 3918 3009 3984 cucurri,
3047 3931 3212 3988 neque
3249 3915 3304 3969 in
3339 3928 3534 3968 vanum

1954 4018 2225 4073 laboravi.
2271 4014 2397 4072 Haec
2433 4029 2554 4070 mea
2609 4013 2859 4086 gloriatio
2895 4021 3003 4084 est,
3057 4011 3200 4082 quod
3253 4009 3387 4065 tales
3437 4022 3533 4062 vos

1954 4108 2182 4178 institui,
2215 4123 2314 4165 nec
2354 4107 2532 4164 inanis
2565 4105 2698 4162 mihi
2728 4106 2885 4164 labor
2905 4105 3047 4176 apud
3078 4119 3172 4160 vos
3205 4101 3388 4159 fuerit.

2025 4288 2189 4343 Vens.
2269 4287 2360 4342 17.
2417 4285 2521 4342 Sed
2595 4284 2692 4340 etsi
2746 4281 2998 4338 immolor
3037 4294 3196 4349 super
3248 4276 3422 4330 hostia
3482 4283 3533 4329 et

1952 4381 2216 4450 sacriﬁcio
2243 4378 2368 4447 ﬁdei
2398 4388 2604 4440 vestrae,
2651 4374 2876 4446 gaudeo,
2902 4383 2949 4427 et
2976 4369 3319 4441 congratulor
3357 4369 3532 4421 omni-

1953 4474 2046 4528 bus
2076 4474 2235 4528 vobis.
2284 4470 2396 4525 Etsi
2450 4469 2676 4535 morior,
2707 4465 2883 4535 inquit
2916 4463 3058 4518 :hoc
3090 4462 3234 4518 enim
3285 4457 3532 4514 immola-

270 4537 508 4638 σπονδὴν
538 4543 713 4638 καλεῖ,
741 4545 840 4616 τὴν
879 4547 1160 4621 τελευτήν.
1189 4554 1531 4626 Σπένδομαι
1559 4557 1617 4612 δὲ
1641 4537 1845 4630 exitii

1965 4567 2156 4621 Lionem
2207 4572 2382 4626 vocat,
2416 4568 2642 4615 mortem
2721 4556 2978 4613 nimirum
3023 4555 3216 4622 ipsam.
3271 4549 3530 4605 Immolor

267 4629 452 4720 θυσίᾳ
480 4631 578 4685 καί
609 4636 950 4708 λειτουργίᾳ
998 4642 1111 4712 τῆς
1139 4647 1398 4715 πίστεως
1439 4649 1607 4720 ὑμῶν
1627 4667 1644 4683 ⁸
1685 4629 1849 4708 τουτ-

267 4719 404 4815 έστι,
449 4723 731 4815 -Πρότερον
797 4729 943 4800 ὑμᾶς
995 4733 1164 4800 θύσας
1187 4737 1257 4803 ⁸⁸,
1331 4741 1429 4795 καὶ
1503 4741 1846 4815 λειτουργίαν

269 4809 911 4908 [ύμάς]προσενεγκὼν,
960 4826 1055 4880 καὶ
1094 4831 1317 4894 πιστοὺς
1368 4833 1604 4904 ποιήσας
1633 4853 1649 4868 ο
1687 4809 1850 4908 ’ὅμως

265 4903 364 4998 οὐχ
381 4903 455 4967 ὡς
472 4907 499 4958 ὁ
526 4908 965 4983 ἀποθανούμενος
994 4915 1294 4988 λυποῦμαι,
1319 4920 1456 4974 ἀλλὰ
1486 4903 1519 4974 ﬁt
1546 4924 1642 4978 ml.
1670 4903 1849 4998 χαίρω

266 4997 365 5048 καὶ
403 5001 683 5072 συγχαίρω
720 5007 884 5060 πᾶσιν
931 5007 1081 5079 ὑμῖν.
1119 5027 1137 5062 s
1185 5013 1376 5084 Χαίρω
1427 5016 1528 5085 μὲν
1586 5013 1700 5085 οὖν,
1762 4997 1845 5074 δτι

268 5090 729 5184 σπονδὴγγίνομαι
762 5115 777 5131 ·
809 5101 1091 5174 συγχαίρω
1115 5103 1194 5168 δὲ,
1227 5106 1327 5160 ὅτι,
1347 5106 1448 5178 τὴν
1477 5109 1664 5166 πίστιν
1690 5114 1844 5184 ὑμῶν

267 5174 342 5239 ὡς
373 5179 564 5236 θυσίαν
597 5189 862 5254 προσάγω
889 5190 967 5261 τῷ
996 5193 1242 5264 Χριστῷ.

347 5269 416 5322 Τὸ
444 5268 498 5322 δ’
527 5275 672 5328 αὑτύ
717 5280 815 5333 καὶ
847 5282 1016 5350 ὑμεῖς
1038 5284 1296 5354 χαίρετε.
1324 5287 1443 5344 Ὀτι
1476 5291 1524 5324 ⁸⁸
1559 5293 1653 5346 καὶ
1687 5295 1844 5350 αὐτοὶ

270 5364 704 5436 προτηνέχθητε.

344 5454 457 5552 ttat
498 5464 858 5534 συγχαίρετέ
893 5489 1016 5540 μοι.
1060 5476 1186 5530 Ὅτι
1245 5477 1568 5533 σπένδεσθαι
1633 5481 1844 5552 μέλλων

268 5547 450 5618 χαίρω
474 5552 563 5605 ἐπ’
593 5557 740 5630 αύτῷ
766 5561 834 5616 ⁸⁷.

1949 4665 2130 4712 autem
2179 4671 2336 4723 super
2381 4653 2592 4708 victima
2621 4659 2669 4704 et
2709 4647 2972 4718 sacriﬁcio
3011 4647 3136 4717 ﬁdei
3158 4651 3345 4700 vestrae
3381 4658 3401 4699 :
3430 4644 3532 4698 hoc

1947 4755 2053 4808 est,
2095 4744 2195 4800 Ubi
2231 4744 2379 4811 prius
2405 4757 2500 4796 vos
2539 4741 2813 4796 victimam
2853 4747 2908 4793 et
2933 4751 3150 4792 sacrum
3182 4734 3296 4791 Deo
3320 4733 3531 4788 obtule-

1948 4853 2035 4903 ro,
2063 4835 2246 4892 ﬁdeles
2275 4849 2368 4891 vos
2413 4833 2660 4888 faciens:
2687 4836 2923 4886 attamen
2955 4843 3067 4883 non
3111 4836 3366 4894 tanquam
3412 4837 3529 4876 mo-

1951 4928 2158 4982 riturus
2189 4924 2408 4980 tristitia
2444 4921 2670 4991 afﬁcior,
2706 4935 2894 4977 verum
2921 4919 3076 4975 ltetor
3113 4927 3169 4973 et
3214 4913 3529 4984 congaudeo

1952 5017 2206 5075 omnibus
2239 5017 2412 5073 vobis.
2451 5016 2632 5072 Laetor
2660 5015 2876 5086 quidem
2906 5013 3048 5084 quod
3077 5009 3309 5065 libamen
3353 5005 3476 5059 llam
3512 5023 3527 5059 :

1951 5109 2193 5164 collmtor
2229 5117 2434 5177 autem,
2465 5108 2722 5178 quoniam
2759 5105 2921 5162 ﬁdem
2955 5109 3188 5159 vestram
3217 5096 3379 5153 veluti
3405 5095 3532 5152 hos.

1952 5199 2078 5254 tiam
2112 5197 2281 5255 oll'ero
2310 5198 2549 5256 Christo.

2023 5295 2185 5350 Vens.
2224 5293 2311 5347 l8.
2344 5292 2411 5347 Id
2444 5297 2613 5362 ipsum
2660 5301 2834 5346 autem
2881 5297 2930 5343 et
2968 5303 3054 5344 vos
3094 5284 3338 5357 gaudete.
3373 5280 3528 5348 Quod

1951 5399 2004 5444 et
2034 5389 2134 5459 ipsi
2163 5388 2327 5444 oblati
2369 5387 2508 5442 sitis.

2026 5479 2094 5533 Et
2131 5476 2452 5548 congaudete
2475 5474 2626 5528 mihi.
2671 5471 2939 5540 Quoniam
2991 5484 3091 5540 ego
3135 5462 3531 5527 immolandus,

1953 5575 2022 5629 oh
2063 5575 2114 5628 id
2150 5573 2322 5641 ipsum
2355 5571 2525 5626 laetor.

1621 5715 1831 5781 .Varise
1859 5715 2189 5778 lectiones.

333 5819 378 5853 "
429 5822 714 5897 ἐπέχοντες
746 5845 797 5886 υ.
876 5833 1126 5903 ⁸³ολίψει
1163 5853 1213 5892 ο.
1292 5838 1336 5871 ⁸*
1378 5856 1541 5908 μοιο.
1610 5842 1655 5875 ευ
1697 5841 1908 5896 θυσίαν.
1973 5855 2024 5896 ο.
2105 5841 2146 5871 κε
2185 5838 2262 5891 ἔτι
2297 5854 2348 5894 ο.

2429 5839 2469 5869 ⁸⁷
2504 5836 2727 5908 ἐμαυτῷ
2759 5853 2816 5892 0'.
