3932 6572
510 349 638 416 1171

1389 361 1962 424 THEOPHYLACTI
2003 363 2414 430 BULGARUE
2449 373 2798 436 ARCl-IIEP.

3579 377 3707 440 117?.

579 461 740 517 Vens.
776 463 862 520 l9.
892 464 1052 535 Spero
1095 475 1347 523 antemm
1416 471 1638 528 Domino
1689 475 1834 542 Jesn,
1903 478 2060 532 Timor

2247 481 2494 545 Ἐλπίζω
2521 486 2589 539 δὲ
2611 488 2680 541 ἐν
2708 486 2915 556 Κυρίῳ’
2932 487 3161 558 Ἰησοῦ,
3196 491 3472 554 Τιμόθεον
3519 495 3725 562 ταχέως

510 557 682 609 tlienm
719 573 800 610 me
843 558 945 612 cito
998 560 1282 614 missurum
1337 564 1404 615 ad
1435 581 1539 631 vos,
1587 578 1642 622 ut
1694 577 1743 623 et
1789 586 1882 640 ego
1941 570 2074 624 bono

508 648 684 700 animo
707 649 827 712 sint,
856 651 1076 721 cognitis
1103 669 1219 722 qua:
1249 656 1387 708 circa
1419 673 1504 710 vos
1532 668 1674 713 sunt.
1707 658 2072 725 Quemadmo.

509 741 632 794 dum
656 741 858 805 omnia,
889 741 966 796 sic
989 743 1150 797 etiam
1182 743 1448 802 Timothei
1502 750 1818 808 missionem
1861 753 2074 809 Christo

512 829 719 884 tribuit.
756 829 982 888 Confido
1017 835 1183 902 enim,
1222 837 1420 906 inquit,
1451 842 1592 909 quod
1627 842 1718 898 ille
1768 844 1925 900 facile
1973 846 2074 901 hoc

507 929 882 992 persequetur,
939 933 1008 983 ut.
1079 929 1530 994 quemadmodum
1581 948 1678 990 vos
1729 937 2069 1002 recreamini,

506 1016 734 1086 cognitis
767 1033 863 1089 per
896 1020 1035 1074 hanc
1074 1021 1369 1089 Epistolam
1429 1038 1604 1078 meam
1665 1027 1828 1081 rebus
1913 1028 2069 1095 meis,

504 1107 646 1174 quod
699 1107 975 1180 Evangelii
1030 1112 1305 1181 negotium
1361 1124 1760 1182 promoventur,
1823 1119 2074 1186 quodque

506 1211 592 1253 res
635 1199 870 1256 hostium
903 1202 958 1256 in
989 1203 1258 1258 diversum
1289 1204 1397 1259 sint
1443 1215 1658 1260 mutatze
1689 1224 1702 1261 :
1736 1206 1896 1279 M3
1934 1210 2074 1266 hunc

503 1291 568 1344 ad
590 1292 806 1348 modum
837 1304 890 1348 et
913 1308 1012 1363 ego
1032 1310 1246 1350 recreer
1267 1306 1319 1351 et
1338 1297 1764 1353 consolationem
1785 1301 2069 1369 accipiam,

503 1383 591 1437 ubi
619 1400 706 1440 res
729 1395 938 1442 vestras
970 1403 997 1441 a
1032 1386 1316 1444 Timotheo
1357 1391 1487 1445 mihi
1511 1401 1700 1447 exacte
1738 1394 2071 1450 nuntiandas

502 1489 788 1543 agnovere.

571 1567 734 1626 Vens.
765 1570 855 1627 20.
889 1569 1163 1627 Neminem
1208 1574 1345 1628 enim
1389 1574 1553 1628 habeo
1596 1585 1702 1629 tant
1749 1578 2070 1644 unanimem,

498 1662 587 1728 qui
614 1663 816 1719 sincera
846 1665 1119 1734 affectione
1148 1682 1242 1735 pro
1279 1667 1418 1722 vobis
1446 1669 1707 1724 sollicitus
1735 1671 1821 1726 sit.
1859 1670 2069 1727 Potuis-

499 1769 636 1820 sem,
689 1755 883 1826 inquit,
918 1757 1082 1812 alium
1121 1759 1282 1814 etiam
1334 1762 1638 1832 quempiam
1689 1764 1924 1830 mittere,
1976 1765 2068 1820 sed

503 1861 659 1902 nemo
690 1858 772 1904 est
799 1849 916 1920 pari
947 1865 1158 1906 mecum
1192 1854 1374 1909 animo
1423 1856 1698 1924 praeditus,
1730 1865 1788 1911 ut
1815 1855 1937 1922 iste,
1968 1857 2070 1912 hoc

499 1947 604 2003 est,
657 1941 746 2008 qui
775 1953 927 2010 aeque
963 1942 1127 1998 vestri
1169 1958 1353 1998 curam
1402 1953 1553 2015 gerat
1593 1956 1753 2014 atque
1811 1960 1930 2014 ego,
1978 1947 2068 2016 qui

495 2029 746 2096 genuine,
776 2030 879 2086 hoc
911 2043 1014 2099 est,
1047 2043 1268 2105 paterne
1302 2050 1388 2090 res
1419 2048 1626 2093 vestras
1661 2047 1947 2093 curaturus
1976 2039 2066 2094 sit.

499 2116 737 2174 Observa
773 2122 861 2178 hic
902 2123 1322 2182 sollicitudinem
1363 2127 1480 2197 ejus
1515 2145 1528 2183 :
1562 2129 1778 2197 quando
1819 2129 1916 2198 ipsi
1948 2145 2072 2199 pro-

497 2205 664 2262 flcisci
704 2224 812 2263 non
855 2220 1003 2267 esset
1043 2212 1330 2284 integrum,
1367 2217 1502 2272 alios
1534 2218 1805 2287 mittebat,
1836 2230 1892 2275 ut
1925 2219 2069 2279 nullo

495 2306 737 2370 tempore
764 2301 1014 2374 discipuli
1065 2315 1337 2377 torpeant.

562 2388 730 2449 Vens.
757 2393 850 2449 2|.
916 2399 1105 2452 Omnes
1155 2400 1290 2454 enim
1334 2417 1449 2470 quo:
1495 2420 1592 2457 sua
1637 2415 1755 2458 sunt
1801 2416 2066 2475 quwrunt,

491 2498 592 2537 non
621 2500 738 2554 quae
770 2495 890 2540 sunt
923 2486 1050 2543 Jesu
1078 2487 1301 2546 Christi.
1337 2491 1444 2548 lloc
1474 2503 1579 2559 est,
1609 2499 1883 2567 propriam
1914 2499 2069 2567 quie-

491 2584 622 2640 tem,
653 2585 706 2631 et
756 2585 816 2632 ut
865 2579 974 2635 sint
1005 2581 1076 2649 ;in
1122 2588 1240 2638 tuto
1275 2600 1288 2638 :
1320 2598 1480 2640 nemo
1532 2590 1675 2643 enim
1732 2587 1892 2646 facile
1940 2591 2068 2646 velit

490 2667 875 2734 profectionem
922 2680 1128 2727 tantam
1173 2675 1467 2746 suscipere.
1520 2678 1646 2735 ﬂmc
1697 2690 1875 2737 autem
1912 2683 2062 2749 dicit,

488 2759 653 2814 simul
685 2761 1026 2818 Timotheum
1078 2769 1485 2838 commendans,
1522 2771 1679 2826 simul
1706 2781 1759 2827 et
1793 2775 2068 2832 auditores

487 2850 763 2916 erudiens,
799 2868 869 2908 ne
893 2866 1136 2922 qumrant
1164 2857 1266 2913 sibi
1302 2859 1534 2928 quietem
1576 2879 1590 2915 :
1630 2879 1752 2916 nam
1785 2864 1877 2932 qui
1927 2865 2067 2922 banc

486 2944 733 3014 [nquirit,
762 2961 882 3014 qua:
911 2947 1110 3004 Christi
1139 2959 1264 3005 sunt
1293 2967 1399 3008 non
1433 2954 1649 3022 quaerit.
1693 2955 1833 3010 Proh
1867 2956 2020 3012 dolor
2049 2959 2063 3012 1

497 3046 701 3105 quanto
733 3053 763 3091 a
817 3037 1033 3096 Christo
1087 3042 1350 3098 distamus
1389 3043 1670 3103 intervallo
1706 3049 1719 3102 ί

2179 574 2409 644 πέμψαι
2432 578 2724 654 ὐμῖν,ίνα
2753 580 2916 650 κάγὼ
2965 584 3234 652 εὐψυχῶ,
3288 582 3472 651 γνοὺς
3500 584 3570 637 τὰ
3607 587 3724 654 περὶ

2178 666 2364 737 ὑμῶν.
2401 669 2612 739 ’Ὠσπερ
2643 671 2842 737 πάντα,
2865 672 3010 726 οὔτω
3044 674 3138 727 καὶ
3167 673 3264 744 τὴν
3298 675 3565 742 Τιμοθέου
3593 677 3718 729 ἀπο,

2181 761 2374 833 στολὴν
2405 762 2482 832 τῷ
2511 764 2732 834 Χριστῷ
2773 767 3061 835 ἀνατίθησι
3082 766 3149 820 ".
3197 767 3441 820 Πέποιθα
3477 768 3598 836 γὰρ,
3628 787 3723 840 φη-

2180 853 2286 918 σὶν,
2323 855 2405 906 δτι
2433 855 2639 917 ἐκεῖνος
2667 854 3020 926 ὲξευμαρίσει
3053 856 3233 919 τοῦτο,
3268 857 3353 910 ἵνα
3381 857 3564 926 ὥσπερ
3586 860 3725 929 ὑμεῖς

2177 948 2486 1018 εὐψυχεῖτε,
2513 949 2776 1018 μαθόντες
2794 951 2882 1004 διὰ
2905 953 3004 1023 τῆς
3044 952 3367 1020 Ἐπιστολῆς
3406 970 3507 1020 μου
3541 955 3719 1025 ταύτης

2177 1039 2246 1093 τὰ
2285 1040 2407 1094 κατ’
2443 1042 2565 1110 ἐμὲ,
2604 1042 2684 1095 ὅτι
2712 1045 2796 1106 είς
2823 1043 3105 1114 προκοπὴν
3139 1041 3270 1114 ἦλθε
3301 1044 3363 1097 τὸ
3384 1044 3712 1113 Εὐαγγέλιον,

2178 1131 2272 1183 καὶ
2311 1133 2395 1185 ὅτι
2428 1133 2495 1185 τὰ
2549 1133 2658 1185 τῶν
2713 1133 2924 1204 ἐχθρῶν
2973 1135 3054 1198 είς
3096 1135 3406 1187 τούναντίον
3456 1138 3712 1207 περιετρά-

2177 1240 2359 1294 πησαν
2388 1243 2399 1257 ο
2453 1225 2596 1279 οὕτω
2659 1225 2815 1294 κάγὼ
2877 1226 3097 1298 εὐψυχῶ
3147 1228 3239 1280 καὶ
3293 1229 3711 1300 παραμυθοῦμαι,

2177 1317 2335 1384 γνοὺς
2367 1317 2432 1370 τὰ
2461 1315 2582 1369 καθ’
2611 1318 2755 1387 ὑμᾶς
2787 1317 2936 1388 παρὰ
2961 1318 3054 1372 τοῦ
3081 1318 3348 1389 Τιμοθέου
3381 1321 3611 1390 ἀκριϐῶς
3638 1339 3710 1392 μοι

2176 1407 2732 1480 ἅπαγγελθησόμενα.

2248 1595 2476 1649 Οὐδένα
2510 1596 2616 1665 γὰρ
2647 1595 2764 1664 ἔχω
2809 1597 3132 1664 ἰσόψυχον,
3172 1596 3342 1661 ὅστις
3373 1597 3615 1664 γνησίως
3654 1596 3710 1647 τὰ

2174 1688 2305 1756 περὶ
2331 1687 2495 1756 ὑμῶν
2518 1687 2892 1756 μεριμνήσει.
2930 1687 3258 1756 Ἦδυνάμην,
3283 1687 3440 1756 φησι,
3462 1686 3550 1739 καὶ
3577 1685 3709 1739 ἄλλον

2099 1807 2146 1868 Β
2176 1778 2409 1848 πέμψαι,
2445 1777 2560 1832 ἀλλ’
2609 1777 2784 1841 οὐδεὶς
2819 1776 2992 1840 οὕτως
3043 1775 3294 1847 tantum
3325 1793 3416 1846 μοι
3443 1776 3516 1839 ὡς
3545 1768 3709 1839 οὗτοςο

2172 1871 2444 1935 τουτέστι,
2488 1870 2782 1941 κηδόμενος
2847 1869 2956 1924 τῶν
3011 1869 3293 1939 ὑμετέρων
3338 1871 3531 1939 ὁμοίως
3577 1869 3706 1939 ἐμοὶ,

2171 1965 2318 2028 ὅστις
2349 1965 2608 2033 γνησίως,
2641 1963 2908 2027 τουτέστι,
2930 1963 3210 2035 πατρικῶς
3231 1963 3299 2016 τὰ
3325 1962 3453 2032 περὶ
3481 1962 3621 2032 ὑμῶν
3635 1979 3715 2032 ps-

2173 2059 2448 2125 ριμνήσει.
2483 2055 2627 2126 Ὅρα
2655 2053 2709 2107 δὲ
2742 2055 3067 2124 κηδεμονίαν
3090 2071 3104 2086 ο
3135 2055 3226 2107 ὅτε
3260 2053 3334 2124 μὴ
3364 2053 3521 2116 αὐτὸς
3549 2054 3712 2122 ὲιιιδηο

2175 2150 2294 2217 μεῖν
2321 2147 2598 2218 ηὐκαίρει,
2641 2148 2834 2211 ἄλλους
2879 2146 3142 2218 επεμψεν,
3173 2146 3260 2228 ἵνα
3311 2146 3512 2218 μηδένα
3547 2147 3710 2218 καιρὸν

2173 2239 2490 2312 ρᾳθυμῶσιν
2515 2243 2564 2294 οἱ
2607 2241 3052 2313 μαθητευόμενοι.

2246 2419 2310 2470 Οί
2342 2416 2564 2482 πάντες
2596 2415 2704 2486 γὰρ
2732 2417 2803 2470 τὰ
2831 2413 3060 2471 ἑαυτῶν
3085 2413 3386 2483 ζητοῦσιν,
3420 2414 3493 2467 οὐ
3515 2412 3582 2466 τὰ
3603 2414 3708 2482 Χρισ

2169 2509 2322 2564 στοῦ
2352 2510 2577 2576 Ἰησοῦ.
2599 2510 2877 2573 Τουτέστι,
2897 2508 2994 2580 τὴν
3011 2509 3217 2562 οίκείαν
3233 2506 3651 2570 ἀνάπαυσιν,καὶ
3662 2504 3710 2558 τὸ

2172 2609 2230 2660 ἐν
2252 2605 2522 2676 ἀσφαλείᾳ
2554 2600 2711 2659 εἶναι’
2740 2605 2913 2667 οὐδεὶς
2936 2604 3044 2675 γὰρ
3075 2603 3312 2665 εὐκόλως
3329 2602 3508 2655 ἕλοιτο
3531 2602 3710 2654 ὁδοιπο-

2174 2699 2296 2768 ρίαν
2343 2697 2610 2768 τοσαύτην
2631 2698 2676 2730 “
2699 2696 3084 2763 ἀναδέξασθαι.
3116 2695 3304 2749 Ταῦτα
3335 2694 3393 2747 δὲ
3439 2693 3602 2761 λέγει,
3631 2691 3708 2744 καὶ

2171 2793 2434 2863 Τιμόθεον
2491 2792 2590 2863 μὲν
2639 2789 3023 2861 ἐγκωμιάζων,
3063 2788 3338 2843 παιδεύων
3369 2788 3428 2842 δὲ
3469 2787 3560 2841 καὶ
3601 2786 3708 2846 τοὺς

2169 2883 2466 2946 ἀκούοντας
2499 2883 2572 2953 μὴ
2603 2883 2784 2952 ζητεῖν
2813 2881 3017 2937 ἄνεσιν.
3054 2882 3112 2934 '0
3145 2881 3256 2951 γὰρ
3285 2881 3490 2950 ταύτην
3534 2876 3705 2946 ζητῶν,

2169 2977 2230 3030 οὐ
2277 2977 2342 3029 τὰ
2376 2977 2469 3030 τοῦ
2517 2975 2754 3048 Χριστοῦ
2794 2975 2967 3044 ζητεῖ.
3007 2972 3200 3038 Βαὸαὶ,
3230 2973 3398 3024 πόσον
3450 2971 3706 3038 ἀπέχομεν

2171 3067 2405 3139 Χριστοῦ
2427 3069 2439 3121 !

562 3127 724 3184 Vens.
775 3130 868 3185 22.
921 3131 1295 3191 Probationem
1355 3147 1531 3192 autem
1581 3140 1698 3206 eius
1740 3147 2054 3214 cognoscite,

2223 3127 2358 3228 ’Τὴν
2386 3158 2454 3212 δὲ
2478 3157 2734 3228 δοκιμὴν
2773 3156 2960 3212 αὑτοῦ
2985 3169 3323 3225 rte-mowers,
3351 3152 3439 3206 ὅτι
3463 3153 3539 3219 ὡς
3553 3150 3704 3217 πατρί

486 3221 609 3285 quia
645 3232 894 3291 tanquam
941 3226 1083 3292 patri
1115 3225 1284 3295 ﬁlius,
1320 3243 1517 3283 mecum
1549 3232 1757 3287 servivit
1787 3235 1840 3288 in
1882 3235 2058 3292 Evan-

484 3307 643 3378 gelia.
707 3311 834 3378 Vos,
875 3312 1071 3381 inquit,
1132 3325 1297 3372 testes
1343 3318 1495 3382 estis,
1523 3321 1666 3390 quod
1707 3322 1870 3379 veluti
1918 3328 2055 3397 patri

486 3399 632 3454 ﬁlius
717 3401 1044 3472 inservieril,
1109 3421 1214 3462 non
1267 3409 1333 3464 ad
1381 3411 1622 3478 corporis
1687 3419 2056 3474 tantummodo

485 3492 872 3562 ministerium,
911 3498 1026 3564 sed,
1060 3500 1200 3567 quod
1234 3501 1402 3557 multo
1443 3503 1752 3572 praeclarius
1777 3506 2056 3580 majusque

482 3593 590 3648 est,
625 3586 692 3640 ad
723 3585 998 3658 Evangelii
1049 3591 1508 3659 prmdicationem.
1563 3596 1748 3668 Itaque
1791 3601 1905 3657 sive
1938 3611 2056 3657 tan-

485 3689 646 3743 quam
698 3676 839 3732 ﬁlius
877 3694 1030 3735 meus
1063 3680 1264 3739 honore
1305 3695 1388 3740 est
1432 3688 1758 3757 dignandus,
1789 3693 1901 3747 sive
1934 3701 2054 3749 tan-

485 3779 642 3832 quam
690 3764 783 3820 Dei
832 3769 1098 3837 minister,
1131 3773 1302 3829 multo
1347 3777 1517 3848 magis
1571 3787 1654 3834 est
1685 3779 1889 3836 honore
1933 3781 2049 3836 atii-

483 3855 730 3912 ciendus.
765 3857 1123 3918 Commendat
1166 3875 1345 3923 autem
1407 3885 1505 3940 per
1545 3872 1659 3927 haec
1709 3874 1840 3944 ipsis
1869 3874 2052 3934 Timo-

484 3947 692 4015 theum,
726 3966 832 4006 non
879 3961 1084 4010 tantum
1117 3955 1190 4011 illi
1222 3961 1576 4029 gratiﬁcatus,
1605 3978 1863 4036 quantum
1894 3971 2047 4041 ipsis.

483 4038 616 4093 Nam
665 4041 709 4096 si
758 4042 860 4112 ipsi
921 4053 1175 4114 tanquam
1230 4053 1604 4109 auctoritatem
1650 4057 1871 4114 habenti
1916 4038 2049 4118 iani-

481 4145 630 4186 mum
667 4132 1023 4204 adverterint,
1069 4139 1292 4193 omnino
1335 4156 1429 4210 per
1479 4146 1702 4201 verbum
1737 4149 1856 4219 ejus
1896 4151 2050 4222 juva-

481 4223 705 4288 buntur,
746 4239 812 4281 ac
854 4226 1116 4295 majorem
1157 4229 1388 4287 habituri
1435 4244 1562 4289 sunt
1613 4241 1938 4298 mercedem.

551 4315 716 4372 Vens.
749 4315 839 4374 25.
872 4317 1029 4374 Hunc
1066 4321 1229 4392 igitur
1257 4339 1404 4392 spero
1448 4342 1530 4380 me
1573 4328 1879 4402 missurum,
1922 4351 2046 4392 mox

479 4417 534 4461 ut
568 4408 746 4462 videro
786 4425 904 4478 qua:
952 4411 1095 4464 circa
1139 4428 1222 4466 me
1260 4421 1403 4470 sunt.
1434 4414 1567 4472 Cum
1605 4419 1788 4477 videro
1831 4425 2042 4493 qualem

478 4498 588 4552 sint
609 4497 871 4555 habiturae
895 4500 1053 4557 finem
1076 4517 1163 4560 res
1185 4519 1336 4574 meae,
1361 4503 1619 4582 ὲξάὺτῆς,
1644 4512 1697 4569 id
1715 4524 1819 4583 est,
1843 4518 2049 4588 statim,
2081 4495 2128 4554 θ

478 4589 686 4646 mittam
727 4591 892 4647 hunc.

553 4679 717 4736 Vens.
745 4682 836 4737 24.
873 4683 1093 4754 Conﬁdo
1121 4699 1296 4744 autem
1325 4692 1380 4746 in
1416 4691 1659 4761 Domino,
1692 4698 1831 4769 quod
1862 4712 1910 4757 et
1942 4704 2052 4774 ipse

475 4774 578 4829 cito
607 4775 807 4829 neniam
837 4774 906 4829 ad
940 4793 1047 4833 vos.
1070 4778 1190 4835 Non
1218 4791 1471 4853 tauquam
1500 4790 1724 4846 omnino
1750 4797 2046 4852 recusarim

475 4867 661 4924 venire
699 4871 813 4937 ipse
842 4869 909 4923 ad
945 4884 1062 4932 vos.
1097 4869 1437 4930 Timotheum
1483 4879 1635 4935 mitto
1667 4899 1681 4934 :
1719 4898 1903 4939 verum
1948 4897 2029 4953 ut,

475 4957 617 5025 quod
639 4957 773 5024 dixi,
809 4959 1012 5016 interea
1053 4963 1311 5032 temporis
1343 4966 1524 5021 animo
1557 4983 1794 5036 recreer,
1827 4973 1872 5027 si
1897 4973 2037 5029 didi-

474 5065 601 5106 cero
640 5051 853 5120 qualem
909 5065 1222 5108 successum
1275 5068 1363 5110 res
1399 5066 1588 5114 vestrae
1635 5063 2037 5122 nanciscaotur.

473 5137 709 5195 Observa
744 5148 922 5197 autem
968 5142 1072 5209 hic,
1126 5147 1394 5216 quomodo
1441 5162 1594 5204 suam
1634 5153 1797 5208 etiam
1842 5157 1908 5210 ad
1947 5173 2041 5214 eos

473 5232 858 5302 profectionem
918 5250 949 5290 a
1013 5237 1123 5292 Deo
1186 5241 1418 5308 pendere
1498 5240 1742 5311 alﬁrmet,
1799 5247 2041 5318 Conﬁdo,

472 5325 678 5391 dicens,
710 5326 763 5380 in
794 5326 1040 5406 Domino,
1072 5330 1172 5384 hoc
1196 5341 1297 5400 est,
1327 5331 1373 5388 si
1410 5332 1550 5408 Deus
1587 5336 1834 5394 voluerit.

541 5416 704 5474 Vens.
748 5419 840 5474 25.
866 5420 1267 5476 'Necessarium
1317 5437 1492 5480 autem
1539 5428 1857 5499 existimavi,
1899 5433 2042 5503 Epa-

467 5509 770 5579 phroditum
803 5511 1018 5566 fratrem
1056 5525 1103 5568 et
1137 5527 1519 5584 cooperatorem
1549 5531 1598 5576 et
1633 5526 2037 5582 commilitonem

2165 3252 2397 3319 τέκνον,
2443 3251 2566 3307 σὺν
2591 3251 2719 3321 ἐμοὶ
2748 3251 3118 3304 ἐδούλευσεν
3134 3249 3221 3314 είς
3248 3248 3314 3300 τὸ
3341 3245 3703 3314 an-mum.

2175 3345 2383 3414 Ὑμεῖς,
2427 3344 2582 3416 φησι,
2615 3343 2890 3414 μάρτυρες
2923 3342 3004 3396 ὅτι
3037 3341 3113 3405 ὡς
3151 3339 3321 3410 πατρὶ
3348 3339 3535 3393 τέκνον
3578 3335 3703 3389 ιδοά-

2162 3437 2373 3499 λευσεν,
2421 3435 2523 3488 οὐκ
2569 3436 2649 3498 είς
2699 3433 3018 3504 σωματικὴν
3072 3434 3234 3504 μόνον
3261 3430 3580 3501 ὑπουργίαν,
3603 3425 3699 3480 ἀλλ’

2161 3528 2190 3582 ὃ
2218 3525 2398 3598 πολλῷ
2429 3528 2631 3598 μεῖζον,
2655 3527 2736 3590 είς
2760 3525 2821 3579 τὸ
2849 3527 3132 3596 κήρυγμα.
3155 3525 3338 3587 Ὥστε,
3370 3523 3480 3576 εἴτε
3503 3521 3573 3584 ὠς
3606 3519 3702 3581 υίὸς

2160 3618 2312 3690 ἐμὸς,
2363 3620 2530 3689 τιμῆς
2582 3618 2876 3684 ἁξιωτέοςο
2924 3619 3034 3671 εἴτε
3083 3616 3159 3678 ὡς
3205 3615 3342 3669 Θεοῦ
3393 3611 3697 3684 λειτουργὸς,

2161 3710 2338 3780 πολλῷ
2389 3709 2609 3780 μᾶλλον.
2660 3710 2892 3781 Συνιστᾷ
2938 3709 2995 3762 δὲ
3037 3707 3122 3762 διὰ
3167 3707 3374 3760 τούτων
3414 3705 3590 3768 αὐτοῖς
3622 3704 3697 3755 τὸν

2160 3803 2447 3873 Τιμόθεον,
2472 3803 2533 3857 οὐ
2559 3804 2813 3856 τοσοῦτον
2843 3803 3034 3873 ἐκείνῳ
3061 3801 3444 3872 χαριζόμενος,
3469 3801 3586 3852 ὅσον
3612 3796 3692 3850 αὖ·

2156 3899 2289 3960 τοῖς.
2311 3896 2372 3949 El.
2401 3895 2513 3966 γὰρ
2549 3894 2625 3957 ὡς
2667 3894 2933 3964 ἀξιολόγῳ
2965 3894 3011 3926 ὀ
3035 3892 3183 3958 αὐτῷ
3223 3892 3591 3962 προσέξουσιν,
3608 3889 3690 3940 αὑ-

2155 3989 2238 4041 τοι
2263 3988 2479 4051 πάντως
2510 3986 2600 4040 διὰ
2636 3985 2730 4040 τοῦ
2757 3986 2917 4054 λόγου
2947 3983 3112 4040 αὐτοῦ
3141 3982 3594 4053 ὠφεληθήσονται,
3613 3975 3688 4031 καὶ

2155 4081 2326 4135 πλείω
2359 4077 2546 4153 μισθὸν
2573 4079 2774 4148 ἕξουσι.

2229 4347 2451 4403 Τοῦτον
2455 4347 2572 4418 μὲν
2593 4344 2708 4402 οὖν
2730 4343 2949 4405 ἐλπίζω
2959 4342 3211 4413 πέμψαι,
3234 4341 3315 4407 ὠς
3344 4342 3423 4396 ἂν
3441 4338 3618 4394 ἀπίδω
3630 4335 3690 4389 τὰ

2152 4441 2288 4510 περὶ
2337 4440 2462 4510 ἐμὲ,
2503 4441 2572 4504 ἐξ
2602 4438 2812 4507 αὐτῆς.
2838 4438 3026 4505 Ὅταν,
3061 4435 3178 4503 ίδω,
3209 4437 3362 4489 ποῖον
3405 4432 3514 4497 ἕξει
3563 4430 3689 4491 τέλος

2150 4534 2220 4587 τὰ
2262 4535 2384 4588 κατ’
2417 4532 2540 4604 ἐμὲ,
2573 4531 2642 4598 ἐξ
2691 4530 2902 4600 αὐτῆς,
2953 4530 3252 4596 τουτέστιν,
3290 4527 3492 4589 εὐθέως
3517 4523 3690 4594 πέμψω

2149 4624 2356 4680 τοῦτονε

2220 4717 2480 4772 Herzoth
2526 4715 2687 4770 δὲέν
2739 4716 2954 4784 Κυρίῳ,
2997 4715 3086 4769 ὅτι
3144 4714 3448 4780 καὶαύτὸς
3495 4713 3689 4784 ταχέως

2146 4809 2469 4878 ἐλεύσομαι
2491 4808 2642 4877 πρὸς
2663 4805 2839 4876 ὑμᾶς.
2862 4807 2976 4877 Οὐχ
3009 4807 3084 4870 ὡς
3131 4807 3506 4876 ἀπειπάμενος
3537 4807 3689 4872 πάντη

2142 4901 2242 4970 τὴν
2274 4899 2408 4970 πρὸς
2443 4900 2587 4970 ὑμᾶς
2623 4899 2829 4970 ἄφιξιν,
2847 4901 2935 4954 διὰ
2963 4899 3121 4953 τοῦτο
3147 4901 3239 4953 τὸν
3281 4901 3545 4970 Τιμόθεον
3571 4898 3689 4966 πέμ-

2148 5009 2256 5057 πω,
2281 4991 2394 5046 ἀλλ’
2419 4992 2527 5057 ἵνα,
2553 4993 2690 5063 ὅπερ
2724 4993 2881 5063 ἔφην,
2900 4995 2958 5046 ὲν
3007 4992 3084 5063 τῷ
3111 4991 3312 5063 μεταξὺ
3348 4991 3582 5062 εὐθυμῶ,
3603 5005 3688 5060 pa-

2148 5083 2258 5138 θὼν
2289 5084 2356 5138 τὰ
2386 5084 2510 5137 καθ’
2552 5085 2715 5155 ὑμᾶς.
2752 5085 2895 5155 Ὅρα
2918 5084 2996 5150 δὲ,
3039 5083 3156 5149 πῶς
3184 5087 3280 5138 καὶ
3321 5086 3422 5154 τὴν
3450 5083 3580 5154 πρὸς
3603 5079 3687 5133 σὺ·

2146 5180 2272 5242 τοὺς
2328 5178 2558 5244 ἐλευσιν,
2598 5177 2691 5232 τοῦ
2735 5178 2870 5232 Θεοῦ
2915 5179 3136 5250 ὲξαρτᾷ,
3184 5179 3464 5246 Πέποιθα,
3511 5176 3682 5244 λέγων,

2145 5273 2216 5327 ἐν
2243 5273 2464 5341 Κυρίῳ·
2493 5274 2792 5340 τουτέστιν,
2823 5273 2918 5327 ἐὰν
2945 5274 2972 5326 ὁ
2995 5274 3127 5338 Θεὸς
3144 5273 3428 5344 βούληται.

2227 5448 2580 5517 Ἀναγκαῖον
2626 5449 2695 5503 δὲ
2737 5449 3067 5521 ’ἡγησάμην
3115 5449 3533 5520 Ἐπαφρόδιτον
3587 5445 3678 5498 τὸν

2139 5535 2408 5607 ἀδελφὸν
2419 5539 2514 5594 καὶ
2528 5540 2827 5612 συνεργὸν
2837 5540 2932 5596 καὶ
2949 5539 3398 5610 συστρατιώτην
3401 5557 3532 5611 μου.
3546 5533 3674 5593 Μετᾶ

1823 5663 2026 5729 Variae
2055 5667 2386 5736 lectiones.

544 5777 592 5810 ”
627 5777 925 5853 ἀνατίθημι
959 5797 1012 5840 0.
1085 5785 1129 5819 ”
1167 5785 1423 5858 τοιαύτην
1454 5801 1505 5842 ο.
1579 5790 1622 5823 ⁵ο
1653 5790 2064 5868 ἀξιολογωτέρῳ
2081 5815 2132 5856 0.
