3932 6602
288 419 425 484 11”’3

1061 419 1465 482 EXPOSITIO
1500 418 1580 480 IN
1620 418 1860 480 EPIST.
1902 418 2000 478 AD
2033 417 2360 478 PHILIPP.
2395 440 2464 452 -
2486 416 2644 478 CAP.
2686 414 2771 476 II.

3378 408 3513 477 11⁸14

284 536 525 589 ἰπαίνων
572 532 667 589 καὶ
706 532 896 587 τοῦτον
931 533 1276 600 ἀποστέλλει,
1317 534 1393 598 ὡς
1419 533 1513 588 τδν
1561 534 1846 604 Τιμόθεον,

1966 545 2146 584 meum.
2223 526 2339 585 Non
2417 528 2537 584 sine
2624 525 2785 583 laude
2867 524 3009 581 hunc
3077 525 3241 582 etiam
3328 534 3534 589 mdttt,

280 625 373 679 διὰ
398 625 500 697 τὴν
543 624 714 698 αὐτὴν
757 625 960 692 αίτίαν,
987 626 1055 698 ἢν
1090 627 1346 698 ἀνωτέρω
1391 626 1719 698 είρήκαομεν.
1744 625 1852 679 Τοῦ

284 717 551 791 συνεργοῦ
576 717 633 771 δὲ
661 716 863 790 μείζων
894 719 924 772 6
982 717 1415 789 συστρατιώτης.
1460 719 1721 790 Συνεργεί
1753 716 1854 788 μὲν

283 809 396 879 γάρ
427 826 513 873 τις
539 810 633 863 καὶ
660 812 717 863 ὲν
747 807 1052 872 ἀκινδύνοις
1074 809 1424 882 πράγμασιν·
1457 811 1485 864 6
1513 808 1570 862 δὲ
1615 825 1850 881 συστρα-

283 899 507 974 τιώτης,
533 901 751 965 πάντως
778 903 834 956 ὲν
865 901 1148 966 κινδύνοις.

367 1075 568 1148 ’Υμῶν
613 1078 681 1132 δὲ
714 1080 1068 1136 ἀπόστολον
1113 1081 1216 1137 καί
1253 1081 1609 1153 λειτουργὸν
1653 1082 1696 1116 ⁹¹
1741 1080 1852 1151 τῆς

278 1172 489 1241 χρείας
509 1190 627 1243 μου
650 1173 881 1244 πέμψαι
905 1175 1056 1244 πρὸς
1079 1173 1256 1247 ὑμᾶς.
1278 1175 1558 1242 Τουτέστι,
1583 1175 1687 1230 Τὸν
1720 1174 1852 1248 παρ’

279 1264 443 1335 ὑμῶν
485 1265 860 1321 ἀποσταλέντα
904 1267 1043 1339 πρός
1085 1285 1176 1339 με,
1220 1268 1348 1340 ὑμῖν
1400 1267 1735 1340 χαρίζομαι·
1783 1267 1851 1321 δι’

278 1355 448 1410 αὐτοῦ
477 1356 584 1429 γὰρ
613 1352 754 1429 ἦσαν
783 1358 1091 1424 στείλαντες
1137 1360 1287 1431 αὐτῷ
1335 1360 1406 1415 τὰ
1451 1352 1589 1433 πρὸς
1639 1361 1849 1432 χρείαν.

282 1448 375 1515 Ἦ,
397 1448 593 1521 ’Υμῶν
613 1451 981 1521 ἀπόστολον,
1011 1453 1102 1507 τὸν
1130 1453 1449 1509 διδάσκαλον
1471 1454 1501 1508 ύ
1509 1453 1645 1526 μῶν,
1665 1454 1847 1527 φησίν.

362 1626 607 1698 Ἐπειδὴ
631 1626 1048 1701 ἐπιποθῶνζῆν
1071 1632 1308 1699 πάντας
1331 1633 1486 1703 ὑμᾶς
1536 1634 1704 1700 ἰδεῖν,
1751 1638 1851 1691 καί

273 1715 598 1786 ἀδημονῶν
658 1717 809 1773 διότι
863 1719 1167 1788 ἠκούσατε
1221 1720 1312 1776 ὅτι
1353 1723 1681 1792 ἠσθένησε.
1740 1726 1848 1780 Kal

274 1807 389 1878 γὰρ
401 1809 711 1879 ἠσθένησε
726 1810 1157 1881 παραπλήσιον
1177 1813 1430 1880 θανάτῳ.
1451 1815 1642 1881 Εἰδὼς,
1659 1819 1845 1887 φησιν,

1960 619 2185 691 perindc
2235 635 2296 675 ac
2335 620 2695 686 Timotheum,
2730 620 2797 676 ob
2828 619 3070 675 eamdem
3122 633 3341 674 causam
3371 633 3535 687 quam

1961 725 2125 779 supra
2186 710 2457 766 diximus.
2540 709 2903 782 Cuoperatore
2971 719 3151 765 autem
3239 709 3538 766 commilito

1960 803 2133 871 major
2165 811 2268 859 est.
2302 802 2633 872 Cooperatur
2660 804 2804 860 enim
2862 803 3055 874 aliquis
3092 803 3145 859 in
3183 801 3350 875 m
3373 803 3537 858 rebus

1959 894 2124 949 etiam
2196 907 2317 964 qua:
2381 893 2620 961 periculo
2692 902 2927 949 carent:
3004 892 3300 950 commilito
3353 900 3535 948 autem

1958 985 2181 1043 omnino
2212 985 2266 1040 in
2301 985 2577 1056 periculis.

2043 1077 2279 1134 Vestrum
2309 1087 2483 1133 autem
2514 1077 2805 1145 apostolum
2836 1087 2883 1131 et
2921 1078 3218 1134 ministrum
3259 1078 3538 1133 necessita-

1960 1170 2027 1224 tis
2048 1186 2175 1226 mea:
2202 1170 2404 1225 mittere
2430 1169 2500 1223 ad
2532 1185 2641 1224 vos.
2675 1165 2790 1224 Hoc
2816 1175 2921 1235 est,
2944 1183 3070 1224 eum
3099 1169 3188 1239 qui
3214 1184 3245 1225 a
3277 1169 3430 1225 vobis
3467 1166 3535 1223 ad

1960 1276 2049 1316 me
2079 1261 2278 1319 missus
2305 1270 2411 1328 est,
2455 1261 2599 1318 dono
2628 1259 2784 1318 vobis
2813 1274 2831 1315 :
2868 1275 2963 1333 per
2993 1261 3168 1330 ipsum
3192 1261 3334 1316 enim
3367 1261 3416 1315 ei
3445 1259 3538 1313 mi-

1960 1363 2143 1410 seraut
2169 1368 2288 1424 quae
2316 1355 2380 1409 ad
2420 1353 2590 1423 ipsius
2626 1367 2782 1409 usum
2809 1359 2865 1409 et
2897 1353 3273 1408 necessitatem
3300 1353 3539 1422 pertine-

1959 1453 2105 1502 rent.
2159 1445 2281 1512 Vel,
2341 1443 2578 1501 Vestrum
2643 1446 2959 1515 apostolum,
3005 1456 3391 1518 praeceptorem
3438 1458 3537 1500 ceu

1960 1536 2239 1591 doctorem
2276 1543 2514 1590 vestrum
2545 1536 2695 1591 dicit.

2031 1628 2192 1683 Vens.
2221 1627 2311 1695 26,
2355 1627 2446 1680 27.
2497 1627 2929 1698 Quandoquidem
2973 1627 3304 1682 desiderabat
3358 1641 3537 1680 clunes

1958 1737 2046 1776 vos
2076 1721 2267 1785 videre,
2306 1737 2370 1775 ac
2426 1732 2638 1777 maestus
2687 1728 2801 1775 erat
2849 1728 3119 1789 propterea
3165 1718 3302 1788 quod
3349 1716 3537 1772 audie-

1959 1812 2093 1868 ratis
2122 1812 2270 1867 illum
2293 1813 2646 1883 inﬁrmatum.
2676 1811 2819 1866 Nam
2862 1819 2911 1866 et
2940 1811 3241 1881 inﬁrmatus
3270 1819 3344 1864 est
3377 1826 3539 1878 usque

270 1900 360 1953 ὅτι
412 1900 664 1968 ἀγαπᾶτε
717 1903 898 1968 αὑτὸν,
926 1903 1020 1958 καὶ
1047 1905 1132 1958 ὅτι
1184 1903 1493 1977 ἐλυπήθητε
1529 1907 1622 1963 ἐπὶ
1655 1910 1721 1980 τῇ
1751 1910 1850 1982 69-

1966 1902 2021 1957 1d
2076 1911 2317 1959 mortem.
2347 1901 2691 1970 Compertum
2742 1900 2965 1967 habens,
3002 1899 3194 1968 inquit,
3228 1900 3369 1968 quod
3407 1898 3532 1953 dili—

275 1989 487 2060 ρωστίᾳ.
536 1991 724 2057 αὐτοῦ,
760 1992 1015 2048 ἔπιποθεῖ
1048 1994 1176 2049 ἰδεῖν
1206 1995 1371 2066 ὑμᾶς,
1405 1996 1492 2050 ἵνα
1530 1999 1630 2069 τῆς
1673 1997 1852 2071 λύπης

272 2080 424 2151 ὑμᾶς
478 2084 788 2158 ἀπαλλάξῃ,
818 2086 886 2159 ἢν
937 2087 1089 2158 ἔχετε
1129 2089 1222 2143 ἐπὶ
1260 2093 1324 2161 τῇ
1363 2090 1619 2165 ἀσθενείᾳ
1657 2091 1843 2147 αὐτοῦ.

275 2175 390 2228 Καὶ
419 2175 545 2231 ἄλλο
571 2177 628 2230 δέ
656 2196 705 2232 τι
740 2181 1140 2244 κατασκευάζει
1172 2182 1428 2237 ἐνταῦθα.
1469 2183 1851 2255 Ἀπολογετται

275 2266 461 2348 αὐτοῖς
484 2268 569 2338 ἐφ’
593 2262 637 2338 ᾧ
658 2269 745 2324 διὰ
775 2272 967 2342 χρόνου
998 2273 1209 2343 πέμπει
1240 2275 1377 2344 πρὸς
1408 2274 1630 2343 αὐτοὺς,
1658 2292 1849 2348 μονονο

272 2357 397 2428 ουχὶ
426 2358 600 2428 λέγων
629 2378 645 2393 ο
691 2362 765 2415 Οὐ
799 2362 939 2417 κατὰ
963 2363 1235 2435 ρᾳθυμίαν
1264 2364 1424 2420 τοῦτο
1448 2367 1693 2437 γέγονεν,
1716 2368 1853 2425 ἀλλὰ

272 2445 367 2499 τὸν
393 2448 494 2518 μὲν
522 2447 788 2521 Τιμόθεον
805 2454 880 2517 ὡς
917 2453 1171 2526 ἰσόψυχον
1198 2456 1415 2529 κατέχω
1431 2461 1563 2529 παρ’
1588 2461 1813 2534 ἐμαυτῷ
1834 2479 1848 2495 '

270 2538 303 2591 6
343 2538 404 2592 δὲ
445 2540 832 2612 Ἐπαφρόδιτος
878 2546 1169 2620 ἠσθένησε,
1188 2551 1282 2603 καὶ
1309 2549 1399 2605 διὰ
1425 2549 1588 2606 τοῦτο
1614 2553 1717 2626 πρὸ
1734 2572 1853 2608 και-

277 2628 374 2698 ροῦ
401 2630 501 2686 οὐκ
528 2627 709 2706 ἦλθεν,
750 2637 875 2690 ἐπεὶ
919 2638 966 2669 ⁹²
1013 2639 1200 2711 μακρὰ
1247 2643 1279 2712 ἡ
1325 2643 1609 2713 ἀρρωστία
1645 2646 1807 2701 αὐτοῦ
1834 2663 1850 2680 ·

273 2725 670 2793 παραπλησία
697 2726 806 2798 γὰρ
835 2728 1087 2797 θανάτῳ.

346 2983 513 3040 Ἀλλ’
534 2987 568 3040 ὀ
591 2986 736 3052 Θεὸς
767 2986 955 3043 αὐτὸν
977 2989 1224 3059 ἠλέησε.
1264 2994 1330 3047 Τί
1361 2995 1566 3064 λέγεις,
1595 2995 1642 3054 ω
1673 3002 1848 3058 Μανι-

273 3078 435 3147 luis;
482 3078 546 3132 Εί
591 3078 826 3151 πονηρὸς
862 3080 891 3134 6
926 3081 1152 3153 κόσμος,
1194 3084 1346 3157 καὶὴ
1379 3088 1438 3141 ἐν
1467 3092 1666 3165 ,τούτῳ
1712 3093 1850 3167 ζωὴ,

274 3168 395 3233 πῶς
424 3168 520 3222 νῦν
546 3169 575 3223 6
613 3171 935 3237 Ἀπόστολος
964 3172 1115 3227 ἔλεον
1145 3174 1284 3230 Θεοῦ
1318 3179 1499 3245 καλεῖ,
1531 3184 1592 3237 τὸ
1618 3185 1848 3258 ὲαθῆναι

272 3261 367 3316 τὸν
424 3261 808 3334 Ἐπαφρόδιτον
837 3265 896 3318 ὲν
921 3264 988 3337 τῇ
1024 3264 1137 3338 ζωῇ
1164 3284 1179 3333 ;
1220 3268 1382 3323 Ἀλλὰ
1416 3238 1535 3338 τοὶς
1565 3238 1851 3349 μιηῖᾀὲρξζ
1882 3238 1924 3294 C

272 3356 446 3419 τικοίς
476 3355 651 3421 οὐδεὶς
677 3357 816 3429 πρὸς
844 3357 1004 3413 τοῦτο
1039 3359 1197 3429 λόγος
1217 3376 1233 3393 ·
1262 3360 1561 3435 ζητήσεσιαν
1593 3368 1637 3424 δ’
1659 3370 1725 3426 ἂν
1758 3372 1852 3426 καὶ

273 3447 591 3517 Χριστιανοί
615 3464 631 3481 ο
662 3448 725 3503 Et
755 3449 919 3504 καλὸν
955 3450 1018 3505 τὸ
1050 3450 1319 3508 ἀναλῦσαι
1362 3457 1465 3512 καὶ
1504 3461 1601 3516 σὺν
1629 3462 1852 3534 Χριστῷ

273 3538 435 3624 sint,
459 3539 602 3604 τίνος
626 3539 811 3596 ἕνεκεν
849 3540 997 3596 ἐλεόν
1025 3560 1159 3615 φησι
1185 3545 1280 3599 τοῦ
1311 3546 1452 3604 Θεοῦ
1483 3550 1585 3624 τὴν
1616 3535 1853 3611 ἐνταῦθα

273 3621 416 3682 εἶναι
450 3629 631 3703 ζωήν;
655 3633 727 3685 Ἢ
760 3632 939 3687 τοίνυν
958 3634 1090 3690 διότι
1111 3637 1205 3691 καὶ
1225 3638 1254 3692 6
1290 3621 1684 3716 Ἐπαφρόδιτος
1703 3645 1850 3701 διδά-

274 3721 477 3787 σκαλος
505 3722 602 3791 ὣν,
638 3723 833 3797 ἔμελλε
883 3727 1137 3794 πλείονας
1175 3730 1355 3802 ψυχὰς
1407 3741 1779 3808 προσαγαγεῖν
1808 3738 1854 3773 ⁸³

273 3814 353 3884 τῷ
383 3814 502 3885 Θεῷ
525 3817 788 3891 ἐπιζήσας
819 3820 977 3893 (ὅπερ
999 3823 1433 3900 ἀναγκαιότερόν
1465 3830 1582 3883 ἐστι
1610 3829 1706 3884 τοῦ
1731 3831 1858 3885 ἀνα-

276 3907 555 3975 λῦσαι,ὡς
578 3912 838 3985 ἀνωτέρω
866 3914 1184 3993 είρηταῴῆ
1219 3921 1390 3976 πολλὰ
1424 3924 1519 3976 καὶ
1566 3922 1709 3978 κατὰ
1755 3924 1855 3993 τὴν

275 3997 463 4068 κοινὴν
497 4000 787 4071 συνήθειαν
815 4003 928 4063 τῶν
968 4010 1275 4065 ἀκουόντων
1304 4012 1334 4064 6
1362 4011 1573 4075 Παῦλος
1618 4012 1856 4082 φθέγγεσ-

275 4105 396 4157 ut,
420 4091 517 4148 ἶᾶὶ
541 4092 601 4149 σὺ
633 4099 910 4170 πανταχοῦ
967 4101 1250 4172 φιλοσοφεῖ
1315 4101 1462 4173 Πρὸς
1494 4102 1602 4172 γὰρ
1646 4100 1859 4172 ἀνθρώ-

282 4202 422 4247 πους
461 4185 747 4257 βιωτικοὺς
773 4185 842 4261 ἦν
870 4191 1017 4263 αύτῷ
1056 4193 1085 4246 6
1114 4191 1389 4261 λόγος,ἔτι
1422 4191 1731 4255 δεδοικότας
1768 4190 1860 4244 τὸν

282 4274 539 4333 θάνατον.
589 4279 797 4345 Ἄλλως
838 4298 920 4347 τε,
946 4285 1042 4337 καὶ
1071 4284 1235 4339 καλὸν
1265 4285 1298 4356 ὴ
1334 4284 1586 4356 παροῦσα
1614 4284 1729 4353 ζωὴ
1758 4283 1859 4337 αὐ-

282 4368 352 4437 τὴ
383 4368 509 4423 καθ’
551 4370 752 4443 ἑαυτήν
779 4390 794 4407 ο
814 4374 937 4428 ἐπεὶ
963 4373 1052 4429 διὰ
1086 4376 1140 4428 τί
1179 4376 1239 4428 ὲν
1269 4376 1423 4441 τάξει
1454 4375 1730 4441 κολάσεως
1777 4375 1861 4430 τί·

284 4458 414 4530 θησι
463 4461 591 4526 τοὺς
622 4461 837 4534 ἀώρους
869 4463 1161 4532 θανάτους;
1188 4466 1292 4520 Διά
1310 4467 1488 4522 τοῦτο
1513 4466 1647 4538 γὰρ,
1672 4467 1857 4538 φησιν,

1952 1992 2091 2064 satis
2119 1992 2317 2063 ipsum,
2349 2000 2404 2048 et
2435 1998 2579 2062 quod
2612 1990 2917 2047 contristati
2946 1990 3080 2047 eStis
3112 2004 3273 2058 super
3306 1999 3535 2059 aegrota-

1954 2085 2103 2140 tione
2145 2084 2284 2154 ejus,
2324 2085 2594 2141 desiderat
2623 2083 2806 2141 videre
2844 2097 2954 2149 vos,
3004 2091 3063 2138 ut
3111 2097 3140 2136 a
3172 2081 3394 2136 tristitia
3439 2094 3535 2134 vos

1953 2175 2230 2241 liberaret,
2269 2190 2433 2245 quam
2466 2175 2676 2232 habetis
2703 2183 2923 2246 propter
2983 2172 3352 2229 inﬁrmitatem
3382 2170 3524 2243 ejus.

1953 2267 2112 2323 Aliud
2142 2276 2321 2324 autem
2350 2267 2436 2321 hic
2465 2266 2626 2322 etiam
2662 2264 2821 2321 eﬁicit
2849 2281 2863 2319 :
2898 2280 3021 2319 nam
3055 2264 3317 2319 rationem
3352 2262 3527 2319 reddit

1951 2359 2053 2425 eis,
2084 2372 2252 2428 quare
2281 2358 2456 2414 serius
2483 2358 2657 2428 ipsum
2697 2356 2766 2412 ad
2797 2371 2893 2413 eos
2939 2357 3139 2424 mittat,
3174 2364 3380 2411 tantum
3425 2369 3534 2409 non

1954 2449 2027 2505 ita
2078 2450 2265 2507 dicens
2313 2468 2327 2504 :
2388 2447 2507 2504 Non
2553 2462 2650 2521 per
2695 2448 3000 2505 socordiam
3048 2448 3152 2503 hoc
3198 2446 3397 2501 factum
3427 2453 3536 2509 est,

1959 2556 2145 2597 verum
2200 2539 2542 2596 Timotheum
2597 2539 2836 2611 quidem,
2887 2554 2983 2595 ceu
3027 2538 3266 2609 ejusdem
3319 2553 3533 2594 mecum

1954 2634 2141 2700 animi,
2196 2633 2337 2703 apud
2405 2648 2490 2689 me
2555 2632 2774 2689 detineo
2828 2651 2841 2687 :
2896 2631 3291 2702 Epaphroditus
3352 2639 3537 2686 autem

1955 2726 2259 2798 mgrotavit,
2296 2740 2359 2782 ac
2407 2734 2686 2797 pr0pterea
2725 2742 2832 2781 non
2865 2726 3011 2782 venit
3061 2725 3247 2790 citius,
3275 2724 3541 2794 :quandoo

1955 2819 2170 2888 quidem
2206 2817 2486 2881 diuturna,
2535 2826 2590 2872 et
2638 2818 2796 2872 morti
2848 2816 3135 2872 admodum
3187 2815 3366 2871 vicina
3411 2813 3538 2885 ejus

1953 2908 2218 2981 egritudo
2248 2908 2431 2965 luerit.

2025 2997 2127 3056 Sed
2193 2998 2332 3054 Deus
2386 2999 2550 3068 ipsius
2627 3000 2867 3054 misertus
2918 3006 3016 3056 est.
3074 2997 3213 3067 Quid
3269 2997 3445 3062 dicis,
3496 3013 3529 3052 ο

1935 3064 2252 3146 ’Μσιιίοιηεο
2287 3091 2306 3144 l
2340 3064 2416 3146 Si-
2442 3091 2678 3146 mundus
2727 3106 2926 3162 pravus
2975 3064 3175 3159 estjct
3221 3091 3328 3147 vita
3374 3106 3533 3162 quam

1959 3182 2013 3258 in
2080 3181 2172 3236 illo
2222 3181 2474 3245 vivimus,
2531 3184 2800 3252 quomodo
2852 3199 2992 3240 nunc
3040 3183 3329 3255 Apostolus
3383 3191 3543 3240 vocat

1958 3274 2387 3330 misericordiam
2425 3274 2541 3341 Dei,
2571 3277 2713 3344 quod
2745 3274 3166 3346 Epaphroditum
3199 3276 3382 3332 vivere
3408 3291 3533 3347 per-

1953 3366 2214 3423 miserit?
2246 3366 2445 3423 Verum
2498 3366 2764 3423 hazreticis
2790 3367 2925 3423 nihil
2969 3377 3055 3423 est
3097 3367 3238 3437 quod
3271 3368 3338 3422 ad
3389 3368 3530 3422 istud

1953 3459 2342 3529 respondeant;
2375 3458 2666 3515 Christiani
2715 3469 2891 3515 autem
2918 3460 3005 3515 hic
3037 3473 3277 3530 quaerere
3301 3470 3499 3530 queant
3519 3473 3538 3512 :

1959 3549 2018 3605 Si
2052 3548 2256 3605 bonum
2304 3551 2376 3606 sit
2408 3550 2654 3613 dissolvi,
2692 3561 2749 3608 et
2784 3565 2906 3607 cum
2960 3548 3180 3606 Christo
3213 3564 3354 3614 esse,
3383 3550 3539 3620 cujus

1953 3643 2128 3714 gratia
2206 3642 2635 3698 misericordiam
2691 3641 2786 3697 Det
2849 3642 2993 3699 dicat
3037 3656 3157 3698 esse
3222 3650 3538 3711 prteseutctu

1954 3735 2167 3790 vitam?
2235 3733 2335 3789 Vel
2390 3736 2515 3805 quia
2571 3734 2989 3808 Epaphroditus,
3038 3734 3125 3804 qui
3168 3733 3357 3789 doctor
3397 3740 3538 3790 erato

1955 3826 2137 3897 plures
2162 3825 2369 3882 animas
2395 3828 2462 3882 ad
2495 3826 2659 3881 Deum
2688 3825 3015 3883 adducturus
3035 3833 3172 3891 erat,
3208 3826 3252 3881 si
3285 3829 3489 3881 vireret
3514 3843 3531 3883 :

1956 3919 2096 3987 quod
2135 3918 2307 3987 magis
2357 3917 2723 3973 necessarium
2763 3932 2924 3987 quam
2976 3917 3222 3979 dissolvi,
3276 3925 3334 3973 ut
3375 3932 3537 3986 supra

1957 4018 2433 4064 commemoratum
2477 4019 2582 4065 est.
2612 4006 2708 4062 Vel
2755 4007 2925 4063 multa
2974 4007 3149 4064 etiam.
3182 4007 3335 4078 juxta
3389 4023 3539 4062 com—

1959 4115 2175 4156 munem
2209 4100 2516 4156 auditorum
2557 4101 3005 4156 consuetudinem
3038 4099 3240 4154 Paulus
3268 4100 3529 4169 loquitur,

1957 4201 2012 4247 et
2054 4207 2158 4246 non
2215 4191 2415 4261 ubique
2459 4192 2919 4263 philosophatur:
2950 4190 3260 4247 hominibus
3301 4190 3444 4246 enim
3485 4190 3537 4244 in

1961 4281 2160 4338 suaculo
2212 4282 2494 4351 agentibus
2544 4282 2709 4337 verba
2753 4282 2902 4349 facit,
2949 4282 3040 4351 qui
3086 4289 3312 4336 mortem
3364 4279 3540 4334 adhuc

1963 4372 2290 4428 metuebant.
2316 4372 2607 4442 Prmterea,
2649 4374 2755 4428 vita
2797 4387 3035 4443 praesens
3060 4373 3173 4442 ipsa
3211 4384 3307 4437 per
3350 4382 3410 4424 se
3453 4383 3541 4424 res

1963 4466 2099 4521 bona
2132 4473 2213 4521 est
2241 4482 2253 4519 :
2286 4465 2482 4536 alioqui
2510 4481 2609 4521 cur
2638 4481 2809 4535 pmnte
2834 4465 2951 4519 loco
2983 4464 3303 4518 immaturas
3336 4468 3539 4516 mortes

284 4552 564 4621 ἀσθενεῖς
604 4555 676 4610 ἐν
709 4555 871 4627 ὑμῖν,
904 4556 1005 4612 καί
1055 4558 1373 4629 κοιμῶνται
1405 4560 1621 4615 ἱκανοί.
1654 4560 1719 4613 Ἦ
1752 4558 1853 4630 γὰρ

1966 4556 2160 4628 ponit?
2200 4556 2325 4611 Ideo
2360 4558 2495 4611 inter
2540 4574 2645 4622 vos,
2684 4556 2880 4626 inquit,
2913 4555 3067 4609 multi
3108 4554 3309 4625 inﬁrmi
3344 4561 3394 4607 et
3441 4554 3540 4605 im-

290 4645 560 4714 μέλλουσα
614 4647 729 4719 ζωὴ
785 4649 907 4719 οὐχὶ
949 4651 1186 4722 πονηροῦ
1238 4651 1502 4723 κρείττων
1555 4650 1701 4723 (ἐπεὶ
1752 4651 1855 4706 οὐκ

288 4735 513 4806 ἀγαθὴ),
535 4736 669 4790 ἀλλὰ
701 4738 868 4793 καλοῦ
902 4739 1154 4794 καλλίων.

362 4917 484 4970 Οὐκ
513 4917 699 4971 αὑτὸν
716 4916 786 4972 δὲ
803 4920 1016 4985 μόνον,
1030 4918 1193 4973 ἀλλὰ
1215 4919 1315 4972 καὶ
1356 4918 1480 4986 ἐμέ.
1520 4917 1706 4989 Ὁρᾷς,
1744 4917 1860 4982 πῶς

288 5006 383 5059 καὶ
408 5005 517 5059 ἀπὸ
547 5007 736 5061 τούτου
776 5008 1055 5080 αἰδέσιμον
1075 5008 1121 5041 ³⁵
1146 5012 1288 5063 ποιεῖ
1310 5010 1401 5061 τὸν
1436 5008 1861 5079 Ἐπαφρόδιτον;

289 5097 344 5148 ετ
393 5113 458 5164 γε
509 5097 609 5167 τὴν
652 5099 862 5152 ἐκείνου
894 5099 962 5152 ἐκ
1014 5099 1109 5170 τῆς
1144 5102 1456 5171 ἀρρωστίας
1504 5101 1860 5173 ἀνακομιδὴν,

236 5230 244 5242 ,
290 5188 614 5258 εὐεργεσίαν
645 5191 708 5243 ἐκ
740 5191 878 5245 Θεοῦ
911 5191 1122 5245 οἰκείαν
1157 5193 1250 5248 καὶ
1287 5192 1436 5246 ἔλεον
1464 5194 1703 5249 τίθεται.

367 5375 501 5430 Ἵνα
526 5374 613 5444 μὴ
652 5376 860 5444 λύπην
887 5376 986 5431 ἐπὶ
1027 5377 1195 5446 λύπῃ
1233 5376 1386 5446 σχῶ.
1409 5377 1719 5441 Tantis-civ,
1746 5377 1864 5430 Ἵνα

297 5465 376 5537 μὴ
419 5466 514 5520 σὺν
558 5469 623 5538 τῇ
671 5466 816 5538 λύπῃ
845 5470 911 5537 τῇ
944 5470 1010 5523 ὲκ
1057 5468 1157 5539 τῆς
1200 5469 1513 5541 ἀρρωστίας
1545 5467 1712 5523 αὐτοῦ
1742 5468 1866 5520 ἐπι-

445 5600 462 5641 ί
502 5600 521 5653 ι
552 5597 678 5655 Cor.
705 5615 780 5667 xi,
811 5600 900 5655 50.

1967 4646 2192 4711 becilles,
2227 4657 2276 4701 et
2303 4646 2573 4701 dormiunt
2612 4645 2762 4701 multi
2787 4649 2831 4700 ί.
2860 4644 3063 4701 Futura
3087 4646 3232 4701 enim
3262 4645 3392 4709 vita,
3435 4656 3539 4697 non

1961 4749 2047 4792 est
2075 4751 2235 4806 prava
2264 4738 2473 4803 melior,
2505 4738 2582 4793 sic
2605 4737 2748 4794 enim
2791 4736 2933 4791 haud
2968 4738 3105 4792 bona
3133 4745 3300 4799 esset,
3345 4748 3532 4789 verum

1963 4834 2053 4883 est
2085 4827 2222 4883 bona
2252 4828 2466 4882 melior.

2037 4917 2163 4974 Non
2203 4920 2371 4975 solum
2416 4931 2590 4977 autem
2626 4921 2759 4992 ejus,
2786 4938 2963 4977 verum
2991 4922 3151 4977 etiam
3195 4920 3314 4975 mei.
3349 4919 3540 4973 Anim-

1962 5010 2201 5067 advertis
2228 5028 2335 5081 quo
2363 5028 2521 5082 pacto
2569 5024 2625 5070 et
2655 5015 2782 5070 hinc
2839 5012 3260 5085 Epaphroditum
3304 5011 3540 5064 honora-

1966 5102 2124 5159 bilem
2165 5106 2387 5161 reddit?
2417 5104 2690 5175 Siquidem
2724 5106 2868 5161 illius
2912 5107 2978 5160 ab
3022 5102 3344 5173 aegritudine
3387 5114 3541 5154 reru-

1967 5195 2299 5261 lescentiam,
2352 5199 2669 5254 beneﬁcium
2723 5198 2815 5253 Dei
2859 5197 3152 5266 peculiare,
3204 5202 3258 5247 et
3325 5190 3541 5246 miseri-

1951 5286 2211 5341 'cordiam
2241 5289 2409 5358 ponit.

2048 5376 2132 5432 Ne
2182 5382 2451 5434 tristitiam
2487 5395 2642 5451 super
2674 5378 2944 5433 tristitiam
2990 5375 3251 5430 haberem.
3284 5373 3394 5427 Hoc
3436 5379 3543 5437 est,

1972 5484 2042 5523 ne
2070 5470 2135 5523 ad
2166 5470 2436 5524 tristitiam
2474 5484 2592 5538 quae
2627 5467 2762 5522 mihi
2791 5480 2857 5522 ex
2889 5465 3201 5521 inﬁrmitate
3226 5462 3391 5533 ipsius
3424 5459 3547 5515 sub-

1634 5713 1832 5776 Varim
1864 5712 2187 5779 lectiones.

366 5840 416 5874 ’τ
445 5841 703 5912 συνεργὸν
730 5858 785 5900 ο.
860 5844 903 5876 θ’
937 5841 1126 5913 ἐπειδὴ
1154 5857 1204 5897 o.
1275 5842 1319 5874 ⁸³
1356 5842 1737 5913 προσενεγκεῖν
1775 5858 1829 5897 o.
1908 5842 1954 5876 "'
1984 5842 2119 5895 αἰδὼ
2181 5859 2236 5897 ο.
