3932 6582
493 392 628 457 1175
1403 399 1980 463 THEOPHYLACTI
2027 405 2441 470 BULGARLE
2477 414 2836 479 ARCHIEP.
3586 425 3709 490 1176

491 515 614 562 nata
660 517 762 570 est,
795 507 950 562 aliam
983 506 1255 562 tristitiam
1293 509 1547 580 habeam,
1581 530 1643 569 ex
1687 530 1753 572 co
1778 517 1916 586 quod
1945 518 2047 588 ipse

2163 526 2432 599 γενομένῃ
2489 546 2602 599 μοι,
2650 533 2744 585 καὶ
2795 531 2985 604 ἑτέραν
3033 533 3206 606 λύπην
3244 537 3380 608 σχῶ,
3419 540 3513 610 τὴν
3542 542 3601 594 ἐκ
3631 547 3712 600 τοῦ

492 599 776 654 moriatur.

2168 614 2461 670 ἀποθανεῖν
2490 620 2654 674 αὐτόν

557 689 719 761 445
746 687 907 744 Vens.
926 688 1027 744 .28.
1051 688 1412 748 Festinantius
1439 704 1616 750 autem
1646 699 1764 753 misi
1789 700 1980 768 ipsum,
2005 717 2047 755 ut

2227 709 2709 780 Σπουδαιοτέρως
2719 714 2788 768 δὲ
2802 715 3042 786 ἔπεμψα
3058 718 3373 782 αὑτὸν,ῖνα
3387 719 3606 789 ἰδόντες
3620 728 3709 780 ab-

490 796 600 835 mo
615 797 674 834 eo
699 779 994 850 gaudeatis.
1017 779 1129 835 Hoc
1159 791 1264 846 est,
1287 782 1417 840 Siue
1445 785 1892 859 dilationeipsum
1918 792 2047 855 misi1

2165 801 2273 854 τὸν
2295 803 2537 873 χαρῆτε.
2567 807 2882 878 Τουτὲστιν,
2907 779 3346 886 -ἱλνυπερθὲτως
3378 779 3606 886 ἔπεμψα,
3632 779 3706 872 ἵνα

491 879 550 925 ut
591 870 835 926 videntes
863 871 1036 942 ipsum
1065 885 1096 926 a
1127 886 1360 928 moerere
1393 889 1551 944 quem
1585 891 1651 932 ex
1699 883 1816 949 ejus
1843 881 2047 950 agritu-

2169 891 2272 960 τῆς
2301 870 2389 946 ιξπἰ
2411 870 2560 967 αὐτῷ
2605 870 2905 968 ἀδημονίας
2953 870 3306 975 ἀπαλλαγῆτε
3325 870 3416 958 ’ἐκ
3457 870 3547 959 τοῦ

492 959 616 1014 dine
685 962 1081 1032 conceperatis,
1131 962 1344 1019 liberati
1400 965 1560 1031 sitis,
1617 969 1700 1022 vel
1775 971 1954 1038 potius
2004 981 2047 1026 ul

2164 959 2348 1050 αὑτὸν,
2379 959 2582 1053 μᾶλλον
2620 959 2943 1060 διάαρῆὲε.
3031 1029 3034 1034 .

489 1052 793 1123 gaudeatis.

566 1145 632 1200 Et
667 1161 761 1216 ego
793 1147 966 1201 minus
993 1148 1216 1202 tristitiae
1249 1149 1487 1204 habeam.
1524 1149 1804 1217 Quomodo
1827 1168 1922 1208 ero
1955 1153 2047 1209 mi-

2231 1158 2403 1229 Κάγὼ
2447 1161 2820 1233 ἀλυπότερος
2854 1159 2921 1220 ὦ.
2945 1166 3072 1231 Πῶς
3121 1165 3456 1238 ἀλυπότερος
3493 1160 3562 1233 ὣ;
3598 1168 3703 1222 Ὅτι

488 1252 590 1292 nus
612 1237 825 1292 tristis?
847 1236 1112 1303 Quoniam
1137 1240 1182 1294 si
1201 1255 1295 1296 vos
1315 1243 1612 1311 gaudeatis,
1637 1253 1685 1296 et
1709 1258 1808 1314 ego
1831 1245 2047 1314 gaudeo.

2159 1251 2256 1304 ἐὰν
2299 1252 2457 1321 ὑμεῖς
2499 1255 2744 1327 χαίρητε,
2800 1257 2958 1328 κάγὼ
2999 1259 3195 1331 χαίρω.
3241 1236 3378 1314 Καὶν
3406 1260 3506 1312 οὐκ
3547 1256 3696 1327 εἶπεν,

484 1329 597 1385 Nec
627 1328 783 1394 dixit,
820 1326 889 1384 Ut
914 1329 1031 1384 siue
1061 1330 1279 1384 tristitia
1311 1331 1410 1386 sim
1439 1349 1453 1398 ;
1499 1333 1613 1398 sed,
1647 1332 1818 1387 Minus
1835 1335 2047 1390 tristitia

2162 1343 2418 1407 Ἄλυπος,
2442 1326 3034 1417 all',’A.1v:tdtepoc,
3055 1326 3268 1412 δεικνὺς
3289 1351 3371 1403 ὅτι
3401 1349 3435 1418 ή
3460 1347 3595 1417 ψυχὴ
3621 1349 3699 1400 αὐ-

483 1423 742 1476 habeam:
770 1422 1000 1476 innuens
1050 1426 1192 1491 quod
1243 1423 1455 1478 animus
1496 1423 1610 1487 ejus
1643 1425 1788 1480 nullo
1820 1441 2047 1494 unquam

2157 1435 2252 1488 τοῦ
2281 1437 2535 1492 οὐδέποτε
2569 1439 2747 1509 λὺπης
2773 1436 2841 1510 ἦν
2870 1441 3044 1506 ἐκτός.
3080 1441 3180 1509 Τίς
3198 1441 3327 1513 γὰρ,
3349 1441 3530 1512 φησὶν,
3550 1441 3701 1496 ἀσθε-

483 1525 726 1583 tempore
748 1513 863 1568 sine
895 1513 1115 1567 tristitia
1157 1512 1341 1568 fuerit.
1369 1512 1498 1579 Quis
1515 1517 1672 1580 enim,
1703 1517 1800 1584 ait,
1825 1517 2056 1586 inﬁrma—
2155 1528 2267 1595 νεῖ,
2294 1528 2392 1583 καὶ
2412 1533 2520 1585 οὐκ
2541 1531 2810 1599 (io-08,313,-

407 1619 416 1636 '
485 1618 592 1670 tur,
624 1614 671 1660 et
696 1621 788 1675 ego
815 1621 917 1658 non
941 1605 1221 1672 inﬁrmari
1255 1605 1280 1659 ?

559 1697 720 1752 Vens.
751 1695 843 1750 29.
885 1696 1123 1760 Excipite
1178 1713 1300 1766 ergo
1348 1698 1516 1764 ipsum
1561 1700 1613 1753 in
1679 1699 1900 1756 Domino
1935 1720 2047 1759 cum

2224 1700 2640 1768 ὦκα-δέχεσθε
2677 1697 2791 1758 οὖν
2832 1705 3019 1759 αὐτὸν
3046 1705 3117 1759 ἐν
3137 1706 3332 1775 Κυρίῳ
3353 1706 3501 1776 μετὰ
3527 1707 3698 1776 πάσης

482 1791 628 1844 enini
658 1789 871 1858 gaudio.
913 1787 1027 1843 Hoc
1075 1797 1182 1855 est,
1205 1791 1549 1856 susceptione.
1580 1807 1699 1859 qua:
1746 1802 1830 1848 est
1861 1810 2047 1851 secun-

2158 1791 2369 1858 χαρᾶς.
2419 1791 2732 1857 Τουτέστιν,
2765 1795 2824 1846 ὲν
2876 1794 3116 1867 ὑποδοχῇ
3151 1799 3218 1868 τῇ
3265 1796 3410 1850 κατά
3455 1796 3599 1860 Θεὸν,
3635 1797 3699 1860 ὡς

484 1881 610 1934 dum
649 1879 844 1946 Deum,
891 1879 1350 1950 quemadmodum
1409 1881 1520 1934 Deo
1565 1895 1845 1953 acceptum
1878 1897 1960 1940 est
2003 1897 2047 1942 et

2158 1880 2478 1950 ἀποδέχεται
2513 1885 2541 1934 ὁ
2569 1881 2720 1946 Θεὸς,
2758 1883 2926 1953 ήγουν
2951 1885 3114 1951 ἀξίως
3153 1886 3264 1939 τῶν
3304 1887 3495 1954 ἁγίων.
3539 1886 3698 1940 Ταῦτα

483 1980 717 2043 gratum,
749 1970 833 2026 vel
879 1980 937 2026 ut
975 1971 1131 2026 decet
1174 1982 1414 2028 sanctos.
1457 1970 1580 2027 llaec
1613 1984 1792 2029 autem
1831 1988 2047 2048 propter

2154 1970 2214 2024 δὲ
2265 1974 2408 2024 ποιεῖ
2435 1973 2462 2024 δ
2495 1973 2704 2036 Παῦλος
2766 1975 2910 2046 ὑπὲρ
2963 1978 3142 2030 αὐτῶν
3187 1978 3296 2030 τῶν
3323 1979 3694 2048 Φιλιππησὶωνο

481 2065 632 2134 ipsos
677 2063 1047 2133 Philippenses
1093 2063 1294 2118 Paulus
1340 2063 1508 2118 facit:
1563 2066 1737 2136 majus
1775 2069 1918 2123 enim
1967 2070 2047 2124 lu-

2158 2063 2340 2130 μεῖςον
2374 2061 2484 2134 γὰρ
2516 2063 2575 2117 τὸ
2601 2064 2788 2135 κέρδος
2807 2065 2884 2136 τῷ
2913 2067 3174 2134 ποιοῦντι,
3197 2069 3232 2140 ἢ
3262 2069 3341 2140 τῷ
3363 2071 3606 2142 πάσχοντι
3620 2065 3690 2125 εὗ.

480 2173 636 2215 crum
668 2167 753 2215 est
779 2158 828 2213 ei
886 2158 975 2228 qui
1028 2157 1348 2214 beneﬁcium
1397 2156 1510 2224 dat,
1566 2172 1725 2228 quam
1758 2160 1846 2229 qui
1911 2163 2054 2218 acci-

481 2253 581 2322 pit.

553 2342 624 2398 Et
649 2343 952 2412 huiusmodi
977 2345 1029 2397 in
1060 2344 1256 2398 honore
1279 2344 1542 2399 habetote.
1575 2344 1650 2401 Ne
1679 2347 1926 2401 videatur
1953 2347 2047 2417 ipsi

2228 2342 2337 2396 Καὶ
2397 2341 2540 2410 τοὺς
2604 2345 2914 2412 τοιούτους
2995 2345 3278 2415 ἐντίμους
3351 2344 3535 2413 ἔχετε.
3595 2342 3693 2396 Ἵνα

483 2437 583 2494 soli
613 2437 929 2508 gratificari,
960 2437 1278 2492 adhortatur
1302 2437 1353 2490 in
1378 2438 1676 2502 communi,
1711 2449 1767 2491 ut
1804 2440 2047 2495 omnibus

2158 2433 2233 2504 μὴ
2279 2434 2403 2506 δόξῃ
2453 2433 2601 2507 αὑτῷ
2657 2435 2802 2506 μόνῳ
2847 2435 3192 2507 χαρίζεσθαι,
3232 2437 3426 2500 κοινῶς
3474 2437 3694 2507 παραινεῖ

485 2530 578 2598 qui
629 2531 819 2586 eadem
853 2529 963 2584 sint
1021 2543 1142 2584 cum
1193 2529 1562 2599 Epaphrodito
1601 2529 1800 2584 virtute
1849 2531 2047 2599 prmditi

2155 2527 2363 2591 πάντας
2417 2527 2545 2591 τοὺς
2597 2527 2696 2598 τὴν
2735 2528 2905 2600 αὐτὴν
2938 2530 2986 2562 ⁸⁸
3018 2529 3218 2602 ἀρετὴν
3247 2527 3694 2600 ἐπιδεικνυμένους

483 2621 742 2675 honorem
767 2619 1102 2688 impertiant.

2152 2635 2205 2670 τι
2215 2621 2340 2689 μᾷν,

553 2713 713 2768 Vnus.
750 2713 838 2767 50.
879 2711 1140 2777 Quoniam
1186 2720 1398 2779 propter
1438 2727 1564 2778 0pm.-
1610 2710 1827 2776 Christi,
1895 2729 2047 2782 usque

2227 2711 2353 2764 Ὀτι
2380 2711 2476 2766 διὰ
2504 2715 2571 2768 τὸ
2618 2717 2796 2783 ἔργον
2832 2714 2938 2770 τοῦ
2977 2715 3236 2783 Χριστοῦ
3260 2714 3438 2786 μέχρι
3459 2711 3691 2768 θανάτου

482 2807 551 2860 ad
590 2815 811 2858 mortem
870 2804 1110 2875 accessit,
1155 2819 1347 2863 unum
1383 2818 1493 2862 me
1543 2820 1726 2877 parum
1757 2806 2047 2866 consutam.

2153 2803 2382 2880 ἥγνισε,
2405 2806 3050 2881 παροϐουλευσάμενος
3083 2805 3157 2878 τῇ
3171 2805 3344 2878 ψυχῇ
3364 2805 3430 2862 ’⁸.
3462 2804 3561 2859 Τὸν
3585 2803 3697 2856 Ἐπ-

483 2904 904 2976 Epaphroditum
959 2903 1230 2956 miserunt
1287 2902 1354 2954 ad
1399 2899 1625 2954 Paulum
1660 2901 2047 2971 Philippenses,

2155 2903 2444 2974 αφρόδιτον
2489 2903 2739 2974 ἔπεμψαν
2777 2904 2826 2956 οἱ
2875 2904 3223 2972 Φιλιππήσιοι
3285 2900 3424 2968 πρὸς
3489 2896 3693 2959 Παῦλον,

483 3007 542 3052 ut
571 2997 834 3066 perferret
864 2995 928 3049 ad
951 3009 1073 3049 cum
1100 2993 1402 3047 necessaria
1423 2993 1618 3062 quibus
1647 2992 1869 3047 haberet
1896 3007 2047 3062 opus.

2153 2994 2536 3066 διακομίζοντα
2565 2996 2713 3066 αὑτῷ
2765 2994 2836 3048 τὰ
2891 2995 3025 3064 πρὸς
3076 2993 3287 3065 χρείαν.
3325 2986 3498 3060 Εὗρεν
3525 2988 3610 3042 οῦν
3649 2987 3696 3038 ὲν

485 3089 707 3160 Reperit
753 3088 917 3158 igitur
947 3086 1172 3141 Paulum
1211 3085 1397 3139 Romae
1432 3085 1484 3138 iu
1520 3085 1801 3156 periculis,
1835 3087 2047 3156 quando

2155 3087 2418 3150 κινδύνοις
2462 3087 2553 3141 τὸν
2601 3087 2812 3142 Παῦλον
2841 3089 2899 3140 ὲν
2937 3084 3124 3156 Ῥώμῃ
3150 3084 3217 3149 ⁸⁷,
3251 3083 3342 3136 ὅτε
3385 3076 3697 3132 ἐπικίνδυνον

482 3178 844 3245 periculosum
877 3185 994 3231 erat
1025 3175 1184 3230 alicui
1214 3173 1279 3228 ad
1315 3173 1466 3228 illum
1516 3174 1796 3240 accedere,
1837 3174 2047 3230 infenso

2154 3173 2223 3248 ἦν
2251 3195 2372 3231 τινα
2407 3177 2722 3249 προσελθεῖν
2757 3176 2926 3248 αὐτῷ,
2946 3177 3021 3240 ὡς
3051 3175 3145 3229 τοῦ
3181 3171 3444 3244 βασιλέως
3472 3168 3696 3240 ἀπεχθῶς

480 3266 729 3320 videlicet
776 3279 901 3335 erga
942 3265 1115 3333 ipsum
1162 3265 1508 3333 imperatore.
1550 3262 1687 3318 Tum
1723 3265 1888 3336 igitur
1934 3265 2047 3332 ille,

2152 3271 2285 3341 πρὸς
2313 3271 2476 3324 αὐτὸν
2509 3269 2746 3341 ἔχοντος.
2769 3271 2905 3322 Τότε
2956 3269 3137 3322 τοίνυν
3184 3260 3341 3328 οὗτος
3381 3262 3572 3326 παντὸς
3599 3277 3692 3313 κιν·

478 3359 624 3413 υιιιιιὶ
657 3359 898 3430 periculo
946 3359 1276 3428 posthabito,
1325 3360 1652 3415 ministravit
1707 3361 1901 3417 Paulo.
1935 3361 2047 3416 lloc

480 3454 644 3522 igitur
670 3468 811 3507 nunc
856 3453 1006 3507 dicit.
1061 3451 1446 3508 Animadverte
1477 3461 1657 3508 autem
1699 3472 1713 3509 :
1755 3469 1859 3510 non
1889 3453 2046 3520 dixit,

483 3548 704 3615 Propter
737 3559 864 3613 me;
904 3545 1018 3611 sed,
1051 3543 1283 3614 Propter
1323 3560 1458 3614 Opus
1489 3545 1580 3600 Dei
1632 3561 1819 3614 parum
1852 3561 2050 3600 consu-

480 3639 602 3704 luit,
639 3639 739 3692 hoe
764 3648 867 3704 est,
910 3638 1148 3707 seipsum
1196 3637 1380 3706 injecit
1417 3638 1598 3692 morti.
1636 3637 1774 3704 Quid
1805 3639 1947 3692 enim
1979 3639 2047 3702 si,

479 3730 588 3784 Deo
619 3729 692 3783 ita
742 3730 1123 3799 dispensante,
1159 3737 1402 3784 mortuus
1447 3745 1552 3783 non
1585 3730 1710 3784 est?
1747 3729 1836 3784 Ille
1869 3739 2046 3784 tamen

477 3831 778 3891 promptam
811 3821 1138 3875 voluntatem
1173 3819 1486 3874 declaravit.
1540 3819 1807 3885 Quocirca
1840 3830 1893 3873 et
1929 3834 2047 3883 nos,

479 3910 761 3980 siquando
807 3910 1099 3964 viderimus
1151 3917 1369 3964 sanctos
1427 3908 1681 3977 periculis
1733 3910 2045 3973 immersos,

480 4003 719 4074 pericula
751 4003 1101 4073 negligemus.
1156 3998 1282 4054 Haec
1311 4001 1455 4055 enim
1491 4000 1708 4056 demum
1758 4009 1842 4056 est
1887 4015 2047 4054 secu-

2149 3357 2307 3411 δύνου
2358 3360 2803 3430 καταφρονήσας,
2845 3357 3133 3428 διηκόνησε
3164 3355 3241 3427 τῷ
3287 3354 3503 3425 Παύλῳ.
3547 3351 3695 3404 Τοῦτο

2149 3449 2242 3504 οῦν
2273 3449 2366 3505 νῦν
2393 3452 2560 3520 λέγει.
2593 3452 2698 3504 Καὶ
2719 3451 2849 3521 ὅρα·
2877 3451 2979 3504 οὐκ
3009 3445 3150 3516 εἷπε,
3177 3448 3256 3502 Δι’
3289 3449 3413 3518 ἐμὲ,
3447 3445 3591 3506 ἀλλὰ,
3612 3442 3694 3494 Διά

2148 3547 2211 3598 τὸ
2250 3545 2407 3616 ἔργον
2431 3544 2524 3598 τοῦ
2557 3543 2692 3597 Θεοῦ
2715 3563 2788 3596 πα
2797 3541 3212 3611 ρεόουλεύσατο,
3232 3541 3528 3601 τουτέστιν,
3554 3536 3690 3605 ἐπέρ-

2154 3634 2309 3704 ριψεν
2346 3633 2539 3688 ἑαυτὸν
2589 3633 2668 3702 τῷ
2709 3633 2946 3704 θανάτῳ.
2993 3632 3058 3684 Τί
3093 3631 3200 3701 γὰρ
3229 3631 3276 3682 εἰ
3335 3630 3410 3700 μὴ
3461 3626 3688 3688 ἀπέθανε,

2149 3724 2245 3779 τοῦ
2263 3724 2398 3778 Θεοῦ
2422 3726 2910 3795 οἰκονομήσαντοςς
2954 3723 3093 3776 Ἀλλ’
3117 3722 3276 3784 αὑτός
3308 3738 3372 3790 γε
3400 3721 3494 3789 τὴν
3522 3716 3690 3788 προαί-

2164 3834 2314 3888 ρεσιν
2347 3817 2535 3884 ἔδειξε.
2567 3819 2679 3870 Καὶ
2710 3818 2872 3887 ἡμεῖς
2900 3811 3014 3882 οῦν,
3055 3815 3183 3868 ὅταν
3216 3814 3418 3882 ἴδωμεν
3449 3811 3622 3879 ἁγίους
3643 3809 3691 3858 ἐν

2152 3909 2440 3974 κινδύνοις,
2470 3907 3036 3978 παραὸουλευώμεθα·
3064 3906 3223 3960 τοῦτο
3256 3906 3366 3976 γὰρ
3426 3902 3686 3973 ἀσφάλεια,

2151 3999 2211 4053 τὸ
2244 4001 2302 4055 ὲν
2327 4001 2441 4063 τοῖς
2470 3997 2731 4063 τοιούτοις
2771 3997 3164 4070 ῥιψοκίνδυνον.

485 4097 638 4160 ritas,
669 4093 724 4148 in
784 4092 1089 4161 huiusmodi
1145 4093 1308 4148 rebus
1342 4093 1400 4147 in
1437 4092 1674 4162 pericula
1725 4108 1825 4149 nos
1876 4091 2048 4162 conji-

479 4201 604 4242 cere

550 4275 618 4331 Ut
648 4271 880 4343 impie‘a'et
910 4278 964 4330 id
990 4278 1127 4347 quod
1153 4293 1216 4332 e1
1239 4279 1379 4332 vobis
1415 4279 1618 4345 deerat,
1649 4279 1702 4331 in
1728 4288 1896 4333 uestro
1923 4295 2046 4349 erga

2222 4269 2357 4322 Ἵνα
2380 4267 2791 4335 ἀναπληρώσῃ
2818 4267 2884 4320 τὸ
2908 4265 3074 4337 ὑμῶν
3105 4263 3410 4334 ὑστέρημα
3438 4263 3540 4332 τῆς
3564 4261 3689 4328 πρός

364 4363 366 4365 ’
477 4383 557 4420 me
591 4369 898 4422 ministerio.
944 4365 1074 4433 Vos,
1114 4367 1306 4437 inquit,
1349 4383 1453 4421 non
1510 4367 1687 4423 fuistis
1737 4369 1954 4433 Romm,
1990 4377 2047 4422 ut

2152 4377 2219 4428 με
2240 4362 2632 4428 λειτουργίας.
2663 4359 2873 4428 Ὑμεῖς,
2892 4361 3080 4428 φησὶν,
3100 4358 3159 4410 οὐ
3182 4357 3396 4428 παρῆτε
3420 4358 3475 4409 ὲν
3503 4353 3686 4423 Ῥώμῃ,

477 4459 608 4513 mihi
634 4459 992 4528 corporaliter
1021 4459 1428 4524 ministraretis,
1456 4459 1554 4515 etsi
1584 4460 1889 4514 necessaria
1915 4459 2046 4513 mihi

2152 4453 2240 4506 ἵνα
2273 4454 2366 4506 καὶ
2398 4450 2727 4522 σωματικῶς
2761 4468 2851 4521 μοι
2880 4450 3260 4520 διακονήσητε,
3279 4451 3328 4502 εἰ
3357 4450 3451 4501 καὶ
3478 4449 3542 4500 τὰ
3573 4447 3687 4515 πρὸς

477 4549 911 4606 transmise'ritis.
948 4548 1059 4606 Hoc
1097 4552 1258 4620 igitur
1289 4551 1429 4620 quod
1468 4549 1620 4605 vobis
1647 4549 1852 4612 defuit,
1882 4550 2045 4604 nimi-

2152 4544 2340 4614 χρείαν
2370 4543 2672 4614 ἐπέμψατε.
2699 4544 2868 4596 Τοῦτο
2885 4543 2998 4609 οῦν,
3017 4543 3047 4595 δ
3068 4545 3405 4614 ὑστερήσατε
3425 4543 3590 4613 ὑμεῖς,
3607 4541 3686 4607 τὴν

479 4660 621 4708 rum,
663 4640 808 4710 quod
837 4655 1063 4710 corpore
1095 4656 1365 4709 manuque
1402 4641 1528 4696 mihi
1563 4656 1672 4696 non
1703 4642 2047 4696 ministrave-

2152 4636 2238 4689 διὰ
2271 4637 2369 4704 τῆς
2420 4635 2604 4706 χειρὸς
2631 4634 2678 4667 ⁸⁸
2706 4635 2800 4688 καὶ
2825 4634 2920 4688 τοῦ
2953 4633 3202 4706 σώματος
3235 4635 3585 4704 λειτουργίαν,
3609 4630 3686 4682 ab.

473 4733 618 4796 ritis,
659 4731 773 4800 ipse
813 4729 1120 4798 complevit,
1177 4736 1420 4784 omnium
1471 4739 1706 4784 vestrum
1765 4730 1884 4784 luco
1920 4730 2047 4784 mihi

2152 4727 2242 4790 τὸς
2296 4727 2704 4796 ἀνεπλήρωσεν,
2745 4725 2868 4780 ἀντὶ
2917 4727 3134 4780 πάντων
3185 4725 3342 4796 ὑμῶν
3393 4725 3683 4791 διακονήσεις

474 4818 797 4874 inserviens.
829 4815 1008 4883 Quare
1037 4817 1232 4887 dignus
1264 4819 1422 4872 fuerit
1449 4818 1533 4872 cui
1564 4818 1856 4888 plurimum
1891 4820 2047 4875 bene-

2152 4835 2262 4889 μοι.
2294 4819 2457 4870 Ὥστε
2488 4817 2696 4879 δίκαιος
2727 4817 2795 4870 ἂν
2829 4818 2916 4887 εἴη
2950 4820 3042 4872 καὶ
3081 4818 3284 4886 πολλῆς
3314 4818 3444 4889 παρ’
3467 4818 3583 4887 ὑμῖν
3609 4813 3682 4866 εὖ·

470 4911 723 4966 volentiae
747 4910 1073 4976 ostendatis,
1097 4925 1162 4964 eo
1183 4911 1327 4979 quod
1359 4911 1473 4977 ipse
1500 4911 1646 4966 solus
1663 4927 1782 4980 quae
1803 4912 2044 4967 omnium

2152 4910 2292 4973 νοίας
2331 4909 2656 4974 ἀπολαῦσαι,
2691 4909 2766 4972 ὡς
2802 4911 2871 4964 τὰ
2909 4911 3128 4964 πάντων
3150 4911 3196 4943 ⁸⁸
3237 4912 3391 4982 ὑμῶν
3428 4911 3578 4979 μόνος
3604 4905 3682 4959 αὖ·

471 5015 716 5060 vestrum
743 5013 919 5066 erant,
958 5001 1222 5057 attulerit.
1253 5001 1509 5072 Expende
1539 5012 1743 5069 autem,
1776 5004 2044 5073 quomodo

2152 5003 2236 5065 τὸς
2265 5001 2608 5070 εἰσενεγκὼν.
2642 5003 2786 5071 Ὅρα
2821 5001 2898 5067 δὲ,
2927 5002 3044 5065 πῶς
3083 5002 3424 5074 λειτουργίαν
3453 5005 3509 5056 τὸ
3536 4999 3682 5069 πρᾶγ-

472 5112 583 5152 rem
638 5095 832 5164 ipsam,
893 5095 1255 5150 ministerium
1307 5108 1370 5147 ac
1410 5091 1675 5148 defectum
1731 5105 1925 5159 vocet,
1986 5105 2047 5150 ut

2152 5111 2224 5164 μα
2257 5093 2412 5147 καλεῖ
2448 5093 2542 5146 καὶ
2570 5091 2872 5164 ὑστέρημα,
2917 5093 3004 5147 ἵνα
3053 5094 3198 5165 δείξῃ
3242 5095 3324 5148 ὅτι
3373 5093 3551 5162 δφειλή
3587 5093 3678 5142 ἐστι

469 5189 721 5242 ostendat
745 5190 1122 5243 necessitatem
1153 5194 1210 5239 et
1239 5185 1476 5238 debitum
1512 5199 1634 5240 esse
1661 5188 1950 5254 quoddam,
1986 5197 2042 5242 ut

2152 5184 2241 5237 καὶ
2267 5183 2445 5255 χρέος,
2481 5183 2543 5236 τὸ
2579 5183 2704 5246 τοὺς
2735 5185 2793 5236 ὲν
2826 5182 3008 5237 ἀνέσει
3042 5184 3204 5248 ὄντας
3229 5183 3442 5255 βοηθεῖν
3466 5184 3567 5242 τοῖς
3586 5193 3677 5230 κιν-

415 5292 425 5299 ’
470 5281 505 5333 ii
531 5280 621 5348 qui
651 5279 703 5333 in
733 5277 1125 5347 tranquillitate
1151 5287 1299 5344 sunt,
1326 5279 1754 5347 periclitantibus
1771 5279 2038 5348 opitulen-

2152 5278 2444 5341 Βυνεύουσι,
2499 5275 2597 5330 καὶ
2625 5275 2654 5327 ὁ
2690 5275 2766 5346 μὴ
2794 5276 2962 5329 ποιῶν
2996 5277 3177 5340 τοῦτο,
3209 5276 3444 5346 ὑστερεῖ,
3476 5274 3543 5336 ὡς
3571 5273 3594 5324 ὁ
3621 5268 3673 5320 τὰ

467 5376 595 5425 tur:
626 5381 682 5425 et
726 5369 816 5439 qui
871 5368 972 5424 hoc
1024 5383 1129 5424 non
1184 5367 1394 5435 fecerit,
1447 5369 1492 5426 is
1548 5368 1781 5426 oﬁicium
1813 5369 2033 5436 deserit,

2152 5369 2451 5441 5ημοσιακά
2479 5369 2919 5441 λειτουργήματα
2947 5370 3026 5443 μὴ
3061 5369 3284 5441 πληρῶν
3310 5371 3349 5424 ³.
3381 5369 3490 5422 Ἰνει
3512 5364 3594 5419 οὖν
3613 5360 3671 5433 μὴ

612 5529 626 5578 i
675 5525 697 5580 ι
731 5526 858 5583 Cor.
877 5542 954 5590 ιι,
982 5526 1072 5582 29.

1810 5646 2010 5710 Variis
2031 5647 2353 5712 lectiones.

465 5846 493 5898 ὁ
535 5772 581 5804 ⁸⁵
625 5770 792 5854 αὑτοῦ
843 5789 896 5828 o.
975 5773 1019 5806 ⁸⁸
1063 5772 1161 5845 τήν
1215 5772 1398 5844 ψυχήν
1433 5787 1486 5829 o.
1567 5773 1607 5805 ³⁷
1663 5773 1802 5830 κατὰ
1836 5774 1934 5846 τὴν
1977 5774 2197 5847 Ῥώμην
2217 5792 2268 5831 ο.
2342 5777 2388 5810 ’⁸
2411 5774 2518 5831 τῶν
2536 5773 2739 5847 ,χειρῶν
2770 5788 2823 5831 o.
2899 5775 2942 5808 ”
2971 5773 3146 5830 πάντα
3175 5789 3226 5829 o.
3306 5771 3322 5804 ⁸
3361 5764 3659 5840 λειτουργίας

503 5858 707 5898 aream»
734 5857 787 5898 ο.

503 5858 707 5914 στεοῳν
734 5857 787 5908 9.
