3932 6574
277 395 408 458 ῙΙῘἹ

1048 404 1452 466 EXPOSITIO
1491 407 1571 468 IN
1621 407 1862 472 EPIST.
1901 411 2002 472 AD
2041 414 2369 480 PHILIPP.
2403 447 2470 456 -
2498 423 2658 488 CAP.
2702 426 2824 489 III.

3400 433 3539 500 1178

270 513 596 580 νομίῑαντες
650 513 793 586 μέγα
826 533 880 570 τι
913 516 1163 587 ποιῆσαι,
1200 520 1692 594 ὑψηλοφρονήσωσι
1751 525 1829 579 λα’

1951 535 2177 600 perinde
2206 549 2270 590 ac
2323 538 2415 608 qui
2471 541 2690 609 publica
2749 543 3056 602 ministeria
3105 555 3158 603 et
3220 549 3395 608 officia
3429 570 3537 610 non

269 604 579 658 ἀπολέσωσι
609 605 702 660 τὸν
727 608 920 677 μισθὸν
937 649 954 675 ,
982 609 1125 664 οὕτω
1150 612 1308 665 τοῦτο
1330 613 1604 685 ὠνόμασε,
1637 633 1856 687 μετριο-

269 698 532 764 φρονείν·
575 698 774 764 αὐτοὺς
847 703 1312 773 παρασκευάζων,
1374 707 1450 770 ὡς
1505 708 1666 778 χρέος
1716 711 1854 765 ἀπο-

265 787 479 853 δόντας.

890 1091 1140 1148 ΚΕΦΑΛ.
1173 1092 1250 1154 Γ¹.

347 1205 419 1258 Τὸ
478 1203 720 1270 λοιπὸν,
760 1203 1018 1275 ἀδελφοί
1057 1225 1201 1276 μου,
1243 1209 1478 1278 χαίρετε
1518 1210 1587 1265 ἐν
1629 1214 1844 1281 Κυρίῳ.

265 1297 492 1367 Ἐπειδὴ
530 1291 672 1369 ἦσαν
725 1296 824 1368 μὲν
861 1299 918 1352 ὲν
948 1298 1158 1371 ἀθυμίᾳ
1206 1301 1296 1353 διὰ
1325 1302 1384 1354 τὸ
1434 1302 1510 1373 μὴ
1554 1303 1844 1372 γινώσκειν

261 1389 381 1452 πῶς
418 1390 488 1443 τὰ
538 1390 678 1444 κατὰ
717 1391 808 1444 τὸν
853 1391 1087 1457 Παῦλον,
1129 1395 1246 1456 πῶς
1290 1395 1352 1448 τὸ
1394 1397 1678 1467 κήρυγμα,
1726 1399 1842 1462 πῶς

258 1480 341 1552 τῷ
381 1482 759 1555 Ἐπαφροδίτῳ
790 1483 860 1536 τὰ
892 1485 990 1553 τῆς
1021 1485 1200 1550 νόσου,
1230 1484 1387 1540 ἔλυσε
1417 1487 1475 1540 δὲ
1508 1488 1683 1543 ταῦτα
1708 1488 1843 1542 πάν-

255 1589 331 1627 τα
362 1572 554 1640 εἰπὼν,
582 1575 665 1627 ὅτι
698 1576 807 1629 Καὶ
841 1575 901 1629 τὸ
938 1576 1272 1646 Εύαγγέλιον
1331 1579 1632 1646 ἐπιδίδωσι,
1687 1582 1842 1651 κάγὼ

257 1666 517 1736 ἔρχομαι,
565 1667 660 1720 καὶ
705 1668 734 1720 ὁ
794 1667 1186 1740 Ἐπαφρόδιτος
1247 1671 1520 1739 ἐπεστάλη
1571 1671 1635 1745 [Ι.
1686 1674 1837 1748 ἀπ.],

257 1756 429 1829 φησί’
466 1758 535 1811 Τὸ
560 1758 780 1811 λοιπὸν
811 1762 1071 1827 χαίρετε.
1100 1760 1340 1832 Οὐδεμία
1370 1761 1479 1842 γὰρ
1510 1763 1591 1816 ἔτι
1625 1764 1838 1834 πρόφα-

1958 624 2215 693 complet.
2246 625 2324 682 Ne
2384 629 2549 700 igitur
2591 633 2757 707 m
2805 637 3180 695 existimantes
3239 656 3300 698 se
3357 648 3537 716 magni

1956 715 2234 784 quippiam
2268 717 2480 785 fecisse,
2515 727 2803 792 magniﬁce
2834 729 2898 782 de
2926 744 2984 784 se
3015 733 3268 798 sentiant,
3300 751 3365 791 ac
3399 715 3539 793 mer-

1956 808 2143 864 cedem
2176 825 2329 865 suam
2358 815 2608 884 perdant,
2645 819 2746 872 hoc
2778 823 2999 878 nomine
3024 839 3136 879 rem
3170 828 3325 882 istam
3356 833 3539 896 appel-

1954 899 2108 966 lavit,
2143 900 2352 958 faciens
2376 905 2477 960 hoc
2511 918 2666 977 pacto
2689 925 2780 965 eos
2799 914 3072 969 moderate
3097 930 3310 986 sapere,
3335 921 3537 993 quippe

1953 991 2046 1061 qui
2079 994 2420 1052 reddiderint
2445 1000 2588 1068 quod
2624 1002 2912 1060 debebant.

2555 1111 2786 1170 CAPUT
2840 1116 2928 1173 ΙΙΙ.

2021 1219 2182 1277 Vens.
2223 1221 2274 1277 1.
2316 1223 2468 1290 Quod
2497 1227 2753 1298 reliquum
2787 1240 2883 1294 est,
2919 1233 3113 1302 fratres
3145 1240 3266 1303 mei,
3301 1240 3524 1310 gaudete

1947 1313 2000 1367 in
2031 1313 2274 1370 Domino.
2306 1317 2747 1390 Quandoquidem
2784 1323 2836 1376 in
2886 1341 3122 1382 maerore
3157 1338 3332 1394 erant,
3387 1332 3530 1400 quod

1953 1404 2270 1474 ignorarent
2296 1413 2569 1478 quomodo
2596 1428 2685 1468 res
2721 1414 2870 1469 Pauli
2897 1431 2954 1470 se
2991 1417 3272 1483 haberent,
3307 1434 3534 1489 quomo-

1948 1496 2018 1550 do
2047 1497 2199 1552 verbi
2236 1501 2936 1580 prmdieatio‘succederet,
2989 1510 3257 1576 quomodo
3301 1511 3532 1574 denique

1951 1585 2352 1658 Epaphroditus
2381 1593 2586 1648 valeret
2612 1637 2625 1656 ,
2668 1596 2782 1651 hzrc
2821 1609 3002 1652 autem
3046 1602 3225 1655 omnia
3270 1602 3529 1668 solverat,

1949 1680 2221 1750 inquiens,
2257 1683 2608 1756 Evangelium
2634 1689 2852 1756 crescit,
2881 1700 2935 1746 et
2961 1707 3059 1763 ego
3082 1695 3147 1747 ad
3174 1708 3266 1748 vos
3294 1696 3529 1762 veniam,

1947 1772 2450 1848 Epaphroditusque
2474 1779 2584 1846 jam
2614 1783 2932 1840 emandatus
2952 1795 3056 1851 est,
3099 1784 3250 1852 Quod
3271 1790 3528 1859 reliquum

257 1867 346 1912 σις
393 1849 488 1903 τοῦ
523 1848 599 1922 μὴ
637 1849 868 1922 χαίρειν.
909 1852 1048 1915 Τοὺς
1103 1854 1202 1921 μὲν
1239 1852 1333 1907 οὖν
1383 1855 1630 1919 Γαλάτας
1675 1857 1829 1912 τέκνα

1948 1876 2042 1932 est,
2075 1866 2266 1936 inquit,
2302 1871 2565 1940 gaudete:
2606 1874 2748 1927 nulla
2793 1876 2938 1929 enim
2989 1877 3100 1946 jam
3137 1881 3322 1933 subest
3369 1848 3526 1947 ratio,

253 1941 437 2006 καλεῖ,
459 1942 650 2012 ἐπειδὴ
677 1942 1018 2012 διορθώσεως
1052 1944 1261 1998 ἐδέοντο
1281 1963 1296 1978 ο
1337 1947 1561 2011 τούτους
1587 1949 1641 2002 δὲ
1684 1950 1840 2003 ἀδελ-

251 2035 414 2102 φοῦς,
439 2034 627 2106 ἐπειδὴ
668 2038 806 2106 μετὰ
840 2037 1007 2107 τιμῆς
1037 2039 1222 2102 αὐτοῖς
1251 2039 1585 2108 διαλέγεται.
1631 2044 1830 2108 Καλῶς

252 2127 313 2181 δὲ
344 2123 527 2182 εἶπεν
570 2128 674 2181 Ἐν
705 2130 922 2198 Κυρίῳ.
943 2130 1016 2182 Τὸ
1055 2131 1165 2201 γὰρ
1191 2132 1333 2186 κατὰ
1371 2134 1576 2204 κόσμον
1599 2136 1833 2206 χαίρειν,

250 2223 356 2274 οὐκ
391 2220 510 2274 ἔστι
557 2222 803 2292 χαίρειν’
852 2223 967 2277 ἀλλ’
1007 2213 1066 2277 έν
1118 2226 1329 2296 Κυρίῳ,
1368 2227 1463 2280 καὶ
1517 2230 1570 2281 αἱ
1626 2229 1836 2299 θλίψεις

167 2362 174 2366 .
248 2316 432 2384 χαρὰν
471 2313 707 2385 ἔχουσιν.
749 2317 844 2382 Ἢ,
895 2317 976 2370 ὅτι
1036 2317 1319 2390 Ἐπειδὴὸ
1365 2321 1569 2392 Κύριος
1619 2324 1734 2395 ῥᾴω
1767 2325 1835 2379 τὰ

253 2405 564 2476 πράγματα
603 2407 855 2479 ἐποίησε,
878 2409 1122 2479 χαίρετε.

325 2581 409 2635 Τὰ
456 2581 609 2637 αὐτὰ
635 2582 884 2654 γράφειν
908 2585 1071 2655 ὑμῖν,
1103 2586 1233 2658 ἐμοὶ
1249 2589 1367 2658 μὲν
1390 2591 1503 2645 οὐκ
1551 2593 1831 2662 ὀκνηρόν,

211 2749 215 2753 _
246 2672 396 2742 ὑμῖν
431 2671 499 2725 δὲ
531 2675 818 2744 ἀσφελές.
862 2678 1018 2731 Μετὰ
1050 2679 1112 2731 τὸ
1153 2679 1324 2735 πολλά
1360 2682 1558 2757 αύτούς
1613 2686 1836 2738 ὲπαινέ-
1877 2711 1880 2713 ·

250 2784 364 2831 σαι,
392 2765 515 2820 τότε
549 2768 648 2838 τὴν
680 2770 1007 2840 παραίνεσιν
1060 2773 1296 2844 εἰσάγει,
1343 2777 1431 2830 ἵνα
1464 2778 1538 2850 μὴ
1568 2779 1628 2844 ἐξ
1657 2779 1833 2852 ἀρχῆς

248 2860 509 2929 φορτικὸς
534 2861 684 2932 δόξῃ.

319 2950 586 3006 Βλέπετε
616 2954 759 3019 τοὺς
792 2958 1004 3024 κύνας.
1054 2953 1236 3016 Ἦσαν
1264 2961 1372 3034 γάρ
1399 2981 1544 3029 τινες
1565 2964 1830 3033 Ἰουδαῖοι,

243 3045 296 3098 οἳ
355 3047 776 3119 ὑποκρινόμενοι
825 3053 1280 3124 Χριστιανισμὸν,
1323 3059 1419 3110 καί⁸
1467 3060 1832 3130 κηρύττοντες

243 3137 410 3207 δῆθεν
442 3140 503 3194 τὸ
532 3141 1280 3218 Εὐαγγέλιον,”παρεμίγνυον
1307 3151 1405 3204 καὶ
1433 3151 1502 3206 τὰ
1541 3153 1830 3210 Ἰουδαϊκὰ.

1952 1973 2050 2012 cur
2079 1974 2184 2014 non
2208 1964 2443 2030 gaudere
2470 1965 2735 2021 debeatis.
2785 1967 3004 2024 Galatas
3037 1969 3199 2038 igitur
3233 1972 3372 2026 ﬁlios
3405 1974 3527 2039 qui-

1944 2052 2067 2106 dem
2103 2063 2281 2123 vocat,
2311 2057 2437 2126 quia
2471 2061 2807 2116 correctione
2829 2071 2881 2116 et
2909 2063 3290 2118 emendatione
3315 2064 3527 2134 indige-

1939 2143 2102 2200 bant:
2137 2146 2235 2201 hos
2261 2162 2387 2203 vero
2414 2148 2610 2206 fratres
2629 2153 2868 2206 nominat
2891 2172 2905 2208 :
2936 2169 3055 2208 nam
3082 2155 3376 2210 honorifice
3401 2172 3522 2210 eum

1939 2235 2042 2290 illis
2073 2236 2327 2306 loquitur.
2345 2240 2571 2297 Pulchre
2587 2253 2763 2297 autem
2785 2244 3016 2309 dixit,ln
3039 2246 3296 2301 Domino:
3330 2249 3524 2312 laetari,

1936 2329 2080 2382 enim
2113 2333 2413 2386 secundum
2476 2335 2763 2402 mundum,
2802 2353 2909 2392 non
2961 2347 3046 2394 est
3081 2339 3281 2406 laetari,
3323 2341 3417 2395 sed
3469 2341 3524 2393 in

1938 2419 2307 2492 Domiuoipsa:
2327 2425 2488 2480 etiam
2508 2427 2822 2484 alﬂicliones
2848 2431 3102 2500 gaudium
3135 2431 3352 2488 habent.
3381 2431 3475 2486 Vel
3506 2448 3522 2485 :

1937 2511 2359 2579 Quia:Dominus
2391 2533 2476 2573 res
2509 2529 2722 2574 nostras
2757 2520 2940 2575 faciles
2965 2521 3219 2586 reddidit,
3246 2523 3522 2578 laetamini.

2007 2604 2212 2659 Eadem
2241 2609 2463 2662 scribere
2492 2611 2657 2676 vobis,
2680 2613 3028 2682 mihiquidem
3054 2630 3158 2666 non
3188 2623 3263 2667 est
3288 2614 3519 2684 pigrum,

1935 2695 2081 2753 vobis
2117 2708 2294 2753 autem
2324 2690 2517 2756 tutum.
2549 2702 2681 2756 Cum
2718 2705 2904 2759 multis
2931 2720 3025 2761 eos
3053 2707 3365 2760 nominibus
3388 2721 3524 2774 prae-

1937 2789 2199 2852 dicasset,
2243 2790 2449 2845 inducit
2484 2794 2698 2848 tandem
2729 2797 3180 2863 adhortationem,
3212 2811 3279 2851 ne
3339 2797 3520 2853 statim

1936 2878 1991 2932 in
2018 2880 2284 2950 principio
2314 2897 2582 2940 onerosus
2617 2885 2883 2941 videatur.

2009 2969 2168 3027 Vens.
2197 2972 2253 3027 2.
2285 2973 2462 3030 Videte
2478 2993 2652 3032 canes.
2679 2977 2846 3034 Erant
2876 2978 3018 3034 enim
3055 2980 3293 3034 nonnulli
3321 2977 3516 3046 Judaei,

1933 3061 2024 3130 qui
2080 3062 2398 3120 simulantes
2473 3067 2953 3124 Christianismum
3032 3086 3097 3125 ac
3169 3071 3518 3140 Evangelium

1934 3155 2358 3225 promulgantes,
2384 3156 2539 3211 simul
2563 3157 2782 3215 Iudaica
2808 3163 3201 3216 admiscebant.
3227 3161 3362 3228 Quia
3394 3175 3520 3214 vero

258 3230 416 3283 Ἐπεὶ
456 3229 549 3286 οὖν
609 3233 1034 3304 δυσδιάγνωστοι
1091 3235 1253 3311 ἦσαν,
1309 3241 1400 3294 διὰ
1446 3243 1607 3298 τοῦτό
1661 3263 1829 3316 φησι·

1946 3260 2048 3298 non
2113 3244 2267 3300 facile
2323 3246 2619 3302 internosci
2677 3259 2966 3318 poterant,
3026 3261 3328 3320 propterea
3363 3250 3516 3312 dicit,

244 3321 534 3388 Βλέπετε,
573 3327 818 3395 τηρεῖτε,
873 3329 1196 3398 προσέχετε,
1223 3329 1540 3400 μὴσλάθωσι.
1571 3333 1748 3397 Κύνες
1775 3335 1833 3389 δὲ

1948 3334 2150 3404 Videte,
2212 3337 2534 3402 observate,
2575 3341 2870 3406 attendite,
2935 3356 3004 3396 ne
3060 3341 3282 3396 lateant.
3345 3339 3519 3394 Canes

245 3410 514 3481 πρότερον
566 3413 664 3484 μὲν
699 3415 1059 3470 ἐκαλοῦντοοί
1092 3419 1316 3486 ἐθνικοὶ,
1360 3421 1456 3475 νῦν
1498 3421 1554 3476 δὲ
1603 3424 1655 3476 οἱ
1702 3423 1829 3478 Ἰου-

1946 3440 2117 3485 autem
2141 3439 2300 3516 antea
2321 3431 2728 3501 appellabantur
2753 3433 2978 3498 ethnici,
3011 3449 3154 3488 nunc
3179 3448 3303 3487 vero
3325 3431 3517 3496 Judaei,

241 3503 501 3569 δαῖοι,ὠ;
537 3505 721 3578 ἰταμοὶ
753 3509 773 3538 ¹
810 3510 905 3562 καὶ
940 3511 1075 3576 πρὸς
1118 3513 1179 3565 τὸ
1232 3513 1350 3583 φῶς
1404 3515 1506 3586 τῆς
1562 3516 1826 3589 ἀληθείας

242 3597 758 3667 ἀναισχυντοῦντες,
811 3603 908 3655 καὶ
964 3605 1106 3659 κατὰ
1162 3607 1382 3662 πάντων
1446 3610 1828 3676 ὑλακτοῦντες.

316 3690 584 3745 Βλέπετε
634 3693 778 3758 τοὺς
826 3696 1052 3763 κακοὺς
1103 3697 1376 3768 ἐργάτας.
1436 3702 1702 3756 Ἐνταῦοα
1736 3705 1831 3758 καὶ

239 3781 344 3850 τῆς
402 3783 510 3835 τῶν
561 3787 742 3840 κυνῶν
804 3791 1183 3863 προσηγορίας
1243 3794 1543 3864 ἀποστερεῖ
1607 3797 1826 3862 αὐτούς.

244 3872 423 3935 Κύνες
476 3876 581 3945 μὲν
639 3878 749 3951 γὰρ
797 3881 985 3936 πολλοὶ
1037 3884 1134 3937 καὶ
1185 3884 1590 3956 ἐπιτραπέζιοι,
1637 3890 1826 3958 φησιν,

239 3967 375 4032 εἰσὶ,
424 3969 520 4022 καὶ
571 3971 671 4033 τὰς
733 3971 841 4025 τῶν
879 3973 1202 4029 δεσποτῶν³
1252 3979 1430 4043 οἰκίας
1462 3981 1825 4053 φρουροῦσινο

238 4052 391 4112 οὗτοι
425 4059 482 4113 δὲ
514 4062 844 4132 ἐργάζονται
876 4067 996 4136 μὲν,
1026 4069 1140 4120 ἀλλ’
1171 4071 1264 4123 ἐπὶ
1290 4071 1467 4142 κακῷ,
1501 4052 1826 4143 καὶνάργίας

241 4149 423 4219 πολλῷ
471 4153 712 4224 χείρονα,
756 4157 1109 4223 ἀνασπῶντες
1138 4161 1207 4214 τὰ
1243 4162 1422 4227 καλῶς
1463 4165 1824 4233 φυτευθέντα.

309 4244 580 4300 Βλέπετε
608 4249 726 4317 τὴν
747 4252 1114 4321 κατατομήν.
1144 4256 1427 4324 Τουτέστι,
1454 4261 1582 4323 τοὺς
1615 4278 1679 4314 πε
1689 4279 1825 4331 piro-

240 4335 355 4404 μὴν
405 4335 651 4406 ἔχοντας.
702 4343 862 4410 Μέγα
911 4345 967 4397 δὲ
1002 4347 1096 4398 καὶ
1133 4347 1321 4418 τίμιον
1358 4344 1426 4420 ἦν
1471 4351 1595 4403 τότε
1626 4351 1648 4384 δ
1672 4353 1824 4423 παρὰ

248 4427 529 4492 Ἰουδαίοις
559 4432 590 4502 ή
620 4434 913 4506 περιτομὴ,
957 4437 1092 4490 ὅπου
1125 4455 1187 4507 γε
1221 4439 1317 4492 καὶ
1342 4441 1403 4494 τὸ
1428 4441 1704 4496 Σάϐϐατον
1735 4444 1824 4498 διὰ

233 4517 444 4591 ταύτην
490 4522 695 4578 ἐλύετο.
749 4525 902 4581 Ἐπεὶ
941 4524 1034 4583 οὖν
1071 4531 1166 4585 νῦν
1198 4533 1463 4604 ἦργησεν,
1503 4535 1655 4589 οὐδὲν
1689 4536 1822 4590 ἄλλο

233 4612 268 4681 ἢ
297 4616 588 4686 κατατομή
639 4617 811 4672 ἐστιν.
876 4621 1032 4674 Ἐπεὶ
1064 4623 1172 4696 γὰρ
1220 4625 1319 4678 ούκ
1358 4625 1474 4679 ἐστι
1507 4627 1738 4696 νόμιμον
1761 4629 1820 4681 τὸ

237 4707 549 4777 γενόμενον,
572 4709 672 4781 τὴν
688 4712 867 4782 σάρκα
889 4715 1049 4783 μόνον
1075 4717 1536 4787 κατατέμνουσιν.
1561 4720 1656 4785 Ἢ,
1683 4720 1820 4774 διότι

232 4799 334 4868 τὴν
383 4798 712 4872 Ἐκκλησίαν
745 4806 1050 4878 ἐπειρῶντο
1081 4810 1394 4882 διατέμνειν
1423 4813 1467 4870 ⁵.

317 4979 508 5050 Ἡμεῖς
569 4985 685 5055 γάρ
741 4987 932 5058 ἐσμεν
980 4993 1018 5060 ἡ
1062 4997 1370 5066 περιτομὴ,
1419 5000 1476 5052 οἱ
1525 5001 1818 5070 πνεύματι

234 5071 360 5137 Θεῴ
396 5078 818 5147 λατρεύοντες.
913 5084 975 5136 Εί
1025 5084 1127 5150 δεῖ,
1169 5088 1323 5158 φησι,
1366 5087 1552 5160 ζητεῖν
1601 5110 1821 5163 περιτοο

237 5163 367 5234 μὴν,
402 5169 531 5239 παρ’
560 5172 694 5240 ἡμῖν
728 5174 930 5246 ταύτην
952 5177 1215 5248 εὑρήσετε
1249 5183 1360 5245 τοῖς
1409 5187 1817 5255 πνευματικῶς,

233 5257 514 5326 τουτέστι,
540 5265 652 5324 τοῖς
702 5264 792 5318 διὰ
833 5267 1011 5338 ψυχῆς
1047 5271 1142 5323 καὶ
1171 5272 1289 5333 νοὸς
1325 5272 1702 5344 λατρεύουσιν.
1750 5278 1812 5331 '0

237 5347 351 5419 γὰρ
399 5350 499 5422 τὴν
554 5354 736 5426 ψυχὴν
771 5362 1156 5431 περιτμηθεὶς,
1207 5366 1298 5417 καὶ
1331 5365 1418 5418 διὰ
1459 5367 1660 5437 ταύτης
1693 5368 1815 5421 δου-

231 5442 411 5498 λεύων
439 5445 518 5516 τῷ
567 5448 708 5518 Θεῷ,
746 5445 902 5515 οὗτος
949 5452 1051 5524 τὴν
1104 5455 1304 5525 εὐγενῆ
1341 5457 1645 5528 περιτομὴν
1675 5457 1812 5528 ἔχει,

231 5534 345 5604 ὅσῳ
377 5538 473 5589 καὶ
508 5535 656 5610 ψυχὴ
697 5541 964 5612 κρείττων
1003 5543 1277 5614 σώματος.
1321 5546 1436 5600 Ούκ
1465 5542 1586 5600 εἶπε
1611 5546 1690 5613 δὲ,
1726 5547 1815 5601 Ἐν

235 5627 368 5698 ἡμῖν
421 5631 533 5702 γάρ
583 5634 732 5688 ἐστιν
767 5637 801 5704 ἡ
852 5637 1148 5709 περιτομὴ,
1187 5639 1326 5707 ἀλλ’,
1381 5641 1578 5711 Ἡμεῖς
1604 5643 1812 5711 ἐσμεν.

1939 3532 2192 3591 tanquam
2227 3523 2586 3592 impudentes,
2626 3532 2678 3578 et
2711 3525 2776 3578 ad
2829 3524 3010 3579 lumen
3048 3525 3289 3579 veritatis
3337 3524 3518 3592 impu—

1935 3613 2126 3668 denter
2152 3627 2271 3668 sese
2299 3623 2550 3683 gerentes
2584 3631 2647 3670 ac
2677 3615 2928 3670 omnibus
2960 3615 3297 3670 allatrantes.

2011 3703 2191 3759 Videte
2220 3707 2389 3759 malos
2421 3708 2710 3776 operarios.
2740 3696 2844 3762 Hic
2883 3724 3077 3764 canum
3120 3709 3280 3762 etiam
3329 3708 3514 3777 appel-

1932 3797 2134 3852 latione
2162 3813 2253 3852 eos
2279 3799 2475 3867 privat.
2505 3797 2680 3855 Canes
2719 3801 2861 3854 enim
2912 3801 3064 3854 multi
3101 3801 3265 3854 etiam
3308 3816 3512 3856 mensae

1931 3897 2061 3943 sunt
2094 3888 2279 3954 vicini,
2305 3900 2464 3959 atque
2497 3890 2685 3944 domos
2707 3889 2905 3945 heriles
2929 3890 3261 3946 custodiunt.
3292 3891 3352 3945 lli
3384 3906 3514 3944 vero

1931 3991 2229 4050 operantur
2266 3984 2507 4051 quidem,
2543 3983 2634 4037 sed
2668 3983 2734 4036 ad
2783 3982 3006 4049 malum,
3066 3993 3121 4038 et
3176 3999 3295 4052 qum
3358 3983 3515 4052 longe

1929 4081 2055 4127 sunt
2115 4073 2228 4129 otio
2281 4075 2589 4144 deteriora,
2640 4074 2932 4131 evellentes
2987 4090 3106 4146 qua:
3169 4077 3334 4146 probe
3387 4084 3516 4130 sunt

1929 4167 2191 4238 plantata.

2011 4259 2191 4314 Videte
2220 4262 2591 4317 concisionem.
2623 4262 2734 4318 Hoc
2773 4273 2876 4328 est,
2912 4262 3384 4318 circumcisionem
3411 4261 3512 4314 ha-

1927 4349 2136 4406 bentes.
2186 4350 2377 4422 Magna
2425 4362 2604 4406 autem
2636 4355 2906 4420 quondam
2937 4361 2990 4406 et
3018 4351 3252 4420 pretiosa
3281 4363 3364 4402 res
3390 4359 3508 4404 erat

1927 4443 2064 4511 apud
2103 4440 2317 4496 Judazos
2355 4431 2725 4506 circumcisio,
2776 4442 3041 4510 siquidem
3095 4442 3177 4494 vel
3213 4439 3510 4493 Sabbatum

1928 4543 2144 4604 propter
2203 4549 2321 4589 eam
2377 4535 2698 4590 solveretur.
2747 4536 2818 4590 At
2862 4543 3144 4604 postquam
3176 4547 3316 4587 nunc
3356 4532 3507 4586 irrita

1925 4628 2068 4681 facta
2100 4636 2204 4690 est,
2240 4625 2374 4681 nihil
2406 4627 2550 4682 aliud
2599 4635 2681 4681 est
2734 4639 2895 4695 atque
2935 4624 3196 4680 concisio.
3243 4623 3508 4690 Quoniam

1926 4718 2071 4773 enim
2107 4736 2212 4774 non
2264 4720 2336 4774 sit
2389 4735 2553 4789 porro
2608 4719 2904 4792 legitimum
2960 4719 3105 4789 quod
3163 4719 3241 4779 lit.
3291 4731 3509 4773 carnem

1930 4813 2307 4864 tantummodo
2337 4811 2650 4866 concidunt.
2688 4809 2784 4866 Vel
2819 4810 2947 4881 quia
2973 4808 3274 4865 Ecclesiam
3307 4809 3509 4862 discim-

1931 4903 2060 4958 dere
2087 4904 2444 4958 conabantur.

1993 4993 2156 5050 Vens.
2200 4997 2255 5052 5.
2285 4995 2400 5051 Nos
2421 4997 2560 5052 enim
2583 5014 2766 5052 sumus
2797 4995 3149 5064 circumcisio,
3183 4993 3274 5061 qui
3298 4990 3505 5057 Spiritu

1922 5085 2030 5141 Deo
2069 5087 2344 5142 servimus.
2382 5087 2438 5142 Si
2468 5088 2756 5157 quaerenda
2785 5097 2889 5150 est,
2916 5085 3108 5155 inquit,
3135 5080 3502 5143 circumcisio,

1919 5179 2061 5249 apud
2091 5194 2191 5232 nos
2219 5193 2339 5234 eam
2397 5179 2712 5244 invenietis,
2767 5176 2930 5249 44⁸1
2984 5175 3076 5245 qui
3123 5170 3504 5241 spiritualilel‘.

1920 5273 2025 5326 hoc
2052 5280 2155 5336 est,
2189 5273 2372 5327 anima
2406 5281 2458 5328 et
2484 5281 2661 5328 mente
2689 5272 2976 5326 servimus.
3010 5267 3112 5334 Qui
3152 5267 3296 5322 enim
3324 5263 3504 5317 anima

1925 5365 2291 5421 circumcisus
2320 5374 2404 5421 est
2455 5375 2509 5420 et
2552 5380 2649 5434 per
2669 5371 2795 5417 eam
2833 5361 2941 5415 Deo
2974 5359 3222 5420 inservit,
3264 5357 3311 5410 is
3351 5356 3504 5425 inge-

1926 5473 2087 5512 nuam
2119 5457 2584 5513 circumeisionem
2617 5453 2804 5517 habet,
2829 5463 3030 5524 quanto
3055 5451 3305 5506 videlicet
3324 5463 3504 5502 aimna

1923 5558 2009 5604 est
2037 5565 2268 5620 corpore
2298 5547 2663 5619 prazstautior.
2699 5545 2818 5600 Non
2859 5555 3039 5601 autem
3073 5543 3226 5603 dixit.
3261 5541 3318 5596 In
3349 5540 3505 5594 nobis

1923 5652 2007 5698 est
2064 5641 2430 5706 circumcisio,
2481 5655 2712 5710 verum,
2754 5638 2870 5697 Nos
2917 5655 3121 5696 sumus.
3181 5638 3320 5694 Istud
3359 5635 3503 5692 enim

1599 5763 1800 5825 Varias
1834 5763 2166 5826 lectiones.

320 5851 342 5882 ’
371 5849 448 5916 ὡς
485 5851 718 5924 ἀπηνεῖς
765 5854 914 5922 ὄντες
958 5873 1033 5918 m.
1115 5860 1135 5893 ³
1163 5859 1494 5926 δεσποτικὰς
1529 5877 1580 5919 0.
1662 5863 1682 5896 ⁸
1717 5881 1851 5920 ποτε
1889 5879 1945 5921 o.
2027 5865 2048 5898 '
2079 5864 2440 5937 κατατέμνειν
2479 5880 2534 5922 o.
