3932 6582
261 394 389 460 1181

995 397 1400 461 EXPOSlTlO
1439 396 1520 458 IN
1558 395 1795 459 EPIS'I‘.

1928 402 1944 455 δ
1983 398 2313 464 PHILIPP.
2352 427 2419 438 —
2451 399 2610 462 CAP.
2653 400 2768 462 ΙΙΙ.

3375 396 3517 462 1182

324 514 490 569 Κατὰ
543 513 943 582 δικαιοσύνην
998 512 1116 582 τὴν
1168 513 1239 567 ἐν
1294 513 1456 583 νόμῳ
1512 513 1821 582 γενόμενος

2008 511 2308 568 Secundum
2332 515 2601 584 justitiam
2627 530 2744 584 qua:
2791 514 2848 568 in
2885 512 2997 585 lege
3039 522 3148 582 est,
3179 522 3516 569 conversatus

252 611 579 693 ἄμεμπτος.
637 608 856 679 Ἐπειδὴ
898 608 1083 662 πολλοὶ
1131 609 1225 662 καὶ
1267 605 1357 660 διὰ
1407 605 1698 678 φιλαρχίαν
1737 606 1835 679 ζη-

252 700 426 765 λοῦσι,
449 701 545 753 καὶ
565 699 633 753 δι’
659 699 824 763 ἄλλας
845 698 1044 762 αἰτίας,
1073 697 1169 751 καὶ
1194 696 1316 767 οὐχὶ
1343 698 1488 767 ὑπὲρ
1518 696 1614 751 τοῦ
1642 697 1830 768 νόμου,

253 791 454 861 φησιν,
494 792 577 845 ὅτι
610 790 900 861 ἄμεμπτος
931 789 1006 843 ὢν
1049 789 1192 843 κατὰ
1223 789 1325 861 τὴν
1361 791 1419 843 ἐν
1449 789 1599 860 νόμῳ
1630 788 1831 842 δικαιο-

253 880 457 950 σύνην,
509 881 625 945 πῶς
659 882 724 935 ἂν
758 882 846 936 διά
881 900 934 935 τι
974 880 1313 952 ἀνθρώπινον
1341 881 1562 934 ἐδίωκον
1589 920 1604 947 ,
1636 881 1731 934 καὶ
1768 880 1831 932 οὑ

252 974 393 1028 κατὰ
424 975 567 1027 θεῖον
605 972 766 1043 ζῆλον
786 991 803 1041 ;

335 1066 491 1121 Ἀλλ’
520 1067 696 1121 ἅτινα
732 1062 812 1135 ἦν
848 1083 952 1134 μοι
994 1064 1180 1134 κέρδη
1205 1106 1221 1132 ,
1255 1065 1447 1120 ταῦτα
1475 1065 1697 1134 ἥγημαι
1734 1064 1832 1118 διὰ

246 1156 357 1211 τὸν
389 1157 651 1224 Χριστὸν
699 1156 932 1224 ζημίαν.
961 1155 1141 1211 Ἀλλὰ
1184 1157 1482 1226 μενοῦνγε
1511 1155 1609 1209 καὶ
1644 1155 1828 1225 ἠγοῦ-

240 1264 350 1318 μαι
372 1249 572 1303 πάντα
598 1247 813 1317 ζημίαν
834 1245 989 1303 εἶναι
1010 1247 1110 1302 διὰ
1130 1249 1198 1303 τὸ
1228 1244 1531 1317 ὑπερέχον’
1546 1248 1656 1318 τῆς
1684 1247 1833 1317 γνώ-

244 1355 402 1405 σεως
439 1338 635 1406 Ἰησοῦ
659 1339 919 1408 Χριστοῦ
941 1340 1049 1394 τοῦ
1066 1341 1290 1409 Κυρίου
1314 1357 1455 1409 μου.
1491 1338 1757 1393 Ἐνταῦθα
1781 1339 1828 1393 oi

245 1432 342 1486 τὸν
362 1435 528 1504 νόμον
545 1432 927 1496 διαϐάλλοντες
947 1432 1215 1507 αἱρετικοὶ
1238 1431 1634 1501 ἐπιπηδῶντες,
1674 1432 1827 1497 Ἰδοὺ,

244 1526 406 1594 φασὶ,
432 1524 636 1596 ζημίαν
664 1523 917 1597 ὀνομάζει
947 1525 1039 1581 τὸν
1066 1525 1230 1596 νόμον
1252 1524 1369 1598 [καὶ
1389 1521 1693 1598 ηύόαλαο]
1715 1526 1830 1588 πῶς

243 1611 343 1672 οὖν
387 1617 542 1688 παρὰ
570 1616 668 1671 τοῦ
705 1616 841 1672 Θεοῦ
878 1616 1073 1688 έδόθη;
1123 1618 1347 1688 Πρῶτον
1396 1617 1496 1687 μὲν
1533 1614 1626 1670 οὖν
1671 1618 1831 1688 εὐχα-

242 1708 631 1779 ριστήσωμεν,
673 1709 754 1763 ὅτι
791 1708 1124 1779 τὸ’Πνεῢμα
1170 1707 1231 1762 τὸ
1273 1707 1427 1777 ἅγιον
1477 1707 1826 1779 ᾠκονόμησεν

238 1801 443 1865 αὐτοὺς
485 1801 894 1873 παραδέξασθαι
935 1801 1006 1855 τὰ
1049 1802 1311 1873 ῥήματα,
1356 1800 1431 1865 ὡς
1473 1802 1611 1874 ὑπὲρ
1644 1800 1825 1856 αὐτῶν

238 1890 395 1945 ὅντα.
425 1862 510 1946 PE!
542 1862 653 1965 γὰρ
794 1892 954 1947 τοῦτο
982 1862 1078 1964 ἦν’,
1105 1862 1426 1964 ,έξὴλειψαν-
1465 1891 1531 1946 ἂν
1578 1862 1647 1945 τά
1688 1893 1826 1963 ῥητὰ
1855 1862 1901 1922 Β

236 1984 418 2039 ταῦτα
439 2026 454 2049 ,
483 1984 675 2058 ὥσπερ
723 1987 818 2040 καὶ
861 1984 998 2041 ἄλλα
1034 1985 1225 2040 πολλά.
1281 1983 1518 2039 Ἔπειτα
1553 1986 1822 2056 πρόσχες·

236 2075 343 2129 οὐκ
369 2069 523 2130 εἶπεν
557 2076 767 2143 ἁπλῶς,
806 2077 889 2131 ὅτι
922 2076 1109 2148 Ζημία
1150 2074 1297 2130 ἐστὶν
1324 2076 1352 2128 ὁ
1393 2075 1577 2146 νόμος,
1603 2074 1718 2128 ἀλλ’
1744 2076 1824 2128 ὅτι

240 2166 498 2236 Ἡγημαι
518 2166 680 2221 αὑτὸν
698 2154 939 2236 ζημίαν·
970 2166 1129 2237 φύσει
1168 2166 1265 2236 μὲν
1295 2167 1405 2233 γὰρ
1447 2165 1548 2218 οὐκ
1582 2162 1697 2218 ἐστι
1727 2164 1820 2235 ζη-

240 2259 365 2329 μία.
398 2258 524 2321 Πῶς
558 2258 692 2330 γάρ,
722 2259 782 2322 ὃς
804 2259 885 2322 εἰς
899 2257 1135 2328 Χριστὸν
1151 2259 1272 2327 άγει
1290 2254 1471 2319 καλῶς
1496 2256 1782 2327 νοούμενος
1806 2273 1822 2324 ;

249 2349 410 2404 Ἐπεὶ
425 2350 481 2403 δὲ
514 2350 624 2418 ἐγὼ
650 2349 918 2422 πρότερον
939 2350 1127 2413 κακῶς
1142 2349 1280 2403 νοῶν
1303 2349 1468 2404 αὐτὸν
1481 2348 1542 2402 οὐ
1566 2347 1826 2420 προσῄειν

233 2442 486 2515 Χριστῷ,
507 2436 629 2497 εἶτα
660 2443 907 2514 ὕστερον,
939 2444 1192 2512 ἐπιγνοὺς
1221 2443 1320 2514 τὴν
1352 2441 1635 2513 ἀλήθειαν,
1654 2458 1824 2512 πρισ-

226 2537 397 2608 ῆλθον
421 2537 663 2608 Χριστῷ,
706 2538 801 2591 καὶ
823 2535 971 2602 ἔδοξέ
1003 2554 1095 2607 μοι
1122 2536 1374 2605 γενέσθαι
1398 2535 1570 2606 ζημία
1596 2537 1625 2589 ὁ
1660 2535 1825 2605 νόμος

228 2629 328 2684 τὸν
340 2629 533 2700 χρόνον
544 2631 772 2693 ἐκεῖνον,
797 2628 918 2682 καθ’
934 2627 994 2681 ὃν
1012 2627 1198 2690 κακῶς
1213 2626 1347 2681 νοῶν
1359 2626 1542 2692 αὑτὸν,
1565 2627 1626 2678 ού
1655 2642 1824 2697 προσ-

228 2721 398 2793 ἦλθον
436 2720 680 2793 Χριστῷ.
730 2720 885 2774 Ἐπεὶ
901 2722 967 2791 τῇ
993 2737 1059 2783 γε
1081 2720 1256 2789 οἰκείᾳ
1269 2719 1430 2790 φύσει
1447 2721 1474 2772 ὁ
1504 2720 1666 2790 νόμος
1690 2719 1821 2791 κέρ-

228 2812 324 2876 δος
369 2811 506 2865 ἐστί.
558 2811 672 2866 Kal.
703 2809 868 2866 ἄκουε
895 2826 910 2842 ο
950 2810 1051 2863 οὐκ
1099 2803 1275 2877 εἶπεν,
1319 2808 1517 2863 Ἀτινα
1570 2807 1822 2880 ἡγούμην

229 2903 430 2975 κέρδη,
473 2903 611 2969 ἀλλ’,
642 2903 849 2963 ἴΑτινα
879 2898 979 2972 ἦν.
1027 2900 1267 2972 Ἀληθῶς
1308 2902 1417 2971 γὰρ
1451 2901 1642 2970 κέρδος
1675 2901 1822 2955 ἐστὶν

225 2998 257 3050 ὁ
278 2996 467 3066 νόμος,
493 2994 788 3067 θηριωδίας
822 2993 1188 3048 ἀπαλλάττων
1214 2992 1339 3055 τοὺς
1373 2990 1695 3061 ἀνθρώπους
1726 2989 1821 3044 καὶ

225 3086 675 3156 δεισιδαιμονίας,
711 3087 807 3138 καὶ
834 3079 946 3137 οἷον
977 3081 1179 3153 κλίμαξ
1209 3080 1525 3152 γενόμενος,
1558 3082 1652 3134 καὶ
1689 3081 1822 3133 ἁνα-

227 3179 424 3250 γαγὼν
458 3180 607 3251 ἡμᾶς
644 3176 740 3231 ἐπὶ
772 3176 873 3250 τὴν
922 3173 1069 3230 κατὰ
1115 3171 1351 3277 Χριστμδν
1383 3173 1550 3277 ζωὴν.
1604 3170 1820 3277 ῗΩσπερ
1847 3218 1891 3277 C

225 3268 325 3328 οὖν
364 3276 395 3326 ὁ
422 3272 512 3325 διὰ
554 3271 825 3342 κλίμακος
863 3266 1138 3331 ἀνελθὼν,
1180 3266 1240 3319 οὐ
1274 3263 1527 3319 διαπτύει
1566 3263 1666 3335 τὴν
1695 3261 1819 3316 κλί-

230 3383 411 3437 μακα,
449 3363 587 3419 ἀλλὰ
627 3364 723 3418 καὶ
753 3365 914 3435 χάριν
959 3361 1096 3432 αὐτῇ
1131 3357 1303 3415 οἶδεν⁸
1334 3358 1384 3411 εί
1418 3358 1493 3428 μὴ
1523 3357 1633 3428 γάρ
1679 3356 1816 3427 αὕτη

224 3455 319 3530 ἦν,
347 3460 450 3512 οὐκ
486 3457 553 3513 ἂν
585 3456 755 3525 ἀνέϐη
774 3472 788 3486 ο
822 3453 967 3509 οὕτω
995 3453 1091 3507 καὶ
1120 3454 1148 3507 ὁ
1176 3452 1340 3524 νόμος
1369 3451 1561 3523 κέρδος
1593 3451 1694 3519 μὲν
1726 3445 1817 3522 ἦν,

227 3551 326 3605 νῦν
358 3549 418 3605 δὲ
461 3550 664 3621 ζημίαν
706 3549 869 3604 αὑτὸν
898 3546 1220 3618 ἡγούμεθα,
1250 3545 1349 3617 οὐχ
1378 3544 1463 3598 ὅτι
1507 3542 1749 3606 τοιοῦτός
1774 3542 1818 3574 ¹⁰

225 3647 402 3708 ἔστιν,
459 3641 573 3696 ἀλλ’
619 3639 808 3713 ἐπειδὴ
862 3639 1064 3712 μείζων
1115 3641 1151 3710 ἡ
1208 3638 1388 3710 χάρις.
1443 3636 1657 3709 Ὥσπερ
1709 3638 1818 3708 γὰρ

228 3736 501 3810 ἀργύριόν
528 3754 613 3800 τις
639 3732 906 3807 κατέχων,
941 3732 1160 3789 ἐπειδὰν
1179 3732 1401 3804 χρυσίον
1423 3730 1583 3804 εὕρῃ,
1610 3731 1705 3786 καὶ
1740 3733 1817 3803 μὴ

226 3831 327 3903 ἐξῇ
356 3831 646 3901 ἀμφότερα
673 3830 988 3898 κατασχεῖν,
1010 3826 1217 3897 ζημίαν
1242 3828 1456 3897 ἡγεῖται
1481 3826 1542 3879 τὸ
1566 3826 1818 3895 κατέχειν

227 3926 430 3989 ἐκεῖνο,
464 3923 561 3976 καὶ
587 3921 774 3975 λοιπὸν
804 3920 967 3990 ἀφεὶς
990 3919 1145 3985 αὐτὸ,
1174 3917 1444 3989 λαμϐάνει
1467 3912 1528 3972 τὸ
1558 3917 1780 3988 χρυσίον
1798 3932 1815 3950 ο

227 4014 379 4071 οὕτω
415 4016 513 4068 καὶ
539 4011 776 4068 ἐνταῦθα
813 4010 990 4082 ζημία
1016 4012 1046 4065 ὁ
1077 4010 1265 4082 νόμος,
1294 4010 1423 4064 ὅταν
1454 4010 1649 4083 ἀπάγῃ
1677 4010 1817 4080 Χρι-

230 4107 366 4165 στοῦ
385 4123 401 4138 ⁶
427 4108 493 4163 ἂν
518 4107 576 4160 δὲ
602 4104 970 4177 παραπέμπῃ,
997 4104 1205 4158 οὐκέτι.
1229 4103 1306 4157 Οὐ
1332 4103 1495 4174 μόνον
1513 4099 1629 4170 οὖν,
1660 4104 1814 4172 φησι,

229 4205 406 4258 πάλαι
431 4204 541 4273 ἡγη
551 4219 648 4270 μαι
680 4198 885 4270 ζημίαν
913 4198 1003 4252 τὸν
1034 4197 1221 4268 νόμον,
1245 4196 1382 4251 ἀλλὰ
1409 4196 1503 4250 καὶ
1522 4196 1618 4251 νῦν
1649 4195 1818 4267 ἡγοῦ-

233 4310 358 4365 μαι.
401 4292 503 4345 Διὰ
527 4289 609 4351 τίς
651 4291 750 4343 Διὰ
795 4289 857 4343 τὸ
892 4289 1158 4360 ὑπερέχον
1189 4287 1290 4357 τῆς
1336 4287 1581 4359 χάριτος.
1630 4285 1814 4359 Ὁρᾷς,

228 4387 311 4441 ὅτι
345 4383 634 4453 σύγκρισιν
667 4383 939 4448 ποιεῖται;
985 4381 1052 4434 Ἦ
1084 4380 1143 4435 δὲ
1173 4379 1464 4451 σύγκρισις
1487 4419 1502 4445 ,
1540 4378 1816 4451 ὁμογενῶν

232 4476 582 4548 πραγμάτων
602 4491 617 4506 ·
666 4474 762 4528 καὶ
792 4472 855 4526 τὺ
879 4472 1164 4543 ὑπερέχον,
1199 4469 1498 4543 ὁμογενοῦς
1532 4470 1813 4541 ὑπερέχει.

1935 602 2047 656 sine
2068 604 2302 672 querela.
2330 603 2463 670 Quia
2493 603 2735 674 plerique
2767 604 3100 673 principatus
3151 616 3311 658 causa
3357 612 3411 658 et
3444 605 3514 667 ob

1934 693 2068 748 alias
2100 695 2357 763 quasdam
2387 710 2471 751 res
2498 694 2839 758 aunulantur,
2865 703 2918 750 et
2948 709 3052 749 non
3082 704 3300 764 propter
3320 694 3510 763 legem,

1934 786 2057 839 ait:
2098 785 2231 840 Cum
2277 786 2579 855 inculpatus
2623 801 2798 842 essem
2845 786 2898 841 in
2940 787 3143 857 iustitia
3200 786 3346 856 legis,
3378 803 3513 856 quo-

1934 876 2094 931 modo
2127 877 2195 931 ob
2220 877 2510 931 humanum
2538 877 2775 946 aliquod,
2799 887 2851 933 et
2879 892 2981 932 non
3015 887 3234 948 propter
3267 877 3508 932 divinum

1934 970 2108 1025 zelum
2144 979 2466 1040 persecutus
2505 969 2660 1025 sum?

2003 1061 2169 1117 Vens.
2198 1062 2254 1129 7,
2287 1062 2340 1117 8.
2387 1058 2490 1116 Sed
2518 1078 2632 1131 qua:
2664 1062 2793 1116 mihi
2818 1061 2962 1116 lucra
2989 1062 3232 1131 fuerunt,
3275 1063 3384 1118 hare
3417 1079 3507 1116 ar-

1933 1152 2156 1208 bitratus
2190 1170 2303 1207 sum
2337 1162 2549 1224 propter
2580 1152 2848 1207 Christum
2900 1150 3174 1206 damnum.
3232 1153 3507 1208 Verumta-

1931 1265 2048 1303 men
2077 1249 2318 1303 existimo
2351 1250 2527 1301 omnia
2556 1248 2808 1301 damnum
2841 1264 2950 1301 esse
2970 1288 2985 1311 ,
3019 1256 3233 1317 propter
3257 1246 3511 1303 excellen-

1932 1340 2060 1393 tiam
2090 1340 2398 1410 cognitionis
2424 1338 2551 1394 Iesu
2580 1337 2779 1395 Citriin
2813 1340 3022 1393 Domini
3053 1341 3171 1396 mei.
3210 1339 3306 1395 llic
3341 1343 3510 1396 haere-

1933 1434 2021 1488 tici
2084 1434 2171 1503 qui
2217 1433 2385 1504 legem
2439 1433 2838 1488 calumniantur
2890 1433 3228 1503 insurgentes
3288 1432 3506 1500 dicunt,

1930 1524 2070 1581 Ecce
2119 1527 2288 1595 legem
2355 1524 2610 1578 damnum
2676 1532 2835 1579 vocat
2885 1540 2900 1580 :
2953 1526 3224 1595 quomodo
3275 1523 3437 1595 igitur
3479 1541 3507 1580 a

1931 1617 2041 1673 Deo
2079 1618 2200 1673 data
2235 1616 2356 1673 est?
2397 1617 2638 1672 Primum
2671 1617 2836 1688 igitur
2871 1618 3075 1689 gratias
3106 1633 3329 1689 agamus
3368 1620 3510 1688 quod

1930 1712 2164 1783 Spiritus
2195 1722 2416 1768 sanctus
2445 1712 2516 1766 ita
2551 1712 2841 1777 ordinavit,
2880 1721 2937 1765 ut
2971 1712 3314 1778 susciperent
3348 1710 3510 1763 verha

1932 1816 2183 1875 tanquam
2211 1820 2308 1875 pro
2355 1805 2420 1858 iis
2448 1815 2648 1860 essent.
2686 1800 2798 1858 Nisi
2834 1803 2979 1857 enim
3029 1804 3365 1872 providentia
3415 1804 3510 1858 Dei

1929 1898 2280 1964 accessisset,
2311 1898 2475 1953 verba
2512 1897 2610 1953 ista
2631 1939 2648 1963 ,
2685 1905 2742 1950 ut
2773 1895 2874 1950 alia
2910 1895 3165 1964 pleraque
3185 1936 3199 1960 ,
3232 1910 3511 1964 expunge-

1929 2003 2069 2047 rent.
2102 1990 2304 2045 Deinde
2345 1990 2575 2044 observa
2613 2005 2628 2043 :
2675 2002 2782 2041 non
2816 1987 2950 2040 dixit
2981 1986 3303 2053 simpliciter
3339 1986 3508 2054 legem

1928 2097 2050 2137 esse
2080 2082 2334 2136 damnum
2355 2121 2370 2146 ,
2396 2078 2524 2144 sed,
2559 2078 2862 2134 Arbitratus
2890 2093 3005 2132 sum
3041 2076 3183 2129 illam
3214 2091 3332 2132 esse
3362 2079 3512 2129 dam-

1930 2190 2053 2228 num
2078 2190 2096 2228 :
2126 2187 2246 2226 nam
2273 2182 2462 2227 natura
2492 2185 2596 2225 non
2625 2178 2709 2225 est
2733 2170 3010 2222 damnum.
3039 2165 3319 2234 Quomodo
3339 2166 3507 2233 enim,

1929 2282 2053 2322 cum
2086 2269 2152 2322 ad
2182 2266 2457 2323 Christum
2491 2268 2676 2332 ducat,
2712 2266 2758 2321 si
2808 2272 2955 2320 recte
2991 2263 3352 2334 intelligatur?
3374 2261 3507 2316 Nam

1928 2346 2088 2414 antea
2115 2376 2215 2431 ego
2244 2376 2525 2430 perperam
2549 2376 2668 2414 eam
2698 2358 3024 2427 intelligens,
3053 2372 3158 2412 non
3190 2355 3509 2411 accedebam

1928 2451 2143 2507 Christo
2198 2468 2213 2504 :
2277 2451 2469 2507 deinde
2528 2466 2659 2507 vero
2714 2450 2998 2504 veritatem
3054 2461 3392 2517 agnoscens,
3442 2447 3507 2500 ad

1927 2540 2202 2599 Christum
2235 2544 2464 2606 accessi,
2498 2557 2562 2598 ac
2595 2544 2708 2596 visa
2739 2551 2820 2596 est
2849 2541 2930 2595 lex
2960 2540 3088 2594 mihi
3122 2540 3507 2595 detrimentum

1927 2650 2022 2704 per
2058 2633 2188 2688 illud
2240 2634 2535 2703 temporis,
2577 2647 2684 2703 quo
2718 2632 2857 2689 male
2890 2631 3036 2686 illam
3085 2630 3395 2699 intelligens
3440 2628 3506 2681 ad

1925 2724 2204 2782 Christum
2256 2740 2363 2780 non
2419 2725 2646 2780 accessi.
2692 2722 2826 2778 Nam
2880 2724 3175 2779 secundum
3232 2720 3506 2790 propriam

1926 2826 2181 2873 naturam
2218 2816 2303 2872 lex
2356 2827 2440 2873 est
2479 2816 2712 2871 lucrum.
2748 2815 2888 2869 Audi
2925 2829 3090 2882 porro
3125 2829 3142 2868 :
3193 2828 3298 2867 non
3340 2811 3504 2874 dixit,

1925 2909 2059 2977 Quae
2088 2909 2341 2978 putabam
2371 2923 2493 2964 esse
2518 2908 2697 2973 lucra,
2731 2908 2822 2962 sed
2842 2947 2856 2970 ,
2887 2904 3019 2972 Qua:
3052 2915 3205 2961 erant
3251 2921 3269 2960 :
3302 2919 3507 2958 ~revera

1923 3003 2069 3058 enim
2108 3001 2193 3057 lex
2223 3012 2307 3056 est
2336 3001 2585 3068 lucrum,
2611 3015 2639 3054 a
2667 2999 2902 3059 belluina
2943 3010 3135 3053 natura
3166 3008 3219 3052 et
3247 2996 3510 3065 supersti-

1924 3094 2070 3149 tione
2085 3093 2330 3148 homines
2349 3092 2610 3155 liberans,
2634 3106 2696 3147 ac
2722 3091 2885 3145 veluti
2911 3092 3185 3144 scalarum
3212 3090 3328 3144 loco
3347 3090 3507 3152 facta,

1923 3194 1979 3240 et
2009 3187 2075 3240 ad
2100 3186 2264 3241 vitam
2289 3185 2509 3242 Christo
2531 3186 2747 3256 dignam
2773 3199 2871 3240 nos
2893 3186 3215 3254 perducens.
3247 3182 3314 3238 Ut
3347 3183 3512 3251 igitur

1922 3281 2014 3353 qui
2056 3296 2154 3351 per
2186 3280 2363 3336 scalas
2391 3278 2740 3344 conscendit,
2772 3292 2875 3332 non
2908 3276 3124 3346 despuit
3149 3273 3380 3344 gradus,
3414 3274 3508 3329 sed

1921 3374 2150 3445 gratiam
2186 3372 2366 3442 potius
2395 3371 2502 3426 illis
2529 3371 2691 3424 habet
2719 3369 2738 3440 (
2765 3370 2867 3423 nisi
2910 3369 3052 3423 enim
3095 3368 3212 3421 ista:
3255 3366 3506 3429 fuissent,

1923 3482 2030 3522 non
2068 3468 2330 3537 potuisset
2356 3460 2703 3533 ascendere),
2740 3462 2879 3517 hunc
2908 3461 2973 3514 ad
3004 3459 3222 3514 modum
3256 3458 3339 3512 lex
3384 3456 3508 3525 qui-

1921 3559 2045 3615 dem
2081 3558 2286 3614 lucrum
2315 3564 2432 3612 erat
2453 3597 2469 3623 ,
2498 3553 2608 3625 jam
2641 3568 2773 3607 vero
2819 3551 3199 3605 detrimentum
3228 3557 3284 3602 et
3313 3561 3506 3601 noxam

1920 3666 2039 3707 eam
2077 3665 2195 3706 esse
2233 3662 2547 3713 censemus,
2601 3661 2705 3701 non
2741 3645 2883 3714 quod
2930 3642 3235 3714 hujusmodi
3288 3641 3379 3704 sit,
3414 3641 3507 3693 sed

1920 3744 2065 3814 quod
2097 3742 2269 3811 major
2299 3742 2368 3797 sit
2395 3741 2591 3812 gratia.
2620 3737 3087 3805 Quemadmodum
3132 3734 3278 3789 enim
3309 3732 3506 3801 aliquis

1920 3848 2201 3910 argentum
2235 3835 2520 3891 continens
2542 3873 2558 3900 ,
2590 3834 2679 3888 uhi
2705 3847 2899 3886 aurum
2929 3829 3222 3892 invenerit,
3255 3842 3353 3882 nec
3384 3826 3508 3881 licet

1920 3940 2148 3998 utraque
2173 3927 2442 3993 obtinere,
2483 3926 2739 3981 damnum
2766 3934 2954 3980 censet
2987 3923 3226 3978 retinere
3259 3919 3414 3981 illud,
3443 3933 3509 3972 ac

1920 4020 2175 4089 deinceps
2208 4019 2399 4075 relicto
2444 4018 2539 4074 illo
2568 4032 2759 4072 aurum
2789 4016 2985 4085 accipit
3029 4031 3045 4069 :
3097 4013 3242 4067 hunc
3288 4012 3355 4065 ad
3390 4025 3510 4064 mo-

1921 4112 2045 4166 dum
2078 4109 2163 4166 lex
2184 4118 2269 4167 est
2293 4111 2510 4176 damno,
2532 4109 2576 4165 si
2609 4124 2637 4162 a
2659 4107 2880 4164 Christo
2905 4105 3224 4172 abduxerit;
3255 4104 3300 4158 si
3325 4112 3507 4157 autem

1919 4201 2243 4268 adduxerit,
2296 4217 2403 4256 non
2447 4214 2632 4271 porro.
2680 4196 2798 4253 Non
2848 4198 3022 4253 solum
3078 4196 3263 4267 igitur,
3297 4192 3503 4263 inquit,

1917 4291 2085 4366 449
2112 4293 2236 4349 olim
2270 4294 2564 4350 arbitratus
2588 4308 2706 4347 sum
2738 4292 2908 4362 legem
2940 4305 3061 4347 esse
3083 4293 3378 4350 damnum,
3416 4303 3508 4341 vc-

1920 4401 2039 4440 rum
2072 4386 2364 4441 etiamnum
2401 4385 2657 4439 arbitror.
2691 4384 2865 4450 Quam
2892 4384 2962 4437 ob
2987 4380 3248 4437 causam?
3277 4379 3506 4446 Propter

1920 4474 2296 4530 excellentiam
2338 4474 2547 4546 gratiae.
2608 4471 2798 4527 Videu’
2844 4470 2984 4542 quod
3038 4468 3503 4537 comparationem

232 4569 402 4622 Ὥστε
444 4566 597 4620 καὶὸ
630 4564 795 4635 νόμος
832 4563 1060 4632 γνῶσις,
1099 4562 1212 4615 ἀλλ’
1241 4563 1511 4616 ὲλάττωψ
1543 4560 1619 4624 ὡς
1653 4562 1748 4614 καὶ
1788 4562 1817 4614 ὁ

1928 4568 2126 4624 faciat?
2152 4567 2500 4635 Comparatio
2541 4574 2722 4620 autem
2770 4579 2952 4620 rerum
2998 4573 3082 4619 est
3136 4562 3376 4633 ejusdem
3408 4578 3505 4633 ge-

229 4661 429 4730 λύχνος
458 4657 610 4729 φῶς,
639 4655 757 4733 ἀλλ’
786 4656 830 4688 ¹¹
872 4654 973 4726 οὐχ
1005 4648 1118 4708 οἷον
1145 4653 1206 4708 τδ
1235 4654 1327 4709 τοῦ
1368 4654 1553 4727 ἡλίου,
1595 4653 1712 4724 φῶς
1759 4654 1817 4708 δὲ

229 4750 404 4823 ὅμως.

252 5080 255 5083 .
301 5028 385 5084 Δι’
423 5027 498 5082 ὃν
529 5027 601 5083 τὰ
628 5028 826 5083 πάντα
859 5025 1221 5097 ἐζημιώθην,
1255 5025 1354 5081 καί
1382 5025 1639 5097 ἠγοῦμαι
1669 5027 1818 5083 σκύ-

231 5124 391 5177 ϐαλα
409 5117 583 5186 εἶναι,
605 5122 708 5176 Ira
729 5121 988 5189 Χριστὸν
1006 5119 1309 5189 κερδήσω.
1329 5119 1427 5173 Διὰ
1447 5121 1538 5174 τὸν
1558 5121 1814 5192 Χριστὸν,

229 5215 420 5285 φησὶν,
483 5211 835 5283 ἐζημιώθηνο
895 5212 1178 5278 τουτέστι,
1249 5212 1464 5283 Ζημίαν
1516 5214 1817 5285 ἡγησάμην

230 5306 433 5361 πάντα’
468 5302 503 5374 ἡ
528 5304 611 5358 ὅτι
634 5301 1012 5373 άπεὸαλόμην.
1047 5302 1236 5374 Ὁρᾷς,
1260 5303 1343 5357 ὄτι
1365 5303 1425 5356 οὐ
1459 5302 1619 5373 φύσει
1643 5306 1816 5375 ζημία

226 5400 258 5452 ὁ
286 5400 476 5470 νόμος,
504 5397 641 5453 ἀλλὰ
661 5398 748 5452 διὰ
769 5398 862 5451 τὸν
883 5397 1137 5467 Χριστόν.
1154 5396 1409 5450 Σκύϐαλα
1429 5397 1506 5463 δὲ,
1531 5396 1684 5451 οὔπω
1716 5399 1816 5470 μὲν

229 5489 392 5561 δῆλον
435 5490 485 5543 εί
516 5488 609 5543 τὸν
640 5486 808 5558 νόμον
852 5488 1159 5559 ὠνόμασεν.
1197 5486 1360 5553 Εἰκὸς
1393 5488 1503 5559 γὰρ
1542 5489 1672 5559 περὶ
1702 5490 1813 5544 τῶν

227 5581 513 5653 κοσμικῶν
543 5580 886 5653 πραγμάτων
915 5580 1096 5651 λέγειν
1115 5596 1130 5612 ·
1164 5579 1309 5636 οὕτω
1336 5581 1380 5614 ³⁸
1405 5582 1516 5652 γὰρ
1544 5585 1776 5652 προεῖπε
1794 5598 1810 5617 ·

1924 4662 2090 4726 neris,
2128 4673 2183 4716 et
2214 4662 2359 4731 quod
2398 4659 2647 4726 excellit,
2689 4659 2835 4714 aliud
2874 4659 3117 4728 ejusdem
3151 4658 3365 4729 generis
3409 4672 3506 4710 ex-

1924 4754 2089 4810 cellit.
2118 4753 2352 4809 Proinde
2381 4751 2462 4806 lex
2496 4751 2736 4821 cognitio
2762 4760 2865 4816 est,
2903 4751 2996 4806 sed
3034 4751 3209 4805 minor
3238 4767 3252 4804 :
3284 4748 3508 4820 perinde

1923 4863 1988 4904 ac
2016 4847 2233 4903 lucerna
2266 4846 2447 4900 lumen
2482 4853 2585 4911 est,
2621 4844 2717 4901 sed
2750 4860 2855 4899 non
2895 4843 3052 4914 quale
3092 4843 3225 4899 solis
3252 4850 3355 4908 est,
3415 4841 3505 4895 lu-

1925 4956 2047 4997 men
2082 4950 2259 4995 tamen
2287 4948 2389 4994 εει.

1997 5030 2220 5098 Propter
2243 5043 2395 5099 quem
2428 5028 2605 5082 omnia
2632 5044 2728 5097 pro
2757 5026 2968 5082 damnis
3011 5024 3141 5079 duxi
3158 5068 3173 5089 ,
3195 5033 3242 5077 et
3267 5022 3504 5077 arbitror

1917 5140 2030 5181 esse
2064 5125 2458 5192 rejectamenta,
2494 5133 2549 5176 ut
2575 5120 2844 5178 Christum
2883 5119 3238 5188 lucrifaciam.
3271 5115 3502 5184 Propter

1919 5219 2222 5286 Christum,
2256 5217 2453 5288 inquit,
2493 5231 2590 5288 pro
2620 5214 2832 5270 damnis
2863 5212 3012 5278 duxi,
3046 5211 3147 5266 hoc
3177 5220 3262 5266 est
3285 5252 3301 5277 ,
3331 5208 3502 5264 detri-

1920 5322 2162 5370 mentum
2191 5325 2316 5366 esse
2343 5310 2546 5381 putavi,
2570 5307 2650 5361 vel
2673 5305 2855 5363 omnia
2885 5303 3069 5373 rejeci.
3100 5301 3505 5357 Animadvertis

1917 5407 2061 5476 quod
2107 5404 2190 5459 lex
2218 5417 2326 5457 non
2367 5409 2451 5457 est
2496 5408 2686 5455 natura
2720 5399 3128 5463 detrimentum,
3160 5395 3253 5450 sed
3293 5393 3503 5449 Christi

1918 5511 2104 5553 causa.
2138 5493 2538 5563 Rejectamenta
2585 5506 2710 5546 vero
2738 5489 2856 5544 sive
2889 5496 3132 5544 stercora
3162 5501 3291 5542 num
3322 5484 3504 5555 legem

1921 5584 2317 5653 nominaverit,
2372 5583 2607 5640 nondum
2647 5582 2818 5653 liquet
2852 5598 2869 5638 :
2919 5595 3043 5637 nam
3079 5578 3376 5637 verisimile
3414 5587 3507 5635 est

1460 5722 1663 5787 Varia:
1692 5725 2027 5791 lectiones.

304 5852 348 5884 ¹⁰
374 5848 535 5906 τοῦτό
567 5863 619 5906 o.
696 5849 736 5883 “
772 5848 887 5906 ἀλλ’
922 5843 1070 5919 οἶονς
1104 5863 1157 5906 0.
1240 5850 1282 5883 “
1315 5847 1469 5904 οὔπω
1496 5865 1548 5906 o.
