3932 6590
460 370 599 435 1183

1333 373 1909 437 THEOPHYLAC’I’I
1948 374 2358 440 BULGARle
2398 380 2755 445 ARCHIEP.

3522 387 3660 453 1184

455 485 607 541 illum
635 481 704 539 de
726 478 1011 537 mundanis
1040 480 1199 536 rebus
1225 493 1288 537 ac
1309 483 1537 553 negotiis
1559 483 1760 540 dicere.
1787 483 1861 539 ita
1893 484 2037 540 enim

2164 488 2219 540 tt‘
2249 488 2322 542 ὃν
2352 488 2425 542 τὰ
2447 488 2645 543 πάντα
2664 488 3008 558 ἐζημιώθην,
3032 489 3102 545 τὰ
3122 491 3215 545 τοῦ
3244 491 3505 564 παρόντος
3537 500 3680 570 τυχὸν

453 592 616 647 supra
650 577 823 632 dixit:
862 573 1089 645 Propter
1117 588 1268 644 quem
1301 577 1477 630 omnia
1508 578 1703 633 damno
1741 579 1872 633 duxi
1892 618 1907 645 ,
1941 593 2030 635 res

457 669 761 724 mundanas
788 666 1016 723 scilicet.
1057 665 1153 720 Sin
1189 667 1254 720 de
1283 666 1397 736 lege
1424 667 1628 723 dictum
1665 670 2030 739 accipiamus,

458 774 526 815 ne
556 761 633 815 sic
665 759 880 829 quidem
915 757 1162 827 iujuriam
1194 759 1419 829 patitur.
1456 760 1853 831 Rejectamenta
1882 762 2025 817 enim

459 845 713 901 frumenti
750 847 917 918 palea:
948 856 1111 913 sunt,
1146 850 1260 904 sive
1314 850 1523 903 culmus
1558 867 1574 905 :
1629 851 1779 921 atqui
1820 851 2032 908 culmus

459 938 713 993 frumenti
738 940 1145 994 conservativus
1176 949 1338 995 estet
1370 940 1764 996 ﬁrmamentum
1804 941 1952 1010 ejus,
1975 951 2031 998 et

459 1029 562 1085 nisi
593 1029 695 1085 iste
719 1040 884 1098 esset,
919 1031 1249 1087 frumentum
1280 1046 1386 1086 non
1428 1041 1569 1087 esset
1598 1050 1613 1090 :
1642 1041 1880 1088 attamen
1911 1033 2030 1087 fru-

461 1129 644 1175 mento
678 1129 975 1190 apparente
1022 1131 1076 1176 et
1122 1122 1365 1189 selecto,
1405 1122 1615 1179 inutilis
1660 1123 1914 1193 deinceps
1944 1132 2031 1178 est

462 1212 696 1268 culmus.
731 1212 879 1267 Hauc
906 1213 973 1268 ad
1004 1214 1267 1268 rationem
1299 1213 1381 1269 lex
1408 1222 1492 1269 est
1524 1214 1709 1284 gratiae
1738 1215 2030 1271 continua-

464 1304 569 1357 trix
604 1317 669 1358 ac
698 1304 850 1359 testis
881 1320 896 1358 :
930 1312 986 1358 at
1016 1318 1144 1360 vero
1186 1304 1342 1360 simul
1374 1316 1538 1375 atque
1570 1305 1658 1360 illa
1689 1305 1887 1375 illuxit,
1925 1321 2032 1362 non

464 1403 546 1450 est
580 1410 717 1464 opus
746 1409 905 1464 porro
933 1394 1127 1450 litterae
1154 1394 1271 1464 ejus
1308 1397 1567 1452 assidere.

536 1483 704 1540 Vens.
750 1485 803 1541 9.
843 1482 911 1538 Ut
940 1495 987 1539 et
1014 1485 1250 1540 inveniar
1280 1486 1336 1540 in
1362 1488 1472 1555 ipso
1509 1502 1610 1541 non
1644 1486 1839 1543 habens
1864 1505 2034 1544 meam

2138 577 2367 647 κόσμου.
2393 579 2454 631 Εἰ
2480 580 2537 633 δὲ
2568 580 2663 633 καὶ
2694 580 2824 651 περὶ
2847 578 2943 635 τοῦ
2970 581 3138 651 νόμου
3164 583 3412 653 είρῆσθαι
3439 581 3681 657 δεξόμεθα

2136 665 2314 729 τοῦτο,
2349 667 2469 720 οὐδὲ
2489 665 2664 730 οὕτως
2694 666 2972 738 ὕϐρισται.
2998 668 3251 723 Σκύδαλα
3280 669 3389 740 γὰρ
3435 671 3525 725 τοῦ
3549 673 3680 727 σίτου

2135 756 2207 810 τὰ
2239 756 2439 827 ἄχυρα,
2474 758 2594 827 ἢτοι
2625 758 2658 827 ή
2698 755 2957 827 καλάμηο
3003 757 3120 812 ἀλλ’
3146 760 3180 829 ή
3220 760 3478 831 καλάμη,
3510 778 3682 832 συντη-

2137 848 2335 918 ρητική
2369 850 2482 901 ἐστι
2514 848 2609 901 τοῦ
2654 848 2823 909 σίτου.
2863 849 2956 902 καὶ
3003 851 3287 922 στήριγμα
3324 851 3507 917 αὐτοῦ,
3534 854 3679 907 uel."

2134 941 2183 993 εί
2212 939 2285 1010 μὴ
2314 935 2382 1010 ἦν
2415 938 2579 1008 αὕτη,
2601 940 2703 995 οὐκ
2733 941 2799 995 ἂν
2831 943 2976 1006 σῖτος
3005 943 3250 1011 ἐγένετοο
3276 943 3425 1013 ὅμως
3450 945 3679 1012 φανέντος

2134 1032 2230 1086 τοῦ
2270 1034 2418 1087 σίτου
2469 1035 2564 1088 καί⁵
2612 1034 2962 1103 ἑκλεγέντος,
3013 1036 3285 1107 ἄχρηστος
3316 1038 3499 1092 λοιπὸν
3538 1039 3676 1110 αὕτη.

2136 1124 2293 1180 Οὖτω
2329 1123 2424 1177 καὶ
2452 1124 2481 1177 δ
2509 1125 2692 1196 νόμος,
2728 1128 2826 1198 τῆς
2857 1128 3077 1198 χάριτος
3112 1127 3410 1199 βεδαιωτὴς
3440 1129 3528 1183 καὶ
3556 1133 3680 1203 μάρ-

2136 1234 2266 1280 τυς·
2306 1218 2566 1288 φανείσης
2593 1219 2652 1273 δὲ
2698 1220 2888 1291 αὐτῆς,
2942 1222 3004 1273 οὐ
3042 1220 3125 1274 δεῖ
3170 1221 3577 1291 προσκαθῆσθαι
3614 1224 3682 1295 τῷ

2137 1308 2328 1364 τούτου
2377 1309 2688 1382 γράμματι.

2210 1485 2324 1538 Kal
2369 1484 2591 1553 εὑρεθῶ
2623 1485 2695 1539 ἐν
2714 1485 2876 1551 αὐτῷ
2907 1482 2993 1555 μὴ
3022 1484 3180 1554 ἔχων
3208 1484 3367 1555 ἐμὴν
3411 1484 3686 1542 δικαιοσύ-

460 1574 734 1643 justitiam
766 1590 882 1643 quae
912 1584 989 1628 est
1033 1590 1097 1629 ea:
1138 1575 1265 1645 lege,
1299 1577 1388 1629 sed
1421 1576 1567 1631 illam
1594 1593 1713 1647 qua:
1739 1594 1804 1634 ea:
1826 1580 1931 1648 ﬁde
1961 1589 2038 1635 est

2164 1593 2260 1646 ρην
2302 1577 2420 1644 τὴν
2445 1577 2514 1631 ἐκ
2537 1578 2762 1646 νόμον,
2800 1576 2963 1631 dua
2999 1576 3115 1645 τὴν
3144 1576 3241 1631 διὰ
3277 1578 3531 1643 πίστεως
3573 1579 3685 1645 Χρι-

472 1662 691 1729 Christi,
735 1680 853 1734 qua:
890 1680 955 1719 ea:
992 1664 1100 1719 Deo
1142 1673 1218 1720 est
1255 1666 1490 1735 justitia.
1543 1667 1611 1722 Ut
1656 1683 1761 1723 non
1813 1670 2035 1725 habeam

2164 1669 2316 1737 γτοῦ,
2345 1668 2460 1738 τὴν
2486 1669 2554 1724 ἐκ
2584 1670 2732 1726 Θεοῦ
2755 1670 3175 1738 δικαιοσύνην.
3203 1672 3318 1725 Ἵνα
3352 1671 3430 1743 μὴ
3451 1670 3551 1742 ἔχω
3569 1673 3685 1741 ἐμὴν

472 1769 644 1808 meam
662 1755 951 1824 justitiam,
981 1770 1100 1824 quae
1120 1766 1203 1812 est
1224 1771 1292 1810 ex
1319 1757 1571 1824 operibus
1594 1758 1749 1830 legis,
1781 1769 2034 1831 tanquam

2164 1759 2514 1831 ἰικαιοσύνην,
2549 1760 2649 1832 τὴν
2685 1762 2749 1815 ἐκ
2775 1762 2884 1814 τῶν
2912 1761 3090 1832 ἔργων
3116 1760 3209 1814 τοῦ
3240 1762 3432 1831 νόμου,
3462 1761 3533 1823 ὡς
3552 1761 3687 1829 δῆθεν

465 1844 574 1915 jam
607 1859 669 1898 ea
699 1844 1018 1913 perfecerim
1050 1848 1068 1916 (
1095 1861 1269 1915 neque
1298 1848 1441 1902 enim
1469 1847 1676 1916 justitia
1709 1862 1790 1904 est
1818 1866 1886 1905 ex
1914 1866 2039 1920 ope-

2164 1852 2496 1923 ιατορθώσας
2519 1853 2658 1907 αὑτά
2676 1867 2690 1884 ⁸
2730 1853 2849 1907 οὐδὲ
2870 1853 3003 1921 γὰρ,
3034 1853 3154 1908 οὐδὲ
3184 1853 3298 1907 ἔστι
3321 1854 3619 1922 δικαιοσύνη
3639 1852 3690 1917 ἐξ

475 1933 643 2001 ribus,
671 1935 1105 2005 quandoquidem
1135 1936 1251 1991 haec
1272 1950 1378 1990 non
1408 1937 1772 2009 perfecerim),
1794 1942 1887 1995 sed
1917 1956 2034 1995 eam

2164 1943 2344 2014 ἔργων,
2378 1945 2459 1997 ὅτι
2487 1943 2605 1996 οὐδὲ
2652 1943 2988 2014 κατώρθωσα
3008 1943 3050 1974 ⁸⁸
3080 1943 3281 1996 ταῦτα·
3325 1943 3466 1997 ἀλλὰ
3492 1943 3581 2013 τὴν
3616 1943 3691 1997 διὰ

475 2042 594 2098 quae
627 2036 710 2081 est
743 2042 838 2097 per
866 2028 1026 2082 fidem
1054 2027 1276 2096 Christi,
1310 2043 1430 2099 quae
1459 2038 1539 2085 est
1566 2031 1771 2099 iustitia
1808 2046 1872 2085 ex
1910 2033 2041 2099 Deo,

2164 2034 2384 2107 πίστεως
2411 2032 2681 2102 Χριστοῦ,
2727 2034 2850 2105 ἥτις
2897 2035 3046 2089 ἐστὶν
3075 2036 3140 2088 ὲκ
3183 2033 3317 2087 Θεοῦ
3373 2032 3689 2104 δικαιοσύνη,

480 2121 580 2175 hoc
609 2126 724 2184 est,
752 2118 991 2173 divinum
1016 2118 1216 2173 donum
1239 2156 1255 2184 ,
1295 2136 1415 2189 qua:
1437 2123 1607 2190 gratia
1633 2121 1894 2191 justilicat
1923 2139 2044 2179 cre-

2164 2123 2417 2187 ςουτέστι,
2451 2123 2591 2177 θεῖον
2612 2123 2805 2195 δῶρον,
2838 2123 3019 2193 χάριτι
3041 2122 3328 2178 δικαιοῦσα
3353 2124 3479 2186 τοὺς
3507 2123 3693 2176 πιστεύο

475 2210 685 2265 dentes.
719 2208 781 2290 Sj
808 2211 944 2264 enim
973 2211 1257 2265 credideris
1287 2212 1343 2266 in
1370 2213 1527 2267 corde
1550 2224 1661 2276 tuo,
1687 2223 1738 2268 et
1766 2231 1854 2268 ore
1880 2215 2045 2283 fueris

2164 2234 2327 2280 mag.
2372 2217 2513 2272 Ἐὰν
2557 2216 2667 2286 γὰρ
2692 2216 3028 2284 πιστεύσῃς
3057 2215 3133 2284 τῇ
3159 2216 3411 2284 καρδίᾳ,
3452 2214 3542 2268 καί
3577 2218 3695 2283 ὀμο-

476 2300 767 2369 coufessus,
789 2300 1075 2357 servaberis
1094 2302 1144 2356 ιι.
1180 2302 1365 2357 Divina
1395 2315 1574 2358 autem
1607 2305 1745 2359 dona
1776 2304 1932 2375 longo
1964 2305 2048 2359 in-

481 2392 709 2446 tervallo
745 2404 1071 2463 exsuperant
1099 2395 1356 2450 vilitatem
1390 2411 1611 2465 Operum
1645 2397 1884 2453 humano
1925 2407 2045 2452 stu-

483 2484 573 2539 dio
612 2494 667 2539 et
705 2495 898 2540 conatu
954 2497 1323 2558 peractorum,
1372 2489 1595 2560 perinde
1625 2503 1688 2544 ac
1718 2489 2049 2545 friunentum

487 2576 665 2645 paleas
693 2578 926 2633 excedit.
1184 2562 1187 2565 Α

556 2670 715 2724 Vens.
742 2671 913 2725 10.1n
934 2670 1058 2738 ﬁde,
1095 2680 1150 2726 ut
1177 2689 1481 2743 cognoscam
1520 2691 1658 2740 eum,
1687 2686 1733 2730 et
1762 2677 2048 2745 potentiam

488 2764 882 2816 resurrectionis
907 2762 1041 2830 ejus.
1068 2761 1174 2818 Per
1210 2764 1365 2818 [idem
1396 2765 1557 2833 igitur
1582 2767 1835 2835 cognitio.
1865 2768 2051 2834 Qualis

490 2854 634 2908 etaim
688 2855 1027 2910 ratiocinatio
1077 2857 1523 2911 resurrectionem
1565 2860 1721 2913 nobis
1766 2861 2051 2928 probabit?

2149 2308 2422 2379 λογήσῃς
2449 2307 2530 2373 τῷ
2552 2310 2821 2374 στόματι,
2862 2307 3135 2375 σωθήσῃ.
3178 2306 3261 2360 Τὰ
3289 2306 3347 2361 δὲ
3392 2308 3516 2360 θεῖα
3545 2306 3692 2376 δῶρα,

2155 2398 2336 2469 πολλῷ
2368 2398 2446 2469 τῷ
2477 2397 2661 2468 μέτρῳ
2698 2396 3016 2467 ὑπερϐαίνει
3044 2396 3141 2467 τὴν
3173 2395 3456 2450 εὐτέλειαν
3488 2394 3587 2447 τῶν
3612 2394 3692 2445 ἁν-

2155 2490 2404 2563 θρωπίνῃ
2433 2489 2637 2560 σπουδῇ
2668 2488 3010 2558 τελουμένων
3041 2486 3505 2558 κατορθωμάτων,
3533 2483 3695 2554 ὥσπερ

2153 2587 2249 2640 καὶ
2280 2588 2309 2639 δ
2346 2587 2489 2646 σῖτος
2522 2582 2591 2635 τὰ
2629 2579 2893 2634 σκύὸαλα.

2239 2676 2364 2731 Ἐπί
2390 2672 2465 2741 τῇ
2492 2673 2721 2737 πίστει,
2745 2671 2852 2726 τοῦ
2892 2670 3112 2741 γνῶναι
3141 2668 3328 2724 αὐτὸν
3356 2673 3462 2723 καὶ
3490 2666 3595 2734 τὴν
3614 2664 3698 2719 δύο

2158 2783 2338 2836 ναμιν
2365 2764 2473 2834 τῆς
2511 2764 2905 2831 ἀναστάσεως
2942 2762 3149 2817 αὐτοῦ.
3182 2764 3327 2833 Ἀρα
3372 2762 3462 2814 διὰ
3495 2760 3696 2819 πίστεως

2159 2862 2193 2930 ἠ
2233 2857 2450 2926 γνῶσις.
2487 2858 2640 2920 ﬂcio;
2668 2856 2780 2926 γὰρ
2814 2856 3071 2926 λογισμὸς
3107 2853 3206 2927 τὴν
3252 2853 3545 2908 ἀνάστασιν
3587 2849 3698 2919 ἡμῖν

492 2934 809 3010 ΝιιΙΙίι,’σοό
853 2947 1005 3001 ﬁdes.
1048 2947 1105 3019 Si
1138 2954 1314 3001 autem
1356 2954 1677 3004 resurrectio
1714 2966 1779 3005 ex
1816 2952 1920 3007 fide
1963 2967 2055 3008 co-

2164 2949 2532 3018 παραστήσας
2566 2948 2702 3001 Οὐδὲ
2726 2942 2827 3011 εἷς,
2861 2946 2997 3001 ἀλλὰ
3034 2944 3233 3009 πίστις.
3263 2945 3325 2998 Ei
3348 2943 3404 2996 δὲ
3432 2943 3466 3013 ἡ
3497 2938 3700 2994 ἀνάστα·

492 3036 790 3105 gnoscitur,
821 3038 1087 3104 quomodo
1120 3040 1260 3107 quod
1310 3039 1479 3108 majus
1514 3051 1617 3105 est,
1660 3043 1914 3097 nimirum
1959 3059 2054 3099 na-

2162 3057 2246 3104 σις
2287 3040 2465 3093 πίστει
2495 3039 2856 3109 γινώσκεται,
2900 3039 3016 3103 πῶς
3043 3039 3104 3091 τὸ
3134 3036 3354 3108 μεῖζον,
3383 3037 3416 3104 ἡ
3454 3034 3700 3102 γέννησις.

495 3127 679 3183 tivitas
733 3127 885 3198 ejus,
931 3130 1231 3186 rationibus
1282 3132 1802 3202 comprehendetur?
1834 3137 1901 3189 At
1948 3150 2054 3205 qua

2164 3131 2435 3201 λογισμοῖς
2452 3128 2973 3199 καταλειφθήσεται;
3008 3127 3127 3191 πῶς
3151 3126 3207 3180 δὲ
3230 3125 3453 3196 μεῖζονς
3481 3123 3595 3175 ὐτι
3618 3117 3700 3188 τῆς

499 3218 706 3273 ratione
747 3220 798 3273 id
850 3220 1024 3287 majus
1073 3223 1193 3277 est?
1242 3224 1374 3290 Quia
1425 3227 1840 3281 resurrectionis
1892 3228 2056 3283 multa

2165 3225 2266 3297 μὲν
2303 3224 2654 3286 ἀναστάσεως
2704 3220 2876 3275 πολλὰ
2909 3219 3282 3288 ὑποδείγματα
3301 3219 3346 3249 ¹⁸
3373 3232 3387 3247 ·
3432 3213 3702 3297 ἀνέστησαν

436 3294 462 3323 ’
499 3318 626 3364 sunt
674 3311 916 3378 exempla
972 3330 989 3366 :
1046 3313 1197 3367 multi
1238 3329 1470 3385 namque
1505 3326 1559 3371 et
1612 3325 1738 3372 ante
1786 3317 2059 3373 Christum

2165 3294 2263 3386 μὲν
2309 3317 2418 3386 γὰρ
2450 3313 2637 3367 πολλοὶ
2672 3312 2768 3365 καὶ
2810 3309 2918 3381 πρὸ
2944 3308 3180 3380 Χριστοῦ
3203 3323 3218 3337 ·
3257 3308 3323 3359 ὲκ
3374 3302 3631 3378 παρθένου
3655 3296 3703 3351 δὲ

500 3413 917 3458 resurrexerunt
958 3422 973 3459 :
1021 3420 1090 3460 ex
1131 3407 1341 3477 virgine
1385 3417 1564 3463 autem
1620 3424 1778 3464 nemo
1826 3424 2061 3480 unquam

506 3504 830 3551 natusterat.
858 3496 1088 3552 Proinde
1112 3496 1349 3565 justitia,
1380 3514 1497 3569 qua:
1518 3514 1582 3554 ex
1615 3500 1720 3556 Deo
1747 3510 1851 3566 est,
1879 3502 1930 3555 in
1964 3502 2066 3557 lide

506 3594 588 3639 est
619 3603 633 3638 :
671 3584 772 3639 hoc
797 3593 899 3650 est,
938 3586 1065 3641 huic
1102 3589 1373 3654 innititur,
1401 3604 1627 3659 eamque
1662 3590 2068 3647 fundamentum

507 3676 688 3732 habet.
713 3676 1012 3733 Potentiam
1045 3686 1222 3734 autem
1250 3682 1645 3735 resurrectionis
1674 3683 1808 3736 dixit
1836 3700 1850 3736 :
1882 3699 2069 3739 revera

506 3766 648 3821 enim
676 3767 865 3837 ingens
890 3770 1058 3824 robur
1089 3777 1143 3824 et
1171 3769 1407 3839 potentia
1437 3779 1542 3839 est,
1570 3786 1877 3842 resurgere.
1907 3773 2073 3839 Quin-

509 3859 670 3913 etiam
707 3859 871 3931 450
903 3862 1229 3918 resurrectio
1270 3863 1565 3930 potentiam
1626 3864 1780 3919 nobis
1834 3864 2075 3923 immittit

511 3951 575 4005 ad
608 3950 750 4006 idem
786 3953 889 4006 iter
917 3953 1345 4024 ingrediendum.

584 4041 654 4095 Et
698 4045 996 4099 societatem
1023 4048 1325 4114 passionum
1361 4052 1530 4108 illius.
1566 4052 1699 4108 Cum
1742 4053 2077 4122 persecutio-

514 4148 666 4197 nem,
704 4133 905 4203 inquit,
938 4145 1171 4205 patimur
1199 4151 1252 4195 et
1278 4140 1581 4211 afﬂigimur,
1617 4144 1908 4211 participes
1956 4142 2079 4198 red-

515 4223 695 4276 dilmlr
721 4238 1034 4293 passionum
1078 4228 1192 4284 sive
1216 4228 1562 4285 alllictionum
1581 4231 1806 4287 Christi.
1833 4232 1889 4287 Si
1919 4233 2080 4302 igitur

517 4329 624 4373 non
646 4318 989 4376 crederemus
1018 4321 1159 4391 quod
1188 4336 1308 4376 cum
1331 4320 1550 4378 Christo
1574 4324 1844 4393 regnaturi
1870 4338 2079 4390 sumus,

518 4426 625 4466 non
652 4412 778 4466 talia
811 4422 1067 4483 tantaque
1096 4424 1421 4484 paterentur.
1457 4413 1694 4471 Observa
1723 4425 1902 4470 autem
1937 4416 2081 4485 quod

2162 3403 2336 3467 οὐδεὶς
2357 3402 2570 3473 ἐτέχθη.
2614 3401 2681 3455 Ἠ
2705 3399 2881 3454 τοίνυν
2911 3400 2976 3453 ὲκ
3001 3396 3136 3451 Θεοῦ
3166 3394 3483 3463 δικαιοσύνη
3510 3392 3564 3444 ὲν
3591 3390 3630 3421 ¹⁶
3648 3388 3702 3456 τῇ

2166 3496 2347 3549 πίστει
2372 3495 2488 3547 ἐστὶ
2511 3533 2527 3559 ,
2555 3493 2833 3546 τουτέστιν
2854 3531 2871 3557 ,
2905 3491 2983 3568 είς
3008 3487 3211 3558 ταύτην
3245 3485 3598 3557 ἐπερείδεται,
3629 3478 3707 3534 καὶ

2168 3585 2337 3658 αὐτὴν
2365 3585 2477 3657 ἔχει
2503 3584 2769 3655 θεμέλιον.
2796 3583 2905 3636 Δύν
2917 3597 3058 3651 alter
3081 3580 3137 3633 δὲ
3153 3576 3305 3632 εἶπεν
3323 3573 3703 3637 ἀναστάσεως

2167 3677 2245 3748 τῷ
2276 3677 2388 3730 om
2422 3675 2530 3747 γὰρ
2568 3674 2776 3746 μεγάλη
2807 3673 2958 3743 ἰσχὺς
2989 3672 3048 3725 τὸ
3077 3672 3398 3739 ἀναστῆναι.
3428 3667 3537 3721 Καὶ
3560 3662 3708 3719 ἄλλως

2169 3770 2248 3833 δὲ.
2279 3771 2312 3842 ὴ
2344 3768 2636 3831 ἀνάστασις
2670 3766 2898 3837 δύναμιν
2925 3763 3128 3836 ἐνίησιν
3157 3763 3291 3834 ἡμῖν
3321 3760 3402 3822 είς
3430 3757 3489 3810 τὸ
3514 3756 3605 3825 τὴν
3630 3751 3709 3805 αὐ-

2171 3862 2271 3932 τὴν
2302 3859 2503 3915 ὁδεύειν
2528 3858 2669 3915 ὁδόν.

2249 4043 2355 4096 Καὶ
2405 4040 2521 4110 τὴν
2580 4039 2899 4095 κοινωνίαν
2961 4036 3080 4089 τῶν
3128 4031 3486 4103 παθημάτων
3528 4020 3707 4082 αὑτοῦ.

2176 4135 2524 4205 Διωκόμενοι,
2552 4134 2705 4204 φησὶ,
2733 4133 2827 4187 καὶ
2856 4130 3182 4199 θλιϐόμενοι,
3210 4124 3455 4180 κοινωνοὶ
3480 4117 3711 4191 γινόμεθα

2177 4229 2283 4284 τῶν
2310 4226 2646 4298 παθημάτων
2674 4223 2771 4278 τοῦ
2799 4222 3059 4294 Χριστοῦ.
3081 4221 3144 4274 Ei
3174 4218 3350 4273 τοίνυν
3366 4215 3442 4286 μὴ
3462 4210 3714 4269 ἐπιστεύο-

2184 4342 2304 4397 μεν,
2348 4324 2431 4377 ὅτι
2473 4318 3002 4392 συμόασιλεύσομεν,
3036 4316 3136 4370 οὐκ
3163 4314 3229 4370 ἂν
3257 4312 3490 4366 τοσαῦτα
3519 4307 3603 4361 καὶ
3624 4320 3715 4355 τοι-

2182 4415 2319 4471 αῦτα
2339 4417 2672 4487 ἐπάσχομεν.
2701 4410 3016 4483 Σημείωσαι
3042 4407 3120 4471 δὲ,
3160 4405 3243 4459 ὅτι
3273 4405 3480 4464 ἐκεῖνος
3509 4397 3715 4469 μάλιστα

521 4501 568 4555 is
590 4504 820 4557 maxime
844 4503 1015 4559 credit
1035 4503 1312 4560 Christum
1340 4504 1721 4570 resurrexisse,
1742 4505 1832 4576 qui
1856 4506 2059 4576 patitur

2187 4508 2450 4575 πιστεύει,
2475 4507 2557 4561 ὅτι
2584 4502 2818 4576 Χριστὸς
2851 4498 3072 4570 ἀνέστη,
3106 4498 3135 4550 ὁ
3162 4496 3405 4565 πάσχων.
3438 4490 3541 4545 Καὶ
3576 4487 3714 4540 ἄκουε

521 4594 661 4648 Audi
687 4595 846 4664 igitur
871 4610 990 4664 qua:
1014 4611 1332 4665 sequuntur.

593 4684 964 4756 Con/ﬁguratus
998 4690 1150 4742 morti
1181 4690 1313 4758 ejus.
1350 4688 1463 4744 lloc
1496 4699 1599 4756 est,
1633 4687 1981 4743 assimilatus.
2012 4685 2083 4741 Ut

523 4777 666 4831 enim
708 4778 795 4833 ille
826 4779 893 4831 ab
940 4779 1246 4834 hominibus
1282 4795 1469 4850 passus
1501 4789 1604 4845 est,
1637 4779 1715 4834 sic
1757 4787 1810 4833 et
1836 4793 1953 4849 ego.
1990 4777 2086 4832 Af-

526 4868 787 4925 ﬂictiones
836 4870 978 4924 enim
1021 4879 1076 4926 et
1117 4871 1517 4940 persecutiones
1570 4870 1856 4942 imaginem
1897 4870 2089 4924 mortis

528 4963 672 5018 illius
702 4963 993 5034 depingunt
1027 4980 1042 5017 :
1082 4964 1306 5033 proinde
1337 4972 1392 5018 et
1422 4979 1519 5018 nos
1549 4964 1687 5018 idem
1716 4978 1839 5017 cum
1870 4961 2091 5017 Christo

528 5054 810 5120 elliciinur,
843 5063 1109 5124 quatenus
1141 5055 1394 5127 patimur.
1428 5054 1614 5112 Viden‘
1645 5053 1773 5126 quid
1826 5061 2092 5125 pra-stant

529 5143 842 5200 alllictiones
861 5145 886 5198 ?

604 5236 765 5294 Vens.
794 5239 882 5293 ll.
907 5237 967 5294 Si
985 5256 1087 5311 quo
1102 5240 1254 5294 modo
1272 5254 1546 5293 occurram
1570 5236 1639 5292 ad
1661 5237 2091 5292 resurrectionem

531 5342 879 5384 mortuorum.
910 5331 1048 5397 Quid
1078 5331 1235 5388 inde?
1271 5330 1386 5384 Nisi
1429 5343 1621 5399 passus
1652 5341 1823 5391 esses,
1852 5342 1886 5383 ο
1907 5328 2096 5397 Paule,

675 5468 703 5508 ιι
730 5468 891 5527 Rom.
920 5483 975 5532 x,
1002 5468 1056 5523 9.

2188 4598 2298 4653 τῶν
2328 4598 2454 4653 ὲεῆς
2474 4614 2490 4629 ⁸

2260 4598 2798 4759 Ξιῗῖιὲρςρούμενος
2812 4683 2855 4717 "
2871 4681 2953 4748 τῷ
2969 4678 3198 4745 θανάτῳ
3213 4673 3424 4731 αὐτοῦ.
3443 4667 3715 4759 Tauricam

2191 4753 2699 4851 ἐξομοιούμενος-⁷⁸⁸.
2733 4771 3000 4842 Καθάπερ
3029 4769 3137 4840 γὰρ
3168 4768 3374 4828 ἐκεῖνος
3402 4761 3505 4816 ὑπὸ
3528 4757 3621 4851 τῶν
3644 4753 3718 4851 dr-

2193 4843 2425 4941 Opo'onwv
2445 4843 2668 4935 ἔπαθεν,
2697 4866 2839 4920 οὕτω
2871 4865 3048 4932 κάγώ.
3085 4862 3207 4915 Ὀτι
3233 4854 3466 4926 διωγμοὶ
3496 4843 3718 4941 γᾴρ-καὶ

2192 4935 2260 5013 τὰ
2295 4957 2630 5029 παθήματα,
2669 4958 2769 5028 τὴν
2794 4955 2977 5009 είκόνα
3011 4949 3360 5022 ζωγραφοῦσι
3393 4944 3485 4999 τοῦ
3524 4935 3720 5029 θανάτου

2193 5026 2544 5115 ἐκείνουξπαὶ
2562 5026 2774 5120 χριστοὶ
2796 5044 3058 5116 γινόμεθα
3076 5043 3170 5097 καὶ
3195 5041 3376 5111 ἡμεῖς,
3403 5033 3532 5091 καθὸ
3550 5026 3720 5095 πάσχο-

2199 5160 2319 5216 μεν.
2353 5143 2516 5213 Ὁρᾷς
2536 5143 2598 5195 τδ
2622 5140 2954 5210 κατόρθωμα
2983 5140 3026 5171 ¹⁹
3052 5138 3159 5189 τῶν
3189 5132 3378 5186 παθῶν
3399 5170 3414 5194 ,
3661 5206 3682 5219 .

2267 5236 2467 5304 Ετπως
2510 5232 2866 5304 καταντήσω
2910 5233 2997 5297 εις
3025 5229 3140 5295 τὴν
3184 5222 3583 5290 ἐξανάστασιν
3607 5223 3727 5304 ταιν

2195 5299 2535 5397 νεκρῶνίτί
2566 5321 2690 5395 οὗν;
2724 5299 2774 5380 εί
2805 5324 2880 5397 μὴ
2926 5319 3144 5386 ἔπαθες,
3172 5311 3217 5372 ὦ
3250 5315 3448 5381 Παῦλε,
3480 5310 3570 5365 οὐκ
3591 5299 3724 5375 (p.81-

1878 5577 2073 5641 Varioe
2104 5577 2430 5641 lectiones.

684 5707 727 5738 ’⁸
758 5708 821 5760 ἔκ
852 5705 1013 5775 λόγου
1046 5704 1281 5777 γίνωσκε
1306 5703 1381 5769 ὦς
1397 5718 1480 5777 οη
1504 5704 1577 5777 -ξδ
1601 5701 1934 5777 κατώρθωσὲ
1972 5723 2055 5772 τις
2086 5721 2140 5762 o.
2224 5705 2266 5739 ¹⁸
2302 5701 2679 5775 ὑποδείγματα
2727 5698 2909 5771 ἔχουσι
2957 5711 3025 5752 tn.
3108 5695 3152 5729 ¹⁶
3204 5692 3295 5748 ἐπὶ
3326 5704 3377 5748 o.
3451 5685 3491 5720 "
3518 5676 3717 5753 σφοῦμ²⁴

543 5795 623 5831 νοι
652 5793 705 5833 o.
784 5777 828 5811 ¹⁸
869 5775 1211 5848 ομοιούμεθα
1242 5792 1295 5829 u.
1392 5775 1434 5808 "
1458 5775 1673 5847 ἀξίωμα
1695 5791 1750 5832 o.
