3932 6606
302 393 442 460 1185

1080 391 1484 455 EXPOSITIO
1515 392 1599 456 IN
1628 387 1868 454 EPlS’l‘.
1905 392 2006 454 AD
2043 393 2380 457 PHILIPP.
2410 419 2476 432 ·-
2505 395 2662 458 CAP.
2701 397 2820 458 III.

3425 396 3560 462 1186

295 505 390 568 λες
417 504 750 576 ἀναστῆναι;
794 504 936 558 Ἀλλ’
965 504 1324 570 ἐξανάστασιν
1351 505 1586 560 ἐνταῦθα
1626 504 1757 570 νόει,
1781 504 1880 575 τὴν

1993 521 2090 560 non
2123 522 2246 562 eras
2273 508 2719 564 resurrecturus?
2757 508 2956 564 Verum
2983 509 3442 565 resurrectionem
3476 511 3564 568 hic

297 595 547 663 ἔνδοξον,
581 595 680 666 τὴν
725 598 784 649 ὲν
823 595 1077 665 νεφέλαις
1109 597 1352 666 ἔξαρσιν.
1387 598 1595 660 Πάντες
1626 596 1727 668 μὲν
1767 595 1879 667 γὰρ

298 691 639 756 ἀνίστανται,
667 690 726 742 ού
760 693 960 752 πάντες
987 690 1043 743 δὲ
1073 693 1224 743 mi."
1255 689 1660 755 ἐξανίστανται·
1686 692 1802 744 ἀλλ’
1831 691 1881 744 οἱ

301 782 404 852 μὲν
451 781 792 852 ἁμαρτωλοὶ,
844 783 994 836 κάτω
1034 783 1256 852 μένουσι
1299 782 1390 835 τὸν
1442 783 1651 853 Κριτήν
1677 800 1690 814 σ
1741 783 1790 835 οἱ
1825 781 1882 834 δὲ

297 873 469 941 ἅγιοι,
524 874 859 945 ἀρπάζονται
906 875 963 926 ὲν
1003 873 1254 940 νεφέλαις
1301 875 1380 936 είς
1428 873 1734 943 ἀπάντησιν
1785 872 1881 926 τοῦ

298 966 532 1035 Κυρίου.
568 967 800 1038 Νοήσεις
831 966 888 1019 δὲ
915 967 1010 1020 καὶ
1043 965 1151 1019 ἀπὸ
1179 967 1277 1037 τῆς
1300 966 1620 1030 ἀκολουθίας
1643 965 1703 1018 τὸ
1725 964 1883 1034 λεγό-

300 1075 481 1128 μενον.
549 1059 852 1124 ’Λπέθανε,
895 1059 1094 1129 φησιν,
1143 1059 1171 1111 ὁ
1230 1057 1465 1128 Χριστός
1491 1075 1505 1089 ⁸
1549 1058 1882 1129 ἀποθνήσκω

296 1149 478 1221 κάγώ.
538 1152 760 1223 Ἀνέστη
814 1153 1020 1216 ἐκεῖνος
1074 1152 1329 1217 ἐνδόξως,
1385 1151 1672 1214 σπουδάζω
1726 1149 1882 1218 κάγὼ

295 1243 558 1314 τοιαύτης
587 1245 940 1307 ἀναστάσεως
987 1247 1170 1315 τυχεῖν
1219 1244 1453 1310 ἐνδόξου.
1498 1244 1638 1315 ’Ὀρα
1680 1243 1735 1296 δὲ
1786 1244 1883 1296 καὶ

296 1336 589 1391 εὐλάϐειαν
640 1336 734 1390 τοῦ
789 1335 1026 1391 τοσαῦτα
1081 1334 1565 1405 κατορθώσαντος,
1610 1336 1704 1389 τοῦ
1743 1337 1884 1408 ὑπὲρ

300 1431 431 1493 τοὺς
454 1431 502 1462 ’ί
538 1429 860 1498 ἀνθρώπους
889 1429 1042 1492 ὄντος
1061 1445 1076 1460 ο
1107 1429 1306 1494 Εἴπως
1333 1426 1564 1498 φθάσω.
1586 1430 1659 1482 Οὔ
1693 1430 1884 1502 θαρρῶ

297 1525 432 1595 γὰρ,
468 1527 659 1595 φησὶν,
686 1523 839 1578 οὔπω
863 1539 877 1551 ·
903 1523 1076 1588 οὕτως
1104 1523 1547 1592 ὲταπεινοφρόνει
1567 1539 1581 1554 ο
1624 1524 1761 1594 ὅπερ
1786 1524 1885 1578 ἀλ-

295 1618 466 1689 λαχοῦ
490 1619 669 1688 λέγει’
704 1620 759 1671 '0
783 1618 980 1673 δοκῶν
993 1617 1264 1685 ἑστάναι,
1283 1618 1562 1683 βλεπέτω
1581 1617 1668 1688 μὴ
1689 1620 1850 1690 πέσῃ
1866 1635 1882 1650 ο

297 1712 428 1778 καὶ,
477 1711 702 1779 Μήπως
749 1713 964 1779 ἄλλοις
1014 1710 1308 1781 κηρύξας,
1356 1713 1538 1779 αὐτὸς
1595 1713 1884 1783 ἀδόκιμος

299 1806 580 1876 γένωμαι.
855 1815 859 1818 ’

375 1989 500 2056 οὐχ
526 1989 614 2042 ὅτι
635 1988 750 2058 ἤδη
781 1991 1022 2054 ἔλαϐον,
1047 1991 1084 2059 ἢ
1109 1991 1224 2061 ἤδη
1249 1994 1644 2062 τετελείωμαι.
1677 1993 1882 2059 Εἰπὼν,

297 2082 382 2135 ὃτι
407 2081 481 2135 Εἴ
505 2096 630 2148 πως
657 2083 1012 2150 καταντήσω
1037 2087 1101 2148 ³⁸,
1136 2087 1536 2151 κατασκευάζει
1563 2087 1750 2155 τοῦτο,
1789 2087 1884 2142 καί

299 2191 490 2243 φησιν,
535 2175 615 2227 ὅτι
657 2175 756 2228 Διά
792 2175 951 2228 τοῦτο
981 2175 1151 2239 οὔτως
1186 2173 1338 2232 εἷπον
1367 2177 1766 2246 διστακτικῶς,
1801 2179 1883 2232 ὅτι

298 2265 455 2320 οὔπω
480 2265 671 2321 ἔλαϐον
697 2267 756 2320 τὸ
779 2267 1053 2339 βραϐεῖον,
1081 2268 1233 2323 οὔπω
1253 2271 1632 2342 τετελείωμαι.

369 2447 568 2503 Διώκω
608 2448 696 2514 δὲ,
730 2450 781 2503 εὶ
821 2447 920 2502 καὶ
959 2447 1302 2514 καταλάϐω,
1363 2448 1457 2518 ἐφ’
1509 2441 1558 2517 ᾦ
1606 2447 1704 2504 καὶ
1743 2465 1885 2503 κατ-

299 2540 580 2610 ελήφθην
598 2539 718 2594 ὑπὸ
751 2539 1010 2608 Χριστοῦ
1029 2540 1074 2570 ’³
1119 2540 1334 2608 Ἰησοῦ.
1372 2540 1513 2605 Ἔτι,
1556 2541 1742 2612 φησὶν,
1794 2541 1884 2593 ὲν-

303 2632 538 2700 αγώνιός
558 2631 674 2702 εἰμι
694 2673 709 2697 ,
739 2631 818 2684 ἔτι
846 2631 1050 2700 διώκω,
1080 2630 1135 2684 εἴ
1163 2649 1278 2696 πως
1312 2631 1516 2702 ίσχύσω
1557 2631 1884 2686 καταλαϐεῖν

297 2724 361 2776 τὸ
397 2723 552 2786 τέλος
590 2723 687 2777 καὶ
725 2725 786 2776 τὸ
825 2723 1096 2794 βραϐεῖον.
1134 2720 1266 2777 Εἶτα
1308 2724 1522 2788 δεικνὺς
1570 2725 1651 2777 ὃτι
1691 2723 1881 2794 ὀφειλή

300 2817 420 2868 ἐστι
450 2813 509 2868 τὸ
534 2815 788 2886 πρᾶγμα,
825 2816 990 2886 φησί’
1029 2815 1181 2867 Διότι
1215 2813 1313 2868 καί
1347 2813 1737 2883 κατελήφθην
1766 2813 1882 2867 ὐπὸ

299 2909 595 2977 Χριστοῦ·
639 2909 908 2976 τουτέστι,
943 2908 1062 2960 Τῶν
1112 2907 1501 2976 ἀπολλυμένων
1539 2907 1688 2979 ήμην
1712 2946 1728 2972 ,
1763 2907 1884 2974 ⁸τῶν

298 3002 778 3073 ἀπεγνωσμένων·
814 3000 1104 3065 κατεδίωξέ
1140 3017 1206 3071 με
1241 3000 1270 3051 ὁ
1313 3000 1548 3071 Χριστὸς
1575 3041 1589 3065 ,
1623 2998 1720 3052 καὶ
1749 2997 1886 3068 φεύ-

297 3114 468 3166 γοντα
494 3095 589 3150 ἀπ’
612 3093 779 3147 αὐτοῦ
813 3092 1104 3158 κατέλαϐε,
1132 3093 1228 3145 καὶ
1257 3093 1614 3162 ἐπέστρεφεν.
1655 3091 1885 3160 Ὀφείλω

300 3189 484 3243 τοίνυν
522 3189 616 3241 καὶ
641 3187 800 3250 αὐτὸς
831 3185 1044 3239 διώκειν
1069 3185 1232 3238 αὑτὸν
1259 3184 1466 3250 λοιπὸν,
1499 3185 1573 3246 ὡς
1607 3184 1674 3238 ἀν
1711 3201 1882 3237 κατα·
1907 3223 1955 3285 C

301 3282 474 3336 λάϐω.
535 3279 1022 3349 Ἐμφαντικώτατα
1053 3278 1109 3332 δὲ
1138 3278 1197 3331 τὸ
1222 3277 1436 3330 διώκειν
1465 3272 1638 3330 εἶπεν.
1681 3275 1740 3330 '0
1777 3277 1883 3348 γὰρ

301 3375 538 3436 διώκων,
567 3375 716 3427 οὐδὲν
749 3373 876 3428 ἄλλο
908 3373 1011 3444 ὁρᾷ
1055 3372 1087 3440 ἢ
1123 3371 1258 3442 πρὸς
1289 3371 1316 3423 ὃ
1352 3370 1594 3437 σπεύδει,
1629 3370 1805 3423 πάντα
1829 3369 1886 3423 δὲ

304 3476 666 3542 παρέρχεται,
707 3472 802 3524 καὶ
845 3472 911 3523 τά
939 3470 1170 3537 φίλτατα
1215 3469 1308 3521 καὶ
1348 3469 1418 3522 ἰὰ
1459 3469 1882 3537 ἀναγκαιότατα.

303 3565 498 3628 Οὔτως
529 3564 814 3634 ὀφείλομεν
850 3565 944 3616 καὶ
981 3563 1142 3633 ἡμεῖς
1189 3560 1475 3630 σπεύδειν,
1531 3562 1622 3615 ὑπ’
1673 3561 1886 3624 οὐδενὸς

302 3656 745 3726 διακοπτόμενοι.

374 3829 680 3899 Ἀδελφοί,
716 3826 831 3898 ἐγὼ
861 3825 1126 3895 ἐμαυτὸν
1154 3826 1320 3880 οὔπω
1348 3825 1650 3896 λογίζομαι
1688 3843 1883 3881 κατει-

304 3923 584 3994 ληφέναι.
661 3921 878 3991 Ἐπειδὴ
930 3920 1100 3974 πολλά
1165 3920 1398 3992 ἐπῄνεσε
1454 3920 1882 3988 Φιλιππησίους,

305 4015 400 4069 νῦν
449 4015 825 4069 καταστέλλων
884 4013 1066 4067 αὐτῶν
1109 4012 1171 4067 τὸ
1227 4012 1500 4082 φρόνημα,
1557 4011 1744 4082 φησὶν,
1801 4012 1885 4065 ὅτι

317 4106 460 4176 Ἐγὼ
519 4107 548 4158 ό
611 4104 867 4168 τοσοῦτος
924 4107 1018 4158 καὶ
1079 4103 1422 4175 τηλικοῦτος,
1484 4104 1512 4157 ὁ
1568 4102 1886 4167 διδάσκαλος

303 4201 496 4270 ὑμῶν,
569 4197 722 4252 οὔπω
796 4197 1083 4268 λογίζομαι
1141 4195 1532 4268 κατειληφέναι
1591 4193 1690 4266 τὴν
1755 4196 1885 4266 ἀρε-

299 4295 402 4363 τὴν
438 4292 686 4345 ἆπασαν³
717 4291 794 4354 ώς
820 4292 886 4345 ἂν
918 4292 967 4343 εἰ
997 4291 1090 4343 ἐπὶ
1109 4289 1357 4361 δρομέως
1386 4289 1530 4342 εἴποι
1564 4304 1648 4350 τις
1670 4303 1684 4318 ο
1717 4285 1885 4340 Οὔπω

301 4385 365 4438 τὸ
394 4386 504 4438 πᾶν
527 4387 712 4457 ἡνυσε.
744 4383 868 4448 Πῶς
896 4382 988 4436 οὖν
1029 4383 1265 4453 ἀλλαχοῦ
1298 4399 1432 4452 φησι
1460 4400 1474 4415 ο
1524 4383 1638 4437 Τὸν
1662 4379 1887 4450 δρόμον

307 4477 633 4542 τετέλεκα;
687 4479 895 4532 Ἐκεῖνο
926 4478 1062 4548 πρὸς
1091 4481 1159 4549 τῇ
1191 4477 1416 4547 τελευτῇ
1451 4475 1525 4528 ὢν
1556 4475 1688 4545 ἔφη.

379 4570 491 4622 ’Ἐν
515 4569 600 4634 δὲ,
621 4568 738 4622 τῶν
756 4570 872 4638 μὲν
893 4568 1738 4639 ὀπισθειχὲπιλανθανόμενος,
1758 4565 1886 4633 τοῖς

301 4663 370 4717 δὲ
410 4665 748 4733 ἔμπροσθεν
793 4662 1307 4732 ἐπεκτεινόμενος.
1353 4661 1449 4714 Ἓν
1501 4659 1661 4726 ποιῶ,
1695 4663 1885 4730 φησιν,

301 4759 422 4824 ἐνὸς
456 4760 678 4828 γίνομαι
711 4760 898 4828 μόνου,
921 4759 1066 4822 ὅπως
1102 4759 1190 4812 ἀεὶ
1231 4757 1633 4828 προκόπτοιμι⁹
1671 4756 1888 4810 ἐπιλαν-

302 4854 536 4920 θάνομαι
553 4851 662 4903 τῶν
689 4850 1152 4921 κατορθωμάτων,
1178 4850 1272 4904 καὶ
1293 4849 1495 4920 ἀφίημι
1515 4847 1656 4902 αύτά
1685 4847 1882 4915 ὀπίσω,

303 4946 400 4998 καὶ
438 4944 559 4996 οὐδὲ
622 4943 910 5014 μέμνημαι
947 4944 1080 5006 ὅλως
1116 4941 1320 5006 αὐτῶν,
1350 4942 1448 4995 καὶ
1479 4939 1624 4994 οὔτω
1668 4943 1736 4993 τὰ
1786 4939 1885 5010 ἐμ-

305 5038 541 5112 προσθεν
567 5037 770 5102 διώκω,
792 5037 868 5098 ώς
900 5036 1156 5089 λείποντά
1187 5051 1302 5105 μοι’
1320 5036 1393 5100 ώς
1410 5037 1438 5089 ὅ
1464 5052 1524 5104 γε
1556 5033 1706 5107 Ιὴδηι
1733 5051 1884 5086 τετε-

301 5131 562 5184 λειῶσθαι
591 5131 854 5200 νομίζων,
886 5131 1164 5184 παύσεται
1189 5129 1423 5202 τρέχων,
1452 5129 1527 5193 ώς
1547 5130 1648 5199 ἠδη
1679 5129 1740 5181 τὸ
1773 5130 1882 5181 πᾶν

301 5225 709 5296 κατωρθωκώς.
776 5225 842 5278 Τί
904 5226 963 5279 δέ
1017 5226 1134 5278 ἐστι
1189 5225 1271 5285 τὸ,
1318 5223 1884 5294 Ἐπεκτεινόμενος;

301 5319 462 5372 Ἰ⁹ουτ’
489 5318 630 5372 ἐστι’
663 5319 800 5392 Πρὶν
834 5317 1039 5388 φθάσαι
1065 5317 1136 5384 ’⁵,
1189 5316 1376 5370 λαϐεῖν
1391 5315 1751 5388 ίσπουδάξων,
1790 5319 1886 5369 καὶ

301 5412 429 5479 τοὺς
478 5411 666 5481 πόδας,
724 5411 903 5466 καίτοι
958 5409 1273 5483 τρέχοντας,
1324 5407 1402 5480 τῷ
1448 5408 1623 5480 λοιπῷ
1673 5410 1887 5478 σώματι

453 5580 472 5621 ι
504 5580 522 5635 l
554 5582 680 5638 Cor.
748 5597 806 5649 κ,
847 5579 935 5636 l2.
1081 5587 1119 5610 ⁸³
1151 5574 1172 5631 Ι
1225 5576 1352 5634 Cor.
1397 5593 1474 5646 ix,
1498 5577 1590 5632 27.

1981 601 2222 672 iutellige
2256 603 2525 659 celebrem
2578 605 2632 659 in
2680 605 2916 660 nubibus
2947 605 3329 661 sublationem.
3361 605 3564 663 Omnes

1981 695 2181 750 etenim
2213 704 2522 766 resurgunt,
2553 704 2612 752 at
2646 712 2750 751 non
2793 713 2987 753 omnes
3019 698 3351 768 resurgendo
3381 699 3565 754 suble-

1983 787 2255 842 vabuntur
2281 787 2333 842 in
2365 789 2536 844 nubes
2568 807 2583 844 :
2618 806 2802 846 verum
2833 801 3143 859 peccatores
3178 791 3317 844 infra
3345 790 3562 858 quidem

1980 878 2586 950 exspectantludicem,
2629 883 2798 936 sancti
2835 899 2962 936 vero
2992 883 3045 937 in
3079 883 3251 938 nubes
3279 883 3567 952 rapiuntur

1983 973 2036 1027 in
2068 988 2356 1028 occursum
2385 973 2624 1029 Domini.
2655 974 2926 1045 lntelliges
2959 986 3138 1030 autem
3169 977 3314 1046 quod
3343 976 3561 1041 dicitur,

1982 1080 2047 1120 ex
2078 1065 2146 1120 iis
2177 1082 2295 1135 qua:
2326 1076 2646 1137 sequuntur.
2697 1065 2939 1121 Mortuus
2968 1076 3088 1134 est,
3131 1068 3342 1138 inquit,
3373 1068 3565 1122 Chris-

1984 1167 2071 1212 tus
2101 1173 2118 1212 :
2153 1158 2356 1213 morior
2381 1167 2436 1214 et
2452 1174 2572 1228 ego.
2602 1156 2923 1214 Resurrexit
2948 1158 3036 1212 ille
3060 1159 3375 1226 honoriﬁce,
3399 1175 3568 1214 conor

1983 1261 2037 1307 et
2087 1267 2185 1322 ego
2235 1250 2544 1318 hujusmodi
2590 1250 2849 1319 consequi
2910 1253 3364 1306 resurrectionem
3421 1251 3564 1306 cele-

1981 1344 2156 1398 brem.
2188 1341 2325 1396 Vide
2350 1351 2534 1397 autem
2577 1341 2838 1397 cautelam
2869 1341 2990 1411 ejus
3021 1342 3111 1409 qui
3148 1351 3295 1395 tanta
3323 1343 3394 1398 sit
3438 1358 3567 1412 ope-

1983 1445 2170 1502 ratus,
2222 1436 2314 1506 qui
2355 1436 2429 1491 sit
2473 1450 2637 1504 supra
2686 1435 2952 1489 homines.
2989 1435 3051 1489 Si
3078 1449 3180 1503 quo
3211 1435 3364 1487 modo
3393 1449 3568 1501 perve—

1985 1528 2151 1583 niam.
2223 1526 2476 1582 Nondum
2543 1525 2688 1582 enim
2743 1526 2921 1580 audax
2970 1533 3025 1580 et
3080 1523 3356 1578 conlidens
3411 1539 3565 1588 sum,

1985 1620 2160 1688 inquit
2195 1621 2370 1674 :adeo
2399 1619 2586 1674 humili
2626 1618 2820 1688 spiritu
2869 1617 3110 1672 imbutus
3145 1628 3262 1672 erat
3291 1634 3305 1670 :
3339 1617 3479 1686 quod
3515 1625 3569 1670 et

1985 1712 2091 1767 alio
2126 1712 2180 1766 in
2206 1713 2324 1766 loco
2348 1713 2444 1774 ait,
2478 1710 2583 1776 Qui
2607 1712 2812 1765 videtur
2830 1721 2993 1774 stare,
3025 1711 3193 1763 videat
3220 1725 3282 1762 ne
3316 1712 3471 1763 cadat
3498 1707 3513 1747 ¹
3547 1726 3563 1763 :

1985 1813 2060 1868 et,
2093 1803 2174 1858 Ne
2213 1820 2315 1874 quo
2358 1806 2512 1857 modo
2543 1802 2665 1858 aliis
2694 1803 3012 1872 prwdicans,
3043 1803 3154 1870 ipse
3188 1802 3432 1871 reprobus
3457 1803 3566 1871 egi-

1910 1871 1958 1929 B
1987 1898 2100 1948 ciar
2123 1906 2183 1949 π’.

2059 1987 2222 2044 Vens.
2257 1969 2362 2042 12)
2385 1987 2508 2042 Non
2531 1989 2670 2058 quod
2693 1989 2812 2058 jam
2843 1987 3150 2056 acceperim,
3186 1986 3407 2056 autjam
3446 2002 3568 2054 per-

1985 2079 2150 2149 fectus
2194 2081 2315 2135 sint.
2373 2080 2506 2135 Cum
2544 2081 2802 2144 dixisset,
2847 2079 2905 2134 Si
2936 2096 3036 2151 quo
3067 2080 3219 2133 modo
3253 2095 3564 2143 occurrant,

1984 2173 2276 2228 conﬁrmat
2327 2174 2430 2230 hoc
2457 2214 2470 2238 ,
2516 2174 2770 2242 inquiens
2823 2190 2836 2227 :
2880 2173 3176 2240 Propterea
3217 2169 3295 2223 sic
3328 2169 3437 2224 dixi
3470 2184 3569 2239 per

1983 2266 2390 2336 ambiguitatem
2411 2306 2425 2332 ,
2460 2268 2585 2336 quia
2618 2269 2857 2320 nondum
2887 2265 3072 2335 accepi
3097 2263 3356 2318 brabequ
3380 2300 3397 2329 ,
3433 2277 3568 2317 non-

1985 2359 2110 2412 dum
2147 2358 2419 2426 perfectus
2445 2374 2585 2414 sum.

2055 2448 2354 2512 Persequor
2386 2460 2599 2512 autent,
2629 2449 2676 2503 si
2715 2455 2764 2502 et
2808 2444 3280 2516 comprehendam,
3311 2453 3568 2515 quatenus

1983 2549 2032 2595 et
2055 2543 2455 2610 comprehensus
2492 2559 2607 2596 sum
2633 2558 2664 2594 a
2687 2537 3076 2607 Christo'Jesu.
3102 2537 3254 2607 .Ego,
3293 2537 3486 2606 inquit,
3512 2537 3566 2589 in

1985 2637 2284 2692 certamine
2313 2638 2490 2690 adhuc
2520 2651 2730 2701 versor,
2761 2636 2938 2690 adhuc
2960 2648 3180 2702 sequor,
3205 2631 3251 2687 si
3277 2646 3386 2701 quo
3409 2631 3570 2684 modo

1984 2742 2178 2797 queam
2231 2727 2694 2798 comprehendere
2729 2728 2890 2783 linem
2933 2736 2988 2782 et
3033 2726 3316 2782 brabeum.
3366 2723 3570 2776 Deinde

1986 2821 2280 2876 ostendens
2320 2836 2430 2875 rem
2463 2822 2632 2891 ipsam
2681 2835 2804 2875 esse
2843 2818 3106 2882 debitum,
3153 2817 3339 2871 subdit
3372 2832 3386 2870 :
3417 2813 3568 2881 Quo-

1987 2915 2130 2967 niam
2163 2924 2210 2967 et
2244 2913 2643 2979 comprehensus
2679 2929 2796 2968 sunt
2841 2930 2872 2965 a
2904 2910 3114 2966 Christo
3139 2925 3158 2962 :
3195 2910 3245 2962 id
3278 2915 3396 2973 est,
3429 2906 3568 2962 Cum

1985 3022 2163 3062 essem
2212 3023 2276 3063 ex
2315 3009 2669 3078 pereuntibus
2710 3017 2764 3061 et
2805 3003 3214 3068 condemnatis,
3251 3008 3569 3073 persecutus

1985 3110 2069 3156 est
2101 3116 2183 3155 me
2207 3101 2478 3165 Christus,
2516 3110 2570 3154 et
2595 3099 2890 3168 fugientem
2925 3097 2994 3152 ab
3021 3111 3086 3151 eo
3128 3093 3568 3164 comprehendit,

1986 3195 2134 3262 etgad
2170 3209 2288 3249 sese
2311 3192 2596 3248 convertit.
2634 3191 2816 3245 Dehco
2848 3191 3031 3260 itaque
3060 3199 3113 3243 et
3145 3203 3243 3258 ego
3278 3188 3451 3255 ipsum
3479 3199 3572 3240 se-

1988 3285 2079 3356 qui
2133 3284 2421 3352 deinceps,
2459 3291 2515 3336 ut
2567 3279 2998 3351 apprehendatur.
3056 3273 3570 3347 Signiﬁcantissime

1990 3385 2169 3431 autem
2206 3375 2371 3438 dixit,
2403 3373 2643 3426 διώκειν.
2678 3371 2777 3438 Qui
2822 3371 2966 3425 enim
3013 3366 3358 3438 persequitur
3382 3407 3398 3432 ,
3439 3363 3572 3418 nihil

1990 3470 2135 3524 aliud
2163 3470 2419 3532 intuetur,
2451 3482 2614 3536 quant
2645 3467 2710 3519 ad
2750 3463 2894 3534 quod
2926 3460 3226 3526 accelerat,
3256 3457 3351 3512 sed
3384 3456 3570 3511 omnia

1989 3560 2232 3631 praeterit
2262 3574 2384 3612 cum
2415 3555 2754 3617 charissima,
2791 3562 2905 3607 tum
2932 3551 3172 3606 maxime
3205 3539 3516 3602 necessaria
3550 3560 3568 3598 :

1991 3656 2134 3708 hunc
2159 3651 2227 3706 ad
2255 3650 2471 3705 modum
2515 3656 2572 3703 et
2613 3661 2711 3702 nos
2741 3645 3000 3701 festinare
3033 3642 3293 3697 debemus
3324 3637 3470 3692 nulla
3513 3651 3572 3690 re

1989 3745 2255 3816 impediti.

2058 3833 2487 3911 451VEBS.13.
2507 3831 2744 3900 Fratres,
2762 3848 2852 3902 ego
2868 3846 2946 3884 me
2965 3826 3192 3882 nondum
3210 3824 3410 3878 arbitor
3424 3837 3571 3876 com-

1987 3931 2341 4000 prehendisse.
2365 3927 2499 3994 Quia
2528 3925 2820 3995 piurimum
2843 3922 3155 3975 laudaverat
3173 3915 3571 3985 Philippenses,

1988 4038 2132 4078 nunc
2163 4023 2400 4091 ipsorum
2430 4017 2688 4087 dejiciens
2711 4015 2987 4079 allectum,
3032 4012 3165 4081 Ego,
3199 4007 3393 4078 inquit,
3447 4005 3572 4060 talis

1989 4131 2054 4172 ac
2088 4125 2294 4179 tantus,
2349 4120 2650 4184 praeceptor
2709 4118 2908 4173 vester,
2962 4107 3202 4160 nondum
3253 4099 3444 4169 Opinor
3485 4108 3573 4150 me

1989 4206 2413 4279 apprelicudisse
2446 4206 2702 4258 virtutem
2735 4199 3046 4255 univerSam
3079 4213 3093 4249 :
3129 4191 3354 4264 perinde
3415 4187 3570 4279 quasi

1989 4277 2305 4359 de'cursore
2344 4297 2545 4368 aliquis
2582 4295 2727 4350 dicat
2757 4310 2772 4347 :
2809 4291 3057 4346 Nondum
3091 4296 3258 4340 totum
3321 4277 3569 4349 perfecit.

1993 4394 2098 4462 Qui
2140 4392 2301 4462 igitur
2331 4390 2437 4444 alio
2477 4389 2528 4442 in
2573 4385 2689 4441 loco
2727 4385 2823 4446 ait,
2856 4381 3081 4436 Cursum
3116 4373 3471 4429 consummavi
3499 4368 3572 4423 n?

1917 4514 1964 4574 υ
1992 4488 2064 4542 At
2092 4487 2220 4540 illttd
2258 4479 2653 4574 morti-vicinus
2685 4474 2841 4529 dixit.

2070 4579 2237 4634 Vens.
2270 4573 2359 4628 M.
2396 4570 2568 4625 Unum
2595 4577 2792 4627 autem,
2822 4579 2938 4634 quia
2983 4559 3192 4630 quidem
3245 4567 3384 4610 retro
3422 4559 3568 4616 sunt,

1997 4670 2325 4730 obliviscens,
2383 4663 2450 4717 ad
2481 4678 2541 4717 ea
2571 4676 2688 4715 vero
2724 4673 2839 4728 qua:
2885 4663 3010 4709 sunt
3054 4653 3254 4720 priora,
3288 4645 3570 4701 extendens

1995 4765 2272 4833 nteipsum.
2316 4757 2516 4823 Unum,
2568 4754 2766 4822 inquit,
2814 4749 2974 4816 facio,
3007 4759 3175 4800 unum
3221 4744 3323 4796 hoc
3371 4742 3574 4794 solum-

1992 4831 2154 4911 modo
2185 4851 2473 4915 contendo,
2507 4859 2565 4904 ut
2594 4859 2812 4916 semper
2847 4853 3191 4914 promoveam
3234 4851 3250 4890 :
3283 4831 3574 4885 obliviscor

1996 4962 2222 5018 operum
2251 4951 2676 5002 transactorum,
2705 4952 2878 5006 eaque
2911 4943 3033 5003 post
3060 4941 3268 4998 tergum
3301 4923 3572 5018 relinquo,

1993 5015 2049 5096 et
2071 5053 2260 5094 eorum
2306 5049 2532 5103 prorsus
2562 5047 2629 5086 ne
2657 5026 2910 5083 recordor
2937 5023 3177 5092 quidem,
3205 5031 3268 5071 ac
3290 5015 3371 5071 sic
3391 5015 3572 5084 priora

1990 5143 2044 5186 et
2073 5145 2195 5202 qua:
2227 5137 2354 5182 ante
2382 5140 2468 5180 me
2500 5133 2650 5188 sunt,
2683 5131 3002 5190 persequor,
3027 5128 3122 5166 ceu
3154 5125 3217 5164 ea
3247 5123 3366 5178 quae
3393 5107 3572 5161 desint

1993 5226 2148 5280 mihi.
2176 5223 2312 5278 Nam
2345 5220 2436 5292 qui
2457 5234 2514 5275 se
2543 5232 2764 5274 cursum
2801 5208 3095 5266 absolvisse
3123 5211 3297 5273 putat,
3330 5217 3360 5254 a
3405 5213 3570 5292 cursu

1994 5319 2227 5384 desistit,
2263 5290 2515 5384 tanquam
2545 5310 2637 5380 qui
2690 5317 2858 5362 totum
2885 5303 2995 5371 jam
3050 5295 3368 5353 confecerit.
3429 5290 3569 5358 Quid

1996 5429 2124 5469 veru
2155 5419 2258 5474 est,
2293 5403 2590 5461 Extendens
2615 5401 2640 5454 ?
2663 5397 2776 5454 Hoc
2804 5405 2908 5462 cst,
2928 5391 3248 5460 Priusquam
3271 5394 3570 5458 pervenero

1699 5586 1728 5614 ιι
1766 5575 1808 5630 ll
1875 5576 2016 5631 Tim.
2051 5589 2126 5639 tv,
2157 5571 2213 5625 7.

1662 5719 1870 5784 Varia;
1905 5717 2240 5782 lectiones.

377 5851 420 5883 '°
459 5852 518 5906 ού
555 5852 739 5923 μέντοι
779 5851 978 5918 πάντες
1042 5866 1095 5908 o.
1200 5851 1243 5884 “
1282 5849 1409 5916 τοὺς
1464 5849 1728 5922 οὐρανοὺς
1769 5861 1823 5905 ο.

1948 5845 1994 5877 ¹⁴¹
2063 5840 2254 5910 φθάσω
2325 5853 2375 5893 o.

2527 5835 2582 5909 “_
2643 5836 2702 5888 ιν
2759 5829 2982 5904 Χριστῷ
3037 5843 3090 5884 0.
3203 5827 3249 5864 ’⁸
3288 5823 3480 5896 φθάσω
3512 5837 3569 5878 ο.
