3932 6606
533 431 672 495 ’1167

1414 430 1460 490 Τ
1467 428 1995 492 llEOPHYLACTI
2043 427 2456 489 BULGARI/E
2496 429 2846 490 ABCHIEP.

3579 434 3690 500 libi

521 553 600 606 tis
621 563 741 605 cum
769 547 985 611 timore,
1009 557 1178 614 eoque
1205 543 1506 600 vehementi
1539 556 1592 601 et
1627 547 1861 614 intonso,
1889 556 1940 600 et
1973 560 2093 601 cum

2199 545 2387 617 ποιῆτε
2443 543 2580 615 μετὰ
2621 544 2810 614 φόϐου,
2844 543 2936 596 καὶ
2982 542 3172 596 τούτου
3215 543 3588 618 ἐπιτεταμένου,
3622 554 3696 606 καὶ

533 651 803 696 tremore:
833 637 949 692 sine
979 635 1171 690 timore
1200 650 1432 705 namque
1459 636 1590 693 nihil
1641 638 1764 693 boni
1793 637 2089 708 perficitur,

532 746 702 801 neque
729 729 782 784 in
829 727 1036 782 artibus
1074 726 1411 795 liberalibus,
1449 743 1622 799 neque
1657 729 1708 784 in
1743 728 2091 784 mechanicis.

510 822 807 890 ‘Quomodo
832 827 1008 872 autem
1041 827 1213 872 metus
1242 819 1663 887 perﬁcietur?Si
1691 820 2096 876 consideremus

526 914 671 983 quod
722 913 922 982 ubique
959 911 1097 966 Deus
1149 924 1350 982 praesto
1401 914 1494 980 sit,
1547 914 1728 969 omnia
1769 913 1996 970 audiens
2043 921 2096 969 et

521 1004 702 1059 omnia
740 1005 946 1070 videns,
979 1019 1082 1058 non
1112 1007 1281 1058 solum
1313 1020 1431 1075 quae
1452 1016 1701 1076 aguntur,
1725 1020 1914 1060 verum
1933 1006 2094 1060 etiam

525 1111 642 1165 qua:
689 1094 1015 1163 cogitantur.
1075 1095 1273 1151 Servile
1321 1099 1488 1164 enim,
1540 1097 1734 1167 inquit,
1765 1096 1990 1151 Domino
2044 1099 2098 1150 in

525 1188 731 1252 timore,
758 1195 805 1240 et
835 1187 1088 1242 exsultute
1116 1189 1162 1242 ei
1185 1191 1236 1242 in
1267 1199 1492 1243 tremore
1520 1189 1570 1242 ιι.
1609 1189 1702 1243 Est
1733 1188 1876 1244 enim
1911 1188 2096 1243 exsul-

525 1278 807 1332 tatio-cum
854 1283 1114 1340 tremore,
1154 1278 1368 1344 quando
1396 1277 1588 1331 bonum
1646 1276 1840 1346 aliquis
1870 1274 2095 1340 faciens,

525 1367 686 1436 idque
715 1382 837 1420 cum
895 1377 1152 1431 tremore,
1181 1368 1568 1422 conscientiam
1624 1367 1784 1420 habet
1849 1366 2096 1421 liberam.

530 1457 946 1529 Κατεργάξεσθε
995 1466 1171 1512 autem
1205 1459 1356 1524 dixit,
1409 1473 1514 1513 neu
1587 1457 1943 1529 Ἐργάζεσθε,
1996 1460 2100 1513 hoc

524 1558 628 1616 est,
657 1566 778 1605 cum
812 1551 979 1604 multa
1013 1549 1289 1622 diligentia
1325 1560 1378 1606 et
1407 1565 1536 1605 cura
1567 1551 1887 1619 operamini.

600 1727 852 1782 VensJS.
897 1726 1036 1781 Deus
1067 1727 1206 1782 enim
1239 1737 1314 1782 est
1363 1727 1451 1796 qui
1484 1736 1729 1797 operatur
1765 1727 1819 1780 in
1854 1726 1996 1780 vobis
2050 1736 2101 1780 et

526 1821 652 1876 velle
680 1831 728 1875 et
769 1820 994 1890 operari.
1029 1819 1163 1886 Quia
1194 1820 1350 1885 dixit,
1376 1819 1508 1874 Cum
1532 1821 1718 1873 timore
1756 1834 1817 1871 ac
1839 1828 2098 1872 tremore:

2199 637 2340 708 μετὰ
2356 636 2582 708 τρόμου.
2615 638 2778 690 ’Λνευ
2801 638 2912 706 γὰρ
2943 635 3109 705 φόϐου
3149 636 3296 688 οὐδὲν
3335 638 3517 705 ἀγαθὸν
3535 659 3696 712 κατορ-

2195 727 2404 791 θοῦται,
2440 727 2561 782 οὗτε
2585 730 2643 780 ἐν
2677 731 2798 790 ταῖς
2830 726 3079 794 λογικαίς
3112 727 3340 797 τέχναις,
3383 729 3494 783 οὔτε
3527 733 3577 784 ἐν
3600 738 3695 797 ταῖς

2198 819 2510 892 βαναύσοις.
2537 818 2663 882 Πῶς
2687 820 2742 872 δὲ
2778 819 2805 870 6
2857 818 3021 888 φόϐος
3065 819 3547 898 κατορθωθήσεταιί
3597 823 3696 877 Ἐὰν

2195 911 2546 980 ἐννοήσωμεν
2565 909 2647 962 ὅτι
2674 907 2952 979 πανταχοῦ
2973 909 3001 960 6
3025 908 3157 972 Θεὸς
3186 909 3425 978 πάρεστι,
3444 913 3527 964 καὶ
3553 915 3695 968 πάντα

2196 1002 2405 1068 ἀκούει,
2429 1003 2523 1055 καὶ
2562 1001 2742 1056 πάντα
2765 1002 2886 1072 ὁρᾷ,
2916 1002 2976 1055 οὐ
3010 1002 3078 1055 τὰ
3102 1002 3459 1070 πραττόμενα,
3490 1005 3602 1058 ἀλλὰ
3625 1009 3696 1059 καὶ

2197 1095 2262 1147 τὰ
2295 1092 2644 1164 ἐννοούμενα.
2673 1093 3054 1146 Δουλεύσατε
3083 1093 3212 1162 γὰρ.
3244 1093 3392 1160 φησὶ,
3423 1092 3496 1157 τῷ
3546 1098 3698 1164 Κυρίῳ

2189 1185 2266 1239 ἐν
2296 1185 2479 1254 φόϐῳ,
2500 1185 2598 1238 καί
2627 1181 3005 1253 ἀγαλλιᾶσθε
3032 1182 3194 1247 αὑτῷ
3224 1183 3291 1235 ἐν
3314 1185 3509 1251 τρόμῳ.
3527 1186 3696 1238 Ἐστι”

2196 1277 2307 1348 γὰρ
2343 1275 2668 1344 ἀγαλλίασις
2713 1274 2852 1344 μετὰ
2907 1274 3138 1342 τρόμου,
3187 1274 3312 1326 ὅταν
3359 1276 3416 1326 τὸ
3462 1275 3598 1327 καλόν
3635 1294 3697 1340 τις

2199 1368 2393 1431 ποιῶν,
2426 1365 2520 1419 καὶ
2545 1364 2705 1419 τοῦτο
2734 1366 2874 1435 μετὰ
2902 1367 3134 1436 τρόμου,
3162 1364 3600 1436 εύπαρῤησίαστον
3625 1368 3697 1439 ἔχῃ

2198 1461 2259 1513 τὸ
2284 1459 2542 1522 συνειδός.
2571 1457 3010 1528 Κατεργὰζεσθε
3058 1456 3140 1524 δὲ,
3174 1453 3346 1522 εἷπεν,
3390 1457 3500 1525 οὐκ,
3551 1459 3699 1532 Ἐργά-

2201 1551 2358 1616 ζεσθε
2386 1568 2400 1583 ο
2424 1551 2688 1619 τουτέστι,
2724 1550 2860 1622 μετὰ
2916 1549 3126 1620 πολλῆς
3157 1550 3383 1622 σπουδῆς
3427 1552 3513 1605 καὶ
3549 1553 3697 1621 ἐπιμε-

2200 1645 2370 1707 λείας.

2282 1738 2334 1790 Ὁ
2371 1737 2514 1803 Θεὸς
2560 1737 2672 1806 γάρ
2703 1736 2878 1791 ἐστιν
2909 1739 2942 1790 ὁ
2983 1733 3248 1806 ἐνεργῶν
3282 1735 3347 1791 ἐν
3374 1735 3505 1806 ὑμῖν
3549 1743 3626 1788 και
3653 1749 3700 1788 το

2203 1828 2405 1885 θέλειν
2428 1829 2526 1883 καί
2548 1829 2614 1883 τὸ
2642 1829 2927 1900 ἐνεργεῖν.
2963 1829 3189 1899 Ἐπειδὴ
3219 1824 3338 1881 εἷπε
3356 1843 3369 1856 ’
3395 1827 3538 1882 Μετὰ
3556 1827 3702 1896 φόϐου

515 1929 671 1967 nunc
698 1913 794 1979 ait,
839 1911 997 1984 441
1035 1910 1114 1967 Ne
1154 1912 1468 1968 terreamiui
1528 1922 1748 1982 propter
1803 1913 1924 1966 hoc.
1977 1910 2093 1965 Non

2200 1924 2297 1976 καί
2336 1923 2591 1993 ’τρόμου⁸
2632 1921 2728 1977 νῦν
2778 1939 2912 1991 φησι
2935 1937 2950 1953 ·
3005 1921 3096 1991 Μὴ
3133 1920 3398 1991 πτοηθῆτε
3446 1919 3524 1973 διὰ
3561 1918 3703 1971 τοῦτο.

523 2005 668 2059 enim
700 2005 802 2060 hoc
828 2006 947 2060 ideo
976 2005 1130 2071 dixit,
1159 2014 1216 2059 ut
1241 2005 1470 2060 desistas
1499 2020 1528 2059 a
1578 2005 1718 2060 bono
1745 2005 1826 2060 vel
1855 2003 2095 2069 delicias,

525 2099 618 2153 sed
658 2107 717 2152 ut
757 2106 963 2152 attente
993 2113 1122 2169 agas
1150 2097 1292 2168 quod
1323 2099 1457 2168 agis.
1487 2095 1624 2152 Nam
1655 2099 1700 2152 si
1754 2096 2101 2152 animadver-

526 2191 680 2256 teris,
712 2199 766 2246 et
794 2199 1033 2245 attentus
1088 2190 1275 2256 fueris,
1337 2189 1478 2244 Deus
1530 2189 1712 2245 omnia
1765 2189 2096 2258 operabitur.

527 2280 645 2348 Ipse
678 2294 908 2349 namque
949 2287 1033 2334 est
1063 2279 1150 2348 qui
1183 2287 1237 2335 et
1278 2278 1758 2350 promptitudinem
1793 2279 1884 2333 dat
1920 2277 2096 2344 nobis,

528 2382 588 2427 ut
612 2372 848 2429 velimus
873 2373 1099 2442 bonum,
1127 2374 1288 2443 etqui
1309 2373 1436 2429 boni
1459 2371 1821 2443 operationem
1849 2371 1916 2426 ad
1939 2371 2098 2426 linem

525 2465 698 2521 ducit.
733 2465 1005 2542 Operatur
1033 2467 1176 2522 enim
1216 2465 1356 2520 Deus
1387 2467 1440 2520 in
1472 2466 1626 2522 nobis
1654 2465 1792 2522 velle
1827 2484 1840 2521 :
1872 2467 1971 2520 hoc
1993 2475 2096 2531 est,

527 2567 848 2628 cooperatur
878 2559 1035 2612 nobis
1067 2567 1126 2612 ut
1153 2558 1381 2614 velimus
1410 2559 1584 2625 ,bona,
1629 2566 1683 2613 et
1717 2566 1876 2628 auget
1905 2559 2098 2612 bonam

525 2649 855 2704 voluntatem
888 2659 1126 2706 nostram
1159 2691 1176 2716 ,
1221 2650 1490 2720 simulque
1526 2649 1771 2705 accendit
1805 2658 1860 2704 ut
1891 2650 2100 2704 ferven-

524 2741 633 2796 tior
656 2741 934 2796 reddatur.
965 2741 1031 2796 Et
1061 2741 1250 2797 aliter:
1277 2742 1541 2809 Quoniam
1567 2742 1680 2812 ipse
1704 2741 2097 2812 pet-lectionem

526 2835 696 2898 addit,
729 2850 826 2888 nos
869 2848 996 2889 vero
1030 2833 1276 2888 homines
1308 2848 1429 2903 quae
1465 2833 1702 2902 perfecta
1741 2833 2006 2897 videmus,
2033 2833 2098 2887 ad

525 2941 585 2981 ea
611 2925 900 2988 tendimus,
931 2923 1282 2993 dirigimusve
1302 2925 1631 2979 voluntatem
1668 2933 1906 2980 nostram
1935 2941 1950 2978 :
1973 2940 2098 2994 pro-

528 3027 709 3085 pterca
747 3026 800 3070 et
831 3015 966 3070 velle
995 3015 1170 3084 ipsum
1204 3029 1233 3068 a
1276 3013 1387 3070 Deo
1445 3014 1629 3084 perlici
1665 3015 1814 3071 dicit.
1853 3014 2099 3087 Exempli

523 3109 696 3175 gratia
728 3123 742 3161 :
781 3105 1001 3161 Voluisti
1034 3104 1280 3176 aliquid?
1323 3103 1494 3159 Orsus
1516 3118 1574 3160 es
1603 3106 1867 3175 perﬁcere
1913 3105 2093 3162 istuc:

523 3202 568 3255 si
611 3203 767 3254 linem
805 3200 1136 3268 assequaris,
1167 3197 1360 3252 iterum
1396 3197 1565 3266 magis
1593 3198 1731 3252 idem
1765 3212 1901 3267 Opus
1931 3199 2096 3267 perti-

524 3307 646 3348 cere
672 3292 847 3362 cupis.
881 3289 975 3345 Sin
1008 3291 1210 3355 minus,
1246 3289 1508 3358 torpescit
1538 3289 1629 3343 tibi
1666 3288 1932 3344 voluntas.
1960 3289 2093 3346 Cum

524 3387 704 3452 itaque
734 3383 856 3436 linis
885 3385 1023 3451 apud
1065 3379 1231 3435 Deum
1273 3380 1366 3448 sit,
1414 3381 1502 3450 qui
1546 3390 1602 3436 et
1659 3380 1795 3437 velle
1846 3391 2094 3439 nostrum

520 3476 793 3538 accendit,
824 3491 932 3529 non
977 3475 1248 3528 immerito
1297 3485 1349 3528 et
1379 3474 1549 3544 ipsam
1585 3475 1912 3530 voluntatem
1950 3477 2094 3546 apud

525 3574 688 3626 Deum
741 3585 862 3625 esse
914 3578 1212 3624 asseverat.
1268 3568 1360 3624 Vel
1403 3582 1469 3623 ex
1524 3582 1717 3638 magna
1767 3569 2096 3638 gratitudine

519 3663 716 3716 Paulus
743 3661 878 3716 velle
911 3661 1082 3729 ipsum
1113 3674 1143 3713 a
1165 3659 1272 3712 Deo
1294 3656 1477 3727 perlici
1505 3657 1558 3712 in
1586 3659 1744 3715 nobis
1766 3660 1874 3715 ait:
1905 3675 2093 3728 quem-

518 3753 805 3807 admodum
866 3751 1090 3804 virtutes
1157 3749 1296 3804 dona
1333 3747 1585 3818 appellat,
1615 3749 1826 3805 arbitrii
1870 3750 2094 3805 liberta-

523 3859 626 3900 tem
658 3860 763 3899 non
797 3842 1006 3908 tollens,
1039 3841 1133 3896 sed
1173 3855 1387 3910 semper
1407 3856 1504 3896 nos
1534 3851 1718 3912 gratos
1737 3857 1858 3898 esse
1885 3843 2092 3912 volens,

516 3948 572 3992 (ιι
629 3937 807 3990 omnia
855 3942 1078 4004 accepta
1135 3932 1336 3988 referre
1367 3933 1496 3988 Deo.
1540 3933 1846 3989 Considera
1911 3945 2092 3990 autem

522 4030 683 4082 verba
705 4040 720 4078 :
741 4025 805 4080 In
835 4026 1002 4092 vobis,
1033 4024 1224 4092 inquit,
1257 4024 1348 4094 qui
1383 4039 1503 4078 cum
1537 4034 1678 4080 metu
1704 4034 1865 4097 atque
1891 4037 2095 4085 tremo-

517 4135 577 4171 re
607 4118 832 4173 salutem
861 4116 1159 4185 operamini
1191 4134 1206 4172 :
1234 4117 1286 4170 in
1327 4117 1522 4172 talibus
1549 4117 1692 4172 enim
1721 4116 1862 4174 Deus
1893 4133 2089 4189 opera-

508 4221 610 4266 ‘tur
638 4211 839 4266 omnia.

581 4303 697 4356 Pro
722 4303 854 4356 bona
877 4299 1162 4355 voluntate.
1188 4298 1297 4354 [loc
1317 4308 1423 4364 est,
1453 4307 1510 4354 ut
1537 4299 1823 4370 impleatur
1840 4311 1964 4370 erga
1996 4314 2092 4357 vos

517 4395 888 4451 benevolentia
917 4401 1080 4462 atque
1105 4393 1244 4448 bona
1281 4392 1526 4447 voluntas
1550 4392 1688 4463 ejus,
1721 4399 1779 4446 ut
1829 4392 1908 4446 sic
1940 4391 2092 4446 viva-

431 4535 438 4540 .
518 4503 638 4542 mus
659 4487 886 4554 perinde
915 4501 978 4541 ac
1006 4486 1120 4556 ipse
1147 4484 1278 4540 vult.
1306 4485 1491 4554 Itaque
1521 4492 1574 4538 et
1589 4499 1654 4538 ex
1680 4483 1784 4538 hoc
1804 4483 2088 4552 conﬁdite;

2200 2016 2274 2070 Οὐ
2307 2016 2414 2086 γὰρ
2471 2014 2633 2069 τοῦτο
2682 2009 2859 2079 εἷπον,
2913 2015 3001 2068 ἵνα
3061 2011 3460 2084 ἅπαγορεύσῃς,
3513 2010 3609 2062 ἀλλ’
3637 2010 3704 2062 ἵνα

2197 2111 2496 2182 προσέχῃς.
2536 2109 2636 2162 ’Ἂν
2686 2109 2796 2179 γὰρ
2831 2108 3138 2181 προσέχῃς,
3200 2108 3230 2159 6
3280 2105 3406 2168 Θεὸς
3454 2103 3516 2157 τὰ
3563 2102 3704 2156 πάντα

2200 2202 2519 2271 ἐργάσεται.
2554 2199 2727 2262 Αὐτὸς
2759 2199 2869 2270 γάρ
2895 2199 3045 2252 ἐστιν
3072 2200 3100 2252 6
3131 2197 3226 2251 καὶ
3255 2197 3540 2269 προθυμίαν
3568 2195 3705 2254 διδοὺς

2198 2294 2353 2361 ἡμῖν,
2383 2290 2524 2344 ὥστε
2557 2290 2733 2343 θέλειν
2767 2290 2828 2342 τὸ
2854 2287 3080 2358 ἀγαθὸν,
3124 2287 3220 2341 καὶ
3263 2285 3358 2357 τὴν
3379 2284 3606 2356 ἐργασίαν
3627 2284 3706 2335 αὑ-

2198 2381 2294 2435 τοῦ
2323 2382 2403 2446 είς
2433 2381 2586 2444 τέλος
2611 2380 2781 2448 ἄγων.
2829 2379 3078 2447 Ἐνεργεῖ
3101 2377 3212 2447 γὰρ
3243 2378 3270 2430 6
3307 2376 3430 2439 Θεὸς
3460 2375 3511 2427 ἐν
3531 2374 3639 2443 ήμῖν
3659 2370 3704 2423 τὺ

2199 2473 2375 2528 θέλειν
2408 2488 2422 2504 ·
2454 2471 2722 2536 τουτέστι,
2760 2472 3011 2542 συνεργεῖ
3039 2471 3174 2538 ἡμῖν
3218 2467 3352 2538 πρὸς
3395 2466 3452 2521 τὸ
3478 2465 3626 2519 θέλειν
3651 2463 3702 2516 τὰ

2198 2566 2400 2636 ἀγαθὰ,
2434 2565 2529 2620 καὶ
2560 2565 2606 2597 ’⁷⁸
2658 2563 2812 2629 αὔξει
2845 2564 2906 2617 τὸ
2956 2561 3160 2631 ἀγαθὸν
3207 2561 3412 2631 θέλημα
3437 2560 3591 2629 ἡμῶν,
3636 2557 3704 2609 καὶ

2201 2655 2515 2712 συνεκκαίει
2554 2654 2696 2709 ὥστε
2739 2653 3075 2725 θερμότερον
3132 2650 3409 2721 γενέσθαι.
3455 2649 3551 2703 Καὶ
3575 2645 3704 2706 ἄλλως

2199 2749 2255 2802 δέ
2278 2750 2345 2815 ’³,
2385 2747 2572 2817 ἐπειδὴ
2613 2745 2674 2799 τὺ
2707 2745 2859 2808 τέλος
2910 2745 3072 2808 αὐτὸς
3121 2741 3446 2812 ἐπιτίθησιν,
3481 2741 3522 2793 oi
3563 2739 3610 2792 δὲ
3639 2737 3708 2790 όν-

2200 2843 2432 2912 θρωποι,
2470 2839 2616 2910 ἅπερ
2659 2838 2725 2893 ἂν
2757 2837 2972 2908 ὁρῶμεν
2994 2835 3368 2907 τελειούμενα,
3401 2832 3523 2904 πρὸς
3568 2831 3706 2884 ἐκεῖνα

2199 2933 2294 2986 καὶ
2336 2931 2396 2984 τὸ
2431 2931 2643 3002 θέλημα
2683 2928 2843 3000 ἡμῶν
2875 2929 3167 2998 τείνομεν·
3229 2926 3319 2979 διὰ
3362 2923 3509 2977 τοῦτο
3551 2923 3628 2974 καὶ
3662 2918 3705 2970 τὸ

2199 3023 2374 3077 θέλειν
2401 3022 2744 3094 ἐνεργεῖσθαι
2773 3021 2878 3074 ὑπὸ
2929 3019 3065 3073 Θεοῦ
3102 3019 3276 3088 λέγει.
3314 3011 3433 3070 Οἷον
3462 3031 3476 3047 σ
3533 3011 3709 3080 Ἦθέλη-

2201 3113 2300 3176 σάς
2335 3129 2424 3178 τις
2472 3111 2718 3182 Ἐνήρξω
2757 3107 3210 3180 πράττειν’τοῦτο
3233 3124 3248 3139 °
3291 3108 3384 3160 ἐὰν
3406 3105 3497 3177 μὲν
3522 3102 3710 3161 τὸτέλος

2198 3185 2559 3273 ἐπακολουθῇ,
2591 3202 2765 3265 θέλεις
2789 3201 2952 3254 πλέον
2975 3199 3133 3252 τοῦτο
3159 3199 3223 3252 τὸ
3255 3199 3414 3269 ἔργον
3441 3213 3454 3226 ·
3500 3196 3542 3249 εί
3564 3193 3602 3247 δ’
3643 3190 3708 3253 οὒ.

2201 3295 2491 3364 ἀποναρκᾷ
2526 3311 2608 3347 σοι
2632 3296 2665 3363 ἡ
2691 3292 2932 3362 θέλησις.
2959 3291 3068 3345 Τοῦ
3099 3291 3284 3344 τοίνυν
3302 3290 3482 3352 τέλους
3509 3285 3634 3355 παρὰ
3653 3282 3711 3351 τῷ

2199 3384 2320 3457 Θεῷ
2352 3385 2528 3450 θντος,
2563 3383 2658 3438 τοῦ
2713 3383 2809 3437 καὶ
2837 3382 2898 3437 τδ
2934 3382 3111 3436 θέλειν
3150 3381 3314 3453 ἡμῶν
3334 3382 3379 3414 ⁸ο
3424 3375 3710 3433 συνεκκαίον-

2199 3495 2320 3545 τος,
2378 3478 2603 3541 εἰκότως
2632 3477 2728 3531 καὶ
2761 3475 2916 3530 τοῦτό
2941 3491 3104 3547 φησιν
3153 3470 3299 3529 εἶναι
3332 3473 3473 3543 παρὰ
3501 3470 3568 3540 τῷ
3602 3467 3710 3537 Θεῷ.

2201 3573 2273 3626 Ἢ
2312 3571 2404 3624 καὶ
2427 3571 2533 3625 ἀπὸ
2556 3570 2760 3640 πολλῆς
2784 3568 3212 3639 εὐγνωμοσύνης
3233 3571 3261 3621 6
3293 3565 3492 3628 Παῦλος
3517 3561 3597 3616 καὶ
3612 3558 3711 3613 αὐτὸ

2199 3664 2260 3718 τὸ
2281 3663 2454 3716 θέλειν
2480 3664 2544 3715 ἐκ
2563 3660 2659 3715 τοῦ
2686 3660 2822 3714 Θεοῦ
2845 3662 2979 3732 ἡμῖν
3008 3658 3354 3730 ἐνεργεῖσθαι
3369 3657 3508 3724 λέγει
3526 3671 3540 3686 ’
3563 3652 3710 3716 ὥσπερ

2198 3753 2295 3807 καὶ
2327 3751 2394 3806 τὰ
2413 3750 2836 3823 κατορθώματα,
2866 3749 3184 3821 χαρίσματα
3229 3747 3417 3802 καλεῖ·
3446 3744 3503 3798 οὐ
3537 3741 3588 3794 τὺ
3613 3739 3711 3791 αὐτ·

2205 3845 2446 3912 εξούσιον
2500 3843 2763 3915 ἀναιρῶν,
2799 3843 2936 3898 ἀλλὰ
2984 3841 3315 3912 βουλόμενος
3363 3839 3501 3909 ἡμᾶς
3540 3835 3614 3888 ἀεὶ
3648 3827 3713 3882 εὐ·

2196 3940 2496 4010 χαριστείν,
2539 3937 2637 3990 καὶ
2665 3936 2846 3990 πάντα
2877 3934 3191 3988 ἀνατιθέναι
3227 3932 3307 4002 τῷ
3346 3928 3478 4000 Θεῷ.
3515 3927 3636 3994 Ὅρα
3670 3917 3711 3971 δὲ

2197 4033 2293 4086 καὶ
2324 4031 2424 4102 τὴν
2462 4029 2608 4095 λέξιν
2639 4045 2655 4061 ·
2708 4029 2815 4083 Ἐν
2843 4026 2987 4097 ὑμῖν
3005 4026 3078 4094 ⁸⁸,
3109 4023 3254 4087 εἷπε,
3285 4027 3397 4087 τοῖς
3432 4017 3558 4091 μετὰ
3585 4011 3712 4083 φύῧου

2197 4124 2291 4178 καὶ
2311 4125 2516 4195 τρόμου
2552 4122 2650 4194 τὴν
2683 4122 2960 4192 σωτηρίαν
2986 4117 3481 4190 κατεργαζομένοις
3503 4128 3519 4146 ⁶
3542 4112 3593 4163 ὲν
3627 4102 3709 4174 γὰρ

2196 4219 2310 4280 τοῖς
2338 4215 2601 4278 τοιούτοις
2631 4215 2847 4284 ἐνεργεί
2866 4214 2894 4265 6
2927 4212 3060 4276 Θεὸς
3094 4213 3162 4266 τὰ
3196 4211 3396 4264 πάντα.

2290 4307 2468 4376 ’Υπὲρ
2491 4307 2600 4374 τῆς
2623 4304 2922 4370 εὐδοκίας.
2949 4303 3262 4365 Τουτέστιν,
3300 4299 3468 4368 ’Υπὲρ
3492 4293 3575 4348 τοῦ
3605 4291 3712 4356 πλη·

2199 4397 2441 4470 Ρωθῆναι
2465 4399 2544 4460 εἰς
2563 4396 2706 4468 ὑμᾶς
2721 4393 2833 4466 τὴν
2861 4393 3108 4448 εὐδοκίαν
3131 4393 3307 4446 καὶτὸ
3329 4388 3523 4460 ἀγαθὸν
3548 4383 3713 4450 θέλημα

2196 4487 2384 4555 αὑτοῦ,
2416 4488 2510 4542 ἵνα
2543 4486 2686 4541 οὕτω
2726 4485 2912 4558 ,ζῶμεν
2963 4486 3038 4549 ὡς
3085 4485 3250 4550 αὐτὸς
3285 4483 3540 4556 βούλεται.
3591 4473 3714 4525 Ὥστε

517 4582 740 4633 «ηιιιιίιιο
789 4579 934 4633 enim
979 4577 1358 4646 cooperabitur
1407 4575 1558 4631 vobis
1619 4576 1781 4642 Deus,
1831 4586 1887 4630 ut
1942 4584 2088 4630 recte

2198 4581 2289 4636 καὶ
2324 4583 2388 4634 ἐκ
2418 4579 2610 4632 τούτου
2665 4577 2920 4650 θαρσεῖτε
2949 4594 2964 4610 ο
3014 4580 3235 4641 πάντως
3283 4576 3396 4645 γὰρ
3440 4563 3714 4660 συνεργήσει

507 4671 731 4736 σνὶνιιιὶδ,
761 4669 805 4724 si
835 4676 1195 4738 nonpropter
1226 4666 1369 4721 aliud
1393 4667 1708 4736 quidquam,
1748 4666 1866 4738 ejus
1912 4675 2090 4722 tamen

2199 4674 2327 4744 ὑμῖν
2355 4672 2383 4724 6
2416 4671 2550 4734 Θεὸς
2602 4669 2739 4742 πρὸς
2786 4669 2847 4722 τὸ
2883 4667 3060 4738 ὀρθῶς
3091 4665 3215 4738 ζῇν,
3249 4666 3302 4718 εί
3345 4661 3440 4718 καὶ
3470 4658 3540 4732 μὴ
3563 4654 3620 4714 όιῗ
3641 4652 3714 4708 ἄλο

518 4764 592 4817 rei
622 4762 813 4832 gratia,
848 4761 972 4829 quia
1008 4761 1108 4814 hoc
1133 4759 1230 4829 ipsi
1261 4769 1473 4830 gratum
1508 4769 1612 4814 est.

587 4853 750 4907 has.
777 4851 862 4906 14.
894 4850 957 4904 Ει
984 4852 1160 4904 omnia
1189 4850 1346 4919 facile
1389 4851 1503 4906 sine
1569 4848 2089 4906 murmuratiom'bus

511 4956 560 5001 et
600 4942 1043 5000 Iuesitationibus.
1105 4941 1383 5007 Diabolus,
1425 4957 1544 4996 cum
1573 4942 1804 5012 aliquem
1857 4943 1926 4998 ab
1985 4943 2086 4997 ho-

511 5047 672 5092 nesto
699 5050 924 5105 prorsus
954 5047 1185 5088 avocare
1239 5033 1448 5101 nequit,
1500 5032 1582 5086 vel
1617 5033 1986 5100 arrogantiam
2039 5031 2090 5086 ei

514 5129 740 5192 inducit,
771 5127 852 5181 vel
879 5141 1072 5181 vanam
1095 5124 1351 5195 gloriam,
1395 5124 1501 5188 vel,
1530 5126 1574 5177 si
1611 5126 1724 5179 haec
1756 5140 1860 5180 non
1893 5125 2087 5195 possit,

2198 4762 2261 4816 λο
2288 4779 2362 4828 τι,
2395 4760 2530 4815 διότι
2553 4759 2684 4829 γοῦν
2712 4758 2876 4821 αὐτὸς
2905 4757 3252 4827 ἀποδέχεται.

2269 4852 2380 4908 Kal
2408 4851 2609 4906 πάντα
2638 4851 2863 4904 ποιεῖτε
2897 4850 3073 4917 χωρὶς
3114 4841 3470 4917 γογγυσμῶν
3505 4833 3713 4893 παίδεσ-

2197 4941 2527 5013 λοτισμῶν.
2567 4941 2626 4995 '0
2655 4940 2924 5005 διάϐολος,
2949 4938 3170 4995 ἐπειδὰν
3197 4937 3258 4990 οὐ
3286 4933 3480 5006 δυνηθῇ
3509 4921 3714 4986 καθάπαξ

2195 5035 2304 5088 ἀπὸ
2332 5033 2425 5096 τοῦ
2453 5033 2621 5087 καλοῦ
2661 5032 2906 5086 κωλῦσαί
2929 5048 3076 5095 τινα,
3103 5030 3137 5101 ἢ
3164 5029 3425 5084 ἀπόνοιαν
3472 5020 3606 5090 αὐτῷ
3633 5017 3713 5101 εζσ·

2202 5123 2440 5189 ηγεῖται,
2469 5119 2503 5190 ἢ
2538 5118 2845 5185 κενοδοξίαν
2867 5130 2884 5148 ⁸
2918 5117 2952 5187 ἢ
3004 5117 3055 5169 εί
3206 5111 3398 5174 ταῦτα,
3431 5099 3712 5176 γογγυσμὺν,

515 5220 1023 5282 murmurationem,
1062 5226 1156 5272 aut
1207 5215 1602 5271 dubitationem
1637 5225 1690 5271 et
1739 5215 2090 5271 incredulita-

2198 5212 2226 5284 ἢ
2260 5209 2596 5282 ἀμφιϐολίαν
2663 5210 2758 5263 καὶ
2795 5205 3076 5262 ἀπιστίαν.
3137 5203 3290 5287 Ἐπεὶ
3341 5197 3433 5254 οὖν
3465 5199 3709 5299 Evasit»:

512 5323 646 5366 teni.
680 5309 859 5380 ,Quia
927 5309 1094 5380 igitur
1162 5309 1215 5362 in
1267 5307 1654 5362 tentatiouibus
1703 5309 2084 5378 continu-isque

2198 5307 2352 5374 σμοῖς
2379 5305 2479 5358 καὶ
2507 5302 2778 5365 κινδύνοις
2811 5300 3097 5370 συνεχέσιν
3137 5291 3299 5366 ἦσαν,
3341 5295 3404 5343 ἐκ
3453 5285 3633 5340 τούτων
3669 5275 3710 5330 οὲ

487 5379 769 5470 periculis
827 5377 1068 5464 fuerunt,
1116 5411 1210 5466 per
1250 5395 1365 5451 haec
1421 5405 1601 5449 autem
1633 5395 1775 5449 haud
1812 5396 1968 5465 pauci
1998 5377 2083 5450 ad

2198 5397 2382 5450 πολλοὶ
2415 5398 2495 5460 είς
2529 5395 2850 5465 γογγυσμὺν
2874 5389 3361 5464 ἐκτραχηλίζονται
3383 5382 3472 5434 καὶ
3509 5377 3711 5473 βλασξρηο

507 5504 794 5545 murmura
855 5499 910 5545 et
962 5488 1390 5544 maledicentiam
1437 5485 1909 5556 prolabebantur:
1957 5486 2084 5540 Sine

2198 5489 2347 5556 μίας,
2403 5487 2592 5555 Χωρὶς
2636 5483 3018 5557 γογγυσμῶν,
3079 5477 3235 5552 φησὶ,
3272 5473 3465 5530 πάντα
3508 5475 3707 5523 sorsus.

584 5631 614 5673 ιι
651 5631 801 5688 Psal.
829 5648 891 5701 ιι,
929 5632 1016 5687 Η.

1866 5750 2072 5815 Varite
2111 5749 2443 5813 lectiones.

579 5859 623 5892 ³⁷
647 5859 726 5914 Evt
753 5873 808 5914 0.
882 5859 926 5890 ⁷⁸
954 5857 1120 5925 ἤγουν
1143 5874 1198 5914 0.
1271 5857 1315 5890 "’
1350 5855 1457 5924 γὰρ
1489 5872 1541 5910 ο.
1610 5856 1655 5888 ⁸ο
1686 5857 1819 5922 ἡμῖν
1843 5871 1910 5921 0.,
1969 5857 2011 5888 ⁸³
2045 5857 2176 5928 ἡμῖν
2201 5871 2254 5912 0.
