3932 6568
249 368 393 433 1169

991 372 1396 436 EXPOSITIO
1436 372 1517 436 IN
1559 374 1795 436 EPIST.
1838 375 1940 436 ΑΙ)
1973 377 2306 445 ΡΗῙΙᾸΡΡ.
2334 382 2573 446 -ΟΑΡζ
2617 383 2700 445 ΙΙ.

3364 382 3502 447 11ἷο

259 481 322 538 '0
360 482 469 554 γάρ
491 483 805 554 γογγύζων,
848 484 1144 558 ἀχάριστος
1179 490 1275 543 καὶ
1307 489 1612 562 δύσφημος.
1641 491 1832 545 Διαλο-

1954 495 2464 563 nunnurationibus,
2516 496 2716 568 inquit,
2774 496 2952 552 omnia
2988 496 3162 567 facile.
3215 496 3314 564 Qui
3357 497 3502 552 enim

245 576 484 645 γισμοὺς
530 575 610 639 δὲ,
641 576 741 646 τῆν
791 577 1071 649 διάκρισιν
1103 597 1236 649 φησι
1262 581 1356 635 καὶ
1390 581 1481 636 τὸν
1505 581 1824 651 δισταγμόν.

247 663 410 722 Οἷονο
447 669 617 722 Ὅταν
666 669 891 742 ἐντολῆς
931 674 1300 744 προκειμένης
1335 672 1470 745 λέγῃ
1503 691 1587 738 τις
1614 690 1627 705 ⁸
1661 672 1826 746 Ἄρα,

248 760 345 813 ἐὰν
368 760 488 813 τόδε
522 760 759 830 ποιήσω,
786 761 893 826 ἐξω
920 763 1112 834 μισθόν
1144 782 1158 829 ;
1186 761 1298 832 ἆρα
1341 764 1501 818 καλόν
1532 765 1714 828 ἐστιν;
1753 765 1828 818 Ub

248 853 334 908 δεῖ
355 853 463 925 γὰρ
485 855 544 907 ἐν
573 857 685 919 τοῖς
723 854 990 920 τοιούτοις
1006 855 1304 923 διστάζειν,
1336 857 1473 912 ἀλλὰ
1491 858 1832 923 πεποιθότως

251 947 430 1000 ποιεῖν
460 961 476 977 ·
516 946 622 1002 κᾶν
666 947 826 1013 πόνος
860 944 920 1023 ᾗ,
981 947 1084 1004 κᾶν
1131 950 1400 1022 κάματος,
1443 951 1608 1022 μηδὲν
1649 951 1830 1020 διαλο-

248 1037 523 1108 γίζεσθαι.

325 1214 460 1270 Ἵνα
497 1213 756 1284 γένησθε
804 1215 1094 1288 ἄμεμπτοι
1148 1219 1245 1273 καὶ
1309 1219 1592 1290 ἀκέραιοι.
1663 1223 1831 1276 Τουτ-

249 1308 422 1374 έστιν,
457 1308 815 1379 ἀνεπίληπτοι
835 1310 930 1364 καὶ
954 1311 1170 1365 ἄσπιλοι
1195 1329 1210 1344 ·
1242 1312 1302 1365 οὐ
1340 1313 1446 1385 γὰρ
1473 1314 1646 1387 μικρὰ
1671 1315 1829 1385 κηλὶς

247 1402 276 1454 ὁ
305 1403 640 1474 γογγυσμός.
676 1403 790 1456 Οὐκ
821 1399 943 1457 εἷπε
976 1404 1053 1466 δέ,
1101 1402 1293 1475 ὥσπερ
1317 1406 1376 1458 ἐν
1431 1409 1498 1477 τῇ
1535 1407 1672 1478 πρὸς
1711 1409 1816 1462 Κο-

252 1491 513 1563 ρινθίους,
553 1493 636 1547 ὅτι
661 1494 886 1559 κόλασις
918 1495 1212 1550 ἀπόκειται
1241 1495 1320 1567 τῷ
1350 1498 1675 1570 γογγυσμῷ,
1697 1499 1830 1555 διότι

245 1584 324 1650 ὡς
351 1584 661 1659 ἐλευθέροις
703 1587 920 1652 τούτοις
952 1587 1288 1658 διαλέγεται.
1325 1589 1528 1645 ’Δκουε
1580 1593 1688 1665 γὰρ
1735 1593 1832 1650 καὶ

246 1677 359 1733 τῶν
381 1678 512 1748 ἑξῆς
531 1695 548 1710 ο

326 1771 517 1828 Τέκνα
544 1772 693 1826 Θεοῦ
719 1772 1029 1844 ἀμώμητα.
1081 1775 1248 1831 Ὥστε
1279 1775 1483 1832 δούλων
1527 1779 1621 1833 καὶ
1652 1779 1832 1850 άγνωιι

252 1859 436 1930 μόνων
487 1859 550 1914 τὸ
599 1860 916 1929 γογγύζειν.
968 1863 1128 1928 Ποῖος
1171 1865 1280 1937 γὰρ
1315 1865 1429 1930 υίὸς
1464 1867 1523 1922 ἐν
1578 1849 1708 1932 τοῖς
1737 1869 1830 1924 τοῦ
1865 1849 1908 1904 Β

251 1951 460 2022 πατρὸς
490 1950 714 2024 [πονῶν]
749 1955 844 2008 καὶ
871 1955 1049 2027 ἐαυτῷ
1079 1957 1326 2028 κάμνων,
1363 1959 1651 2030 γογγύζεις

335 2043 442 2098 Ἐν
466 2043 638 2115 μέσῳ
661 2045 870 2116 γενεᾶς
909 2049 1167 2115 σκολιᾶς
1199 2051 1298 2105 καὶ
1335 2051 1828 2126 διεστραμμένης.

250 2129 409 2200 Οἶδα,
450 2135 640 2205 φησιν,
672 2137 754 2190 ὅτι
789 2136 977 2192 πολλοὶ
1007 2139 1058 2192 οἱ
1079 2140 1470 2212 πολεμοῦντες,
1522 2146 1618 2200 καὶ
1644 2150 1726 2212 είς
1771 2149 1833 2202 τδ

250 2225 549 2295 γογγύζειν
576 2228 722 2298 ὑμᾶς
749 2228 1132 2302 ἐκϐιαζόμενοι
1165 2249 1180 2268 ·
1212 2233 1350 2290 ἀλλὰ
1398 2235 1558 2293 τοῦτο
1589 2238 1830 2310 μάλιστα

249 2319 564 2386 ἐπαινετὸν,
591 2321 719 2374 ὅταν
736 2339 820 2386 τις
846 2324 942 2376 καὶ
961 2325 1455 2400 παρακνιζόμενος,
1478 2331 1634 2387 οὐδὲν
1654 2333 1835 2388 τοιού-

251 2426 348 2463 τον
376 2411 585 2485 πάσχῃ.

324 2501 427 2558 Ἔν
448 2503 840 2575 οἵςεραίνεσθε
861 2508 940 2576 ὡς
957 2509 1272 2582 φωστῆρες
1301 2513 1371 2570 ἐν
1391 2517 1617 2587 κόσμῳ,
1648 2523 1836 2592 λόγον

255 2595 410 2666 ζωῆς
437 2598 707 2669 ἔχοντες.
743 2601 957 2676 Ὠσπερ
989 2605 1040 2658 ol
1075 2607 1367 2680 φωστῆρες
1391 2611 1450 2664 ἐν
1479 2612 1665 2668 σκότει
1693 2614 1834 2688 λάμ-

254 2691 631 2760 πουσιν,οὖτω
659 2695 756 2748 καὶ
782 2694 940 2765 ὑμεῖς
967 2698 1024 2750 ἐν
1057 2698 1208 2772 μέσῳ
1229 2699 1338 2754 τῶν
1365 2701 1620 2772 σκολιῶν,
1659 2707 1837 2773 εὐθεῖς

252 2783 432 2848 ὄντες,
478 2785 681 2856 μᾶλλον
731 2786 1086 2858 ὰπολάμπειν
1156 2792 1518 2849 σπουδάσατε.
1569 2797 1643 2850 Τὸ
1701 2798 1836 2870 γὰρ,

254 2873 574 2940 Φαίνεσθε,
602 2877 1008 2946 προστακτικὸν
1038 2876 1187 2931 δοκεῖ
1210 2897 1321 2950 μοι.
1349 2881 1545 2950 Λόγον
1576 2882 1634 2937 δὲ
1688 2882 1836 2955 ζωῆς

253 2965 506 3033 ἔχοντες
523 2966 595 3031 ⁸³,
614 2965 759 3020 τοῦτ’
785 2967 923 3034 ἐστι,
948 2969 1178 3041 Σπέρμα
1209 2970 1358 3042 ζωῆς
1386 2974 1444 3027 ἐν
1472 2975 1601 3045 ὑμῖν
1635 2976 1821 3041 αὐτοῖς

253 3055 496 3126 ῑχοντες,
520 3059 617 3112 καὶ
651 3057 939 3129 μέλλοντες
1003 3059 1290 3131 ζήσεσθαι.
1323 3062 1416 3116 καὶ
1446 3063 1696 3119 ἐντεῦθεν
1731 3066 1832 3137 ἤδη

252 3148 556 3221 ἀρραϐῶνα
581 3149 680 3221 τῆς
713 3150 990 3220 σωτηρίας
1020 3150 1300 3218 λαϐόντες.
1365 3155 1458 3224 Ἢ,
1493 3155 1576 3210 ὅτι
1621 3157 1832 3231 Ὠσπερ

255 3241 305 3294 οἱ
338 3240 628 3312 φωστῆρες
658 3242 757 3297 καὶ
782 3241 1082 3311 φωτίζουσι
1123 3245 1220 3300 καὶ
1256 3245 1566 3311 ἀναζωοῦσι
1593 3249 1664 3303 τὰ
1725 3249 1828 3304 σώο

259 3346 410 3398 ματα
441 3333 508 3402 τῇ
541 3331 820 3402 θάλψει⁸⁸,
850 3333 994 3389 οὕτω
1028 3336 1123 3390 καὶ
1157 3336 1318 3408 ὑμεῖς
1367 3339 1643 3396 σπεύσατε
1691 3339 1834 3399 εἶναι

256 3419 468 3492 ζωτικὴ
493 3423 610 3488 τοῖς
641 3423 824 3490 ἄλλοις
857 3425 1166 3498 ἀνθρώποις
1193 3427 1441 3502 δύναμις.

329 3510 436 3578 Εἰς
458 3513 742 3584 καύχημα
754 3515 883 3586 ἐμοὶ
905 3519 993 3584 είς
1009 3519 1239 3588 ἡμέραν
1252 3524 1532 3591 Χριστοῦ.
1561 3527 1832 3601 Τοσαύτη,

258 3603 446 3674 φησὶν,
481 3606 514 3676 ἡ
547 3606 790 3677 ὑμετέρα
819 3609 992 3682 ἁρετὴ
1027 3611 1192 3678 ἔστω,
1209 3613 1350 3668 ὥστε
1385 3617 1460 3688 μὴ
1493 3619 1657 3688 μόνον
1688 3622 1833 3692 ὑμᾶς

255 3699 338 3758 εἰς
362 3696 459 3768 τὴν
481 3699 626 3772 ζωὴν
656 3700 831 3770 άγειν,
855 3703 992 3757 ἀλλὰ
1007 3705 1103 3759 καὶ⁸
1129 3705 1230 3775 ἐμὲ
1251 3705 1636 3780 λαμπρότερον
1656 3716 1831 3768 ποιεῖν

257 3786 318 3841 ἐν
341 3790 407 3858 τῇ
439 3791 716 3864 παρουσίᾳ
746 3793 842 3848 τοῦ
876 3795 1138 3865 Χριστοῦ.

355 3878 487 3935 Ὀτι
513 3885 625 3936 οὐκ
676 3887 764 3951 εὶς
801 3887 982 3940 κενὸν
1016 3887 1299 3959 ἔδραμον,
1336 3891 1481 3948 οὐδὲ
1536 3897 1624 3963 είς
1653 3898 1836 3955 κενὸν

256 3971 577 4030 ἐκοπίασα.
615 3976 785 4030 Τοῦτό
819 3996 912 4050 μοι
935 3980 1220 4054 καύχημα,
1263 3985 1346 4039 δτι
1384 3987 1660 4055 τοιούτους
1691 3993 1834 4062 ὑμᾶς

257 4063 582 4136 ἐπαίδευσα,
616 4070 710 4123 καὶ
753 4071 815 4124 οὐ
853 4073 1011 4137 κενός
1069 4074 1236 4144 pou“
1281 4079 1310 4131 ό
1344 4079 1431 4148 ἐφ’
1487 4081 1619 4152 ὑμῖν
1666 4086 1835 4152 κόπος

256 4157 505 4227 γέγονεν.

333 4249 502 4304 Ἀλλ’
532 4255 583 4307 εί
627 4255 725 4309 καὶ
762 4257 1097 4331 σπένδομαι
1135 4263 1234 4318 ἐπὶ
1264 4264 1339 4336 τῇ
1359 4268 1540 4336 θυσίᾳ
1592 4270 1691 4324 καὶ
1719 4274 1838 4326 λει-

1935 594 2261 656 murmurat,
2293 589 2536 660 ingratus
2564 598 2618 644 et
2652 587 2946 646 maledicus
2976 599 3080 645 est.
3117 587 3502 645 Haesitationes

1931 687 2134 746 autem,
2169 679 2609 750 dijudicationem
2640 682 2770 738 dicit
2790 697 2855 737 ac
2881 682 3270 738 dubitationem
3306 683 3505 740 :veluti

1931 771 1980 827 si
2033 773 2287 829 mandato
2337 775 2613 846 proposito
2640 775 2806 844 ,dicat
2854 776 3049 846 aliquis
3081 793 3096 832 :
3135 775 3275 832 Num
3311 775 3368 831 si
3403 776 3506 830 hoc

1929 862 2134 932 fecero,
2189 865 2404 923 habebo
2448 869 2790 925 mercedem?
2821 867 3090 940 Numquid
3137 870 3242 925 hoc
3299 868 3502 925 bonum

1931 951 2124 1009 est‘iln
2156 955 2355 1010 talibus
2389 956 2534 1012 enim
2571 972 2678 1013 non
2710 966 2794 1014 est
2824 957 3206 1024 dubitandum,
3241 957 3335 1013 sed
3369 971 3504 1012 con-

1931 1043 2162 1100 ﬁdenter
2188 1045 2479 1116 agendum,
2509 1061 2574 1102 ac
2596 1049 2712 1105 sive
2733 1050 2804 1106 sit
2831 1049 3005 1116 labor,
3034 1049 3147 1106 sive
3169 1047 3504 1121 defatigatio,

1933 1135 2064 1192 nihil
2106 1146 2191 1192 est
2213 1136 2648 1208 disceptandum.

2009 1226 2165 1284 Vens.
2196 1228 2283 1284 15.
2312 1228 2382 1283 Ut
2431 1230 2545 1285 sitis
2578 1232 2692 1286 sine
2743 1230 2955 1302 querela
2980 1241 3027 1285 et
3075 1230 3358 1299 simplices.
3393 1230 3509 1286 Hoc

1933 1329 2038 1387 εει,
2096 1321 2608 1392 irreprehensibiles
2653 1333 2709 1379 et
2757 1323 3088 1380 immaculati
3117 1342 3131 1391 ;
3159 1325 3299 1380 haud
3341 1340 3508 1396 parva

1932 1410 2075 1466 enim
2109 1411 2316 1467 macula
2348 1424 2430 1469 est
2468 1413 2920 1470 obmurmuratio.
2962 1412 3080 1469 Non
3130 1415 3267 1470 dixit
3305 1423 3507 1480 autem,

1935 1511 1994 1558 ut
2027 1503 2082 1559 in
2110 1502 2276 1576 442
2302 1502 2543 1574 Epistula
2575 1504 2643 1560 ad
2681 1503 3014 1571 Corinthios,
3053 1519 3268 1574 poenam
3297 1505 3509 1574 reposi-

1937 1605 2044 1652 tam
2096 1611 2217 1652 esse
2243 1598 2534 1664 murmuri,
2582 1612 2648 1653 eo
2687 1597 2832 1668 quod
2854 1597 3005 1654 hisce
3039 1607 3294 1668 tanquam
3326 1596 3510 1652 liberis

1934 1691 2208 1762 loquatur.
2241 1691 2376 1747 Audi
2419 1691 2562 1746 enim
2587 1691 2891 1762 sequentia.

2009 1781 2141 1838 Filii
2174 1783 2274 1839 Dei
2299 1784 2412 1839 sine
2443 1784 2861 1852 reprehensione.
2903 1783 3196 1838 Serrorum
3228 1781 3413 1851 itaque
3457 1791 3513 1834 et

1936 1876 2273 1949 ingratorum
2306 1889 2390 1932 est
2421 1892 2787 1933 murmurare.
2841 1875 3027 1944 Qualis
3066 1875 3212 1931 enim
3265 1875 3407 1929 ﬁlius
3454 1875 3510 1928 in

1935 1968 2166 2038 negotiis
2191 1967 2434 2036 paternis
2468 1967 2680 2037 sibique
2706 1969 2819 2038 ipse
2866 1965 3121 2021 laborans
3172 1965 3515 2020 murmurat?

1992 2061 2060 2116 In
2089 2063 2260 2116 medio
2281 2061 2513 2116 nationis
2542 2077 2719 2131 prava:
2747 2069 2794 2115 et
2827 2074 3100 2130 perversae.
3132 2057 3290 2125 Novi,
3317 2055 3512 2126 inquit,

1937 2153 2133 2210 multos
2161 2168 2284 2209 esse
2318 2147 2416 2224 qui
2465 2153 2667 2208 bellum
2699 2160 2890 2223 gerant
2931 2152 3219 2206 adversum
3264 2164 3380 2215 vos,
3417 2165 3514 2204 eo-

1935 2253 2126 2315 gentes
2157 2245 2234 2299 ita
2263 2257 2359 2299 vos
2394 2237 2772 2310 murmurare;
2796 2255 2983 2297 verum
3028 2239 3369 2310 potissimum
3411 2239 3515 2294 hoc

1934 2345 2018 2395 est
2042 2335 2392 2400 laudandum,
2418 2335 2463 2390 si
2486 2333 2612 2406 quis
2639 2333 2881 2389 irritatus
2907 2333 2981 2388 nil
3012 2333 3114 2389 tale
3149 2332 3332 2387 faciat.

2012 2511 2176 2569 Vsus.
2213 2511 2302 2580 15,
2331 2512 2419 2568 16.
2455 2510 2522 2567 1η
2551 2511 2736 2583 quibus
2768 2510 2930 2565 lucete
2960 2516 3096 2564 sicut
3126 2508 3413 2563 luminaria
3460 2508 3516 2560 in

1936 2606 2151 2671 mundo,
2202 2607 2322 2660 vita:
2356 2603 2565 2660 verbum
2598 2604 2865 2658 habentes.
2921 2601 3098 2672 Eque
3132 2615 3196 2656 ac
3226 2599 3514 2655 luminaria

1938 2697 1992 2752 in
2026 2697 2268 2754 tenebris
2300 2696 2500 2762 lucent,
2536 2696 2681 2752 hunc
2711 2696 2776 2750 ad
2808 2695 3022 2750 modum
3046 2702 3101 2748 et
3133 2708 3230 2749 vos
3255 2693 3309 2748 in
3341 2691 3517 2747 medio

1937 2805 2340 2861 perversorum,
2359 2790 2492 2845 recti
2519 2787 2984 2858 cumlsitis,‘magis
3005 2785 3261 2856 eﬂulgere
3286 2785 3516 2840 studete.

1938 2881 2052 2939 Hoc
2086 2883 2229 2938 enim
2262 2881 2404 2952 quod
2433 2882 2531 2947 ait,
2558 2878 2775 2946 Lucete,
2812 2878 3192 2949 imperativum
3227 2891 3348 2932 esse
3385 2874 3517 2929 mihi

1939 2975 2172 3031 videtur.
2197 2974 2285 3038 Et,
2321 2971 2548 3029 Verbum
2577 2973 2694 3029 vita:
2721 2972 2988 3038 habentes,
3039 2971 3141 3025 hoc
3181 2979 3291 3037 est,
3318 2967 3516 3022 Semen

1937 3069 2062 3124 vita:
2093 3067 2147 3122 in
2179 3066 2330 3123 vobis
2361 3067 2492 3135 ipsis
2538 3067 2821 3129 habentes,
2849 3075 2904 3120 et
2944 3063 3137 3119 victuri
3187 3061 3430 3129 posthac,
3463 3068 3520 3114 et

1940 3161 2299 3216 arrhabonem
2374 3159 2566 3214 salutis
2605 3157 2719 3228 jam
2778 3171 2923 3212 nunc
2971 3155 3319 3225 accipientes.
3378 3151 3514 3208 Vel:

1942 3251 2407 3321 Quemadmodum
2431 3247 2716 3304 luminaria
2745 3255 2801 3304 et
2825 3246 3026 3310 lucent,
3053 3255 3108 3300 et
3124 3258 3348 3315 corpora
3368 3241 3518 3297 refo-

1942 3343 2226 3401 cillatione
2247 3341 2558 3398 viviﬁcant:
2588 3341 2668 3396 sic
2695 3348 2750 3396 et
2772 3355 2864 3396 vos
2885 3337 3158 3395 conamini
3193 3350 3314 3393 esse
3329 3334 3508 3390 vitalis

1942 3438 2062 3495 aliis
2092 3437 2400 3494 hominibus
2431 3435 2695 3508 potentia.

2013 3536 2092 3589 Ad
2115 3533 2483 3606 gloriationem
2517 3531 2644 3586 mihi
2663 3531 2718 3584 in
2743 3527 2830 3584 die
2856 3525 3071 3583 Christi.
3104 3522 3296 3590 Tanta,
3323 3522 3518 3592 inquit,

1941 3634 2123 3683 vestra
2158 3627 2328 3681 virtus
2351 3626 2442 3689 sit,
2475 3633 2534 3679 ut
2560 3637 2666 3678 non
2699 3622 2871 3677 solum
2909 3635 3002 3676 vos
3037 3619 3103 3675 ad
3131 3619 3295 3673 vitam
3331 3615 3516 3680 ducat,

1942 3733 2128 3774 verum
2170 3718 2332 3772 etiam
2399 3731 2485 3772 me
2532 3714 2908 3786 fulgentiorem
2978 3710 3218 3767 faciat-in
3287 3708 3521 3764 adventu

1940 3811 2163 3869 Christi.

2015 3906 2280 3974 Quoniam
2319 3921 2422 3960 non
2459 3905 2514 3958 in
2541 3918 2736 3958 vanum
2769 3900 2999 3966 cucurri,
3037 3912 3201 3970 neque
3238 3897 3293 3950 in
3329 3909 3522 3950 vanum

1943 4001 2213 4056 laboraui.
2260 3997 2386 4055 Haec
2422 4011 2543 4053 mea
2598 3996 2850 4069 gloriatio
2886 4003 2992 4067 est,
3047 3993 3189 4064 quod
3242 3991 3377 4047 tales
3427 4003 3521 4043 vos

1943 4091 2171 4162 institui,
2203 4107 2303 4148 nec
2344 4090 2522 4147 inanis
2555 4088 2687 4145 mihi
2718 4089 2875 4146 labor
2895 4087 3036 4158 apud
3067 4100 3162 4142 vos
3195 4083 3377 4140 fuerit.

2015 4271 2178 4326 Vens.
2259 4271 2350 4326 17.
2407 4268 2512 4325 Sed
2585 4267 2682 4323 etsi
2737 4264 2988 4321 immolor
3027 4276 3186 4331 super
3238 4257 3411 4312 hostia
3471 4264 3522 4310 et

258 4340 510 4433 τουργίᾳ
535 4341 645 4410 τῆς
671 4346 932 4414 πίστεως
954 4350 1146 4420 ὐμῶν,
1185 4355 1370 4424 χαίρω
1394 4357 1494 4412 καὶ
1522 4361 1830 4430 συγχαίρω

1954 4364 2205 4433 Iacriﬁ‘cio
2233 4362 2358 4431 ﬁdei
2388 4371 2595 4423 vestra,
2641 4356 2866 4429 gaudeo,
2892 4366 2940 4410 et
2966 4351 3308 4423 congratulor
3347 4350 3522 4403 omni-

257 4431 451 4526 :scia'tsc
505 4435 666 4504 ὑμῖν,
701 4439 764 4492 El
804 4441 897 4494 καὶ
941 4444 1204 4512 τελευτῶ,
1277 4449 1442 4519 φησί·
1501 4450 1660 4506 τοῦτο
1725 4453 1832 4526 γὰρ

1954 4458 2036 4512 ius
2066 4431 2225 4512 nobis.
2273 4454 2386 4509 Etsi
2440 4452 2666 4518 morior,
2698 4448 2873 4518 inquit
2906 4445 3048 4501 :huc
3081 4445 3224 4500 enim
3275 4439 3521 4496 immola-

262 4523 498 4621 σπονδὴν
528 4528 704 4621 καλεῖ,
733 4531 832 4602 τὴν
870 4533 1150 4606 τελευτήν.
1179 4539 1520 4610 Σπένδομαι
1548 4542 1608 4597 δέ
1631 4542 1732 4597 ἐπὶ
1758 4523 1832 4613 τῇ

1954 4550 2146 4605 tionem
2197 4555 2372 4610 vocat,
2406 4552 2633 4599 mortem
2711 4540 2969 4597 nimirum
3014 4537 3207 4605 ipsam.
3262 4531 3520 4587 lmmolor

258 4615 442 4707 ᾂυσίᾳ
470 4617 569 4671 καὶ
600 4622 941 4694 λειτουργίᾳ
989 4628 1101 4697 τῆς
1129 4632 1388 4700 πίστεως
1429 4635 1597 4705 ὑμῶν
1617 4651 1634 4667 ⁸
1675 4654 1832 4692 τουτ-

1954 4648 2120 4696 autem
2170 4656 2326 4707 super
2372 4637 2583 4693 victima
2612 4643 2660 4688 et
2700 4631 2962 4701 sacriﬁcio
3001 4629 3126 4699 ﬁdei
3149 4633 3336 4682 vestrm
3371 4639 3391 4680 :
3420 4626 3521 4680 hoc

258 4705 396 4800 ἐστι,
440 4709 723 4800 ΔΠρότερον
789 4714 935 4786 ὑμᾶς
986 4719 1154 4784 Θύσας
1177 4721 1247 4787 ⁸⁵,
1321 4726 1419 4780 καὶ
1493 4725 1832 4800 λειτουργίαν

1954 4739 2045 4792 ast,
2087 4728 2187 4784 Ubi
2223 4705 2370 4796 prius
2397 4741 2491 4780 vos
2530 4724 2803 4780 victimam
2844 4730 2898 4776 et
2924 4733 3140 4775 sacrum
3173 4716 3286 4772 Deo
3311 4713 3521 4769 obtule.

261 4795 459 4892 [δμᾷς]
500 4805 902 4875 προσενεγκὼν,
951 4811 1046 4864 κα)⁸
1085 4815 1307 4879 πιστοὺς
1359 4815 1595 4889 ποιήσας
1624 4836 1639 4853 ο
1677 4795 1832 4892 ’ὅμως

1954 4837 2027 4888 ro,
2056 4795 2238 4877 ﬁdeles
2266 4834 2359 4875 vos
2404 4817 2650 4872 faciens:
2678 4819 2914 4868 mtamen
2945 4824 3057 4865 non
3101 4817 3358 4876 tanquam
3403 4819 3520 4858 mo-

257 4889 355 4958 οὐχ
372 4889 446 4953 ὡς
463 4893 490 4943 ό
517 4894 956 4968 ἀποθανούμενος
985 4899 1284 4972 λυποῠμαι,
1311 4905 1446 4960 ἀλλὰ
1490 4926 1508 4959 ι
1537 4909 1632 4963 καὶ
1660 4889 1840 4983 χαίρω

258 4983 356 5034 καὶ
394 4987 675 5058 συγχαίρω
711 4991 877 5045 πᾶσιν
923 4991 1073 5063 ὑμῖν.
1110 5013 1129 5046 ι
1177 4997 1367 5069 Χαίρω
1419 5001 1518 5070 μὲν
1576 4998 1691 5069 οὖν,
1753 5005 1836 5059 ὅτι

259 5076 462 5169 σπονδὴ
499 5080 721 5152 γίνομαι
754 5100 768 5116 ·
801 5086 1084 5158 συγχαίρω
1108 5088 1186 5153 δέ,
1219 5091 1312 5144 ὅτι
1338 5092 1439 5163 τὴν
1468 5093 1654 5150 πίστιν
1681 5099 1836 5169 ὑμῶν

259 5160 334 5224 ὡς
365 5165 555 5222 Θυσίαν
589 5174 854 5240 προσάγω
881 5176 959 5246 τῷ
989 5178 1233 5248 Χριστῷ.

339 5255 408 5307 Τὸ
436 5254 490 5308 δ’
519 5261 664 5314 αὑτό
709 5265 807 5318 καὶ
841 5267 1009 5336 ὑμεῖς
1030 5269 1287 5338 χαίρετε.
1315 5271 1430 5327 Ὅτι
1467 5275 1515 5308 ⁸⁸
1551 5278 1644 5330 καὶ
1679 5280 1836 5334 αὐτοὶ⁵

263 5350 696 5421 προηνέχθητε.

336 5440 449 5536 Kal
490 5450 849 5519 συγχαίρετέ
885 5475 1008 5526 μοι.
1052 5460 1179 5515 Ὅτι
1237 5461 1560 5518 σπένδεσθαι
1625 5465 1836 5536 μέλλων

261 5534 442 5605 χαίρω
467 5537 556 5590 ἐπ’
585 5542 733 5616 αὐτῷ
759 5547 827 5601 θ’,

1943 4913 2150 4967 riturus
2182 4908 2399 4964 tristitia
2435 4905 2661 4973 aﬂicior,
2697 4918 2886 4959 verum
2913 4901 3067 4957 laetor
3103 4909 3160 4955 et
3205 4894 3521 4966 congaudeo

1944 5002 2198 5059 omnibus
2231 5002 2403 5057 vobis.
2442 5001 2623 5056 Laetor
2651 4997 2867 5070 quidem
2897 4994 3039 5065 quod
3067 4991 3301 5047 libamen
3345 4987 3468 5040 llam
3503 5005 3519 5041 :

1944 5093 2184 5149 collaetor
2221 5102 2425 5161 autem,
2456 5091 2713 5161 quoniam
2750 5087 2912 5144 ﬁdem
2947 5091 3179 5140 vestram
3208 5078 3371 5136 veluti
3397 5077 3524 5134 hos-

1944 5184 2070 5238 tiam
2104 5181 2273 5239 oll‘ero
2302 5182 2540 5240 Christo.

2015 5279 2178 5335 Vens.
2215 5276 2302 5331 1-8.
2335 5275 2402 5329 Id
2434 5279 2604 5344 ipsum
2651 5285 2826 5330 autem
2873 5280 2922 5327 et
2961 5286 3047 5327 vos
3087 5266 3330 5340 gaudete.
3366 5261 3520 5329 Quod

1943 5383 1997 5428 et
2027 5373 2127 5443 ipsi
2156 5370 2318 5426 oblati
2360 5369 2499 5425 sitis.

2019 5463 2085 5516 Et
2123 5458 2444 5530 congaudete
2467 5457 2618 5512 mihi.
2663 5456 2932 5524 Quoniam
2984 5469 3084 5525 ego
3129 5444 3522 5509 immolandus,

1945 5559 2014 5612 oh
2055 5558 2106 5611 id
2141 5555 2314 5623 ipsum
2347 5553 2517 5609 lictor.

1613 5699 1824 5765 Variae
1852 5699 2181 5762 lectiones.

324 5805 370 5840 "
421 5808 707 5881 ἐπέχοντες
739 5829 790 5871 o.
869 5817 914 5850 ⁸³
945 5819 1118 5888 θλίψει
1155 5837 1205 5876 ο.
1285 5822 1328 5856 ⁸⁵
1371 5841 1460 5893 μοι
1484 5841 1534 5882 o.
1604 5827 1648 5860 ⁸⁸
1690 5825 1900 5881 Θυσίαν.
1966 5839 2016 5880 o.

2097 5826 2137 5855 3"
2177 5822 2256 5876 ἔτι
2291 5838 2342 5879 ο,
2421 5823 2462 5854 ³⁷
2498 5819 2720 5891 ἐμαυτῷ
2752 5836 2810 5874 0‘.
