3932 6582
514 359 643 426 1171

584 471 744 527 Vens.
780 473 866 530 19.
896 473 1057 544 Spero
1099 485 1273 530 autem
1298 495 1351 532 ιη
1421 479 1642 535 Domino
1693 483 1839 549 Jesu,
1908 485 2077 539 Timo-
2104 483 2158 543 Α

515 567 687 618 ιΙιειιηι
723 582 804 620 me
847 567 949 621 cita
1003 569 1287 623 missurum
1341 573 1409 624 ad
1439 589 1544 639 vos,
1592 586 1646 630 ut
1699 585 1747 630 et
1795 594 1887 648 ego
1946 577 2078 631 bona

513 657 689 710 animo
712 659 832 721 sim,
860 660 1080 730 cognitis
1108 679 1224 731 qum
1254 664 1392 717 circa
1424 681 1509 719 vos
1537 676 1679 720 sunt.
1712 666 2076 733 Quemadmo-

515 751 638 803 dum
662 749 863 815 omnia,
894 751 972 806 sic
994 753 1156 806 etiam
1187 752 1454 811 Timothei
1507 758 1822 816 missionem
1867 761 2079 816 Christo

517 839 724 894 tribuit.
761 839 987 896 Conlido
1022 844 1188 910 enim,
1228 846 1425 915 inquit,
1455 849 1598 917 quod
1633 850 1723 906 ille
1773 852 1930 907 facile
1979 853 2080 908 hoc

513 939 887 1002 persequetur,
945 943 1013 990 ut.
1083 937 1535 1003 quemadmodum
1585 956 1683 998 vos
1734 944 2074 1009 recreamini,

511 1026 740 1096 cognitis
773 1043 868 1098 per
902 1029 1040 1084 hanc
1079 1030 1375 1098 Epistolam
1435 1047 1610 1086 meam
1670 1034 1833 1089 rebus
1918 1035 2075 1102 meis,

510 1117 652 1184 quod
705 1117 981 1190 Evangelii
1035 1121 1311 1190 negotium
1367 1133 1766 1190 promoventur,
1829 1126 2080 1194 quodque

511 1221 598 1263 res
641 1209 876 1265 hostium
909 1211 963 1265 in
994 1211 1264 1267 diversum
1295 1213 1402 1268 sint
1449 1223 1663 1268 mutatae
1695 1232 1708 1269 :
1742 1214 1902 1287 M3
1939 1218 2080 1274 hunc

509 1300 574 1354 ad
596 1301 812 1356 modum
843 1314 897 1358 et
919 1317 1018 1372 ego
1038 1319 1252 1359 recreer
1273 1314 1325 1360 et
1345 1305 1770 1362 consolationem
1791 1308 2074 1377 accipiam,

509 1393 597 1447 ubi
625 1410 712 1450 res
736 1405 944 1451 vestras
977 1412 1002 1451 a
1038 1395 1322 1453 Timotheo
1364 1399 1493 1454 tnihi
1518 1409 1707 1455 exacte
1745 1402 2078 1458 nuntiandas

508 1499 794 1553 agnovero.

578 1577 741 1636 Vens.
772 1579 862 1636 20.
897 1578 1170 1636 Neminem
1215 1583 1351 1637 enim
1395 1583 1559 1636 habeo
1603 1593 1709 1637 tam
1756 1585 2077 1650 unanimem,

504 1672 594 1738 qui
621 1673 823 1728 sincera
853 1674 1127 1744 affectione
1155 1691 1249 1744 pro
1286 1675 1425 1730 vobis
1453 1677 1714 1732 sollicitus
1741 1679 1828 1733 sit.
1865 1678 2076 1734 Potuis-

507 1779 642 1829 sem,
696 1765 890 1836 inquit,
925 1766 1089 1822 alium
1127 1767 1289 1823 etiam
1341 1771 1644 1840 quempiam
1696 1772 1930 1837 mittere,
1983 1772 2075 1827 sed

510 1871 666 1912 nemo
697 1867 780 1914 est
807 1859 923 1928 pari
953 1874 1166 1915 mecum
1199 1862 1381 1917 animo
1430 1864 1706 1932 praeditus,
1737 1872 1795 1919 ut
1822 1863 1945 1930 iste,
1975 1864 2078 1920 hoc

506 1956 612 2014 est,
664 1951 754 2017 qui
782 1963 934 2019 aeque
971 1951 1135 2007 vestri
1176 1966 1361 2007 curam
1409 1961 1560 2024 gerat
1601 1963 1760 2022 atque
1818 1968 1938 2022 ego,
1985 1955 2076 2024 qui

502 2039 753 2106 genuine,
784 2039 886 2096 hoc
919 2052 1021 2108 est,
1055 2052 1275 2113 paterne
1309 2059 1396 2099 res
1426 2055 1634 2101 vestras
1669 2055 1954 2101 curaturus
1984 2047 2074 2102 sit.

506 2126 745 2184 Observa
780 2132 869 2186 hic
910 2133 1329 2190 sollicitudinem
1371 2135 1488 2205 ejus
1522 2154 1536 2191 :
1570 2137 1786 2205 quando
1826 2137 1924 2206 ipsi
1955 2152 2080 2207 pro-

2106 1815 2153 1875 Β

505 2215 672 2272 ficisci
713 2233 819 2273 non
863 2229 1011 2275 esset
1051 2221 1338 2293 integrum,
1375 2224 1509 2280 alios
1541 2226 1813 2294 mittebat,
1843 2237 1900 2282 ut
1933 2227 2078 2286 nullo

504 2316 745 2379 tempore
773 2311 1022 2383 discipuli
1073 2324 1344 2385 torpeant.

570 2398 738 2458 Vens.
765 2402 859 2458 21.
925 2408 1113 2460 Omnes
1163 2409 1299 2462 enim
1343 2426 1457 2479 quae
1503 2427 1600 2466 sua
1645 2423 1764 2467 sunt
1809 2423 2074 2483 quaerunt,

499 2508 600 2546 non
629 2509 747 2564 quae
779 2504 899 2550 sunt
931 2495 1060 2552 Jesu
1087 2497 1309 2555 Christi.
1346 2499 1453 2556 lloc
1482 2511 1588 2567 est,
1617 2507 1891 2574 propriam
1922 2506 2078 2574 quie-

500 2593 630 2649 tem,
661 2594 714 2640 et
765 2595 825 2642 ut
874 2587 982 2644 sint
1014 2590 1084 2657 ;in
1131 2597 1249 2646 tuto
1283 2608 1297 2646 :
1329 2606 1488 2648 nemo
1541 2597 1684 2650 enim
1741 2595 1901 2653 facile
1949 2598 2076 2654 velit

499 2676 884 2744 profectionem
931 2689 1136 2735 tantam
1183 2685 1476 2754 suscipere.
1529 2686 1654 2742 Haec
1706 2698 1884 2744 autem
1921 2691 2071 2756 dicit,

497 2769 662 2824 simul
693 2771 1036 2827 Timotheum
1087 2777 1494 2846 commendans,
1531 2779 1688 2834 simul
1715 2789 1768 2835 et
1801 2782 2077 2839 auditores

495 2859 772 2926 erudiens,
808 2877 878 2917 ne
901 2875 1146 2931 quaerant
1173 2866 1275 2921 sibi
1311 2867 1544 2936 quietem
1585 2887 1599 2923 :
1639 2886 1761 2924 nam
1794 2872 1886 2940 qui
1935 2873 2076 2929 hanc

495 2953 742 3024 [nquiriu
771 2970 892 3024 quae
920 2957 1119 3012 Christi
1149 2968 1274 3013 sunt
1303 2975 1408 3016 non
1442 2961 1658 3029 quaerit.
1703 2963 1842 3018 Proh
1877 2963 2029 3019 dolor
2059 2966 2072 3019 1

506 3055 710 3114 quanto
742 3062 772 3100 a
826 3045 1042 3104 Christo
1096 3050 1360 3107 distamus
1398 3052 1680 3111 intervallo
1715 3057 1728 3110 !

572 3136 734 3194 Vens.
785 3139 877 3194 22.
930 3141 1305 3200 Probationem
1365 3156 1540 3200 autem
1591 3148 1707 3214 eius
1749 3153 2063 3220 cognoscite,
2094 3149 2138 3210 C

495 3230 618 3295 quia
655 3241 904 3301 tanquam
951 3235 1093 3301 patri
1125 3234 1294 3304 ﬁlius,
1330 3252 1526 3291 mecum
1559 3239 1766 3294 servivit
1797 3242 1850 3296 in
1891 3242 2067 3300 Evan-

493 3316 653 3387 gelia.
717 3321 845 3388 Vos,
885 3321 1081 3390 inquit,
1142 3333 1307 3380 testes
1352 3327 1505 3390 estis,
1533 3329 1676 3398 quod
1717 3330 1880 3387 veluti
1928 3334 2065 3403 patri

496 3409 642 3464 tilias
727 3411 1054 3481 inservierit,
1119 3431 1224 3470 non
1277 3417 1343 3472 ad
1391 3419 1632 3485 corporis
1697 3425 2066 3480 tantummodo

495 3501 882 3571 ministerium,
921 3507 1037 3573 sed,
1070 3508 1210 3577 quod
1245 3510 1413 3566 multo
1454 3510 1763 3581 praeclarius
1787 3514 2066 3586 majusque

493 3603 600 3658 est,
635 3596 702 3650 ad
732 3594 1009 3667 Evangelii
1060 3599 1518 3668 praedicationem.
1573 3604 1758 3675 Itaque
1801 3609 1915 3664 sive
1948 3618 2066 3663 tan-

495 3699 656 3754 quam
709 3685 849 3742 filius
888 3703 1041 3744 meus
1073 3689 1274 3747 honore
1315 3703 1399 3748 est
1442 3695 1769 3764 dignandus,
1799 3699 1911 3754 sive
1945 3707 2064 3756 tan-

495 3789 653 3842 quam
701 3774 794 3830 Dei
843 3778 1109 3846 minister,
1141 3781 1313 3837 multo
1357 3785 1528 3855 magis
1583 3794 1665 3842 est
1696 3787 1900 3843 honore
1944 3787 2061 3843 alii-

495 3865 741 3922 ciendus.
776 3867 1134 3926 Commendat
1177 3883 1356 3930 autem
1418 3893 1516 3948 per
1556 3879 1670 3934 haec
1719 3881 1851 3951 ipsis
1880 3882 2062 3940 Timo-

495 3957 704 4026 theum,
737 3975 844 4016 non
891 3970 1096 4018 tantum
1127 3964 1200 4020 illi
1233 3969 1587 4036 gratificatus,
1617 3985 1874 4044 quantum
1905 3977 2058 4048 ipsis.

495 4048 627 4103 Nam
675 4051 720 4105 si
769 4052 872 4122 ipsi
932 4062 1187 4123 tanquam
1241 4061 1616 4116 auctoritatem
1661 4065 1882 4120 babenti
1940 4067 2060 4124 ani-

493 4155 641 4196 mum
678 4142 1034 4212 adverterint,
1080 4147 1303 4201 omnino
1346 4163 1441 4217 per
1491 4153 1714 4208 verbum
1749 4155 1868 4225 ejus
1909 4158 2061 4228 juva-

492 4233 716 4298 buntur,
757 4248 823 4290 ac
866 4234 1127 4304 majorem
1169 4237 1400 4294 habituri
1447 4251 1573 4296 sunt
1624 4247 1950 4304 mercedem.

562 4324 727 4380 Vens.
761 4325 850 4382 23.
884 4325 1041 4381 Hunc
1078 4315 1242 4399 igitur
1268 4346 1416 4399 spero
1460 4349 1542 4388 me
1586 4335 1891 4407 missurum,
1934 4357 2057 4398 mox

491 4427 546 4471 ut
580 4417 758 4470 videro
798 4433 916 4487 quae
964 4418 1107 4472 circa
1151 4435 1235 4474 me
1273 4429 1415 4477 sunt.
1447 4422 1580 4478 Cum
1617 4425 1800 4483 videro
1843 4430 2054 4500 qualem

490 4508 600 4562 sint
620 4507 882 4564 habiturae
907 4509 1066 4565 linem
1088 4525 1175 4567 res
1197 4526 1349 4580 meae,
1374 4509 1631 4588 ὲεαὺτῆς,
1657 4519 1710 4576 id
1727 4531 1831 4590 est,
1854 4525 2060 4594 statim,
2093 4501 2140 4560 θ

490 4599 698 4656 mittam
739 4601 906 4655 hunc.

565 4689 730 4746 Vens.
758 4691 849 4746 24.
886 4692 1106 4762 Conﬁdo
1134 4706 1308 4750 autem
1338 4699 1393 4752 in
1431 4699 1670 4769 Domino,
1705 4706 1843 4776 quod
1875 4719 1922 4764 et
1953 4711 2064 4781 ipse

487 4784 590 4839 cito
619 4784 820 4838 ueniam
851 4783 919 4837 ad
951 4801 1060 4840 vos.
1083 4786 1202 4842 Non
1231 4798 1485 4860 tanquam
1513 4797 1736 4853 omnino
1762 4803 2058 4858 recusarim

488 4877 674 4933 venire
711 4879 826 4946 ipse
854 4877 921 4931 ad
957 4892 1074 4941 vos,
1109 4878 1450 4938 Timotheum
1496 4886 1648 4942 mitto
1680 4906 1694 4941 :
1733 4905 1916 4945 verum
1961 4903 2042 4960 ut,

488 4967 631 5035 quod
652 4967 786 5033 dixi,
821 4967 1026 5024 interea
1066 4971 1324 5040 temporis
1356 4975 1538 5028 animo
1571 4991 1808 5044 recreer,
1840 4979 1884 5034 si
1910 4980 2050 5036 didi-

487 5073 614 5116 εει-ο
653 5059 867 5129 qua-lem
922 5074 1236 5116 successum
1289 5077 1376 5119 res
1411 5074 1601 5122 vestra:
1648 5070 2049 5127 nanciscantur.

487 5147 722 5205 Observa
757 5157 936 5205 autem
981 5150 1086 5216 hic,
1140 5155 1408 5224 quomodo
1455 5170 1608 5212 suam
1647 5161 1810 5214 etiam
1855 5163 1921 5217 ad
1961 5179 2054 5220 eos

487 5241 874 5311 profectionem
933 5259 962 5298 a
1027 5245 1136 5300 Deo
1200 5248 1432 5316 pendere
1512 5247 1756 5318 aﬂirmet,
1812 5253 2054 5324 Conﬁdo,

486 5334 692 5401 dicens,
723 5335 777 5389 in
808 5335 1054 5416 pomino,
1086 5338 1186 5393 hoc
1209 5348 1312 5407 est,
1343 5338 1388 5394 si
1425 5339 1564 5396 Deus
1600 5343 1848 5400 voluerit.

554 5425 717 5483 Vens.
761 5428 854 5484 25.
881 5428 1282 5484 'Necessariunt
1331 5443 1507 5486 autem
1553 5435 1870 5504 existimavi,
1913 5440 2056 5509 Epa-

482 5518 784 5588 phroditum
817 5521 1032 5576 fratrem
1070 5532 1117 5576 et
1151 5534 1534 5592 coeperatorem
1563 5537 1612 5582 et
1647 5531 2052 5588 commilitonem

1393 369 1967 432 TIIEOPIIYIAC’I‘I
2007 370 2420 436 ΒυιϐΛΒΙίΕ
2453 380 2803 442 ARCHIEP.

3571 385 3693 448 1172

2252 488 2499 551 Ἐλπίζω
2526 492 2594 544 δὲ
2616 494 2685 546 ἐν
2714 491 2919 562 Κυρίφ“
2937 493 3162 563 Ἰησοῦ,
3197 497 3470 560 Τιμόθεον
3515 501 3710 570 ταχέως

2184 580 2414 650 πέμψαι
2437 584 2599 651 ὑμῖν,
2629 585 2730 639 ἵνα
2759 586 2921 656 κάγὼ
2969 589 3238 657 εὐψυχῶ,
3293 589 3472 656 γνοὺς
3497 591 3564 644 τὰ
3599 595 3711 661 περὶ

2183 672 2370 744 ὑμῶν.
2406 675 2618 745 ’Ὠσπερ
2647 676 2847 742 πάντα,
2870 677 3014 732 οὕτω
3049 679 3141 732 καὶ
3169 679 3270 749 τὴν
3303 679 3561 748 Τιμοθέου
3587 683 3706 736 ἀπο-

2186 768 2379 840 στολὴν
2411 768 2487 839 τῷ
2516 769 2737 840 Χριστῷ
2779 772 3066 841 ἀνατίθησι
3087 771 3152 826 ⁸⁸.
3201 773 3443 826 Πέποιθα
3478 774 3594 842 γὰρ,
3621 793 3711 846 φη-

2185 859 2292 925 σὶν,
2329 861 2411 913 δτι
2439 861 2645 923 ἐκεῖνος
2673 859 3026 932 ὲξευμαρὶσει
3058 861 3238 924 τοῦτο,
3275 862 3360 915 ἵνα
3387 862 3562 931 ὥσπερ
3582 865 3716 934 ὑμεῖς

2183 955 2491 1024 εὐψυχεῖτε,
2519 955 2782 1025 μαθόντες
2801 957 2888 1010 διὰ
2911 958 3009 1028 τῆς
3049 957 3374 1025 Ἐπιστολῆς
3413 975 3509 1025 μου
3540 961 3711 1031 ταύτης

2183 1046 2253 1100 τὰ
2291 1047 2413 1100 κατ’
2448 1048 2571 1117 ἐμὲ,
2610 1049 2690 1101 ὅτι
2718 1050 2802 1112 εἰς
2829 1048 3111 1120 προκοπὴν
3145 1045 3278 1120 ἦλθε
3311 1049 3372 1102 τὸ
3391 1049 3706 1117 Εὑαγγὲλιον,

2184 1138 2278 1190 καὶ
2318 1139 2401 1192 ὅτι
2434 1139 2501 1192 τὰ
2555 1139 2664 1190 τῶν
2719 1139 2931 1210 ὲχορῶν
2978 1140 3060 1203 εις
3103 1139 3414 1192 τούναντίον
3460 1143 3707 1213 περιετρά-

2183 1247 2366 1300 πησαν
2394 1249 2405 1264 ο
2460 1231 2602 1285 οὕτω
2665 1231 2822 1300 κάγὼ
2883 1231 3103 1303 εὐψυχῶ
3153 1233 3248 1285 καὶ
3304 1233 3708 1304 παραμυθοῦμαι,

2183 1323 2341 1390 γνοὺς
2373 1323 2438 1377 τὰ
2467 1322 2589 1376 καθ’
2618 1324 2762 1393 ὑμᾶς
2794 1323 2943 1394 παρὰ
2967 1323 3060 1377 τοῦ
3087 1323 3358 1394 Τιμοθέου
3391 1325 3612 1394 ἀκριϐῶς
3639 1344 3709 1397 μοι

2182 1414 2738 1486 ἅπαγγελθησόμενα.

2255 1602 2483 1656 Οὐδένα
2517 1602 2624 1672 γὰρ
2654 1601 2772 1671 ἔχω
2815 1603 3140 1670 ἰσόψυχον,
3181 1601 3353 1666 ὅστις
3383 1600 3618 1668 γνησίως
3657 1599 3711 1651 τὰ

2181 1695 2312 1763 περὶ
2337 1693 2502 1763 ὑμῶν
2525 1693 2900 1763 μεριμνήσει.
2936 1692 3270 1762 Ἦδυνάμην,
3295 1691 3448 1760 φησι,
3470 1690 3556 1743 καὶ
3581 1689 3709 1744 ἄλλον

2183 1785 2416 1854 πέμψαι,
2451 1783 2567 1840 ἀλλ’
2615 1783 2791 1847 οὐδεὶς
2827 1781 2999 1846 οὕτως
3051 1781 3306 1852 ἰσόψυχός
3338 1797 3427 1851 μοι
3452 1780 3522 1843 ὠς
3551 1772 3709 1842 obrog-

2179 1878 2452 1941 τουτέστι,
2495 1876 2790 1948 κηδόμενος
2855 1875 2964 1929 τῶν
3019 1875 3306 1945 ὑμετέρων
3351 1875 3537 1944 ὁμοίως
3581 1872 3705 1942 ἐμοὶ,

2178 1971 2326 2036 ὅστις
2357 1971 2616 2040 γνησίως,
2648 1969 2916 2032 τουτέστι,
2937 1968 3220 2040 πατρικῶς
3243 1967 3312 2020 τὰ
3337 1966 3462 2036 περὶ
3489 1966 3624 2035 ὑμῶν
3638 1983 3714 2034 με-

2181 2065 2455 2132 ριμνήσει.
2491 2061 2635 2133 Ὅρα
2663 2059 2717 2114 δὲ
2750 2060 3075 2130 κηδεμονίαν
3098 2076 3112 2091 ·
3144 2059 3238 2112 ὅτε
3273 2058 3347 2129 μὴ
3377 2057 3528 2120 αὐτὸς
3555 2057 3711 2126 ἐπιδη-

2182 2157 2301 2224 μεῖν
2329 2153 2606 2225 ηὐκαίρει,
2649 2154 2841 2217 ἄλλους
2887 2151 3150 2223 επεμψεν,
3182 2151 3273 2234 ἵνα
3325 2151 3519 2223 μηδένα
3554 2151 3709 2221 καιρὸν

2181 2245 2498 2318 ρᾳθυμῶσιν
2522 2249 2571 2300 οξ
2614 2247 3061 2319 μαθητευόμενοι.

2254 2425 2318 2476 02
2350 2423 2571 2488 πάντες
2603 2421 2712 2492 γὰρ
2740 2423 2811 2476 τὰ
2838 2419 3068 2476 ἑαυτῶν
3093 2418 3398 2488 ζητοῦσιν,
3433 2418 3502 2470 οὑ
3523 2415 3586 2470 τὰ
3605 2417 3708 2486 Xpt-

2177 2516 2331 2570 στοῦ
2359 2516 2585 2583 Ἰησοῦ.
2607 2515 2886 2579 Τουτέστι,
2905 2513 3002 2585 τὴν
3019 2514 3228 2566 οεκείαν
3246 2507 3708 2573 minutissimum-:6

2180 2615 2239 2667 ὲν
2261 2611 2531 2682 ἀσφαλείᾳ
2562 2606 2719 2665 εἶναι·
2749 2610 2921 2673 οὐδεὶς
2944 2610 3053 2680 γὰρ
3084 2608 3326 2670 εὐκόλως
3344 2606 3515 2659 ἕλοιτο
3537 2605 3708 2657 ὁδοιπο-

2183 2705 2305 2775 ρ1αν
2352 2703 2618 2774 τοσαύτην
2640 2704 2685 2736 ”
2707 2702 3092 2769 ἀναδέξασθαι.
3125 2700 3318 2754 Ταῦτα
3349 2699 3407 2752 δὲ
3451 2697 3606 2765 λέγει,
3633 2693 3707 2747 καὶ

2179 2799 2442 2870 Τιμόθεον
2500 2798 2598 2868 μὲν
2647 2795 3032 2866 ἐγκωμιάζων,
3073 2793 3352 2848 παιδεύων
3383 2793 3441 2846 δὲ
3478 2790 3566 2844 καὶ
3606 2789 3706 2849 τοὺς

2178 2889 2474 2953 ἀκούοντας
2508 2888 2581 2959 μὴ
2612 2890 2793 2958 ζητεῖν
2822 2887 3026 2942 ἄνεσιν.
3063 2887 3121 2939 '0
3154 2887 3269 2956 γὰρ
3300 2885 3500 2955 ταύτην
3542 2879 3704 2949 ζητῶν,

2177 2985 2239 3036 οὐ
2287 2983 2352 3036 τὰ
2385 2983 2478 3036 τοῦ
2526 2981 2762 3054 Χριστοῦ
2803 2981 2976 3050 ζητεῖ.
3017 2977 3211 3043 Βαϐαὶ,
3241 2977 3414 3030 πόσον
3463 2974 3707 3041 ἀπέχομεν

2181 3073 2414 3145 Χριστοῦ
2436 3074 2448 3127 !

2248 3166 2368 3235 Τὴν
2395 3164 2464 3218 δὲ
2487 3163 2743 3234 δοκιμὴν
2783 3162 2969 3218 αὐτοῦ
2993 3174 3340 3231 τινωσκετε,
3368 3157 3453 3210 ὅτι
3476 3157 3548 3222 ὡς
3561 3152 3705 3220 πατρὶ

2175 3259 2407 3324 τέκνον,
2453 3257 2576 3313 σὺν
2601 3257 2729 3328 ἐμοὶ
2758 3256 3128 3310 ἐδούλευσεν
3144 3254 3230 3319 εις
3257 3253 3332 3305 τὸ
3358 3248 3703 3318 anm-eam.

2185 3352 2393 3420 Ὑμεῖς,
2438 3349 2591 3422 φησὶ,
2625 3349 2900 3420 μάρτυρες
2933 3348 3015 3400 ὅτι
3047 3347 3123 3410 ὡς
3160 3345 3338 3415 πατρὶ
3365 3343 3543 3397 τέκνον
3585 3337 3704 3392 ἐδού-

2172 3443 2384 3505 λευσεν,
2431 3441 2532 3494 οὐκ
2579 3442 2660 3504 εἰς
2709 3438 3028 3510 σωματικὴν
3083 3438 3244 3508 μόνον
3275 3434 3587 3505 ὑπουργίαν,
3609 3427 3700 3483 ἀλλ’

2170 3535 2200 3588 ὃ
2227 3532 2408 3604 πολλῷ
2439 3534 2641 3604 μεῖζον,
2665 3533 2746 3596 εἰς
2770 3531 2830 3585 τὺ
2859 3532 3143 3602 κήρυγμα.
3164 3529 3354 3592 Ὥστε,
3385 3527 3492 3580 εἴτε
3515 3524 3580 3587 ὡς
3612 3521 3703 3582 υἱὸς

2169 3625 2323 3696 ἐμὸς.
2373 3626 2540 3695 τιμῆς
2593 3624 2886 3690 ἁξιωτέοςο
2934 3625 3045 3676 εἴτε
3094 3621 3170 3683 ὡς
3215 3620 3358 3674 Θεοῦ
3408 3614 3699 3686 λειτουργὸς,

2171 3715 2349 3786 πολλῷ
2399 3715 2620 3786 μᾶλλον.
2671 3716 2902 3786 Συνιστᾷ
2949 3714 3006 3767 δὲ
3047 3713 3133 3767 διὰ
3178 3711 3390 3765 τούτων
3429 3709 3598 3770 αὐτοῖς
3629 3706 3700 3757 τὸν

2171 3809 2458 3880 Τιμόθεον,
2483 3809 2544 3862 οὐ
2569 3809 2823 3862 τοσοῦτον
2853 3807 3045 3878 ἐκεινῳ
3072 3805 3457 3877 χαριζόμενος,
3482 3804 3594 3856 ὅσον
3619 3798 3696 3852 αὖ·

2167 3906 2300 3967 τοῖς.
2321 3902 2384 3955 Ei.
2413 3901 2524 3972 γὰρ
2561 3900 2637 3963 ὡς
2678 3899 2944 3970 ἀξιολόγῳ
2975 3898 3022 3931 ⁹⁰
3047 3897 3194 3962 αὐτῷ
3234 3896 3600 3967 προσέξουσιν,
3617 3890 3696 3942 wi-

2167 3996 2249 4048 τοι
2275 3994 2490 4057 πάντως
2521 3992 2612 4046 διὰ
2647 3990 2741 4046 τοῦ
2769 3991 2928 4060 λόγου
2958 3989 3123 4045 αὑτοῦ
3152 3987 3603 4058 ὠφεληθήσονται,
3621 3977 3695 4033 καὶ

2167 4087 2337 4142 πλείω
2371 4082 2558 4158 μισθὸν
2585 4085 2786 4154 ἕξουσι.

2241 4353 2462 4409 Τοῦτον
2467 4353 2583 4424 μὲν
2605 4349 2720 4408 οὖν
2742 4348 2960 4410 ἐλπίζω
2971 4347 3224 4418 πέμψαι,
3247 4345 3330 4412 ὡς
3358 4346 3435 4400 ἂν
3453 4340 3624 4398 ἀπίδω
3637 4336 3694 4391 τὰ

2165 4447 2300 4517 περὶ
2349 4445 2474 4516 ἐμὲ,
2515 4447 2585 4510 ἐξ
2614 4443 2824 4512 αὐτῆς.
2850 4443 3038 4510 Ὅταν,
3074 4439 3191 4507 ῐδω,
3222 4441 3375 4493 ποῖον
3418 4435 3523 4500 ἔξει
3571 4431 3694 4492 τέλος

2163 4540 2232 4593 τὰ
2274 4540 2396 4594 κατ’
2429 4538 2552 4610 ἐμὲ,
2586 4536 2654 4604 ἐξ
2703 4535 2914 4605 αὐτῆς,
2966 4534 3264 4600 τουτέστιν,
3303 4530 3501 4592 εὐθέως
3525 4524 3692 4595 πέμψω

2161 4629 2369 4686 τοῦτον.

2232 4722 2492 4777 Πέποιθα
2539 4720 2608 4774 δὲ
2629 4721 2700 4775 ἐν
2751 4721 2967 4789 Κυρίῳ,
3009 4720 3100 4774 ὅτι
3158 4717 3458 4783 καὶαύτὸς
3503 4714 3690 4786 ταχέως

2158 4816 2482 4884 ἐλεύσομαι
2505 4814 2654 4882 πρὸς
2675 4811 2851 4882 ὑμᾶς.
2874 4812 2989 4883 Οὐχ
3022 4812 3096 4875 ὡς
3145 4811 3514 4880 ἀπειπάμενος
3544 4808 3689 4872 πάντη

2155 4907 2255 4977 τὴν
2286 4905 2421 4978 πρὸς
2455 4907 2600 4976 ὑμᾶς
2636 4904 2842 4975 ἄφιξιν,
2860 4906 2948 4958 διὰ
2976 4904 3134 4958 τοῦτο
3161 4906 3252 4958 τὸν
3295 4904 3550 4974 Τιμόθεον
3576 4899 3690 4966 πέμ-

2161 5016 2269 5065 πω,
2293 4998 2406 5052 ἀλλ’
2431 4999 2540 5062 ἵνα,
2566 4998 2703 5069 ὅπερ
2737 4998 2894 5068 ἔφην,
2913 5000 2971 5052 ὲν
3019 4997 3097 5068 τῷ
3124 4997 3326 5068 μεταξὺ
3360 4993 3587 5065 εὐθυμῶ,
3607 5005 3690 5060 μαι

2161 5089 2271 5145 θὼν
2301 5091 2370 5144 τὰ
2399 5090 2523 5144 καθ’
2565 5091 2728 5161 ὑμᾶς.
2765 5091 2908 5160 Ὅρα
2931 5088 3009 5156 δὲ,
3052 5089 3170 5154 πῶς
3198 5092 3294 5143 καὶ
3334 5090 3432 5158 τὴν
3459 5085 3585 5157 πρὸς
3609 5079 3688 5134 αὐ·

2160 5185 2285 5249 τοὺς
2341 5184 2570 5250 ἐλευσιν,
2611 5183 2704 5238 τοῦ
2747 5183 2882 5238 Θεοῦ
2928 5184 3150 5255 ἐξαρτᾷ,
3197 5184 3472 5248 Πέποιθα,
3519 5178 3685 5244 λέγων.

2159 5278 2230 5332 ἐν
2257 5279 2478 5347 Κυρίῳ·
2506 5279 2806 5345 τουτέστιν,
2836 5278 2932 5332 ὲάν
2958 5279 2986 5330 ὁ
3008 5278 3140 5342 Θεὸς
3157 5278 3438 5348 βούληται.

2242 5455 2594 5524 Ἀναγκαῖον
2639 5455 2708 5508 δὲ
2750 5454 3080 5526 ἡγησάμην
3128 5451 3540 5523 Ἐπαφρόδιτον
3594 5445 3682 5499 τὸν

2153 5541 2422 5613 ἀδελφὸν
2432 5544 2528 5600 καὶ
2542 5546 2841 5617 συνεργὸν
2851 5545 2946 5601 καὶ
2963 5543 3407 5616 συστρατιώτην
3411 5559 3539 5614 μου.
3554 5533 3680 5594 Μετὰ

1838 5670 2040 5734 Variae
2069 5674 2401 5742 lectiones.

558 5786 607 5819 ”
642 5787 939 5862 ἀνατίθημι
972 5807 1026 5849 o.
1100 5794 1143 5828 ”
1180 5794 1437 5866 τοιαύτην
1469 5808 1519 5849 o.
1593 5797 1636 5831 ’°
1667 5797 2078 5875 ἀξιολογωτέρῳ
2097 5820 2148 5862 0.
