3932 6576
280 406 421 471 11"3

1055 404 1458 467 EXPOSITIO
1493 404 1574 465 IN
1613 404 1854 465 EPIST.
1896 403 1994 463 AD
2028 402 2353 463 PHILIPP.
2388 425 2457 438 -
2479 401 2637 463 CAP.
2679 400 2764 462 ΙΙ.

3372 392 3506 463 illi

278 523 518 576 ἑπαίνων
565 518 661 575 καὶ
700 518 890 573 τοῦτον
925 518 1270 585 αποστέλλει,
1310 520 1386 584 ὡς
1412 519 1506 574 τδν
1555 519 1839 590 Τιμόθεον,

1960 530 2138 569 πειιιη.
2217 512 2332 569 Non
2410 514 2530 570 sine
2617 510 2778 568 laude
2822 510 3002 568 hunc
3070 510 3235 567 etiam
3322 520 3527 574 m.tttt,

274 612 368 666 διὰ
394 611 494 683 τὴν
537 610 707 683 αὐτὴν
750 611 954 678 αἰτίαν,
981 613 1048 684 ἢν
1083 613 1339 684 ἀνωτέρω
1384 613 1713 684 εἰρήκαμεν.
1737 610 1845 664 Τοῦ

279 703 544 776 συνεργοῦ
569 703 626 758 δὲ
655 703 856 776 μείζων
888 705 918 758 6
976 703 1409 776 συστρατιώτης.
1453 705 1714 776 Συνεργεί
1746 702 1847 774 μὲν

275 796 390 866 γάρ
420 812 506 860 τις
531 796 626 849 καὶ
653 798 711 849 ὲν
741 793 1046 859 ἀκινδύνοις
1068 795 1418 868 πράγμασιν*
1451 798 1479 850 6
1506 794 1564 848 δὲ
1608 811 1844 867 συστρα-

276 885 500 961 τιώτης,
527 886 744 951 πάντως
771 890 828 943 ὲν
858 886 1141 953 κινδύνοις.

359 1063 562 1135 ’Υμῶν
607 1064 675 1120 δὲ
707 1066 1061 1122 ἀπόστολον
1107 1068 1209 1123 καί
1248 1067 1603 1139 λειτουργὸν
1646 1069 1690 1102 ⁹¹
1735 1066 1846 1137 τῆς

272 1159 482 1229 χρείας
501 1177 620 1231 μου
643 1160 873 1231 πέμψαι
898 1161 1050 1231 πρὸς
1073 1160 1250 1233 ὑμᾶς.
1272 1162 1552 1228 Τουτέστι,
1577 1161 1681 1217 Τὸν
1713 1161 1846 1234 παρ’

273 1251 435 1322 ὑμῶν
478 1252 853 1307 ἀποσταλέντα
897 1254 1037 1326 πρός
1078 1271 1169 1325 με,
1214 1255 1342 1326 ὑμῖν
1394 1254 1729 1327 χαρίζομαιο
1777 1254 1845 1308 δι’

271 1343 441 1397 αὐτοῦ
470 1344 577 1416 γὰρ
606 1339 747 1415 ἦσαν
775 1344 1085 1411 στείλαντες
1131 1346 1281 1418 αὐτῷ
1328 1346 1399 1401 τὰ
1445 1338 1583 1419 πρὸς
1633 1348 1843 1419 χρείαν.

276 1436 368 1502 Ἦ,
389 1435 586 1508 ’Υμῶν
607 1438 975 1508 ἀπόστολον,
1004 1440 1096 1493 τὸν
1125 1439 1444 1496 διδάσκαλον
1465 1440 1639 1512 ὑμῶν,
1659 1441 1841 1515 φησιν.

355 1612 600 1685 Ἐπειδὴ
623 1615 929 1673 ἐπιποθῶν
944 1613 1041 1688 ξῆν
1065 1619 1301 1685 πάντας
1324 1619 1480 1690 ὑμᾶς
1530 1621 1698 1687 ἰδεῖν,
1746 1625 1844 1677 ναι

265 1702 591 1772 ἀδημονῶν
651 1704 802 1760 διότι
856 1706 1161 1775 ἠκούσατε
1215 1706 1305 1763 ὅτι
1347 1709 1675 1778 ἠσθένησε.
1733 1712 1842 1767 Κιιί

268 1794 382 1865 τὰρ
395 1796 705 1866 ἠσθένησε
719 1796 1151 1868 παραπλήσιον
1171 1800 1425 1867 θανάτῳ.
1445 1801 1635 1867 Εἰδὼς,
1654 1805 1839 1874 φησιν,

1953 605 2178 676 perindc
2228 621 2290 660 ac
2329 605 2688 672 Timotheum,
2723 606 2791 661 ob
2821 605 3063 660 eamdem
3116 618 3335 660 causam
3365 618 3528 674 quam

1954 711 2118 765 supra
2180 695 2449 751 diximus.
2534 694 2896 768 Coeperatore
2963 704 3144 751 autem
3233 695 3531 752 commilito

1952 789 2126 858 major
2158 797 2261 845 est.
2296 788 2626 858 Cooperatur
2653 790 2798 847 enim
2854 788 3048 860 aliquis
3085 789 3139 844 in
3177 787 3343 861 m
3368 789 3530 844 rebus

1952 881 2118 935 etiam
2189 894 2310 950 quae
2375 879 2613 947 periculo
2685 887 2920 935 carent:
2997 878 3294 936 commilito
3347 886 3529 934 autem

1953 972 2174 1029 omnino
2205 972 2260 1026 in
2294 971 2571 1042 periculis.

2037 1063 2272 1120 Vestrum
2302 1073 2477 1119 autem
2508 1063 2798 1132 apostolum
2829 1073 2877 1118 et
2915 1065 3213 1120 ministrum
3253 1064 3531 1120 necessita-

1954 1156 2020 1210 tis
2041 1172 2169 1212 mea:
2195 1156 2398 1211 mittere
2425 1156 2494 1210 ad
2526 1172 2635 1210 vos.
2668 1152 2783 1211 Hoc
2810 1161 2914 1221 est,
2939 1169 3065 1210 eum
3093 1156 3182 1225 qui
3209 1171 3240 1211 a
3272 1156 3423 1210 vobis
3461 1153 3529 1209 ad

1953 1263 2041 1304 me
2072 1247 2271 1305 missus
2298 1256 2404 1313 est,
2448 1247 2592 1303 dono
2622 1245 2777 1304 vobis
2806 1261 2824 1301 :
2861 1261 2957 1319 per
2987 1247 3162 1315 ipsum
3186 1247 3328 1302 enim
3361 1247 3410 1300 ei
3438 1245 3531 1299 mi-

1954 1349 2136 1397 serant
2162 1355 2281 1411 qua:
2310 1341 2373 1396 ad
2413 1339 2584 1409 ipsius
2620 1353 2775 1395 usum
2803 1345 2858 1394 et
2890 1339 3269 1394 necessitatem
3295 1339 3533 1407 pertine-

1954 1440 2099 1489 rent.
2152 1431 2274 1499 Vel,
2334 1430 2572 1488 Vestrum
2636 1432 2953 1500 apostolum,
3000 1442 3385 1504 pra‘ceptomm
3432 1444 3531 1486 ceu

1953 1523 2232 1578 doctorem
2270 1531 2506 1577 vestrum
2538 1522 2688 1576 dicit.

2024 1615 2185 1670 Vsus.
2214 1613 2303 1682 ΞΒ,
2348 1613 2438 1667 27.
2490 1613 2922 1683 Quandoquidem
2967 1614 3298 1668 desiderabat
3353 1627 3530 1666 attines
3568 1644 3569 1647 η

1952 1722 2040 1762 vos
2069 1708 2260 1772 videre,
2300 1724 2363 1762 ac
2419 1719 2631 1763 maestus
2681 1715 2795 1761 erat
2843 1715 3113 1775 propterea
3159 1704 3296 1775 quod
3342 1702 3531 1757 audie-

1952 1799 2086 1854 ratis
2116 1799 2263 1853 illum
2286 1799 2640 1868 inﬁrmatam.
2669 1797 2812 1852 Nam
2857 1806 2905 1852 et
2934 1797 3236 1868 inﬁrmatus
3264 1805 3338 1850 est
3371 1811 3535 1863 usque

265 1887 354 1940 ὅτι
405 1888 658 1955 ἀγαπᾶτε
710 1890 892 1955 αὑτὸν,
919 1890 1014 1945 καὶ
1041 1892 1124 1946 ὅτι
1178 1890 1487 1964 ἐλυπήθητε
1523 1894 1617 1948 ἐπὶ
1649 1896 1715 1965 τῇ
1745 1896 1844 1968 ἁρ-

1960 1888 2015 1943 ιιί
2070 1897 2309 1943 mortem.
2339 1886 2685 1956 Compertum
2736 1887 2961 1953 habens,
2996 1886 3189 1954 inquit,
3222 1886 3364 1953 quod
3402 1884 3526 1938 dili-

268 1976 481 2048 ῥωστίᾳ
529 1979 717 2044 αὑτοῦ,
753 1980 1007 2035 ἐπιποθεί
1042 1981 1169 2036 ἰδεῖν
1201 1982 1365 2053 ὑμᾶς,
1398 1983 1486 2037 ενα
1524 1985 1624 2056 τῆς
1667 1984 1846 2057 λύπης

266 2067 417 2138 ὁμῶς
471 2071 782 2145 ἀπαλλάξῃ,
811 2073 880 2146 ἢν
930 2074 1083 2144 ἔχετε
1123 2076 1215 2129 ἰπὶ
1254 2079 1319 2147 τῇ
1357 2076 1613 2151 ἀσθενείᾳ
1651 2076 1836 2134 αὑτοῦ.

268 2162 384 2214 Καὶ
413 2162 539 2217 ἄλλο
564 2163 621 2217 δέ
649 2183 698 2217 τι
734 2167 1134 2231 κατασκευάζει
1165 2169 1422 2224 ἐνταῦθα.
1462 2169 1844 2241 Ἀπολογείται

266 2253 453 2316 αὐτοῖς
477 2255 562 2324 ἐφ’
586 2248 631 2324 ᾧ
651 2255 738 2310 διὰ
768 2257 960 2328 χρόνου
991 2258 1203 2330 πέμπει
1234 2261 1371 2330 πρὸς
1402 2261 1625 2329 αὐτοὺς,
1652 2279 1843 2334 μονον-

263 2343 389 2415 ουχὶ
418 2344 593 2414 λέγων
622 2363 639 2379 ⁶
683 2348 758 2401 Οὐ
793 2347 932 2402 κατὰ
956 2349 1229 2421 ρᾳθυμίαν
1258 2350 1417 2406 τοῦτο
1443 2353 1687 2423 γέγονεν,
1711 2355 1847 2411 ἀλλὰ

263 2431 360 2486 τὸν
386 2434 486 2505 μὲν
515 2433 781 2506 Τιμόθεον
798 2439 873 2502 ὡς
911 2439 1165 2512 ἰσόψυχον
1192 2442 1409 2515 κατέχω
1425 2447 1557 2514 παρ’
1582 2447 1806 2520 ἐμαυτῷ
1827 2465 1842 2481 ⁶

260 2525 295 2577 6
336 2524 396 2578 δὲ
436 2526 825 2598 Ἐπαφρόδιτος
872 2531 1163 2605 ἠσθένησε,
1183 2536 1276 2588 καὶ
1304 2535 1393 2590 διὰ
1419 2535 1582 2591 τοῦτο
1607 2539 1711 2612 πρὸ
1728 2557 1847 2595 και-

267 2614 366 2685 ροῦ
393 2615 494 2671 οὐκ
520 2613 701 2691 ἦλθεν,
743 2622 868 2676 ἐ.πεί
913 2623 960 2654 ⁸³
1007 2624 1195 2697 μακρὰ
1242 2628 1273 2698 ἡ
1319 2628 1604 2699 ἀρῤωστία
1639 2631 1801 2686 αὑτοῦ
1828 2648 1844 2666 ο

263 2711 663 2779 παραπλησία
690 2712 799 2784 γὰρ
828 2713 1081 2784 θανάτῳ.

338 2970 506 3025 Ἀλλ’
527 2973 561 3027 ὀ
584 2972 729 3038 Θεὸς
761 2972 949 3029 αὑτὸν
970 2975 1219 3046 ἠλέησε.
1258 2979 1323 3033 Τί
1355 2981 1560 3049 λέγεις,
1590 2982 1636 3039 ..ς
1668 2988 1841 3044 Μανι-

265 3064 427 3133 luis;
474 3063 538 3118 El
583 3064 820 3138 πονηρὸς
856 3066 885 3119 6
919 3067 1147 3139 κόσμος,
1187 3070 1340 3143 καὶὴ
1373 3074 1431 3127 ὲν
1460 3078 1661 3151 τούτῳ
1707 3079 1844 3153 ζωὴ,

267 3154 388 3220 πῶς
417 3154 512 3208 νῦν
538 3155 567 3208 6
606 3156 929 3223 Ἀπόστολος
957 3157 1109 3214 ἐλεον
1139 3160 1278 3216 Θεοῦ
1312 3165 1493 3231 καλεῖ,
1526 3170 1587 3223 τὸ
1613 3171 1842 3243 ὲαθῆναι

265 3247 360 3302 τδν
416 3246 802 3320 Ἐπαφρόδιτον
831 3251 889 3304 ὲν
915 3250 983 3323 τῇ
1018 3250 1132 3324 ζωῇ
1158 3269 1173 3319 ;
1215 3254 1376 3309 Ἀλλὰ
1411 3223 1529 3324 τοίς
1560 3223 1845 3335 μὲν-
1877 3223 1919 3280 C

266 3341 439 3404 τικοίς
470 3341 645 3406 οὐδεὶς
670 3343 809 3415 πρὸς
838 3343 999 3398 τοῦτο
1033 3345 1191 3416 λόγος
1211 3362 1228 3379 ·
1257 3346 1555 3421 ζητήσειαν
1587 3354 1631 3410 δ’
1653 3355 1719 3412 ἂν
1752 3358 1846 3411 καὶ

267 3433 584 3503 Χριστιανοί
608 3450 625 3467 ο
656 3433 719 3489 Εἰ
748 3435 912 3490 καλὸν
950 3436 1012 3491 τὸ
1044 3436 1312 3494 ἀναλῦσαι
1355 3443 1459 3498 καὶ
1498 3447 1596 3501 σὺν
1623 3447 1846 3520 Χριστῷ

267 3524 428 3610 εἰναι,
452 3526 595 3591 τίνος
620 3525 805 3583 ῑνεκεν
843 3527 992 3583 ἐλεόν
1019 3547 1153 3601 φησι
1179 3531 1274 3586 τοῦ
1305 3532 1446 3591 Θεοῦ
1478 3537 1580 3610 τὴν
1611 3539 1847 3596 ἐνταῦθα

268 3608 409 3669 εἶναι
443 3615 624 3690 ζωήνς
649 3619 721 3672 Ἢ
754 3619 933 3674 τοίνυν
952 3620 1085 3676 διότι
1105 3624 1199 3678 καὶ
1219 3625 1249 3678 6
1284 3608 1679 3703 Ἐπαφρόδιτος
1698 3631 1844 3686 διδά-

270 3707 470 3774 σκαλος
498 3708 596 3778 ὣν,
633 3710 826 3783 ἔμελλε
876 3714 1131 3781 πλείονας
1170 3716 1350 3788 ψυχὰς
1401 3728 1773 3794 προσαγαγεῖν
1801 3725 1848 3760 ⁸⁸

268 3801 346 3871 τῷ
375 3801 495 3872 Θεῷ
519 3803 781 3878 ἐπιζήσας
813 3806 971 3879 (ὅπερ
993 3809 1428 3886 ἁναγκαιέτερόν
1459 3817 1577 3871 ἐστι
1605 3816 1700 3870 τοῦ
1725 3818 1852 3872 ἁνα-

271 3893 549 3961 λῦσαι,ὡς
572 3898 833 3971 ἀνωτέρω
860 3901 1179 3980 efﬂuo-ﬂ
1213 3908 1386 3963 πολλὰ
1418 3911 1514 3963 καὶ
1560 3909 1703 3965 κατὰ
1749 3910 1849 3979 τὴν

270 3984 457 4054 κοινὴν
491 3987 781 4057 συνήθειαν
809 3990 923 4050 ¹ςσῖλῖιν
962 3996 1270 4051 ἀκουόντων
1299 3998 1328 4051 6
1357 3998 1568 4062 Παῦλος
1612 3999 1850 4069 φθέγγε-

271 4092 389 4144 ται,
412 4077 511 4134 καὶ
536 4078 596 4135 σὺ
628 4086 904 4156 πανταχοῦ
960 4088 1245 4158 φιλοσοφετ
1309 4087 1457 4159 Πρὸς
1490 4088 1597 4158 γὰρ
1641 4087 1852 4159 ἀνθρώ-

279 4188 416 4234 πους
456 4172 741 4244 βιωτικοὺς
767 4171 836 4248 ἦν
864 4178 1012 4249 αὑτῷ
1050 4179 1079 4231 ὁ
1108 4177 1384 4247 λόγος,ἔτι
1417 4178 1725 4242 δεδοικότας
1762 4176 1854 4231 τὸν

278 4260 534 4320 θάνατον.
584 4266 791 4332 ’Ἄλλως
832 4284 914 4333 τε,
940 4270 1037 4323 καὶ
1065 4269 1231 4325 καλὸν
1260 4271 1294 4341 ὴ
1329 4269 1581 4341 παροῦσα
1609 4270 1723 4339 ζωὴ
1752 4269 1853 4323 αὐ-

278 4354 346 4423 τὴ
377 4354 505 4409 καθ’
546 4356 746 4428 ἑαυτήν
772 4377 787 4393 ·
808 4360 930 4413 ἐπεὶ
957 4359 1047 4415 διὰ
1080 4362 1135 4415 τί
1173 4361 1233 4414 ὲν
1264 4361 1418 4427 τάξει
1449 4360 1725 4426 κολάσεως
1771 4361 1856 4416 τίο

280 4444 409 4516 θησι
457 4446 587 4511 τοὺς
617 4446 831 4519 ἀώρους
862 4449 1155 4518 θανάτους
1183 4452 1286 4507 Διὰ
1305 4452 1483 4507 τοῦτο
1507 4451 1641 4523 γὰρ,
1667 4452 1851 4523 φησὶν.

1944 1978 2085 2050 gatis
2113 1978 2309 2048 ipsum,
2342 1986 2397 2034 et
2428 1984 2572 2047 quod
2605 1976 2910 2035 contristati
2940 1976 3074 2033 estis
3106 1990 3267 2043 super
3301 1984 3528 2045 aegrota-

1949 2071 2097 2126 tione
2139 2070 2277 2140 ejus,
2317 2070 2587 2126 desiderat
2617 2069 2801 2126 videre
2838 2083 2949 2135 ros,
2999 2075 3057 2124 ut
3106 2083 3134 2122 ιι
3167 2066 3387 2122 tristitia
3433 2079 3528 2120 vos

1947 2161 2223 2226 liberaret,
2263 2176 2425 2231 quam
2458 2161 2670 2218 habetis
2697 2170 2918 2232 propter
2977 2158 3347 2215 inﬁrmitatem
3376 2156 3518 2228 ejus.

1947 2253 2104 2309 Aliud
2136 2262 2314 2309 autem
2343 2253 2429 2307 hic
2458 2253 2620 2308 etiam
2656 2251 2815 2307 allicit
2843 2267 2857 2305 :
2893 2266 3016 2305 nam
3049 2251 3310 2305 rationem
3346 2248 3521 2305 reddit

1945 2345 2046 2412 eis,
2077 2359 2245 2415 quare
2274 2344 2450 2401 serius
2476 2344 2651 2414 ipsum
2692 2342 2760 2398 ad
2792 2357 2888 2399 eos
2934 2343 3134 2409 mittat,
3168 2351 3374 2396 tantum
3419 2355 3528 2394 nou

1948 2436 2020 2491 ita
2072 2436 2258 2493 dicens
2306 2454 2320 2491 ε
2381 2433 2501 2490 Non
2546 2449 2644 2508 per
2689 2434 2994 2491 socordiam
3043 2434 3145 2488 hoc
3192 2432 3391 2487 factum
3421 2439 3531 2495 est,

1953 2542 2139 2583 verum
2193 2525 2536 2583 Timotheum
2591 2524 2831 2597 quidem,
2882 2540 2976 2581 ceu
3021 2524 3260 2595 ejusdem
3314 2538 3526 2579 mecum

1948 2619 2135 2685 animi,
2189 2619 2330 2689 apud
2398 2634 2484 2675 me
2550 2618 2768 2675 detineo
2823 2636 2835 2673 :
2891 2617 3286 2689 Epaphroditus
3346 2625 3529 2672 autem

1949 2713 2252 2783 mgrotavit,
2289 2726 2352 2768 ac
2400 2719 2681 2782 propterea
2719 2728 2828 2767 non
2860 2712 3005 2768 venit
3056 2711 3241 2776 citius,
3270 2709 3533 2780 :quando’

1949 2805 2163 2874 quidem
2200 2803 2479 2867 diuturna,
2529 2813 2584 2858 et
2632 2803 2790 2858 morti
2842 2802 3130 2858 admodum
3181 2801 3360 2857 vicina
3406 2799 3532 2871 ejus

1947 2894 2211 2967 aegritudo
2242 2893 2425 2950 fuerit.

2018 2982 2120 3041 Sed
2187 2984 2326 3040 Deus
2380 2985 2544 3053 ipsius
2620 2986 2861 3040 misertus
2912 2991 3011 3041 est.
3069 2984 3208 3052 Quid
3263 2983 3440 3048 dicis,
3491 2999 3524 3038 ο

1929 3050 2245 3132 Manichaee
2280 3077 2300 3130 ?
2333 3050 2410 3131 Sir
2436 3077 2672 3132 mundus
2721 3092 2921 3148 pravus
2970 3050 3169 3144 esu—et
3215 3077 3322 3133 vita
3369 3092 3527 3148 quam

1953 3168 2007 3243 in
2072 3167 2165 3222 illo
2216 3167 2468 3231 vivimus,
2525 3170 2794 3238 quomodo
2846 3185 2987 3225 nunc
3035 3169 3323 3240 Apostolus
3377 3177 3535 3226 vocat

1952 3260 2381 3316 misericordiam
2419 3260 2534 3327 Dei,
2566 3263 2707 3330 quod
2739 3260 3161 3332 Epaphroditum
3194 3262 3377 3318 vivere
3402 3276 3527 3333 per-

1947 3352 2208 3409 miserit?
2240 3352 2439 3409 Verum
2492 3352 2759 3409 haereticis
2784 3353 2919 3408 nihil
2964 3362 3050 3409 est
3092 3353 3233 3423 quod
3266 3354 3332 3408 ad
3384 3354 3525 3408 istud

1947 3445 2336 3514 respondeant;
2369 3445 2661 3501 Christiani
2709 3455 2885 3501 autem
2913 3446 3000 3501 hic
3032 3459 3272 3516 quaerere
3296 3455 3493 3516 queant
3513 3459 3532 3498 :

1953 3535 2011 3591 Si
2046 3534 2250 3591 bonum
2298 3537 2371 3592 sit
2403 3536 2648 3599 dissolvi,
2686 3547 2743 3594 et
2778 3551 2901 3592 cum
2955 3534 3174 3591 Christo
3208 3550 3348 3599 esse,
3377 3535 3533 3605 cujus

1947 3629 2121 3700 gratia
2200 3628 2629 3684 misericordiam
2685 3627 2780 3683 Det
2844 3628 2988 3685 dicat
3032 3641 3159 3684 esse
3217 3636 3532 3696 praesentem

1948 3721 2161 3777 vitam?
2230 3719 2329 3775 Vel
2386 3722 2509 3791 quia
2566 3720 2983 3793 Epaphroditus,
3032 3720 3120 3790 qui
3162 3718 3351 3774 doctor
3391 3726 3532 3775 erat:

1950 3812 2132 3883 plures
2156 3812 2364 3869 animas
2390 3815 2456 3868 ad
2490 3812 2653 3867 Deum
2682 3811 3010 3869 adducturus
3030 3818 3167 3877 erat,
3203 3811 3247 3866 si
3279 3814 3483 3866 vireret
3509 3828 3525 3869 :

1950 3906 2090 3973 quod
2129 3904 2301 3973 magis
2352 3903 2716 3959 uecessarimu
2757 3918 2918 3972 quam
2971 3902 3217 3964 dissolvi,
3270 3910 3328 3957 ut
3369 3916 3531 3971 supra

1950 4004 2427 4051 commemoratum
2471 4004 2576 4051 est.
2606 3992 2703 4049 Vel
2749 3993 2919 4049 multa
2969 3993 3132 4049 etiam
3176 3992 3329 4063 juxta
3383 4007 3533 4047 com-

1953 4102 2169 4143 munem
2203 4086 2511 4142 auditorum
2551 4087 2999 4142 consuetudinem
3032 4084 3234 4140 Paulus
3263 4085 3523 4154 loquitur,

1952 4187 2006 4234 et
2048 4194 2152 4233 non
2209 4177 2409 4247 ubique
2454 4178 2871 4249 philosophatur
2901 4197 2914 4232 :
2944 4177 3253 4233 hominibus
3295 4176 3437 4231 enim
3478 4176 3530 4229 in

1955 4266 2154 4324 sarculo
2206 4269 2488 4337 agentibus
2538 4270 2703 4323 verba
2747 4268 2896 4334 facit,
2943 4268 3034 4337 qui
3081 4275 3306 4322 mortem
3358 4264 3533 4320 adhuc

1957 4359 2283 4414 metuebant.
2311 4358 2601 4428 Praeterea,
2643 4361 2749 4414 vita
2791 4373 3030 4429 praesens
3054 4358 3167 4428 ipsa
3205 4370 3301 4423 per
3343 4367 3404 4409 se
3447 4368 3535 4409 res

1958 4452 2094 4506 bona
2126 4459 2208 4507 est
2235 4469 2248 4505 :
2280 4452 2477 4522 alioqui
2504 4467 2603 4507 cur
2632 4466 2803 4521 pinnae.
2828 4452 2945 4505 loco
2977 4451 3297 4504 immaturas
3330 4453 3533 4502 mortes

280 4537 559 4607 ἀσθενεῖς
599 4541 671 4595 ἐν
704 4541 865 4612 ὑμῖν,
898 4542 1000 4598 καί
1050 4544 1367 4615 κοιμῶνται
1399 4545 1615 4601 ἱκανοί.
1648 4545 1714 4598 Ἦ
1747 4543 1847 4616 γὰρ

1960 4542 2155 4614 ponit?
2194 4542 2320 4596 Ideo
2354 4545 2489 4597 inter
2534 4560 2640 4607 vos,
2678 4541 2875 4611 inquit,
2908 4539 3062 4595 multi
3103 4540 3303 4610 inﬁrmi
3338 4546 3388 4593 et
3435 4540 3535 4591 im-

285 4631 555 4700 μέλλουσα
609 4632 724 4705 ζωὴ
780 4635 901 4705 οὐχὶ
943 4637 1181 4709 πονηροῦ
1232 4638 1497 4710 κρείττων
1550 4636 1696 4708 (ἐπεὶ
1747 4637 1849 4691 οὐκ

284 4722 508 4792 ἀγαθὴ),
530 4722 665 4777 ἀλλὰ
696 4724 862 4779 καλοῦ
896 4725 1149 4781 καλλίων.

357 4904 480 4957 Οὐκ
508 4904 695 4958 αὐτὸν
712 4903 782 4958 δὲ
799 4907 1011 4972 μόνον,
1024 4905 1187 4960 ἀλλὰ
1209 4906 1309 4958 καὶ
1351 4904 1474 4972 ἐμέ.
1515 4903 1701 4975 Ὁρᾷς,
1739 4903 1855 4968 πῶς

284 4993 378 5045 καὶ
403 4991 512 5046 ἀπὸ
543 4993 731 5048 τούτου
772 4994 1049 5067 αἰδέσιμον
1069 4995 1115 5028 ⁸⁸
1140 4998 1282 5050 ποιεῖ
1304 4997 1395 5048 τὸν
1431 4995 1856 5065 Ἑπαφρόδιτον;

285 5084 340 5136 εἰ
388 5099 454 5151 γε
505 5084 604 5154 τὴν
648 5085 857 5139 ἐκείνου
890 5086 957 5138 ἐκ
1008 5086 1104 5156 τῆς
1139 5088 1451 5158 opemque;
1498 5087 1855 5159 ἀνακομιδὴν,

235 5217 241 5229 .
286 5175 610 5246 εὐεργεσίαν
640 5178 704 5230 ὲκ
736 5178 872 5231 Θεοῦ
907 5178 1117 5232 οἰκείαν
1152 5180 1245 5234 καὶ
1282 5179 1431 5233 ἔλεον
1459 5181 1697 5237 τίθεται.

363 5363 498 5417 Ἵνα
522 5361 608 5430 μὴ
647 5364 854 5430 λύπην
882 5363 981 5418 ἐπὶ
1021 5364 1190 5433 λύπῃ
1228 5362 1381 5433 σχῶ.
1404 5364 1714 5428 Taurea-rw,
1740 5365 1859 5417 Ἵνα

294 5452 372 5524 μὴ
414 5453 511 5507 σὺν
554 5456 618 5524 τῇ
666 5453 811 5525 λύπῃ
840 5457 906 5524 τῇ
939 5457 1005 5510 ἑκ
1052 5456 1152 5527 τῆς
1196 5455 1508 5528 ἀρρωστίας
1539 5454 1706 5510 αὑτοῦ
1736 5455 1861 5507 ἔπι-

441 5587 459 5627 i
499 5587 516 5640 l
548 5584 674 5642 Cor.
700 5602 776 5653 XI,
806 5586 894 5642 50.

1962 4632 2187 4697 occillet,
2222 4643 2270 4687 et
2297 4632 2567 4686 dormiunt
2606 4631 2757 4687 multi
2782 4634 2824 4685 ί.
2855 4630 3058 4686 Futura
3082 4632 3226 4686 enim
3256 4631 3386 4695 vita,
3429 4642 3534 4683 non

1956 4734 2042 4777 est
2070 4737 2230 4792 prava
2259 4724 2468 4788 melior,
2499 4723 2576 4778 sic
2600 4723 2742 4779 enim
2786 4722 2928 4778 haud
2962 4723 3100 4778 bona
3128 4731 3294 4785 esset,
3340 4734 3526 4776 verum

1959 4820 2047 4869 est
2081 4813 2217 4868 bona
2246 4813 2461 4868 melior.

2031 4903 2159 4960 Non
2198 4906 2366 4961 solum
2410 4917 2584 4963 autem
2621 4907 2753 4978 ejus,
2781 4924 2957 4963 verum
2985 4908 3146 4962 etiam
3189 4906 3309 4960 mei.
3345 4905 3534 4958 Anim-

1960 4996 2196 5053 advertis
2224 5014 2330 5067 quo
2358 5014 2515 5068 pacto
2564 5011 2619 5057 et
2650 5001 2776 5056 hinc
2833 4997 3255 5070 Epaphroditum
3299 4995 3534 5049 honora-

1960 5089 2120 5146 hilem
2160 5092 2382 5147 reddit?
2411 5090 2684 5161 Siquidem
2718 5092 2861 5147 illius
2906 5076 2972 5146 ab
3017 5087 3339 5159 aegritudine
3381 5099 3535 5138 revu-

1962 5181 2294 5247 lescentiam,
2348 5186 2663 5241 beneﬁcium
2717 5184 2809 5239 Dei
2854 5184 3146 5253 peculiare,
3198 5187 3252 5233 et
3319 5175 3535 5231 miseri~

1946 5272 2206 5327 'cordiam
2237 5275 2405 5344 ponit.

2043 5362 2126 5418 Ne
2177 5368 2445 5420 tristitiam
2482 5381 2637 5437 super
2668 5365 2938 5419 tristitiam
2984 5362 3245 5416 haberem.
3278 5360 3389 5414 Iloc
3431 5365 3537 5423 est,

1967 5471 2036 5510 ne
2064 5456 2130 5509 ad
2161 5456 2431 5510 tristitiam
2469 5470 2588 5524 qua:
2622 5452 2757 5508 mthi
2786 5466 2852 5508 ex
2884 5452 3195 5507 inﬁrmitate
3220 5448 3386 5519 ipsius
3420 5447 3541 5502 sub-

1628 5700 1826 5763 Varim
1858 5699 2182 5766 lectiones.

361 5827 411 5861 ’τ
441 5827 699 5899 συνεργὸν
726 5845 781 5886 0.
855 5829 899 5862 "
932 5828 1121 5899 ἐπειδὴ
1149 5844 1199 5884 ο.
1270 5828 1314 5860 ⁸³
1350 5828 1732 5899 προσενεγκεῖν
1770 5844 1824 5884 ο.
1902 5828 1948 5862 ’³
1980 5827 2113 5881 αἰδὼ
2176 5845 2231 5883 ο.
