3932 6568
499 391 634 457 1175

1409 398 1986 460 THEOPHYLACTI
2033 403 2446 468 BULGARLE
2483 412 2842 477 ARCHlEP.

3591 421 3716 484 1176

497 515 620 561 nata
666 516 768 570 est,
801 506 956 561 aliam
989 505 1261 562 tristitiam
1299 508 1554 579 habeam,
1587 529 1649 568 ex
1693 529 1758 570 eo
1783 515 1922 584 quod
1951 516 2061 586 ipse

2175 524 2438 597 γενομένῃ
2495 543 2608 596 μοι,
2656 530 2750 583 καὶ
2801 528 2990 601 ἑτέραν
3037 531 3212 603 λύπην
3249 533 3385 604 σχῶ,
3424 536 3519 606 τὴν
3547 538 3607 590 ἐκ
3638 541 3720 594 τοῦ

498 599 782 654 moriatur.

563 688 724 760 ΕΑΒ
752 687 913 743 Vnus.
933 687 1033 743 28.
1057 687 1418 747 Festinantius
1446 703 1622 748 autem
1652 698 1770 751 misi
1794 699 1985 767 ipsum,
2010 709 2068 754 ut

496 796 607 834 me
621 796 680 833 eo
705 779 1000 850 gaudeatis.
1023 777 1134 834 Hoc
1165 790 1270 845 est,
1294 781 1423 838 Siue
1451 783 1898 858 dilationeipsum
1924 790 2066 854 misi,

498 878 556 925 ut
597 870 841 925 videntes
869 870 1043 940 ipsum
1071 884 1102 924 a
1133 885 1366 926 interore
1399 887 1557 943 quem
1591 889 1658 931 ex
1705 881 1822 947 ejus
1849 879 2066 949 aegritu-

499 959 622 1013 dine
691 961 1088 1031 conceperatis,
1138 961 1350 1018 liberati
1406 963 1566 1029 sitis,
1625 967 1706 1021 vel
1781 970 1960 1037 potius
2010 978 2068 1024 ut

496 1051 800 1122 gaudeaus.

573 1145 640 1200 Et
674 1161 767 1216 ego
800 1146 972 1200 minus
999 1147 1223 1201 tristitia:
1256 1148 1494 1202 habeam.
1530 1148 1810 1216 Quomodo
1834 1166 1928 1206 ero
1961 1152 2064 1207 mi-

495 1252 596 1292 nus
619 1236 831 1291 tristis?
853 1236 1118 1302 Quoniam
1144 1239 1188 1294 si
1208 1253 1302 1294 vos
1321 1241 1618 1310 gaudeatis,
1644 1251 1692 1295 et
1715 1256 1815 1312 ego
1837 1243 2063 1312 gaudeo.

491 1329 604 1384 Nec
634 1328 790 1393 dixit,
826 1326 896 1383 Ut
920 1329 1038 1384 sine
1068 1328 1286 1383 tristitia
1317 1329 1417 1384 situ
1445 1347 1460 1396 ;
1505 1331 1620 1396 sed,
1654 1331 2064 1388 Hinustristitiaz

490 1423 748 1476 habeant:
776 1422 1007 1476 lnnuens
1057 1425 1199 1490 quod
1249 1421 1461 1477 animus
1502 1422 1618 1486 ejus
1649 1423 1794 1478 nullo
1827 1439 2060 1492 unquam

490 1525 733 1582 tempore
755 1512 869 1567 sine
901 1512 1122 1566 tristitia
1164 1511 1348 1567 fuerit.
1376 1511 1678 1578 Quiseuim,
1710 1515 1807 1582 ait,
1832 1515 2063 1584 inﬁrma-

414 1619 424 1636 '
492 1618 598 1669 tur,
631 1613 678 1660 et
703 1621 796 1675 ego
822 1620 924 1658 non
949 1604 1228 1671 inﬁrmorl
1263 1604 1287 1658 ?

565 1697 727 1751 Vens.
758 1694 850 1750 29.
892 1695 1130 1759 Excipite
1185 1712 1307 1766 ergo
1355 1697 1523 1762 ipsum
1568 1699 1619 1751 in
1685 1698 1907 1754 Domino
1942 1719 2058 1756 cum

489 1790 635 1843 omni
665 1788 878 1858 gaudio.
921 1786 1034 1842 Hoc
1082 1795 1188 1854 est,
1212 1789 1556 1855 susceptione
1587 1806 1706 1857 qua:
1753 1800 1838 1846 est
1868 1809 2060 1849 secun-

2174 612 2467 668 ἀποθανεῖν
2496 618 2661 671 αὐτόν

2232 706 2794 778 Σπουδαιοτέρωςδὲ
2808 712 3047 784 ἔπεμψα
3063 715 3378 779 αὐτὸν,ῖνα
3392 716 3486 772 ῖδό
3489 735 3616 785 ντες
3630 722 3721 774 αὑ-

2171 799 2279 852 τὸν
2301 801 2543 872 χαρῆτε.
2573 805 2887 876 Τουτέστιν,
2942 809 3351 883 Ἀνυπερθέτως
3383 811 3617 882 ἔπεμψα,
3643 813 3720 867 ἵνα

2175 889 2278 958 τῆς
2308 890 2565 964 ὲπάύτῷ
2611 894 2910 966 ἀδημονίας
2958 899 3312 972 ἀπαλλαγῆτε
3357 903 3421 955 ἐκ
3464 901 3557 955 τοῦ
3608 903 3717 957 ἰδεῖν

2170 979 2354 1048 αὐτὸν,
2385 982 2588 1051 μᾶλλον
2626 983 2683 1038 δὲ
2720 987 2948 1058 χαρῆτε.
3034 1027 3039 1030 -

2236 1157 2410 1226 Κάγὼ
2454 1159 2826 1230 ἀλυπότερος
2860 1157 2926 1217 ὦ.
2951 1163 3077 1228 Πῶς
3126 1162 3462 1234 ἀλυπότερος
3502 1156 3573 1229 ῶς
3611 1163 3719 1217 Ὀτι

2165 1249 2261 1302 ἐὰν
2306 1250 2463 1319 ὑμεῖς
2505 1253 2750 1324 χαῖρητε,
2806 1254 2963 1325 κάγὼ
3003 1256 3201 1328 χαίρω.
3247 1258 3362 1310 Καὶ
3411 1257 3516 1310 οὐκ
3559 1251 3711 1322 εἶπεν,

2169 1341 2424 1404 ΙἈλυπος,
2449 1342 2585 1410 ἀλλ’,
2621 1343 3040 1415 Ἀλυπότερος,
3061 1345 3275 1409 δεικνὺς
3296 1348 3376 1400 ὅτι
3405 1346 3439 1414 ἠ
3467 1343 3608 1413 ψυχὴ
3635 1344 3716 1396 αὑ-

2163 1433 2258 1486 τοῦ
2287 1435 2542 1490 οὐδέποτε
2575 1436 2753 1507 λύπης
2779 1433 2847 1508 ἦν
2876 1438 3050 1502 ὲκτός.
3085 1438 3187 1506 Τις
3205 1438 3333 1510 γὰρ,
3354 1437 3542 1508 φησιν,
3562 1436 3716 1490 ἀσθε-

2162 1526 2274 1592 νεῖ,
2300 1526 2398 1581 καὶ
2418 1530 2527 1582 οὐκ
2547 1529 2817 1596 ἀσθείλῶ;

2230 1698 2647 1766 Ιηκισδέχεσθε
2684 1695 2798 1755 οὖν
2839 1701 3024 1757 αὐτὸν
3052 1703 3123 1757 ἐν
3144 1703 3337 1772 Κυρίῳ
3359 1702 3509 1772 μετὰ
3537 1702 3718 1771 πάσης

2165 1789 2376 1856 χαρᾶς.
2425 1789 2739 1854 Τουτέστιν,
2772 1792 2830 1844 ὲν
2883 1791 3123 1863 ὑποδοχῇ
3159 1795 3225 1865 τῇ
3271 1793 3415 1847 κατά
3461 1793 3614 1856 Θεδν,
3651 1793 3718 1856 ὡς

491 1879 618 1934 dum
656 1878 850 1946 Deum,
898 1878 1357 1948 quemadmodum
1415 1880 1528 1933 Deo
1573 1893 1852 1951 acceptum
1885 1895 1967 1939 cst
2009 1895 2061 1940 et

2175 1878 2486 1948 ἀποδέχεται
2519 1881 2548 1932 ὁ
2575 1879 2728 1943 Θεὸς,
2765 1881 2932 1950 ἧγουν
2958 1882 3121 1948 ἀξίως
3160 1883 3271 1936 τῶν
3311 1883 3504 1951 ἁγίων.
3552 1882 3718 1936 Ταῦτα

490 1980 724 2042 gratum,
757 1970 839 2025 vel
886 1979 944 2026 ut
982 1970 1138 2026 decet
1181 1981 1421 2026 sanctos.
1464 1969 1587 2025 llam
1620 1982 1798 2027 autem
1838 1986 2062 2047 propter

488 2064 639 2133 ipsos
685 2062 1055 2133 Philippenses
1101 2061 1300 2117 Paulus
1347 2062 1515 2117 facit:
1571 2065 1744 2134 majus
1782 2068 1924 2121 enim
1974 2068 2061 2122 lu-

488 2173 643 2215 crum
675 2167 760 2215 est
786 2157 835 2212 ei
893 2157 982 2228 qui
1035 2155 1354 2213 beneﬁcium
1405 2155 1517 2222 dat,
1573 2171 1732 2226 quam
1765 2159 1854 2228 qui
1919 2161 2061 2216 acci-

489 2252 588 2322 pit.

561 2341 631 2398 Et
656 2343 960 2411 huiusmodi
985 2344 1036 2396 in
1067 2343 1263 2397 honore
1287 2342 1550 2398 habetote.
1582 2343 1658 2399 Ne
1687 2345 1933 2400 videatur
1961 2345 2060 2415 ipsi

489 2436 590 2493 soli
622 2437 937 2508 gratiﬁcari,
968 2435 1286 2490 adhortatur
1309 2435 1360 2488 in
1386 2436 1684 2500 communi,
1718 2447 1774 2490 ut
1811 2438 2062 2493 omnibus

493 2530 586 2598 qui
637 2530 826 2585 eadem
861 2529 971 2584 sint
1029 2542 1150 2582 cum
1201 2527 1569 2598 Epaphtodito
1609 2527 1807 2582 virtute
1857 2529 2060 2598 prmditi

491 2621 750 2674 honorem
775 2618 1110 2687 impertiant.

559 2712 720 2768 Vens.
757 2713 846 2766 50.
886 2710 1148 2776 Quoniam
1194 2718 1406 2777 propter
1445 2726 1572 2776 opus
1617 2708 1835 2775 Christi,
1902 2727 2061 2780 usque

2161 1968 2220 2022 δὲ
2272 1971 2469 2022 ποιεῖὸ
2502 1970 2711 2033 Παῦλος
2772 1972 2916 2042 ὑπὲρ
2970 1974 3149 2027 αὐτῶν
3194 1974 3303 2027 τῶν
3330 1976 3713 2044 Φιλιππησίων·

2165 2061 2347 2129 μεῖζον
2382 2060 2491 2132 γὰρ
2523 2061 2582 2114 τὸ
2607 2062 2795 2133 κέρδος
2814 2062 2890 2134 τῷ
2920 2064 3181 2130 ποιοῦντι,
3205 2065 3239 2137 ἢ
3269 2065 3347 2138 τῷ
3369 2067 3621 2138 πάσχοντι
3637 2060 3711 2120 εὖ.

2235 2340 2344 2394 Καὶ
2404 2339 2548 2408 τοὺς
2611 2341 2920 2408 τοιούτους
3003 2341 3286 2412 ἐντίμους
3358 2341 3546 2410 ἔχετε.
3609 2338 3712 2393 Ἵνα

2166 2432 2240 2502 μὴ
2286 2431 2411 2503 δέξῃ
2459 2431 2608 2504 αὗτῷ
2664 2433 2810 2504 μόνῳ
2854 2433 3199 2504 χαρίζεσθαι,
3239 2434 3434 2498 κοινῶς
3483 2433 3712 2504 παραινεῖ

2162 2525 2370 2589 πάντας
2425 2525 2552 2588 τοὺς
2604 2525 2703 2595 τὴν
2743 2526 2912 2598 αὐτὴν
2945 2527 2992 2559 ⁸⁸
3025 2527 3225 2599 ἀρετὴν
3253 2523 3710 2596 ἐπιδεικνυμένους

2160 2618 2348 2687 τιμᾷν,

2235 2709 2360 2762 Ὀτι
2388 2710 2484 2764 διὰ
2511 2713 2578 2765 τὸ
2625 2715 2803 2781 ἔργον
2839 2711 2945 2766 τοῦ
2983 2711 3243 2780 Χριστοῦ
3267 2710 3447 2782 μέχρι
3468 2707 3706 2764 θανάτου

489 2807 559 2859 ad
598 2813 818 2858 mortem
878 2803 1118 2873 accessit,
1162 2817 1354 2862 etiam
1391 2817 1501 2861 saw
1551 2819 1734 2876 parum
1765 2805 2059 2864 remaneas.

2175 2801 2390 2878 ἥγνισε,
2413 2803 3057 2879 iraeadem/suadeant:
3090 2802 3164 2875 τῇ
3177 2802 3352 2875 ψυχῇ
3372 2802 3439 2859 η,
3471 2801 3569 2855 Τδν
3593 2799 3708 2853 Ἐπ.

491 2903 912 2975 Epaphroditum
967 2902 1238 2955 miserunt
1295 2901 1361 2953 ad
1407 2898 1632 2953 Paulum
1668 2899 2060 2969 Phillppeuses,

2175 2901 2452 2972 ιφρόδιτον
2497 2901 2746 2972 ἔπεμψαν
2785 2901 2834 2953 οἱ
2883 2901 3231 2969 Φιλιππήσιοι
3293 2896 3432 2965 πρὸς
3496 2891 3704 2955 Παῦλον,

490 3007 550 3052 ut
579 2996 842 3066 perferret
872 2994 936 3048 ad
959 3009 1081 3047 eum
1107 2991 1409 3046 necessaria
1431 2991 1626 3061 quibus
1655 2990 1877 3045 haberet
1904 3005 2058 3060 opus.

2175 2992 2544 3063 Βιακομίζοντα
2572 2993 2720 3064 αύτῷ
2772 2991 2844 3045 τὰ
2898 2992 3033 3062 πρὸς
3083 2989 3295 3062 χρείαν.
3334 2982 3505 3057 Εὗρεν
3533 2983 3616 3038 οὖν
3657 2983 3706 3034 ἐν

492 3088 715 3159 Ιὶυροι·ἰι
761 3088 926 3157 igitur
956 3084 1180 3140 Paulum
1219 3083 1405 3138 Romae
1440 3083 1492 3136 in
1528 3083 1809 3154 periculis,
1843 3084 2061 3154 quando

2175 3084 2426 3147 κινδύνοις
2470 3085 2561 3139 τὸν
2609 3084 2819 3139 Παῦλον
2849 3086 2907 3138 ὲν
2945 3081 3131 3152 Ῥώμῃ
3157 3080 3224 3145 θ’,
3259 3079 3349 3133 ὅτε
3394 3073 3706 3129 ἐπικίνδυνον

490 3177 852 3244 periculosum
885 3183 1002 3230 erat
1033 3173 1192 3228 alicui
1223 3171 1288 3226 ad
1324 3172 1474 3226 illum
1525 3172 1803 3238 accedere,
1846 3172 2060 3229 ittfeuso

2175 3171 2231 3246 ἧν
2259 3193 2380 3228 τινα
2415 3175 2730 3246 προσελθεῖν
2765 3173 2933 3245 αὐτῷ,
2954 3174 3029 3237 ὡς
3059 3172 3152 3225 τοῦ
3188 3169 3453 3241 βασιλέως
3480 3164 3705 3236 ἀπεχθῶς

488 3265 737 3320 videlicet
785 3279 910 3334 erga
950 3264 1123 3332 ipsum
1170 3263 1516 3332 imperatore.
1558 3260 1695 3316 Tum
1732 3263 1896 3333 igitur
1942 3263 2055 3330 ille,

2175 3269 2293 3339 πρὸς
2321 3269 2484 3321 αὐτὸν
2517 3267 2753 3339 ἔχοντος.
2777 3267 2912 3320 Τότε
2964 3265 3145 3318 τοίνυν
3191 3256 3349 3324 οὗτος
3390 3259 3581 3322 παντὸς
3607 3274 3700 3309 κιν-

485 3359 632 3413 otnui
666 3359 906 3429 periculo
955 3357 1285 3427 posthabito,
1333 3358 1661 3414 ministravit
1715 3359 1909 3415 Paulo.
1943 3359 2055 3414 lloc

2175 3356 2315 3408 itivou
2366 3358 2811 3428 καταφρονήσας,
2853 3355 3141 3425 διηκόνησε
3172 3351 3249 3423 τῷ
3295 3351 3510 3422 Παύλῳ.
3554 3347 3702 3400 Τοῦτο

488 3453 652 3521 igitur
677 3467 819 3507 nunc
865 3451 1014 3506 dicit.
1069 3450 1454 3507 Animadverte
1486 3459 1666 3507 autem
1708 3470 1722 3507 :
1763 3467 1867 3508 non
1898 3451 2054 3518 dixit,

2175 3446 2250 3501 ὧν
2281 3447 2375 3503 νῦν
2401 3449 2569 3518 λέγει.
2601 3449 2706 3501 Καὶ
2727 3449 2826 3518 ὅρα
2844 3463 2857 3478 ·
2885 3448 2987 3501 οὐκ
3016 3443 3159 3512 εἷπε,
3185 3445 3263 3499 Δι’
3299 3445 3421 3515 ἐμὲ,
3456 3441 3597 3502 ἀλλά,
3619 3437 3701 3490 Διά

490 3548 712 3614 Propter
745 3559 873 3612 me;
913 3545 1027 3610 sed,
1061 3542 1291 3613 Propter
1331 3558 1467 3613 Opus
1498 3545 1589 3599 Dei
1641 3559 1828 3612 parum
1861 3559 2057 3598 consu-

2175 3544 2220 3596 ιδ
2259 3542 2416 3613 ἔργον
2439 3541 2533 3596 τοῦ
2565 3541 2700 3594 Θεοῦ
2723 3537 3220 3608 παρεϐουλεύσατο,
3241 3537 3536 3599 τουτέστιν,
3561 3531 3696 3600 susp-

488 3638 610 3704 luit,
648 3638 747 3692 hoc
773 3646 876 3703 est,
919 3637 1156 3706 seipsum
1205 3635 1388 3704 injecit
1426 3635 1607 3690 morti.
1645 3635 1782 3703 Quid
1814 3637 1956 3691 enim
1988 3636 2055 3700 si,

2175 3631 2317 3701 ιιψεν
2355 3631 2548 3685 ἑαυτὸν
2597 3630 2676 3700 τῷ
2717 3630 2954 3700 θανάτῳ.
3002 3629 3066 3681 Ti
3101 3628 3208 3697 γὰρ
3237 3627 3285 3679 εἰ
3343 3626 3419 3696 μὴ
3469 3622 3695 3683 ἀπέθανε,

488 3729 596 3784 Deo
628 3729 700 3782 ita
751 3729 1132 3798 dispensante,
1167 3736 1411 3782 mortuus
1457 3743 1560 3781 non
1594 3728 1720 3782 est?
1756 3727 1844 3782 Ille
1878 3737 2055 3782 tamen

2175 3723 2253 3777 τοῦ
2272 3721 2406 3776 Θεοῦ
2431 3723 2918 3792 οῖκονομήσαντοςς
2963 3719 3101 3772 Ἀλλ’
3124 3718 3286 3780 αὑτός
3317 3734 3381 3786 γε
3409 3716 3502 3785 τὴν
3531 3711 3698 3784 προαί-

486 3830 787 3890 promptam
819 3820 1148 3874 voluntatem
1181 3817 1495 3873 declaravit.
1549 3818 1816 3884 Quocirca
1849 3828 1902 3871 et
1937 3832 2056 3882 nos,

2175 3832 2324 3886 Ρεσιν
2356 3815 2544 3881 ἔδειξε·
2576 3815 2687 3867 Καὶ
2719 3815 2880 3884 ἡμεῖς
2908 3807 3022 3878 οὖν,
3063 3812 3192 3864 ὅταν
3226 3810 3428 3879 ἴδωμεν
3459 3807 3631 3876 ἁγίους
3653 3804 3700 3854 ὲν

487 3909 770 3980 siquando
816 3909 1108 3964 viderimus
1160 3916 1378 3962 sanctos
1436 3906 1690 3976 periculis
1742 3908 2054 3971 immersos,

2175 3907 2450 3971 κινδύνοις,
2479 3904 3044 3975 παραὸουλευώμεθα·
3072 3902 3232 3956 τοῦτο
3264 3902 3375 3973 γὰρ
3435 3898 3696 3969 ἀσφάλεια,

489 4002 727 4073 pericula
759 4001 1110 4072 negligemus.
1164 3997 1292 4053 Haec
1320 3999 1464 4053 enim
1500 3999 1717 4054 demum
1767 4007 1850 4053 est
1896 4014 2056 4053 secu-

2175 3997 2220 4050 rb
2254 3998 2312 4053 ὲν
2337 3999 2450 4061 τοῖς
2479 3995 2740 4060 τοιούτοις
2780 3993 3173 4067 ῥιψοκίνδυνον.

494 4096 647 4159 ritas,
679 4091 734 4147 in
793 4091 1098 4160 hujustnodi
1154 4091 1318 4146 rebus
1352 4090 1410 4144 in
1446 4091 1682 4159 pericula
1734 4106 1834 4146 nos
1886 4089 2057 4159 conji-

488 4201 614 4242 cere

558 4275 626 4330 Ut
658 4270 889 4342 impleret
919 4277 974 4329 id
999 4276 1136 4346 quod
1162 4291 1226 4330 ex
1249 4277 1389 4330 vobis
1425 4276 1627 4342 deerat,
1659 4276 1712 4328 in
1739 4283 1905 4330 vestro
1933 4292 2056 4346 erga

485 4383 566 4420 me
600 4368 907 4421 ministerio.
954 4364 1084 4431 Vos,
1124 4366 1316 4435 inquit,
1360 4381 1463 4418 nou
1520 4365 1697 4420 fuistis
1746 4365 1964 4432 Romae,
2000 4373 2059 4419 ut

486 4458 618 4513 mihi
644 4457 1002 4528 corporaliter
1031 4458 1438 4521 ministraretis,
1466 4457 1564 4512 etsi
1593 4457 1898 4511 necessaria
1925 4456 2055 4510 mihi

487 4548 920 4605 transmise‘ritis.
958 4547 1069 4604 Hoc
1107 4550 1269 4618 igitur
1298 4548 1439 4618 quod
1478 4547 1630 4602 vobis
1658 4545 1862 4610 defuit,
1891 4547 2055 4601 nimi-

487 4659 630 4708 rum,
672 4639 816 4710 quod
847 4655 1073 4709 corpore
1105 4654 1374 4707 manuque
1411 4638 1538 4693 mibi
1573 4653 1682 4693 non
1713 4639 2058 4694 ministrave-

2231 4267 2365 4320 Ἵνα
2389 4263 2800 4332 ἀναπληρώσῃ
2827 4263 2892 4317 τὸ
2917 4261 3083 4334 ὑμῶν
3114 4259 3419 4331 ὑστέρημα
3447 4259 3550 4328 τῆς
3573 4257 3699 4323 πρός

2155 4374 2229 4426 με
2249 4360 2642 4425 λειτουργίας.
2673 4355 2882 4425 Ὑμεῖς,
2901 4358 3089 4424 φησὶν,
3109 4355 3168 4406 οὐ
3191 4354 3405 4424 παρῆτε
3429 4355 3485 4404 ἐν
3512 4349 3698 4418 Ῥώμῃ,

2161 4451 2250 4504 ἵνα
2282 4451 2376 4503 καὶ
2407 4447 2736 4519 σωματικῶς
2770 4464 2860 4518 μοι
2889 4447 3270 4517 διακονήοητε,
3290 4447 3338 4498 εἰ
3367 4446 3460 4498 καὶ
3487 4445 3550 4496 τὰ
3581 4443 3698 4510 πρὸς

2162 4541 2348 4612 χρείαν
2379 4539 2682 4611 ἐπέμψατε.
2708 4541 2877 4593 Τοῦτο
2894 4539 3008 4606 οὖν,
3027 4539 3056 4592 δ
3077 4541 3414 4610 ὑστερήσατε
3434 4539 3599 4609 ὑμεῖς,
3615 4535 3698 4603 τὴν

2091 4614 2133 4668 Ῑ)
2161 4633 2249 4686 διὰ
2281 4634 2379 4702 τῆς
2429 4632 2614 4703 χειρὸς
2641 4631 2688 4663 ³⁸
2715 4631 2810 4684 καὶ
2834 4630 2929 4684 τοῦ
2961 4630 3212 4702 σώματος
3246 4630 3594 4700 λειτουργίαν,
3619 4625 3699 4677 αὐ-

483 4732 628 4796 ritis,
669 4731 782 4799 ipse
823 4727 1130 4796 complevit,
1188 4733 1429 4782 omnium
1481 4736 1715 4781 vestrum
1775 4727 1894 4782 loco
1931 4727 2060 4782 mihi

2175 4726 2252 4787 τὸς
2305 4725 2714 4793 ἀνεπλήρωσεν,
2754 4723 2878 4776 ἀντὶ
2927 4723 3144 4776 πάντων
3195 4721 3351 4792 ὑμῶν
3403 4719 3696 4787 διακονήσεις

483 4817 807 4874 inserviens.
839 4815 1018 4882 Quare
1048 4816 1242 4886 dignus
1273 4817 1432 4870 fuerit
1459 4816 1543 4870 cui
1574 4815 1866 4886 plurimum
1900 4818 2060 4873 bene-

2175 4833 2272 4871 ιοι.
2304 4815 2467 4867 Ὥστε
2497 4814 2705 4876 δίκαιος
2737 4813 2805 4867 ἂν
2839 4815 2925 4884 atq
2959 4816 3052 4868 καὶ
3091 4814 3295 4882 πολλῆς
3325 4813 3454 4886 παρ’
3476 4813 3592 4883 ὑμῖν
3619 4809 3696 4861 εὕ-

480 4910 733 4966 volentiae
758 4909 1083 4974 ostendatis,
1107 4923 1172 4962 eo
1193 4909 1337 4977 quod
1368 4908 1483 4975 ipse
1510 4908 1656 4963 solus
1673 4923 1792 4977 quae
1813 4909 2055 4964 omnium

2175 4907 2303 4970 ροίας
2341 4905 2666 4972 ἀπολαῦσαι,
2700 4906 2776 4968 ὡς
2812 4908 2881 4960 τά
2919 4907 3138 4960 πάντων
3159 4908 3206 4939 ⁹⁹
3247 4907 3400 4977 ὑμῶν
3437 4906 3587 4975 μόνος
3614 4901 3696 4954 αὖ·

480 5015 726 5060 vestrum
753 5011 929 5064 erant,
968 5000 1231 5055 attulerit.
1263 4999 1519 5070 Expende
1549 5008 1753 5066 autem,
1786 5001 2054 5070 quomodo

2175 5001 2247 5062 τὸς
2275 4998 2618 5067 εἰσενεγκὼν.
2653 4999 2796 5068 Ὅρα
2831 4997 2908 5064 δὲ,
2936 4998 3054 5062 πῶς
3093 4998 3433 5069 λειτουργίαν
3463 5000 3518 5051 τὸ
3545 4993 3697 5064 πρᾶτ-

482 5112 593 5152 rem
648 5095 842 5163 ipsam,
903 5093 1266 5148 ministerium
1317 5105 1380 5145 ac
1421 5088 1686 5145 defectum
1742 5101 1935 5156 vocet,
1997 5103 2058 5147 ut

2175 5108 2235 5144 tot
2268 5090 2423 5144 καλεῖ
2459 5090 2552 5143 καὶ
2581 5089 2882 5161 ὑστέρημα,
2927 5089 3014 5142 ἵνα
3063 5090 3207 5161 δείξῃ
3250 5091 3333 5144 ὅτι
3382 5088 3560 5158 ὁφειλή
3596 5088 3693 5137 ἐστι

479 5188 731 5242 ostendat
756 5188 1132 5242 necessitatem
1163 5191 1219 5237 et
1249 5182 1488 5235 debitum
1523 5196 1644 5237 esse
1671 5185 1961 5251 quoddam,
1997 5194 2053 5239 ut

2175 5181 2250 5233 ιαὶ
2277 5180 2455 5252 χρέος,
2491 5180 2554 5233 τὸ
2589 5179 2715 5242 τοὺς
2746 5182 2804 5233 ὲν
2836 5179 3018 5234 ἀνέσει
3052 5180 3213 5243 ὄντας
3239 5180 3450 5251 βοηθεῖν
3475 5179 3576 5238 τοῖς
3595 5188 3692 5226 κιν-

425 5292 435 5299 ’
480 5280 515 5333 ii
541 5279 632 5348 qui
663 5278 714 5332 in
744 5275 1136 5346 tranquillitate
1161 5285 1310 5343 sunt,
1336 5276 1765 5346 periclitantibus
1782 5275 2048 5345 Opitulen-

2175 5275 2455 5338 iuvetiuvet,
2510 5272 2608 5326 καὶ
2635 5271 2664 5324 ὁ
2700 5271 2776 5342 μὴ
2804 5273 2972 5326 ποιῶν
3005 5273 3186 5336 τοῦτο,
3219 5272 3453 5342 ὑστερεῖ,
3485 5269 3552 5331 ὡς
3581 5268 3604 5319 ὁ
3631 5262 3688 5315 τὰ

477 5377 606 5424 tur:
637 5379 693 5424 et
737 5367 828 5438 qui
882 5367 982 5423 hoc
1035 5382 1140 5423 non
1195 5367 1404 5433 fecerit,
1458 5367 1502 5423 is
1559 5365 1792 5424 oﬂlcium
1825 5366 2043 5433 deserit,

2175 5366 2463 5437 ῖημοσιακά
2489 5366 2929 5437 λειτουργήματα
2957 5366 3036 5439 μὴ
3071 5365 3293 5438 πληρῶν
3319 5366 3358 5420 ⁸.
3390 5365 3498 5418 Ἵνα
3520 5359 3602 5414 οὖν
3619 5355 3683 5428 μὴ

623 5528 637 5576 i
687 5524 709 5578 l
741 5525 869 5582 Cor.
889 5540 966 5588 χι,
993 5524 1084 5580 ‘29.

1821 5642 2021 5705 Varie)
2042 5643 2364 5708 lectiones.

479 5843 505 5894 ὑ
548 5769 593 5802 ’⁵
638 5767 804 5850 αὑτοῦ
855 5785 908 5825 ο.
987 5769 1031 5802 ⁹⁶
1076 5767 1172 5840 τὴν
1226 5767 1408 5840 ψυχήν
1445 5782 1498 5824 o.
1579 5769 1619 5801 "
1675 5769 1814 5824 κατὰ
1848 5769 1945 5842 τὴν
1988 5769 2207 5842 Ῥώμην
2228 5788 2279 5827 ο.
2353 5774 2398 5806 ³⁸
2421 5771 2528 5828 τῶν
2549 5769 2750 5844 χειρῶν
2781 5785 2833 5828 o.
2909 5772 2952 5805 "
2982 5769 3157 5826 πάντα
3185 5785 3238 5825 0.
3316 5767 3332 5800 ¹
3371 5758 3656 5833 λειτουργίαῖ

515 5855 719 5894 areae»;
745 5854 798 5894 0.

515 5855 719 5909 στερῳιν
745 5854 798 5905 ρ.
