3932 6572
273 389 410 455 ΙῙΤἹ

1045 398 1449 461 EXPOSITIO
1489 402 1570 463 IN
1618 403 1858 468 EPIST.
1899 407 1999 468 AD
2039 409 2367 475 PHILIPP.
2400 441 2467 452 -
2496 418 2654 482 CAP.
2700 421 2822 485 III.

3397 428 3551 514 ms

268 508 594 576 νομίςαντες
647 509 791 581 μέγα
824 527 877 564 τι
910 512 1161 582 ποιῆσαι,
1197 515 1690 589 ὑψηλοφρονήσωσι
1749 521 1826 574 κα⁴

1949 529 2174 594 perinde
2203 545 2268 585 ac
2321 533 2412 602 qui
2470 536 2687 605 publica
2747 539 3054 597 ministeria
3102 550 3156 598 et
3217 544 3392 616 oilicia
3427 566 3534 606 non

265 599 576 653 ἀπολέσωσι
605 600 700 654 τὸν
724 602 917 672 μισθὸν
935 643 952 670 ,
979 604 1122 659 οὕτω
1147 607 1306 660 τοῦτο
1329 608 1603 680 ὠνόμασε,
1635 628 1854 682 μετριο-

267 693 529 759 φρονεῖν·
572 693 771 759 αὐτοὺς
844 698 1310 768 παρασκευάζων,
1371 702 1447 765 ὡς
1503 703 1664 774 χρὲος
1714 706 1850 760 ἁπο-

263 783 476 848 δόντας.

888 1087 1138 1143 ΚΕΦΑΛ.
1171 1088 1248 1149 Γ’.

342 1199 415 1252 Τὸ
474 1198 717 1264 λοιπὸν,
757 1198 1016 1270 ἀδελφοί
1055 1221 1199 1271 μου,
1241 1205 1476 1274 χαιζοετε
1515 1206 1585 1260 ἐν
1627 1210 1842 1276 Κυρίῳ.

261 1291 488 1362 Ἐπειδὴ
527 1285 669 1363 ἦσαν
722 1290 822 1363 μὲν
858 1294 915 1347 ὲν
945 1294 1156 1366 ἀθυμίᾳ
1204 1296 1294 1349 διὰ
1323 1297 1381 1350 τὸ
1432 1298 1508 1368 μὴ
1551 1299 1842 1368 γινώσκειν

258 1383 376 1446 πῶς
415 1384 486 1437 τὰ
535 1385 675 1439 κατὰ
715 1386 805 1440 τὸν
850 1387 1085 1453 Παῦλον,
1127 1389 1244 1451 πῶς
1287 1389 1349 1443 τὸ
1392 1393 1676 1462 κήρυγμα,
1723 1394 1840 1457 πῶς

254 1475 334 1546 τῷ
377 1476 756 1550 Ἐπαφροδίτῳ
789 1479 858 1532 τὰ
889 1480 987 1548 τῆς
1018 1480 1198 1544 νόσου,
1227 1479 1384 1534 ἔλυσε
1415 1483 1472 1536 δὲ
1505 1484 1680 1538 ταῦτα
1705 1484 1840 1536 πάν-

251 1585 324 1622 τα
356 1567 552 1635 εἰπὼν,
580 1570 663 1622 ὅτι
695 1572 804 1624 Καὶ
839 1571 899 1624 τὸ
936 1571 1270 1640 Εὐαγγέλιον
1329 1574 1630 1641 ἐπιδίδωσι,
1684 1577 1840 1646 κάγὼ

253 1661 514 1732 ἔρχομαι,
563 1663 657 1714 καὶ¹
703 1663 732 1714 ὁ
792 1662 1183 1734 Ἐπαφρόδιτος
1245 1666 1518 1734 ἐπεστάλη
1568 1667 1633 1740 [Ι.
1684 1669 1834 1742 ἁπ.],

253 1751 427 1824 φησι·
464 1753 533 1806 Τὸ
557 1753 777 1805 λοιπὸν
809 1757 1068 1822 χαίρετε.
1098 1755 1337 1826 Οὐδεμία
1368 1757 1476 1837 γάρ
1507 1759 1588 1810 ἐτι
1622 1759 1836 1830 πρόφα-

1955 619 2212 688 complet.
2243 620 2322 677 Ne
2382 624 2546 695 igitur
2587 628 2754 702 448
2803 632 3178 691 existimantes
3237 652 3298 693 se
3354 644 3535 712 magni

1954 710 2232 778 quippiam
2265 712 2477 782 fecisse,
2513 723 2800 788 magniﬁce
2831 724 2896 778 de
2923 740 2982 780 se
3012 729 3266 793 sentiant,
3297 747 3362 786 ac
3396 710 3536 789 mer-

1953 803 2140 859 cedem
2173 820 2326 860 suam
2355 811 2605 879 perdant,
2641 814 2744 868 hoc
2775 819 2996 873 nomine
3022 836 3133 875 rem
3167 823 3322 878 istam
3353 829 3536 892 appel-

1951 893 2106 961 lavit,
2141 895 2350 952 faciens
2373 900 2474 954 hoc
2507 914 2663 972 pacto
2686 921 2778 960 eos
2795 909 3069 965 moderate
3095 925 3306 982 sapere,
3333 917 3534 988 quippe

1951 986 2043 1056 qui
2077 989 2417 1048 reddiderint
2442 995 2585 1062 quod
2621 997 2910 1056 debebant.

2552 1106 2783 1165 CAPUT
2837 1111 2926 1168 III.

2019 1214 2180 1272 νεεδ.
2220 1217 2272 1272 l.
2313 1219 2465 1285 Quod
2494 1223 2750 1293 reliquum
2784 1236 2880 1290 est,
2917 1229 3109 1298 fratres
3142 1236 3263 1298 mei,
3298 1235 3522 1305 gaudete

1945 1308 1998 1362 in
2029 1309 2271 1366 Domino.
2303 1313 2744 1385 Quandoquidem
2781 1319 2833 1373 in
2883 1335 3120 1378 mmrore
3154 1334 3330 1389 erant,
3385 1327 3528 1396 quod

1950 1400 2266 1470 ignorarent
2293 1408 2566 1473 quomodo
2594 1424 2682 1463 res
2717 1409 2867 1464 Pauli
2894 1427 2951 1466 se
2987 1412 3269 1478 haberent,
3304 1430 3531 1485 quo|no-

1945 1492 2015 1546 do
2044 1493 2196 1548 verbi
2233 1497 2932 1575 przedicatio‘succederet,
2986 1505 3254 1572 quomodo
3298 1505 3529 1570 denique

1949 1581 2349 1653 Epaphroditus
2378 1589 2622 1651 valeret,
2665 1592 2778 1646 haec
2819 1603 2999 1648 autem
3043 1598 3222 1650 omnia
3267 1597 3527 1663 solverat,

1946 1675 2218 1744 inquiens,
2254 1677 2605 1751 Evangelium
2631 1685 2848 1752 crescit,
2879 1694 2932 1742 et
2958 1702 3056 1758 ego
3079 1689 3143 1742 ad
3171 1703 3263 1744 vos
3291 1692 3526 1757 veniam,

1945 1767 2447 1843 Epaphroditusque
2471 1775 2582 1840 jam
2611 1778 2929 1834 emandatus
2949 1790 3052 1845 est,
3096 1779 3248 1847 Quod
3269 1785 3525 1854 reliquum

252 1862 338 1907 σις
389 1845 484 1899 τοῦ
519 1843 596 1916 μὴ
635 1844 864 1916 χαίρειν.
906 1846 1046 1910 Τοὺς
1100 1848 1199 1916 μὲν
1237 1847 1330 1901 οὖν
1380 1850 1628 1914 Γαλάτας
1673 1853 1826 1907 τέκνσ

1945 1871 2039 1927 est,
2072 1862 2264 1931 inquit,
2299 1867 2562 1936 gaudete:
2603 1868 2745 1922 nulla
2790 1872 2934 1924 enim
2987 1873 3097 1942 jam
3133 1876 3319 1928 subest
3365 1877 3524 1941 ratio,

249 1936 435 2000 καλεῖ,
457 1936 647 2006 ἐπειδὴ
675 1937 1016 2006 διορθώσεως
1049 1939 1259 1993 ἐδέοντο
1279 1957 1293 1973 ·
1335 1941 1559 2006 τοὺτους
1585 1944 1639 1997 δὲ
1683 1945 1837 1998 ἀδελ-

247 2029 410 2098 φοὺς,
435 2029 624 2100 ἐπειδὴ
665 2032 803 2100 μετὰ
837 2031 1005 2101 τιμῆς
1035 2033 1220 2096 αὐτοῖς
1249 2033 1584 2103 διαλέγεται.
1629 2039 1828 2104 Καλῶς

247 2122 305 2176 δὲ
336 2118 524 2176 εἶπεν·
567 2123 670 2176 Ἐν
703 2125 919 2193 Κυρίῳ.
940 2125 1014 2177 Τὸ
1053 2126 1162 2196 γὰρ
1189 2127 1330 2182 κατὰ
1369 2128 1574 2198 κόσμον
1597 2131 1830 2201 χαίρειν,

246 2218 349 2268 οὐκ
386 2216 507 2269 ἔστι
554 2217 799 2287 χαίρειν·
849 2217 964 2272 ἀλλ’
1005 2209 1064 2272 ἐν
1115 2221 1326 2291 Κυρίῳ,
1366 2223 1461 2275 καὶ
1515 2225 1568 2276 αί
1624 2224 1834 2295 θλίψεις

169 2356 176 2362 .
244 2310 428 2380 χαρὰν
467 2308 704 2380 ἔχουσιν.
747 2311 841 2377 Ἣ,
891 2313 974 2366 ὅτι
1034 2312 1255 2385 Ἐπειδὴ
1288 2317 1316 2368 ὁ
1362 2316 1567 2388 Κύριος
1616 2319 1732 2390 ῥᾴω
1765 2321 1833 2374 τὰ

248 2400 561 2470 πράγματα
599 2403 852 2474 ἐποίησε,
876 2404 1119 2475 χαίρετε.

316 2576 405 2631 Τὰ
453 2576 605 2632 αὐτά
633 2577 882 2648 γράφειν
905 2581 1068 2650 ὑμῖν,
1101 2582 1230 2654 ἐμοὶ
1246 2585 1365 2653 μὲν
1388 2587 1501 2640 οὐκ
1549 2587 1828 2658 ὀκνηρὸν,

240 2667 392 2736 ὑμῖν
427 2667 495 2720 δὲ
528 2670 815 2739 ἀσφελές.
859 2673 1015 2726 Μετὰ
1047 2674 1108 2726 τὸ
1150 2675 1321 2730 πολλὰ
1357 2678 1556 2752 αἰετοὺς
1611 2681 1832 2734 ὲπαινέ-
1879 2703 1882 2706 ’

243 2779 358 2827 σαι,
388 2761 512 2815 τότε
545 2763 645 2833 τὴν
677 2765 1005 2834 παραίνεσιν
1058 2769 1294 2840 εἰσάγει,
1341 2772 1428 2826 ἵνα
1461 2773 1536 2845 μὴ
1566 2774 1625 2840 ἐξ
1655 2775 1831 2846 ἀρχῆς

242 2855 506 2924 φορτικὸς
531 2856 681 2927 δόξῃ.

311 2946 582 3002 Βλέπετε
613 2949 756 3015 τοὺς
789 2953 1000 3019 κύνας.
1051 2948 1232 3011 Ἦσαν
1261 2957 1370 3029 γάρ
1396 2977 1542 3024 τινες
1563 2960 1827 3028 Ἰουδαῖοι,

239 3041 288 3094 οἳ
350 3042 773 3114 ὑποκρινόμενοι
823 3048 1278 3120 Χριστιανισμδν,
1321 3055 1416 3106 καὶ
1465 3055 1830 3125 κηρύττοντες

238 3133 406 3202 δῆθεν
439 3135 500 3189 τὸ
530 3136 1279 3212 Εὑαγγέλιον,’παρεμίγνυον
1304 3146 1402 3198 καὶ
1430 3146 1499 3200 τὰ
1538 3147 1828 3204 Ἰουδαϊκὰ.

1949 1967 2047 2007 cur
2076 1969 2180 2009 non
2205 1959 2440 2026 gaudere
2467 1961 2731 2016 debeatis.
2781 1962 3000 2018 Galatas
3033 1965 3196 2034 igitur
3230 1967 3368 2021 tilios
3403 1969 3524 2034 qui-

1941 2047 2064 2102 dem
2101 2058 2278 2118 vocat,
2309 2052 2433 2121 quia
2468 2056 2804 2112 correctione
2826 2066 2878 2112 et
2907 2059 3287 2113 emendatione
3312 2059 3523 2129 indige-

1937 2139 2100 2195 bant:
2134 2141 2232 2196 hos
2258 2158 2384 2199 vero
2411 2144 2607 2202 fratres
2626 2149 2902 2203 nominat:
2933 2165 3052 2203 nam
3079 2151 3373 2204 honoriﬁce
3398 2167 3520 2206 cum

1936 2231 2040 2286 illis
2071 2232 2324 2301 loquitur.
2342 2235 2567 2293 Pulchre
2584 2249 2759 2293 autem
2781 2241 2936 2305 dixit,
2951 2240 3013 2294 In
3036 2241 3292 2296 Domino:
3327 2244 3521 2307 laetari,

1933 2324 2078 2378 enim
2110 2327 2410 2382 secundum
2472 2330 2759 2397 mundum,
2798 2349 2906 2388 non
2958 2343 3042 2389 est
3077 2334 3278 2401 lzetari,
3320 2336 3414 2390 sed
3466 2336 3521 2389 in

1935 2414 2304 2488 Dominoipsa:
2325 2420 2485 2475 etiam
2505 2422 2818 2480 amicliones
2845 2427 3098 2496 gaudium
3132 2427 3349 2484 habent.
3378 2427 3472 2481 Vel
3503 2444 3519 2480 :

1935 2507 2356 2574 Quia:Dominus
2388 2528 2474 2568 res
2506 2523 2719 2569 nostras
2754 2515 2936 2571 faciles
2961 2517 3215 2582 reddidit,
3243 2518 3518 2573 hetamini.

2004 2599 2209 2654 Eadem
2237 2605 2460 2658 scribere
2489 2606 2654 2671 vobis,
2677 2609 3024 2677 mihiquidem
3051 2626 3152 2662 non
3185 2619 3260 2663 est
3285 2610 3516 2679 pigrum,

1933 2691 2078 2748 vobis
2114 2703 2290 2748 autem
2321 2686 2514 2752 lutum.
2546 2697 2679 2752 Cum
2715 2700 2901 2754 multis
2927 2716 3021 2756 eos
3049 2702 3362 2756 nominibus
3385 2718 3521 2770 pra:-

1933 2785 2196 2847 dicasset,
2240 2785 2446 2841 inducit
2481 2790 2696 2844 tandem
2726 2792 3177 2859 adhortationem,
3209 2808 3276 2847 ne
3335 2793 3518 2850 statim

1933 2874 1987 2927 in
2015 2875 2282 2946 principio
2311 2893 2580 2936 onerosus
2615 2881 2880 2937 videatur.

2005 2964 2164 3023 VERS.
2194 2968 2250 3022 2.
2281 2969 2459 3026 Videte
2475 2988 2649 3028 canes.
2675 2973 2843 3029 Erant
2873 2974 3014 3029 enim
3051 2976 3290 3030 nonnulli
3318 2973 3513 3042 Judaei,

1930 3056 2022 3125 qui
2077 3057 2395 3115 simulantes
2471 3062 2950 3119 Christianismum
3028 3081 3093 3120 ac
3164 3066 3515 3136 Evangelium

1931 3150 2355 3220 promulgantes,
2381 3151 2537 3206 simul
2562 3151 2780 3210 Jndaica
2805 3158 3198 3212 admiscebant.
3223 3157 3360 3224 Quia
3391 3172 3518 3210 vero

252 3225 413 3279 Ἐπεὶ
453 3224 547 3282 οὖν
607 3229 1031 3299 δυσδιάγνωστοι
1088 3229 1250 3306 ἦσαν,
1306 3235 1396 3289 διὰ
1443 3238 1604 3292 τοῦτό
1658 3257 1826 3310 φησι·

1943 3255 2046 3293 non
2110 3239 2264 3295 facile
2320 3241 2616 3297 internosci
2674 3253 2963 3312 poterant,
3023 3256 3325 3315 propterea.
3360 3246 3514 3307 dicit,

240 3317 532 3383 Βλέπετε,
571 3321 816 3390 τηρεῖτε,
871 3323 1194 3393 προσέχετε,
1221 3323 1537 3395 μὴιλάθωσι.
1569 3327 1745 3392 Κύνες
1773 3330 1830 3383 δὲ

239 3406 512 3476 πρότερον
564 3407 661 3479 μὲν
696 3409 989 3464 ἐκαλοῦντο
1009 3414 1057 3464 οί
1089 3413 1313 3480 ἐθνικοὶ,
1357 3416 1452 3470 νῦν
1495 3417 1552 3471 δὲ
1601 3419 1652 3472 οἱ
1700 3419 1832 3474 ’1ου-

236 3498 499 3564 δαῖει,ὡ;
535 3500 718 3572 ίταμοὶ
751 3504 770 3532 ³
808 3504 903 3556 καὶ
937 3505 1073 3570 πρὸς
1116 3507 1176 3560 τὸ
1229 3508 1347 3579 φῶς
1401 3511 1503 3581 τῆς
1559 3511 1823 3584 ἀληθείας

237 3593 756 3662 ἀναισχυντοῦντες,
808 3597 906 3649 καὶ
961 3599 1104 3654 κατὰ
1160 3601 1379 3657 πάντων
1443 3605 1825 3671 ὑλακτοῦντες.

309 3685 582 3740 Βλέπετε
631 3687 775 3753 τοὺς
823 3691 1050 3758 κακοὺς
1101 3693 1374 3763 ἐργάτας.
1433 3697 1699 3751 Ἐνταῦοα
1733 3701 1828 3752 καὶ

235 3776 338 3848 τῆς
397 3778 508 3831 τῶν
558 3782 739 3835 κυνῶν
801 3786 1180 3858 προσηγορίας
1241 3789 1540 3859 ἀποστερεῖ
1604 3792 1824 3857 αὐτούς.

238 3869 419 3931 Κύνες
473 3871 578 3940 μὲν
636 3873 746 3946 γὰρ
795 3876 984 3931 πολλοὶ
1035 3879 1132 3932 καὶ
1182 3879 1587 3951 ἐπιτραπέζιοι,
1634 3885 1824 3953 φησιν,

234 3963 369 4028 εἰσὶ,
420 3963 518 4017 καὶ
568 3966 668 4029 τὰς
730 3967 838 4021 τῶν
876 3969 1200 4024 δεσποτῶν³
1250 3974 1427 4038 οἰκίας
1459 3977 1822 4048 φρουροῦσιν·

233 4048 385 4108 οὗτοι
421 4055 479 4109 δὲ
512 4057 840 4128 ἐργάζονται
873 4062 994 4132 μὲν,
1024 4064 1138 4116 ἀλλ’
1169 4066 1262 4119 ἐπὶ
1287 4067 1464 4138 κακῷ,
1498 4069 1594 4121 καὶ⁵
1625 4070 1824 4139 ἀργίας

235 4145 419 4216 πολλῷ
468 4148 710 4220 χείρονα,
753 4153 1106 4220 ἀνασπῶντες
1136 4157 1205 4211 τὰ
1241 4158 1419 4222 καλῶς
1461 4161 1821 4228 φυτευθέντα.

302 4240 576 4296 Βλέπετε
606 4245 724 4313 τὴν
745 4248 1111 4317 κατατομήν.
1142 4252 1424 4323 Τουτέστι,
1451 4257 1578 4319 τοὺς
1611 4275 1823 4327 περιτο-

236 4331 349 4402 μὴν
400 4332 649 4403 ἔχοντας.
699 4339 860 4407 Μέγα
908 4341 966 4392 δὲ
1000 4342 1094 4394 καὶ
1131 4342 1317 4413 τίμιον
1355 4340 1423 4415 ἦν
1469 4347 1593 4399 τότε
1623 4347 1645 4379 ⁵
1669 4349 1822 4419 παρὰ

243 4423 526 4488 Ἰουδαίοις
556 4429 588 4498 ἡ
617 4430 912 4502 περιτομὴ,
955 4433 1091 4486 ὅπου
1123 4451 1184 4504 γε
1218 4435 1314 4488 καὶ
1338 4437 1400 4490 τὸ
1425 4437 1702 4492 Σάϐϐατον
1733 4439 1822 4493 διὰ

229 4514 440 4588 ταύτην
487 4519 692 4575 ἐλύετο.
747 4521 900 4578 Ἐπεὶ
939 4520 1032 4579 οὗν
1069 4527 1163 4581 νῦν
1195 4529 1460 4600 ἦργησεν,
1499 4531 1652 4584 οὐδὲν
1688 4531 1820 4586 ἄλλο

230 4609 262 4678 ἢ
291 4613 586 4683 κατατομή
637 4614 808 4670 ἐστιν.
873 4618 1028 4670 Ἐπεὶ
1061 4619 1170 4692 γὰρ
1217 4621 1316 4674 οὐκ
1354 4620 1471 4674 ἐστι
1503 4623 1736 4692 νόμιμον
1760 4624 1818 4677 τὸ

233 4705 546 4774 γενόμενον,
569 4706 668 4778 τὴν
686 4709 864 4778 σάρκα
886 4711 1046 4780 μόνον
1072 4713 1534 4782 κατατέμνουσιν.
1559 4716 1655 4782 "H,
1681 4716 1818 4771 διότι

230 4797 329 4865 τὴν
379 4795 709 4869 Ἐκκλησίαν
743 4802 1046 4874 ἐπειρῶντο
1078 4805 1391 4877 διατέμνειν
1420 4808 1464 4865 ⁸.

313 4976 506 5047 Ἡμεῖς
566 4981 682 5051 γάρ
737 4984 927 5055 ἐσμεν
975 4989 1014 5057 οή
1057 4992 1367 5062 περιτομὴ,
1416 4996 1473 5048 οἱ
1523 4997 1816 5066 πνεύματι

231 5068 356 5134 Θεῴ
393 5075 814 5144 λατρεύοντες.
909 5080 971 5133 El
1021 5081 1124 5147 δεῖ,
1165 5085 1321 5156 φησὶ,
1363 5084 1550 5157 ζητεῖν
1599 5106 1819 5158 περιτο-

233 5161 364 5232 μὴν,
399 5165 528 5236 παρ’
557 5169 690 5237 ἡμῖν
725 5171 925 5243 ταύτην
947 5174 1212 5246 εὑρήσετε
1247 5181 1358 5242 τοῖς
1406 5183 1814 5252 πνευματικῶς,

231 5253 510 5323 τουτέστι,
537 5261 650 5320 τοῖς
699 5260 788 5314 διὰ
829 5262 1007 5334 ψυχῆς
1044 5269 1139 5322 καὶ
1169 5269 1286 5330 νοὸς
1323 5269 1700 5340 λατρεύουσιν.
1747 5272 1809 5326 '0

233 5344 347 5417 γὰρ
395 5347 496 5420 τὴν
551 5351 732 5423 ψυχὴν
767 5359 1154 5428 περιτμηθεὶς,
1203 5363 1295 5415 καὶ
1327 5362 1414 5415 διὰ
1455 5363 1657 5434 ταύτης
1690 5363 1813 5417 δου-

230 5439 407 5496 λεύων
435 5442 514 5513 τῷ
563 5445 704 5515 Θεῷ,
742 5442 898 5512 οὗτος
946 5449 1048 5521 τὴν
1102 5453 1301 5523 εὐγενῆ
1337 5454 1642 5526 περιτομὴν
1672 5454 1808 5525 ἔχει,

229 5530 340 5601 ὅσῳ
374 5535 469 5586 καὶ
505 5532 652 5607 ψυχὴ
692 5537 961 5610 κρείττων
1000 5541 1274 5612 σώματος.
1319 5545 1432 5597 Οὐκ
1461 5540 1582 5598 εἷπε
1608 5545 1686 5610 δὲ,
1721 5545 1811 5598 Ἑν

233 5624 365 5695 ἡμῖν
418 5629 529 5699 γάρ
579 5632 728 5685 ἐστιν
763 5634 797 5701 ἡ
849 5635 1145 5708 περιτομὴ,
1184 5636 1323 5704 ἁλλ’,
1378 5637 1574 5708 Ἡμεῖς
1600 5641 1808 5708 ἐσμεν.

1945 3329 2147 3399 Videte,
2209 3332 2531 3397 observate,
2573 3335 2867 3401 attendite,
2932 3351 3001 3392 ne
3057 3337 3278 3392 lateant.
3341 3335 3517 3390 Canes

1933 3434 2114 3480 autem
2138 3435 2297 3482 antea
2318 3427 2725 3496 appellabantur
2751 3428 2974 3494 ethnici,
3009 3445 3151 3484 nunc
3175 3444 3300 3482 vero
3321 3426 3514 3490 Judaei,

1937 3499 2584 3588 tanquaniimpudeutes,
2623 3528 2676 3575 et
2708 3521 2774 3574 ad
2826 3520 3006 3574 lumen
3045 3521 3286 3574 veritatis
3333 3520 3516 3588 impu—

1931 3609 2123 3663 denter
2150 3624 2268 3663 sese
2296 3618 2547 3680 gerentes
2581 3627 2644 3666 ac
2674 3611 2924 3664 omnibus
2957 3610 3293 3665 allatrantcs.

2008 3699 2189 3755 Videte
2218 3703 2386 3755 malos
2418 3705 2706 3771 operarios.
2737 3690 2840 3757 Illic
2879 3719 3074 3758 canum
3117 3705 3276 3757 etiam
3326 3704 3512 3773 appel-

1931 3793 2132 3848 latione
2160 3809 2251 3848 eos
2277 3795 2472 3863 privat.
2501 3794 2677 3850 Canes
2716 3796 2858 3849 enim
2907 3797 3061 3850 multi
3098 3797 3262 3850 etiam
3306 3812 3509 3852 mensa!

1929 3892 2058 3938 sunt
2093 3884 2276 3948 vicini,
2303 3895 2461 3954 atque
2494 3886 2681 3940 domos
2703 3884 2902 3940 heriles
2925 3886 3258 3942 custodiunt.
3289 3887 3349 3941 Hi
3381 3902 3510 3940 vero

1928 3986 2227 4046 operantur
2263 3979 2505 4046 quidem,
2541 3979 2631 4032 sed
2664 3979 2730 4032 ad
2779 3979 3003 4044 malum,
3063 3989 3118 4034 et
3173 3994 3292 4048 qua:
3355 3979 3512 4047 longe

1926 4077 2052 4123 sunt
2113 4069 2226 4124 otio
2279 4070 2586 4140 deteriora,
2637 4071 2929 4127 evellentes
2985 4086 3103 4141 qua:
3166 4073 3331 4142 probe
3385 4079 3512 4125 sunt

1927 4163 2189 4234 plantata.

2009 4254 2188 4310 Videte
2218 4257 2588 4312 concisionem.
2619 4257 2730 4313 Hoc
2769 4268 2873 4322 est,
2909 4257 3381 4313 circumcisionem
3408 4257 3508 4310 ba-

1923 4345 2134 4402 bentes.
2184 4346 2375 4418 Magna
2423 4357 2600 4402 autem
2633 4349 2904 4415 quondam
2934 4355 2987 4401 et
3015 4347 3250 4415 pretiosa
3279 4360 3362 4399 res
3387 4355 3505 4400 erat

1925 4439 2060 4507 apud
2101 4436 2315 4492 Judaaos
2353 4429 2720 4501 circumcisio,
2773 4437 3038 4506 siquidem
3092 4437 3175 4490 vel
3212 4436 3507 4490 Sabbatum

1926 4539 2142 4600 propter
2200 4545 2319 4585 eam
2374 4531 2694 4586 solveretur.
2744 4531 2815 4586 At
2860 4539 3142 4599 postquam
3174 4544 3315 4583 nunc
3353 4528 3504 4582 irrita

1923 4623 2065 4677 facta
2097 4632 2201 4686 est,
2239 4621 2372 4676 nihil
2403 4623 2546 4678 aliud
2595 4630 2677 4677 est
2731 4635 2892 4691 atque
2933 4620 3194 4676 concisio.
3241 4619 3505 4686 Quoniam

1924 4715 2068 4770 enim
2103 4731 2209 4769 non
2261 4716 2333 4770 sit
2387 4731 2549 4785 porro
2604 4716 2902 4789 legitimum
2959 4715 3103 4785 quod
3161 4715 3239 4776 ﬁt,
3289 4727 3506 4768 carnem

1927 4808 2304 4861 tantummodo
2335 4807 2646 4862 concidunt.
2683 4805 2781 4862 Vel
2817 4807 2945 4878 quia
2970 4805 3272 4861 Ecclesiam
3305 4805 3507 4858 discin~

1928 4900 2056 4956 dere
2083 4901 2441 4954 conabantur.

1989 4989 2154 5046 Vens.
2197 4994 2253 5048 5.
2283 4991 2397 5046 Nos
2419 4993 2556 5046 enim
2580 5010 2764 5048 sumus
2793 4991 3146 5060 circumcisio,
3181 4989 3271 5057 qui
3295 4986 3503 5053 Spiritu

1919 5081 2027 5136 Deo
2067 5083 2340 5138 servimus.
2379 5083 2436 5138 Si
2465 5085 2753 5152 quaerenda
2783 5093 2886 5146 est,
2913 5081 3106 5150 inquit,
3132 5077 3500 5138 circumcisio,

1917 5174 2059 5244 apud
2089 5189 2188 5228 nos
2216 5189 2337 5229 eam
2395 5175 2708 5238 invenietis,
2764 5171 2927 5244 447
2981 5171 3073 5240 qui
3120 5166 3500 5237 Spiritualiter,

1917 5268 2023 5322 hoc
2049 5275 2152 5332 est,
2187 5269 2369 5322 anima
2403 5276 2456 5324 et
2481 5277 2658 5323 mente
2686 5267 2973 5321 servimus.
3007 5263 3109 5329 Qui
3150 5263 3294 5318 enim
3322 5259 3500 5313 anima

1923 5360 2288 5416 circumcisus
2317 5369 2402 5416 est
2453 5370 2507 5416 et
2549 5375 2646 5430 per
2665 5367 2792 5413 'eam
2829 5356 2938 5411 Deo
2970 5355 3220 5416 inservit,
3262 5353 3309 5406 is
3349 5352 3502 5420 inge-

1923 5467 2085 5506 nuam
2117 5452 2582 5508 circumcisionem
2615 5450 2800 5514 habet,
2826 5459 3028 5520 quanto
3052 5446 3303 5502 videlicet
3322 5457 3500 5498 amma

1919 5554 2005 5600 est
2035 5560 2266 5615 corpore
2296 5544 2661 5614 prmatantior.
2696 5541 2814 5597 Non
2857 5553 3036 5598 autem
3070 5541 3225 5600 dixit,
3260 5537 3316 5592 In
3347 5536 3502 5590 nobis

1918 5649 2003 5695 est
2061 5637 2428 5702 circumcisio,
2480 5651 2709 5705 verum,
2751 5635 2868 5694 Nos
2913 5652 3118 5693 sumus.
3179 5633 3318 5691 ιδιυά
3356 5630 3500 5687 enim

1594 5759 1797 5822 Varia:
1830 5760 2163 5824 lectiones.

318 5847 339 5878 ’
368 5845 444 5913 ὼς
481 5848 714 5921 ἀπηνεῖς
761 5852 912 5920 ὅντες
956 5871 1031 5915 m.
1112 5858 1133 5890 ⁸
1160 5857 1492 5923 δεσποτικὰς
1525 5875 1575 5915 0.
1657 5859 1677 5892 ‘
1713 5877 1848 5916 ποτε
1886 5877 1941 5918 0.
2023 5862 2044 5896 ⁸
2075 5861 2439 5934 κατατέμνειν
2477 5877 2532 5918 o.
