3932 6578
255 393 386 461 118!

992 396 1396 460 EXPOSITIO
1434 395 1516 457 IN
1554 394 1791 457 EPIST.
1836 392 1940 456 AD
1978 397 2308 462 PHILIPP.
2347 425 2414 435 —
2447 398 2605 459 CAP.
2648 399 2763 460 III.

3370 394 3511 459 1182

320 513 485 569 Κατὰ
539 513 938 581 δικαιοσύνην
994 510 1112 581 τὴν
1164 512 1236 566 ἐν
1290 511 1452 582 νόμῳ
1509 512 1819 582 γενόμενος

2003 510 2304 567 Secundum
2327 513 2597 582 justitiam
2622 528 2740 582 qua:
2786 512 2843 567 in
2881 510 2992 583 lege
3034 520 3143 579 est,
3174 518 3511 567 eorwersatus

247 611 576 680 ἄμεμπτος.
633 607 852 678 Ἐπειδὴ
893 606 1079 661 πολλοὶ
1127 607 1221 661 καὶ
1263 604 1353 658 διὰ
1403 604 1694 677 φιλαρχίαν
1733 604 1831 677 ζη-

246 678 421 765 λοῦσι,
445 678 541 752 καί
561 698 628 752 δι’
655 697 820 762 ἄλλας
840 697 1040 761 αἰτίας,
1069 696 1165 750 καὶ⁵
1191 695 1313 766 οὐχὶ
1339 696 1484 766 ὑπὲρ
1514 695 1610 749 τοῦ
1639 697 1826 766 νόμου,

248 791 415 860 φησὶν
435 829 450 854 ,
489 791 573 844 ὅτι
605 786 896 860 ἄμεμπτος
927 787 1002 842 ὢν
1045 788 1188 841 κατὰ
1219 788 1318 859 τὴν
1357 789 1416 841 ὲν
1445 788 1594 859 νόμῳ
1626 788 1828 841 δικαιοο

248 880 453 950 σύνην,
505 881 621 944 πῶς
654 881 720 934 ἂν
754 881 842 935 διά
877 898 930 934 τι
969 879 1310 951 ἀνθρώπινον
1338 879 1558 933 ἐδίωκον
1586 919 1600 945 ,
1632 880 1727 933 καὶ
1765 879 1826 931 οὐ

247 973 389 1027 κατὰ
420 974 562 1026 θεῖον
600 972 763 1042 ζῆλον
781 990 799 1041 ;

331 1065 486 1120 Ἀλλ’
516 1065 692 1121 ἅτινα
728 1062 808 1135 ἦν
844 1082 948 1134 μοι
990 1063 1176 1133 κέρδη
1202 1105 1218 1131 ,
1252 1063 1443 1119 ταῦτα
1472 1063 1694 1132 ἥγημαι
1729 1062 1829 1117 διὰ

242 1156 353 1210 τὸν
384 1156 647 1223 Χριστὸν
696 1156 928 1223 ζημίαν.
958 1155 1136 1210 Ἀλλὰ
1180 1155 1479 1225 μενοῦνγε
1508 1153 1606 1208 καὶ
1641 1154 1824 1223 ἡγοῦ-ι

235 1263 344 1317 μαι
368 1248 568 1302 πάντα
595 1247 810 1316 ζημίαν
831 1244 985 1302 εἶναι
1006 1247 1105 1302 διὰ
1127 1248 1195 1302 τὸ
1224 1246 1405 1316 ὑπερέ
1409 1243 1527 1316 χον
1543 1246 1652 1316 τῆς
1680 1245 1828 1316 γνώ-

240 1354 397 1404 σεως
434 1337 632 1405 Ἰησοῦ
655 1339 915 1407 Χριστοῦ
938 1338 1045 1393 τοῦ
1063 1340 1286 1408 Κυρίου
1310 1356 1452 1408 μου.
1487 1337 1753 1392 Ἐνταῦθα
1778 1337 1825 1391 οε

241 1431 338 1485 τὸν
358 1434 524 1503 νόμον
542 1432 923 1495 διαϐάλλοντες
943 1431 1212 1505 αἱρετικοί
1235 1429 1630 1500 ἐπιπηδῶντες,
1671 1430 1823 1496 Ἰδοὺ,

240 1524 402 1593 φασὶ,
429 1524 634 1596 ζημίαν
661 1522 914 1596 ὀνομάζει
943 1523 1035 1579 τὸν
1063 1524 1227 1594 νόμον
1249 1523 1365 1597 [καὶ
1384 1520 1689 1596 σκύϐαλαο]
1710 1524 1826 1587 πῶς

239 1611 337 1671 οὖν
383 1617 538 1688 παρὰ
567 1614 664 1671 τοῦ
702 1616 838 1671 Θεοῦ
875 1615 1069 1687 ἔδόθης
1120 1617 1343 1687 Πρῶτον
1393 1616 1493 1686 μὲν
1529 1612 1622 1669 οὖν
1667 1617 1827 1686 εὐχα-

239 1707 629 1779 ριστήσωμεν,
670 1708 751 1762 ὅτι
788 1708 871 1762 το
896 1707 1120 1778 Πνεῦμα
1166 1707 1227 1761 τὸ
1270 1706 1423 1776 ἅγιον
1473 1706 1822 1778 ᾠκονόμησεν

235 1801 439 1864 αὐτοὺς
482 1801 891 1872 παραδέξασθαι
932 1800 1003 1854 τὰ
1046 1801 1268 1872 ῥήματα
1293 1838 1308 1864 ,
1352 1799 1427 1864 ὡς
1469 1801 1607 1872 ὑπὲρ
1640 1798 1821 1854 αὐτῶν

235 1890 392 1945 ὄντα.
421 1861 507 1945 -Εί
539 1861 648 1964 γὰρ
684 1861 757 1963 μὴ
790 1891 951 1946 τοῦτο
978 1861 1075 1962 ἦν’,
1102 1861 1420 1962 ’ἐξήλειψαν
1461 1890 1526 1944 ἂν
1574 1861 1643 1943 τὰ
1685 1891 1823 1961 ῥητὰ
1852 1861 1898 1920 Β

233 1984 415 2039 ταῦτα
436 2025 450 2048 ,
480 1983 671 2056 ῶσπερ
719 1985 814 2038 καὶ
857 1982 994 2038 ἄλλα
1030 1983 1222 2038 πολλά.
1278 1981 1514 2036 Ἔπειτα
1549 1984 1818 2053 πρόσχες·

232 2074 339 2128 οὐκ
366 2068 520 2128 εἷπεν
553 2075 763 2141 ἁπλῶς,
803 2074 885 2129 ὅτι
918 2073 1105 2145 Ζημία
1147 2070 1293 2127 ἐστὶν
1319 2073 1349 2125 6
1388 2073 1574 2143 νόμος,
1600 2072 1714 2126 ἀλλ’
1740 2073 1821 2126 ὅτι

236 2165 493 2235 ἮΓημαι
514 2165 677 2218 αὐτὸν
694 2151 936 2234 ζημίαν·
966 2163 1126 2235 φύσει
1165 2164 1261 2234 μὲν
1292 2165 1401 2232 γὰρ
1444 2162 1544 2216 οὐκ
1579 2160 1693 2216 ἔστι
1724 2162 1817 2233 ζη-

237 2257 361 2329 μία.
393 2257 520 2320 Πῶς
555 2256 690 2329 γὰρ,
720 2256 779 2321 ὃς
800 2258 882 2321 εἰς
896 2255 1131 2327 Χριστὸν
1148 2256 1268 2325 ἄγει
1286 2252 1468 2317 καλῶς
1492 2254 1778 2325 νοούμενος
1803 2271 1818 2322 ;

245 2348 405 2403 Ἐπεὶ
420 2349 478 2403 δὲ
510 2349 620 2418 ἑγὼ
647 2348 914 2422 πρότερον
935 2349 1123 2412 κακῶς
1138 2347 1276 2401 νοῶν
1300 2348 1464 2402 αὑτὸν
1477 2346 1539 2400 οὐ
1563 2345 1822 2418 προσῄειν

231 2442 483 2515 Χριστῷ,
503 2436 625 2496 εἶτα
657 2442 904 2514 ὕστερον,
936 2443 1188 2510 ἐπιγνοὺς
1218 2441 1317 2512 τὴν
1349 2439 1632 2511 ἀλήθειαν,
1651 2456 1820 2510 πρεσ-

224 2536 394 2607 ῆλθον
418 2536 660 2607 Χριστῷ,
703 2537 798 2590 καὶ
820 2534 968 2601 ἐδοξέ
1000 2553 1090 2607 μοι
1118 2534 1372 2604 γενέσθαι
1395 2533 1568 2604 ζημία
1593 2535 1622 2587 6
1657 2534 1821 2603 νόμος

226 2629 324 2683 cev
336 2629 769 2700 χρόνονὲκεῖνον,
793 2628 915 2681 καθ’
931 2626 991 2680 ὃν
1008 2627 1194 2689 κακῶς
1209 2625 1344 2680 νοῶν
1356 2625 1539 2690 αὑτὸν,
1562 2626 1623 2677 οὐ
1652 2640 1821 2695 προσ-

226 2720 394 2792 ῆλθον
433 2720 677 2793 Χριστῷ.
728 2720 881 2774 Ἐπεὶ
898 2721 964 2790 τῇ
991 2736 1054 2782 γε
1078 2718 1471 2789 οἱκείᾳφύσειό
1500 2719 1662 2788 νόμος
1687 2716 1818 2789 κέρ-

227 2811 321 2875 δος
366 2810 503 2865 ἐστί.
555 2810 669 2865 Kal.
700 2809 864 2865 ἄκουε
892 2825 907 2841 ο
946 2809 1047 2862 οὐκ
1095 2802 1272 2875 εἶπεν,
1315 2807 1514 2862 Ἀτινα
1566 2806 1819 2878 ἡγούμην

229 2903 427 2974 κέρδη,
470 2901 608 2968 ἀλλ’,
640 2902 845 2963 ῘἈτινα
876 2896 976 2972 ἦν.
1023 2899 1264 2971 Ἀληθῶς
1304 2901 1414 2970 γὰρ
1448 2900 1638 2969 κέρδος
1671 2900 1819 2953 ἐστὶν

224 2996 255 3049 6
276 2995 465 3064 νόμος,
490 2993 785 3065 θηριωδίας
819 2991 1185 3047 ἀπαλλάττων
1211 2990 1336 3053 τοὺς
1369 2989 1691 3059 ἀνθρώπους
1722 2987 1817 3042 καὶ

225 3084 672 3154 δεισιδαιμονίας,
708 3085 804 3137 καὶ
831 3077 944 3136 οἷον
974 3080 1176 3151 κλίμαξ
1206 3079 1522 3151 γενόμενος,
1555 3080 1648 3132 καὶ
1686 3079 1817 3132 ἀνα-

226 3178 421 3275 γαγὼν
455 3179 605 3249 ἡμᾶς
642 3175 737 3230 ἐπὶ
769 3174 871 3248 τὴν
920 3171 1065 3229 κατὰ
1112 3170 1349 3244 Χριστὸν
1381 3172 1547 3275 ζω.ήν.
1604 3169 1817 3275 Ὥσπερ
1844 3216 1887 3275 c

225 3267 322 3327 οὖν
361 3274 391 3324 6
419 3271 509 3324 διὰ
551 3269 822 3340 κλίμακος
860 3264 1135 3330 ἀνελθὼν,
1177 3264 1237 3317 οὐ
1271 3261 1524 3318 διαπτύει
1563 3261 1663 3333 τὴν
1692 3260 1816 3314 κλί-

230 3382 408 3436 μακα,
446 3362 586 3418 ἀλλὰ
625 3362 720 3417 καὶ
751 3364 911 3434 χάριν
957 3360 1094 3431 αὐτῇ
1128 3355 1300 3413 οἶδεν*
1332 3357 1382 3410 εἰ
1415 3356 1491 3426 μὴ
1520 3356 1630 3426 γὰρ
1675 3354 1813 3425 αὕτη

224 3454 316 3530 ἦν,
345 3459 448 3512 οὐκ
484 3456 551 3512 ἂν
583 3455 753 3524 ἀνέόη
772 3471 786 3485 ο
820 3451 964 3508 οὕτω
992 3451 1088 3506 καὶ
1116 3453 1145 3506 6
1173 3451 1337 3522 νόμος
1366 3449 1559 3521 κέρδος
1591 3449 1691 3517 μὲν
1724 3443 1814 3520 ἦν,

228 3550 324 3604 νῦν
356 3549 416 3605 δὲ
449 3549 662 3620 ,ζημίαν
704 3548 866 3603 αὐτὸν
895 3544 1217 3617 ἡγούμεθα,
1247 3543 1347 3616 οὐχ
1376 3542 1460 3596 δτι
1505 3540 1746 3605 τοιοῦτός
1771 3541 1814 3573 ¹⁰

226 3646 400 3707 ἐστιν,
458 3640 571 3696 ἀλλ’
617 3638 805 3711 ἐπειδὴ
859 3638 1061 3710 μείζων
1112 3640 1148 3709 ἡ
1206 3636 1386 3708 χάρις.
1441 3635 1654 3707 Ὠσπερ
1706 3637 1815 3706 γὰρ

230 3735 499 3809 ἀργύριόν
526 3752 611 3798 τις
636 3731 903 3804 κατέχων,
939 3731 1157 3787 ἐπειδὰν
1176 3731 1399 3803 χρυσίον
1421 3728 1581 3802 εὕρῃ,
1608 3729 1703 3784 καὶ
1737 3731 1814 3801 μὴ

227 3831 324 3902 ἐξῇ
354 3829 644 3899 ἀμφότερα
670 3828 985 3897 κατασχεῖν,
1008 3824 1214 3896 ζημίαν
1239 3826 1454 3895 ἡγεῖται
1478 3825 1540 3877 τδ
1564 3823 1815 3894 κατέχειν

228 3924 428 3988 ἐκεῖνο,
462 3922 559 3974 καὶ
585 3919 772 3973 λοιπὸν
802 3918 964 3989 ἀφεὶς
988 3917 1142 3983 αὐτὸ,
1172 3915 1442 3987 λαμϐάνει
1465 3914 1526 3969 τὸ
1556 3915 1776 3986 χρυσίον
1796 3929 1812 3947 ·

228 4014 376 4069 οὕτω
413 4015 511 4067 καὶ
538 4010 774 4066 ἐνταῦθα
811 4008 988 4081 ζημία
1014 4011 1043 4063 6
1074 4008 1263 4081 νόμος,
1292 4008 1422 4062 ὅταν
1452 4009 1646 4082 ἀπάγῃ
1675 4008 1814 4078 Χρι-

230 4106 363 4163 στοῦ
382 4122 399 4137 ’
425 4107 491 4162 ἂν
516 4106 575 4159 δὲ
600 4103 967 4175 παραπέμπῃ.
994 4101 1203 4156 οὐκέτι.
1227 4102 1303 4155 Οὐ
1330 4101 1492 4172 μόνον
1511 4098 1627 4169 οὖν,
1658 4103 1811 4172 φησι,

230 4203 404 4257 πάλαι
429 4201 647 4272 ἥγημαι
678 4196 883 4268 ζημίαν
910 4196 1001 4250 τὸν
1032 4195 1219 4267 νόμον,
1243 4194 1381 4249 ἀλλὰ
1407 4194 1502 4249 καὶ
1521 4194 1617 4249 νῦν
1647 4194 1816 4265 ἠγοῦ-

233 4310 356 4365 μαι.
399 4291 501 4345 Διὰ
525 4288 607 4351 τίς
650 4289 749 4342 Διὰ
793 4287 855 4341 τὸ
890 4287 1157 4358 ὑπερέχον
1187 4286 1289 4356 τῆς
1334 4286 1580 4358 χάριτος.
1629 4283 1812 4358 Ὁρᾷς,

228 4386 309 4440 ὅτι
343 4383 633 4452 σύγκρισιν
666 4383 937 4447 ποιεῖται;
983 4378 1050 4432 Ἦ
1083 4379 1141 4433 δὲ
1172 4379 1462 4451 σύγκρισις
1485 4417 1501 4444 ,
1538 4377 1815 4450 ὁμογενῶν

232 4475 580 4548 πραγμάτων
600 4491 615 4505 ο
665 4473 760 4528 καὶ
791 4472 853 4526 τὸ
877 4470 1163 4542 ὑπερέχον,
1198 4468 1496 4541 ὁμογενοῦς
1531 4470 1812 4541 ὑπερέχει.

1930 601 2043 654 sine
2064 603 2297 670 querela.
2326 602 2459 669 Quia
2488 602 2729 673 plerique
2762 602 3095 671 principatus
3146 614 3306 656 causa
3352 609 3407 655 et
3439 602 3510 655 ob

1931 692 2064 746 alias
2096 693 2353 761 quasdam
2383 709 2467 750 res
2493 693 2834 757 armulantur,
2860 701 2913 748 et
2943 708 3047 747 non
3077 701 3295 763 propter
3315 692 3505 761 legem,

1930 785 2052 838 ait:
2095 783 2227 839 Cum
2272 784 2575 853 incnlpatns
2617 799 2793 840 essem
2840 783 2893 838 in
2936 785 3139 856 iustitia
3195 784 3341 855 legis,
3373 800 3508 854 quo-

1930 875 2090 930 modo
2123 875 2190 929 ob
2214 875 2505 929 humanum
2534 875 2770 944 aliquod,
2794 885 2847 931 et
2875 891 2976 930 non
3010 885 3229 946 propter
3262 874 3503 930 divinum

1930 968 2104 1023 zelum
2139 978 2462 1038 persecutus
2500 968 2655 1023 sum?

1999 1059 2166 1115 Vsus.
2195 1060 2249 1127 7,
2283 1060 2335 1115 8.
2382 1058 2485 1114 Sed
2513 1077 2628 1130 qua:
2660 1059 2788 1114 mihi
2813 1059 2957 1114 iucra
2985 1060 3228 1129 fuerunt,
3270 1061 3380 1116 luet:
3412 1076 3503 1114 ar—

1929 1151 2152 1207 bitratus
2185 1168 2299 1205 sum
2332 1160 2545 1222 propter
2575 1150 2844 1205 Christum
2896 1148 3169 1204 damnum.
3228 1150 3503 1205 Verumta-

1928 1263 2044 1301 men
2074 1247 2314 1301 eristimo
2347 1248 2523 1299 omnia
2552 1246 2803 1300 damnum
2837 1261 2946 1299 esse
2965 1286 2980 1309 ,
3015 1254 3228 1315 propter
3253 1244 3508 1300 excellen—

1929 1338 2056 1391 tiam
2087 1338 2394 1408 cognitionis
2420 1336 2546 1392 Iesu
2576 1336 2774 1392 Christi
2809 1337 3017 1391 Domini
3049 1339 3166 1393 mei.
3206 1337 3301 1392 llic
3337 1342 3506 1394 haere-

1929 1432 2018 1485 tici
2080 1432 2167 1501 qui
2212 1431 2381 1502 legem
2435 1431 2834 1486 calumniantur
2886 1431 3224 1501 insurgentes
3284 1430 3503 1498 dicunt,

1926 1522 2066 1579 Ecce
2115 1524 2285 1593 legem
2351 1523 2606 1576 damnum
2672 1529 2830 1577 vocat
2880 1539 2896 1578 :
2949 1523 3219 1592 quomodo
3272 1521 3433 1593 igitur
3474 1538 3503 1577 τι

1927 1615 2038 1671 Deo
2075 1616 2196 1670 data
2232 1614 2353 1671 est?
2394 1615 2634 1670 Primum
2667 1614 2832 1686 igitur
2867 1616 3070 1686 gratias
3102 1630 3324 1686 agamus
3364 1616 3506 1685 quod

1927 1710 2160 1781 Spiritus
2192 1718 2411 1766 sanctus
2442 1700 2512 1763 ita
2547 1709 2837 1774 ordinavit,
2875 1718 2933 1763 ut
2967 1709 3310 1775 susciperent
3344 1706 3507 1761 verba

1927 1814 2179 1873 tanquam
2208 1818 2305 1873 pro
2352 1803 2416 1856 iis
2445 1813 2644 1857 essent.
2682 1798 2794 1856 Nisi
2831 1801 2975 1855 enim
3025 1801 3361 1870 providentia
3412 1801 3505 1855 Dei

1926 1897 2238 1953 accessisset
2260 1936 2276 1962 ,
2307 1896 2471 1949 verba
2507 1894 2606 1949 ista
2627 1936 2644 1962 ,
2681 1902 2739 1947 ut
2769 1893 2871 1947 alia
2906 1893 3161 1962 pleraque
3182 1934 3195 1957 ,
3228 1908 3508 1961 expunge-

1926 2000 2065 2044 rent.
2098 1987 2300 2042 Deinde
2341 1987 2571 2042 observa
2610 2003 2624 2040 :
2671 1999 2778 2039 non
2813 1984 2947 2037 dixit
2977 1983 3298 2051 simpliciter
3335 1983 3504 2052 legem

1925 2094 2047 2135 esse
2076 2079 2331 2132 damnum
2352 2118 2366 2142 ,
2393 2076 2486 2133 sed
2506 2117 2522 2141 ,
2556 2075 2858 2131 Arbitratus
2887 2090 3002 2129 sum
3038 2073 3179 2127 illam
3210 2088 3329 2129 esse
3358 2077 3508 2126 dam-

1927 2187 2048 2226 num
2074 2186 2093 2225 :
2122 2184 2243 2223 nam
2270 2179 2459 2223 natura
2489 2182 2593 2222 non
2621 2176 2706 2222 est
2729 2167 3007 2220 damnum.
3035 2163 3315 2230 Quomodo
3335 2164 3504 2230 enim,

1925 2281 2048 2320 cum
2083 2265 2149 2319 ad
2179 2263 2455 2320 Christum
2489 2264 2672 2329 ducat,
2709 2264 2755 2318 si
2803 2269 2952 2317 recte
2987 2260 3348 2331 intelligatur?
3371 2258 3503 2314 Nam

1925 2344 2084 2412 antea
2111 2373 2211 2429 ego
2240 2372 2522 2428 perperam
2546 2372 2665 2411 eam
2696 2355 3021 2425 intelligens,
3049 2369 3154 2409 non
3186 2352 3506 2407 accedebam

1925 2449 2140 2505 Christo
2195 2465 2210 2502 :
2273 2449 2466 2505 deinde
2526 2464 2656 2504 vero
2712 2447 2995 2502 veritatem
3051 2457 3388 2514 agnoscens,
3439 2443 3503 2496 ad

1923 2539 2199 2598 Christum
2232 2541 2461 2604 accessi,
2495 2555 2559 2596 ac
2592 2541 2706 2593 visa
2736 2548 2818 2593 est
2846 2538 2927 2592 lex
2957 2537 3085 2591 mihi
3119 2536 3503 2591 detrimentum

1923 2648 2019 2702 per
2055 2632 2184 2687 illud
2237 2632 2531 2701 temporis,
2573 2645 2682 2700 quo
2715 2629 2855 2686 male
2888 2628 3033 2683 illam
3082 2626 3391 2696 intelligens
3436 2625 3502 2678 ad

1921 2722 2201 2780 Christum
2254 2738 2359 2778 non
2415 2722 2644 2778 accessi.
2688 2719 2824 2775 Nam
2878 2721 3173 2775 secundum
3229 2717 3503 2787 propriam

1922 2825 2178 2871 naturam
2215 2814 2300 2869 lex
2353 2825 2437 2871 est
2475 2814 2710 2869 lucrum.
2746 2813 2886 2867 Audi
2922 2827 3087 2879 porro
3123 2827 3139 2865 :
3189 2826 3295 2864 non
3337 2809 3502 2871 dixit,

1922 2908 2056 2975 Qme
2084 2907 2338 2976 putabam
2368 2921 2489 2963 esse
2515 2907 2694 2971 lucra,
2728 2906 2820 2959 sed
2840 2945 2854 2968 ,
2884 2901 3017 2970 Qua:
3050 2912 3202 2958 erant
3247 2918 3265 2956 :
3298 2916 3504 2956 revera

1920 3001 2065 3056 enim
2104 2999 2190 3055 lex
2220 3010 2304 3054 est
2333 2998 2546 3054 lucrum
2566 3041 2581 3067 ,
2608 3014 2636 3053 a
2665 2997 2900 3057 hellnina
2941 3007 3133 3050 natura
3163 3005 3217 3049 et
3244 2992 3507 3061 supersti-

1921 3092 2066 3147 tione
2082 3090 2327 3146 homines
2346 3090 2607 3153 libcrans,
2631 3104 2693 3144 ac
2720 3089 2882 3143 veluti
2908 3089 3181 3142 scalarum
3209 3086 3325 3141 loco
3344 3086 3503 3149 facta,

1919 3191 1976 3239 et
2006 3185 2072 3239 ad
2097 3184 2262 3239 vitam
2286 3183 2506 3239 Christo
2528 3183 2745 3253 dignam
2770 3197 2869 3238 nos
2890 3183 3212 3252 perducens.
3243 3179 3311 3235 Ut
3343 3179 3509 3249 igitur

1919 3279 2011 3351 qui
2053 3294 2151 3350 per
2183 3278 2360 3335 scalas
2389 3276 2738 3342 conscendit,
2769 3291 2874 3330 non
2905 3274 3121 3343 deepuit
3146 3271 3376 3341 gradus,
3411 3271 3505 3325 sed

1918 3373 2147 3443 gratiam
2183 3371 2364 3441 potius
2393 3370 2499 3425 illis
2527 3369 2688 3423 habet
2717 3368 2735 3437 (
2763 3368 2864 3422 nisi
2908 3367 3049 3421 enim
3092 3365 3209 3418 istae
3251 3363 3503 3426 fuissent,

1920 3481 2027 3520 non
2066 3467 2329 3536 potuisset
2354 3459 2701 3532 ascendere),
2738 3460 2877 3515 hunc
2905 3459 2971 3512 ad
3001 3456 3218 3512 modum
3251 3456 3335 3509 lex
3381 3453 3505 3523 qni-

1918 3557 2043 3613 dem
2078 3557 2284 3612 lucrum
2313 3562 2466 3620 erat,
2495 3551 2605 3623 jam
2638 3566 2771 3605 vero
2816 3548 3196 3603 detrimentum
3225 3555 3280 3600 et
3308 3559 3502 3598 noxam

1917 3664 2036 3705 eam
2075 3663 2193 3703 esse
2230 3660 2544 3711 censemus,
2598 3659 2703 3699 non
2739 3643 2881 3712 quod
2927 3639 3232 3711 bnjnsmodi
3284 3639 3376 3701 sit,
3411 3638 3503 3691 sed

1918 3741 2061 3813 quod
2094 3740 2266 3810 major
2297 3740 2367 3795 sit
2393 3739 2589 3810 gratia.
2618 3735 3084 3803 Quemadmodum
3130 3732 3275 3786 enim
3306 3729 3503 3798 aliquis

1918 3845 2199 3908 argentum
2233 3834 2519 3889 continens
2539 3871 2556 3898 ,
2588 3832 2677 3887 ubi
2703 3845 2897 3885 aurum
2927 3827 3218 3889 invenerit,
3252 3840 3350 3880 nec
3381 3825 3505 3878 licet

1917 3937 2147 3996 utraque
2171 3926 2441 3990 obtinere,
2482 3924 2738 3979 damnum
2764 3933 2952 3978 censet
2984 3921 3223 3977 retinere
3256 3917 3412 3979 illud,
3440 3931 3506 3970 ac

1919 4018 2173 4088 deinceps
2206 4017 2397 4073 relicto
2443 4016 2537 4072 illo
2566 4031 2758 4070 aurum
2788 4015 2983 4084 accipit
3027 4030 3042 4067 :
3095 4011 3240 4066 hunc
3286 4010 3353 4064 ad
3387 4022 3507 4061 mo-

1918 4110 2044 4165 dum
2076 4107 2162 4164 lex
2183 4117 2266 4165 est
2291 4109 2508 4175 damno,
2530 4108 2574 4163 si
2607 4122 2635 4161 a
2658 4105 2878 4163 Christo
2903 4104 3221 4170 abduxerit;
3253 4102 3297 4157 si
3322 4110 3504 4154 autem

1917 4200 2242 4266 adduxerit,
2295 4215 2402 4255 non
2444 4213 2631 4269 porro.
2679 4195 2796 4252 Non
2846 4197 3020 4251 solum
3075 4195 3260 4265 igitur,
3295 4191 3500 4260 inquit,

1915 4293 2084 4366 449
2110 4293 2236 4348 olim
2269 4293 2563 4348 arbitratus
2587 4307 2705 4346 sum
2736 4291 2906 4360 legem
2938 4304 3059 4345 esse
3082 4290 3376 4348 damnum,
3413 4300 3505 4339 ve-

1918 4400 2037 4438 rum
2070 4385 2362 4440 etiamnum
2399 4384 2655 4439 arbitror.
2689 4382 2863 4449 Quam
2890 4382 2960 4436 ob
2986 4378 3246 4436 causam?
3275 4376 3504 4444 Propter

1919 4474 2295 4529 excellentiam
2337 4473 2545 4544 gratiae.
2607 4470 2796 4525 Viden'
2842 4469 2982 4541 quod
3036 4466 3501 4535 comparationem

233 4568 400 4622 Ὥστε
443 4567 541 4619 καὶ
567 4566 596 4618 6
628 4564 793 4635 νόμος
830 4563 1058 4632 γνῶσις,
1097 4560 1212 4615 ἀλλ’
1241 4561 1509 4615 ἐλάττων
1542 4560 1617 4624 ὡς
1651 4561 1746 4614 καὶ
1786 4561 1816 4614 6

1925 4566 2498 4633 laciat?Comparatio
2539 4573 2720 4618 autem
2768 4578 2950 4618 rerum
2996 4570 3081 4616 est
3134 4561 3374 4632 ejusdem
3406 4575 3502 4630 ge-

230 4661 427 4730 λύχνος
457 4656 573 4729 φῶς
592 4696 609 4725 ,
638 4654 756 4731 ἀλλ’
784 4655 828 4687 ⁸³
870 4654 971 4726 οὐχ
1003 4648 1116 4707 οἷον
1143 4652 1204 4707 τὸ
1233 4652 1327 4708 τοῦ
1368 4653 1552 4725 ἡλίου,
1594 4652 1711 4723 φῶς
1757 4653 1816 4707 δὲ

231 4750 402 4822 ὅμως.

300 5027 383 5082 Δι’
422 5027 496 5082 ὃν
527 5026 599 5082 τὰ
627 5027 824 5082 πάντα
858 5024 1220 5095 ἐζημιώθην,
1253 5025 1352 5079 καί
1381 5024 1639 5095 ἠγοῦμαι
1669 5025 1816 5081 σκύ-

232 5123 389 5176 Gala
408 5116 581 5186 εἶναι,
603 5121 706 5175 ἵνα
727 5120 987 5188 Χριστὸν
1004 5117 1307 5187 κερδήσω.
1327 5117 1426 5172 Διὰ
1445 5120 1537 5172 τὸν
1557 5118 1813 5190 Χριστὸν,

230 5214 419 5284 φησιν,
481 5210 833 5282 ἐζημιώθην·
894 5210 1177 5277 τουτέστι,
1248 5210 1462 5282 Ζημίαν
1515 5211 1816 5282 ἡγησάμην

1923 4661 2088 4725 neris,
2126 4672 2181 4714 et
2213 4660 2358 4730 quod
2397 4658 2645 4723 excellit,
2687 4657 2833 4712 aliud
2872 4657 3115 4727 ejusdem
3149 4655 3363 4726 generis
3407 4669 3505 4707 ex-

1923 4754 2087 4809 cellit.
2117 4752 2350 4808 Proinde
2380 4749 2460 4804 lex
2494 4749 2734 4819 cognitio
2761 4760 2864 4815 est,
2901 4750 2994 4805 sed
3032 4748 3207 4804 minor
3235 4764 3250 4802 :
3281 4746 3506 4818 perinde

1922 4862 1987 4903 ac
2015 4846 2230 4901 lucerna
2264 4844 2446 4898 lumen
2481 4850 2584 4910 est,
2620 4842 2715 4898 sed
2749 4859 2854 4897 non
2893 4842 3050 4913 quale
3089 4842 3223 4897 solis
3250 4849 3353 4907 est,
3413 4838 3502 4892 lu-

1924 4954 2046 4995 men
2080 4949 2256 4993 tamen
2285 4945 2387 4992 est.

1996 5027 2218 5095 Propter
2240 5042 2393 5097 quem
2426 5025 2604 5080 omnia
2630 5041 2727 5093 pro
2757 5024 2967 5079 damnis
3009 5022 3139 5077 duxi
3156 5066 3172 5087 ,
3193 5031 3240 5075 et
3266 5021 3503 5075 arbitror

1916 5137 2028 5178 esse
2062 5123 2456 5190 rejectamenta,
2492 5131 2547 5174 ut
2574 5117 2844 5175 Christum
2883 5116 3236 5185 lucrifaciam.
3270 5113 3507 5181 Propter

1918 5217 2220 5284 Christum,
2254 5215 2452 5286 inquit,
2491 5229 2589 5285 pro
2619 5211 2831 5283 damnis
2862 5209 3011 5275 duxi,
3045 5208 3146 5263 hoc
3176 5218 3260 5263 est
3284 5249 3299 5274 ,
3329 5205 3500 5261 detri-

231 5304 432 5361 πάνταο
468 5302 502 5375 ἢ
526 5304 610 5357 ὅτι
633 5301 1011 5373 ἀπεϐαλόμην.
1046 5301 1235 5373 Ὁρᾷς,
1259 5302 1341 5356 δτι
1364 5302 1423 5355 οὐ
1456 5301 1617 5372 φύσει
1641 5303 1816 5373 ζημία

1925 5319 2162 5366 mentum
2189 5323 2314 5364 esse
2340 5308 2544 5378 putavi,
2569 5304 2648 5359 vel
2672 5303 2854 5361 omnia
2885 5300 3068 5371 reieci.
3100 5297 3507 5353 Animadvertis

228 5400 258 5452 6
286 5399 474 5470 νόμος,
503 5397 638 5455 ἀλλὰ
659 5397 747 5452 διὰ
768 5397 861 5451 τὸν
881 5396 1136 5466 Χριστόν.
1154 5395 1407 5449 Σκύϐαλα
1427 5396 1505 5461 δὲ,
1529 5396 1682 5451 οὔπω
1713 5398 1815 5469 μὲν

1925 5403 2061 5473 quod
2106 5400 2189 5455 lex
2217 5415 2324 5455 non
2366 5407 2450 5455 est
2494 5406 2685 5453 natura
2719 5396 3128 5459 detrimentum,
3159 5392 3251 5446 sed
3292 5389 3502 5445 Christi

231 5489 391 5560 δῆλον
433 5490 483 5543 εί
514 5488 607 5543 τὸν
639 5486 807 5559 νόμον
851 5487 1158 5559 ὠνόμασεν.
1196 5485 1358 5550 Εἰκὸς
1391 5487 1502 5557 γὰρ
1540 5488 1669 5558 περὶ
1700 5490 1811 5543 τῶν

1925 5509 2103 5552 causa.
2137 5491 2536 5561 Rejectamenta
2584 5503 2709 5543 vero
2738 5486 2855 5541 sive
2889 5493 3130 5541 stercora
3161 5498 3289 5538 num
3320 5480 3502 5551 legem

229 5580 512 5653 κοσμικῶν
541 5581 885 5653 πραγμάτων
913 5580 1094 5649 λέγειν
1113 5594 1128 5611 ·
1163 5577 1308 5633 οὕτω
1335 5579 1379 5612 ⁸³
1404 5581 1515 5650 γὰρ
1543 5584 1773 5651 προεῖπε
1792 5598 1807 5617 ο

1925 5582 2316 5651 nominaverit,
2371 5580 2606 5636 nondum
2647 5579 2817 5650 liquet
2851 5594 2869 5635 :
2918 5592 3042 5634 nam
3078 5574 3374 5633 verisimile
3412 5582 3505 5631 est

1459 5720 1662 5786 Varias
1690 5724 2027 5789 lectiones.

305 5851 348 5883 ³⁸
373 5848 534 5906 τοῦτό
566 5864 618 5906 0.
694 5849 734 5883 ”
770 5849 886 5906 ἀλλ’
921 5843 1069 5918 οἶονς
1102 5862 1156 5906 0.
1239 5849 1280 5881 ¹²
1313 5846 1468 5903 οὔπω
1495 5864 1547 5905 ο.
