3932 6568
442 363 580 427 1183

1314 365 1889 429 THEOPHYLACTI
1928 366 2339 431 BULGARLE
2379 371 2736 436 ARCHIEP.

3514 375 3663 442 1184

435 476 589 532 illum
616 473 685 529 de
706 471 992 528 mundanis
1020 472 1180 528 rebus
1205 486 1270 528 ac
1290 475 1519 544 negotiis
1540 475 1741 531 dicere.
1767 475 1841 531 Ita
1874 476 2018 532 enim

2149 480 2200 532 lt‘
2229 480 2304 533 ὃν
2333 480 2406 534 τὰ
2428 480 2625 534 πάντα
2645 480 2989 549 ἐζημιώθην,
3012 480 3084 536 τὰ
3103 483 3197 537 τοῦ
3227 482 3494 556 παρόντος
3526 488 3685 558 τυχὸν

434 584 597 639 supra
631 569 804 623 dixit:
843 564 1070 636 Propter
1097 581 1249 636 quem
1281 568 1458 622 omnia
1489 569 1684 624 damno
1722 571 1888 637 duxi,
1921 586 2011 627 res

439 660 742 716 mundanas
769 657 998 715 scilicet.
1038 656 1134 712 Sin
1170 660 1235 712 de
1264 659 1378 728 lege
1405 658 1609 715 dictum
1645 662 2011 730 accipiamus,

438 766 506 807 ne
536 753 615 806 sic
645 750 861 821 quidem
896 748 1143 819 injuriam
1175 750 1401 820 patitur.
1437 751 1833 822 Rejectamcnta
1862 754 2007 809 enim

439 837 694 894 frumenti
731 839 897 909 paleae
929 848 1091 905 sunt,
1126 842 1240 895 sive
1295 842 1505 894 culmus
1539 859 1554 897 :
1609 843 1759 913 alqui
1801 843 2013 900 culmus

439 929 695 984 frumenti
719 932 1126 986 conservativns
1157 944 1239 987 est
1262 942 1319 987 et
1351 932 1744 988 firmamentum
1785 933 1933 1003 ejus,
1955 944 2012 990 et

439 1021 543 1077 nisi
575 1021 676 1077 iste
700 1032 865 1090 esset,
900 1023 1230 1079 frumentum
1262 1038 1367 1079 non
1408 1033 1550 1079 esset
1579 1043 1593 1082 :
1623 1034 1860 1081 attamen
1892 1025 2010 1080 fru-

442 1121 625 1167 mento
658 1121 956 1182 apparente
1003 1123 1057 1168 et
1102 1114 1304 1170 selecto
1328 1153 1346 1180 ,
1385 1114 1596 1170 inutilis
1641 1114 1895 1186 deinceps
1924 1125 2011 1171 est

442 1203 677 1261 culmus.
711 1204 860 1259 Hanc
887 1204 954 1260 ad
985 1205 1249 1260 rationem
1280 1205 1362 1261 lex
1388 1214 1473 1261 est
1504 1206 1690 1277 gratia
1719 1208 2011 1263 continua-

444 1296 551 1349 trix
585 1310 651 1350 ac
678 1296 830 1351 testis
861 1312 877 1350 :
910 1304 967 1349 at
997 1310 1124 1352 vero
1167 1297 1323 1352 simul
1355 1307 1519 1367 atque
1551 1298 1639 1352 illa
1670 1297 1869 1367 illuxit,
1905 1314 2014 1354 non

445 1394 528 1442 est
560 1402 697 1456 opus
727 1401 886 1456 porro
914 1386 1107 1442 litterae
1135 1386 1252 1455 ejus
1288 1388 1547 1444 assidere.

516 1475 684 1531 Vens.
730 1476 785 1532 9.
823 1474 892 1529 Ut
921 1488 967 1531 et
995 1477 1230 1531 inveniar
1260 1478 1316 1532 in
1342 1479 1453 1547 ipso
1490 1495 1591 1533 non
1625 1479 1820 1535 habens
1843 1497 2015 1536 meam

441 1566 715 1635 justitiam
746 1581 863 1635 qua
893 1576 970 1619 est
1013 1582 1078 1620 ea:
1118 1567 1245 1636 lege,
1279 1568 1369 1621 sed
1402 1568 1547 1622 illam
1575 1586 1693 1639 quae
1720 1586 1785 1625 ea:
1807 1572 1913 1640 fide
1941 1581 2019 1627 est

452 1654 672 1719 Christi,
716 1672 833 1726 qua:
871 1672 936 1710 ea:
973 1655 1080 1711 Deo
1123 1665 1198 1712 est
1235 1658 1470 1727 justitia.
1524 1659 1592 1714 Ut
1636 1676 1741 1715 non
1794 1662 2016 1717 habeam

452 1761 625 1801 meam
643 1746 932 1815 justitiam,
961 1762 1080 1816 quae
1100 1758 1183 1804 est
1204 1763 1272 1803 ex
1300 1749 1551 1816 operibus
1576 1750 1730 1822 legis,
1762 1761 2015 1823 tanquam

2119 569 2348 639 κόσμου.
2375 571 2434 623 Εἰ
2460 572 2519 625 δὲ
2549 572 2644 625 καὶ
2674 572 2805 643 περὶ
2828 571 2924 626 τοῦ
2951 573 3121 643 νόμου
3145 575 3396 644 εξρῆσθαι
3423 570 3686 646 δεξόμεθα

2117 658 2295 721 τοῦτο,
2330 659 2449 711 οὐδὲ
2470 658 2645 722 οὔτως
2675 658 2954 731 ῦϐρισται.
2979 660 3231 714 Σκύϐαλα
3262 661 3372 732 γὰρ
3418 662 3513 715 τοῦ
3539 664 3684 716 σίτου

2115 748 2188 801 τά
2219 748 2420 819 ἄχυρα,
2454 750 2575 819 ἦτοι
2606 750 2639 819 ἡ
2679 748 2938 819 καλάμη*
2982 750 3101 803 ἀλλ’
3127 752 3162 821 ή
3202 752 3425 822 καλάμη
3446 791 3463 816 ,
3495 768 3687 822 συντηο

2117 841 2316 910 ρητική
2349 843 2464 893 ἐστι
2494 841 2590 892 τοῦ
2635 840 2804 902 σίτου,
2844 842 2938 894 καὶ
2984 844 3269 913 στήριγμα
3305 843 3493 908 αὑτοῦ,
3522 844 3621 897 καὶ
3642 844 3684 876 ³⁸

2115 934 2163 985 εί
2193 932 2267 1002 μὴ
2295 928 2363 1002 ἦν
2396 931 2560 1001 αῦτη,
2582 933 2684 987 οὐκ
2713 934 2781 988 ἀν
2812 936 2957 998 σῖτος
2986 934 3231 1002 ἐγένετοο
3257 935 3406 1005 ὅμως
3430 936 3685 1004 φανέντος

2114 1024 2211 1079 τοῦ
2251 1026 2399 1079 σίτου
2450 1028 2545 1080 καὶ
2592 1027 2943 1096 ἑκλεγέντος,
2993 1028 3266 1099 ἄχρηστος
3297 1030 3483 1083 λοιπδν
3525 1029 3681 1100 αὕτη.

2117 1117 2274 1173 Οὕτω
2310 1116 2405 1169 καὶ
2432 1117 2462 1170 ό
2490 1118 2673 1188 νόμος,
2709 1120 2807 1190 τῆς
2837 1120 3058 1190 χάριτος
3092 1119 3389 1191 βεϐαιωτὴς
3419 1120 3512 1175 καὶ
3545 1123 3684 1193 μάρ-

2116 1226 2247 1273 τυςο
2286 1210 2547 1280 φανείσης
2574 1211 2633 1265 δὲ
2679 1212 2869 1283 αὐτῆς,
2922 1213 2985 1265 ού
3022 1213 3106 1266 δεῖ
3151 1213 3569 1283 προσκαθῆσθαι
3613 1214 3688 1285 τῷ

2117 1301 2309 1356 τούτου
2358 1302 2669 1375 γράμματι.

2190 1477 2305 1531 Kal
2349 1476 2571 1545 εὑρεθῶ
2603 1476 2675 1532 ἐν
2695 1478 2857 1544 αὐτῷ
2886 1475 2974 1547 μὴ
3002 1476 3161 1547 ἔχων
3189 1476 3345 1546 ἐμὴν
3387 1477 3690 1533 δικαιοσύ-

2122 1585 2241 1638 νην
2283 1569 2400 1637 τὴν
2425 1570 2495 1623 ἐκ
2518 1570 2743 1638 νόμου,
2781 1569 2943 1624 ἀλλὰ
2980 1569 3096 1638 τὴν
3125 1568 3222 1622 διὰ
3258 1570 3513 1636 πίστεως
3562 1571 3689 1636 Χρι-

2123 1661 2297 1729 στοῦ,
2325 1661 2440 1731 τὴν
2465 1661 2535 1716 ἐκ
2564 1663 2713 1718 Θεοῦ
2736 1663 3157 1730 δικαιοσύνην.
3184 1664 3299 1717 Ἵνα
3329 1663 3405 1735 μὴ
3427 1662 3537 1734 ἔχω
3558 1664 3689 1733 ἐμὴν

2124 1752 2494 1824 δικαιοσύνην,
2529 1753 2629 1824 τὴν
2666 1755 2730 1807 ἐκ
2756 1755 2865 1807 τῶν
2892 1754 3070 1825 ἔργων
3097 1752 3191 1806 τοῦ
3220 1754 3407 1824 νόμου,
3439 1754 3514 1815 ὡς
3538 1753 3689 1821 δῆθεν

445 1836 556 1906 jam
587 1850 650 1891 ea
679 1836 999 1905 perfecerim
1030 1839 1049 1908 (
1076 1853 1249 1907 neque
1278 1840 1422 1894 enim
1449 1839 1657 1908 jnstitia
1688 1855 1771 1897 est
1798 1858 1866 1898 ex
1894 1858 2020 1913 ope-

2149 1845 2477 1916 ιατορθώσας
2499 1846 2639 1900 αὑτά
2656 1860 2671 1876 ⁸
2710 1846 2830 1900 οὐδὲ
2849 1846 2983 1914 γὰρ,
3014 1845 3135 1901 οὐδὲ
3164 1846 3279 1898 ἐστι
3300 1846 3615 1914 δικαιοσύνη
3638 1844 3693 1908 ἐξ

457 1925 623 1993 ribus,
651 1927 1085 1997 quandoquidem
1115 1928 1231 1983 haec
1253 1942 1358 1982 non
1388 1929 1753 2001 perfecerim),
1775 1934 1867 1987 sed
1897 1949 2016 1988 eam

455 2033 575 2090 quae
607 2028 690 2073 est
723 2033 818 2089 per
847 2020 1006 2074 fidem
1035 2020 1257 2087 Christi,
1290 2035 1410 2091 qua:
1439 2030 1521 2077 est
1546 2023 1752 2091 iustitia
1788 2039 1853 2078 ex
1891 2025 2022 2091 Deo,

461 2112 561 2166 hoc
589 2117 704 2175 est,
732 2110 971 2165 divinum
996 2110 1196 2165 donum
1219 2148 1236 2176 ,
1275 2127 1394 2181 qua:
1417 2116 1588 2183 gratia
1612 2114 1875 2183 justiﬁcat
1903 2132 2024 2172 cre-

455 2201 666 2257 dentes.
699 2200 761 2281 Si
789 2202 924 2256 enim
953 2202 1238 2257 credideris
1267 2204 1323 2258 in
1351 2205 1508 2259 corde
1531 2217 1642 2268 tuo,
1667 2215 1717 2260 et
1747 2223 1835 2260 ore
1860 2208 2025 2276 [ueris

456 2291 747 2361 confessus,
769 2292 1056 2348 servaberis
1073 2294 1124 2348 ιι.
1160 2294 1345 2349 Divina
1375 2307 1555 2350 autem
1587 2297 1726 2351 dona
1757 2296 1914 2367 longo
1944 2297 2028 2352 in-

460 2383 689 2438 tervallo
725 2396 1051 2455 exsuperant
1079 2386 1337 2443 vilitatem
1370 2403 1593 2457 Opernm
1626 2389 1865 2444 humano
1906 2399 2025 2444 stu-

464 2475 553 2531 dio
593 2486 647 2530 et
685 2487 878 2532 conatu
934 2489 1303 2550 peractorum,
1352 2482 1575 2551 perinde
1605 2496 1669 2535 ac
1699 2481 2028 2537 irtnnentum

467 2567 646 2637 paleas
674 2569 907 2625 excedit.
1165 2555 1168 2559 ’

537 2661 696 2716 Vsus.
722 2663 809 2716 10.
828 2662 893 2716 In
914 2662 1039 2730 ﬁde,
1074 2672 1130 2718 ut
1156 2681 1463 2734 cognoscam
1500 2683 1639 2733 eum,
1668 2678 1714 2722 et
1743 2669 2028 2737 potentiam

469 2756 862 2807 resurrectionis
888 2754 1021 2822 ejus.
1049 2753 1154 2810 Per
1189 2756 1345 2810 fidem
1376 2757 1537 2825 igitur
1562 2759 1816 2827 cognitio.
1845 2760 2032 2826 Qualis

471 2846 614 2899 enim
668 2847 1007 2901 ratiocinatio
1057 2849 1504 2903 resurrectionem
1546 2852 1701 2905 nobis
1747 2852 2032 2920 probabit?

472 2926 789 3002 Nullajsed
832 2938 985 2993 ﬁdes.
1028 2939 1085 3012 Si
1119 2947 1295 2993 autem
1336 2946 1657 2997 resurrectio
1694 2958 1759 2997 ex
1797 2943 1900 2999 fide
1944 2959 2036 3001 co-

472 3027 770 3097 gnoscitur,
801 3030 1068 3096 quomodo
1101 3032 1239 3099 quod
1290 3032 1460 3100 majus
1494 3043 1597 3098 est,
1640 3036 1894 3090 nimirum
1939 3051 2035 3091 na-

476 3119 660 3174 tivitas
713 3119 865 3189 ejus,
910 3122 1218 3179 rationibus
1262 3124 1782 3194 comprehendetur?
1814 3130 1881 3182 At
1929 3142 2035 3197 qua

479 3209 686 3264 ratione
727 3212 779 3265 id
831 3212 1004 3279 majus
1054 3214 1174 3268 est?
1222 3216 1354 3282 Quia
1406 3219 1821 3273 resurrectionis
1872 3220 2036 3275 multa

418 3286 443 3313 ’
480 3310 607 3356 sunt
654 3303 896 3370 exempla
953 3322 969 3358 :
1026 3304 1178 3359 multi
1218 3322 1450 3378 namque
1484 3318 1539 3363 et
1592 3318 1718 3365 ante
1765 3309 2040 3366 Christum

480 3405 897 3450 resurrexerunt
938 3414 953 3451 :
1001 3412 1070 3452 ex
1111 3400 1322 3469 virgine
1365 3409 1545 3455 autem
1600 3416 1758 3456 nemo
1806 3417 2042 3472 unquam

487 3494 811 3543 natus-terat.
840 3487 1068 3544 Proinde
1093 3488 1329 3558 jnstitia,
1361 3506 1478 3561 qua:
1498 3507 1562 3546 ex
1594 3492 1700 3548 Deo
1727 3501 1830 3559 est,
1860 3495 1910 3547 in
1944 3494 2046 3549 tide

486 3584 569 3630 est
600 3593 614 3630 :
652 3575 753 3631 hoc
777 3585 879 3641 est,
919 3578 1045 3633 huic
1083 3580 1353 3646 innititur,
1381 3596 1607 3652 eamque
1641 3582 2048 3639 fundamentum

487 3668 668 3724 habet.
694 3668 993 3725 Potentiam
1025 3678 1203 3726 autem
1231 3674 1625 3727 resurrectionis
1654 3674 1787 3729 dixit
1815 3692 1830 3728 :
1862 3691 2049 3732 revera

487 3758 629 3813 enim
657 3759 845 3828 ingens
870 3762 1038 3816 robur
1069 3769 1123 3815 et
1152 3762 1388 3831 potentia
1417 3771 1521 3831 est,
1551 3778 1857 3834 resurgere.
1887 3764 2053 3831 Quin-

489 3852 650 3905 etiam
688 3851 852 3923 450
884 3854 1210 3909 resurrectio
1251 3855 1544 3922 potentiam
1606 3855 1760 3911 nobis
1813 3856 2054 3915 immittit

491 3943 557 3996 ad
589 3942 730 3998 idem
767 3944 869 3998 iter
897 3944 1325 4016 ingrediendum.

566 4033 635 4087 Et
679 4037 977 4091 societatem
1003 4040 1305 4106 passionum
1342 4044 1510 4100 illius.
1546 4044 1679 4099 Cum
1722 4044 2057 4115 persecutio-

494 4140 646 4188 nem,
685 4126 884 4195 inquit,
918 4137 1151 4198 pattmnr
1179 4143 1233 4187 et
1258 4132 1561 4203 amigimnr,
1597 4136 1888 4203 participes
1936 4134 2059 4190 red-

495 4215 675 4268 dimur
701 4230 1014 4284 passmnum
1059 4220 1172 4277 sive
1196 4219 1541 4277 amictionnm
1560 4224 1786 4279 Christi.
1813 4224 1870 4278 Si
1898 4224 2060 4293 igitur

497 4322 604 4365 non
627 4309 969 4368 crederemus
998 4313 1139 4384 quod
1167 4328 1288 4368 cum
1311 4313 1529 4370 Christo
1553 4316 1824 4385 rcgnaturi
1850 4329 2058 4382 sumus,

499 4418 606 4458 non
633 4404 758 4458 talia
792 4415 1047 4476 tantaque
1076 4416 1401 4475 pateremur.
1437 4405 1673 4462 Observa
1703 4417 1882 4461 autem
1917 4408 2060 4477 quod

2127 1936 2326 2007 ἔργων,
2358 1937 2439 1990 ὅτι
2467 1936 2586 1989 οὐδὲ
2632 1935 2969 2006 κατώρθωσα
2988 1935 3030 1966 ¹δ
3060 1935 3262 1988 ταῦτα·
3304 1935 3442 1989 ἀλλά
3470 1935 3572 2005 τὴν
3612 1935 3695 1989 διὰ

2129 2027 2365 2099 πίστεως
2391 2026 2662 2094 Χριστοῦ,
2707 2027 2830 2098 ἥτις
2876 2028 3026 2081 ἐστὶν
3056 2028 3121 2080 ὲκ
3163 2025 3297 2079 Θεοῦ
3351 2024 3691 2095 δικαιοσύνη,

2130 2115 2398 2180 τουτέστι,
2430 2116 2572 2170 θεῖον
2593 2115 2786 2187 δῶρον,
2817 2115 2999 2185 χάριτι
3022 2115 3308 2170 δικαιοῦσα
3332 2116 3455 2178 τοὺς
3484 2115 3695 2167 πιστεύο

2130 2227 2307 2273 οντας.
2352 2210 2493 2265 Ἐὰν
2538 2208 2648 2278 τὰρ
2672 2210 3008 2276 πιστεύσῃς
3036 2207 3112 2276 τῇ
3139 2208 3388 2276 καρδίᾳ,
3425 2207 3523 2260 καὶ
3566 2210 3696 2275 ὀμο-

2129 2300 2403 2371 λογήσῃς
2430 2299 2510 2366 τῷ
2532 2303 2801 2366 στόματι,
2842 2300 3115 2368 σωθήσῃ.
3158 2298 3240 2353 Τὰ
3268 2298 3326 2353 δὲ
3371 2300 3494 2352 θεῖα
3528 2298 3693 2368 δῶρα,

2135 2390 2317 2462 πολλῷ
2348 2390 2426 2461 τῷ
2457 2390 2642 2460 μέτρῳ
2679 2389 2996 2459 ὑπερϐαίνει
3024 2389 3121 2460 τὴν
3152 2387 3431 2442 εὐτέλειαν
3464 2386 3577 2439 τῶν
3606 2386 3694 2438 ἀν-

2136 2482 2385 2556 θρωπίνῃ
2412 2482 2618 2552 σπουδῇ
2647 2480 2990 2550 τελουμένων
3020 2479 3482 2550 κατορθωμάτων,
3513 2476 3697 2546 ὥσπερ

2133 2580 2229 2634 καὶ
2261 2580 2289 2631 ό
2327 2580 2469 2638 σῖτος
2502 2574 2572 2627 τὰ
2610 2572 2872 2626 σκύϐαλα.

2219 2668 2344 2723 Ἐπί
2371 2664 2446 2733 τῇ
2472 2665 2702 2729 πίστει,
2725 2663 2831 2718 τοῦ
2871 2662 3092 2733 γνῶναι
3120 2661 3307 2716 αὐτόν
3334 2664 3436 2715 καὶ
3466 2658 3586 2726 τὴν
3607 2656 3699 2711 δύο

2138 2775 2319 2828 ναμιν
2346 2756 2454 2826 τῆς
2491 2756 2886 2823 ἀναστάσεως
2922 2754 3129 2809 αὑτοῦ.
3162 2756 3306 2825 Ἀρα
3350 2753 3438 2806 διὰ
3470 2752 3698 2812 πίστεως

2140 2854 2174 2922 ἡ
2213 2850 2430 2918 γνῶσις.
2468 2850 2620 2912 ﬂcio;
2650 2849 2760 2918 γάρ
2794 2848 3051 2917 λογισμὸς
3087 2846 3186 2918 τὴν
3231 2845 3527 2900 ἀνάστασιν
3578 2842 3699 2912 ἡμῖν

2140 2942 2512 3010 παραστήσει;
2546 2940 2681 2992 Οὐδὲ
2705 2934 2807 3003 εἷς,
2840 2938 2977 2993 ἀλλά
3014 2936 3212 3000 πίστις.
3241 2937 3303 2990 El
3326 2935 3383 2988 δὲ
3407 2935 3442 3005 ἠ
3473 2931 3701 2985 ἀνάσταο

2142 3049 2226 3096 σις
2267 3033 2446 3085 πίστει
2474 3032 2836 3101 γινώσκεται,
2880 3031 2996 3095 πῶς
3022 3031 3083 3083 τὸ
3114 3028 3332 3100 μεῖζον,
3361 3029 3394 3097 ἡ
3430 3026 3701 3094 γέννησις.

2139 3123 2415 3193 λογισμοῖς
2432 3120 2952 3191 καταλειφθήσεται;
2987 3119 3106 3183 πῶς
3131 3119 3186 3172 δὲ
3210 3117 3430 3188 μεῖζον;
3457 3115 3586 3167 ὐτι
3610 3109 3701 3180 τῆς

2144 3218 2246 3289 μὲν
2283 3216 2634 3278 ἀναστάσεως
2684 3212 2856 3267 πολλά
2888 3212 3261 3280 ὑποδείγματα
3281 3211 3324 3241 ⁸⁵
3350 3224 3365 3239 ο
3408 3205 3703 3274 ἀνέστησαν

2145 3309 2243 3378 μὲν
2288 3308 2399 3378 γάρ
2430 3305 2617 3359 πολλοὶ
2652 3304 2748 3357 καὶ
2790 3301 2897 3373 πρὸ
2924 3299 3160 3373 Χριστοῦ
3183 3315 3197 3329 ·
3236 3300 3302 3351 ἐκ
3352 3294 3625 3370 παρθένου
3651 3289 3704 3345 δὲ

2142 3395 2316 3459 οὐδεὶς
2337 3394 2549 3466 ἐτέχθη.
2594 3393 2661 3447 Ἦ
2685 3391 2861 3446 τοίνυν
2890 3393 2956 3445 ἐκ
2980 3388 3116 3443 Θεοῦ
3146 3386 3460 3455 δικαιοσύνη
3487 3385 3550 3437 ὲν
3580 3383 3623 3414 ¹⁶
3644 3382 3702 3449 τῇ

2146 3488 2327 3541 πίστει
2352 3487 2468 3539 ἐστὶ
2491 3526 2507 3552 ,
2535 3485 2813 3538 τουτέστιν
2834 3524 2851 3549 ,
2884 3483 2963 3560 είς
2988 3480 3191 3551 ταύτην
3224 3478 3588 3550 ἐπερείδεται,
3620 3472 3707 3527 καὶ

2147 3577 2317 3649 αὐτὴν
2345 3578 2456 3648 ἔχει
2483 3576 2749 3647 θεμέλιον,
2776 3575 3038 3643 Δύναμιν
3061 3572 3116 3626 δὲ
3132 3568 3285 3624 εἶπεν
3302 3566 3703 3629 ἀναστάσεως·

2147 3670 2224 3740 τῷ
2256 3670 2368 3722 όντι
2402 3667 2509 3739 γὰρ
2548 3666 2755 3737 μεγάλη
2787 3665 2937 3736 ἰσχὺς
2968 3664 3028 3717 τὸ
3057 3664 3378 3732 ἀναστῆναι.
3408 3659 3517 3713 Καὶ
3544 3656 3708 3713 ἄλλως

2150 3762 2228 3825 δὲ.
2258 3763 2292 3835 ἡ
2324 3760 2615 3823 ἀνάστασις
2649 3758 2878 3829 δύναμιν
2905 3756 3108 3828 ἐνίησιν
3136 3755 3271 3826 ἡμῖν
3301 3753 3381 3815 είς
3409 3750 3469 3803 τὸ
3493 3749 3595 3819 τὴν
3624 3745 3710 3799 αὖ·

2150 3854 2250 3924 τὴν
2282 3851 2483 3907 ὁδεύειν
2508 3849 2669 3911 ὁδόν,

2228 4035 2335 4089 Καὶ
2384 4033 2501 4102 τὴν
2560 4031 2879 4087 κοινωνίαν
2941 4028 3059 4082 τῶν
3107 4023 3466 4094 παθημάτων
3509 4014 3708 4074 αὑτοῦ.

2156 4127 2503 4197 Διωκόμενοι,
2532 4127 2685 4196 φησι,
2712 4126 2806 4179 καὶ
2836 4122 3162 4192 θλιϐόμενοι,
3190 4116 3435 4173 κοινωνοὶ
3460 4111 3712 4183 γινόμεθα

2157 4221 2263 4277 τῶν
2290 4218 2625 4290 παθημάτων
2653 4215 2750 4270 τοῦ
2779 4215 3038 4286 Χριστοῦ.
3060 4214 3123 4267 Εἰ
3153 4211 3330 4266 τοίνυν
3346 4207 3422 4278 μὴ
3442 4204 3714 4261 ἐπιστεύο-

2163 4333 2284 4389 μεν,
2328 4317 2411 4369 ὅτι
2453 4310 2982 4384 συμϐασιλεύσομεν,
3016 4309 3115 4363 οὐκ
3141 4306 3209 4361 ἂν
3236 4304 3470 4358 τοσαῦτα
3499 4300 3594 4353 καὶ
3615 4314 3715 4350 τοι-

2161 4406 2299 4462 αῦτα
2318 4409 2651 4479 ἐπάσχομεν.
2681 4402 2995 4475 Σημείωσσι
3021 4400 3099 4461 δὲ,
3139 4397 3221 4451 ὃτι
3252 4397 3461 4457 ἐκεῖνος
3490 4390 3716 4460 μάλιστα

501 4493 548 4548 is
571 4496 801 4549 maxime
825 4495 995 4552 credit
1015 4494 1291 4551 Christum
1319 4496 1701 4561 resurrexissc,
1723 4496 1811 4567 qui
1836 4498 2036 4567 patitur

2166 4500 2430 4566 πιστεύει,
2455 4499 2537 4552 ὅτι
2565 4494 2798 4568 Χριστὸς
2831 4491 3052 4561 ἀνέστη,
3086 4490 3114 4543 ὁ
3141 4488 3385 4556 πάσχων.
3418 4483 3523 4537 Καὶ
3562 4480 3714 4534 ἄκουε

502 4587 640 4640 Audi
667 4587 826 4656 igitur
851 4602 969 4656 quae
993 4603 1312 4657 sequuntur.

574 4676 942 4748 Conﬁgurntus
977 4682 1129 4733 morti
1160 4682 1292 4749 ejus.
1329 4679 1442 4736 Hoc
1475 4691 1579 4748 est,
1613 4679 1962 4735 assimilatas.
1991 4676 2063 4733 Ut

504 4768 647 4823 enim
688 4769 776 4824 ille
806 4771 872 4824 ab
918 4771 1225 4826 hominibus
1262 4786 1449 4842 passus
1481 4781 1584 4837 est,
1617 4770 1695 4825 sic
1737 4778 1790 4825 et
1815 4785 1933 4840 ego.
1969 4769 2065 4824 Af-

506 4860 767 4917 ﬂictiones
816 4862 957 4916 enim
1000 4871 1056 4918 et
1096 4863 1497 4932 persecutiones
1550 4861 1835 4934 imaginem
1876 4862 2068 4917 mortis

510 4954 652 5009 illius
682 4954 972 5026 depingunt
1007 4972 1021 5009 :
1062 4956 1285 5025 proinde
1316 4963 1371 5010 et
1400 4970 1498 5009 nos
1528 4955 1667 5009 idem
1696 4970 1819 5009 cum
1849 4952 2070 5009 Christo

508 5045 791 5111 ellicimnr,
824 5055 1088 5115 quatenus
1120 5046 1374 5117 patimur.
1407 5044 1593 5103 Vidcn‘
1624 5045 1753 5117 quid
1805 5053 2072 5117 pra'stant

510 5134 821 5191 amictiones
840 5136 866 5189 ’ἒ

584 5227 745 5285 Vsus.
773 5229 861 5284 11.
886 5227 947 5285 Si
965 5246 1067 5301 quo
1082 5230 1233 5284 modo
1251 5244 1525 5284 occurram
1550 5227 1618 5283 ad
1640 5229 2071 5284 resurrectionem

512 5333 857 5375 mortuorum.
889 5321 1028 5388 Quid
1057 5321 1214 5379 inde?
1250 5320 1366 5375 Nisi
1409 5334 1600 5390 passus
1631 5333 1802 5383 esses.
1832 5334 1865 5374 ο
1886 5319 2075 5388 Paule,

655 5460 681 5500 ιι
710 5459 870 5518 Rom.
899 5474 954 5523 ι,
981 5458 1035 5514 9.

2168 4590 2277 4645 τῶν
2307 4589 2434 4645 ἑξῆς
2453 4605 2470 4621 ⁸

2238 4589 2778 4750 ζ’ἐιῗῗιὲρφούμενος
2793 4675 2834 4708 ⁸⁷
2850 4673 2932 4741 τῷ
2948 4671 3177 4737 θανάτῳ
3192 4665 3404 4723 αὐτοῦ.
3421 4660 3715 4750 τουτέστιν,

2170 4748 2584 4843 ἐξομοιούμενος
2615 4768 2679 4823 ¹⁸.
2713 4764 2980 4834 Καθάπερ
3008 4761 3117 4832 γὰρ
3148 4760 3353 4819 ἐκεῖνος
3382 4753 3485 4808 ὑπὸ
3508 4749 3613 4843 τῶν
3637 4748 3719 4843 htt-

2172 4838 2405 4933 θρωπων
2424 4838 2648 4927 ἔπαθεν,
2677 4858 2819 4912 οὕτω
2851 4857 3028 4924 κάγώ.
3065 4854 3187 4907 Ὀτι
3213 4846 3446 4917 διωγμοὶ
3474 4838 3720 4933 {aptarat

2171 4928 2240 5005 τά
2274 4949 2575 5022 παθήματα
2595 4990 2610 5017 ,
2649 4950 2749 5020 τὴν
2774 4948 2956 5001 εἰκόνα
2991 4940 3340 5014 ζωγραφοῦσι
3372 4935 3463 4991 τοῦ
3502 4928 3721 5022 θανάτου

2172 5020 2753 5112 CXC‘vOU,XG1XptO"tO\
2775 5036 3037 5108 γινόμεθα
3055 5034 3149 5089 καὶ
3174 5032 3356 5102 ἡμεῖς,
3382 5024 3510 5081 καθὸ
3532 5020 3721 5088 πάσχο-

2178 5152 2298 5207 μεν.
2332 5135 2497 5206 Ὀρᾷς
2516 5135 2577 5187 τδ
2601 5132 2933 5202 κατόρθωμα
2963 5131 3005 5163 η
3032 5129 3138 5181 τῶν
3169 5123 3358 5178 παθῶν
3379 5162 3395 5186 ,
3657 5201 3680 5214 .

2245 5228 2446 5295 Ετπως
2489 5225 2845 5295 καταντήσω
2889 5224 2976 5289 είς
3004 5220 3120 5287 τὴν
3164 5214 3570 5281 ἐξανάστασιν
3614 5218 3727 5295 των

2175 5293 2434 5390 νεκρῶν.
2449 5318 2514 5375 Τί
2545 5314 2669 5388 οῦν;
2703 5293 2753 5371 εί
2784 5316 2859 5389 μὴ
2905 5312 3123 5377 ἔπαθες,
3152 5303 3198 5364 ὦ
3230 5307 3428 5373 Παῦλε,
3459 5302 3555 5356 οὐκ
3580 5293 3726 5369 εμελο

1858 5569 2053 5632 Variae
2084 5569 2409 5633 lectiones.

664 5698 706 5729 ’³
737 5698 801 5769 ἐκ
831 5696 992 5764 λόγου
1025 5695 1260 5769 γινῳπκε
1286 5694 1361 5760 ὡς
1375 5709 1462 5769 ρο,
1484 5695 1557 5769 λδ
1582 5692 1914 5769 κατώρθωσέ
1951 5714 2036 5764 τις
2066 5712 2120 5753 o.
2204 5696 2246 5731 ¹³
2281 5693 2657 5767 ὑποδείγματα
2706 5690 2888 5763 ἔχουσι
2935 5703 3004 5744 ιη.
3088 5687 3131 5721 ¹⁶
3184 5684 3275 5740 ἐπὶ
3306 5696 3356 5740 o.
3431 5676 3469 5711 "
3495 5669 3721 5745 οφοὺμι-

523 5786 602 5822 νοι
630 5784 684 5825 ο.
764 5767 807 5801 ⁸⁸
848 5766 1191 5838 -μοιούμεθα
1221 5783 1274 5820 u.
1372 5766 1414 5799 "
1439 5765 1654 5838 ἀξίωμα
1676 5782 1730 5823 υ.
