3932 6604
302 394 445 461 1185

1082 391 1487 456 EXPOSITIO
1518 392 1601 455 IN
1630 386 1871 455 EPlST.
1908 392 2009 455 AD
2046 393 2383 458 PHILIPP.
2411 419 2478 433 -
2507 394 2664 458 CAP.
2703 396 2823 458 III.

3426 395 3563 462 1186

294 505 393 570 λες
419 505 754 577 ἀναστῆναι;
796 504 939 560 Ἀλλ’
968 505 1327 572 ἐξανάστασιν
1352 505 1589 561 ἐνταῦθα
1628 503 1761 571 νόει,
1783 504 1883 576 τὴν

1996 521 2092 561 non
2125 521 2249 563 cras
2275 507 2722 563 resurrecturus?
2759 508 2959 563 Verum
2984 508 3445 565 resurrectionem
3478 510 3567 567 hic

296 595 550 665 ἔνδοξον,
583 596 683 668 τὴν
726 599 786 651 ὲν
825 596 1080 667 νεφέλαις
1111 597 1356 667 ἔξαρσιν.
1388 597 1597 661 Πάντες
1628 595 1731 668 μὲν
1770 594 1883 668 γὰρ

297 691 642 758 ἀνίστανται,
668 691 730 744 οὐ
763 694 963 754 πάντες
989 691 1046 745 δὲ
1075 692 1169 744 καὶ
1182 692 1227 723 ⁸⁸
1257 690 1663 756 ἐξανίστανται·
1688 690 1805 745 ἀλλ’
1834 690 1885 744 oi

300 783 407 853 μὲν
453 781 795 853 ἁμαρτωλοὶ,
846 783 998 838 κάτω
1036 783 1259 853 μένουσι
1301 783 1392 837 τὸν
1444 783 1654 854 Κριτήν
1680 800 1693 814 ·
1743 782 1793 836 οἱ
1828 781 1886 835 δὲ

296 874 473 943 ἅγιοι,
527 875 863 946 ἀρπάζονται
908 877 967 928 ὲν
1005 874 1257 942 νεφέλαις
1303 876 1383 938 είς
1430 874 1737 945 ἀπάντησιν
1788 872 1884 927 τοῦ

298 967 535 1038 Κυρίου.
570 969 803 1040 Νοήσεις
833 967 891 1021 δὲ
917 968 1014 1021 καὶ
1046 966 1154 1021 άπὸ
1181 969 1279 1039 τῆς
1302 967 1623 1031 ἀκολουθίας
1646 966 1706 1020 τδ
1727 964 1886 1035 λεγόο

300 1076 484 1130 μενον.
551 1060 855 1125 Ἀπέθανε,
898 1059 1098 1131 φησὶν,
1145 1060 1175 1112 ό
1232 1058 1467 1130 Χριστός
1494 1076 1509 1090 ο
1551 1059 1885 1130 ἀποθνήσκω

296 1150 481 1223 κάγώ.
541 1152 764 1225 Ἀνέστη
816 1154 1023 1219 ἐκεῖνος
1077 1153 1332 1218 ἐνδόξως,
1388 1152 1675 1215 σπουδάζω
1727 1149 1885 1218 κάγὼ

293 1245 561 1316 τοιαύτης
590 1246 944 1309 ἀναστάσεως
989 1247 1173 1316 τυχεῖν
1221 1245 1456 1311 ἐνδόξου.
1499 1244 1641 1316 Ὅρα
1682 1243 1738 1297 δὲ
1788 1244 1886 1297 καὶ

296 1337 593 1393 εὐλάϐειαν
642 1338 738 1391 τοῦ
792 1336 1031 1392 τοσαῦτα
1084 1334 1528 1406 κατορθώσαντος
1553 1378 1568 1403 ,
1612 1336 1707 1390 τοῦ
1745 1336 1887 1408 ὑπὲρ

300 1431 435 1495 τοὺς
457 1432 505 1463 ¹¹
540 1430 865 1500 ἀνθρώπους
893 1429 1045 1493 ὄντος
1064 1446 1079 1461 ·
1110 1430 1309 1495 Eine»;
1335 1426 1566 1499 φθάσω.
1588 1430 1662 1483 Ob
1695 1430 1887 1502 θαρρῶ

297 1526 437 1597 γὰρ,
471 1528 662 1596 φησὶν,
688 1523 843 1579 οὔπω
866 1539 881 1552 ·
906 1522 1079 1589 οὕτως
1107 1523 1550 1593 ὲταπεινοφρόνει
1570 1540 1584 1554 ο
1626 1523 1764 1594 ὅπερ
1788 1523 1888 1578 ἀλ-

294 1619 469 1691 λαχοῦ
492 1620 672 1689 λέγει’
706 1621 763 1673 Ὀ
786 1618 983 1674 δοκῶν
997 1617 1267 1685 ἑστάναι,
1286 1617 1565 1684 ,βλεπέτω
1583 1617 1670 1688 μὴ
1691 1619 1854 1690 πέσῃ
1868 1634 1885 1651 ο

296 1713 431 1781 καὶ,
479 1712 705 1781 Μήπως
752 1713 969 1780 ἄλλοις
1018 1710 1311 1782 κηρύξας,
1358 1712 1541 1779 αὐτὸς
1598 1713 1888 1784 ἀδόκιμος

298 1807 582 1878 γένωμαι.

375 1989 504 2059 οὐχ
529 1990 618 2043 ὅτι
638 1988 753 2059 ἤδη
783 1992 1026 2055 ἔλαϐον,
1050 1991 1088 2060 ἢ
1112 1992 1228 2061 ἤδη
1253 1994 1647 2063 τετελείωμαι.
1678 1993 1885 2059 Εἰπὼν,

295 2083 385 2136 ὅτι
409 2083 484 2137 Et
508 2096 633 2149 πως
659 2083 1016 2151 καταντήσω
1040 2087 1106 2149 ⁸⁸,
1138 2087 1539 2151 κατασκευάζει
1566 2086 1753 2155 τοῦτο,
1792 2086 1887 2142 καί

298 2191 494 2245 φησιν,
537 2176 618 2228 ὅτι
660 2175 759 2229 Διὰ
794 2175 955 2229 τοῦτο
984 2175 1155 2239 οὕτως
1188 2173 1342 2232 εἷπον
1371 2178 1770 2246 διστακτικῶς,
1803 2179 1887 2233 ὅτι

295 2266 458 2321 οὔπω
483 2265 674 2323 ἔλαϐον
699 2268 759 2321 τὸ
782 2267 1057 2340 βραϐεῖον,
1083 2268 1237 2324 οῠπω
1256 2270 1635 2343 τετελείωμαι.

369 2448 571 2504 Διώκω
611 2448 699 2516 δὲ,
733 2451 785 2505 εί
824 2448 923 2503 καί
962 2448 1306 2515 καταλάϐω,
1366 2448 1461 2519 ἐφ’
1512 2441 1561 2518 ᾧ
1608 2447 1707 2505 καί
1746 2465 1888 2504 κατ-

295 2542 583 2611 ελήφθην
601 2540 721 2596 ὑπὸ
754 2540 1014 2609 Χριστοῦ
1032 2540 1078 2572 ’³
1122 2540 1338 2609 Ἰησοῦ.
1375 2540 1517 2606 Ἔτι,
1558 2541 1746 2613 φησὶν,
1796 2541 1887 2593 έν-

301 2632 543 2702 αγώνιός
561 2633 678 2704 είμι
697 2674 713 2699 ,
742 2630 822 2686 ἔτι
849 2631 1053 2700 διώκω,
1083 2631 1139 2685 εί
1166 2650 1282 2697 πως
1315 2632 1519 2703 ίσχύσω
1560 2632 1887 2687 καταλαϐεῖν

293 2725 363 2779 τὸ
400 2725 555 2788 τέλος
593 2725 690 2779 καὶ
728 2726 790 2778 τὸ
827 2724 1099 2795 βραϐεῖον.
1136 2721 1270 2779 Εἶτα
1312 2724 1526 2789 δεικνὺς
1572 2726 1655 2778 ὅτι
1694 2724 1885 2796 όφειλή

298 2819 424 2871 ἐστι
452 2814 513 2869 τὸ
537 2817 792 2888 πρᾶγμα,
828 2817 995 2888 φησί·
1032 2815 1186 2868 Διότι
1219 2814 1317 2869 καί
1350 2814 1741 2884 κατελήφθην
1768 2814 1886 2868 ὑπὸ

297 2910 599 2979 Χριστοῦ·
642 2909 912 2977 τουτέστι,
946 2908 1067 2962 Τῶν
1115 2908 1506 2978 ἀπολλυμένων
1542 2908 1692 2981 ήμην
1716 2947 1733 2974 ,
1766 2907 1888 2976 ,τῶν

296 3003 782 3075 ἀπεγνωσμένωνο
817 3000 1108 3067 κατεδίωξέ
1143 3017 1211 3072 με
1245 3001 1275 3053 ὁ
1316 3001 1551 3072 Χριστος
1578 3042 1593 3067 ,
1627 2999 1724 3055 καὶ
1753 2999 1890 3069 φεύ-

295 3115 472 3168 γοντα
497 3096 593 3150 ἀπ’
615 3093 783 3149 αὑτοῦ
815 3093 1108 3159 κατέλαϐε,
1136 3094 1232 3147 καὶ
1260 3094 1618 3163 ἐπέστρεφεν.
1658 3091 1889 3161 Ὀφείλω

296 3190 487 3245 τοίνυν
525 3190 621 3243 καὶ
644 3179 804 3252 αὐτὸς
834 3186 1047 3241 διώκειν
1073 3186 1236 3241 αὑτὸν
1263 3185 1470 3251 λοιπὸν,
1502 3184 1578 3247 ώς
1612 3184 1678 3239 ἀν
1715 3201 1887 3237 κατα·
1911 3223 1959 3286 C

298 3283 478 3339 λάϐω.
538 3280 1026 3351 Ἐμφαντικώτατα
1055 3280 1113 3333 δὲ
1141 3278 1201 3333 τὸ
1226 3278 1441 3332 διώκειν
1469 3273 1643 3332 εἶπεν.
1684 3275 1744 3331 ’0
1780 3277 1887 3348 γὰρ

299 3376 542 3438 διώκων,
571 3375 720 3430 οὐδὲν
753 3374 881 3431 ἀλλο
912 3375 1015 3446 ὁρᾷ
1058 3373 1090 3442 ἢ
1126 3372 1262 3445 πρὸς
1292 3372 1322 3425 ὃ
1356 3370 1598 3438 σπεύδει,
1632 3370 1810 3424 πάντα
1832 3370 1889 3424 δὲ

302 3478 671 3546 παρέρχεται,
711 3473 807 3527 καὶ
849 3473 915 3524 τά
942 3471 1173 3539 φίλτατα
1218 3470 1312 3523 καὶ
1352 3470 1422 3523 τὰ
1463 3470 1886 3538 ἀναγκαιότατα.

302 3568 501 3630 Οὕτως
532 3565 819 3636 ὀφείλομεν
853 3565 948 3617 καὶ
984 3564 1147 3634 ἡμεῖς
1192 3560 1442 3616 σπεύδειν
1463 3603 1479 3631 ,
1534 3562 1626 3616 ὑπ’
1677 3562 1891 3625 οὐδενὸς

301 3658 749 3728 διακοπτόμενοι.

377 3830 684 3901 Ἀδελφοί,
720 3827 835 3900 ἐγὼ
864 3826 1130 3898 ἐμαυτὸν
1158 3828 1324 3882 οὔπω
1351 3826 1655 3897 λογίζομαι
1692 3843 1888 3883 κατει-

304 3924 589 3995 ληφέναι.
664 3922 882 3993 Ἐπειδὴ
934 3921 1105 3976 πολλά
1169 3921 1402 3993 ἐπῄνεσε
1457 3921 1887 3991 Φιλιππησίους,

305 4017 404 4071 νῦν
452 4015 829 4071 καταστέλλων
888 4014 1070 4069 αὐτῶν
1112 4012 1175 4068 τδ
1230 4013 1505 4084 φρόνημα,
1560 4012 1749 4083 φησὶν,
1804 4013 1889 4067 ὅτι

319 4107 465 4178 Ἐγὼ
523 4108 553 4160 ό
615 4105 871 4170 τοσοῦτος
928 4108 1022 4160 καὶ
1083 4104 1426 4177 τηλικοῦτος,
1487 4105 1516 4158 ό
1572 4103 1891 4170 διδάσκαλος

305 4201 501 4271 ὑμῶν,
573 4198 727 4254 οὔπω
800 4198 1087 4271 λογίζομαι
1144 4195 1537 4269 κατειληφέναι
1596 4195 1695 4268 τὴν
1759 4197 1888 4267 ἀρε-

301 4294 407 4364 τὴν
442 4292 691 4347 ἀπασαν·
721 4293 798 4357 ὡς
824 4294 890 4347 ἂν
922 4293 971 4346 εί
1000 4293 1094 4346 ἐπὶ
1112 4289 1362 4364 δρομέως
1390 4289 1535 4344 εἴποι
1568 4305 1653 4352 τις
1675 4304 1689 4321 ·
1721 4286 1889 4342 Οὔπω

302 4386 370 4441 τὺ
398 4387 510 4439 πᾶν
532 4387 717 4459 ἤνυσε.
746 4385 873 4449 Πῶς
900 4384 992 4439 οὖν
1033 4384 1269 4455 ἀλλαχοῦ
1301 4400 1437 4454 φησι
1464 4401 1479 4416 ο
1528 4383 1643 4438 Τὸν
1666 4380 1890 4451 δρόμον

310 4478 639 4544 τετέλεκας
692 4480 900 4533 Ἐκεῖνο
930 4479 1066 4549 πρὸς
1094 4481 1163 4550 τῇ
1194 4478 1420 4548 τελευτῇ
1455 4475 1530 4529 ὢν
1560 4476 1692 4547 ἔφη.

383 4571 497 4624 Ἓν
520 4570 607 4636 δὲ,
626 4569 744 4624 τῶν
760 4571 877 4639 μὲν
898 4568 1743 4640 ὄπισθεηέπιλανθανόμενος,
1762 4568 1890 4634 τοῖς

304 4665 376 4720 δὲ
414 4665 753 4734 ἔμπροσθεν
798 4664 1311 4733 ἐπεκτεινόμενος.
1356 4661 1454 4714 Ἓν
1505 4659 1666 4727 ποιῶ,
1699 4663 1890 4731 φησὶν,

304 4760 427 4825 ἑνὸς
461 4760 684 4829 γίνομαι
716 4761 903 4829 μόνου,
925 4760 1071 4823 ὅπως
1105 4759 1195 4812 ἀεὶ
1234 4756 1638 4828 προκόπτοιμι’
1676 4756 1893 4811 ἐπιλαν-

306 4854 543 4921 θάνομαι
559 4851 668 4905 τῶν
695 4850 1156 4922 κατορθωμάτων,
1181 4850 1277 4904 καὶ
1297 4849 1500 4921 ἀφίημι
1519 4847 1661 4902 αύτά
1689 4846 1887 4915 όπίσω,

306 4946 405 4999 καὶ
443 4944 566 4997 οὐδὲ
628 4944 915 5016 μέμνημαι
952 4944 1085 5007 ὅλως
1120 4941 1325 5007 αὐτῶν,
1354 4942 1452 4996 καὶ⁵
1483 4939 1629 4994 οὕτω
1672 4943 1740 4993 τά
1790 4938 1891 5010 έμ-

308 5038 547 5113 προσθεν
573 5037 777 5104 διώκω,
797 5038 874 5099 ώς
904 5037 1161 5090 λείποντά
1191 5051 1306 5106 μοι*
1323 5036 1398 5101 ὡς
1414 5037 1443 5090 ὃ
1468 5052 1529 5105 γε
1560 5034 1712 5108 ίήδηι
1737 5051 1889 5087 τετε-

304 5131 568 5186 λειῶσθαι
597 5131 859 5202 νομίζων,
891 5131 1168 5185 παύσεται
1193 5130 1428 5203 τρέχων,
1456 5129 1532 5194 ώς
1552 5130 1653 5200 ήδη
1684 5129 1745 5182 τὸ
1779 5130 1887 5181 πᾶν

306 5226 715 5298 κατωρθωκώς.
782 5226 848 5280 Τί
909 5226 968 5280 δέ
1021 5226 1139 5279 έστι
1193 5226 1275 5287 τὸ,
1321 5223 1890 5294 Ἐπεκτεινόμενος;

305 5320 468 5373 Ἰ⁹ουτ’
495 5318 636 5373 ἐστι·
668 5319 806 5393 Πρὶν
839 5317 1045 5389 φθάσαι
1070 5317 1142 5386 ⁸⁸,
1194 5316 1381 5371 λαϐεῖν
1394 5315 1756 5389 ίσπουδάζων,
1794 5318 1891 5370 καὶ

306 5413 435 5482 τοὺς
483 5411 672 5482 πόδας,
730 5410 909 5467 καίτοι
963 5410 1278 5484 τρέχοντας,
1328 5407 1407 5482 τῷ
1452 5408 1628 5481 λοιπῷ
1677 5410 1893 5479 σώματι

456 5580 528 5636 ιι
560 5582 686 5639 Cor.
753 5596 812 5650 ιι,
852 5578 941 5636 12.
1085 5575 1178 5632 ⁸³1
1230 5576 1357 5635 Cor.
1401 5576 1595 5647 ts,27.

1984 600 2225 672 intellige
2259 603 2528 659 celebrem
2580 605 2635 659 in
2681 604 2918 659 nubibus
2950 603 3332 660 sublationem.
3363 603 3567 662 Omnes

1984 695 2184 749 etenim
2216 704 2524 766 resurgunt,
2555 704 2615 752 at
2648 711 2753 752 non
2796 712 2990 753 omnes
3021 696 3354 768 resurgendo
3383 697 3568 753 suble-

1986 786 2259 841 vabuntur
2283 786 2337 842 in
2367 788 2539 844 nubes
2570 806 2586 845 :
2619 805 2805 847 verum
2834 800 3146 858 peccatores
3180 789 3320 844 infra
3347 789 3565 858 quidem

1982 877 2588 950 exspectantJudicern,
2631 883 2801 937 sancti
2837 897 2965 936 vero
2994 882 3048 936 in
3081 882 3254 938 nubes
3280 882 3570 952 rapiuntur

1984 972 2039 1027 in
2071 987 2359 1029 occursum
2387 972 2626 1029 Domini.
2657 973 2929 1045 lntelliges
2961 985 3141 1029 autem
3171 975 3317 1045 quod
3345 975 3563 1040 dicitur,

1984 1080 2051 1121 ex
2081 1064 2149 1121 iis
2180 1081 2298 1135 qua:
2329 1074 2649 1137 sequuntur.
2698 1065 2941 1121 Mortuus
2971 1074 3091 1133 est,
3133 1067 3344 1138 inquit,
3375 1066 3568 1122 Cirris-

1986 1166 2074 1213 tus
2104 1172 2122 1213 :
2155 1158 2360 1213 morior
2383 1166 2439 1215 et
2454 1173 2574 1228 ego.
2604 1155 2926 1213 Rcsurrexit
2950 1158 3038 1212 ille
3063 1157 3378 1224 honoriﬁce,
3401 1172 3571 1213 conor

1985 1261 2040 1307 et
2090 1266 2188 1323 ego
2238 1250 2547 1319 huiusmodi
2592 1249 2852 1319 consequi
2912 1251 3368 1306 resurrectionem
3423 1249 3568 1305 cele-

1983 1344 2160 1399 brem.
2191 1341 2328 1397 Vide
2352 1350 2537 1398 autem
2579 1340 2841 1398 cautelam
2871 1340 2993 1411 ejus
3024 1341 3114 1409 qui
3150 1350 3298 1394 tanta
3325 1341 3397 1396 sit
3440 1355 3571 1411 ope-

1986 1445 2174 1502 ratus,
2225 1435 2317 1506 qui
2357 1435 2432 1491 sit
2474 1449 2639 1505 supra
2688 1434 2955 1489 homines.
2992 1433 3055 1488 Si
3081 1448 3183 1503 quo
3213 1433 3367 1487 modo
3396 1448 3572 1501 perve-

1988 1528 2155 1583 niam.
2225 1526 2480 1582 Nondum
2546 1525 2692 1582 enim
2746 1526 2923 1580 audax
2973 1531 3028 1579 et
3082 1522 3360 1578 conlidens
3413 1538 3569 1588 sum,

1988 1619 2165 1689 inquit
2198 1620 2373 1674 :adeo
2402 1618 2590 1674 humili
2629 1618 2822 1688 spiritu
2872 1617 3113 1672 imbutus
3148 1627 3265 1672 erat
3294 1633 3308 1671 :
3341 1616 3482 1687 quod
3516 1624 3572 1670 et

1988 1712 2095 1767 alio
2129 1711 2328 1767 inloco
2351 1712 2448 1774 ait,
2481 1710 2587 1777 Qui
2609 1711 2815 1765 videtur
2832 1721 2996 1774 stare,
3027 1711 3196 1763 videat
3223 1724 3286 1763 ne
3318 1711 3474 1763 cadat
3500 1706 3518 1746 ι
3550 1725 3566 1763 :

1988 1812 2064 1868 et,
2096 1803 2178 1858 Ne
2216 1820 2319 1874 quo
2361 1805 2515 1858 modo
2546 1801 2669 1858 aliis
2696 1802 3015 1872 prmdicans,
3045 1802 3157 1870 ipse
3190 1802 3435 1871 reprobus
3460 1801 3570 1871 e05-

1913 1870 1962 1929 B
1990 1897 2103 1949 ciar
2125 1904 2187 1949 "‘.

2061 1987 2226 2043 Vens.
2259 1968 2512 2043 123M»:
2535 1989 2674 2058 quod
2696 1988 2816 2058 jam
2846 1985 3153 2055 acceperim,
3188 1995 3277 2040 aut
3292 1984 3411 2056 jam
3448 2001 3571 2054 per-

1988 2079 2154 2149 fectus
2197 2081 2320 2135 sim.
2376 2079 2510 2135 Cum
2548 2081 2806 2145 dixisset,
2850 2078 2909 2134 Si
2938 2095 3039 2150 quo
3070 2079 3222 2132 modo
3255 2094 3567 2142 occurram,

1987 2173 2280 2228 confirmat
2330 2174 2434 2229 hoc
2460 2213 2474 2238 ,
2519 2173 2773 2242 inquiens
2826 2189 2840 2227 :
2882 2172 3178 2241 Propterea
3219 2168 3299 2223 sic
3330 2168 3441 2224 dixi
3472 2182 3573 2239 per

1987 2266 2394 2337 ambiguitatem
2414 2306 2430 2332 ,
2463 2267 2589 2337 quia
2621 2267 2860 2320 nondum
2889 2264 3076 2335 accepi
3100 2262 3359 2319 brabeutn
3382 2299 3401 2328 ,
3435 2275 3572 2317 non-

1988 2359 2114 2412 dnm
2150 2358 2423 2427 perfectus
2448 2373 2589 2414 sum.

2058 2448 2358 2513 Persequar
2390 2458 2607 2512 autem;
2632 2449 2680 2503 si
2718 2455 2767 2502 et
2811 2443 3283 2515 comprehendam,
3314 2452 3572 2514 quatenus

1987 2548 2037 2596 et
2059 2543 2459 2611 comprehensus
2496 2558 2611 2596 sunt
2635 2557 2667 2594 a
2691 2536 3080 2607 Christo'Jesu.
3104 2536 3258 2607 .Ego,
3295 2536 3490 2606 inquit,
3516 2536 3570 2589 in

1988 2637 2289 2692 certamine
2317 2638 2495 2690 adhuc
2524 2650 2734 2700 versor,
2764 2635 2942 2689 adhuc
2963 2647 3184 2702 sequor,
3209 2630 3255 2686 si
3279 2630 3574 2701 quomodo

1988 2742 2182 2798 queam
2234 2726 2698 2798 comprehendere
2732 2727 2894 2783 tinem
2936 2734 2991 2782 et
3036 2725 3320 2781 hrabeum.
3368 2721 3574 2777 Deinde

1989 2821 2284 2877 ostendens
2324 2836 2434 2876 rem
2466 2822 2636 2891 ipsam
2684 2834 2809 2875 esse
2847 2817 3110 2881 debitum,
3155 2815 3343 2871 subdit
3375 2831 3391 2869 :
3420 2812 3573 2881 Qua-

1990 2915 2134 2968 niam
2167 2924 2213 2968 et
2248 2913 2648 2980 comprehensus
2683 2928 2800 2967 sum
2844 2929 2877 2965 a
2907 2910 3118 2966 Christo
3142 2924 3162 2963 :
3199 2909 3249 2963 id
3281 2914 3400 2973 est,
3432 2905 3572 2962 Cum

1988 3022 2167 3063 essem
2215 3024 2281 3064 ex
2318 3008 2673 3079 pereuntibus
2713 3016 2769 3061 et
2809 3002 3219 3069 condemnatis,
3254 3008 3573 3073 persecutus

1988 3110 2073 3156 est
2104 3116 2187 3156 me
2210 3100 2482 3165 Christus,
2519 3109 2575 3154 et
2599 3098 2895 3168 fugientem
2929 3097 2998 3153 ab
3025 3111 3090 3151 eo
3131 3092 3573 3163 comprehendit,

1989 3195 2139 3263 etgad
2172 3208 2292 3249 sese
2314 3192 2600 3248 convertit.
2637 3191 2820 3246 Debeo
2851 3190 3035 3260 itaque
3063 3198 3117 3243 et
3148 3202 3246 3257 ego
3281 3186 3455 3254 ipsum
3483 3198 3577 3240 se-

1991 3285 2084 3357 qui
2136 3284 2426 3353 deinceps,
2462 3290 2519 3337 ut
2571 3278 3002 3351 apprehendatur.
3059 3271 3575 3346 Signiﬁcantissinte

1993 3386 2174 3432 autem
2210 3376 2374 3439 dixit,
2406 3373 2647 3427 διώκειν.
2682 3370 2782 3438 Qui
2826 3370 2971 3426 enim
3015 3365 3363 3439 persequitur
3386 3406 3403 3431 ,
3442 3362 3577 3418 nihil

1994 3470 2139 3525 aliud
2166 3470 2423 3532 intuetur,
2454 3481 2618 3536 quam
2648 3466 2715 3519 ad
2754 3463 2899 3535 quod
2930 3460 3231 3526 accelerat,
3260 3456 3356 3513 sed
3388 3455 3575 3511 omnia

1992 3560 2236 3632 praeterit
2266 3573 2388 3613 cum
2418 3555 2760 3618 charissima,
2796 3561 2910 3607 tum
2935 3549 3176 3606 maxime
3209 3538 3521 3602 necessaria
3554 3559 3573 3598 :

1994 3656 2139 3709 hunc
2163 3651 2231 3707 ad
2259 3650 2475 3706 modum
2519 3656 2575 3703 et
2617 3661 2716 3703 nos
2745 3644 3005 3702 festinare
3036 3641 3297 3697 debemus
3328 3635 3475 3693 nulla
3517 3649 3577 3689 re

1991 3746 2259 3816 impediti.

2062 3834 2491 3912 ἀιδινειιελὸ.
2510 3832 2749 3901 Fratres,
2766 3848 2857 3903 ego
2872 3846 2951 3884 me
2968 3825 3197 3882 nondum
3214 3823 3414 3878 arbiter
3428 3836 3575 3876 com-

1990 3931 2345 4002 prehendisse.
2369 3927 2504 3995 Quia
2531 3924 2825 3996 plurimum
2847 3921 3160 3975 laudaverat
3175 3915 3576 3985 Philippenses,

1991 4038 2137 4080 nunc
2166 4024 2406 4092 ipsorum
2434 4016 2693 4088 dejiciens
2715 4013 2992 4079 affectum,
3035 4011 3170 4081 Ego,
3203 4006 3397 4078 inquit,
3451 4004 3577 4060 talis

1992 4132 2058 4174 ac
2091 4125 2299 4179 tantus,
2353 4119 2655 4185 praeceptor
2712 4118 2912 4173 vester,
2965 4107 3207 4160 nondum
3257 4099 3449 4170 opinor
3489 4108 3578 4150 me

1992 4206 2418 4281 apprehendisse
2450 4205 2706 4259 virtutem
2739 4199 3051 4255 universam
3083 4212 3098 4249 :
3133 4191 3360 4264 perinde
3419 4187 3576 4281 quasi

1992 4277 2310 4360 devcursore
2347 4297 2550 4370 aliquis
2585 4294 2732 4351 dicat
2761 4309 2777 4347 :
2814 4290 3062 4346 Nondum
3096 4295 3263 4340 totum
3326 4277 3575 4370 perfecit.

1996 4394 2103 4463 Qui
2143 4393 2306 4464 igitur
2335 4367 2458 4446 aliov
2480 4389 2533 4443 in
2575 4386 2693 4442 loco
2731 4384 2829 4447 ait,
2861 4380 3086 4436 Cursum
3120 4373 3477 4429 consummavi
3503 4367 3577 4422 ni

1833 4564 1860 4577 -
1920 4514 1967 4574 υ
1995 4488 2068 4543 At
2096 4487 2225 4541 illud
2262 4479 2658 4577 morti-vicinus
2689 4475 2847 4531 dixit.

2074 4579 2241 4635 Vnus.
2274 4574 2364 4630 ﬂ.
2400 4570 2573 4626 Unum
2599 4576 2797 4629 autem,
2826 4579 2944 4635 qua
2988 4558 3197 4631 quidem
3249 4566 3389 4610 retro
3426 4558 3574 4616 sunt,

2002 4671 2330 4730 Oblivisceris,
2387 4663 2456 4718 ad
2485 4679 2547 4717 ea
2576 4676 2693 4715 vero
2728 4674 2844 4729 qua:
2889 4662 3015 4709 sunt
3059 4652 3259 4721 priora,
3293 4644 3575 4731 extendens

1999 4765 2277 4835 meipsum.
2320 4756 2521 4824 Unum,
2572 4754 2770 4823 inquit,
2817 4748 2979 4815 facio,
3011 4758 3180 4799 unum
3226 4743 3329 4796 hoc
3376 4740 3579 4795 solum-

1996 4830 2159 4912 modo
2189 4851 2479 4916 contendo,
2511 4858 2571 4904 ut
2598 4858 2817 4916 semper
2851 4851 3197 4913 promoveam
3239 4851 3255 4890 :
3289 4830 3579 4886 obliviscor

2001 4962 2227 5019 operum
2256 4951 2681 5003 transactorntn,
2708 4951 2882 5007 eaque
2915 4941 3039 5003 post
3065 4939 3275 4997 tergum
3307 4923 3577 5019 relinquo,

1997 5014 2055 5096 et
2075 5052 2265 5094 eorum
2310 5048 2537 5104 prorsus
2566 5046 2634 5086 ne
2661 5026 2915 5083 recordor
2940 5021 3183 5093 quidem,
3210 5031 3274 5071 ac
3296 5014 3377 5070 sic
3396 5014 3578 5083 priora

1994 5143 2050 5187 et
2078 5146 2201 5203 qna:
2232 5136 2359 5183 ante
2386 5139 2473 5181 me
2505 5132 2656 5189 sunt,
2687 5131 3007 5190 persequor,
3031 5127 3128 5168 ceu
3159 5124 3223 5165 ea
3252 5121 3373 5178 qua
3399 5106 3579 5160 desint

1997 5226 2153 5282 mihi.
2181 5223 2318 5280 Nam
2350 5220 2441 5292 qui
2462 5234 2520 5276 se
2547 5232 2769 5275 cursum
2804 5207 3100 5266 absolvisse
3128 5210 3303 5274 putat,
3335 5214 3366 5254 a
3411 5211 3575 5292 cursu

1999 5320 2232 5386 desistit,
2267 5288 2521 5385 tanquam
2550 5310 2642 5381 qui
2695 5317 2862 5362 totum
2889 5303 3000 5371 jam
3055 5294 3375 5353 confecerit.
3434 5288 3575 5357 Quid

2001 5428 2131 5470 vero
2160 5420 2263 5476 est,
2298 5402 2596 5463 Extendens
2619 5400 2645 5456 .’
2668 5397 2781 5454 Hoc
2808 5403 2913 5462 est,
2932 5390 3254 5460 Priusquam
3276 5392 3576 5458 pervenero

1704 5586 1733 5614 ιι
1770 5575 1813 5631 11
1880 5575 2022 5632 Tim.
2056 5588 2132 5639 tv,
2163 5570 2220 5625 7.

1666 5718 1875 5785 Variae
1909 5715 2246 5783 lectiones.

381 5852 426 5885 ⁸⁸
464 5852 524 5907 ού
560 5852 745 5924 μέντοι
784 5851 985 5918 πάντες
1048 5866 1101 5908 o.
1205 5851 1249 5885 “
1287 5849 1414 5916 τοὺς
1468 5848 1732 5922 οὐρανοὺς
1773 5860 1828 5905 0.

1953 5844 2000 5877 θ’
2067 5838 2259 5909 φθάσω
2329 5852 2380 5892 ο.

2531 5835 2588 5907 ss.
2648 5835 2708 5889 ιν
2764 5829 2988 5905 χριστῷ
3043 5844 3096 5885 ο,
3209 5826 3255 5864 ³⁸
3294 5821 3486 5896 φθάσω
3517 5835 3574 5879 ο.
