3994 6564
521 326 658 392 1187

1366 333 1944 395 THEOPHYLAC’I’I
1984 336 2394 405 BULGARL’E
2432 347 2789 414 ARCHIEP.

3610 365 3724 434 1183

519 438 768 506 accipere
788 445 1036 513 tentans,
1072 455 1136 496 ac
1165 441 1352 512 pedes,
1385 454 1671 500 currentes
1693 443 1843 510 licet,
1871 445 2079 516 reliquo

2185 454 2596 525 προλαμϐάνειν
2624 461 2894 529 σπεύδων,
2930 465 2992 519 τὸ
3029 466 3328 527 ἑπικλίνειν
3353 472 3541 529 ἑαυτὸν
3573 479 3645 543 εἷς
3667 484 3727 537 τὰ

515 546 743 603 corpore
765 541 1102 587 antevertere
1140 531 1424 599 featinans.
1462 536 1730 606 meipsum
1764 534 2088 593 inﬂectendo

517 622 585 676 ad
615 621 885 676 anteriora
919 637 934 676 :
963 622 1106 694 quod
1133 638 1161 677 a
1196 624 1360 679 multa
1399 626 1693 697 cupiditate
1723 635 1780 683 et.
1830 629 2090 697 prompti-

517 712 702 766 tudiue
739 713 818 768 lit.

584 806 665 857 Ad
704 806 1017 859 destinatum
1063 824 1361 878 persequor,
1416 810 1493 864 ad
1550 811 1797 866 brabeum
1853 828 2091 881 superna

514 896 797 949 vocationis
833 896 931 950 Dei
961 899 1015 951 in
1045 898 1256 954 Christo
1318 900 1468 956 Iesu.
1509 901 1625 958 Non
1697 904 1816 959 sine
1871 905 2090 974 prtelixo

514 984 669 1051 signo
707 1002 889 1051 curro,
920 992 1010 1042 sed
1040 990 1104 1044 ad
1139 1005 1360 1060 scopum
1416 993 1655 1063 deﬁgens
1716 996 1921 1051 oculos.
1954 996 2090 1063 Quis

516 1088 645 1128 vero
690 1077 789 1131 iste
820 1079 948 1132 est?
994 1078 1257 1136 Brabeum
1316 1098 1564 1152 supernae
1615 1088 1936 1153 vocationis,
1989 1090 2090 1143 hoc

515 1176 618 1230 est,
644 1168 1097 1239 incorruptibilis,
1128 1172 1249 1243 q‘uie
1286 1184 1369 1229 est
1418 1176 1469 1229 in
1536 1178 1708 1233 caelis.
1743 1177 1884 1233 Infra
1946 1179 2089 1234 enim

514 1267 596 1312 est
622 1267 922 1326 certamen,
954 1278 1115 1332 supra
1142 1280 1269 1321 vero
1298 1282 1518 1336 corona,
1555 1269 1607 1324 in
1651 1270 1936 1340 splendore
1964 1288 2091 1328 sau-

519 1362 755 1405 ctorum.
794 1351 929 1407 Nam
965 1364 1020 1410 et
1050 1373 1140 1411 rex
1181 1360 1368 1429 majori
1410 1363 1614 1418 honore
1643 1364 1881 1421 adiciens
1919 1375 2090 1421 certa-

518 1450 685 1501 tores,
721 1445 787 1497 ad
819 1459 1056 1514 superna
1088 1464 1291 1506 vocans
1349 1467 1443 1508 eos
1505 1465 1750 1511 coronat.
1789 1456 2092 1515 Ostendeus

514 1541 692 1584 autem
730 1536 873 1602 quod
918 1535 1118 1593 Christi
1173 1542 1433 1597 auxilium
1481 1547 1660 1600 omnia
1708 1548 1978 1616 perﬁciat,
2027 1565 2092 1606 ac

514 1623 633 1677 sine
669 1624 757 1678 illo
793 1628 1136 1698 imperfectus
1171 1634 1242 1687 sit
1275 1649 1492 1702 cursus,
1542 1639 1749 1709 adjicit,
1779 1640 1839 1695 In
1880 1641 2091 1697 Christo

512 1717 661 1784 Jesu,
698 1722 800 1775 hoc
828 1732 930 1788 est,
959 1740 1053 1792 per
1084 1726 1227 1783 illius
1285 1731 1568 1787 auxilium.

2189 540 2498 616 ἔμπροσθεν
2515 565 2528 580 ·
2578 552 2718 625 ὅπερ
2741 555 2850 610 ἀπὸ
2882 557 3082 629 πολλῆς
3104 561 3413 635 προθυμίας
3435 540 3647 635 γίνεται.

2260 808 2424 863 Κατὰ
2459 814 2697 868 σκοπὸν
2735 815 2942 886 διώκω,
2970 821 3066 875 ἐπὶ
3097 822 3164 877 τὸ
3185 825 3469 895 βραϐεῖον
3496 831 3591 901 τῆς
3624 836 3726 890 ἀνω

2192 897 2467 967 κλήσεως
2508 903 2617 958 τοῦ
2642 907 2792 962 Θεοῦ
2818 908 2889 961 ἐν
2918 913 3149 982 Χριστῷ
3189 918 3411 985 Ἰησοῦ.
3449 897 3560 978 οὐκ
3584 927 3725 983 ἀσκό-

2192 1005 2329 1057 πως,
2368 995 2523 1065 φησι,
2557 998 2756 1069 τρέχω,
2800 1002 2935 1059 ἀλλὰ
2975 1008 3111 1078 πρὸς
3143 1011 3342 1065 σκοπὸν
3386 1015 3613 1087 ἀφορῶν.
3647 1021 3728 1085 Τίς

2192 1080 2448 1154 aspirare;
2479 1109 2496 1138 ι
2525 1087 2597 1144 Τὸ
2627 1091 2881 1162 βραϐεῖον
2910 1097 3007 1168 τῆς
3030 1098 3143 1155 ἄνω
3163 1080 3724 1181 κλήσεως-,στουτὲστζ

2193 1177 2291 1246 τῆς
2322 1178 2623 1252 ἀφθάρτου,
2658 1185 2757 1256 τῆς
2803 1189 2861 1241 ὲν
2906 1192 3178 1262 οὐρανοῖς.
3235 1197 3402 1251 nam
3440 1200 3536 1269 μὲν
3577 1201 3671 1272 γὰρ

2193 1269 2361 1337 ἁγὼν,
2386 1274 2502 1327 ἀλλ’
2526 1277 2554 1328 ό
2576 1278 2839 1348 στέφανος
2860 1282 2992 1349 ἄνω,
3029 1288 3088 1340 ὲν
3109 1291 3177 1359 τῇ
3202 1288 3312 1342 τῶν
3337 1290 3504 1359 ἁγίων
3517 1269 3729 1367 λαμπρό-

2190 1379 2337 1435 τητι.
2389 1367 2499 1422 Καὶ
2527 1370 2635 1445 γὰρ
2665 1375 2760 1429 καὶ
2810 1376 2838 1429 ὁ
2877 1377 3152 1449 βασιλεὺς,
3209 1383 3372 1438 πλέον
3416 1388 3581 1457 τιμῶν
3624 1395 3728 1455 τοὺς

2191 1456 2518 1528 ἀγωνιστὰς,
2551 1463 2663 1518 ἄνω
2694 1465 2929 1537 καλέσας
2958 1477 3239 1542 στεφανοῖ.
3283 1456 3550 1535 Δεικνύων
3585 1481 3635 1535 δὲ
3659 1485 3727 1537 ὅτι

2190 1548 2224 1617 ἠ
2249 1549 2340 1602 τοῦ
2361 1552 2594 1622 Χριστοῦ
2623 1556 2847 1630 βοήθεια
2863 1563 2923 1615 τὸ
2941 1566 3051 1620 πᾶν
3074 1570 3240 1634 ποιεῖ,
3270 1570 3368 1624 καὶ
3380 1572 3508 1626 ἄνευ
3521 1575 3671 1647 αὐτῆς
3689 1579 3727 1611 ⁸⁸

2190 1639 2219 1691 ό
2260 1639 2459 1712 δρόμος
2494 1646 2714 1721 ἀτελὴς,
2763 1654 2957 1725 φησίνο
2997 1656 3099 1710 Ἔν
3120 1659 3358 1728 Χριστῷ
3396 1663 3607 1735 Ἰησοῦ,
3629 1639 3730 1726 ἑὸν.

2190 1729 2364 1799 τέστι,
2394 1733 2483 1790 διὰ
2514 1738 2613 1806 τῆς
2642 1744 2851 1798 ἐκείνου
2884 1752 3227 1821 συνεργείας.

586 1807 749 1864 Vens.
781 1811 865 1866 l5.
901 1813 1208 1885 Quicunque
1229 1834 1349 1889 ergo
1372 1821 1592 1890 perfecti
1619 1840 1823 1889 sumus,
1850 1826 1947 1882 hoc
1970 1844 2083 1883 sett-

586 1915 708 1924 ......-
757 1901 887 1924 ιὶ.--.1
912 1919 920 1924 Α
953 1904 1040 1924 ε-.ι
1071 1922 1122 1924 η-
1152 1908 1175 1924 n
1238 1918 1250 1924 -
1344 1912 1355 1924 ι
1382 1913 1411 1924 ιι
1457 1914 1465 1923 ι

2263 1822 2437 1881 Ὅσοι
2485 1824 2599 1884 οὖν
2629 1833 2863 1903 τέλειοι,
2896 1839 3074 1895 τοῦτο
3110 1843 3447 1916 φρονῶμεν.
3468 1877 3535 1889 -
3558 1852 3728 1924 Τοῦτο,

514 1897 730 1956 tiamus.
756 1901 924 1968 Quale
953 1904 1131 1960 isthue
1152 1908 1175 1961 ?
1199 1918 1256 1963 ut
1306 1912 1692 1969 obliviscamur
1740 1931 1926 1973 eorum
1969 1908 2083 1990 qua:

514 1998 636 2017 ...ηρ
668 2002 782 2017 ειη...
811 2008 907 2017 η...-
961 1992 1186 2017 Π-..ι·--.ε
1224 2000 1301 2017 _,,0
1326 2016 1333 2017 ,
1404 2016 1413 2017 κ
1459 2013 1468 2017 -
1589 2005 1600 2015 ι
2043 2012 2055 2017 -

2191 1919 2342 1971 ποῖον
2363 1936 2378 1985 ;
2406 1921 2478 1974 Τὸ
2502 1897 2956 1983 ἐπιλανθάνεσθαι
2978 1932 3086 1986 τῶν
3108 1897 3596 1997 όπισθενῑῐΐελείον
3620 1897 3730 2017 τάξ

512 1998 640 2043 sunt
668 2002 788 2059 post
809 2008 928 2049 nos.
956 1992 1187 2054 Perfecti
1216 2000 1360 2054 enim
1392 2013 1497 2068 est,
1526 2005 1763 2075 seipsum
1815 2024 1920 2062 non
1971 2012 2090 2066 exi-

515 2082 740 2135 stimare
771 2083 1074 2151 perfectum
1110 2104 1123 2143 :
1159 2088 1270 2145 hanc
1319 2090 1462 2146 enim
1512 2103 1596 2149 est
1632 2095 1917 2168 perfectio,
1982 2116 2088 2158 non

516 2173 815 2231 conlidere.

587 2262 652 2319 Et
690 2268 735 2320 si
772 2268 900 2338 quid
927 2270 1085 2325 aliter
1112 2273 1323 2342 sapitis,
1346 2277 1514 2330 ethoc
1538 2275 1681 2334 Deus
1719 2283 1859 2337 vobis
1896 2284 2092 2339 revela-

515 2353 611 2410 bit.
644 2353 742 2410 l'lic
775 2374 866 2412 eos
921 2376 1146 2418 securos
1204 2366 1381 2421 reddit
1434 2383 1450 2422 :
1503 2366 1558 2423 Si
1612 2372 1837 2441 putatis,
1892 2376 2086 2445 inquit,

516 2457 686 2502 totum
712 2464 806 2504 vos
834 2451 1148 2520 perfecisse,
1184 2455 1326 2513 Deus
1350 2460 1521 2528 vobis,
1554 2476 1653 2517 ceu
1691 2463 2085 2534 ignorantibus,

513 2541 759 2594 ostendet
791 2544 918 2611 quid
941 2547 1252 2603 conveniat.
1288 2546 1413 2604 Haec
1441 2560 1622 2606 autem
1685 2555 1750 2609 de
1790 2556 1910 2612 vitae
1962 2574 2088 2630 per-

517 2629 752 2689 lectione
782 2638 923 2692 dicta
953 2648 1102 2709 sunt,
1137 2657 1199 2697 ac
1226 2659 1294 2699 ne
1317 2644 1414 2716 ipsi
1442 2661 1503 2702 se
1552 2651 1824 2718 perfectos
1875 2665 2086 2725 putent.

588 2806 754 2865 Vens.
780 2811 863 2868 l6.
898 2812 1264 2875 Verumtamen
1287 2823 1355 2875 ad
1384 2826 1526 2895 quod
1540 2832 1886 2899 pervenimus,
1907 2833 2090 2889 eadem

512 2902 821 2958 incedamus
873 2910 1076 2977 regula,
1136 2923 1191 2966 ut
1242 2914 1382 2969 idem
1438 2922 1728 2988 sapiamus.
1796 2924 2088 2994 Hactenus,

514 2994 715 3063 inquit,
742 3000 883 3066 quod
918 3001 1266 3071 perfecimus,
1304 3009 1655 3078 retineamus,
1680 3014 1933 3073 nimirum
1957 3034 2091 3076 con-

514 3087 777 3150 cordiam,
816 3104 1001 3157 pacem
1028 3108 1044 3148 z
1075 3102 1129 3146 et
1156 3095 1473 3156 incedamus
1505 3105 1692 3159 eadem
1743 3109 1947 3178 regula,
1985 3112 2086 3167 hoc

511 3186 616 3239 cst,
639 3178 826 3232 eadem
855 3179 977 3246 ﬁde,
1011 3185 1198 3241 eodem
1220 3192 1474 3247 termino.
1508 3194 1710 3265 Regula
1735 3201 1878 3255 enim
1911 3216 2085 3275 neque

511 3270 903 3335 appositionem
941 3276 1117 3341 habet,
1166 3294 1338 3351 neque
1363 3283 1693 3342 ablationem
1727 3306 1742 3344 :
1772 3305 1948 3362 neque
1990 3270 2084 3350 vos

510 3355 675 3425 igitur
709 3358 946 3430 Spiritus
981 3367 1231 3423 mandata
1261 3373 1524 3431 alteretis.

583 3449 751 3545 Vens.
787 3456 872 3509 l7.
906 3455 1215 3516 Imitatores
1241 3466 1344 3519 mei
1375 3477 1561 3534 estote,
1587 3470 1803 3539 fratres,
1839 3483 1886 3528 et
1913 3476 2085 3530 consi-

509 3543 688 3598 derate
711 3543 803 3599 eos
828 3549 917 3619 qui
941 3551 1017 3604 ita
1049 3554 1347 3622 ambulant,
1377 3558 1512 3614 sicut
1533 3563 1734 3618 habetis
1764 3564 1926 3637 452
1970 3568 2083 3638 for-

509 3650 649 3689 mam
681 3652 794 3693 nos.
826 3637 880 3693 lu
912 3644 1285 3712 superioribus
1309 3648 1465 3716 dixit,
1498 3649 1679 3709 Videte
1710 3673 1887 3723 canes,
1920 3669 2083 3730 atque

508 3723 878 3798 Eliili-ppenses
909 3733 977 3787 ab
1007 3734 1114 3789 illis
1132 3737 1389 3794 abduxit:
1414 3757 1555 3797 nunc
1581 3756 1763 3801 autem
1786 3723 2083 3820 agglutinat

507 3830 603 3871 eos
643 3818 708 3873 iis
740 3822 829 3887 qui
860 3823 994 3878 bene
1027 3827 1305 3882 ambulant
1333 3846 1349 3885 :
1381 3832 1482 3887 hoc
1522 3837 1667 3890 enim
1688 3847 1770 3892 est
1800 3818 1940 3910 quod
1981 3844 2077 3911 ait,

510 3905 877 3979 Considerate,
904 3914 1004 3970 hoc
1029 3928 1134 3983 est,
1162 3919 1452 3979 Intuemini
1481 3926 1534 3980 in
1558 3941 1673 3996 eos,
1709 3945 1774 3985 ac
1822 3933 1989 3988 veluti
2013 3935 2079 3991 ad

512 4001 864 4071 archetypum
901 4009 1278 4079 respicientes,
1331 4016 1397 4069 ad
1426 4015 1638 4072 illorum
1670 4021 2077 4101 similitudinem

507 4086 821 4158 ellingimini
856 4114 868 4149 :
897 4111 960 4148 ac
995 4104 1446 4166 quemadmodum
1480 4106 1691 4165 habetis
1741 4090 1924 4182 typum
1971 4133 2076 4183 me,

504 4178 654 4233 hunc
686 4181 755 4235 ad
787 4185 1004 4240 modum
1036 4197 1089 4243 et
1114 4190 1254 4246 illos.
1304 4193 1421 4249 Non
1459 4197 1602 4253 enim
1658 4178 1840 4259 verbis
1873 4216 2077 4265 tantum

507 4269 757 4339 docebat,
784 4273 1138 4334 verumetiain
1164 4284 1274 4339 vita
1294 4286 1558 4358 bonisque
1577 4294 1820 4352 moribus
1839 4301 2077 4371 seipsutu

506 4367 788 4437 exemplar
850 4373 1138 4431 exhibebat
1192 4396 1207 4432 :
1263 4382 1697 4454 quandoquidem
1727 4399 1780 4445 et
1829 4367 1939 4449 hoc
1991 4407 2077 4453 est

506 4458 758 4524 perlecta:
789 4458 1067 4519 doctrinae.

580 4544 745 4604 Vens.
789 4549 874 4608 l8.
904 4552 1061 4607 Multi
1104 4559 1242 4612 enim
1288 4561 1585 4635 ambulant,
1618 4584 1748 4640 quos
1790 4590 1927 4645 sa'pe
1962 4577 2075 4633 dixi

506 4635 668 4701 nobis,
695 4655 833 4691 nunc
861 4652 1037 4697 autem
1067 4661 1111 4699 et
1132 4651 1264 4717 [lens
1296 4654 1436 4707 dico.
1470 4655 1588 4713 Non
1622 4665 1941 4722 nominatim
1982 4686 2076 4727 eos

503 4732 836 4799 perstringit,
872 4749 940 4789 ne
967 4751 1221 4805 provocet
1271 4744 1386 4811 eos,
1447 4748 1578 4805 facit
1647 4762 1821 4810 tamen
1874 4770 1931 4813 ut
1975 4761 2074 4818 bos

504 4832 920 4891 reCOgnoscaut,
963 4826 1106 4892 Quos
1137 4848 1270 4901 swpe
1291 4838 1407 4891 dixi
1430 4841 1595 4909 vobis,
1624 4845 1893 4916 inquiens.
1916 4849 2073 4909 Nunc

501 4922 703 4976 autem,
732 4925 1015 4987 postquam
1055 4924 1250 4978 malum
1287 4943 1633 5001 progressum
1658 4948 1740 4993 est
1791 4948 1845 4995 et
1888 4955 2076 5001 exten-

499 5016 643 5071 sum,
704 5022 772 5061 ne
828 5013 1140 5070 meminisse
1178 5019 1396 5087 quidem
1440 5024 1630 5080 borum
1686 5045 1904 5098 possum
1958 5038 2077 5095 sine

501 5094 777 5165 lacrymis.
797 5099 984 5158 Viden’
1002 5112 1433 5179 compassionem
1462 5118 1617 5188 ejus?
1638 5094 1744 5177 non
1768 5126 1835 5180 ob
1855 5133 2074 5199 propria

497 5184 588 5242 ille
616 5191 755 5246 mala
780 5193 1026 5262 plorabat
1053 5202 1181 5271 (non
1215 5207 1359 5261 enim
1398 5184 1676 5283 habebat),
1706 5216 1800 5271 sed
1831 5184 2074 5289 quiaalii

494 5292 656 5335 senisu
689 5285 772 5339 sui
797 5287 922 5342 mali
946 5304 1193 5351 carentes
1219 5307 1273 5352 et
1297 5299 1349 5354 in
1377 5301 1585 5360 deliciis
1612 5308 1885 5365 vivebant.

564 5369 817 5431 Inimicos
832 5383 1003 5437 crucis
1031 5382 1248 5444 Christi.
1276 5390 1516 5451 Fuerunt
1536 5401 1779 5457 nonnulli
1805 5404 2071 5465 Christia-

497 5461 733 5521 nismum
750 5469 1090 5547 simulantes,
1109 5479 1163 5534 in
1186 5481 1392 5543 deliciis
1407 5498 1584 5546 tamen
1608 5503 1663 5549 et
1682 5498 2071 5567 tranquillitate

2190 2009 2252 2063 τὸ
2282 2011 2359 2083 μὴ
2401 2014 2611 2070 τέλειον
2645 2017 2886 2089 νομίζειν
2925 2024 3152 2080 ἑαυτόν*
3189 2031 3353 2086 τοῦτο
3397 2035 3501 2109 γάρ
3529 2009 3731 2098 ἑστι-τι-

2189 2101 2422 2176 λειότης,
2454 2108 2514 2161 τὺ
2538 2110 2615 2181 μὴ
2641 2110 2886 2185 θαρρεῖν.

2259 2283 2369 2338 Kal
2405 2286 2464 2339 el
2494 2304 2547 2342 τι
2572 2288 2785 2360 ἑτέρως
2832 2297 3127 2365 φρονεῖτε,
3175 2304 3273 2358 καί
3333 2307 3507 2365 τοῦτο
3545 2317 3577 2368 ό
3613 2318 3731 2387 Θεὸς

2190 2375 2335 2444 ὑμῖν
2372 2378 2779 2454 ἀποκαλύψει.
2837 2387 3101 2446 Ἐνταῦθα
3145 2395 3503 2464 ἀσφαλίζεται
3533 2375 3728 2474 αὐτούςζ

2192 2470 2488 2540 τουτέστιν,
2520 2475 2644 2529 Εἴτε
2686 2480 2935 2548 νομίζετε
2972 2483 3035 2537 τὸ
3083 2489 3192 2540 πᾶν
3248 2470 3730 2567 κατωρθωκέναι,νό

2191 2559 2322 2627 Θεὸς
2353 2563 2502 2633 ὑμῖν,
2530 2566 2604 2630 ὡς
2649 2569 2957 2641 ἀγνοοῦσιν,
2995 2574 3265 2646 ὐποδείξει
3305 2583 3370 2636 τὸ
3401 2559 3535 2645 δέον.
3579 2559 3729 2648 Ταῦτα

2189 2650 2248 2705 δὲ
2284 2656 2411 2724 περὶ
2447 2655 2564 2726 βίου
2593 2659 2934 2734 τελειότητος
2962 2665 3197 2740 εἴρηται,
3232 2675 3332 2728 καὶ
3363 2677 3457 2731 τοῦ
3494 2680 3566 2753 μὴ
3605 2684 3728 2756 νομί-

2191 2746 2306 2813 ζειν
2342 2749 2576 2816 ἑαυτοὺς
2599 2753 2840 2820 τελείους
2878 2753 3042 2815 εἶναι.

2261 2843 2434 2911 Πλὴν
2464 2847 2551 2912 εὶς
2583 2846 2615 2900 ὃ
2651 2847 3021 2922 ἐφθάσαμεν,
3052 2855 3133 2923 τῷ
3157 2861 3325 2929 αὐτῷ
3368 2869 3621 2938 στοιχεῖν
3646 2889 3729 2927 κα-

2190 2929 2342 2993 νόνι.
2364 2932 2429 2985 τὸ
2454 2934 2600 2988 αὐτὸ
2628 2939 2898 3005 φρονεῖν.
2929 2941 3101 3011 Τέως,
3132 2951 3329 3019 φησιν,
3358 2953 3388 3006 ὃ
3417 2929 3736 3028 κατωρωῦω-

2195 3042 2317 3095 μεν,
2344 3026 2686 3099 κατέχωμεν,
2722 3031 2784 3087 τὸ
2811 3033 2911 3105 τῆς
2948 3037 3225 3108 ὁμονοίας,
3264 3044 3334 3095 τὸ
3374 3046 3472 3115 τῆς
3508 3026 3726 3121 είρήνης’

2114 3158 2154 3213 C
2192 3120 2287 3173 καὶ
2318 3121 2623 3192 στοιχῶμεν
2654 3124 2733 3195 τῷ
2782 3127 2934 3200 αὐτῷ
2983 3132 3193 3201 κανόνι,
3224 3138 3496 3208 τουτέστι,
3528 3146 3587 3214 τῇ
3615 3120 3725 3214 αὑτῇ

2193 3210 2396 3278 πίστει,
2432 3214 2510 3284 τῷ
2536 3216 2685 3287 αὐτῷ
2717 3217 2862 3290 ὄρῳο
2893 3222 2921 3275 ό
2953 3222 3135 3277 κανὼν
3172 3226 3280 3300 γὰρ
3311 3228 3437 3286 οὔτε
3478 3210 3729 3305 πρόσθεσιν

2190 3300 2326 3371 ἔχει,
2358 3303 2481 3358 οὔτε
2522 3308 2846 3380 ἀφαίρεσιν·
2884 3313 3021 3383 μηδὲ
3047 3315 3208 3386 ὑμεῖς
3233 3318 3334 3375 οὖν
3365 3321 3433 3377 τὰ
3462 3300 3730 3396 παραγγέλ-

2194 3410 2344 3464 ματα
2369 3396 2463 3450 τοῦ
2494 3398 2812 3469 Πνεύματος
2845 3405 3144 3466 ἀλλοιοῦτε.

2273 3489 2648 3559 Συμμιμηταί
2664 3512 2766 3563 μοι
2792 3497 3055 3566 γίνεσθε,
3075 3502 3351 3576 ἀδελφοὶ,
3374 3509 3474 3565 καὶ
3490 3511 3725 3566 σκοπεῖτε

2190 3577 2335 3643 τοὺς
2383 3581 2538 3636 οὕτω
2580 3589 3077 3659 περιπατοῦντας,
3123 3598 3321 3666 καθὼς
3364 3600 3528 3670 ἔχετε
3568 3604 3726 3657 τύπω

2189 3666 2369 3735 ἡμᾶς.
2420 3665 2587 3725 Εἶπεν
2619 3674 2909 3747 ἁνωτέρω’
2944 3682 3210 3739 Βλέπετε
3238 3665 3591 3758 τοὺς-κύνας
3612 3708 3625 3721 ·
3652 3694 3721 3744 κα.ἱ

2189 3756 2447 3828 ἀπήγαγε
2463 3760 2590 3825 τοὺς
2605 3763 3003 3837 Φιλιππησίους
3025 3772 3250 3829 ἐκείνων
3271 3791 3285 3805 ·
3303 3778 3403 3832 νῦν
3418 3779 3473 3832 δὲ
3497 3756 3724 3851 συγκολλᾷ

2191 3847 2391 3914 αὐτοὺς
2420 3852 2534 3916 τοῖς
2562 3854 2747 3922 καλῶς
2784 3863 3152 3929 περιπατοῦσι
3177 3883 3193 3898 ·
3221 3866 3384 3922 τοῦτο
3405 3871 3510 3942 γάρ
3535 3847 3637 3925 ἐστι

2190 3941 2495 4011 Σκο-πεῒτε,
2536 3946 2659 4001 ἀντὶ
2696 3947 2814 4028 τοῦ,
2846 3952 3152 4026 Προσέχετε
3180 3958 3366 4025 αὐτοῖς
3399 3941 3492 4015 καί
3520 3961 3591 4025 ὡς
3614 3962 3723 4034 πρὶς

2187 4030 2501 4102 ἀρχέτυπον
2531 4037 2844 4110 βλέποντες,
2871 4045 3012 4116 πρὸς
3051 4049 3297 4116 ἐκείνους
3344 4030 3720 4108 ἀποτυποῦσόε·

2186 4124 2284 4177 καὶ
2334 4124 2526 4197 ὥσπερ
2575 4130 2728 4202 ἔχετε
2777 4136 2950 4191 τύπον
2997 4140 3122 4210 ἐμὲ,
3156 4141 3300 4198 οὕτω
3333 4148 3624 4211 κάκείνους.
3661 4146 3721 4200 Οὐ

2186 4216 2294 4288 γὰρ
2330 4217 2418 4271 διὰ
2473 4223 2735 4293 ῥημάτων
2791 4229 2954 4301 μόνον
3007 4234 3312 4305 ἐδίδασκεν,
3355 4239 3490 4294 ἀλλὰ
3528 4240 3612 4293 καὶ
3649 4239 3722 4293 διὰ

2189 4309 2305 4380 βίου
2336 4313 2431 4366 καὶ
2458 4314 2683 4386 ἀγωγῆς
2720 4319 2915 4375 ἑαυτὸν
2949 4324 3119 4381 τύπον
3164 4333 3428 4404 παρεῖχεν
3450 4348 3463 4363 ·
3498 4331 3611 4388 ἐπεὶ
3644 4330 3722 4387 καὶ

2186 4402 2343 4458 τοῦτο
2364 4406 2399 4476 ἠ
2426 4408 2608 4463 τελεία
2633 4412 2970 4472 διδασκαλία.

2252 4579 2475 4635 Πολλοὶ
2502 4580 2611 4652 γὰρ
2634 4588 3070 4653 περιπατοῦσιν
3092 4592 3199 4661 οὓς
3227 4596 3522 4664 πολλάκις
3540 4599 3719 4668 ἔλεγον

2180 4673 2344 4743 ὑμῖν,
2380 4675 2499 4730 νῦν
2544 4677 2614 4730 δὲ
2662 4680 2764 4733 καὶ
2826 4686 3053 4738 κλαίων
3097 4687 3270 4758 λέγω.
3330 4693 3444 4747 Οὐκ
3489 4693 3716 4763 ὀνομαστὶ

2177 4766 2402 4832 τούτους
2443 4769 2614 4838 λέγει,
2653 4771 2741 4825 ἵνα
2785 4773 2860 4845 μὴ
2910 4776 3108 4851 πλήξῃ,
3148 4781 3285 4835 ἀλλὰ
3315 4784 3525 4838 δίδωσιν
3563 4777 3716 4845 αὐτοῖς

2179 4860 2738 4931 ἀναγνῶναιτούτους.
2759 4868 2878 4935 Οὓς
2899 4870 3029 4944 γὰρ,
3052 4876 3205 4945 φησι,
3227 4878 3522 4947 πολλάκις
3535 4880 3717 4949 ἔλεγον

2177 4953 2340 5024 ὑμῖν.
2372 4956 2486 5010 Νῦν
2518 4958 2574 5011 δὲ
2615 4960 2803 5034 ἐπειδὴ
2833 4967 3104 5038 προέκοψε
3138 4969 3198 5022 τὸ
3227 4972 3397 5025 κακὸν
3426 4973 3518 5027 καὶ
3544 4973 3714 5028 ἐπετά-

2180 5045 2305 5116 σοη,
2330 5047 2451 5101 οὐδὲ
2488 5053 2857 5122 μνημονεύειν
2891 5056 2998 5127 ἔχω
3024 5059 3232 5115 τούτων
3259 5063 3539 5136 ἀδακρυτὶ.
3575 5063 3712 5134 Ὁρᾷς

2181 5141 2567 5211 συμπάθειαν;
2619 5145 2721 5200 οὐκ
2754 5149 2848 5202 ἐπὶ
2895 5155 3008 5217 τοῖς
3057 5154 3282 5220 οίκείοις
3325 5158 3503 5213 ἔκλαιε
3551 5159 3711 5218 κακοῖς

2181 5232 2263 5297 (οὐ
2297 5232 2404 5305 γὰρ
2448 5231 2638 5309 εἶχεν),
2683 5239 2798 5293 ἀλλ’
2831 5242 2917 5311 ἐφ’
2955 5238 3036 5308 οἷς
3069 5246 3248 5320 ἕτεροι
3293 5250 3594 5323 ἀναλγήτως
3632 5248 3709 5303 καὶ

2172 5325 2231 5377 ὲν
2253 5330 2433 5400 τρυφῇ
2462 5328 2618 5395 ἔζων.

2250 5418 2393 5486 Τοὺς
2418 5422 2673 5492 ἐχθροὺς
2699 5425 2806 5482 τοῦ
2832 5430 3099 5499 σταυροῦ
3121 5432 3228 5489 τοῦ
3250 5433 3520 5504 Χριστοῦ.
3555 5428 3705 5485 Ἦσάν

2173 5527 2317 5576 τινες
2366 5514 2797 5591 Χριστιανισμδν
2847 5520 2948 5595 μὲν
2989 5523 3427 5598 ὑποκρινόμενοι,
3470 5528 3525 5583 ὲν
3549 5523 3698 5595 τρυφῇ

1825 5636 2025 5705 Variae
2064 5645 2394 5711 lectiones.

574 5721 621 5752 ⁸³
655 5722 821 5781 αὐτοῦ
849 5744 903 5786 o.
