3994 6580
295 322 429 384 1183

1091 312 1493 391 EXPOSITIO
1531 327 1612 389 IN
1645 326 1885 389 EPIST.
1934 328 2036 390 ΑΙ)
2070 330 2398 397 PHILIPP.
2440 357 2505 371 -
2532 334 2690 400 CAP.
2729 336 2850 399 III.

3380 340 3528 406 ’1190

290 432 347 485 δὲ
378 432 468 484 καὶ
490 430 672 486 ἀνέσει
710 429 909 497 ζῶντες
929 450 945 467 ο
977 434 1202 500 τούτους
1242 434 1469 507 ἐχθροὺς
1490 435 1584 490 τοῦ
1622 433 1856 507 σταυροῦ

1963 439 2219 506 viventes,
2254 442 2351 499 bos
2377 443 2558 502 hostes
2586 446 2764 502 crucis
2811 445 3062 517 appellat.
3091 446 3215 505 Haec
3234 449 3376 509 enim
3406 457 3526 510 ani-

292 538 475 591 φησιν.
513 522 572 576 '0
595 523 694 593 μὲν
717 523 823 594 γὰρ
842 525 1019 597 ψυχὴν
1042 527 1291 597 ἐπιζητεῖ
1309 529 1762 598 παρατεταμένην
1783 531 1861 591 εἰς

294 610 542 674 θάνατον,
572 612 814 681 διψῶσαν
848 613 1089 669 κίνδυνον
1112 615 1300 669 ἀὐτοὶ
1335 615 1390 669 δὲ
1426 615 1739 671 ἐκλέλυνται
1767 616 1861 673 καὶ

292 703 621 766 ἀπεναντίας
648 704 843 774 ἐκείνῳ
867 705 1260 761 πολιτεύονται.
1286 709 1350 761 Εἰ
1376 707 1484 779 γὰρ
1513 708 1603 761 τὸν
1627 708 1860 779 σταυρὸν

292 793 537 860 ἐφίλουν,
561 794 892 858 ἐσπούδαζον
920 794 986 850 ἂν
1016 796 1104 848 τὸν
1145 798 1555 868 ἐσταυρωμένον
1589 798 1702 868 βίον
1737 796 1857 868 ζῇν,

291 882 381 936 τὸν
434 884 795 954 κατάπικρον.
843 885 918 937 Οὑ
958 885 1251 957 φρίττομεν
1284 885 1488 953 λοιπὸν,
1531 888 1585 940 εί
1616 904 1679 955 γε
1707 889 1735 940 ὁ
1762 888 1860 960 τῆς

291 979 500 1047 τρυφῆς
536 977 709 1046 φίλος,
757 977 853 1032 καὶ
878 980 975 1047 τῆς
1007 977 1241 1032 ἐνταῦθα
1271 979 1528 1046 ἀνέσεως,
1557 978 1654 1031 καὶ
1681 979 1860 1048 ἀσφα-

290 1068 460 1131 λείας,
496 1068 687 1138 ἐχθρός
714 1071 830 1122 ἐστι
861 1069 955 1127 τοῦ
987 1070 1221 1140 σταυροῦ
1246 1070 1342 1122 τοῦ
1368 1070 1605 1140 Χριστοῦ
1633 1086 1649 1135 ;

361 1151 477 1213 Ὃν
514 1161 702 1226 όθεὸς
739 1160 778 1229 ἡ
828 1161 1046 1215 icon/lia.
1092 1160 1428 1231 Λατρεύουσι
1467 1161 1575 1231 γὰρ
1623 1160 1698 1224 ὡς
1752 1158 1859 1231 θεῷ

289 1253 484 1325 ταύτῃ,
528 1253 623 1306 καὶ
670 1254 847 1307 πᾶσαν
882 1252 1176 1325 θεραπείαν
1217 1251 1574 1324 προσάγουσι.
1606 1250 1732 1312 Τοῖς
1762 1249 1859 1318 μὲν

294 1345 363 1397 τὰ
392 1346 675 1415 χρήματα,
703 1345 816 1407 τοῖς
853 1343 962 1413 δὲὴ
998 1341 1176 1396 κοιλία
1228 1342 1380 1405 θεός·
1422 1342 1549 1412 περὶ
1579 1333 1652 1393 ὧν
1694 1337 1858 1392 ἀλλα-

289 1434 388 1505 χοῦ
419 1452 551 1504 φησι
574 1449 589 1465 ·
620 1433 900 1504 Φάγωμεν
920 1432 1016 1486 καὶ
1045 1433 1269 1502 πίωμεν
1292 1448 1305 1463 ’
1334 1432 1544 1501 αὔριον
1572 1428 1682 1500 γὰρ
1710 1429 1858 1485 ἀπο-

288 1526 659 1595 θνήσκομεν.
705 1525 836 1579 Ἰδοὺ
861 1525 958 1578 καὶ
979 1524 1141 1595 ἑτέρα
1172 1523 1606 1592 εἰδωλολατρεία.

356 1615 468 1669 Καὶ
501 1615 539 1681 ἡ
570 1612 740 1678 δόξα,
771 1614 842 1667 ἐν
862 1611 937 1679 τῇ
980 1613 1246 1681 αἰσχύνῃ
1292 1610 1512 1665 αὐτῶν.
1544 1610 1697 1674 Τινὲς
1731 1609 1859 1682 περὶ

284 1705 386 1778 τῆς
414 1705 714 1776 περιτομῆς
736 1722 867 1773 φασι
895 1704 1072 1770 τοῦτο,
1095 1706 1163 1775 ἣν
1184 1702 1337 1756 αὐτοὶ
1367 1704 1465 1773 μὲν
1491 1703 1648 1769 δόξαν
1686 1698 1853 1774 εἶχον,

1965 544 2107 585 mam
2142 531 2367 601 inquirit
2389 539 2768 616 extensam‘ad
2797 547 3045 606 mortem,
3078 542 3351 600 sitientem
3382 550 3527 615 peri-

1963 620 2082 675 cula
2116 640 2130 677 :
2162 622 2262 692 ipsi
2296 636 2474 682 autem
2520 628 2680 685 soluti
2744 637 2891 695 sunt,
2923 646 2987 687 ac
3045 643 3320 692 contrario
3368 639 3527 707 plane

1961 715 2123 766 modo
2140 727 2527 771 conversantur
2550 731 2615 773 ac
2638 720 2843 774 vivunt.
2879 720 2935 775 Si
2960 721 3103 776 enim
3132 740 3348 781 crucem
3370 743 3521 781 ama-
3568 726 3591 742 "

1963 811 2105 866 rent,
2135 804 2446 860 cruciﬁxam
2495 809 2654 864 simul
2708 813 2873 866 vitam
2932 832 3178 884 quaerere
3222 820 3522 887 studerent,

1961 895 2348 950 amaruleutam
2416 899 2678 955 videlicet.
2734 901 2850 958 Non
2906 905 3187 962 horremus
3245 908 3407 977 igitur
3468 911 3522 964 in

1959 995 2257 1055 posterum,
2296 989 2561 1058 siquidem
2589 993 2905 1050 deliciarum
2937 1008 2989 1052 et
3019 1001 3216 1067 quietis
3243 999 3526 1055 mundana:

1960 1084 2014 1129 et
2039 1078 2347 1134 securitatis
2382 1083 2609 1147 amicus,
2649 1092 2733 1138 est
2764 1085 2934 1140 hostis
2969 1089 3148 1141 crucis
3180 1089 3420 1145 Christi?

2031 1167 2193 1222 Vens.
2237 1168 2325 1224 19.
2355 1167 2590 1233 Quorum
2615 1171 2746 1227 deus
2769 1186 2951 1229 venter
2978 1187 3075 1230 est.
3101 1176 3354 1232 Serviunt
3379 1179 3522 1232 enim

1962 1256 2087 1312 huic
2120 1267 2375 1328 tanquam
2403 1259 2527 1326 deo,
2565 1269 2619 1316 et
2641 1277 2853 1317 omnem
2878 1248 3063 1319 curam
3086 1265 3360 1322 adhibent.
3391 1269 3527 1323 Aliis

1961 1347 2176 1415 quidem
2232 1349 2482 1417 pecunia,
2528 1350 2648 1406 aliis
2696 1367 2826 1408 vero
2880 1367 3069 1408 venter
3114 1354 3247 1409 deus
3307 1366 3411 1420 est,
3459 1360 3527 1413 de

1961 1438 2157 1506 quibus
2188 1446 2244 1493 et
2297 1440 2404 1493 alio
2445 1441 2499 1494 in
2534 1440 2653 1496 loco
2695 1443 2770 1497 ait
2803 1461 2817 1498 :
2882 1434 3120 1499 Edamus
3147 1458 3194 1499 et
3268 1447 3524 1512 bibamus,

1959 1545 2076 1584 eras
2102 1531 2237 1584 enim
2263 1533 2546 1587 moriemur
2562 1549 2604 1590 °.
2629 1533 2767 1589 Ecce
2797 1535 3020 1590 alteram
3043 1536 3418 1592 idololatriam.

2034 1621 2100 1675 Et
2126 1622 2297 1694 gloria
2331 1625 2385 1678 in
2419 1625 2727 1695 confusione
2755 1628 3014 1695 ipsorum.
3062 1626 3289 1693 Quidam
3328 1630 3429 1683 hoc
3461 1629 3527 1683 de

1961 1712 2374 1769 circumcisione
2402 1713 2609 1781 dicunt,
2634 1731 2791 1785 quam
2838 1716 2938 1786 ipsi
2989 1715 3213 1785 gloriam
3243 1718 3524 1786 putabant,

285 1768 516 1869 αἰσχύνη
547 1768 794 1859 sitim};
831 1796 997 1848 ἐστίν.
1177 1793 1293 1848 ἔστι
1327 1768 1383 1847 δέ
1429 1768 1588 1847 τοῦτο
1615 1794 1684 1858 ³⁸,

1963 1817 2150 1858 revera
2181 1813 2357 1858 autem
2384 1806 2676 1875 ignominia
2710 1816 2812 1861 est.
2862 1806 2976 1863 Hoc
3022 1821 3149 1861 vero
3177 1822 3282 1862 non
3315 1810 3389 1861 ita
3420 1818 3522 1874 est,

282 1891 385 1960 τὴν
414 1891 747 1958 ἀναλγησίαν
777 1888 956 1944 αὐτῶν
980 1888 1066 1941 διὰ
1096 1887 1299 1941 τούτων
1319 1886 1580 1942 δείκνυσι.
1618 1886 1728 1941 Καὶ
1752 1887 1859 1957 γὰρ

282 1982 722 2051 ἁμαρτάνοντας,
754 1982 906 2053 φησὶ,
936 1980 1053 2035 δέον
1085 1978 1524 2061 ᾖγκαλὺπτεσθαι
1574 1979 1670 2032 καὶ
1698 1979 1859 2035 ὲπαι-

286 2070 608 2141 σχύνεσθαι,
642 2073 692 2125 οί
717 2072 776 2126 δὲ
802 2072 961 2139 δόξαν
994 2080 1167 2127 ταυτα
1196 2070 1480 2143 ἡγοῦνται.

358 2168 427 2220 Ol
459 2166 532 2221 τὰ
584 2166 812 2237 ἐπίγεια
865 2166 1257 2236 φρονοῦντες.
1312 2160 1474 2220 Οὗτοι
1522 2162 1631 2236 γὰρ
1678 2164 1859 2236 ἔχουσι

283 2253 411 2307 θεὸν
454 2255 554 2322 τὴν
601 2254 830 2321 κοιλίαν,
868 2256 916 2308 οἱ
952 2252 1119 2325 μηδὲν
1155 2238 1522 2325 πνευματικὸν
1548 2253 1582 2325 ἢ
1608 2254 1859 2324 οὐράνιον

286 2342 416 2397 νοού
425 2361 596 2413 μενοι.

377 2431 574 2501 Ἦμῶν
606 2431 675 2485 δὲ
712 2434 757 2465 ³⁷
784 2431 853 2487 τὸ
876 2432 1207 2502 πολίτευμα
1238 2432 1308 2486 ἐν
1336 2432 1616 2500 οὐρανοῖς
1670 2432 1858 2500 ὑπάρ-

284 2540 404 2592 χει,
457 2522 527 2588 ἐξ
583 2517 656 2578 οὗ
712 2521 809 2575 καὶ
854 2521 1097 2590 Σωτῆρα
1144 2521 1593 2592 ἀπεκδεχόμεθα
1636 2523 1859 2590 Κύριον

300 2614 545 2683 Ἰησοῦν
583 2614 861 2682 Χριστόν.
899 2613 1059 2666 Ὥστε
1090 2614 1157 2667 τὰ
1190 2612 1303 2667 ἄνω
1324 2612 1405 2665 δεῖ
1431 2612 1581 2683 ἡμᾶς
1615 2613 1853 2683 φρονεῖν,

283 2710 429 2780 πρὸς
475 2710 574 2779 τὴν
602 2708 836 2778 πατρίδα
884 2705 1045 2776 ἡμῶν
1076 2705 1348 2772 σπεύδειν,
1386 2704 1516 2760 ἔνθα
1567 2706 1659 2760 καὶ
1706 2705 1856 2758 πολι-

280 2800 538 2854 τεύεσθαι
571 2798 879 2870 ἐτάχθημεν
899 2813 914 2829 ο
942 2799 1063 2851 ἐπεὶ
1093 2798 1186 2850 καὶ⁴
1209 2797 1237 2850 ό
1260 2796 1536 2867 Δεσπότης
1567 2796 1660 2850 καὶ
1690 2797 1857 2849 Βασι-

282 2893 414 2956 λεὺς
453 2892 611 2963 ἡμῶν
642 2894 779 2955 ἐκεῖ,
812 2891 905 2945 καὶ
949 2888 1158 2943 ἐκεῖθεν
1185 2888 1346 2943 αὑτὸν
1373 2890 1526 2959 ἦξειν
1552 2888 1856 2960 προσδοκῶ-

286 3002 392 3056 μεν
415 2986 472 3037 ὲν
495 2987 561 3053 τῇ
590 2984 715 3053 δόξῃ
744 2985 810 3053 τῇ
839 2983 1082 3052 [ἰατρικῇ
1110 2983 1247 3051 μετὰ
1267 2980 1375 3032 τῶν
1392 2979 1561 3048 ἁγίων
1579 2979 1850 3048 ἀγγέλων.

1960 1893 2058 1949 sed
2087 1893 2374 1949 stultitiam
2395 1896 2638 1964 ipsorum
2669 1896 2928 1952 ostendit.
2986 1895 3120 1952 Nam
3149 1897 3241 1967 qui
3272 1907 3523 1967 peccant,

1960 1983 2125 2036 velari
2149 1999 2244 2039 eos
2287 1998 2351 2038 ac
2379 1984 2635 2053 pudetieri
2666 1994 2913 2056 oportet;
2946 1986 3038 2042 isti
3084 2002 3225 2043 'vero
3253 1988 3366 2043 haec
3420 1989 3522 2045 sibi

1959 2072 2061 2143 glor
2077 2075 2142 2127 im
2171 2075 2394 2129 ducunt.

2032 2163 2139 2230 Qui
2188 2174 2393 2221 terrena
2447 2169 2683 2238 sapiunt.
2718 2169 2783 2225 Hi
2855 2172 2999 2227 enim
3055 2183 3300 2236 ventrem
3361 2176 3524 2233 deum

1959 2254 2179 2323 habent,
2199 2258 2293 2329 qui
2326 2259 2459 2315 nihil
2488 2261 2768 2332 spirituale
2798 2272 2892 2318 aut
2916 2264 3135 2322 caeleste
3158 2269 3417 2338 cogitant.

2027 2433 2192 2489 Vens.
2222 2435 2314 2491 20.
2349 2435 2553 2492 Nostra
2575 2450 2753 2495 autem
2784 2443 3109 2498 conversatio
3151 2444 3206 2498 in
3241 2445 3384 2500 caelis
3421 2456 3523 2511 est,

1957 2528 2094 2579 unde
2115 2528 2271 2580 etiam
2295 2526 2621 2584 Salvatorem
2661 2544 3015 2599 exspectamus
3035 2532 3316 2588 Dominum
3337 2535 3522 2606 lenm

1957 2618 2247 2675 Christum.
2282 2618 2465 2689 Itaque
2498 2637 2619 2692 quae
2656 2638 2891 2694 superna
2925 2632 3073 2689 sunt,
3122 2640 3220 2681 nos
3255 2641 3444 2697 sapere
3473 2638 3527 2683 et

1957 2710 2209 2768 aﬂ‘ectare
2251 2723 2486 2782 oportet,
2526 2725 2580 2769 et
2603 2716 2669 2769 ad
2697 2717 2923 2783 patriam
2950 2726 3191 2773 nostram
3244 2717 3523 2786 festinare,

1959 2806 2052 2860 ubi
2109 2806 2295 2862 vivere
2358 2817 2412 2861 et
2463 2809 2788 2864 commorari
2840 2812 2994 2867 nobis
3042 2813 3351 2868 ordinatum
3418 2824 3525 2881 est,

1955 2893 2384 2965 quandoquidem
2414 2908 2468 2953 et
2504 2897 2765 2956 Dominus
2806 2909 2860 2956 et
2895 2900 3011 2957 Rex
3062 2913 3247 2959 noster
3280 2903 3388 2959 illic
3433 2905 3525 2971 sit,

1956 2996 2120 3055 atque
2151 2988 2296 3044 illinc
2342 2989 2514 3060 ipsum
2539 3004 2826 3046 venturum
2859 3003 3239 3063 exspectamus
3264 2994 3315 3049 in
3356 2995 3525 3062 gloria

289 3078 459 3129 Ὥστε
488 3077 589 3129 ’καὶ
631 3074 737 3129 ἀπὸ
780 3074 874 3126 τοῦ
902 3073 1092 3138 τόπου,
1122 3073 1216 3125 καὶ
1253 3073 1363 3126 ἀπὸ
1407 3070 1500 3124 τοῦ
1536 3070 1850 3141 προσώπου,

1963 3074 2114 3147 ᾖδε
2138 3075 2367 3132 Paterna
2394 3093 2513 3134 cum
2545 3081 2747 3136 sanctis
2769 3082 2994 3152 angelis.
3031 3082 3217 3152 itaque
3260 3092 3316 3138 et
3348 3100 3376 3137 a
3406 3084 3527 3139 loco

282 3171 665 3242 δυσωπήθητε.

363 3267 471 3330 Ὃς
499 3263 1008 3334 μετασχηματίσει
1037 3274 1101 3317 το
1126 3274 1298 3330 σωμα
1323 3257 1427 3328 τῆς
1450 3257 1855 3323 ταπεινώσεως

284 3353 479 3423 ἡμῶν.
520 3353 696 3408 Πολλὰ
731 3352 826 3406 νῦν
852 3352 1047 3421 πάσχει
1074 3350 1134 3403 τὸ
1167 3348 1328 3420 σῶμα
1358 3366 1373 3377 ο
1401 3347 1703 3417 δεσμεῖται,
1750 3362 1856 3415 μα-

289 3447 554 3509 στίζεται,
613 3444 829 3513 μυρίοις
879 3442 1071 3504 δεινοῖς
1118 3438 1500 3494 ὑποϐάλλεται.
1548 3439 1646 3490 Διά
1697 3434 1857 3488 τοῦτο

284 3533 668 3595 ταπεινώσεως
695 3533 877 3602 σῶμα,
901 3533 982 3586 ὃτι
1013 3531 1187 3601 φθορᾷ
1220 3530 1311 3583 καὶ
1335 3527 1622 3601 ἀλγηδόσιν
1646 3526 1692 3560 ⁸⁸
1720 3526 1855 3580 ὑπό-

287 3640 503 3681 κειταιο
558 3624 694 3678 ἀλλὰ
748 3622 1412 3695 μετασχηματισθήσεται,
1488 3620 1755 3684 τουτέστι,
1795 3617 1858 3674 τὸ

286 3717 422 3770 αὑτὸ
454 3716 614 3787 μένον
645 3716 922 3769 ἐνδύσεται
950 3714 1259 3784 ἀφθαρσίαν
1278 3729 1293 3745 ⁸
1329 3709 1856 3783 μετασχηματισμὺν

287 3807 420 3876 γὰρ,
442 3807 541 3878 τὴν
571 3807 678 3859 ἀπὸ
708 3805 912 3875 φθορᾶς
943 3805 1181 3875 ἀλλαγὴν
1214 3804 1425 3874 νόησον.

354 3899 459 3962 Εἰς
506 3898 572 3951 τὸ
615 3897 892 3967 γενέσθαι
933 3896 1079 3950 αὐτὸ
1125 3895 1479 3964 σύμμορφον
1507 3892 1590 3960 τῷ
1632 3892 1857 3962 σώματι

286 3988 395 4058 τῆς
421 3987 836 4056 δόξης-ἀὺτοῦ.
872 3986 1086 4056 Ἐπειδὴ
1112 3986 1433 4057 σύμμορφον
1454 3984 1645 4051 αὑτοῦ,
1669 3986 1852 4055 φησὶν,

288 4082 507 4151 ἐγένετο
534 4082 622 4135 διά
651 4081 749 4152 τῆς
794 4078 1076 4141 κοινωνίας
1123 4096 1230 4131 των
1278 4078 1484 4144 παθῶν,
1532 4079 1855 4148 σύμμορφον

287 4178 578 4246 γενήσεται
610 4176 703 4227 καὶ
727 4175 795 4244 τῇ
829 4172 974 4244 δόξῃ.
1007 4169 1210 4224 Βαϐαίι
1238 4170 1290 4223 τί
1324 4165 1475 4236 εἶπες
1502 4169 1591 4239 Τῷ
1619 4168 1724 4221 ὑπὸ
1745 4167 1854 4220 τῶν

288 4268 538 4335 ἀγγέλων
578 4268 1056 4336 προσκυιλουμένῳ,
1085 4264 1165 4333 τῷ
1202 4265 1260 4316 ὲν
1299 4259 1448 4333 δεξιᾷ
1488 4259 1582 4313 τοῦ
1641 4259 1857 4331 [ἰατρὸς

288 4357 606 4427 καθημένῳ,
650 4355 726 4425 τῷ
778 4354 876 4424 τῆς
915 4353 1071 4423 δόξης
1109 4353 1221 4405 ὑντι
1270 4350 1483 4421 σώματι
1536 4349 1856 4421 σύμμορφον

1961 3177 2016 3225 et
2042 3186 2071 3222 a
2113 3184 2341 3238 persona
2365 3172 2432 3226 ad
2463 3174 2721 3242 pudorem
2767 3179 3242 3234 commoveamini.

2019 3257 2183 3313 Vens.
2201 3259 2262 3312 2|
2279 3259 2401 3325 .Qui
2420 3270 2564 3317 trans
2576 3264 2680 3332 ﬁgu
2690 3262 2825 3317 rabit
2843 3279 3027 3334 corpus
3037 3265 3418 3341 humiliationis
3432 3283 3529 3322 no-

1959 3360 2105 3406 stra.
2118 3352 2284 3405 Multa
2299 3368 2439 3407 nunc
2460 3353 2660 3423 patitur
2674 3369 2905 3425 corpus:
2928 3358 3183 3421 vincitur,
3202 3356 3522 3427 ﬂagellatur,

1960 3441 2259 3499 innumeris
2280 3443 2437 3499 malis
2456 3444 2728 3514 objicitur.
2750 3444 2831 3500 Ob
2844 3446 2982 3501 hanc
3006 3461 3119 3500 rem
3143 3445 3527 3501 humiliationis

1961 3548 2162 3603 corpus
2192 3544 2294 3600 est,
2322 3536 2462 3606 quod
2483 3535 2815 3606 corruptioni
2842 3545 3001 3606 atque
3025 3537 3199 3591 dolori
3223 3536 3525 3605 subjectum

1961 3623 2033 3679 sit
2075 3625 2215 3680 :sed
2257 3625 2750 3696 lransligurabitur,
2786 3626 2838 3682 id
2883 3635 2987 3692 est,
3031 3628 3170 3681 idem
3206 3640 3529 3697 permanens

1964 3715 2151 3770 induet
2184 3718 2769 3787 incorruptibilitatem.
2820 3716 2926 3771 Per
2987 3718 3524 3785 transﬁgurationem
3577 3710 3581 3714 ’

1962 3810 2106 3861 enim
2129 3823 2156 3860 a
2192 3809 2540 3877 corruptione
2566 3809 2921 3863 mutationem
2979 3808 3241 3877 intellige.

2035 3897 2102 3953 Ut
2133 3900 2395 3969 elﬁt‘t'atur
2418 3901 2682 3968 conforme
2704 3901 2869 3970 ipsum
2893 3900 3101 3969 corpori
3136 3900 3321 3970 gloria:
3341 3903 3528 3969 ipsius.

1962 3989 2432 4060 Quandoquidem,
2465 3992 2662 4059 inquit,
2706 3989 2986 4046 conforme
3031 3992 3129 4058 ipsi
3192 3992 3397 4046 factum
3446 4001 3532 4046 est

1963 4104 2057 4158 per
2087 4086 2433 4142 aﬂlictionum
2465 4087 3032 4151 communicationem,
3071 4087 3346 4143 conforme
3365 4087 3525 4142 etiam

1961 4176 2223 4234 ellicietur
2254 4179 2438 4248 gloria:
2468 4178 2657 4248 ipsius.
2677 4175 2867 4245 Papae!
2895 4178 3023 4246 quid
3074 4178 3247 4232 dixit?
3269 4176 3329 4232 Ei
3383 4176 3526 4247 quod

1962 4267 2031 4324 ab
2070 4267 2271 4339 angelis
2298 4268 2575 4333 adoratur,
2604 4267 2745 4337 quod
2766 4269 2832 4319 ad
2861 4266 3107 4319 dextram
3134 4265 3306 4319 Patris
3350 4269 3525 4328 sedet,

1963 4361 2147 4432 gloria:
2188 4359 2402 4429 corpori
2453 4360 2726 4413 eoulorme
2762 4356 2821 4409 lit
2877 4371 3076 4423 corpus
3136 4364 3407 4420 nostrum,
3465 4371 3528 4408 ac

288 4454 501 4520 γίνεται
524 4451 583 4502 τὸ
597 4448 752 4517 σῶμα
775 4446 952 4517 ἡμῶν,
971 4446 1062 4497 καὶ
1081 4443 1141 4497 οὗ
1152 4462 1220 4496 τω
1235 4443 1537 4509 δοξάζεται,
1557 4445 1630 4507 ὡς
1647 4445 1822 4496 ὲκεῖνο
1844 4443 1856 4481 ⁸

1969 4451 2190 4522 perinde
2211 4450 2542 4520 glorificatur
2566 4458 2621 4500 ut
2646 4446 2773 4500 illud
2797 4447 2810 4498 ί
2840 4444 3029 4498 Nonne
3052 4444 3213 4511 igitur
3235 4443 3283 4498 si
3309 4443 3529 4497 univer-

287 4541 437 4613 τΑρα
466 4540 532 4594 ἂν
565 4542 709 4594 πᾶσα
737 4543 770 4610 ἡ
793 4539 1086 4609 οἰκουμένη
1118 4535 1211 4590 ἐπὶ
1238 4535 1299 4588 τὸ
1328 4535 1459 4587 αὑτὸ
1497 4534 1705 4604 δακρύῃ
1727 4546 1858 4596 τους

291 4636 655 4694 ἐκπίπτοντας
690 4631 803 4699 τῆς
854 4631 1109 4698 τοιαύτης
1154 4625 1332 4697 δόξης,
1360 4627 1523 4690 ἀξίως
1562 4623 1858 4694 δακρύσει;

363 4730 526 4783 Κατὰ
572 4726 686 4794 τὴν
710 4725 1019 4795 ἐνέργειαν
1057 4721 1162 4776 τοῦ
1194 4720 1495 4775 δύνασθαι
1539 4718 1728 4774 αὐτὸν
1759 4715 1859 4773 καὶ

290 4821 585 4885 ὑποτάξαι
625 4816 814 4882 ἑαυτῷ
842 4819 913 4870 τὰ
943 4813 1158 4869 πάντα.
1197 4811 1414 4883 Ἐπειδὴ
1443 4811 1585 4882 μέγα
1623 4805 1741 4863 εἷπε
1766 4827 1862 4863 και

292 4915 481 4984 σχεδὸν
513 4915 758 4975 ἄπιστον,
781 4909 943 4979 φησί·
971 4907 1062 4976 Μὴ
1092 4907 1429 4975 ἀπιστήσῃςθ
1474 4903 1703 4972 δύναμιν
1749 4902 1861 4971 γὰρ

291 5006 429 5076 ἔχει,
446 5000 592 5075 δι’ἦς
619 5006 830 5075 ἐνεργεῖ
853 5003 921 5055 τὰ
943 5001 1142 5068 πάντα,
1163 4999 1257 5053 καὶ
1282 4996 1548 5064 ὑπέταξεν
1572 4994 1858 5065 ἀγγέλους,

295 5098 392 5149 καὶ
418 5094 810 5165 ἀρχαγγέλους,
838 5092 931 5144 καὶ
969 5091 1224 5161 δαίμονας
1242 5105 1257 5120 ⁸
1292 5088 1431 5142 ὥστε
1452 5087 1570 5140 ἐπεὶ
1584 5086 1766 5138 ἐκεῖνα
1792 5084 1862 5138 τὰ

297 5187 471 5258 μείζω
500 5187 744 5256 ἐποίησε,
767 5184 948 5255 πολλῷ
982 5183 1180 5254 μᾶλλον
1207 5179 1367 5235 τοῦτο
1392 5180 1452 5233 τδ
1472 5179 1691 5234 ἔλαττον
1715 5177 1860 5231 ὲκεί-

293 5299 402 5334 νων
417 5278 654 5350 ποιήσει.
676 5276 742 5328 Τί
751 5297 767 5339 ;
781 5276 839 5330 δὲ
858 5274 1125 5340 ὑπέταξεν
1146 5293 1160 5341 ;
1189 5275 1257 5327 Οἱ
1282 5272 1380 5343 μέν
1398 5271 1714 5341 φασινοὸτιό
1729 5269 1861 5332 Θεὸς

295 5374 394 5427 καὶ
418 5371 607 5442 Πατὴρ
640 5367 906 5436 ὑπέταξεν
946 5367 1119 5437 αὑτῷ,
1163 5364 1241 5436 τῷ
1275 5360 1501 5436 Χριστῷ
1539 5360 1765 5433 δηλαδὴ,
1792 5360 1863 5414 τὰ

439 5511 512 5584 τι
538 5511 668 5568 Cor.
709 5524 800 5576 ιν,
830 5506 922 5563 '52.

1964 4558 2056 4597 sus
2078 4541 2308 4596 mundus
2335 4539 2495 4593 simul
2522 4537 2856 4607 lacrymelur
2914 4549 2978 4589 ac
3007 4533 3204 4589 deﬂeat
3246 4548 3343 4588 eos
3374 4534 3465 4602 qui
3497 4550 3527 4587 a

1969 4634 2134 4705 gloria
2168 4633 2269 4685 hac
2294 4632 2571 4696 excidunt,
2596 4629 2759 4698 digne
2791 4626 3216 4698 lacrymabitur?

2037 4722 2334 4779 Secundum
2364 4723 2708 4791 Operationem
2731 4736 2834 4790 qua
2859 4730 3025 4787 potest
3057 4719 3169 4787 ipse
3197 4718 3357 4771 etiam
3407 4732 3532 4771 ηια-
3558 4706 3565 4729 ³

1957 4831 2122 4888 Jtcere
2157 4814 2257 4870 sibi
2290 4812 2489 4869 omnia.
2537 4810 2673 4877 Quia
2720 4825 2969 4880 magnum
3014 4810 3244 4872 dixerat,
3294 4821 3358 4861 ac
3389 4820 3520 4874 pro-

1967 4909 2256 4979 pemodum
2285 4903 2639 4967 incredibile,
2686 4900 2766 4957 Ne
2799 4901 3030 4965 dubites,
3070 4898 3245 4968 inquit
3298 4913 3313 4950 :
3368 4894 3532 4950 habet

1966 5002 2109 5054 enim
2139 4997 2452 5069 potentiam,
2480 5011 2578 5065 per
2603 5008 2762 5065 quam
2805 4999 3057 5060 Operatur
3078 4988 3280 5052 omnia,
3307 4999 3371 5040 ac
3398 4987 3530 5038 sub-

1966 5091 2099 5162 jecit
2127 5089 2349 5159 angelos
2374 5099 2428 5142 et
2468 5085 2821 5155 archangelos
2855 5091 2909 5136 et
2936 5083 3230 5136 daemones.
3269 5076 3448 5142 Quare
3481 5074 3530 5130 si

1919 5160 1925 5167 ‘
1968 5160 2059 5238 illa
2089 5179 2291 5249 majora
2321 5176 2469 5244 fecit,
2503 5177 2672 5230 multo
2696 5174 2863 5244 magis
2886 5172 3009 5237 hoc,
3036 5169 3177 5239 quod
3197 5167 3374 5221 minus
3402 5164 3530 5225 illis,

1967 5271 2149 5326 faciet.
2173 5268 2308 5335 Quis
2333 5280 2462 5322 vero
2486 5263 2752 5333 subjecit?
2768 5259 3023 5316 Nonnulli
3046 5263 3361 5314 asseverant
3388 5254 3531 5323 quod

1968 5364 2110 5419 Deus
2129 5361 2293 5418 Pater
2320 5357 2615 5428 subjeCerit
2641 5353 2763 5424 ipsi,
2790 5351 3005 5408 Christo
3019 5348 3294 5414 videlicet,
3320 5345 3527 5402 omnia.

1648 5613 1847 5677 νεικείω
1884 5612 2214 5676 lectiones.

371 5738 416 5768 ¹⁶
441 5735 554 5791 ἀλλ’
589 5737 690 5789 οὐκ
721 5732 835 5786 ἔστι
873 5728 1028 5784 τοῦτο
1048 5744 1098 5784 ο.
1174 5728 1216 5760 ⁸⁷
1255 5725 1359 5796 γὰρ
1387 5740 1439 5780 0.
1517 5723 1564 5754 "
1594 5719 1817 5791 -γηδόνι
1854 5736 1908 5775 o.
