3994 6564
549 331 683 402 1191

1471 327 1773 389 ΤΙΙΕΟΡΗ
1784 325 2048 386 YLACTI
2082 323 2489 385 BULGARI/E
2521 325 2881 390 ARCIIIEP.

3631 336 3751 404 1192

542 449 811 503 Caeterum
839 443 1234 510 inconsequens
1253 437 1378 494 illud
1403 447 1488 494 est
1522 456 1534 492 :
1562 454 1667 492 non
1696 438 1840 492 enim
1869 435 2118 504 de,Patre

2225 433 2424 488 πάντα.
2452 435 2599 507 Πλὴν
2632 436 3001 491 ἀνακόλουθόν
3031 439 3179 493 ἐστιν
3201 455 3216 475 ·
3266 441 3328 495 οὗ
3361 443 3468 514 γὰρ
3495 441 3636 500 εἶπεν
3663 451 3756 505 ἅνω

537 553 699 608 supra
725 538 936 591 loculus
959 543 1062 589 est.
1099 531 1284 587 Satius
1323 527 1489 602 ig'itur
1517 540 1598 584 est
1622 531 1727 584 hoc
1777 529 1844 584 de
1899 527 2118 583 Christo

541 631 864 697 intelligere,
886 627 976 697 qui
1011 640 1104 696 per
1131 625 1382 679 virtutem
1412 622 1712 677 divinitatis
1739 620 1970 688 subjecit
1990 619 2116 687 ipsi,

538 722 751 792 corpori
777 736 877 776 suo
908 718 1180 782 videlicet,
1215 717 1422 772 omnia.
1458 713 1576 770 Non
1628 713 1771 768 enim
1816 721 2118 766 metuemus

539 817 784 870 dividere
831 813 1108 868 Christum
1158 822 1173 863 :
1227 825 1391 863 unum
1430 808 1576 862 enim
1631 805 1882 863 novimus
1941 804 2117 868 ipsum

539 911 700 964 etiam
733 908 786 963 in
821 905 1136 962 diversitate
1164 911 1499 957 naturarum.

1165 1098 1396 1166 CAPUT
1426 1097 1518 1154 IV.

613 1242 776 1296 Vens.
799 1240 850 1293 l.
874 1237 1125 1302 Proinde,
1151 1235 1341 1305 fratres
1363 1234 1459 1287 mei
1490 1231 1669 1286 dilecti
1712 1240 1760 1284 et
1799 1227 2122 1283 desiderabi-

541 1337 636 1399 les,
658 1334 908 1405 gaudium
925 1345 1092 1384 meum
1111 1339 1156 1383 et
1179 1322 1371 1382 corona
1391 1342 1525 1390 utea,
1548 1324 1621 1376 sic
1641 1332 1779 1375 state
1796 1324 1846 1375 in
1871 1319 2119 1385 Domino,

541 1425 735 1477 dilecti.
772 1423 980 1489 Itaque,
1037 1419 1234 1489 inquit,
1282 1417 1384 1471 etsi
1419 1414 1654 1470 cernatis
1698 1414 1793 1467 hos
1827 1412 2122 1482 gaudentes

538 1526 593 1570 et
622 1515 789 1584 gloria
823 1512 1064 1574 allectos,
1105 1520 1244 1564 state
1288 1523 1381 1562 vos
1429 1505 1651 1576 perinde
1693 1520 1757 1558 ac
1802 1503 2120 1568 consistitis,

543 1609 814 1677 sperando
861 1605 1002 1674 quod
1070 1619 1172 1658 una
1233 1618 1355 1657 cum
1408 1599 1627 1654 Christo
1678 1595 2119 1667 gloriﬁcabimur,

543 1714 722 1768 neque
755 1701 822 1750 ab
842 1713 903 1750 ea
935 1709 1029 1765 spe
1060 1693 1344 1748 excidatis.
1379 1693 1614 1745 Observa
1665 1696 1845 1742 autem
1902 1687 2122 1754 quantis

541 1791 802 1844 encomiis
826 1804 922 1843 eos
951 1788 1165 1841 evehat.
1198 1783 1441 1846 Fratres,
1473 1781 1674 1851 inquit,
1701 1789 1755 1834 et
1780 1794 1883 1832 non
1920 1777 2119 1846 simpli-

542 1885 696 1944 citer,
731 1898 940 1944 verum,
972 1879 1216 1933 Dilecti:
1253 1887 1308 1932 et
1339 1877 1536 1940 adhuc,
1578 1873 1982 1936 Desiderabiles,
2019 1871 2122 1924 hoc

542 1983 646 2038 est,
686 1976 725 2026 Α
760 1989 844 2026 nte
873 1970 1140 2039 inquisiti,
1187 1968 1402 2037 quando
1442 1981 1469 2017 a
1503 1979 1587 2018 me
1629 1961 1938 2015 videamini.
1977 1959 2122 2013 Prie-

544 2076 714 2130 terea,
737 2063 1041 2127 Gaudium;
1074 2074 1247 2129 neque
1269 2060 1367 2111 hoc
1391 2055 1726 2124 simpliciter,
1751 2051 2122 2118 verumetiam,

542 2156 794 2220 Corona,
851 2170 957 2224 qua
1020 2169 1126 2206 non
1187 2161 1269 2204 est
1326 2149 1470 2203 aliud
1523 2144 1775 2214 quiddam
1832 2141 2120 2197 celebrius.

541 2250 683 2302 Ante
726 2246 1161 2302 adhortationem
1211 2257 1306 2297 eos
1345 2239 1766 2302 commendavit,
1816 2251 1879 2288 ac
1931 2248 2122 2288 rursus

544 2351 666 2413 post
715 2339 1149 2396 exhortationem
1188 2356 1200 2390 :
1237 2337 1290 2390 in
1344 2342 1491 2389 tanto
1538 2331 1758 2386 luerunt
1808 2328 1944 2398 apud
1991 2342 2122 2381 eum

548 2433 742 2504 pretio,
794 2443 854 2487 ut
905 2431 997 2486 tali
1058 2439 1315 2498 tantoque
1367 2427 1573 2481 honore
1620 2423 1765 2492 ipsos
1809 2422 2122 2490 dignaretur

543 2526 766 2582 Paulus.

613 2640 779 2715 454
801 2638 964 2695 Vens.
984 2638 1110 2701 2,5.
1141 2635 1392 2689 Evodiam
1416 2649 1562 2704 rogo,
1587 2642 1635 2686 et
1663 2629 1973 2700 Syntycliem
1999 2643 2122 2696 rogo

541 2738 677 2790 idem
710 2753 890 2804 sapere
919 2735 974 2787 in
1007 2732 1254 2786 Domino.
1289 2729 1462 2782 Etiam
1521 2742 1644 2795 rogo
1666 2737 1711 2779 et
1753 2735 1824 2789 te,
1879 2736 2121 2792 germane

548 2845 787 2900 compar,
812 2829 1006 2898 adjuva
1051 2841 1160 2886 eas.
1220 2823 1487 2877 Videntur
1524 2817 1657 2874 mihi
1703 2816 1954 2871 mulieres
2009 2816 2124 2870 ista:

543 2934 704 2992 caput
733 2938 854 2977 esse
888 2919 1144 2974 Ecclesiae
1174 2915 1382 2986 quaaihi
1409 2921 1543 2968 erat.
1569 2909 1922 2965 Commendat
1947 2909 2125 2976 itaque

546 3015 642 3067 has
667 3011 1030 3078 virocuipiam
1052 3006 1384 3066 admirando,
1403 3004 1490 3074 qui
1510 3012 1599 3056 aut
1616 3001 1780 3055 frater
1794 2998 2126 3053 luitalterius

545 3107 808 3172 ipsarum,
835 3111 930 3154 aut
961 3101 1207 3153 maritus.
1242 3097 1446 3151 Forsan
1476 3104 1656 3148 autem
1703 3101 1755 3147 et
1792 3101 1974 3146 custos
2022 3092 2124 3146 iste

548 3197 647 3250 fuit
678 3193 956 3251 carceris:
989 3191 1214 3260 perinde
1247 3189 1401 3258 quasi
1464 3187 1612 3242 dicat
1649 3202 1662 3238 :
1717 3183 1836 3238 Jam
1903 3183 2119 3238 tandem

503 3334 512 3344 .
548 3287 715 3340 frater
745 3301 803 3340 es
835 3298 1146 3353 germanus,
1184 3295 1327 3334 nunc
1366 3277 1630 3348 genuinus
1659 3274 1760 3338 vir,
1803 3274 1846 3328 si
1874 3271 1926 3327 in
1957 3286 2122 3341 opere

546 3377 754 3431 Domini
782 3376 920 3429 idem
943 3373 1128 3444 jugum
1165 3371 1369 3434 trahas,
1407 3369 1669 3437 adjuvans
1692 3366 1834 3420 illas.
1865 3363 2118 3420 Nonnulli

545 3482 724 3524 autem
753 3469 807 3521 in
853 3482 1091 3521 errorem
1131 3465 1361 3526 inducti,
1398 3463 1550 3516 aiunt
1591 3458 1817 3513 Paulum
1875 3458 1963 3513 hic
1993 3471 2120 3528 pro-

544 3563 714 3633 priam
751 3577 904 3616 suam
936 3557 1214 3626 coniugem
1242 3555 1454 3627 precari
1485 3572 1498 3620 ;
1527 3568 1715 3609 verum
1743 3552 2019 3608 enimvero
2049 3551 2120 3606 ita

545 3672 648 3710 non
681 3664 764 3710 est
790 3664 882 3707 :ut
901 3653 1042 3706 enim
1064 3651 1167 3703 alia
1195 3647 1622 3717 praetermittam,
1644 3644 1690 3701 si
1719 3660 1870 3698 suam
1897 3657 2118 3698 uxorem

543 3747 843 3818 intelligere
865 3743 1139 3808 voluisset,
1159 3739 1362 3810 l‘v'qcia
1387 3738 1606 3805 σύζυγε,
1625 3736 1803 3790 dicere
1824 3734 2118 3790 debuisset.

615 3860 747 3925 Qua:
785 3874 982 3912 mecum
1007 3857 1374 3910 laboraverunt
1400 3852 1453 3905 in
1491 3847 1800 3918 Evangelia,
1829 3862 1946 3900 cum
1999 3845 2122 3900 Cle-

545 3966 713 4008 mente
755 3961 802 4006 et
834 3951 1036 4004 ueteris
1087 3947 1420 4019 adjutoribus
1494 3942 1641 3996 meis.
1676 3940 1792 3995 Non
1845 3940 2120 4007 exiguam,

545 4046 739 4114 inquit,
769 4052 982 4112 partem
1035 4041 1150 4093 ista:
1215 4052 1429 4107 quoque
1483 4033 1846 4098 contulerunt,
1908 4028 2121 4085 etiamsi

546 4139 684 4191 haud
705 4135 858 4206 pauci
879 4133 965 4186 alii
985 4141 1164 4186 essent
1180 4131 1551 4186 auxiliatores.
1569 4127 1878 4196 Propterea,
1895 4125 2125 4178 Labora-

545 4237 726 4284 verunt
763 4241 984 4288 mecum,
1009 4224 1102 4277 ait.
1138 4221 1250 4276 Non
1283 4237 1470 4290 parum
1496 4219 1639 4275 enim
1661 4228 1770 4272 tum
1794 4232 1922 4272 sane
1940 4217 2126 4272 Ecclﬁ

544 4322 638 4376 siae
691 4317 1176 4388 conjungebantur,
1225 4313 1396 4366 altero
1435 4311 1666 4365 alterum
1721 4309 2023 4371 honorante
2069 4315 2126 4360 et

542 4413 852 4482 adjuvante.
896 4407 1092 4462 Verum
1152 4403 1311 4459 hodie
1339 4403 1461 4473 quis
1497 4409 1704 4466 noster,
1763 4397 1897 4468 proh
1929 4397 2118 4452 dolor!

545 4517 721 4559 status
751 4501 880 4557 est?
916 4499 1068 4554 Alter
1115 4497 1344 4551 alterum
1377 4493 1661 4561 dejicimus
1699 4509 1713 4548 :
1763 4491 1892 4545 hine
1951 4491 2115 4545 etiam

545 4599 624 4661 tit,
655 4605 714 4650 ut
737 4594 907 4649 simus
931 4590 1092 4661 plane
1124 4587 1326 4643 diversi
1371 4587 1440 4640 ab
1475 4585 1541 4640 iis
1571 4584 1664 4655 qui
1695 4592 1808 4638 tum
1840 4585 2046 4638 vixere.

616 4708 853 4773 Quarum
882 4718 1095 4758 nomina
1129 4712 1252 4758 sunt
1299 4701 1354 4754 in
1383 4699 1518 4754 libro
1548 4699 1688 4754 vitae.
1723 4695 2120 4752 Animadvertis

545 4809 807 4871 quantum
834 4796 1058 4851 virtutis
1088 4792 1423 4848 mulierculis
1478 4789 1722 4846 tribuat?
1777 4787 1912 4843 Nam
1975 4788 2119 4858 quod

547 4891 808 4948 Dominus
835 4886 1104 4958 apostolis
1137 4886 1293 4949 dixit,
1329 4881 1562 4937 Nomina
1585 4893 1757 4938 vestra
1789 4882 1982 4951 scripta
2005 4895 2108 4935 sun

541 4987 596 5040 in
640 4983 780 5038 cmlis
809 4992 858 5051 Ρ,
902 4981 1002 5036 hoc
1029 4979 1096 5033 iis
1124 4977 1323 5032 Paulus
1377 4979 1645 5040 attribuit,
1696 4978 1841 5046 quod
1901 4975 2118 5029 nomina

545 5090 730 5130 earum
765 5087 886 5128 cum
954 5069 1173 5138 reliquis
1203 5067 1460 5136 inscripta
1509 5067 1616 5120 sint
1679 5067 1730 5118 in
1785 5065 1924 5119 libro
1969 5067 2116 5129 vitae,

550 5169 650 5221 hoc
679 5174 784 5232 est,
815 5166 866 5218 in
893 5162 1240 5228 congnitione
1271 5157 1545 5224 etjudieio
1567 5155 1684 5211 Dei.
1710 5153 1808 5209 Vel
1833 5156 1937 5209 illis
1954 5157 2118 5208 vitam

545 5253 871 5323 adjndieavit
887 5252 1180 5305 etiamnum
1195 5264 1260 5302 es
1286 5247 1388 5300 tide
1409 5259 1624 5308 earum,
1645 5245 2118 5312 quemadmodum,

547 5345 651 5411 Qui
671 5359 773 5397 non
801 5343 967 5394 credit
983 5339 1100 5410 jam
1117 5338 1390 5408 judicatus
1423 5347 1498 5390 est
1529 5344 1581 5400 ιι,
1607 5343 1769 5403 atque
1792 5333 1931 5388 forte
1976 5335 2118 5392 libro

548 5439 736 5491 mortis
756 5435 992 5489 insertus
1018 5441 1122 5486 est.

619 5547 781 5602 Vsus.
816 5545 871 5600 4.
904 5541 1136 5598 Gaudete
1185 5542 1242 5596 in
1270 5540 1498 5594 Domino
1548 5555 1768 5609 semper.
1837 5536 2118 5604 Quomodo

617 5673 643 5712 ι)
693 5661 824 5717 Luc.
854 5675 908 5726 ιι,
930 5658 1022 5713 ‘20.
1136 5667 1160 5708 ι
1205 5656 1355 5712 loan.
1387 5672 1468 5723 Ill,
1503 5655 1592 5713 l8.

2220 527 2349 598 περὶ
2368 527 2462 580 τοῦ
2491 529 2726 600 Πατρός.
2752 529 2976 584 Βέλτιον
3003 530 3095 585 οὖν
3110 533 3237 603 περὶ
3261 533 3356 587 τοῦ
3375 536 3603 606 Χριστοῦ
3622 541 3756 596 τοῦτο

2220 621 2381 682 νοεῖν,
2407 620 2468 684 ὃς
2511 621 2601 675 διὰ
2627 621 2726 692 τῆς
2759 623 3045 694 δυνάμεως
3080 624 3182 694 τῆς
3227 625 3478 698 θεότητος
3519 629 3754 698 ὑπέταξεν

2218 711 2386 782 αὐτῷ,
2411 712 2490 782 τῷ
2519 713 2736 783 σώματι
2771 715 2935 769 αὐτοῦ
2967 715 3193 788 δηλαδὴ,
3220 717 3287 772 τὰ
3319 721 3514 776 πάντα.
3549 723 3616 776 Οὐ
3654 727 3746 798 γὰρ

2219 804 2284 874 δὴ
2336 804 2761 877 φοϐηθησόμεθα
2803 809 3016 878 μήποτε
3064 809 3330 879 διέλωμεν
3380 813 3470 866 τὸν
3520 815 3752 885 Χριστόν⁸

2219 897 2315 1004 ἕνα
2344 898 2452 969 γὰρ
2479 899 2702 970 οἴδαμεν
2758 899 2922 955 αὑτὸν
2975 901 3073 956 καὶ
3125 903 3184 956 ὲν
3233 905 3300 976 τῇ
3352 904 3620 978 ἑτερότητι
3666 907 3755 963 τῶν

2222 1007 2462 1060 φυσεων.

2840 1106 3094 1162 ΚΕΦᾹΛ.
3123 1107 3198 1163 Δ’.

2298 1242 2496 1304 Ὥστε,
2512 1241 2769 1310 ἀδελφοί
2785 1259 2904 1309 μου
2932 1241 3232 1310 ἀγαπητοὶ
3287 1241 3388 1296 καί
3429 1243 3754 1314 ἐπιπόθητοι,

2224 1333 2377 1404 χαρὰ
2411 1333 2507 1386 καὶ
2539 1332 2844 1400 στέφανός
2868 1352 3009 1402 μου,
3041 1335 3195 1388 οὕτω
3217 1334 3472 1400 στήκετε
3497 1336 3562 1389 ἐν
3577 1341 3755 1406 Κιφίῳ,

2223 1427 2543 1496 ἀγαπητοί.
2588 1427 2774 1492 Ὥστε,
2808 1427 2996 1497 φησὶν,
3022 1428 3071 1478 εἰ
3107 1429 3202 1480 καὶ
3233 1429 3398 1498 ὁρᾶτε
3433 1428 3638 1494 τούτους
3662 1434 3756 1500 χαί-

2229 1536 2418 1587 ροντας
2449 1519 2538 1570 καὶ
2563 1517 3007 1588 δεδοξασμένους,
3029 1518 3146 1571 ἀλλ’
3171 1519 3332 1588 ὑμεῖς
3357 1521 3578 1590 στήκετε
3597 1511 3768 1586 οὕτως,Ι

2225 1611 2416 1681 ὥσπερ
2434 1611 2678 1671 ἴστασθε,
2705 1612 2763 1662 ὲν
2790 1611 2869 1680 τῷ
2892 1611 3136 1676 ἐλπίζειν
3157 1613 3237 1664 ὅτι
3262 1593 3770 1703 συνδοξασθησόμεθαξ

2226 1704 2469 1776 Χριστῷ,
2503 1704 2576 1775 μὴ
2605 1703 3028 1774 παρατραπῆτε.
3056 1704 3198 1776 Ὅρα
3236 1705 3320 1769 δὲ,
3359 1705 3499 1758 πόσα
3529 1707 3590 1758 τὰ
3619 1708 3761 1774 £716;-

2156 1771 2199 1826 B
2230 1771 2328 1870 μία
2346 1815 2361 1828 ο
2389 1771 2807 1866 ’Ᾰδελέροὶξκαι
2826 1771 3149 1868 οὑχνάπλῶςν,
3177 1799 3316 1865 ἀλλ’,
3341 1771 3663 1868 Ἀγαπητοί,
3687 1803 3759 1856 καὶ

2225 1893 2328 1956 ἔτι,
2374 1891 2786 1959 Ἑπιπόθητοι,
2844 1892 3140 1956 τουτέστιν,
3175 1893 3615 1964 Ἐπιζητούμενοι
3656 1895 3760 1948 πότε

2225 1985 2527 2056 ὀφθήσεσθέ
2567 2003 2678 2054 μοι.
2701 1984 2916 2038 Καὶ’ἔτι
2938 2003 2950 2015 ·
2980 1987 3162 2053 Χαρὰ,
3193 1988 3290 2040 καὶ
3317 1987 3416 2057 οὐχ
3447 1987 3760 2051 ἁπλῶςάλλὰ

2227 2081 2341 2146 καὶ,
2389 2079 2716 2148 Στέφανος,
2767 2073 2829 2132 οὗ
2863 2079 3199 2149 ἐνδοξότερον
3234 2080 3340 2133 οὐκ
3370 2080 3514 2133 ἐστιν
3534 2081 3686 2134 duo"
3704 2099 3758 2134 τι.

2227 2176 2338 2228 Καὶ
2386 2173 2492 2244 πρὸ
2523 2173 2622 2242 τῆς
2659 2171 3038 2243 παραινέσεως
3091 2171 3398 2241 ἐγκώμιον,
3430 2172 3521 2225 καὶ
3551 2169 3612 2226 αὖ
3646 2173 3756 2241 μετὰ

2225 2264 2324 2336 τὴν
2359 2263 2712 2335 παραίνεσινο
2743 2263 2916 2326 οὕτως
2943 2258 3086 2333 ἦσαν
3117 2263 3413 2332 ἀξιόλογοι,
3449 2263 3581 2318 ὥστε
3609 2264 3763 2318 τοσαὺ-

2225 2374 2324 2429 της
2354 2356 2519 2427 τιμῆς
2549 2353 2833 2421 ἀξιοῦσθαι
2868 2353 3020 2426 παρὰ
3061 2353 3300 2411 Παύλου.

2300 2640 2575 2696 Εὐωδίαν
2596 2641 2640 2673 ³ο
2663 2639 3014 2710 παρακαλῶ,
3047 2637 3143 2693 καὶ
3174 2641 3499 2709 Συντύχην
3541 2655 3761 2708 «apam-

2225 2737 2314 2792 λῶ
2341 2737 2406 2790 τὸ
2434 2736 2579 2790 αὐτὸ
2601 2734 2851 2804 φρονεῖν
2877 2734 2947 2787 ἐν
2977 2735 3192 2800 Κυρίῳ.
3220 2733 3331 2786 Kal
3362 2732 3551 2802 ἐρωτῶ
3572 2735 3657 2787 καί
3683 2735 3756 2797 σὲ,

2227 2827 2443 2897 γνήσιε
2470 2825 2708 2894 σύζυγε,
2731 2821 3168 2892 συλλαμϐάνοι·
3197 2823 3434 2889 αὑταῖς.
3460 2823 3667 2877 Δοκοῦσί
3689 2841 3759 2892 μοι

2229 2911 2390 2971 αὗται
2421 2916 2476 2970 αἱ
2507 2918 2762 2984 γυναῖκες
2790 2914 2851 2966 τὸ
2885 2913 3182 2981 κεφάλαιον
3221 2907 3368 2965 εἶναι
3411 2913 3509 2983 τῆς
3573 2914 3758 2982 Ἐκκλη-

2231 3010 2352 3074 σίας
2382 3010 2479 3077 τῆς
2510 3011 2645 3062 ἐκεῖ.
2694 3006 3062 3078 Παρατίθεται
3109 3002 3204 3060 οὖν
3247 3007 3458 3070 ταύτας
3498 3007 3636 3075 ἀνδρί
3677 3024 3758 3060 τινι

2149 3116 2193 3178 C
2231 3099 2548 3170 θαυμαστῷ,
2566 3099 2624 3162 ὃς
2651 3099 2685 3170 ἦ
2712 3099 2937 3168 ἁδελφὸς
2970 3093 3038 3167 ἦν
3074 3098 3203 3168 μιᾶς
3233 3098 3439 3159 αὐτῶν,
3467 3097 3499 3168 ῆ
3527 3099 3614 3150 καὶ
3631 3099 3760 3168 ἀνήρ.

2231 3193 2386 3262 Τάχα
2436 3191 2493 3243 δὲ
2545 3189 2641 3244 καὶ
2674 3191 2702 3242 ὁ
2733 3189 3080 3258 δεσμοφύλαξ
3135 3189 3265 3246 tam:
3295 3189 3361 3243 ἂν
3403 3185 3472 3259 ἦν
3518 3183 3760 3252 οὗτοςσὼς

2231 3284 2296 3337 ἂν
2321 3285 2370 3336 εἰ
2409 3282 2562 3351 ἔλεγε
2588 3297 2603 3312 ο
2627 3281 2742 3334 Νῦν
2773 3281 2998 3349 ἀδελφὸς
3023 3275 3073 3334 εἴ
3103 3282 3346 3352 γνήσιος,
3385 3281 3481 3336 νῦν
3508 3281 3634 3352 ἀνὴρ
3660 3281 3762 3352 γνή-

2231 3391 2368 3440 σιος,
2413 3373 2509 3427 ὲὰν
2550 3373 2608 3428 ἐν
2637 3372 2717 3444 τῷ
2748 3371 2896 3444 ἔργῳ
2925 3371 3020 3424 τοῦ
3055 3373 3261 3443 Κυρίου
3301 3374 3402 3428 τὸν
3445 3373 3760 3444 αὑτὸν-ἕλκῃς

2229 3464 2416 3534 ζυγὸν,
2441 3463 2835 3535 συλλαϐόμενος
2864 3464 2906 3496 ³¹
2932 3465 3138 3528 αὑταῖς.
3158 3465 3313 3530 Τινὲς
3337 3467 3399 3520 δὲ
3423 3467 3759 3536 πλανηθέντες,

2227 3557 2326 3627 τὴν
2356 3555 2519 3610 αὑτοῦ
2554 3556 2785 3625 γυναῖκα
2810 3571 2938 3624 φασι
2969 3557 3061 3610 τὸν
3088 3557 3300 3611 Παῦλον
3349 3558 3669 3630 παρακαλεῖν
3693 3558 3760 3609 ὲν-

2227 3649 2433 3702 ταῦθα·
2464 3648 2582 3703 ἀλλ’
2625 3648 2726 3701 οὐκ
2751 3643 2920 3702 ἔστιν.
2971 3647 3087 3701 Ἰνα
3118 3649 3224 3720 γὰρ
3261 3648 3437 3704 τᾶλλα
3469 3650 3624 3712 έὰςω,
3656 3647 3757 3709 ἔδει,

2229 3740 2432 3812 Γνησία
2462 3739 2684 3810 σύζυγε,
2701 3738 2894 3792 εἰπεῖν.

2311 3855 2552 3921 Δῖτινες
2570 3855 2640 3910 ἐν
2662 3853 2742 3920 τῷ
2767 3855 3108 3924 Εὐαγγελίφ
3138 3853 3544 3923 συνήθλησάν
3561 3869 3669 3923 μοι,
3682 3867 3760 3919 με·

2229 3949 2302 4004 τὰ
2332 3949 2433 4003 καὶ
2453 3950 2804 4020 Κλήμεντος
2830 3950 2925 4004 καὶ
2951 3950 3071 4004 τῶν
3099 3950 3328 4004 λοιπῶν
3355 3949 3477 4004 τῶν
3497 3945 3762 4017 συνεργῶν

2223 4059 2367 4112 μου.
2387 4041 2463 4096 Οὐ
2501 4043 2696 4112 μικρὸν
2721 4044 2814 4095 καὶ
2843 4043 2887 4074 ³²
2915 4037 3100 4112 αὗται,
3133 4043 3290 4115 φησι,
3319 4042 3662 4096 συνεϐάλοντο
3686 4038 3760 4109 μί·

2233 4152 2346 4206 ρος,
2405 4134 2584 4189 καίτοι
2634 4135 2848 4188 πολλῶν
2921 4135 3092 4190 ὄντων
3135 4136 3230 4190 καὶ
3289 4137 3469 4190 ἄλλων
3518 4136 3616 4190 τῶν
3664 4149 3761 4186 σννο

2232 4229 2559 4298 εργούντων.
2601 4227 2692 4280 Διὸ
2753 4227 2868 4293 καὶ,
2917 4227 3356 4296 Συνήθλησάν.
3367 4247 3490 4298 μοι,
3531 4222 3759 4296 λέγει.οὅ

2240 4317 2452 4387 μικρῶς
2479 4315 2588 4388 γὰρ
2618 4315 2742 4370 τότε
2773 4316 3200 4388 συνεκροτοῦντο
3225 4319 3280 4370 al
3325 4316 3652 4385 Ἐκκλησίαι,
3687 4309 3761 4365 ἄλ·

2231 4405 2323 4458 λου
2344 4406 2433 4460 τὸν
2465 4405 2622 4460 ἄλλον
2661 4405 2929 4476 τιμῶντος
2960 4406 3053 4459 καὶ
3095 4405 3444 4476 βοηθοῦντος.
3504 4403 3651 4458 Ἀλλὰ
3666 4400 3758 4464 νῦν,

2153 4479 2194 4534 D
2231 4497 2364 4569 φεῦι
2409 4497 2556 4560 ὅπως
2589 4497 2809 4568 ἔχομεν.
2856 4492 2948 4562 Εἷς
2982 4499 3074 4552 τδν
3104 4499 3200 4553 ἕνα
3235 4498 3632 4569 καταόἀλλομεν
3653 4493 3756 4548 ’διὰ

2228 4587 2386 4640 τοῦτο
2420 4589 2510 4641 καὶ
2549 4587 2719 4651 οὓτως
2749 4589 2944 4659 ἔχομεν
2973 4589 3229 4654 ἐναντίως
3253 4592 3368 4654 τοῖς
3397 4589 3539 4644 τότε.

2296 4696 2409 4755 Ὧν
2441 4701 2514 4756 τὰ
2542 4702 2805 4772 ὀνόματα
2833 4701 3130 4768 ὲνξβίϐλῳ
3150 4701 3318 4772 ζωῆς.
3360 4701 3544 4773 Ὁρᾷς,
3577 4700 3689 4766 ὅσην
3705 4695 3755 4747 ἀ·

2224 4792 2386 4864 ρετὴν
2412 4794 2532 4857 ταῖς
2562 4793 2780 4861 γυναιξὶ
2815 4796 3123 4865 μαρτυρεῖς
3157 4795 3223 4848 Ὃ
3252 4794 3362 4866 γὰρ
3399 4796 3517 4856 τοῖς
3564 4788 3757 4846 ἀποστό-

2224 4883 2338 4946 λοις
2364 4885 2394 4936 ὁ
2420 4883 2624 4948 Κύριος
2654 4879 2828 4950 εἶπεν,
2854 4885 2936 4938 ὅτι
2973 4887 3049 4938 Τὰ
3093 4885 3354 4954 ὀνόματα
3390 4882 3554 4952 ὑμῶν
3591 4879 3758 4948 rema-

2224 4986 2365 5026 πται
2408 4973 2477 5027 ἐν
2519 4973 2644 5040 τοῖς
2685 4975 2984 5044 οὐρανοῖς,
3010 4974 3167 5030 τοῦτο
3195 4976 3290 5030 καὶ
3319 4977 3508 5038 αὐταῖς
3531 4975 3559 5027 ὁ
3585 4971 3756 5032 Παῦλος

2227 5069 2669 5137 προσμαρτυρεῖ,
2697 5067 2838 5133 μετὰ
2863 5067 2975 5120 τῶν
3005 5067 3210 5121 λοιπῶν
3241 5069 3298 5120 ἐν
3329 5067 3495 5138 βίὸλῳ
3524 5066 3656 5133 ζωῆς
3682 5077 3754 5129 γε·

2227 5157 2469 5230 γράφθαι
2493 5158 2561 5212 τὰ
2592 5160 2860 5228 ὀνόματα,
2881 5161 3153 5226 τουτέστι,
3171 5162 3238 5230 τῇ
3287 5158 3487 5228 γνώσει
3519 5155 3608 5209 τοῦ
3641 5151 3752 5206 Θεοῦ

2222 5250 2318 5302 καὶ
2365 5251 2430 5319 τῇ
2483 5251 2777 5319 κρίσει.Ἢ
2830 5251 2927 5322 τὴν
2980 5251 3125 5322 ζωὴν
3176 5251 3370 5314 αὑταῖς
3420 5245 3752 5316 ἐπεψηφίσατο

2222 5339 2470 5392 ἐντεῦθεν
2503 5341 2626 5411 ήδη,
2654 5339 2865 5410 ῶσπερ,
2915 5340 2981 5394 '0
3004 5341 3090 5410 μὴ
3126 5342 3424 5394 πιστεύων
3447 5339 3559 5407 ἤδη
3584 5335 3748 5403 κέκρι·

2221 5447 2337 5491 ται.
2378 5433 2473 5486 καὶ
2497 5433 2638 5505 τάχα
2671 5437 2728 5489 έν
2761 5435 2927 5505 βίὅλῳ
2956 5434 3186 5488 θανάτου
3221 5436 3544 5505 γέγραπται.

2293 5544 2536 5613 Χαίρετε
2579 5547 2650 5602 ἐν
2697 5547 2892 5616 κρφιφ
2935 5546 3213 5602 πάντοτε.
3254 5547 3376 5610 Πῶς
3403 5544 3494 5599 οὖν
3525 5545 3551 5598 ὁ
3577 5542 3749 5615 Κρριος

1898 5726 2102 5787 Varia).
2129 5727 2458 5792 lectiones.

619 5835 663 5866 ¹⁹
695 5833 883 5906 ἕτερον
905 5845 957 5887 o.
1037 5830 1082 5862 ³ο
1118 5828 1381 5884 Εὑδοκῖαν
1403 5844 1456 5886 o.
1535 5829 1574 5862 "
1612 5827 2128 5900 συλλαμῦανόμενος

2163 5845 2217 5887 o.
2296 5832 2340 5863 ³⁶
2388 5834 2443 5887 δὲ
2476 5849 2522 5888 ο.
