3994 6594
493 426 630 494 1195

563 542 895 614 Quaecunque
945 559 1066 598 uera
1119 553 1264 600 sunt.
1316 542 1428 600 Hoc
1455 553 1558 614 est,
1602 543 1896 602 virtutibus
1935 546 2149 617 νινε-Λ

489 637 624 692 dita.
684 620 884 691 Vtiium
937 637 1080 691 enim
1145 635 1489 694 mendacium
1553 646 1674 706 est,
1726 646 1782 694 et
1826 635 2074 708 voluptas

486 743 624 795 t‘jtls.

559 820 890 892 Quaecunque
931 837 1108 877 severa
1157 830 1300 879 sunt.
1372 822 1457 881 Ad
1488 835 1582 881 eos
1609 822 1704 896 qui
1737 833 1951 882 terrena
1980 838 2072 881 sa-

489 916 663 983 piunt.

559 1003 896 1074 Quicumque
945 1016 1112 1059 casta.
1180 1004 1261 1060 Ad
1318 1017 1415 1061 eos
1459 1017 1689 1075 quorum
1749 1004 1884 1063 deus
1932 1020 2068 1062 ven-

489 1109 572 1152 ter
601 1107 706 1151 85!.

541 1188 898 1259 Δριιτινειιιιιιιιε
946 1187 1223 1242 amabilia.
1287 1185 1347 1242 Id
1397 1196 1499 1254 est,
1535 1188 1646 1244 Deo
1677 1196 1734 1244 et
1759 1187 2072 1246 hominibus

484 1291 658 1350 grata.
695 1279 810 1336 Hoc
840 1295 990 1347 vero,
1021 1294 1089 1336 ne
1117 1279 1397 1336 oﬂ‘endant
1422 1280 1653 1352 aliquos.

562 1379 891 1444 Quaecunque
921 1369 1043 1424 boui
1086 1370 1313 1432 nominis
1337 1386 1356 1424 ε
1389 1376 1435 1426 si
1457 1387 1561 1442 qua
1594 1373 1785 1440 virtus,
1811 1382 1862 1428 et
1889 1374 1936 1430 si
1962 1389 2068 1446 qua

483 1467 627 1518 laus.
699 1461 887 1520 Viden’
917 1461 1061 1533 quod
1089 1471 1144 1518 et
1171 1477 1358 1519 eorum
1385 1477 1509 1534 quae
1539 1464 1771 1521 attinent
1798 1467 1864 1522 ad
1896 1467 2069 1523 homi-

483 1573 579 1613 nes
615 1556 880 1612 rationem
915 1557 1116 1613 habere
1151 1568 1248 1612 eos
1277 1555 1442 1610 velit?
1466 1558 1562 1612 sed
1589 1572 1697 1612 non
1729 1558 2066 1628 simpliciter,

481 1665 668 1710 verum
703 1666 824 1706 cum
852 1653 1149 1724 appendice
1177 1652 1298 1717 hac,
1339 1649 1400 1707 Si
1427 1667 1532 1722 qua
1564 1651 1752 1708 virtus.

555 1747 686 1802 "t‘t’c
719 1747 966 1816 cogitate.
1000 1747 1135 1814 Quia
1157 1762 1189 1803 e
1217 1746 1638 1818 cegitationibus
1687 1762 1852 1818 prava
1901 1761 2066 1820 Opera

482 1850 814 1906 nascuntur,
869 1839 997 1895 llaec
1037 1840 1302 1912 cogitate,
1347 1840 1553 1910 inquit,
1603 1855 1722 1910 quin
1769 1849 1894 1895 sunt
1929 1855 2065 1910 prae-

479 1938 645 1991 dit-la.

547 2028 714 2102 456
752 2025 913 2083 Vens.
946 2027 1001 2082 9.
1043 2024 1176 2092 Qua:
1205 2035 1253 2080 et
1282 2023 1572 2092 didicistis,
1601 2035 1647 2079 et
1680 2025 1981 2095 accepistis,
2015 2031 2064 2080 et

477 2123 778 2184 audivistis,
811 2130 862 2175 et
911 2120 1120 2174 vidistis
1168 2119 1224 2173 in
1265 2135 1370 2174 me.
1415 2117 1553 2186 Quia
1601 2133 1705 2174 non
1752 2117 1949 2175 licebat
1999 2119 2064 2176 de

478 2215 732 2269 omnibus
774 2221 965 2268 exacte
1019 2213 1225 2276 dicere,
1273 2212 1338 2266 de
1389 2211 1748 2282 ingressibus,
1803 2212 2062 2278 exitibus,

481 2307 670 2374 verbo,
705 2306 913 2370 habitu,
947 2305 999 2359 in
1034 2319 1244 2359 summa
1272 2303 1449 2375 inquit
1485 2320 1498 2358 :
1534 2303 1884 2376 Quazcunque
1923 2304 2064 2360 didi-

478 2398 630 2454 cistis
661 2407 716 2453 et
744 2397 1029 2454 audivistis
1081 2411 1178 2468 per
1230 2397 1555 2461 doctrinam,
1597 2404 1653 2452 et
1687 2396 1976 2467 accepistis
2009 2396 2062 2452 in

478 2491 716 2560 scriptis,
745 2501 800 2543 et
828 2488 1036 2544 vidistis
1055 2487 1108 2543 in
1134 2503 1218 2544 me
1238 2502 1337 2558 per
1369 2488 1484 2558 ipsa
1511 2503 1698 2558 opera.
1735 2489 1864 2543 Haec
1889 2487 2059 2554 enim,

472 2592 534 2660 ut
579 2568 721 2652 saepe
751 2589 1236 2636 commemoratum
1267 2589 1375 2647 est,
1421 2581 1622 2652 optima
1670 2589 1754 2636 est
1794 2579 2061 2649 doctrina,

476 2673 712 2743 scipsum
741 2671 1017 2740 exemplar
1049 2671 1329 2727 exhibere.

547 2764 680 2819 lltcc
728 2765 886 2833 agite.
922 2763 1042 2818 Non
1091 2763 1264 2818 solum
1311 2763 1568 2834 cogitate,
1616 2773 1676 2819 ut
1723 2764 1884 2835 paulo
1937 2775 2062 2823 ante

478 2861 714 2924 dictum,
769 2870 943 2926 neque
988 2855 1152 2912 dicite
1211 2855 1591 2923 solummodo,
1648 2871 1846 2926 verum
1893 2859 2058 2916 etiam

477 2950 659 3006 facite.

548 3049 616 3104 Et
661 3048 800 3103 Deus
845 3048 991 3118 pacis
1037 3049 1136 3103 erit
1191 3049 1476 3110 vobiscum.
1516 3050 1628 3108 Hoc
1660 3061 1765 3120 est,
1818 3054 1872 3108 In
1910 3063 2060 3109 tran-

476 3143 745 3213 quillitate
797 3140 1012 3208 vivetis,
1047 3142 1091 3198 sl
1126 3143 1241 3199 bazc
1286 3143 1531 3213 egeritis.
1580 3143 1639 3200 Si
1671 3145 1816 3199 enim
1871 3160 2058 3216 pacem

477 3237 795 3302 habeamus,
830 3245 884 3292 et
915 3237 1057 3307 apud
1108 3235 1298 3303 Deum,
1356 3236 1611 3294 videlicet
1657 3253 1752 3308 per
1779 3238 2057 3304 virtutem,

475 3338 530 3385 et
561 3329 699 3398 apud
730 3326 976 3381 homines
1004 3325 1158 3398 (Cum
1189 3325 1484 3381 odientibus
1525 3326 1663 3382 enim
1680 3342 1862 3396 pacem
1885 3343 2054 3392 eram,

478 3421 685 3491 inquit,
730 3418 983 3490 paciﬁcus
1011 3420 1091 3489 ⁸³),
1148 3419 1253 3474 erit
1299 3418 1415 3490 ipse
1447 3419 1591 3475 Deus
1631 3418 1936 3474 nobiscum.
1961 3416 2061 3486 Qui

476 3514 619 3570 enim
695 3511 964 3582 fugientes
1019 3519 1302 3580 sectatur,
1352 3513 1447 3584 qui
1503 3513 1884 3569 accedentibus
1946 3525 2056 3567 non

477 3606 685 3662 aderit?

546 3699 712 3756 Vens.
752 3700 838 3756 lO.
873 3697 1104 3756 Gavisus
1151 3712 1268 3752 sum
1312 3697 1366 3751 in
1439 3695 1664 3752 Domino
1717 3697 2061 3760 vehementer,

474 3793 613 3865 quod
649 3792 860 3846 laudent
893 3789 1179 3859 aliquando
1214 3787 1530 3858 reﬂoruistis
1563 3803 1662 3857 pro
1711 3802 1792 3842 me
1845 3790 2060 3842 sentire.

475 3885 598 3938 Non
633 3883 904 3938 mundano
935 3894 1086 3936 more
1115 3879 1330 3950 gavisus
1357 3891 1502 3946 sum,
1535 3877 1728 3948 inquit,
1765 3892 1942 3947 neque
1964 3891 2062 3946 pro

475 3973 633 4042 hujus
663 3973 845 4028 saeculi
879 3973 1105 4036 ratione,
1135 3969 1253 4034 sed,
1292 3968 1354 4024 In
1376 3967 1601 4023 Domino
1620 4007 1636 4032 ,
1665 3982 1771 4024 non
1795 3969 1941 4039 quod
1961 3981 2062 4039 ego

478 4066 925 4122 refocillationem
981 4062 1286 4128 habuerim,
1341 4075 1529 4117 verum
1577 4061 1721 4131 quod
1775 4076 1873 4117 vos
1930 4075 2059 4131 pro-

476 4159 652 4232 gressi
704 4158 858 4214 estis.
907 4155 1202 4226 Propterea
1247 4163 1304 4209 et
1325 4153 1687 4210 rdehementer
1731 4153 1885 4220 dicit,
1933 4155 2060 4225 quia

475 4269 577 4325 pro
625 4253 864 4322 ipsorum
902 4249 1158 4304 utilitate.
1209 4246 1347 4304 Cum
1399 4256 1581 4301 autem
1616 4246 1687 4303 ob
1726 4248 2058 4317 praeteritum

479 4361 693 4419 tempus
737 4343 1046 4400 clanculum
1094 4355 1188 4398 eos
1219 4328 2061 4411 οιιῑυικιιεεει,ὐι’“ἱῑόᾖῖἱῆῖι’ὄ’ἔι

475 4453 693 4510 semper
738 4436 1019 4507 impertire
1065 4433 1282 4498 doceat,
1331 4430 1474 4488 idem
1534 4446 1724 4488 rursus
1769 4431 2060 4488 adumbra-

477 4533 572 4588 vit.
634 4529 766 4584 Nam
841 4526 1008 4594 istud,
1083 4524 1320 4582 Tandem
1367 4523 1676 4596 aliquando,
1724 4523 1867 4596 longi
1917 4533 2056 4580 tem-

1375 429 1952 493 THEOPHYLACTI
1985 429 2399 494 BULGARIE
2437 430 2797 496 ARCHIEP.

3598 439 3717 510 1196

2247 548 2404 604 Ὅσα
2434 549 2658 619 ἀληθῆ.
2691 548 3006 618 Τουτέστιν,
3046 548 3297 622 ὲνάρετα.
3351 549 3417 606 Ἦ
3445 551 3546 626 γὰρ
3575 558 3722 612 κακία

2173 639 2392 713 ψεῦδος,
2421 641 2580 714 καὶὴ
2615 640 2778 714 ἡδονὴ
2819 640 3014 713 αὐτῆς.

2271 821 2431 877 Ὅσα
2479 823 2695 894 σεμνά.
2733 822 2878 895 Πρὸς
2931 823 3060 888 τοὺς
3108 823 3179 879 τὰ
3225 823 3442 896 ἐπίγεια
3495 831 3723 900 φρονοῦν-

2171 930 2270 970 τας
2307 913 2409 970 (Ξ).

2330 914 2363 967 Ξ
2394 953 2409 969 .

2242 914 2401 1064 50(σά
2426 1008 2600 1081 ἁγνά.
2632 1011 2778 1084 Πρὸς
2803 1011 2950 1076 τοὺς,
2977 1003 3054 1065 ὧν
3085 1011 3115 1065 ὁ
3146 1009 3266 1076 θεὸς
3289 1012 3322 1066 it
3351 1011 3544 1066 κοιλία.

2243 1189 2402 1244 Ὅσα
2429 1189 2763 1261 προσφιλῆ.
2813 1191 3101 1259 Τουτὲστι,
3130 1191 3227 1247 καὶ
3255 1193 3376 1266 Θεῷ
3418 1197 3511 1250 καὶ
3537 1197 3719 1271 ἀνθρὼ-

2172 1297 2318 1345 ιιτοις.
2344 1281 2386 1333 Τ
2390 1279 2516 1335 οῦτο
2546 1281 2626 1348 δὲ,
2654 1281 2743 1335 διά
2763 1281 2825 1334 τὸ
2857 1282 2933 1355 μὴ
2958 1284 3324 1355 προσκρούειν
3347 1287 3479 1340 τισί.

2242 1374 2401 1428 Ὅσα
2444 1373 2685 1444 εὔφημα
2704 1390 2718 1405 ·
2743 1374 2802 1428 ετ
2827 1391 2918 1442 τις
2942 1373 3148 1446 ἀρετὴ,
3173 1377 3272 1431 καὶ
3299 1377 3357 1431 ετ
3373 1395 3464 1446 τις
3488 1379 3719 1451 ἔπαινος.

2180 1467 2366 1539 Ὁρᾷς,
2397 1467 2478 1521 ὅτι
2509 1468 2603 1522 καὶ
2630 1465 2740 1521 τῶν
2766 1469 2905 1538 πρὸς
2939 1469 3263 1541 ἀνθρώπους
3287 1477 3537 1542 προνοεῖν
3555 1477 3722 1542 αὐτοὺς

2171 1559 2451 1632 βούλεται;
2477 1559 2594 1614 ἀλλ’
2614 1560 2713 1631 οὐχ
2732 1560 2942 1628 ἁπλῶς,
2961 1561 3099 1616 ἀλλά
3117 1563 3256 1633 μετά
3271 1564 3333 1618 τὸ
3353 1567 3539 1620 εἰπεῖν’
3569 1569 3633 1621 EI
3649 1587 3723 1636 τις

2169 1652 2378 1723 ἀρετή.

2247 1744 2440 1800 Ταῦτα
2469 1745 2804 1818 λογίζεσθε.
2849 1749 3074 1821 Ἐπειδὴ
3109 1751 3221 1806 ἀπὸ
3255 1751 3477 1806 ἐννοιῶν
3504 1753 3557 1807 αἱ
3581 1771 3723 1824 πονη-

2172 1837 2266 1909 ραὶ
2287 1838 2516 1916 πράξεις
2567 1840 2838 1910 γίνονται,
2890 1842 3082 1898 Ταῦτα
3130 1843 3464 1916 λογίζεσθε,
3503 1847 3641 1916 φησι,
3669 1849 3723 1900 τὰ

2098 1907 2142 1963 Β
2169 1907 2570 2006 τεροειρημένα.

2244 2029 2312 2082 Ἀ
2345 2027 2444 2081 καί
2478 2026 2746 2100 ἐμάθετε,
2776 2030 2874 2084 καί
2897 2030 3284 2100 παρελάϐετε,
3314 2035 3413 2088 καὶ
3437 2033 3725 2102 ἠκούσατε,

2169 2118 2269 2174 καὶ
2304 2119 2496 2174 εῑδετε
2520 2120 2592 2174 ἐν
2627 2120 2780 2192 ἐμοί.
2827 2120 3044 2194 Ἐπειδὴ
3071 2123 3170 2177 οὐκ
3203 2124 3334 2196 ἐνῆν
3374 2115 3500 2196 περὶ
3540 2124 3726 2178 πάντων

2167 2210 2668 2284 ἀκριϐολογεῖσθαι,
2711 2212 2841 2284 περὶ
2869 2214 3117 2280 είσόδων,
3159 2216 3292 2286 περὶ
3325 2216 3542 2283 ἐξόδων,
3574 2218 3728 2288 ῥήμα-

2167 2319 2278 2368 τος,
2311 2303 2591 2374 σχήματος
2616 2303 2683 2368 ",
2713 2303 2772 2355 ἐν
2797 2301 3080 2374 κεφαλαίῳ
3108 2305 3276 2374 φησίν
3301 2320 3318 2334 ⁸
3351 2304 3495 2357 Ὅσα
3523 2304 3724 2373 ἐμάθετε

2168 2396 2265 2450 καὶ
2313 2394 2590 2466 ἠκούσατε
2624 2394 2713 2449 διὰ
2741 2393 3118 2461 διδασκαλίας,
3166 2395 3262 2449 καὶ
3300 2395 3628 2464 παρεὶὰϐετε
3653 2397 3728 2462 ιγ-

2166 2489 2397 2561 γράφως
2426 2487 2494 2554 ³⁸,
2520 2486 2618 2542 καὶ
2636 2487 2806 2542 εἴδετε
2831 2487 2890 2542 ἐν
2922 2487 3048 2558 ἐμοὶ
3070 2486 3137 2540 δι’
3163 2485 3348 2558 ἔργων
3373 2486 3730 2541 αὐτῶν.Τοῦτο

2165 2581 2297 2655 γὰρ,
2332 2581 2410 2645 ὡς
2439 2580 2703 2645 πολλάκις
2758 2579 3002 2652 εἴρηται,
3060 2579 3390 2635 διδασκαλία
3444 2581 3648 2652 ἀρίστη,
3677 2580 3727 2632 τὺ

2167 2673 2360 2729 ἑαυτὸν
2385 2672 2555 2726 τύπον
2587 2672 2875 2744 παρέχειν.

2242 2765 2436 2821 Ταῦτα
2473 2765 2802 2835 πράσσετε.
2845 2765 2936 2837 Μὴ
2972 2765 3132 2836 μόνον
3170 2765 3484 2836 λογίζεσθε,
3518 2767 3589 2829 ὠς
3614 2765 3730 2817 ἀνω·

2167 2858 2311 2931 τέρω
2341 2857 2586 2930 εἴρηται,
2625 2859 2763 2931 μηδὲ
2799 2857 2988 2928 λέγετε
3041 2861 3234 2930 μόνον,
3268 2860 3412 2915 ἀλλά
3449 2861 3542 2914 καὶ
3582 2860 3728 2931 πράτ-

2164 2967 2308 3007 τετε.

2241 3045 2354 3100 Καὶ
2383 3047 2416 3100 ὁ
2441 3044 2584 3114 Θεὸς
2617 3045 2728 3116 τῆς
2753 3043 3000 3115 εἰρήνης
3021 3045 3194 3101 ἔσται
3210 3047 3341 3116 μεθ’
3363 3045 3549 3116 ὑμῶν.
3589 3045 3728 3099 Τουτ-

2165 3137 2335 3204 έστιν,
2394 3136 2485 3192 Ἑν
2532 3137 2742 3211 γαλήνῃ
2787 3137 3016 3202 ἔσεσθε,
3077 3138 3174 3191 ἐὰν
3217 3137 3401 3191 ταῦτα
3455 3138 3725 3208 πράσσητε.

2179 3229 2307 3282 Ἐἀν
2335 3228 2444 3301 γὰρ
2478 3229 2871 3300 εἰρηνεύωμεν,
2922 3230 3018 3284 καὶ
3044 3231 3180 3302 πρὸς
3213 3229 3304 3284 τὸν
3335 3231 3496 3294 Θεὸν,
3530 3229 3591 3283 δι’
3616 3231 3725 3300 tipa-

2165 3321 2265 3394 τῆς
2296 3321 2535 3393 δηλαδὴ,
2577 3322 2674 3376 καὶ
2713 3321 2854 3392 πρὸς
2881 3322 3008 3384 τοὺς
3052 3322 3380 3393 ἀνθρώπους
3418 3324 3592 3395 (Μετὰ
3629 3321 3728 3374 τᾶν

2161 3415 2506 3484 μισούντων
2530 3414 2659 3485 γὰρ,
2705 3414 2860 3485 φησι,
2893 3414 3010 3483 τὴν
3048 3415 3316 3484 εἰρήνην,
3351 3416 3520 3485 ἢμην
3544 3417 3730 3483 εἰρηνι-

2167 3507 2319 3578 κὸς),
2345 3506 2497 3561 ἔσται
2525 3507 2691 3570 αὐτὸς
2723 3506 2842 3578 μεθ’
2869 3506 3042 3576 ὑμῶν.
3076 3508 3174 3570 Ὃς
3205 3505 3314 3578 γὰρ
3336 3508 3437 3561 καὶ
3459 3507 3728 3576 φεύγοντας

2164 3599 2371 3666 διώκει,
2396 3600 2511 3664 πῶς
2542 3600 2602 3654 οὐ
2639 3599 2925 3671 προσιοῦσι
2959 3599 3212 3654 συνέσται
3240 3601 3321 3666 ³⁹;

2248 3693 2511 3762 Ἐχάρην
2543 3691 2612 3746 δὲ
2643 3692 2714 3746 ἐν
2730 3692 2929 3761 Κυρίῳ
2979 3691 3278 3763 μεγάλως,
3325 3691 3422 3746 ὅτι
3449 3691 3563 3762 ἤδη
3605 3689 3731 3745 ποτὲ

2164 3783 2487 3842 ἀνεθάλετε
2507 3787 2592 3851 εις
2615 3785 2684 3840 τὸ
2711 3785 2866 3854 ὑπὲρ
2895 3784 3040 3854 ἐμοῦ
3068 3784 3337 3854 φρονεῖν.
3369 3786 3446 3840 Οὐ
3481 3783 3727 3854 κωμικῶς

2165 3879 2395 3951 ἐχάρην,
2453 3879 2642 3949 φησὶν,
2695 3877 2817 3932 οὐδὲ
2874 3876 3170 3949 βιωτικῶς,
3223 3877 3365 3942 ἀλλ’,
3411 3879 3490 3931 ἐν
3524 3878 3724 3945 Κιιρίψ

2163 3975 2262 4045 οὐχ
2281 3975 2364 4028 ὅτι
2395 3972 2704 4026 ἀνάπαυσιν
2733 3969 2892 4042 ἔσχον
2922 3970 3054 4039 ἐγὼ,
3087 3970 3202 4024 ἀλλ’
3221 3970 3304 4023 ὅτι
3333 3970 3502 4040 ὑμεῖς
3530 3970 3730 4040 προεκέ-

2162 4066 2323 4138 ψατε.
2355 4065 2456 4119 Διά
2491 4064 2650 4119 τοῦτο
2677 4063 2773 4118 καὶ
2811 4062 3085 4134 μεγάλως,
3122 4063 3204 4117 ὅτι
3229 4061 3375 4133 ὑπὲρ
3407 4063 3508 4132 τῆς
3530 4062 3727 4114 ἐκείνων

2161 4157 2452 4228 ὠφελείας.
2488 4155 2701 4225 Ἦρὲμα
2724 4153 2781 4208 δὲ
2802 4153 3137 4226 ἐπιτιμήσας
3163 4152 3307 4224 ὑπὲρ
3330 4153 3430 4207 τοῦ
3454 4150 3725 4223 παρελθόν-

2162 4268 2252 4318 τος
2283 4251 2329 4282 ⁸ο
2360 4249 2578 4321 χρόνου,
2607 4247 2681 4312 ὡς
2706 4248 2774 4304 ἂν
2801 4247 2988 4318 διδάξῃ
3030 4246 3271 4318 συνεχῶς
3311 4246 3409 4300 καὶ
3461 4243 3726 4304 διαπαντὸς

2164 4343 2502 4418 μεταδιδόναι
2528 4384 2544 4409 ,
2573 4341 2736 4398 πάλιν
2765 4341 2896 4396 αὐτὸ
2929 4339 3274 4395 συνεσκίασε.
3306 4340 3382 4393 Τὸ
3411 4340 3542 4410 γὰρ,
3591 4335 3726 4403 Ἤδη

2159 4441 2327 4510 ποτὲ,
2362 4440 2553 4512 χρόνον
2580 4439 2733 4511 δηλοῖ
2763 4436 2997 4509 μακρόν.
3031 4436 3142 4491 Καὶ
3170 4435 3252 4501 τὸ,
3297 4433 3642 4491 ’Δνεθάλετε
3661 4431 3726 4496 δὲ,

2150 4538 2236 4603 ὡς
2263 4538 2355 4591 ἐπὶ
2393 4535 2578 4606 φυτῶν
2629 4531 3057 4605 βλαστησάντων
3080 4529 3151 4596 ⁸⁸,
3183 4525 3304 4583 εἶτα
3349 4526 3726 4601 ξηρανθέντων,

476 4623 624 4694 poris
689 4621 900 4689 lapsum
973 4602 1330 4673 demonstrat.
1377 4614 1710 4687 Reﬂoruistis
1763 4627 1944 4672 autem
1975 4616 2058 4672 di-

2170 4602 2264 4684 καὶ
2317 4602 2476 4690 αὖθις
2516 4602 2950 4682 ἀναθαλλόντων.
2982 4620 3096 4675 Καὶ
3127 4621 3306 4692 ὑμεῖς,
3357 4619 3547 4691 φησιν,
3597 4615 3730 4677 ὄντες

478 4716 592 4780 xit,
651 4712 815 4768 veluti
876 4710 944 4767 de
987 4710 1226 4782 plantis,
1301 4720 1588 4781 postquam
1637 4709 2057 4780 germinassent,

478 4806 757 4872 arefactis,
789 4819 855 4858 ac
883 4805 1060 4858 denuo
1098 4801 1666 4874 repullulascentibus.
1698 4803 1768 4858 Et
1810 4817 1930 4870 vos,
1971 4803 2050 4858 in.

477 4899 614 4970 quit,
661 4911 781 4950 cum
808 4894 1002 4950 essetis
1030 4893 1232 4961 ﬂoridi,
1281 4893 1648 4960 emarcuistis,
1681 4894 1873 4950 deinde
1907 4893 2060 4950 reﬂo-

481 4988 688 5042 ruistis.
719 4983 906 5054 Itaque
931 4986 1030 5038 boc
1048 4982 1252 5054 pariter
1273 4983 1580 5053 obiurgatio
1597 4993 1680 5040 cst
1696 4993 1750 5040 et
1770 4985 1887 5040 laus
1910 5003 1923 5041 :
1951 5000 2057 5042 non

479 5079 624 5133 enim
664 5093 852 5147 parum
884 5084 989 5143 est,
1027 5092 1174 5144 eum,
1205 5077 1297 5146 qui
1333 5075 1568 5143 exaruit,
1619 5075 2056 5147 repullulascere.

481 5170 561 5226 Ne
591 5185 718 5225 vero
768 5170 1042 5227 existimet
1090 5169 1286 5239 aliquis
1330 5172 1476 5238 quod
1510 5176 1562 5224 et
1595 5167 1648 5222 in
1682 5170 1905 5241 reliquis
1941 5187 2067 5228 exa-

2165 4717 2392 4789 ἁνθηροὶ
2423 4712 2794 4788 ἑμαράνθητε,
2823 4708 2945 4767 εἶτα
2964 4709 3276 4766 ἀνεθάλετε.
3310 4708 3476 4762 ’Ὥστε
3507 4706 3596 4760 καὶ
3620 4706 3725 4757 ἑπι-

2164 4808 2389 4881 τίμησίς
2423 4808 2540 4860 ἐστι
2574 4804 2672 4860 καὶ
2718 4803 2940 4865 ἔπαινος
2976 4799 3138 4856 τοῦτο
3165 4799 3232 4855 δ’,
3267 4799 3343 4854 Οὐ
3390 4799 3504 4870 γὰρ
3553 4793 3726 4868 μικρὸν

2164 4901 2228 4956 ab
2250 4897 2596 4972 μαρανθέντα
2616 4894 2885 4966 ἀναθῆλαι
2910 4894 3094 4950 πάλιν.
3122 4893 3242 4947 Ἵνα
3263 4891 3321 4946 δὲ
3340 4891 3418 4963 μὴ
3439 4889 3632 4961 νομίσῃ
3655 4901 3726 4946 τις

2165 4995 2247 5048 δτι
2281 4992 2331 5025 ⁵⁸
2365 4991 2460 5047 καὶ
2486 4991 2546 5044 ὲν
2573 4990 2687 5051 τοῖς
2733 4986 2944 5052 λοιποῖς
2987 4984 3400 5057 ἔμαράνθησαν,
3429 4980 3722 5054 ἐπήγαγεν·

2165 5083 2273 5146 Εις
2291 5079 2358 5134 τὸ
2381 5079 2535 5147 ὑπὲρ
2556 5075 2703 5148 ἐμοῦ
2731 5075 2978 5146 φρονεῖν
2996 5091 3010 5105 ’
3029 5075 3110 5138 είς
3130 5073 3291 5128 τοῦτο
3323 5073 3485 5144 μόνον
3505 5072 3566 5127 τὸ
3585 5082 3727 5140 φρον·

2163 5173 2335 5239 ⁸ιςίζειν
2365 5187 2468 5243 μου
2497 5170 2594 5241 τῆς
2625 5166 2929 5238 ἀναγκαίας
2961 5165 3171 5238 χρείας.
3215 5165 3488 5237 Ζητητέω
3517 5162 3595 5230 δὲ,
3627 5159 3727 5222 πῶς

482 5265 728 5335 ruerint,
778 5264 990 5330 intulit,
1020 5261 1126 5317 Pro
1175 5279 1256 5318 me
1288 5261 1482 5317 sentire
1506 5278 1524 5314 :
1553 5262 1604 5316 in
1651 5262 1751 5319 hoc
1782 5264 1977 5333 solum,
2011 5275 2063 5324 ul

2166 5269 2195 5322 ὁ
2223 5267 2419 5337 λέγων,
2447 5262 2756 5334 Μακάριόν
2779 5262 2911 5318 ἐστι
2935 5259 3165 5318 διδόναι
3190 5258 3433 5330 μᾶλλον
3455 5257 3495 5328 ἢ
3523 5252 3727 5326 Jay“.

556 5416 584 5446 ι
605 5408 749 5464 Psal.
769 5422 919 5475 cstx,
947 5406 995 5463 7.

1840 5508 2036 5570 Varia:
2064 5507 2393 5570 lectiones.

1841 5525 2036 5570 νειίω
2064 5525 2393 5572 lecuones.

557 5606 601 5639 ³⁷
636 5607 882 5680 ῥήματῶ
916 5604 1173 5675 σχήματα
1195 5619 1248 5662 οο
1327 5605 1372 5638 ³⁸
1403 5604 1669 5680 ἀγράφως
1717 5622 1768 5663 ο.
1849 5608 1892 5642 ³⁹
1924 5627 2107 5664 -σεται
2144 5626 2200 5666 o.
2279 5608 2325 5641 ⁸ο
2351 5605 2619 5674 παρόντος
2649 5618 2703 5661 o.
2781 5600 2828 5635 “
2851 5599 2956 5656 τῶν
3007 5598 3276 5670 βλαστησ.
3316 5613 3371 5654 o.
3425 5591 3468 5629 δ’
3501 5585 3652 5657 οὗτος
3678 5607 3719 5646 ο.

484 5679 532 5712 ⁸³
562 5675 790 5750 νομίσῃς
815 5675 898 5729 ὅτι
927 5690 982 5730 ο.

567 5808 644 5880 (2)
664 5807 769 5880 ΔΥικ
801 5809 1039 5880 dubitari,
1061 5819 1258 5879 pmest,
1300 5811 1550 5866 mutilum
1582 5811 1668 5866 hic
1687 5824 1806 5866 esse
1833 5821 2056 5866 textum.

485 5873 637 5942 Adde
663 5873 726 5938 ἔκ
759 5880 880 5938 cod.
915 5879 971 5936 S.
1000 5873 1163 5939 Marci
1204 5873 1393 5941 Veneti
1423 5897 1438 5936 :
1474 5883 1629 5936 Ὅσα
1662 5880 1879 5936 δίκαια.
1917 5885 2059 5954 Πρὸς

2171 5812 2302 5937 ἔτους
2357 5809 2705 5874 ἀδικοῦντας.
2749 5826 2766 5862 ι
2807 5806 3158 5880 [Quwcunque
3200 5805 3372 5876 justa.
3429 5795 3506 5858 A'd
3537 5801 3722 5858 iniuste

2193 5894 2455 5937 ιιςιειιιρε.
2489 5901 2507 5933 ι
3337 5918 3340 5921 .

2193 5894 2455 5939 ιιειειιιεε.
2489 5901 2507 5933 ι
3337 5918 3340 5921 .
