3994 6578
326 424 465 498 1197

1100 428 1512 494 EXPOSITIO
1551 429 1635 493 IN
1676 429 1916 493 EPIST.
1957 430 2061 491 AD
2094 429 2427 494 PHILIPP.
2458 455 2526 468 -
2573 430 2731 495 CAP.
2773 432 2874 496 IV.

3433 431 3574 501 1198

274 599 285 616 Ι
320 561 455 600 retr
473 559 488 575 °
518 541 618 598 καὶ
643 543 808 600 πάλιν
839 542 977 616 πρὸς
1009 547 1354 618 Κορινθίους,
1385 546 1590 604 Καλόν
1614 564 1717 617 μοι
1741 544 1899 618 μᾶλ-

2004 546 2226 604 solliciti
2275 547 2397 604 sitis
2424 547 2479 603 in
2507 546 3014 604 subministratione
3061 562 3248 606 eorum
3283 566 3405 623 quae
3446 553 3582 611 mihi

317 638 435 690 λον
452 635 797 701 ἀποθανεῖν,
817 636 857 705 ἢ
875 637 942 691 τὸ
961 637 1242 708 καύχημὰ
1259 657 1402 710 μου,
1420 641 1523 693 ἵνα
1536 657 1627 705 τις
1641 641 1904 711 κενώσῃ,

321 723 420 777 νῦν
447 725 763 796 εὑρίσκεται
792 726 1124 798 λαμσάνων;
1169 731 1320 784 Ἐκεῖ
1344 731 1571 794 είκότως
1595 730 1698 786 οὐκ
1729 731 1904 802 ἐλάμ-

321 816 475 883 ϐανε,
505 817 594 872 διὰ
642 819 769 883 τοῦς
820 819 1290 890 ψευδαποστόλους
1348 823 1814 894 ὑποκρινομένους
1842 823 1905 876 τὸ

321 909 396 980 μὴ
423 911 744 981 λαμϐάνειν,
778 913 913 968 Ἵνα
942 913 1012 967 ἐν
1039 932 1107 982 ῳ,
1149 917 1304 984 φησὶ,
1343 915 1703 984 καυχῶνται,
1737 917 1903 986 εὑρε-

318 999 469 1058 οῶσι
491 1003 572 1069 ὡς
599 1002 779 1073 κάγώ.
811 1005 923 1057 Καὶ
950 1004 1060 1075 γὰρ
1097 1006 1196 1076 οὐχ
1227 1007 1414 1069 ἁπλῶς
1435 1003 1620 1061 εἶπεν·
1664 1008 1739 1061 Οὐ
1764 1025 1904 1078 φρα-

220 1164 224 1167 l
317 1095 549 1161 γήσεται
567 1095 624 1147 τὸ
637 1095 814 1166 καῦχη
825 1097 900 1167 μά
923 1113 1046 1166 μου,
1064 1097 1201 1163 ἀλλ’,
1224 1099 1329 1152 Ἐν
1357 1099 1482 1167 τοῖς
1515 1101 1768 1170 κλίμασι
1792 1100 1903 1169 τῆς

329 1184 612 1254 ’Δχαΐας·
656 1188 802 1253 ἐπεὶ,
842 1190 1087 1257 "Aul-Jac,
1120 1192 1310 1262 φησὶν,
1357 1193 1725 1261 Ἐκκλησιας
1758 1192 1902 1248 ἐσύ-

315 1279 507 1346 λησα.
587 1280 752 1334 Ὥστε
805 1283 924 1336 ἐκεῖ
978 1285 1342 1355 οἰκονομικῶς
1391 1287 1491 1340 οὐκ
1549 1285 1896 1357 ἐλάμϐανεν·

318 1367 556 1422 ἐνταῦθα
595 1371 654 1424 δὲ
697 1372 980 1444 ἀγαπητοὶ
1011 1376 1062 1428 οί
1099 1376 1334 1440 διδόντες
1393 1376 1490 1431 καὶ
1549 1377 1896 1448 ἐπιπόθητοι,

316 1456 434 1524 οὓς,
468 1461 520 1514 εί
549 1461 628 1533 μὴ
647 1461 953 1535 ἐλάμϐανεν
983 1466 1048 1534 ⁸⁸,
1077 1467 1312 1538 ἐπληξεν
1335 1467 1424 1524 ἄν.
1454 1469 1666 1532 ’Ἄλλως
1691 1485 1773 1535 τε,
1802 1472 1900 1523 καὶ

313 1550 377 1603 τὸ
407 1552 731 1623 λαμὸάνειν,
761 1558 902 1629 ὑπὲρ
937 1560 1044 1613 τῶν
1070 1560 1322 1614 διδόντων
1358 1561 1556 1631 μᾶλλόν
1585 1563 1733 1616 ἐστιν
1753 1579 1768 1594 ·
1799 1563 1897 1615 αὐ-

315 1645 403 1696 τοὶ
434 1645 546 1716 γὰρ
578 1646 622 1679 ⁵⁸
660 1648 993 1718 ὠφελοῦνται
1035 1653 1235 1722 μᾶλλον
1263 1655 1298 1724 ἢ
1321 1655 1371 1707 οἱ
1401 1653 1791 1726 λαμϐάνοντες.
1824 1655 1898 1708 Τὸ

313 1736 372 1788 δὲ
404 1736 609 1806 λέγειν,
657 1741 965 1810 Μακάριόν
1001 1744 1132 1798 ἐστι
1159 1744 1394 1800 διδόναι
1418 1747 1661 1816 μᾶλλον
1687 1746 1726 1816 ἢ
1748 1749 1898 1816 λαμ-

313 1827 546 1892 ϐάνειν,
574 1829 674 1883 οὐκ
696 1832 1066 1903 ἀπαγόρευσις
1092 1835 1278 1900 ἁπλῶς
1305 1838 1424 1890 ἐστι
1451 1835 1545 1890 τοῦ
1573 1836 1896 1908 λαμϐάνειν,

1998 1850 2098 1906 pro
2150 1833 2403 1888 dantibus
2452 1833 2624 1903 magis
2679 1842 2762 1888 est

2005 649 2134 696 Sunt
2180 640 2512 695 necessaria.
2546 641 2905 706 Quaerendum
2953 649 3131 697 autem
3160 651 3264 709 est,
3301 644 3583 711 Quomodo

2005 731 2051 786 is
2081 730 2172 800 qui
2220 728 2370 796 dicit,
2419 729 2635 784 Beatius
2681 740 2757 784 est
2804 731 2934 785 dare
2971 748 3130 803 quam
3165 736 3399 803 accipere
3421 743 3449 773 τ
3480 754 3495 790 :
3530 748 3587 792 et

2009 835 2202 877 rursus
2243 819 2306 874 ad
2351 819 2685 886 Corinthios,
2729 821 2912 876 Satius
2941 835 3015 878 est
3058 824 3188 878 mihi
3209 828 3393 894 cruori,
3421 844 3584 897 quam

2004 921 2059 964 ut
2107 910 2480 981 gloriationem
2527 926 2698 963 meam
2742 913 3022 982 quisquam
3083 928 3290 970 etvacuet
3327 930 3355 958 ι
3392 933 3407 969 :
3443 934 3587 974 nunc

2005 1005 2283 1061 invenitur
2324 1004 2609 1074 accipere?
2636 1003 2705 1058 At
2734 1005 2842 1060 illic
2871 1021 2976 1061 non
3022 1008 3220 1079 injuria
3269 1011 3401 1066 nihil
3441 1012 3594 1067 accié

2005 1097 2206 1168 piebat,
2237 1105 2460 1168 propter
2486 1098 2954 1168 pseudapostolos,
2987 1101 3149 1170 quise
3179 1103 3311 1157 nib‘il
3338 1105 3589 1175 accipere

2001 1189 2357 1255 simulabant,
2389 1186 2456 1242 Ut
2497 1188 2556 1244 in
2584 1203 2686 1259 quo
2714 1187 3032 1259 gloriantur,
3087 1193 3280 1261 inquit,
3311 1195 3588 1250 invenian-

2003 1291 2092 1335 tur
2118 1282 2252 1335 sicut
2277 1291 2326 1335 et
2352 1297 2446 1350 ego
2472 1290 2522 1336 r.
2557 1281 2768 1336 Etenim
2789 1296 2896 1336 non
2914 1282 3233 1352 simpliciter
3263 1288 3420 1353 dixit,
3463 1288 3587 1344 Non

2001 1371 2325 1444 infringetur
2355 1373 2604 1444 gloriatio
2653 1388 2792 1438 mea,
2837 1374 2953 1441 sed,
2985 1372 3052 1428 In
3074 1375 3263 1443 ﬁnibus
3292 1378 3504 1436 Achaia:
3536 1391 3587 1438 ι.

2001 1464 2164 1533 Nam,
2221 1459 2394 1530 Alias,
2451 1465 2649 1536 inquit,
2686 1466 2954 1521 Ecclesias
3004 1469 3342 1538 deprwdatus
3390 1491 3505 1528 sum
3534 1489 3587 1530 ιι.

2001 1555 2263 1612 Consulto
2337 1556 2523 1626 itaque
2584 1557 2695 1612 illic
2745 1573 2854 1612 non
2917 1560 3269 1630 accipiebat:
3324 1565 3413 1620 bic
3459 1581 3592 1622 vero

2001 1651 2184 1706 dilecti
2216 1658 2345 1705 sunt
2373 1649 2570 1706 dantes
2599 1664 2662 1704 ac
2691 1651 3113 1720 desiderabiles,
3159 1670 3188 1708 a
3243 1656 3440 1724 quibus
3481 1660 3591 1726 nisi

2001 1741 2339 1811 accepisset,
2388 1741 2755 1811 perturbasset
2833 1756 2946 1796 eos.
3012 1741 3279 1814 Insuper,
3344 1749 3593 1820 accipere

2833 1835 3092 1889 :eteuitn
3173 1838 3362 1906 majori
3439 1858 3591 1898 com-

313 1917 454 1973 ἀλλὰ
506 1920 793 1994 σύγκρισίς
845 1927 983 1993 ἐστι,
1035 1927 1096 1981 τὸ
1143 1931 1393 2000 κρεῖττον
1444 1929 1895 1984 ὁποδεικνύουσα.

2004 1927 2259 1984 moditate
2324 1924 2632 1979 alliciuntur
2683 1925 2718 1979 ii
2787 1926 2877 1994 qui
2941 1927 3070 1980 dant
3115 1943 3276 1998 quant
3310 1934 3402 2000 qui
3448 1937 3591 1989 acci-

314 2010 456 2063 Οὐδὲ
501 2013 610 2084 γὰρ
653 2017 844 2086 ἐπειδὴ
902 2018 1142 2074 καλλίων
1195 2022 1226 2074 ὁ
1276 2023 1498 2092 χρυσὸς,
1534 2023 1638 2094 ήδη
1682 2025 1896 2092 ἀπαγο-

316 2101 470 2170 ρεύει
505 2122 588 2168 τις
621 2107 684 2160 τὸ
709 2108 854 2178 ἔχειν
886 2112 1172 2186 ἀργύριον.
1209 2116 1420 2180 Ἀλλως
1453 2117 1622 2170 δὲκαὶ
1651 2118 1824 2170 ἐκεῖνο
1849 2115 1896 2148 ’⁵⁵

313 2194 450 2261 περὶ
479 2198 573 2250 τοῦ
609 2201 958 2271 ἐργάζεσθαι,
993 2207 1090 2259 καὶ
1113 2209 1176 2262 ἐκ
1191 2208 1286 2262 τοῦ
1316 2208 1478 2281 ἔργου
1511 2209 1707 2262 διδόναι
1728 2208 1896 2275 λέγει,

316 2284 417 2336 καὶ
448 2286 530 2340 δεῖ
561 2290 704 2345 οὓτω
727 2299 922 2352 ποιεῖν.
979 2299 1105 2352 Ἐὰν
1135 2300 1192 2354 δὲ
1225 2302 1300 2372 μὴ
1327 2297 1361 2376 ᾖ
1392 2302 1583 2374 καιρὸς
1608 2300 1702 2354 τοῦ
1730 2301 1896 2372 ἐργά-

315 2376 532 2472 ζεσθαι,
581 2385 797 2458 δεσμῶν
828 2392 873 2426 ’⁸⁷
914 2399 1374 2469 περιτεθειμένων
1405 2401 1437 2471 ἢ
1470 2398 1804 2472 ἀρρωστίας,
1844 2397 1898 2451 τί

341 2469 450 2545 δεῖ]
487 2483 771 2554 ποιητέον;
803 2490 863 2543 οὐ
901 2491 983 2544 δεῖ
1014 2491 1338 2562 λαμϐάνεινς
1396 2469 1556 2561 Ἑγῶί
1590 2493 1688 2562 μὲν
1721 2488 1900 2557 οἶμαι·

2001 2023 2175 2094 Ρίυηι.
2211 2019 2364 2087 Quod
2402 2032 2528 2073 vero
2571 2019 2668 2084 ait,
2719 2017 2934 2074 Beatius
2961 2019 3124 2093 457
3155 2035 3228 2076 est
3277 2023 3404 2078 dare
3431 2044 3592 2093 quant

2006 2115 2264 2183 accipere,
2307 2128 2413 2167 non
2453 2121 2537 2166 est
2579 2112 2898 2180 simpliciter
2930 2115 3241 2171 interdictio
3269 2119 3590 2189 accipiendi,

2005 2221 2194 2262 verum
2247 2203 2580 2274 comparatio
2631 2213 2754 2271 est,
2789 2219 2906 2273 quae
2958 2206 3009 2258 id
3065 2210 3208 2276 quod
3267 2211 3457 2267 melius
3508 2213 3594 2270 est

2007 2299 2396 2357 submonstrat.
2452 2295 2568 2350 Non
2611 2295 2752 2351 enim
2820 2299 2946 2367 quia
2991 2302 3167 2369 potius
3226 2314 3311 2358 est
3377 2322 3590 2379 aurum,

2007 2401 2156 2451 vetat
2206 2389 2492 2460 quisquam
2542 2403 2608 2443 ne
2656 2400 2939 2456 argentum
3011 2393 3236 2450 habeas.
3299 2395 3596 2456 Praeterea.

2011 2485 2145 2540 illud
2175 2483 2258 2538 de
2285 2481 2494 2546 labore,
2528 2488 2582 2533 et
2616 2479 2682 2534 de
2723 2479 3060 2552 eleeutosyna
3081 2499 3172 2539 -ex
3212 2502 3378 2556 opere
3411 2502 3599 2548 nostro

317 2572 497 2631 damla
538 2585 689 2651 dicit,
718 2599 878 2660 atque
909 2592 980 2647 ita
1015 2607 1143 2648 sane
1171 2592 1478 2647 faciendum
1503 2601 1606 2646 est.
1645 2588 1740 2644 Sin
1767 2603 1895 2642 vero
1929 2594 2142 2655 tempus
2165 2579 2421 2650 operandi
2455 2591 2559 2632 non
2590 2574 2771 2643 fuerit,
2807 2578 3036 2636 vinculis
3101 2581 3356 2640 nimirum
3420 2588 3598 2659 impo-

318 2674 461 2741 sitis,
491 2680 575 2732 vel
615 2684 953 2754 a-gritudine,
1005 2688 1134 2756 quid
1187 2697 1298 2742 tum
1332 2686 1680 2743 faciendum?
1731 2697 1907 2739 nonne
1947 2679 2321 2752 accipiendum
2359 2677 2486 2734 est?
2521 2677 2784 2746 Equidem
2820 2680 3034 2746 opinor.

336 2805 342 2808 -
409 2777 537 2845 Ἐφ’
569 2769 616 2843 ᾧ
648 2780 744 2833 καί
794 2780 1118 2850 ἐφρονεῖτε.
1190 2783 1503 2847 Τουτέστιν,
1564 2783 1752 2850 Εἵχετε
1813 2780 1899 2851 μὲι

2112 2775 2264 2830 Sicut
2296 2784 2342 2828 et
2375 2772 2700 2828 sentiebatis.
2741 2771 2855 2827 Hoc
2899 2783 3002 2835 est,
3037 2773 3322 2834 Gerebatis
3378 2781 3598 2849 quidem

319 2869 383 2918 ἐν
425 2870 493 2937 τῇ
527 2869 726 2941 καρδίᾳ
779 2873 879 2942 τὴν
926 2874 1055 2943 περὶ
1100 2873 1234 2943 ἐμοῦ
1269 2874 1550 2945 φροντίδα,
1593 2874 1687 2926 καὶ
1725 2873 1899 2943 ὲμεριι

2018 2869 2072 2925 in
2101 2869 2265 2925 corde
2309 2882 2406 2937 pro
2445 2881 2530 2920 me
2559 2865 3002 2930 sollicitudinem,
3038 2878 3092 2922 et
3115 2883 3211 2936 pro
3243 2886 3328 2926 me
3377 2873 3601 2929 solliciti

324 2962 502 3028 μνᾶτε
536 2962 676 3034 ὑπὲρ
707 2963 841 3034 ἐμοῦ
867 2979 880 2994 ·
919 2965 1014 3018 καὶ
1045 2965 1154 3036 γὰρ
1185 2967 1280 3021 καί⁸
1309 2967 1428 3032 ἔθος
1457 2967 1584 3038 ὑμῖν
1611 2965 1899 3037 φροντίζειπ

2019 2961 2183 3016 eratis
2213 2976 2228 3014 :
2265 2975 2386 3013 nam
2418 2967 2473 3014 et
2495 2957 2548 3012 in
2580 2973 2728 3014 more
2756 2958 2910 3015 vobis
2937 2968 3041 3026 est,
3069 2969 3124 3014 ut
3147 2975 3244 3030 pro
3278 2977 3362 3017 me
3382 2964 3601 3022 solliciti

322 3050 516 3122 [ὑπὲρ]
554 3070 676 3121 μου.

2021 3053 2161 3108 sitis.

413 3106 784 3212 ’ἠκαιρεῖσθε
812 3147 900 3200 δέ.
933 3149 1006 3201 Οὐ
1037 3148 1137 3216 τῆς
1185 3148 1460 3220 ῥᾳθυμίας
1505 3148 1685 3217 ὑμῶν,
1718 3146 1899 3218 φησὶν,

2092 3143 2211 3198 Non
2241 3144 2513 3198 habebatis
2537 3153 2711 3199 autem
2738 3147 3198 3215 Opportunitatem.
3231 3145 3345 3204 lloc
3371 3164 3476 3204 non
3510 3165 3600 3204 so-

323 3235 466 3290 ἁλλέι
498 3237 598 3306 τῆς
637 3237 886 3309 ἀνάγκης
913 3238 1100 3292 τοῦτο·
1141 3239 1445 3304 τουτέστιν,
1496 3238 1612 3295 Οὐκ
1645 3240 1820 3311 εἴχετε
1850 3242 1899 3293 ἐκ.

2012 3235 2217 3291 cordia:
2247 3245 2444 3290 vestra:
2492 3234 2634 3300 fuit,
2691 3235 2891 3304 inquit,
2942 3235 3038 3290 sed
3090 3237 3428 3294 necessitatis
3461 3238 3603 3294 :boc

322 3329 539 3397 χερσὶν,
585 3328 707 3382 οὐδὲ
761 3331 820 3382 ἐν
850 3330 1081 3402 ἀφθονίᾳ
1109 3327 1242 3402 ἦτεο
1272 3332 1381 3385 ἀπὸ
1416 3333 1513 3403 τῆς
1563 3333 1748 3403 κοινῆς
1780 3348 1899 3386 συν·

2012 3335 2120 3394 est,
2149 3323 2267 3382 Non
2296 3326 2582 3382 habebatis
2610 3326 2665 3380 in
2693 3327 2942 3383 manibus
2981 3328 3196 3391 vestris,
3220 3343 3396 3398 neque
3420 3329 3597 3385 abun-

323 3418 520 3488 ηθείας
564 3420 723 3476 τοῦτο
765 3421 968 3478 λαϐὼν.
1014 3424 1105 3488 Ὠς
1134 3425 1403 3496 λέγομεν·
1436 3425 1776 3498 Στενοχωρία
1815 3441 1899 3499 μοι

2013 3423 2226 3478 dabatis
2257 3440 2272 3477 :
2309 3437 2337 3476 a
2380 3422 2657 3477 communi
2721 3421 2975 3491 loquendi
3040 3422 3433 3477 consuetudine
3494 3423 3598 3479 boc

323 3511 556 3582 ἐπῆλθε,
591 3513 759 3579 κακὸς
792 3517 985 3588 καιρὸς
1013 3517 1108 3572 νῦν
1133 3517 1305 3572 ἐστιν.

2017 3516 2328 3573 desumens.
2366 3514 2616 3571 Solemus
2661 3515 2807 3570 enim
2855 3513 3059 3582 dicere,
3093 3514 3358 3586 Angustia
3395 3529 3479 3570 me
3511 3517 3596 3571 in-

2017 3607 2182 3671 vasit,
2213 3605 2413 3660 malum
2446 3613 2660 3674 tempus
2687 3618 2831 3660 nunc
2857 3612 2962 3660 est.

401 3699 528 3766 Οὐχ
567 3697 658 3751 ὅτι
712 3700 840 3753 καθ’
898 3697 1233 3768 ὑστέρησιν
1286 3701 1458 3772 λέγω.
1509 3697 1585 3754 Οὐ
1626 3699 1716 3753 διά
1750 3699 1899 3753 τοῦτι

2088 3697 2250 3752 Vsus.
2293 3697 2381 3751 11.
2419 3693 2544 3749 Non
2597 3696 2735 3766 quod
2781 3711 2873 3766 per
2914 3695 3197 3766 penuriam
3246 3695 3358 3751 Ιιωε
3400 3695 3599 3752 dicant.

331 3792 626 3862 μέμφομαι
669 3790 818 3863 ὑμῖν,
859 3792 936 3858 ὡς
967 3794 1025 3846 ἐν
1057 3791 1234 3865 ἐνδείᾳ
1276 3791 1370 3858 ὣν,
1425 3791 1521 3846 καὶ⁸
1562 3791 1625 3844 τὸ
1668 3791 1899 3862 ἐμαυτοῦ

2014 3787 2131 3842 Non
2179 3795 2467 3857 propterea
2499 3786 2564 3841 de
2599 3786 2751 3841 vobis
2803 3800 3132 3856 conqueror,
3181 3787 3325 3856 quod
3376 3789 3603 3857 penuria

330 3884 574 3937 σκοπῶν.
2017 3895 2210 3948 angar,
2248 3889 2410 3948 atque
2439 3893 2616 3932 meam
2645 3877 2818 3948 ipsius
2848 3893 2960 3934 rem
2990 3886 3257 3948 spectem.

415 3972 564 4042 Ἐγὼ
589 3973 701 4042 γὰρ
732 3973 974 4044 ἔμαθον,
1009 3975 1078 4028 ἐν
1107 3967 1198 4041 οἷς
1237 3976 1372 4043 ειμι,
1401 3972 1706 4043 αὐτάρκης
1734 3971 1899 4030 εἷναι.

2089 3972 2200 4043 Ego
2231 3972 2370 4026 enim
2415 3970 2599 4037 didici,
2627 3971 2680 4023 in
2710 3971 2892 4041 quibus
2914 3987 3052 4036 sum,
3082 3971 3147 4025 iis
3175 3979 3446 4025 contentus
3469 3987 3603 4028 esse.

341 4065 530 4137 Ὁρᾷς,
561 4065 642 4117 ὅτι
675 4065 1118 4136 δυσκατόρθωτόν
1143 4067 1258 4118 ἐστι
1286 4066 1346 4118 τὸ
1377 4067 1434 4120 ἐν
1459 4066 1764 4136 αὐταρκείᾳ
1792 4064 1899 4135 χαί-

2016 4064 2286 4120 Observas
2313 4062 2401 4118 hic
2433 4062 2647 4118 dillicile
2678 4076 2801 4118 esse
2831 4072 2888 4128 ut
2918 4063 3115 4135 aliquis
3145 4080 3240 4119 sua
3273 4065 3598 4121 Sulltcientia

332 4177 475 4232 ρειν,
510 4163 603 4214 καὶ
644 4161 956 4230 γυμνασίας
1001 4161 1171 4214 δεῖται
1199 4159 1293 4213 καὶ
1326 4157 1593 4230 μελέτη;;
1648 4158 1899 4225 Ἔμαθω

2019 4158 2276 4228 gaudeat,
2312 4165 2366 4211 et
2397 4157 2543 4227 quod
2574 4157 2839 4212 exercitio
2869 4165 2925 4211 et
2963 4159 3316 4215 meditatione
3346 4175 3480 4231 opus
3507 4162 3606 4216 ha-

329 4255 468 4326 γέξρ.
501 4255 688 4324 φησίν.

2015 4251 2172 4306 beat?
2205 4249 2380 4303 Didici
2403 4249 2562 4314 enim,
2590 4249 2786 4319 inquit.

399 4341 544 4398 οῖδα
565 4346 661 4398 καί
694 4344 1144 4410 ταπεινοῦσθαι,
1172 4338 1306 4398 οῖδα
1340 4342 1439 4396 καί
1504 4341 1899 4412 περισσεύειν.

2089 4342 2253 4398 Vens.
2303 4341 2391 4396 12.
2433 4339 2558 4396 Scio
2583 4350 2634 4394 et
2682 4340 2975 4406 humiliari,
3007 4342 3115 4394 scio
3148 4350 3196 4395 et
3226 4343 3519 4397 abundare.
3548 4343 3606 4398 ιιι

331 4438 618 4500 Τουτέστι,
670 4439 780 4491 Καὶ
825 4437 1030 4506 ὀλίγοις
1074 4435 1374 4508 κεχρῆσθαι
1417 4431 1556 4500 οῖδα,
1601 4435 1699 4489 καὶ⁴
1752 4435 1899 4496 λιμὸι

2022 4443 2128 4500 est,
2158 4443 2213 4490 et
2241 4435 2428 4503 paucis
2459 4433 2536 4487 uti
2567 4433 2714 4499 novi,
2747 4442 2802 4486 et
2832 4434 3026 4486 famem
3061 4435 3324 4503 perferre,
3354 4442 3409 4488 et
3433 4449 3604 4504 penu-

332 4531 634 4600 ὑποφέρειν
676 4531 772 4584 καὶ
827 4529 1071 4592 ἔνδειαν,
1116 4529 1210 4582 καὶ
1261 4522 1328 4583 αὖ
1377 4526 1745 4598 περισσεύειν.
1802 4525 1899 4578 Kal

2025 4525 2187 4589 riam,
2212 4533 2266 4579 et
2290 4537 2480 4579 rursus
2519 4524 2841 4580 exuberare.
2875 4523 3065 4591 Qualis
3103 4533 3282 4580 autem
3311 4526 3487 4582 virtus
3520 4537 3606 4582 est

338 4619 472 4672 ποία
503 4617 658 4671 τοῦτο
683 4619 874 4690 ἀρετὴ.
913 4618 972 4671 τὸ
998 4618 1196 4672 ειδέναι
1236 4616 1613 4687 περισσεύεινς
1649 4617 1758 4670 Καὶ
1785 4615 1899 4686 σφόι

2020 4617 2186 4681 istud,
2235 4617 2452 4673 novisse
2495 4615 2840 4671 exuberare?
2886 4615 3119 4673 Omnino
3158 4626 3307 4674 certe
3355 4632 3547 4688 magna
3585 4639 3600 4675 :

334 4710 439 4780 δρα
495 4709 595 4780 μὲν
655 4706 748 4763 οὖν
816 4711 1050 4780 μεγάλη.
1119 4707 1345 4772 Ιίλείους
1399 4708 1577 4780 γάρὴ
1624 4708 1899 4778 περισσεία

2022 4709 2203 4778 plures
2235 4707 2380 4763 enim
2429 4707 2763 4763 abundantia
2827 4709 3097 4765 subvertit
3155 4725 3318 4781 quam
3350 4711 3601 4780 penuria,

337 4799 744 4873 ἐκτραχηλίζει,
775 4800 808 4872 ἢ
837 4802 870 4871 ἡ
899 4799 1100 4866 ἔνδεια,
1129 4801 1208 4862 είς
1237 4799 1457 4863 πλείους
1488 4797 1790 4869 ἐπιθυμίας
1817 4798 1899 4852 καί

2029 4799 2096 4854 ad
2153 4798 2418 4869 plurimas
2483 4807 2538 4853 et
2586 4798 2851 4854 absurdae
2910 4801 3236 4870 cupiditates
3271 4803 3596 4856 accendens.

340 4893 578 4955 ἀτόπους
590 4893 909 4947 ἐκκαίουσα.
928 4891 1052 4955 Πῶς
1070 4891 1125 4944 δὲ
1139 4891 1258 4963 ᾔδει
1275 4893 1302 4944 δ
1319 4892 1529 4955 Παῦλος
1543 4890 1899 4962 περισσεύεινς

2030 4890 2315 4959 Quomodo
2345 4900 2527 4946 autem
2559 4890 2712 4946 novit
2747 4891 2949 4947 Paulus
2993 4891 3314 4948 abundare?
3341 4891 3609 4960 Quoniam

342 4983 468 5035 Ὅτι
497 4983 578 5046 είς
625 4982 819 5046 ἀλλους
866 4984 1153 5055 ἀνήλισκε,
1203 4984 1299 5036 καὶ
1329 4983 1430 5038 οὐκ
1458 4983 1681 5055 ἔχαιρεν
1718 4983 1814 5038 ἐπὶ
1845 4987 1899 5056 τῇ

2029 4983 2084 5038 in
2115 4983 2252 5040 alios
2304 4983 2674 5053 impendebat,
2730 4999 2831 5042 nec
2876 4980 3145 5057 gaudebat
3172 4983 3225 5038 in
3259 4983 3605 5053 superabun-

340 5074 630 5146 περισσεία
661 5073 726 5141 ⁸³,
768 5076 882 5129 ἀλλ’
931 5077 1042 5140 ἴσος
1085 5071 1254 5171 ἦν’ἓρ
1293 5092 1351 5128 τε
1392 5074 1679 5148 πλησμονῇ
1730 5074 1826 5129 καὶ
1857 5076 1899 5128 ἐπ

2037 5073 2244 5142 dantis,
2277 5072 2372 5131 sed
2403 5077 2628 5146 aqualis
2656 5087 2777 5133 erat
2805 5077 2859 5132 in
2887 5074 3175 5134 saturitate
3195 5083 3249 5129 et
3274 5074 3604 5144 indigentia;

340 5164 544 5236 ἐνδείᾳ,
595 5163 718 5218 οὔτε
746 5165 842 5218 ἐπὶ
887 5165 1063 5238 ταύτῃ
1111 5157 1503 5236 χαυνούμενος,
1542 5163 1667 5218 οὔτε
1722 5164 1815 5218 ἐπὶ
1848 5167 1899 5236 τῇ

2023 5184 2199 5240 neque
2242 5171 2386 5226 enim
2416 5169 2486 5227 ob
2517 5170 2660 5227 hanc
2698 5170 3003 5235 laxabatur,
3056 5182 3230 5239 neque
3257 5168 3326 5222 ob
3356 5165 3598 5237 inopiam

341 5257 524 5329 ἐνδείᾳ
552 5257 892 5325 πιεζόμενος.

2026 5263 2394 5332 premebatur.

426 5351 524 5405 Ἐν
559 5351 736 5404 παντὶ
765 5351 863 5405 καί
898 5351 968 5405 ἐν
998 5349 1148 5406 πᾶσι
1175 5351 1496 5422 μεμύημαι.
1543 5350 1632 5404 Ἑν
1663 5350 1824 5404 παντὶ
1845 5349 1899 5420 τι]

2097 5352 2166 5407 1η
2209 5354 2352 5410 omni
2390 5363 2442 5409 et
2481 5353 2534 5408 in
2567 5353 2807 5409 omnibus
2857 5352 3130 5408 institutus
3181 5368 3318 5407 sum.
3366 5352 3424 5408 ln
3453 5353 3604 5408 omni

350 5443 550 5515 μακρῷ
593 5446 791 5514 χρόνῳ,
821 5445 914 5498 καὶ
941 5447 999 5498 ἐν
1024 5445 1189 5498 παντὶ
1240 5444 1549 5515 πράγματι,
1587 5443 1684 5497 καὶ
1707 5445 1766 5496 ἐν
1791 5443 1899 5496 πᾶσ

2028 5445 2188 5516 longo
2239 5453 2479 5514 tempore
2499 5486 2515 5510 ,
2556 5456 2609 5500 et
2656 5446 2710 5499 in
2736 5445 2884 5499 omni
2921 5457 3000 5511 re,
3029 5453 3086 5498 et
3115 5445 3169 5499 in
3198 5443 3452 5504 omnibus
3481 5458 3607 5517 qua;

350 5539 464 5602 τοῖς
491 5539 939 5609 παρεμπίπτουσι
977 5539 1172 5608 πεῖραν
1214 5536 1430 5593 ἔλαϐον.

2029 5538 2209 5593 obiter
2244 5536 2512 5600 incidunt,
2540 5535 2931 5605 experientiam
2967 5535 3173 5604 accepi.

462 5662 492 5695 ν
518 5653 643 5708 Act.
675 5669 768 5719 xx,
795 5653 884 5709 55.
962 5655 1028 5708 J‘l
1059 5654 1186 5712 Cor.
1222 5669 1300 5720 ιχ,
1322 5652 1408 5707 15.
1519 5652 1612 5708 Ill
1651 5653 1776 5710 Cur.
1799 5669 1884 5720 at,

2004 5699 2005 5702 η
2117 5663 2140 5690 ι
2182 5653 2314 5709 ibid.
2345 5653 2432 5708 10.
2546 5662 2571 5692 ι
2615 5650 2745 5706 ibid.
2794 5651 2848 5705 8.

1704 5773 1905 5835 Variae
1927 5771 2266 5836 lectiones.

419 5877 687 5954 ’ξέλαϐεν
729 5890 784 5934 0.
830 5877 910 5952 ᾖ
943 5876 1038 5932 καὶ
1074 5875 1184 5948 γὰρ
1227 5890 1282 5932 o.
1359 5875 1406 5909 “
1436 5875 1611 5940 ἄλλως
1663 5893 1722 5930 τε
1775 5877 1892 5929 ἐκεῖ
1927 5890 1978 5930 o.
2055 5876 2098 5908 ⁵⁷
2136 5874 2390 5946 πολέμων
2425 5874 2520 5927 καὶ
2553 5870 2811 5944 ταραχῶν
2839 5887 2892 5930 o.
2941 5872 3016 5949 ,δε
3050 5869 3332 5943 παρρησίᾳ
3361 5883 3416 5925 ο.
