3994 6562
442 418 587 488 H99

1371 410 1960 475 THEOPHYLACTI
2001 406 2420 471 BULGARIZE
2458 398 2817 466 ARCHEEP.

3561 394 3696 460 I200

498 538 569 592 Et
618 536 830 601 satiari,
878 544 926 589 et
976 534 1200 599 esurire,
1241 539 1291 585 et
1330 530 1622 594 abundare,
1652 537 1703 583 et
1731 527 2011 598 penuriam

2188 521 2299 589 Kal
2339 517 2749 590 χορτάζεσθαι,
2770 513 2869 571 καί
2893 511 3138 583 πεινᾷν,
3167 512 3266 567 καί
3288 509 3693 581 περισσεύειν.

426 634 559 705 pati.
611 629 875 686 Israelita:
944 640 1118 695 neque
1161 624 1371 680 esurire
1426 619 2007 678 noveruntzoblocuti

425 737 553 782 sunt
599 723 741 779 enim
796 720 928 785 Deo,
977 720 1223 774 dicentes
1260 736 1273 771 :
1309 715 1583 786 Numquid
1622 714 1812 782 poterit
1866 711 2025 765 Deus

424 833 618 891 parare
665 830 897 870 mensam
926 811 997 865 h?
1041 811 1146 865 Sed
1187 823 1364 879 neque
1398 807 1605 862 satiari.
1651 805 2007 861 Manducave-

428 918 554 966 runt
583 908 751 971 enim,
775 916 832 960 et
857 903 1061 973 impleti
1091 910 1238 965 sunt,
1266 910 1318 955 et
1349 898 1784 954 reczilcitrarunt.
1809 893 2008 949 Verum

429 1002 649 1066 Paulus,
685 1008 741 1053 et
783 995 1081 1054 Christiani
1116 1008 1238 1048 sese
1293 991 1450 1046 aliter
1494 998 1711 1060 gerunt.
1747 986 2010 1042 Monstrat

430 1106 611 1148 autem
646 1105 741 1160 per
784 1091 920 1154 iure,
952 1086 1096 1156 quod
1158 1098 1335 1153 neque
1374 1090 1555 1146 antea,
1588 1096 1709 1135 cum
1745 1094 1854 1134 non
1880 1093 2010 1132 con-

430 1187 662 1249 ferrent,
716 1182 1047 1244 trislaretur,
1092 1193 1271 1249 neque
1307 1190 1473 1241 nunc,
1506 1190 1631 1229 cum
1671 1174 1885 1235 darent,
1916 1185 2011 1241 ga-

430 1279 579 1335 visus
616 1276 688 1332 sit
716 1276 954 1330 humana
993 1271 1227 1335 ratione,
1272 1267 1368 1324 sed
1392 1279 1579 1321 eorum
1613 1261 1834 1318 nomine
1864 1262 2010 1316 laeta-

431 1382 544 1428 tum
572 1384 632 1424 se
666 1367 889 1428 iudicat,
920 1379 1019 1420 ceu
1048 1362 1148 1433 ipsi
1184 1376 1280 1432 per
1319 1360 1433 1414 hmc
1468 1358 1867 1427 adjutarentur.

503 1460 671 1517 Vsus.
707 1460 793 1514 l5.
827 1455 1022 1514 Omnia
1057 1470 1272 1524 possunt
1301 1454 1358 1507 in
1394 1467 1456 1506 eo
1479 1449 1571 1521 qui
1601 1464 1682 1502 me
1707 1437 2006 1515 'confortat,

378 1582 379 1585 η
430 1554 661 1608 Christo.
712 1551 851 1617 Quia
909 1547 1187 1604 sentiebat
1236 1544 1383 1616 quod
1428 1556 1624 1614 magna
1653 1538 1822 1611 558
1850 1540 1918 1592 de
1951 1549 2012 1591 se

431 1646 648 1699 loeutus
675 1652 843 1705 esset,
874 1640 984 1695 aii:
1016 1635 1135 1693 Non
1170 1624 1348 1693 meum
1390 1650 1528 1705 opus
1565 1640 1671 1700 est,
1725 1632 1819 1686 sed
1850 1627 2011 1683 Ωιιτί-

431 1736 522 1801 sti,
550 1734 642 1804 qui
675 1731 806 1787 mihi
843 1730 1009 1786 robur
1038 1727 1209 1783 dedit.

504 1823 670 1880 Vsus.
704 1822 792 1877 14.
833 1819 1198 1875 Verumtamen
1222 1817 1347 1872 bene
1375 1814 1594 1885 fecistis,
1617 1814 2016 1870 communican-

2112 615 2213 672 καὶ
2244 612 2653 681 ὑστερεῖσθαι.
2702 610 2762 663 0i
2808 606 3143 678 Ἰσραηλῖται
3171 603 3295 659 όῦτε
3341 603 3535 674 πεινᾷν
3579 602 3698 673 ᾕδε-

2113 722 2247 758 σαν·
2305 702 2688 771 κατελὰληταν
2727 700 2835 770 γὰρ
2885 697 2979 751 τοῦ
3026 696 3188 760 Θεοῦ,
3234 695 3332 750 καὶ
3368 688 3565 747 εἶπον·
3606 693 3698 761 Μὴ

2111 793 2442 861 δυνήσεται
2475 794 2509 848 ὸ
2536 791 2681 856 Θεὸς
2726 789 3041 859 ἑτοιμάσαι
3077 785 3404 856 τράπεζαν;
3439 781 3556 839 alid
3583 784 3700 837 οὐδὲ

2111 886 2509 959 χορτάζεσθαι’
2551 885 2753 953 ἔφαγον
2817 883 2950 952 γὰρ,
3006 882 3101 934 καὶ
3140 880 3578 951 ἐνεπλήσθησαν,
3613 876 3700 930 καὶ

2114 980 2512 1035 ἁπελάκτισαν.
2560 976 2704 1031 Ἀλλ’
2734 978 2760 1029 ὁ
2792 975 3028 1038 Παῦλος,
3064 972 3234 1027 κο.ὶοὶ
3267 971 3410 1026 κατὰ
3442 968 3697 1041 Χριστὸν,

2111 1075 2210 1145 οὐχ
2238 1073 2403 1127 οὕτω.
2455 1071 2709 1125 Δείκνυσι
2737 1069 2795 1121 δὲ
2819 1069 2909 1123 διὰ
2938 1066 3169 1130 τούτων,
3205 1066 3288 1117 ὅτι
3323 1063 3450 1117 οὔτε
3504 1062 3698 1131 πρότε-

2118 1183 2231 1238 ρον,
2266 1164 2342 1236 μὴ
2365 1163 2641 1227 διδόντων,
2673 1161 2946 1227 ἐλυπεῖτο,
2978 1159 3104 1214 οὔτε
3133 1160 3251 1223 νῦν,
3276 1158 3501 1220 δόντων,
3531 1156 3696 1225 ἐχάρη

2113 1257 2442 1327 ἀνθρωπίνῳ
2474 1253 2741 1326 λογισμῷ,
2782 1253 2900 1307 ἀλλ’
2935 1252 3077 1323 ὑπὲρ
3110 1250 3310 1317 αὐτῶν,
3353 1248 3430 1313 ὡς
3460 1247 3697 1317 ὠφελου-

2117 1350 2317 1421 μένων.

2184 1440 2390 1495 Πάντα
2436 1440 2628 1508 ἰσχύω
2660 1433 2844 1501 ὲν.τῷ
2871 1433 3312 1504 ἐνδυναμοῦντ.
3347 1448 3428 1502 με
3451 1432 3697 1502 ἇριστῷ.

2127 1532 2347 1603 Ἐπειδὴ
2381 1531 2580 1603 ᾔσθετο
2627 1528 2842 1602 μεγάλα
2870 1527 3044 1581 εἰπὼν
3080 1525 3208 1596 περὶ
3245 1523 3468 1589 ἑαυτοῦ,
3501 1523 3698 1594 φησίνο

2114 1627 2229 1683 Οὐκ
2260 1626 2392 1695 ἐμὸν
2415 1625 2477 1680 τὸ
2511 1621 2870 1694 κατόρθωμα,
2912 1618 3051 1675 ἀλλὰ
3080 1617 3175 1672 τοῦ
3219 1616 3320 1689 τὴν
3353 1615 3515 1686 ltrbe
3543 1614 3698 1669 δεδωι

2113 1720 2272 1783 κότος
2294 1716 2560 1789 Χριστοῦ.

2184 1811 2360 1880 Πλὴν
2410 1808 2612 1876 καλῶς
2675 1805 3022 1873 ἐποιήσατε,
3080 1796 3699 1870 ισυγκοινωνήσαντές

433 1928 509 1977 tes
544 1916 877 1973 tribulationi
915 1930 1066 1970 mete.
1114 1912 1356 1977 Dixerat,
1389 1908 1525 1964 Νονί
1543 1923 1666 1965 esse
1697 1916 2010 1964 contentus.

2124 1924 2231 1975 μου
2266 1876 2339 1973 τῆ
2370 1904 2597 1972 θλίψει.
2654 1896 2846 1966 Εἶπεν,
2895 1900 2983 1952 ὅτι
3034 1892 3166 1949 Οἶδα
3212 1884 3697 1963 αὑτάρκης·εἶναι.

435 2009 515 2068 Ne
567 2012 737 2081 igitur
783 2016 1004 2080 propter
1038 2007 1142 2062 boc
1179 2003 1556 2074 Pbilippenses
1585 2001 2012 2068 ollenderentur,

436 2118 538 2159 ceu
580 2117 688 2158 non
740 2100 972 2157 libenter
1019 2096 1343 2167 accepisset,
1393 2109 1517 2163 quae
1555 2092 1634 2149 illi
1663 2091 2012 2157 obtulissent,

436 2196 536 2251 sed
569 2193 781 2249 inutilia
814 2193 930 2247 haec
970 2197 1279 2261 reputasset
1312 2186 1511 2259 (solent
1531 2187 1676 2243 enim
1705 2186 1899 2259 dantes
1930 2186 2011 2243 of-

436 2281 847 2354 l'cndi,|quando
870 2279 1199 2350 accipientes
1227 2285 1482 2333 asserunt
1505 2291 1567 2331 se
1588 2290 1697 2330 non
1725 2275 2014 2347 indigere),

439 2377 566 2433 huic
614 2376 692 2431 rei
753 2373 1021 2437 medetur,
1083 2368 1377 2440 inquiens:
1449 2366 1824 2423 Verumtamen
1884 2379 2018 2423 recte

440 2466 640 2540 fecistis
669 2481 688 2523 :
722 2465 832 2521 hoc
864 2471 969 2529 est,
1003 2461 1119 2518 Etsi
1152 2475 1290 2531 opus
1326 2473 1436 2516 non
1480 2458 1734 2521 habeam,
1774 2467 2017 2514 attamen

439 2560 669 2630 gratiam
695 2566 751 2613 et
775 2570 971 2611 munus
1000 2563 1242 2610 vestrum
1273 2551 1484 2622 accepi.
1516 2549 1776 2620 Expende
1809 2550 1897 2605 hic
1926 2565 2016 2605 sa-

438 2652 724 2722 pientiam,
767 2646 1039 2723 quomodo
1088 2661 1207 2702 rem
1253 2644 1489 2702 extollit.
1555 2641 2019 2699 Communicantcs

439 2746 721 2821 afﬂictioni
770 2759 922 2809 metr,
964 2740 1238 2810 inquiens,
1284 2752 1447 2808 pares
1483 2737 1632 2808 ipsos
1669 2737 1771 2793 sibi
1813 2736 2021 2792 consti-

440 2842 564 2897 tuit.
585 2837 697 2910 Ego
720 2836 958 2906 quidem,
989 2832 1187 2903 inquit,
1212 2832 1327 2885 haec
1349 2830 1560 2900 patior;
1586 2829 1711 2899 quia
1751 2843 1885 2884 vero
1915 2828 2019 2882 mei

439 2946 629 2987 curam
663 2926 942 2999 gessistis,
971 2922 1113 2978 Deus
1135 2921 1301 2976 etiam
1332 2934 1430 2976 vos
1457 2934 1554 2991 pro
1577 2919 2022 2976 colluctatoribus

440 3022 579 3077 meis
613 3027 846 3088 reputat.
887 3015 993 3070 Per
1024 3028 1088 3069 ea
1131 3012 1295 3084 igitur
1326 3024 1446 3081 quae
1487 3026 1652 3081 supra
1694 3010 1838 3066 dicta
1869 3020 2017 3075 sunt,

438 3111 635 3167 fastum
667 3123 856 3167 eorum
882 3105 1205 3176 dissipavit:
1240 3117 1337 3173 per
1366 3117 1430 3159 ea
1452 3117 1580 3158 vero
1609 3117 1729 3173 quae
1767 3116 1910 3158 nunc
1938 3101 2021 3156 di-

441 3212 662 3269 cuntur,
698 3199 1184 3273 promptitudinem
1223 3211 1413 3252 eorum
1445 3195 1789 3251 corroborat.

518 3296 687 3350 Vsus.
720 3293 809 3349 15.
845 3290 1006 3348 Scitis
1042 3296 1216 3342 autem
1239 3296 1288 3341 et
1325 3302 1436 3353 vos,
1471 3285 1855 3355 Philippenses,
1878 3285 2018 3356 quod

439 3390 496 3443 in
550 3384 805 3457 principio
881 3377 1179 3450 Evangelii,
1255 3376 1467 3447 quando
1513 3375 1778 3444 profectus
1824 3391 1939 3430 sum
1987 3392 2022 3431 a

442 3477 791 3542 Macedonia,
842 3473 993 3529 nulla
1045 3472 1175 3526 mihi
1228 3467 1469 3525 Ecclesia
1515 3467 1923 3521 communicavit
1963 3467 2023 3521 in

441 3573 652 3627 ratione
705 3566 819 3621 dati
847 3576 898 3620 et
957 3564 1175 3632 accepti,
1234 3561 1339 3616 nisi
1381 3577 1467 3614 vos
1511 3558 1634 3616 soli.
1688 3557 1827 3625 Quia
1857 3571 2020 3628 supra

440 3663 725 3720 videbatur
753 3674 848 3715 eos
882 3656 1177 3726 carpsisse,
1207 3669 1329 3711 cum
1368 3652 1601 3719 diceret,
1633 3650 1868 3706 Tandem
1915 3651 2019 3706 ali-

443 3754 655 3827 quando
689 3751 1047 3823 reﬂoruistis:
1084 3747 1364 3819 sapienter
1392 3745 1506 3814 jam
1545 3758 1693 3801 nunc
1732 3745 1837 3800 hoc
1854 3758 2021 3799 excu-

445 3856 550 3902 sat.
591 3844 706 3900 Hoc
756 3846 952 3913 ipsum,
996 3839 1193 3910 inquit,
1236 3835 1378 3907 quod
1421 3837 1568 3893 visus
1606 3849 1727 3890 sum
1774 3849 1873 3890 vos
1900 3849 2023 3890 car-

443 3953 597 4012 pere,
625 3951 735 3992 non
782 3934 887 3990 feci
923 3943 1180 4002 tanquam
1229 3928 1497 3986 voluerim
1542 3928 1839 3998 quidquam
1881 3927 2027 3982 acci-

445 4046 597 4101 pere,
627 4027 723 4085 sed
754 4026 899 4097 quod
932 4023 1224 4096 plurimum
1261 4021 1366 4077 sim
1414 4021 1569 4077 vobis
1617 4021 1875 4090 conlisus,
1910 4032 2023 4077 tum

447 4122 594 4195 quod
614 4134 711 4176 vos
738 4116 871 4174 mibi
900 4113 1016 4184 ejus
1043 4114 1124 4169 rei
1149 4127 1313 4170 causa
1344 4113 1481 4170 estis
1509 4130 1523 4168 :
1553 4113 1714 4183 primi
1748 4114 1894 4169 enim
1927 4128 2024 4169 vos

447 4216 591 4270 inter
618 4219 845 4267 caeteros
875 4208 1057 4266 conati
1084 4207 1221 4264 estis
1247 4204 1512 4262 rationem
1544 4205 1746 4261 habere
1784 4207 2025 4261 necessi-

448 4304 578 4361 tatis
602 4318 762 4359 πιθα».
803 4302 981 4371 Atque
1026 4299 1155 4356 hinc
1201 4306 1421 4369 accepta
1462 4297 1676 4364 ﬁducia,
1709 4312 1803 4353 vos
1842 4299 2026 4367 objur-

447 4411 577 4467 gare
623 4396 798 4454 visum
848 4402 954 4459 est,
1014 4400 1075 4447 ut
1118 4407 1215 4448 eos
1261 4391 1376 4461 qui,
1429 4390 1575 4461 quod
1624 4401 2025 4447 consueverant

449 4487 651 4552 facere,
673 4478 1141 4557 prsetermiserint.
1169 4483 1366 4555 Ingens
1394 4483 1558 4554 igitur
1573 4484 1880 4539 encomium
1913 4494 2019 4551 est,

2119 1998 2239 2051 Ἵνα
2298 1991 2391 2050 οὖν
2454 1994 2531 2066 μὴ
2584 1988 3054 2069 σκανδαλισοῶτιν
3101 1988 3150 2041 οἱ
3191 1983 3550 2055 Φιλιππήσιοι
3619 1981 3698 2034 ἐπ’

2115 2087 2287 2160 αὐτῷ,
2318 2087 2393 2150 ὡς
2425 2087 2501 2159 μὴ
2528 2085 2701 2158 ἡδέως
2734 2080 3018 2152 δεξαμένῳ
3051 2078 3122 2133 τὰ
3154 2077 3286 2147 παρ’
3335 2074 3543 2139 αὐτῶν,
3594 2072 3697 2126 ἀλλ’

2117 2182 2368 2253 ἄχρηστα
2407 2178 2546 2232 αὑτὰ
2577 2175 2915 2249 ἠγησαμένῳ
2965 2171 3217 2243 (εἰώθασι
3262 2169 3374 2241 γὰρ
3403 2169 3454 2222 οἰ
3478 2164 3698 2228 διδόντες

2119 2278 2607 2343 σκανδαλίζεσθαι,
2680 2273 2903 2328 ἐπειδὰν
2944 2272 2995 2325 ol
3028 2268 3400 2340 λαμϐάνοντες
3452 2264 3695 2332 λέγωσιν,

2116 2372 2303 2426 ὅτιού
2350 2370 2644 2440 δεόμεθα)⁶
2685 2365 2997 2439 ιθεραπεύει
3045 2363 3226 2429 τοῦτο,
3281 2361 3496 2429 λέγων’
3538 2356 3699 2424 Πλὴν

2094 2461 2319 2527 ’καλῶς
2363 2460 2725 2527 ἐποιήσατε-ξι
2792 2459 3096 2522 τουτέστιν,
3133 2456 3195 2509 El
3240 2453 3334 2508 καὶ
3384 2450 3464 2523 μὴ
3496 2450 3694 2519 δέομαι,

2116 2554 2233 2609 ἀλλ’
2263 2556 2413 2625 ὅμως
2438 2551 2538 2623 τὴν
2570 2550 2846 2622 ὑμετέραν
2874 2548 3037 2619 χάριν
3065 2544 3441 2613 ἁπεδεξὰμην.
3482 2542 3592 2595 Καὶ
3611 2541 3696 2610 ὅρα

2121 2648 2336 2717 σοφίαν,
2365 2647 2483 2709 πῶς
2507 2644 2798 2717 ὲπαίρειτὸ
2815 2644 3076 2712 πρᾶγμα·
3102 2634 3696 2708 Συγκοινωνήσαντές

2113 2760 2232 2813 μου
2266 2739 2339 2810 τῇ
2378 2740 2620 2808 alid-eu
2656 2737 2804 2799 ἴσους
2859 2730 3040 2804 ἑαυτῷ
3095 2730 3299 2793 αὐτοὺς
3343 2727 3692 2794 κατέστησεν.

2131 2832 2275 2903 Ἐγὼ
2309 2834 2409 2903 μὲν
2434 2830 2564 2901 γὰρ,
2610 2829 2767 2899 φησὶ,
2799 2826 2975 2880 ταῦτα
3000 2824 3229 2893 πάσχω⁶
3263 2823 3389 2874 ἐπεὶ
3420 2819 3483 2872 δὲ
3512 2821 3691 2888 ἐφρον·

2119 2927 2307 2982 τίσατέ
2349 2943 2473 2996 μου,
2500 2925 2529 2977 ὁ
2556 2924 2687 2988 Θεὸς
2738 2921 2836 2975 καὶ
2863 2921 3009 2991 ὑμᾶς
3064 2913 3403 2985 συναθλητάς
3435 2929 3542 2981 μου
3571 2909 3694 2978 λογί-

2122 3018 2298 3084 ζεται.
2329 3016 2429 3070 Διὰ
2463 3017 2561 3086 μὲν
2607 3013 2705 3067 οὖν
2742 3013 2852 3065 τῶν
2881 3011 2995 3066 ἅνω
3032 3008 3330 3080 ῥηθέντων,
3361 3003 3423 3057 τὸ
3453 3002 3691 3073 φρόνημα

2121 3109 2302 3165 αὐτῶν
2335 3108 2653 3163 κατέσπασε
2681 3105 2749 3137 δι’*
2780 3103 2869 3157 διὰ
2892 3103 2949 3156 δὲ
2975 3100 3084 3154 τῶν
3111 3097 3206 3153 νῦν
3232 3094 3571 3167 λεγομένων,
3605 3093 3687 3162 τὴν

2126 3199 2441 3271 προθυμίαν
2471 3195 2657 3249 αὐτῶν
2690 3192 3134 3266 ἀναρρώννυσιν.

2197 3290 2407 3345 οῖδατε
2436 3288 2504 3341 δὲ
2527 3285 2625 3340 καὶ
2657 3283 2847 3353 ὑμεῖς,
2877 3280 3293 3346 Φιλιππήσιοι,
3328 3278 3422 3332 ὅτι
3459 3276 3533 3332 ἐν
3551 3272 3688 3345 ἀρχῆ

2120 3384 2227 3440 τοῦ
2252 3381 2651 3451 Evam-c.1101),
2697 3377 2795 3430 ὅτε
2828 3374 3096 3445 ἐξῆλθον
3134 3372 3255 3429 ἀπὸ
3303 3370 3686 3433 Μακεδονίας,

2121 3473 2367 3544 οὐδεμιά
2394 3489 2494 3542 μοι
2561 3468 2893 3537 Ἐκκλησία
2949 3463 3358 3533 ἐκοινώνησεν
3401 3463 3492 3528 εις
3523 3459 3688 3530 λόγον

2121 3566 2346 3632 δόσεως
2391 3563 2488 3617 καὶ
2530 3561 2796 3630 λήψεως,
2819 3560 2874 3632 ei
2909 3559 2997 3628 μὴ
3040 3556 3212 3627 ὑμεῖς
3250 3556 3448 3626 μόνοι.
3496 3549 3687 3621 Ἐπειδὴ

2120 3657 2297 3711 ἐδόκει
2324 3652 2621 3724 ἐπιπλῆξαι
2645 3653 2830 3715 αὐτοῖς
2847 3651 3130 3722 ἀνωτέρω,
3159 3649 3331 3703 είπών
3348 3665 3363 3680 ο
3391 3644 3537 3714 Ἤδη
3563 3640 3688 3698 ποτὲ

2120 3748 2447 3805 ἀνεθάλετε
2467 3765 2479 3777 ·
2514 3744 2611 3799 νῦν
2634 3744 2987 3813 ἀπολογεῖται
3013 3742 3218 3812 σοφῶς,
3250 3741 3334 3795 ὃτι
3364 3738 3540 3794 Τοῦτο
3574 3734 3687 3790 αὐτὸ

2121 3842 2151 3896 ὅ
2177 3842 2331 3907 ἔδοξα
2370 3839 2691 3911 ἐπιπλῆξαι,
2736 3838 2837 3907 οὐχ
2869 3837 2946 3901 ὡς
2992 3834 3161 3889 eum
3223 3831 3547 3904 λαμσάνειν.
3586 3824 3688 3883 ἀλλ’

2124 3938 2190 3991 ἐκ
2220 3934 2316 3990 τοῦ
2349 3933 2557 4005 σφόδρα
2583 3932 2808 4004 θαρρεῖν
2829 3930 2979 4000 ὑμῖν,
3016 3929 3113 3982 καὶ
3142 3927 3301 3994 ὑμεῖς
3337 3925 3521 3979 αἴτιοι.
3548 3920 3688 3991 Πρῶ·

2124 4047 2211 4083 τοι
2240 4028 2351 4101 γὰρ
2392 4027 2503 4081 τῶν
2544 4023 2720 4079 ἄλλων
2750 4023 2911 4094 ὑμεῖς
2950 4020 3352 4092 ὲπεχειρήσατε
3398 4013 3686 4087 φροντίζειν

2124 4124 2224 4195 τῆς
2247 4121 2439 4193 χρείας
2490 4135 2618 4191 μου.
2662 4116 2772 4172 Καὶ
2801 4116 2869 4169 ἐκ
2906 4112 3100 4168 τούτου
3135 4109 3318 4165 λαϐὼν
3371 4106 3685 4180 παρρησίαν.

2127 4214 2459 4284 ἐπιτιμῆσαι
2517 4208 2673 4274 ἔδοξα
2720 4207 2873 4278 ὑμῖν,
2925 4206 3000 4270 ὡς
3050 4203 3112 4258 sb
3163 4201 3356 4263 εἰωθὸς
3409 4196 3682 4284 ὲλλείψασιἶ

2128 4272 2298 4374 Μέγα.
2343 4272 2438 4358 οὖν
2486 4302 2549 4355 τὸ
2602 4272 2913 4369 ἐγκώμιον,
2973 4297 3072 4352 καὶ
3116 4296 3200 4349 ὅτι
3227 4294 3275 4326 ⁸ο
3306 4295 3365 4346 ἐν
3412 4292 3551 4361 ἀρχῇ
3602 4272 3687 4340 τοῧ

2134 4396 2493 4468 Εὑαγγελιου,
2544 4395 2640 4450 καὶ
2686 4394 2769 4447 ὅτι
2806 4392 2869 4444 οὐ
2923 4390 3083 4462 μόνον
3140 4388 3357 4460 μένοντι
3406 4381 3532 4454 παρ’
3572 4380 3686 4450 ὑμῖν

2136 4489 2535 4563 ὲχορηγήσατε,
2565 4484 2706 4541 ἀλλὰ
2732 4482 2826 4537 καὶ
2846 4483 2935 4537 ὅτε
2959 4480 3182 4553 ἐξῆλθον
3212 4477 3320 4532 ἀπὸ
3348 4471 3684 4532 Μακεδονίας,

450 4587 506 4630 et
539 4575 684 4646 quod
715 4574 767 4628 in
800 4573 1067 4645 principio
1106 4571 1405 4643 Evangelii,
1449 4580 1506 4629 et
1530 4573 1676 4643 quod
1708 4589 1813 4630 non
1846 4574 2019 4631 solum

2129 4583 2402 4647 τουτέστι,
2471 4580 2565 4634 καὶ
2612 4581 2702 4633 ὅτε
2750 4580 2850 4650 τῆς
2883 4574 3158 4648 ὑμετέρας
3205 4570 3423 4642 ἑνορίας
3472 4564 3680 4635 ἀπὲσην.

451 4684 576 4724 cum
604 4666 743 4737 apud
768 4680 864 4722 vos
892 4680 1131 4736 agerem,
1158 4675 1430 4735 sumptum
1456 4665 1588 4721 mibi
1611 4653 2028 4736 suppeditastis,

452 4775 640 4815 verum
668 4758 831 4815 etiam
883 4756 1101 4829 quando
1130 4759 1273 4815 exivi
1302 4774 1334 4817 e
1381 4758 1714 4826 Macedonia,
1771 4759 1877 4817 hoc
1923 4770 2027 4827 est,

451 4852 671 4923 quando
698 4866 768 4908 ex
796 4862 981 4908 vestra
1014 4852 1237 4923 regione
1281 4867 1344 4908 ac
1375 4851 1574 4911 ﬁnibus
1614 4854 1863 4912 discessi.
1909 4853 2028 4911 Non

455 4946 594 4999 dixit
622 4954 826 5012 autem,
857 4942 1016 4999 Nulla
1061 4945 1193 5000 mihi
1236 4946 1479 5003 Ecclesia
1525 4948 1695 5015 dedit,
1746 4959 2028 5016 caeterum,

461 5036 629 5091 Nulla
663 5036 901 5092 Ecclesia
925 5038 1330 5093 communicavit
1362 5055 1565 5094 mecum
1599 5040 1659 5095 in
1683 5040 1885 5097 ratione
1918 5038 2031 5095 dati

451 5139 500 5184 et
527 5130 747 5199 accepti.
786 5131 995 5185 Etenim
1040 5132 1462 5188 communicatio
1492 5141 1578 5188 est
1624 5148 1710 5189 res
1740 5134 1877 5203 ipsa.
1929 5133 2031 5189 Das

455 5220 716 5284 carnalia,
746 5229 802 5275 et
828 5220 1031 5290 accipis
1062 5221 1386 5290 spiritualia,
1425 5225 1651 5291 perinde
1683 5208 1759 5279 ac
1781 5224 1911 5278 alibi
1946 5225 2030 5279 di-

456 5321 602 5366 ctum
635 5321 751 5367 est:
784 5309 843 5366 Si
871 5328 963 5367 nos
991 5312 1130 5367 vobis
1156 5313 1459 5383 spiritualia
1489 5291 1888 5382 seminavimus,
1926 5333 2034 5371 ma-

456 5419 618 5472 gnum
660 5415 734 5458 est
784 5406 830 5458 si
877 5421 970 5459 nos
1017 5421 1185 5460 vestra
1216 5406 1459 5461 carnalia
1490 5415 1750 5461 metamus
1784 5408 1854 5462 οἳ
1894 5408 2031 5463 Alia:

2128 4675 2247 4732 Οὐκ
2281 4670 2403 4728 εἷπε
2431 4671 2510 4739 δὲ,
2546 4670 2787 4741 Οὐδεμία
2815 4685 2907 4741 μοι
2944 4664 3244 4737 Ἐκκλησία
3280 4663 3530 4725 δέδωκεν,
3553 4657 3679 4719 ἀλλ’,

2132 4764 2392 4835 Οὐδεμία
2435 4780 2538 4834 μοι
2585 4760 2919 4828 Ἐκκλησία
2947 4754 3386 4822 κεκοινώνηκεν
3408 4754 3492 4818 εις
3519 4747 3683 4835 λόγον

2129 4834 2358 4923 δόσεως
2391 4855 2489 4909 καὶ
2529 4852 2798 4922 λήψεως.
2844 4849 2957 4905 Καὶ
2981 4850 3089 4920 γὰρ
3140 4843 3397 4900 κοινωνία
3425 4845 3465 4878 ⁸¹
3497 4839 3605 4894 ἐστὶ
3627 4834 3682 4888 τὸ

2132 4952 2389 5022 πρᾶγμα.
2427 4947 2597 5010 Δίδως
2652 4942 2914 5016 σαρκικὰ,
2972 4941 3069 4996 καὶ
3106 4937 3410 5010 λαμὸἀνεις
3462 4945 3684 4998 πνευμα-

2132 5042 2281 5110 τικὰ,
2301 5041 2377 5105 ὡς
2405 5024 2503 5094 καὶ
2523 5036 2755 5109 ἀλλαχοῦ
2776 5035 2866 5089 “El
2897 5032 3068 5103 ἡμεῖς
3084 5032 3225 5102 ὑμῖν
3240 5030 3314 5085 τὰ
3341 5022 3683 5096 πνευματικὰ

2133 5134 2518 5203 ἐσπείραμεν,
2541 5130 2696 5202 μέγα
2718 5129 2772 5182 εί
2796 5126 2966 5197 ἡμεῖς
2991 5115 3158 5194 ὖμῶν
3185 5124 3257 5177 τὰ
3272 5117 3519 5191 σαρκικὰ
3548 5112 3682 5181 θερί-

2135 5243 2326 5297 σομεν
2347 5242 2366 5292 ;
2399 5226 2464 5282 Αἱ
2498 5224 2657 5279 ἀλλαι
2688 5221 2868 5275 τοίνυν
2912 5217 3226 5288 Ἐκκλησίαι
3269 5215 3372 5269 οὐκ
3425 5206 3682 5273 ἐκοινώνη-

2138 5296 2236 5373 σαν
2271 5320 2351 5384 είς
2373 5319 2533 5387 λόγον
2555 5316 2755 5379 δόσεως
2782 5313 2891 5367 τῶν
2911 5309 3212 5383 σαρκικῶν,
3242 5308 3338 5362 καὶ
3366 5305 3560 5378 λήψεως
3583 5296 3680 5350 τῶν

2138 5411 2552 5483 πνευματικῶν.

459 5496 624 5567 igitur
650 5495 906 5552 Ecclesia:
941 5512 1050 5554 non
1083 5499 1553 5554 communicarunt
1586 5499 1638 5555 in
1673 5502 1889 5559 ratione
1919 5505 2159 5564 dationis
2194 5506 2517 5573 carnalium,
2554 5498 2609 5560 et
2636 5504 2974 5576 acceptionis
2996 5503 3394 5574 spiritualium.

570 5638 595 5677 ιι
628 5639 777 5693 Psal.
821 5654 1028 5705 Lxxvu,
1063 5639 1150 5695 19.
1262 5652 1282 5679 ε
1313 5642 1329 5693 l
1364 5643 1488 5698 Cor.
1525 5660 1600 5708 is,
1651 5644 1736 5697 Η.

1821 5762 2022 5824 Variae
2048 5762 2395 5827 lectiones.

528 5858 573 5891 δ’
604 5858 913 5917 κατέπαυσε
946 5874 1001 5914 o.
1054 5860 1122 5933 _'°
1159 5861 1240 5913 ὅτι
1270 5876 1329 5911 τε
1357 5876 1409 5913 o.
1488 5863 1530 5894 ⁸¹
1567 5868 1852 5927 κοινωνίας
1896 5880 1949 5921 o.
