3994 6564
403 428 534 494 ιξθι

1148 429 1560 492 EXPOSITIO
1600 430 1682 492 IN
1722 430 1968 493 EPIST.
2005 431 2106 492 AD
2142 428 2475 498 PHILIPP.
2511 460 2577 475 -
2613 440 2771 502 CAP.
2814 442 2914 504 ιν.

3515 412 3658 515 1262

465 542 585 594 Ὅτι
618 540 717 595 καὶ
744 540 814 594 ὲν
845 543 1270 614 Θεσσαλονίκῃ
1306 541 1403 598 καὶ
1431 543 1593 610 ἅπαξ
1638 543 1738 599 καί
1763 543 1860 611 δίς
1889 545 1974 611 είς

2154 545 2315 603 Vens.
2354 549 2439 605 16.
2480 551 2617 618 Quia
2649 565 2698 608 et
2750 550 3177 611 Thessalonicam
3198 555 3355 613 semel
3381 567 3432 613 et
3474 560 3551 615 bis
3600 561 3655 617 in

391 633 509 700 τήν
546 633 757 702 χρείαν
790 652 909 704 μου
938 636 1269 707 ἐπέμψατε.
1303 639 1463 707 Μέγα
1486 638 1580 692 καὶ
1610 637 1769 692 τοῦτο
1794 638 1974 692 αὐτῶν

391 724 690 796 ἐγκώμιον,
711 727 792 779 ὅτι
817 728 912 780 καὶ
938 730 996 782 ὲν
1019 731 1085 800 τῇ
1108 731 1438 801 μητροπόλει
1470 730 1798 801 καθήμενος,
1826 732 1975 802 παρὰ

388 818 492 886 τῆς
570 819 774 887 μικρᾶς
844 816 1104 890 ἐτρέφετο
1163 821 1391 886 πόλεως.
1459 823 1675 891 Χρείαν
1745 822 1857 893 γὰρ
1907 824 1976 877 τὰ

390 908 624 983 χρειώδη
664 912 1035 984 δαπανήματὰ
1056 932 1225 986 φησι·
1259 917 1447 986 χρείαν
1464 916 1543 983 δὲ,
1573 918 1635 970 οὐ
1660 918 1707 950 ⁸³
1738 917 1973 989 τρυφὴν,

390 1001 518 1056 οὐδὲ
553 1004 858 1074 σπατάλην.
1117 1043 1125 1051 -

458 1096 581 1164 Οὐχ
638 1095 727 1149 ὅτι
764 1096 1014 1165 ἐπιζητῶ
1064 1098 1132 1152 τὸ
1163 1099 1337 1170 δόμα,
1389 1101 1528 1157 ἀλλ’
1570 1102 1819 1172 ἐπιζητῶ
1869 1101 1977 1156 τόν

387 1186 627 1253 καρπόν
650 1187 759 1241 τὸν
785 1188 1188 1250 πλεονάζοντα
1206 1193 1294 1258 είς
1313 1194 1503 1264 λόγον
1523 1193 1709 1264 ὑμῶν.
1756 1194 1976 1267 Ἐπειδὴ

387 1276 648 1330 ταπεινόν
669 1294 719 1331 τι
742 1278 1064 1349 ἐφθέγξατο,
1096 1281 1305 1353 είπώνθ
1326 1287 1433 1351 Είς
1452 1286 1570 1354 τὴν
1586 1288 1797 1355 χρείαν
1811 1305 1933 1357 μου
1956 1303 1971 1318 ’

388 1366 482 1420 ἵνα
514 1368 590 1439 μὴ
637 1371 701 1423 ἐκ
747 1371 941 1426 τούτου
1001 1374 1314 1446 ὲπαρθῶσιν
1364 1377 1586 1445 ἐκεῖνοι,
1646 1380 1841 1451 φησιν·
1898 1382 1976 1435 Οὐ

390 1457 540 1527 λέγω
566 1460 756 1528 ταῦτα,
789 1464 873 1519 ὅτι
905 1466 1153 1536 ἐπιζητῶ
1188 1467 1284 1534 τὰς
1316 1470 1470 1541 ὑμῶν
1501 1472 1698 1536 δόσεις,
1727 1474 1863 1526 ἀλλὰ
1889 1474 1978 1528 διὰ

382 1550 450 1604 ’τὸ
478 1552 608 1622 ύμῖν
640 1556 940 1627 συμφέρον,
997 1559 1083 1612 ἵνα
1122 1560 1284 1632 ὑμεῖς
1331 1563 1545 1634 καρπὸν
1595 1566 1887 1637 ἐνέγκητε·
1917 1567 1978 1631 ὃς

389 1643 608 1715 καρπὸς
679 1649 761 1712 είς
816 1646 976 1718 λόγον
1050 1651 1206 1722 ὑμῶν
1259 1654 1415 1709 ἐστι·
1475 1656 1779 1723 τουτέστιν,
1834 1659 1979 1727 ὑμᾶς

386 1734 610 1802 ὠφελεῖ,
660 1738 844 1812 Ὁρᾷς,
901 1742 983 1796 ὅτι
1011 1744 1167 1798 αὐτοὶ
1201 1744 1512 1816 ὠφελοῦντο
1540 1749 1589 1783 ³³
1615 1750 1681 1805 ἐκ
1708 1750 1802 1805 τοῦ
1834 1769 1977 1824 παρ-

391 1844 579 1898 εχειν;
1798 1882 1805 1888 .

475 1920 694 1991 Ἀπέχω
723 1923 792 1979 δὲ
818 1924 1018 1981 πάντα
1041 1928 1137 1982 καὶ
1157 1930 1517 1999 περισσεύω.
1556 1934 1777 2009 Ἐπειδὴ
1800 1932 1976 2005 εἶπεν,

390 2013 477 2066 Οὐ
509 2012 660 2101 ζητῷ
691 2029 706 2045 ’
733 2017 821 2070 ἵνα
856 2019 929 2090 μὴ
959 2020 1121 2074 πάλιν
1149 2021 1559 2094 ῥᾳθυμοτέρως
1607 2029 1813 2101 ποιήσῃ
1847 2030 1978 2101 (ὅσῳ

387 2104 503 2197 γαρ
540 2105 608 2197 ἂν
635 2099 740 2160 ὦσι
773 2109 1241 2184 φιλοσοφώτεροι,
1275 2117 1516 2191 τοσούτῳ
1559 2123 1654 2174 καὶ
1688 2099 1978 2197 τὰςῄπαρα

385 2195 501 2248 τῶν
549 2194 608 2251 εὖ
660 2200 945 2257 παθόντων
1013 2205 1365 2277 εὐχαριστίας
1423 2211 1775 2283 ἐπιζητοῦσιν
1821 2216 1871 2268 οἱ
1910 2194 1976 2270 τεῦ

386 2288 714 2358 ποιοῦντες),
774 2295 939 2364 φησιν
963 2311 977 2326 ·
1023 2297 1254 2368 Ἀπέχω
1302 2300 1374 2354 δὲ
1397 2300 1596 2357 πάντα
1634 2306 1734 2359 καὶ
1771 2318 1978 2377 περισ-

378 2379 588 2435 σεύωο
619 2383 888 2450 τουτέστι,
941 2387 1037 2440 Διὰ
1072 2387 1282 2459 ταύτης
1314 2391 1414 2461 τῆς
1443 2391 1665 2459 δόσεως,
1702 2393 1763 2447 οὐ
1809 2395 1973 2464 μόνον

383 2470 461 2524 τὰ
491 2472 840 2544 ἐλλειφθὲντα
871 2474 1253 2550 ἐπληρώσατε,
1286 2481 1423 2537 ἀλλὰ
1462 2485 1557 2538 καὶ
1581 2486 1975 2559 ὑπερεϐάλετε.

385 2563 577 2619 Εἰπὼν
605 2566 663 2619 δὲ
715 2568 777 2622 τὸ
807 2569 875 2635 ⁵⁸,
923 2572 1170 2642 Ἀπέχω,
1207 2573 1283 2639 ὡς
1325 2574 1418 2628 ἐπὶ
1469 2575 1711 2651 όφειλῆς,
1765 2579 1852 2633 ἵνα
1900 2582 1976 2652 μὴ

383 2655 753 2729 ἑπαίρωνται.
786 2661 950 2716 πάλιν
982 2663 1253 2734 ίλαρύνων
1281 2666 1575 2736 δείκνυσιν,
1606 2670 1689 2724 ὅτι
1719 2670 1812 2724 καὶ
1836 2670 1977 2743 ὑπὲρ
2032 2670 2037 2675 ’

386 2748 615 2821 ὀφειλὴν
651 2748 918 2824 ἔπραξαν,
950 2757 1187 2828 περισσὰ
1215 2757 1552 2830 πέμψαντες.

462 2933 893 3004 Πεπλήρωμαι,
947 2935 1276 3007 δεξάμενος
1330 2940 1489 3010 παρὰ
1548 2943 1977 3013 Ἐπαφροδίτου

394 3020 467 3074 τὰ
490 3024 627 3091 παρ’
655 3023 842 3094 ὑμῶν,
898 3026 1102 3096 ὀσμὴν
1152 3030 1424 3099 εὐωδίας,
1479 3036 1702 3091 θυσίαν
1730 3037 1974 3107 δεκτὴν,

389 3114 721 3182 εὐάρεστον
752 3118 831 3184 τῷ
886 3119 1029 3186 Θεῷ.
1080 3122 1288 3178 Βαϐαίι
1347 3125 1452 3180 ποῦ
1487 3127 1548 3180 τὸ
1577 3127 1750 3200 δῶρον
1795 3131 1975 3185 αὐτῶν

2003 1884 2053 1944 Β

2079 655 2235 694 usum
2276 643 2406 697 mihi
2456 645 2696 700 misistis.
2734 645 2982 718 Magnum
3015 657 3069 703 et
3101 649 3205 703 hoc
3236 650 3475 718 ipsorum
3519 666 3658 720 prae-

2078 735 2292 788 conium
2331 746 2437 800 est,
2479 739 2621 806 quod
2651 740 2702 792 in
2740 742 3021 810 metropoli
3048 757 3237 814 agens,
3271 758 3299 798 a
3333 760 3498 815 parva
3540 745 3656 800 ale-

2077 826 2240 879 batur
2307 829 2549 886 civitate.
2609 830 2774 886 Usum
2824 834 2969 888 enim
3021 838 3361 891 necessarios
3408 847 3657 908 sumptus

2079 920 2353 986 appellat:
2383 923 2786 992 necessitatem,
2820 925 3064 996 inquam,
3096 941 3202 984 non
3236 928 3463 987 delicias
3482 947 3656 1003 neque

2078 1010 2283 1066 luxum.
2518 1038 2521 1041 ·
3131 1038 3137 1045 -

2149 1105 2316 1162 Vens.
2352 1108 2443 1163 17.
2481 1106 2605 1163 Non
2641 1109 2782 1180 quod
2827 1126 3006 1181 quaero
3057 1113 3266 1177 datum,
3304 1117 3396 1170 sed
3446 1117 3656 1188 requiro

2077 1198 2310 1267 fructum
2355 1200 2709 1256 abundantem
2754 1202 2815 1256 in
2871 1204 3129 1259 rationem
3183 1204 3349 1279 459
3401 1218 3653 1262 uestram.

2078 1288 2215 1357 Quia
2257 1291 2461 1347 humiie
2494 1292 3113 1364 quiddam‘prolocutus
3149 1305 3286 1359 erat,
3336 1297 3545 1361 dicens.
3586 1297 3651 1354 In

2077 1399 2230 1438 usum
2266 1401 2440 1439 meum
2467 1402 2486 1440 :
2521 1401 2587 1440 ne
2618 1401 2684 1441 ex
2723 1386 2828 1443 hoc
2873 1385 3170 1443 eiieranlur
3216 1388 3314 1454 illi,
3360 1387 3478 1445 Non
3518 1391 3654 1458 hzec,

2078 1476 2280 1545 inquit,
2311 1477 2455 1541 dico.
2486 1478 2630 1549 quod
2660 1480 2931 1549 inquiram
2962 1489 3143 1537 vestra
3167 1481 3333 1546 dona,
3365 1483 3459 1538 sed
3489 1485 3657 1538 vestri

2078 1571 2348 1625 commodi
2391 1585 2580 1638 causa,
2613 1582 2671 1627 ut
2703 1587 2801 1627 vos
2840 1572 3076 1628 fructum
3114 1571 3389 1640 referatis,
3427 1574 3523 1645 qui
3551 1574 3658 1630 fru-

2079 1668 2200 1716 ctus
2229 1660 2283 1716 in
2312 1663 2581 1717 rationem
2615 1674 2853 1719 vestram
2881 1674 2985 1729 est,
3034 1664 3137 1720 hoc
3165 1675 3269 1731 est,
3308 1666 3461 1723 vobis
3501 1683 3657 1723 com-

2082 1752 2283 1805 modat.
2337 1751 2523 1808 Viden’
2568 1754 2719 1823 ‘quod
2760 1753 2861 1824 ipsi
2912 1755 3091 1810 dando
3134 1756 3423 1810 utilitatem
3472 1771 3661 1827 perce-

2081 1844 2308 1912 perunt?

2158 1933 2315 1987 Vens.
2361 1934 2444 1990 18.
2492 1935 2673 1990 Habeo
2707 1945 2885 1990 autem
2913 1938 3111 2002 omnia,
3155 1950 3203 1992 et
3244 1939 3477 1995 abundo.
3519 1936 3695 2007 Quia'

2080 2025 2235 2089 dixit,
2284 2024 2408 2081 Non
2442 2043 2619 2098 quazro
2643 2043 2662 2082 :
2697 2043 2765 2083 ne
2818 2044 3009 2086 rursus
3060 2044 3155 2086 eos
3188 2032 3444 2087 socordes
3484 2033 3658 2103 magis

2080 2118 2273 2173 reddat
2313 2119 2540 2190 (quanto
2573 2121 2716 2177 enim
2755 2121 2956 2177 iuerint
2989 2123 3269 2195 sapientia:
3296 2122 3657 2181 studiosiores

2079 2212 2116 2269 ii
2135 2214 2225 2284 qui
2245 2213 2610 2283 benefaciunt,
2633 2226 2782 2273 tanto
2804 2218 3062 2287 majorem
3081 2229 3329 2289 quaerunt
3353 2221 3656 2292 gratiarutn

2080 2306 2346 2361 actionem
2370 2306 2440 2361 ab
2466 2306 2534 2362 iis
2560 2307 2755 2379 quibus
2777 2308 3041 2364 beneﬁcia
3074 2309 3517 2381 impertiuntur);
3547 2310 3659 2365 Ha-

2078 2397 2192 2463 beo,
2236 2397 2432 2467 inquit,
2465 2401 2665 2464 omnia,
2700 2408 2750 2454 et
2780 2398 3008 2454 exubero
3041 2416 3059 2456 :
3090 2400 3141 2456 id
3172 2410 3278 2465 est,
3311 2398 3427 2456 Hoc
3471 2411 3657 2456 vestro

2079 2487 2223 2542 dono
2255 2489 2451 2545 nedum
2495 2505 2615 2560 quae
2645 2492 2803 2547 nobis
2843 2492 3130 2548 defuerant
3160 2492 3430 2562 replestis,
3467 2507 3656 2548 verum

2079 2590 2131 2635 et
2164 2596 2326 2650 super
2364 2582 2661 2653 adjecistis.
2704 2583 2899 2639 Dicens
2928 2592 3133 2650 autem,
3161 2585 3366 2652 "abeo,
3396 2596 3654 2656 tanquam

2080 2671 2145 2726 de.
2186 2672 2392 2739 debito,
2445 2688 2514 2728 ne
2550 2675 2748 2729 c'ristas
2797 2674 3029 2744 erigant,
3080 2690 3309 2731 rursum
3342 2675 3657 2731 exhilarans

2078 2765 2343 2825 ostendit,
2377 2765 2518 2833 quod
2549 2765 2690 2820 ultra
2727 2767 2886 2821 etiam
2919 2766 3158 2823 debitum
3182 2765 3432 2831 fecerint,
3466 2783 3657 2838 supcr-

2081 2856 2185 2912 ilua
2217 2859 2507 2913 mittendo.

2153 2950 2400 3021 Repletus
2428 2969 2565 3016 sum,
2598 2962 2939 3024 posteaquam
2975 2955 3150 3018 accepi
3185 2954 3249 3008 ab
3294 2952 3657 3024 Epaphrodito

2040 3064 2045 3065 ί
2077 3036 2195 3110 qua:
2240 3041 2479 3106 misistis,
2518 3042 2731 3097 odorem
2769 3044 3066 3110 suavitatis,
3097 3044 3328 3099 hostiam
3363 3055 3653 3113 acceptam,

2078 3128 2494 3198 bencplacentem
2527 3131 2654 3187 Deo.
2685 3131 2872 3201 Papae!
2911 3132 3157 3200 Quonam
3182 3132 3385 3190 donum
3413 3132 3653 3208 ipsorum

391 3205 675 3295 ἀνήγαγεν
703 3209 715 3261 l
751 3209 868 3264 Οὐκ
900 3212 1030 3281 ἐγὼ,
1067 3215 1254 3283 φησὶν,
1302 3215 1519 3282 ἔλαϐον,
1555 3219 1672 3273 ἀλλ’
1693 3221 1723 3273 ό
1743 3220 1876 3286 Θεὸς
1904 3222 1974 3277 δι’

2081 3221 2289 3276 evexit!
2322 3221 2437 3276 Non
2468 3236 2587 3292 ego,
2622 3222 2817 3292 inquit,
2853 3224 3064 3292 accepi,
3102 3223 3200 3280 sed
3246 3227 3387 3281 Deus
3420 3205 3515 3295 per
3547 3242 3651 3281 me.

391 3293 550 3362 ἐμοῦ.
590 3295 751 3351 Ὥστε
803 3300 908 3354 κᾶν
935 3301 1048 3369 ἐγὼ
1085 3303 1160 3376 μὴ
1196 3303 1401 3375 χρῄζω,
1438 3305 1513 3379 μὴ
1547 3308 1758 3377 μελέτω
1791 3312 1923 3383 ὑμῖν
1950 3329 1965 3344 ο

388 3386 513 3439 ἐπεὶ
540 3387 659 3441 οὐδὲ
691 3393 719 3443 ό
754 3390 887 3454 Θεὸς
918 3392 1180 3465 ἔχρῃζεν·
1215 3397 1335 3451 ἀλλ’
1368 3399 1518 3468 ὅμως
1554 3400 1730 3466 οὕτως
1773 3404 1971 3460 ἀπεδέ-

393 3477 544 3547 ξατο,
579 3480 656 3545 ὡς
686 3484 779 3536 καὶ
808 3483 907 3556 τὴν
943 3487 1167 3559 Γραφὴν
1208 3492 1415 3545 εἰπεῖν·
1458 3492 1582 3567 Ῑὼς]
1622 3496 1969 3570 Ὠσφράνθη

389 3572 606 3666 ιςύριος
634 3574 1102 3646 όσμὴνεὺωδίας
1129 3597 1143 3613 ·
1173 3582 1260 3636 ἵνα
1281 3585 1356 3655 μὴ
1387 3586 1722 3654 ἀκούσαντες
1746 3592 1971 3666 ἀνενδεῆ

390 3657 532 3717 εἶναι
558 3665 652 3719 τὸν
697 3667 851 3734 Θεὸν,
908 3672 1279 3746 ρᾳθυμότεροι
1308 3679 1437 3748 ’περὶ⁸
1470 3680 1532 3733 τὸ
1558 3680 1760 3737 διδόναι
1796 3657 1970 3753 γενὼλ

393 3755 555 3825 μεθα.
1750 3800 1755 3807 .

474 3851 537 3903 '0
570 3851 640 3905 δὲ
666 3854 811 3921 Θεός
828 3873 948 3925 μου
977 3860 1291 3929 πληρώσαι
1310 3864 1519 3920 πᾶσαν
1544 3869 1755 3936 χρείαν
1779 3868 1967 3940 ὑμῶν,

390 3942 547 3997 κατὰ
594 3946 702 3998 τὸν
734 3949 1025 4030 ’πλοῦτον
1054 3954 1263 4021 αὐτοῦ,
1301 3957 1370 4010 ἐν
1413 3957 1583 4029 δόξῃ,
1616 3960 1687 4015 ἐν
1736 3962 1971 4030 Χριστῷ

400 4031 625 4100 Ἰησοῦ.
670 4028 893 4111 Ἐπειδὴ
925 4039 1077 4095 εἶπεν
1104 4042 1236 4115 ἄνω,
1269 4047 1350 4101 ὅτι
1379 4028 1776 4117 Ἡκαιρεῖσθεο
1816 4071 1972 4109 τουτ⁴

388 4124 575 4194 ἐστιν,
675 4131 1199 4206 Ἐστενοχωρεῖσθεο
1258 4139 1555 4212 ἐπεύχεται
1604 4144 1702 4198 νῦν
1761 4146 1968 4216 αὐτοῖς,

388 4216 528 4312 {itare
583 4223 640 4275 ὲν
680 4225 986 4299 αὐταρκείᾳ
1044 4225 1207 4286 εἶναι.
1257 4235 1321 4288 Ei
1375 4235 1475 4305 μὲν
1527 4236 1637 4307 γὰρ
1691 4240 1970 4312 φιλόσοφοι

387 4307 553 4381 ἦσαν,
587 4316 689 4370 οὐκ
725 4317 792 4371 ἂν
836 4321 1019 4386 αὐτοῖς
1047 4322 1116 4376 τὰ
1151 4329 1444 4396 σωματικὰ
1490 4331 1764 4402 ἐπηύξατο
1786 4350 1799 4365 ο
1847 4337 1972 4391 ἐπεὶ

387 4402 446 4456 δὲ
479 4403 726 4474 βιωτικοὶ
775 4411 1073 4481 ἄνθρωποι,
1108 4417 1204 4470 καί
1255 4435 1378 4473 τινα
1411 4406 1709 4494 ἐπιθυμίαν
1737 4428 1831 4480 καὶ
1862 4427 1971 4482 τῶν

2074 3313 2306 3371 Proinde
2356 3315 2569 3372 etiamsi
2620 3330 2721 3387 ego
2759 3328 2867 3371 non
2920 3317 3216 3385 indigeam,
3253 3332 3321 3372 ne
3378 3319 3450 3373 sit
3510 3333 3655 3374 curre

2076 3405 2265 3462 vobis:
2312 3406 2752 3477 quandoquidem
2798 3420 2976 3478 neque
3022 3406 3168 3463 Deus
3221 3406 3524 3478 indtgebat,
3576 3410 3656 3461 sic

2076 3508 2255 3553 tamen
2282 3499 2511 3568 accepit,
2536 3507 2597 3553 ut
2640 3506 2695 3554 et
2741 3497 3023 3569 Scriptura
3061 3500 3224 3566 dicat,
3274 3500 3547 3555 Oderatus
3580 3510 3655 3555 est

2075 3589 2332 3646 Dominus
2391 3592 2606 3646 odorem
2663 3590 3048 3675 suavitatisd:
3108 3606 3213 3656 ne,
3268 3593 3313 3648 si
3369 3593 3655 3648 audiamus

2075 3683 2243 3739 Deum
2291 3684 2454 3740 hisce
2509 3700 2613 3740 non
2670 3701 2852 3756 egere,
2889 3684 3170 3757 segniores
3221 3687 3272 3740 in
3308 3685 3487 3741 dando
3539 3684 3656 3741 etii-

2073 3777 2305 3832 ciamur.

2147 3867 2312 3923 Vens.
2349 3869 2434 3926 19.
2468 3868 2611 3924 Deus
2660 3879 2834 3923 autem
2888 3885 3032 3924 meus
3075 3869 3290 3939 impleat
3327 3885 3529 3924 omnem
3567 3885 3655 3922 ne-

2073 3962 2367 4016 cessitatem
2400 3969 2646 4027 uestram,
2695 3965 2976 4016 secundum
3023 3961 3243 4017 divitias
3277 3977 3426 4028 suas,
3457 3960 3512 4015 in
3542 3958 3656 4029 glo-

2072 4056 2177 4118 ria,
2212 4057 2267 4110 in
2299 4055 2510 4110 Christo
2547 4055 2698 4111 Jesu.
2749 4056 2883 4111 Cum
2916 4054 2970 4111 in
3009 4056 3387 4126 superioribus
3417 4054 3653 4120 dixerat,

2074 4141 2200 4199 Non
2224 4143 3012 4216 habebatisopportunitatem,
3069 4144 3173 4199 hoc
3228 4154 3332 4210 est,
3380 4143 3549 4200 eratis
3600 4143 3656 4199 in

2073 4237 2344 4308 angustia,
2387 4245 2643 4308 precatur
2688 4251 2831 4291 nunc
2871 4245 2930 4291 ut
2976 4244 3031 4291 et
3074 4235 3178 4306 ipsi
3220 4236 3353 4291 satis
3393 4235 3651 4290 habeant.

2070 4328 2207 4385 Nam
2238 4331 2283 4386 si
2315 4330 2622 4402 philosophi
2664 4327 2920 4392 fuissent,
2953 4342 3060 4382 non
3097 4336 3474 4395 comprecatus
3507 4340 3655 4383 esset

2072 4424 2155 4477 eis
2183 4422 2507 4491 corporalis.
2544 4421 2679 4491 Quia
2718 4435 2849 4475 vero
2869 4428 3027 4474 erant
3055 4419 3305 4475 homines
3334 4417 3496 4486 hujus
3525 4420 3654 4475 vitae

390 4496 677 4566 παρόντων
727 4500 964 4571 ἔχοντες,
995 4507 1290 4579 ἐπεύχεται
1339 4512 1524 4576 αὐτοῖς
1559 4518 1961 4584 συγκαταϐατι-
1990 4529 2046 4589 Ῑ)
2077 4514 2306 4581 ιιθκοιὶῖε
2335 4513 2610 4583 οοουρειιί,
2650 4520 2815 4581 at(ille
2844 4511 3081 4580 θιῑίιιιίηιι
3105 4510 3267 4567 eum“
3290 4524 3470 4566 rerum
3506 4526 3651 4581 Ραθ-

388 4586 521 4652 κῶς,
558 4590 617 4643 ού
652 4594 968 4681 περισσείαν
1000 4598 1032 4668 ἢ
1062 4600 1294 4672 τρυφὴν,
1349 4604 1487 4659 ἀλλὰ
1536 4608 1645 4661 τῶν
1687 4611 1963 4681 χρειωδῶν

392 4681 679 4771 εὐπορίαν.
739 4677 1064 4755 Πληρώσαι
1115 4692 1241 4763 γὰρ,
1298 4696 1452 4767 φησὶ,
1501 4677 1969 4771 πᾶσαν-ηχρείον

387 4770 577 4865 ὑμῶν,
629 4773 787 4831 ὥστε
811 4779 900 4846 μὴ
933 4776 1085 4834 εἶναι
1112 4783 1185 4837 ἐν
1222 4785 1443 4856 ἐνδείᾳ.
1477 4787 1632 4854 Εἶτα,
1668 4770 1864 4865 ἵναμὴ
1888 4813 1971 4848 νο-

390 4864 623 4932 μίσωσιν
660 4867 742 4920 ὅτι
771 4875 1165 4943 στενοχωρήσει
1196 4878 1416 4944 αὐτοὺς,
1455 4882 1615 4937 Κατὰ
1645 4884 1753 4939 τὸν
1783 4887 1972 4941 πλοῦ-

386 4971 496 5008 τον
525 4960 735 5026 αὐτοῦ,
772 4964 938 5032 φησί·
980 4970 1254 5035 τουτέστι,
1307 4974 1586 5039 Πλουσίως
1624 4979 1718 5031 καὶ
1748 4981 1972 5035 cita-ravo-

387 5052 655 5119 χωρήτως
678 5056 743 5110 τὰ
766 5058 999 5131 χρειώδη
1038 5060 1166 5129 ὑμῖν
1191 5062 1412 5118 δύναται
1453 5066 1656 5123 δοῦναι.
1696 5070 1859 5125 Ὥστε
1887 5075 1969 5137 είς

387 5138 544 5232 δόξαν
578 5141 742 5196 αὐτοῦ
786 5149 990 5216 χρᾶσοε
1018 5153 1082 5221 τῇ
1109 5156 1418 5223 περιουσίᾳ.
1457 5157 1530 5209 Τὸ
1557 5158 1636 5222 δὲ,
1694 5160 1802 5214 Ἐν
1832 5164 1980 5232 Χρι-·

2073 4609 2309 4663 sentium
2364 4606 2716 4678 cupiditatem
2771 4605 3057 4671 habentes,
3116 4616 3497 4677 comprecatur
3550 4606 3653 4671 eis,

2074 4699 2473 4770 acquiesceudo
2522 4698 2652 4766 illis,
2685 4714 2792 4753 non
2833 4698 3224 4754 abundantiam
3264 4707 3359 4752 aut
3402 4697 3652 4763 delicias,

2073 4795 2165 4849 sed
2215 4791 2653 4847 necessariarum
2702 4807 2883 4847 rerum
2928 4792 3159 4862 copiam.
3205 4789 3431 4860 Impleat
3481 4790 3650 4854 enim,

2073 4887 2266 4955 inquit,
2298 4885 2520 4941 Omnem
2564 4887 2926 4940 necessitatem
2962 4895 3213 4949 vestram,
3246 4899 3307 4936 ne
3333 4883 3452 4937 sitis
3483 4883 3538 4935 in
3571 4883 3655 4935 in-

2071 4980 2329 5050 digentia.
2373 4978 2667 5041 Przeterea,
2703 4994 2775 5035 ne
2807 4978 3145 5034 arbitrentur
3178 4975 3321 5044 quod
3368 4975 3434 5027 ad
3479 4990 3651 5045 angu-

2070 5075 2231 5127 stiam
2276 5086 2372 5127 eos
2425 5072 2553 5127 velit
2606 5070 2894 5141 conjicere,
2956 5069 3156 5133 subdit,
3215 5065 3385 5119 Juxta
3433 5066 3651 5121 divitias

2070 5183 2243 5222 suas:
2289 5167 2392 5221 hoc
2437 5175 2541 5233 est,
2580 5166 2808 5221 Abunde
2859 5172 2913 5217 et
2961 5161 3106 5231 large
3142 5159 3459 5216 necessaria
3494 5161 3650 5215 VOlIiS

387 5230 515 5296 στῷ
562 5234 777 5304 Ἰησοῦ,
828 5238 1052 5297 δύναται
1101 5245 1199 5313 μὲν
1248 5248 1343 5299 καὶ
1387 5248 1531 5303 οὕτω
1571 5254 1852 5325 νοηθῆναι,
1878 5230 1967 5317 iis;

2081 5262 2199 5314 dare
2223 5265 2401 5327 potest
2433 5230 2639 5326 :quare
2664 5259 2733 5310 ad
2782 5253 3005 5325 gloriam
3041 5230 3209 5322 ipsius
3236 5251 3448 5306 utimini
3480 5253 3653 5305 abun-

386 5324 573 5378 Ταῦτα
598 5330 811 5398 ποιήσει
829 5334 857 5383 ὁ
882 5335 1073 5406 Πατὴρ
1096 5338 1155 5389 ὲν
1175 5338 1399 5410 Χριστῷ
1456 5343 1653 5413 Ἰησοῦ,
1684 5351 1959 5420 τουτέστι,

389 5420 767 5487 μεσιτεύοντος
817 5424 909 5478 τοῦ
960 5428 1236 5497 Χριστοῦ·
1273 5432 1496 5490 δύναται
1524 5436 1582 5491 δὲ
1613 5439 1708 5494 καὶ
1756 5441 1961 5512 οὕτως’

2070 5351 2276 5405 dantia.
2319 5350 2475 5418 Quod
2496 5357 2675 5403 autem
2708 5348 2805 5411 ait,
2834 5345 2901 5399 In
2929 5344 3134 5401 Christo
3171 5344 3320 5410 Iesu,
3361 5344 3440 5399 sic
3474 5350 3652 5414 potest

2070 5444 2319 5511 intelligi,
2372 5439 2515 5510 quod
2570 5439 2730 5494 Pater
2783 5436 2943 5495 faciet
2978 5437 3089 5493 haec
3138 5437 3191 5491 in
3231 5437 3359 5493 Jesu
3403 5435 3646 5501 Christo,

1725 5750 1925 5813 Vat-ite
1950 5749 2277 5817 lectiones.
