3994 6562
446 383 588 454 1203

1408 350 1982 462 'i'HEOBHYLACTI
2020 400 2432 468 BULGARI/E
2473 409 2817 478 ARCHIEP.

3569 414 3699 487 12M

443 509 548 575 hoc
572 517 682 585 est,
710 509 982 567 mediante
1013 511 1254 568 Christo.
1280 512 1467 569 Potest
1493 515 1656 570 etiam
1688 515 1790 572 hac
1812 518 2022 575 ratione

2138 521 2228 576 ’Ev
2250 523 2378 597 δόξῃ
2400 528 2468 598 τῇ
2515 529 2596 592 είς
2622 530 2857 602 Χριστὸν
2894 531 3101 606 Ἰησοῦν
3139 534 3551 608 ἀναφερομένη.
3580 538 3700 592 Ἔτ’.-

444 600 710 670 intelligi:
743 600 795 655 in
837 602 1005 672 gloria
1040 618 1162 674 quae
1200 604 1267 660 ad
1303 604 1579 660 Christum
1610 605 1795 662 Jesum
1841 608 2016 664 refer-

444 709 553 754 tur.
579 699 748 754 Infert
786 698 946 769 igitut
988 715 996 755 :

514 790 677 846 Vens.
713 789 804 844 20.
844 789 952 844 Deo
982 805 1099 858 vero
1134 806 1178 843 et
1207 787 1362 843 Patri
1409 800 1588 845 nostra
1625 792 1797 863 gloria
1838 794 1892 846 in
1928 809 2021 848 ste-

441 880 562 934 cula
613 881 930 935 saeculorum
998 881 1185 936 Amen.
1223 881 1360 947 Quia
1415 881 1649 949 dixerat,
1695 882 1750 938 In
1793 884 2016 954 gloriam

441 971 591 1036 Filii,
627 971 936 1038 snhintulit,
980 970 1122 1041 quod
1153 971 1321 1043 gloria
1367 971 1468 1027 ista
1510 971 1709 1028 Christi
1756 976 1829 1030 sit
1855 975 2018 1030 etiam

441 1066 615 1134 gloria
645 1066 844 1124 Patris.

511 1159 675 1231 460
704 1160 868 1215 Vens.
895 1159 987 1216 Ἦ.
1022 1159 1267 1217 Salutate
1293 1179 1495 1218 omnem
1522 1171 1759 1218 sanctum
1789 1164 1844 1217 in
1870 1162 2021 1218 Chri-

443 1256 522 1300 sto
553 1247 701 1302 Iesu.
728 1245 882 1302 Haud
913 1264 1100 1319 parum
1133 1251 1527 1308 benevolentiae
1554 1262 1656 1320 est,
1688 1267 1784 1323 per
1811 1253 2021 1310 litteras

441 1353 539 1394 eos
565 1341 828 1396 salutare.

501 1429 751 1486 Salutant
773 1449 861 1488 vos
886 1435 975 1502 qui
996 1452 1195 1490 mecum
1215 1446 1337 1491 sunt
1362 1437 1581 1508 fratres.
1602 1441 1848 1497 Fuerunt
1875 1443 2018 1497 enim

444 1520 630 1594 plures
659 1537 784 1578 cum
839 1524 980 1593 ipso,
1023 1524 1257 1582 fortasse
1283 1530 1374 1597 qui
1406 1529 1571 1584 etiam
1600 1547 1668 1587 ex
1709 1532 1817 1602 ipSa
1848 1533 2019 1587 Roma

441 1623 623 1680 erant,
655 1616 746 1684 qui
778 1625 956 1672 tamen
995 1617 1130 1673 tales
1175 1635 1283 1675 non
1341 1632 1518 1688 erant,
1557 1631 1617 1677 ut
1663 1625 2019 1691 apostolicam

441 1706 756 1776 reciperent
817 1707 1175 1765 iunctionem.
1254 1709 1415 1766 Solus
1486 1714 1631 1768 enim
1703 1715 2022 1771 Timotheus

443 1807 563 1852 erat
613 1799 942 1869 huiusmodi,
987 1803 1149 1872 quem
1223 1815 1278 1859 et
1329 1821 1492 1874 supra
1551 1805 1791 1874 ejusdem
1837 1823 2018 1862 secum

440 1890 612 1946 animi
668 1893 988 1949 nominavit.
1047 1893 1202 1950 Haud
1250 1897 1448 1970 refugit
1501 1906 1676 1955 tamen
1719 1899 1820 1956 hos
1852 1901 2019 1956 etiam
2051 1867 2095 1924 Β

437 1976 644 2035 fratres
679 1982 974 2050 appellare.

511 2072 677 2128 Vens.
707 2074 800 2130 22.
843 2075 1094 2133 Salutant
1125 2095 1215 2134 vos
1242 2095 1421 2135 omnes
1451 2081 1643 2146 sancti,
1674 2083 1904 2138 maxime
1921 2085 2022 2153 ‘qtti

437 2179 506 2218 ea:
549 2164 778 2222 Ctesaris
807 2169 985 2224 domo.
1036 2169 1386 2227 Confortatus
1428 2181 1511 2229 est
1561 2189 1678 2238 eos,
1719 2176 2019 2232 ostendens

441 2257 588 2324 quod
636 2266 693 2312 et
725 2257 930 2327 regiam
965 2259 1185 2316 domum
1232 2261 1507 2332 Evangelii
1542 2267 1858 2334 praedicatio
1891 2268 2016 2323 atti-

439 2348 622 2418 gerit:
681 2357 737 2404 et
781 2334 949 2419 (ﬁtod,
1007 2352 1052 2406 si
1116 2353 1188 2408 illi
1228 2355 1408 2424 quiin
1464 2357 1608 2428 regia
1663 2358 2024 2415 versabantur

442 2439 628 2494 omnia
693 2452 920 2514 propter
990 2445 1264 2501 Christum
1329 2448 1750 2517 posthabebant,
1815 2463 2023 2520 quanto

443 2533 617 2604 magis
660 2549 758 2590 vos
806 2535 1095 2592 inferiores
1128 2537 1271 2592 idem
1304 2538 1563 2595 facietis?
1596 2539 1811 2595 Pariter
1837 2549 2020 2596 autem

443 2624 760 2691 submonet,
809 2627 956 2694 quod
1000 2625 1237 2696 ipsorum
1273 2629 1488 2684 virtutis
1519 2629 1658 2699 apud
1690 2629 1812 2686 illos
1857 2630 2020 2686 etiam

443 2717 794 2772 meminerit:
836 2718 1041 2789 alioqui
1098 2720 1242 2774 enim
1279 2736 1386 2774 non
1420 2722 1684 2790 potuisset
1721 2737 1816 2777 eos
1848 2725 1938 2793 qui
1967 2723 2020 2778 in

440 2808 590 2877 regia
626 2817 833 2874 essent,
885 2811 940 2864 in
973 2811 1310 2866 desiderium
1356 2828 1547 2869 eorum
1591 2815 1935 2884 pertrahere,
1963 2825 2022 2872 ut

443 2898 748 2954 salutarent
779 2900 948 2969 ipsos.

519 2988 682 3046 Vens.
718 2992 809 3048 23.
843 2990 1030 3048 Gratia
1058 2993 1278 3051 Domini
1305 2999 1474 3053 nostri
1510 2995 1639 3054 Iesu
1676 3000 1874 3058 Christi
1902 3020 2022 3059 cum

444 3084 686 3138 omnibus
712 3085 875 3141 vobis.
905 3086 1092 3143 Amen.
1141 3075 1484 3157 Precatione,
1514 3094 1590 3148 uti
1624 3095 1782 3162 solet,
1812 3096 2024 3167 Episto-

2119 613 2244 684 άγει
2263 613 2357 672 οὖν
2383 633 2398 650 ·

2194 801 2284 868 Τῷ
2315 802 2382 857 δὲ
2413 803 2534 870 Θεῷ
2572 807 2668 860 καί
2699 809 2883 878 Harp!
2915 800 3084 881 ἡμῶν
3105 811 3255 878 δόξα
3282 813 3370 878 εις
3397 812 3542 880 τοὺς
3569 817 3697 868 αἰῶ-

2119 910 2232 960 νας
2263 895 2384 949 τῶν
2427 899 2675 956 αἰώνων.
2729 901 2937 972 Ἀμήν.
3003 904 3222 976 Ἐπειδὴ
3262 907 3370 978 γὰρ
3397 902 3573 972 εἶπεν,
3612 910 3694 970 Εἰς

2119 985 2278 1051 δόξαν
2329 989 2425 1042 τοῦ
2477 991 2630 1055 Υίοῦ,
2685 982 2998 1065 ἐπήγαγεν,
3053 999 3135 1052 ὅτι
3178 998 3317 1069 αὕτη
3363 1000 3398 1069 ἠ
3440 998 3568 1062 δόξα
3609 1001 3694 1053 τοῦ

2120 1077 2382 1148 Χριστοῦ,
2415 1081 2508 1134 τοῦ
2543 1085 2759 1154 Πατρός
2793 1088 2964 1145 ἐστιν.

2192 1174 2586 1231 Ἀσπάσασθε
2630 1180 2828 1234 πάντα
2881 1183 3054 1252 ἄτιον
3079 1185 3152 1238 ἐν
3201 1188 3434 1256 Χριστῷ
3482 1189 3690 1254 Ἰησοῦ.

2121 1263 2196 1318 Οὐ
2231 1269 2432 1336 μικρᾶς
2466 1269 2682 1334 εὐνοίας
2725 1271 2786 1324 τὸ
2831 1273 2921 1326 διὰ
2958 1276 3307 1347 γραμμάτων
3360 1279 3692 1345 ἀσπάζεσθαι

2121 1356 2340 1419 αὐτούς.

2191 1450 2588 1510 Ἀσπάζονται
2631 1452 2788 1523 ὑμᾶς
2810 1457 2866 1510 οἱ
2888 1456 3011 1512 σὺν
3035 1456 3165 1528 ἐμοὶ
3215 1458 3492 1530 ἀδελφοί.
3524 1455 3692 1516 Ἦσαν

2123 1539 2232 1611 γὰρ
2279 1542 2498 1606 πλείους
2539 1547 2658 1614 μετ’
2693 1545 2882 1612 αὐτοῦ,
2921 1549 3062 1619 τάχα
3100 1549 3198 1603 καὶ
3227 1551 3292 1604 ὲκ
3324 1552 3424 1621 τῆς
3485 1550 3692 1623 Ῥώμης

2122 1637 2294 1706 αὐτῆς
2321 1638 2495 1702 ὄντες,
2527 1640 2626 1692 οὑκ
2659 1638 2812 1704 ὅντες
2851 1639 2958 1711 μὴν
2987 1642 3240 1708 τοιοῦτοι,
3276 1643 3418 1697 ὥστε
3450 1644 3547 1698 καὶ
3575 1647 3692 1698 ἀπο·

2124 1729 2327 1783 στόλων
2359 1731 2720 1802 ἀναδέχεσθαι
2745 1733 3069 1804 πράγματα.
3093 1736 3270 1800 Μόνος
3301 1736 3412 1808 γὰρ
3438 1737 3692 1808 Τιμόθεος

2122 1816 2190 1893 ἦν
2237 1822 2501 1887 τοιοῦτος,
2533 1823 2592 1877 δν
2635 1826 2728 1877 καὶ
2776 1824 3035 1898 ίσόψυχον
3079 1827 3366 1896 ὠνόμασεν
3418 1828 3687 1897 ἀνωτέρω.

2123 1916 2198 1970 Οὐ
2249 1921 2605 1989 παραιτεῖται
2657 1917 2715 1972 δὲ
2761 1919 2913 1990 ὅμως
2977 1921 3074 1974 καὶ
3141 1919 3366 1986 τούτους
3438 1921 3690 1989 ἀδελφοὺς

2123 2008 2334 2063 καλεῖν.

2192 2027 2590 2141 ίῗὲθέτάζονται
2627 2082 2788 2152 ὑμᾶς
2812 2081 3040 2149 πάντες
3062 2085 3117 2139 οι
3145 2084 3322 2154 ἅγιοι,
3351 2086 3625 2152 μάλιστα
3649 2087 3687 2139 οι

2120 2171 2190 2226 ἐκ
2214 2171 2324 2240 τῆς
2343 2173 2645 2241 Καίσαρος
2660 2175 2876 2243 οἰκίας.
2909 2176 3246 2248 ’Δνέῤῥωσεν
3274 2177 3494 2240 αὐτοὺς,
3526 2177 3686 2244 δείξας

2121 2264 2205 2318 ὅτι
2236 2265 2330 2318 καὶ
2357 2264 2458 2334 τῆς
2495 2266 2782 2337 βασιλικῆς
2819 2267 2996 2330 οἰκίας
3028 2268 3088 2320 τὺ
3121 2269 3387 2338 κήρυγμα
3416 2268 3465 2302 ⁵⁸
3497 2267 3683 2337 ἥψατο·

2123 2356 2221 2410 καὶ
2254 2357 2338 2410 ὅτι
2369 2357 2430 2411 Et
2463 2358 2511 2410 oi
2545 2359 2604 2412 ὲν
2633 2360 2748 2423 τοῖς
2783 2360 3079 2430 βασιλείοις
3104 2362 3323 2417 πάντων
3362 2361 3684 2432 καταφρόνη-

2125 2467 2226 2503 σαν
2258 2448 2346 2502 διὰ
2379 2449 2639 2521 Χριστὸν,
2672 2451 2828 2522 πόσῳ
2858 2450 3064 2519 μᾶλλον
3093 2453 3238 2524 ὑμᾶς
3274 2453 3355 2506 δεῖ
3387 2453 3520 2516 τοὺς
3555 2451 3683 2506 εὐτε·

2121 2539 2269 2607 λεϊςς
2320 2540 2572 2595 Δείκνυσι
2604 2541 2661 2595 δὲ
2686 2542 2770 2597 ὅτι
2816 2544 2911 2597 καὶ
2960 2545 3095 2615 παρ’
3143 2545 3374 2608 ἐκείνοις
3430 2546 3683 2616 μέμνηται

2125 2632 2306 2688 αὐτῶν
2355 2633 2458 2703 τῆς
2507 2635 2733 2707 ἀρετῆς.
2785 2636 2861 2690 Οὐ
2909 2637 3018 2708 γὰρ
3067 2637 3133 2691 ἂν
3181 2639 3262 2701 εἰς
3310 2639 3476 2692 πόθον
3529 2637 3682 2692 αὐτῶν

2123 2728 2298 2799 ἧγαγε
2327 2728 2454 2793 τοὺς
2484 2731 2540 2784 ὲν
2568 2732 2680 2794 τοῖς
2711 2729 3028 2802 βασιλείοις,
3059 2731 3200 2787 ὥστε
3233 2733 3326 2787 καὶ
3361 2731 3681 2800 ἀσπάζεσθαι

2125 2820 2342 2886 αὐτούς.

2208 3007 2280 3063 Ἠ
2309 3005 2482 3076 χάρις
2529 3006 2640 3061 τοῦ
2691 3007 2914 3075 Κυρίου
2967 3006 3139 3078 ἡμῶν
3186 3007 3394 3077 Ἰησοῦ
3447 3011 3681 3077 Χριστοῦ

2123 3100 2273 3170 μετὰ
2300 3101 2547 3154 πάντων
2567 3099 2754 3170 ὑμῶν.
2789 3099 3079 3169 Ἆμήν.Τδ
3111 3101 3341 3171 σύνηθες
3372 3101 3547 3173 αὐτῷ,
3572 3103 3677 3172 εὐχῇ

445 3173 554 3228 lam
577 3175 798 3252 claudit.
830 3178 1044 3235 Pariter
1075 3197 1168 3238 cos
1213 3183 1396 3250 docet,
1439 3195 1496 3240 ut
1537 3188 1583 3242 si
1615 3201 1750 3256 quas
1782 3189 2018 3245 habeant

2132 3193 2438 3247 κατακλείει
2468 3192 2512 3224 ⁸⁸
2526 3191 2626 3262 τὴν
2657 3192 2998 3263 Ἐπιστολὴν.
3036 3189 3196 3264 [Καὶ]
3217 3192 3460 3246 διδάσκει
3488 3194 3544 3248 δὲ
3563 3195 3674 3263 ἅμα.

445 3267 698 3338 virtutes,
729 3287 822 3326 eas
865 3288 929 3328 ex
976 3275 1146 3344 gratia
1194 3275 1396 3332 Christi
1440 3279 1642 3335 habere
1683 3296 1742 3336 se
1775 3282 2022 3349 credant,

449 3369 504 3415 et
532 3377 637 3415 non
669 3369 894 3433 propter
933 3379 1025 3421 eas
1055 3368 1391 3423 extollantur
1425 3386 1440 3424 :
1478 3370 1556 3424 sic
1585 3370 1728 3426 cnim
1754 3369 2022 3439 futurum,

447 3459 512 3505 ut
541 3455 713 3523 gratia
744 3470 1021 3527 nunquam
1051 3474 1157 3513 non
1192 3460 1260 3514 sit
1295 3462 1432 3529 apud
1462 3477 1554 3516 eos
1580 3477 1954 3531 permansura,
1979 3465 2025 3521 si

449 3559 560 3598 non
593 3545 909 3603 efferantur.
951 3549 1242 3622 Contingat
1273 3566 1455 3607 autem
1499 3565 1551 3609 et
1587 3571 1682 3610 nos
1729 3557 1874 3611 omni
1915 3558 2027 3611 vir-

450 3647 588 3705 tute,
615 3643 853 3697 maxime
896 3659 956 3699 ea
991 3661 1098 3714 qua
1133 3647 1254 3700 aliis
1297 3649 1702 3719 impertiamus.
1747 3652 2029 3708 abundare

449 3745 551 3800 per
571 3735 800 3802 gratiam
829 3735 1066 3806 Christi;
1090 3749 1147 3794 ut
1174 3750 1228 3795 et
1263 3758 1363 3796 nos
1393 3743 1493 3812 ipsi
1519 3745 1711 3812 atljnti,
1739 3754 2026 3816 propterea

451 3825 597 3893 quod
638 3827 893 3885 omnibus
941 3831 1304 3902 indigentibus
1352 3835 1750 3905 impertiamus,
1808 3838 2028 3907 potissi-

418 3929 600 3968 .mum
659 3931 789 3973 vero
841 3920 911 3975 iis
963 3923 1056 3992 qui
1108 3939 1206 3993 pro
1242 3923 1462 3981 Christo
1522 3927 1664 3983 mala
1723 3928 2025 3998 patiuntur,

450 4005 698 4064 fruamur
737 4012 942 4069 divitiis
971 4016 1228 4073 bonitatis
1263 4018 1450 4089 ipsius.
1485 4021 1586 4076 Cui
1626 4021 1803 4092 gloria
1845 4033 1899 4078 et
1930 4036 2028 4093 po-

453 4101 646 4170 tentia,
675 4118 821 4160 nunc
845 4115 897 4161 et
917 4121 1130 4179 semper
1152 4119 1208 4166 et
1242 4111 1296 4166 in
1325 4113 1543 4169 saecula.
1566 4114 1762 4172 Amen.

2131 3285 2219 3339 ἵνα
2239 3283 2344 3337 κᾶν
2363 3281 2771 3354 κατορθώματα
2793 3281 2982 3353 ἔχωσι,
2996 3282 3179 3353 χάριτι
3195 3283 3371 3336 ταῦτα
3388 3283 3614 3354 Χριστοῦ
3642 3283 3677 3312 ⁸⁷

2129 3377 2276 3446 ἔχειν
2305 3374 2622 3439 πείθωνται,
2653 3375 2748 3430 καὶ
2781 3374 2854 3446 μὴ
2890 3375 3247 3445 ὲπαίρωνται.
3277 3373 3435 3428 Οῦτω
3477 3375 3578 3444 γὰρ
3604 3375 3677 3426 καὶ

2129 3467 2278 3522 ἔσται
2304 3467 2391 3520 ἀεὶ
2415 3468 2448 3538 ἡ
2477 3467 2633 3537 χάρις
2665 3466 2783 3536 μετ’
2811 3465 3012 3533 αὐτῶν,
3049 3464 3143 3518 ἐὰν
3175 3465 3252 3537 μὴ
3277 3467 3576 3537 ὲπαρθῶσι.
3607 3466 3676 3516 Γέ-

2129 3577 2274 3614 νοιτο
2287 3558 2380 3613 οὖν
2400 3559 2494 3612 καὶ
2509 3559 2658 3629 ἡμᾶς
2681 3558 2780 3629 τήν
2799 3575 2857 3611 τε
2887 3556 3054 3629 ἄλλην
3078 3560 3258 3613 πᾶσαν
3279 3558 3502 3630 ἀρετὴν,
3522 3559 3604 3610 καὶ
3625 3555 3677 3626 δὴ

2133 3652 2228 3708 καὶ
2257 3653 2358 3724 τὴν
2384 3651 2483 3721 τῆς
2519 3649 2856 3721 μεταδόσεως
2886 3650 3209 3720 πλουτῆσαι,
3244 3650 3334 3703 διὰ
3363 3649 3461 3719 τῆς
3486 3650 3676 3719 χάριτος

2132 3743 2228 3799 τοῦ
2260 3741 2500 3815 Χριστοῦ
2522 3757 2536 3771 °
2573 3742 2659 3795 ἴνα
2697 3743 2862 3812 ἡμεῖς
2901 3741 3056 3795 αὐτοὶ
3099 3739 3470 3810 ὠφελούμενοι
3495 3740 3575 3792 διὰ
3598 3736 3672 3789 τοῦ

2133 3835 2356 3901 διδόναι,
2387 3836 2483 3890 καὶ
2511 3835 2648 3888 πᾶσι
2681 3833 2784 3903 μὲν
2812 3835 2925 3897 τοῖς
2941 3831 3225 3905 χρῄζουσι,
3253 3833 3492 3925 μάλιστα
3515 3831 3563 3885 δὲ
3583 3830 3674 3925 τοῖς

2131 3927 2274 4000 ὑπὲρ
2320 3925 2415 3980 τοῦ
2463 3925 2600 3980 Θεοῦ
2648 3924 3098 3989 κακοπαθοῦσιν,
3155 3921 3549 3991 ἀπολαύσωμεν
3597 3921 3675 3970 τοῦ

2131 4015 2366 4072 πλούτου
2411 4015 2513 4086 τῆς
2560 4015 2930 4088 χρηστότητος
2977 4011 3168 4066 αὐτοῦ.
3195 4006 3266 4083 ᾯ
3296 4014 3330 4082 ἡ
3367 4010 3492 4075 δόξα
3525 4010 3604 4062 καὶ
3626 4005 3676 4058 τὸ

2129 4111 2355 4181 κράτος,
2383 4108 2478 4162 νῦν
2501 4107 2708 4180 καὶδάεὶ
2734 4106 2828 4162 καὶ
2850 4108 2930 4171 εις
2949 4107 3076 4172 τοὺς
3097 4104 3323 4170 αἰῶνας.
3374 4102 3555 4174 Ἀμήν.

1795 4273 1996 4337 Varia;
2019 4273 2355 4339 lectiones.

521 4413 571 4450 ³³
595 4414 658 4470 τὸ
701 4415 1060 4486 εὐαγγελικδν
1094 4417 1359 4490 κήρυγμα
1395 4435 1470 4477 m.
1547 4420 1592 4454 ⁸⁸
1619 4418 2050 4478 κατακλείεσθαι
2094 4437 2150 4479 ο.
2223 4421 2272 4454 ⁸⁷
2311 4418 2452 4474 Θεοῦ
2489 4434 2548 4477 0.
