3994 6560
492 353 628 423 1211
1413 352 1989 418 THEOPHYLACTI
2026 349 2438 414 BULGARIAE
2473 351 2828 416 ARCHIEP.
3613 355 3735 424 1212

491 479 674 536 docuit
701 492 798 535 vos
831 476 994 534 etiam
1032 475 1334 547 Epaphras.
1383 474 1499 531 Non
1533 475 1679 531 enim
1713 475 1816 529 alia
1843 473 2063 544 quidem

2197 471 2264 525 ιαὶ
2293 471 2532 536 ἐδίδαξεν
2583 471 2729 542 ὑμᾶς
2772 471 2802 523 ὁ
2840 469 3150 540 Ἐπαφρᾶς.
3210 468 3287 524 Οὐ
3323 469 3428 543 γὰρ
3476 469 3608 526 ἀλλα
3646 475 3733 543 μὲν

495 570 633 626 facta
670 579 818 635 sunt,
883 567 988 623 alia
1029 577 1206 623 autem
1265 566 1469 621 docuit.
1523 568 1632 621 Iste
1671 566 1837 631 enim,
1873 578 2064 634 quem-

2198 565 2438 633 γένοντο,
2475 563 2611 619 ἄλλα
2641 564 2698 618 δὲ
2747 563 3005 629 ἐδίδαξεν.
3048 557 3216 630 Οὗτος
3245 565 3374 637 γὰρ,
3427 566 3503 630 ὡς
3537 567 3714 632 ἔοικεν,

493 663 779 718 admodum
805 661 1042 728 videtur,
1075 658 1386 730 praedicavit
1416 641 1852 714 Colos'scnsibus.

2203 658 2410 730 κήρυξε
2438 660 2833 714 Κολοσσαεῦσι.

564 753 771 808 Dilecto
813 769 1060 809 conservo
1112 762 1314 806 nostra.
1374 748 1489 804 Viri
1543 750 1630 805 hic
1685 747 2066 804 auctoritatem

2248 749 2360 804 Τοῦ
2391 751 2706 819 ἀγαπητοῦ
2733 751 3086 807 συνδούλου
3119 751 3309 820 ἡμῶν.
3342 751 3415 805 Τὸ
3443 751 3736 816 ἀξιόπιστον

494 845 799 900 denuntiat.
838 842 956 899 Non
1003 843 1146 899 enim
1203 843 1483 914 diligerem
1521 856 1644 897 eum
1697 855 1796 910 ego
1848 838 2066 904 Paulus,

2203 841 2424 897 ντεῦθεν
2465 843 2708 898 δείκνυσι
2738 842 2832 896 τοῦ
2879 844 3094 917 ἀνδρὸς.
3129 845 3243 898 Οὐκ
3281 844 3346 898 ἀν
3373 843 3484 914 γὰρ
3526 844 3737 912 ἠγάπων

497 937 600 991 nisi
631 935 829 992 scirem
877 950 996 991 eum
1029 949 1151 990 esse
1197 950 1384 989 verum
1420 947 1752 1004 praeconem,
1802 945 1903 986 nec
1935 945 2068 988 cou-

2197 933 2335 988 ιύτδν
2371 933 2486 1002 ἐγὼ
2537 936 2773 1000 Παῦλος,
2825 936 2876 989 εί
2919 935 2996 1008 μὴ
3037 934 3246 1007 ἀληθὴς
3287 930 3358 1007 ἦν
3405 932 3605 1005 κήρυξ,
3642 935 3737 989 οὐδ³

495 1043 712 1084 servum
743 1027 920 1098 ipsum
945 1026 1308 1081 nominarem.

2197 1027 2244 1083 ίν
2279 1027 2562 1082 σύνδουλον
2584 1029 2890 1100 ὠνόμαζον.

567 1116 674 1182 Qui
703 1129 777 1172 est
815 1115 1016 1182 ﬁdelis.
1052 1115 1169 1172 Hoc
1197 1125 1302 1183 est,
1327 1133 1512 1174 verus.

2238 1117 2352 1185 ’ος
2371 1119 2505 1174 ἐστι
2544 1122 2785 1186 πιστός.
2814 1120 3138 1188 Τουτέστιν,
3168 1119 3402 1190 ἀληθής.

569 1209 676 1264 Pro
722 1209 864 1264 vobis
897 1209 1138 1263 minister
1167 1207 1388 1267 Christi.
1423 1208 1534 1264 Pro
1572 1208 1747 1274 vobis,
1788 1206 1984 1275 inquit,
2019 1206 2074 1261 in

2263 1209 2446 1279 ’Υπὲρ
2475 1211 2639 1281 ὑμῶν
2660 1211 2944 1280 διάκονος
2974 1212 3082 1266 τοῦ
3105 1211 3389 1282 Χριστοῦ.
3409 1210 3556 1267 ’Δνθ’
3581 1211 3735 1281 ὐμῶν,

496 1298 660 1354 rebus
687 1299 755 1354 ad
789 1298 1065 1354 Christum
1098 1301 1493 1369 pertinentibus
1526 1299 1877 1356 ministravit.
1940 1299 2075 1356 Nam

2197 1302 2336 1373 ρησὶ,
2373 1301 2698 1374 διηκόνησεν
2726 1304 2808 1367 είς
2841 1303 3152 1375 πράγματα
3193 1302 3418 1373 Χριστῷ
3463 1303 3732 1373 ἀνήκοντα.

497 1394 641 1462 quod
668 1400 722 1446 et
754 1393 820 1447 ad
846 1391 1070 1447 Paulum
1098 1393 1255 1459 abiit,
1301 1408 1539 1464 eumque
1566 1393 1881 1450 consolatus
1905 1403 1992 1450 est
2022 1393 2077 1450 in

2197 1391 2290 1444 Καὶ
2319 1391 2427 1462 γάρ
2455 1391 2517 1445 τό
2533 1409 2593 1445 τε
2625 1391 2763 1462 πρὸς
2789 1392 2880 1448 τὸν
2904 1394 3118 1448 Παῦλον
3146 1393 3426 1458 ἀπελθεῖν,
3459 1391 3552 1446 καὶ
3580 1411 3739 1462 παρα-

502 1483 756 1550 vinculis,
782 1493 839 1540 et
881 1485 1026 1556 quod
1078 1485 1342 1542 indicavit
1390 1485 1441 1543 ei
1499 1502 1589 1544 res
1639 1486 2075 1554 Colossensium,

501 1575 706 1632 Christi
736 1577 1098 1635 ministerium
1127 1589 1266 1636 erat.
1293 1581 1350 1636 Si
1381 1590 1564 1637 autem
1595 1581 1798 1637 Christi
1826 1580 2080 1636 minister

499 1678 586 1726 est
628 1670 927 1743 Epaphras,
963 1673 1234 1743 quomodo
1278 1674 1461 1732 dicitis
1483 1689 1582 1731 vos
1624 1689 1718 1744 per
1749 1673 1970 1743 angelos
1995 1688 2082 1730 re-

499 1763 822 1821 conciliatos
852 1765 1014 1820 esse?

574 1852 744 1910 Vsus.
772 1854 825 1910 8.
857 1855 964 1921 Qui
985 1857 1146 1912 etiam
1176 1859 1533 1928 manifestavit
1565 1860 1714 1918 nobis
1748 1864 2078 1922 dilectionem

501 1957 729 2000 uestram
761 1947 813 2001 in
846 1947 1076 2017 Spiritu.
1112 1949 1226 2007 Hoc
1257 1963 1360 2020 est,
1389 1956 1724 2024 spiritualem
1755 1958 2078 2015 charitatem

501 2051 669 2107 quam
703 2037 916 2096 habetis
945 2055 1072 2112 erga
1099 2057 1206 2098 me.
1231 2046 1341 2100 Ista
1370 2047 1512 2104 enim
1547 2049 1756 2106 stabilis
1793 2061 1900 2118 est,
1939 2051 2078 2108 dile-

503 2130 614 2184 ctio
659 2129 865 2186 scilicet
895 2147 1016 2201 quas
1072 2143 1159 2189 est
1213 2135 1266 2190 in
1322 2139 1548 2208 Spiritu.
1605 2140 1847 2213 Reliquas
1900 2153 2080 2200 autem

500 2219 813 2276 dilectionis
845 2222 1076 2291 species,
1101 2232 1214 2279 tam
1243 2228 1528 2297 naturalis,
1556 2239 1616 2285 ut
1644 2243 1928 2302 parentum
1952 2250 2080 2306 erga

503 2310 733 2379 liberos,
766 2311 1177 2386 liberorumque
1216 2333 1344 2385 erga
1374 2332 1650 2390 parentes,
1681 2341 1845 2396 quam
1879 2327 2084 2384 amico-

504 2415 624 2456 rum
648 2402 1075 2475 amicarumque,
1107 2407 1387 2465 instabiles
1414 2421 1542 2468 sunt
1564 2428 1776 2471 omnes.

581 2495 739 2551 Vsus.
780 2498 832 2552 9.
869 2497 999 2553 Ideo
1022 2511 1070 2554 et
1112 2517 1205 2556 nos
1234 2518 1299 2557 ea:
1339 2521 1442 2574 qua
1487 2505 1573 2560 die
1613 2507 1935 2573 audivimus,
1981 2525 2085 2565 non

507 2603 778 2644 cessamus
800 2605 896 2658 pro
918 2592 1060 2646 vobis
1084 2609 1258 2650 orare.
1287 2591 1417 2649 Ideo
1435 2611 1454 2649 :
1478 2597 1687 2664 quare?
1707 2597 1864 2666 Quia,
1890 2599 2086 2669 inquit,

505 2680 814 2737 audivimus
862 2682 1022 2739 ﬁdem
1057 2694 1296 2739 veSIram
1339 2695 1394 2740 et
1441 2687 1811 2753 dilectionem,
1873 2690 2080 2744 bonam

503 2787 655 2842 spem
714 2774 1088 2843 concipientes
1147 2778 1215 2832 de
1266 2777 1484 2844 futuris,
1528 2795 1747 2835 oramus
1787 2797 1886 2852 pro
1934 2783 2088 2840 vobis

507 2877 616 2916 non
661 2879 825 2918 unum
863 2864 1030 2931 diem,
1072 2880 1250 2936 neque
1275 2869 1434 2934 duos,
1471 2872 1567 2925 sed
1596 2887 1626 2926 a
1653 2887 1759 2941 quo
1795 2874 1895 2928 ista
1934 2876 2084 2929 audi-

507 2951 708 3007 vimus.
756 2952 1020 3009 Monstrat
1048 2966 1229 3012 autem
1261 2974 1357 3028 per
1400 2959 1516 3015 haec
1558 2963 1879 3020 charitatem
1935 2981 2086 3021 suam

509 3057 639 3113 erga
674 3059 788 3110 cos,
821 3059 885 3101 ac
914 3048 1220 3103 clanculum
1254 3050 1372 3106 illos
1396 3055 1784 3122 reprehendit;
1821 3057 2086 3126 siquidem

2187 1484 2539 1557 μυθήσασθαι
2603 1487 2770 1540 αὐτὸν
2831 1486 2889 1540 έν
2926 1490 3042 1552 τοῖς
3080 1488 3326 1558 δεσμοῖς,
3381 1484 3566 1541 καὶτὸ
3589 1485 3748 1557 δηλῶ·

2185 1594 2278 1632 σαι
2305 1578 2460 1650 αὐτῷ
2501 1580 2570 1634 τὰ
2601 1580 2711 1636 τῶν
2749 1582 2810 1636 έν
2859 1579 3236 1635 Κολοσσαεῦσι
3285 1581 3354 1644 ⁸⁸,
3406 1577 3640 1650 Χριστοῦ
3685 1574 3744 1649 ἦν

2183 1669 2454 1727 διακονία.
2496 1673 2561 1730 El
2595 1673 2654 1728 δὲ
2681 1675 2920 1747 Χριστοῦ
2954 1675 3200 1738 διάκονος
3231 1674 3263 1729 ὁ
3297 1673 3608 1742 Ἐπαφρᾶς,
3643 1670 3744 1735 πῶς

2184 1762 2370 1834 λέγετε
2397 1766 2578 1836 ὑμεῖς,
2603 1768 2671 1821 δι’
2691 1767 2942 1837 ἀγγέλων
2969 1767 3382 1838 προσαχθῆναις

2277 1860 2341 1916 '0
2379 1863 2480 1919 καὶ
2537 1861 2822 1930 δηλώσας
2870 1861 3018 1933 ἡμῖν
3042 1861 3158 1930 τὴν
3208 1862 3380 1925 ὑμῶν
3424 1859 3663 1930 ἀγάπην
3689 1861 3747 1911 ἐν

2187 1957 2508 2028 Πνεύματι.
2553 1953 2840 2020 Τουτέστι,
2876 1954 2990 2023 Τὴν
3013 1953 3395 2024 πνευματικὴν
3428 1953 3646 2022 ἀγάπην
3692 1952 3749 2021 ῆν

2188 2051 2342 2123 ἔχετε
2390 2050 2528 2121 πρός
2569 2066 2657 2118 με.
2694 2047 2846 2118 Δύτη
2897 2047 3007 2116 γὰρ
3041 2047 3255 2118 βεσαία,
3305 2047 3340 2116 ἡ
3389 2046 3449 2097 ὲν
3498 2043 3750 2114 Πνεύματι

2187 2140 2398 2211 ἀγάπη.
2430 2141 2494 2193 Ai
2516 2139 2573 2192 δὲ
2597 2136 2805 2201 λοιπαὶ,
2827 2136 2889 2190 αῖ
2909 2153 2969 2190 τε
2991 2136 3239 2205 φυσικαὶ,
3265 2133 3411 2207 [καὶ]
3432 2128 3543 2187 οἷον
3563 2134 3744 2202 γονέων

2191 2231 2328 2303 πρὸς
2365 2230 2588 2295 παῖδας,
2611 2228 2709 2282 καὶ
2741 2227 2953 2282 παίδων
2983 2226 3121 2297 πρὸς
3147 2229 3363 2295 γονεῖς·
3393 2225 3458 2280 αῖ
3474 2243 3530 2281 τε
3561 2225 3752 2296 φιλικαὶ

2190 2324 2284 2376 καὶ
2323 2320 2624 2392 έταιρικαὶ,
2663 2317 2920 2375 ἀϐέϐαιοι
2947 2319 3144 2372 πᾶσαι.

2261 2503 2364 2556 Διὰ
2400 2500 2577 2556 τοῦτο
2607 2498 2708 2554 καί
2767 2497 2960 2570 ἡμεῖς,
2991 2498 3096 2568 ἀφ’
3127 2491 3204 2569 ἧς
3232 2497 3466 2568 ἡμέρας
3511 2499 3753 2567 ἠκούσα-

2187 2609 2324 2663 μεν,
2353 2592 2426 2646 οὐ
2458 2591 2767 2658 παυόμεθα
2809 2588 2964 2657 ὑπὲρ
2989 2584 3154 2657 ὑμῶν
3183 2587 3674 2657 προσευχόμενοι.
3694 2616 3744 2628 —-

2193 2683 2296 2739 Διὰ
2319 2683 2521 2746 τοῦτο,
2571 2685 2761 2747 ποῖον;
2807 2680 3046 2750 Ἐπειδὴ,
3079 2679 3268 2750 φησὶν,
3321 2679 3634 2749 ἠκούσαμεν
3669 2680 3752 2748 τὴν

2195 2778 2380 2830 πίστιν
2408 2775 2564 2844 ὐμῶν
2594 2773 2691 2828 καὶ
2712 2773 2814 2844 τὴν
2860 2773 3105 2842 ἀγάπην,
3159 2770 3442 2834 εὐέλπιδες
3497 2772 3750 2840 γενόμενοι

2194 2867 2459 2941 περὶτῶν
2504 2865 2832 2936 μελλόντων,
2875 2863 3152 2934 εὐχόμεθα
3183 2863 3334 2933 ὑμῖν,
3366 2864 3431 2916 οὐ
3463 2862 3593 2932 μίαν
3635 2863 3752 2933 ὴμέ-

2200 2980 2319 3033 ραν,
2351 2959 2473 3014 οὐδὲ
2503 2958 2620 3022 δύο,
2676 2956 2792 3011 ἀλλ’
2833 2956 2928 3024 ἀφ’
2978 2946 3040 3009 οὐ
3073 2953 3394 3025 ἠκούσαμεν
3437 2953 3624 3008 ταῦτα.
3653 2955 3752 3006 Δεί-

2197 3073 2294 3109 κνυ
2305 3071 2356 3106 σι
2371 3053 2429 3106 δὲ
2451 3052 2538 3106 διὰ
2561 3049 2770 3104 τούτων
2801 3049 2896 3102 καὶ
2915 3048 3014 3117 τὴν
3043 3046 3212 3100 αὐτοῦ
3232 3046 3481 3116 ἀγάπην,
3504 3045 3750 3108 κάκείνοις

513 3135 861 3191 orationibus
892 3136 1008 3206 ejus
1030 3138 1220 3207 adjuti,
1252 3143 1490 3198 nondum
1523 3153 1704 3200 tamen
1727 3148 1938 3217 seipsos
1967 3165 2089 3218 per-

2197 3147 2383 3216 ὴρέμα
2445 3144 2798 3212 κατάγνωσιν
2835 3140 3017 3209 φέρει,
3052 3139 3106 3191 sl!
3153 3154 3217 3206 γε
3265 3138 3362 3191 καὶ
3393 3139 3518 3201 ταῖς
3567 3137 3750 3190 ἐκείνου

514 3223 660 3281 tecte
677 3229 1099 3300 rccollegerunt,
1124 3247 1224 3288 nec
1239 3237 1624 3292 emendaruut.
1648 3238 1886 3294 Observa
1909 3250 2090 3294 autent

512 3318 656 3387 quod
691 3319 876 3375 multis
895 3321 1232 3378 orationibus
1257 3323 1412 3380 nobis
1457 3341 1595 3394 opus
1623 3327 1694 3382 sit
1732 3336 1786 3383 ct
1810 3328 2090 3384 assiduis:

514 3417 572 3462 et
625 3411 768 3478 quod
815 3411 1016 3469 Paulus
1048 3414 1168 3470 sine
1205 3415 1616 3472 intermissione
1651 3432 1843 3485 orans,
1877 3429 1932 3474 ct
1962 3435 2095 3476 non-

514 3499 642 3553 dum
682 3513 1033 3572 consecutus,
1068 3519 1174 3560 non
1203 3505 1420 3561 desistit
1455 3517 1660 3563 tamen.

586 3591 655 3647 Et
678 3595 972 3665 postulare,
1017 3607 1086 3665 ιιι,
1115 3599 1443 3667 impleamini
1491 3601 1759 3671 agnitione
1808 3603 2093 3658 voluntatis

511 3682 649 3752 ejus.
684 3682 790 3740 Per
822 3687 936 3744 haec
976 3691 1216 3745 ostendit
1253 3705 1347 3747 eos
1381 3708 1558 3762 neque
1587 3695 1809 3750 omnino
1839 3695 2097 3763 imperfe-

519 3786 636 3830 ctos
671 3792 813 3845 esse,
837 3795 1015 3851 neque
1043 3785 1271 3840 omnino
1300 3784 1594 3856 perfectos.
1621 3785 1739 3841 Non
1763 3789 1907 3844 enim
1935 3788 2094 3856 dixit,

520 3864 594 3920 Ut
619 3867 921 3938 accipiatis,
953 3887 1167 3938 verum,
1201 3872 1268 3928 Ut
1298 3876 1645 3942 impleamini.
1679 3877 1900 3934 Habetis
1927 3880 2094 3947 enim,

517 3959 614 4013 sed
668 3962 907 4016 nondum
978 3973 1176 4020 totum.
1238 3967 1304 4021 Et
1356 3971 1503 4038 quod
1557 3971 1896 4027 reconciliati
1952 3973 2094 4040 sitis,

518 4051 816 4118 agnovistis
871 4053 1088 4121 quidem
1135 4074 1151 4111 :
1198 4058 1342 4126 quod
1395 4075 1524 4116 vero
1575 4076 1670 4131 pcr
1720 4059 1942 4128 Filium,
1993 4063 2099 4119 hoc

515 4138 671 4194 deest
697 4138 864 4213 466
893 4143 1068 4211 vobis,
1105 4146 1158 4200 id
1191 4148 1337 4216 quod
1389 4150 1599 4219 impleri
1643 4167 1794 4221 rogo.
1834 4153 2098 4208 Voluntas

519 4231 664 4284 enim
704 4243 760 4288 ct
811 4233 909 4290 Dei
947 4235 1350 4308 beneplacitum
1399 4253 1502 4307 est,
1549 4251 1608 4298 ut
1639 4243 1809 4300 Filius
1835 4261 1966 4302 suus
2000 4263 2099 4318 pro

519 4322 680 4379 nobis
706 4325 950 4394 daretur,
989 4344 1094 4385 non
1127 4332 1329 4402 angeli.
1396 4335 1741 4405 Agnitiouem
1790 4337 1954 4408 igitur
2004 4352 2097 4396 co-

517 4413 779 4483 gnitionis
821 4418 1156 4476 additiouem
1186 4421 1453 4494 intelligo.

2196 3239 2384 3308 εὐχαῖς
2437 3234 2830 3307 βοηθούμενοι,
2893 3231 3063 3300 μήπω
3112 3228 3354 3291 τελείους
3405 3228 3752 3298 ἀνεκτήσαντο

2197 3326 2450 3390 ἑαυτούς.
2481 3327 2628 3396 Ὅρα
2662 3325 2740 3389 δὲ,
2771 3325 2856 3378 ὅτι
2884 3321 3100 3377 πολλῶν
3147 3321 3324 3392 εὐχῶν
3365 3321 3448 3374 δεῖ
3481 3322 3573 3376 καὶ
3597 3320 3751 3388 διηνε-

2197 3422 2334 3484 κῶν,
2389 3421 2484 3473 καὶ
2517 3419 2600 3472 ὅτι
2645 3416 2855 3478 Παῦλος
2894 3416 2984 3469 ἀεὶ
3029 3413 3348 3484 εὐχόμενος,
3403 3414 3501 3466 καὶ
3551 3411 3753 3483 μηδέπω

2196 3515 2424 3580 ἀνύσας,
2456 3514 2608 3581 ὅμως
2637 3513 2738 3565 οὐκ
2774 3510 3008 3579 ἀπέστη.

2272 3603 2387 3658 Καὶ
2420 3603 2763 3672 αἰτούμενοι
2789 3602 2890 3654 ἵνα
2923 3597 3280 3668 πληρωθῆτε
3307 3595 3427 3662 τὴν
3456 3595 3754 3665 ἐπίγνωσιν

2198 3697 2304 3753 τοῦ
2330 3696 2669 3765 θελήματος
2693 3692 2905 3749 αὐτοῦ.
2939 3691 3077 3746 υύτε
3103 3690 3279 3760 πάντη
3312 3689 3529 3753 ἀτελεῖς
3558 3686 3750 3749 αὐτοὺς,

2198 3790 2322 3844 οὐτε
2355 3789 2532 3858 πάντη
2556 3786 2795 3848 τελείους
2817 3785 2969 3855 δηλοῖ
2987 3784 3074 3837 διὰ
3105 3785 3334 3836 τούτων.
3367 3782 3444 3834 Οὐ
3466 3780 3572 3850 γὰρ
3602 3775 3753 3840 εἶπεν,

2203 3879 2320 3932 Ἵνα
2340 3877 2562 3946 λάϐητε,
2593 3875 2728 3940 ἀλλ’,
2755 3875 2890 3930 Ἵνα
2907 3870 3282 3940 πληρωθῆτε.
3314 3872 3507 3941 Ἔχετε
3529 3870 3622 3940 μὲν
3643 3868 3750 3934 γὰρ,

2202 3967 2318 4023 ἀλλ’
2349 3967 2410 4019 οὐ
2436 3966 2496 4019 τὸ
2523 3967 2652 4020 πᾶν.
2707 3964 2819 4019 Καὶ
2856 3964 2940 4018 ὅτι
2978 3963 3076 4034 μὲν
3113 3961 3486 4033 προσήχθητε,
3514 3960 3751 4027 ,ἔγνωτε-

2199 4062 2281 4116 ὅτι
2309 4061 2365 4114 δὲ
2402 4059 2492 4114 διὰ
2524 4058 2620 4112 τοῦ
2660 4057 2794 4112 Υίοῦ
2827 4099 2841 4123 ,
2896 4055 3059 4111 τοῦτο
3103 4055 3312 4108 λείπει·
3341 4054 3370 4106 ὂ
3410 4051 3506 4106 καὶ
3553 4049 3754 4119 εὐχομαι

2203 4151 2592 4223 πληρωθῆναι.
2625 4149 2856 4220 Θέλημα
2887 4147 2998 4218 γάρ
3023 4146 3120 4199 τοῦ
3153 4145 3291 4199 Θεοῦ
3332 4144 3426 4199 καὶ
3460 4141 3685 4203 εὐδοκία,
3707 4137 3755 4189 τὸ

2200 4244 2292 4298 τὸν
2350 4242 2480 4295 Υίὸν
2506 4240 2726 4310 δοθῆναι
2771 4238 2915 4308 ὑπὲρ
2940 4236 3122 4306 ἡμῶν,
3175 4235 3299 4305 οὐχὶ
3326 4234 3456 4297 τούς
3489 4231 3751 4300 ἀγγέλους.

2213 4334 2544 4409 Ἐπίγνωσιν
2573 4326 2667 4386 οὖν
2697 4329 2798 4401 τὴν
2827 4327 3152 4400 προσθήκην
3192 4327 3294 4396 τῆς
3342 4323 3600 4394 γνώσεως
3641 4319 3755 4375 νόει.

590 4506 657 4561 In
680 4511 823 4564 omni
851 4511 1120 4568 intellectu
1143 4524 1193 4569 et
1223 4487 1486 4584 sapientia
1510 4520 1804 4588 spirituali.
1833 4523 1969 4592 Quia
2000 4539 2091 4582 eos

2273 4512 2380 4569 Ἐν
2398 4510 2568 4583 πάσῃ
2583 4508 2836 4566 συνέσει
2849 4487 2947 4562 κάὶ
2966 4505 3153 4576 σοφίᾳ
3173 4498 3574 4572 πνευματικῇ.
3601 4498 3754 4592 Ἐπιι-

519 4602 827 4672 philosophi
865 4603 1234 4676 decipiebant,
1264 4605 1422 4676 Volo,
1465 4609 1666 4681 inquit,
1698 4626 1797 4669 vos
1819 4627 1914 4682 per
1935 4615 2099 4685 spiri-

517 4693 767 4750 rilualem
814 4698 1136 4768 sapientiam
1185 4702 1399 4759 discere
1449 4703 1853 4763 institutionem
1911 4707 2095 4776 istam,

518 4789 805 4860 nonjuxta
859 4793 1184 4863 sapientiam
1238 4795 1544 4866 hominum,
1597 4813 1695 4869 per
1741 4814 1904 4870 quam
1951 4816 2099 4857 nunc
2129 4841 2142 4850 .

516 4880 761 4952 decepti,
792 4884 1138 4943 arbitramini
1186 4902 1285 4944 vos
1315 4890 1561 4948 novisse.
1598 4889 1656 4947 Si
1695 4902 1878 4950 autem
1909 4902 1969 4949 ut
1997 4907 2096 4950 vo-

516 4973 782 5031 luntatem
838 4975 936 5033 Dei
992 4978 1294 5050 discamus,
1329 4981 1597 5052 spirituali
1648 4985 1916 5055 sapientia
1959 5000 2099 5057 opus

517 5076 636 5124 est:
664 5069 796 5140 quid
821 5069 968 5128 dicet
993 5071 1191 5145 aliquis
1223 5075 1291 5131 de
1311 5075 1380 5133 iis
1403 5077 1494 5147 qui
1521 5093 1642 5135 sese
1670 5079 1768 5136 Dei
1801 5081 2096 5139 essentiam

517 5174 585 5217 ex
610 5171 838 5219 externa
863 5165 1131 5235 sapientia
1162 5169 1384 5226 novisse
1406 5169 1748 5239 gloriantur?

587 5252 756 5310 Vens.
789 5254 881 5320 10,
915 5254 986 5310 Ut
1027 5274 1118 5335 uos
1169 5259 1451 5316 ambuletis
1501 5262 1656 5333 digne
1683 5263 1934 5321 Domino.
1966 5266 2100 5333 Oro,

517 5344 720 5414 inquit,
752 5353 813 5402 ut
837 5361 936 5404 vos
960 5347 1211 5419 discetis,
1241 5353 1386 5423 quod
1438 5354 1642 5409 servati
1686 5355 1806 5412 sitis
1835 5371 1933 5426 per
1966 5357 2101 5413 Uni-

2204 4606 2269 4677 δὴ
2300 4605 2502 4668 αὐτοὺς
2543 4604 2594 4657 oi
2646 4601 2928 4672 φιλόσοφοι
2967 4598 3215 4669 ἡπάτων,
3266 4594 3559 4663 Βούλομαι,
3590 4587 3750 4659 φησὶν.

2205 4700 2349 4772 ὑμᾶς
2399 4701 2458 4753 ὲν
2493 4697 2838 4767 πνευματικῇ
2895 4691 3060 4764 σοφίᾳ
3111 4689 3307 4761 μαθεῖν
3338 4687 3400 4742 τὸ
3447 4687 3642 4756 δόγμα,
3689 4679 3750 4748 μὴ

2205 4792 2349 4848 κατὰ
2376 4791 2477 4862 τὴν
2501 4787 2694 4856 σοφίαν
2735 4785 2835 4840 τῶν
2857 4783 3186 4855 ἀνθρώπων,
3215 4782 3306 4852 ὐφ’
3437 4775 3751 4876 πλανώμενοι

2205 4885 2322 4950 νῦν,
2353 4883 2534 4938 οἴεσθε
2584 4882 2804 4937 ειδέναι.
2837 4877 2900 4932 Et
2937 4875 2996 4930 δὲ
3027 4875 3171 4931 ὥστε
3214 4874 3276 4928 τὸ
3326 4873 3537 4969 Θέλημα
3583 4865 3751 4969 μαθεῖν

2207 4977 2400 5049 σοφίας
2446 4971 2824 5045 πνευματικῆς
2877 4971 2977 5034 δεῖ,
3047 4968 3101 5022 τί
3147 4968 3213 5023 ἀν
3241 4984 3326 5032 τις
3369 4967 3487 5037 ἐρεῖ
3518 4962 3750 5032 περὶτῶν

2204 5071 2306 5143 τὴν
2349 5067 2539 5123 οὐσίαν
2590 5063 2688 5120 τοῦ
2742 5061 2880 5119 Θεοῦ
2928 5063 2994 5117 ὲκ
3041 5061 3142 5132 τῆς
3169 5059 3277 5127 ἔξω
3331 5057 3526 5127 σοφίας
3575 5051 3750 5106 εἰδέναι

2206 5160 2524 5233 αὐχούντων
2547 5176 2563 5226 ;

2269 5249 2680 5323 Περιπατῆσαι
2706 5248 2863 5322 ὑμᾶς
2883 5246 3068 5314 ἀξίως
3097 5242 3207 5300 τοῦ
3231 5243 3475 5312 Κυρίου.
3511 5239 3749 5308 Εὐχομαιι

2200 5350 2360 5421 φησὶ,
2392 5347 2584 5419 μαθεῖν
2617 5345 2785 5416 ὑμᾶς,
2809 5344 2893 5398 ὃτι
2917 5339 3005 5394 διὰ
3030 5337 3125 5392 τοῦ
3144 5334 3485 5406 Μονογενοῦς
3513 5329 3748 5399 ἐσώθητε,

516 5435 782 5505 genitum,
814 5447 873 5491 ut
914 5453 1014 5494 vos
1053 5439 1371 5507 ambuletis,
1403 5441 1508 5498 hoc
1551 5451 1655 5510 est,
1692 5441 1766 5499 Ut
1797 5425 2091 5501 secundum

2197 5444 2278 5507 είς
2329 5441 2392 5496 τὸ
2445 5438 2816 5513 περιπατῆσαι
2871 5434 3055 5504 ὑμᾶς’
3111 5430 3409 5494 τουτέστιν,
3479 5425 3588 5522 Ἵνα
3642 5426 3747 5522 κατ’

517 5525 774 5584 virtutem
805 5528 1027 5588 vivatis.
1050 5531 1155 5601 Qui
1177 5531 1322 5588 enim
1352 5531 1698 5593 clementiam
1742 5537 1836 5594 Dei
1891 5539 2091 5594 didice-

2197 5534 2400 5608 ἀρετὴν
2425 5532 2654 5603 ζήσητε.
2694 5528 2756 5584 '0
2781 5526 2893 5600 γὰρ
2938 5526 3039 5597 τὴν
3067 5521 3161 5579 τοῦ
3195 5521 3330 5576 Θεοῦ
3365 5514 3742 5589 φιλανθρωπίαν

1871 5675 2070 5740 Varias
2109 5672 2440 5738 lectiones.

591 5789 636 5821 "
663 5790 966 5857 Κολοσσαῖς
989 5809 1040 5849 0.
