3994 6598
255 432 407 499 1213

1047 428 1456 492 EXPOSITIO
1497 429 1579 491 IN
1623 429 1864 490 EPIST.
1908 430 2010 490 AD
2049 430 2347 492 COLOSS.
2381 452 2450 468 —'
2485 427 2646 490 CAP.
2696 424 2756 485 1.

3373 409 3515 480 1214

251 549 626 623 καταμαθὼν,
656 549 750 604 καὶ
781 549 862 603 ὅτι
905 548 993 602 τὸν
1024 549 1155 602 Υἱδν
1185 549 1350 602 αὑτοῦ
1394 549 1658 614 ἐξέδωκεν
1701 545 1841 616 ὑπὲρ

1965 544 2039 610 ιῑι,
2076 556 2131 602 et
2161 545 2303 616 quod
2336 541 2532 598 Filium
2565 553 2725 597 suum
2768 547 2864 606 pro
2896 530 3054 587 nobis
3101 526 3330 594 dederit,
3377 543 3514 599 quo-
3591 594 3600 601 κ

253 642 445 713 ἡμῶν,
505 639 622 703 πῶς
680 641 780 693 οὐκ
832 637 896 693 ἂν
932 638 1288 692 σπουδάσειεν
1347 639 1540 692 ἐαυτὸν
1590 635 1838 689 ἐκδοῦναι

253 735 373 796 τοῖς
436 734 535 802 τῆς
591 731 790 802 ἀρετῆς
820 731 1022 793 πόνοις,
1082 729 1176 782 καὶ
1232 727 1325 780 τὸν
1372 726 1536 780 αὐτοῦ
1609 727 1842 796 σταεφδιν

256 821 398 895 ἆραι
427 840 441 890 ;
490 825 564 876 Τὸ
595 824 727 892 γὰρ,
769 821 1201 892 Περιπατῆσαι,
1239 820 1366 890 περὶ
1400 818 1515 890 βίου
1566 818 1660 872 καὶ
1694 818 1846 871 πολι-

255 916 417 979 τείας
450 917 620 980 ἐστὶν,
649 915 723 980 ώς
755 916 998 987 εἴρηται.
1032 916 1139 969 Καὶ
1173 914 1453 985 πανταχοῦ
1479 913 1536 966 δὲ
1559 915 1625 983 τῇ
1663 912 1844 966 πίστει

260 1007 534 1062 συνάπτει
564 1008 664 1079 τὴν
710 1006 1008 1062 πολιτείαν.
1043 1008 1150 1060 Καὶ
1179 1005 1358 1068 ἄλλως
1411 1005 1489 1070 δὲ,
1535 1002 1653 1059 Οὐκ
1686 1003 1844 1074 εὐχό-

262 1101 434 1171 μεθα,
470 1100 626 1172 φησὶ,
657 1100 818 1171 μόνον
853 1100 941 1154 ἵνα
974 1099 1206 1171 μάθητε,
1240 1098 1354 1153 ἀλλ’
1381 1099 1466 1153 ἵνα
1498 1099 1592 1152 καὶ
1616 1097 1708 1151 ἐπὶ
1735 1097 1845 1151 τῶν

259 1193 451 1263 ἔργων
484 1191 848 1248 ἐπιδείκνυτε.
895 1192 953 1246 '0
987 1191 1094 1263 γὰρ
1131 1190 1286 1254 είδὼς
1321 1190 1493 1261 χωρὶς
1527 1189 1620 1242 τοῦ
1645 1189 1842 1254 ποιεῖν,

259 1284 604 1348 κολάζεσθαι
659 1283 865 1354 μέλλει.
897 1282 1075 1335 Βλέπε
1105 1283 1181 1346 δὲ,
1232 1281 1348 1345 πῶς
1412 1281 1714 1351 περίπατον
1759 1279 1848 1333 ἀεὶ

260 1377 368 1445 τὴν
403 1375 680 1428 πολιτείαν
713 1375 888 1440 καλεῖ,
918 1375 1130 1439 δεικνὺς
1153 1375 1233 1428 ὅτι
1255 1373 1444 1444 ὥσπερ
1475 1374 1564 1426 ἀεὶ
1587 1373 1649 1427 τὸ
1673 1390 1842 1443 περιο

261 1470 466 1522 πατεῖν
524 1469 824 1538 ἀναγκαῖον
901 1469 1054 1540 ἡμῖν,
1095 1466 1239 1521 οῦτω
1291 1466 1682 1538 καὶὸἆριστος
1711 1465 1846 1536 βίος.

337 1739 446 1804 Είς
478 1736 686 1794 πᾶσαν
718 1736 1042 1806 ἀρέσκειαν
1088 1737 1158 1791 ἐν
1204 1734 1383 1791 παντὶ
1429 1736 1579 1807 ἔργῳ
1627 1734 1847 1807 ἀγαθῷ.

270 1831 398 1884 Ἰνα
447 1831 611 1891 οὕτω,
655 1829 813 1899 φησὶ,
852 1830 1008 1899 ζῆτε,
1035 1829 1174 1883 ὥστε
1217 1829 1307 1884 διὰ
1337 1831 1556 1884 πάντων
1590 1831 1850 1900 ἀρέσκειν

264 1923 350 1991 τῷ
381 1922 524 1992 Θεῷ.
563 1895 687 1985 Πῶς
717 1895 777 1975 δὲ
800 1895 1001 1975 ἔσται,
1026 1922 1224 1988 τοῦτο;
1268 1923 1382 1975 Οὐκ
1404 1922 1578 1983 ἄλλως
1607 1895 1655 1974 εί
1685 1922 1760 1992 μὴ
1792 1924 1849 1976 ὲν
1879 1895 1923 1952 Β

266 2017 444 2068 παντὶ⁵
490 2015 637 2088 ἔργῳ
669 2015 881 2087 ἀγαθῷ.
917 2015 1093 2069 Ὅπου
1129 2017 1238 2090 γὰρ
1274 2017 1384 2068 πᾶν
1415 2015 1575 2086 ἔργον
1623 2014 1848 2084 ἀγαθὸν,

267 2111 396 2163 ἐκεῖ
429 2110 577 2163 πᾶσα
611 2108 876 2179 ἀρέσκεια
898 2107 1054 2162 Θεοῦ.
1090 2109 1290 2164 Σκόπει
1320 2108 1401 2174 δὲ,
1434 2109 1552 2173 πῶς
1574 2108 1851 2179 πανταχοῦ

269 2204 360 2268 τὸ,
414 2203 564 2270 Πᾶν,
600 2203 991 2276 προστίθησιν·
1024 2204 1096 2258 ἐν
1147 2201 1316 2271 πάσῃ
1358 2202 1545 2271 σοφίᾳ
1575 2218 1588 2231 ·
1627 2201 1741 2267 καὶ,
1780 2200 1852 2254 ἐν

269 2294 462 2349 παντί
516 2295 666 2363 ἔργῳ
694 2293 896 2363 ἀγαθῷ
919 2308 934 2327 ο
978 2293 1094 2360 καὶ,
1131 2295 1218 2359 είς
1260 2291 1467 2349 πᾶσαν
1494 2293 1816 2362 ἀρέσκειαν
1836 2307 1850 2322 ·

269 2388 400 2451 καὶ,
441 2388 528 2451 εὶς
573 2385 782 2442 πᾶσαν
820 2386 1239 2456 μακροθυμίαν
1261 2402 1275 2416 ο
1311 2387 1528 2450 δεικνὺς
1565 2386 1648 2440 ὅτι
1671 2385 1855 2456 έχουσι

275 2479 383 2552 μὲν
412 2479 510 2533 καὶ
537 2478 655 2544 νῦν,
701 2479 760 2531 οὐ
805 2477 910 2548 μὴν
940 2478 1000 2532 τὸ
1051 2481 1180 2535 πᾶν.
1233 2479 1394 2532 Ὥστε
1423 2479 1505 2532 δεῖ
1549 2479 1745 2545 αὐτοὺς
1795 2480 1856 2533 τὸ

271 2571 488 2626 τέλειον
519 2572 566 2604 ’⁸
599 2571 949 2643 προσλαϐεῖν.

348 2663 892 2732 Καρποφοροῦντες
914 2661 1013 2716 καί
1041 2662 1438 2732 αὐξανόμενοι
1472 2663 1559 2728 είς
1584 2661 1699 2732 τὴν
1731 2663 1859 2718 ἐπί-

275 2771 514 2824 γνωσιν
557 2755 664 2809 τοῦ
707 2755 879 2811 Θεοῦ.
923 2755 1156 2824 Ὥσπερ,
1206 2755 1391 2824 φησὶν,
1443 2755 1722 2824 ἐπέγνωτε
1766 2755 1859 2812 τὸν

277 2847 419 2901 Θεὸν
455 2847 717 2917 μειζόνως
752 2848 785 2919 ἢ
824 2849 872 2901 οί
918 2847 1141 2902 παλαιοὶ
1169 2847 1238 2914 ⁷⁸,
1275 2847 1448 2911 οὕτως
1475 2848 1719 2918 ὀφείλετε
1764 2849 1860 2902 καὶ

275 2940 338 2993 ὲν
375 2940 456 3010 τῷ
490 2941 589 3011 βίῳ
613 2940 799 3006 αὔξειν
835 2941 978 2994 κατὰ
1008 2940 1069 2993 τὺ
1103 2940 1304 3012 μέτρον
1339 2941 1437 3009 τῆς
1480 2939 1756 3009 γνώσεως.
1797 2940 1860 2994 '0

277 3032 396 3102 γὰρ
424 3031 786 3099 καταξιωθεὶς
818 3033 1014 3085 εἰδέναι
1034 3018 1187 3096 Θεδν,
1215 3031 1356 3084 ὥστε
1382 3033 1427 3062 ⁷³
1459 3031 1552 3084 καὶ⁸
1579 3031 1692 3096 υἱὸς
1722 3027 1861 3085 εἶναι

278 3124 447 3187 Θεοῦ,
480 3123 654 3192 πόσης
683 3123 886 3195 ἀρετῆς
919 3125 1130 3190 δεῖται;
1162 3124 1254 3188 Ἢ,
1285 3124 1366 3175 ὅτι
1401 3125 1490 3176 Δεῖ
1522 3123 1621 3193 μὲν
1649 3140 1861 3193 καρπο-

1949 641 2110 696 modo
2143 654 2248 693 non
2285 635 2530 694 studebit
2567 633 2801 704 seipsum
2834 627 3030 684 dedere
3060 622 3274 678 virtutis
3311 621 3513 676 labori-

1945 733 2070 798 bus,
2093 732 2334 799 adeoque
2361 741 2575 784 crucem
2601 725 2768 793 ipsius
2787 719 3018 778 tollere?
3052 713 3336 770 Ambulare
3373 712 3515 768 enim

1946 827 2013 881 ad
2044 825 2210 878 vitam
2263 831 2317 876 et
2350 818 2822 876 conversationem
2871 811 3137 882 pertinet,
3190 806 3516 886 utidictum

1946 924 2051 972 est.
2086 913 2302 983 Ubique
2339 917 2518 963 autem
2550 905 2696 970 ﬁdei,
2726 902 2850 956 vitae
2886 898 3154 953 rationem
3207 902 3261 948 et
3290 905 3520 947 conver-

1948 980 2224 1062 sationem.
2253 998 2550 1057 connectit.
2573 995 2870 1058 Praeterea,
2901 1004 3008 1044 non
3043 999 3286 1048 oramus,
3322 980 3516 1051 inquit,

1948 1105 2008 1152 ut
2032 1091 2255 1150 discatis
2285 1085 2685 1150 tantummodo,
2717 1095 2909 1137 verum
2938 1084 2996 1133 ut
3021 1076 3279 1147 operibus
3306 1083 3522 1143 quoque

1949 1185 2367 1250 demonstretis,
2419 1179 2524 1248 Qui
2575 1177 2721 1235 enim
2763 1174 2932 1238 novit,
2972 1178 3028 1227 et
3080 1184 3187 1225 non
3223 1165 3376 1231 facit,
3429 1177 3524 1232 pu-

1949 1281 2152 1338 nietur.
2186 1275 2574 1333 Animadverte
2619 1277 2822 1332 autem,
2860 1260 3134 1334 quomodo
3169 1270 3385 1325 semper
3415 1267 3525 1306 am-

1949 1371 2281 1428 bulationem
2351 1366 2516 1421 vitam
2587 1357 3167 1423 conversationemque
3253 1344 3522 1419 appellat,

1951 1464 2242 1521 ostendens
2269 1460 2414 1532 quod
2435 1455 2664 1528 perinde
2686 1468 2752 1508 ac
2785 1461 3064 1520 nunquam
3101 1458 3209 1500 non
3247 1436 3526 1496 ambulare

1951 1557 2109 1612 nobis
2157 1550 2528 1610 necessarium
2567 1553 2673 1616 est,
2707 1544 2788 1601 sic
2829 1550 2884 1598 et
2922 1539 3127 1612 optima
3181 1533 3291 1591 vita
3329 1543 3523 1586 neces-

1951 1647 2096 1705 saria
2131 1652 2234 1701 est.

2025 1738 2132 1795 Per
2164 1737 2338 1794 omnia
2367 1733 2654 1806 placentes,
2691 1728 2746 1784 in
2773 1725 2914 1782 omni
2943 1735 3096 1791 opere
3130 1720 3284 1773 bono.
3317 1711 3392 1769 Ut
3421 1711 3524 1771 sic.

1957 1834 2159 1904 inquit,
2207 1804 2429 1892 vivatis,
2465 1833 2524 1880 ut
2573 1837 2672 1894 per
2701 1819 2883 1877 omnia
2941 1809 3202 1904 placeatis
3244 1809 3374 1904 Deo.
3423 1804 3525 1870 Qui

1951 1897 2081 1978 vero
2115 1921 2218 1974 hoc
2249 1916 2352 1971 ﬁt?
2383 1912 2500 1969 Non
2529 1911 2708 1973 aliter,
2741 1907 2846 1962 nisi
2885 1905 2940 1959 in
2970 1900 3115 1957 omni
3157 1911 3321 1966 opere
3349 1897 3525 1948 bono:

1953 2009 2042 2066 ubi
2078 2007 2226 2063 enim
2260 2017 2424 2061 omne
2453 2014 2589 2072 opus
2639 1999 2848 2054 bonum
2881 2001 2988 2058 est,
3031 1989 3106 2044 ibi
3141 1995 3196 2045 et
3236 1985 3396 2057 plena
3434 1983 3526 2037 Dei

1953 2098 2370 2174 complacentia.
2425 2091 2722 2152 Considera
2757 2095 2941 2144 autem
2997 2079 3271 2154 quomodo
3332 2075 3529 2145 ubique

1954 2167 2103 2252 omne
2155 2198 2388 2264 apponat
2430 2205 2446 2244 :
2481 2184 2550 2242 In
2609 2182 2754 2240 omni
2799 2177 3065 2249 sapientia
3090 2189 3110 2229 :
3147 2181 3226 2237 et,
3276 2169 3346 2224 In
3386 2167 3527 2222 omni

1899 2274 1908 2282 ’
1955 2304 2106 2361 apere
2134 2263 2264 2342 bona
2287 2299 2306 2338 :
2328 2291 2382 2337 et
2404 2279 2511 2336 Per
2538 2277 2714 2333 omnia
2737 2273 2997 2346 placentes
3027 2283 3047 2323 :
3078 2274 3153 2333 et,
3192 2263 3273 2318 Ad
3323 2274 3527 2316 omnem

1957 2351 2418 2451 longanimitatem
2442 2389 2462 2429 :
2483 2369 2779 2427 ostendens
2802 2363 2945 2436 quod
2968 2359 3204 2416 habeant
3231 2351 3533 2451 quidem-et

1958 2441 2123 2538 nunc,
2159 2467 2396 2524 nondum
2429 2473 2613 2519 tamen
2655 2468 2826 2514 totum
2869 2465 3080 2524 :quare
3107 2441 3530 2504 consummatio-

1958 2580 2080 2620 nem
2109 2576 2206 2617 803
2236 2569 2516 2615 assumere
2548 2554 2785 2623 Oportet.

2030 2647 2439 2720 Fructiﬁcantes
2495 2654 2542 2701 et
2588 2622 2890 2697 crescentes
2934 2635 2992 2689 in
3044 2628 3363 2703 agnitionem
3412 2622 3531 2678 Dei.

1970 2713 2463 2816 Quemadmodum,
2520 2733 2720 2805 inquit,
2766 2727 2993 2786 novistis
3043 2725 3209 2780 Deum
3245 2713 3536 2789 perfectius

1961 2807 2121 2916 qbam
2155 2837 2249 2909 qui
2272 2833 2400 2890 olim
2427 2831 2632 2894 vixere,
2667 2827 2814 2882 hanc
2843 2821 2910 2876 ad
2939 2807 3540 2916 rationem'debetis‘et

1961 2895 2016 2990 in
2040 2931 2155 2987 vita
2174 2895 2434 2984 let-escere
2477 2922 2658 2993 juxta'
2683 2926 2995 2974 mensuram
3039 2901 3390 2976 cognitionis.
3429 2895 3534 2964 "Qui

1962 3024 2108 3081 enim
2143 3019 2309 3074 tantis
2345 3023 2433 3072 est
2491 3015 2747 3076 donatus,
2793 3014 2855 3061 ut
2908 3003 3083 3058 Deum
3133 2997 3321 3060 sciret,
3368 2998 3538 3081 utque

1964 3077 2109 3168 {illius
2153 3108 2246 3163 Dei
2298 3112 2466 3172 esset,
2514 3107 2718 3172 quanta
2751 3095 2961 3151 virtute
3003 3103 3142 3160 opus
3187 3081 3390 3142 habet?
3417 3077 3537 3144 Vel,

281 3181 478 3285 φορεῖν
511 3181 657 3284 ὑμὲς
711 3181 808 3277 τὰς
845 3181 1066 3282 ,άγαθὰς
1117 3181 1364 3283 πράξεις,
1421 3181 1536 3267 an;
1572 3181 1738 3268 ὥστε.
1765 3213 1859 3266 καὶ

1965 3209 2094 3282 quia
2125 3205 2354 3278 Oportet
2374 3214 2474 3255 vos
2497 3196 2744 3267 proferre
2771 3191 2990 3262 quidem
3017 3186 3252 3241 fructum
3275 3181 3538 3235 bonorum

279 3307 388 3377 τὴν
429 3306 726 3375 ἐπίγνωσιν
758 3305 854 3359 τοῦ
895 3304 1031 3358 Θεοῦ
1065 3305 1208 3375 ἔχειν
1244 3306 1317 3367 ὡς
1369 3305 1466 3372 δεῖ,
1523 3306 1618 3360 καὶ
1652 3305 1750 3376 οὐχ
1782 3305 1858 3370 ὡς

282 3397 385 3451 νῦν
419 3398 626 3451 δοκεῖτε
657 3397 824 3469 ἔχειν.
857 3398 924 3451 Τί
951 3398 1059 3468 γὰρ
1085 3398 1274 3466 ὄφελος
1307 3397 1422 3468 βίου
1449 3401 1545 3452 καὶ
1566 3398 1858 3465 πολιτείας,

282 3491 388 3544 ἐὰν
443 3491 673 3559 ἀγνοῆτε
719 3489 810 3542 τὶν
859 3490 984 3544 Υίδν
1021 3490 1114 3543 τοῦ
1155 3490 1325 3557 Θεοῦ;
1373 3491 1574 3545 Σκόπει
1619 3492 1697 3558 δὲ,
1747 3493 1864 3558 πῶς

285 3581 551 3649 ἀνωτέρω
578 3581 679 3649 τῆς
713 3580 1061 3648 ἐπιγνώσεως
1089 3581 1256 3652 ἔφησε
1281 3583 1486 3638 δεῖσθαι
1513 3587 1592 3646 είς
1621 3585 1682 3637 τὸ
1714 3601 1778 3638 πε
1787 3603 1868 3656 ρι-

286 3673 538 3741 πατῆσαι
572 3671 738 3737 ἀξίως
788 3673 884 3725 τοῦ
917 3674 1125 3743 Κυρίου
1148 3691 1161 3705 ο
1198 3675 1294 3728 νῦν
1323 3670 1477 3739 αὖθις
1505 3678 1728 3730 ἀπαιτεῖ
1757 3677 1869 3730 αὑ-

289 3765 477 3829 ξάνειν
522 3765 581 3818 ἐν
636 3767 749 3828 τοῖς
793 3765 1020 3834 ἀγαθοῖς
1062 3767 1265 3838 ἔργοις,
1311 3770 1391 3830 είς
1421 3768 1481 3820 τὸ
1511 3767 1627 3838 ἅμα
1660 3769 1753 3821 καὶ
1777 3770 1868 3825 τὸν

288 3858 432 3910 Θεὸν
481 3857 903 3928 ἐπιγινώσκειν*
957 3858 1221 3930 ἑκάτερον
1276 3860 1386 3930 γὰρ
1448 3861 1715 3930 ἐκατέρου
1769 3877 1866 3913 συ-

292 3946 579 4001 στατικόν.

377 4136 484 4188 Ἐν
532 4134 700 4204 πάσῃ
755 4133 1004 4204 δυνάμει
1058 4133 1522 4204 δυναμούμενοι.
1584 4131 1871 4204 Εὑχόμεθα

291 4229 385 4284 tea.
417 4227 747 4298 πληρωθῆτε
781 4246 800 4280 ι
843 4229 904 4282 ἐν
954 4228 1105 4301 πάσῃ
1134 4227 1360 4299 δυνάμει
1392 4225 1812 4296 δυναμούμενοι.
1845 4243 1864 4277 ι

289 4320 442 4391 Πρὸς
471 4319 523 4373 τί
547 4336 561 4386 ;
591 4319 732 4390 Πρὸς
755 4318 882 4384 τοὺς
905 4319 1248 4392 πειρασμοῖις
1285 4318 1381 4372 καὶ
1419 4317 1547 4381 τοὺς
1575 4315 1869 4388 διωγμοὺς,

291 4416 442 4471 ὥστε
484 4415 560 4486 μὴ
592 4412 910 4484 ἀκηδιάσαι,
945 4411 1080 4482 μηδὲ
1109 4410 1445 4479 ἀπογνῶναι.

364 4508 527 4564 Κατὰ
554 4507 621 4561 τὸ
647 4505 865 4577 κράτος
894 4503 1004 4573 τῆς
1025 4501 1212 4571 δόξης
1230 4502 1436 4558 αὐτοῦ.
1467 4500 1586 4555 Ἵνα
1616 4501 1870 4572 τοιαύτην

296 4600 530 4672 δύναμιν
559 4597 637 4669 δῷ
674 4598 826 4669 ὑμῖν,
865 4595 983 4654 οἷαν
1007 4595 1209 4666 πρέπει
1237 4593 1388 4664 αὐτῷ
1407 4594 1630 4659 διδόναι,
1660 4593 1870 4662 ἄφατον

293 4693 396 4750 καὶ¹
420 4692 648 4762 ἄπειρον
665 4689 868 4761 δηλαδή
887 4705 902 4721 ο
927 4688 1068 4760 πλὴν
1090 4689 1167 4752 ὡς
1194 4687 1469 4758 ἀνθρώπῳ
1493 4685 1718 4740 δυνατὸν
1739 4683 1872 4738 rati-

292 4801 398 4855 την
429 4782 635 4837 λαϐεῖν.
688 4781 867 4851 Πολλὴ
896 4781 954 4834 δὲ
988 4780 1022 4852 ή
1059 4778 1403 4850 παραμυθία.
1437 4777 1512 4831 Οὐ
1556 4776 1665 4847 γὰρ
1709 4772 1830 4830 εῐπε
1852 4817 1867 4844 ,

295 4877 560 4948 Δύναμιν,
614 4872 773 4940 ἀλλὰ,
815 4872 1066 4943 Κράτος,
1093 4871 1122 4925 ὃ
1174 4871 1356 4940 μεῖζόν
1385 4871 1564 4925 ἐστιν·
1601 4869 1677 4933 ὡς
1720 4867 1788 4922 ἂν
1821 4867 1872 4921 εί

296 4967 488 5036 ἔλεγε·
532 4965 820 5036 Πανταχοῦ
870 4966 905 5036 ἡ
938 4963 1066 5028 δόξα
1108 4961 1273 5018 αὑτοῦ
1309 4962 1520 5032 κρατεῖ.
1561 4961 1655 5032 Μὴ
1694 4959 1874 5014 τοίνυν

300 5059 444 5130 μηδὲ
473 5059 636 5130 ὑμεῖς
671 5059 728 5112 ἐν
762 5057 877 5121 τοῖς
902 5056 1096 5118 δεινοῖς
1121 5052 1484 5125 μαλακίζεσθε
1505 5069 1522 5088 ν
1551 5051 1877 5124 δυναμωθή-

1964 3272 2211 3372 operum,
2233 3295 2327 3353 sed
2358 3294 2433 3348 ita
2455 3299 2515 3347 ut
2535 3297 2590 3345 et
2611 3283 2944 3357 agnitionem
2969 3276 3066 3333 Dei
3089 3272 3335 3330 habeatis
3361 3281 3541 3338 quem-

1963 3363 2250 3450 admodum
2289 3383 2588 3448 convenit,
2642 3385 2696 3434 et
2735 3390 2841 3431 non
2895 3363 3347 3441 quemadmodum
3396 3371 3540 3413 nunc

1966 3484 2220 3544 videmini
2282 3479 2504 3538 habere.
2554 3475 2686 3542 Quae
2729 3468 2874 3527 enim
2922 3458 3279 3520 commoditas
3309 3453 3433 3544 vitae
3484 3459 3539 3544 et

1965 3575 2394 3637 conversationis
2440 3577 2658 3633 vestras,
2718 3561 2763 3618 si
2829 3553 3092 3630 ignoretis
3157 3539 3542 3640 FiliumuDei'?

1967 3635 2104 3728 Uide
2134 3676 2312 3724 autem
2345 3659 2618 3734 quomodo
2648 3667 2815 3724 supra
2863 3663 2956 3705 eos
2994 3641 3303 3713 cognitione
3345 3635 3542 3690 dixerit

1969 3764 2212 3833 indigere
2241 3759 2307 3815 ad
2332 3727 2436 3812 hoc
2459 3761 2518 3808 ut
2541 3751 2704 3820 digne
2725 3742 2955 3801 Domino
2979 3736 3144 3810 467
3166 3727 3536 3833 σιιιὺυιειεριι

1970 3815 2117 3912 ηυηέ
2150 3865 2342 3907 rursus
2375 3846 2545 3916 exigit
2579 3843 2647 3898 ab
2700 3839 2780 3896 eis
2827 3843 2888 3892 ut
2921 3833 3174 3887 crescant
3205 3815 3541 3916 in_operibus

1967 3945 2153 4009 bonis,
2187 3950 2250 3998 ut
2286 3937 2446 3996 simul
2470 3911 2651 3993 Deum
2682 3929 2846 3986 etiam
2886 3925 3202 3997 agnoscant.
3238 3911 3543 3978 Utrumque

1971 4036 2112 4093 enim
2145 4032 2428 4100 utriusque
2449 4035 2534 4084 est
2560 4019 2994 4081 constitutivum.

2040 4124 2204 4180 Vens.
2247 4093 2441 4176 ll.-1n
2464 4115 2604 4170 omni
2634 4109 2870 4182 potentia
2894 4099 3207 4174 confortati.
3247 4093 3542 4178 Precamur

1971 4228 2032 4276 ut
2083 4211 2418 4286 impleamini
2465 4209 2520 4265 in
2582 4204 2733 4264 omni
2781 4199 3025 4274 potentia
3093 4185 3381 4248 confortati
3430 4183 3544 4238 τι]

1972 4281 2450 4383 (ιυῑᾶῖ-Δόνετειιε
2515 4298 2848 4358 tentationes
2896 4299 2952 4348 et
2997 4281 3423 4358 persecutiones,
3475 4285 3546 4328 ne

1971 4398 2237 4473 torpeatis
2271 4409 2453 4468 neque
2485 4387 2808 4462 desperetis.

2043 4457 2671 4556 S‘ecundum-potentiam
2717 4475 2903 4550 gloria:
2945 4470 3080 4542 ejus.
3116 4465 3188 4526 Ut
3233 4457 3542 4556 huiusmodi

1901 4562 1945 4619 θ
1974 4545 2067 4639 det
2095 4545 2257 4637 vobis
2288 4545 2610 4649 potentiam,
2645 4545 2862 4641 qualem
2893 4565 3047 4620 decet
3067 4573 3192 4616 eum
3223 4555 3377 4616 dare,
3409 4545 3546 4649 inef-

1976 4674 2200 4732 fabilem
2236 4642 2580 4728 et'inﬁnitam
2614 4661 2863 4724 videlicet
2889 4661 3297 4715 :verumtamen
3334 4642 3544 4716 qualem

1975 4765 2230 4840 possibile
2260 4773 2346 4819 est
2374 4760 2443 4817 ab
2490 4756 2713 4815 homine
2764 4749 2958 4822 accipi.
3013 4746 3206 4817 Magna
3258 4746 3439 4840 autem
3467 4742 3549 4788 est

1976 4827 2296 4916 consolatio.
2339 4849 2458 4908 Non
2495 4847 2642 4906 enim
2676 4843 2832 4908 dixit,
2850 4839 3116 4908 Δύναμιν,
3145 4833 3261 4898 sed,
3291 4827 3509 4916 Κράτος
3529 4862 3544 4884 9

1977 4914 2119 5020 quod
2159 4945 2337 5017 majus
2364 4953 2450 5000 est
2490 4939 2680 5012 :quasi
2712 4935 2937 5000 diceret,
2984 4928 3195 5020 Ubique
3226 4922 3344 5020 eius
3377 4914 3544 4987 gloria

1973 5013 2304 5098 dominatur.
2337 5035 2514 5092 Nolite
2540 5032 2707 5103 igitur
2731 5042 2830 5085 vos
2862 5026 2919 5083 in
2947 5017 3205 5094 periculis
3242 5013 3545 5103 languere:

300 5099 466 5207 εεσθε
509 5099 641 5221 γὰρ,
669 5150 746 5214 ώς
797 5148 946 5212 εἰκὸς
989 5099 1392 5218 τοὺςῖεσπότῃ
1443 5142 1586 5198 οὕτω
1628 5099 1859 5216 κριαταιίῖ

1975 5129 2416 5190 confortabimini
2433 5099 2602 5189 enim,
2614 5131 2676 5179 ut
2691 5136 2789 5194 par
2812 5126 2896 5176 est
2917 5128 3013 5172 eos
3037 5109 3130 5183 qui
3158 5103 3389 5162 Domino
3413 5099 3548 5154 adeo

301 5242 401 5299 καὶ
436 5241 634 5312 ἐνδόξῳ
666 5237 1036 5300 δουλεύοντας.

363 5337 474 5403 Είς
496 5333 705 5391 πᾶσαν
727 5330 1047 5401 ὑπομονὴν
1070 5327 1168 5384 καὶ
1196 5326 1630 5398 μακροθυμίαν.
1654 5345 1673 5378 ι
1706 5327 1876 5383 Δυναρ

305 5427 571 5502 μούμενοι
599 5427 679 5490 είς
698 5427 879 5480 πᾶσαν
909 5422 1225 5493 ὑπομονὴν,
1245 5439 1265 5474 ι
1293 5422 1389 5492 τὴν
1420 5418 1556 5491 πρὸς
1576 5419 1702 5483 τοὺς
1731 5418 1835 5485 ἔξω
1856 5431 1874 5449 ⁶

310 5539 333 5575 e
353 5517 758 5591 μακροθυμίαν,
783 5534 803 5568 ι
823 5513 920 5588 τὴν
939 5513 1076 5586 πρὸς
1099 5510 1382 5584 ἀλλήλους.
1397 5509 1760 5583 Μακροθυμεῖ
1779 5509 1880 5582 μὲν

304 5612 416 5684 γάρ
461 5628 547 5676 τις
595 5609 734 5681 πρὸς
783 5607 1049 5672 ἐκείνους,
1096 5603 1192 5669 οὒς
1239 5601 1464 5660 δυνατὸν
1517 5601 1832 5675 ἀμύνασθαι
1860 5617 1877 5634 ο

1984 5221 2111 5279 forti
2141 5235 2204 5276 ac
2234 5218 2436 5276 celebri
2469 5215 2735 5273 serviant.

2053 5313 2136 5367 Ad
2166 5328 2371 5368 omnem
2399 5307 2710 5381 patientiam
2732 5309 2782 5358 et
2808 5291 3282 5381 longanimitalent.
3312 5278 3547 5381 Donfor-

1987 5407 2081 5464 tati
2105 5407 2172 5462 ad
2200 5370 2422 5463 omnem
2455 5399 2796 5474 patientiam,
2817 5407 2948 5464 erga
2982 5402 3078 5445 eos
3100 5383 3194 5456 qui
3226 5370 3363 5436 foris
3391 5379 3546 5474 sunt;

1991 5462 2487 5571 longanimitatem:
2522 5492 2664 5549 inter
2694 5462 2796 5544 vos
2822 5462 3034 5542 mutuo.
3065 5479 3162 5536 Est
3182 5473 3326 5532 enim
3356 5462 3551 5571 aliquis

1983 5561 2314 5664 longanimis
2357 5601 2487 5660 erga
2515 5598 2611 5644 eos
2653 5594 2791 5654 quos
2821 5575 3010 5638 ulcisci
3048 5569 3223 5646 possit
3254 5583 3268 5623 :
3321 5561 3553 5620 sustinet

1646 5736 1846 5800 Variis
1867 5731 2194 5798 lectiones.

383 5873 431 5910 ⁷⁸
456 5872 610 5937 τέλος
637 5887 688 5932 o.
773 5870 814 5909 τί
845 5869 1010 5927 πάλαι
1035 5882 1088 5926 o.
1162 5867 1210 5902 "
1237 5865 1382 5922 οὕτω
1407 5879 1461 5922 ο.

739 5955 788 5963 ~—o
