3994 6582
530 439 673 507 1215
1451 435 2034 499 THEOPHYLACTI
2078 435 2493 496 BULGARL‘E
2534 435 2892 496 ARCHIEP.
3629 431 3749 497 1216

535 562 719 610 autem
747 564 882 622 quos
921 563 1028 606 non
1060 554 1240 620 potest
1274 545 1485 605 ulcisci.
1514 546 1806 618 Propterea
1832 558 1887 605 et
1916 549 1984 605 de
2007 547 2112 604 Deo

2176 570 2187 609 ι
2220 549 2481 620 ὑπομένει
2511 548 2568 603 δὲ
2597 548 2692 612 οὓς
2718 548 2781 601 οὐ
2809 546 3035 601 δυνατὸν
3064 546 3112 577 ’³
3142 544 3248 615 ἁμί
3272 542 3477 597 θασθσλ.
3512 543 3753 599 Adsilite

521 662 633 702 non
663 645 862 700 dicitur
910 641 1197 713 patientia,
1260 640 1357 697 sed
1416 641 1826 713 longanimitas,
1903 651 1963 696 ut
2008 640 2098 710 qui

2214 644 2306 697 καὶ
2337 642 2430 695 ἐπὶ
2460 640 2595 695 Θεοῦ
2626 642 2686 694 οὐ
2727 641 2946 709 λέγεται
2971 637 3237 709 ὑπομονὴ,
3260 636 3395 689 ἀλλά
3419 635 3756 708 μακροθυμία,

521 736 691 807 possit
711 734 928 805 quidem
953 748 1300 799 consumere,
1336 732 1526 789 tolerat
1554 742 1756 789 tamen.
1780 734 1861 789 Ad
1894 750 2098 788 omnem

2214 736 2289 800 ὡς
2328 733 2631 805 δυναμένου
2688 734 2788 803 μὲν
2832 733 3110 805 ἐκτρίψαι,
3165 729 3493 800 ἀνεχομένου
3543 727 3618 781 δέ.
3674 730 3760 796 Εἰς

526 837 709 882 autem
736 843 752 884 :
784 841 890 882 non
920 841 1038 895 quas
1067 841 1212 882 nunc
1240 825 1457 896 quidem
1487 835 1591 894 est,
1628 835 1816 897 postea
1847 842 1976 883 vero
2000 841 2103 881 non

2213 829 2425 885 πᾶσαν
2454 830 2530 893 δὲ,
2578 829 2652 899 μὴ
2683 827 2779 881 νῦν
2806 829 2925 898 μὲν,
2966 825 3106 896 μετὰ
3133 824 3303 878 ταῦτα
3346 822 3404 876 δὲ
3448 822 3639 876 οὐκέτι.
3664 820 3758 875 Ἰνα

522 918 782 989 amplius.
844 912 919 975 Ut
970 918 1131 989 igitur
1172 918 1225 971 in
1265 931 1533 973 summam
1570 918 1960 973 contrahamus
1990 931 2099 972 ser-

2211 922 2306 977 οὖν
2341 921 2743 992 συναγάγωμεν
2771 920 2863 973 τὸν
2881 920 3061 988 λόγον,
3094 916 3254 972 τοῦτό
3288 932 3482 987 φησιν·
3510 914 3758 985 Εὐχόμεθα

524 1025 763 1076 nionem,
797 1010 900 1067 hoc
933 1010 1067 1065 dicit
1114 1026 1127 1063 :
1166 1007 1425 1075 Oramus,
1456 1018 1517 1063 ut
1548 1009 1787 1079 perfecte
1822 1009 2101 1079 accipiatis

2215 1016 2304 1070 ἵνα
2343 1016 2563 1079 τελείως
2612 1015 2817 1086 λάϐητε
2860 1013 2960 1084 τὴν
3013 1012 3310 1080 ἐπίγνωσιν
3357 1009 3455 1062 τοῦ
3503 1007 3757 1077 δόγματος,

524 1103 859 1173 agnitionem
893 1102 1186 1175 dogmatis,
1241 1115 1347 1156 non
1395 1101 1448 1157 in
1492 1102 1756 1171 sapientia
1805 1103 2101 1167 mundana,

2216 1114 2316 1167 οὐκ
2351 1114 2409 1166 ἐν
2455 1112 2619 1183 σοφίᾳ
2651 1112 2919 1181 κοσμικῇ,
2966 1109 3102 1163 ἀλλά
3132 1107 3480 1177 πνευματικῇ
3512 1122 3524 1135 ·
3554 1105 3637 1157 καὶ
3666 1103 3758 1173 βίον

524 1197 620 1249 sed
671 1194 986 1265 spirituaii:
1038 1204 1207 1265 utque
1253 1195 1423 1251 vitam
1476 1193 1773 1250 virtutibus
1824 1196 2101 1265 prmditam

2215 1206 2473 1276 ἐνάρετον
2502 1206 2748 1276 σχοῖητε,
2792 1203 2934 1257 ὥστε
2986 1202 3180 1271 στῆναι
3218 1197 3456 1271 βεϐαίως
3495 1197 3621 1266 πρὸς
3655 1199 3758 1261 reb;

526 1287 798 1355 habeatis,
826 1297 887 1343 ut
913 1287 1139 1360 possitis
1165 1288 1399 1344 firmiter
1446 1294 1594 1343 stare
1625 1286 1887 1344 adversus
1935 1297 2103 1344 tenta-

2218 1298 2593 1370 πειρασμοὺς,
2643 1296 3096 1369 δυναμωθέντες,
3158 1293 3234 1357 ὡς
3286 1292 3437 1356 είκὺς
3494 1290 3596 1345 ἀπὸ
3647 1289 3758 1344 Θεοῦ

530 1377 732 1444 tiones,
770 1378 1095 1460 conl'ortati,
1118 1387 1175 1433 ut
1222 1393 1321 1448 par
1348 1385 1432 1434 est
1462 1392 1492 1432 a
1519 1376 1633 1433 Deo
1678 1377 2019 1447 confortari;
2053 1389 2107 1436 ut

2216 1389 2640 1460 δυναμωθῆναι,
2673 1390 2752 1453 είς
2794 1389 2856 1442 τδ
2901 1387 2997 1442 καὶ
3037 1386 3175 1458 πρὸς
3200 1386 3327 1449 τοὺς
3367 1384 3475 1451 ἔξω
3522 1382 3759 1454 ὑπομονὴν

528 1478 585 1525 et
613 1485 741 1541 erga
781 1481 1003 1528 exteros
1033 1458 1353 1543 patientiam
1407 1471 1733 1539 ostendatis,
1762 1482 1818 1529 et
1847 1488 1974 1546 erga
2002 1471 2105 1528 fra-

2219 1458 2622 1546 ἐνδείκνυσθαι,
2647 1480 2746 1538 καὶ
2776 1482 2914 1552 πρὸς
2936 1480 3066 1545 τοὺς
3083 1478 3353 1549 ἀδελφοὺς
3386 1474 3752 1549 μακροθυμίαν.

528 1573 640 1621 tres
670 1565 1025 1636 longanimita
1035 1577 1164 1623 tem.

598 1654 764 1713 Vens.
806 1657 895 1712 12.
937 1657 1072 1713 Cum
1097 1659 1293 1730 gaudio
1313 1664 1518 1733 gratias
1547 1668 1757 1731 agentes
1793 1656 1973 1713 Patri.
2004 1657 2112 1713 Ac-

2294 1662 2456 1717 Μετὰ
2483 1660 2673 1732 χαρᾶς
2694 1660 3201 1731 εὐχαριστοῦντες
3225 1658 3305 1727 τῷ
3334 1658 3542 1728 Πατρί.
3575 1658 3765 1714 Μέλλων

526 1763 815 1807 cusaturus
876 1766 1010 1817 eos,
1058 1751 1206 1824 quod
1278 1753 1425 1810 circa
1467 1754 1720 1826 dogmata
1792 1767 1900 1807 non
1967 1758 2103 1806 recte

2221 1754 2517 1824 ἐγκαλέσαι
2565 1754 2769 1819 αὐτοῖς,
2826 1752 2902 1816 ὡς
2937 1753 3066 1823 περὶ
3116 1752 3178 1805 τὸ
3235 1752 3421 1823 δόγμα
3472 1751 3571 1803 οὐκ
3621 1751 3765 1821 ὀρθῶς

527 1841 784 1908 habeant,
831 1843 1161 1918 premitigat
1212 1860 1546 1923 sermonem,
1592 1859 1662 1902 ne
1710 1843 1963 1899 videatur
2018 1856 2104 1897 eos

2223 1847 2434 1916 ἔχουσι,
2462 1846 2776 1916 προλεαίνει
2802 1845 2895 1899 τὸν
2918 1844 3102 1913 λόγον,
3134 1844 3220 1898 ἵνα
3257 1844 3334 1915 μὴ
3362 1834 3493 1915 δόξῂ
3518 1842 3589 1906 ὡς
3609 1843 3767 1914 ἐχθρὸς

532 1945 787 2008 tanquam
814 1937 989 1994 hostis
1014 1951 1300 1995 accusare.
1332 1920 1467 1994 Cum
1502 1936 1666 2009 igitur
1686 1946 1844 1992 antea
1867 1935 2109 2001 dixisset,

2190 1929 2194 1969 ⁵
2226 1939 2498 2007 ἐγκαλεῖν.
2529 1934 2819 2006 Προειπὼν
2847 1934 2960 1999 οὖν,
2995 1936 3080 1989 ὅτι
3113 1934 3368 2006 Εὕχομαι
3397 1934 3526 2004 ὑμῖν
3562 1934 3639 1986 ῖνα
3664 1935 3767 1987 τάδε

528 2028 639 2086 Oro
674 2044 774 2100 pro
805 2029 960 2086 vobis
996 2038 1054 2085 ut
1077 2029 1194 2086 haec
1219 2037 1273 2085 et
1298 2029 1387 2087 illa
1414 2030 1569 2087 vobis
1594 2030 1735 2087 bona
1772 2029 2105 2099 contingant,

2225 2031 2319 2085 mi.
2351 2030 2476 2085 τάδε
2505 2030 2572 2084 τὰ
2604 2027 2783 2097 ἀγαθὰ
2814 2027 3044 2096 γένηται
3075 2026 3208 2098 ὑμῖν
3254 2027 3416 2097 (ὅπερ
3443 2027 3649 2091 πάντως
3690 2027 3771 2079 οὐκ

526 2120 672 2189 quod
711 2119 937 2185 omnino
973 2136 1079 2178 non
1105 2129 1197 2178 est
1224 2119 1439 2177 inimici
1478 2138 1493 2178 :
1526 2123 1604 2177 ait
1630 2136 1800 2187 nunc,
1824 2119 1957 2176 Cum
1983 2134 2103 2190 gau-

2227 2123 2375 2177 ἐστιν
2405 2120 2655 2193 ἐχθροῦ),
2692 2121 2828 2191 φησὶ
2853 2119 2970 2182 νῦν,
2999 2121 3083 2174 ὅτι
3122 2118 3232 2173 Καὶ
3266 2118 3412 2187 μετὰ
3438 2119 3605 2187 χαρᾶς
3633 2118 3769 2187 εὐχα-

528 2211 622 2268 dio
654 2213 861 2285 gratias
891 2229 991 2287 ago
1014 2225 1239 2287 prepter
1270 2216 1413 2272 bona
1448 2230 1569 2286 quae
1597 2214 1751 2272 vobis
1775 2215 2105 2286 obtigerunt.

2227 2216 2397 2291 ριστῶ
2434 2214 2527 2269 ἐπὶ
2575 2217 2690 2278 τοῖς
2740 2213 3161 2284 προῦπάρξασιν
3196 2213 3327 2281 ὑμῖν
3359 2212 3604 2280 ἀγαθοῖς.
3637 2210 3784 2265 Ὥστε,

527 2302 720 2375 Itaque
747 2320 854 2362 non
898 2299 974 2364 ex
1006 2307 1132 2365 odio
1158 2322 1358 2366 accuso
1407 2324 1527 2377 vos,
1557 2307 1653 2364 sed
1693 2323 1760 2365 ex
1795 2308 2061 2363 charitate
2082 2312 2104 2362 ‘:

2226 2311 2327 2364 οὐκ
2362 2308 2472 2363 ἀπὸ
2500 2307 2709 2380 ἔχθρας
2749 2305 2970 2376 ἐγκαλῶ
3000 2307 3153 2377 ὑμῖν,
3182 2304 3300 2360 ἀλλ’
3329 2305 3393 2372 ἐξ
3428 2303 3655 2373 ἀγάπης.
3686 2302 3771 2357 Kal

530 2406 587 2454 et
615 2398 848 2470 optarim
876 2399 1098 2471 quidem
1133 2401 1362 2457 omnino
1406 2416 1492 2458 me
1524 2415 1685 2472 posse
1712 2415 1810 2457 vos
1839 2414 2107 2456 commen-

2200 2390 2525 2472 ⁵βουλοίμην
2565 2401 2667 2470 μέν
2703 2399 2769 2454 ἂν
2820 2396 2889 2451 δι’
2923 2398 3045 2452 ὅλου
3090 2396 3469 2468 ἐγκωμιάζειν
3514 2393 3771 2467 ὕμᾶς,ὑπδ

537 2490 671 2545 dare
712 2506 826 2546 ιρι
864 2492 1192 2549 necessitate
1249 2503 1430 2557 autem
1486 2493 1557 2550 ad
1604 2492 1974 2549 accusandum
2020 2508 2114 2549 vos

2226 2497 2286 2551 δέ
2316 2498 2415 2567 τῆς
2444 2496 2693 2566 ἀνάγκης
2720 2495 2799 2558 είς
2827 2494 2888 2548 τὸ
2916 2492 3174 2563 ἐγκαλεῖν
3198 2492 3493 2561 ἐνάγομαι.
3532 2490 3674 2543 Οὕτω
3698 2488 3771 2542 καὶ

532 2580 796 2638 adducor.
827 2580 919 2638 Sic
968 2591 1025 2638 et
1068 2582 1121 2638 iu
1180 2580 1423 2655 Epistola
1472 2582 1541 2639 ad
1594 2580 1910 2639 Corinthios
1962 2572 2109 2637 facit.

2228 2591 2286 2644 ἐν
2312 2591 2379 2659 τῇ
2421 2588 2559 2659 πρὸς
2599 2587 2926 2659 Κορινθίους
2971 2587 3136 2639 ποιεῖ.
3184 2585 3407 2655 Ἠρὲμα
3436 2583 3494 2636 δὲ
3526 2579 3770 2653 ἐμϐιϐάζει

533 2669 727 2728 Tacite
779 2682 961 2730 autem
992 2689 1093 2729 eos
1121 2672 1370 2744 perducit
1419 2674 1486 2729 ad
1517 2687 1826 2730 sermonem
1855 2672 1924 2729 de
1954 2671 2110 2730 Filio.

2228 2681 2427 2744 αὐτοὺς
2452 2683 2531 2744 εἰς
2555 2679 2646 2734 τὸν
2682 2696 2747 2732 πε
2759 2679 2811 2750 ρ).
2856 2678 2985 2732 Υἱοῦ
3013 2677 3189 2747 λόγον.
3231 2676 3296 2729 Ei
3324 2677 3443 2746 γὰρ
3477 2673 3608 2747 μετά
3629 2674 3771 2744 χαρᾶς

537 2764 597 2817 Si
627 2764 775 2820 enim
799 2780 924 2822 cum
966 2758 1163 2836 gaudio
1196 2764 1404 2837 gratias
1440 2780 1564 2843 ago,
1605 2774 1733 2822 sunt
1792 2766 1977 2836 itaque
2007 2783 2114 2821 ma-

2229 2773 2559 2847 εὐχαριστῶ,
2601 2771 2812 2843 μεγάλα
2839 2769 3027 2824 λοιπὸν
3066 2770 3136 2824 τὰ
3180 2766 3612 2839 προῦπάρξαντα
3649 2764 3771 2832 ὑμῖν.

534 2872 642 2927 gua
681 2873 804 2924 qua:
835 2849 1006 2914 antea’
1046 2860 1098 2913 in
1152 2860 1307 2916 vobis
1340 2859 1483 2916 bona
1541 2859 1716 2915 luere.
1753 2856 1878 2915 llaec
1936 2869 2111 2914 autem

2228 2866 2417 2921 Ταῦτα
2430 2864 2507 2931 δέ,
2526 2865 2625 2935 οὐχ
2638 2862 2682 2896 ⁷⁵
2696 2864 2743 2917 οἱ
2766 2862 2940 2916 δοῦλοι
2951 2862 3197 2931 ἄγγελοι,
3212 2860 3326 2914 ἀλλ’
3348 2861 3378 2912 ὁ
3394 2857 3659 2927 Δεσπότης
3670 2852 3772 2918 Υῐδς

537 2966 646 3003 non
672 2949 821 3005 servi
867 2949 1067 3019 angeli,
1118 2951 1211 3006 sed
1243 2950 1505 3007 Dominus
1551 2949 1722 3005 Filius
1771 2949 1936 3006 dedit.
1974 2948 2114 3018 Quo-

2231 2957 2397 3011 ἔδωκε
2431 2954 2568 3028 [av].
2626 2953 2751 3016 Πῶς
2805 2954 2861 3007 δὲ
2914 2948 3090 3017 εἶπεν,
3151 2951 3483 3023 Εὐχαριστῶ
3537 2948 3665 3019 μετά
3691 2964 3770 3016 χα-

539 3040 701 3095 ιιιοιιο
739 3050 919 3099 autem
955 3040 1111 3111 dixit,
1144 3041 1360 3098 Gratias
1405 3056 1505 3113 ago
1533 3057 1656 3097 cum
1701 3042 1940 3113 gaudio?
1973 3042 2116 3109 Quo-

2234 3051 2367 3122 ρᾶςς
2410 3047 2635 3120 Ἐπειδὴ
2667 3048 2714 3081 ⁷⁵
2738 3046 2855 3100 ἔστι
2887 3045 2982 3099 καὶ
3005 3045 3064 3097 ἐν
3086 3043 3229 3116 λύπῃ
3252 3042 3600 3113 εὐχαριστεῖν
3624 3055 3636 3068 ·
3665 3031 3769 3100 οἷον,

540 3131 687 3213 niam
716 3134 803 3188 vel
833 3132 884 3187 iu
925 3148 1165 3190 mmrore
1212 3134 1425 3209 gratias
1454 3150 1616 3207 agere
1644 3133 1826 3201 liceat,
1863 3136 2117 3205 quemad-

2230 3143 2259 3195 ό
2299 3138 2422 3194 Ἰὼϐ
2453 3139 2764 3210 εὐχαρίστει
2811 3137 2932 3209 μὲν,
2972 3136 3310 3207 ὀδυνώμενος
3350 3134 3411 3189 δέ
3436 3150 3451 3165 ο
3495 3132 3549 3186 '0
3599 3130 3773 3197 Κύριος

540 3223 760 3281 modum
780 3234 836 3281 et
863 3222 963 3281 Job
982 3227 1187 3298 gratias
1207 3228 1401 3296 agebat
1424 3225 1478 3282 in
1494 3239 1731 3282 utmrore
1751 3226 2117 3293 constitutusj:

2198 3286 2199 3295 χ
2231 3231 2476 3293 ἔδωκεν,
2503 3232 2536 3284 ό
2556 3229 2773 3297 Κύριος
2800 3226 3100 3297 ἀφείλετο.
3134 3226 3226 3295 Μὴ
3243 3225 3353 3296 γὰρ
3385 3223 3452 3294 δὴ
3479 3215 3775 3291 ἀφαιρείσθω

540 3316 804 3373 Dominus
856 3316 1022 3386 dedit,
1059 3316 1320 3373 Dominus
1362 3318 1583 3373 abstulit
1619 3317 1665 3374 τ.
1702 3317 2013 3373 Νοιιθιιὶιη
2061 3318 2117 3373 ab

2196 3316 2202 3340 ¹
2231 3340 2316 3387 τις
2344 3321 2507 3376 αὑτὸν
2542 3320 2602 3373 τὸ
2638 3318 2962 3373 δάκνεσθαι·
2996 3316 3141 3371 οὕτω
3178 3317 3288 3387 γὰρ
3314 3315 3415 3368 καὶ
3450 3314 3511 3366 τὺ
3543 3309 3773 3381 ἐγκώμιον

541 3423 610 3471 eo
641 3425 883 3471 morsum
911 3410 1179 3482 quispiam
1211 3408 1422 3467 auferat
1465 3410 1592 3481 (sic
1622 3410 1766 3465 enim
1802 3415 1857 3465 et
1912 3408 2118 3464 laudem

2233 3413 2400 3469 αὑτοῦ
2460 3411 2735 3483 καθαιρεῖ,
2787 3409 2841 3464 εί
2882 3426 2948 3478 γε
3002 3408 3080 3473 ὡς
3123 3406 3456 3477 ἀναίσθητος
3497 3400 3772 3475 ἐκαρτέρει·

547 3503 666 3573 ejus
693 3504 1003 3572 abstulerit,
1031 3504 1298 3576 siquidem
1321 3504 1491 3578 [‘68
1509 3512 1767 3573 tanquam
1795 3500 2124 3559 insensibilis

1936 3500 2132 3557 isibilis
2231 3505 2350 3561 ἀλλ’
2379 3504 2639 3560 ἐδάκνετο
2678 3503 2800 3574 μὲν,
2842 3501 2944 3556 οὐκ
2973 3496 3411 3581 ἐτραυματίξετο
3434 3498 3512 3554 δέ.

546 3593 929 3665 sustinuisset)
964 3609 977 3648 :
1008 3594 1157 3664 atqui
1212 3596 1562 3652 mordebatur
1618 3592 1862 3665 quidem,
1900 3593 1993 3647 sed
2025 3606 2131 3647 non

552 3683 934 3741 sauciabatur.

619 3775 726 3842 Qui
771 3777 960 3850 dignos
986 3793 1075 3833 vos
1106 3776 1252 3847 fecit.
1292 3778 1490 3845 Tanta,
1526 3778 1891 3850 inquit,‘sunt
1921 3791 1983 3833 ea
2011 3790 2134 3846 quae

2310 3768 2396 3835 Τῷ
2444 3766 2808 3823 ίκανώσαντι
2863 3765 3041 3837 ὑμᾶς.
3085 3765 3401 3837 Τηλικαῦτα
3424 3808 3442 3835 ,
3478 3765 3609 3837 φησι⁴
3633 3762 3694 3829 ’⁸,
3722 3762 3773 3815 τὰ

548 3870 705 3926 vobis
732 3870 857 3925 data
894 3880 1049 3939 sunt,
1081 3882 1138 3925 ut
1184 3871 1381 3927 nedum
1417 3871 1711 3944 opulentos
1756 3884 1855 3925 vos
1886 3867 2125 3924 reddide-

2244 3862 2525 3933 δεδομένα,
2557 3860 2699 3935 ὥστε
2727 3859 2989 3933 μὴ’μόνον
3016 3856 3307 3923 πλουσίους
3327 3859 3480 3927 ὑμᾶς
3508 3855 3712 3944 ποιῆσαι
3726 3852 3778 3944 ’⁷,

548 3961 681 4028 rint,
725 3978 909 4018 verum
944 3962 1108 4020 etiam
1169 3962 1547 4020 sulIicientiam
1604 3963 1760 4020 vobis
1787 3970 1844 4019 et
1876 3961 2125 4017 virtutem

2239 3954 2376 4008 ἀλλά
2412 3952 2507 4007 καὶ
2557 3952 2854 4022 ίκανότητα
2904 3949 3000 4004 καὶ
3063 3948 3295 4018 δύναμιν
3344 3945 3534 3999 δοῦναι
3574 3941 3703 4015 πρὸς
3731 3938 3780 3991 τὸ

550 4054 821 4121 dederint,
846 4062 905 4110 ut
931 4057 1049 4115 haec
1066 4048 1236 4130 digne
1253 4058 1503 4129 accipere
1532 4057 1850 4115 videamini.
1886 4054 2127 4124 Exempli

2237 4047 2406 4115 ἀξίως
2451 4046 2626 4102 ταῦτα
2653 4043 2922 4107 λαϐόντας
2957 4041 3239 4113 δειχθῆναι
3272 4040 3340 4095 ⁷⁸.
3373 4035 3504 4093 Οἷόν
3549 4055 3597 4091 τι
3634 4035 3777 4130 λέγω¹

550 4151 801 4223 gratia:
862 4130 1312 4223 Βεχίιιιίερῑοιιι,
1376 4153 1552 4208 tenuis
1605 4151 1837 4225 fortuna:
1899 4151 2127 4221 cuipiam

2239 4139 2504 4202 Βασιλεὺς
2540 4138 2641 4210 μὲν
2668 4136 2880 4191 εὐτελεῖ
2905 4151 3010 4188 τινι
3057 4131 3434 4203 ἐμπιστεύσας
3473 4126 3782 4201 ἐπαρχότητα

551 4219 935 4313 prterecturam
968 4219 1114 4301 forte
1144 4219 1397 4313 credens,
1443 4220 1763 4318 dignitatem.
1788 4219 2006 4314 quidem
2045 4245 2128 4300 de-

2238 4235 2425 4306 τυχὸν,
2451 4230 2669 4301 ἀξίωμα
2696 4230 2794 4303 μὲν
2821 4228 3041 4293 ἔδωκεν,
3065 4227 3127 4281 οὺ
3153 4225 3376 4298 μὴνκαὶ
3394 4223 3578 4277 ἱκανὸν
3598 4219 3783 4321 ἐποίησε

555 4335 658 4402 dit,
704 4350 809 4392 non
837 4344 1023 4393 tamen
1058 4339 1127 4393 ad
1162 4315 1528 4408 principatum
1561 4338 1724 4408 digne
1761 4336 2132 4407 accipiendum

2243 4331 2381 4399 πρὸς
2411 4324 2473 4377 τὸ
2494 4322 2680 4378 λαϐεῖν
2708 4322 2808 4393 τὴν
2841 4319 3019 4392 ἀρχὴν
3047 4317 3241 4387 ἀξίως,
3266 4317 3440 4389 ἤγουν
3465 4315 3784 4408 οίκονομῇσαι

410 4440 419 4447 ‘
515 4495 518 4501 η
555 4398 1309 4499 ἰρειιωνοοιίωὶιιὶειιοιιᾱιιίυ
1335 4398 1587 4496 idoneum
1610 4398 1756 4486 fecit.
1782 4398 1939 4487 Unde
1965 4430 1987 4499 ἰ]

2241 4419 2410 4488 αὐτὴν
2432 4433 2447 4449 ο
2500 4410 2645 4469 ὅθεν
2678 4413 2773 4467 καὶ
2827 4411 3092 4475 πολλάκις
3141 4409 3554 4475 καταγέλαστον
3584 4398 3784 4501 αὐτὲινῇ

554 4534 932 4589 saepenumero
957 4523 1131 4580 honos
1155 4523 1445 4580 ridiculum
1476 4522 1732 4579 reddidit.
1773 4521 1913 4578 Deus
1954 4530 2131 4577 autem

2242 4510 2380 4582 τιμὴ
2410 4508 2692 4580 ἐποίησεν.
2738 4505 2800 4560 '0
2829 4504 2885 4558 δὲ
2917 4505 3051 4568 Θεὸς
3081 4503 3179 4558 καὶ
3210 4500 3481 4573 ἐτίμησεν
3518 4496 3674 4569 ἡμᾶς,
3712 4489 3786 4589 καὶ

556 4625 663 4669 nos
693 4621 750 4667 et
790 4598 1108 4681 honoravit,
1139 4632 1204 4675 ac.
1235 4606 1569 4686 sullicientes
1598 4614 1731 4669 fecit
1766 4622 1817 4667 ut
1856 4614 2133 4684 accipere-

2213 4638 2219 4671 ,
2249 4601 2471 4665 ἱκανοὺς
2494 4599 2719 4670 ἐποίησε
2760 4598 2896 4669 πρὸς
2925 4598 2989 4651 τὸ
3018 4594 3207 4652 λαϐεῖν
3256 4594 3356 4665 τὴν
3393 4593 3582 4663 τιμήν.
3626 4583 3790 4688 Aculeo

562 4718 684 4760 tuus
716 4706 999 4764 honorem.
1029 4709 1336 4778 Duplicatio
1365 4720 1546 4763 autem
1606 4707 1830 4763 honoris
1862 4716 1965 4772 est,
1998 4705 2139 4778 quod

2248 4693 2480 4764 σιασμδς
2503 4693 2552 4727 ’⁸
2582 4691 2639 4745 δὲ
2669 4690 2862 4762 τιμῆς,
2890 4689 2953 4744 τὸ
2976 4689 3071 4743 καὶ⁹
3098 4686 3451 4758 ἐπιτηδείους
3480 4686 3788 4739 κατασκευα-

558 4797 723 4855 etiam
754 4811 860 4854 nos
888 4796 1080 4856 fecerit
1108 4800 1337 4859 idoneos
1358 4800 1426 4856 ad
1454 4801 1681 4857 donum.

1325 4800 1426 4856 tati
1454 4801 1681 4857 donum.
2246 4805 2335 4843 σαι
2362 4784 2499 4857 πρὸς
2529 4784 2632 4855 τὴν
2664 4781 2902 4855 δωρεάν.

631 4886 698 4943 1η
733 4900 945 4958 partem
992 4891 1156 4946 sortis
1204 4902 1532 4957 sanctorum.
1586 4889 1699 4946 Hoc
1747 4886 1852 4957 est,
1900 4889 2144 4961 quicum

2310 4882 2415 4947 Εις
2433 4878 2550 4948 τὴν
2565 4875 2783 4951 μερίδα
2799 4875 2905 4931 τοῦ
2933 4873 3165 4945 κλήρου
3186 4871 3307 4927 τῶν
3320 4870 3525 4940 ἁγίων.
3545 4862 3786 4971 Taurini.

560 4981 769 5036 sanctis
797 4982 1087 5039 collocavit
1137 5001 1155 5041 :
1208 4999 1385 5055 neque
1437 4985 1517 5040 sic
1572 4983 1913 5055 simpliciter,
1962 4995 2137 5036 verum

2246 4970 2325 5041 τῷ
2355 4970 2496 5042 μετὰ
2540 4969 2650 5023 τῶν
2690 4969 2861 5038 ἁγίων
2906 4963 3275 5032 κατατάξαντι
3302 4978 3317 4993 ⁸
3357 4963 3455 5016 καὶ
3505 4962 3602 5030 οὐχ
3650 4962 3790 5012 οὓτως

565 5071 763 5129 iisdem
794 5073 962 5129 etiam
1005 5072 1111 5130 frui
1150 5053 1462 5145 praebuerit,
1502 5075 1645 5145 quod
1682 5053 1794 5144 per
1838 5083 2045 5145 partem
2076 5072 2142 5127 si-

2256 5062 2467 5127 ἁπλῶς,
2496 5061 2633 5116 ἀλλὰ
2667 5060 2762 5115 καὶ
2810 5058 2920 5113 τῶν
2970 5055 3153 5112 αὐτῶν
3198 5053 3506 5109 ἀπολαῦσαι
3549 5060 3768 5145 παρεσχῖζ

564 5165 806 5235 gnificat.
841 5165 995 5223 Licet
1035 5168 1180 5223 enim
1226 5168 1280 5223 in
1332 5170 1578 5243 eamdem
1630 5167 1817 5223 urbem
1846 5164 2141 5232 conscribi,

2256 5158 2374 5212 κότι
2398 5173 2413 5189 ·
2444 5156 2473 5210 ὃ
2507 5155 2596 5209 διὰ
2632 5153 2733 5225 τῆς
2760 5152 3001 5223 μερίδος
3034 5150 3206 5220 δηλοῖ.
3277 5148 3436 5243 Ἔστι
3486 5145 3581 5243 μὲν
3618 5141 3719 5243 γὰρ
3747 5137 3791 5187 ὲν

570 5268 673 5311 nec
699 5266 881 5314 tamen
936 5259 1188 5317 eamdem
1231 5260 1432 5317 habere
1484 5233 1695 5330 partem
1727 5276 1743 5314 :
1775 5273 1839 5313 ac
1871 5272 2060 5313 rursus
2092 5256 2147 5311 in

2256 5253 2323 5321 τῇ
2360 5249 2498 5319 αὐτῇ
2529 5246 2686 5301 πόλει
2716 5245 3120 5315 καταταγῆναι,
3149 5239 3210 5295 οὐ
3251 5240 3359 5310 μὴν
3381 5233 3673 5313 τὴναύτὴν

568 5346 758 5403 eadem
780 5356 928 5405 sorte
962 5365 1106 5416 esse,
1139 5352 1233 5406 sed
1266 5366 1373 5407 non
1400 5319 1647 5409 eamdem
1675 5348 1876 5404 habere
1902 5356 2145 5419 partem:

2260 5319 2381 5414 ρίδα
2404 5339 2550 5411 ἔχειν
2566 5355 2581 5370 ο
2606 5338 2703 5393 καὶ
2729 5335 2915 5400 πάλιν,
2946 5336 3004 5389 ἐν
3032 5331 3112 5404 τῷ
3138 5330 3289 5402 αὐτῷ
3315 5330 3500 5401 κλήρῳ
3518 5319 3778 5419 genitali

572 5449 629 5492 ιιι
666 5437 720 5494 in
747 5440 939 5499 eadem
971 5450 1122 5499 sorte
1155 5434 1415 5501 Ecclesiae
1467 5455 1657 5499 omnes
1712 5455 1922 5505 sumus,
1959 5452 2148 5492 verum

2258 5412 2317 5487 οὗ
2357 5431 2457 5505 τὴν
2486 5429 2654 5503 αὐτὴν
2681 5429 2828 5501 ἔχειν
2855 5426 3049 5504 μερίδα
3071 5442 3089 5457 ο
3109 5421 3246 5491 οἷον,
3280 5425 3345 5476 ὲν
3367 5421 3445 5494 τῷ
3473 5416 3613 5487 αὐτῷ
3636 5412 3793 5505 κλήρῳ

572 5530 713 5588 ιιῗὶιιε
740 5531 899 5587 aliam
930 5547 1144 5605 partem
1184 5536 1365 5592 habet.
1397 5535 1496 5591 Hic
1534 5544 1714 5589 autem
1746 5541 1800 5587 et
1830 5512 2018 5587 eadem
2055 5543 2149 5583 nos

2256 5528 2356 5597 τῆς
2403 5504 2731 5596 Ἑκκλησίας
2784 5518 2986 5584 πάντες
3043 5513 3234 5587 ἐσμὲν,
3270 5516 3401 5597 ,ἀλλ’
3446 5512 3604 5574 ἄλλος
3656 5504 3792 5571 ἄλλην

696 5643 842 5699 ‘Job
872 5662 914 5710 ι,
947 5647 1011 5702 21

1923 5736 2475 5801 Varimlectiones.

655 5906 697 5934 "
725 5904 946 5962 δᾶνλῖαι
971 5921 1025 5962 0.
1103 5908 1148 5938 ⁷⁸
1175 5905 1295 5960 οὐδὲ
1318 5923 1367 5962 0.
1445 5908 1489 5938 ⁷³
1543 5907 1675 5960 διότι
1710 5924 1761 5963 o.
1839 5910 1881 5939 ⁷⁵
1911 5908 2030 5962 τίνα
2060 5901 2151 5960 οὖν
2194 5908 2331 5973 ἐστι,
2359 5922 2409 5962 0.
2490 5909 2532 5939 ⁷⁷
2568 5908 2695 5975 ποιῂ
2737 5920 2791 5959 ο.
2891 5902 2933 5931 ⁷⁵⁸
2973 5899 3203 5970 ςανῆναι
3239 5912 3292 5952 ο.
3372 5894 3418 5927 τ’
3449 5883 3716 5959 διπλσιςέιδς
3744 5894 3786 5935 θ·
