3994 6580
250 359 381 423 1217

1034 356 1442 419 EXPOSITIO
1484 357 1567 419 ΙΝ
1617 356 1857 416 EPIST.
1900 356 2002 417 AD
2034 358 2331 424 COLOSS.
2355 386 2420 399 -
2445 363 2604 426 CAP.
2642 365 2695 426 Ῑ.

3362 366 3509 451 1218

246 481 358 550 ἕχει
405 475 626 547 μερίδα.
684 472 956 530 Ἐνταῦοα
1013 475 1070 530 δὲ
1111 476 1205 531 καὶ
1258 476 1353 530 τοῦ
1403 474 1571 530 αὑτοῦ
1620 476 1807 547 κλῆροι

1931 488 2080 532 sorte
2115 480 2361 543 donavit.
2392 491 2445 536 et
2472 482 2661 537 eadem
2703 488 2877 552 parte.
2912 482 3349 551 Sortemauicm
3374 470 3506 571 ςυῘξί·

244 568 465 641 ἠξίωσε,
489 567 704 635 καὶτῆς
734 566 908 635 αὐτῆς
940 567 1177 638 μερίδος.
1206 563 1425 639 Κλῆρον
1451 568 1507 621 δὲ
1541 567 1821 640 πανταχοῦ

244 659 420 720 καλεῖ,
450 658 542 712 ἵνα
567 658 717 731 δείξῃ
737 659 818 710 ὅτι
837 658 1024 728 ὥσπερ
1044 659 1072 709 ὁ
1098 654 1298 728 κλῆρος
1320 657 1420 712 οὐκ
1475 658 1570 712 ἀνθ
1580 659 1833 729 ρωπίνης,

246 753 360 806 ἐστὶ
395 749 658 820 σπουδῆς,
694 749 831 804 ἀλλὰ
876 749 1161 819 ὲπιτυχίας
1205 750 1409 820 μᾶλλον
1448 750 1634 803 δοκεῖ’
1680 749 1823 804 οὕτω

246 845 337 897 καὶ
389 845 557 914 ἡμεῖς
592 842 693 895 οὐκ
743 842 852 896 ἀπὸ
898 843 1342 913 κατορθωμάτων
1393 840 1494 912 τῆς
1547 840 1823 911 βασιλείας

244 932 567 1003 ἀξιούμεθα,
607 932 746 987 ἀλλὰ
775 935 873 1004 τῆς
904 933 1053 998 θείας
1085 933 1292 1004 δωρεᾶς
1321 933 1437 986 ἐστι
1465 934 1525 986 τὸ
1554 936 1683 989 πᾶν.
1722 933 1821 988 Διὰ

244 1023 419 1088 τοῦτο,
453 1023 644 1078 Ὅταν
698 1022 900 1077 πάντα
938 1024 1374 1092 κατορθώσητε,
1402 1024 1558 1096 φησὶ,
1591 1026 1819 1096 λέγετε,

243 1116 329 1172 ὅτι
390 1116 645 1186 Ἀχρεῖοι
723 1117 933 1172 δοῦλοί
982 1117 1201 1186 ἐσμενο
1253 1115 1285 1170 ὃ
1342 1115 1451 1186 γὰρ
1502 1117 1822 1188 ὀφείλοιεν

242 1208 513 1278 ποιῆσαι,
552 1207 986 1278 πεποιήκαμεν.

302 1323 413 1376 Ἐν
428 1320 512 1386 τῷ
533 1321 702 1391 φωτί.
739 1322 850 1374 Καὶ
899 1320 978 1391 τῷ
1023 1320 1295 1387 μέλλοντι,
1324 1322 1423 1374 καὶ
1451 1319 1528 1390 τῷ
1565 1322 1817 1392 παρόντι,

240 1414 487 1470 τουτέστι
540 1416 607 1485 τῇ
652 1412 874 1483 γνώσει.
913 1414 1025 1467 Καὶ
1067 1412 1162 1466 νῦν
1213 1413 1324 1483 γὰρ
1362 1411 1652 1481 ἐφώτισεν,
1681 1414 1820 1466 ἁπο-

242 1505 485 1575 καλύψας
509 1507 644 1576 ἡμῖν
674 1505 744 1558 τὰ
776 1506 1074 1576 μυστήρια,
1123 1505 1218 1558 καὶ
1265 1507 1324 1558 ὲν
1350 1504 1430 1575 τῷ
1471 1504 1725 1574 μέλλοντι
1754 1503 1818 1558 τὸ

238 1599 562 1671 τρανότερον
594 1594 779 1650 δώσει.

311 1715 413 1779 Ὃς
445 1712 746 1780 ἐρῤύσατο
778 1710 938 1781 ἡμᾶς
965 1712 1036 1765 ὲκ
1065 1709 1174 1779 τῆς
1198 1711 1487 1778 ἐξουσίας
1527 1712 1634 1767 τοῦ
1673 1713 1818 1766 σκό-

1925 586 2029 640 que
2064 582 2241 637 vocat,
2293 583 2350 626 ut
2398 574 2670 640 ostendat,
2697 570 2840 645 quod
2893 576 3344 646 quemadmodum
3386 594 3507 639 sors

1925 677 2030 717 non
2077 671 2161 718 est
2210 664 2461 720 humanae
2518 664 2846 737 diligentiae,
2905 667 2999 723 sed
3041 664 3271 739 fortuna:
3318 672 3505 741 potius

1924 756 2157 823 videtur,
2221 756 2365 811 hanc
2429 758 2496 814 ad
2556 754 2833 837 rationem
2870 776 2969 817 nos
3012 779 3118 818 non
3171 778 3239 819 ex
3295 765 3505 823 nostris

1924 849 2218 905 virtutibus
2244 865 2412 921 regno
2443 851 2585 922 digni
2611 852 2945 921 iudicamur,
2971 855 3066 909 sed
3102 855 3296 911 divinae
3327 866 3502 914 totum

1922 949 2007 994 est
2030 943 2242 1010 gratiae.
2267 941 2584 1010 Propterea,
2599 942 2729 997 Cum
2746 946 2925 999 omnia
2939 946 3280 1015 perfeceritis,
3302 948 3501 1020 inquit.

1922 1031 2080 1086 dicite
2110 1033 2250 1100 quod
2272 1033 2482 1087 inutiles
2507 1035 2642 1089 servi
2663 1035 2828 1090 simus
2846 1053 2866 1092 .'
2896 1037 3033 1107 quod
3061 1038 3199 1109 enim
3226 1040 3502 1109 debuimus

1920 1123 2117 1192 facere,
2141 1124 2365 1194 fecimus
2395 1134 2444 1180 ε.
2962 1126 2965 1129 λ

1991 1319 2061 1376 In
2085 1318 2306 1379 lumine.
2337 1321 2403 1376 Et
2428 1321 2636 1387 futuro,
2661 1332 2716 1378 et
2736 1328 3009 1392 praesenti,
3038 1325 3091 1386 id
3116 1333 3202 1381 est
3247 1326 3496 1385 scientia.

1921 1413 2075 1468 Nunc
2095 1413 2240 1468 enim
2263 1414 2591 1469 illuminavit
2620 1429 2737 1482 nos,
2765 1415 3011 1472 revelans
3036 1416 3193 1474 nobis
3217 1417 3499 1490 mysteria,

1920 1515 1975 1560 et
2005 1504 2059 1559 in
2096 1503 2281 1559 futuro
2312 1504 2576 1574 majorem
2598 1506 2863 1578 largietur
2882 1507 3211 1564 claritatem.

1992 1703 2156 1759 Vens.
2193 1706 2281 1761 i3.
2322 1705 2426 1773 Qui
2445 1708 2635 1774 eripuit
2666 1724 2760 1763 nas
2784 1726 2817 1762 α
2851 1718 3109 1778 potestate
3139 1711 3493 1767 tenebrarum.

236 1818 394 1869 τους.
438 1804 517 1856 Οὐ
571 1803 732 1857 τοῦτο
778 1802 941 1874 μόνον
994 1804 1110 1856 ἐστὶ
1166 1803 1334 1874 μέγα,
1390 1805 1473 1857 ὅτι
1534 1803 1807 1874 βασιλείας

1918 1795 2039 1852 Non
2066 1799 2168 1853 hoc
2194 1800 2367 1853 solum
2402 1815 2654 1871 maguum
2680 1811 2785 1867 est,
2822 1804 2964 1870 quod
2999 1818 3096 1859 nos
3127 1819 3294 1875 regno
3322 1805 3497 1861 dona-

234 1894 486 1966 ὴξίωσεν,
525 1895 643 1949 ἀλλ’
689 1896 775 1950 ὅτι
823 1894 920 1948 καὶ
951 1896 1105 1960 τίνας
1132 1895 1297 1959 ὄντας
1349 1894 1564 1966 πρώην.
1597 1896 1672 1949 Οὐ
1703 1896 1812 1967 γάρ

236 1989 380 2042 ἔστιν
424 1990 546 2044 ἴσον
576 1988 640 2042 τὸ
663 1991 772 2053 τοῖς
801 1988 975 2054 ἀξίοις
1005 1988 1189 2042 δοῦναί
1220 2006 1293 2054 τι,
1340 1988 1438 2042 καὶ
1483 1989 1543 2042 τὸ
1572 1991 1688 2053 τοῖς
1715 1990 1813 2042 ἀν-

235 2076 437 2143 αξίοις·
469 2078 501 2132 ὃ
544 2079 643 2134 καὶ
682 2078 741 2133 ἐν
774 2080 840 2151 τῇ
870 2078 1007 2150 πρὸς
1051 2076 1359 2149 Ῥωμαίους
1398 2079 1571 2150 φησί’
1612 2081 1806 2145 Μόλις

238 2170 343 2239 γὰρ
373 2169 531 2239 ὑπὲρ
555 2170 794 2226 δικαίου
819 2186 909 2237 τις
931 2168 1245 2226 ἀποθανεῖι
1257 2187 1336 2224 αι.
1364 2170 1501 2234 Τοὺς
1532 2170 1692 2235 ὄντας
1717 2167 1813 2225 οὖν

235 2261 334 2315 ὑπὸ
362 2262 462 2334 τὴν
485 2262 740 2327 ἐξουσίαν
773 2262 869 2316 τοῦ
898 2262 1143 2327 σκότους,
1176 2262 1422 2316 τουτέστι
1445 2262 1541 2333 τῆς
1580 2261 1806 2331 πλάνης,

235 2353 455 2424 καὶτῆς
507 2352 831 2426 τυραννίδος
878 2351 975 2408 τοῦ
1024 2353 1297 2407 διαϐόλου.
1350 2353 1461 2406 Καὶ
1512 2354 1617 2407 οὐκ
1663 2347 1809 2419 εἶπε,

236 2445 478 2511 Σκότους,
503 2444 716 2511 ἁπλῶς,
744 2444 880 2514 ἀλλ’,
917 2444 1257 2512 Ἐξουσίας.
1290 2444 1497 2515 Πολλὴν
1525 2445 1632 2517 γὰρ
1654 2445 1810 2516 ἡμῶν

235 2530 343 2604 εἶχε
366 2535 469 2607 τὴν
522 2534 777 2602 ἐξουσίαν
811 2536 907 2590 καὶ
968 2536 1216 2607 ἐκράτει.
1262 2534 1514 2590 Χαλεπὸν
1553 2535 1657 2606 μὲν
1699 2535 1810 2607 γὰρ

236 2628 323 2680 καὶ
378 2625 439 2680 τὸ
479 2628 671 2692 ἁπλῶς
701 2627 845 2682 εἶναι
883 2626 991 2680 ὑπὸ
1034 2627 1126 2682 τὸν
1163 2627 1441 2682 διάϐολονο
1473 2627 1536 2681 τὸ
1583 2627 1641 2680 δὲ
1690 2626 1808 2697 μετ’

235 2719 499 2786 ἐξουσίας,
523 2720 685 2774 τοῦτο
722 2720 1127 2792 χαλεπώτερον.
1157 2721 1271 2774 Οὐκ
1303 2717 1425 2775 εἷπε
1468 2722 1547 2785 δὲ,
1590 2720 1810 2787 Ἐξέὸα-

234 2809 340 2877 λεν,
372 2810 512 2880 ἀλλ’,
550 2813 903 2882 Ἐρῤύσατο,
935 2811 1145 2876 δεικνὺς
1199 2813 1280 2866 ὅτι
1328 2812 1406 2877 ὡς
1461 2813 1805 2891 αἰχμάλωτοι

235 2900 789 2974 ἑταλαιπωρούμεθα.

297 3014 403 3070 Kal
424 3013 804 3086 μετέστησεν
826 3019 907 3083 είς
938 3015 1054 3085 τὴν
1069 3016 1397 3081 ,βασιλείαν
1410 3016 1519 3071 τοῦ
1543 3015 1679 3070 Υἱοῦ
1700 3032 1807 3084 της

234 3107 461 3178 ἀγάπης
487 3108 700 3164 αὑτοῦ.
730 3109 890 3179 Μέγα
928 3108 1030 3179 μὲν
1075 3107 1168 3162 καὶ
1202 3108 1264 3160 τὸ
1305 3106 1534 3171 σκότους
1561 3108 1805 3161 ἀπαλλά-

237 3199 348 3266 ξαι·
379 3202 438 3256 τὸ
468 3203 527 3256 δὲ
558 3203 653 3256 καὶ
679 3203 761 3265 εἰς
790 3201 1067 3279 βασιλείαν
1103 3201 1442 3270 εἰσαγαγεῖν,
1481 3198 1659 3271 πολλῷ
1688 3203 1805 3269 μεῖ-

236 3292 340 3356 ζον.
378 3291 489 3347 Καὶ
541 3294 638 3364 οὐχ
692 3292 901 3358 ἁπλῶς,
950 3292 1065 3346 ἀλλ’
1092 3292 1233 3348 ὥστε
1269 3291 1703 3362 συμϐασιλεῦσαι
1731 3293 1808 3363 τῷ

236 3384 343 3457 Υἱῷ
390 3388 491 3459 τῆς
539 3386 785 3456 ἀγάπης,
846 3386 1094 3449 τουτέστι
1163 3385 1240 3456 τῷ
1301 3384 1611 3455 ἀγαπητῷ,
1680 3386 1808 3446 τοὺς

236 3477 479 3548 ἐχθροὺς,
513 3481 643 3542 τοὺς
677 3477 1119 3546 ἐσκοτισμένους.
1151 3478 1216 3529 Ὃ
1242 3477 1339 3529 καὶ
1365 3474 1599 3545 ἀλλαχοῦ
1620 3475 1802 3543 λέγει’

236 3569 299 3620 Et
327 3569 729 3638 ὑπομένομεν,
774 3566 873 3620 καί
908 3566 1507 3636 συμϐασιλεύσομεν.
1542 3565 1654 3618 Οὐκ
1683 3560 1804 3617 εἷπε

236 3656 309 3724 δὲ,
337 3659 625 3730 Μετέθηκε
660 3659 745 3730 (τὸ
772 3657 883 3728 γὰρ
906 3658 1027 3711 ὅλον
1067 3656 1163 3710 τοῦ
1219 3657 1549 3727 μεταθέντος
1580 3655 1652 3711 ἂν
1688 3651 1803 3727 ἦν),

235 3751 382 3816 ἀλλὰ,
414 3752 829 3821 Μετέστησεν,
871 3749 1012 3803 ὥστε
1068 3745 1210 3803 εἷναί
1248 3766 1303 3802 τι
1346 3750 1441 3802 καὶ
1469 3749 1803 3827 ῄμῶνηΔεί-

236 3860 381 3897 κνυσι
407 3845 464 3898 δὲ
490 3845 583 3898 διὰ
617 3845 714 3914 τῆς
742 3843 940 3908 λέξεως
966 3843 1060 3895 καὶ
1082 3841 1142 3895 τὺ
1163 3839 1385 3896 εὔκολον
1411 3824 1511 3913 τῆς
1539 3840 1633 3895 τοῦ
1656 3824 1801 3894 Θεοῦ

232 3937 531 4008 δυνάμεως,
561 3936 753 4007 ὥσπερ
791 3936 855 3989 ἂν
887 3935 941 3988 εί
970 3952 1053 3999 τις
1091 3934 1441 4007 στρατιώτην
1469 3933 1582 3988 ἀπὸ
1631 3933 1801 3987 τόπου

233 4029 307 4090 είς
340 4033 397 4081 τό
408 4044 504 4083 πον
538 4029 873 4099 μεταγάγοι.

297 4143 398 4195 Ἐν
444 4135 495 4212 ᾦ
525 4143 748 4212 ἔχομεν
794 4142 910 4210 τὴν
937 4142 1377 4210 ἀπολύτρωσιν,
1409 4139 1536 4209 τὴν-ο
1579 4140 1802 4211 ἄφεσιν

233 4230 343 4284 τῶν
369 4233 696 4302 ἁμαρτιῶν.
726 4233 845 4287 Ἵνα
874 4232 952 4304 μὴ
978 4231 1218 4295 ἀκούσας
1245 4233 1327 4285 ὃτι
1358 4232 1626 4304 ἐρρύσατο
1651 4230 1801 4302 ἡμᾶς

232 4324 258 4375 ὁ
287 4325 495 4397 Πατὴρ,
526 4326 758 4399 νομίσῃς
796 4325 890 4379 τὸν
928 4322 1057 4378 Υίὺν
1105 4323 1270 4394 μηδὲν
1312 4323 1392 4387 είς
1418 4323 1567 4395 ἡμᾶς
1593 4322 1800 4391 ἀγαθὸν

232 4413 589 4480 ἐνδείξασθαι,
620 4414 773 4483 λέγει
800 4413 1013 4480 λοιπὸν,
1047 4411 1215 4467 ὅτιτὸ
1252 4410 1437 4481 μεῖζον
1470 4412 1607 4481 ἡμῖν
1639 4408 1801 4465 δέδω-

1921 1889 2012 1955 rit,
2047 1904 2236 1944 verum
2280 1891 2424 1959 quod
2455 1906 2553 1946 nos
2591 1894 2681 1962 qui
2727 1893 2862 1947 tales
2901 1895 3049 1963 prius
3077 1909 3294 1952 eramus
3333 1912 3350 1951 :
3386 1913 3495 1954 non

1914 1984 2058 2038 enim
2106 1983 2333 2054 perinde
2365 1993 2450 2039 est
2481 1983 2663 2054 dignis
2710 1984 2916 2053 aliquid
2942 1986 3097 2053 dare,
3149 1996 3205 2042 et
3236 1989 3491 2057 indignis.

1914 2075 2069 2143 Quod
2101 2084 2157 2129 et
2195 2057 2249 2129 ίὶι
2292 2076 2533 2144 Epistola
2561 2077 2629 2130 ad
2658 2075 2936 2133 Romanos
2966 2078 3190 2149 inquit:
3221 2080 3322 2134 Via
3348 2081 3492 2136 enim

1908 2182 2006 2236 pro
2026 2168 2170 2236 justo
2213 2166 2335 2236 quis
2379 2168 2604 2220 moritur
2636 2165 2686 2221 ιι.
2720 2167 2821 2234 Qui
2870 2167 3031 2237 igitur
3083 2170 3182 2224 sub
3227 2168 3492 2240 potestate

1914 2261 2260 2313 tenebrarum
2302 2267 2498 2324 erant,
2544 2257 2649 2313 hoc
2685 2269 2772 2313 est
2830 2260 3034 2315 erroris
3089 2271 3139 2315 et
3193 2261 3494 2332 tyrannidis

1911 2348 2137 2403 diaboli.
2177 2344 2289 2403 Nec
2314 2346 2474 2411 dixit,
2504 2362 2537 2399 a
2565 2347 2792 2400 tenebris
2820 2346 3158 2417 simpliciter,
3190 2345 3306 2415 sed,
3337 2365 3369 2399 ο
3398 2363 3496 2416 po-

1913 2449 2101 2495 testate
2143 2457 2157 2495 :
2189 2439 2418 2495 multam
2448 2439 2594 2495 enim
2626 2428 2814 2494 ‘nostri
2854 2447 3180 2508 potestatem
3204 2441 3489 2508 “habebat,

1911 2542 1974 2587 sc
2011 2531 2409 2586 dominabatur.
2446 2528 2583 2586 Nam
2619 2545 2782 2599 grave
2808 2531 3024 2600 quidem
3052 2539 3138 2586 est
3167 2532 3492 2601 simplicitet

1910 2623 2011 2678 sub
2045 2621 2262 2678 diabolo
2300 2637 2420 2678 esse
2453 2639 2467 2676 :
2499 2637 2688 2677 verum
2726 2631 2978 2692 potenter
3024 2623 3074 2677 ei
3122 2622 3341 2693 subjici.
3381 2623 3489 2678 hoc

1908 2715 2070 2786 longe
2095 2725 2180 2773 est
2199 2716 2440 2785 gravius.
2470 2714 2587 2773 Non
2609 2716 2744 2771 dixit
2767 2725 2972 2782 autem,
3005 2714 3199 2785 Ejecit,
3217 2715 3340 2782 sed,
3363 2713 3489 2770 Eri-

1871 2839 1877 2845 -
1909 2811 2049 2880 puit,
2076 2810 2373 2865 ostendens
2408 2809 2553 2880 quod
2585 2820 2841 2880 tanquam
2887 2810 3086 2879 captivi
3114 2809 3180 2869 in
3227 2808 3487 2865 aerumnis

1907 2900 2312 2955 detinebamur.

1979 3013 2342 3084 Ettranslulit
2362 3016 2415 3068 in
2438 3029 2655 3085 regnum
2681 3013 2815 3068 Filii
2829 3014 3123 3069 dilectionis
3145 3031 3276 3070 suae.
3299 3014 3490 3085 Magna

1911 3119 2042 3160 sane
2070 3120 2157 3161 res
2182 3114 2283 3171 est,
2316 3120 2346 3158 a
2380 3106 2625 3161 tenebris
2660 3122 2758 3160 nos
2789 3106 3059 3162 liberare:
3088 3116 3143 3161 at
3166 3108 3218 3161 in
3259 3123 3487 3176 regnum

1911 3200 2077 3254 etiam
2110 3213 2213 3254 nos
2244 3198 2409 3270 5.69
2446 3199 2816 3261 introducere,
2849 3210 2932 3255 est
2969 3200 3126 3269 longe
3153 3200 3347 3268 majus.
3377 3201 3491 3257 Nec

1908 3291 2261 3361 simpliciter,
2318 3305 2504 3344 verum
2559 3299 2617 3343 ut
2648 3289 2811 3344 simul
2860 3304 3147 3360 rcgnemus
3177 3307 3299 3344 cum
3351 3291 3489 3349 Filio

1908 3382 2234 3447 dileCIionis,
2265 3382 2367 3437 hoc
2420 3389 2506 3435 est
2571 3380 2790 3447 dilecto,
2827 3381 2918 3450 qui
2950 3380 3130 3436 hostes
3161 3398 3398 3450 eramus,
3425 3399 3491 3441 ac

1908 3472 2149 3530 tenebris
2205 3472 2445 3529 immersi
2495 3490 2511 3527 :
2558 3472 2704 3544 quod
2738 3483 2792 3528 et
2843 3465 2952 3527 alio
3003 3472 3056 3527 in
3108 3473 3228 3528 loco
3261 3474 3337 3528 ait
3374 3492 3388 3530 :
3422 3474 3486 3531 Si

1906 3565 2274 3633 compatimur,
2309 3574 2358 3618 et
2386 3561 2819 3633 conregnabimus
2851 3563 2895 3614 i.
2929 3560 3045 3616 Non
3094 3562 3231 3616 dixit
3276 3570 3484 3629 autem,

1906 3654 2265 3725 Transposuit
2295 3660 2441 3726 (nam
2485 3662 2654 3709 totum
2701 3647 3101 3721 transponentis
3127 3653 3318 3723 esset),
3363 3654 3482 3717 sed,

1910 3747 2229 3813 Transtulit,
2256 3756 2316 3801 ut
2350 3756 2499 3802 esset
2525 3743 2732 3815 aliquid
2758 3744 2922 3799 etiam
2957 3751 3229 3798 nostrum.
3270 3742 3482 3798 Iudicat

1905 3851 2117 3906 autem,
2147 3855 2386 3917 per-eam
2418 3838 2736 3903 dictionem,
2771 3834 3085 3891 facilitatem
3112 3835 3272 3890 etiam
3294 3843 3488 3905 poten-

1907 3936 1997 3989 tia:
2019 3931 2140 4005 Dei,
2173 3933 2400 4004 perinde
2429 3945 2495 3987 ac
2523 3930 2569 3986 si
2597 3929 2721 4000 quis
2735 3927 2963 3984 militem
2988 3928 3055 3983 de
3080 3926 3199 3982 loco
3229 3927 3282 3981 in
3310 3928 3485 3981 locum

1904 4030 2178 4083 traducat.

1973 4138 2141 4196 Vens.
2174 4139 2260 4193 14.
2298 4136 2364 4193 In
2389 4153 2492 4207 quo
2543 4135 2796 4191 habemus
2828 4133 3234 4205 redemptionem
3256 4170 3271 4197 ,
3299 4133 3486 4186 remis?

1902 4234 2103 4289 sionem
2149 4239 2508 4303 peccatorum.
2539 4225 2620 4282 Ne
2642 4242 2797 4283 'cum
2855 4225 3009 4280 audis
3036 4224 3180 4296 quod
3211 4224 3484 4294 'eripuerit

1903 4340 2001 4381 nos
2030 4322 2209 4391 Pater,
2237 4323 2517 4379 existimes
2542 4320 2739 4375 Filium
2782 4306 2918 4373 nibil
2964 4316 3089 4372 boni
3121 4315 3279 4371 nobis
3322 4315 3481 4370 extri-

1900 4416 2110 4485 buisse,
2146 4418 2400 4484 deinceps
2430 4413 2507 4468 ait
2541 4430 2556 4468 :
2597 4410 2751 4479 Quod
2804 4398 2981 4478 majus
3029 4415 3113 4462 est
3143 4406 3291 4462 dedit
3324 4405 3483 4469 nobis

232 4520 319 4557 κεν
346 4507 373 4558 ὁ
401 4505 552 4570 Υἱός.
588 4494 696 4559 Τοῦ
722 4504 832 4575 γὰρ
855 4503 1192 4575 μεταστῆναι
1218 4502 1363 4573 ἡμᾶς
1392 4502 1473 4564 είς
1503 4501 1604 4572 τὴν
1644 4500 1799 4571 βασιο

1916 4509 2097 4565 Filius.
2126 4507 2260 4563 Nam
2293 4507 2436 4578 quod
2464 4519 2564 4560 nos
2585 4505 2637 4558 in
2672 4517 2893 4574 regnum
2923 4497 3338 4567 trassferamur,
3367 4499 3483 4570 ipse

232 4594 394 4663 λείαν,
446 4597 614 4662 αὑτός
648 4598 801 4650 ἐστιν
852 4595 1048 4660 αἴτιος,
1105 4593 1472 4665 χαρισάμενος
1532 4593 1665 4662 ἡμῖν
1699 4591 1800 4664 τὴν

233 4688 517 4760 λύτρωσιν,
572 4689 825 4743 τουτέστι
866 4685 964 4757 τὴν
1006 4685 1198 4763 ἄφεσιν
1232 4683 1339 4737 τῶν
1394 4684 1702 4756 ἁμαρτιῶν.
1737 4684 1800 4736 Εἰ

232 4780 334 4852 γὰρ
365 4783 441 4856 μὴ
462 4781 862 4855 ὲλυτρώθημεν
887 4779 983 4833 καὶ
1008 4777 1317 4848 ἀφείθημεν
1344 4775 1572 4843 τούτων,
1606 4776 1706 4829 οὐκ
1732 4773 1800 4828 ἂν

235 4873 572 4947 μετέστημεν
595 4875 678 4937 είς
707 4873 805 4945 τὴν
838 4870 1141 4943 βασιλείαν.
1175 4870 1338 4922 Ὥστε
1366 4868 1529 4932 αὐτὸς
1552 4866 1797 4939 προωδο-

233 4964 416 5033 ποίησε
440 4969 510 5038 τῇ
559 4965 738 5038 δωρεᾷ
770 4963 865 5018 τοῦ
904 4961 1138 5034 Πατρός.
1173 4961 1288 5014 Οὐκ
1320 4955 1439 5012 εἷπε
1464 4958 1542 5025 δὲ,
1573 4959 1800 5029 Δύτρω-

236 5072 336 5122 σιν,
367 5059 506 5126 ἀλλ’,
546 5058 994 5125 Ἀπολύτρωσιν
1018 5073 1032 5086 ο
1058 5053 1326 5119 τουτέστι,
1376 5053 1607 5114 Τελείως
1650 5052 1798 5123 ἡμᾶς

235 5147 593 5220 ὲλυτρώσατο,
623 5150 772 5203 ὥστε
815 5150 890 5218 μὴ
934 5149 1197 5218 ἐμπεσεῖν
1225 5144 1433 5208 λοιπὸν,
1471 5142 1607 5217 μηδὲ
1641 5144 1796 5210 γενέ-

239 5240 358 5295 σθαι
387 5243 641 5313 θνητοὺς,
692 5243 769 5307 ὡς
798 5243 1018 5311 ἐνόχους
1064 5242 1131 5308 τῇ
1183 5236 1429 5308 ἁμαρτίᾳ
1459 5235 1556 5289 τοῦ
1598 5235 1792 5305 Ἀδάμ.

248 5331 393 5388 Ἐπεὶ
426 5332 518 5389 οὖν
548 5332 897 5407 ὲλυτρώσατο
921 5333 949 5384 ὁ
975 5330 1122 5393 Υἱὸς,
1149 5330 1310 5392 αὐτὸς
1332 5332 1431 5407 ,καὶ
1454 5329 1796 5399 προσήγαγε..

238 5422 352 5486 Πῶς
372 5423 464 5481 οὖν
507 5426 779 5496 ἀγγέλους
824 5424 979 5494 ὑμεῖς
1019 5422 1206 5491 λέγετε
1233 5439 1247 5486 ;
1279 5419 1591 5491 Σημείωσαι
1629 5419 1685 5472 δὲ
1714 5419 1796 5485 τὸ,

238 5507 337 5565 Ἐν
362 5506 425 5579 ᾧ,
454 5516 545 5569 ἐπὶ
569 5513 663 5567 τοῦ
691 5512 843 5567 Υἱοῦ.

304 5603 400 5670 ὀς
426 5607 598 5661 ἐστιν
631 5605 811 5661 εἰκὼν
847 5605 949 5659 τοῦ
986 5604 1131 5659 Θεοῦ
1159 5604 1260 5658 τοῦ
1285 5605 1560 5673 ἀοράτου.
1601 5604 1674 5658 Τὸ
1698 5605 1797 5675 τῆς

343 5788 365 5825 ⁸
392 5756 527 5845 Luc.
559 5806 693 5855 xvn,
729 5791 814 5845 10.
925 5788 949 5826 ¹ι
989 5788 1142 5840 llum.
1182 5802 1230 5848 τ,
1262 5787 1313 5838 7.

1905 4610 2204 4663 estcausa,
2273 4598 2481 4652 donans
2529 4595 2685 4651 nobis
2732 4591 3186 4662 redemptionem,
3238 4591 3343 4649 boc
3395 4602 3482 4648 est

1905 4691 2286 4747 remissionem
2328 4695 2701 4762 peccatorum.
2731 4683 2847 4739 Nisi
2876 4681 3024 4738 enim
3071 4682 3287 4739 liberati
3331 4697 3481 4738 esse-

1902 4762 2051 4848 mus,
2088 4788 2252 4848 atque
2301 4777 2369 4833 ab
2413 4776 2498 4831 bis
2539 4774 2772 4843 dimissi,
2814 4780 2922 4828 nan
2953 4787 3200 4829 essemus
3236 4769 3479 4826 translati

1903 4873 1956 4927 in
1988 4885 2235 4942 regnum.
2252 4867 2370 4939 lpse
2396 4867 2577 4938 itaque
2604 4868 2748 4921 viam
2766 4866 2908 4922 dono
2934 4863 3111 4920 Patris
3133 4863 3475 4933 przeparavit.

1899 4958 2020 5017 Non
2082 4959 2215 5014 dixit
2245 4971 2448 5025 autem,
2480 4957 2785 5029 Λύτρωσιν,
2835 4955 2963 5021 sed,
3008 4952 3475 5020 Ἀπολύτρωσιν,

1900 5054 1955 5110 id
1987 5063 2100 5116 est,
2152 5051 2402 5107 Perfecte
2458 5066 2559 5106 nos
2615 5050 2891 5115 liberavit,
2948 5056 3008 5103 ut
3060 5060 3169 5100 non
3223 5043 3476 5112 deinceps

1903 5147 2350 5217 impingeremus,
2366 5157 2541 5213 neque
2563 5142 2900 5198 cﬂiceremur
2924 5137 3199 5200 mortales,
3221 5145 3475 5201 tanquam

1901 5238 2118 5294 obnoxii
2153 5246 2378 5306 peccato
2406 5236 2620 5311 Adatni.
2650 5232 2918 5299 Quoniam
2956 5229 3121 5297 igitur
3146 5224 3475 5281 [³1ιὶυὸὶίὺο-

1902 5327 2062 5388 ravit,
2110 5325 2225 5396 ipse
2276 5326 2439 5379 etiam
2478 5306 2866 5378 reconciliavit.
2906 5318 3185 5385 Quomodo
3215 5329 3343 5382 ergo
3375 5327 3472 5368 vos

1900 5418 2080 5473 dicitis
2133 5417 2234 5472 hoc
2266 5432 2362 5486 per
2391 5415 2612 5485 angelos
2644 5410 2947 5482 obtigisse?
2978 5408 3214 5463 Observa
3265 5415 3468 5472 autem,

1900 5512 2042 5581 quod
2094 5508 2183 5578 (In
2208 5510 2332 5579 quo)
2359 5508 2423 5561 de
2452 5504 2590 5559 Filio
2625 5506 2857 5559 dicatur.

1973 5600 2137 5656 Vens.
2175 5599 2261 5655 15.
2322 5598 2426 5663 Qui
2471 5604 2548 5651 est
2586 5598 2759 5665 imago
2791 5593 2890 5649 Dei
2924 5589 3222 5648 invisibilis.
3254 5586 3474 5644 Natura

1435 5796 1448 5822 ι
1491 5783 1531 5835 ll
1567 5783 1708 5837 Tim.
1745 5796 1805 5848 tl,
1830 5781 1918 5834 12.
