3994 6582
583 401 721 470 1219

1510 397 2094 464 THEOPHYLACTI
2135 395 2547 460 BULGABIE
2573 392 2940 458 .ARCHIEP.

3677 396 3792 466 1220

575 518 965 584 celebritatem,
990 515 1377 590 dignitatisque
1397 516 1679 588 Unigeniti
1700 517 2038 589 majestatem
2050 517 2155 572 hoc

2263 512 2478 584 φύσεως
2505 510 2722 582 ἔντιμον
2753 511 2820 575 ⁸ο,
2857 509 2953 563 καὶ
2995 506 3056 560 τδ
3098 506 3380 577 μεγαλεῖον
3408 508 3509 578 τῆς
3547 506 3691 574 ἀξίας
3714 517 3791 567 to;

574 612 696 670 loco
717 612 888 684 ponit.
911 609 1117 682 Imago,
1146 610 1344 681 inquit,
1377 619 1454 666 est
1491 609 1589 665 Dei
1617 626 1635 665 :
1669 609 1832 680 igitur
1867 618 1951 665 est
1977 609 2150 680 persi-

576 701 721 757 milis
761 718 776 757 :
829 713 938 755 non
979 698 1126 755 enim
1181 698 1350 754 babes
1387 712 1702 754 mensuram
1734 693 2149 764 magnitudinis,

577 797 634 842 ut
664 787 815 842 dicas
841 798 1108 857 quantum
1138 786 1513 842 imminuatur.
1549 785 1608 842 Si
1631 787 1778 843 enim
1807 785 1988 856 imago
2009 792 2154 840 esset

575 884 840 944 quatenus
870 881 954 931 est
991 871 1175 943 homo,
1210 884 1430 947 poteras
1471 875 1678 946 aliquid
1729 876 1928 942 dicere,
1961 889 2154 945 nempe

574 964 718 1033 quod
762 963 940 1034 imago
988 979 1097 1020 non
1139 965 1426 1035 perveniat
1472 965 1540 1019 ad
1585 964 1865 1035 exemplar
1893 964 2151 1034 primum.

575 1055 714 1122 Quia
766 1070 899 1113 vero
940 1056 1122 1127 imago
1152 1067 1238 1112 est
1279 1064 1551 1128 quat-enus
1623 1067 1708 1114 est
1756 1059 1898 1112 Deus
1952 1058 2156 1127 Deique

573 1146 766 1214 Filius,
823 1148 959 1204 nihil
998 1149 1274 1218 discrepat
1304 1150 1481 1221 imago
1515 1151 1569 1204 in
1615 1149 1728 1206 Deo
1767 1158 1823 1204 et
1857 1149 2152 1216 invisibili;

574 1249 764 1310 utpote
792 1255 912 1309 quae
951 1251 1036 1297 est
1071 1241 1384 1297 invisibilis.
1419 1241 1478 1296 in
1531 1241 1688 1298 nobis
1719 1241 1864 1297 enim
1896 1243 2024 1312 quia
2063 1257 2156 1298 ars

529 1363 532 1366 -
579 1334 815 1388 humana
849 1333 1115 1403 imagines
1135 1333 1320 1401 eliieit,
1349 1348 1469 1404 qua:
1487 1346 1863 1404 saepenumero
1885 1333 2155 1404 impingit,

581 1436 688 1476 non
715 1423 876 1478 habet
907 1433 1156 1479 exactam
1189 1423 1335 1479 illam
1355 1433 1412 1480 et
1441 1425 1574 1480 nihil
1603 1423 1938 1481 dill‘erentem
1964 1425 2158 1481 simili-

578 1513 825 1568 tudinem
892 1515 1092 1585 imago.
1131 1515 1232 1573 Ubi
1266 1526 1449 1572 autem
1482 1518 1624 1572 Deus
1653 1525 1760 1584 est,
1789 1517 1861 1572 ibi
1891 1531 2156 1588 nusquam

579 1619 736 1661 error
773 1622 790 1661 :
837 1616 1125 1677 propterea
1169 1617 1223 1664 et
1257 1615 1448 1664 exacta
1497 1609 1816 1664 similitudo.
1875 1607 1932 1663 Si
1977 1617 2157 1663 autem

580 1697 750 1753 Filius
772 1713 880 1754 nou
916 1699 989 1754 sit
1016 1699 1312 1768 persimilis
1355 1699 1612 1755 invisibili
1648 1699 1779 1768 Deo,
1816 1700 1943 1771 quid
1980 1700 2160 1770 prohi-

583 1792 674 1845 bet
705 1789 998 1860 quominus
1030 1802 1086 1848 et
1109 1792 1286 1862 angeli
1321 1792 1429 1847 sint
1493 1792 1780 1862 imagines,
1815 1792 2157 1862 quandoqui-

2250 602 2594 674 Μονογενοῦς
2638 602 2854 672 τίθησιν
2903 598 3162 653 ἐνταῦθα.
3205 597 3418 661 Εἰκὼν,
3461 599 3640 669 φησὶν,
3681 603 3791 658 ἔστι

2251 694 2358 751 τοῦ
2398 692 2580 750 Θεοῦ·
2638 693 2835 747 οὐκοῦν
2876 682 3347 761 ’ἀπαράλλακτος.
3397 690 3472 742 Οὐ
3529 692 3633 762 γὰρ
3672 693 3793 763 ἔχεις

2254 787 2459 858 μέτρον
2488 781 2587 838 τοῦ
2639 783 2928 855 μεγέθους,
2962 782 3050 836 ἵνα
3081 781 3244 852 εἴπῃς
3295 781 3463 835 πόσον
3491 780 3792 840 ἐλαττοῦται.

2253 878 2317 930 Εἰ
2352 876 2450 948 μὲν
2476 875 2586 947 γὰρ
2607 873 2678 938 ὡς
2704 873 2991 943 ἄνθρωπος
3031 868 3101 944 ἦν
3139 872 3322 940 εἰκὼν,
3363 869 3508 944 εἶχές
3530 893 3580 928 τι
3620 876 3789 944 λέγειν,

2253 968 2336 1021 ὅτι
2429 966 2594 1020 εἰκὼν
2637 965 2698 1018 οὐ
2739 965 2931 1032 φθάνει
2976 963 3115 1035 πρὸς
3146 964 3208 1016 τὸ
3244 967 3620 1034 πρωτότυπον.
3667 968 3793 1022 Ἐπεὶ

2253 1057 2311 1112 δὲ
2343 1056 2509 1112 εἰκών
2539 1057 2689 1109 ἔστιν
2705 1054 2781 1118 ὡς
2805 1055 2936 1118 Θεὸς
2954 1057 3047 1109 καὶ
3079 1055 3216 1108 Θεοῦ
3247 1055 3393 1119 Υἰὲς,
3415 1056 3792 1126 ἀπαράλλακτος

2253 1153 2287 1222 ἡ
2337 1148 2501 1203 εἰκὼν
2575 1147 2669 1201 ἐπὶ
2749 1145 2885 1200 Θεοῦ
2975 1146 3234 1217 ἀοράτου,
3305 1149 3538 1219 ἀόρατος
3604 1150 3789 1221 enim.

2267 1242 2385 1312 Ἐφ’
2418 1241 2576 1312 ἡμῶν
2612 1239 2710 1310 μὲν
2747 1239 2880 1309 γὰρ,
2915 1239 3103 1310 ἐπειδὴ
3136 1239 3303 1309 τέχνη
3339 1240 3648 1311 ἀνθρωπίνη
3681 1243 3793 1295 εἰκο-

2257 1335 2498 1405 νουργεϊ,
2531 1335 2562 1402 ἠ
2585 1332 2857 1402 πολλαχοῦ
2886 1329 3275 1393 διαπίπτουσα,
3310 1331 3415 1384 οὑκ
3437 1331 3622 1401 ἐχειτδ
3642 1334 3792 1404 amp-

2259 1422 2528 1478 άλλακτον
2565 1425 2598 1492 ἡ
2634 1420 2798 1474 εἰκών
2821 1436 2834 1448 ·
2864 1419 2992 1474 ἔνθα
3032 1420 3090 1473 δὲ
3124 1419 3280 1483 Θεὸς,
3319 1420 3559 1491 οὐδαμοῦ
3595 1423 3794 1476 διάπτω-

2259 1532 2366 1580 σις,
2408 1513 2652 1584 οὐδαμοῦ
2690 1512 2918 1582 σφάλμα
2951 1527 2966 1542 ·
3017 1511 3098 1564 διδ
3128 1513 3223 1566 καὶ
3276 1512 3340 1566 τὸ
3392 1513 3792 1584 ἀπαράλλακτον.

2259 1608 2323 1662 Εἰ
2353 1608 2411 1662 δὲ
2440 1607 2518 1678 μὴ
2550 1606 2610 1659 τὸ
2644 1603 3068 1677 ἀπαράλλακτον
3102 1603 3217 1675 ἔχει
3249 1605 3391 1676 πρὸς
3425 1607 3516 1660 τὸν
3551 1608 3796 1677 ἀόρατα·δὸ
3890 1665 3896 1671 _

2261 1700 2415 1764 Υἱὸς,
2443 1698 2496 1752 τί
2550 1698 2753 1752 κωλύει
2797 1699 2894 1752 καὶ
2931 1697 3201 1766 ἀγγέλους
3245 1700 3470 1762 εἰκόνας
3505 1696 3666 1765 εἷναις
3710 1703 3797 1755 Καὶ

2259 1792 2367 1862 γὰρ
2396 1791 2500 1844 καὶ
2537 1791 2693 1843 αὐτοὶ
2744 1789 2968 1860 ἀόρατοι
2993 1809 3006 1822 ·
3038 1787 3154 1841 ἀλλ’
3213 1789 3365 1859 ὅμως
3408 1789 3635 1859 οὐδαμοῦ
3664 1791 3798 1842 εἰκοῖν

585 1882 707 1938 dem
747 1892 801 1938 et
831 1884 930 1953 ipsi
967 1893 1095 1939 sunt
1145 1884 1490 1940 invisibiles?
1524 1893 1764 1939 attamen
1787 1884 2007 1956 angelus
2033 1898 2159 1937 nus-

2263 1882 2492 1952 ἄγγελος
2538 1881 2782 1950 λέγεται.
2829 1880 2940 1933 Kal
2970 1879 3072 1950 ὅρα
3099 1879 3202 1950 τὴν
3240 1879 3532 1950 ἀκρίϐειαν
3564 1881 3654 1945 τῆς
3680 1882 3799 1944 θείας

583 1987 745 2041 quam
822 1975 998 2046 imago
1067 1975 1287 2030 dicitur.
1355 1977 1740 2044 Contemplare
1809 1985 1989 2031 autem
2072 1976 2160 2030 hic

586 2077 897 2120 accuratam
956 2063 1255 2136 Scriptura:
1307 2065 1562 2122 formam.
1613 2066 1900 2122 Hominem
1940 2065 2160 2136 quidem

584 2164 639 2208 et
674 2155 962 2226 imaginem
999 2155 1089 2211 Dei
1119 2165 1173 2211 et
1218 2155 1388 2209 filium
1434 2167 1625 2220 vocat;
1681 2155 1928 2224 angelum
1977 2165 2161 2212 autem

585 2261 872 2315 nusquam.
900 2247 1016 2302 illic
1037 2247 1182 2302 enim
1213 2247 1468 2317 angelicae
1488 2258 1692 2301 naturae
1717 2246 1944 2302 altitudo
1973 2248 2159 2302 statim

529 2369 538 2376 -
586 2339 654 2392 ad
676 2338 1010 2406 impietatem
1030 2338 1311 2394 auditores
1337 2338 1750 2408 praecipitasset,
1783 2339 2161 2396 existimantes

583 2430 828 2499 ejusdem
857 2446 979 2487 esse
1010 2431 1288 2501 dignitatis
1339 2431 1586 2502 angelum
1642 2446 1763 2487 cum
1805 2432 1937 2488 Deo.
1974 2432 2032 2486 In
2065 2433 2164 2487 ho-

585 2524 731 2578 mine
763 2534 943 2580 autem
979 2524 1217 2581 tenuitas
1268 2533 1323 2581 et
1376 2523 1655 2580 humilitas
1699 2525 1876 2579 munit
1925 2536 2162 2591 nos,'ne

583 2616 691 2670 tale
725 2615 983 2687 quiddam
1018 2617 1382 2688 suspicemur.
1425 2616 1634 2687 Collige
1673 2616 1839 2686 igitur
1868 2619 2009 2687 quod
2037 2633 2160 2674 cum

587 2707 906 2778 Unigenitus
954 2720 1187 2780 utraque
1230 2711 1325 2777 sit,
1370 2711 1548 2783 imago
1589 2711 1754 2782 470
1797 2712 2052 2766 nimirum
2106 2721 2163 2770 et

585 2800 914 2870 invisibilis;
947 2817 1044 2872 per
1071 2802 1176 2858 hoe
1207 2804 1425 2873 quidem
1449 2803 1594 2872 quod
1626 2805 1803 2874 imago
1831 2805 1922 2870 sit,
1953 2805 2161 2863 discre-

583 2902 676 2962 pat
720 2893 789 2948 ab
831 2893 1036 2963 angelis
1087 2893 1180 2964 qui
1225 2892 1527 2950 invisibiles
1581 2895 1800 2965 quidem
1846 2904 1992 2962 sunt,
2053 2912 2159 2952 non

581 2992 761 3040 autem
797 2986 1062 3056 imagines
1103 3006 1116 3042 :
1149 3002 1244 3056 per
1281 2987 1383 3042 hoe
1409 3002 1541 3043 vero
1573 2988 1718 3057 quod
1751 2987 2057 3057 invisibilis,
2092 2990 2162 3046 ab

583 3077 919 3144 hominibus,
949 3078 1042 3148 qui
1072 3087 1127 3134 et
1168 3079 1269 3150 ipsi
1324 3080 1545 3150 quidem
1576 3081 1837 3152 imagines
1882 3081 2157 3150 dicuntur,

582 3182 688 3221 non
737 3166 1042 3225 invisibiles
1075 3179 1275 3224 tamen.
1312 3169 1473 3226 Solus
1497 3170 1663 3240 igitur
1693 3171 1810 3240 ipse
1847 3172 2068 3242 preprie
2106 3179 2162 3228 et

2265 1975 2488 2045 Γραφῆς
2513 1990 2528 2004 ·
2558 1974 2663 2026 Τὸν
2714 1973 2815 2043 μὲν
2849 1971 3137 2042 ἄνθρωπον
3167 1971 3432 2042 ὀνομάζει
3489 1972 3661 2025 εἰκόνα
3687 1973 3797 2026 Θεοῦ

2262 2067 2358 2122 καὶ
2398 2066 2511 2121 υἰόν
2537 2081 2551 2094 ⁸
2584 2065 2676 2118 τὸν
2728 2066 2786 2118 δὲ
2813 2063 3066 2132 ἄγγελον,
3092 2063 3341 2134 οὐδαμῶς
3371 2063 3420 2096 ³⁸
3444 2081 3457 2094 ·
3487 2065 3567 2118 ὅτι
3594 2067 3697 2118 ἐκεῖ
3719 2067 3798 2135 μὲν

2261 2159 2324 2212 τὸ
2357 2161 2457 2230 τῆς
2489 2157 2796 2227 ἀγγελικῆς
2852 2156 3068 2225 φύσεως
3101 2155 3235 2226 ὕψος
3263 2156 3479 2226 ταχέως
3509 2157 3572 2210 ἂν
3599 2161 3668 2220 εἰς
3693 2159 3797 2213 ἀσέ-

2264 2251 2416 2305 6ειαν
2461 2251 2687 2322 ἔρριψεν
2738 2249 3045 2312 ἀκούοντας
3073 2252 3140 2315 ⁸⁸,
3185 2249 3476 2319 οἰηθέντας
3519 2251 3612 2318 τῆς
3663 2250 3796 2317 αὐτῆς

2263 2342 2419 2409 ἀξίας
2441 2338 2580 2395 εῖναι
2619 2342 2710 2395 τὸν
2747 2341 2981 2410 ἄγγελον
3011 2341 3089 2411 τῷ
3119 2341 3268 2410 Θεῷο
3303 2340 3401 2392 ἐπὶ
3423 2341 3480 2393 δὲ
3515 2340 3602 2392 τοῦ
3628 2340 3799 2409 ἀνθρώ.

2265 2453 2392 2503 που,
2448 2435 2510 2488 τὸ
2560 2433 2777 2497 εὐτελὲς
2835 2433 2929 2486 καὶ
2966 2433 3222 2487 ταπεινὸν
3272 2432 3627 2501 ἀσφαλίζεται
3660 2433 3793 2500 ἡμᾶς.

2263 2528 2406 2582 ὥστε
2442 2527 2516 2598 μὴ
2548 2525 2897 2580 ύποπτεῦσαί
2950 2543 3003 2580 τι
3075 2526 3338 2579 τοιοῦτον.
3398 2527 3667 2592 Συνάγαγε
3707 2521 3792 2585 οὖν,

2262 2621 2344 2674 ὅτι
2371 2623 2398 2674 ό
2435 2619 2751 2688 Μονογενὴς
2792 2618 3078 2690 ἀμφότερα
3101 2617 3195 2683 ὢν,
3223 2619 3319 2670 καὶ
3343 2616 3514 2669 εἰκὼν
3546 2619 3631 2669 καὶ
3668 2616 3794 2686 ἀόρα-

2262 2730 2379 2779 τος,
2408 2712 2488 2784 τῷ
2519 2711 2620 2782 μὲν
2653 2711 2820 2765 εἰκὼν
2855 2708 2996 2764 εἶναι
3037 2711 3418 2764 διαστέλλεται
3453 2709 3557 2763 ἀπὸ
3589 2709 3683 2762 τῶν
3721 2713 3794 2776 57-

2262 2805 2462 2874 γέλων,
2490 2804 2540 2857 οἳ
2572 2804 2796 2873 ἀόρατοι
2845 2804 2964 2872 μὲν,
2997 2803 3098 2856 οὐκ
3122 2804 3331 2865 εἰκόνες
3358 2804 3421 2855 δέ
3447 2818 3464 2833 ·
3491 2801 3566 2871 τῷ
3587 2802 3636 2854 δὲ
3670 2803 3796 2872 ἀόρα-

2263 2913 2375 2962 τος,
2410 2894 2520 2950 ἀπὸ
2571 2894 2683 2948 τῶν
2717 2894 3045 2966 ἀνθρώπων,
3080 2894 3128 2947 οἳ
3163 2893 3260 2946 καὶ
3310 2893 3473 2947 αὐτοὶ
3508 2892 3696 2956 εἰκόνες
3723 2895 3797 2959 μὲν

2263 2990 2536 3059 λέγονται,
2577 2989 2678 3042 οὐκ
2728 2991 2950 3059 ἀόρατοι
2984 2988 3061 3040 δέ.
3096 2988 3274 3049 Μόνος
3305 2986 3421 3056 ἀρα
3456 2986 3611 3049 αὐτὸς
3638 2985 3797 3054 κυρῖως

2263 3081 2360 3134 καὶ
2388 3078 2832 3150 ἀπαραλλάκτως
2864 3076 3050 3130 εἰκών.
3083 3077 3145 3130 Εἰ
3193 3075 3251 3130 δὲ
3282 3078 3382 3130 καὶ
3429 3077 3509 3130 ἔτι
3538 3078 3796 3130 ἐνίστανται

2263 3171 2314 3224 οἱ
2353 3170 2660 3241 Ἀρειανοὶ,
2699 3171 2784 3224 ὅτι
2831 3171 2864 3239 ἡ
2894 3169 3059 3223 εἰκὼν
3084 3169 3181 3238 οὐχ
3215 3167 3504 3238 όμοούσιος
3533 3167 3605 3236 τῷ
3629 3182 3800 3237 πρωτε-

580 3259 714 3314 citra
773 3260 936 3315 ullam
984 3261 1484 3317 dissimilitudinem
1546 3263 1726 3334 imago
1758 3273 1863 3320 est.
1912 3263 2065 3332 Quod
2110 3263 2158 3321 si

2261 3262 2440 3333 τύπῳ,
2484 3262 2835 3316 ἀκουέτωσαν
2881 3261 2983 3331 τῆς
3026 3259 3252 3330 Γραφῆς
3297 3260 3568 3330 λεγούσης
3608 3259 3688 3310 τὸν
3717 3255 3796 3323 Σὴο

581 3352 760 3406 adhuc
797 3352 1242 3420 iustentAriani,
1280 3355 1427 3425 quod
1455 3353 1634 3426 imago
1679 3371 1786 3411 non
1820 3355 1892 3411 sit
1915 3356 2158 3427 ejusdem

2272 3354 2462 3408 εἰκόνα
2493 3353 2588 3408 τοῦ
2630 3352 2823 3424 Ἀδάμ.
2857 3349 3008 3423 Ἀρα
3036 3347 3130 3406 οὖν
3162 3352 3285 3421 οὐχὶ
3313 3352 3411 3404 καὶ
3441 3350 3730 3422 ὁμῦούσιο;;
3750 3347 3796 3398 ΔΞ

580 3444 834 3498 essentia:
859 3459 982 3499 cum
1006 3445 1502 3515 primo‘exemplari
1526 3463 1541 3514 ;
1573 3444 1909 3517 Seripturam
1937 3446 2159 3502 audiant

2272 3445 2371 3516 μὲν
2399 3440 2492 3499 οὖν
2530 3445 2791 3517 τεχνηταὶ
2828 3445 3037 3508 εἰκόνες
3093 3444 3190 3514 οὐχ
3224 3443 3539 3514 ὁμοούσιοιο
3565 3445 3611 3496 αἱ
3639 3441 3689 3494 δὲ
3723 3457 3798 3505 ςυ-

583 3534 962 3604 aiiirmantem,
1015 3537 1147 3592 Setb
1200 3550 1320 3592 esse
1367 3537 1655 3608 imaginem
1703 3537 1918 3594 Adami.
1972 3535 2159 3591 Nonne

2271 3538 2449 3605 σικαὶ,
2486 3539 2711 3602 πάντως
2734 3537 3036 3608 όμοούσιοι.

581 3628 743 3696 igitur
765 3628 1007 3698 ejusdem
1039 3628 1202 3684 etiam
1233 3628 1525 3685 essentiae?
1561 3627 1723 3686 Certe
1750 3629 1974 3699 quidem
2025 3625 2294 3699 imagines
2322 3629 2637 3688 artificiales
2695 3645 2804 3687 non
2840 3639 2970 3688 sunt
3025 3628 3266 3701 ejusdem
3332 3630 3587 3685 essentia:
3619 3646 3632 3682 :
3673 3636 3798 3682 natu-

581 3725 722 3777 rales
743 3733 924 3777 autem
955 3722 1180 3776 omnino
1204 3731 1330 3778 sunt
1361 3721 1603 3793 ejusdem
1633 3724 1905 3780 essentiae.

654 3811 1048 3884 Primogem‘tus
1069 3814 1243 3868 omnis
1268 3822 1553 3870 creatum.
1575 3815 1711 3883 Quia
1733 3815 1873 3871 dixit
1893 3830 2017 3872 eum
2041 3829 2164 3872 esse

582 3906 880 3960 invisibilis
908 3903 1002 3960 Dei
1033 3904 1349 3975 imaginem,
1380 3907 1498 3962 haec
1522 3905 1634 3978 jam
1670 3922 1816 3964 nunc
1843 3905 2030 3963 infert.
2062 3906 2164 3966 Hic

583 4013 712 4052 vero
765 3997 1184 4053 arianizantium
1245 3997 1438 4070 ingens
1484 3999 1639 4056 dolus
1672 3999 1975 4056 suboritu’r.
2023 3999 2162 4066 Quia

580 4089 724 4143 enim
764 4088 1062 4160 (inquiunt)
1092 4089 1474 4161 primogenitus
1499 4090 1672 4146 dictus
1704 4098 1788 4145 est
1815 4093 1981 4146 omnis
2008 4107 2164 4146 crea-

585 4192 741 4246 tum,
805 4183 1014 4252 primus
1052 4191 1136 4236 est
1176 4181 1323 4237 inter
1360 4190 1566 4238 creata.
1605 4183 1770 4254 Atqui
1833 4199 1940 4239 non
2000 4184 2160 4253 dixit,

584 4273 760 4344 primo
796 4272 1068 4338 conditus,
1096 4275 1192 4329 sed
1227 4273 1634 4345 primogenitus.
1676 4272 1772 4330 Vel
1798 4275 1944 4330 enim
1965 4275 2162 4334 fratres

580 4367 633 4421 ei
662 4367 837 4432 dabis,
871 4368 1084 4437 eritque
1117 4367 1514 4437 primogenitus
1543 4375 1793 4438 respectu
1823 4370 1951 4433 mei,
1993 4383 2160 4436 ranae,
2186 4394 2192 4399 -

581 4457 800 4527 lapidis,
833 4471 1125 4528 rerumque
1155 4457 1572 4526 vilissimarum,
1600 4473 1834 4530 eumque
1865 4459 1949 4515 his
1981 4460 2161 4514 omni-

549 4550 682 4628 bus
719 4550 960 4621 ejusdem
1021 4551 1364 4609 substantiae.
1418 4551 1520 4619 Qui
1572 4552 1719 4608 enim
1766 4551 2158 4623 primogenitus

579 4651 687 4704 est,
723 4641 1079 4698 homoousius
1110 4651 1196 4700 est
1225 4658 1349 4699 cum
1380 4643 1467 4700 his
1496 4658 1731 4713 quorum
1768 4651 1853 4699 est
1882 4643 2156 4715 primoge-

582 4732 752 4785 nitus.
798 4730 997 4787 Verum
1033 4735 1086 4788 in
1138 4743 1306 4805 caput
1345 4743 1498 4790 tuum
1529 4734 1865 4806 blasphemia
1894 4744 2159 4790 vertatur.

581 4820 730 4876 Talia
763 4824 906 4877 enim
959 4823 1028 4880 de
1057 4825 1469 4897 incomparabili
1513 4826 1682 4897 gloria
1733 4825 2043 4883 Conditoris
2071 4827 2160 4880 in-

583 4911 827 4985 tel'ligere
864 4914 1090 4986 impium
1116 4926 1218 4972 est.
1261 4917 1573 4984 Quinetiam
1613 4917 2010 4989 primogenitus
2051 4932 2160 4972 non

581 5008 805 5060 omnino
841 5009 908 5060 ad
939 5019 1236 5078 sequentes
1259 5010 1535 5079 pertinere
1559 5009 1830 5066 diciturin
1853 5009 2157 5079 Scriptura,

577 5099 673 5152 sed
710 5098 956 5155 absolute
989 5101 1090 5168 sic,
1128 5102 1339 5172 primus
1368 5110 1556 5159 natus.
1587 5102 1700 5159 Hac
1730 5103 1914 5174 itaque
1945 5103 2160 5158 ratione

575 5191 803 5262 Deipara
821 5191 986 5248 Maria
1006 5196 1355 5265 peperiteum
1379 5196 1676 5252 secundum
1708 5210 1928 5252 carnem
1953 5195 2160 5266 primo-

577 5283 840 5347 genitum,
867 5285 956 5352 qui
981 5285 1204 5340 onmino
1227 5301 1335 5341 non
1360 5285 1613 5340 habuerit
1641 5284 1838 5342 fratres
1860 5294 1984 5356 post
2011 5299 2156 5341 sese.

577 5377 709 5430 Nam
732 5392 796 5431 ex
833 5379 934 5433 ista
965 5382 1127 5433 etiam
1163 5379 1478 5448 unigenilus
1496 5387 1633 5435 erat.
1666 5378 1822 5435 Hunc
1842 5380 1909 5435 ad
1938 5379 2156 5434 modum

577 5484 642 5521 ex
667 5467 824 5524 Patre
853 5483 937 5525 est
981 5472 1396 5543 primogenitus,
1433 5487 1541 5526 non
1583 5480 1904 5526 caeterarum
1935 5479 2156 5524 creatu-

575 5575 756 5614 rarum
789 5577 1056 5631 respectu,
1093 5566 1188 5620 sed
1218 5565 1484 5620 absolute.
1525 5563 1845 5633 Unigenitus
1881 5561 2027 5618 enim
2060 5575 2150 5616 se-

2342 3812 2725 3883 Πρωτότοκος
2762 3808 2971 3879 πάσης
3002 3808 3271 3875 κτίσεως.
3309 3807 3501 3861 Εἰπὼν
3545 3807 3622 3861 ὅτι
3669 3804 3796 3858 εἰκὼν

2265 3905 2362 3963 τοῦ
2394 3903 2532 3960 Θεοῦ
2562 3904 2657 3959 τοῦ
2688 3903 2944 3976 ἀοράτου,
2973 3901 3099 3956 τότε
3129 3901 3326 3969 ἐπάγει
3357 3902 3458 3954 καὶ
3501 3899 3679 3954 ταῦτα.
3708 3899 3799 3950 Ἐν-

2262 3996 2444 4052 ταῦθα
2469 3997 2526 4051 δὲ
2568 3994 2676 4049 τῶν
2719 3990 3170 4064 Ἀρειανιζόντων
3214 3991 3275 4044 τὸ
3328 3991 3475 4061 μέγα
3524 3989 3796 4060 μηχάνημα.

2263 4090 2484 4162 Ἐπειδὴ
2522 4089 2654 4160 γὰρ,
2713 4087 2849 4158 φασὶ
2876 4126 2892 4151 ,
2937 4085 3312 4155 πρωτότοκος
3367 4085 3585 4155 εἴρηται
3632 4081 3796 4144 πάσης

2263 4184 2540 4249 κτίσεως,
2569 4181 2789 4252 πρῶτος
2811 4178 2920 4232 τῶν
2949 4177 3266 4249 κτισμάτων
3288 4177 3432 4232 ἐστί.
3468 4176 3577 4228 Καὶ
3604 4174 3698 4244 μὴν
3722 4170 3797 4223 οὐκ

2264 4271 2408 4340 εἰπε,
2469 4255 2906 4344 Πρωτόκτιστος,
2958 4269 3116 4333 ἀλλὰ,
3168 4267 3569 4336 Πρωτότοκος.
3618 4265 3682 4317 Ἦ
3727 4261 3797 4316 καὶ

2263 4363 2532 4431 ἀδελφοὺς
2560 4361 2713 4433 αὐτῷ
2739 4361 2953 4426 δώσεις,
2988 4359 3081 4412 καὶ
3102 4358 3319 4430 πρῶτος
3343 4348 3500 4409 ἔσται
3523 4353 3706 4424 κάμοῦ,
3724 4352 3796 4407 καὶ

2266 4453 2580 4526 βατράχοῦ,
2623 4453 2718 4506 καὶ
2781 4451 2964 4517 λίθου,
3021 4451 3118 4505 καὶ
3163 4449 3273 4503 τῶν
3325 4448 3689 4520 ἀτιμοτάτων,
3727 4447 3796 4497 καὶ

2263 4544 2551 4617 όμοούσιος
2604 4543 2813 4596 τούτων
2888 4542 3127 4596 πάντων.
3197 4540 3257 4594 Ὀ
3303 4541 3416 4610 γὰρ
3476 4538 3793 4610 πρωτότοκος,

2263 4637 2552 4709 ὁμοούσιος
2589 4637 2766 4708 δήπου
2797 4635 2844 4667 ⁸³
2894 4627 2969 4688 ὧν
3017 4637 3136 4687 ἐστι
3166 4633 3534 4704 πρωτότοκος.
3586 4630 3706 4683 Ἀλλ’
3734 4630 3794 4688 εἰς

2265 4729 2514 4801 κεφαλήν
2551 4745 2646 4782 σου
2679 4728 2740 4781 τὸ
2770 4727 3114 4798 βλάσφημον.
3152 4725 3226 4778 Τὸ
3247 4726 3358 4796 γὰρ
3387 4724 3608 4779 τοιαῦτα
3633 4720 3793 4776 ἐννοεῖν

2264 4823 2398 4893 περὶ
2437 4823 2536 4892 τῆς
2561 4819 2901 4890 ἀσυγκρίτου
2946 4817 3102 4888 δόξης
3130 4816 3224 4870 τοῦ
3260 4815 3620 4888 Δημιουργοῦ,
3648 4813 3789 4868 ἄθεον.

2265 4915 2376 4968 Καὶ
2426 4913 2624 4976 ἄλλως,
2655 4914 2684 4966 ὁ
2737 4911 3084 4982 πρωτότοκος
3121 4911 3182 4963 οὐ
3243 4910 3463 4972 πάντως
3521 4908 3646 4979 πρὸς
3695 4904 3792 4975 toil;

2262 5007 2392 5077 ἑξῆς
2445 5006 2493 5038 ⁸⁸
2531 5006 2748 5073 λέγεται
2779 5001 2934 5075 παρά
2980 5006 3046 5074 τῇ
3102 5003 3315 5073 Γραφῇ.
3377 5002 3493 5056 ἀλλ’
3551 4997 3791 5054 ἀπολύτως

2260 5097 2458 5163 οὕτως,
2487 5100 2517 5151 ό
2548 5095 2766 5167 πρῶτος
2787 5094 3023 5165 τεχθείς.
3047 5092 3235 5158 Οὕτως
3265 5093 3360 5147 οὖν
3389 5093 3481 5146 καὶ
3510 5094 3542 5164 ἡ
3572 5087 3790 5144 Θεοτόκος

2257 5190 2498 5265 Μαριὰμ
2539 5189 2728 5244 ἔτεκεν
2767 5189 2931 5243 αὐτὸν
2971 5189 3035 5242 τὸ
3067 5187 3212 5241 κατὰ
3251 5187 3432 5258 σάρκα
3465 5184 3788 5256 πρωτότοκον,

2258 5285 2359 5339 οὐκ
2382 5285 2575 5355 ἔχοντα
2604 5283 2822 5346 πάντως
2851 5280 3114 5349 ἀδελφοὺς
3153 5277 3352 5349 ἑφεξῆς
3387 5276 3534 5347 αὐτῷ
3553 5291 3565 5304 ·
3603 5285 3790 5344 μονογε-

2258 5376 2356 5449 νὴς
2394 5376 2506 5448 γὰρ
2553 5375 2647 5428 καὶ
2695 5375 2763 5426 ὲκ
2801 5371 3028 5442 ταύτης.
3081 5370 3241 5424 Οὕτω
3281 5371 3347 5440 δὴ
3401 5372 3491 5423 καὶ
3521 5371 3585 5421 ἐκ
3614 5361 3789 5432 [ἰατρὸς

2258 5469 2626 5539 πρωτότοκος,
2672 5466 2772 5534 οὐχ
2814 5464 2890 5527 ὡς
2915 5463 3056 5533 πρὸς
3096 5464 3167 5515 τὰ
3198 5463 3363 5515 λοιπά
3400 5451 3787 5528 κτίσματα,ἀλλ“

2261 5558 2549 5620 ἀπολύτως
2572 5572 2585 5587 ·
2630 5555 2928 5626 μονογενὴς
2948 5553 3058 5624 γὰρ
3090 5555 3184 5607 καὶ
3213 5554 3352 5608 κατὰ
3372 5553 3466 5623 τὴν
3494 5552 3601 5606 ἀνω
3629 5546 3787 5618 γέννη-

1927 5695 2133 5758 Varia:
2169 5695 2504 5758 lectiones.

648 5812 695 5844 ⁸ο
723 5812 943 5878 εὐκλεὲς
976 5829 1050 5869 m.
1125 5815 1170 5848 “
1195 5813 1433 5884 οὐδαμοῦ
1471 5831 1527 5873 o.
1603 5816 1651 5849 “
1676 5817 1804 5881 τοὺς
1835 5815 2136 5880 ἀκούοντας

2323 5814 2370 5847 ⁸³
2405 5811 2614 5868 τούτων
2647 5826 2703 5869 o.
2779 5811 2827 5844 ⁸⁵
2861 5808 3064 5879 ἐφεξῆς
3102 5823 3158 5865 o.
