3994 6568
292 373 432 444 1221

1082 372 1493 437 EXPOSITIO
1535 373 1617 436 IN
1655 373 1896 436 EPIST.
1940 373 2042 437 AD
2076 375 2378 442 comss.
2419 361 2480 412 3'-
2527 376 2690 441 CAP.
2731 377 2782 440 ι.

3415 378 3554 444 1222

289 506 398 544 σιν.
438 485 506 542 Tt
541 483 637 542 οὖν
671 484 820 540 ἔστιν
849 483 878 540 ό
921 499 1089 556 φησιν
1131 486 1161 538 ὁ
1209 484 1424 550 Παῦλος
1447 485 1564 550 νῦν,
1616 484 1753 556 πρὸς
1774 483 1874 555 τὴν

1997 487 2215 544 :undum
2253 501 2552 558 supernam
2595 487 2762 544 etiam
2804 486 3169 546 nativitatem.
3203 487 3344 557 Quid
3391 491 3563 564 igitur

290 577 741 657 κατεπείγουσαν
768 574 1028 630 ὑπόθεσιν
1055 575 1434 646 ἐνιστάμενος,
1457 576 1552 630 καὶ
1575 577 1881 632 ἀνασκευά-

292 669 404 734 ζων
445 670 548 742 τὴν
579 668 854 741 ὑπόληψιν
880 669 993 724 τῶν
1022 668 1380 724 Κολοσσαέων
1405 685 1421 736 ;
1465 669 1584 723 Ἵνα
1623 669 1700 740 μὴ
1729 667 1882 739 νομί-

296 779 470 832 σωσιν
491 763 574 815 ὅτι
597 761 866 835 νεώτερός
885 762 1006 815 ὲστι
1035 760 1145 815 τῶν
1173 759 1446 830 ἀγγέλων,
1481 761 1536 814 εῖ
1552 778 1617 830 γε
1639 762 1691 814 οἱ
1716 760 1881 816 πάλαι

298 853 401 924 μὲν
432 854 504 908 δι’
531 854 760 909 ἐκείνων
783 855 1151 927 προσήγοντο,
1183 852 1280 907 νῦν
1301 853 1359 907 δὲ
1393 853 1553 917 αὐτὸς
1583 852 1882 926 προσάγειν

295 944 545 1014 λέγεται⁸
590 945 844 1018 βούλεται
875 946 1068 1012 δεῖξαι,
1118 945 1203 999 ὅτι
1253 944 1362 1016 πρὸ
1399 943 1582 1014 πάσης
1619 945 1719 1014 τῆς
1767 943 1884 997 κτί-

299 1035 440 1102 σεὼς
471 1038 626 1092 ἐστιν
654 1037 684 1091 ό
712 1035 860 1100 Υἱός.
881 1034 1010 1099 Πῶς
1043 1033 1153 1102 (iw;
1185 1035 1286 1088 Διὰ
1311 1034 1647 1104 γεννήσεως.
1670 1033 1884 1087 Οὐκοῦν

295 1129 398 1184 καὶ
425 1129 536 1184 τῶν
562 1129 822 1200 ἀγγέλων
848 1127 1117 1201 πρότερος
1147 1127 1220 1194 ⁸⁵,
1249 1129 1346 1182 καὶ
1375 1126 1571 1195 οὕτως,
1610 1126 1752 1181 ὥστε
1791 1127 1886 1182 καὶ

293 1220 462 1286 αὐτὸς
489 1223 708 1276 ἔκτισεν
735 1219 960 1284 αὐτούς.
997 1220 1142 1292 ’Δρα
1180 1218 1274 1274 οὖν
1303 1219 1399 1273 καὶ
1435 1219 1488 1272 et
1506 1237 1562 1272 τι
1591 1219 1642 1271 oi.
1663 1218 1885 1288 ἄγγελοι

293 1315 356 1370 ὲν
383 1316 454 1386 τῇ
480 1314 696 1386 Παλαιᾷ
721 1312 1078 1384 διηκόνησαν,
1107 1311 1274 1365 αὐτοῦ
1301 1312 1472 1365 ἐστιν.
1499 1310 1644 1383 Ὅρα
1669 1310 1763 1365 οὖν
1786 1311 1886 1383 τὴν

297 1405 498 1474 σοφίαν
526 1403 621 1459 τοῦ
663 1405 992 1460 ’Δποστόλου
1019 1421 1034 1435 ·
1079 1403 1196 1458 Ἵνα
1227 1403 1302 1476 μὴ
1342 1403 1604 1467 ἀκούσας,
1646 1403 1731 1458 ὅτι
1779 1403 1887 1476 πρὸ

296 1495 488 1567 πάσης
533 1496 652 1551 ἐστὶ
693 1497 795 1569 τῆς
841 1495 1102 1568 κτίσεως,
1151 1495 1394 1566 ἄναρχον
1423 1495 1586 1549 αὐτὸν
1632 1495 1885 1568 νομίσῃς,

300 1587 553 1643 διδάσκει
583 1605 667 1654 σε,
706 1589 801 1657 ζὸτι
846 1587 1074 1659 Πατέρα.
1121 1585 1260 1658 ἔχει,
1313 1586 1409 1640 καὶ
1455 1585 1514 1652 ἐξ
1555 1585 1724 1640 αὑτοῦ
1770 1587 1889 1640 ἐστι

297 1679 594 1750 γεννητός.
637 1678 864 1750 Ἐπειδὴ
901 1678 1012 1750 γὰρ
1045 1678 1142 1733 καὶ
1186 1677 1351 1742 αὐτὸς
1395 1678 1490 1732 καὶ
1522 1677 1594 1730 τὰ
1621 1677 1802 1731 πάντα
1823 1677 1888 1730 ὲκ

294 1772 395 1824 τοῦ
421 1771 582 1839 θεοῦ,
616 1772 752 1827 αὐτὸ
772 1772 934 1828 τοῦτο
955 1771 1254 1837 δείκνυσιν,
1287 1770 1368 1823 ὅτι
1391 1767 1552 1832 ἄλλος
1582 1763 1760 1834 οὗτος,
1789 1768 1886 1823 καὶ

293 1861 463 1923 ἄλλος
501 1863 708 1925 ἐκεῖνος
730 1860 810 1895 ⁸⁶’
842 1863 936 1916 καὶ
961 1862 1044 1916 ὅτι
1076 1861 1105 1914 ό
1130 1861 1250 1932 μὲν,
1281 1859 1357 1923 ὡς
1397 1860 1462 1912 ὲκ
1485 1859 1698 1930 Πατρὸς
1718 1858 1848 1922 Υἱός
1867 1875 1882 1890 ·

294 1954 370 2006 τὰ
401 1955 480 2019 δὲ,
511 1955 588 2018 ὡς
623 1954 903 2025 κτίσματα
946 1954 1015 2008 δι’
1041 1951 1210 2008 αὑτοῦ
1239 1950 1436 2007 τούτου
1475 1950 1571 2005 τοῦ
1603 1949 1737 2005 Υἱοῦ
1765 1968 1887 2005 κτι-

297 2045 522 2100 σθέντα.
561 2044 845 2118 Ἐπιφέρει
867 2045 961 2100 οὖν
981 2062 995 2077 ·

373 2225 499 2278 Ὀτι
533 2225 604 2278 ἐν
635 2223 797 2291 αὐτῷ
847 2225 1096 2295 ἐκτίσθη
1143 2227 1216 2281 τὰ
1264 2225 1486 2292 πάντα,
1543 2222 1616 2278 τὰ
1653 2221 1723 2276 ἐν
1762 2218 1890 2286 τοῖς

293 2319 603 2388 οὐρανοῖς,
638 2320 738 2374 καὶ
767 2319 838 2374 τὰ
866 2321 966 2376 ἐπὶ
993 2321 1106 2390 τῆς
1131 2320 1266 2391 γῆς.
1300 2320 1395 2387 Τὸ,
1416 2319 1520 2374 Ἐν
1556 2317 1739 2384 αὐτῷ,
1767 2317 1891 2372 ἀντὶ

293 2413 416 2479 τοῦ,
447 2414 516 2468 δι’
551 2415 851 2480 aesone;
880 2415 1040 2480 αὐτὸς
1073 2415 1272 2488 ἐφεξῆς
1296 2413 1460 2478 δείξει
1485 2413 1551 2468 ⁸⁷.
1605 2412 1779 2481 Ὅπερ
1826 2410 1885 2463 δὲ

297 2505 609 2575 ἀμφίϐολον
637 2502 726 2578 ἦν,
763 2508 824 2561 τὸ
869 2509 1003 2579 περὶ
1038 2507 1146 2560 τῶν
1195 2509 1254 2562 ὲν
1286 2507 1556 2577 οὐρανοῖς,
1603 2502 1762 2557 τοῦτο
1802 2502 1891 2556 τέ-

298 2597 456 2650 Θεικε
488 2598 729 2670 πρῶτον.
769 2601 830 2654 Ei
874 2599 967 2654 οὖν
997 2601 1046 2654 οἱ
1077 2600 1300 2668 ἄγγελοι
1332 2597 1400 2653 δι’
1424 2596 1591 2653 αὑτοῦ
1633 2593 1889 2666 ἐκτίσθη-

299 2706 424 2756 σαν,
469 2690 587 2754 πῶς
619 2691 872 2762 πρότεροι
902 2689 1069 2745 αὑτοῦ
1096 2706 1112 2757 ;

377 2860 456 2916 Τὰ
499 2862 704 2930 δρατὰ,
745 2863 843 2916 καὶ
889 2864 960 2918 τὰ
1013 2862 1260 2931 ἀόρατα,
1315 2860 1436 2915 εἴτε
1493 2860 1712 2928 θρόνοι,
1771 2859 1891 2914 εἴτε

296 2955 672 3022 κυριότητες,
695 2953 817 3011 εἴτε
844 2952 1045 3023 ἀρχαι,
1077 2952 1196 3006 εἴτε
1216 2950 1512 3016 ἐξουσίαι.
1535 2949 1608 3001 Τὸ
1636 2948 1891 3003 λεπτολο-

299 3049 421 3113 γεῖν
456 3047 586 3116 περὶ
615 3044 724 3099 τῶν
756 3044 972 3114 ὁρατῶν
1009 3044 1196 3114 ἀφεὶς,
1244 3043 1318 3106 ὡς
1348 3040 1734 3111 ἀναμφίόολον,
1762 3039 1892 3111 περὶ⁹

297 3137 396 3190 τοῦ
423 3137 924 3209 ἁμφιϐαλλομὲνου,
943 3137 1050 3191 τῶν
1075 3135 1338 3208 ἀοράτων,
1362 3134 1528 3203 φημὶ,
1547 3131 1689 3185 κατὰ
1718 3131 1883 3202 μέρος

300 3228 580 3293 διέξεισιν.
609 3229 685 3282 Οὐ
719 3228 928 3292 πάντας
957 3228 1016 3282 δὲ
1046 3227 1172 3289 τοὺς
1203 3225 1316 3280 ἄνω
1345 3225 1673 3294 διακόσμους
1709 3223 1890 3288 ἱδικῶς

302 3319 572 3385 τέθεικεν,
607 3319 705 3374 ἆτε
758 3318 866 3374 ἀπὸ
913 3318 1022 3374 τῶν
1056 3316 1322 3390 μειζόνων
1372 3315 1468 3368 καὶ
1505 3315 1575 3368 τὰ
1629 3313 1892 3369 ἐλάττονα

303 3406 500 3479 [τιθεὶς
531 3408 653 3482 καὶ]
683 3408 918 3474 δεικνύς.
965 3409 1198 3480 Ἀόρατα
1227 3405 1335 3476 γὰρ
1353 3406 1546 3476 δήπου,
1569 3403 1666 3457 καὶ
1685 3403 1892 3475 ἀρχάγ-

301 3501 456 3568 γελοι
477 3502 569 3555 καὶ
591 3501 837 3572 ἄγγελοι,
869 3502 965 3556 καὶ
1009 3501 1065 3556 αἱ
1106 3498 1372 3570 ἡμέτεραι
1399 3497 1590 3569 ψυχαίο
1618 3496 1759 3551 ὥστε
1785 3494 1894 3550 ἀπὸ

303 3593 536 3647 ἐκείνων
569 3594 663 3647 κα)⁸
692 3593 824 3664 περὶ
861 3591 1066 3646 τούτων
1092 3590 1271 3660 δῆλον.

380 3684 461 3737 Τὰ
491 3683 692 3737 πάντα
735 3684 811 3738 δι’
859 3680 1045 3740 αὐτοῦ
1093 3679 1192 3734 καὶ
1229 3681 1318 3746 εις
1366 3679 1554 3732 αὑτὸν
1604 3677 1891 3732 ἔκτισται.

311 3775 453 3830 Ἰδοὺ
503 3776 643 3846 ὅπερ
692 3768 954 3846 ἀνωτέρω
1009 3770 1184 3840 εἶπεν,
1225 3771 1328 3825 Ἕν
1368 3769 1549 3836 αὐτῷ,
1598 3768 1756 3824 τοῦτο
1799 3769 1894 3824 νῦν

308 3869 484 3937 λέγει,
524 3869 606 3924 Δι’
647 3866 855 3922 αὐτοῦ*
886 3866 1032 3920 καθὰ
1073 3867 1168 3918 καὶ
1212 3863 1241 3916 ὁ
1285 3861 1674 3933 εὐαγγελιστὴς
1715 3861 1897 3915 Ἱωάν-

305 3976 426 4031 νης·
474 3961 682 4013 Πάντα
735 3957 812 4011 δι’
873 3955 1062 4011 αὐτοῦ
1114 3955 1370 4025 ἐγένετο.
1427 3985 1499 3994 —
1554 3955 1760 4007 Πάντα
1808 3952 1894 4018 δὲ,

303 4049 502 4116 εἰπὼν,
549 4050 609 4104 οὐ
662 4047 1068 4122 συμπεριέλασε
1126 4047 1188 4099 τὸ
1245 4045 1499 4117 Πνεῦμα.
1546 4044 1635 4109 Ob]
1669 4042 1778 4114 γὰρ
1839 4041 1899 4098 ἓν

303 4141 421 4195 τῶν
475 4141 695 4196 πάντων
743 4140 862 4193 tua
905 4138 968 4192 τὸ
1009 4137 1257 4209 Πνεῦμα,
1309 4137 1423 4190 ἀλλ’
1466 4135 1534 4189 ίὲν
1592 4133 1897 4199 ἀπολύτως,

304 4236 501 4304 ὥσπερ
547 4227 628 4298 εἷς
675 4233 830 4299 Θεὸς,
877 4232 974 4286 καὶ
1025 4224 1106 4294 εἷς
1142 4228 1376 4300 ,Κύριος
1427 4229 1633 4283 Πάντα
1675 4225 1768 4280 οὖν
1799 4227 1900 4280 ὅσα

305 4332 502 4398 γέκονε
524 4367 540 4394 ,
595 4326 670 4380 δι’
699 4324 885 4380 αὑτοῦ
931 4323 1218 4378 ἔκτισται.
1265 4317 1419 4389 Εἶτα,
1448 4321 1536 4374 ἵνα
1573 4321 1649 4392 μὴ
1673 4319 1901 4392 νομίσῃς

306 4420 584 4494 ὑπουργὸν
619 4419 780 4474 αὑτὺν
836 4414 998 4484 εἶναι,
1048 4415 1158 4470 Καὶ
1188 4417 1276 4482 εἰς
1312 4416 1520 4480 αὐτὸν,
1555 4413 1710 4485 φησὶ,
1747 4427 1902 4465 τουτ-

1983 588 2068 636 est
2096 581 2241 649 quod
2275 579 2482 636 Paulus
2513 585 2894 652 argumentum
2929 595 3036 652 quo
3065 581 3361 654 urgebatur
3385 584 3564 656 impu-

1982 672 2224 744 gnando,
2311 673 2829 745 Colossensiumque
2909 673 3222 745 opinionem
3279 676 3566 734 refutando

1983 779 2132 820 nunc
2167 764 2345 821 dicit?
2372 763 2453 820 Ne
2484 765 2798 820 existiment
2824 763 3106 821 Christum
3148 779 3271 824 esse
3292 766 3566 836 iuniorem

1984 857 2233 929 angelis;
2292 857 2733 928 quandoquidem
2767 867 2980 913 veteres
3024 858 3243 928 quidem
3295 875 3392 930 per
3444 861 3568 917 illos

1986 948 2402 1006 adducebantur
2451 950 2519 1006 ad
2553 947 2750 1015 Deum,
2783 963 2929 1005 nunc
2958 964 3087 1006 vero
3135 949 3252 1019 ipse
3303 951 3571 1007 adducere

1985 1041 2219 1107 dicitur,
2280 1041 2398 1098 vult
2456 1049 2923 1108 commonstrare,
2977 1042 3124 1111 quod
3173 1049 3301 1098 ante
3351 1057 3570 1098 omnem

1986 1144 2316 1202 creaturam,
2351 1135 2601 1206 adeoque
2645 1133 2927 1190 conditum
2973 1134 3233 1190 mundum
3271 1133 3343 1190 sit
3373 1133 3572 1195 Filius.

1986 1226 2269 1294 Quomodo
2314 1225 2480 1283 iPcr
2536 1224 2964 1299 generationem.
3036 1225 3217 1293 Quare
3254 1232 3310 1280 et
3360 1225 3570 1296 angelis

1986 1328 2073 1375 est
2101 1318 2274 1390 prior,
2301 1325 2466 1390 atque
2495 1317 2594 1383 ita,
2625 1327 2684 1372 ut
2713 1325 2768 1372 et
2796 1317 2913 1388 ipse
2931 1329 3028 1373 eos
3054 1315 3376 1372 condiderit.
3402 1315 3574 1386 Igitur

1987 1409 2187 1494 si‘quid
2219 1408 2399 1482 angeli
2429 1408 2487 1464 in
2511 1396 2694 1465 Veteri
2725 1406 3080 1464 Testamento
3098 1405 3568 1473 administrarunr,

1990 1501 2164 1572 ipsius
2193 1507 2296 1556 est.
2336 1499 2677 1571 Sapientiam
2714 1499 2899 1570 itaque
2929 1498 3174 1569 Apostoli
3205 1497 3295 1552 hic
3321 1497 3573 1554 animad-

1989 1604 2160 1650 verte.
2208 1592 2290 1649 Ne
2326 1592 2632 1658 arbitreris,
2663 1605 2784 1648 cum
2815 1589 2974 1646 audis
3020 1605 3147 1646 eum
3197 1599 3324 1646 ante
3355 1603 3575 1646 onmem

1992 1698 2111 1741 esse
2168 1692 2500 1747 creaturam,
2534 1692 2819 1754 propterea
2859 1696 3049 1738 carere
3091 1682 3382 1752 principio,
3419 1684 3578 1738 doct-t

1995 1785 2046 1833 te
2066 1775 2210 1848 quod
2239 1774 2459 1831 Patrem
2488 1774 2706 1839 habeat,
2740 1783 2795 1830 et
2819 1773 2886 1829 ab
2913 1773 3031 1844 ipso
3060 1780 3146 1828 est
3173 1774 3409 1845 genitus.
3436 1773 3575 1829 Cum

1987 1870 2135 1928 enim
2166 1880 2222 1925 et
2251 1869 2368 1938 ipse
2395 1877 2449 1923 et
2479 1869 2661 1924 omnia
2686 1883 2750 1923 ex
2792 1867 2906 1923 Deo
2940 1868 3070 1933 sint,
3105 1867 3233 1922 illud
3278 1867 3453 1936 ipsum
3485 1867 3575 1922 in-

1988 1963 2162 2026 dicat,
2204 1962 2348 2030 quod
2388 1959 2694 2038 aliusiste,
2743 1967 2798 2014 et
2826 1959 2965 2014 alius
3004 1958 3118 2024 ille,
3153 1967 3209 2013 et
3255 1959 3399 2028 quod
3448 1959 3575 2024 iste,

1988 2069 2086 2110 ceu
2120 2067 2188 2108 ex
2216 2051 2382 2107 Patre
2409 2050 2579 2106 Filius
2617 2067 2630 2103 :
2664 2050 2780 2106 haec
2837 2065 2988 2117 vero,
3029 2065 3128 2106 ceu
3180 2059 3444 2105 creaturae
3480 2065 3576 2120 per

1989 2147 2133 2203 hunc
2161 2147 2335 2217 ipsum
2371 2143 2570 2200 Filium
2603 2143 2856 2199 conditas.
2885 2141 3056 2199 lnfert
3095 2144 3259 2214 igitur
3287 2160 3302 2197 :

2058 2236 2218 2308 47],
2255 2234 2419 2290 Vens.
2462 2233 2548 2290 16.
2602 2232 2863 2298 Quoniam
2918 2235 2971 2288 in
3017 2234 3130 2304 ipso
3181 2233 3396 2288 condita
3452 2241 3576 2287 sunt

1989 2331 2230 2384 universa
2257 2343 2374 2400 quis
2401 2336 2523 2382 sunt
2566 2327 2623 2380 in
2660 2326 2824 2395 caelis,
2854 2336 2902 2381 et
2940 2342 3057 2396 qua:
3087 2327 3142 2382 in
3180 2336 3344 2384 terra.
3399 2358 3467 2370 —
3509 2324 3578 2380 In

1987 2423 2123 2491 ipso,
2160 2429 2246 2476 est
2277 2435 2393 2490 pro,
2433 2434 2530 2489 per
2561 2419 2760 2491 ipsum,
2793 2417 3017 2488 perinde
3048 2433 3112 2473 ac
3140 2419 3191 2473 in
3221 2419 3578 2489 sequentibus

1990 2517 2106 2586 ipse
2149 2512 2622 2583 indicabit._Quod
2657 2519 2836 2567 autem
2872 2510 3180 2580 ambiguum
3211 2520 3350 2575 erat,
3383 2511 3450 2566 de
3490 2525 3580 2566 re-

1987 2609 2090 2666 bus
2135 2619 2331 2676 nempe
2378 2604 2708 2671 cmlestibus,
2761 2604 2995 2674 primum
3039 2602 3239 2672 posuit.
3300 2602 3356 2657 Si
3410 2603 3581 2673 igitur

1988 2700 2165 2772 angeli
2198 2713 2296 2770 per
2325 2713 2449 2755 eum
2485 2697 2688 2754 conditi
2721 2704 2867 2764 sunt,
2901 2695 3172 2767 quomodo
3208 2704 3336 2751 sunt
3364 2695 3578 2765 priores

1989 2794 2106 2865 ipso
2121 2793 2144 2848 ?

2071 2884 2332 2960 Visibilia,
2375 2893 2425 2939 et
2463 2882 2775 2946 invisibilia,
2817 2882 2922 2936 sive
2957 2880 3156 2943 throni,
3192 2879 3300 2934 sive
3332 2879 3579 2933 domina-

1989 2979 2177 3042 tiones,
2203 2979 2308 3031 σίνε
2331 2977 2680 3046 principatus,
2712 2975 2818 3029 sive
2846 2982 3152 3044 potestates.
3178 2970 3253 3026 De
3275 2969 3581 3026 visibilibns

1993 3067 2262 3121 subtiliter
2311 3065 2458 3135 loqui
2509 3065 2952 3135 praetermittens,
2998 3071 3056 3117 ut
3107 3063 3172 3117 de
3205 3061 3402 3132 quibus
3446 3060 3584 3116 nihil

1914 3176 1959 3238 ρ
1995 3165 2139 3212 esset
2166 3157 2580 3221 controversiae,
2615 3155 2680 3209 de
2711 3153 2996 3223 ambiguis,
3028 3152 3391 3207 invisibilibus
3421 3150 3584 3205 nimi-

1995 3265 2136 3313 rum,
2169 3247 2453 3319 speciatim
2481 3244 2720 3301 disserit.
2747 3243 2864 3300 Non
2892 3253 3071 3298 tamen
3097 3255 3286 3296 omnes
3314 3254 3583 3310 supernos

1993 3348 2220 3394 ornatus
2247 3338 2521 3410 sigillatim
2549 3336 2749 3407 posuit,
2781 3335 2977 3404 quippe
3005 3332 3151 3404 quod
3182 3346 3251 3388 ex
3277 3329 3580 3398 majoribus

1994 3432 2203 3487 minora
2231 3433 2394 3488 etiam
2419 3428 2678 3486 ostendit.
2707 3425 3001 3482 lnvisibilia
3026 3424 3282 3480 nimirum
3311 3431 3434 3478 sunt
3455 3435 3581 3476 cum

1996 3523 2336 3594 archangeli,
2375 3534 2486 3577 tum
2529 3520 2730 3592 angeli,
2757 3519 3056 3588 animmque
3093 3525 3313 3573 nostrae.
3348 3514 3582 3571 Proinde

1995 3632 2062 3673 ex
2092 3617 2198 3672 illis
2230 3616 2297 3670 de
2330 3615 2452 3672 istis
2481 3614 2646 3668 etiam
2675 3610 2968 3666 manifeste
2997 3609 3290 3680 colligitur.

1995 3749 2004 3757 .
2069 3707 2264 3763 Omnia
2304 3721 2396 3774 per
2441 3705 2614 3774 ipsum
2660 3711 2708 3757 et
2740 3703 2796 3756 in
2829 3703 2998 3770 ipsum
3046 3708 3168 3755 sunt
3201 3699 3438 3754 condita.
3473 3698 3581 3766 En,

1997 3800 2141 3870 quod
2164 3812 2330 3869 supra
2355 3796 2512 3861 dixit,
2530 3794 2594 3849 In
2617 3794 2753 3865 ipso,
2778 3793 2912 3864 jam,
2946 3790 3050 3845 Per
3079 3791 3270 3860 ipsum,
3295 3789 3372 3845 ait
3397 3807 3411 3845 :
3442 3791 3584 3845 sicut

1998 3901 2055 3949 et
2110 3890 2456 3960 Evangelista
2501 3886 2740 3942 Joannes
2777 3905 2790 3940 :
2841 3884 3034 3939 Omnia
3074 3899 3168 3951 per
3213 3883 3388 3951 ipsum
3438 3882 3584 3952 facta

1997 3990 2119 4038 sunt
2148 3980 2195 4034 i.
2229 4009 2300 4022 -—
2333 3979 2525 4035 Omnia
2552 3986 2731 4032 autem
2785 3975 2990 4041 dicens,
3025 3972 3285 4044 Spiritum
3309 3989 3413 4028 non
3437 3989 3584 4028 com-

2002 4073 2287 4146 prehendit
2329 4090 2343 4126 :
2401 4085 2508 4126 non
2559 4069 2702 4124 enim
2763 4067 3001 4136 Spiritus
3047 4081 3188 4120 unus
3231 4074 3315 4119 est
3357 4080 3424 4120 ex
3477 4063 3582 4119 illis

2001 4167 2272 4231 omnibus,
2318 4165 2411 4219 sed
2466 4175 2605 4216 unus
2661 4169 2745 4217 est
2800 4157 3069 4223 absolute,
3130 4155 3580 4226 quemadmodum

2003 4273 2140 4311 unus
2170 4255 2311 4311 Deus
2339 4263 2393 4312 et
2427 4268 2564 4310 unus
2587 4252 2867 4308 Dominus.
2905 4248 3096 4302 Omnia
3129 4247 3293 4314 igitur
3323 4261 3580 4315 quaecun-

2003 4363 2107 4420 que
2135 4347 2278 4404 facta
2316 4355 2459 4413 sunt,
2497 4361 2590 4415 per
2616 4345 2787 4413 ipsum
2813 4348 2938 4395 sunt
2982 4339 3219 4392 condita.
3255 4335 3479 4400 Deinde,
3515 4350 3581 4390 ne

2004 4451 2160 4512 putes
2211 4441 2386 4510 ipsum
2441 4452 2566 4493 esse
2623 4434 2928 4490 ministrum
2984 4429 3068 4484 vel
3115 4428 3578 4493 subconditorem,

306 4516 484 4581 ἐστιν,
512 4515 594 4577 εἱς
640 4511 802 4566 αὑτὸν
835 4509 1108 4582 κρέμαται
1143 4508 1214 4562 τὰ
1243 4506 1448 4567 πάντα,
1490 4506 1602 4558 Καὶ
1637 4504 1699 4558 οὐ
1729 4503 1890 4574 μόνον

1997 4503 2199 4600 adjicit,
2231 4503 2280 4584 et
2317 4530 2374 4583 in
2406 4529 2602 4597 ipsum,
2634 4525 2686 4580 id
2715 4533 2818 4589 est,
2862 4524 2930 4577 ab
2966 4521 3085 4591 ipso
3117 4520 3350 4592 pcudent
3377 4517 3576 4573 omnia.

303 4610 571 4680 εποίησεν
619 4605 804 4670 αὐτὸς,
839 4604 976 4658 ἀλλὰ
1028 4603 1125 4657 καὶ
1153 4601 1317 4666 αὐτὸς
1377 4597 1521 4654 αὐτὰ
1551 4599 1893 4670 συγκρατεῖ,

309 4702 458 4756 ὥστε
491 4699 560 4754 ἂν
607 4695 903 4767 ἁποσπαθῇ
939 4693 1040 4764 τῆς
1074 4691 1241 4748 αὐτοῦ
1276 4692 1556 4763 προνοίας,
1594 4689 1895 4745 ἀπόλωλεν.

309 4795 433 4850 Οὐκ
485 4787 608 4846 εἷπε
654 4789 733 4855 δὲ,
785 4787 1101 4860 Διακρατεῖ,
1153 4783 1288 4838 ἀλλὰ
1327 4784 1388 4838 τὸ
1431 4782 1771 4856 λεπτότερον,
1804 4781 1902 4846 Εἰς

304 4887 482 4945 αὐτὸν
514 4881 772 4940 ἁπονεύει
802 4881 900 4934 καὶ
953 4876 1250 4950 κρέμαται’
1289 4875 1388 4930 καὶ
1433 4874 1593 4930 τοῦτο
1637 4873 1797 4946 μόνον
1837 4872 1902 4926 τὸ

311 4981 455 5053 πρὸς
505 4975 671 5033 αὐτὸν
715 4971 1025 5038 ἀπονεύειν,
1071 4969 1259 5024 ἱκανόν
1293 4970 1411 5024 ἔστι
1450 4968 1766 5039 διακρατεῖν
1800 4965 1897 5019 καὶ⁹

306 5071 644 5141 συσφίγγειν
689 5066 850 5122 αὑτά.
887 5061 1059 5118 Τοῦτο
1089 5061 1148 5116 δὲ
1179 5062 1279 5132 οὐχ
1303 5055 1471 5134 ἧττον
1498 5059 1592 5115 τοῦ
1637 5059 1901 5132 δημιουρ·-

314 5163 490 5236 γῆσαι
524 5166 664 5216 ἐστι·
698 5159 899 5231 μᾶλλον
922 5158 980 5212 δὲ
1001 5159 1122 5211 ὅσον
1145 5154 1256 5210 ἀπὸ
1281 5153 1390 5209 τῶν
1419 5153 1542 5209 καθ’
1581 5154 1753 5225 ἡμᾶς,
1807 5149 1902 5206 καὶ

316 5257 530 5328 μεῖζον.
566 5254 677 5308 Καὶ
699 5251 811 5322 γὰρ
841 5251 1000 5321 ἡμεῖς
1031 5246 1375 5319 ἐργαζόμεθα
1400 5245 1499 5317 μὲν
1531 5245 1769 5316 ἱμάτιον,
1798 5262 1894 5298 τυ-

313 5351 433 5418 χὸν,
469 5344 504 5415 ἢ
531 5345 760 5414 οἰκημασ
797 5337 1132 5409 συντηρῆσαι
1163 5335 1222 5388 δὲ
1249 5335 1358 5389 ἀπὸ
1388 5335 1486 5405 τῆς
1518 5334 1725 5406 φθορᾶς
1768 5335 1900 5390 αὐτὸ

267 5505 272 5508 _
306 5440 378 5492 οὐ
399 5435 699 5506 δυνάμεθα·
723 5429 885 5495 αὐτὸς
909 5430 966 5484 δὲ
993 5429 1086 5484 καὶ
1111 5428 1336 5501 ἐποίησε
1363 5428 1458 5482 καὶ
1484 5430 1756 5499 συντηρεῖ.

428 5617 443 5664 t
485 5610 644 5666 Joan.
680 5626 716 5678 I,
737 5611 788 5666 5.

2001 4623 2112 4678 Nec
2159 4622 2276 4691 ipse
2301 4635 2364 4676 ea
2402 4627 2609 4674 tantum
2637 4615 2913 4680 condidit,
2943 4627 3134 4668 verum
3169 4613 3333 4667 etiam
3369 4623 3431 4664 ea
3467 4609 3582 4676 ipse

2003 4713 2267 4778 continet,
2312 4713 2386 4767 ita
2421 4718 2480 4764 ut
2524 4709 2568 4764 si
2616 4709 2684 4762 ab
2725 4706 2841 4776 ejus
2873 4703 3213 4778 providentia
3261 4700 3578 4764 avellantur,

2002 4811 2250 4876 pereant.
2278 4799 2395 4855 Non
2430 4799 2566 4854 dixit
2588 4808 2766 4852 autem
2795 4797 3109 4867 Διακρατεῖ,
3141 4793 3194 4848 id
3251 4800 3333 4846 est
3363 4803 3583 4844 conser-

2008 4901 2118 4958 vat,
2158 4891 2253 4948 sed
2279 4891 2422 4961 quod
2446 4887 2695 4944 subtilius
2725 4897 2828 4954 est,
2861 4887 2922 4942 lu
2958 4888 3133 4956 ipsum
3159 4887 3409 4953 vergunt,
3434 4886 3486 4931 ct
3513 4877 3582 4932 ab

2005 5004 2073 5046 eo
2102 4990 2356 5062 pendent.
2409 4987 2588 5056 Atque
2646 4984 2748 5040 hoc
2792 4982 2965 5040 solum
3011 4981 3064 5036 in
3113 4994 3236 5036 eum
3289 4975 3578 5045 respicere,

2008 5085 2141 5141 satis
2172 5090 2258 5138 est
2286 5088 2344 5136 ut
2371 5081 2650 5135 contineat
2673 5086 2729 5133 et
2760 5073 3097 5140 constringat
3130 5069 3240 5125 illa.
3266 5066 3378 5122 Hoc
3398 5075 3580 5120 autem

2005 5190 2110 5230 non
2143 5173 2320 5228 minus
2347 5180 2433 5229 est
2462 5183 2624 5240 quam
2646 5182 2834 5224 creare
2863 5183 2876 5221 :
2911 5163 3020 5218 imo
3047 5160 3226 5232 potius
3252 5155 3429 5226 quoad
3456 5169 3575 5218 nos,

2003 5277 2060 5323 ct
2098 5264 2273 5336 majus
2313 5271 2418 5319 est.
2463 5260 2674 5317 Etenim
2717 5274 2818 5314 nos
2843 5254 3160 5313 conﬁcimus
3199 5248 3418 5320 pallium
3463 5243 3577 5300 for-

2005 5367 2171 5426 tasse,
2200 5356 2288 5412 vel
2319 5355 2538 5410 domum
2564 5367 2580 5406 :
2611 5360 2935 5406 conservare
2963 5352 3140 5400 autem
3179 5342 3352 5410 ipsum
3395 5350 3426 5390 a
3456 5350 3583 5391 cor-

2006 5448 2255 5520 ruptione
2301 5458 2408 5501 non
2447 5453 2757 5512 possumus.
2795 5437 2916 5509 ipse
2946 5447 3072 5492 vero
3109 5439 3162 5489 et
3192 5428 3319 5486 fecit
3359 5436 3412 5482 et
3449 5439 3583 5482 con-

2003 5549 2202 5596 servat.

432 5774 435 5777 ,
1667 5702 1867 5763 Varit‘e
1885 5699 2210 5763 lectiones.

389 5817 436 5850 ³³
465 5812 691 5886 πρώτης
714 5826 770 5869 o.
882 5808 928 5841 ⁸⁸
957 5806 1048 5862 la’.
1093 5805 1228 5861 ἄλλα
1278 5805 1466 5859 ἐκεῖνα
1517 5820 1570 5860 0.
1682 5805 1726 5836 ⁸⁷
1757 5804 1910 5874 δηλοῖ
1950 5817 2003 5858 0.
