3994 6580
300 386 431 461 ᾕρεε
1059 382 1464 448 EXPOSITIO
1510 385 1585 445 1N
1621 383 1855 445 EPlST.
1892 379 1989 444 AD
2026 383 2320 446 COLOSS.
2348 409 2417 419 ·-
2444 385 2607 449 CAP.
2645 387 2697 443 1.
3402 387 3539 451 12:6

299 507 370 579 μὴ
414 503 643 575 νομίσῃς
669 500 749 556 ὅτι
793 496 1068 571 ὑπηρέτου
1109 498 1264 565 τάξιν
1307 496 1487 560 ἔλασε,
1539 495 1728 568 φησίνο
1761 495 1865 560 Είς

1974 494 2201 550 ministri
2234 494 2409 551 locum
2458 498 2713 569 suscepit,
2745 497 2938 569 inquit,
2971 497 3033 554 In
3081 500 3272 571 ipsum,
3304 503 3407 559 hoc
3434 518 3540 575 est,

294 596 473 652 αὐτόν
505 592 846 656 ’τουτέστιν,
919 589 1085 653 αὐτὸς
1138 587 1318 659 ἑαυτῷ
1369 588 1495 651 τοὺς
1541 585 1864 656 ἀνθρώπους

1974 587 2083 654 ipse
2104 587 2204 641 sibi
2235 586 2333 658 ipsi
2364 588 2611 663 homines
2634 589 3018 648 reconciliavit.
3044 594 3205 666 Atqui
3234 596 3362 652 alibi
3387 601 3542 667 dixit,

295 684 616 756 κατήλλαξε.
652 683 759 737 Καὶ
781 682 887 753 μὴν
917 679 1151 750 ἀλλαχοῦ
1179 677 1355 740 εἷπεν,
1383 680 1465 731 δτι
1490 678 1567 748 τῷ
1586 676 1708 747 Θεῷ
1736 692 1867 730 κατ-

296 775 554 848 ήλλαξενο
602 773 709 845 ἄρα
741 770 834 826 οὖν
869 770 1025 824 κοινά
1077 770 1166 823 καὶ
1205 768 1301 821 τοῦ
1349 769 1479 821 Υἱοῦ
1513 770 1581 821 τὰ
1625 767 1859 839 Πατρός.

293 869 403 925 Οὐκ
431 864 552 921 εἷπε
583 865 663 929 δὲ,
698 862 1071 927 Καταλλάξαι,
1113 860 1248 925 ἀλλ’,
1330 857 1860 924 Ἀποκαταλλάξαι,

294 960 588 1023 τουτέστιν,
632 956 947 1020 ἀποδοῦναι,
985 955 1062 1018 ὡς
1106 953 1330 1023 ὀφειλὴν
1366 969 1487 1017 τινα
1536 951 1703 1004 πάλαι.
1767 967 1863 1003 κε-

292 1050 732 1124 χρεωστημένην,
760 1049 858 1102 καὶ
878 1048 1099 1110 τελείως
1128 1046 1465 1116 είρηνεῦσαι,
1491 1044 1631 1097 ὥστε
1666 1043 1864 1115 μηκέτι

293 1141 591 1212 ὲχθριίνειν
637 1140 806 1210 αὐτῷ.
836 1141 911 1194 Οὐ
946 1141 1120 1211 γάρὴ
1166 1139 1484 1209 καταλλαγὴ
1534 1138 1695 1208 μόνον
1759 1138 1865 1227 ἀπ-

292 1232 440 1301 εδόθη
462 1232 533 1297 ⁸⁹,
570 1230 709 1284 ἀλλά
746 1230 840 1285 καὶ
870 1233 899 1283 6
938 1230 1137 1300 τρόπος
1166 1230 1262 1300 τῆς
1301 1228 1644 1298 καταλλαγῆς
1665 1269 1679 1294 ,
1711 1244 1865 1281 τουτ-

293 1324 437 1376 έστιν
459 1324 493 1389 ή
521 1322 705 1394 σφαγὴ
728 1321 826 1375 τοῦ
861 1322 1014 1389 Υίοῦ,
1040 1324 1110 1375 τὰ
1144 1323 1377 1393 μέγιστα
1422 1307 1665 1390 ἴσχυσεν.

358 1414 844 1484 Ειρηνοποιήσας
880 1413 979 1467 διὰ
1030 1414 1136 1469 τοῦ
1165 1415 1415 1482 αἵματος
1452 1413 1560 1466 τοῦ
1593 1411 1864 1480 σταυροῦ

290 1505 491 1561 αὑτοῦ.
523 1506 600 1558 Τὸ
639 1505 738 1575 μὲν
771 1504 1102 1570 καταλλάξαι
1148 1506 1246 1574 τὴν
1283 1503 1484 1574 ἔχθραν
1514 1500 1771 1555 δείκνυσι·
1805 1501 1866 1554 τδ

291 1599 344 1651 δὲ
390 1596 726 1669 εἰρηνεῢσαι,
781 1599 875 1651 τὶν
922 1597 1179 1665 πόλεμον.
1232 1598 1340 1649 Καὶ
1384 1595 1493 1666 γάρ
1554 1596 1712 1666 ἡμεῖς
1770 1594 1866 1647 καὶ

292 1690 466 1762 ἐχθροὶ
486 1687 633 1762 ἦμεν
658 1689 738 1761 τῷ
766 1688 884 1760 Θεῷ
913 1690 1007 1744 καὶ
1058 1688 1328 1758 πολέμιοι.
1361 1689 1520 1757 Μέγα
1553 1688 1654 1758 μὲν
1682 1684 1775 1741 οὖν
1804 1686 1865 1739 τὸ

292 1782 640 1847 καταλλάξαι·
674 1783 734 1835 τὸ
757 1782 814 1836 δὲ
846 1783 944 1836 καὶ
971 1781 1037 1836 δι’
1065 1780 1280 1846 ἑαυτοῦ,
1313 1782 1517 1850 μεῖζοψ
1547 1781 1642 1833 καὶ
1672 1778 1752 1833 ἔτι
1780 1779 1862 1847 τὸ,

291 1874 367 1929 Δι’
400 1875 672 1944 αἵματος·
716 1875 808 1927 καὶ
836 1873 915 1928 ἔτι
958 1873 1040 1941 τὸ,
1067 1872 1171 1927 Διὰ
1204 1871 1493 1941 σταυροῦ,
1537 1872 1634 1927 τοῦ
1670 1872 1868 1943 ἀτίμου

292 1968 537 2020 Θανάτου.
591 1967 668 2019 Ub
719 1965 829 2036 γὰρ
878 1967 1098 2036 ῥήματα
1144 1963 1336 2028 εἰπὼν,
1389 1963 1467 2027 ὡς
1502 1963 1865 2036 πρεσϐευτὴς,

292 2059 644 2129 κατήλλαξεν,
677 2059 792 2112 ἀλλ’
810 2058 1005 2111 ἑαυτὸν
1029 2057 1216 2120 ἐκδούς
1237 2057 1305 2112 ³⁸.
1340 2057 1456 2110 Οὐκ
1481 2054 1602 2110 εἷπε
1635 2057 1712 2123 δὲ,
1754 2056 1865 2112 Τοῦ

292 2151 574 2220 σταυροῦ,
599 2152 696 2205 καὶ
721 2150 872 2217 ἔστη,
906 2149 1042 2204 ἀλλά
1085 2148 1395 2220 προσέθηκε
1418 2150 1499 2209 τὸ,
1527 2147 1746 2215 Αὑτοῦ,
1779 2148 1868 2202 ἵνα

294 2244 367 2313 μὴ
403 2243 636 2317 νομίσῃς
667 2244 758 2297 τὸν
798 2245 1031 2314 σταυρὸν
1059 2241 1350 2314 δυνηθῆναί
1394 2259 1446 2296 τι
1478 2242 1601 2297 καθ’
1646 2243 1862 2299 ἑαυτόν.

293 2335 363 2389 Οὐ
408 2336 517 2408 γὰρ
563 2335 752 2401 ἁπλῶς
802 2338 832 2390 6
878 2335 1110 2407 σταυρὸς
1158 2334 1382 2404 έσωσεν,
1417 2335 1536 2391 ἀλλ’
1577 2338 1659 2390 ὅτι
1702 2334 1864 2389 αὐτοῦ

293 2429 537 2500 σταυρὸς.

359 2519 493 2576 Είτε
518 2523 591 2577 τὰ
618 2522 719 2577 ἐπί
751 2524 860 2595 τῆς
891 2522 1026 2595 γῆς,
1057 2525 1177 2580 εἴτε
1213 2523 1285 2579 τὰ
1303 2524 1374 2579 ἐν
1402 2522 1527 2590 τοῖς
1559 2522 1861 2592 οὐρανοῖς.

292 2612 370 2666 Ta
401 2614 499 2684 μὲν
529 2615 626 2670 ἐπὶ
649 2616 749 2685 τῆς
788 2618 892 2688 γῆς
917 2618 1165 2680 είκὸτως’
1196 2616 1425 2681 ἕκαστος
1455 2616 1564 2686 γάρ
1604 2617 1698 2670 καὶ
1727 2615 1865 2687 πρὸς

292 2704 474 2759 ἑαυτὸν
502 2708 818 2773 ἐστασίαζε,
846 2710 941 2763 καὶ
975 2709 1113 2781 πρὸς
1140 2709 1357 2773 ἀλλους,
1397 2710 1493 2763 καὶ
1527 2708 1664 2779 πρὸς
1694 2708 1864 2778 αὐτὴν

291 2794 346 2849 δὲ
369 2795 465 2867 τὴν
492 2797 794 2870 ἀγγελικὴν
825 2798 971 2867 ζωὴν
1009 2800 1195 2871 ἐχθροὶ
1237 2794 1404 2872 ἦμεν.
1449 2799 1531 2852 Τά
1571 2798 1629 2852 δὲ
1673 2799 1732 2853 ἐν
1774 2798 1866 2852 οὑ-

294 2890 489 2957 ρανοίς,
512 2891 671 2957 «Iac;
705 2891 1032 2961 Ἀπέσχιστο
1064 2893 1097 2962 ἡ
1129 2893 1200 2961 γῆ
1233 2892 1328 2944 τοῦ
1357 2890 1613 2960 οὐρανοῦ,
1646 2892 1740 2944 καὶ
1770 2892 1865 2943 έκ-

291 2977 740 3050 πιπολεμωμένοι
772 2976 915 3052 ἦσαν
957 2981 1008 3033 oi
1053 2981 1274 3050 ἄγγελοι
1309 2979 1447 3052 πρὸς
1484 2981 1609 3043 τοὺς
1654 2979 1866 3052 ἀνθρώο

295 3086 441 3136 πους,
490 3072 728 3144 ὁρῶντες
770 3073 863 3127 τὸν
913 3075 1123 3128 ἑαυτῶν
1155 3073 1435 3145 Δεσπότῃν
1478 3075 1859 3146 ὑδριζόμενον·

1968 679 2111 747 quod
2147 666 2676 736 Deo"reeonciliavit.
2704 678 3026 739 Communia
3058 685 3222 755 igitur
3251 697 3376 745 sunt
3409 666 3572 757 Filio,

1966 770 2129 824 etiam
2156 785 2276 840 qua:
2298 782 2424 826 sunt
2451 771 2649 830 Patris.
2680 772 2798 831 Non
2829 777 2965 832 dixit
2988 789 3187 847 autem,
3219 779 3543 851 Conciliarr,

1967 864 2084 931 sed,
2120 864 2512 933 Reconciliare,
2546 867 2649 924 huc
2679 877 2784 936 est,
2830 872 3056 927 reddere
3087 873 3252 930 veluti
3301 878 3541 934 debitum

1968 958 2258 1024 quoddam,
2293 972 2400 1027 quo
2436 959 2562 1014 olim
2611 961 2903 1020 obstrictus
2960 965 3141 1033 fuerit,
3193 982 3258 1024 ac
3302 970 3547 1041 perfecte

1969 1064 2153 1117 pacem
2186 1051 2386 1116 facere,
2429 1062 2487 1106 ut
2533 1068 2638 1108 non
2666 1068 2826 1124 porro
2860 1057 2933 1111 illi
2967 1058 3135 1116 simus
3167 1060 3380 1118 infensi.
3427 1063 3544 1120 Non

1967 1139 2110 1193 enim
2158 1141 2468 1198 conciliatio
2502 1152 2710 1200 tantum
2749 1148 3094 1217 reddebatur,
3146 1168 3330 1210 verum
3379 1158 3545 1213 etiam

1970 1231 2159 1284 modus
2188 1233 2673 1301 reconciliationis,
2704 1236 2868 1311 473
2899 1240 3001 1295 hoc
3032 1251 3116 1298 est
3164 1246 3368 1303 occisio
3399 1248 3543 1315 Filii,

1968 1319 2260 1389 plurimum
2290 1322 2480 1382 Valuit.

2038 1410 2334 1481 Paciﬁcans
2360 1430 2454 1484 per
2471 1419 2782 1487 sanguinem
2824 1425 2997 1480 erucis
3020 1425 3150 1495 eius.
3177 1427 3549 1490 Reconciliare

1970 1502 2309 1559 inimicitiam
2350 1508 2633 1565 ostendit:
2686 1524 2873 1581 pacem
2909 1530 3038 1571 vero
3087 1515 3285 1588 facere,
3321 1521 3543 1581 bellum.

1965 1593 2181 1651 Etenim
2218 1611 2318 1654 nos
2346 1608 2401 1654 et
2446 1600 2650 1657 inimici
2681 1620 2899 1662 eramus
2933 1606 3063 1673 Deo,
3104 1622 3159 1666 et
3206 1614 3408 1671 hostes.
3437 1616 3549 1672 Ma-

1968 1705 2130 1758 gnum
2159 1690 2325 1761 igitur
2354 1702 2437 1748 est
2468 1696 2823 1753 reconciliare
2854 1715 2871 1753 :
2914 1711 2967 1754 at
3000 1718 3096 1772 per
3126 1706 3389 1776 seipsum,
3433 1726 3548 1764 ma-

1966 1785 2054 1849 jus
2088 1799 2102 1835 :
2152 1794 2208 1840 et
2252 1786 2447 1851 adhuc,
2483 1781 2591 1842 Per
2616 1792 2927 1858 sanguinem
2961 1809 2979 1848 :
3026 1804 3080 1850 et
3113 1798 3292 1854 adhuc
3338 1802 3545 1872 majus,

1971 1876 2114 1946 quod
2146 1874 2252 1932 Per
2271 1894 2499 1945 crucem,
2533 1896 2629 1950 per
2675 1894 2907 1939 mortem
2959 1886 3393 1957 ignominiosam.
3425 1893 3545 1951 Non

1971 1968 2115 2021 enim
2183 1968 2342 2040 legati
2410 1971 2602 2039 inStar,
2649 1978 2950 2043 perorando
3004 1983 3388 2053 reconciliavit,
3450 1987 3547 2042 sed

1968 2060 2206 2122 seipsum
2231 2062 2431 2120 dando.
2463 2062 2582 2123 Non
2626 2067 2761 2122 dixit
2793 2079 2994 2138 autem,
3027 2073 3232 2145 Crucis,
3264 2087 3317 2133 et
3345 2082 3549 2138 consti-

1970 2151 2055 2215 tit,
2090 2168 2273 2209 verum
2307 2155 2542 2228 adjecit,
2586 2158 2738 2229 Ejus,
2780 2179 2846 2218 ne
2875 2165 3154 2223 existimes
3183 2184 3403 2227 crucem
3444 2174 3549 2229 ali-
3588 2176 3593 2191 ‘

1968 2244 2096 2313 quid
2128 2260 2224 2316 per
2257 2261 2315 2303 se
2337 2263 2514 2317 posse.
2541 2250 2658 2305 Non
2693 2253 2834 2307 enim
2865 2255 3184 2326 simpliciter
3209 2275 3341 2316 crux
3363 2278 3551 2320 serva-

1969 2335 2063 2401 vit,
2096 2338 2190 2392 sed
2221 2353 2351 2393 crus
2384 2339 2575 2409 ipsius.

2040 2521 2162 2574 bive
2198 2535 2312 2590 qua:
2344 2522 2398 2575 in
2432 2531 2595 2588 terra,
2621 2524 2724 2579 sive
2753 2541 2870 2591 qua:
2910 2528 2964 2581 in
2992 2528 3134 2584 cretis
3168 2538 3305 2584 sunt.
3338 2529 3468 2598 Qum
3496 2533 3548 2588 in

1969 2619 2111 2666 terra
2141 2612 2359 2681 quidem
2404 2624 2551 2677 sunt,
2577 2618 2773 2671 merito
2799 2636 2812 2671 :
2846 2619 3070 2689 quilibet
3106 2622 3248 2677 enim
3280 2631 3335 2678 et
3363 2638 3549 2679 secum

1967 2703 2105 2774 ipse,
2134 2714 2340 2761 etcum
2388 2707 2512 2761 aliis
2547 2709 2866 2779 dissidebat,
2912 2721 2966 2768 et
3001 2714 3106 2782 ipsi
3140 2714 3395 2786 angelica:
3424 2717 3551 2771 vitae

1968 2796 2152 2852 hostes
2178 2812 2418 2855 eramus.
2449 2797 2581 2866 Qme
2610 2817 2740 2859 vero
2788 2814 2912 2860 sunt
2947 2806 3001 2861 in
3032 2806 3208 2872 cmlis,
3241 2808 3551 2878 quomodo?

1966 2889 2136 2946 Terra
2164 2906 2195 2946 a
2231 2891 2369 2951 cmlo
2396 2894 2624 2950 discissa
2654 2906 2759 2961 est,
2788 2909 2844 2953 et
2873 2898 3186 2955 hominibus
3210 2900 3392 2957 hostes
3424 2898 3550 2958 facti

1965 2992 2088 3035 sunt
2118 2983 2319 3053 angeli,
2375 3000 2498 3040 cum
2536 2987 2781 3043 viderent
2830 2989 3115 3044 Dominum
3163 3006 3321 3047 suum
3353 2991 3551 3062 injuria

1967 3071 2104 3129 alIici
2132 3092 2148 3130 :
2181 3084 2470 3144 propterea
2512 3085 2567 3131 et
2605 3080 2672 3132 ad
2714 3080 3037 3161 supplicium
3087 3083 3460 3152 mittebantur,
3493 3095 3553 3139 ut

294 3161 368 3217 διὸ
404 3166 496 3218 καὶ
529 3166 609 3231 εἰς
633 3165 906 3238 τιμωρίαν
944 3167 1279 3236 ἐπέμποντο,
1319 3166 1394 3230 ὠς
1424 3165 1520 3219 ἐπὶ
1545 3166 1637 3219 τοῦ
1678 3165 1861 3230 Δαυῒδ,

1974 3165 2235 3223 adversus
2269 3167 2526 3223 Davidem
2574 3168 2627 3234 ι,
2662 3179 2719 3224 ιιι
2745 3171 3008 3228 adversus
3055 3173 3366 3232 Sodomitas
3396 3174 3442 3244 ι,
3494 3190 3555 3233 ιιι

296 3249 366 3314 ὡς
400 3252 491 3305 ἐπὶ
538 3253 651 3308 τῶν
705 3254 1031 3326 Σοδομιτῶν,
1075 3255 1151 3319 ὡς
1197 3256 1290 3310 ἐπὶ
1333 3256 1433 3327 τῆς
1480 3255 1728 3320 κοιλάδος
1773 3254 1868 3309 τοῦ

298 3341 664 3416 κλαυθμῶνος.
706 3349 766 3402 '0
786 3343 878 3402 οὖν
907 3348 1055 3414 Υἱὸς,
1073 3348 1164 3401 τὸν
1186 3348 1470 3421 ἄνθρωπον
1498 3350 1579 3411 είς
1607 3348 1870 3420 οὐρανοὺς

299 3436 541 3507 ἀγαγὼν,
571 3441 667 3493 τὸν
693 3440 913 3512 ἐχθρὸν,
942 3441 1053 3495 τὸν
1084 3441 1370 3512 πολέμιον,
1419 3443 1514 3496 καὶ
1544 3442 1672 3505 τοὺς
1703 3442 1871 3510 ἀγγέ-

297 3527 414 3594 Ma;
443 3531 536 3586 ἐπὶ
563 3536 669 3605 γῆς
691 3534 914 3605 ἐποίησε
943 3534 1235 3604 φαίνεσθαι
1261 3535 1508 3607 ᾅδοντας,
1530 3536 1626 3589 καὶ
1656 3536 1870 3607 ἑκάστῳ

295 3622 399 3677 τῶν
424 3626 632 3680 πιστῶν
663 3628 1098 3700 παρεπομένους.
1134 3632 1292 3714 Δοκεῖ
1317 3629 1373 3683 δέ
1411 3647 1499 3696 μοι
1530 3630 1627 3684 καὶ
1659 3631 1688 3683 ὁ
1727 3628 1875 3682 Παῦ-

298 3714 380 3781 λος
406 3719 492 3774 διὰ
522 3721 681 3776 τοῦτο
705 3723 1036 3795 ἀρπαγῆναι,
1069 3723 1156 3777 ἵνα
1181 3723 1405 3795 διδαχθῇ
1431 3723 1477 3756 ⁹⁶
1515 3722 1632 3787 πῶς
1662 3722 1872 3794 ἀνθρω-

299 3826 384 3863 ποι
412 3813 471 3866 ὲν
495 3814 732 3887 οὐρανῷ,
782 3816 876 3869 καὶ
908 3815 989 3870 δτι
1023 3817 1051 3869 6
1103 3815 1231 3878 Υίδς
1275 3817 1393 3869 ἐκεῖ
1430 3815 1730 3887 ἀνελήφθη.
1783 3816 1872 3871 Ἐν

302 3899 397 3968 μὲν
420 3903 512 3958 οὖν
541 3908 659 3972 τοῖς
701 3906 965 3976 ἐπιγείοις
1005 3906 1167 3979 διπλῆ
1208 3908 1242 3978 ή
1273 3907 1489 3979 είρήνη,
1531 3907 1670 3979 πρός
1698 3925 1758 3961 τε
1804 3908 1872 3963 τὰ

300 3996 615 4068 ἐπουράνια,
648 4000 743 4053 καὶ
785 4000 919 4070 πρὸς
957 4000 1149 4054 ὲιυτά·
1186 4002 1241 4054 ὲν
1270 4000 1326 4053 δὲ
1372 4002 1483 4064 τοῖς
1527 4000 1872 4071 ἐπουρανίοις

300 4084 457 4159 ἁπλῆ.
489 4090 635 4163 Πρὸς
663 4092 810 4160 ἡμᾶς
844 4092 953 4161 γὰρ
977 4090 1162 4146 λοιπὸν
1193 4091 1519 4145 ἐσπείσαντο
1539 4131 1555 4157 ,
1607 4090 1703 4144 καὶ
1745 4091 1870 4162 χαί-

301 4194 476 4247 ρουσιν
518 4184 612 4237 ἐπὶ
641 4185 708 4254 τῇ
751 4182 860 4237 τῶν
897 4183 1166 4238 τοσούτων
1200 4184 1465 4255 σωτηρίᾳ.
1511 4182 1636 4247 Πῶς
1679 4179 1774 4238 οὖν
1805 4182 1872 4237 δι’

297 4271 537 4341 ἀγγέλων
558 4275 768 4343 λέγετε,
803 4275 1133 4340 Κολοσσαεϊς
1156 4316 1171 4340 ,
1219 4274 1636 4347 προσάγεσθαις
1666 4276 1873 4330 Τοσοῦ-

297 4376 387 4415 τον
411 4365 518 4436 γάρ
570 4366 870 4437 ἀπέχουσιν
921 4368 1125 4421 ἐκεῖνοι
1175 4369 1546 4437 προσαγαγεῖν
1595 4368 1744 4438 ἡμᾶς
1800 4367 1868 4433 ³³,

298 4452 432 4508 ὥστε
478 4461 573 4512 καὶ
614 4459 1134 4529 ἐκπεπολεμωμένοι
1189 4455 1332 4529 ἦσαν
1362 4460 1515 4529 ἡμῖν·
1566 4460 1659 4513 καὶ
1702 4460 1751 4512 εί
1795 4458 1871 4531 μὴ

1974 3258 2027 3313 in
2065 3258 2204 3315 valle
2251 3259 2510 3329 ploratus.
2549 3260 2717 3317 Filius
2748 3262 2914 3332 igitur
2956 3264 3234 3322 hominem
3276 3269 3344 3323 ad
3383 3269 3553 3325 eteius

1973 3348 2198 3414 ducens,
2228 3349 2316 3418 qui
2352 3348 2628 3417 inimicus,
2655 3352 2743 3420 qui
2776 3350 2951 3407 hostis
2969 3360 3115 3417 erat,
3145 3353 3306 3408 etiam
3333 3355 3554 3425 angelos

1973 3457 2134 3511 super
2157 3452 2353 3497 terram
2382 3443 2734 3499 concinentes
2754 3444 2991 3514 conspici
3012 3443 3158 3510 fecit,
3183 3448 3556 3517 acquemlibct

1975 3533 2214 3587 ﬁdelium
2245 3532 2591 3589 comitantes.
2622 3532 2847 3589 Videtur
2873 3546 3050 3589 autem
3079 3537 3210 3592 mihi
3258 3548 3312 3591 et
3353 3535 3554 3595 Paulus

1973 3636 2256 3695 propterea
2290 3633 2478 3694 raptus
2501 3640 2645 3690 esse,
2683 3636 2742 3680 ut
2778 3629 3066 3684 doceretur
3091 3614 3551 3698 quemadmodum

1977 3715 2224 3769 homines
2253 3723 2437 3772 essent
2470 3715 2522 3770 in
2552 3714 2710 3781 ctelu,
2747 3724 2803 3771 et
2840 3718 2982 3786 quod
3016 3715 3182 3775 Filius
3216 3719 3341 3775 illnc
3368 3734 3554 3777 susce-

1975 3815 2097 3877 ptus
2123 3808 2215 3862 sit.
2244 3806 2297 3862 in
2330 3807 2493 3864 rebus
2522 3807 2687 3878 igitur
2713 3810 3062 3866 terrestribus
3094 3809 3289 3881 duplex
3314 3826 3418 3882 pax
3444 3823 3549 3879 est,

1972 3910 2028 3956 ct
2054 3908 2300 3971 respectu
2335 3900 2658 3966 ccelestium,
2690 3909 2745 3957 et
2782 3912 3028 3972 respectu
3061 3902 3143 3958 sui
3177 3903 3460 3974 ipsorum:
3498 3905 3552 3961 in

1974 3992 2285 4048 cmlestibus
2324 4007 2453 4049 vero
2492 3993 2741 4063 simplex.
2783 3991 3074 4050 Nobiscum
3116 3994 3264 4052 enim
3295 3996 3553 4066 deinceps

1974 4083 2154 4142 fmdus
2184 4094 2592 4154 percusserunt,
2636 4084 2992 4157 hrtanturque
3019 4101 3182 4158 super
3214 4097 3321 4144 tam
3350 4090 3552 4146 multo-

1976 4193 2096 4234 rum
2129 4178 2325 4235 salute.
2368 4178 2471 4246 Qui
2519 4179 2683 4249 igitur
2722 4193 2820 4250 per
2843 4180 3085 4250 angelos,
3117 4194 3150 4238 o
3176 4181 3552 4249 Colossenses,

1973 4273 2156 4330 dicitis
2197 4287 2293 4328 vos
2325 4271 2705 4328 reconciliari?
2745 4270 2976 4327 Tantum
3008 4274 3152 4327 enim
3202 4276 3356 4330 abest
3388 4284 3446 4330 ut
3476 4276 3553 4330 iiii

1975 4382 2072 4422 nos
2110 4366 2548 4433 Areconciliarint,
2597 4371 2659 4420 ut
2701 4373 2756 4419 et
2802 4364 3006 4418 inimici
3037 4365 3192 4420 nobis
3223 4364 3424 4421 fuerint
3453 4384 3468 4423 :
3497 4377 3553 4421 et

1975 4458 2077 4513 nisi
2125 4458 2218 4514 ille
2270 4471 2368 4513 nos
2406 4455 2514 4512 illis
2558 4454 2987 4519 reconciliasset,
3029 4470 3137 4511 non
3176 4455 3553 4515 habuissemus

299 4550 498 4617 ὲκεῖιος
538 4556 686 4625 ἡμᾶς
731 4555 915 4619 αὐτοῖς
953 4553 1309 4626 κατήλλαξεν,
1364 4555 1464 4608 οὐκ
1507 4553 1574 4609 ἂν
1616 4552 1942 4666 είρηνεύ-λυ
1972 4566 2182 4624 pacem.

302 4660 491 4703 σαμεν.

358 4664 365 4698 ι
414 4665 491 4703 εν.

358 4663 464 4794 Σοί
498 4742 653 4812 ὑμᾶς
687 4755 830 4796 ποτε
876 4741 1059 4807 ὄντας
1110 4736 1720 4807 ἀπηλλοτριωμένους
1764 4734 1867 4792 καί

301 4828 544 4899 ἐχθροὺς
564 4832 637 4902 τῇ
663 4832 920 4900 διανοίᾳ,
947 4832 1015 4887 ὲν
1041 4831 1159 4898 τοῖς
1187 4830 1385 4900 ἔργοις
1404 4828 1526 4895 τοῖς
1558 4827 1865 4897 πονηροῖς.

2006 4785 2014 4789 .
2045 4732 2210 4789 Vens.
2240 4729 2332 4785 2i.
2367 4729 2432 4783 Et
2477 4743 2565 4783 vos
2607 4743 2725 4781 cum
2754 4727 2938 4783 essetis
2984 4726 3273 4799 aliquando
3308 4727 3548 4792 alienati,

1974 4837 2020 4881 et
2048 4824 2250 4879 inimici
2280 4838 2458 4888 sensu,
2489 4821 2543 4876 in
2567 4819 2809 4889 operibus
2844 4820 3022 4875 malis.
3053 4820 3225 4890 Supra
3259 4819 3413 4889 dixit,
3451 4835 3550 4875 nos

304 4917 464 4977 Εἶπεν
498 4928 776 4997 ἀνωτέρω,
808 4927 891 4979 ὅτι
937 4925 1043 4978 ὑπὸ
1073 4924 1171 4995 τὴν
1218 4922 1465 4988 ἐξουσίαν
1512 4920 1606 4974 τοῦ
1644 4920 1866 4984 σκότους

1974 4917 2073 4972 sub
2112 4922 2377 4987 potestate
2407 4913 2749 4969 tenebrarum
2785 4912 2953 4969 fuisse
2987 4928 3169 4968 :nunc
3197 4912 3372 4983 pergit
3400 4910 3549 4965 aﬂir-

302 5006 458 5087 ἦμεν·
505 5020 600 5073 νῦν
623 5009 807 5086 λέγει,
860 5017 942 5071 ὅτι
981 5016 1167 5087 ἐχθροὶ
1191 5010 1334 5086 ἦμεν
1355 5016 1422 5084 τῇ
1465 5012 1692 5085 διανοίᾳ,
1717 5012 1778 5065 οὐ
1809 5009 1866 5063 τὸ

1975 5020 2143 5070 mare,
2178 5004 2320 5074 quod
2356 5012 2536 5058 mente
2583 5016 2648 5056 ac
2675 5016 2836 5058 sensu
2882 5002 3068 5057 hostes
3110 4999 3393 5067 fuerimus,
3440 5015 3547 5054 non

303 5086 429 5160 αὐτο
463 5107 658 5178 λέγων,
692 5109 808 5162 ἀλλ’
848 5108 938 5162 ἶνα
991 5086 1066 5178 μὴ
1113 5107 1299 5160 ἐκεῖνα
1336 5105 1602 5169 ἀκούσας,
1638 5104 1866 5174 νομίσῃς

1975 5098 2115 5153 idem
2147 5096 2355 5163 dicens,
2385 5108 2595 5161 verum,
2630 5109 2698 5148 ne
2735 5092 2823 5148 illa
2855 5093 3105 5157 audiens,
3145 5090 3420 5146 existimes
3455 5108 3551 5146 ne-

303 5198 537 5272 ἀνάγκην
582 5198 743 5261 εἶναι,
800 5202 998 5270 ἐπάγει
1052 5198 1247 5265 ταῦτα,
1299 5198 1387 5251 ίνα
1442 5196 1592 5269 δείξῃ
1636 5196 1718 5249 ὅτι
1769 5194 1865 5247 καὶ

1974 5190 2286 5246 cessitatem
2318 5203 2457 5255 esse,
2509 5187 2672 5242 infert
2699 5187 2834 5251 hac,
2866 5193 2926 5238 ut
2954 5184 3201 5239 ostendat
3231 5184 3374 5253 quod
3409 5184 3549 5238 initi-

305 5295 544 5363 ἀναξίως
585 5298 744 5359 ὄντας
791 5296 1138 5365 καταλλαγῆς
1207 5293 1458 5363 ἠξίωσεν.
1504 5292 1562 5345 ’0
1608 5290 1709 5359 μὲν
1755 5290 1864 5358 γάρ

1975 5297 2110 5353 gnos
2142 5282 2307 5338 etiam
2341 5278 2781 5336 reconciliatione
2816 5276 3066 5347 dignatus
3113 5274 3205 5330 sit.
3250 5273 3351 5342 Qui
3401 5276 3546 5329 enim

308 5387 514 5464 ἀνάγκῃ
550 5391 735 5455 κακῶς
780 5391 1024 5460 πάσχων,
1061 5386 1327 5440 ἐλεεῖσθαι
1359 5385 1528 5449 ἀξιος·
1556 5385 1584 5436 6
1615 5382 1672 5435 δὲ
1700 5378 1863 5443 ἑκὼν,

1978 5374 2283 5430 necessario
2317 5371 2660 5427 aﬂlictionem
2688 5366 3014 5438 Lmalumqne
3058 5366 3306 5430 sustinet,
3358 5365 3550 5436 dignm

310 5481 596 5546 μισεῖσθαι.
639 5484 816 5552 Ἥμάς
868 5475 983 5547 οὖν,
1032 5480 1218 5549 φησὶν,
1285 5477 1386 5530 οὐκ
1446 5474 1700 5540 ἄκοντας,
1756 5472 1866 5525 οὐδ’

1977 5478 2060 5524 est
2112 5465 2512 5521 miseratione:
2560 5461 2654 5532 qui
2703 5473 2833 5517 vero
2879 5466 3069 5530 suapte
3101 5466 3315 5528 sponte,
3362 5459 3545 5514 odium

374 5622 396 5661 ²ι
423 5624 458 5676 ll
494 5624 771 5691 Πανδίων
826 5621 909 5675 l7.
1029 5617 1045 5657 ι
1094 5617 1230 5674 Gen.
1261 5632 1375 5681 nx,
1434 5614 1522 5669 15.

1657 5707 1859 5769 Variae
1906 5703 2239 5767 lectiones.

376 5815 420 5846 ”
457 5800 735 5873 ἀπεόίδοτο
757 5834 810 5871 ο.
885 5818 933 5851 ’⁸
969 5816 1091 5878 δούς
1136 5824 1197 5869 o.‘
1265 5813 1311 5844 "
1361 5813 1560 5884 μᾶλλον
1599 5810 1784 5881 δειχθῇ
1853 5823 1866 5861 t

1984 5806 2030 5838 ⁹²
2073 5805 2216 5875 ὑμᾶς
2250 5818 2303 5863 o.

620 5917 887 5977 ΡΑτιιοι..
934 5916 1052 5973 (in.
1083 5910 1350 5974 CXXIV.
3119 5893 3193 5952 39
