3994 6572
476 332 495 395 l
509 335 612 404 227

1394 334 1969 396 THEOPHYLACTI
2012 334 2426 398 BULGARI/E
2478 338 2833 405 ARCHIEP.

3576 350 3705 418 1298

473 465 732 508 meretur.
785 450 894 508 Nos
929 450 1113 525 igitur,
1181 450 1375 522 inquit,
1441 468 1545 507 non
1603 452 1824 521 invitos,
1886 469 2035 525 nequ:

2139 454 2668 526 ἀναγκαζομένους,
2701 460 2821 513 ἀλλ’
2859 459 3084 527 ἑκόντας
3120 462 3215 519 καὶ
3255 463 3569 533 ἐθελουσίως
3592 471 3708 525 sm.

468 554 705 614 coactos,
743 543 835 600 sed
869 542 1225 610 voluntarios,
1261 544 1503 616 adeoque
1532 556 1724 616 Sponte
1754 546 1821 599 ab
1867 559 1933 600 co
1970 562 2051 601 re-

470 639 739 704 silicntes,
761 654 823 693 ac
843 653 1065 707 prorsus
1091 635 1359 708 indignos,
1383 638 1770 693 reconciliavit.
1799 635 1925 692 llaec
1958 652 2053 690 au-

469 741 576 788 tem
596 732 745 795 dicit,
770 732 895 802 quia
931 729 1233 786 cmlesdum
1257 730 1595 796 meminerat,
1625 731 1875 796 innitens,
1907 728 2049 800 quod

468 826 649 879 omnis
691 823 997 888 inimicitia,
1023 839 1126 878 non
1163 837 1231 878 ex
1267 823 1535 890 supernis,
1574 838 1758 878 verum
1792 838 1859 876 ex
1897 822 2052 876 nobis

468 918 719 973 habuerit
746 919 1026 972 exordiqu
1050 935 1063 972 :
1092 916 1360 987 siquidem
1383 912 1554 990 474
1572 918 1748 987 angeli
1778 917 2046 1000 volebant,

467 1021 521 1065 ct
552 1011 713 1075 Deus,
749 1025 843 1067 vos
889 1020 1069 1066 autem
1123 1011 1388 1066 noluistis.
1440 1012 1728 1081 Propterea
1765 1025 1873 1065 non
1913 1010 2049 1063 dixit

466 1104 715 1159 inimicos
742 1103 1083 1175 simpliciter,
1114 1106 1233 1171 sed,
1266 1104 1631 1171 Abalienatos,
1664 1104 1766 1158 hoc
1803 1111 1905 1168 est,
1940 1117 2046 1157 nou

465 1205 847 1270 exspectantes
897 1198 1153 1253 reditum.
1207 1195 1417 1252 Inimici
1462 1196 1605 1253 enim
1653 1195 1821 1252 cratis
1857 1210 2043 1259 sensu,

466 1294 579 1348 sive
603 1301 802 1355 mente,
838 1291 940 1345 hoc
988 1300 1071 1344 est
1114 1290 1390 1345 voluntate
1425 1306 1488 1345 ac
1517 1291 1792 1360 proposito
1821 1308 1834 1344 :
1870 1305 2046 1358 neque

466 1398 744 1452 truncusque
777 1381 1147 1438 tantummodo
1182 1381 1381 1437 malmn
1416 1382 1829 1448 extendebalur,
1855 1397 2044 1438 verum

461 1490 515 1531 et
545 1479 595 1532 in
619 1476 873 1548 operibus
896 1475 1074 1540 malis,
1105 1477 1207 1530 hoc
1227 1486 1332 1538 cst,
1359 1486 1411 1529 et
1431 1476 1614 1530 hostes
1636 1474 1824 1539 eratis,
1845 1482 1899 1529 et
1924 1489 2044 1543 qua:

465 1567 697 1621 hostium
727 1574 881 1620 erant
907 1566 1166 1637 agebatis.
1196 1564 1295 1620 Per
1325 1560 1436 1620 hare
1469 1576 1649 1622 autem
1676 1565 1857 1619 omnia
1897 1565 2043 1619 indi-

463 1666 571 1720 cat,
616 1659 762 1726 quod
798 1656 974 1726 angeli
1025 1674 1129 1710 non
1176 1656 1454 1726 potuerint
1502 1672 1677 1726 neque
1714 1659 2040 1726 persuadere

463 1749 639 1815 nobis,
678 1763 853 1819 neque
886 1750 1117 1803 liberare
1147 1766 1175 1803 ιι
1213 1748 1461 1815 diabolo,
1498 1749 1694 1819 quippe
1723 1749 1814 1819 qui
1850 1757 1902 1804 et
1938 1749 2036 1818 ipsi

460 1841 664 1897 inimici
696 1842 850 1897 nobis
877 1848 1081 1905 essent,
1113 1848 1168 1895 et
1202 1842 1438 1895 nondum
1470 1842 1517 1896 is
1542 1840 1740 1912 ligatus
1764 1850 1913 1896 esset
1948 1842 2034 1909 qui

463 1950 562 1990 nos
591 1935 884 1990 detinebat.
914 1932 1168 1990 Christus
1214 1942 1394 1988 autem
1438 1943 1492 1990 et
1521 1932 1716 1990 fortem
1744 1934 1949 2005 ligavit,
1984 1943 2039 1988 ct

461 2026 617 2080 nobis
655 2025 723 2079 ab
753 2040 818 2079 eo
848 2024 1079 2080 deiicere
1109 2024 1396 2094 persuasit.

535 2116 702 2172 Vens.
758 2114 849 2172 22.
890 2111 1049 2170 Nunc
1101 2127 1275 2170 autem
1327 2114 1680 2170 reconciliavit
1723 2116 1777 2169 in
1825 2130 2038 2183 corpore

459 2212 634 2265 carnis
664 2226 774 2266 sua:
797 2226 890 2280 per
922 2218 1160 2264 mortem.
1196 2206 1405 2263 Rursus
1439 2208 1892 2262 reconciliationis
1925 2223 2040 2260 mo-

459 2304 585 2355 dum
615 2301 784 2370 ponit,
817 2314 1009 2371 nempe
1039 2303 1181 2370 quod
1209 2300 1263 2356 in
1294 2316 1540 2369 corpore.
1600 2301 1917 2368 Quomodo?
1944 2301 2038 2354 Πά-

458 2393 640 2464 grisne
663 2402 873 2448 tantum
897 2407 1093 2459 caesus,
1124 2394 1205 2448 vel
1228 2394 1475 2460 colaphis
1496 2393 1851 2449 verberatus?
1876 2391 1989 2446 Non
2019 2410 2033 2451 ;

458 2501 646 2546 verum
675 2486 839 2541 etiam
875 2485 1184 2553 turpissima
1220 2486 1383 2541 simul
1415 2495 1589 2541 morte
1623 2486 1877 2541 moriens.

532 2596 597 2652 Ut
633 2597 894 2654 exhiberet
923 2614 1010 2653 vos
1038 2606 1248 2652 sanctos
1291 2609 1339 2652 et
1386 2599 1778 2665 immaculatos,
1808 2609 1856 2655 et
1902 2601 2039 2654 irre-

455 2691 827 2760 preltemibiles
876 2707 1058 2747 coram
1106 2693 1240 2761 ipso.
1279 2692 1490 2749 Rursus
1531 2693 1678 2748 aliud
1716 2694 2037 2749 beneﬁcium

456 2788 625 2856 ponit,
655 2795 711 2840 et
742 2786 886 2856 quod
915 2801 1077 2856 supra
1106 2789 1406 2852 recensuit,
1438 2802 1562 2841 eum
1585 2788 1819 2843 diceret:
1858 2787 1926 2842 Ei
1949 2789 2040 2857 qui

455 2897 550 2936 nos
592 2880 906 2950 suﬁcientes
972 2880 1218 2947 reddidit,
1266 2882 1407 2935 idem
1450 2889 1508 2936 et
1550 2895 1695 2935 nunc
1743 2882 1892 2936 dicit.
1922 2882 2039 2939 Non

453 2972 598 3027 enim
631 2986 731 3026 nos
754 2970 1005 3028 liberavit
1037 2977 1267 3039 tantum,
1296 2973 1489 3042 inquit,
1513 2989 1543 3027 a
1566 2975 1823 3041 peccatis,
1854 2988 2039 3033 verum

453 3063 616 3118 etiam
657 3063 1145 3118 sanctiticatioaem
1181 3064 1335 3119 nobis
1368 3065 1651 3135 impertiit,
1700 3082 1802 3121 non
1848 3067 2036 3135 vulg‘ao

2157 548 2441 619 πηδῶντας
2477 551 2667 620 αὐτοῦ,
2703 554 2797 608 καὶ
2831 555 2966 619 ὅλως
2998 555 3251 622 ἀναξίους
3287 557 3466 624 δντας,
3487 561 3708 615 ἀποκατ-

2154 640 2370 711 ήλλαξε.
2416 644 2581 713 Λέγει
2608 646 2665 699 δὲ
2698 648 2874 702 ταῦτα
2901 687 2918 710 ,
2952 649 3140 720 ἐπειδὴ
3194 650 3303 702 τῶν
3338 651 3393 702 ἐν
3421 654 3525 714 τοῖς
3565 656 3707 723 οὐρα-

2153 736 2265 798 νοῖς
2299 736 2568 809 ἐμνήσθη,
2597 739 2815 804 δεικνὺς
2841 743 2925 794 ὅτι
2952 742 2984 810 ἡ
3016 741 3185 813 ἔχθρα
3220 744 3372 796 πᾶσα
3406 745 3505 797 οὐκ
3532 745 3591 800 ἐκ
3616 747 3710 800 τῶν

2152 828 2287 893 ἄνω,
2320 829 2436 882 ἀλλ’
2461 830 2523 896 ἐξ
2560 832 2716 903 ἡμῶν
2744 832 2858 904 ἔχει
2898 835 2943 866 ³³
2981 835 3081 905 τὴν
3111 836 3309 906 ἀρχήν.
3369 832 3593 889 Ἐκεῖνοι
3623 839 3710 908 μὲν

2150 921 2259 992 γὰρ
2284 922 2597 992 ἠϐούλοντο,
2634 925 2729 978 καὶ
2757 929 2785 978 ὁ
2811 926 2965 990 Θεός·
3000 926 3158 996 ὑμεῖς
3190 928 3247 981 δὲ
3271 928 3372 982 οὐκ
3403 927 3705 999 ἠθελήσατε.

2149 1012 2241 1065 Διὸ
2270 1014 2371 1068 οὐκ
2398 1009 2579 1081 εἷπεν,
2623 1015 3063 1087 Ἐχθραενοντας,
3093 1019 3304 1087 ἁπλῶς,
3339 1021 3454 1074 ἀλλ’
3519 1024 3691 1091 Ἀπηλ

2148 1104 2608 1174 λοτριωμένους,
2638 1110 2916 1175 τουτέστι,
2947 1110 3083 1181 μηδὲ
3126 1112 3597 1183 προσδοκωμένους
3635 1118 3708 1169 ἐπ-

2147 1196 2414 1255 ανελθεῖν.
2454 1199 2670 1272 Ἐχθροὶ
2695 1203 2800 1276 γὰρ
2825 1198 2921 1276 ἦτε
2944 1202 2992 1236 ³⁸
3033 1206 3101 1276 τῇ
3127 1204 3359 1277 διανοίᾳ,
3390 1208 3620 1260 τουτέστι
3652 1213 3709 1282 τῇ

2147 1293 2490 1364 προαιρέσει.
2518 1295 2629 1349 Καὶ
2653 1296 2715 1350 οὐ
2742 1296 2906 1367 μέχρι
2940 1297 3132 1351 τούτου
3161 1299 3225 1351 τὸ
3251 1298 3448 1364 δεινὸν,
3478 1300 3605 1354 ἀλλὰ
3631 1307 3710 1355 καὶ

2145 1388 2204 1441 ὲν
2246 1391 2356 1453 τοῖς
2396 1388 2578 1459 ἔργοις
2622 1392 2736 1453 τοῖς
2790 1393 3071 1462 πονηροῖς,
3109 1392 3386 1455 τουτέστι,
3420 1393 3515 1446 καὶ
3541 1394 3707 1465 ἐχθροὶ

2144 1475 2264 1550 ἦτε,
2288 1481 2478 1534 καὶτὰ
2523 1482 2630 1535 τῶν
2676 1482 2888 1555 ἐχθρῶν
2914 1484 2959 1516 ⁸⁸
3021 1484 3343 1555 ἑπράσσετε.
3394 1485 3494 1540 Διὰ
3528 1487 3709 1541 τούτων

2143 1572 2199 1626 δὲ
2225 1573 2445 1628 πάντων
2468 1573 2765 1641 δείκνυσιν,
2794 1575 2878 1628 ὅτι
2900 1574 3003 1629 οὐκ
3031 1574 3263 1645 ἴσχυσαν
3287 1577 3337 1627 oi
3362 1575 3577 1644 ἄγγελοι
3604 1576 3710 1629 οὔτε

2144 1667 2331 1719 πεῖσαι
2392 1667 2564 1736 ἡμᾶς,
2627 1665 2755 1721 οὔτε
2808 1667 3120 1735 ἀπαλλάξαι
3172 1668 3266 1722 τοῦ
3317 1668 3584 1730 διαϐόλου,
3627 1668 3709 1723 ὅτε

2143 1758 2329 1829 ἐχθροὶ
2354 1758 2532 1822 ὅντες,
2573 1759 2669 1811 καὶ
2690 1757 2788 1812 τοῦ
2830 1759 3150 1829 κατέχοντος
3176 1759 3323 1829 ἡμᾶς
3360 1761 3527 1830 μήπω
3552 1760 3711 1813 δεθένο

2142 1867 2251 1912 τος.
2289 1850 2347 1902 ὐ
2373 1849 2429 1902 δὲ
2452 1849 2685 1921 Χριστὸς
2706 1851 2800 1903 καὶ
2822 1850 2980 1919 ἔδησε
3007 1850 3097 1903 τὸν
3122 1851 3369 1920 ἰσχυρὸν,
3398 1851 3492 1904 καὶ
3517 1851 3708 1905 ἔπεισεν

2142 1944 2287 2013 ἡμᾶς
2312 1943 2481 1997 αὐτοῦ
2510 1944 2837 2015 ἀποστῆναι.

2221 2120 2373 2174 Νυνὶ
2416 2119 2486 2173 δὲ
2529 2120 3046 2187 ἀποκατήλλαξεν
3094 2121 3165 2174 ἐν
3215 2119 3296 2187 τῷ
3346 2120 3570 2191 σώματι
3614 2120 3707 2185 τῆς

2141 2211 2370 2276 σαρκὸς
2400 2211 2588 2267 αὐτοῦ
2615 2212 2714 2266 διὰ
2751 2212 2860 2268 τοῦ
2886 2213 3172 2268 θανάτου.
3198 2213 3373 2267 Πάλιν
3406 2213 3499 2266 τὸν
3530 2213 3708 2282 τρίῖττον

2142 2302 2240 2374 τῆς
2252 2304 2615 2375 καταλλαγῆς
2636 2304 2873 2376 τίθησιν,
2897 2308 2978 2359 ὃτι
3002 2306 3094 2358 καὶ
3114 2307 3173 2358 ὲν
3193 2305 3274 2376 τῷ
3300 2305 3537 2371 σώματι.
3571 2304 3707 2368 Πῶς,

2143 2393 2251 2466 ἆρα
2297 2397 2669 2467 μαστιγωθεὶς
2714 2398 2897 2468 μόνον,
2943 2399 2976 2470 ἢ
3013 2396 3341 2469 ραπισθείςς
3389 2397 3543 2466 Οὐχί·
3588 2397 3707 2450 ἀλλὰ

2143 2489 2239 2540 καὶ
2272 2485 2562 2539 ἀποθανὼν
2589 2486 2666 2558 τῷ
2698 2487 2961 2558 αἰσχίστῳ
2992 2486 3230 2559 θανάτῳ.

2212 2601 2604 2673 [lupae-(ﬁdat
2628 2601 2782 2672 ὑμᾶς
2803 2602 3017 2673 ἁγίους
3046 2602 3146 2656 καὶ
3174 2602 3536 2673 ἆιιωμήτους
3554 2604 3597 2635 ’⁸
3620 2603 3702 2655 καὶ

2141 2693 2562 2764 ἀνεγκλήτους
2617 2693 2992 2750 κατενώπιον
3041 2694 3251 2750 αὑτοῦ.
3302 2696 3481 2749 Πάλιν
3533 2694 3707 2766 ἑτέραν

2143 2788 2466 2859 εὐεργεσίαν
2504 2788 2744 2859 τίθησιν,
2784 2789 2927 2861 ὅπερ
2968 2791 3067 2843 καλ⁵
3120 2789 3386 2860 ἀνωτέρω
3430 2784 3548 2843 εἶπε
3580 2830 3595 2855 ,
3634 2787 3705 2850 Τῷ

2142 2880 2505 2934 ἱκανώσαντι
2554 2880 2743 2950 ὑμᾶς,
2790 2879 2952 2935 τοῦτο
2992 2882 3087 2934 καὶ
3125 2880 3225 2934 νῦν
3272 2879 3475 2947 λέγων.
3500 2880 3573 2932 Οὐ
3611 2879 3706 2947 γὰρ

2140 2972 2441 3043 ἀπήλλαξε,
2458 2975 2614 3044 φησὶ,
2640 2974 2801 3044 μόνον
2818 2973 3255 3045 ἁμαρτημάτων,
3283 2973 3426 3027 ἀλλὰ
3453 2974 3544 3026 καὶ
3567 2973 3706 3040 ἀγιωο

2143 3062 2309 3134 σύνην
2337 3064 2651 3136 ἐχαρίσατο,
2681 3065 2742 3117 σὺ
2763 3064 2863 3136 τὴν
2883 3064 3177 3135 τυχοῦσαν,
3206 3062 3347 3117 ἀλλὰ
3375 3048 3477 3135 τὴν
3500 3063 3709 3116 ἐνώπιον

456 3169 595 3222 rem,
622 3154 717 3210 sed
757 3169 940 3210 coram
967 3155 1085 3225 ipso
1112 3156 1409 3222 valentem,
1436 3162 1497 3211 et‘
1521 3157 1949 3223 imtnaculatam,
1980 3168 2034 3213 et

2139 3153 2326 3216 αὐτοῦ.
2352 3156 2449 3208 καὶ
2492 3153 2553 3208 τδ
2594 3154 2827 3225 ἄμωμον
2883 3156 2982 3208 καὶ
3020 3155 3381 3225 ἀνέγκλητον,
3428 3155 3564 3209 ὥστε
3589 3153 3706 3225 μηδι

454 3243 1012 3313 irreprehensibilem,
1041 3244 1112 3299 ita
1143 3253 1197 3299 ut
1225 3260 1255 3298 a
1289 3245 1446 3301 nobis
1484 3259 1553 3301 ne
1580 3247 1780 3301 minina
1814 3248 2029 3316 quidem

452 3336 876 3406 reprehensione
900 3336 1118 3407 dignum
1145 3336 1399 3407 quiddam
1435 3339 1782 3407 transigatur.

525 3425 690 3484 Vsus.
718 3427 813 3484 25.
851 3426 910 3483 Si
956 3438 1132 3483 tamen
1168 3430 1484 3498 permanetis
1518 3430 1572 3483 in
1605 3430 1730 3497 ﬁde.
1765 3430 1901 3496 Quia
1947 3440 2031 3485 to-

454 3530 566 3572 tmn
598 3518 732 3573 Filio
753 3519 1026 3584 attribuit,
1058 3530 1116 3574 ut
1144 3520 1236 3589 qui
1274 3520 1390 3575 haec
1418 3537 1515 3575 sua
1546 3535 1721 3576 morte
1750 3533 2032 3593 transege-

453 3615 544 3678 rit,
574 3606 847 3667 ne'dicant
878 3628 893 3667 :
926 3611 982 3666 In
1012 3622 1286 3683 posterum
1318 3629 1426 3668 non
1455 3624 1540 3669 est
1581 3629 1716 3685 Opus
1757 3615 2031 3671 laboribus

452 3706 649 3761 nostris
670 3724 683 3761 :
701 3707 801 3773 ait,
822 3705 1114 3762 Necessum
1136 3720 1238 3773 est,
1267 3708 1320 3763 in
1339 3710 1443 3765 ﬁde
1460 3724 1826 3780 perseverare.
1852 3712 2031 3778 Quare

451 3816 558 3854 non
586 3815 783 3871 segnes
820 3801 970 3866 sitis,
1001 3812 1176 3871 neque
1204 3801 1548 3856 relabatnini.

524 3912 765 3969 Fttndati
795 3924 842 3969 et
884 3914 1100 3969 stabiles
1128 3923 1176 3970 et
1220 3915 1513 3971 immobiles
1542 3934 1574 3971 a
1606 3933 1694 3988 spe
1728 3914 2022 3990 Evangelii.

2145 3246 2309 3315 μέχρι
2338 3244 2501 3315 ψιλῆς
2525 3244 2927 3316 καταγνώσεως
2952 3246 3269 3316 πραχθῆναί
3295 3262 3346 3301 τι
3387 3249 3543 3317 ἡμῖν.

2210 3423 2284 3478 Ei’
2317 3440 2385 3492 γε
2416 3423 2729 3493 ἐπιμένετε
2767 3420 2843 3491 τῇ
2871 3422 3092 3478 πίστει.
3128 3421 3352 3493 Ἐπειδὴ
3393 3422 3456 3476 τὸ
3482 3424 3598 3477 ὅλον
3623 3421 3704 3477 τοῦ

2143 3517 2272 3571 Υἱοῦ
2300 3517 2570 3583 τέθεικεν,
2598 3518 2675 3580 ὡς
2705 3516 3157 3589 κατορθώσαντος
3179 3515 3355 3571 ταῦτα
3389 3515 3467 3586 τῷ
3491 3516 3705 3584 θανάτῳ,

2138 3612 2225 3665 ἵνα
2252 3612 2328 3683 μὴ
2349 3612 2600 3677 εἴπωσιν,
2620 3611 2922 3666 ὃτιΛοιπδν
2948 3610 3010 3664 οὐ
3033 3610 3191 3683 χρεία
3213 3610 3395 3663 πόνων
3422 3610 3705 3681 ἡμετέρων,

2137 3707 2323 3774 φησὶν,
2360 3705 2444 3759 ὃτι
2470 3704 2644 3775 Χρεία
2681 3703 2776 3758 τοῦ
2808 3705 3084 3774 ἐπιμεῖναι
3118 3704 3185 3774 τῇ
3216 3701 3424 3757 πίστει.
3460 3702 3614 3755 Ὥστε
3639 3703 3702 3770 μὴ

2014 3806 2027 3813 ’
2136 3797 2517 3870 ῥᾳθυμήσητε.
2549 3798 2687 3869 μηδὲ
2725 3797 3063 3868 ἀναπέσητε.

2212 3909 2700 3981 Τεθεμελιωμένοι
2732 3909 2827 3963 καὶ
2864 3907 3111 3978 ἑδραῖοι,
3140 3907 3236 3961 καὶ
3260 3906 3348 3978 μὴ
3371 3904 3704 3977 μετακινού-

447 4004 585 4072 Quia
630 4005 826 4074 aliquis
865 4016 1186 4075 permanere
1222 4015 1429 4075 potest,
1478 4012 1533 4059 et
1578 4006 1798 4061 interim
1846 4014 2023 4061 tamen

2139 4020 2298 4072 μενοι
2329 4003 2450 4059 ἀπὸ
2487 4002 2599 4072 τῆς
2621 4002 2871 4068 ἐλπίδος
2912 4002 3020 4056 τοῦ
3063 4000 3462 4071 Εὐαγγελίου.
3505 3998 3700 4066 Ἐπειδὴ

448 4096 695 4161 concuti,
746 4096 935 4161 infert,
986 4093 1224 4150 Fundati
1269 4105 1317 4153 et
1362 4097 1596 4161 stabiles,
1641 4099 1741 4154 hoc
1771 4108 1873 4165 est,
1917 4113 2022 4154 non

449 4188 701 4244 concussi
733 4206 747 4244 :
787 4203 887 4242 nec
922 4188 1022 4242 hoc
1057 4187 1253 4254 solum,
1286 4190 1379 4244 sed
1426 4199 1490 4243 ne
1523 4191 1740 4259 permoti
1780 4192 2020 4260 quidem.

446 4280 614 4348 Nihil,
643 4279 839 4352 inquit,
868 4296 1032 4353 grave
1054 4295 1086 4334 a
1121 4281 1273 4336 vobis
1302 4281 1533 4352 postulo,
1571 4282 1665 4337 sed
1694 4294 1761 4337 ne
1784 4284 2021 4339 transie-

2131 4094 2280 4147 ἐστιν
2306 4091 2588 4163 ἐπιμένειν
2614 4091 2733 4161 μὲν,
2781 4090 3143 4163 σαλευόμενον
3188 4092 3266 4156 δὲ,
3300 4091 3587 4161 ἐπιφέρει·
3612 4088 3697 4138 Ta-

2130 4179 2550 4253 θεμελιωμένοι
2577 4180 2675 4235 καὶ
2709 4179 2953 4248 ἑδραῖον
2992 4181 3261 4244 τουτέστι,
3305 4183 3383 4251 μὴ
3424 4177 3699 4248 σαλευόμε-

2129 4293 2232 4329 νερι·
2259 4274 2353 4329 καὶ
2374 4274 2437 4327 οὗ
2474 4274 2636 4344 μόνον
2672 4272 2852 4338 τοῦτο,
2879 4272 3017 4327 ἀλλὰ
3060 4272 3158 4327 καὶ
3190 4273 3326 4345 μηδὲ
3357 4270 3698 4342 μετακινού-

450 4374 642 4429 ramini
668 4390 696 4429 a
729 4374 945 4430 Christo
979 4391 995 4428 :
1027 4375 1117 4429 ille
1149 4375 1293 4429 enim
1340 4380 1423 4431 est
1472 4389 1596 4447 spes
1625 4374 1920 4447 Evangelii,
1967 4386 2021 4432 et

2139 4383 2314 4430 μενοι.
2360 4366 2529 4421 υύδὲν
2558 4358 2814 4437 φορτικὸν
2857 4366 3025 4436 ὑμᾶς,
3075 4367 3264 4437 φησὶν,
3304 4363 3546 4429 ἀπαιτῶ,
3578 4362 3698 4416 ἀλλὰ

446 4476 709 4537 quotquot
741 4466 1139 4536 amplectuntur
1174 4467 1542 4539 Evangelium,
1596 4467 1649 4522 in
1691 4470 1862 4538 ipsum
1896 4483 2018 4540 spc-

2139 4464 2188 4517 τὺ
2219 4463 2297 4532 μὴ
2330 4461 2760 4534 μετακινηθῆναι
2795 4462 2903 4516 ἀπὸ
2942 4461 3207 4531 Χριστοῦ.
3236 4455 3403 4522 Οὖτο,
3430 4461 3540 4529 γὰρ
3565 4460 3697 4564 ἐστιν

448 4573 570 4614 rare
597 4558 822 4625 debent,
867 4573 963 4613 ceu
1006 4574 1126 4613 eum
1160 4559 1250 4629 qui
1290 4574 1480 4630 pacem
1535 4559 1740 4616 fecerit.
1792 4559 2023 4617 Proinde

2139 4554 2161 4623 ἡ
2195 4553 2351 4617 ἐλπὶς
2371 4551 2466 4606 τοῦ
2493 4551 2852 4620 Εὑαγγελίου,
2885 4551 2980 4603 καὶ
2999 4550 3200 4612 πάντες
3222 4551 3271 4602 οἱ
3296 4548 3357 4602 τὸ
3380 4543 3696 4614 Εὑαγγέλιον

445 4648 539 4720 qui
573 4649 778 4720 angelis
813 4666 998 4720 pacem
1037 4652 1281 4718 ascribit,
1339 4667 1367 4705 a
1415 4651 1635 4708 Christo
1672 4662 1758 4709 est
1789 4662 2021 4709 amotus.

445 4743 505 4798 In
545 4742 741 4798 virtute
769 4743 985 4812 quidem
1030 4744 1143 4797 ﬁeri
1174 4757 1281 4797 non
1313 4750 1492 4814 potest
1534 4754 1595 4799 ut
1623 4759 1729 4800 non
1776 4758 2021 4802 commo-

446 4845 655 4902 veatur,
690 4835 879 4891 saltem
915 4834 1304 4907 aliquantulum
1336 4856 1349 4893 :
1383 4838 1437 4892 in
1473 4835 1576 4893 dde
1610 4846 1815 4905 autem,
1847 4840 2021 4909 possi-

444 4927 551 4985 bile
578 4938 688 4985 est.
718 4928 905 5001 Itaque
936 4930 1076 4984 nihil
1101 4937 1264 5000 grave
1296 4930 1558 5000 postulat.

519 5218 672 5284 Quod
703 5219 1003 5284 audivistis,
1034 5218 1172 5288 quod
1205 5218 1555 5287 prwdiratum
1584 5230 1658 5273 est
1700 5221 1752 5273 iu
1784 5222 2024 5274 universa

444 5322 687 5361 creatura
721 5323 836 5377 qua:
871 5309 966 5361 sub
999 5307 1127 5362 (mlo
1164 5317 1262 5363 est.
1296 5307 1643 5365 Colosscuscs
1674 5312 1878 5379 primos
1901 5327 2024 5381 pro-

446 5396 548 5452 fert
580 5406 766 5465 testes,
800 5398 990 5452 deinde
1022 5399 1328 5453 universum
1361 5408 1628 5455 terrarum
1658 5404 1866 5457 orbem.
1914 5401 2025 5459 Nec

446 5486 603 5553 dixit,
644 5488 796 5554 Quod
828 5489 991 5560 praedi
1029 5500 1171 5556 atur,
1217 5490 1310 5546 sed
1355 5488 1507 5556 Quod
1545 5494 1891 5560 praedicatum
1924 5504 2022 5563 est,

2127 4633 2586 4718 ⁶ιὲαραδεχόμενοι,
2626 4644 2712 4698 ἐπ’
2770 4644 2934 4697 αὑτὸν
2980 4643 3287 4710 ὀφείλουσιν
3329 4639 3592 4704 ἐλπίζειν,
3629 4636 3695 4688 ὡς

2131 4741 2629 4812 εἰρηνοποιήσαντα
2656 4739 2725 4793 ³⁷.
2780 4739 2946 4792 Ὥστε
2982 4739 3011 4791 ὁ
3050 4736 3306 4805 ἀγγέλοις
3346 4735 3446 4806 τὴν
3490 4732 3694 4803 εἰρήνην

2124 4831 2450 4902 ἐπιγράφων
2476 4872 2491 4895 ,
2524 4830 2952 4901 μετακεκίνηται
2994 4827 3104 4882 ἀπὸ
3140 4826 3234 4880 τοῦ
3284 4822 3548 4897 Χριστοῦ.
3584 4820 3695 4874 Ἐπὶ

2128 4926 2227 4995 μὲν
2273 4920 2366 4975 οὖν
2412 4924 2510 4991 τῆς
2552 4919 2757 4992 ἀρετῆς
2813 4921 2914 4973 οὐκ
2958 4918 3039 4972 ένι
3091 4919 3166 4990 μὴ
3211 4916 3540 4986 σαλευθῆναι
3599 4911 3693 4965 κᾶν

2128 5017 2343 5087 μικρόν·
2382 5015 2475 5067 ἐπὶ
2516 5012 2574 5066 δὲ
2615 5012 2715 5082 τῆς
2762 5012 3000 5074 πεστεως
3050 5011 3295 5065 δυνατόν.
3341 5010 3508 5062 Ὥστε
3552 5003 3693 5059 οὐδὲν

2129 5107 2386 5179 φορτικὸν
2410 5106 2659 5160 ἀπαιτεῖ.

2201 5217 2281 5278 Οὗ
2327 5220 2634 5289 ἠκούσατε
2692 5218 2799 5273 τοῦ
2856 5216 3259 5286 κηρυχθέντος
3305 5217 3377 5271 ἐν
3426 5212 3593 5279 πάσῃ
3624 5205 3690 5275 τῇ

2124 5311 2317 5364 κτίσει
2345 5307 2418 5377 τῇ
2440 5308 2560 5363 ὑπὸ
2580 5306 2689 5362 τὸν
2707 5308 2988 5377 οὐρανόν.
3010 5309 3213 5372 Αὐτοὺς
3240 5308 3395 5378 φέρει
3422 5305 3689 5377 μάρτυρας

2129 5402 2400 5473 πρώτους,
2451 5395 2573 5454 εἶτα
2619 5400 2720 5470 τὴν
2768 5400 3098 5471 οἰκουμένην
3152 5400 3392 5453 ἃπασαν.
3445 5397 3553 5450 Καὶ
3596 5391 3687 5444 οὐκ

2125 5493 2270 5560 εἷπε,
2310 5491 2753 5566 Κηρυττομένου,
2791 5492 2947 5558 ἀλλὰ,
2972 5492 3405 5562 Κηρυχθέντος,
3428 5484 3683 5550 τουτέστι,

1739 5632 1939 5697 Vat-ita
1979 5635 2307 5699 lectiones.

516 5775 563 5809 ⁸³
608 5769 720 5850 εἶχε
753 5789 807 5831 o.
885 5774 929 5808 "
962 5773 1104 5845 ἦμεν
1137 5787 1188 5830 0.
1267 5774 1316 5807 "
1370 5776 1585 5848 πονηρὰ
1619 5794 1675 5834 o.
1748 5781 1796 5815 ”
1831 5781 2101 5855 ἀμώμους
2127 5797 2179 5837 ο,
2255 5781 2300 5814 ’⁷
2326 5778 2723 5852 εῖρηνεύσαντα
2763 5799 2816 5842 ο.
