3994 6582
393 410 529 474 1329

1155 408 1561 471 EXI‘OSITIO
1603 407 1678 468 IN
1717 403 1957 465 EPIST.
1997 402 2097 463 AD
2132 402 2430 463 COLOSS.
2469 429 2535 440 -
2561 404 2722 464 CAP.
2758 405 2810 465 Ῐ.

3492 399 3630 465 12Ἴο

384 523 759 589 πιστευθέντος
778 525 900 596 ἤδη.
919 524 1082 578 Ὥστε
1099 524 1426 596 αἰσχύνθητε
1468 526 1561 578 καὶ
1598 523 1825 578 ἐαυτοῦς
1856 521 1951 575 καὶ

2059 522 2152 576 hoc
2176 532 2278 589 est,
2311 521 2453 593 quod
2470 523 2579 592 jam
2600 520 2862 575 creditum
2887 528 2990 573 est.
3030 516 3192 591 ἀπε
3218 514 3402 589 Itaque
3428 520 3628 588 pudore

381 619 588 682 πάντας
608 617 800 682 ἄλλους
820 615 1161 689 ἀνθρώπους,
1205 618 1409 689 ἑτέρως
1448 618 1793 679 πιστεύοντες
1822 615 1891 669 ’⁸.

452 785 536 845 Οὗ
560 791 856 861 ἐγενόμην
890 789 1004 859 ἐγὼ
1049 790 1290 857 Παῦλος
1321 790 1622 858 διάκονος.
1661 794 1767 846 Καὶ
1800 792 1956 846 τοῦτο

378 887 457 942 εἰς
487 882 834 949 ἀξιοπιστίαν
867 883 1108 937 συντελεῖ
1126 883 1172 915 ⁹⁹
1204 883 1295 938 τοῦ
1325 884 1679 954 Εὑαγγελίου,
1711 886 1770 938 τὸ
1796 885 1956 940 αὐτὸν

379 975 591 1029 Παῦλον
636 971 775 1031 εἶναι
808 976 1048 1047 κήρυκα.
1081 975 1239 1042 Μέγα
1289 976 1398 1046 γὰρ
1451 977 1509 1031 τὸ
1555 978 1724 1031 αὑτοῦ
1762 978 1952 1050 ὄνομα,

385 1065 667 1136 πανταχοῦ
696 1065 983 1137 ᾀδομένου,
1021 1066 1115 1120 καὶ
1146 1066 1244 1136 τὴν
1279 1067 1605 1140 οἰκουμένην
1632 1069 1955 1139 περιλαϐόν-

377 1175 469 1221 τος
502 1158 711 1213 λοιπόν.
746 1159 1005 1214 Διάκονον
1060 1157 1117 1212 δὲ
1168 1159 1360 1213 ἑαυτὸν
1389 1159 1583 1225 εἰπὼν,
1620 1161 1822 1230 μᾶλλον
1854 1165 1958 1217 αὐ-

384 1253 504 1313 τοὺς
538 1251 769 1305 συνιοθεί
803 1252 882 1314 είς
915 1251 977 1303 τὸ
1029 1252 1337 1322 πεισθῆναι.
1373 1253 1447 1306 Οὐ
1484 1254 1592 1324 γὰρ
1626 1253 1767 1323 ἐμὰ,
1800 1257 1956 1326 φησι,

376 1343 545 1411 λέγω,
579 1344 694 1397 ἀλλ’
727 1345 900 1416 ἑτέρῳ
935 1344 1195 1413 διακονῶ,
1236 1343 1313 1416 τῷ
1360 1344 1479 1415 Θεῷ
1520 1345 1739 1417 δηλαδή.
1794 1347 1957 1401 Ὥστε

368 1432 568 1503 ἐκείνῳ
614 1432 995 1505 πεισθήσεσθε.

442 1527 574 1579 Νῦν
603 1528 790 1596 χαίρω
822 1528 892 1582 ἐν
913 1528 1039 1597 τοῖς
1072 1528 1386 1598 παθήμασί
1423 1547 1542 1601 μου
1570 1530 1724 1596 ὑπὲρ
1769 1529 1953 1599 ὑμῶν.

366 1621 531 1670 Δοκεῖ
564 1620 661 1688 μὲν
696 1619 1060 1675 ἀνακόλουθον
1092 1618 1234 1674 εἶναι
1264 1620 1421 1674 τοῦτο
1443 1637 1456 1649 ·
1496 1620 1612 1673 ἔστι
1641 1619 1697 1673 δὲ
1728 1621 1989 1675 ἀχόλω--

377 1710 471 1762 θον
508 1711 737 1781 σφόδρα.
794 1713 1016 1778 Ἐπειδὴ
1050 1713 1160 1783 γὲρ
1205 1709 1381 1775 εἶπεν,
1412 1714 1495 1767 ὅτι
1545 1713 1798 1778 Διάκονος
1835 1714 1959 1782 ἐγεο

369 1804 546 1872 νόμην
580 1804 679 1856 τοῦ
710 1804 1044 1874 Εὐαγγελὶου
1071 1847 1086 1871 ,
1118 1799 1180 1862 οὗ
1219 1808 1293 1877 μὴ
1323 1808 1575 1861 ἐκπεσεῖν
1622 1808 1769 1878 ὑμᾶς
1798 1806 1953 1873 ἀξιῶ,

362 1894 667 1963 δείκνυσιν,
718 1896 804 1949 ὅτι
845 1895 1113 1951 Τοσοῦτον
1163 1899 1312 1952 ἐστιν
1377 1898 1612 1969 ἀληθὲς,
1667 1899 1809 1953 ὥστε
1857 1901 1953 1953 καὶ

368 1988 566 2057 πάσχω
598 1989 739 2059 ὑπὲρ
772 1988 962 2043 τούτου
985 2007 997 2018 ·
1037 1989 1133 2043 καὶ
1159 1991 1218 2044 οὐ
1253 1991 1415 2062 μόνον
1445 1994 1658 2063 πάσχω,
1692 1992 1826 2045 ἀλλὰ
1858 1995 1953 2048 καὶ

368 2081 557 2149 χαίρω
591 2080 651 2133 ἐν
688 2083 800 2143 τοῖς
846 2081 1159 2153 παθήμασι.
1215 2083 1297 2135 Τὰ
1325 2083 1383 2137 δὲ
1432 2084 1730 2156 παθήματα
1777 2085 1951 2137 ταῦτα

369 2171 515 2242 ὑπὲρ
549 2172 702 2244 ὑμῶν
737 2174 896 2239 εἰσιν,
939 2174 1027 2227 ἵνα
1057 2175 1199 2246 ὑμᾶς
1240 2173 1524 2248 ὠφελῆσαι
1554 2176 1787 2249 δυνηθῶ.

441 2286 553 2341 Καὶ
600 2287 1047 2359 ἀνταναπληρῶ
1086 2291 1160 2346 τὰ
1212 2292 1596 2362 ὑστερήματα
1646 2292 1765 2347 τῶν
1809 2295 1951 2349 θλί-

365 2381 538 2447 ψεων
565 2381 672 2436 τοῦ
700 2383 961 2451 Χριστοῦ
981 2384 994 2415 ¹
1012 2385 1082 2438 ἐν
1110 2384 1183 2454 τῇ
1210 2387 1391 2454 σαρκί
1401 2404 1541 2455 μου.
1571 2388 1732 2441 Δοκεῖ
1756 2387 1951 2452 ἀλαζο-

366 2471 523 2535 νικὸς
557 2473 653 2526 καὶ
681 2475 1118 2545 ἀπονενοημένος
1144 2472 1284 2531 εἶναι
1314 2479 1341 2529 ὁ
1371 2478 1556 2546 λόγος·
1586 2478 1687 2532 οὐκ
1711 2478 1827 2532 ἐστι
1851 2480 1909 2541 δὲ
1930 2519 1946 2544 ,

363 2564 511 2616 ἀλλά
548 2565 643 2618 καὶ
672 2565 875 2637 πολλῆς
909 2568 1069 2638 γέμει
1104 2569 1203 2637 τῆς
1233 2569 1368 2641 πρὸς
1396 2571 1632 2642 Χριστὸν
1664 2573 1948 2644 φιλοστορο

363 2656 513 2721 γξας.
548 2655 658 2710 Καὶ
686 2657 792 2729 γάρ
819 2657 1069 2728 βούλεται
1099 2665 1285 2717 πεῖσαι
1308 2661 1526 2727 αὐτοὺς,
1557 2663 1641 2716 ὅτι
1662 2665 1690 2717 ὁ
1717 2664 1948 2736 Χριστὶς

358 2745 451 2800 ἔτι
486 2748 582 2802 καὶ
629 2746 725 2802 νῦν
758 2750 898 2822 ὑπὲρ
935 2752 1116 2807 αὐτῶν
1158 2753 1382 2824 πάσχει,
1433 2754 1529 2809 καὶ
1570 2754 1645 2808 Οὐ
1691 2754 1759 2809 δι’
1789 2756 1948 2829 ἡμῶν

363 2838 482 2891 τῶν
511 2840 830 2895 ἀποστόλων
861 2844 1229 2914 προσάγεσθε,
1277 2845 1415 2902 ἀλλά
1458 2847 1528 2901 δι’
1561 2846 1794 2915 ἐκείνου,
1846 2848 1949 2904 κᾶν

366 2932 533 3001 ἡμεῖς
564 2934 623 2987 ὲν
654 2933 734 3005 τῷ
767 2934 919 3007 μέσῳ
958 2934 1108 3006 ὦμεν
1133 2938 1176 2992 ⁸.
1205 2937 1370 2994 Ὥστε
1395 2938 1449 2993 τί
1487 2946 1690 2995 ποιεῖτε
1728 2941 1947 3010 ἀποπη-

360 3023 570 3091 δῶντες
617 3027 855 3094 τούτου,
901 3029 996 3084 τοῦ
1040 3033 1137 3084 καὶ⁵
1190 3030 1331 3102 μετὰ
1380 3031 1444 3091 τὸ
1476 3033 1771 3089 ἀποθανεῖν
1806 3033 1949 3102 ὑπὲρ

360 3114 528 3186 ὑμῶν
560 3117 999 3188 κινδυνεύοντοςς
1048 3123 1111 3176 "0
1142 3122 1200 3176 δὲ
1224 3121 1373 3192 λέγει
1404 3122 1644 3179 τοιοῦτόν
1669 3125 1849 3178 ἐστιν·
1881 3123 1946 3179 El

2059 612 2271 668 adicitis
2316 624 2371 669 et
2407 630 2524 680 vos,
2574 623 2630 668 et
2676 627 2869 667 omnes
2902 610 3036 665 alios
3087 610 3354 675 homines,
3387 610 3429 664 si
3475 611 3626 665 alltcr

2057 708 2299 764 creditis.
3556 704 3563 709 ‘

2128 798 2297 871 Cujus
2329 801 2500 866 factus
2534 816 2648 854 sum
2680 816 2772 873 ego
2804 797 3008 853 Paulus
3040 798 3296 853 minister.
3324 798 3496 867 Atque
3528 798 3629 852 hoc

2060 890 2125 944 ad
2155 890 2534 945 auctoritatem
2564 890 2839 962 Evangelii
2873 890 3023 955 facit,
3053 887 3275 943 Paulum
3309 890 3483 958 ipsutu
3508 904 3629 944 esse

2059 994 2384 1051 praeconem.
2416 982 2613 1051 Ingens
2658 980 2801 1035 enim
2846 978 2964 1048 ejus
2999 993 3195 1033 nomen
3245 987 3400 1045 erat;
3442 988 3631 1048 utpote

2058 1076 2151 1145 qui
2189 1077 2332 1146 apud
2358 1089 2548 1130 omnes
2579 1074 2901 1130 decantatus
2928 1084 3077 1140 erat,
3107 1083 3271 1146 atque
3297 1071 3410 1142 jam
3458 1081 3631 1130 terra-

2062 1183 2177 1222 rum
2200 1168 2386 1223 orbcm
2410 1176 2788 1240 occupaverat.
2828 1165 3130 1223 Ministrum
3168 1174 3347 1221 autem
3389 1167 3628 1238 seipsum

2059 1262 2265 1328 (licens,
2298 1262 2469 1334 magis
2505 1276 2598 1317 eos
2628 1270 2688 1315 ιιι
2732 1260 2959 1316 credant
2991 1261 3287 1331 compellit.
3321 1257 3436 1314 Non
3479 1261 3628 1315 enim

2062 1369 2200 1420 mea,
2232 1355 2424 1424 inquit,
2459 1354 2602 1418 dico,
2635 1354 2730 1409 sed
2766 1352 2855 1406 alii
2886 1352 3160 1417 ministro,
3196 1351 3305 1405 Deo
3334 1351 3627 1408 videlicet:

2059 1446 2239 1512 itaque
2263 1443 2335 1496 illi
2371 1443 2619 1497 credetis.

2134 1536 2291 1592 Vsus.
2324 1535 2416 1591 24.
2452 1531 2607 1588 Nunc
2648 1534 2849 1604 gaudeo
2883 1534 2937 1589 in
2989 1532 3316 1601 Passionibus
3365 1532 3489 1585 meis
3533 1546 3630 1596 pro

2059 1627 2222 1681 vobis.
2264 1624 2498 1682 Videtur
2522 1625 2741 1696 quidem
2781 1627 2883 1679 hoc
2918 1640 3041 1681 esse
3095 1626 3516 1693 inconsequens;
3549 1634 3633 1677 est

2062 1730 2244 1775 autem
2295 1734 2633 1790 consequens
2676 1718 2852 1774 valde.
2887 1718 3182 1788 Postquam
3223 1716 3368 1770 enim
3416 1713 3633 1767 dixerat

2063 1827 2182 1867 sese
2218 1809 2420 1866 factum
2450 1810 2727 1882 Evangelii
2779 1811 3128 1873 ministrum,
3162 1823 3190 1861 τι
3228 1822 3337 1877 quo
3387 1822 3491 1860 non
3520 1805 3635 1857 volt

2061 1918 2155 1957 cos
2197 1901 2448 1957 excidere
2472 1942 2487 1968 ,
2539 1907 2807 1957 monstrat
2857 1901 2957 1954 hoc
2992 1899 3124 1954 adeo
3152 1912 3275 1952 esse
3318 1911 3537 1960 verum,
3572 1903 3635 1947 ut.

2059 2013 2159 2069 pro
2197 1998 2299 2051 hoc
2333 1997 2495 2051 etiam
2535 1995 2711 2067 patiar
2753 2012 2767 2047 :
2818 2010 2918 2048 nec
2965 1992 3134 2046 solum
3183 1992 3374 2063 patior,
3430 1988 3629 2058 inquit,

2060 2105 2245 2144 verum
2275 2090 2430 2144 Letor
2452 2089 2613 2143 etiam
2652 2088 2705 2141 in
2748 2085 3150 2141 alﬂict-ionilnts.
3177 2082 3509 2138 Alllictioncs
3530 2096 3628 2133 an-

2062 2192 2167 2236 tem
2198 2181 2279 2237 ha:
2325 2196 2457 2236 mea:
2485 2196 2582 2251 pro
2612 2178 2766 2234 vobis
2796 2189 2943 2243 sunt,
2977 2187 3036 2231 ut
3063 2192 3159 2230 vos
3184 2176 3374 2248 juvarc
3408 2187 3627 2244 queam.

2127 2294 2194 2351 Et
2240 2295 2500 2365 adimplet;
2541 2311 2602 2349 ea
2631 2310 2747 2364 qua?
2791 2294 2976 2347 desunt
3009 2293 3313 2362 passionum
3354 2287 3548 2343 Christi
3574 2290 3632 2344 in

2053 2407 2216 2447 carne
2259 2407 2396 2449 mea.
2443 2388 2670 2445 Videtur
2707 2384 3066 2455 ostentatoris
3106 2393 3276 2453 atque
3321 2382 3632 2453 arrogantis

2058 2484 2146 2538 hic
2193 2495 2373 2537 sermo
2405 2494 2526 2535 esse
2580 2496 2595 2534 :
2648 2477 2796 2549 atqui
2839 2491 2946 2532 non
2985 2487 3098 2543 est;
3148 2475 3426 2530 enimvero
3460 2473 3628 2526 multa

2056 2572 2288 2630 refertus
2318 2580 2402 2628 est
2426 2585 2553 2642 erga
2579 2567 2860 2624 Christum
2889 2554 3202 2623 dilectione.
3244 2563 3378 2621 Nam
3409 2562 3490 2619 eis
3515 2563 3631 2617 vult

2056 2664 2404 2737 persuadere,
2435 2663 2578 2732 quod
2614 2661 2865 2717 Christus
2892 2662 3057 2715 etiam
3090 2674 3188 2732 pro
3216 2656 3287 2713 iis
3329 2655 3490 2712 hodie
3529 2670 3629 2725 pa-

2059 2757 2242 2824 tiatur,
2277 2767 2331 2813 et
2365 2756 2505 2826 quod
2532 2771 2633 2827 per
2661 2769 2761 2812 nos
2786 2752 3060 2826 apostolos
3092 2766 3199 2807 non
3224 2749 3356 2807 estis
3380 2746 3626 2811 adducti,

2054 2850 2149 2909 sed
2180 2866 2275 2921 per
2308 2850 2481 2917 illum,
2515 2849 2728 2906 etiamsi
2757 2834 2862 2905 nos
2891 2848 2997 2905 ista
3044 2846 3332 2903 iaciamus.
3359 2843 3501 2913 Quid
3528 2843 3632 2916 igi-

2054 2953 2141 3002 tur
2172 2945 2355 3003 facitis
2390 2944 2689 3001 resilientes
2715 2943 2784 3001 ab
2811 2958 2898 3011 eo,
2934 2942 3023 3014 qui
3055 2941 3218 2998 etiam
3243 2949 3372 3012 post
3399 2946 3627 2995 mortem

2055 3053 2154 3110 pro
2184 3039 2339 3096 vobis
2370 3037 2609 3107 pericula
2638 3036 2873 3095 subeat?
2905 3035 3057 3103 Quod
3102 3048 3231 3088 vero
3258 3032 3359 3100 ait,
3393 3040 3478 3087 est
3523 3031 3629 3086 litt-

2050 3131 2287 3204 jusmodi
2324 3150 2345 3187 :-
2371 3128 2429 3186 Si
2455 3130 2635 3187 adhuc
2660 3130 2882 3186 deberet
2904 3127 3013 3199 pati
3041 3142 3140 3198 pro
3174 3126 3330 3182 nobis
3350 3125 3628 3188 Christus,

366 3207 454 3262 ἔτι
485 3209 780 3281 ἐχρεὼστει
805 3212 999 3267 παθεῖν
1033 3214 1178 3286 ὑπὲρ
1208 3215 1366 3286 ἡμῶν
1390 3217 1419 3269 ὁ
1446 3215 1703 3285 Χριστὸς,
1734 3215 1945 3286 ἀπῆλθε

2059 3223 2277 3279 abiisset
2305 3233 2486 3279 autem
2509 3263 2527 3290 ,
2559 3236 2658 3277 nec
2704 3220 3030 3277 reddidisset
3070 3217 3354 3285 debitum,
3388 3232 3486 3287 ego
3527 3215 3631 3271 hoc

363 3298 427 3353 δὲ
458 3302 554 3357 καὶ
583 3302 682 3357 οὐκ
714 3304 964 3359 ἀπέδωκε
986 3306 1046 3359 τὸ
1072 3307 1255 3378 χρέος,
1282 3306 1393 3375 ἐγὼ
1420 3306 1578 3361 τοῦτο
1603 3307 1905 3378 ἀποδίδωμι
1925 3323 1941 3338 ’

363 3390 556 3462 ὥσπερ
585 3392 653 3448 ἂν
697 3394 747 3447 εί
793 3394 887 3448 τοῦ
915 3397 1225 3467 στρατηγοῦ
1267 3399 1498 3463 ἀπόντος
1515 3399 1558 3467 ³,
1578 3400 1607 3453 ὁ
1633 3398 1943 3472 ὑποστρᾲτ-

360 3500 504 3554 ηγος
563 3485 663 3555 τῆς
718 3486 997 3556 φάλαγγος
1046 3489 1410 3563 ὑπερμαχῶν,
1470 3493 1549 3556 εἰς
1593 3491 1683 3545 τὸν
1732 3492 1942 3546 ἐκείνου

362 3571 533 3625 τόπον
561 3571 716 3640 στὰς,
745 3576 813 3628 τὰ
846 3576 1058 3631 ἐκείνου
1089 3578 1387 3650 τραύματα
1411 3578 1577 3644 αὐτὸς
1609 3580 1941 3652 ἀναδέχοιτο.

361 3664 467 3717 Διά
496 3663 657 3720 τοῦτο
689 3666 800 3738 γὰρ
828 3668 923 3723 καὶ
948 3667 1302 3740 ὑστερήματα
1332 3664 1509 3735 εἶπεν,
1539 3670 1626 3724 ἴνα
1661 3671 1829 3745 δείξῃ,
1860 3671 1943 3725 ὅτι

358 3754 486 3808 οὐδὲ
518 3756 579 3809 τὺ
609 3759 718 3811 πᾶν
754 3760 975 3829 ἡγεῖται
1018 3761 1236 3815 οὐδέπω
1281 3762 1628 3818 πεπονθέναι.
1676 3764 1943 3818 Τοσοῦτον

366 3846 560 3920 ἀγαπᾷ
607 3850 755 3918 ἡμᾶς
780 3850 823 3916 ⁵,
874 3851 1017 3905 ὥστε
1073 3854 1148 3925 μὴ
1199 3854 1514 3924 ἀρκούντων
1561 3855 1671 3910 τῶν
1711 3856 1940 3928 πρώην³

363 3937 579 4004 παθῶν,
614 3940 715 3993 καὶ
760 3942 902 4013 μετὰ
952 3942 1180 4015 θάνατον
1212 3945 1447 4016 πάσχειν
1473 3947 1535 4000 ὲν
1580 3944 1658 4016 τῷ
1692 3946 1812 4018 ἐμῷ
1842 3944 1944 3999 σώ-

359 4045 541 4097 ματι·
579 4031 641 4084 οὐ
677 4033 786 4105 γὰρ
836 4035 1083 4108 ἠρκέσθη
1135 4037 1213 4108 τῷ
1254 4038 1492 4110 θανάτῳ,
1541 4038 1677 4093 ἀλλὰ
1722 4040 1817 4093 καὶ
1859 4039 1942 4094 ἔτι

362 4124 543 4193 μυρία
582 4127 742 4179 ποιεῖ.
799 4127 912 4197 Οὐχ
964 4128 1165 4182 ἑαυτὸν
1215 4124 1309 4184 οὖν
1358 4132 1603 4202 ἐπαίρων
1656 4134 1684 4185 ὀ
1731 4132 1942 4196 Παῦλος

360 4213 538 4268 ταῦτά
577 4233 763 4285 φησιν,
796 4218 931 4272 ἀλλὰ
974 4221 1066 4275 τὸν
1112 4222 1349 4293 Χριστὸν
1399 4224 1571 4292 δεῖξαι
1617 4224 1941 4296 βουλόμενος

354 4305 446 4360 ἑτι
476 4308 572 4363 καὶ
593 4309 691 4363 νῦν
721 4310 865 4382 ὑπὲρ
893 4312 1075 4367 αὐτῶν
1104 4311 1479 4385 φροντίζοντα.

445 4419 630 4491 ’Υπὲρ
668 4424 775 4478 τοῦ
803 4424 1079 4494 σώματος
1105 4429 1313 4496 αὐτοῦ,
1342 4430 1376 4484 ὅ
1405 4431 1576 4487 ἐστιν
1610 4435 1648 4502 ἠ
1689 4434 1942 4502 Ἐκκληο

355 4512 494 4566 σία.
549 4512 773 4587 Ἐπειδὴ
809 4512 987 4583 εἶπεν,
1024 4519 1109 4573 ὅτι
1155 4521 1219 4573 El
1261 4521 1360 4576 δὲ’
1404 4522 1518 4591 ἐγὼ
1558 4528 1776 4596 πάσχω,
1820 4527 1939 4579 ἀλλ’

354 4601 460 4660 οὖν
483 4604 579 4659 τοῦ
602 4608 843 4678 Χριστοῦ
890 4612 999 4664 εισι
1046 4612 1116 4666 τά
1142 4614 1464 4685 παθήματα,
1494 4616 1806 4682 ἀξιόπιστον
1847 4619 1939 4673 τὸν

357 4700 525 4768 λόγον
555 4700 719 4767 ποιεῖ,
747 4702 841 4756 καί
865 4720 1051 4773 φησιν,
1086 4705 1171 4759 ὃτι
1202 4706 1344 4777 ὑπὲρ
1372 4708 1465 4764 τοῦ
1493 4709 1744 4780 σώματος
1772 4710 1939 4764 αὑτοῦ

359 4791 464 4845 καὶ
496 4792 669 4847 ταῦτα
699 4794 961 4861 γίνονται.
1006 4797 1099 4868 Μὴ
1134 4799 1315 4853 τοίνυν
1349 4802 1637 4872 κομπηρδν
1671 4802 1811 4856 εἶναι
1848 4820 1938 4857 vo—

358 4883 566 4956 μίσητε
592 4885 686 4939 τὸν
711 4886 891 4955 λόγον,
911 4887 1047 4944 ἀλλὰ
1069 4890 1162 4944 τὸν
1188 4891 1263 4960 μὴ
1293 4890 1681 4956 ἀπαξιώσαντα
1705 4893 1938 4963 συνάψαι

359 4975 547 5048 ἑαυτῷ
594 4979 696 5052 τὴν
728 4978 1082 5051 Ἐκκλησίαν,
1131 4983 1461 5039 πιστεύσατε
1515 4986 1612 5039 καὶ
1653 4988 1750 5041 νῦν
1799 4989 1941 5061 ὑπὲρ

359 5070 535 5143 αὐτῆς
564 5072 647 5126 ἔτι
679 5073 914 5145 πάσχειν
945 5076 1005 5130 ἐν
1029 5078 1097 5147 τῇ
1130 5077 1240 5149 ἐμῇ
1280 5078 1466 5150 σαρκί.
1491 5080 1556 5133 Εί
1578 5079 1636 5132 δὲ
1660 5082 1820 5152 σῶμα
1843 5082 1940 5136 τοῦ

312 5212 316 5217 .
358 5165 607 5236 Χριστοῦ
654 5166 691 5238 ἡ
746 5167 1072 5238 Ἐκκλησία,
1141 5172 1237 5224 καὶ
1282 5170 1487 5241 ἥνωται
1534 5172 1684 5243 αὐτῷ
1732 5173 1941 5246 κεφαλὴ

354 5256 500 5322 ὕντι,
540 5258 659 5321 πῶς
716 5259 875 5330 ὑμεῖς
919 5261 1242 5330 ὲπεισάγετε
1298 5262 1387 5317 διὰ
1436 5264 1604 5336 μέσου
1647 5267 1936 5336 ἀγγέλους,

361 5351 460 5406 καὶ
492 5350 810 5423 διατέμνετε
841 5353 943 5427 τὴν
979 5354 1248 5425 tuorum;

435 5434 554 5511 Ἧς
573 5443 871 5515 ἐγενόμην
894 5444 1014 5516 ἐγὼ
1032 5445 1337 5516 διάκονος.
1372 5448 1653 5504 Δείκνυσιν
1677 5452 1759 5506 ὅτι
1787 5451 1943 5506 οὐδὲν

2054 3315 2224 3372 reddo
2252 3332 2270 3368 ς
2306 3312 2760 3384 quemadmodum
2800 3311 2846 3367 si
2882 3312 3016 3368 duce
3046 3309 3320 3364 exercitus
3367 3308 3630 3374 abeunte,

2054 3405 2452 3474 suhimperator
2488 3417 2589 3474 pro
2617 3399 2885 3473 phalange
2933 3398 3200 3457 dimicans
3223 3437 3238 3464 ,
3273 3397 3419 3453 illius
3450 3398 3626 3452 locum

2053 3497 2414 3564 constitutus,
2465 3494 2690 3550 vulnera
2725 3494 2899 3565 ipsius
2945 3491 3192 3562 recipiat.
3240 3489 3530 3560 Propterea
3573 3500 3629 3543 et

2057 3592 2415 3663 ὑστερήματα
2439 3629 2454 3654 ,
2494 3589 2597 3645 hoc
2638 3596 2719 3644 est
2767 3587 3041 3661 delectus,
3076 3584 3231 3651 dixit,
3270 3593 3327 3638 ut
3352 3580 3626 3641 ostendat.

2052 3685 2195 3757 quod
2251 3682 2525 3740 existimet
2576 3696 2636 3739 se
2695 3680 2930 3734 nondum
2979 3677 3160 3756 omnia
3213 3690 3432 3748 passum
3480 3688 3625 3729 esse.

2054 3776 2224 3840 Adeo,
2262 3776 2456 3844 inquit,
2481 3772 2661 3843 diligit
2696 3787 2814 3835 vos,
2843 3780 2899 3824 ut
2935 3778 3190 3839 tanquam
3215 3782 3322 3823 non
3356 3763 3627 3821 snlliciant

2048 3869 2261 3937 priores
2287 3865 2565 3935 paSsiones
2593 3877 2650 3918 et
2682 3862 3021 3925 adﬂictiones,
3056 3870 3175 3931 post
3200 3867 3429 3933 mortem
3459 3857 3625 3911 etiam
3710 3847 3721 3856 ’

2053 3958 2294 4029 patiatur
2344 3957 2394 4011 in
2429 3971 2551 4011 meo
2584 3970 2812 4024 corpore
2842 3972 2856 4008 :
2895 3952 3131 4009 nondum
3162 3951 3307 4005 enim
3335 3958 3622 4005 contentus

2051 4061 2135 4106 est
2166 4060 2363 4116 morte,
2413 4050 2507 4104 sed
2542 4050 2720 4102 adhuc
2757 4050 3038 4111 innumera
3093 4043 3247 4103 facit.
3295 4041 3409 4097 Non
3458 4042 3625 4111 igitur

2052 4144 2288 4212 eeipsutn
2327 4139 2605 4205 attollens,
2634 4136 2835 4192 Paulus
2868 4138 2982 4191 lucc
3008 4135 3161 4201 dicit,
3186 4134 3281 4189 sed
3316 4141 3624 4188 monstrare

2051 4234 2240 4290 volens
2287 4234 2432 4305 quod
2481 4233 2735 4290 Christus
2772 4233 3070 4287 etiamnum
3115 4245 3213 4301 pro
3247 4227 3377 4299 ipsis
3430 4241 3618 4281 curam

2049 4341 2224 4398 gerat.

2123 4442 2229 4499 Pro
2258 4457 2477 4508 corpore
2504 4441 2690 4511 ipsius,
2720 4437 2859 4509 quod
2879 4444 2956 4491 est
3005 4433 3265 4488 Ecclesia.
3296 4432 3431 4500 Quia
3461 4430 3617 4486 dixe-

2051 4549 2168 4603 rat,
2210 4535 2436 4590 Etiamsi
2480 4548 2580 4605 ego
2613 4533 2810 4603 patior,
2845 4527 3051 4585 Christi
3097 4536 3279 4582 tamen
3313 4534 3438 4581 sunt
3481 4522 3621 4578 aﬂli-

2047 4630 2276 4695 ctiones,
2316 4628 2472 4682 ﬁdem
2524 4626 2650 4680 huic
2696 4621 2932 4679 sermoni
2980 4618 3152 4685 facit,
3185 4618 3459 4688 inquiens,
3511 4615 3621 4671 Pro

2046 4736 2277 4792 corpore
2318 4719 2436 4792 ejus
2472 4719 2586 4774 haec
2611 4719 2766 4772 liunt.
2802 4714 2979 4770 Nolite
3007 4714 3171 4784 igitur
3200 4724 3393 4782 putare
3418 4710 3621 4764 fustua-

2046 4791 2164 4869 sum
2196 4828 2321 4869 esse
2342 4791 2680 4876 sermonem,
2713 4823 2899 4864 verum
2929 4822 3077 4870 eum,
3106 4805 3200 4876 qui
3234 4820 3339 4858 non
3366 4803 3621 4870 dedigna-

2048 4912 2138 4961 tus
2167 4914 2257 4960 est
2288 4903 2392 4959 sibi
2425 4902 2678 4974 copttiare
2715 4899 3045 4965 Eeclesiam,
3075 4898 3279 4953 credite
3320 4896 3618 4950 etiamnum

2044 5012 2142 5067 pro
2170 4995 2286 5067 ipsa
2330 4995 2440 5067 pati
2467 4994 2521 5050 iit
2549 5008 2713 5050 carne
2740 5008 2880 5048 mea.
2913 4989 2971 5045 Si
3001 4989 3174 5058 igitur
3197 5000 3394 5056 corpus
3415 4982 3619 5038 Christi

2045 5090 2286 5146 Ecclesia
2323 5098 2446 5151 est,
2498 5087 2659 5157 eique
2694 5085 2984 5156 coniuncta
3017 5088 3135 5145 est,
3174 5080 3266 5149 qui
3307 5085 3471 5146 caput
3509 5084 3617 5138 est,

2045 5182 2317 5252 quomodo
2345 5193 2443 5235 vos
2475 5177 2695 5249 angelos
2725 5178 2782 5233 in
2806 5174 3040 5232 medium
3076 5170 3353 5244 profertis,
3381 5169 3621 5223 disseca-

2047 5275 2223 5344 tisque
2247 5270 2509 5327 unitatem
2526 5271 2555 5324 2

2116 5452 2284 5527 ΜΒ
2316 5450 2483 5510 Vsus.
2524 5450 2617 5509 εδ.
2646 5447 2815 5520 Cujus
2862 5448 3036 5520 factus
3076 5462 3193 5501 sunt
3235 5458 3330 5516 ego
3354 5440 3615 5501 minister.

1704 5611 1902 5675 Variae
1933 5611 2263 5676 lectiones.

440 5746 935 5830 ξθ-πιστεῦσαντας
973 5766 1027 5805 ο.
1108 5753 1155 5787 θ’
1187 5753 1327 5830 τελεῖ
1349 5770 1406 5830 o._
1483 5757 1499 5788 '
1534 5758 1810 5830 στίγματα
1864 5758 1959 5812 τοῦ
2005 5756 2244 5830 Χριστοῦ
2276 5772 2331 5814 o.

366 5815 395 5851 ⁸
422 5818 569 5887 ὑμᾶς
597 5835 653 5875 o.
726 5823 750 5855 ⁵
790 5815 1026 5890 πρώτων
1059 5837 1113 5877 o.
1191 5824 1214 5855 ⁸
1240 5825 1289 5876 εἰ
1322 5826 1417 5878 καὶ
1453 5841 1512 5881 ο.

2439 5756 2461 5788 ’
2481 5754 2654 5811 ταῦτα
2715 5753 2961 5827 ποιῶμεν
2990 5769 3044 5812 o.
3148 5757 3169 5791 ⁸
3205 5755 3529 5818 ἀπελθόντος
3559 5771 3617 5814 ο.
