3994 6574
438 343 564 407 1Ξ⁸31

1358 346 1933 408 THEOPHYLACTI
1976 348 2073 408 BU
2085 349 2388 410 LGARi/E
2440 351 2795 414 ARCHIEP.

3542 351 3673 416 1232

426 459 668 515 Ostendit
704 458 845 530 quod
884 458 1015 515 nihil
1044 458 1159 529 ipse
1189 473 1287 529 per
1321 474 1439 515 sese
1479 459 1689 523 fecerit,
1733 461 1978 531 siquiden

2105 463 2265 525 αὐτὸς
2296 463 2574 532 ἐποίησεν,
2609 464 2663 516 el
2688 481 2750 532 γε
2789 463 3032 524 διάκοιός
3058 464 3192 518 ἔστι.
3232 464 3291 517 Ei
3315 464 3370 518 δὲ
3404 464 3514 535 ἐγὼ
3559 470 3669 535 εἰμι

428 552 675 607 minister
701 560 804 607 est.
837 550 893 605 Si
926 560 1104 603 autem
1135 563 1235 621 ego
1259 566 1376 605 smn
1412 550 1681 616 minister,
1728 551 1998 621 quomodo

427 644 649 714 angelos
681 643 981 713 producitis
1012 641 1330 697 ininistms?

498 735 797 790 Secundum
830 736 1270 804 dispensationem
1316 735 1434 799 Dei,
1469 752 1586 807 quae
1617 737 1740 790 data
1768 748 1842 791 est
1870 738 1999 791 mihi

424 831 476 881 in
508 846 612 889 vos,
643 837 696 879 ut
731 829 968 895 impleam
1004 828 1210 881 verbum
1242 827 1356 881 Dei.
1387 828 1853 896 DiSpt'usationem
1884 829 1995 889 Dei,

424 922 505 990 vel
546 922 645 975 hoc
676 921 826 986 dicit,
858 921 1012 986 Quod
1065 922 1178 990 ipse
1222 921 1273 974 in
1306 920 1503 975 cwlum
1545 934 1854 992 assumptus
1900 937 1999 974 nos

426 1014 510 1065 hic
544 1013 822 1083 reliquerit
862 1013 1159 1082 praedicare
1192 1013 1447 1077 verbum,
1470 1051 1475 1057 .
1501 1027 1566 1065 ne
1602 1027 1696 1064 vos
1738 1022 1993 1080 tanquam

420 1108 663 1163 dvrelicti
700 1106 1015 1176 desperetis;
1048 1105 1129 1159 vel
1179 1104 1305 1159 illud
1349 1106 1443 1170 ait,
1477 1104 1626 1171 Quod
1654 1117 1872 1174 propter
1895 1105 1998 1157 hoc

422 1202 656 1254 maxime
685 1199 926 1254 omnium
968 1197 1337 1268 dispensavit,
1380 1208 1437 1251 ut
1478 1211 1577 1266 ego
1606 1211 1780 1249 essent
1814 1212 1997 1266 perse-

418 1305 573 1348 cutor
620 1293 897 1355 Ecclesiie,
937 1302 992 1346 ut
1041 1290 1148 1346 ﬁde
1196 1290 1390 1360 dignus
1439 1304 1615 1344 essem
1669 1304 1874 1359 prmco;
1913 1290 1994 1343 vel

418 1386 542 1453 quia
576 1382 695 1439 Non
722 1399 885 1453 opera
915 1382 1183 1450 quaasivit,
1219 1396 1393 1451 neque
1419 1381 1668 1444 virtutes,
1708 1380 1800 1435 sed
1832 1380 1990 1433 [idem

419 1489 472 1531 et
525 1477 812 1546 baptisma.
851 1478 1025 1543 Atque
1073 1475 1188 1529 ba‘c.
1227 1484 1310 1528 est
1357 1474 1595 1527 maxima
1642 1473 1988 1542 dispensatio.

419 1568 553 1634 Quis
582 1568 726 1620 enim
755 1574 1003 1620 servatus
1033 1574 1177 1619 esset
1205 1566 1247 1619 si
1274 1578 1436 1634 Opera
1468 1562 1990 1633 qumrerentiti-H’cl

415 1656 757 1729 simpliciter,
799 1656 1249 1725 Dispensationem
1285 1656 1380 1709 Dei
1404 1656 1583 1709 datam
1630 1657 1755 1708 mihi
1788 1657 1841 1708 in
1870 1672 1986 1721 vos,

418 1752 519 1805 hoc
549 1759 651 1814 est,
685 1764 810 1819 erga
843 1764 939 1803 vos
970 1748 1061 1819 qui
1105 1765 1168 1802 ex
1200 1749 1452 1817 gentibus
1495 1747 1825 1811 credidistis,
1863 1764 1986 1817 gra—

417 1841 546 1892 tiam
582 1840 712 1894 dicit
739 1848 793 1893 et
831 1838 1233 1902 suﬂicieutiam,
1268 1853 1430 1909 quam
1470 1838 1615 1892 dedit
1646 1838 1693 1892 ei
1736 1837 1896 1898 Deus,
1932 1849 1988 1890 ut

416 1932 681 1985 illuminrt
711 1941 917 2002 gentes.
960 1928 1094 1984 Nam
1130 1931 1367 1984 tenebris
1397 1940 1701 1999 correptos,
1734 1929 1982 1994 stolidos,

416 2024 785 2078 iuobedicntes
817 2023 1142 2093 persuadere
1169 2033 1227 2076 ut
1256 2021 1567 2091 hujusmodi
1611 2022 1860 2093 dogmata
1895 2038 1980 2076 re-

413 2117 640 2185 cipiant,
683 2131 787 2170 non
826 2124 906 2169 est
942 2113 1092 2167 Pauli
1130 2114 1373 2176 virtutis,
1425 2113 1519 2168 sed
1564 2112 1987 2183 dispensationis

416 2206 533 2261 Dei.
572 2207 1034 2273 Quemadmodum
1062 2215 1242 2259 autem
1272 2203 1589 2259 alﬂictiones
1622 2218 1749 2258 suas
1781 2202 1985 2258 Christi

412 2301 651 2355 oSIcudit
684 2313 826 2363 esse,
852 2297 1053 2353 sic‘Dei
1097 2312 1217 2351 esse
1245 2297 1395 2359 dicit,
1429 2296 1705 2366 complere
1738 2298 1801 2349 ad
1838 2296 1987 2364 ipsos

411 2407 742 2446 sermonem.
771 2389 903 2446 Cum
933 2399 1110 2444 autem
1137 2390 1289 2456 dicit,
1320 2388 1561 2458 Implere,
1586 2390 1822 2444 ostendit
1843 2391 1983 2458 quod

412 2486 616 2556 aliquid
649 2487 729 2540 eis
759 2486 920 2540 desit.
957 2484 1197 2554 Intelligo
1227 2494 1404 2537 autem
1440 2493 1492 2537 et
1539 2483 1659 2545 hoc,
1699 2482 1984 2550 dispensa-

413 2581 614 2636 tionem
653 2581 745 2636 Dei
776 2594 920 2644 esse,
954 2581 1098 2650 quod
1131 2594 1271 2633 nunc
1306 2586 1607 2648 expoliatur
1643 2578 1980 2648 mysterium,

411 2674 627 2742 quando
656 2687 881 2743 capaces
909 2672 1033 2727 facti
1063 2673 1214 2727 estis.
1249 2672 1393 2726 Deus
1421 2674 1564 2725 enim
1595 2671 1775 2726 omnia
1804 2670 1982 2725 divina

413 2764 748 2831 providentia
785 2762 1010 2825 faciens,
1046 2773 1099 2817 et
1140 2764 1241 2817 hoc
1271 2761 1422 2825 fecit,
1447 2762 1598 2830 juxta
1629 2763 1985 2832 dispensatio-

412 2876 530 2911 nem
551 2859 794 2921 omnino,
818 2867 875 2911 ut
891 2858 1050 2910 ltodie
1076 2856 1410 2909 revelaretur
1434 2854 1750 2926 mysterium
1767 2855 1984 2922 quando

416 2953 663 3005 homines
690 2952 791 3004 hoc
824 2950 1059 3005 maxime
1086 2950 1360 3019 accepturi
1388 2957 1567 3002 erant.
1599 2947 1834 3001 Proinde
1857 2945 1979 2999 vani

410 3053 536 3096 sunt
576 3044 663 3111 qui
696 3043 783 3097 bic
807 3041 1173 3109 oﬂ'enduntur,
1205 3058 1269 3097 eo
1317 3043 1459 3112 quod
1497 3040 1667 3095 Filius
1711 3040 1765 3095 in
1798 3039 1980 3094 novis-

408 3134 563 3187 simis
596 3133 930 3202 temporibus
963 3132 1170 3188 dicatur
1201 3149 1301 3188 nos
1335 3134 1625 3188 adducere.

478 3223 643 3280 Vens.
674 3225 764 3280 26.
800 3223 1110 3296 Mysterium
1132 3227 1269 3295 quod
1296 3225 1659 3279 absconditum
1688 3225 1790 3294 fuit
1812 3243 1845 3279 a
1874 3240 1978 3279 see-

408 3320 539 3385 ruiis
570 3328 618 3373 et
649 3319 1100 3389 generationibus.
1129 3319 1260 3374 Cum
1298 3319 1523 3374 dixisset
1554 3319 1750 3389 quibus
1794 3318 1978 3375 donati

408 3427 634 3476 sumus,
691 3411 928 3465 ostendit
961 3420 1014 3464 et
1048 3408 1208 3465 aliam
1245 3410 1761 3480 ampliﬁcationem,
1813 3409 1978 3463 nimi-

408 3518 549 3565 rum,
583 3501 725 3570 quod
756 3508 880 3554 ante
917 3515 1019 3554 nos
1047 3515 1205 3555 nemo
1235 3500 1503 3555 didii-erit.
1549 3499 1627 3556 Ac
1659 3501 1976 3572 mysterium

408 3594 672 3657 nominat,
703 3594 845 3661 quod
878 3607 1035 3647 nemo
1063 3600 1220 3646 norat
1251 3603 1445 3662 pia-ter
1471 3592 1635 3646 Deum
1664 3608 1680 3644 :
1714 3607 1815 3647 nec
1840 3592 1976 3647 sim-

408 3686 617 3756 pliciter
664 3684 923 3749 Tectuni,
973 3682 1100 3748 sed,
1146 3684 1545 3737 Abscoudimm.
1586 3682 1742 3750 Quod
1795 3692 1973 3739 autem

401 3778 498 3840 ait,
523 3777 566 3829 A
601 3778 831 3842 siccatis,
861 3776 962 3833 hoc
991 3785 1096 3843 cst,
1131 3775 1355 3847 perinde
1386 3776 1541 3847 quasi
1581 3777 1704 3846 quis
1747 3776 1910 3841 dicat,
1943 3791 1975 3831 a

402 3869 686 3939 principio.

475 3961 633 4013 A'unc
670 3970 848 4014 autem
897 3963 1295 4032 manifestatum
1332 3973 1409 4019 est
1451 3967 1649 4020 sanctis
1678 3965 1815 4034 ejus.
1851 3962 1976 4020 "ch

401 4062 485 4106 est
520 4052 848 4121 dispensatio
878 4053 1017 4123 ejus,
1052 4055 1194 4123 quod
1236 4071 1377 4110 nunc
1426 4056 1819 4113 manifestetur.
1854 4055 1970 4111 Non

404 4144 538 4195 dixit
575 4152 755 4197 autem
782 4183 796 4207 ,
844 4143 1042 4198 iactum
1070 4156 1150 4200 est
1175 4190 1189 4213 ,
1238 4149 1367 4214 sed,
1399 4146 1803 4219 Manifestamm
1847 4158 1922 4202 est
1953 4165 1973 4203 :

402 4248 776 4290 verumtamen
814 4254 881 4292 ne
911 4254 1054 4294 nunc
1084 4241 1298 4309 quidem
1326 4242 1601 4304 omnibus,
1641 4243 1733 4296 sed
1767 4243 1974 4296 sanctis

399 4329 519 4398 ejus
553 4346 566 4382 :
602 4328 787 4399 itaque
833 4331 1129 4386 etiamnum
1175 4333 1350 4388 adhuc
1378 4334 1497 4389 aliis
1538 4335 1860 4389 occultatur.
1896 4334 1973 4390 Ne

400 4420 566 4491 igitur
596 4436 695 4477 vos
723 4420 997 4488 decipiant
1028 4422 1125 4488 illi,
1159 4439 1265 4477 non
1295 4424 1439 4478 enim
1474 4435 1760 4481 noverunt.

2100 554 2367 621 διάκονος,
2407 555 2524 620 πῶς
2563 556 2829 625 ἀγγέλους
2862 556 3224 624 παρεισάγετε
3256 557 3571 621 διακόνου;;

2174 731 2334 784 Κατὰ
2368 729 2483 798 τὴν
2526 732 2874 799 οἰκονομίαι·
2916 732 3023 786 τοῦ
3066 732 3212 786 Θεοῦ
3254 733 3367 800 τὴν
3395 731 3670 787 δοθεῖσάν

2093 842 2193 892 μοι
2239 827 2326 890 εἰς
2378 823 2532 896 ὑμᾶς
2576 824 2889 893 πληρῶσαι
2941 826 3050 880 τὸν
3100 827 3289 894 λόγον
3343 826 3450 879 τοῦ
3503 826 3667 881 Θεοῦ.

2100 917 2424 986 Οἰκονομίαν
2454 917 2548 971 τοῦ
2571 917 2724 982 Θεοῦ,
2756 918 2788 989 ῆ
2815 919 2970 972 τοῦτό
2995 935 3177 988 φησιν,
3203 919 3286 972 ὅτι
3319 918 3672 986 ’Λναληφθεὶς

2100 1010 2263 1073 absit;
2298 1011 2446 1079 ἡμᾶς
2479 1010 2657 1081 ἀφῆκε
2691 1009 3004 1080 κηρύττειν,
3038 1011 3124 1062 ἵνα
3157 1009 3232 1080 μὴ
3260 1011 3336 1072 ὼς
3374 1010 3670 1077 ἐγκαταλε⁴

2100 1100 2389 1171 λειμμένοι
2425 1101 2735 1168 ἀπογνῶτε.
2771 1102 2841 1153 Ἦ
2873 1100 3051 1154 ἐκεῖνό
3080 1118 3266 1170 φησιν,
3291 1101 3372 1154 ὅτι
3398 1101 3501 1153 Διὰ
3518 1101 3670 1153 τοῦτο

2102 1191 2336 1259 μάλιστα
2370 1192 2589 1244 πάντων
2613 1190 2965 1262 ᾠκονόμησεν
2987 1191 3087 1261 ἐμὲ
3111 1191 3299 1257 διῶξαι
3321 1193 3421 1262 τὴν
3442 1192 3670 1259 Ἐκκλη-

2099 1282 2240 1347 σίαν,
2275 1283 2360 1335 ἵνα
2388 1283 2698 1348 ἀξιόπιστος
2738 1278 2783 1336 ὧ
2806 1282 3120 1354 κηρύσσων.
3155 1285 3247 1349 Ἦ,
3276 1285 3361 1338 ὅτι
3401 1284 3517 1338 Οὐκ
3540 1282 3671 1353 ἔργα

2096 1374 2383 1445 ἐζήτησεν,
2416 1375 2538 1428 οὐδὲ
2576 1376 2978 1446 κατορθώματα
3000 1417 3016 1443 ,
3051 1375 3188 1429 ἀλλὰ
3220 1377 3407 1430 πίστιν
3450 1377 3545 1430 καὶ
3570 1375 3664 1445 βά-

2096 1483 2325 1536 πτισμα.
2367 1467 2476 1520 Καὶ
2505 1467 2662 1521 τοῦτό
2691 1469 2806 1519 ἐστι
2844 1466 3075 1536 μεγίστη
3098 1466 3407 1537 οἰκονομία.
3440 1467 3537 1529 Τίς
3567 1472 3670 1540 γὰρ

2096 1557 2163 1610 ἂν
2195 1555 2396 1627 ἐσώθη,
2424 1561 2472 1611 εί
2506 1557 2574 1611 τὰ
2614 1558 2749 1630 ἔργα
2778 1557 3096 1628 ὲζητοῦντος
3126 1561 3215 1622 Ἦ,
3248 1560 3462 1624 ἁπλῶς,
3507 1565 3670 1619 Olim-

2095 1649 2312 1718 νομιάν
2341 1650 2447 1703 τοῦ
2482 1650 2629 1703 Θεοῦ
2658 1649 2773 1718 τὴν
2800 1649 3087 1705 δοθεῖσάν
3107 1669 3206 1721 μοι
3228 1654 3316 1718 είς
3332 1651 3512 1722 ὑμᾶς,
3531 1670 3670 1707 τουτ-

2098 1743 2210 1793 έστι
2252 1741 2378 1803 τοὺς
2425 1743 2482 1808 ἐξ
2516 1742 2706 1808 έονῶν,
2736 1744 2834 1813 τὴν
2865 1744 3025 1813 χάριν
3053 1743 3234 1813 λέγει,
3272 1746 3365 1797 καὶ
3423 1746 3525 1816 τὴν
3552 1749 3667 1798 ίκα-

2092 1834 2312 1904 νότητα,
2344 1835 2410 1906 ἣν
2450 1834 2648 1889 ἔδωκεν
2687 1834 2838 1906 αὐτῷ
2870 1837 2900 1889 ὁ
2944 1835 3099 1900 Θεὸς,
3146 1836 3285 1889 ὥστε
3334 1836 3574 1906 φωτίσαι
3602 1837 3666 1891 τὰ

2092 1926 2245 1996 ἔθνη.
2282 1927 2355 1980 Τὸ
2393 1928 2500 1996 γὰρ
2539 1929 2665 1991 τοὺς
2701 1929 3156 1998 ἐσκοτισμένους,
3210 1930 3335 1992 τοὺς
3383 1930 3665 1998 ἀνοήτους,

2089 2022 2216 2083 τοὺς
2251 2020 2499 2083 ἀπειθεῖς
2534 2024 2718 2074 πεῖσαι
2756 2020 3003 2091 δόγματα
3031 2020 3370 2091 τη).ικαῦτα⁷
3392 2021 3663 2088 δέξασθαι,

2089 2115 2149 2168 οὑ
2182 2115 2281 2183 τῆς
2326 2114 2540 2167 Παύλου
2571 2114 2879 2184 δυνάμεως,
2912 2114 3049 2167 ἀλλὰ
3095 2114 3196 2185 τῆς
3234 2116 3550 2184 οἰκονομίας
3574 2114 3663 2168 τοῦ

2089 2208 2247 2260 Θεοῦ.
2279 2207 2493 2278 Ὠσπερ
2520 2206 2574 2259 δὲ
2604 2206 2672 2260 τὰ
2714 2206 2882 2260 αὐτοῦ
2922 2206 3250 2278 παθήματα,
3279 2206 3375 2260 τοῦ
3402 2218 3406 2222 ’
3433 2209 3662 2278 Χριστοῦ

2089 2298 2290 2363 ἔδειξεν
2314 2299 2464 2362 ὂντα,
2494 2297 2638 2350 οὕτω
2670 2297 2765 2351 τοῦ
2793 2297 2928 2350 Θεοῦ
2955 2293 3093 2352 εἶναι
3120 2297 3271 2365 λέγει
3313 2299 3408 2352 καὶ
3448 2298 3509 2351 τὺ
3533 2297 3664 2367 πλη-

2091 2387 2264 2459 ρῶσαι
2300 2390 2378 2452 εἰς
2404 2388 2600 2452 αὐτοὺς
2622 2389 2713 2442 τὸν
2739 2389 2917 2457 λόγον.
2949 2389 3046 2443 Διὰ
3066 2389 3123 2444 δὲ
3148 2393 3243 2443 τοῦ
3265 2392 3464 2455 εἰπεῖν,
3506 2392 3663 2453 Πλη-

2080 2480 2296 2547 ρῶσαι,
2329 2480 2605 2534 δείκνυσιν
2624 2479 2707 2533 ὅτι
2728 2480 3026 2538 λείπονται.
3051 2480 3264 2552 Νόησον
3287 2480 3343 2534 δὲ
3369 2481 3466 2534 καὶ
3490 2478 3659 2544 τοῦτο,

2087 2571 2401 2643 οἰκονομίαν
2432 2571 2528 2625 τοῦ
2562 2572 2699 2624 Θεοῦ
2732 2572 2792 2625 τὸ
2824 2571 2921 2624 νῦν
2951 2573 3211 2645 λεχθῆναι
3240 2574 3301 2626 τὸ
3339 2573 3658 2644 μυστήριον,

2086 2666 2174 2719 ὅτι
2204 2665 2457 2718 Δεκτικοὶ
2483 2664 2753 2733 έγίνεσθε.
2788 2666 2850 2718 '0
2876 2666 2986 2738 γὰρ
3019 2667 3151 2729 Θεὸς
3180 2666 3358 2719 πάντα
3397 2666 3660 2736 οἰκονομι-

2087 2757 2200 2820 κῶς
2232 2756 2425 2822 ποιῶν,
2458 2759 2553 2811 καὶ
2582 2756 2742 2811 τοῦτο
2787 2759 3005 2821 πάντως
3044 2756 3269 2828 ἐποίησε
3299 2758 3424 2812 κατ’
3464 2759 3662 2810 οἰκονο-

2088 2848 2242 2918 μίαν,
2273 2848 2334 2901 τδ
2362 2848 2457 2902 νῦν
2488 2848 2941 2918 ἀποκαλυφθῆναι
2970 2848 3031 2901 τὸ
3061 2848 3384 2919 μυστήριον,
3410 2848 3501 2902 ὅτε
3533 2847 3658 2917 μᾶλ-

2084 2942 2176 2995 λον
2211 2942 2438 3013 ἔμελλον
2471 2943 2519 2995 οί
2546 2941 2826 3011 ἄνθρωποι
2852 2936 3263 3012 παραδέξασθαι
3286 2938 3468 3000 τοῦτο.
3505 2940 3658 2991 Ὥστε

2088 3034 2309 3104 μάταιοι
2342 3035 2391 3087 οἱ
2440 3031 2938 3104 σκανδαλιζόμενοι,
2986 3033 3119 3087 διότι
3149 3034 3209 3086 ὲν
3250 3032 3504 3103 ἐσχάτοις
3544 3049 3654 3084 και-

2005 3154 2052 3214 c
2086 3127 2199 3197 ροῖς
2225 3125 2438 3194 λέγεται
2470 3126 2499 3177 ὁ
2527 3124 2653 3189 Υἱὸς
2685 3127 3057 3196 προσαγαγεῖν
3090 3125 3258 3214 ἡμᾶς.
3349 3149 3361 3159 ο

2160 3216 2231 3271 Τὸ
2275 3217 2618 3287 μυστήριον
2666 3216 2735 3270 τὸ
2779 3213 3317 3284 ἀποκεκριψμένον
3373 3214 3496 3268 ἀπὸ
3547 3212 3657 3266 τῶν

2080 3306 2333 3371 αἰώνων,
2364 3308 2458 3361 καί
2494 3307 2614 3361 ἀπὸ
2640 3306 2760 3361 τῶν
2788 3305 3030 3377 γενεῶν.
3073 3306 3256 3359 Εἰπὼν
3289 3304 3454 3359 τίνων
3495 3304 3654 3375 ἠξιῶ-

2083 3399 2279 3470 θημεν,
2311 3400 2555 3453 δείκνυσι
2582 3401 2676 3453 καὶ
2714 3402 2909 3471 ἑτέραν
2937 3400 3213 3460 ἐπίτασιν,
3265 3400 3347 3453 ὅτι
3386 3398 3510 3451 οὐδὲ
3557 3396 3653 3465 πρὸ

2080 3493 2237 3563 ἡμῶν
2275 3511 2356 3556 τις
2385 3493 2556 3547 ταῦτα
2590 3492 2781 3561 ἔμαθε.
2813 3495 2926 3547 Καὶ
2974 3493 3276 3563 μυστήριον
3306 3489 3595 3561 ὀνομάζει,
3625 3489 3651 3541 ὃ

2078 3585 2250 3649 οὐδεὶς
2287 3584 2406 3655 ᾔδει
2453 3585 2591 3656 πλὴν
2623 3587 2652 3639 ό
2682 3585 2846 3649 Θεός·
2881 3585 2977 3638 καὶ
3008 3585 3108 3655 οὐχ
3152 3583 3362 3648 ἁπλῶς,
3395 3584 3651 3653 Κεκρυμ-

2081 3677 2264 3748 μένον,
2312 3677 2449 3741 ἀλλ’,
2495 3675 3082 3747 Ἀποκεκρυμμένον.
3114 3675 3187 3729 Τδ
3230 3675 3310 3740 δὲ,
3357 3675 3505 3729 Ἀπὸ
3541 3671 3651 3727 τῶν

2076 3769 2329 3835 αἰώνων,
2359 3767 2510 3823 τοῦτ’
2539 3769 2713 3837 ἔστιν,
2747 3769 2845 3823 ἀπ’
2868 3769 3067 3841 ἀρχῆς,
3101 3768 3177 3832 ὡς
3202 3767 3268 3821 ἂν
3307 3767 3453 3821 εἴποι
3483 3784 3582 3829 τις.

2148 3949 2300 4004 Νυνὶ
2328 3948 2398 4002 δὲ
2442 3949 2784 4020 ἐφανερώθη
2811 3950 2933 4018 τοῖς
2963 3951 3156 4022 ἁγίοις
3187 3951 3396 4006 αὐτοῦ.
3426 3951 3591 4005 Τοῦτο
3615 3952 3645 4022 t‘j

2075 4041 2380 4113 οἰκονομία,
2408 4042 2469 4097 τὸ
2500 4042 2617 4097 νυνὶ
2647 4044 3050 4116 φανερωθῆναι.
3091 4043 3205 4097 Οὐκ
3228 4040 3348 4096 εἷπε
3374 4043 3453 4107 δὲ,
3496 4041 3641 4109 Ἐγέ-

2076 4152 2218 4199 νετο,
2257 4136 2396 4203 ἀλλ’,
2426 4135 2821 4206 Ἐρανερώθψ
2856 4136 3002 4207 Πλὴν
3025 4137 3147 4190 οὐδὲ
3178 4134 3272 4189 νῦν
3296 4136 3486 4199 πᾶσιν,
3518 4134 3646 4188 ἀλλὰ

2076 4230 2190 4289 τοῖς
2238 4228 2418 4297 ἁγίοις
2461 4228 2649 4283 αὐτοῦ.
2699 4229 2864 4282 Ὥστε
2919 4229 3012 4283 καὶ
3060 4227 3153 4281 νῦν
3196 4226 3275 4281 ἔτι
3320 4229 3433 4290 τοῖς
3476 4225 3647 4288 ἄλλοις

2077 4319 2403 4391 κρύπτεται.
2461 4321 2553 4392 Μὴ
2600 4321 2782 4374 τοίνυν
2826 4322 2969 4393 ὑμᾶς
3003 4320 3370 4374 ἀπατάτωσαν
3416 4321 3643 4373 ἐκεῖνοι·

2076 4414 2136 4465 οὑ
2162 4414 2269 4481 γὰρ
2300 4414 2500 4465 ίσασιν.

472 4513 633 4565 Vens.
665 4512 759 4567 27.
798 4511 996 4577 Quibus
1038 4513 1199 4567 coluit
1232 4513 1371 4569 Deus
1403 4517 1698 4585 patefacere
1721 4532 1837 4585 qua
1865 4517 1971 4571 sint

2152 4498 2253 4567 Οἷς
2282 4502 2589 4571 ἠθέλησεν
2621 4504 2654 4558 ὸ
2688 4502 2831 4570 Θεὸς
2853 4503 3162 4574 γνωρίσαι,
3202 4504 3293 4570 τίς
3324 4505 3360 4558 ὀ
3387 4502 3644 4567 πλοῦτος

396 4605 603 4657 divitia:
640 4604 822 4673 gloria:
846 4607 1081 4674 mysterii
1107 4605 1265 4674 hujus
1291 4608 1429 4660 inter
1458 4618 1652 4677 gentes.
1685 4607 1761 4662 Ne
1800 4609 1968 4662 inter-

400 4710 580 4765 roges,
612 4694 767 4763 cujus
801 4697 874 4750 rei
925 4699 1097 4763 gratia
1147 4698 1279 4752 solis
1322 4701 1527 4753 sanctis
1562 4699 1967 4754 manifestatum

395 4790 487 4853 sit,
528 4795 583 4840 ct
633 4802 740 4840 non
780 4787 1054 4851 munibus,
1090 4786 1292 4852 intulit,
1335 4786 1537 4853 Quibus
1574 4789 1730 4843 voluit
1779 4802 1797 4839 :
1832 4788 1970 4844 velle

397 4889 575 4933 autem
627 4879 797 4947 ipsius
846 4894 955 4933 non
990 4888 1143 4935 caret
1182 4881 1418 4936 ratione.
1467 4877 1740 4934 Potuisset
1789 4881 1966 4937 dicere

394 4971 570 5040 dignis
619 4969 1027 5026 manifestatum
1083 4985 1205 5026 esse
1252 4971 1623 5041 Evangelinm.
1656 4971 1820 5045 477
1859 4971 1964 5027 Sed

396 5061 595 5117 mavult
623 5076 718 5117 eos
756 5071 1009 5132 tanquam
1038 5062 1228 5133 gratia:
1253 5063 1516 5119 obnoxios
1547 5064 1840 5119 mediocria
1878 5079 1966 5119 sa-

393 5168 520 5222 pere
569 5155 767 5222 potius,
809 5169 976 5225 quam
1021 5164 1278 5223 tanquam
1312 5156 1473 5225 digne
1523 5167 1845 5212 consecutos
1871 5171 1965 5212 ex-

392 5246 527 5300 tolli.
565 5242 755 5311 Porro,
790 5246 839 5299 ei
875 5243 1018 5313 quod
1052 5242 1253 5299 factum
1282 5254 1387 5311 est,
1422 5244 1631 5312 pondus
1665 5260 1961 5315 apponens,

391 5351 498 5388 non
531 5334 667 5388 dixit
700 5332 1039 5402 simpliciter,
1074 5332 1386 5389 Patefacere
1429 5331 1656 5403 gloriam
1692 5334 1960 5404 mysterii,

389 5427 508 5489 sed,
543 5424 768 5481 Divitias
808 5425 1013 5495 gloriw,
1061 5439 1181 5494 quin
1211 5424 1444 5481 maxime
1474 5424 1528 5480 in
1562 5424 1813 5496 gentibus
1862 5440 1958 5495 pa-

390 5518 601 5572 tcfaclae
642 5527 787 5584 sunt,
818 5517 1040 5587 perinde
1066 5530 1129 5571 ac
1164 5516 1272 5571 alio
1303 5517 1356 5571 in
1394 5516 1513 5573 loco
1539 5516 1675 5573 dicit
1722 5535 1737 5572 :
1770 5515 1957 5572 Gentes

2074 4592 2182 4662 τῆς
2213 4594 2399 4661 δόξης
2434 4595 2540 4649 τοῦ
2584 4596 2927 4665 μυστηρίου
2972 4596 3191 4650 τούτου
3222 4594 3292 4648 ὲν
3333 4593 3462 4658 τοῖς
3492 4594 3645 4649 ἔθνε-

2072 4702 2198 4740 σιν.
2233 4687 2351 4741 Ἵνα
2391 4686 2465 4757 μὴ
2504 4688 2748 4757 ἐρωτᾷς,
2780 4686 2924 4750 τινος
2971 4686 3161 4740 ἕνεκεν
3188 4688 3301 4749 τοῖς
3331 4684 3513 4753 ἁγίοις
3555 4685 3618 4754 μό

2072 4792 2182 4838 νοις
2218 4775 2557 4847 ἐφανερώθη,
2583 4779 2676 4830 καὶ
2719 4777 2781 4830 οὐ
2814 4778 3003 4838 πᾶσιν,
3039 4777 3321 4846 ἐπήγαγεν
3340 4789 3355 4804 ·
3386 4770 3488 4842 Οἷς
3514 4773 3628 4842 1506'-

2070 4873 2246 4938 λησε.
2285 4868 2359 4924 Τὸ
2397 4871 2453 4925 δὲ
2482 4870 2656 4925 θέλειν
2696 4869 2862 4923 αὐτοῦ
2898 4870 2998 4923 οὐκ
3038 4869 3253 4936 ἄλογον.
3286 4869 3485 4923 Καίτοι
3524 4866 3616 4938 ἡδύ

2071 4978 2201 5015 νατο
2230 4963 2427 5025 εἰπεῖν,
2462 4963 2543 5016 ὅτι
2570 4962 2696 5025 Τοῖς
2739 4962 2941 5026 ἀξίοις·
2976 4961 3115 5015 ἀλλὰ
3160 4960 3409 5031 βούλεται
3451 4960 3630 5020 αὐτοὺς

2067 5055 2140 5120 ὡς
2178 5056 2512 5121 ὑπευθύνους
2549 5056 2770 5128 χάριτος
2798 5057 2998 5126 μᾶλλον
3044 5056 3480 5126 μετριοφρονεῖν,
3508 5054 3541 5123 ἢ
3567 5052 3638 5113 ib;

2068 5149 2232 5213 ἀξίως
2279 5150 2543 5220 τυχόντας
2593 5149 3078 5221 μεγαλοφρονεῖνθ.
3120 5150 3321 5218 Ὄγκον
3371 5147 3428 5201 δὲ
3471 5150 3638 5199 ἐπιτι-

2068 5240 2182 5304 θεὶς
2221 5241 2300 5311 τῷ
2329 5242 2578 5310 γεγονότι
2601 5282 2616 5308 ,
2647 5241 2749 5295 οὐκ
2775 5236 2930 5294 εἶπεν
2970 5239 3188 5305 ἁπλῶς,
3232 5239 3503 5309 Γνωρίσαι
3543 5238 3634 5307 τὴν

2067 5331 2224 5398 δόξαν
2245 5333 2340 5386 τοῦ
2371 5334 2695 5405 μυστηρίου,
2721 5332 2858 5388 ἀλλὰ
2883 5334 2967 5399 τὸ,
2993 5332 3266 5398 Πλοῦτος
3294 5330 3405 5399 τῆς
3433 5329 3629 5394 δόξης.

2065 5425 2094 5477 ὃ
2124 5425 2361 5495 μάλιστα
2387 5427 2444 5480 ὲν
2466 5429 2576 5491 τοῖς
2600 5427 2811 5481 ἔθνεσιν
2838 5425 3163 5496 ἐγνωρίσθη,
3188 5423 3263 5488 ὡς
3293 5424 3388 5477 καὶ
3410 5417 3628 5489 ἀλλαχοῦ

2065 5536 2198 5590 φησι
2215 5536 2229 5549 ·
2274 5518 2349 5574 Τὰ
2375 5518 2441 5573 δὲ
2469 5520 2615 5588 ἔθνη
2641 5519 2794 5589 ὑπὲρ
2816 5518 3028 5585 ἐλέους
3055 5517 3309 5585 δοξάσαι
3333 5516 3439 5570 τὸν
3468 5512 3625 5569 Geor.

1700 5642 1899 5718 Variis
1929 5648 2254 5718 lectiones.

454 5782 473 5814 ⁷
504 5777 728 5835 τοιαῦτα
759 5795 831 5835 In.
908 5781 929 5813 ⁸
961 5782 1106 5853 μέγα
1153 5783 1372 5851 φρονεῖν
1402 5796 1456 5836 ο.
