3994 6592
330 392 458 460 1233

1080 390 1488 456 EXPOSITIO
1523 395 1608 455 ΙΝ
1648 395 1887 455 EPIST.
1930 394 2029 454 AD
2063 393 2357 456 COLOSS.
2388 421 2458 429 —
2489 395 2643 455 CAP.
2685 392 2735 452 Ῐ.

3426 393 3561 449 η’ὦὶ

327 508 558 564 Φαίνεται
590 503 687 574 μὲν
712 501 818 575 γὰρ
848 504 942 557 καὶ
967 506 1023 557 ὲν
1064 505 1297 575 ἑτέροις,
1339 506 1455 559 ἀλλ’
1490 507 1549 559 οὐ
1599 505 1876 571 τοσοῦτον,
1910 555 1915 565 ε

2008 521 2105 560 ἐι-ο
2132 522 2292 575 super
2331 506 2697 562 misericordia
2732 506 2992 560 honorare
3023 502 3210 561 Deum.
3254 500 3308 557 Id
3338 505 3478 573 quod
3510 505 3565 558 in

327 605 438 655 ὅσον
477 603 531 651 ὲν
569 599 678 659 τοῖς
744 596 907 650 λίθων
953 596 1471 668 ἀναισθητοτέροις,
1529 601 1641 662 τοῖς
1700 598 1880 660 λίθους

328 686 672 762 προσκυνοῦσι
704 688 798 741 καὶ
824 687 1061 757 ἑρπετά-
1078 686 1292 756 Ὥσπερ
1314 688 1383 741 ἂν
1421 688 1475 741 εἴ
1497 706 1578 751 τις
1610 689 1746 742 κύνα
1770 689 1884 757 ψω-

333 782 506 855 ραλέον
541 780 629 833 καὶ
674 779 932 850 λιμαλέον
959 778 1163 843 λαϐὼν,
1197 778 1315 832 οὐδὲ
1343 780 1612 834 κινεῖσθαι
1651 780 1884 851 δυνάμε⁸

328 894 428 939 νον,
470 876 558 926 καὶ
599 873 885 943 ἄνθρωπον
937 873 1217 940 ποιήσειε,
1261 875 1356 928 καὶ
1401 872 1577 945 θρόνῳ
1620 872 1884 943 βασιλικῷ

328 966 637 1034 ἑνιδρύσειε,
699 966 899 1036 μᾶλλον
938 966 1004 1019 ἂν
1057 966 1382 1037 δοξασθείη,
1434 967 1466 1036 ἢ
1520 970 1567 1020 εί
1611 966 1884 1038 ἀνθρώπῳ

330 1057 549 1128 μετρίως
572 1058 853 1127 πενομένῳ
875 1058 1050 1112 ταῦτα
1074 1058 1391 1123 ἐνδείξαιτο.
1424 1058 1621 1121 Καλῶς
1643 1057 1703 1110 δὲ
1723 1053 1848 1110 εἷπε
1866 1074 1879 1087 ·

334 1152 534 1205 Τούτου
555 1149 660 1203 τοῦ
678 1152 1044 1218 μυστηρίου.
1080 1151 1236 1204 Ἔστι
1264 1152 1372 1223 γὰρ
1399 1152 1495 1206 καὶ
1517 1151 1652 1211 ἄλλα
1678 1151 1887 1221 μυστή-

328 1258 428 1310 ρια,
455 1239 586 1293 ἀλλὰ
620 1239 780 1293 τοῦτο
807 1241 975 1304 ὅντως
1013 1243 1334 1313 μυστήριον,
1373 1243 1401 1295 ὃ
1438 1243 1614 1304 οὐδεὶς
1632 1244 1653 1275 ⁸
1671 1242 1834 1313 .ᾔδει,
1857 1242 1887 1294 ὃ

327 1331 466 1400 παρὰ
498 1331 595 1401 τὴν
620 1333 805 1403 κοινὴν
846 1336 1137 1399 συνήθειαν
1177 1336 1270 1390 καὶ
1305 1337 1633 1407 προσδοκίαν
1655 1337 1774 1389 ἐστὶ
1826 1336 1886 1388 τὸ

325 1426 385 1477 τὰ
416 1424 536 1495 ἔθνη
567 1424 770 1497 δηλαδὴ
807 1427 1245 1498 προσληφθῆναι.

388 1689 487 1754 ⁸’ος
517 1687 646 1742 ἐστι
686 1690 939 1758 Χριστὸς
962 1692 1032 1743 ἐν
1061 1691 1227 1760 ἡμῖν,
1266 1692 1304 1760 ἡ
1337 1692 1516 1760 ἐλπίς
1544 1692 1651 1761 τῆς
1677 1692 1883 1760 δόξης.

335 1781 668 1853 Ἕρμηνεύων
700 1783 753 1835 τί
788 1782 869 1847 τὸ,
893 1785 1180 1859 ῌλοῦτος,
1201 1786 1294 1839 καὶ
1328 1788 1380 1839 τί
1402 1786 1481 1851 τὸ,
1513 1787 1884 1857 Μυστήριον,

1985 598 2108 652 aliis
2141 600 2358 668 quidem
2384 602 2547 653 etiam
2579 609 2826 668 apparet,
2861 612 2967 653 non
3001 605 3180 652 tamen
3210 608 3382 663 usque
3406 595 3562 660 adeo,

1986 699 2248 759 quantum
2281 692 2333 745 in
2368 692 2459 757 iis,
2488 693 2577 760 qui
2603 691 2874 762 lapidibus
2905 689 3252 761 stupidiores,
3282 686 3491 756 lapides
3510 696 3565 741 et
3630 694 3633 697 '
3659 727 3662 731 .

1985 790 2264 851 serpentes
2326 783 2570 839 adorant.
2621 783 2775 851 Quod
2821 782 3048 854 perinde
3103 789 3228 846 est.
3275 795 3340 836 ac
3367 780 3411 836 si
3443 780 3566 849 quis
3660 843 3667 860 τ

1986 888 2177 930 canem
2216 876 2529 931 scabiosum
2562 886 2617 932 et
2650 877 2982 941 famelicum,
3014 884 3069 932 et
3097 876 3188 946 qui
3218 873 3426 930 moveri
3460 889 3566 928 non

1983 964 2178 1035 possit,
2205 965 2516 1036 accipiens,
2552 967 2825 1022 hominem
2854 982 2919 1022 es
2965 981 3032 1022 eo
3072 964 3256 1026 faciat,
3304 974 3467 1032 atque
3513 963 3565 1016 in

1988 1058 2197 1128 regium
2254 1059 2451 1114 solium
2481 1058 2730 1129 collocet,
2791 1058 2984 1128 majori
3036 1055 3352 1112 adiciendus
3397 1055 3567 1125 gloria

1985 1150 2280 1219 videbitur,
2312 1166 2475 1220 quam
2509 1151 2553 1206 si
2604 1149 2812 1206 homini
2848 1149 3192 1205 mediocriter
3237 1147 3459 1217 penuria
3492 1146 3569 1197 la-

1988 1243 2204 1298 boranti
2236 1244 2348 1299 haec
2372 1243 2729 1299 exhibuisset.
2753 1240 2898 1297 Belle
2927 1251 3110 1297 antem
3137 1240 3294 1301 dixit,
3326 1237 3571 1309 Mysterii

1988 1334 2165 1400 hujus.
2214 1332 2355 1388 Sunt
2396 1333 2543 1389 enim
2571 1342 2624 1388 et.
2665 1333 2770 1387 alia
2803 1331 3063 1403 mysteria
3113 1347 3128 1385 :
3180 1338 3434 1384 caeterum
3466 1329 3570 1382 hoc

1988 1440 2176 1480 revera
2206 1423 2521 1494 mysterium
2552 1431 2659 1489 est,
2689 1422 2836 1494 quod
2874 1435 3030 1477 nemo
3062 1429 3243 1487 norat,
3267 1418 3410 1490 quod
3435 1434 3571 1488 prae-

1988 1528 2072 1570 ter
2117 1532 2457 1573 communem
2501 1518 2948 1574 consuetudinem
2997 1528 3053 1573 et
3100 1514 3567 1584 exspectationem

1988 1620 2091 1674 est,
2122 1625 2334 1679 nempe,
2371 1610 2515 1679 quod
2544 1621 2730 1677 gentes
2752 1608 3091 1665 assumendae
3117 1614 3274 1663 erant

2060 1699 2164 1765 Qui
2191 1711 2263 1754 est
2292 1700 2533 1756 Christus
2556 1702 2611 1755 in
2638 1701 2943 1770 nobis,spes
2971 1699 3180 1771 gloria.
3204 1696 3573 1767 lnterprelans

1990 1793 2118 1864 quid
2164 1794 2275 1848 sint
2302 1791 2437 1862 Opes
2484 1793 2610 1856 illm,
2660 1800 2717 1848 et
2750 1793 2879 1863 quid
2920 1791 3263 1866 Mysteritsm,
3296 1789 3571 1853 Christus,

334 1872 386 1926 Ὀ
411 1874 657 1946 Χριστὸς,
692 1877 879 1944 φησιν,
904 1877 1019 1947 ἦτοι
1055 1878 1087 1948 ἡ
1147 1876 1239 1929 τοῦ
1279 1878 1515 1949 Χριστοῦ
1573 1879 1794 1946 γνῶσις,
1829 1881 1888 1944 ὃς

2014 1885 2191 1953 nquit,
2221 1884 2334 1936 sive
2366 1883 2566 1937 Christi
2604 1884 2865 1954 cognitio,
2901 1884 2993 1955 qui
3030 1895 3108 1939 est
3142 1883 3195 1937 in
3226 1881 3405 1937 vobis.
3434 1879 3572 1935 Cum

323 1968 458 2019 ἐστιν
489 1970 544 2020 ὲν
574 1969 723 2039 ὑμῖν.
754 1970 911 2023 Μετὰ
935 1970 1230 2039 ἐγκωμίων
1251 1971 1308 2024 δὲ
1332 1972 1493 2026 τοῦτο
1515 1972 1757 2043 τίθησιν,
1799 1973 1886 2027 ἴνα

328 2058 515 2128 μᾶλλον
538 2059 733 2121 αὐτοὺς
755 2062 1147 2129 ἐπισπάσηται.
1176 2063 1237 2117 Ei
1264 2064 1370 2133 γὰρ
1398 2063 1632 2135 Χριστὸς
1656 2067 1714 2120 ὲν
1735 2066 1887 2135 ὑμῖν,

324 2149 431 2211 πῶς
451 2151 603 2219 ὑμεῖς
637 2151 900 2219 ἀγγέλους
936 2152 1228 2221 εὐεργέτας
1253 2153 1473 2221 λέγετε;
1502 2172 1520 2206 t
1570 2155 1754 2219 Ἐλπὶς
1785 2173 1804 2207 ι
1833 2155 1890 2208 δὲ

331 2262 351 2292 ι
371 2243 541 2312 δόξης,
566 2262 583 2294 ›
610 2245 744 2297 διότι
775 2246 841 2298 δι’
863 2245 1028 2300 αὐτοῦ
1050 2246 1342 2316 ἐλπίζομεν
1367 2248 1524 2318 δόξης
1548 2249 1733 2319 τυχεῖν
1760 2248 1891 2301 αίω-

325 2335 429 2387 νίου
451 2351 463 2363 ’
491 2336 523 2408 ἢ
548 2336 631 2389 ὅτι
664 2338 697 2406 ἠ
727 2339 881 2402 ἐλπὶς
912 2340 1072 2409 ἡμῶν
1098 2338 1307 2405 ἔνδοξος
1340 2339 1433 2394 καὶ
1459 2340 1890 2411 άκαταίσχυντός

324 2429 463 2479 ἐστιν
496 2431 521 2482 ὁ
550 2430 806 2498 Χριστός.

395 2524 497 2576 Ὃν
523 2523 699 2592 ἡμεῖς
727 2524 1232 2594 καταγγέλλομεν.
1260 2556 1330 2570 ι·-
1367 2527 1576 2597 Ἠμεῑς,
1601 2526 1701 2580 οὐκ
1726 2528 1892 2595 ἄγγε-

321 2611 428 2665 λοι·
456 2615 571 2679 πῶς
606 2612 703 2669 οὖν
749 2617 994 2680 ἐκείνους
1037 2601 1319 2682 διακόνους
1357 2619 1547 2690 ἔχετε;
1591 2619 1889 2689 Ἐμφαντιο

325 2706 427 2769 κῶς
445 2706 500 2760 δὲ
529 2708 612 2772 τὸ,
648 2711 1173 2781 Καταπνγέλλομεν,
1201 2711 1411 2767 ἄνωθεν
1427 2713 1592 2766 αὐτὸν
1618 2711 1892 2781 κατάγον-

322 2814 407 2859 τες
439 2800 662 2871 δηλαδή.

387 2896 825 2962 Νουθετοῦντες
868 2897 1065 2952 πάντα
1093 2898 1429 2966 ἄνθρωπον,
1454 2898 1553 2952 καί
1575 2897 1895 2953 διδάσκον-

323 3001 415 3050 τες
438 2986 632 3040 πάντα
667 2987 1001 3055 ἄνθρωπον.
1042 2991 1154 3042 Οὐκ
1188 2989 1560 3053 ἐπιτακτικῶς
1595 2988 1716 3043 οὐδὲ
1754 2991 1892 3059 μετὰ

324 3079 559 3149 ἀνάγκης
582 3097 595 3111 ο
626 3079 722 3134 καὶ
753 3082 862 3151 γὰρ
892 3081 987 3134 καὶ
1016 3081 1174 3134 τοῦτο
1196 3082 1295 3150 τῆς
1325 3082 1476 3145 θείας
1500 3084 1890 3152 χρηστότητος,

325 3172 381 3223 τὸ
412 3172 484 3241 μὴ
526 3173 870 3244 τυραννικῶς
918 3175 1318 3244 προσάγεσθαι,
1349 3176 1482 3229 ἀλλὰ
1521 3176 1657 3245 μετά
1710 3176 1896 3229 νουθε-

327 3263 438 3327 σίας
465 3269 558 3317 καὶ
589 3266 966 3328 διδασκαλίας.
1000 3266 1238 3336 Νοήσεις
1268 3266 1323 3318 δὲ
1356 3266 1639 3321 νουθεσίαν
1675 3267 1773 3336 μὲν
1803 3267 1895 3320 ἐπὶ

324 3357 412 3417 τῆς
451 3358 697 3426 πράξεως
717 3374 731 3387 ο
771 3357 1123 3412 διδασκαλίαν
1156 3358 1211 3411 δὲ
1244 3360 1336 3411 ἐπὶ
1365 3359 1674 3428 δογμάτων.

394 3449 494 3503 Ἐν
522 3452 691 3518 πάσῃ
729 3452 936 3521 σοφίᾳ.
974 3453 1048 3504 Τὸ
1078 3454 1186 3522 γὰρ
1214 3454 1437 3506 τοιαῦτα
1472 3452 1766 3525 δυνηθῆναι
1813 3453 1895 3508 δι-

326 3539 496 3607 δάξαι,
532 3545 714 3612 πάσης
738 3544 781 3575 ¹⁰
813 3544 1005 3613 σοφίας
1031 3544 1225 3607 δεῖται,
1254 3545 1345 3597 καὶ
1373 3546 1470 3614 τῆς
1494 3547 1603 3599 ἀπὸ
1621 3547 1731 3598 τῶν
1752 3546 1895 3615 Γρα-

328 3630 456 3698 φῶν,
488 3635 581 3688 καὶ
610 3635 711 3703 τῆς
741 3634 848 3687 ἀπὸ
878 3634 1188 3703 λογισμῶν,
1221 3638 1313 3688 καὶ
1339 3636 1437 3705 τῆς
1468 3636 1581 3689 ἀπὸ
1611 3635 1719 3689 τῶν
1775 3636 1898 3690 Ἐλ-

327 3719 553 3791 ληνικῶν
588 3725 792 3791 αὐτῶν,
818 3725 892 3788 ὼς
919 3727 1043 3789 τοὺς
1081 3725 1401 3796 Ἀθηναίους
1428 3727 1537 3783 ἀπὸ
1558 3726 1652 3782 τοῦ
1684 3728 1892 3799 βωμοῦ.

396 3907 529 3963 Ἵνα
561 3907 1051 3975 παραστήσωμεν
1089 3911 1285 3965 πάντα
1323 3911 1637 3980 ἄνθρωπον
1666 3913 1899 3969 τέλειον

326 4000 392 4051 ἐν
423 4001 890 4069 ΧριστῷἾησοῦ.
920 4002 984 4054 Τί
1031 4000 1204 4070 λέγεις
1225 4021 1239 4061 ;
1264 4022 1283 4055 ι
1308 4003 1489 4057 Πάντα
1525 4005 1809 4076 ἄνθρωπον
1832 4025 1846 4073 ;
1871 4030 1889 4059 ι

328 4092 452 4155 Ναὶ,
487 4093 647 4164 φησὶ,
679 4094 838 4147 τοῦτο
869 4094 1267 4164 σπουδάζομεν.
1310 4098 1374 4148 Ei
1420 4096 1476 4150 δὲ
1525 4097 1601 4167 μὴ
1645 4099 1898 4169 γένηται,

325 4183 472 4236 οὲδὲν
509 4185 645 4255 πρὸς
679 4187 845 4253 ἡμᾶς.
870 4206 887 4236 ι
914 4185 1128 4239 Τέλειον
1150 4205 1167 4237 ι
1193 4187 1383 4250 δὲ,οὑκ
1411 4189 1469 4241 ὲν
1498 4189 1668 4258 νόμῳ,
1700 4190 1819 4243 οὐδὲ
1840 4191 1899 4244 ὲν

326 4278 596 4347 ἀγγέλοις,
635 4277 752 4333 ἀλλ’
788 4297 806 4331 ι
844 4280 901 4332 ὲν
944 4279 1167 4350 Χριστῷ
1218 4279 1415 4349 Ἰησοῦ,
1451 4299 1469 4332 ι
1505 4282 1812 4347 τουτέστινζ
1842 4284 1901 4337 ὲν

327 4374 391 4442 τῇ
433 4372 633 4440 γνώσει
664 4371 759 4425 τοῦ
790 4369 1047 4442 Χριστοῦ.
1095 4373 1304 4426 Ἐκεῖνο
1333 4374 1441 4444 γὰρ
1469 4374 1531 4428 οὐ
1566 4374 1792 4430 τέλειον.

391 4467 489 4530 Εἰς
525 4465 556 4518 ὃ
583 4464 684 4518 καί
715 4464 904 4518 κοπιῶ
934 4463 1381 4535 ἀγωνιζόμενος.
1416 4467 1531 4520 Οὐκ
1554 4468 1799 4541 ἠρκέσθη
1822 4469 1900 4540 τῷ

1991 1975 2278 2045 praeconiis
2323 1983 2506 2029 autem
2557 1982 2614 2030 et
2662 1975 2914 2031 laudibus
2959 1976 3062 2031 hoc
3096 1975 3272 2045 ponit,
3328 1983 3387 2027 ut
3420 1972 3572 2042 ipsos

1990 2067 2162 2136 magis
2184 2066 2445 2121 attrahat.
2470 2065 2527 2121 Si
2560 2067 2704 2121 enim
2734 2067 2987 2122 Christus
3011 2065 3268 2129 in'vobis,
3300 2062 3573 2132 quomodo

1989 2160 2213 2230 angelos
2243 2160 2622 2216 benefactores
2662 2159 2944 2215 asseritis?
2991 2156 3129 2229 Spes
3171 2166 3351 2212 autem
3388 2154 3575 2226 gloria:

1991 2262 2096 2317 est,
2133 2253 2274 2322 quod
2308 2270 2404 2324 per
2434 2269 2558 2307 eum
2585 2268 2871 2322 speramus
2898 2253 3286 2321 sempiternam
3316 2263 3419 2304 nos
3441 2262 3573 2302 con-

1992 2358 2278 2403 secuturos
2308 2346 2578 2419 gloriam;
2633 2347 2716 2404 vel
2752 2349 2896 2418 quod
2920 2362 3047 2416 spes
3082 2354 3265 2400 nostra
3313 2341 3571 2403 celebris,

1991 2449 2042 2493 ct
2073 2454 2192 2509 (pne
2232 2456 2330 2495 nos
2358 2456 2461 2495 n0u
2490 2440 2818 2511 pudefaeiat,
2853 2438 3221 2495 sitChristus.

2070 2530 2232 2587 Vsus.
2266 2532 2357 2587 ‘28.
2392 2532 2558 2598 Quem
2608 2548 2699 2586 nos
2736 2531 3135 2585 denuntiamus.
3168 2530 3302 2594 Nos,
3335 2542 3439 2583 non
3475 2542 3576 2580 an-

1991 2626 2116 2697 geli.
2152 2625 2434 2693 Quomodo
2479 2625 2644 2695 igitur
2693 2623 2814 2678 illos
2860 2622 3142 2676 ministros
3172 2618 3421 2674 habetis?
3455 2616 3578 2669 Em-

1993 2720 2207 2788 pbatice
2229 2727 2408 2772 autem
2440 2716 2599 2783 dixit,
2636 2716 3043 2777 Demmtiamus,
3069 2729 3098 2768 a
3126 2713 3377 2781 supernis
3403 2712 3575 2778 ipsum

1995 2808 2248 2865 videlicet
2277 2809 2624 2863 deducentes.

2068 2900 2412 2954 Admonentes
2448 2914 2654 2953 omnem
2687 2897 2976 2960 hominem,
3007 2912 3068 2952 ac
3101 2896 3344 2951 docentes
3371 2910 3577 2948 omnem

1996 2992 2277 3047 hominem.
2330 2989 2445 3047 Non
2494 3006 2613 3046 cum
2659 2991 2920 3061 imperio,
2970 3002 3144 3057 neque
3198 2991 3517 3042 necessitate
3558 3005 3577 3041 ι

1995 3101 2121 3140 nam
2154 3095 2209 3141 et
2236 3086 2339 3141 hoc
2368 3086 2565 3141 divinae
2595 3095 2682 3141 est
2729 3086 3104 3155 benignitatis,
3139 3097 3247 3137 non
3296 3082 3581 3152 tyrannica

1918 3201 1964 3264 ρ
1998 3178 2195 3235 adduci
2225 3180 2557 3249 quempiam,
2590 3193 2776 3234 verum
2821 3192 2942 3232 cum
2991 3175 3365 3230 adtnonitione
3395 3182 3451 3228 et
3480 3172 3579 3225 do-

1997 3272 2192 3327 ctrina.
2247 3269 2520 3341 lntelliges
2569 3280 2750 3327 autem
2802 3266 3227 3323 admonitionem
3285 3266 3351 3319 de
3396 3265 3577 3333 operi-

1995 3366 2128 3432 bus;
2166 3365 2466 3420 doctrinam
2491 3379 2641 3428 vero,
2670 3365 2737 3417 de
2767 3361 3126 3431 dogmatibus.

2070 3454 2137 3510 In
2167 3456 2313 3510 omni
2334 3455 2615 3525 sapientia.
2643 3453 2795 3508 Talia
2828 3451 2972 3507 enim
3005 3464 3163 3518 posse
3184 3449 3400 3511 docere,
3428 3446 3580 3501 omni

1997 3547 2260 3617 sapientia
2287 3562 2423 3618 opus
2457 3548 2636 3614 habet,
2684 3556 2797 3600 tum
2832 3560 2896 3599 ea
2931 3560 3051 3614 qure
3079 3552 3165 3597 est
3191 3557 3221 3597 c
3271 3540 3577 3607 Scriptura,

2001 3650 2113 3695 tum
2148 3656 2210 3696 ea
2256 3655 2376 3711 qua:
2412 3639 2649 3696 sumitur
2688 3654 2718 3692 a
2767 3638 2974 3692 ratione
3010 3646 3177 3705 atque
3218 3632 3578 3705 argumentis,

1997 3745 2050 3790 et
2080 3750 2141 3790 ea
2165 3750 2287 3805 quas
2315 3734 2545 3792 discitur
2569 3735 2638 3787 ab
2665 3732 2798 3802 ipsis
2823 3731 3050 3796 Graecis,
3076 3728 3300 3801 perinde
3326 3742 3392 3781 ac
3413 3726 3583 3780 Athe-

1999 3826 2221 3882 nienses
2250 3826 2572 3883 instituebat
2598 3827 2666 3879 ab
2697 3840 2812 3879 ara.

2076 3915 2145 3970 Ut
2195 3918 2534 3972 exhibeamus
2590 3932 2797 3970 omnem
2852 3915 3119 3993 hominem
3176 3911 3467 3983 perfectum
3525 3910 3583 3962 in

2002 4006 2217 4062 Christo
2244 4005 2398 4060 Jesu.
2429 4004 2570 4072 Quid
2614 4003 2794 4061 dicis?
2844 4016 3061 4057 omnem
3095 4000 3417 4056 hominem?
3446 3993 3542 4052 Nae
3565 4040 3579 4063 ,

2003 4098 2202 4168 inquit,
2233 4097 2333 4152 hoc
2367 4111 2652 4151 conamur.
2697 4096 2755 4150 Si
2818 4110 2949 4150 vero
2976 4107 3079 4147 non
3112 4091 3409 4162 contingat,
3445 4088 3582 4143 nihil

2002 4190 2068 4245 ad
2102 4204 2224 4246 nos.
2251 4189 2557 4245 Puriectum
2583 4197 2790 4255 autem,
2824 4204 2930 4243 non
2962 4189 3017 4242 in
3043 4188 3181 4257 lege,
3209 4200 3383 4254 neque
3405 4183 3458 4237 in
3483 4199 3583 4237 at-

2001 4285 2158 4357 gelis,
2193 4285 2288 4340 sed
2337 4284 2390 4339 in
2419 4283 2640 4338 Christo
2671 4281 2799 4336 Jesu
2823 4321 2839 4346 ,
2881 4280 2984 4335 hoc
3017 4290 3120 4340 est,
3170 4278 3223 4331 in
3275 4274 3583 4345 cognitione

2000 4377 2206 4433 Christi
2233 4394 2250 4432 :
2288 4377 2418 4432 illud
2445 4377 2588 4430 enim
2617 4390 2722 4428 non
2754 4385 2835 4427 est
2861 4371 3183 4441 perfectum.

2076 4469 2236 4527 Vens.
2265 4469 2352 4526 29.
2385 4467 2450 4522 in
2478 4466 2617 4537 quod
2639 4476 2684 4520 et
2711 4464 2896 4518 laboro
2918 4472 3151 4517 certans.
3175 4459 3295 4514 Non
3323 4459 3425 4512 fuit
3448 4472 3579 4514 con-

328 4554 418 4606 τοῦ
449 4556 623 4609 κόπου
657 4556 885 4625 ὀνόματι
908 4594 922 4618 ,
958 4554 1094 4608 ἀλλὰ
1138 4557 1450 4628 προσέθηκε
1480 4557 1572 4622 τὸ,
1602 4560 1900 4628 Ἀγωνιζό.

2008 4571 2189 4618 lentus
2218 4560 2417 4639 laboris
2452 4557 2738 4622 vocabulo,
2778 4558 2873 4612 sed
2912 4556 3164 4626 apposuit
3195 4551 3397 4625 ,478
3448 4550 3579 4605 Cer-

323 4668 526 4717 μενος,
561 4653 650 4706 ἵνα
680 4652 831 4723 δείξῃ
862 4651 962 4721 τὴν
997 4651 1329 4723 ἀγρυπνίαν,
1362 4652 1779 4725 τὴνοάκρίὸειαν
1805 4658 1904 4727 τῆς

2001 4666 2143 4718 tam,
2170 4662 2230 4708 ut
2259 4653 2511 4708 ostendat
2562 4650 2899 4721 vigilantiam
2936 4656 3097 4717 atque
3123 4657 3372 4702 exactam
3409 4646 3581 4700 victus

328 4743 559 4814 διαίτης,
593 4745 763 4798 τᾶλλα
810 4746 911 4798 ὅσα
940 4745 1049 4796 τῶν
1087 4745 1529 4814 ἀγωνιζομένων.
1563 4748 1625 4811 Ei
1662 4750 1760 4818 μὲν
1809 4746 1909 4804 οῦν

2008 4746 2297 4807 rationem,
2327 4740 2561 4813 aliaque'
2590 4742 2776 4796 itidem
2812 4754 3151 4812 quaecunque
3194 4747 3321 4793 sunt
3364 4747 3582 4791 certan-

330 4836 438 4904 ἐγὼ
462 4839 643 4891 κοπιῶ
667 4838 803 4910 ὑπὲρ
828 4838 939 4892 τῶν
980 4837 1264 4909 ὑμετέρων
1301 4839 1543 4906 ἀγαθῶν,
1578 4842 1730 4912 πόσῳ
1762 4842 1903 4912 μᾶλ-

331 4927 419 4981 λον
454 4930 614 4999 ὑμεῖς
634 4947 647 4994 ;

398 5022 558 5077 Κατὰ
598 5022 713 5090 τὴν
742 5022 1048 5091 ἐνέργειαν
1077 5021 1286 5083 αὐτοῦ,
1322 5021 1438 5090 τὴν
1467 5022 1905 5096 ἐνεργουμένην

329 5112 398 5167 ἐν
419 5114 547 5184 ἐμοὶ
582 5115 652 5169 ἐν
679 5114 947 5183 δυνάμει.
981 5113 1198 5185 Ἐπειδὴ
1232 5107 1409 5180 εἶπεν,
1443 5116 1525 5168 ὅτι
1559 5117 1897 5188 Κοπιῶ,ίδεί-

329 5220 514 5260 κνυσιν
541 5207 622 5260 ὅτι
656 5206 750 5260 καὶ
782 5206 940 5259 τοῦτο
965 5205 1106 5259 θεῖόν
1136 5206 1309 5258 ἐστιν.
1351 5205 1412 5259 Ὀ
1442 5206 1550 5277 γὰρ
1578 5208 1796 5279 ἰσχυρόν
1832 5228 1902 5281 με

334 5298 502 5351 ποιῶν
526 5300 609 5362 εἰς
637 5298 796 5352 τοῦτο
824 5337 839 5360 .
874 5298 1032 5367 δῆλον
1063 5298 1145 5352 ὅτι
1188 5296 1350 5350 τοῦτο
1397 5297 1681 5367 βούλεταιο
1715 5301 1904 5376 ὥσπερ

334 5391 428 5444 καὶ
458 5391 761 5460 ἀρχόμενος
816 5391 1034 5461 ἔλεγεν⁸
1087 5391 1449 5456 Ἀπόστολος
1487 5390 1585 5445 διὰ
1647 5394 1904 5462 θελήμα-

339 5497 438 5546 τος
479 5482 650 5536 Θεοῦ.
698 5483 948 5536 Δείκνυσι
978 5482 1035 5535 δὲ
1059 5481 1148 5535 διά
1183 5480 1405 5544 τούτου,
1447 5483 1543 5535 καὶ
1587 5484 1671 5536 ὅτι
1719 5486 1902 5539 πολλοὶ

264 5628 267 5631 .
339 5572 605 5643 μάχονται
641 5576 775 5645 πρὸς
809 5574 994 5629 αὐτόν.
1026 5574 1157 5627 Τότε
1190 5574 1300 5642 γάρ
1348 5573 1548 5643 μᾶλλον
1588 5575 1834 5643 φαίνεται
1870 5581 1902 5650 ὴ

335 5664 563 5729 δύναμις
591 5667 682 5720 τοῦ
715 5667 872 5733 Θεοῦ,
903 5669 1032 5722 ὅταν
1061 5668 1427 5737 ἀντικείμενοι
1453 5661 1557 5720 ὦσι
1592 5670 1795 5726 πολλοί.

2001 4839 2158 4893 tium.
2188 4835 2341 4904 Quod
2375 4835 2422 4891 si
2473 4835 2638 4906 igitur
2678 4847 2778 4906 ego
2802 4832 3003 4890 laboro
3035 4847 3134 4903 pro
3169 4830 3371 4886 vestris
3399 4828 3577 4892 bonis,

2000 4941 2207 5004 quanto
2233 4929 2411 5000 potius
2447 4930 2580 4984 vos?

2080 5024 2384 5080 Secundum
2413 5021 2770 5093 operationem
2799 5020 2913 5091 ejus
2932 5059 2946 5086 ,
2982 5035 3103 5087 ante
3137 5028 3384 5087 operatur
3413 5015 3470 5070 in
3500 5031 3580 5069 me

2004 5118 2059 5174 in
2102 5116 2356 5188 potentia.
2390 5113 2686 5183 Postquam
2718 5113 2873 5180 dixit,
2914 5111 3142 5177 Laboro,
3191 5107 3433 5165 ostendit
3478 5107 3580 5161 Imc

2007 5212 2245 5267 divinum
2293 5222 2435 5263 esse.
2484 5205 2588 5274 Qui
2619 5206 2763 5260 enim
2813 5219 2897 5258 me
2928 5202 3123 5257 fortem
3155 5202 3220 5253 ad
3278 5200 3379 5253 hoc
3427 5197 3577 5260 facit,

2004 5305 2348 5376 perSpicuum
2382 5310 2467 5357 est
2495 5299 2640 5369 quod
2669 5300 2769 5353 hoc
2823 5296 2986 5351 vult:
3029 5294 3479 5376 quemadmodum
3520 5294 3573 5347 in

2004 5372 2276 5467 principio
2298 5393 2452 5460 dixit,
2476 5392 2580 5446 Per
2605 5390 2919 5446 uoluntatem
2944 5387 3038 5442 Dei
3059 5372 3579 5454 Apostolustsmn-

2012 5490 2090 5543 dit
2118 5500 2295 5542 autem
2328 5501 2423 5556 per
2444 5484 2566 5550 hoc,
2591 5481 2732 5553 quod
2763 5480 2913 5535 multi
2937 5481 3100 5535 etiam
3125 5487 3361 5549 pugnent
3382 5476 3576 5529 adver-

2013 5596 2106 5635 sus
2137 5580 2332 5648 ipsum.
2364 5576 2516 5631 Tunc
2548 5576 2690 5631 enim
2727 5574 2897 5644 magis
2938 5582 3161 5645 apparet
3187 5583 3240 5626 et
3288 5571 3577 5636 conspicua

2014 5674 2073 5727 tit
2103 5672 2339 5741 potentia
2382 5672 2496 5736 Dei,
2537 5671 2754 5741 quando
2790 5668 2944 5724 utulti
2978 5668 3178 5724 fuerint
3210 5664 3505 5721 adversarii

1658 5765 1860 5825 Varia:
1893 5764 2216 5826 lectiones.

500 5860 630 5911 am
660 5862 812 5914 τοῦτ’)
849 5861 902 5912 τὶ
929 5860 1094 5922 ὅπως
1130 5877 1284 5930 μυστ,
1327 5859 1500 5922 οὐδεὶς
1527 5878 1578 5914 n.
1662 5864 1703 5894 ¹⁰
1746 5864 1913 5931 πόσης
1954 5882 2006 5920 υ.
