3994 6564
160 338 318 403 1229

970 347 1382 415 EXPOSITIO
1423 356 1501 416 lN
1539 358 1785 422 EPIST.
1829 361 1928 421 AD
1966 363 2245 425 COLOSS
2324 386 2352 398 ⁸
2407 368 2563 432 CAP.
2615 373 2692 433 Π.

3269 382 3410 451 ῙΞΖι)

160 456 366 519 σύνης,
403 449 502 521 οὐχ
533 450 602 523 ἢν
634 450 786 507 αὐτοὶ
826 454 1066 527 ἔχουσιν,
1102 461 1218 515 ἀλλ’
1244 466 1318 527 ὡς
1354 464 1627 534 λέγοντες,
1668 470 1738 522 ὅτι

1856 470 2016 525 veluti
2047 485 2354 532 asserentes
2383 479 2554 548 majus
2580 496 2701 537 esse
2746 497 2909 553 quam
2955 487 3262 549 hominibus
3292 512 3427 550 con-

150 541 427 614 Μεῖζονῆ
462 544 607 600 κατὰ
636 545 977 616 ἀνθρώπους,
1024 552 1084 604 τὸ
1119 556 1392 625 σφαγῆναι
1426 559 1567 628 ὑπὲρ
1590 560 1746 630 ἡμῶν

152 635 253 688 τὸν
288 636 597 707 Μονογενῆ.

243 727 362 782 Καὶ
399 729 473 782 οὐ
519 728 755 798 κρατῶν
805 730 921 801 τὴν
947 736 1249 804 κεφαλὴν.
1303 740 1373 805 ἐξ
1406 738 1479 798 οὗ
1514 743 1639 800 πᾶν
1676 746 1743 800 τὸ

151 819 337 887 σῶμα
387 818 487 872 διὰ
554 819 674 873 τῶν
711 822 882 891 ἁφῶν
944 828 1043 880 καὶ
1092 828 1456 901 συνδέσμων
1509 836 1747 905 ἐπιχορ-

149 913 503 978 manium-or
542 914 641 966 xui.
679 916 1205 988 συμόιῦαζόμενον,
1225 924 1394 988 αὔξει
1431 926 1745 997 τὴναῦξη-

149 1017 263 1053 σιν
290 1002 402 1055 τοῦ
441 1004 612 1058 Θεοῦ.
649 1006 724 1059 Ού
764 1011 976 1077 κρατεῖ,
1010 1013 1191 1082 φησιν.
1222 1017 1249 1067 ὀ
1294 1015 1462 1070 ταῦτα
1487 1020 1744 1090 δογματί-

150 1094 293 1155 ζων,
322 1094 424 1166 τὴν
476 1097 1000 1166 κεφαλὴν,τουτέστι
1024 1104 1112 1156 τὸν
1137 1105 1284 1161 Υιόν.
1301 1110 1470 1168 Αὐτὸς
1491 1111 1599 1184 γάρ
1626 1116 1742 1171 ἐστι

153 1186 381 1260 κεφαλὴ
403 1189 513 1241 τῶν
545 1189 819 1258 ἀγγέλων,
854 1192 928 1257 ὡς
965 1195 1201 1269 Ποιητής
1249 1201 1342 1252 καὶ
1376 1203 1740 1275 Δημιουργὸς’

149 1277 296 1331 ἀλλὰ
331 1281 428 1332 καὶ
470 1281 653 1351 πάσης
682 1285 777 1354 τῆς
826 1286 1152 1358 Ἑκκλησὶας
1207 1293 1440 1364 κεφαλὴ,
1475 1298 1568 1349 καὶ
1597 1300 1739 1354 κατὰ

146 1368 321 1421 τοῦτο
357 1371 479 1438 μὲν,
514 1372 654 1444 πλὴν
697 1373 833 1428 ἀλλὰ
864 1379 958 1429 καὶ
993 1379 1129 1431 καθὸ
1164 1380 1326 1449 σῶμα
1377 1385 1543 1439 αὑτοῦ
1576 1389 1742 1456 ἐσμεν

68 1526 73 1529 τ
149 1462 248 1514 καὶ
282 1462 452 1532 μέλη,
482 1468 914 1537 κοινωνήσαντας
942 1470 1071 1539 ἡμῖν
1086 1471 1196 1525 τῶν
1219 1474 1421 1531 αὐτῶν.
1456 1476 1546 1542 Ἐξ
1569 1478 1735 1533 αὑτοῦ

146 1551 341 1605 τοίνυν
355 1555 466 1607 πᾶν
484 1554 545 1607 τὸ
565 1555 722 1627 σῶμα
738 1559 837 1628 τῆς
868 1560 1194 1632 Ἐκκλησίας
1212 1565 1303 1617 καὶ
1319 1566 1380 1619 τὸ
1393 1563 1532 1621 εἶναι
1553 1570 1740 1636 ἁπλῶς

144 1644 238 1716 ἔχε
248 1664 288 1709 ι,
313 1647 492 1702 καὶτὸ
509 1648 570 1703 εὖ
587 1645 751 1707 εἶναι.
781 1650 907 1707 Ἐὰν
926 1654 1092 1708 αὐτοῦ
1116 1656 1323 1731 ἐκπέσῃ
1342 1677 1444 1727 τις,
1463 1661 1739 1717 ἀπόλωλεν

144 1737 342 1800 εὐθύς.
389 1740 605 1809 Ὠσπερ
630 1743 740 1814 γὰρ
773 1735 835 1798 τὸ
879 1744 1197 1818 αἰσθητικὸν
1243 1750 1459 1822 πνεῦμα
1490 1754 1597 1807 ἀπὸ
1642 1756 1737 1809 τοῦ

1858 563 2054 627 veniat,
2092 563 2432 637 lluigenitum
2467 588 2563 641 pro
2598 575 2754 630 nobis
2786 580 2984 634 occidi.

1925 737 2088 796 Vens.
2131 741 2218 799 19.
2251 742 2318 797 Et
2349 763 2449 802 non
2476 758 2655 805 tenens
2683 764 2861 823 caput,
2891 773 2956 811 ea:
2985 771 3282 828 quotatum
3308 783 3426 823 cor-

1852 844 1951 898 pus
1995 845 2090 899 per
2126 849 2291 889 nexus
2330 848 2377 891 et
2413 840 2810 908 conjunctiones
2864 848 3323 909 subministratum
3376 846 3427 912 et

1851 933 2230 992 constructum,
2263 930 2443 982 crescit
2482 932 2535 985 in
2564 949 2899 1004 augmentum
2943 940 3058 996 Dei.
3097 941 3214 999 Non
3247 953 3426 1003 conli-

1854 1019 1964 1075 net,
1999 1010 2193 1080 inquit,
2224 1016 2314 1084 qtti
2336 1016 2450 1072 haec
2482 1021 2667 1088 tradit,
2701 1038 2879 1095 caput,
2930 1029 3031 1084 hoc
3080 1043 3161 1088 est
3204 1035 3423 1094 Filium.

1850 1097 1967 1169 Ipse
1989 1105 2133 1157 enim
2175 1114 2257 1161 est
2288 1118 2450 1178 caput
2501 1112 2839 1181 angelorum,
2900 1122 3070 1182 veluti,
3123 1123 3347 1184 Creator
3374 1143 3428 1186 ct

1850 1192 2064 1263 Opifex.
2095 1197 2325 1268 Insuper
2375 1204 2540 1260 tctius
2581 1209 2745 1262 etiam
2808 1210 3063 1269 Ecclesiae
3117 1230 3282 1290 caput
3344 1233 3425 1277 est

1849 1300 1970 1341 cum
2003 1292 2300 1346 secundum
2334 1294 2438 1350 hoc
2470 1297 2642 1367 ipsum
2687 1303 2927 1371 quidem,
2988 1315 3098 1362 tum
3156 1323 3426 1381 quatenus

1847 1393 2048 1448 corpus
2087 1383 2255 1451 ipsius
2276 1401 2466 1443 sumus
2497 1402 2551 1445 et
2584 1393 2846 1464 membra,
2902 1399 3021 1467 ipso
3052 1402 3328 1460 nobiscum
3373 1409 3426 1464 in

1851 1469 2037 1526 iisdem
2068 1479 2531 1537 communicante.
2563 1485 2640 1539 Ex
2702 1488 2822 1557 ipso
2882 1490 3064 1561 itaque
3110 1496 3423 1556 universum

1848 1577 2048 1634 corpus
2085 1567 2344 1626 Ecclesiae
2369 1581 2421 1627 et
2453 1591 2613 1633 suum
2649 1594 2768 1635 esse
2802 1582 3125 1653 simpliciter
3152 1588 3335 1654 habet.
3369 1605 3425 1647 et

1850 1654 1985 1710 bene
2016 1673 2155 1716 esse.
2211 1662 2266 1717 Si
2327 1666 2616 1737 quisquam
2674 1673 2742 1726 ab
2786 1687 2850 1728 eo
2906 1678 3191 1745 exciderit,
3239 1685 3421 1739 statim

1847 1749 2029 1815 periit.
2080 1750 2544 1819 Quemadmodum
2598 1764 2744 1817 enim
2806 1767 3102 1825 sensitivus
3133 1773 3358 1842 spiritus
3390 1794 3419 1829 τι

144 1829 469 1898 ἐγκεφάλου
486 1833 566 1896 εἰς
587 1834 696 1887 πᾶν
714 1833 773 1888 τδ
807 1835 967 1907 σῶμα
984 1837 1274 1895 διαδίδοται
1286 1843 1373 1896 διὰ
1390 1844 1498 1899 τῶν
1511 1847 1738 1917 νεύρων,

1845 1842 2070 1897 cerebro
2105 1846 2155 1898 in
2184 1856 2350 1902 totum
2383 1866 2579 1921 corpus
2600 1871 2697 1923 per
2716 1872 2910 1915 nervos
2935 1829 3275 1933 diﬂ'unditur,
3306 1878 3358 1923 et
3389 1886 3419 1923 τι

142 1921 242 1971 καὶ
270 1922 388 1974 ἀπὸ
421 1924 522 1992 τῆς
554 1925 798 1997 κεφαλῆς
827 1929 942 1981 ἐστι
971 1931 1121 1983 πᾶσα
1145 1931 1419 2003 αἴσθησις.
1453 1936 1549 1989 καὶ
1586 1938 1741 1992 πᾶσα

141 2011 372 2084 κίνησις
398 2030 414 2044 ⁸
467 2016 613 2070 οὕτω
647 2020 741 2072 καὶ
797 2020 860 2073 τὸ
904 2021 1005 2090 τῆς
1047 2024 1375 2096 Ἐκκλησίας
1413 2027 1574 2098 σῶμα
1630 2030 1739 2083 ἀπὸ

139 2105 240 2158 τοῦ
278 2107 530 2175 Χριστοῦ
566 2109 1038 2182 ἐπιχορηγεῖται,
1086 2118 1356 2183 τουτέστι,
1385 2120 1653 2191 λαμόἀνει
1680 2124 1740 2175 τὸ

139 2196 247 2269 ζῇν
272 2201 373 2252 καὶ
389 2199 577 2267 αύξειν
601 2205 1008 2275 πνευματικῶς.
1034 2208 1168 2262 Πότε
1187 2210 1302 2242 ³⁸⁸³⁷
1328 2211 1386 2264 δὲ
1404 2212 1562 2267 τοῦτο
1591 2214 1736 2286 ἔχεις

149 2290 290 2344 Ὅτε
335 2294 773 2362 συμϐιϐἁζεται,
803 2299 1074 2367 τουτέστι,
1108 2301 1404 2372 συνάφειαν
1443 2305 1557 2375 ἔχει
1602 2308 1740 2373 πρὸς

142 2384 346 2439 αὐτόν.
392 2384 468 2438 Τὸ
519 2388 629 2459 γὰρ
675 2388 832 2456 ἅγιον
892 2390 1115 2463 Πνεῦμα
1169 2393 1256 2447 διὰ
1289 2395 1399 2449 τῶν
1446 2397 1600 2465 ἁφῶν
1641 2398 1739 2452 καὶ

140 2477 476 2547 συνδέσμων
507 2480 607 2549 τὴν
636 2482 999 2552 ἐπιχορηγιαν
1026 2485 1124 2555 τῆς
1154 2485 1438 2554 αὐξήσεως
1473 2486 1691 2542 δίδωσιν
1717 2506 1732 2522 ο

137 2567 218 2632 ὡς
256 2567 321 2621 εἰ
386 2587 452 2637 γε
508 2571 803 2627 ἀσύνδετον
830 2575 915 2644 εἴη
965 2578 1059 2629 καὶ
1112 2579 1387 2646 ἀσυναφὲς
1451 2580 1512 2632 τὸ
1576 2582 1737 2651 σῶμα

138 2660 291 2727 πρὸς
348 2662 451 2727 τὴν
516 2663 786 2735 κεφαλὴ),
865 2667 961 2719 καὶ
1021 2668 1083 2720 οὐ
1140 2669 1540 2740 συμὸιὸάζεται
1600 2676 1737 2745 πρὸς

137 2751 348 2822 αὐτὴν,
409 2754 715 2822 τουτέστιν,
769 2757 832 2811 οὐ
892 2758 1222 2823 συντίθεται,
1270 2762 1370 2814 οὐκ
1415 2762 1484 2815 ἂν
1546 2762 1737 2839 obesi)

136 2845 561 2915 ἐπεχορήγησις
592 2848 688 2900 τοῦ
739 2848 1057 2920 Πνεύματος
1085 2850 1311 2919 γίνοιτο,
1349 2853 1471 2908 οὔτε
1504 2857 1537 2927 ή
1568 2857 1737 2928 αὔξη-

137 2951 225 2997 σις
258 2935 363 2988 τοῦ
398 2937 559 3002 Θεοῦ,
585 2939 888 3007 τουτέστιν,
932 2942 966 3012 ἡ
989 2943 1087 3013 τῆς
1117 2946 1261 3000 κατὰ
1290 2945 1423 3001 Θεὸν
1457 2949 1738 3014 πολιτείας

134 3028 239 3097 τῆς
279 3028 543 3099 ἀρίστης.

222 3121 297 3172 Et
327 3121 666 3177 ἀπεθάνετε
703 3125 829 3179 σὺν
877 3126 958 3191 τῷ
996 3130 1228 3197 Χριστῷ
1267 3131 1387 3187 ἀπὸ
1420 3134 1542 3188 τῶν
1574 3152 1735 3190 στοιο
1759 3169 1805 3232 C

1841 1935 2024 2002 capite
2063 1939 2241 1994 omnis
2274 1937 2466 1998 sensus
2496 1954 2579 2001 est
2602 1955 2657 2002 et
2681 1958 2891 2005 motus:
2923 1952 3064 2010 hunc
3097 1957 3162 2010 ad
3199 1959 3417 2014 modum

1840 2027 2098 2086 Ecclesia:
2126 2047 2328 2105 corpus
2360 2050 2388 2089 a
2417 2035 2636 2094 Christo
2660 2043 3120 2111 subministratur,
3174 2049 3277 2105 hoc
3311 2060 3417 2113 est,

1840 2122 2042 2194 accipit
2072 2125 2239 2180 vitam
2272 2135 2328 2182 et
2354 2141 2702 2199 augmentum
2730 2136 3031 2203 spirituale.
3064 2137 3290 2205 Quando
3319 2158 3421 2196 an-

1844 2224 1951 2268 tem
1982 2216 2082 2269 hoc
2115 2216 2315 2272 habet?
2335 2219 2560 2285 Quando
2590 2224 2938 2288 construitur,
2976 2226 3079 2282 hoc
3128 2238 3232 2296 est,
3285 2248 3420 2287 con-

1844 2307 2134 2363 nexionem
2191 2311 2257 2363 ad
2308 2311 2486 2380 ipsum
2521 2323 2577 2368 et
2625 2329 2748 2369 cum
2789 2318 2906 2387 ipso
2951 2319 3130 2376 habet.
3182 2323 3422 2393 Spiritus

1839 2399 1984 2455 enim
2016 2410 2239 2456 sanettts
2267 2418 2366 2473 per
2408 2420 2579 2462 nexus
2606 2417 2659 2462 et
2704 2411 3070 2466 connexiones
3108 2417 3420 2484 suppedita-

1841 2491 2042 2546 tionem
2062 2495 2609 2563 augmentidat.Nam
2628 2497 2671 2551 si
2697 2501 3013 2555 dissolutum
3044 2502 3213 2575 486
3258 2506 3420 2561 fuerit

1837 2586 2225 2643 etdistmctum
2244 2604 2444 2660 corpus
2462 2607 2491 2645 a
2512 2594 2710 2663 capite,
2729 2604 2780 2649 ct
2799 2611 2906 2650 non
2925 2609 3295 2657 construatur.
3313 2601 3418 2655 hoc

1839 2684 1944 2742 est,
1973 2692 2080 2733 non
2114 2692 2489 2751 componatur,
2520 2700 2858 2755 nequaquam
2885 2688 3123 2759 Spiritus
3147 2692 3416 2747 submini-

1839 2766 2030 2828 stratio
2066 2772 2177 2834 ﬁet.
2207 2789 2381 2845 neque
2410 2790 2760 2847 augmentum
2792 2779 2908 2846 Dei,
2956 2783 3006 2836 id
3056 2795 3160 2849 est,
3200 2785 3418 2856 optimas

1838 2865 2135 2921 secundum
2167 2864 2337 2921 Deum
2377 2872 2834 2928 conversationis.

1943 3147 2102 3203 Vsus.
2137 3148 2229 3203 20.
2264 3148 2326 3204 Si
2378 3151 2578 3206 mortui
2622 3157 2750 3206 estis
2784 3170 2903 3208 cum
2947 3155 3161 3212 Christo
3203 3158 3269 3212 ab
3307 3158 3413 3213 ele-

129 3211 331 3277 χείων
380 3212 492 3266 τοῦ
522 3218 783 3284 κόσμου,
845 3218 904 3270 τι
930 3220 1012 3284 ὡς
1038 3219 1250 3290 ζῶντες
1279 3222 1352 3279 ἐν
1397 3225 1476 3292 τῷ
1527 3231 1733 3298 κόσμῳ

1843 3242 2028 3294 mentis
2056 3241 2261 3305 mundi,
2292 3243 2422 3313 quid
2452 3254 2706 3314 tanquam
2750 3246 2974 3301 uiuentes
3019 3211 3415 3305 inmundo—tle-

131 3304 576 3374 δογματίζεσθε
599 3323 618 3371 ;
677 3309 778 3362 Διὰ
826 3309 921 3363 τοῦ
969 3311 1366 3384 βαπτίσματος,
1400 3319 1538 3388 φησὶ
1564 3361 1579 3384 ,
1612 3338 1737 3374 συν-

130 3399 517 3463 αποοανόντες
573 3400 653 3471 τῷ
702 3404 941 3476 Χριστῷ,
992 3405 1328 3478 ἔνεκρώθητε
1367 3411 1503 3481 πρὸς
1552 3415 1733 3468 πᾶσαν

129 3491 236 3555 τὴν
286 3494 574 3564 προτέραν
624 3495 793 3567 ζωὴν,
825 3497 966 3552 ὥστε
1018 3502 1217 3570 μηκέτι
1250 3504 1389 3574 μηδὲ
1432 3508 1545 3587 τοῖς
1581 3524 1729 3562 στοι-

1835 3330 2052 3384 cernitis
2079 3329 2103 3383 7
2130 3329 2235 3386 Per
2264 3331 2556 3400 baptisma,
2588 3334 2782 3403 inquit,
2812 3337 3134 3391 commortui
3165 3337 3409 3403 Christo.

1839 3422 2040 3478 mortui
2076 3422 2209 3478 estis
2252 3423 2402 3477 omni
2447 3424 2618 3494 priori
2674 3427 2816 3491 vitae,
2858 3437 2917 3481 ut
2954 3443 3058 3481 non
3083 3428 3413 3497 ampliusne

1837 3514 1971 3582 ipsis
1996 3515 2215 3584 quidem
2246 3515 2533 3570 elementis
2560 3516 2830 3580 servietis,
2860 3517 3056 3586 quibus
3094 3528 3250 3574 antea
3279 3520 3410 3575 sub-

129 3583 313 3653 χείοις
367 3584 668 3654 δουλεύειν,
728 3585 813 3653 οἷς
865 3591 1059 3662 πρώην
1115 3594 1426 3650 ύπέκεισθε.
1460 3583 1584 3662 Πῶς
1633 3596 1728 3655 οὖν

1843 3583 2166 3672 iectieratis.
2185 3607 2286 3674 Qui
2309 3608 2474 3678 igitur
2496 3623 2638 3663 nunc
2659 3624 2869 3673 rursus,
2891 3621 3143 3680 tanquam
3175 3612 3410 3680 priorem

128 3679 309 3732 πάλιν
342 3678 462 3744 νῦν,
497 3682 575 3744 ὡς
604 3683 662 3734 ὲν
694 3685 761 3753 τῇ
794 3685 1037 3756 προτέρᾳ.
1067 3686 1181 3758 ζωῇ
1236 3674 1462 3754 ζῶντες,
1497 3691 1722 3748 ὑπόκει-

131 3768 232 3822 σθε
265 3768 490 3834 τούτοις
513 3810 530 3836 ,
559 3771 895 3826 μιδάσκεσθε
925 3776 1034 3848 γὰρ
1056 3777 1248 3848 ὃτιῆδε
1276 3779 1308 3848 ἡ
1340 3780 1525 3851 ἡμέρα
1554 3781 1728 3849 δεξιὰ,

128 3860 229 3931 ἦδε
261 3860 552 3925 ἀπαίσιοςο
570 3864 731 3917 ἅτινά
756 3866 906 3919 ἐστιν
958 3866 1233 3939 Ελληνικὲι
1257 3875 1727 3947 παρατηρήματα.

130 3952 291 4024 Ὅροι
319 3953 381 4006 δὲ
409 3955 503 4006 καὶ
528 3955 647 4017 πῶς
670 3955 855 4027 ἡρέμα
881 3959 1078 4022 αὐτοὺς
1097 3959 1461 4033 διακωμῳδεί,
1505 3966 1734 4035 Aonia-

127 4041 400 4108 τὶζεσθε,
434 4045 629 4099 εἰπών.
677 4047 767 4110 '0;
797 4049 903 4119 γὰρ
930 4050 1121 4104 παιδία
1153 4052 1433 4124 ἀρτιμαοῆ
1465 4056 1731 4126 κάθησθε,

129 4136 304 4204 φησι,
356 4134 820 4208 ὣγματιζὸμενοι
874 4142 970 4195 καὶ
1041 4144 1497 4217 νομοθετούμενοι
1538 4149 1592 4202 τε
1649 4151 1734 4204 δεῖ

127 4230 344 4281 ποιεῖν.

218 4321 326 4386 Μὴ
395 4318 554 4388 ἅψῃ,
600 4320 759 4389 μηδὲ
808 4323 1021 4391 γεύσῃ,
1068 4324 1224 4394 μηδὲ
1269 4328 1460 4397 θίγῃς·
1503 4329 1542 4385 ἅ
1595 4330 1728 4385 ἐστι

126 4410 345 4467 πάντα
377 4414 467 4479 εις
508 4413 743 4483 φθορὰν
770 4414 847 4484 τῇ
894 4416 1252 4486 ἀποχρήσει.
1287 4421 1397 4473 Καὶ
1430 4421 1593 4493 ἄλλην
1625 4441 1729 4478 πα-

1836 3694 2014 3749 adhuc
2066 3697 2231 3749 vitam
2273 3698 2539 3761 viventes,
2585 3697 2878 3754 subditnini
2934 3699 3078 3755 illis?
3131 3699 3407 3755 Docemini

1833 3786 1979 3841 enim
1995 3787 2134 3855 quod
2155 3788 2268 3842 haec
2292 3788 2406 3843 dies
2433 3789 2707 3844 fortunata
2732 3790 2824 3853 sit,
2851 3790 2939 3844 iila
2979 3805 3109 3845 vero
3136 3791 3365 3845 infausta
3391 3807 3405 3845 :

1835 3893 1955 3945 qua:
2002 3876 2312 3933 Graecorum
2363 3890 2491 3935 sunt
2537 3883 2970 3938 observationes.
3025 3883 3166 3951 Quin
3199 3893 3252 3938 et
3278 3883 3410 3939 illud

1841 3968 1988 4031 vide,
2025 3968 2293 4035 quomodo
2340 3970 2504 4025 tacite
2532 3985 2627 4027 eos
2657 3981 2845 4040 carpat
2883 3974 3130 4039 dicendo,
3185 3975 3410 4044 Δογμα-

1832 4056 2081 4117 τίζῑισθε.
2120 4056 2254 4111 Nam
2289 4058 2465 4114 instar
2523 4076 2835 4129 puerorum,
2898 4064 3093 4130 inquit,
3123 4066 3215 4133 qui
3239 4078 3411 4132 nuper

1831 4149 2040 4203 discere
2059 4159 2364 4218 cmperunt,
2386 4152 2609 4215 sedetis.
2630 4153 2853 4209 docendi
2876 4165 2928 4209 et
2946 4153 3257 4209 instituendi
3280 4154 3409 4225 quid

1831 4238 2008 4294 facere
2033 4249 2268 4309 oportet.

1901 4329 2062 4387 Vsus.
2093 4332 2186 4393 2|,
2208 4332 2301 4387 2‘2.
2316 4332 2394 4387 Ne
2421 4332 2677 4401 tetigeris,
2709 4349 2870 4403 neque
2903 4334 3214 4404 gustaveris,
3243 4350 3406 4405 neque
3438 4340 3443 4345 ’

1829 4424 2232 4477 contrectaveris
2261 4438 2279 4475 :
2301 4440 2417 4493 qua:
2436 4433 2555 4477 sunt
2579 4425 2761 4477 omnia
2784 4424 2837 4476 in
2857 4424 3124 4477 interitum
3144 4425 3256 4494 ipso
3281 4440 3402 4479 usu.

126 4504 461 4575 ρατήρησιν
516 4505 700 4558 αὐτῶν
735 4506 836 4576 τὴν
893 4506 1003 4561 τῶν
1047 4508 1377 4579 βρωμάτων,
1431 4513 1727 4586 Ἰουδαῖκὴν

1843 4513 2008 4567 Aliam
2068 4514 2304 4581 ipsorum
2347 4515 2777 4568 observationem
2807 4515 3016 4578 recitat,
3049 4530 3170 4585 quae
3220 4527 3304 4571 est
3344 4516 3397 4571 in

130 4596 375 4664 μᾶλλον,
413 4595 608 4668 ὥσπερ
658 4592 730 4668 ἦν
765 4600 798 4668 ή
836 4598 944 4651 τῶν
993 4601 1238 4672 ἡμερῶν,
1285 4602 1595 4675 Ἑλληνική.
1625 4607 1728 4659 Τὸν

126 4686 317 4755 τύφον
342 4686 402 4739 δὲ
436 4685 548 4741 τῶν
568 4687 950 4758 δογματιστῶν
978 4707 1081 4742 κατ
1094 4689 1384 4755 meum»,
1425 4693 1612 4761 φησιν,
1647 4695 1730 4747 ὅτι

121 4779 188 4831 οὐ
229 4777 460 4848 μεγάλα
485 4778 612 4832 τινὰ
635 4778 813 4833 ταῦτά
837 4781 1006 4845 ἐστιν,
1035 4779 1149 4834 ἀλλ’
1184 4783 1263 4844 εἰς
1315 4782 1524 4853 φθορὰν
1555 4802 1727 4839 κατα-

123 4870 298 4939 λήγει
355 4872 469 4934 τοῖς
504 4871 837 4942 χρωμένοις.
877 4871 1217 4943 Φθειρόμενοι
1279 4875 1388 4944 γὰρ
1434 4876 1491 4928 ὲν
1520 4877 1587 4947 τῇ
1621 4893 1725 4943 γα·-

124 4962 268 5035 ctp't
290 4962 364 5028 ³⁸,
404 4963 498 5016 διὰ
520 4963 617 5016 τοῦ
649 4963 963 5034 ἀφεδρῶνος
987 4964 1238 5036 ὑπορρεῖ.
1276 4965 1413 5020 Οὔτε
1457 4964 1552 5021 οὖν
1582 4968 1727 5037 ὠφε-

120 5054 327 5109 λοῦσιν
365 5055 508 5109 αὐτὰ
539 5053 661 5108 καθ’
694 5055 857 5119 αὐτὰ,
888 5055 1009 5109 οὗτε
1042 5054 1358 5125 βλάπτουσι.

218 5143 391 5198 Κατὰ
422 5143 497 5198 τὰ
526 5143 873 5214 ἐντάλματα
907 5146 1006 5199 καὶ
1044 5144 1441 5213 διδασκαλίᾳς
1471 5147 1588 5201 τῶν
1616 5151 1725 5204 ἀν-

121 5236 416 5306 θρώπων.
477 5237 595 5290 Ούκ
633 5235 747 5290 εἰσὶ
795 5235 914 5290 θεῖα
966 5236 1274 5306 διδάγματα
1338 5239 1531 5303 ταῦτα,
1587 5242 1725 5296 ἀλλὰ

119 5326 450 5398 ἀνθρώπων
503 5325 838 5398 ἐντάπματα.
879 5328 944 5380 Τί
977 5327 1107 5393 οὒνς
1160 5331 1188 5383 ὁ
1243 5329 1404 5399 νόμος
1451 5331 1551 5384 οὐκ
1608 5332 1725 5389 ἔστι

119 5421 272 5474 Θεοῦ
298 5420 347 5452 ³⁸
361 5419 686 5474 διδασκαλία
711 5414 852 5480 ;”Ην
875 5420 972 5489 μὲν
1000 5421 1089 5473 ὅτε
1107 5418 1219 5491 εἶχε
1248 5422 1437 5493 καιρὸν
1460 5422 1525 5489 ³ο,
1555 5423 1648 5477 νῦν
1666 5425 1723 5478 δὲ

120 5512 233 5565 οὐκ
264 5510 442 5573 ἔστιν,
492 5509 569 5574 ὠς
606 5509 683 5581 μὴ
711 5508 904 5581 καιρὸν
960 5510 1123 5580 ἔχων.
1157 5512 1226 5564 Ἢ
1274 5513 1355 5566 ὅτι
1388 5515 1721 5584 παρεποίουν

1834 4606 1996 4666 cibis.
2053 4604 2330 4659 Judaicant
2378 4606 2745 4673 potissimum,
2793 4607 3244 4675 quemadmodum
3292 4608 3404 4662 die-

1833 4712 1950 4750 rum
2001 4705 2118 4749 erat
2170 4694 2378 4750 Graeca.
2435 4696 2658 4750 Fastutn
2707 4706 2885 4751 autem
2957 4699 3401 4767 dogmatistarum

1832 4786 2162 4855 deprimens,
2194 4786 2311 4841 Non
2341 4802 2533 4856 magna
2565 4790 2832 4857 quaedam,
2865 4789 3063 4857 inquit,
3100 4792 3212 4845 lucc
3249 4798 3398 4850 sunt,

1834 4881 1928 4934 sed
1955 4879 2009 4933 in
2065 4879 2468 4948 corruptionem
2513 4880 2773 4937 desinunt
2805 4881 3102 4937 utentibus.
3136 4880 3400 4947 Corrupta

1834 4972 1981 5025 enim
2013 4970 2064 5024 in
2099 4979 2306 5035 ventre,
2339 4986 2435 5040 per
2457 4985 2732 5027 secessum
2793 4970 3055 5027 deﬂuunt.
3082 4973 3266 5042 Neque
3296 4970 3400 5041 igi-

1836 5075 1925 5119 tur
1957 5072 2182 5133 prosunt
2215 5063 2319 5116 ista
2352 5078 2444 5131 per
2477 5055 2623 5129 sese,
2654 5081 2827 5134 neque
2851 5067 3068 5120 obsunt.

1906 5155 2203 5211 Secundum
2233 5166 2493 5224 prwcrpta
2541 5169 2591 5210 et
2645 5159 2913 5211 doctrinas
2943 5158 3232 5211 hominum.
3277 5152 3395 5207 Non

1832 5256 1958 5299 sunt
1985 5246 2178 5300 divina:
2201 5246 2567 5303 institutiones
2587 5246 2691 5311 hae,
2717 5262 2903 5301 verum
2934 5247 3210 5300 hominum
3243 5258 3399 5297 man-

1832 5337 1980 5391 data.
2017 5337 2154 5403 Quid
2186 5336 2383 5406 igitur?
2413 5352 2588 5391 nonne
2613 5337 2694 5391 lex
2715 5347 2796 5392 est
2826 5337 3066 5392 doctrina
3101 5335 3234 5390 Dei?
3264 5333 3396 5388 Erat

1831 5431 2070 5499 quidem,
2095 5444 2215 5486 cum
2235 5444 2333 5483 suo
2355 5437 2593 5497 tempore
2609 5430 2850 5498 vigeret:
2884 5428 3040 5483 hodie
3072 5438 3250 5483 autem
3281 5441 3389 5480 non

1827 5530 1932 5583 cst,
1957 5535 2077 5572 cum
2107 5527 2315 5589 tempus
2332 5516 2450 5586 ejus
2469 5516 2737 5586 expletum
2757 5515 2976 5573 esteVeI
2997 5517 3121 5586 quia
3142 5529 3387 5573 corrum-

1482 5655 1681 5718 ναι-ἰαί
1713 5657 2041 5721 lectiones.

202 5772 325 5810 "-"
355 5774 479 5826 τότε
516 5788 572 5828 0.
649 5776 695 5808 ³⁸
728 5778 895 5833 σαρκὶ
923 5791 976 5829 ο.
1055 5775 1097 5808 ³⁹
1129 5775 1247 5828 θεία
1274 5793 1307 5831 0
1408 5779 1449 5809 ’⁸ο
1472 5776 1535 5850 ἦν
1572 5782 1764 5852 κὰερδς
1797 5797 1847 5835 ο.
