3994 6604
272 454 278 465 ν
297 431 423 492 125':

1075 422 1473 490 EXPOSI'TIO
1510 423 1592 484 IN
1634 420 1868 484 EPIST.
1908 419 2004 480 AD
2041 420 2333 485 CULOSS.
2372 447 2443 458 -
2473 421 2632 483 CAP.
2671 419 2789 481 III.

3383 410 3547 475 '1253

272 545 392 614 μιῆς
419 541 797 614 προαιρέσεως
823 542 933 606 τοῖς
954 543 1221 607 τοιούτοις
1267 534 1427 608 ζὶῦοις
1473 539 1870 611 ὁμοιωθέντας.

1993 540 2146 607 nine,
2181 540 2490 611 hujusmodi
2527 539 2722 595 belluis
2744 536 2873 593 facti
2901 524 3027 594 sunt
3057 534 3285 593 similes.
3317 532 3548 588 Proinde

297 633 405 688 Καὶ
437 634 520 698 είς
546 634 772 703 γέενναν
805 631 886 697 δὲ,
913 633 1007 687 καὶ
1036 634 1117 697 εἰς
1147 632 1426 703 βασιλείαν
1456 633 1605 703 ἡμᾶς
1649 630 1863 696 εἰσάγει

185 778 189 785 ,
272 729 324 798 ’ἡ
346 725 691 798 προαίρεσις,
723 724 823 796 οὐχ
845 726 880 795 ἡ
913 724 1092 779 οὐσία.
1151 723 1389 779 Παλαιὸν
1433 722 1531 778 οὖν
1582 738 1750 795 φησιν
1773 720 1872 776 ἄν·

292 819 529 890 θρωπον,
588 818 689 889 τὴν
752 816 1163 889 διεφθαρμένην
1216 816 1563 891 προαίρεσιν.
1622 813 1716 869 Διδ
1773 815 1869 869 καὶ

292 912 539 980 ἐπήγαγε
557 928 570 940 ·
603 909 729 965 Σὺν
754 909 883 977 ταῖς
927 909 1184 979 πράξεσι
1201 924 1221 945 ο
1244 909 1523 973 τουτέστι,
1546 907 1646 980 τὴν
1678 906 1872 979 προαί-

297 1016 446 1071 ρεσιν
503 1000 643 1067 μετὰ
696 998 806 1053 τῶν
852 1000 1052 1071 ἔργων.
1098 997 1332 1052 Παλαιὸν
1375 998 1434 1052 δὲ
1485 997 1763 1067 ὠνόμασε,
1813 996 1872 1050 τὸ

293 1091 520 1164 αἰσχρὸν
543 1090 707 1146 αὐτοῦ
739 1090 1070 1161 βουλόμενος
1105 1089 1299 1155 δεῖξαι,
1333 1089 1430 1144 καὶ
1485 1087 1551 1143 τὺ
1602 1087 1869 1152 δυσειδὲς,

292 1186 479 1239 καὶτὸ
524 1185 852 1256 ἠσθενηκός.
905 1183 1052 1255 Ὅρα
1091 1183 1174 1251 δὲ,
1212 1182 1330 1247 πῶς
1360 1181 1456 1236 τοῦ
1501 1178 1735 1236 παλαιοῦ
1775 1180 1872 1234 ἀν-

296 1275 519 1345 θρώπου
564 1276 634 1330 τὰ
694 1278 831 1353 μέλη
871 1273 1130 1339 κατέλεξε
1154 1289 1170 1306 ο
1230 1273 1333 1344 τὴν
1364 1272 1606 1327 διάνοιαν
1657 1270 1747 1323 διὰ
1775 1267 1870 1322 τοῦ

293 1370 563 1442 ψεύδους·
594 1368 693 1440 τὴν
736 1368 991 1440 καρδίαν,
1036 1367 1127 1421 διὰ
1174 1365 1272 1420 τοῦ
1315 1363 1531 1436 θυμοῦ·
1564 1362 1628 1416 τδ
1672 1361 1869 1430 στόμα,

294 1465 392 1517 καὶ
435 1461 526 1516 διὰ
560 1460 656 1516 τοῦ
706 1460 940 1532 ψεύδους
987 1459 1088 1514 καὶ
1140 1456 1243 1528 τῆς
1300 1454 1652 1529 βλασφημίας
1677 1466 1693 1485 ⁵
1745 1452 1873 1515 τοὺς

292 1556 629 1625 ὀφθαλμοὺς,
657 1553 749 1608 διὰ
774 1555 875 1626 τῆς
898 1553 1181 1626 πορνείας,
1220 1552 1315 1607 καὶ
1342 1551 1413 1604 τὰ
1450 1547 1668 1621 κρυπτὰ
1695 1545 1831 1618 μέλη
1855 1561 1872 1579 ο

292 1648 356 1702 τὸ
389 1643 565 1720 ἧπαρ,
598 1647 686 1702 διὰ
708 1646 808 1717 τῆς
837 1646 1016 1717 κακῆς
1053 1643 1384 1716 ἐπιθυμίαςο
1412 1641 1509 1707 τὰς
1540 1642 1754 1713 χεῖρας,
1785 1636 1875 1691 διὰ

294 1740 396 1810 τῆς
426 1738 760 1804 πλεονεξίας.

368 1831 477 1887 Καὶ
506 1829 904 1900 ἐνδυσάμενοι
927 1828 1035 1883 τὸν
1046 1827 1210 1895 νέον,
1239 1826 1347 1883 τὸν
1365 1825 1877 1894 ἀνακαινούμενον

1974 643 2030 686 οι
2064 634 2116 687 in
2147 629 2469 703 gehennam,
2505 641 2559 689 et
2601 633 2669 687 ad
2710 640 2973 688 aeternum
3005 643 3229 698 regnum
3255 624 3422 698 490
3450 638 3549 679 nos

1971 723 2122 778 ducit
2151 723 2417 792 voluntas,
2443 739 2549 779 non
2577 723 2835 780 essentia.
2880 718 3135 779 Veterem
3166 719 3331 789 igitur
3363 716 3547 772 homi-

1975 827 2118 879 nem,
2147 825 2458 885 corruptam
2491 815 2820 871 voluntatetn
2865 814 2998 870 dicit
3030 827 3046 867 :
3081 810 3372 882 Propterea
3404 808 3549 864 intu-

1975 906 2057 971 lit,
2084 904 2216 960 Cum
2237 906 2502 973 operibus,
2521 906 2625 960 huc
2645 915 2749 972 est,
2768 907 3099 961 voluntatem
3122 919 3242 960 cum
3268 902 3543 973 operibus.
3634 976 3637 981 Α

1976 998 2222 1054 Veterem
2263 1004 2443 1053 autent
2505 997 2829 1064 nominavit,
2884 995 3269 1067 turpitudinem
3323 994 3444 1064 ejus
3481 1008 3546 1049 ac

1973 1090 2374 1146 deformitatem
2439 1100 2494 1147 et
2577 1090 2944 1146 inﬁrmitatem
2995 1091 3286 1146 ostendere
3334 1087 3545 1143 volens.

1974 1179 2215 1238 Observa
2242 1190 2423 1238 autem
2470 1180 2745 1251 quomodo
2798 1180 3000 1236 veteris
3035 1180 3273 1236 hominis
3303 1178 3545 1233 membra

1978 1273 2333 1329 recensuerit'
2369 1291 2384 1329 :
2433 1281 2694 1337 mentem,
2733 1287 2832 1341 per
2881 1272 3261 1327 mendacium:
3308 1284 3424 1338 cor,
3452 1282 3550 1341 per

1972 1365 2396 1434 indignationem
2428 1382 2445 1420 :
2473 1380 2554 1433 os,
2585 1375 2641 1421 et
2677 1380 2775 1435 per
2821 1364 3212 1435 blasphemiam
3236 1372 3291 1419 et
3321 1363 3547 1418 menda-

1973 1456 2116 1513 cium
2152 1475 2168 1513 :
2196 1457 2383 1514 oculos
2405 1467 2460 1516 et
2481 1458 2662 1514 abdita
2682 1459 2947 1524 membra,
2971 1472 3068 1530 per
3090 1456 3503 1514 fornicationem
3528 1475 3545 1514 :

1977 1550 2191 1619 hepar,‘
2215 1565 2314 1622 per
2367 1552 2855 1625 concupiscentiam
2924 1570 2938 1609 :
2999 1562 3212 1621 manus,
3276 1567 3374 1624 per
3422 1566 3553 1608 ava-

1976 1641 2179 1698 rltiam.

2051 1827 2217 1883 Vsus.
2250 1826 2336 1883 10.
2372 1827 2437 1882 Et
2458 1829 2729 1884 induentea
2759 1845 2948 1884 norum
2977 1845 3097 1884 eum
3135 1830 3225 1900 qui
3265 1837 3553 1886 renovatur

294 1925 386 1990 εις
416 1899 765 1993 ἐπίγνωσιν.
806 1922 943 1985 Νέος
972 1922 1261 1994 ἄνθρωπος
1287 1920 1323 1990 ἡ
1350 1917 1495 1973 κατὰ
1520 1916 1655 1980 Θεὸν
1680 1914 1875 1988 προαι-

1993 1919 2035 1973 En
2065 1919 2356 1989 agnitione.
2388 1918 2568 1975 Novus
2625 1920 2788 1975 homo
2821 1926 2909 1978 est
2954 1899 3201 1977 voluntas
3253 1921 3547 1976 secundum

302 2033 476 2088 ρεσις,
506 2015 630 2086 ἥτις
662 2014 723 2069 οὐ
769 2011 1119 2075 παλαιοῦται,
1162 2009 1281 2064 ἀλλ’
1323 2007 1414 2066 ἀεὶ
1462 2005 1704 2078 ἀκμάζει
1738 2004 1876 2076 πρὸς

294 2109 399 2180 τὴν
430 2105 525 2161 τοῦ
553 2105 689 2160 Θεοῦ
717 2106 812 2160 καὶ
833 2104 942 2159 τῶν
972 2103 1133 2159 θείων
1171 2102 1490 2172 ἐπίγνωσιν,
1523 2099 1614 2153 ἀεὶ
1659 2099 1755 2154 καὶ
1788 2098 1878 2152 ἀεὶ

297 2199 542 2269 νεωτέρα
568 2197 919 2270 δεικνυμένη,
959 2197 1055 2251 καὶ
1077 2196 1206 2251 ὅταν
1238 2194 1407 2249 πλείω
1431 2190 1700 2264 λά6ῃ’τὴν
1732 2190 1877 2261 γνῶ-

298 2308 388 2346 σιν
421 2295 515 2347 καὶ
551 2291 818 2364 μειζόνων
842 2290 1094 2356 ἀξιῶται,
1136 2288 1338 2361 μᾶλλον
1371 2286 1658 2359 ἰσχύουσα.

371 2473 515 2529 Κατ’
563 2473 766 2529 εἰκόνα
809 2470 916 2527 τοῦ
973 2473 1296 2537 κτίσαντος
1360 2469 1566 2524 αὐτόν.
1619 2465 1879 2521 Τουτέστι

296 2564 566 2635 Χριστοῦ.
604 2565 727 2618 ἐπεὶ
767 2565 863 2619 καὶ⁵
906 2562 1191 2634 ὁΧριστὸς
1222 2564 1282 2615 οὐ
1308 2560 1444 2632 πρὸς
1467 2561 1648 2631 γῆρας
1693 2554 1879 2630 ἦλθεν,

296 2657 418 2712 ἀλλ’
447 2655 623 2733 οὕτως
644 2653 711 2728 ἦν
738 2656 924 2723 καλδς,
948 2655 1023 2719 ὡς
1053 2653 1176 2709 οὐδὲ
1207 2652 1356 2709 ἐστιν
1394 2654 1570 2708 εἰπεῖν
1589 2671 1604 2684 ε
1647 2650 1879 2721 Ὠραῒος

297 2749 517 2804 κάλλει
551 2755 712 2818 παρὰ
744 2748 885 2815 τοὺς
933 2747 1105 2814 υἱοὺς
1142 2746 1263 2802 τῶν
1292 2744 1637 2816 ἀνθρώπων.
1673 2743 1882 2814 Ἀμιαρ⁴

296 2843 425 2896 τίαν
451 2840 563 2913 γὰρ
591 2842 693 2896 οὐκ
730 2841 1010 2912 ἐποίησεν,
1069 2840 1193 2911 ἥτις
1224 2838 1459 2893 παλαιοί
1504 2839 1599 2892 καὶ
1642 2836 1879 2906 φθείρει.

303 2935 415 2989 Καὶ
439 2936 601 3006 ἡμεῖς
623 2932 715 2988 οὖν
745 2934 795 2988 oi
822 2933 913 2988 ὑπ’
945 2931 1156 2987 ἐκείνου
1197 2931 1514 2994 κτισθέντες
1540 2928 1665 2984 κατ’
1696 2927 1883 2982 εἰκόνα

300 3025 500 3090 αὐτοῦ,
530 3025 817 3097 ὀφείλομεν
859 3021 1197 3092 ἀποξύεσθαι
1231 3022 1331 3095 τὴν
1369 3023 1431 3076 ὲκ
1465 3020 1574 3076 τῶν
1597 3017 1883 3092 ἁμαρτιῶν

303 3119 519 3191 φθορὰν
551 3119 646 3172 καὶ
683 3118 1010 3172 παλαίωσιν.
1055 3115 1251 3170 Κτίσιν
1294 3115 1352 3168 δὲ
1402 3114 1498 3169 καὶ
1522 3113 1621 3184 τὴν
1662 3111 1758 3165 τοῦ
1783 3109 1884 3181 βαι»

306 3211 638 3281 ¹κτίσματος,
671 3208 767 3264 καὶ
796 3208 896 3281 τὴν
925 3209 1026 3281 τῆς
1051 3206 1282 3279 ἀρίστης
1313 3204 1589 3268 πολιτείας
1619 3203 1752 3257 νόει.

384 3492 581 3547 Ὅπου
603 3490 716 3545 οὐκ
735 3489 828 3544 ἔνι
857 3489 1113 3555 Ἕλλην,
1139 3486 1236 3541 καί
1269 3482 1579 3548 Ἰουδαῖος.
1627 3483 1886 3541 Τουτέστι

310 3583 675 3654 προσήλυτος,
707 3578 805 3635 καὶ
854 3578 1108 3641 Ἰουδαῖος
1128 3580 1194 3635 ἐκ
1213 3575 1520 3649 προγόνων.

381 3672 680 3744 Περιτομὴ
709 3672 810 3727 καὶ
847 3669 1238 3739 ἀκροϐυστία,
1277 3668 1606 3738 Βάρόαρος,
1629 3667 1887 3733 Σκύθης,

308 3766 558 3831 δοῦλος,
581 3763 897 3832 ἐλεύθερος
914 3778 927 3792 ·
955 3760 1117 3817 ἀλλὰ
1142 3760 1215 3814 τὰ
1253 3758 1474 3823 πάντα,
1504 3757 1604 3812 καὶ
1641 3758 1712 3812 ἐν
1740 3756 1889 3814 πᾶσι

308 3858 589 3928 Χριστός.
635 3854 764 3909 Ἰδοὺ
796 3855 889 3909 καὶ
921 3853 1051 3908 ἄλλο
1074 3850 1351 3923 ἐγκώμιον
1374 3851 1470 3904 τοῦ
1499 3850 1642 3905 κατὰ
1658 3850 1891 3922 Χριστὸν

312 3952 436 4006 νέου
475 3947 786 4022 ἀνθρώπου,
834 3947 896 4000 τὸ
928 3947 1065 4017 μήτε
1123 3945 1332 4009 ἔθνους,
1371 3944 1509 4015 μήτε
1545 3940 1886 4014 ἀξιώματος,

315 4043 456 4114 μήτε
487 4039 770 4112 προγόνων
791 4037 1055 4110 διαφορὰν
1076 4035 1460 4107 ἑνθεωρσῖσθαι
1485 4037 1530 4068 ⁵³
1552 4032 1725 4104 αὐτῷ,
1755 4032 1893 4087 ἀλλὰ

310 4135 408 4186 τὸν
432 4130 669 4203 Χριστὸν
698 4124 840 4184 εἶναι
881 4131 1206 4200 χαρακτῆρα
1235 4126 1426 4180 αὐτοῦ.
1478 4125 1568 4179 Ἐν
1617 4125 1750 4178 πᾶσι
1783 4122 1892 4194 γὰρ

313 4228 428 4291 τοῖς
464 4225 557 4279 τὸν
590 4224 848 4295 ἐνάρετον
880 4221 997 4294 βίον
1026 4217 1365 4292 μορφωθεῖσι
1418 4216 1487 4272 τὰ
1535 4217 1710 4271 πάντα
1745 4217 1893 4270 ἐστὶν

315 4322 344 4373 ὁ
372 4317 633 4389 Χριστὸς,
659 4314 928 4382 τουτέστι,
962 4315 1057 4369 καὶ
1080 4313 1260 4382 γένος,
1291 4313 1388 4367 καὶ
1415 4310 1662 4381 ἀξίωμα.
1698 4310 1770 4363 Ἢ
1800 4311 1895 4364 καὶ

318 4409 544 4478 ἑτέρως,
575 4407 659 4460 ὅτι
688 4403 895 4469 Πάντες
925 4399 1008 4469 εἷς
1038 4402 1276 4475 Χριστὸς
1303 4399 1579 4471 ἐγένεσθε,
1611 4398 1774 4469 σῶμα
1799 4399 1896 4453 αὐ-

316 4500 413 4555 τοῦ
439 4499 614 4561 ὄντες.

1984 2011 2171 2077 Deum,
2204 2025 2322 2082 quae
2348 2027 2453 2066 non
2480 2012 2847 2079 consenescit,
2876 2014 2970 2069 sed
3019 2028 3295 2082 nunquam
3323 2028 3427 2068 non
3468 2014 3552 2069 vi-

1981 2109 2070 2172 get
2121 2102 2186 2157 ad
2219 2100 2309 2157 Dci
2338 2111 2393 2157 et
2423 2102 2722 2157 divinarum
2755 2119 2936 2160 rerum
2981 2106 3334 2176 agnitionem,
3354 2115 3408 2161 et
3432 2120 3554 2177 quae

1983 2195 2037 2250 in
2063 2194 2181 2250 dies
2199 2193 2370 2265 magis
2388 2193 2666 2264 magisque
2696 2210 2830 2251 nova
2863 2197 3303 2253 demonstratur:
3329 2211 3393 2252 ac
3426 2212 3550 2252 cum

1982 2287 2240 2357 majorem
2265 2289 2536 2359 acceperit
2562 2289 2948 2360 cognitionem,
2977 2291 3330 2364 pluribusque
3355 2293 3552 2348 donata

1983 2378 2165 2443 fuerit,
2202 2378 2553 2435 valentiorem
2574 2394 2695 2436 sese
2718 2381 2959 2437 exhibet.

2054 2472 2361 2530 Secundum
2384 2473 2666 2543 imaginem
2706 2474 2822 2544 ejus
2869 2474 2962 2543 qui
2998 2478 3190 2531 creavit
3234 2477 3409 2534 illum.
3441 2478 3554 2536 Hoc

1982 2576 2066 2622 est
2092 2564 2329 2633 Christi;
2388 2566 2826 2636 quandoquidem
2871 2575 2927 2622 et
2964 2566 3078 2636 ipse
3101 2568 3168 2623 ad
3193 2568 3412 2626 senium
3443 2585 3552 2626 non

1985 2658 2311 2728 pervenerit,
2364 2659 2458 2713 sed
2513 2658 2648 2714 adeo
2701 2657 2969 2715 formosus
3023 2668 3165 2723 erat,
3224 2669 3280 2714 ut
3324 2674 3392 2715 ne
3449 2660 3555 2716 dici

1983 2749 2204 2821 quidem
2243 2756 2459 2819 potest:
2517 2748 2797 2819 Speciosus
2846 2750 3017 2820 formo
3046 2765 3158 2821 pra:
3191 2750 3320 2819 ﬁliis
3379 2751 3558 2807 homin

1985 2857 2109 2897 num
2131 2839 2180 2895 δ.
2214 2840 2501 2897 Peccatum
2541 2840 2683 2897 enim
2733 2855 2838 2896 non
2885 2839 3038 2908 fecit,
3097 2841 3242 2911 quod
3280 2841 3556 2898 hominem

1986 2933 2140 2990 senio
2164 2932 2388 2988 coniicit
2424 2946 2491 2988 ac
2527 2932 2847 3004 corrumpit.
2882 2932 2970 3000 ,Et
3018 2948 3115 2989 nos
3158 2934 3320 3003 igitur
3367 2933 3436 2989 ab
3467 2932 3558 2989 illo

1984 3024 2193 3082 conditi
2218 3024 2516 3082 secundum
2553 3023 2844 3094 imaginem
2877 3024 3016 3095 ejus,
3062 3040 3265 3081 exuere
3292 3035 3348 3082 et
3396 3027 3560 3081 abra-

1985 3118 2114 3174 dere
2144 3117 2425 3181 debemus.
2452 3132 2574 3188 quas
2614 3132 2681 3172 ex
2706 3118 2945 3188 peccatis
2964 3119 3230 3183 nascitur,
3254 3121 3561 3192 corruptio-

1912 3237 1956 3294 ο
1990 3227 2110 3267 nem
2138 3220 2194 3266 et
2223 3210 2688 3266 inveterationem.
2724 3208 3065 3267 Creatiouem
3098 3220 3277 3267 autem
3299 3213 3560 3285 intellige,

1989 3320 2109 3377 quin
2151 3306 2209 3360 tit
2260 3320 2362 3377 per
2406 3304 2732 3376 baptismum
2788 3298 2845 3361 et
2893 3306 3149 3377 optimam
3205 3306 3422 3364 vivendi
3471 3323 3565 3363 ra-

1991 3398 2247 3454 tionem.’
3264 3384 3270 3389 ’

2064 3488 2228 3545 Vens.
2262 3489 2348 3544 ll.
2382 3486 2481 3546 Ubi
2512 3505 2618 3546 non
2642 3498 2719 3545 est
2740 3486 2955 3545 Crwcus
2980 3498 3028 3544 et
3059 3488 3304 3545 ludens.
3326 3487 3438 3547 iioc
3457 3498 3561 3557 est,

1993 3582 2296 3651 proselytns
2329 3589 2383 3633 et
2408 3572 2632 3634 Iudaeus
2652 3594 2723 3634 ex
2765 3578 3060 3651 majoribus
3085 3580 3375 3636 oriundus.

2062 3668 2412 3727 Circumcisio
2464 3679 2513 3725 et
2565 3670 2879 3738 praeputium
2912 3710 2927 3736 ,
2988 3668 3276 3736 Barbarus,
3340 3668 3563 3741 Scytha,

1992 3782 2186 3828 servus,
2217 3765 2387 3820 liber:
2436 3762 2527 3819 sed
2556 3763 2752 3825 omnia,
2781 3769 2830 3818 et
2855 3763 2908 3816 in
2933 3756 3172 3816 omnibus
3193 3759 3456 3818 Christus.
3486 3761 3564 3817 En

1994 3857 2139 3912 aliud
2166 3856 2476 3911 encomium
2501 3853 2624 3908 novi
2674 3855 2968 3909 secundum
3002 3851 3280 3909 Christum
3309 3854 3565 3920 hominis,

1994 3947 2137 4020 quod
2164 3960 2344 4018 neque
2371 3946 2563 4017 gentis,
2582 3960 2756 4015 neque
2784 3944 3083 4015 dignitatis,
3102 3959 3277 4017 neque
3301 3945 3566 4018 majorum

1994 4041 2064 4097 ab
2092 4040 2212 4110 ipso
2241 4038 2536 4095 discrimen
2573 4037 2860 4105 habeatur,
2892 4037 2986 4093 sed
3007 4037 3285 4094 Christum
3313 4038 3432 4110 ejus
3448 4052 3571 4095 esse

1995 4130 2230 4201 signum.
2255 4127 2312 4185 lt:
2339 4129 2591 4186 omnibus
2638 4128 2780 4185 enim
2820 4129 2912 4200 qui
2944 4129 3053 4186 vita
3090 4129 3387 4187 virtutibus
3439 4145 3571 4187 con-

1996 4224 2182 4295 spicua
2206 4231 2331 4278 sunt
2358 4220 2648 4288 el'formati,
2680 4222 2859 4277 omnia
2886 4232 2969 4277 est
3000 4221 3275 4288 Christus,
3318 4223 3421 4278 hoc
3460 4232 3569 4290 est,

1996 4325 2053 4370 et
2078 4329 2269 4385 genus,
2297 4321 2354 4369 et
2376 4312 2633 4382 dignitas.
2687 4310 2785 4367 Vel
2817 4312 2977 4367 aliam
3011 4314 3077 4367 ad
3107 4314 3376 4369 rationem
3401 4314 3569 4369 intel-

1999 4406 2136 4479 ligas
2167 4406 2387 4463 licebit:
2429 4421 2623 4476 nempe
2665 4407 2810 4477 quod
2864 4404 3067 4462 Omnes
3125 4421 3265 4463 unus
3319 4405 3572 4464 Christus

2001 4500 2127 4557 facti
2158 4499 2304 4565 sitis,
2334 4514 2456 4554 cum
2483 4512 2682 4569 corpus
2701 4497 2818 4569 ejus
2843 4498 3000 4557 estis.

400 4590 780 4648 Ἐνδύσασθε
812 4585 948 4655 οὖν,
970 4588 1050 4655 ὡς
1072 4587 1342 4644 ἐκλεκτοί
1377 4589 1485 4643 τοῦ
1520 4589 1692 4655 Θεοῦ,
1741 4588 1883 4660 ἅγιοι

2073 4589 2238 4645 Vens.
2270 4589 2356 4644 l2.
2390 4587 2607 4643 Induite
2633 4604 2779 4660 ergo,
2807 4588 2945 4642 sicut
2980 4587 3132 4644 electi
3161 4589 3280 4658 Dei,
3309 4593 3477 4648 sancti
3522 4604 3572 4648 et

317 4685 420 4740 καί
452 4680 848 4753 ἠγαπημένοι.
889 4680 963 4736 Τὸ
994 4679 1215 4734 εὔκολον
1253 4680 1341 4734 ἀεὶ
1371 4680 1612 4735 δείκνυσι
1642 4681 1741 4752 τῆς
1763 4681 1896 4751 ἀρε-

316 4777 418 4847 τῆς
433 4791 449 4808 ·
475 4773 667 4844 ὥσπερ
683 4772 794 4843 γὰρ
820 4772 1057 4842 ἱμάτιον,
1087 4770 1230 4825 οὕτω
1258 4771 1352 4826 καὶ
1374 4769 1577 4843 ταύτην
1600 4770 1896 4825 ἀναλαϐεῖν

319 4862 635 4936 δυνάμεθαο
663 4861 939 4917 ἀλλὰκαὶ
969 4861 1052 4916 ὅτι
1090 4862 1175 4917 δεῖ
1213 4864 1386 4936 αὐτὴν
1424 4864 1695 4937 διηνεκῶς
1727 4865 1893 4937 ἔχειν,

322 4958 422 5013 καὶ
452 4955 530 5020 ὡς
562 4955 753 5026 κόσμῳ
791 4953 1028 5026 χρῆσθαι
1048 4968 1063 4983 ο
1103 4954 1180 5018 ὡς
1214 4956 1244 5009 ὂ
1294 4973 1358 5025 γε
1403 4957 1480 5029 μὴ
1512 4957 1654 5029 ἔχων
1673 4958 1898 5031 ταύτην,

320 5052 592 5121 ἀσχήμων
624 5048 720 5103 καὶ
749 5047 1015 5119 ἄκοσμος.
1047 5046 1159 5100 Καὶ
1192 5046 1308 5117 μετ’
1335 5049 1609 5120 ἑγκωμίου
1632 5051 1666 5121 ή
1699 5051 1897 5121 παραί-

321 5161 474 5207 νεσις
500 5142 598 5197 καὶ
642 5140 1044 5212 ὑπερϐολικῶς.
1099 5138 1383 5209 Ἐγένοντο
1425 5141 1525 5213 μὲν
1572 5141 1682 5213 γὰρ
1727 5142 1898 5212 ἅγιοι,

320 5233 442 5288 ἀλλ’
468 5231 573 5286 οὐκ
586 5230 856 5297 ἐκλεκτοὶ,
872 5228 996 5284 οὐδὲ
1010 5229 1357 5303 ἠγαπημένοι
1372 5230 1440 5264 ⁸³*
1467 5231 1625 5301 ὑμεῖς
1648 5231 1705 5284 δὲ
1724 5239 1898 5287 ταῦτα

322 5326 528 5382 πάντα.
880 5358 881 5363 η

395 5415 730 5487 Σπλόγχνα
782 5415 1118 5486 οἰκτιρμῶν.
1164 5416 1280 5472 Οὐκ
1333 5411 1508 5484 εἶπεν,
1579 5417 1901 5474 Ἐνδύσασθε

324 5508 500 5575 θεον,
523 5510 682 5573 ἀλλὰ,
724 5507 1052 5576 Σπλάγχνα
1085 5507 1402 5578 οἰκτιρμῶν
1429 5510 1504 5539 ⁸³·
1529 5510 1648 5581 ἅμα
1668 5513 1785 5581 μὲν,
1814 5512 1902 5563 ἵνα

434 5645 629 5702 dPsal.
682 5662 831 5711 κων,
863 5646 918 5700 5.

1998 4682 2200 4737 dilecti.
2237 4680 2711 4753 Facilem,virtutis
2741 4691 3060 4751 apparatum
3088 4698 3300 4756 semper
3327 4685 3530 4741 indicat
3557 4702 3571 4739 :

2001 4782 2059 4828 ut
2087 4774 2231 4828 enim
2263 4772 2509 4843 pallium,
2543 4772 2624 4828 sic
2651 4776 2707 4827 et
2730 4775 2869 4829 hanc
2914 4774 3195 4832 assumere
3242 4791 3574 4847 possumus:
3624 4836 3629 4840 ,

2007 4872 2199 4928 deinde
2221 4885 2322 4926 nos
2338 4880 2589 4942 Oportere
2607 4885 2726 4926 eam
2761 4871 2977 4927 assidue
3014 4871 3238 4939 habere,
3265 4887 3438 4942 eaque
3475 4887 3574 4929 ceu

2006 4973 2328 5021 ornamento
2355 4963 2466 5028 uti;
2494 4962 2630 5019 adeo
2656 4970 2716 5018 ttt
2744 4962 2836 5033 qui
2860 4963 2963 5018 hac
2995 4971 3200 5029 careat,
3233 4964 3492 5021 deformis
3520 4972 3577 5020 et

2009 5056 2296 5113 indecorus
2320 5055 2411 5111 sit.
2446 5053 2743 5112 Eucomion
2782 5066 2965 5111 autem
3003 5057 3267 5112 admiscet
3315 5057 3576 5111 adhorta~

2010 5149 2144 5205 tioni
2175 5149 2459 5205 eximium.
2506 5146 2641 5203 Nam
2689 5148 2963 5220 plerisque
3017 5148 3307 5218 contingit,
3355 5156 3414 5202 ut
3458 5147 3579 5203 sint

2010 5239 2208 5306 sancti,
2234 5239 2331 5294 sed
2383 5253 2491 5294 non
2532 5238 2712 5305 electi,
2771 5251 2946 5310 neque
2974 5237 3143 5294 etiam
3178 5237 3360 5295 dilecti
3398 5247 3526 5295 sunt
3560 5254 3576 5292 :

2009 5343 2106 5383 vos
2133 5340 2314 5385 autem
2350 5330 2484 5385 estis
2507 5330 2621 5385 haec
2642 5329 2847 5385 omnia.
3442 5378 3443 5381 η

2081 5420 2241 5494 ιθι
2296 5419 2513 5478 Viscera
2564 5420 2957 5476 misericordia.
2977 5420 3095 5477 Non
3147 5422 3308 5489 dixit,
3366 5419 3582 5477 Induite

2013 5515 2464 5581 misericordiam,
2492 5512 2609 5577 sed,
2648 5510 3030 5568 Misericordia:
3077 5515 3274 5570 viscera
3306 5530 3327 5568 :
3352 5512 3578 5585 partim,

1665 5766 1865 5829 Variae
1916 5744 2247 5830 lectiones.

401 5862 451 5898 ⁵⁸
496 5863 796 5936 διαφθορὰν
823 5863 905 5918 ἔτι
938 5862 1067 5919 θεω.
1102 5879 1156 5919 o.
1232 5866 1278 5897 “
1311 5864 1682 5938 ἠγαπήθησαν
1703 5882 1754 5923 o.
1833 5868 1879 5900 ⁸³
1916 5868 2100 5933 ἐλέους
2129 5882 2182 5923 ο.

577 5959 851 6019 Parnm.
896 5959 1013 6019 Gn.
1053 5956 1329 6033 CXXIV.

3112 5960 3187 6022 40
