3994 6592
479 394 624 461 1259

1427 397 1997 460 THEOPHYLACTI
2043 401 2456 464 BULGARle
2494 406 2846 470 ARCHIEP.

3611 417 3739 486 1260

484 527 552 569 ne
603 512 723 568 illos
758 511 1073 583 vilipendat,
1127 513 1219 583 qui
1266 512 1409 583 digni
1467 525 1625 568 erant
1666 514 2014 572 miseratione

2177 521 2253 590 μὴ
2325 521 2569 586 ἐκείνους
2626 522 2941 598 ἐξευτελίσῃ
2987 528 3110 591 τοὺς
3166 529 3355 596 ἀξίους
3409 533 3737 605 οίκτιρμῶνο

483 608 701 676 partim,
740 617 797 660 ut
824 606 1075 662 ostendat
1097 605 1243 676 quod
1268 622 1334 661 ex
1367 606 1564 664 aﬂ‘ecm
1602 609 1794 665 intimo
1837 610 1948 666 illis
1978 611 2062 666 in-

481 698 673 752 clinari
703 705 938 766 oportet,
963 706 1018 752 et
1060 712 1164 752 non
1212 707 1269 752 ut
1296 696 1494 754 l'ratres
1533 713 1661 768 erga
1700 699 1918 766 fratres,
1969 715 2058 756 ve-

483 807 601 846 rum
631 803 683 845 ut
711 804 964 861 parentes
991 807 1116 862 erga
1149 791 1370 848 liberos.
1401 793 1479 847 Ne
1516 793 1662 848 enim
1708 793 1847 849 mihi
1883 794 2054 861 dicas,

481 887 620 953 quod
651 887 894 952 peccavit
933 899 948 939 :
977 887 1046 941 ob
1073 901 1192 940 eam
1231 901 1466 955 namque
1494 900 1713 942 causam
1747 886 1844 942 abs
1877 896 1928 943 te
1956 886 2060 942 mi-

481 975 795 1032 sericordiae
824 978 1032 1032 viscera
1058 977 1238 1048 exigo.

549 1069 957 1141 Benignitatem,
977 1070 1351 1137 humilitatem,
1370 1071 1850 1136 mansuetudinem,
1869 1070 2058 1140 longa-

477 1163 796 1218 nimitatcm.
852 1163 951 1230 Qui
994 1163 1363 1220 miserationis
1409 1164 1621 1219 viscera
1681 1163 1942 1230 induerit,
1977 1162 2056 1218 illi

479 1258 783 1314 necessario
813 1257 928 1312 haec
968 1257 1215 1313 aderunt.
1245 1255 1380 1325 Quis
1430 1257 1575 1312 enim
1605 1265 1758 1326 pater
1789 1257 2054 1312 adversus

475 1355 697 1415 gnatum
726 1362 882 1400 suum
915 1362 1019 1401 non
1078 1355 1158 1401 est
1204 1346 1490 1416 benignus.
1523 1362 1630 1403 non
1666 1348 1945 1402 moderato
1970 1356 2053 1401 est

475 1442 679 1506 animo,
714 1455 818 1493 non
875 1440 1206 1496 contendens
1252 1454 1376 1494 cum
1418 1454 1507 1506 eo,
1538 1441 1631 1495 sed
1670 1439 1804 1494 nihil
1857 1455 1960 1494 non
2005 1439 2055 1495 ei

475 1534 839 1604 permittens?
879 1532 1080 1601 Ecquis
1109 1548 1212 1586 non
1264 1542 1349 1587 est
1390 1531 1754 1601 longanimis?
1784 1531 1939 1588 Disce
1968 1533 2056 1588 hic

474 1629 738 1697 optimum
766 1627 1031 1681 ordinem.
1075 1624 1386 1693 Benignitas
1421 1626 1534 1680 sive
1563 1625 1794 1680 comitas
1831 1635 2055 1693 generat

476 1721 835 1775 humilitatem
865 1738 878 1774 :
917 1720 1006 1787 qui
1048 1719 1192 1772 enim
1226 1719 1382 1774 bonis
1406 1716 1650 1772 moribus
1677 1727 1760 1772 est
1779 1719 2052 1784 excultus,

475 1815 712 1869 is-etiam
777 1823 858 1866 est
904 1813 1147 1868 humilis.
1212 1812 1294 1868 Ab
1335 1810 1643 1866 humilitate
1683 1813 2043 1867 mansuetudo

2167 615 2284 684 ἅμα
2318 615 2399 683 δὲ,
2453 618 2542 674 ἵνα
2578 617 2754 692 δείξῃ.
2805 621 2886 675 ὅτι
2935 625 2999 675 ὲκ
3041 621 3336 689 διαθέσεως
3374 625 3458 678 δεῖ
3501 620 3738 697 ἐπικάμ-

2165 709 2397 764 πτεσθαι
2432 712 2635 776 αὐτοῖς,
2671 715 2764 766 καὶ
2820 713 2917 784 οὐχ
2953 715 3028 777 ὡς
3056 715 3307 786 ἀδελφοῖς
3349 717 3593 788 ἀδελφοὶ,
3633 721 3737 774 ἀλλ’

2169 799 2245 862 ὡς
2278 803 2438 854 παισὶ
2464 803 2723 874 πατέρες.
2750 805 2840 877 Μὴ
2862 808 2970 876 γάρ
3017 823 3107 877 μοι
3154 808 3337 882 εἴπῃς,
3387 811 3472 864 ὅτι
3504 812 3735 887 ἥμαρτε.

2163 891 2244 944 Tit
2270 891 2378 964 γὰρ
2409 893 2695 966 σπλάγχνα
2719 896 2807 952 διὰ
2828 898 2986 952 τοῦτό
3013 916 3071 952 σε
3094 901 3340 958 ἀπαιτῶ.

2231 1072 2642 1142 Χρηστότητα,
2672 1081 3256 1150 ταπεινοφροσύνην,
3285 1085 3610 1154 πραότητα,
3636 1106 3737 1156 pa—

2161 1163 2511 1231 κροθυμίαν.
2530 1164 2620 1236 Τῷ
2641 1168 2934 1238 φορέσαντι
2953 1171 3240 1243 σπλάγχνα
3261 1176 3564 1247 οἰκτιρμῶν
3584 1181 3737 1246 ἀναγ-

2159 1253 2333 1317 καίως
2353 1256 2448 1308 καὶ
2473 1257 2648 1311 ταῦτα
2676 1260 3041 1332 παρέπονται.
3087 1266 3185 1328 Τίς
3226 1268 3334 1336 γὰρ
3378 1272 3564 1340 πατὴρ
3608 1271 3733 1342 πρὸς

2160 1341 2275 1396 υἱὸν
2297 1344 2358 1396 οὐ
2389 1347 2776 1418 χρηστεύεται,
2821 1352 2882 1405 οὐ
2926 1359 3366 1428 ταπειωφρονεῖ,
3401 1358 3475 1432 μὴ
3525 1341 3734 1430 ἐρίξων,

2157 1435 2294 1488 ἀλλά
2323 1440 2542 1494 πάντων
2568 1441 2720 1514 αὐτῷ
2739 1447 3116 1516 παραχωρῶν;
3144 1449 3240 1513 Τίς
3264 1451 3326 1504 οὐ
3359 1453 3733 1522 μακροθυμεῐς

2157 1528 2313 1582 Malis
2348 1530 2404 1584 δὲ
2439 1532 2593 1599 τάξιν
2623 1536 2875 1607 ἀρίστην.
2925 1539 2990 1593 Ἦ
3016 1542 3322 1613 χρηστότης
3353 1547 3521 1616 γεννᾷ
3555 1563 3734 1600 ταπει-

2157 1625 2529 1696 νοφροσύνην·
2558 1627 2587 1679 ὁ
2619 1629 2725 1700 γὰρ
2775 1632 3143 1704 χρηστοήθης,
3188 1635 3280 1690 καὶ
3336 1639 3731 1709 ταπεινόφρων-

2170 1713 2302 1764 Ἀπὸ
2322 1717 2851 1788 ταπεινοφροσύνης,
2894 1721 3141 1792 πραότης
3161 1739 3174 1753 ο
3212 1724 3241 1776 6
3271 1722 3382 1794 γὰρ
3412 1725 3730 1795 ὑπέρφρινν,

2156 1804 2252 1859 καὶ
2283 1805 2562 1880 Θυμώδης.
2636 1811 2771 1864 Ἀπὸ
2817 1815 3151 1885 πραότητος,
3211 1817 3245 1887 η
3296 1815 3732 1888 μακροθυμία,5

471 1917 589 1963 est:
623 1906 712 1975 qui
763 1905 908 1958 enim
944 1906 1210 1974 supernus
1233 1913 1340 1970 est,
1390 1905 1433 1959 is
1465 1913 1521 1959 et
1551 1904 1928 1959 concitatioris
1960 1914 2047 1960 est

2155 1894 2301 1949 ἐστιν
2325 1896 2359 1966 ἡ
2395 1879 2798 1972 μεγαλοψυχία.

471 1997 660 2054 animi.
682 1996 723 2050 A
754 1996 1165 2052 mansuetudine
1195 1995 1599 2066 longanimitas,
1627 1994 1678 2050 id
1718 2005 1802 2052 est
1829 2011 2052 2066 magna-

474 2090 710 2143 nintitas.

548 2181 709 2236 Vens.
738 2181 824 2236 15.
859 2179 1241 2250 Sapportantes
1266 2181 1491 2236 invicem
1514 2191 1560 2236 et
1589 2181 1846 2237 donantes
1879 2181 2053 2237 vobis-

470 2275 723 2342 mctipsis,
765 2275 811 2327 si
841 2275 958 2344 quis
1011 2274 1256 2328 adversus
1289 2273 1515 2345 aliquem
1538 2271 1728 2328 habeat
1757 2275 2046 2344 querelam.

470 2365 584 2421 Hoc
614 2376 717 2431 est,
754 2378 1034 2435 portantes
1059 2383 1153 2423 vos
1215 2378 1423 2432 mutuo,
1482 2375 1536 2422 et
1571 2375 1625 2421 tu
1661 2367 1831 2434 illum,
1871 2378 1926 2424 et
1963 2369 2052 2423 ille

471 2471 524 2515 te
559 2476 574 2514 :
605 2470 659 2514 et
697 2474 800 2516 non
828 2459 1197 2514 amat-alenter
1226 2457 1366 2512 alter
1400 2456 1626 2512 alterius
1652 2457 1835 2526 lapsus
1862 2457 2052 2526 explo-

471 2561 674 2619 rantes,
700 2551 795 2610 sed
819 2551 1041 2622 exiguos
1067 2565 1160 2606 eos
1185 2558 1456 2618 putantes,
1478 2550 1777 2619 dignosque
1798 2549 2051 2604 dissimu-

470 2646 689 2700 latione.
726 2642 980 2714 Expcnde
1008 2643 1095 2698 hic
1135 2642 1406 2713 quomodo
1435 2658 1498 2697 ea
1530 2643 1646 2711 ipse
1691 2642 2047 2708 imminuerit,

471 2738 752 2802 Querelam
782 2751 1004 2792 vocans.

539 2829 690 2885 Sicut
721 2839 768 2882 et
792 2827 1035 2884 Christus
1061 2827 1274 2881 donavit
1306 2826 1470 2893 vobis,
1493 2826 1572 2880 sic
1589 2836 1638 2881 et
1667 2842 1780 2882 uos.
1811 2825 1882 2882 Ut
1904 2841 2050 2882 sem-

468 2937 562 2991 per
585 2922 732 2985 facit,
761 2936 788 2974 ιι
817 2921 1038 2975 Christo
1071 2934 1167 2974 eos
1196 2920 1541 2986 adhortatur,
1571 2920 1720 2974 illum
1755 2921 1806 2974 in
1856 2935 2050 2974 exem-

469 3017 615 3082 plum
650 3012 953 3082 proferens.
1013 3011 1083 3066 At
1119 3025 1285 3080 supra
1338 3011 1558 3081 quidem
1593 3019 1808 3068 mutuos
1858 3027 2047 3068 eorum

467 3106 651 3172 lapsus
679 3103 906 3172 exiguos
955 3101 1125 3156 videri
1176 3100 1327 3170 iecit,
1376 3103 1575 3158 nudam
1625 3103 1902 3172 querelam
1953 3116 2048 3157 eos

468 3195 767 3266 appellans.
801 3194 932 3251 Cum
973 3209 1100 3249 vero
1127 3194 1403 3250 Christum
1433 3193 1738 3263 exemplum
1769 3194 2040 3264 producit,

465 3287 758 3357 persuadet
788 3286 963 3352 nobis,
1004 3295 1060 3340 ut
1085 3285 1300 3340 etiamsi
1332 3287 1555 3356 grandia
1587 3284 1782 3340 delicta
1821 3283 2042 3349 fuerint,

465 3395 531 3436 ac
553 3377 769 3434 etiamsi
800 3394 897 3433 nos
937 3378 1315 3434 benefactores
1361 3378 1532 3433 simus
1559 3393 1750 3434 eorum
1800 3379 1890 3448 qui
1945 3393 2047 3433 nos

467 3472 741 3535 haeserunt,
777 3469 880 3528 etsi
913 3484 1011 3525 nos
1058 3470 1258 3540 magni,
1318 3469 1418 3538 ipsi
1473 3484 1603 3524 vero
1648 3469 1845 3527 inﬁmae
1879 3468 2046 3524 souis

465 3563 686 3631 fuerint,
717 3577 815 3618 nos
848 3571 1033 3617 tamen
1082 3564 1264 3617 onittia
1301 3561 1664 3618 dimittamus.
1725 3561 1915 3632 Neque
1942 3563 2044 3617 hoc

464 3657 659 3719 solum,
692 3669 882 3711 verum
915 3663 971 3709 nt
1000 3655 1335 3712 entoriatnur
1373 3657 1538 3710 etiam
1571 3669 1670 3725 pro
1707 3654 1796 3721 iis,
1833 3665 1889 3709 et
1925 3662 2047 3725 post

465 3757 691 3804 mortem
721 3747 827 3803 illis
859 3745 1182 3802 beneficium
1211 3756 1455 3802 austrum
1484 3754 1770 3814 testemur,
1820 3747 2045 3816 perinde

463 3858 526 3896 ac
564 3841 819 3896 Christus
839 3850 959 3911 post
991 3848 1219 3894 mortem
1250 3840 1409 3896 nobis
1455 3838 1721 3894 beneficia
1759 3838 2041 3908 impertiit.

461 3934 731 3992 Particula
759 3934 904 3988 enim
936 3932 1050 3996 illa,
1078 3932 1252 3999 Sicut,
1291 3933 1406 3988 haec
1434 3931 1613 3988 omnia
1638 3930 1830 4001 exigit.

537 4027 700 4082 Vnus.
740 4027 828 4081 Η.
887 4025 1055 4095 Super
1098 4035 1272 4080 autent
1326 4025 1436 4080 lucc
1487 4025 1664 4080 omnia
1703 4025 2041 4081 charitatem.

463 4121 596 4187 Quia
632 4119 744 4174 ﬁeri
779 4127 978 4187 potest,
1005 4126 1062 4170 ut
1088 4118 1177 4186 qui
1209 4116 1470 4186 largiatur
1495 4116 1673 4171 isthuc
1703 4132 1768 4171 ex
1798 4131 1930 4186 pura
1959 4118 2045 4171 di-

464 4214 695 4268 lectione
724 4225 830 4265 non
867 4209 1056 4277 faciat,
1090 4208 1184 4264 sed
1212 4209 1263 4262 in
1289 4208 1524 4278 speciem
1542 4218 1595 4263 et
1627 4221 1692 4264 ex
1729 4208 2039 4278 hypocrisi;

465 4310 568 4360 iter
598 4305 757 4362 nobis
783 4303 1050 4370 ostendit,
1083 4317 1190 4372 quo
1227 4316 1516 4372 possumus
1558 4304 1807 4372 persequi
1859 4317 2042 4356 veram

463 4398 827 4468 largitionem.
855 4395 1050 4452 Potest
1085 4403 1265 4450 autem
1303 4393 1444 4462 ﬁeri,
1480 4405 1538 4449 ut
1586 4395 1856 4466 quispiam
1887 4411 2042 4450 man—

463 4503 650 4545 suetus
702 4489 950 4544 videatur
1007 4499 1060 4541 et
1117 4487 1362 4554 hmnilis,
1424 4503 1521 4542 nec
1558 4498 1740 4544 tamen
1798 4487 2038 4557 diligat:

2234 2177 2603 2247 Ἀνεχόμενοι
2623 2178 2914 2246 ἀλλήλων
2953 2179 3054 2235 καὶ
3077 2180 3449 2252 χαριζόμενοι
3483 2183 3725 2252 ἑαυτοῖς,

2154 2263 2266 2319 ἐὰν
2301 2283 2391 2333 τις
2417 2268 2567 2335 πρός
2591 2284 2726 2322 τινα
2753 2267 2866 2340 ἔχῃ
2906 2270 3182 2340 μομφήν.
3210 2272 3497 2336 Τουτέστι,
3530 2275 3725 2330 Βαστά-

2168 2356 2354 2422 ζοντες
2397 2357 2680 2430 ἀλλήλους,
2725 2361 2820 2415 καὶ
2882 2362 2946 2416 σὺ
2990 2365 3220 2432 ἐκεῖνον,
3267 2365 3363 2418 καὶ
3391 2366 3604 2430 ἐκεῖνος
3639 2370 3724 2420 σέο

2152 2449 2247 2503 καὶ
2278 2449 2354 2521 μὴ
2379 2452 2596 2524 πικρῶς
2623 2453 2978 2520 ἐξετάζοντες
3006 2456 3074 2510 τὰ
3091 2456 3338 2528 ἀλλήλων
3387 2457 3722 2528 πταῖσματα,

2149 2542 2289 2596 ἀλλὰ
2317 2545 2490 2614 μικρά
2518 2545 2659 2599 αὐτὰ
2701 2547 3021 2618 ἡγούμενοι,
3062 2551 3158 2604 καὶ
3178 2548 3306 2614 ἀξια
3353 2553 3724 2622 παροράσεως.

2153 2635 2300 2707 Ὅρα
2332 2637 2410 2702 δὲ,
2448 2639 2568 2704 πῶς
2596 2638 2694 2694 καὶ
2717 2641 2880 2707 αὐτὸς
2910 2643 3050 2697 αὐτὰ
3079 2642 3418 2714 tenuatus,
3453 2642 3724 2714 Μομφὴνν

2151 2727 2344 2783 εἰπών.

2221 2820 2428 2888 Καθὼς
2453 2822 2551 2876 καὶ
2579 2825 2612 2876 ό
2641 2822 2896 2891 Χριστὸς·
2915 2823 3242 2894 ἐχαρίσατο
3262 2826 3428 2896 ὑμῖν,
3453 2828 3611 2882 οὕτω
3635 2830 3716 2880 καὶ

2149 2915 2340 2983 ὑμεῖς.
2383 2915 2564 2987 Ὅπερ
2599 2915 2685 2970 ἀεὶ
2729 2918 2896 2981 ποιεῖ,
2940 2919 3048 2972 ἀπὸ
3087 2918 3181 2972 τοῦ
3207 2920 3450 2989 Χριστοῦ
3503 2923 3722 2992 προτρέ-

2149 3022 2313 3059 πεται
2355 3006 2573 3070 αὐτοὺς,
2635 3009 2846 3062 ἐκεῖνον
2885 3009 3156 3080 παράγων
3198 3011 3534 3081 ὑπόδειγμα.
3596 3013 3721 3064 Ἀλλ’

2150 3100 2412 3171 ἀνωτέρω
2443 3101 2543 3172 μὲν
2577 3101 2644 3156 τὰ
2685 3103 2938 3175 ἀλλήλων
2989 3106 3310 3176 πταίσματα
3352 3108 3529 3176 μικρά
3563 3108 3721 3160 δοκεῖν

2152 3191 2398 3263 ἐποίησε,
2437 3192 2665 3266 μομφὴν
2714 3195 2857 3248 αὐτὰ
2900 3195 3140 3260 καλέσας
3176 3196 3379 3268 ψιλήν·
3417 3197 3507 3250 διὰ
3548 3198 3603 3250 δὲ
3639 3195 3718 3250 τοῦ

2147 3286 2238 3340 τὸν
2263 3288 2496 3359 Χριστὸν
2535 3293 2902 3360 παραγαγεῖν,
2966 3292 3145 3344 πείθει
3196 3292 3347 3362 ἡμᾶς
3386 3294 3493 3347 κᾶν
3525 3293 3718 3362 μεγάλα

2146 3372 2249 3432 ὦσι
2282 3381 2348 3433 τὰ
2379 3381 2778 3452 ἁμαρτήματα,
2807 3382 2909 3436 κᾶν
2939 3384 3228 3456 εὐεργέται
3259 3379 3409 3454 ὦμεν
3452 3386 3560 3438 τῶν
3588 3387 3717 3456 ἡμᾶς

2147 3471 2516 3544 βλαπτόντων,
2548 3475 2654 3528 κᾶν
2681 3477 2844 3545 ἡμεῖς
2876 3478 3128 3548 μεγάλοι,
3174 3480 3379 3533 ἐκεῖνοι
3421 3480 3476 3533 δὲ
3524 3481 3715 3552 μικροὶ,

2143 3564 2294 3634 ὅμως
2339 3565 2518 3618 πάντα
2553 3567 2809 3636 ἀφιέναι·
2842 3572 2939 3622 καὶ
2975 3571 3038 3623 οὐ
3073 3571 3233 3642 μόνον
3266 3572 3446 3638 τοῦτο,
3478 3573 3606 3625 ἀλλὰ
3633 3573 3712 3624 καὶ

2147 3657 2681 3729 ὑπεραποθνήσκειν,
2711 3659 2805 3713 καὶ
2844 3661 2984 3730 μετὰ
3027 3660 3258 3714 θάνατον
3287 3663 3618 3731 εὐεργετεῖν,
3646 3661 3708 3722 ὡς

2144 3747 2242 3802 καὶ
2270 3749 2298 3802 ὁ
2329 3748 2561 3820 Χριστὸς
2593 3749 2966 3820 εὐηργέτησεν
2999 3751 3146 3822 ἡμᾶς
3171 3753 3266 3807 καὶ
3298 3753 3441 3822 μετὰ
3481 3753 3704 3806 Θάνατον.

2145 3841 2217 3895 Τὸ
2249 3843 2378 3912 γὰρ,
2410 3841 2634 3908 Καθὼς,
2668 3843 2841 3898 ταῦτα
2878 3843 3054 3898 πάντα
3093 3845 3340 3898 ἀπαιτεῖ.

2225 4021 2352 4078 Ἐπὶ
2410 4021 2560 4079 πᾶσι
2609 4020 2679 4076 δὲ
2715 4023 2950 4088 τούτοις
2995 4023 3111 4090 τὴν
3173 4022 3437 4093 ἀγάπην.
3513 4021 3702 4092 Ἐπειδή

2145 4115 2224 4169 ἔνι
2247 4115 2295 4149 ⁸⁵
2321 4117 2415 4168 καὶ
2454 4115 2819 4187 χαριζόμενον
2852 4117 2928 4188 μὴ
2965 4118 3023 4184 ἐξ
3049 4116 3270 4188 ἀγάπης
3305 4118 3551 4189 καθαρᾶς
3569 4117 3701 4170 τοῦτο

2144 4209 2342 4272 ποιεῖν,
2375 4207 2513 4260 ἀλλά
2544 4210 2786 4278 σχήματι
2815 4209 2910 4262 καὶ
2944 4209 3252 4280 ὑποκρίσει,
3282 4210 3698 4272 δείκνυσωᾌδδν,

2145 4299 2214 4352 δι’
2248 4296 2314 4370 ἧς
2344 4299 2620 4370 δυνάμεθα
2648 4301 2991 4373 κατορθῶσαι
3017 4303 3076 4354 τὸ
3121 4302 3338 4372 ἀληθῶς
3385 4301 3698 4373 χαρίζεσθαι.

2149 4393 2306 4445 Ἐστι
2343 4391 2400 4445 δὲ
2434 4393 2527 4445 καὶ
2550 4393 2725 4462 πρᾶον
2753 4394 3042 4461 φαίνεσθαι
3072 4395 3167 4447 καὶ
3188 4396 3604 4466 ταπεινόφρονα,
3626 4397 3702 4447 καὶ

2151 4483 2224 4553 μὴ
2246 4483 2486 4553 ἀγαπᾷν,
2525 4483 2617 4536 Διό
2653 4501 2817 4554 φησιν
2841 4501 2854 4514 ο
2909 4487 3039 4538 Ἐπὶ
3081 4483 3230 4540 πᾶσι
3267 4487 3501 4553 τούτοις
3552 4485 3704 4540 crae-

463 4581 758 4652 Propterea
796 4580 991 4650 inquit,
1025 4577 1195 4649 Super
1217 4581 1397 4634 omnia
1444 4579 1556 4634 ha'c
1600 4580 1803 4634 induite
1860 4580 2041 4632 chari-

2155 4577 2343 4629 σασθε
2369 4573 2484 4640 τήν
2503 4573 2766 4644 ἀγάπην.

464 4684 647 4732 latent.

525 4767 694 4833 .Quod
715 4765 980 4821 vinculum
1011 4775 1086 4820 est
1113 4766 1476 4836 perfectionis.
1523 4764 1628 4822 Ista
1671 4766 1716 4820 si
1749 4767 1909 4834 adsit,
1954 4769 2042 4822 illa

462 4860 645 4916 Omnia
675 4859 969 4916 connectit.
999 4857 1092 4912 Sin
1121 4867 1300 4912 autem
1325 4859 1489 4921 absit,
1545 4858 1941 4926 dissolvuntur,
1990 4871 2044 4915 et

464 4953 619 5008 fucus
651 4965 706 5008 et
733 4952 892 5022 plane
923 4950 1055 5006 nihil
1085 4964 1209 5006 esse
1232 4949 1733 5018 deprehenduntur.
1764 4949 2040 5018 Quemad-

464 5047 682 5101 modum
712 5046 854 5099 enim
891 5045 946 5100 in
967 5045 1129 5099 domo
1147 5044 1251 5099 nisi
1277 5042 1478 5098 fuerint
1497 5043 1898 5116 colligationes,
1922 5061 2041 5114 qua:

463 5137 678 5194 vincula
701 5136 808 5192 dici
833 5137 1038 5199 solent,
1068 5134 1232 5207 492
1271 5144 1324 5190 et
1353 5135 1411 5189 in
1446 5150 1675 5204 corpore
1705 5136 1809 5192 nisi
1841 5135 2045 5193 fuerint

464 5231 778 5300 ligamenta,
806 5227 950 5284 nulla
983 5240 1067 5285 est
1100 5229 1430 5298 reliquorum
1457 5228 1819 5283 commoditas
1851 5247 1865 5284 :
1897 5229 2043 5284 hunc

464 5324 529 5376 ad
563 5321 780 5376 modum
826 5319 1068 5375 charitas
1114 5319 1298 5375 omnia
1353 5318 1599 5374 continet
1648 5318 2040 5388 perfectionem

460 5412 740 5478 facientia,
775 5413 1020 5482 citraque
1050 5412 1188 5468 hanc
1210 5426 1368 5467 nemo
1393 5419 1476 5466 est
1506 5412 1799 5480 perfectus,
1855 5427 2038 5468 verum

463 5503 672 5558 etiamsi
704 5503 885 5560 omnia
918 5501 1120 5557 habere
1155 5501 1419 5566 videatur,
1452 5500 1799 5570 Imperfectus
1828 5511 1934 5555 est.

2223 4755 2386 4820 Ἦτις
2408 4753 2542 4808 ἐστὶ
2573 4753 2924 4825 σύνδεσμος
2973 4753 3086 4823 τῆς
3117 4754 3516 4823 τελειότητος.
3547 4755 3706 4807 Πάντα

2151 4846 2358 4911 ἐκεῖνα,
2390 4847 2575 4918 φησὶν,
2604 4845 2673 4899 αὖ
2686 4864 2745 4916 ιη
2781 4845 3076 4916 συσφίγγει
3137 4848 3390 4919 παροῦσα
3415 4865 3431 4879 ·
3484 4847 3705 4916 ἀπούσης

2152 4937 2233 5003 δὲ,
2268 4937 2578 4994 διαλύονται
2631 4939 2725 4992 καὶ
2774 4937 3093 5008 ἐλέγχονται
3127 4938 3419 5008 ὑπόκρισις
3469 4941 3592 4992 ὄντα
3630 4939 3707 4992 καὶ

2153 5030 2328 5086 οὐδέν.
2362 5031 2576 5101 ’Ὠσπερ
2605 5029 2714 5103 γὰρ
2752 5030 2844 5084 ὲπὶ
2880 5032 2979 5102 τῆς
3009 5031 3211 5096 οἰκίας,
3248 5033 3343 5084 ἐὰν
3404 5030 3479 5102 μὴ
3509 5027 3635 5086 ὧτιν
3659 5029 3705 5080 al

2155 5123 2508 5196 ἱμαντώσεις,
2543 5122 2612 5178 τὰ
2644 5122 2890 5196 συνήθως
2927 5122 3204 5193 λεγόμενα
3244 5123 3478 5194 δέματα,
3517 5124 3605 5178 καὶ
3627 5122 3707 5175 ἐπὶ

2148 5215 2243 5271 τοῦ
2278 5214 2552 5286 σώματος,
2579 5215 2674 5269 ἐὰν
2707 5215 2780 5286 μὴ
2807 5207 2943 5280 ὦσιν
2970 5217 3020 5268 οε
3061 5214 3373 5285 σύνδεσμοι,
3409 5215 3560 5268 οὐδὲν
3597 5214 3706 5282 ὕφει

2151 5307 2239 5370 λος
2272 5306 2378 5360 τῶν
2409 5306 2615 5359 λοιπῶν
2643 5320 2656 5335 ·
2693 5305 2836 5360 οὕτω
2868 5307 2963 5359 καὶ
2990 5307 3021 5377 ἡ
3063 5307 3252 5377 ἀγάπη
3304 5305 3521 5377 συνέχει
3541 5305 3704 5359 πάντα

2148 5402 2218 5452 τὰ
2245 5399 2342 5469 τὴν
2390 5397 2710 5468 τελειότητα
2759 5396 3040 5463 ποιοῦντα,
3074 5399 3169 5453 καὶ
3208 5399 3340 5452 ἄνευ
3378 5397 3580 5467 ταύτης
3623 5397 3700 5445 τέ·

2149 5488 2292 5554 λειος
2330 5491 2527 5559 οὐδεὶς,
2558 5491 2696 5546 ἀλλὰ
2750 5491 2852 5546 κᾶν
2907 5491 3089 5546 πάντα
3143 5491 3275 5563 δοκῇ
3314 5490 3482 5561 ἔχειν.
3523 5486 3700 5554 ἀτελής

2150 5585 2314 5640 ἐστιν.

1796 5723 2001 5788 Vat-ite
2046 5725 2376 5790 lectiones.

531 5855 579 5884 "'
610 5851 791 5904 ἔνεστι
827 5866 880 5904 0.
