3994 6572
455 402 603 466 έᾶἓῦ]

1421 399 2002 497 THEOPHYLAC’I‘I
2034 399 2444 461 BULGARUE
2476 397 2831 460 ARCHIEP.

3583 395 3729 462 1264

459 530 659 570 omnes
688 512 1028 570 calamitates
1051 525 1208 582 sequo
1234 509 1700 575 animo-feremus,
1733 512 1964 580 perinde
1988 527 2050 566 ne

2167 512 2357 580 γνώσει
2395 511 2505 566 τῶν
2528 512 2788 583 Γραφῶν,
2822 510 3005 574 πάσας
3029 511 3128 574 τὰς
3161 511 3446 582 συμφορὰς
3490 512 3732 579 εὐκόλως

469 609 618 664 dives
657 607 714 663 in
750 605 994 678 pecuniis
1026 603 1294 673 iacturam
1327 602 1467 659 ferre
1489 611 1689 674 potest.

538 791 606 845 1n
640 791 781 844 omni
807 787 1088 856 sapientia.
1125 785 1234 843 Hoc
1267 795 1373 850 est,
1405 786 1457 839 in
1487 783 1631 839 omni
1675 783 1892 838 virtute.
1943 781 2044 837 Sa-

466 885 729 956 pientiam
782 881 929 938 enim
982 881 1237 934 virtutem
1285 875 1539 946 appellat,
1580 879 1722 930 sicut
1758 881 1813 928 et
1856 889 2046 944 pecca-

470 987 580 1030 tum
620 973 988 1044 insipientiam
1034 968 1243 1026 David:
1298 967 1448 1022 Dixit
1491 965 1739 1034 insipiens
1783 966 1836 1017 in
1890 963 2046 1017 corde

463 1083 556 1122 suo
591 1065 610 1104 τ
644 1083 658 1132 ;
692 1075 765 1130 et,
815 1061 1140 1117 Putruerunt
1187 1061 1453 1116 cicatrices
1506 1071 1633 1110 mea:
1663 1072 1695 1109 ο
1747 1054 1884 1124 facie
1957 1054 2043 1108 in-

466 1160 719 1228 sipientia:
750 1173 876 1212 mea:
909 1166 957 1212 Β.

538 1251 794 1304 Docenles
844 1255 893 1302 et
944 1257 1324 1302 commonentes
1378 1262 1469 1302 vos
1513 1247 1652 1317 ipsos
1708 1243 1949 1317 psalmis,
1995 1248 2045 1297 et

465 1341 693 1412 Itynmis,
717 1353 770 1396 et
801 1340 1019 1394 canticis
1047 1339 1434 1407 spiritualibus.
1456 1339 1595 1406 Quia
1624 1339 1784 1394 lectio
1807 1337 2044 1392 laborem

470 1438 652 1501 habet,
688 1434 1031 1504 multumque
1055 1433 1132 1488 illi
1157 1431 1416 1488 molesnize
1444 1433 1607 1498 inest,
1642 1446 1748 1486 non
1781 1431 1846 1485 ad
1879 1429 2046 1484 histo-

443 1549 450 1552 -
476 1529 586 1582 rias
619 1526 793 1592 duxit,
825 1539 1016 1580 verum
1050 1525 1117 1578 ad
1146 1522 1411 1593 psalmos,
1443 1532 1504 1577 ut
1533 1521 1694 1579 simul
1723 1529 1779 1576 et
1804 1519 2046 1574 animum

470 1622 715 1676 canendo
750 1617 1010 1683 oblectes,
1057 1616 1406 1686 laboremque
1439 1613 1617 1672 fallas.
1665 1611 1900 1668 Psalmis
1945 1625 2046 1665 au-

473 1724 583 1769 tem
626 1715 858 1784 hymnos
886 1709 1186 1780 subiunxit,
1227 1723 1324 1764 ceu
1357 1722 1468 1764 rem
1509 1704 1816 1778 quampiam
1867 1702 2047 1774 perfe-

2149 606 2390 676 οτσομεν,
2417 605 2606 677 ὥσπερ
2644 605 2738 660 καὶ
2760 607 2786 660 ὁ
2832 603 3086 669 πλούσιος
3123 606 3184 658 ὲν
3244 605 3494 676 χρήμασι
3524 605 3734 678 ζημίαν

2150 698 2396 767 ἐνεγκεῖν
2427 697 2677 752 δύναται.

2231 789 2330 842 Ἐν
2387 787 2558 857 πάσῃ
2609 788 2818 858 σοφίᾳ.
2883 789 3196 858 Τουτέστιν,
3236 793 3293 846 ὲν
3335 794 3489 868 πάσῃ
3532 795 3729 867 ἀρετῇ.

2145 881 2348 952 Σοφίαν
2384 882 2491 951 γὰρ
2511 881 2612 952 τὴν
2643 883 2842 953 ἀρετήν
2859 899 3048 954 φησιν,
3076 883 3265 956 ὥσπερ
3295 886 3392 940 καὶ
3416 889 3516 958 τὴν
3544 889 3727 959 ἀμαρ-

2143 975 2268 1029 τίαν
2297 972 2611 1045 ἀφροσύνην
2632 974 2668 1028 -ό
2709 974 2872 1028 Δαυῖδ
2898 991 2914 1007 ο
2949 970 3136 1030 Εἶπεν
3175 976 3379 1046 ἄφρων
3407 979 3478 1033 ἐν
3514 979 3728 1048 καρδίᾳ

2146 1067 2334 1124 αὐτοῦ
2363 1084 2377 1098 ·
2414 1067 2533 1133 καὶ,
2590 1065 2986 1135 Προσώζεσαν
3023 1070 3087 1131 ζοί
3122 1068 3410 1139 μώλωπές
3453 1089 3577 1142 μου
3614 1073 3730 1127 ἀπὸ

2147 1158 2472 1229 προσώπου
2495 1157 2604 1228 τῆς
2629 1159 2987 1229 ἀφροσύνης
3006 1179 3146 1231 μου.

2219 1250 2625 1318 Διδάσκοντες
2662 1250 2761 1304 καὶ
2801 1252 3231 1320 νουθετοῦντες
3261 1253 3518 1321 ἑαυτοὺς
3565 1258 3725 1323 ψαλ-

2143 1343 2300 1414 μοῖς,
2327 1342 2426 1397 xui
2447 1342 2680 1411 ὕμνοις,
2722 1342 2822 1396 καί
2853 1342 3032 1410 ᾠδαῖς
3062 1345 3515 1413 πνευματικαῖς.
3559 1345 3736 1398 Ἐπει·

2146 1433 2212 1506 δὴ
2253 1435 2287 1504 ἡ
2319 1435 2628 1503 ἀνάγνωσις
2669 1433 2785 1505 ἔχει
2831 1435 2995 1488 πόνον
3044 1437 3138 1489 καὶ
3175 1435 3311 1489 πολὺ
3353 1437 3415 1490 τὸ
3446 1439 3730 1508 φομικὸν,

2154 1526 2254 1580 οὐκ
2301 1526 2394 1579 ἐπὶ
2447 1525 2690 1597 ἱστορίας
2740 1526 2971 1597 ἤγαγεν,
3024 1525 3139 1580 ἀλλ’
3182 1528 3274 1581 ἐπὶ
3310 1527 3590 1597 ψαλμοὺς,
3651 1528 3735 1582 ἵνα

2146 1615 2285 1687 ὁμοῦ
2332 1616 2428 1671 καὶ
2461 1616 2672 1689 τὲρπῃς
2699 1615 2799 1689 τὴν
2830 1617 3010 1689 ψυχὴν
3049 1617 3211 1690 ᾅδων,
3253 1619 3348 1674 καὶ
3384 1620 3732 1692 ὑποχλέπτῃς

2147 1707 2238 1761 τὸν
2270 1706 2452 1761 πόνον.
2489 1709 2644 1762 Μετά
2678 1707 2738 1761 δὲ
2777 1709 2905 1772 τοὺς
2933 1709 3205 1780 ψαλμοὺς,
3241 1711 3369 1773 τοὺς
3401 1710 3612 1782 ὕμνους
3649 1712 3733 1764 τέ-

470 1805 717 1860 etiorem.
789 1801 1028 1856 Psallere
1116 1813 1370 1870 namque,
1437 1797 1750 1863 hominum;
1820 1795 2048 1865 hymnos

2167 1800 2350 1868 Ιεικεν,
2400 1801 2475 1865 ὡς
2528 1799 2864 1873 τελειότερον
2919 1819 2974 1856 τι
3027 1803 3283 1874 πρᾶγμα.
3340 1804 3415 1857 Τὸ
3475 1803 3580 1874 μὲν
3626 1804 3733 1876 γὰρ

471 1911 601 1953 vero
617 1894 931 1962 concinere,
961 1882 1275 1963 angelorum
1303 1899 1408 1946 est.

548 2075 614 2130 In
657 2074 832 2146 gratia
871 2043 1166 2128 cortinules.
1211 2070 1324 2127 Hoc
1365 2078 1468 2138 est,
1500 2084 1623 2126 cum
1669 2069 1840 2141 gratia
1871 2078 1925 2124 et
1952 2083 2046 2124 νος

474 2169 681 2240 luptate
709 2167 1005 2239 spirituali.
1047 2164 1116 2221 Ut
1141 2165 1286 2220 enim
1337 2163 1587 2219 humana:
1616 2161 1899 2218 cantilenae
1927 2175 2051 2232 gra-

475 2261 606 2316 tiam
658 2259 862 2315 habere
909 2257 1186 2322 videnlur,
1240 2256 1452 2312 etiamsi
1509 2269 1614 2311 non
1671 2254 2047 2325 spiritualem:

473 2353 619 2408 hunc
650 2351 714 2405 ad
741 2350 956 2405 modum
994 2349 1190 2403 divina:
1211 2348 1550 2419 spiritualem
1579 2346 1778 2402 habent
1809 2347 2054 2402 oblecta-

477 2446 699 2501 tionem.
730 2441 826 2498 Vel
853 2442 983 2513 quia
1025 2456 1094 2498 ex
1128 2442 1270 2496 dono
1315 2439 1586 2511 spirituali
1632 2438 1744 2494 illis
1782 2437 2054 2508 obtigerat

478 2543 534 2589 ιιι
563 2541 846 2590 canerent.

551 2624 618 2681 In
646 2625 801 2681 corde
837 2635 1004 2679 vestro
1032 2621 1276 2676 Domino.
1309 2620 1426 2676 Non
1458 2619 1774 2689 simpliciter
1801 2633 1917 2686 ore,
1937 2618 2052 2678 sed.

479 2718 670 2784 Corde,
720 2718 774 2773 id
822 2726 928 2784 est,
958 2729 1080 2769 cum
1135 2713 1454 2768 attentione.
1493 2710 1608 2766 Hoc
1639 2711 1782 2766 enim
1827 2719 1912 2766 est
1950 2710 2056 2766 Deo

480 2825 712 2876 canere;
747 2808 875 2863 illud
921 2821 1078 2870 vero,
1123 2805 1257 2860 aeri.
1307 2804 1501 2868 Aliter,
1533 2803 1586 2858 in
1624 2803 1808 2868 corde,
1843 2819 1948 2857 non
1987 2803 2055 2856 ad

481 2902 928 2960 ostentationem.
962 2897 1098 2952 Nam
1130 2898 1231 2952 etsi
1280 2898 1334 2951 in
1364 2894 1484 2951 l‘oro
1515 2895 1703 2962 fueris,
1734 2904 1889 2965 potes
1917 2893 2056 2964 apud

483 2997 710 3067 teipsum
733 3005 950 3057 canere,
981 2990 1206 3046 nemine
1233 2988 1506 3044 audiente.

552 3177 720 3232 Vens.
748 3175 839 3230 17.
873 3172 941 3227 Et
966 3188 1114 3228 omne
1146 3172 1487 3243 quodcunque
1501 3169 1680 3241 facitis
1705 3170 1760 3224 in
1789 3173 1939 3223 verba
1967 3176 2058 3220 aut

2079 1873 2127 1936 Β
2154 1891 2402 1962 ψάλλειν,
2459 1890 2568 1946 τῶν
2621 1891 2928 1964 ἀνθρώπων
2957 1909 2972 1927 ·
3021 1892 3084 1946 τὸ
3130 1873 3195 1947 st
3244 1893 3456 1965 ὑμνεῖν,
3479 1873 3600 1947 τῶν
3633 1873 3733 1961 ἁγν-

2156 1983 2352 2054 τέλων.
2490 2028 2498 2040 .

2237 2075 2342 2131 Ἐν
2393 2075 2586 2146 χάριτι
2635 2074 2907 2144 ᾄδοντες.
2960 2075 3108 2131 Ἀντί
3150 2075 3268 2143 τοῦ,
3326 2077 3468 2148 μετά
3517 2078 3735 2149 χάριτος

2157 2166 2254 2221 καὶ
2281 2166 2477 2238 ἡδονῆς
2502 2168 2905 2239 πνευματικῆς.
2938 2169 3150 2242 Ὥσπερ
3188 2171 3295 2240 γὰρ
3326 2171 3394 2222 τὰ
3416 2171 3734 2241 ἀνθρώπινα

2159 2257 2382 2328 ᾅσματα
2425 2258 2584 2328 χάριν
2623 2257 2768 2330 ἔχειν
2808 2259 3078 2326 δοκοῦσιν,
3109 2262 3158 2315 εί
3195 2261 3270 2333 μὴ
3316 2263 3732 2333 πνευματικήν·

2158 2349 2302 2403 οὕτω
2341 2349 2410 2404 τὰ
2436 2348 2576 2414 Θεῖα,
2611 2353 3014 2424 πνευματικήν.
3061 2355 3132 2407 Ἢ
3173 2354 3254 2407 ὅτι
3303 2354 3398 2408 καὶ
3438 2354 3550 2408 ἀπὺ
3583 2357 3736 2426 χαρί-

2161 2458 2365 2512 σματος
2395 2435 2541 2511 εἶχον
2571 2441 2631 2495 τὸ
2664 2441 2832 2514 ᾅδειν.

2247 2623 2343 2674 Ἐν
2387 2621 2461 2692 τῇ
2490 2621 2704 2692 καρδίᾳ
2741 2622 2910 2694 ὑμῶν
2951 2621 3032 2689 τῷ
3057 2624 3269 2693 Κυρίῳ.
3303 2625 3418 2695 Οὐχ
3449 2624 3641 2688 ἁπλῶς
3664 2625 3737 2695 τῷ

2163 2714 2413 2784 στόματι,
2453 2715 2588 2779 ἀλλ’,
2645 2716 2748 2769 Ἐν
2789 2713 2865 2784 τῇ
2893 2715 3134 2785 καρδίᾳ,
3167 2716 3194 2770 ὃ
3221 2720 3355 2778 ἐστι,
3395 2718 3538 2788 μετά
3571 2733 3734 2787 προσ-

2162 2805 2313 2876 οχῆς.
2341 2803 2514 2858 Τοῦτο
2562 2805 2672 2876 γάρ
2707 2807 2822 2859 ἐστι
2863 2804 2942 2876 τῷ
2985 2805 3105 2876 Θεῷ
3147 2807 3312 2878 ᾅδειν,
3353 2808 3536 2861 ἐκεῖνο
3576 2807 3634 2860 δὲ
3665 2807 3737 2878 τῷ

2163 2899 2306 2972 ἀέρι.
2343 2899 2454 2954 Καὶ
2481 2897 2659 2962 άλλως
2687 2900 2746 2952 ὲν
2783 2899 2850 2969 τῇ
2901 2899 3125 2970 καρδίᾳ,
3168 2899 3243 2970 μὴ
3278 2901 3414 2971 πρὸς
3453 2899 3735 2963 ἐπίδειξιν.

2163 2991 2285 3045 Κάν
2312 2988 2419 3062 γάρ
2465 2991 2522 3044 ὲν
2556 2990 2730 3061 ἀγορᾷ
2772 2983 2859 3063 ᾖς,
2901 2989 3127 3045 δύνασαι
3167 2989 3307 3044 κατὰ
3356 2991 3556 3044 σαυτὸν
3599 2990 3736 3061 ᾅδειν

2167 3083 2398 3157 μηδενὸς
2437 3081 2748 3145 ἀκούοντος.
3226 3092 3228 3095 ·

2237 3176 2346 3230 Καὶ
2386 3172 2510 3230 πᾶν
2539 3173 2571 3228 ὃ
2600 3172 2678 3228 ἂν
2707 3173 2917 3242 ποιῆτε
2955 3173 3025 3227 ἐν
3055 3173 3218 3242 λόγῳ
3254 3174 3502 3244 ἣνέργῳ,
3545 3172 3735 3228 πάντα

483 3285 656 3340 opere,
695 3265 873 3322 omnia
919 3265 974 3319 in
1018 3264 1226 3318 nomine
1271 3261 1486 3317 Domini
1525 3258 1677 3316 Jesu.
1727 3259 1786 3315 Si
1830 3259 1982 3320 edas,
2015 3258 2057 3314 si

2167 3267 2235 3322 ἐν
2273 3267 2516 3336 ὀνόματι
2552 3263 2660 3319 τοῦ
2699 3265 2921 3333 Κυρίου
2968 3264 3195 3333 Ἰησοῦ.
3250 3266 3376 3318 Ἐὰν
3410 3264 3620 3334 ἐσθίῃς,
3649 3265 3736 3317 ἐὰν

483 3361 658 3426 bihas,
710 3356 753 3412 si
799 3354 1189 3426 peregrineris,
1241 3350 1424 3406 omnia
1475 3353 1528 3404 in
1561 3349 1780 3405 nomine
1816 3348 1908 3404 Dei
1941 3360 2060 3414 age,

485 3451 586 3505 hoc
617 3458 722 3514 est,
777 3448 951 3516 ipsum
993 3443 1291 3515 adiutorem
1342 3442 1639 3508 invocans;
1691 3439 1778 3494 ubi
1829 3437 2062 3507 primum

476 3556 671 3612 preces
712 3541 779 3594 ad
829 3554 953 3593 eum
1001 3535 1229 3602 iudcris,
1265 3543 1378 3589 tum
1406 3533 1623 3590 demum
1656 3545 1820 3602 opera
1853 3538 1941 3584 tua
1973 3543 2064 3600 ag-

486 3633 772 3702 grediaris.
809 3629 900 3685 Dei
935 3644 1133 3684 nomen
1171 3629 1446 3683 daemones
1479 3625 1650 3697 ejicil,
1693 3633 1747 3680 et
1777 3638 1941 3696 opera
1974 3632 2064 3678 tua

485 3725 663 3778 liuilia
703 3723 795 3777 tibi
834 3736 940 3776 non
977 3719 1201 3775 reddet?
1240 3717 1333 3773 Vel
1375 3718 1474 3772 hoc
1505 3716 1622 3770 ait:
1654 3715 1936 3770 Dominum
1966 3711 2058 3768 Je-

487 3830 609 3868 sum
641 3813 923 3878 invocnle;
958 3825 1063 3864 non
1096 3807 1315 3878 angelos
1350 3806 1779 3878 superinducite.

558 3985 773 4041 Gratias
815 3997 1027 4057 agentes
1060 3987 1168 4041 Deo
1197 3986 1354 4042 Patri
1385 4003 1474 4058 per
1515 3988 1711 4058 ipsum.
1767 3985 1822 4043 Si
1867 3985 2066 4041 Filium

494 4085 736 4144 invoees,
774 4079 988 4134 Patrem
1036 4080 1256 4134 invocas
1305 4095 1401 4150 per
1439 4079 1650 4148 ipsum:
1695 4079 1740 4134 si
1779 4078 1918 4134 Filio
1947 4094 2068 4150 gra-

497 4177 601 4229 tias
638 4173 776 4241 agis,
807 4189 903 4242 per
958 4175 1128 4240 ipsum
1161 4173 1323 4226 etiam
1371 4171 1519 4226 Patri
1550 4172 1753 4243 gratias
1783 4172 1918 4242 agis.
1953 4170 2066 4238 Vel,

489 4264 950 4332 Quemadmodum
984 4262 1232 4333 nosipsos
1263 4261 1430 4318 Filius
1464 4263 1530 4317 ad
1578 4262 1794 4319 Patrem
1821 4263 2066 4329 adduxit,

489 4359 568 4412 sic
605 4369 655 4411 et
693 4357 807 4425 ipse
841 4355 1143 4426 gratiarum
1171 4356 1435 4410 actionem
1469 4364 1706 4410 nostram
1738 4358 1805 4410 ad
1851 4353 2068 4410 Patrem

488 4448 714 4520 perfert,
736 4447 975 4504 omnium
1007 4446 1273 4502 bonorum
1304 4444 1566 4501 mediator
1595 4445 1751 4501 nobis
1779 4446 2064 4502 exsistens.

568 4640 734 4695 Vens.
777 4640 860 4696 l8.
899 4637 1173 4706 Mulieres,
1223 4638 1443 4694 subdita:
1491 4647 1650 4693 estote
1691 4638 1818 4692 viris
1859 4638 2064 4703 uestris,

494 4737 631 4790 sicut
661 4744 858 4804 oportet
905 4733 965 4787 in
996 4733 1238 4789 Domino.
1277 4731 1388 4787 Cur
1424 4747 1529 4787 nun
1560 4733 1615 4786 in
1658 4731 1911 4788 omnibus
1943 4730 2069 4800 Epi-

493 4827 668 4891 stolis,
713 4824 808 4879 sed
835 4825 889 4880 iu
926 4826 1047 4889 hac,
1084 4832 1137 4878 et
1179 4824 1244 4879 ad
1274 4822 1440 4895 494
1473 4822 1755 4894 Ephesios,
1785 4832 1839 4879 et
1870 4822 1938 4878 ad
1977 4823 2068 4877 Ti-

496 4920 777 4974 motheum
821 4933 884 4972 ac
915 4917 1095 4971 Titum
1138 4917 1251 4973 haec
1284 4916 1563 4986 praecipit?
1602 4916 1696 4972 Vel
1726 4915 1848 4986 quia
1876 4915 2069 4970 verisi-

494 5013 622 5066 mile
670 5019 753 5066 est
794 5013 935 5079 quod
997 5009 1050 5063 in
1100 5010 1183 5064 his
1230 5009 1454 5064 urbibus
1513 5008 1649 5062 tales
1702 5008 2069 5063 dissensiones

495 5099 733 5153 fuerint:
768 5099 850 5153 vel
900 5099 1022 5168 quia
1064 5098 1214 5151 lirma
1247 5107 1366 5151 erat
1416 5098 1502 5152 hic
1550 5097 1808 5162 Ecclesia,
1850 5113 1914 5152 ac
1944 5097 2070 5152 reli-

494 5206 601 5259 qua
656 5189 798 5259 apud
845 5204 939 5244 eos
978 5189 1116 5244 bene
1173 5189 1462 5256 habebant,
1510 5198 1558 5242 et
1611 5191 1753 5260 quod
1802 5189 2068 5258 reliquum

494 5291 631 5345 erat,
666 5281 732 5336 de
791 5281 939 5335 hisce
1001 5281 1254 5351 loquitur.
1304 5281 1440 5335 Aliis
1492 5294 1620 5335 vero
1688 5281 1738 5334 in
1787 5280 2068 5336 altioribus

499 5373 842 5444 dogmatibus
874 5375 1140 5427 derectum
1163 5373 1527 5444 patientibus,
1559 5373 1728 5442 magis
1752 5383 1868 5428 erat
1894 5388 2071 5428 neces-

2169 3357 2354 3431 πίνῃς,
2397 3356 2493 3411 ἐὰν
2535 3356 2846 3428 ἀποδημῇς,
2877 3357 3056 3410 πάντα
3099 3358 3157 3410 ὲν
3193 3356 3418 3427 ὀνόματι
3463 3355 3558 3409 τοῦ
3607 3355 3734 3408 θεοῦ

2167 3452 2402 3523 πράττε,
2437 3449 2744 3516 τουτέστιν,
2793 3448 2959 3503 αὐτὸν
3007 3449 3191 3503 καλῶν
3226 3448 3438 3519 βοηθὸν,
3476 3448 3734 3519 πρότερον

2169 3541 2319 3614 αὐτῷ
2367 3541 2686 3614 εὐχόμενος,
2734 3544 2830 3598 καὶ
2867 3542 3039 3605 οὕτως
3072 3540 3246 3594 ἅπτου
3280 3539 3389 3594 τῶν
3431 3539 3631 3611 ἔργων.
3665 3539 3733 3592 Τδ

2164 3637 2260 3692 τοῦ
2320 3636 2456 3691 Θεοῦ
2505 3636 2678 3708 ὄνομα
2725 3636 2986 3708 δαίμονας
3029 3637 3302 3703 ἐκϐάλλει,
3348 3635 3444 3689 καὶ
3493 3635 3562 3688 τὰ
3599 3635 3728 3704 πρά-

2163 3747 2347 3800 γματα
2394 3729 2494 3783 οὐκ
2547 3728 2841 3800 εὐμαρίσει
2903 3746 3025 3795 σοις
3100 3730 3172 3784 Ἦ
3219 3730 3376 3784 τοῦτό
3431 3747 3616 3800 φησιν,
3657 3728 3730 3779 ὅτι

2169 3821 2275 3876 Τὸν
2323 3819 2530 3891 Κύριον
2577 3819 2785 3891 Ἰησοῦν
2833 3819 3128 3891 ὀνομάζετε
3156 3836 3170 3849 ·
3209 3821 3284 3891 μὴ
3317 3822 3443 3882 τοὺς
3477 3819 3730 3888 ἀγγέλους

2168 3915 2514 3982 ὲπεισάγετε.

2240 4004 2762 4075 Εὑχαριστοῦντες
2782 4003 2864 4071 τῷ
2891 4003 3015 4070 Θεῷ
3044 4003 3142 4058 καὶ
3162 4004 3340 4072 Harp!
3364 4005 3410 4036 δ’
3437 4001 3512 4055 δι’
3537 4000 3728 4055 αὐτοῦ.

2173 4102 2270 4154 Ἂν
2301 4100 2393 4154 τὸν
2432 4099 2564 4152 Υἱὸν
2611 4098 2806 4168 καλῇς,
2841 4098 2907 4151 δι’
2937 4097 3102 4150 αὑτοῦ
3144 4098 3236 4149 τὸν
3280 4095 3502 4166 Πατέρα
3541 4093 3727 4154 καλεῖς.

2172 4193 2271 4246 Ἂν
2303 4190 2380 4261 τῷ
2402 4190 2517 4262 Υίῷ
2549 4191 2903 4261 εὐχαριστῇς,
2938 4189 3006 4242 δι’
3037 4188 3204 4243 αὑτοῦ
3226 4187 3303 4258 τῷ
3331 4188 3510 4256 Πατρὶ
3527 4186 3732 4254 εὐχαρι-

2172 4286 2341 4347 στεῖς.
2394 4283 2488 4348 Ἢ,
2532 4282 2612 4335 δτι
2649 4283 2860 4353 ’Ὠσπερ
2893 4283 3039 4352 ἡμᾶς
3087 4281 3286 4343 αὐτοὺς
3313 4281 3342 4332 ὁ
3375 4279 3505 4342 Υἱὸς
3532 4277 3608 4345 τῷ
3634 4277 3733 4329 lla-

2170 4375 2261 4445 τρὶ
2302 4373 2682 4443 προσήγαγεν,
2731 4371 2877 4426 οὕτω
2923 4373 3020 4426 καὶ
3049 4370 3149 4442 τὴν
3185 4369 3544 4440 εὐχαριστίαν
3588 4365 3732 4437 ἡμῶν

2173 4464 2338 4528 αὐτὸς
2367 4465 2634 4533 προσάγει
2671 4465 2749 4535 τῷ
2789 4464 2984 4534 Πατρὶ,
3016 4463 3234 4517 πάντων
3257 4460 3364 4515 τῶν
3396 4458 3617 4528 ἀγαθῶν
3650 4474 3732 4528 με·

2175 4557 2328 4627 σίτης
2355 4557 2489 4628 ἡμῖν
2513 4555 2610 4612 ῶν.

2240 4650 2310 4703 Al
2349 4647 2652 4715 γυναῖκες,
2705 4647 3133 4703 ὑποτάσσεσθε
3190 4644 3316 4710 τοῖς
3365 4641 3658 4710 ἀνδράσιν
3693 4639 3733 4672 ⁸³

2170 4739 2367 4810 ὑμῶν,
2399 4740 2478 4806 ὡς
2504 4738 2735 4808 ἀνῆκεν
2766 4739 2838 4792 ἐν
2859 4738 3074 4807 Κυρίῳ.
3110 4737 3175 4790 Τί
3204 4737 3410 4806 δήποτε
3445 4735 3522 4806 μὴ
3553 4737 3610 4787 ὲν
3645 4733 3738 4784 πά-

2173 4851 2295 4897 σαις
2331 4835 2455 4896 ταῖς
2498 4832 2860 4900 Ἐπιστολαῖς,
2909 4830 3026 4884 ἀλλ’
3052 4832 3112 4882 ὲν
3144 4827 3341 4901 ταύτῃ,
3373 4829 3469 4882 καὶ
3516 4828 3583 4898 τῇ
3614 4823 3734 4894 πρὸς

2187 4924 2493 4994 Ἐφεσίους,
2535 4925 2632 4979 καὶ
2673 4927 2740 4996 τῇ
2777 4925 2916 4995 πρὸς
2947 4921 3217 4993 Τιμόθεον
3245 4922 3341 4975 καὶ
3371 4921 3553 4988 Τίτον,
3582 4915 3736 4970 ταῦτα

2176 5018 2488 5084 ἐπιτάττεις
2546 5019 2617 5072 Ἢ
2671 5019 2754 5072 ὃτι
2807 5017 2956 5082 εἰκὸς
2997 5020 3056 5070 ὲν
3094 5015 3322 5078 ταύταις
3363 5015 3486 5076 ταῖς
3539 5011 3736 5064 πόλεσιν

2177 5107 2320 5164 εἶναι
2344 5109 2598 5174 τοιαῦτας
2635 5109 2983 5182 διχοστασίας
3011 5125 3025 5140 ο
3060 5107 3094 5178 ἢ
3125 5107 3205 5160 ὃτι
3232 5105 3429 5177 ἑδραία
3456 5099 3526 5175 ἦν
3561 5098 3736 5156 ἐνταῦ-

2173 5205 2242 5259 θα
2290 5205 2324 5275 ὴ
2365 5203 2682 5272 Ἐκκλησία,
2731 5204 2928 5257 καὶτὰ
2972 5200 3107 5258 ἄλλα
3163 5201 3346 5262 αὐτοῖς
3398 5195 3734 5266 κατώρθωτο,

2173 5296 2268 5346 καὶ
2307 5295 2496 5347 λοιπ“.ν
2530 5295 2659 5363 περὶ
2702 5295 2905 5347 τούτων
2941 5292 3271 5360 διαλέγεται.
3319 5289 3443 5352 Τοῖς
3473 5285 3531 5340 δὲ
3568 5282 3734 5342 ἄλλοις

2175 5385 2533 5439 ὲὶλειπὸντων
2554 5385 2844 5456 δογμάτων
2866 5383 3242 5453 ὑψηλοτέρων,
3263 5377 3677 5449 ἀναγκαιότερον
3695 5369 3734 5401 ⁸⁸

497 5467 698 5520 sariunt
730 5466 891 5520 tle-iis
923 5467 1180 5531 scribere,
1227 5482 1290 5520 ac
1322 5467 1626 5536 hujusmodi
1667 5468 2057 5526 adhortatione:

2177 5471 2244 5547 ἦν
2287 5477 2354 5528 δι’
2388 5478 2574 5530 ἐκεῖνα
2618 5477 2873 5548 γράφειν,
2914 5474 3022 5529 τῶν
3067 5473 3122 5527 δὲ
3162 5472 3422 5527 τοιούτων
3459 5466 3732 5539 ὑποθηκῶν

610 5625 947 5694 fI’s‘ttl.:ttt,
987 5629 1032 5683 Ι.
1147 5630 1334 5686 sPsal.
1387 5647 1594 5700 xxxv",
1627 5633 1682 5688 5.

1827 5749 2026 5812 Varia:
2084 5748 2413 5814 lectiones.

581 5866 630 5901 "
669 5868 947 5940 Πνεῦματι
974 5885 1026 5925 o.
1106 5872 1150 5904 ⁶⁰
1187 5874 1298 5936 τοῖς
1355 5873 1505 5937 ἰδίοις
1554 5874 1814 5942 ἀνδράσιν
1860 5893 1932 5933 ιιι.
2011 5876 2054 5910 ⁸⁸
2082 5877 2378 5940 ἀναγκαῖον
2413 5896 2464 5932 υ.
