3994 6594
301 394 436 460 1285

1003 386 1406 449 EXPOSITIO
1443 386 1528 447 IN
1567 384 1806 446 EPIST.
1855 383 1954 442 AD
1994 382 2292 444 COLOSS.
2331 407 2401 419 —
2440 383 2596 445 CAP.
2638 383 2749 444 iii.

3397 376 3534 441 1236

295 509 546 580 ἀμελεῖν.
581 505 761 577 Πολλὴ
787 506 842 560 δὲ
870 506 1193 578 ὴὲμφέρεια
1233 507 1336 561 κάν
1365 505 1577 570 τούτοις
1608 503 1781 575 ταύτῃ
1803 503 1868 571 τῇ

1978 500 2412 570 pra-termittere.
2466 501 2656 573 Magna
2705 507 2882 558 autem
2941 500 2993 554 in
3053 497 3202 553 bisce
3249 497 3548 553 similitudo

292 599 591 670 Ἐπιστολῇ
630 599 727 652 καὶ
767 600 834 670 τῇ
873 598 1005 669 πρὸς
1053 598 1357 668 Ἐφεσίους.
1404 597 1470 650 Τί
1520 597 1576 650 δέ
1618 597 1738 649 ἐστι
1788 596 1870 661 τδ,

302 689 409 748 Ἐν
433 692 629 762 Κυρίῳ
646 707 666 756 ;
686 692 838 745 ’Δντὶ
855 691 969 758 τοῦ,
992 692 1090 747 Διά
1119 691 1212 745 τὸν
1241 691 1447 762 Κύριον
1475 689 1866 745 ὑποτάσσεσθε.

293 785 372 840 Οὑ
412 785 525 855 γάρ
557 785 720 854 μόνον
761 782 859 854 τὴν
901 784 1008 837 ἀπὸ
1063 783 1279 853 φύσεως
1338 784 1618 854 ὑποταγὴν
1654 781 1871 839 ἀπαιτῶ

295 875 475 946 (τοῦτο
531 875 642 946 γάρ
705 874 858 945 δηλοῖ
918 875 1018 956 διά,
1080 876 1197 941 τοῦ,
1273 875 1372 942 Ὠς
1430 874 1641 944 ἀνῆκε,
1707 891 1867 928 τουτ-

293 968 466 1036 έστιν,
519 968 709 1042 ὥσπερ
735 969 852 1024 ἐστὶ
877 968 1162 1043 καθῆκον),
1194 969 1329 1024 ἀλλά
1379 969 1472 1024 καὶ
1500 970 1598 1040 τὴν
1622 969 1711 1024 διά
1737 969 1871 1023 Θεὸν

296 1061 558 1133 μάλιστα.

365 1241 433 1294 Ol
488 1238 726 1310 ἄνδρες,
775 1237 1044 1309 ἀγαπᾶτε
1098 1242 1204 1308 τὰς
1261 1243 1572 1310 γυναῖκας,
1633 1242 1736 1296 καί
1781 1241 1869 1312 μὴ

290 1334 681 1401 πικραίνεσθε
710 1333 755 1366 ⁸³
787 1333 938 1402 πρὸς
968 1333 1177 1400 αὐτάς.
1210 1333 1370 1404 Ὅρα,
1411 1334 1526 1398 πῶς
1569 1333 1636 1388 τὸ
1662 1333 1866 1388 κατάλ-

295 1426 462 1496 ληλον
494 1427 709 1497 ἑκάστῳ
733 1427 881 1495 γένει
909 1428 1204 1495 παραινεῖτ’
1235 1426 1448 1497 γυναιξὶ
1476 1427 1576 1497 μὲν
1595 1427 1692 1498 τὴν
1723 1427 1859 1481 ὑπο-

297 1516 474 1585 ταγήν
498 1529 515 1546 °
564 1514 792 1588 ἀνδράσι
837 1515 918 1582 δὲ,
951 1515 1051 1586 τὴν
1078 1514 1320 1585 ἀγάπην.
1355 1515 1466 1586 Οὐχ
1503 1514 1646 1568 οὑτω
1694 1515 1804 1586 γὰρ
1836 1517 1870 1586 ἡ

297 1603 498 1677 [παρὰ]
510 1606 604 1659 τοῦ
626 1605 928 1676 ἀρχομένου
955 1605 1143 1676 ἀγάπη
1162 1605 1298 1677 πρὸς
1322 1605 1412 1659 τὸν
1431 1606 1666 1677 ἄρχοντα
1691 1605 1872 1676 ζητεῖ-

295 1711 408 1760 ται,
431 1695 506 1759 ὡς
528 1697 562 1766 ἡ
587 1696 684 1750 τοὺ
715 1697 976 1768 ἄρχοντος
1001 1696 1140 1769 πρὸς
1168 1696 1259 1750 τὸν
1281 1696 1744 1767 άρχὸμενον.⁹Δπό
1771 1698 1871 1768 μὲν

293 1781 388 1840 οὖν
420 1787 518 1840 τοῦ
561 1788 876 1856 ἀγαπᾶσθαι
943 1791 976 1860 ἡ
1014 1789 1154 1860 γυνὴ
1196 1790 1405 1858 γίνεται
1453 1790 1550 1844 καὶ
1595 1789 1733 1861 αὑτὴ
1777 1809 1868 1860 φι-

294 1879 420 1950 λική
448 1895 461 1908 ·
516 1845 626 1932 ἀπδ
669 1879 726 1933 δὲ
769 1879 864 1934 τοῦ
915 1845 1284 1948 δουλεὺεσθαι,
1339 1882 1368 1934 ὁ
1409 1880 1549 1953 ἀνὴρ
1599 1845 1869 1952 ἐπιεικης.
1905 1845 1949 1902 Β

309 1968 528 2040 Ἐπειδὴ
560 1969 618 2023 δὲ
663 1969 779 2024 ἔστι
827 1971 923 2025 καὶ
959 1971 1265 2041 ἀγαπῶντα
1310 1971 1696 2043 πικραίνεσθαι
1743 1974 1871 2044 (μά-

294 2057 456 2112 λιστα
497 2059 608 2129 γὰρ
653 2061 712 2112 αἱ
763 2060 901 2130 πρὸς
949 2063 1016 2116 τὰ
1061 2063 1365 2134 φιλούμενα
1397 2064 1664 2135 πρόσωπα
1699 2067 1870 2137 μάχαι

292 2141 459 2202 αὗται
493 2149 733 2221 πικραὶ),
775 2150 864 2204 διά
891 2151 1049 2206 τοῦτό
1095 2171 1266 2225 φησι·
1312 2155 1408 2224 Μὴ
1457 2158 1866 2226 πικραίνεσθε.

294 2237 386 2308 Τῷ
409 2238 522 2292 δντι
573 2239 680 2310 γὰρ
709 2241 819 2295 άπὸ
874 2243 1072 2315 πολλῆς
1106 2246 1329 2316 πικρίας
1365 2247 1521 2302 τοῦτο
1549 2249 1777 2319 γίνεται,
1811 2251 1871 2304 τὸ

293 2329 708 2396 διαστασιάζειν
735 2333 858 2386 τινά
893 2334 1032 2405 πρὸς
1059 2335 1121 2389 es
1147 2336 1308 2407 μέλος
1339 2340 1523 2395 αὑτοῦ.

370 2421 448 2474 Τὰ
469 2419 673 2489 τέκνα,
695 2425 1031 2480 ὑπακούετε
1055 2427 1182 2494 τοῖς
1204 2429 1452 2497 γονεῦσι
1473 2433 1624 2486 κατὰ
1649 2433 1866 2490 πάντα.

300 2512 483 2568 Τοῦτο
531 2515 642 2584 γάρ
680 2516 852 2571 ἐστιν
877 2517 1209 2587 εὐάρεστον
1238 2521 1309 2575 ἑν
1341 2523 1554 2591 Κυρίῳ.
1589 2525 1758 2578 Πάλιν
1787 2527 1866 2590 τὸ,

306 2603 408 2656 Ἐν
440 2606 656 2674 Κυρίῳ.
691 2606 764 2659 Οὑ
807 2608 914 2677 γὰρ
945 2608 1056 2662 ἀπὸ
1095 2609 1194 2679 τῆς
1227 2610 1442 2680 φύσεως
1481 2612 1647 2682 μόνης
1684 2612 1868 2682 βούλε-

291 2711 384 2747 ται
413 2697 562 2767 ἡμᾶς
592 2697 766 2752 ταῦτα
806 2702 1003 2765 ποιεῖν,
1037 2701 1172 2755 άλλά
1206 2702 1302 2756 καὶ
1330 2704 1412 2756 ὅτι
1436 2703 1513 2775 τῷ
1551 2703 1671 2774 Θεῷ
1700 2705 1865 2772 δοκεῖ,

294 2785 388 2839 ἵνα
435 2789 531 2840 καὶ
564 2787 757 2857 μισθὸν
786 2788 1022 2860 ἔχωμεν,
1055 2790 1130 2854 ὡς
1155 2792 1244 2846 διὰ
1271 2793 1362 2846 τὸν
1390 2793 1525 2849 Θεὸν
1559 2795 1864 2860 ποιοῦντες.

295 2875 549 2929 Eum-:6th
597 2878 655 2931 δὲ
691 2880 947 2953 πατέρων
979 2883 1138 2935 παισὶ
1181 2881 1582 2955 διαλεγόμενος,
1629 2880 1751 2940 εἷπε
1785 2885 1866 2955 τὸ,

294 2969 464 3024 Κατὰ
518 2968 741 3037 πάντα,
778 2974 900 3028 ἐπεὶ
937 2976 1049 3040 τοῖς
1090 2991 1154 3045 γε
1199 2975 1420 3032 άσεὸέσι
1500 2980 1774 3050 πατράσιν
1804 2981 1866 3036 οὑ

294 3059 444 3114 κατά
484 3061 666 3118 πάντα
711 3063 794 3117 δεῖ
821 3064 1141 3123 ὑπακούειν.
1191 3069 1266 3122 Οὑ
1299 3069 1409 3142 γὰρ
1446 3068 1510 3142 δὴ
1540 3071 1752 3125 natare
1787 3072 1868 3136 είς

292 3151 550 3208 ἀσέϐειαν
588 3154 955 3224 ἐκϐιάζονται,
985 3159 1258 3214 πειστέον.

371 3247 436 3298 οι
473 3245 748 3316 πατέρες,
794 3250 880 3320 μὴ
920 3251 1298 3320 παροργίζετε
1349 3253 1421 3307 τὰ
1460 3253 1639 3308 τέκνα
1677 3258 1861 3328 ὑμῶν,

293 3334 400 3387 ἵνα
440 3334 526 3404 μὴ
572 3337 867 3408 ἁθυμῶσι.
899 3341 943 3393 Τ
945 3343 1184 3406 ουτέστι,
1215 3343 1306 3414 Μὴ
1337 3345 1515 3400 πάντα
1548 3346 1650 3400 ὅσα
1691 3349 1867 3419 πράτ-

303 3441 481 3493 τουσι,
513 3429 728 3498 πικρῶς
759 3429 1045 3496 ἐξετάζετε
1069 3449 1084 3463 ο
1113 3433 1229 3486 ἀλλ’
1259 3433 1406 3488 ἔστιν
1430 3435 1465 3489 ἀ
1496 3437 1587 3489 καὶ
1622 3439 1868 3510 παρορᾷν

299 3514 507 3582 θέλετε,
540 3518 628 3571 ἵνα
661 3521 736 3590 μὴ
783 3520 1250 3592 φιλονεικοτέρους
1299 3525 1496 3590 αὑτοὺς
1525 3526 1742 3597 ποιῆτε,
1773 3529 1870 3582 καὶ

294 3608 377 3670 είς
423 3609 664 3681 ἀθυμίαν
719 3613 1011 3684 ὲμϐάλητε.
1045 3615 1187 3686 Ὅρα
1229 3617 1286 3670 δὲ
1333 3618 1548 3689 σοφίαν,
1597 3619 1714 3683 πῶς
1757 3622 1862 3674 ὲπ-

294 3701 493 3755 έκλασε
536 3703 661 3768 τοὺς
708 3709 906 3774 γονεῖς,
936 3706 1031 3762 καὶ
1069 3706 1318 3780 ἔκαμψεν
1355 3712 1534 3766 αὐτῶν
1556 3714 1621 3768 τά
1652 3713 1868 3783 σπλάγο

292 3811 397 3863 χνα
451 3794 541 3849 διὰ
594 3796 688 3850 τοῦ
750 3800 944 3865 εἰπεῖν,
1011 3802 1144 3857 Ἵνα
1210 3801 1297 3872 μὴ
1386 3803 1677 3872 ἀθυμῶσι.
1742 3805 1868 3871 Τοῖς

296 3885 432 4030 γὰρὸ
457 3889 697 3958 πατράσι
773 3892 921 3946 πᾶσα
985 3893 1188 3966 σπουδὴ
1216 3936 1230 3958 ,
1307 3895 1383 3968 μὴ
1453 3896 1683 3969 ἀθυμεῖν
1741 3901 1868 3965 τοὺς

302 3978 403 4030 παῖ
435 3993 522 4030 ας.

302 3978 500 4042 παῖδας
510 4019 522 4032 .

369 4156 436 4210 οι
481 4153 716 4226 δοῦλοι,
755 4163 1088 4241 υπᾳκούετε
1135 4167 1285 4220 κατὰ
1327 4166 1522 4220 πάντα
1566 4167 1690 4234 τοῖς
1718 4170 1868 4223 κατὰ

294 4247 495 4316 σάρκα
539 4253 789 4320 κυρίοις.
839 4254 1060 4321 Εὐθέως
1105 4258 1384 4329 δικαίωμα
1423 4258 1518 4312 τοῦ
1570 4261 1869 4315 ὑπακούειν

294 4341 430 4395 αὐτὸ
462 4342 523 4396 τὸ
551 4343 724 4414 ὄνομα
764 4347 825 4400 τὸ
864 4348 957 4402 τοῦ
995 4349 1184 4404 δουλοῖ)
1209 4367 1225 4384 ο
1257 4351 1374 4406 ἀλλ’
1409 4352 1494 4405 ἵνα
1525 4353 1600 4424 μὴ
1631 4355 1866 4429 άλγήσῃ,

294 4433 548 4504 ἐπήγαγε
568 4451 582 4466 ο
609 4436 742 4509 Τοῖς
771 4441 920 4495 κατὰ
944 4441 1142 4511 σάρκα
1166 4445 1416 4512 κυρίοις.
1448 4445 1520 4500 Τὸ
1548 4448 1656 4518 γάρ
1684 4451 1868 4520 κρεῖτρ

1975 601 2060 646 est
2095 591 2344 662 Epistolre
2377 592 2444 647 ad
2472 593 2735 664 Ephesios
2758 608 2882 648 cum
2913 591 3036 648 hac.
3070 589 3208 658 Quid
3241 599 3418 644 autem
3443 601 3546 655 est,

1974 685 2038 739 In
2074 684 2340 742 Domino?
2389 687 2498 740 Pro
2529 699 2592 741 eo
2640 685 2782 756 quod
2830 692 2933 751 est,
2987 683 3217 752 Propter
3261 680 3546 736 Dominum

1976 776 2216 830 obedite.
2263 775 2379 831 Non
2410 775 2552 831 enim
2593 775 2955 832 obedientiam
2988 781 3179 829 natura
3211 771 3548 828 solummodo

1975 869 2212 924 debitam
2273 883 2302 923 a
2368 869 2524 924 vobis
2577 869 2732 940 exigo
2792 869 2916 938 (boc
2975 867 3117 923 enim
3179 864 3394 920 indi-cal;
3451 878 3548 933 per

1975 959 2078 1015 hoc
2129 959 2269 1028 quod
2335 959 2434 1022 ait,
2527 958 2674 1016 Sicut
2726 969 2948 1029 oportet,
3007 957 3107 1014 hoc
3147 965 3252 1022 est,
3291 955 3371 1011 uti
3413 971 3546 1010 eon-

1972 1051 2166 1122 venit),
2212 1051 2304 1108 sed
2345 1051 2681 1122 potissimum
2713 1053 2874 1108 etiam
2906 1065 3021 1107 eam
3047 1064 3166 1122 quae
3211 1059 3294 1106 est
3331 1056 3548 1120 propter

1974 1142 2279 1198 Dnmimtm.

2045 1237 2207 1294 Vens.
2279 1237 2363 1295 i9.
2425 1237 2552 1304 Viri,
2579 1237 2782 1307 diligite
2831 1251 3038 1303 uxores,
3075 1244 3121 1290 et
3175 1225 3336 1290 nolite
3377 1232 3552 1288 amari

1971 1347 2080 1386 esse
2136 1332 2204 1386 ad
2255 1331 2399 1388 illas.
2462 1332 2848 1387 Animadverte
2903 1327 3172 1400 quomodo
3220 1329 3337 1398 ejus
3403 1326 3546 1395 quod

1971 1420 2192 1488 utrique
2243 1422 2395 1476 sexui
2451 1423 2730 1491 eompeth,
2799 1417 3295 1475 commonefaciat:
3352 1430 3546 1472 uxores

1972 1512 2216 1582 quidem,
2256 1522 2320 1568 ut
2363 1511 2654 1579 obediant;
2712 1512 2938 1567 maritos
2983 1524 3138 1574 vero,
3191 1519 3249 1564 ut
3297 1505 3542 1578 diligant.

1971 1606 2088 1661 Non
2119 1606 2262 1661 enim
2292 1606 2426 1660 adeo
2466 1621 2495 1660 a
2542 1604 2760 1660 subdito
2798 1618 2926 1674 erga
2981 1603 3277 1673 principem
3325 1601 3543 1655 dilectio

1971 1698 2254 1769 qumritur,
2285 1705 2343 1752 ut
2371 1713 2400 1751 a
2450 1697 2692 1768 principe
2720 1711 2845 1768 erga
2880 1696 3175 1752 subditum.
3204 1693 3282 1749 Ex
3317 1709 3382 1751 eo
3403 1694 3545 1749 enim

1972 1792 2116 1859 quod
2158 1805 2296 1846 uxor
2337 1789 2616 1860 diligatur,
2675 1789 2846 1860 diligit
2895 1797 2950 1844 et
2999 1790 3114 1860 ipsa
3147 1787 3433 1843 vicissim:
3485 1801 3548 1842 ac

1973 1883 2098 1937 dum
2132 1882 2244 1952 ipsa
2290 1883 2482 1938 marito
2529 1881 2772 1945 inservit,
2831 1880 3076 1936 redditur
3107 1880 3157 1934 ei
3210 1886 3544 1934 mansuetus.

1973 1973 2108 2040 Quia
2153 1988 2282 2030 vero
2313 1974 2430 2029 ﬁeri
2464 1981 2662 2044 potest,
2687 1981 2743 2026 ut
2771 1971 3054 2042 quisquam
3088 1971 3293 2042 diligat,
3326 1971 3544 2025 interim

1974 2073 2152 2119 tamen
2191 2072 2570 2134 exasperetur,
2614 2063 2761 2131 (natu
2821 2062 3116 2117 amicorum
3166 2061 3548 2116 altercationes

1971 2161 2098 2207 sunt
2129 2154 2513 2224 acerbissimae)
2545 2162 2828 2224 propterea
2863 2153 3059 2222 inquit,
3105 2149 3184 2206 Ne
3207 2152 3322 2206 sitis
3347 2152 3544 2206 amari.

1974 2244 2179 2300 Revera
2227 2245 2372 2300 enim
2419 2259 2485 2300 ex
2552 2245 2717 2300 multa
2747 2245 2848 2299 boe
2897 2247 2954 2298 tit
2994 2243 3372 2309 atnarulentia,
3405 2245 3548 2315 quod

1970 2337 2256 2407 quisquam
2281 2336 2543 2392 dissideat
2568 2337 2826 2392 adversus
2857 2337 3156 2392 membrum
3190 2352 3370 2391 suum.

2039 2427 2204 2484 Vens.
2228 2427 2319 2485 20.
2347 2426 2502 2494 Filii,
2545 2430 2742 2485 obedite
2770 2431 3076 2499 parentibus
3107 2445 3197 2499 per
3214 2430 3389 2482 omnia
3411 2447 3431 2496 ;
3452 2429 3546 2484 hac

1968 2520 2106 2573 enim
2132 2520 2385 2584 placitum
2420 2529 2495 2575 est
2543 2521 2598 2575 in
2635 2519 2879 2575 Domino.
2916 2520 3145 2587 Rursus,
3177 2519 3241 2574 In
3294 2519 3543 2575 Domino.

1969 2610 2084 2664 Non
2114 2611 2260 2665 enim
2287 2626 2316 2665 a
2341 2610 2454 2666 sola
2491 2619 2684 2666 natura
2719 2627 2814 2666 nos
2846 2612 2946 2666 ista
2979 2612 3096 2665 vult
3127 2613 3324 2670 facere.
3357 2626 3544 2665 verum

1967 2702 2097 2771 quia
2123 2709 2176 2756 et
2212 2702 2320 2757 Deo
2345 2701 2518 2756 visum
2553 2710 2660 2767 est,
2691 2713 2748 2757 ιιι
2781 2702 3085 2756 mercedem
3120 2702 3416 2756 habeamus
3447 2716 3544 2756 ceu

1968 2791 2060 2848 Dei
2101 2806 2265 2847 causa
2307 2791 2588 2848 facientes.
2639 2790 2856 2846 Piorutn
2903 2803 3080 2846 autem
3140 2799 3426 2863 parentum
3485 2792 3542 2845 lt-

1968 2882 2108 2938 beris
2138 2882 2304 2938 verba
2337 2881 2566 2947 faciens,
2605 2883 2760 2948 dixit,
2813 2881 2914 2938 Per
2952 2883 3153 2938 omnia.
3200 2881 3329 2935 Nam
3363 2882 3544 2952 impiis

1965 2976 2286 3045 parentibus
2339 2985 2446 3030 neu
2505 2984 2589 3032 est
2641 2990 2736 3046 per
2795 2975 2977 3030 omnia
3035 2976 3544 3046 obtemperandntn.

1968 3067 2085 3123 Non
2136 3069 2277 3123 enim
2311 3067 2527 3138 quando
2563 3069 2627 3121 ad
2677 3069 3008 3137 impietatem
3051 3077 3270 3137 cogunt,
3319 3068 3398 3122 eis
3458 3076 3543 3121 est

1890 3188 1938 3252 ς
1969 3158 2346 3252 obediendum.

2040 3251 2206 3307 Vens.
2237 3249 2326 3304 ‘21.
2379 3249 2582 3314 Patres,
2630 3251 2791 3305 nolite
2840 3251 2907 3304 ad
2973 3249 3384 3319 indignationem
3419 3264 3544 3318 pra~

1967 3359 2152 3397 vocare
2183 3343 2323 3412 ﬁlios
2356 3353 2570 3407 vestros,
2601 3359 2661 3395 ne
2693 3342 2881 3409 pusillo
2909 3342 3084 3395 animo
3103 3341 3257 3409 ﬁant.
3291 3337 3405 3393 Hoc
3435 3348 3542 3403 est,

1968 3435 2046 3491 Ne
2071 3437 2252 3490 omnia
2291 3450 2622 3506 quaecunque
2665 3441 2852 3506 agunt,
2883 3432 3242 3488 atnaruleuter
3264 3440 3316 3486 et
3345 3443 3540 3485 exacte

1968 3527 2247 3598 inquirite,
2301 3527 2394 3583 sed
2431 3527 2676 3598 quzedam
2717 3543 2744 3580 ο
2786 3527 2940 3581 vobis
2969 3534 3096 3581 sunt
3128 3523 3541 3587 dissimulanda,

1970 3633 2038 3674 ne
2065 3619 2516 3675 contentiosiores
2553 3633 2649 3674 eos
2682 3619 2913 3680 faciatis,
2954 3627 3116 3687 atque
3160 3617 3212 3670 in
3250 3629 3541 3670 mterorem

1969 3711 2297 3781 eonjieiatis.
2345 3711 2586 3768 Observa
2635 3721 2814 3766 autem
2861 3709 2976 3777 ejus
3017 3707 3361 3779 sapientiam,
3409 3723 3539 3778 quo-

1972 3808 2131 3859 modo
2174 3801 2458 3874 infregerit
2502 3811 2776 3870 parentes,
2829 3799 3135 3870 eorumque’
3184 3800 3396 3856 viscera
3456 3802 3534 3855 in.-

1969 3893 2181 3951 ﬂexerit
2216 3909 2312 3964 per
2338 3894 2439 3951 hoc
2469 3896 2612 3965 quod
2646 3895 2815 3958 dixit,
2857 3893 2938 3947 Ne
2965 3891 3154 3962 pusillo
3170 3891 3302 3960 ﬁant
3342 3892 3539 3946 animo.

1975 3983 2237 4041 Universa
2268 3985 2412 4041 enim
2448 3994 2734 4055 parentum
2765 3999 2897 4040 cura
2934 3985 2988 4038 in
3013 3986 3116 4040 hoc
3151 3982 3438 4050 incumbit,
3474 3997 3542 4037 ne

1971 4077 2124 4132 Izberi
2146 4077 2356 4148 dejecto
2387 4079 2500 4132 sint
2527 4078 2729 4133 animo.

2040 4169 2206 4228 Vens.
2230 4170 2323 4226 22.
2376 4171 2550 4240 Servi,
2594 4172 2798 4228 obedite
2842 4188 2934 4242 per
2964 4172 3142 4226 omnia
3175 4172 3399 4226 dominis
3428 4185 3542 4224 ear-

1973 4263 2202 4321 nalibus.
2240 4263 2436 4321 Statim
2484 4263 2575 4335 jus
2613 4265 2934 4322 obedientiaa
2965 4265 3136 4334 ipsum
3173 4263 3317 4318 servi
3347 4277 3538 4317 nomen

1971 4355 2192 4411 attulit:
2252 4356 2367 4423 sed,
2427 4369 2495 4412 ne
2547 4356 2669 4412 illos
2719 4364 2960 4426 angeret,
3016 4355 3242 4421 addidit,
3301 4353 3538 4407 Dominis

1972 4447 2294 4501 carnalibus.
2347 4446 2536 4501 Potior
2579 4446 2725 4502 enim
2762 4446 2838 4501 tui
2885 4459 3032 4514 pars,
3073 4447 3279 4510 anima,
3333 4444 3540 4512 inquit,

293 4523 390 4576 τόν
423 4540 539 4591 σου,
569 4528 603 4596 ἡ
629 4527 798 4599 ψυχὴ,
835 4531 1018 4602 φησὶν,
1047 4533 1435 4606 ἡλευθέρωται.
1459 4538 1801 4611 Πρόσκαιρος
1831 4543 1864 4612 ἡ

1978 4547 2057 4592 est
2085 4538 2287 4601 libera;
2322 4537 2554 4593 servitus
2578 4537 3020 4607 esttemporaria
3063 4553 3077 4588 :
3120 4536 3358 4591 animam
3378 4535 3542 4607 495

293 4613 509 4667 δουλεία
538 4631 551 4646 ·
625 4618 826 4687 μᾶλλον
889 4620 982 4676 οὖν
1045 4623 1308 4689 ὑπόταξον
1371 4625 1469 4697 τὴν
1521 4627 1730 4700 ψυχὴν,
1779 4629 1866 4684 ἵνα

299 4703 622 4772 ἐθελουσίως
654 4707 917 4780 [ολούσιος
930 4713 976 4786 ?]
1071 4717 1104 4787 ἡ
1133 4715 1366 4771 δουλεία.

367 4800 464 4868 Μὴ
506 4801 572 4855 ἐν
625 4805 1162 4877 ὀφθαλμοδουλείᾳ,
1211 4809 1295 4877 ὡς
1352 4811 1862 4882 ἀνθρωπάρεσκοι.

298 4892 553 4960 Ποίησον,
575 4898 732 4966 φησὶ,
755 4899 856 4968 τὴν
883 4900 992 4953 ἀπὸ
1012 4900 1107 4954 τοῦ
1142 4901 1310 4971 νόμου
1340 4903 1586 4959 δουλείαν
1615 4907 1726 4961 ἀπὸ
1766 4908 1859 4962 τοὺ

295 4983 467 5051 φόϐου
491 4985 737 5052 γίνεσθαι
767 4988 862 5042 τοῦ
896 4991 1157 5062 Χριστοῦ.
1191 4993 1362 5048 Ὅταν
1391 4995 1499 5068 γάρ
1531 4997 1607 5069 μὴ
1630 4999 1864 5070 δρῶντος

293 5074 391 5128 τοῦ
434 5075 694 5132 δεσπότου
730 5080 974 5156 πράττῃς
997 5083 1067 5136 τά
1091 5083 1298 5150 δέοντα,
1331 5087 1492 5157 δῆλον
1531 5089 1608 5155 ὡς
1653 5093 1741 5147 διά
1771 5093 1864 5149 τὸν

292 5166 392 5221 τοῦ
431 5168 567 5222 Θεοῦ
609 5169 896 5242 ὀφθαλμὸν
942 5176 1152 5239 ποιεῖς’
1191 5177 1287 5229 ἐὰν
1332 5179 1388 5231 δὲ
1426 5180 1555 5234 ὅταν
1593 5185 1696 5253 δρᾷ
1724 5187 1752 5239 δ
1782 5185 1867 5239 δε-

297 5261 504 5330 σπότης
535 5263 716 5330 μόνον,
751 5266 877 5318 τότε.
900 5267 1361 5340 ἀνθρωπάρεσκος
1403 5265 1487 5324 εἷο
1521 5273 1765 5338 τοιοῦτος
1803 5277 1860 5331 δὲ

295 5348 396 5413 ῶν,
459 5354 655 5406 σαυτὸν
710 5355 954 5424 βλάψεις.
1008 5361 1226 5430 Κύριος
1264 5361 1374 5432 γὰρ
1433 5362 1865 5434 διεσκόρπισεν

295 5440 356 5492 ὀί
367 5437 450 5496 ’τᾶ
481 5442 1018 5513 ἀνθρωπαρέσκων.

401 5621 432 5662 δ
455 5623 604 5681 Psal.
631 5643 726 5694 ut,
753 5627 805 5684 6.

1972 4627 2138 4699 igitur
2186 4625 2367 4696 potius
2425 4626 2682 4682 submitte
2733 4634 2904 4692 tuam,
2971 4632 3030 4680 ut
3101 4625 3410 4681 voluntaria
3470 4627 3540 4679 sit

1968 4718 2222 4774 servitus.
3235 4781 3238 4784 _

2045 4808 2168 4865 Non
2205 4811 2275 4865 ad
2307 4809 2516 4866 oculum
2564 4811 2862 4877 servientes,
2910 4811 3084 4882 quasi.
3107 4811 3403 4868 hominibus
3429 4811 3544 4880 pla-

1968 4913 2160 4959 centes.
2195 4901 2376 4970 Eﬂice,
2422 4904 2615 4974 inquit,
2646 4912 2704 4959 ut
2729 4905 2967 4959 servitus
2996 4919 3062 4960 ex
3098 4904 3214 4976 lege
3242 4905 3440 4968 debita,
3472 4919 3537 4958 ex

1969 5003 2116 5050 metu
2166 4995 2370 5051 Christi
2418 4994 2533 5050 ﬁat.
2576 4996 2710 5051 Cum
2757 4997 2902 5051 enim
2944 4996 3078 5052 bero
3129 5011 3235 5050 non
3284 5005 3540 5050 cernente

1969 5087 2190 5144 functus
2239 5085 2409 5143 fueris
2443 5086 2618 5144 ﬁdelis
2659 5089 2805 5145 servi
2835 5089 3033 5155 cilicio,
3083 5088 3428 5159 perspicuum
3457 5099 3540 5142 est

1969 5179 2111 5250 quod
2133 5177 2212 5252 οὶ)
2241 5177 2336 5234 Dei
2367 5179 2586 5236 oculum
2633 5179 2812 5236 istbue
2841 5193 2970 5248 agas
2997 5195 3013 5245 ;
3045 5178 3090 5233 si
3119 5187 3298 5232 autem
3328 5180 3539 5233 solum-

1972 5272 2132 5329 modo
2153 5287 2276 5328 cum
2311 5273 2477 5329 herus
2522 5273 2888 5343 conspexerit,
2920 5282 3048 5327 tunc
3091 5271 3398 5328 hominibus
3427 5273 3540 5343 pla»

1973 5379 2082 5420 res.
2144 5364 2293 5420 Talis
2345 5373 2524 5420 autem
2577 5364 2622 5420 si
2683 5363 2874 5426 fueris,
2929 5363 3157 5430 teipsum
3207 5363 3404 5418 damno
3461 5365 3536 5415 af-

1976 5457 2165 5512 lieies:
2244 5455 2500 5512 Dominus
2543 5456 2678 5510 enim
2754 5454 2993 5524 dispersit
3058 5470 3175 5508 ossa
3247 5454 3544 5509 hominibus

1972 5548 2287 5618 placentium
2327 5547 2354 5586 ιι

1618 5737 1812 5800 Varia:
1864 5739 2190 5802 lectiones.

405 5821 448 5852 “
477 5837 782 5895 παραπικρ.
817 5841 868 5880 0.
