3994 6582
512 347 648 412 1267

506 546 619 604 lloc
659 548 801 603 enim
847 560 928 604 est
972 562 1212 609 metuere
1249 554 1558 622 Dominum,
1606 559 1821 628 quando
1854 561 2071 614 nemine

507 643 720 697 vidente
763 642 895 697 nihil
934 644 1146 713 agimus
1196 645 1320 700 mali
1350 664 1364 702 :
1410 647 1526 704 haec
1557 659 1738 704 autem
1769 649 1950 706 cordis
1986 661 2064 706 est

505 733 848 803 simplicitas,
875 749 978 790 non
1033 736 1099 790 ad
1143 738 1388 794 homines
1428 739 1716 810 respicere.
1757 741 1860 810 Qui
1892 742 2067 798 homi-

505 825 663 880 nibus
695 825 858 895 igitur
883 827 1078 895 placet,
1115 843 1222 882 non
1255 837 1337 884 est
1367 830 1618 898 simplex.

578 916 741 973 Vens.
771 917 864 973 25.
887 917 955 974 Et
983 921 1321 992 quodcunque
1356 922 1558 992 facitis,
1594 940 1658 978 ea:
1685 925 1858 980 animo
1886 941 2070 993 opera-

503 1005 654 1071 mini,
693 1015 942 1080 tanquam
987 1009 1239 1076 Domino,
1260 1023 1306 1066 et
1352 1029 1457 1067 non
1495 1012 1805 1070 hominibus.
1841 1012 1957 1070 Non
1983 1030 2070 1071 so-

505 1093 614 1148 lum
649 1109 679 1149 a
707 1097 1070 1168 simulatione,
1104 1118 1293 1157 verum
1327 1105 1487 1159 etiam
1518 1119 1547 1158 a
1576 1114 1790 1175 torpore
1817 1121 1909 1164 eos
1931 1107 2067 1162 libe-

505 1188 613 1241 rari
667 1189 849 1260 cupit:
909 1192 1019 1248 imo
1068 1194 1218 1266 ipsos
1281 1211 1378 1265 pro
1434 1199 1604 1258 servis
1663 1198 1863 1254 liberos
1913 1200 2066 1266 facit,

508 1279 706 1350 quippe
731 1282 823 1350 qui
873 1297 980 1339 non
1017 1299 1149 1354 Opus
1180 1287 1413 1342 habeant
1443 1289 1782 1346 dominorum
1818 1291 2064 1361 imperio.

502 1371 654 1436 Quod
683 1372 826 1430 enim
850 1375 973 1443 'ait,
1016 1375 1101 1430 Ex
1144 1382 1342 1445 animo,
1396 1379 1499 1435 hoc
1526 1389 1628 1446 est,
1668 1397 1789 1439 cum
1835 1383 2068 1438 benevo-

506 1461 696 1526 lentia,
733 1477 840 1518 non
873 1480 994 1520 cum
1042 1468 1223 1522 servili
1269 1470 1615 1537 necessitate,
1665 1471 1759 1528 sed
1801 1473 1970 1528 libere
2007 1481 2063 1529 et

503 1546 808 1614 voluntario
838 1548 1042 1625 facere.

579 1636 740 1694 Vens.
774 1639 864 1694 24.
910 1641 1144 1700 Scientes
1194 1647 1330 1718 quod
1370 1666 1400 1703 a
1436 1648 1657 1705 Domino
1683 1652 1946 1722 accipietis
1980 1670 2063 1708 re-

504 1730 840 1787 tributionem
891 1734 1237 1794 Izwreditatis.
1298 1740 1510 1797 Domini
1563 1745 1705 1798 cnim
1764 1761 1871 1802 non
1922 1761 2064 1816 sape

503 1834 690 1875 servos
735 1823 975 1880 lueredes
1005 1825 1230 1893 faciunt,
1279 1831 1491 1888 etiamsi
1527 1833 1707 1890 decies
1749 1835 1942 1892 millies
1987 1838 2068 1893 eis
2095 1819 2143 1880 Β

504 1909 640 1966 bene
663 1914 948 1970 servierint
973 1935 987 1971 :
1018 1917 1281 1976 Dominus
1305 1930 1484 1978 autem
1518 1924 1851 1980 haereditatis
1872 1941 1991 1994 qua:
2017 1929 2072 1984 in

507 2003 662 2058 caelis
693 2013 797 2070 est,
830 2006 1243 2064 retributionem
1276 2011 1429 2066 vobis
1456 2012 1623 2077 dabit,
1660 2011 1708 2070 si
1741 2013 2069 2072 benevolen-

503 2096 632 2150 tiam
667 2112 794 2168 erga
828 2099 1074 2156 dominos
1102 2103 1438 2161 custodiatis.

570 2274 798 2331 Domino
825 2279 959 2334 enim
997 2281 1207 2337 Christo
1233 2285 1456 2338 servitis.
1501 2285 1600 2352 Qui
1645 2287 1890 2344 ordinem
1919 2289 2072 2345 vobis

503 2365 649 2421 hunc
685 2367 973 2424 destinavit
1012 2380 1066 2428 et
1094 2371 1503 2445 subiectionem.
1549 2378 1698 2446 Quod
1744 2389 1921 2436 autem
1957 2395 2071 2436 ser-

501 2456 663 2514 viatis
696 2457 934 2527 Christo,
968 2461 1184 2532 planum
1234 2474 1317 2520 est
1353 2481 1418 2521 ex
1447 2482 1514 2523 eo
1558 2471 1697 2538 quod
1734 2472 1847 2528 inse
1879 2471 1950 2527 sit
1978 2486 2071 2528 ve-

501 2557 616 2603 ster
645 2562 1035 2609 remuneratur.

572 2637 738 2696 Vsus.
774 2641 864 2698 ει.
906 2643 1011 2708 Qui
1051 2654 1226 2702 autem
1257 2648 1513 2720 injuriam
1565 2651 1715 2720 facit,
1767 2655 1975 2723 recipiet
2013 2658 2068 2712 id

501 2737 640 2802 quod
687 2735 860 2804 inique
897 2739 1074 2806 gessit,
1105 2748 1152 2792 et
1183 2756 1284 2793 non
1319 2748 1397 2795 est
1437 2757 1778 2809 personarum
1813 2748 2064 2816 acceptio.

505 2821 705 2877 Servus
736 2834 912 2878 autem
956 2826 1047 2894 qui
1090 2826 1365 2882 dominum
1420 2845 1574 2884 suum
1619 2831 1702 2886 vel
1737 2833 2071 2904 negligenter

503 2913 808 2981 serviendo,
841 2915 925 2970 vel
958 2931 1042 2972 res
1067 2917 1265 2974 heriles
1292 2918 1606 2976 suﬂ‘urando
1643 2922 1835 2991 injuria
1886 2925 2067 2994 allicit,

506 3007 806 3061 mercedem
853 3022 883 3061 a
932 3007 1039 3064 Deo
1069 3007 1226 3065 feret.
1264 3009 1377 3065 Non
1410 3012 1551 3067 enim
1583 3029 1939 3084 personarum
1974 3031 2067 3072 ac-

504 3107 694 3166 ceptor
722 3105 805 3152 est
852 3098 1017 3165 Deus,
1062 3109 1116 3155 nt
1147 3104 1468 3158 misereatur
1512 3107 1677 3171 servi,
1707 3121 1802 3162 ceu
1845 3109 2069 3163 inﬁrma!

502 3189 697 3258 partis,
729 3192 819 3260 qui
876 3192 992 3262 lege
1020 3195 1269 3259 sancivit,
1315 3210 1384 3251 ne
1426 3195 1587 3264 judex
1619 3202 1872 3269 pauperis
1901 3202 2066 3258 mise-

507 3292 685 3337 reatur
725 3283 778 3338 in
803 3284 1008 3354 judicio
1056 3287 1100 3340 ί.
1147 3285 1240 3341 Vel
1273 3287 1468 3342 aliter:
1505 3289 1844 3347 Christianus
1881 3307 2070 3348 servus

503 3376 744 3430 Graecum
797 3386 849 3432 et
885 3377 1150 3433 inﬁdelem
1189 3379 1380 3435 herum
1418 3379 1615 3450 injuria
1668 3381 1926 3448 alliciens,
1961 3400 2067 3440 non

504 3468 798 3524 arbitretur
847 3485 1135 3525 evasurum
1195 3486 1317 3527 sese
1369 3473 1896 3530 condemnationem.
1950 3476 2069 3532 Non

503 3557 643 3610 enim
674 3572 1028 3626 personarum
1061 3571 1317 3631 acceptor
1345 3572 1428 3616 est
1455 3562 1725 3629 Christus,
1749 3574 1808 3620 ut
1840 3565 1939 3637 ipsi
1971 3582 2068 3622 ceu

501 3648 814 3706 Christiano
842 3654 1077 3707 remittat
1109 3653 1252 3723 quod
1293 3653 1555 3710 adversus
1588 3655 1858 3712 infidelem
1894 3657 2068 3714 domi-

509 3757 638 3798 num
667 3741 910 3812 deliquit.
941 3741 1056 3798 Etsi
1086 3753 1262 3798 autem
1296 3745 1359 3798 ad
1393 3759 1580 3801 servos
1619 3747 1863 3803 videatur
1892 3747 2071 3806 dicere

506 3833 669 3898 istud,
704 3833 826 3889 Non
852 3845 926 3888 est
959 3852 1296 3891 personarum
1329 3848 1628 3903 respectus:
1660 3839 1863 3897 domini
1888 3849 2066 3898 tamen

503 3930 604 3983 hac
630 3930 790 3984 etiam
827 3941 922 3984 ceu
962 3926 1095 4001 ipsis
1123 3927 1448 3983 conveniens
1477 3930 1765 3999 accipiant.

996 4061 1162 4133 496
1205 4059 1435 4118 CAPUT
1485 4061 1574 4117 tv.

574 4170 734 4226 Vsus.
766 4173 816 4226 1.
856 4172 1086 4238 Domini,
1121 4175 1260 4243 quod
1273 4175 1480 4243 justum
1506 4185 1580 4230 est
1607 4184 1655 4231 et
1678 4191 1880 4245 coquum
1909 4179 2067 4232 servis

502 4273 763 4332 prwstate.
797 4263 935 4330 Quid
965 4271 1049 4318 est
1077 4264 1323 4334 justum?
1361 4264 1515 4335 Ipsos
1550 4282 1646 4337 pro
1673 4267 1946 4324 laboribus
1974 4281 2064 4321 re-

501 4371 815 4422 munerare,
863 4371 1147 4426 rerumque
1221 4358 1461 4412 omnium
1542 4360 1748 4429 copiam
1813 4359 2066 4434 suppedi-

1460 359 1563 420 TH
1578 359 2040 423 EOPH’YLA‘CTI
2071 364 2476 430 BULGARUE
2503 371 2855 438 ARCHIEP.

582 457 686 514 Sed
748 461 802 514 in
848 462 1182 532 simplicitate
1221 467 1396 521 cordis
1438 477 1720 526 metuentes
1771 472 2072 530 Dominum.
2105 483 2152 538 Α

3609 382 3741 448 12ὀὸ

2263 481 2418 536 Ἀλλ’
2463 484 2535 539 ἐν
2576 488 2872 556 ἁπλότητι
2919 491 3166 559 καρδίας
3227 495 3588 565 φοϐούμενοι
3639 499 3740 553 τὸν

2178 571 2416 640 Κύριον.
2444 575 2613 630 Τοῦτο
2635 580 2740 650 γάρ
2769 581 2886 634 ἐστι
2921 583 3198 650 φοϐεῖσθαι
3231 586 3320 638 τὸν
3351 587 3578 658 Κύριον,
3614 589 3738 644 ὅταν

2183 658 2411 728 μηδενὸς
2447 664 2703 734 ὁρῶντος,
2760 669 2927 738 μηδὲν
2981 672 3312 743 πράττωμεν
3346 679 3518 731 κακόν
3540 694 3553 708 ·
3589 678 3740 732 τοῦτο

2177 749 2233 803 δὲ
2261 753 2354 806 καὶ
2387 754 2627 828 ἁπλότης
2658 757 2758 828 τῆς
2784 762 3034 832 καρδίας.
3066 764 3128 818 τὸ
3160 764 3235 837 μὴ
3262 767 3395 838 πρὸς
3419 768 3741 842 ἀνθρώπους
3769 816 3776 838 ,

2177 843 2328 914 ὁρᾷν.
2363 848 2505 917 ’Λρα
2524 849 2616 903 οὖν
2639 851 2667 902 6
2698 852 2795 906 ἀνθ
2805 855 3162 926 ρωπάρεσκος
3185 858 3284 929 οὐχ
3309 861 3537 926 ἁπλοῦς.

2247 939 2357 994 Kal
2389 941 2514 995 πᾶν
2550 943 2582 998 δ
2622 942 2730 998 ἐὰν
2773 946 3002 1016 ποιῆτε,
3050 950 3121 1004 ἐκ
3158 951 3366 1021 ψυχῆς
3404 953 3739 1023 ἐργάζεσθε,

2177 1029 2252 1095 ὡς
2277 1029 2357 1095 τῷ
2387 1033 2603 1101 Κυρίῳ,
2639 1037 2736 1089 καί
2779 1039 2889 1092 οὐκ
2917 1039 3269 1108 ἀνθρώποις.
3310 1044 3382 1097 Ού
3421 1045 3586 1113 μόνον
3618 1046 3740 1098 ὑπο⁴

2178 1113 2434 1190 κρίᾶεως,
2468 1123 2603 1178 ἀλλά
2650 1128 2744 1179 καλ⁸
2775 1127 2971 1196 ἀργίας
3004 1131 3201 1193 αὐτοὺς
3241 1133 3585 1204 ἀπηλλάχθαι
3621 1135 3738 1205 βού-

2175 1213 2346 1268 λεται.
2376 1216 2593 1270 Μᾶλλον
2639 1219 2696 1272 δὲ
2742 1220 3060 1292 ἐλευθέρους
3105 1224 3300 1290 αὐτοὺς
3355 1226 3476 1280 ἀντὶ
3543 1226 3738 1280 δούλων

2180 1307 2342 1371 ποιεῖ,
2371 1306 2498 1361 ὅταν
2532 1308 2608 1381 μὴ
2651 1309 2878 1366 δέωνται
2909 1315 3008 1382 τῆς
3052 1315 3162 1370 τῶν
3200 1316 3477 1372 δεσποτῶν
3514 1321 3735 1371 ἐπιστα-

2179 1396 2318 1460 σίας.
2379 1397 2452 1450 Τὸ
2509 1399 2638 1469 γὰρ,
2698 1402 2798 1456 Ἐκ
2853 1403 3079 1473 ψυχῆς,
3109 1405 3263 1459 τοῦτό
3318 1408 3455 1474 ἐστι,
3507 1407 3570 1461 τὸ
3630 1408 3740 1478 μετ’
3824 1452 3836 1464 .

2175 1487 2410 1555 εὐνοίας,
2459 1491 2532 1562 μὴ
2585 1491 2725 1562 μετά
2774 1494 3030 1564 δουλικῆς
3085 1497 3354 1571 ἀνάγκης,
3423 1499 3561 1554 ἀλλά
3613 1502 3740 1572 μετὰ

2176 1575 2494 1648 ἐλευθερίας
2519 1584 2615 1636 καὶ
2648 1585 3024 1656 προαιρέσεως
3057 1588 3253 1644 ποιεῖν.

2248 1668 2493 1736 Εὶδότες
2548 1671 2640 1726 ὅτι
2692 1673 2808 1728 ἀπὸ
2859 1677 3079 1744 Κυρίου
3115 1676 3394 1746 λήψεσθε
3450 1678 3569 1745 τὴν
3612 1680 3741 1733 ἀντ·

2176 1761 2474 1816 αποδοσιν
2489 1762 2599 1831 τῆς
2621 1766 3042 1834 κληρονομίας.
3065 1766 3130 1820 Ol
3158 1767 3258 1838 μὲν
3271 1767 3381 1838 γὰρ
3401 1767 3660 1821 δεσπόται
3687 1773 3738 1823 οὐ

2175 1851 2389 1906 ποιοῦσι
2445 1853 2705 1918 πολλάκις
2759 1856 3130 1926 κληρονόμους
3175 1857 3304 1922 τοὺς
3355 1857 3601 1922 δούλους,
3647 1860 3740 1914 κᾶν

2184 1943 2447 2015 μυριάκις
2488 1944 2669 2008 αὐτοῖς
2712 1945 2893 2008 καλῶς
2930 1946 3328 2002 δουλεύσωσιν·
3367 1951 3396 2002 6
3445 1949 3504 2002 δὲ
3541 1950 3737 2018 Κύριος

2176 2039 2276 2110 τῆς
2343 2037 2404 2090 ἐν
2465 2037 2719 2108 οὐρανοῖς
2783 2037 3151 2110 κληρονομίας
3216 2038 3316 2110 τὴν
3387 2039 3736 2095 ἀνταπόδοσιν

2172 2124 2334 2180 δώσει
2376 2124 2526 2195 ὑμῖν,
2580 2123 2675 2179 ἐὰν
2723 2123 2938 2182 εὔνοιαν
2981 2125 3289 2197 φυλάττητε
3320 2127 3459 2197 πρὸς
3501 2131 3631 2192 τοὺς

2178 2214 2404 2279 σπότας.

2248 2303 2335 2370 Τῷ
2381 2303 2492 2373 γὰρ
2534 2302 2729 2372 Κυρίῳ
2766 2299 3000 2371 Χριστῷ
3046 2301 3388 2358 δουλεύετε.
3448 2305 3543 2374 Τῷ
3591 2305 3734 2372 τάξιν

2173 2395 2603 2466 νομοθετήσαντι
2658 2393 2754 2448 καὶ
2815 2393 3115 2465 ὑποταγὴν.
3175 2395 3297 2450 Ὀτι
3354 2396 3412 2450 δὲ
3461 2397 3732 2450 δουλεύετε

2172 2486 2414 2560 Χριστῷ,
2455 2485 2615 2557 δῆλον
2655 2485 2719 2538 ἑκ
2763 2483 2857 2538 τοῦ
2911 2484 3074 2540 αὑτὸν
3116 2481 3256 2541 εῖναι
3293 2486 3424 2557 ὑμῖν
3455 2487 3552 2542 τὸν
3588 2487 3733 2559 μισθ-

2173 2579 2463 2650 αποδότην.
2985 2587 2990 2592 ’

2253 2673 2318 2726 '0
2363 2671 2434 2725 δὲ
2471 2668 2697 2724 ἀδικῶκ
2742 2667 3051 2737 κομίσεται
3091 2665 3123 2720 ὃ
3161 2665 3437 2734 ἠδίκησε,
3483 2667 3581 2722 καί
3629 2669 3728 2722 οὐκ

2170 2767 2302 2820 ἔστι
2344 2761 2842 2831 προσωποληψια.
2909 2758 2968 2812 '0
3035 2757 3091 2812 δὲ
3145 2758 3344 2812 ἀδικῶν
3397 2758 3584 2822 δοῦλος
3648 2759 3729 2812 τὸν

2171 2853 2474 2924 δεσπότην,
2507 2852 2542 2923 ἢ
2600 2853 2660 2906 ὲν
2703 2851 2783 2922 τῷ
2834 2848 3054 2920 ἀμελῶς
3109 2848 3403 2913 δουλεύειν,
3462 2851 3496 2922 ἢ
3547 2853 3608 2904 ἐν
3659 2850 3730 2922 τῷ

2173 2943 2525 3014 νοσφίζεσθαι
2575 2942 2646 2998 τὰ
2703 2942 3020 3008 δεσποτικὰ,
3077 2941 3178 3012 τὴν
3231 2942 3582 3012 ἀντιμισθίαν
3630 2943 3729 3010 ἕξει

2169 3036 2322 3106 παρὰ
2384 3034 2479 3090 τοῦ
2522 3034 2677 3088 Θεοῦ.
2749 3034 2825 3088 Οὐ
2864 3033 2974 3103 γάρ
3001 3035 3117 3087 ἐστι
3173 3033 3652 3104 προσωωλὴπτης
3702 3037 3727 3088 ό

2094 3157 2139 3218 c
2171 3124 2326 3187 Θεὸς,
2362 3124 2448 3176 ῐνα
2484 3122 2682 3194 ἐλεήσῃ
2724 3119 2816 3176 τὸν
2860 3121 3048 3218 δοῦλον
3191 3121 3646 3218 ἀσθενὲςλμάροςο

2173 3230 2238 3281 γε
2266 3212 2361 3266 καὶ
2391 3213 2479 3266 διά
2506 3211 2601 3265 τοῦ
2650 3212 2815 3284 νόμου
2852 3211 3156 3281 προσέταξε
3197 3213 3272 3282 μὴ
3313 3213 3484 3266 ἐλεεῖν
3523 3214 3725 3284 πτωχὸν

2173 3304 2232 3356 ἐν
2280 3303 2479 3373 κρίσει.
2537 3302 2608 3355 Ἢ
2655 3302 2751 3355 καὶ
2801 3301 3012 3366 ἄλλωςσ
3081 3303 3141 3355 '0
3188 3303 3509 3372 Χριστιανὸς
3555 3304 3725 3366 δοῦλος

2171 3394 2373 3449 ἀδικῶν
2401 3393 2637 3463 Ἕλληνα
2653 3394 2940 3464 δεσπότην,
2978 3392 3054 3462 μὴ
3087 3394 3280 3446 οἰέσθω
3307 3394 3383 3456 ὡς
3413 3394 3723 3462 ἐκφεύξεται

2171 3486 2270 3555 τὴν
2321 3485 2662 3555 κατάκρισιν.
2713 3486 2789 3538 Οὐ
2847 3485 2958 3555 γάρ
3010 3486 3128 3538 ἐστι
3179 3486 3652 3556 προσωπολήπτης
3697 3487 3722 3540 6

2171 3577 2425 3648 Χριστὸς,
2472 3578 2559 3631 ἵνα
2588 3576 2733 3648 αὑτῷ
2776 3577 2850 3640 ὡς
2879 3576 3191 3648 Χριστιανῷ
3222 3577 3332 3646 ἀφῇ
3373 3578 3436 3631 τὸ
3481 3578 3614 3648 πρὸς
3641 3579 3724 3632 τὸν

2173 3670 2412 3742 Ἕλληνα
2447 3669 2710 3740 δεσπότην
2741 3669 3066 3738 ἁμάρτημα.
3111 3669 3231 3722 Κᾶν
3273 3669 3412 3740 πρὸς
3453 3671 3582 3733 τοὺς
3612 3671 3724 3723 δού-

2171 3761 2296 3822 λους
2333 3759 2389 3812 δὲ
2419 3758 2548 3830 δοκῇ
2581 3758 2763 3827 λέγειν
2792 3759 2872 3822 τὸ,
2913 3761 3034 3814 Οὐκ
3068 3760 3201 3813 ἐστι
3230 3761 3720 3828 προσωποληψία,

2170 3853 2283 3906 ἀλλ’
2312 3847 2406 3906 οὖν
2439 3853 2533 3906 καὶ
2581 3854 2631 3906 οἱ
2661 3852 2918 3906 δεσπόται
2964 3852 3416 3922 ὑποδεχὼθωσαν
3459 3853 3617 3908 τοῦτο
3640 3853 3723 3906 καὶ

2169 3945 2243 4007 ὡς
2273 3944 2454 4008 αὐτοῖς
2483 3944 2748 4015 ἁρμόζον.

2765 4073 3016 4128 ΚΕΦΑΛ.
3065 4073 3136 4127 Δ’.

2196 4182 2208 4193 ’
2244 4186 2308 4238 οι
2333 4184 2544 4251 κύριοι,
2569 4182 2635 4236 τὸ
2667 4181 2904 4235 δίκαιον
2925 4181 3020 4234 καὶ
3049 4180 3166 4249 τὴν
3183 4181 3441 4246 ’ἰσότητα
3463 4179 3585 4246 τοῖς
3602 4180 3722 4234 doti-

2172 4278 2300 4342 λοις
2330 4274 2663 4342 παρέχεσθε
2701 4272 2767 4326 ⁸³.
2800 4271 2864 4324 Τί
2897 4272 3012 4325 ἐστι
3037 4272 3098 4325 τὸ
3128 4271 3370 4337 δίκαιον;
3413 4272 3489 4325 Τὸ
3521 4272 3723 4344 ἀμείὸε-

2173 4362 2296 4418 σθαι
2352 4362 2550 4424 αὐτοὺς
2592 4360 2701 4414 τῶν
2750 4359 2948 4424 πόνων,
3003 4358 3096 4413 καὶ
3142 4359 3358 4413 πάντων
3407 4361 3466 4413 ἐν
3510 4359 3722 4431 ἀφθονίᾳ

500 4456 635 4514 tare,
677 4461 776 4502 nec
806 4449 1120 4516 permittere
1152 4456 1210 4502 ut
1248 4448 1424 4503 aliena
1471 4464 1572 4520 ope
1616 4449 1909 4524 indigeant.
1946 4456 2060 4514 Non

2173 4457 2460 4529 καθιστᾷν,
2511 4456 2606 4510 καὶ
2664 4455 2739 4526 μὴ
2791 4455 2886 4526 ὲᾷν
2933 4453 3133 4525 ἑτέρων
3190 4451 3420 4507 δεῖσθαι.
3477 4455 3571 4523 Μὴ
3627 4454 3723 4522 γὰρ

498 4538 644 4592 enim
675 4547 957 4608 postquam
1003 4541 1252 4596 audivisti
1293 4543 1439 4611 quod
1469 4556 1498 4596 a
1551 4541 1660 4600 Deo
1710 4547 1816 4600 sint
1857 4563 2063 4607 merce-

500 4620 628 4684 dem'
667 4631 962 4700 accepturi,
993 4639 1046 4687 t—u
1093 4646 1186 4687 eos
1216 4632 1453 4703 privabis
1503 4634 1568 4689 iis
1610 4637 1675 4690 ad
1719 4653 1838 4708 qua:
1869 4651 1921 4694 tu
1966 4644 2062 4698 ob-

499 4723 806 4792 stringeris.

574 4813 807 4868 Scientes
850 4816 988 4884 quod
1025 4826 1073 4870 et
1118 4832 1208 4871 vos
1253 4817 1536 4874 Dominum
1575 4820 1774 4876 habetis
1813 4821 1865 4875 in
1896 4823 2055 4877 cwlis.

500 4907 727 4963 Perinde
754 4922 817 4962 ac
851 4908 924 4962 illi
959 4925 1052 4966 vos
1083 4911 1328 4967 dominos
1368 4913 1588 4979 habent,
1629 4915 1708 4970 sic
1745 4923 1800 4969 et
1829 4930 1927 4971 vos
1951 4915 2058 4971 Do-

502 5001 705 5054 minum
740 5001 971 5057 habetis.
1009 5000 1124 5069 Qua
1158 5003 1323 5073 igitur
1357 5019 1608 5060 mensura
1644 5005 1817 5061 mensi
1849 5005 2060 5061 fueritis

501 5089 697 5144 vestris
727 5090 920 5154 servis,
966 5093 1215 5146 metietur
1243 5104 1296 5147 et
1327 5094 1478 5149 vobis
1516 5093 1774 5150 Dominus
1803 5105 1979 5149 vester
2010 5095 2055 5151 i.

501 5178 624 5247 Vel,
663 5182 786 5250 quia
817 5190 869 5236 et
913 5197 1009 5237 vos
1039 5197 1160 5237 cum
1203 5184 1308 5240 illis
1350 5184 1595 5239 eumdem
1633 5184 1842 5240 habetis
1877 5185 2059 5240 Domi-

501 5290 652 5337 nutn,
694 5275 875 5344 itaque
899 5282 1150 5346 tanquam
1191 5277 1469 5333 conservis
1499 5282 1595 5331 Vos
1625 5277 1757 5347 ipsis
1787 5277 2056 5333 exhibete.

502 5365 598 5420 llic
625 5367 766 5420 enim
801 5381 1139 5423 communem
1163 5368 1476 5423 servitutem
1522 5367 1668 5439 fecit.

569 5455 734 5512 Vens.
771 5458 826 5512 2.
859 5457 1100 5512 Orationi
1129 5461 1341 5526 instate,
1373 5459 1646 5530 vigilantes
1674 5460 1727 5514 in
1758 5477 1816 5514 ea
1844 5461 1894 5515 in
1937 5476 2052 5531 gra-

610 5572 627 5614 ί
672 5572 844 5627 Levii.
876 5573 1093 5638 x1x,i5.
1208 5572 1220 5622 i
1253 5573 1383 5629 Luc.
1405 5589 1485 5643 vr,
1525 5575 1610 5631 38.

2175 4548 2367 4618 ἐπειδὴ
2409 4549 2650 4619 ἤκουσας
2688 4548 2771 4599 ὅτι
2815 4545 2922 4599 ἀπὸ
2965 4544 3100 4598 Θεοῦ
3154 4545 3337 4614 ἔχουσι
3386 4545 3481 4597 τὸν
3524 4544 3720 4615 μισθὸν,

2171 4640 2553 4712 ἀποστερήσῃς
2575 4640 2638 4692 σὺ
2661 4637 2856 4700 αὐτοὺς
2883 4636 2990 4690 τῶν
3019 4637 3171 4690 παοά
3197 4637 3290 4690 σοῦ
3319 4635 3720 4706 ὠφειλημένων.

2239 4820 2476 4884 Είδότες
2521 4819 2609 4872 ὅτι
2651 4819 2748 4872 καί
2797 4817 2964 4888 ὑμεῖς
2993 4818 3162 4886 ἔχετε
3189 4819 3411 4885 Κύριον
3443 4817 3515 4871 ἐν
3557 4821 3720 4885 οὐρα-

2167 4911 2314 4978 νοῖς.
2355 4912 2569 4980 Ὠσπερ
2612 4911 2808 4962 ἐκεῖνοι
2841 4907 3007 4978 ὑμᾶς,
3052 4906 3194 4961 οὕτω
3242 4909 3337 4961 καὶ
3389 4909 3550 4979 ὑμεῖς
3582 4910 3722 4979 ἔχετε

2168 5001 2392 5072 Κύριον.
2447 4993 2518 5069 ’ᾩ
2567 4994 2658 5052 οὖν
2729 4996 2911 5069 μέτρῳ
2977 4999 3223 5067 μετρεῖτε
3276 4999 3390 5060 τοῖς
3446 4997 3722 5068 ὑμετέροις

2165 5091 2392 5155 δούλοις,
2425 5090 2685 5161 μετρήσει
2714 5088 2810 5142 καὶ
2838 5089 2967 5157 ὑμῖν
2994 5090 3022 5140 ὁ
3071 5087 3276 5158 Κύριος
3311 5088 3486 5158 ὑμῶν.
3529 5089 3616 5150 Ἦ,
3645 5089 3720 5142 ὅτι

2166 5184 2278 5236 Καὶ
2299 5183 2456 5252 ὑμεῖς
2490 5178 2606 5250 μετ’
2640 5179 2862 5232 ἐκείνων
2892 5177 3043 5247 ἔχετε
3072 5177 3297 5248 Κύριον,
3328 5177 3470 5231 ὥστε
3503 5177 3577 5241 ὡς
3603 5181 3720 5248 ὀμο-

2165 5275 2370 5336 δούλοις
2400 5270 2800 5343 προσφέρεσθε,
2840 5267 3103 5324 Ἐνταῦθα
3132 5268 3241 5340 γὰρ
3272 5269 3460 5342 κοινὴν
3487 5271 3583 5341 τὴν
3601 5270 3713 5323 δου-

2165 5369 2314 5422 λείαν
2340 5368 2585 5436 ἐποίησε.

2239 5459 2316 5529 Τῇ
2370 5455 2683 5528 προσευχῇ
2733 5453 3242 5527 προσκαρτεοεῖτε,
3291 5451 3709 5526 γρηγοροῦντες

1815 5668 2013 5730 Variis
2043 5665 2376 5730 lectiones.

572 5763 614 5793 ⁸³
655 5764 917 5834 παρέχετε
950 5781 1002 5820 0.
