3994 6586
328 367 470 432 1269

1041 371 1444 433 ΕΧΡΟΞΙΤΙΟ
1504 373 1585 434 ιΝ
1640 372 1884 435 EPIST.
1926 370 2026 434 AD
2059 372 2352 436 COLOSS.
2380 374 2622 435 ~CAP.
2668 374 2774 437 IV.

3442 370 3580 436 1270

328 483 400 536 ἐν
451 478 609 550 αὐτῇ
659 480 731 534 ἐν
774 481 1152 552 εὐχαριστίᾳ.
1209 477 1367 539 Οἶδεν
1415 484 1443 539 ὁ
1483 482 1731 547 διάδολος
1779 483 1904 537 ὅσον

2014 483 2206 537 tiaram
2231 483 2455 540 actione.
2495 476 2655 538 Novit
2687 480 2936 539 diabolus
2965 488 3227 553 quantum
3266 481 3465 536 bonum
3503 480 3574 536 sit
3604 478 3607 483 “

331 571 538 640 ἀγαθὸν
566 575 600 645 ἡ
634 573 792 644 εὐχὴ,
825 575 920 628 καὶ
952 574 1042 628 διὰ
1066 574 1225 629 τοῦτο
1254 576 1542 649 ἀποπηδᾷν
1562 577 1711 648 ἡμᾶς
1737 576 1902 630 ποιεῖ.

327 666 423 719 Διό
473 683 608 737 φησι
667 668 882 732 Παῦλος
905 685 921 699 ι
982 669 1502 740 Προσκαρτερεῖτε.
1579 669 1735 727 Ἐπεὶ
1774 664 1832 724 δὲ
1880 672 1908 724 δ

327 761 760 833 προσκαρτερῶν
790 761 1056 828 πολλάκις
1101 763 1184 828 εἰς
1228 763 1504 837 ρᾳθυμίαν
1544 764 1641 819 καὶ
1684 762 1907 820 ἔκλυσιν

255 876 259 883 ·
332 854 631 923 ὑπάγεται,
681 855 819 928 φησι
842 872 858 888 ’
900 858 1384 928 ΓρηγορΟὗν-τεςο
1415 858 1666 913 τουτέστι
1709 859 1907 931 νήφον-

327 963 444 1013 τες,
470 947 558 1001 ἀεὶ
582 950 771 1021 νεκροὶ
796 948 952 1014 ὄντες
985 946 1124 1021 πρὸς
1150 950 1214 1004 τὸ
1241 951 1403 1022 ἔργον
1428 950 1529 1021 τῆς
1559 938 1870 1022 προσευχῇ
1887 967 1903 982 '

327 1039 470 1094 ἀλλὰ
512 1043 611 1096 καὶ
656 1042 715 1097 ὲν
767 1042 1113 1115 εὐχαριστίᾳ.
1160 1043 1431 1117 τουτέστι,
1492 1042 1631 1116 μετὰ
1686 1038 1907 1116 εὐχαρι-

331 1132 490 1196 στίας
517 1132 724 1203 ταύτην
754 1134 1034 1199 ποιοῦντες
1051 1151 1068 1172 ·
1091 1133 1235 1207 αῦτη
1254 1136 1365 1210 γὰρ
1393 1138 1427 1209 ἡ
1451 1135 1680 1209 ἀληθινὴ
1706 1138 1839 1209 εὐχὴ
1869 1139 1903 1209 ἦ

327 1223 686 1292 εὐχαριστίαν
711 1225 913 1297 ἑκοῦσα
941 1225 1086 1297 ὑπὲρ
1127 1227 1348 1282 πάντων
1377 1221 1455 1282 ὧν
1484 1228 1669 1298 ἴσμεν,
1703 1229 1797 1282 καὶ
1830 1220 1906 1283 ὧν

323 1313 429 1367 οὐκ
462 1315 647 1385 ἴσμεν,
676 1309 754 1371 ὧν
785 1317 845 1372 εὖ
876 1317 1179 1392 ἐπάθομεν,
1207 1319 1240 1390 ἢ
1271 1316 1585 1393 ὲθλιὸημεν,
1627 1320 1769 1392 ὑπὲρ
1795 1320 1906 1375 τῶν

326 1403 529 1459 κοινῶν
563 1405 918 1477 εὐεργεσιῶν.

396 1497 884 1568 Προσευχόμενοι
935 1501 1058 1571 ἅμα
1108 1501 1209 1556 καὶ
1250 1501 1405 1571 ὑπὲρ
1440 1501 1487 1536 ⁸⁵
1529 1501 1719 1573 ἡμῶν.
1761 1504 1906 1577 Ὅρα

320 1588 852 1661 ταπεινοφροσύνην,
902 1590 956 1644 ετ
989 1608 1053 1662 γε
1104 1591 1319 1657 Παῦλος
1359 1592 1462 1665 τῆς
1489 1593 1697 1649 τούτων
1736 1592 1906 1649 ἐδεῖτο

318 1694 514 1749 ευχης.

395 1768 535 1825 Ἵνα
574 1773 609 1826 ὁ
651 1772 798 1839 Θεὸς
835 1773 1058 1845 ἀνοίξῃ
1093 1775 1241 1847 ἡμῖν
1264 1778 1453 1848 θύραν
1480 1778 1593 1834 τοῦ
1634 1777 1903 1849 λαλῆσαι

2010 576 2208 642 oratio,
2238 591 2301 632 ac
2332 586 2619 648 pr0pterea
2649 589 2748 631 nos
2780 574 2849 632 ab
2885 589 2948 629 ea
2997 572 3205 630 resilire
3239 571 3371 628 facit
3394 570 3574 657 :-qu’o-

2009 668 2154 725 circa
2183 668 2315 724 dicit
2353 667 2573 736 Paulus,
2606 668 2828 724 Instate.
2868 667 3008 735 Quia
3043 679 3173 722 vero
3207 667 3296 739 qui
3322 680 3581 737 perseve-

2013 769 2117 825 rat,
2185 774 2559 831 saepenumero
2618 762 2690 817 ad
2744 759 3162 835 socordiamac
3222 758 3583 814 defectionem

1994 856 2346 926 perdueitur,
2378 856 2491 911 ait:
2524 854 2835 926 Vigilantes,
2867 856 2972 910 hoc
2999 863 3103 918 est,
3133 853 3583 921 attenti,semper

2010 957 2256 1003 recentes
2292 945 2358 1002 ad
2403 959 2539 1017 opus
2583 942 2868 1003 orationis.
2916 945 3159 1017 insuper,
3193 944 3247 998 in
3284 942 3581 1014 gratiarum

2011 1037 2245 1106 actione,
2275 1038 2379 1093 hoc
2406 1047 2514 1103 est,
2559 1051 2679 1093 cum
2725 1038 3022 1107 gratiarum
3070 1037 3282 1091 actione
3326 1034 3466 1090 hanc
3507 1032 3586 1087 fa-

1998 1130 2236 1188 cientes.
2268 1128 2394 1187 Haec
2420 1129 2566 1186 enim
2607 1143 2735 1185 vera
2760 1138 2849 1186 est
2878 1127 3078 1197 oratio,
3128 1143 3249 1199 quae
3287 1128 3582 1199 gratiarum

2007 1223 2277 1280 actionem
2312 1221 2556 1280 continet
2588 1237 2688 1293 pro
2716 1222 2969 1276 omnibus
2990 1235 3111 1291 qua:
3142 1220 3363 1285 scimus,
3390 1226 3444 1276 et
3466 1227 3585 1291 qua:

2009 1313 2299 1381 nescimus,
2341 1327 2437 1383 pro
2482 1312 2728 1383 acceptis
2762 1300 3068 1377 beneficiis,
3107 1319 3195 1379 aut
3240 1311 3402 1365 etiam
3450 1308 3585 1363 aiIii-
3696 1330 3705 1367 :

2007 1402 2303 1470 ctionibus,
2337 1410 2392 1459 et
2431 1417 2528 1474 pro
2561 1400 2940 1458 communibus
2974 1398 3275 1456 beneficiis.
3305 1434 3310 1441 -

2079 1494 2244 1549 Vens.
2273 1495 2329 1551 5.
2363 1494 2585 1550 Orantes
2617 1491 2775 1548 simul
2816 1502 2865 1547 et
2916 1506 3010 1561 pro
3044 1491 3215 1546 nobis.
3247 1491 3379 1547 Vide
3411 1489 3589 1546 humi-

2008 1586 2220 1642 litatem
2248 1587 2399 1658 ejus;
2432 1589 2696 1662 siquidem
2728 1588 2845 1660 ipse
2878 1585 3080 1642 Paulus
3106 1587 3297 1642 horum
3331 1584 3586 1656 precibus

2007 1681 2303 1753 indigebat.

2084 1772 2243 1830 Vsus.
2267 1773 2323 1842 3,
2363 1772 2418 1828 4.
2456 1764 2525 1828 Ut
2569 1773 2711 1829 Deus
2751 1773 2955 1844 aperiat
2987 1771 3138 1827 nobis
3173 1770 3368 1826 ostium
3398 1782 3592 1824 sermo-

318 1857 392 1913 τὸ
418 1861 761 1931 μυστήριον
806 1863 913 1920 τοῦ
961 1843 1223 1937 Χριστοῦ
1260 1843 1357 1941 (δί’
1386 1870 1418 1926 ὃ
1456 1872 1555 1926 καὶ
1611 1843 1896 1943 δέδεμαι),

2014 1866 2112 1929 nis.
2146 1863 2216 1919 ad
2241 1864 2556 1936 loquendum
2600 1843 2901 1937 mysterium
2944 1862 3144 1918 Christi
3190 1861 3424 1932 (propter
3447 1860 3591 1943 quod

318 1952 425 2006 ira
457 1954 790 2023 φανερώσει)
828 1958 997 2025 αὐτὸ,
1032 1960 1114 2025 ὡς
1153 1959 1250 2014 δεῖ
1283 1977 1363 2032 με
1395 1962 1687 2030 λαλῆσαι.
1729 1965 1900 2020 Τουτ-

317 2041 496 2111 ἐστιν,
528 2044 646 2100 Ἵνα
676 2049 996 2119 παρρησίαν
1032 2066 1123 2121 μοι
1164 2050 1262 2123 δῷ,
1291 2053 1389 2124 οὐχ
1412 2054 1564 2119 ὅπως
1601 2055 1902 2124 ἀπαλλαγῶ

316 2136 437 2190 τῶν
481 2137 723 2209 δεσμῶν,
753 2140 871 2195 ἀλλ’
913 2142 1063 2208 ὅπως
1106 2142 1326 2215 λαλήσω
1364 2146 1426 2201 τὺ
1477 2149 1777 2221 μυστήριον
1804 2148 1902 2204 τοῦ

319 2229 591 2302 Χριστοῦ,
642 2233 719 2298 ὠς
767 2233 850 2288 δεῖ
894 2252 962 2306 με
1009 2236 1278 2309 λαλῆσαν
1327 2236 1598 2303 τουτέστι,
1652 2241 1729 2314 μὴ
1765 2242 1905 2313 μετὰ

320 2322 655 2394 ὑποστολῆς,
687 2325 806 2380 ἀλλ’
832 2329 1353 2403 εὐπαρρησιάστως.
1385 2332 1511 2399 Πῶς
1539 2333 1595 2388 δὲ
1622 2334 1906 2407 δεδεμένος

317 2415 559 2487 ἑτέρους·
596 2420 909 2493 παρακαλεῖ
964 2424 1062 2479 καὶ
1108 2425 1255 2490 ἀξιοῖ
1303 2426 1490 2481 λαϐεῖν
1532 2426 1563 2481 δ
1609 2418 1787 2500 εἷχενς
1830 2430 1906 2485 Οὐ

327 2508 500 2579 μόνον
533 2514 1001 2587 ταπεινοφρονῶν,
1022 2516 1157 2571 ἀλλὰ
1182 2518 1276 2572 καὶ
1301 2519 1514 2583 δεικνὺς
1545 2520 1644 2592 τὴν
1673 2521 1908 2593 δύναμιν

317 2601 425 2671 τῆς
460 2604 792 2676 φιλαδέλφου
828 2604 995 2681 εὐχῆς
1033 2608 1104 2663 ⁸⁸.
1144 2609 1351 2665 Ἐδεῖτο
1377 2611 1490 2684 γὰρ
1516 2612 1612 2667 καὶ
1643 2612 1742 2684 τῆς
1769 2613 1907 2668 ἄνω-

319 2691 421 2747 θεν
466 2697 661 2768 ῥοπῆς,
693 2695 763 2771 ἣν
805 2701 957 2774 αὺτῷ
1008 2700 1227 2756 πλείονα
1271 2704 1305 2774 ὴ
1342 2702 1476 2777 εὐχὴ
1508 2703 1618 2760 τῶν
1662 2704 1910 2777 ἀδελφῶν

320 2781 526 2853 εμελλε
567 2785 764 2843 δώσειν
791 2805 806 2822 ·
851 2788 968 2861 ἅμα
1001 2790 1059 2844 δὲ
1106 2793 1199 2845 καὶ
1235 2790 1447 2863 ὲνάγων
1494 2794 1694 2860 αὐτοὺς
1738 2797 1820 2862 εἰς
1849 2798 1910 2853 τὸ

318 2874 609 3018 ἒῦχεσθαι.
650 2877 713 2934 El
759 2880 871 2953 γὰρ
914 2883 1057 2956 ὑπὲρ
1096 2883 1285 2953 αὐτοῦ,
1324 2886 1476 2958 πόσῳ
1527 2887 1729 2959 μᾶλλον
1769 2886 1910 2964 ὑπὲρ

358 2982 543 3018 αυτων
566 2984 582 3018 ‘.

358 2982 543 3021 αυτων
566 2984 582 3036 ;

2001 1958 2158 2012 etiam
2186 1956 2388 2015 vinetus
2415 1957 2575 2028 sum).
2603 1953 2669 2011 Ut
2688 1956 3012 2027 manifestem
3035 1953 3173 2008 illud
3198 1955 3276 2007 ita
3306 1962 3361 2007 ut
3386 1941 3592 2023 oporte‘

2004 2065 2087 2104 me
2122 2049 2286 2118 loqui.
2321 2047 2440 2104 Hoc
2472 2056 2578 2114 est,
2614 2047 2688 2105 Ut
2720 2047 3030 2104 libertatem
3067 2045 3198 2100 mihi
3240 2046 3354 2111 det,
3390 2059 3496 2099 non
3530 2055 3591 2098 ut

2006 2144 2207 2201 liberer
2254 2159 2282 2200 a
2344 2143 2612 2211 vinculis,
2667 2157 2855 2199 verum
2909 2151 2970 2199 ut
3025 2142 3219 2212 loquar
3266 2140 3587 2214 mysterium

2006 2235 2232 2306 Christi,
2265 2236 2720 2308 quemadmodum
2754 2243 2971 2306 oportet
3005 2251 3090 2292 me
3113 2237 3298 2305 loqui:
3343 2233 3446 2289 hoc
3480 2244 3583 2297 est,

2017 2344 2124 2384 non
2149 2345 2272 2386 cum
2304 2329 2685 2397 submissione,
2716 2339 2972 2386 caeterum
2998 2345 3117 2385 cum
3148 2342 3342 2402 magna
3362 2327 3581 2384 ﬁducia.

2011 2423 2294 2492 Quomodo
2347 2432 2550 2491 autem,
2608 2438 2733 2480 cum
2786 2422 2902 2494 ipse
2957 2423 3168 2478 vinctus
3220 2433 3388 2487 esset,
3451 2420 3587 2477 alios

2016 2518 2359 2584 adhortatur,
2402 2525 2458 2573 et
2507 2523 2661 2587 rogat
2707 2515 2963 2587 excipere
3009 2515 3150 2585 quod
3202 2513 3430 2569 habeat?
3474 2512 3587 2568 Non

2013 2607 2186 2665 solum
2240 2609 2520 2665 moderate
2567 2604 2804 2680 sapiens,
2859 2619 3115 2663 ceterum
3177 2607 3284 2661 vim
3339 2605 3590 2661 fraterna:

2011 2695 2276 2751 orationis
2305 2697 2621 2752 ostendens.
2663 2695 2943 2767 lndigebat
2967 2695 3111 2751 enim
3152 2705 3205 2752 et
3233 2697 3348 2765 ipse
3381 2694 3588 2752 caelesti

2012 2786 2238 2855 auxilio,
2297 2789 2440 2860 quod
2503 2788 2732 2844 fratrum
2788 2789 2966 2845 oratio
3027 2789 3200 2859 majus
3264 2789 3590 2859 uberiusque

2013 2880 2203 2937 datura
2230 2893 2366 2938 erat.
2405 2878 2579 2938 Simul
2602 2882 2765 2938 etiam
2798 2882 3061 2938 inducens
3082 2897 3175 2938 eos
3205 2883 3270 2937 ad
3301 2883 3585 2938 orandum.

2014 2976 2071 3032 Si
2104 2977 2248 3033 enim
2277 2992 2377 3048 pro
2409 2991 2475 3034 eo
2504 2978 2845 3035 intercedere
2884 2976 3135 3047 debeant,
3169 2988 3373 3050 quanto
3412 2979 3591 3050 potius

2012 3081 2111 3137 pro
2144 3065 2376 3138 seipsis?

410 3143 517 3198 Ἐν
551 3146 743 3216 σοφίᾳ
782 3151 1157 3218 περιπατεῖτε
1184 3152 1334 3222 πρὸς
1372 3153 1515 3222 τοὺς
1547 3154 1684 3221 ἔξω.
1732 3156 1904 3228 Ὅπερ

2087 3156 2250 3215 Vens.
2281 3159 2336 3216 5.
2376 3158 2444 3215 In
2485 3160 2741 3231 sapientia
2789 3161 3055 3216 ambulate
3094 3163 3163 3216 ad
3203 3178 3291 3218 eos
3335 3163 3427 3232 qui
3456 3161 3588 3232 foris

321 3237 422 3292 καὶ
473 3239 503 3291 ὁ
545 3238 751 3311 Κύριος
798 3237 954 3295 εἶπεν
979 3257 996 3274 ο
1035 3242 1186 3298 Ἰδοὺ
1238 3245 1601 3301 ἀποστέλλω
1634 3246 1793 3319 ὑμᾶς
1827 3248 1909 3316 ὡς

321 3327 597 3394 πρόϐατα
627 3329 701 3384 ἐν
730 3330 902 3401 μέσῳ
929 3326 1155 3388 λύκων.
1201 3335 1463 3391 Γίνεσθε
1490 3332 1606 3393 οὖν
1627 3339 1910 3409 φρόνιμοι

319 3418 406 3485 ὡς
432 3421 488 3473 οι
517 3420 708 3491 ὄφεις,
732 3424 832 3480 καὶ
854 3424 1119 3495 ὰκᾶραωι
1139 3426 1222 3493 ὡς
1254 3429 1315 3483 at
1343 3431 1689 3499 περιστεραί
1704 3445 1721 3462 °
1752 3430 1911 3485 τοῦτο

320 3510 383 3564 δὲ
420 3506 579 3577 οὗτος
602 3515 650 3548 ⁸⁸
679 3514 779 3570 νῦν
811 3531 1000 3587 φησιν,
1029 3518 1114 3572 δτι
1154 3518 1483 3575 Φυλακτικοὶ
1522 3521 1761 3591 γίνεσθε,
1808 3540 1911 3596 μη-

324 3598 527 3670 δεμίαν
557 3601 728 3676 λαβὴν
760 3604 997 3669 διδόντες
1018 3608 1134 3670 τοῖς
1163 3606 1270 3673 ἔξω
1299 3608 1423 3664 καθ’
1452 3609 1606 3681 ὑμῶν
1635 3611 1697 3668 ὲν
1735 3609 1817 3677 οἷς
1844 3615 1908 3667 οὐ

325 3690 651 3762 βλάπτωσι,
704 3697 842 3769 μηδὲ
872 3697 1121 3770 ἀκαίρως
1162 3700 1618 3769 σκανδαλίζοντες
1686 3705 1906 3770 αὐτούς.

329 3783 480 3848 Ἔξω
510 3785 619 3858 γάρ
666 3787 794 3851 εἰσι,
840 3789 1143 3857 τουτέστιν,
1180 3792 1241 3846 οὐ
1287 3792 1541 3864 συνήθεις
1590 3794 1743 3865 ἡμῖν,
1787 3797 1909 3851 οὐδὲ

319 3874 427 3947 τῆς
476 3877 651 3948 αὐτῆς
681 3880 876 3951 αὐλῆς,
908 3880 1046 3935 ἀλλὰ
1084 3882 1191 3938 κᾶν
1241 3882 1334 3939 τδν
1379 3884 1542 3940 αὐτὸν
1584 3886 1777 3941 οἰκῶσι
1817 3888 1911 3941 κό-

323 3986 488 4041 σμον,
519 3971 628 4038 [Eu
664 3974 823 4041 εἰσὶν,
874 3976 949 4042 ὡς
988 3979 1091 4032 καὶ
1120 3970 1223 4048 τῆς
1287 3978 1617 4051 Ἐκκλησῐας
1665 3983 1760 4038 καὶ
1809 3983 1909 4055 τῆς

323 4063 609 4134 βασιλείας
640 4066 832 4140 πόρρω
862 4066 1037 4134 ὅντες.
1079 4069 1171 4125 Διὸ
1203 4073 1263 4126 ὲν
1302 4075 1560 4145 φρονήσει
1608 4074 1691 4129 δεῖ
1736 4091 1908 4148 προσ-

321 4156 591 4227 φέρεσθαι
634 4159 838 4225 αὐτοῖς.
873 4153 1075 4231 Σοφίαν
1115 4163 1225 4235 γὰρ
1263 4166 1366 4234 τὴν
1417 4166 1681 4238 φρόνησιν
1754 4169 1905 4240 λέγει

321 4249 581 4303 ἐνταῦθα.
615 4251 759 4322 Πρὸς
791 4252 902 4325 γὰρ
952 4256 1081 4318 τοὺς
1127 4256 1384 4328 συνήθεις
1428 4259 1492 4313 οῦ
1525 4260 1796 4333 τοσαύτης
1827 4262 1910 4318 δεῖ

318 4342 651 4411 ἀσφαλείας.
682 4340 1099 4417 [παραμυθεῖται
1120 4347 1177 4402 δὲ
1201 4350 1397 4412 αὐτοὺς
1427 4352 1524 4405 καὶ
1557 4351 1644 4406 διὰ
1678 4354 1771 4408 τοῦ
1809 4373 1909 4409 κα-

321 4436 483 4490 λέσαι
514 4438 642 4501 τοὺς
671 4436 942 4509 Ἕλληνας
973 4438 1103 4507 ιξω.

392 4611 513 4670 Τὸν
547 4617 756 4687 καιρὸν
777 4612 1290 4691 ἐξαγοραζόμενοιε
1327 4622 1407 4676 οὔ
1436 4624 1714 4691 ποικίλως
1743 4627 1895 4698 ἡμᾶς

312 4703 459 4762 εἶναι
507 4707 834 4780 βουλόμενος
878 4711 912 4783 ἢ
961 4711 1287 4783 ὑποκριτὰς,
1320 4714 1493 4769 ταῦτά
1535 4733 1724 4788 φησιν,
1760 4717 1898 4775 ἀλλὰ

310 4799 476 4853 τοῦτο
518 4798 691 4869 λέγει,
719 4802 802 4855 ὅτι
835 4803 950 4856 οὐκ
980 4802 1131 4857 ἔστιν
1161 4804 1423 4877 ὑμέτερος
1448 4802 1719 4879 ὁκαιρὸς,
1752 4808 1898 4864 ἐκεῖ-

313 4909 426 4945 νων
455 4892 590 4947 ἐστι.
632 4892 876 4948 Δύνασθε
900 4893 993 4949 οῦν
1016 4896 1111 4949 καὶ
1137 4896 1402 4969 ὑμέτερον
1431 4898 1622 4954 τοῦτον
1659 4899 1705 4934 ⁸⁷
1734 4902 1895 4974 ποιῆά

313 4999 409 5036 σαι
454 4984 681 5055 ἑτέρως,
715 4985 814 5038 ἐὰν
860 4987 998 5056 μετὰ
1035 4987 1351 5058 φρονήσεως
1394 4988 1760 5062 περιπατῆτε,
1800 4992 1894 5046 ἐὰν

312 5072 396 5143 μὴ
443 5074 624 5143 μάχας
667 5074 929 5145 ἀκαίρους
977 5074 1351 5148 ἀναδέχησθε,
1398 5078 1535 5134 ἀλλὰ
1579 5079 1682 5152 τὴν
1719 5098 1893 5152 προσ-

307 5165 555 5236 ήκουσαν
578 5166 747 5235 τιμὴν
771 5160 1085 5238 ἀπονᾶμηνε
1115 5165 1319 5235 αὐτοῖς,
1351 5168 1478 5224 ὅταν
1515 5170 1590 5244 μὴ
1620 5173 1761 5227 κατὰ
1788 5173 1894 5244 ψυ-

306 5259 417 5329 χὴν
437 5257 773 5328 βλάπτησθε.
796 5260 859 5312 Ἀ
869 5273 996 5313 κουε
1019 5258 1213 5314 τούτου
1236 5261 1400 5315 αὑτοῦ
1420 5264 1556 5335 πρὸς
1576 5263 1892 5337 Ἀγρίππαν

306 5351 561 5417 λέγοντος
581 5365 603 5383 '
631 5348 940 5419 Μακάρων
995 5349 1216 5408 ἑαυτὸν
1263 5346 1459 5424 οἴομαι
1503 5355 1547 5389 ⁸⁸
1604 5355 1704 5410 ἐπὶ
1769 5358 1890 5414 σοῦ

2012 3259 2153 3306 sunt.
2204 3249 2358 3317 Quod
2419 3249 2681 3306 Dominus
2718 3251 2895 3307 dixit:
2958 3250 3091 3306 Ecce
3137 3253 3283 3308 mitto
3317 3266 3406 3308 vos
3450 3255 3590 3309 sicut

2012 3358 2129 3398 oves
2164 3342 2218 3397 in
2270 3338 2440 3397 medio
2492 3341 2761 3412 luporum.
2811 3338 2995 3399 Estote
3037 3355 3161 3415 ergo
3212 3345 3492 3415 prudentes
3532 3357 3589 3401 ut

2012 3444 2294 3502 serpentes,
2336 3446 2398 3487 ao
2446 3432 2706 3501 simplices
2758 3441 2815 3488 ut
2866 3432 3122 3490 columbis
3148 3434 3214 3490 ll:
3256 3436 3358 3494 hoc
3384 3447 3438 3492 et
3491 3438 3591 3494 iste

2013 3539 2161 3581 nunc
2211 3526 2326 3582 ait:
2363 3525 2517 3592 Sitis,
2570 3528 2765 3599 inquit,
2798 3522 2968 3594 cauti,
3023 3540 3199 3598 neque
3242 3529 3403 3586 ullam
3449 3532 3589 3587 detis

2012 3617 2356 3674 occasionem
2381 3618 2447 3676 iis
2481 3616 2577 3690 qui
2608 3612 2742 3677 foris
2766 3624 2893 3677 sunt
2941 3610 3106 3694 497
3149 3624 3437 3678 adverSum
3467 3639 3588 3689 vos,

2014 3727 2135 3767 cum
2165 3712 2316 3768 'dliis
2342 3711 2476 3768 nihil
2506 3712 2691 3769 damni
2715 3708 2972 3778 afferunt,
3006 3722 3182 3785 neque
3208 3715 3588 3787 intempestive

2012 3818 2106 3860 eos
2133 3802 2439 3861 oli‘endatis.
2476 3804 2635 3861 Foris
2664 3805 2809 3862 enim
2856 3812 3006 3874 sunt,
3043 3805 3098 3861 id
3125 3815 3229 3873 est,
3263 3823 3368 3862 non
3397 3822 3586 3863 assue-

2012 3911 2208 3955 verunt
2251 3898 2428 3965 nobis,
2483 3913 2585 3954 nec
2632 3896 2874 3966 ejusdem
2907 3906 3033 3953 sunt
3091 3898 3371 3953 nobiseum
3403 3899 3585 3961 ovilis.

2013 3991 2106 4046 sed
2127 3984 2343 4045 etiamsi
2374 3986 2623 4046 eumdem
2649 3989 2931 4048 nobiscum
2959 3991 3268 4047 inhabitent
3303 3993 3586 4056 mundum,

2012 4079 2149 4137 foris
2192 4090 2340 4149 sunt,
2387 4090 2642 4151 tanquam
2690 4084 2884 4154 procul
2942 4096 3164 4157 agentes
3208 4084 3277 4140 ab
3324 4085 3584 4149 Ecclesia,

2014 4184 2287 4243 regnoque
2316 4170 2432 4228 Dei.
2467 4168 2647 4240 Quare
2675 4173 2968 4244 prudenter
2991 4186 3113 4231 cum
3150 4176 3232 4232 eis
3255 4190 3587 4230 conversan-

2013 4267 2162 4321 dum.
2195 4263 2532 4336 Sapientiam
2567 4265 2712 4321 enim
2736 4264 2828 4322 hic
2870 4265 3210 4335 prudentiam
3252 4267 3401 4320 dicit.
3444 4266 3585 4335 Erga

2013 4355 2310 4412 familiares
2340 4357 2485 4412 enim
2520 4368 2625 4411 non
2662 4361 2812 4410 tanta
2853 4369 2989 4425 opus
3033 4365 3116 4412 est
3158 4355 3437 4411 cautione.
3472 4357 3585 4410 Ad-

2011 4448 2092 4504 dit
2157 4458 2337 4504 autem
2389 4447 2495 4505 illis
2559 4448 2823 4515 animum,
2888 4448 3015 4504 dum
3080 4442 3300 4505 Graecos
3365 4457 3583 4505 exteros

1937 4526 1982 4580 Ῑ)
2011 4549 2192 4597 vocat.

2082 4628 2307 4702 Tempus
2346 4632 2675 4687 redimentes.
2726 4627 2846 4688 Non
2879 4632 3064 4690 varios
3102 4649 3204 4691 nos
3255 4648 3375 4690 esse
3396 4633 3583 4689 volens

2006 4729 2102 4779 aut
2131 4718 2458 4795 hypocritas,
2491 4720 2605 4781 haec
2678 4725 2840 4791 dicit,
2888 4736 3074 4782 verum
3117 4727 3220 4783 hoc
3274 4727 3383 4782 ait:
3420 4725 3581 4780 Tem-

2008 4828 2109 4881 pus
2138 4824 2244 4870 non
2276 4826 2359 4872 est
2391 4824 2653 4882 vestrum,
2695 4818 2790 4872 sed
2828 4815 3045 4874 illorum
3075 4830 3181 4876 est.
3217 4816 3448 4875 Potestis
3478 4817 3580 4886 igi-

2006 4916 2094 4961 tur
2127 4906 2286 4963 aliter
2316 4908 2492 4979 ipsum
2526 4908 2690 4964 etiam
2719 4918 2959 4966 vestrum
2987 4908 3188 4974 facere.
3214 4910 3261 4968 si
3283 4924 3403 4964 eum
3446 4923 3577 4976 pru-

2005 4993 2187 5052 dentia
2251 4992 2560 5065 ambuleti-,
2627 4997 2672 5054 si
2738 5006 2845 5055 non
2905 5012 3111 5073 pugnas
3174 4998 3577 5066 intempestivas

2005 5088 2333 5159 suscipiatis,
2382 5102 2570 5145 verum
2631 5091 3051 5147 convenientem
3125 5088 3257 5161 ipsis
3314 5089 3575 5144 honorem

2006 5178 2272 5248 tribuatis,
2315 5180 2360 5235 si
2414 5179 2467 5235 in
2515 5178 2694 5235 anima
2744 5179 2879 5235 nihil
2933 5180 3211 5252 accipiatis
3239 5177 3574 5234 detrimenti.

2005 5270 2142 5326 Audi
2183 5271 2361 5343 ipsum
2413 5272 2551 5328 adeo
2598 5271 2823 5327 Paulum
2872 5270 3159 5344 Agripppa!
3219 5269 3575 5338 loquentem:

2013 5361 2270 5417 Existimo
2326 5377 2408 5418 me
2455 5362 2684 5423 beatum.
2727 5363 2867 5432 apud
2900 5371 2951 5418 te
2981 5378 3096 5417 cum
3123 5363 3224 5418 sim
3277 5370 3358 5411 me
3399 5356 3584 5423 defen-

300 5445 552 5516 μέλλων
597 5443 1047 5514 ἀπολογεῖσθαι.
1109 5445 1266 5500 Οὕτω
1316 5448 1411 5501 καὶ
1457 5449 1584 5513 τοὺς
1631 5449 1736 5515 ἔξω
1776 5449 1886 5504 ἔσω

2014 5470 2152 5509 ταντα
2192 5451 2238 5507 ι.
2274 5452 2364 5508 Sic
2390 5467 2480 5508 eos
2507 5454 2601 5522 qui
2641 5451 2774 5510 foris
2791 5464 2940 5524 sunt,
2970 5455 3115 5511 intus
3139 5465 3259 5510 esse
3285 5446 3574 5504 faciemus,

418 5587 446 5628 ιι
485 5585 883 5652 Matth.x,‘l6,
991 5586 1324 5654 lAct.xxvt,
1364 5590 1419 5646 2.

1642 5707 1838 5769 Varia:
1894 5707 2218 5773 lectiones.

382 5803 434 5837 ε’»
472 5803 605 5876 περὶ
633 5818 687 5861 ο,
772 5804 818 5839 ⁸⁸
845 5802 1026 5875 ψυχῆς
1057 5817 1111 5859 ο.
1185 5803 1230 5837 ⁸⁸
1272 5802 1432 5868 αὐτὸς
1460 5819 1512 5862 0.
1592 5806 1635 5837 ⁸⁷
1669 5808 1836 5860 αὐτὸν
1880 5825 1934 5864 o.

2015 5808 2060 5842 ⁸⁸
2091 5804 2329 5879 ἐμαυτὸν
2361 5805 2576 5877 ἥγημαι
2615 5823 2672 5867 0.
