  <div class='ocr_page' id='page_1' title='image "/cluster/home/n/w/nwhite01/storage/ocr_20150623/124/hvd.32044019208206/697.png"; bbox 0 0 3994 6624; ppageno 0'>
   <div class='ocr_carea' id='block_1_1' title="bbox 438 354 570 418">
    <p class='ocr_par' dir='ltr' id='par_1_1' title="bbox 438 354 570 418">
     <span class='ocr_line' id='line_1_1' title="bbox 438 354 570 418; baseline 0 0"><span class='ocrx_word' id='word_1_1' title='bbox 438 354 570 418; x_wconf 64' lang='grc' dir='ltr'><strong>ιλιι</strong></span> 
     </span>
    </p>
   </div>
   <div class='ocr_carea' id='block_1_2' title="bbox 1379 359 2794 426">
    <p class='ocr_par' dir='ltr' id='par_1_2' title="bbox 1379 359 2794 426">
     <span class='ocr_line' id='line_1_2' title="bbox 1379 359 2794 426; baseline 0.005 -7"><span class='ocrx_word' id='word_1_2' title='bbox 1379 359 1950 423; x_wconf 80' lang='lat' dir='ltr'><strong>THEOPHYLACTI</strong></span> <span class='ocrx_word' id='word_1_3' title='bbox 1991 362 2401 424; x_wconf 70' lang='lat' dir='ltr'><strong>BULGARl/E</strong></span> <span class='ocrx_word' id='word_1_4' title='bbox 2443 364 2794 426; x_wconf 80' lang='lat' dir='ltr'><strong>ARCHIEP.</strong></span> 
     </span>
    </p>
   </div>
   <div class='ocr_carea' id='block_1_3' title="bbox 3545 361 3684 427">
    <p class='ocr_par' dir='ltr' id='par_1_3' title="bbox 3545 361 3684 427">
     <span class='ocr_line' id='line_1_3' title="bbox 3545 361 3684 427; baseline -0.014 -1"><span class='ocrx_word' id='word_1_5' title='bbox 3545 361 3684 427; x_wconf 72' lang='lat'><strong>1272</strong></span> 
     </span>
    </p>
   </div>
   <div class='ocr_carea' id='block_1_4' title="bbox 435 467 2012 544">
    <p class='ocr_par' dir='ltr' id='par_1_4' title="bbox 435 467 2008 542">
     <span class='ocr_line' id='line_1_4' title="bbox 435 467 2008 542; baseline 0.001 -19"><span class='ocrx_word' id='word_1_6' title='bbox 435 486 533 542; x_wconf 83' lang='lat' dir='ltr'><strong>per</strong></span> <span class='ocrx_word' id='word_1_7' title='bbox 557 468 1026 526; x_wconf 84' lang='lat' dir='ltr'><strong>mansuetudinem</strong></span> <span class='ocrx_word' id='word_1_8' title='bbox 1065 467 1212 540; x_wconf 89' lang='lat' dir='ltr'><strong>ipsos</strong></span> <span class='ocrx_word' id='word_1_9' title='bbox 1244 469 1309 526; x_wconf 90' lang='lat' dir='ltr'><strong>ad</strong></span> <span class='ocrx_word' id='word_1_10' title='bbox 1347 470 1789 540; x_wconf 70' lang='lat' dir='ltr'><strong>prazdicationcm</strong></span> <span class='ocrx_word' id='word_1_11' title='bbox 1832 479 2008 526; x_wconf 88' lang='lat' dir='ltr'><strong>attra-</strong></span> 
     </span>
    </p>
   </div>
   <div class='ocr_carea' id='block_1_5' title="bbox 2119 467 3688 544">
    <p class='ocr_par' dir='ltr' id='par_1_5' title="bbox 2119 471 3688 544">
     <span class='ocr_line' id='line_1_5' title="bbox 2119 471 3688 544; baseline 0.002 -22"><span class='ocrx_word' id='word_1_12' title='bbox 2119 472 2456 542; x_wconf 81' lang='grc' dir='ltr'>ποιήσωμεν,</span> <span class='ocrx_word' id='word_1_13' title='bbox 2488 472 2577 526; x_wconf 72' lang='grc' dir='ltr'><strong>διὰ</strong></span> <span class='ocrx_word' id='word_1_14' title='bbox 2607 473 2706 543; x_wconf 83' lang='grc' dir='ltr'>τῆς</span> <span class='ocrx_word' id='word_1_15' title='bbox 2736 471 3038 536; x_wconf 76' lang='grc' dir='ltr'><strong>ἐπιεικείας</strong></span> <span class='ocrx_word' id='word_1_16' title='bbox 3069 473 3268 538; x_wconf 77' lang='grc' dir='ltr'>αὐτοὺς</span> <span class='ocrx_word' id='word_1_17' title='bbox 3311 474 3688 544; x_wconf 62' lang='grc' dir='ltr'>πῳσάγοεθτες</span> 
     </span>
    </p>
   </div>
   <div class='ocr_carea' id='block_1_6' title="bbox 435 563 648 618">
    <p class='ocr_par' dir='ltr' id='par_1_6' title="bbox 435 563 648 618">
     <span class='ocr_line' id='line_1_6' title="bbox 435 563 648 618; baseline 0 0"><span class='ocrx_word' id='word_1_18' title='bbox 435 563 648 618; x_wconf 66' lang='lat' dir='ltr'><strong>luentes.</strong></span> 
     </span>
    </p>
   </div>
   <div class='ocr_carea' id='block_1_7' title="bbox 514 653 2005 724">
    <p class='ocr_par' dir='ltr' id='par_1_7' title="bbox 514 653 2005 724">
     <span class='ocr_line' id='line_1_7' title="bbox 514 653 2005 724; baseline -0.001 -14"><span class='ocrx_word' id='word_1_19' title='bbox 514 656 673 712; x_wconf 77' lang='lat' dir='ltr'><strong>Vsus.</strong></span> <span class='ocrx_word' id='word_1_20' title='bbox 709 655 761 712; x_wconf 90' lang='lat'><strong>6.</strong></span> <span class='ocrx_word' id='word_1_21' title='bbox 816 653 999 710; x_wconf 86' lang='lat' dir='ltr'><strong>Sermo</strong></span> <span class='ocrx_word' id='word_1_22' title='bbox 1038 664 1202 710; x_wconf 79' lang='lat' dir='ltr'><strong>vester</strong></span> <span class='ocrx_word' id='word_1_23' title='bbox 1231 671 1430 721; x_wconf 80' lang='lat' dir='ltr'><strong>semper</strong></span> <span class='ocrx_word' id='word_1_24' title='bbox 1475 655 1530 710; x_wconf 84' lang='lat' dir='ltr'><strong>in</strong></span> <span class='ocrx_word' id='word_1_25' title='bbox 1584 654 1758 724; x_wconf 83' lang='lat' dir='ltr'><strong>gratia</strong></span> <span class='ocrx_word' id='word_1_26' title='bbox 1792 653 1903 708; x_wconf 84' lang='lat' dir='ltr'><strong>sale</strong></span> <span class='ocrx_word' id='word_1_27' title='bbox 1935 655 2005 710; x_wconf 88' lang='lat' dir='ltr'><strong>sit</strong></span> 
     </span>
    </p>
   </div>
   <div class='ocr_carea' id='block_1_8' title="bbox 434 743 1997 815">
    <p class='ocr_par' dir='ltr' id='par_1_8' title="bbox 434 743 1997 815">
     <span class='ocr_line' id='line_1_8' title="bbox 434 743 1997 815; baseline -0.001 -15"><span class='ocrx_word' id='word_1_28' title='bbox 434 747 699 801; x_wconf 82' lang='lat' dir='ltr'><strong>conditus.</strong></span> <span class='ocrx_word' id='word_1_29' title='bbox 730 743 976 799; x_wconf 88' lang='lat' dir='ltr'><strong>Sermoni</strong></span> <span class='ocrx_word' id='word_1_30' title='bbox 1013 755 1194 800; x_wconf 81' lang='lat' dir='ltr'><strong>vestro</strong></span> <span class='ocrx_word' id='word_1_31' title='bbox 1243 744 1369 800; x_wconf 90' lang='lat' dir='ltr'><strong>insit</strong></span> <span class='ocrx_word' id='word_1_32' title='bbox 1397 745 1711 814; x_wconf 70' lang='lat' dir='ltr'><strong>jucuuditas</strong></span> <span class='ocrx_word' id='word_1_33' title='bbox 1733 785 1747 810; x_wconf 93' lang='lat'><strong>,</strong></span> <span class='ocrx_word' id='word_1_34' title='bbox 1786 745 1997 815; x_wconf 88' lang='lat' dir='ltr'><strong>inquit;</strong></span> 
     </span>
    </p>
   </div>
   <div class='ocr_carea' id='block_1_9' title="bbox 437 837 2007 908">
    <p class='ocr_par' dir='ltr' id='par_1_9' title="bbox 437 837 2007 908">
     <span class='ocr_line' id='line_1_9' title="bbox 437 837 2007 908; baseline -0.001 -18"><span class='ocrx_word' id='word_1_35' title='bbox 437 847 805 892; x_wconf 75' lang='lat' dir='ltr'><strong>verumtamen</strong></span> <span class='ocrx_word' id='word_1_36' title='bbox 839 838 890 892; x_wconf 92' lang='lat' dir='ltr'><strong>in</strong></span> <span class='ocrx_word' id='word_1_37' title='bbox 943 837 1329 893; x_wconf 74' lang='lat' dir='ltr'><strong>scurrilitatem</strong></span> <span class='ocrx_word' id='word_1_38' title='bbox 1379 839 1584 908; x_wconf 84' lang='lat' dir='ltr'><strong>absque</strong></span> <span class='ocrx_word' id='word_1_39' title='bbox 1609 837 1718 891; x_wconf 92' lang='lat' dir='ltr'><strong>ullo</strong></span> <span class='ocrx_word' id='word_1_40' title='bbox 1749 851 2007 905; x_wconf 87' lang='lat' dir='ltr'><strong>persona-</strong></span> 
     </span>
    </p>
   </div>
   <div class='ocr_carea' id='block_1_10' title="bbox 438 927 2006 999">
    <p class='ocr_par' dir='ltr' id='par_1_10' title="bbox 438 927 2006 999">
     <span class='ocr_line' id='line_1_10' title="bbox 438 927 2006 999; baseline -0.001 -17"><span class='ocrx_word' id='word_1_41' title='bbox 438 945 554 983; x_wconf 90' lang='lat' dir='ltr'><strong>rum</strong></span> <span class='ocrx_word' id='word_1_42' title='bbox 590 929 903 984; x_wconf 84' lang='lat' dir='ltr'><strong>discrimine</strong></span> <span class='ocrx_word' id='word_1_43' title='bbox 944 944 1050 983; x_wconf 90' lang='lat' dir='ltr'><strong>non</strong></span> <span class='ocrx_word' id='word_1_44' title='bbox 1084 928 1305 994; x_wconf 87' lang='lat' dir='ltr'><strong>incidat,</strong></span> <span class='ocrx_word' id='word_1_45' title='bbox 1352 943 1526 999; x_wconf 87' lang='lat' dir='ltr'><strong>neque</strong></span> <span class='ocrx_word' id='word_1_46' title='bbox 1564 927 2006 996; x_wconf 67' lang='lat' dir='ltr'><strong>dissolutionemf,</strong></span> 
     </span>
    </p>
   </div>
   <div class='ocr_carea' id='block_1_11' title="bbox 438 1016 2005 1087">
    <p class='ocr_par' dir='ltr' id='par_1_11' title="bbox 438 1016 2005 1087">
     <span class='ocr_line' id='line_1_11' title="bbox 438 1016 2005 1087; baseline -0.001 -14"><span class='ocrx_word' id='word_1_47' title='bbox 438 1019 530 1074; x_wconf 87' lang='lat' dir='ltr'><strong>sed</strong></span> <span class='ocrx_word' id='word_1_48' title='bbox 584 1016 880 1087; x_wconf 69' lang='lat' dir='ltr'><strong>stringendi</strong></span> <span class='ocrx_word' id='word_1_49' title='bbox 917 1018 1024 1070; x_wconf 81' lang='lat' dir='ltr'><strong>vim</strong></span> <span class='ocrx_word' id='word_1_50' title='bbox 1068 1017 1304 1085; x_wconf 78' lang='lat' dir='ltr'><strong>habeat;</strong></span> <span class='ocrx_word' id='word_1_51' title='bbox 1361 1019 1400 1076; x_wconf 82' lang='lat' dir='ltr'><strong>it</strong></span> <span class='ocrx_word' id='word_1_52' title='bbox 1439 1018 1583 1075; x_wconf 89' lang='lat' dir='ltr'><strong>enim</strong></span> <span class='ocrx_word' id='word_1_53' title='bbox 1619 1019 1698 1075; x_wconf 84' lang='lat' dir='ltr'><strong>sal</strong></span> <span class='ocrx_word' id='word_1_54' title='bbox 1753 1019 1956 1074; x_wconf 80' lang='lat' dir='ltr'><strong>indicat</strong></span> <span class='ocrx_word' id='word_1_55' title='bbox 1991 1034 2005 1072; x_wconf 92' lang='lat'><strong>:</strong></span> 
     </span>
    </p>
   </div>
   <div class='ocr_carea' id='block_1_12' title="bbox 437 1109 2008 1182">
    <p class='ocr_par' dir='ltr' id='par_1_12' title="bbox 437 1109 2008 1182">
     <span class='ocr_line' id='line_1_12' title="bbox 437 1109 2008 1182; baseline -0.001 -17"><span class='ocrx_word' id='word_1_56' title='bbox 437 1125 611 1179; x_wconf 76' lang='lat' dir='ltr'><strong>neque</strong></span> <span class='ocrx_word' id='word_1_57' title='bbox 649 1109 726 1166; x_wconf 88' lang='lat' dir='ltr'><strong>sis</strong></span> <span class='ocrx_word' id='word_1_58' title='bbox 761 1125 924 1179; x_wconf 87' lang='lat' dir='ltr'><strong>supra</strong></span> <span class='ocrx_word' id='word_1_59' title='bbox 971 1112 1189 1166; x_wconf 90' lang='lat' dir='ltr'><strong>modum</strong></span> <span class='ocrx_word' id='word_1_60' title='bbox 1223 1111 1514 1181; x_wconf 87' lang='lat' dir='ltr'><strong>jucundus,</strong></span> <span class='ocrx_word' id='word_1_61' title='bbox 1550 1126 1653 1166; x_wconf 90' lang='lat' dir='ltr'><strong>nec</strong></span> <span class='ocrx_word' id='word_1_62' title='bbox 1685 1125 1848 1182; x_wconf 85' lang='lat' dir='ltr'><strong>supra</strong></span> <span class='ocrx_word' id='word_1_63' title='bbox 1891 1124 2008 1165; x_wconf 88' lang='lat' dir='ltr'><strong>m0-</strong></span> 
     </span>
    </p>
   </div>
   <div class='ocr_carea' id='block_1_13' title="bbox 436 1206 2002 1277">
    <p class='ocr_par' dir='ltr' id='par_1_13' title="bbox 436 1206 2002 1277">
     <span class='ocr_line' id='line_1_13' title="bbox 436 1206 2002 1277; baseline 0 -17"><span class='ocrx_word' id='word_1_64' title='bbox 436 1206 563 1260; x_wconf 91' lang='lat' dir='ltr'><strong>dum</strong></span> <span class='ocrx_word' id='word_1_65' title='bbox 603 1214 854 1261; x_wconf 79' lang='lat' dir='ltr'><strong>austeros</strong></span> <span class='ocrx_word' id='word_1_66' title='bbox 881 1221 895 1259; x_wconf 89' lang='lat'><strong>:</strong></span> <span class='ocrx_word' id='word_1_67' title='bbox 922 1207 1377 1277; x_wconf 89' lang='lat' dir='ltr'><strong>quemadmodum</strong></span> <span class='ocrx_word' id='word_1_68' title='bbox 1405 1206 1556 1262; x_wconf 85' lang='lat' dir='ltr'><strong>cibus</strong></span> <span class='ocrx_word' id='word_1_69' title='bbox 1579 1209 1624 1262; x_wconf 88' lang='lat' dir='ltr'><strong>si</strong></span> <span class='ocrx_word' id='word_1_70' title='bbox 1658 1207 1771 1263; x_wconf 86' lang='lat' dir='ltr'><strong>sale</strong></span> <span class='ocrx_word' id='word_1_71' title='bbox 1799 1215 2002 1267; x_wconf 85' lang='lat' dir='ltr'><strong>careat.</strong></span> 
     </span>
    </p>
   </div>
   <div class='ocr_carea' id='block_1_14' title="bbox 438 1296 2008 1369">
    <p class='ocr_par' dir='ltr' id='par_1_14' title="bbox 438 1296 2008 1369">
     <span class='ocr_line' id='line_1_14' title="bbox 438 1296 2008 1369; baseline -0.001 -17"><span class='ocrx_word' id='word_1_72' title='bbox 438 1296 763 1366; x_wconf 77' lang='lat' dir='ltr'><strong>iniucundus</strong></span> <span class='ocrx_word' id='word_1_73' title='bbox 793 1307 877 1354; x_wconf 89' lang='lat' dir='ltr'><strong>est</strong></span> <span class='ocrx_word' id='word_1_74' title='bbox 911 1317 924 1355; x_wconf 92' lang='lat'>:</span> <span class='ocrx_word' id='word_1_75' title='bbox 959 1299 1004 1354; x_wconf 94' lang='lat' dir='ltr'><strong>si</strong></span> <span class='ocrx_word' id='word_1_76' title='bbox 1035 1314 1162 1354; x_wconf 84' lang='lat' dir='ltr'><strong>vero</strong></span> <span class='ocrx_word' id='word_1_77' title='bbox 1219 1299 1510 1368; x_wconf 67' lang='lat' dir='ltr'><strong>prtesalsus</strong></span> <span class='ocrx_word' id='word_1_78' title='bbox 1555 1298 1646 1366; x_wconf 89' lang='lat' dir='ltr'><strong>sit,</strong></span> <span class='ocrx_word' id='word_1_79' title='bbox 1701 1299 1879 1369; x_wconf 76' lang='lat' dir='ltr'><strong>gustui</strong></span> <span class='ocrx_word' id='word_1_80' title='bbox 1925 1307 2008 1354; x_wconf 87' lang='lat' dir='ltr'><strong>est</strong></span> 
     </span>
    </p>
   </div>
   <div class='ocr_carea' id='block_1_15' title="bbox 437 1379 2006 1459">
    <p class='ocr_par' dir='ltr' id='par_1_15' title="bbox 437 1379 2006 1459">
     <span class='ocr_line' id='line_1_15' title="bbox 437 1379 2006 1459; baseline -0.001 -16"><span class='ocrx_word' id='word_1_81' title='bbox 437 1390 682 1459; x_wconf 83' lang='lat' dir='ltr'><strong>ingratus</strong></span> <span class='ocrx_word' id='word_1_82' title='bbox 710 1390 966 1446; x_wconf 85' lang='lat' dir='ltr'><strong>omnino:</strong></span> <span class='ocrx_word' id='word_1_83' title='bbox 999 1399 1227 1454; x_wconf 79' lang='lat' dir='ltr'><strong>utroque</strong></span> <span class='ocrx_word' id='word_1_84' title='bbox 1249 1401 1428 1446; x_wconf 80' lang='lat' dir='ltr'><strong>autem</strong></span> <span class='ocrx_word' id='word_1_85' title='bbox 1460 1379 1618 1444; x_wconf 85' lang='lat' dir='ltr'><strong>modo</strong></span> <span class='ocrx_word' id='word_1_86' title='bbox 1649 1390 1735 1444; x_wconf 87' lang='lat' dir='ltr'><strong>edi</strong></span> <span class='ocrx_word' id='word_1_87' title='bbox 1767 1403 1874 1443; x_wconf 89' lang='lat' dir='ltr'><strong>non</strong></span> <span class='ocrx_word' id='word_1_88' title='bbox 1911 1403 2006 1458; x_wconf 90' lang='lat' dir='ltr'><strong>po-</strong></span> 
     </span>
    </p>
   </div>
   <div class='ocr_carea' id='block_1_16' title="bbox 438 1479 2010 1551">
    <p class='ocr_par' dir='ltr' id='par_1_16' title="bbox 438 1479 2010 1551">
     <span class='ocr_line' id='line_1_16' title="bbox 438 1479 2010 1551; baseline -0.003 -14"><span class='ocrx_word' id='word_1_89' title='bbox 438 1492 563 1538; x_wconf 88' lang='lat' dir='ltr'><strong>test.</strong></span> <span class='ocrx_word' id='word_1_90' title='bbox 597 1483 786 1538; x_wconf 86' lang='lat' dir='ltr'><strong>Nonne</strong></span> <span class='ocrx_word' id='word_1_91' title='bbox 819 1483 967 1537; x_wconf 83' lang='lat' dir='ltr'><strong>vides</strong></span> <span class='ocrx_word' id='word_1_92' title='bbox 1000 1483 1294 1548; x_wconf 91' lang='lat' dir='ltr'><strong>Danielem,</strong></span> <span class='ocrx_word' id='word_1_93' title='bbox 1329 1497 1557 1551; x_wconf 88' lang='lat' dir='ltr'><strong>quanam</strong></span> <span class='ocrx_word' id='word_1_94' title='bbox 1590 1480 1800 1536; x_wconf 81' lang='lat' dir='ltr'><strong>ratione</strong></span> <span class='ocrx_word' id='word_1_95' title='bbox 1833 1479 2010 1535; x_wconf 83' lang='lat' dir='ltr'><strong>homi-</strong></span> 
     </span>
    </p>
   </div>
   <div class='ocr_carea' id='block_1_17' title="bbox 437 1573 2006 1641">
    <p class='ocr_par' dir='ltr' id='par_1_17' title="bbox 437 1573 2006 1641">
     <span class='ocr_line' id='line_1_17' title="bbox 437 1573 2006 1641; baseline -0.001 -15"><span class='ocrx_word' id='word_1_96' title='bbox 437 1587 559 1626; x_wconf 88' lang='lat' dir='ltr'><strong>nem</strong></span> <span class='ocrx_word' id='word_1_97' title='bbox 589 1573 812 1641; x_wconf 89' lang='lat' dir='ltr'><strong>impium</strong></span> <span class='ocrx_word' id='word_1_98' title='bbox 831 1575 1023 1630; x_wconf 86' lang='lat' dir='ltr'><strong>curet?</strong></span> <span class='ocrx_word' id='word_1_99' title='bbox 1055 1573 1242 1628; x_wconf 83' lang='lat' dir='ltr'><strong>Nonne</strong></span> <span class='ocrx_word' id='word_1_100' title='bbox 1283 1574 1433 1628; x_wconf 81' lang='lat' dir='ltr'><strong>vides</strong></span> <span class='ocrx_word' id='word_1_101' title='bbox 1478 1582 1586 1627; x_wconf 90' lang='lat' dir='ltr'><strong>tres</strong></span> <span class='ocrx_word' id='word_1_102' title='bbox 1618 1585 1836 1641; x_wconf 88' lang='lat' dir='ltr'><strong>pueros,</strong></span> <span class='ocrx_word' id='word_1_103' title='bbox 1873 1584 2006 1640; x_wconf 86' lang='lat' dir='ltr'><strong>quo-</strong></span> 
     </span>
    </p>
   </div>
   <div class='ocr_carea' id='block_1_18' title="bbox 438 1661 2008 1734">
    <p class='ocr_par' dir='ltr' id='par_1_18' title="bbox 438 1661 2008 1734">
     <span class='ocr_line' id='line_1_18' title="bbox 438 1661 2008 1734; baseline 0 -20"><span class='ocrx_word' id='word_1_104' title='bbox 438 1663 594 1716; x_wconf 90' lang='lat' dir='ltr'><strong>modo</strong></span> <span class='ocrx_word' id='word_1_105' title='bbox 639 1663 774 1718; x_wconf 86' lang='lat' dir='ltr'><strong>nihil</strong></span> <span class='ocrx_word' id='word_1_106' title='bbox 830 1679 1078 1734; x_wconf 85' lang='lat' dir='ltr'><strong>asperum</strong></span> <span class='ocrx_word' id='word_1_107' title='bbox 1117 1675 1209 1719; x_wconf 88' lang='lat' dir='ltr'><strong>aut</strong></span> <span class='ocrx_word' id='word_1_108' title='bbox 1258 1664 1563 1724; x_wconf 88' lang='lat' dir='ltr'><strong>molestum.</strong></span> <span class='ocrx_word' id='word_1_109' title='bbox 1605 1662 1700 1718; x_wconf 88' lang='lat' dir='ltr'><strong>sed</strong></span> <span class='ocrx_word' id='word_1_110' title='bbox 1743 1661 2008 1716; x_wconf 79' lang='lat' dir='ltr'><strong>fortitudi-</strong></span> 
     </span>
    </p>
   </div>
   <div class='ocr_carea' id='block_1_19' title="bbox 2106 562 2549 635">
    <p class='ocr_par' dir='ltr' id='par_1_19' title="bbox 2106 562 2549 635">
     <span class='ocr_line' id='line_1_19' title="bbox 2106 562 2549 635; baseline 0.014 -19"><span class='ocrx_word' id='word_1_111' title='bbox 2106 562 2184 634; x_wconf 85' lang='grc' dir='ltr'><strong>τῷ</strong></span> <span class='ocrx_word' id='word_1_112' title='bbox 2212 564 2549 635; x_wconf 77' lang='grc' dir='ltr'><strong>κηρύγματι.</strong></span> 
     </span>
    </p>
   </div>
   <div class='ocr_carea' id='block_1_20' title="bbox 2189 656 3687 730">
    <p class='ocr_par' dir='ltr' id='par_1_20' title="bbox 2189 656 3687 730">
     <span class='ocr_line' id='line_1_20' title="bbox 2189 656 3687 730; baseline 0.001 -20"><span class='ocrx_word' id='word_1_113' title='bbox 2189 656 2253 710; x_wconf 89' lang='lat'><strong>&#39;0</strong></span> <span class='ocrx_word' id='word_1_114' title='bbox 2278 657 2460 728; x_wconf 66' lang='grc' dir='ltr'>λόγος</span> <span class='ocrx_word' id='word_1_115' title='bbox 2488 657 2656 730; x_wconf 79' lang='grc' dir='ltr'>ὑμῶν</span> <span class='ocrx_word' id='word_1_116' title='bbox 2693 660 2950 714; x_wconf 77' lang='grc' dir='ltr'>πάντοτε</span> <span class='ocrx_word' id='word_1_117' title='bbox 2984 659 3054 713; x_wconf 78' lang='grc' dir='ltr'><strong>ἐν</strong></span> <span class='ocrx_word' id='word_1_118' title='bbox 3076 658 3270 729; x_wconf 78' lang='grc' dir='ltr'>χάριτι</span> <span class='ocrx_word' id='word_1_119' title='bbox 3298 658 3473 714; x_wconf 75' lang='grc' dir='ltr'>ἅλατι</span> <span class='ocrx_word' id='word_1_120' title='bbox 3504 659 3687 725; x_wconf 63' lang='lat' dir='ltr'><strong>ripau-</strong></span> 
     </span>
    </p>
   </div>
   <div class='ocr_carea' id='block_1_21' title="bbox 2102 749 3688 825">
    <p class='ocr_par' dir='ltr' id='par_1_21' title="bbox 2102 749 3688 825">
     <span class='ocr_line' id='line_1_21' title="bbox 2102 749 3688 825; baseline 0 -21"><span class='ocrx_word' id='word_1_121' title='bbox 2102 749 2310 818; x_wconf 76' lang='grc' dir='ltr'>μένος.</span> <span class='ocrx_word' id='word_1_122' title='bbox 2351 752 2552 822; x_wconf 83' lang='grc' dir='ltr'>Ἐχέτω</span> <span class='ocrx_word' id='word_1_123' title='bbox 2609 753 2729 824; x_wconf 80' lang='grc' dir='ltr'>μὲν,</span> <span class='ocrx_word' id='word_1_124' title='bbox 2791 755 2948 824; x_wconf 81' lang='grc' dir='ltr'>φησὶ,</span> <span class='ocrx_word' id='word_1_125' title='bbox 3005 753 3390 825; x_wconf 84' lang='grc' dir='ltr'>χαριεντισμὸν</span> <span class='ocrx_word' id='word_1_126' title='bbox 3439 755 3469 806; x_wconf 81' lang='grc' dir='ltr'><strong>ὁ</strong></span> <span class='ocrx_word' id='word_1_127' title='bbox 3526 753 3688 819; x_wconf 76' lang='grc' dir='ltr'>λόγος</span> 
     </span>
    </p>
   </div>
   <div class='ocr_carea' id='block_1_22' title="bbox 2111 839 3690 915">
    <p class='ocr_par' dir='ltr' id='par_1_22' title="bbox 2111 839 3690 915">
     <span class='ocr_line' id='line_1_22' title="bbox 2111 839 3690 915; baseline 0 -23"><span class='ocrx_word' id='word_1_128' title='bbox 2111 839 2302 910; x_wconf 76' lang='grc' dir='ltr'>ὑμῶν’</span> <span class='ocrx_word' id='word_1_129' title='bbox 2356 841 2498 914; x_wconf 80' lang='grc' dir='ltr'>πλὴν</span> <span class='ocrx_word' id='word_1_130' title='bbox 2547 843 2623 912; x_wconf 79' lang='grc' dir='ltr'>μὴ</span> <span class='ocrx_word' id='word_1_131' title='bbox 2680 843 2758 906; x_wconf 85' lang='grc' dir='ltr'><strong>είς</strong></span> <span class='ocrx_word' id='word_1_132' title='bbox 2793 843 3116 915; x_wconf 73' lang='grc' dir='ltr'><strong>ἀδιαφορίαν</strong></span> <span class='ocrx_word' id='word_1_133' title='bbox 3164 844 3207 875; x_wconf 83' lang='grc'>⁶⁹</span> <span class='ocrx_word' id='word_1_134' title='bbox 3239 841 3557 896; x_wconf 74' lang='grc' dir='ltr'>ἑκπιπτέτω</span> <span class='ocrx_word' id='word_1_135' title='bbox 3595 839 3690 893; x_wconf 80' lang='grc' dir='ltr'><strong>καὶ</strong></span> 
     </span>
    </p>
   </div>
   <div class='ocr_carea' id='block_1_23' title="bbox 2109 931 3688 1004">
    <p class='ocr_par' dir='ltr' id='par_1_23' title="bbox 2109 931 3688 1004">
     <span class='ocr_line' id='line_1_23' title="bbox 2109 931 3688 1004; baseline -0.001 -19"><span class='ocrx_word' id='word_1_136' title='bbox 2109 931 2352 996; x_wconf 73' lang='grc' dir='ltr'>ἔκλυσιν,</span> <span class='ocrx_word' id='word_1_137' title='bbox 2380 933 2494 987; x_wconf 83' lang='grc' dir='ltr'>ἀλλ’</span> <span class='ocrx_word' id='word_1_138' title='bbox 2523 933 2664 988; x_wconf 73' lang='grc' dir='ltr'>ἔστω</span> <span class='ocrx_word' id='word_1_139' title='bbox 2702 935 2797 988; x_wconf 77' lang='grc' dir='ltr'><strong>καὶ</strong></span> <span class='ocrx_word' id='word_1_140' title='bbox 2829 934 3079 1004; x_wconf 79' lang='grc' dir='ltr'>στύφωνο</span> <span class='ocrx_word' id='word_1_141' title='bbox 3109 932 3270 987; x_wconf 76' lang='grc' dir='ltr'>τοῦτο</span> <span class='ocrx_word' id='word_1_142' title='bbox 3305 931 3413 1003; x_wconf 88' lang='grc' dir='ltr'><strong>γάρ</strong></span> <span class='ocrx_word' id='word_1_143' title='bbox 3447 931 3512 984; x_wconf 67' lang='grc' dir='ltr'><strong>τὸ</strong></span> <span class='ocrx_word' id='word_1_144' title='bbox 3553 932 3688 994; x_wconf 73' lang='grc' dir='ltr'>ἅλας</span> 
     </span>
    </p>
   </div>
   <div class='ocr_carea' id='block_1_24' title="bbox 2116 1021 3688 1098">
    <p class='ocr_par' dir='ltr' id='par_1_24' title="bbox 2116 1021 3688 1098">
     <span class='ocr_line' id='line_1_24' title="bbox 2116 1021 3688 1098; baseline -0.001 -20"><span class='ocrx_word' id='word_1_145' title='bbox 2116 1024 2286 1094; x_wconf 82' lang='grc' dir='ltr'>δηλοῖ.</span> <span class='ocrx_word' id='word_1_146' title='bbox 2312 1026 2466 1096; x_wconf 75' lang='grc' dir='ltr'><strong>Μήτι</strong></span> <span class='ocrx_word' id='word_1_147' title='bbox 2502 1025 2646 1098; x_wconf 81' lang='grc' dir='ltr'>πέρα</span> <span class='ocrx_word' id='word_1_148' title='bbox 2673 1025 2768 1080; x_wconf 81' lang='grc' dir='ltr'>τοῦ</span> <span class='ocrx_word' id='word_1_149' title='bbox 2799 1026 3000 1098; x_wconf 81' lang='grc' dir='ltr'>μέτρου</span> <span class='ocrx_word' id='word_1_150' title='bbox 3026 1026 3280 1096; x_wconf 78' lang='grc' dir='ltr'><strong>ἐπίχαρις</strong></span> <span class='ocrx_word' id='word_1_151' title='bbox 3305 1025 3417 1088; x_wconf 78' lang='grc' dir='ltr'>ἔσο,</span> <span class='ocrx_word' id='word_1_152' title='bbox 3453 1026 3596 1093; x_wconf 83' lang='grc' dir='ltr'>μήτε</span> <span class='ocrx_word' id='word_1_153' title='bbox 3619 1021 3688 1076; x_wconf 79' lang='grc' dir='ltr'>αὖ</span> 
     </span>
    </p>
   </div>
   <div class='ocr_carea' id='block_1_25' title="bbox 2110 1111 3690 1189">
    <p class='ocr_par' dir='ltr' id='par_1_25' title="bbox 2110 1111 3690 1189">
     <span class='ocr_line' id='line_1_25' title="bbox 2110 1111 3690 1189; baseline -0.002 -19"><span class='ocrx_word' id='word_1_154' title='bbox 2110 1115 2385 1187; x_wconf 78' lang='grc' dir='ltr'>αὐστηρός</span> <span class='ocrx_word' id='word_1_155' title='bbox 2414 1132 2429 1148; x_wconf 78' lang='grc'><strong>⁸</strong></span> <span class='ocrx_word' id='word_1_156' title='bbox 2454 1117 2642 1187; x_wconf 80' lang='grc' dir='ltr'>ὥσπερ</span> <span class='ocrx_word' id='word_1_157' title='bbox 2671 1117 2731 1172; x_wconf 81' lang='grc' dir='ltr'>τὸ</span> <span class='ocrx_word' id='word_1_158' title='bbox 2768 1117 2983 1189; x_wconf 85' lang='grc' dir='ltr'>βρῶμα,</span> <span class='ocrx_word' id='word_1_159' title='bbox 3004 1119 3099 1171; x_wconf 79' lang='grc' dir='ltr'><strong>ἐάν</strong></span> <span class='ocrx_word' id='word_1_160' title='bbox 3131 1134 3190 1170; x_wconf 82' lang='grc' dir='ltr'><strong>τε</strong></span> <span class='ocrx_word' id='word_1_161' title='bbox 3210 1116 3403 1172; x_wconf 78' lang='grc' dir='ltr'>ἄναλον</span> <span class='ocrx_word' id='word_1_162' title='bbox 3435 1111 3494 1189; x_wconf 83' lang='grc' dir='ltr'>ᾖ,</span> <span class='ocrx_word' id='word_1_163' title='bbox 3525 1115 3690 1185; x_wconf 83' lang='grc' dir='ltr'>ἀηδές</span> 
     </span>
    </p>
   </div>
   <div class='ocr_carea' id='block_1_26' title="bbox 2103 1206 3687 1281">
    <p class='ocr_par' dir='ltr' id='par_1_26' title="bbox 2103 1206 3687 1281">
     <span class='ocr_line' id='line_1_26' title="bbox 2103 1206 3687 1281; baseline -0.002 -21"><span class='ocrx_word' id='word_1_164' title='bbox 2103 1208 2250 1261; x_wconf 70' lang='grc' dir='ltr'>ἐστιν</span> <span class='ocrx_word' id='word_1_165' title='bbox 2277 1223 2292 1239; x_wconf 81' lang='grc'><strong><em>⁸</em></strong></span> <span class='ocrx_word' id='word_1_166' title='bbox 2324 1209 2422 1264; x_wconf 79' lang='grc' dir='ltr'><strong>ἐάν</strong></span> <span class='ocrx_word' id='word_1_167' title='bbox 2449 1227 2509 1263; x_wconf 85' lang='grc' dir='ltr'><strong>τε</strong></span> <span class='ocrx_word' id='word_1_168' title='bbox 2537 1210 3155 1281; x_wconf 82' lang='grc' dir='ltr'>ἀλυκὸν,ἀπαράδεκτον</span> <span class='ocrx_word' id='word_1_169' title='bbox 3186 1210 3322 1272; x_wconf 70' lang='grc' dir='ltr'>ὅλως</span> <span class='ocrx_word' id='word_1_170' title='bbox 3359 1211 3424 1279; x_wconf 77' lang='grc' dir='ltr'>τῇ</span> <span class='ocrx_word' id='word_1_171' title='bbox 3458 1206 3651 1275; x_wconf 79' lang='grc' dir='ltr'><strong>γεύσει</strong></span> <span class='ocrx_word' id='word_1_172' title='bbox 3670 1222 3687 1237; x_wconf 79' lang='grc' dir='ltr'><strong><em>ο</em></strong></span> 
     </span>
    </p>
   </div>
   <div class='ocr_carea' id='block_1_27' title="bbox 2104 1298 3690 1373">
    <p class='ocr_par' dir='ltr' id='par_1_27' title="bbox 2104 1298 3690 1373">
     <span class='ocr_line' id='line_1_27' title="bbox 2104 1298 3690 1373; baseline -0.001 -21"><span class='ocrx_word' id='word_1_173' title='bbox 2104 1300 2435 1369; x_wconf 82' lang='grc' dir='ltr'><strong>ἀμφοτέρως</strong></span> <span class='ocrx_word' id='word_1_174' title='bbox 2464 1301 2521 1355; x_wconf 80' lang='grc' dir='ltr'><strong>δὲ</strong></span> <span class='ocrx_word' id='word_1_175' title='bbox 2556 1301 2828 1372; x_wconf 77' lang='grc' dir='ltr'>ἄϐρωτον.</span> <span class='ocrx_word' id='word_1_176' title='bbox 2862 1304 2974 1372; x_wconf 83' lang='grc' dir='ltr'><strong>Οὐχ</strong></span> <span class='ocrx_word' id='word_1_177' title='bbox 3020 1303 3154 1373; x_wconf 75' lang='grc' dir='ltr'>ὁρᾷς</span> <span class='ocrx_word' id='word_1_178' title='bbox 3181 1301 3270 1354; x_wconf 70' lang='grc' dir='ltr'>τὸν</span> <span class='ocrx_word' id='word_1_179' title='bbox 3309 1299 3512 1370; x_wconf 81' lang='grc' dir='ltr'>Δανιὴλ</span> <span class='ocrx_word' id='word_1_180' title='bbox 3570 1298 3690 1360; x_wconf 76' lang='grc' dir='ltr'><strong>πῶς</strong></span> 
     </span>
    </p>
   </div>
   <div class='ocr_carea' id='block_1_28' title="bbox 2103 1391 3691 1464">
    <p class='ocr_par' dir='ltr' id='par_1_28' title="bbox 2103 1391 3691 1464">
     <span class='ocr_line' id='line_1_28' title="bbox 2103 1391 3691 1464; baseline 0.005 -20"><span class='ocrx_word' id='word_1_181' title='bbox 2103 1391 2391 1461; x_wconf 75' lang='grc' dir='ltr'>ἄνθρωπον</span> <span class='ocrx_word' id='word_1_182' title='bbox 2441 1392 2612 1462; x_wconf 84' lang='grc' dir='ltr'>ἀσεϐῆ</span> <span class='ocrx_word' id='word_1_183' title='bbox 2655 1393 2986 1464; x_wconf 82' lang='grc' dir='ltr'>Θεραπεύει;</span> <span class='ocrx_word' id='word_1_184' title='bbox 3042 1394 3140 1462; x_wconf 78' lang='grc' dir='ltr'>οὐχ</span> <span class='ocrx_word' id='word_1_185' title='bbox 3161 1391 3293 1463; x_wconf 76' lang='grc' dir='ltr'>ὁρᾷς</span> <span class='ocrx_word' id='word_1_186' title='bbox 3348 1391 3481 1453; x_wconf 77' lang='grc' dir='ltr'>τοὺς</span> <span class='ocrx_word' id='word_1_187' title='bbox 3539 1392 3691 1458; x_wconf 79' lang='grc' dir='ltr'>τρεῖς</span> 
     </span>
    </p>
   </div>
   <div class='ocr_carea' id='block_1_29' title="bbox 2105 1485 3690 1559">
    <p class='ocr_par' dir='ltr' id='par_1_29' title="bbox 2105 1485 3690 1559">
     <span class='ocr_line' id='line_1_29' title="bbox 2105 1485 3690 1559; baseline 0 -22"><span class='ocrx_word' id='word_1_188' title='bbox 2105 1485 2326 1549; x_wconf 79' lang='grc' dir='ltr'>παῖδας,</span> <span class='ocrx_word' id='word_1_189' title='bbox 2359 1487 2435 1551; x_wconf 83' lang='grc' dir='ltr'><strong>ὡς</strong></span> <span class='ocrx_word' id='word_1_190' title='bbox 2468 1487 2620 1542; x_wconf 74' lang='grc' dir='ltr'>οὐδὲν</span> <span class='ocrx_word' id='word_1_191' title='bbox 2660 1489 2836 1559; x_wconf 78' lang='grc' dir='ltr'>θρασὺ</span> <span class='ocrx_word' id='word_1_192' title='bbox 2876 1489 2974 1543; x_wconf 78' lang='grc' dir='ltr'><strong>καὶ</strong></span> <span class='ocrx_word' id='word_1_193' title='bbox 3013 1488 3273 1559; x_wconf 76' lang='grc' dir='ltr'>ἐπαχθὲς,</span> <span class='ocrx_word' id='word_1_194' title='bbox 3307 1485 3422 1540; x_wconf 84' lang='grc' dir='ltr'>ἀλλ’</span> <span class='ocrx_word' id='word_1_195' title='bbox 3466 1485 3690 1554; x_wconf 78' lang='grc' dir='ltr'>ἀνδρίαν</span> 
     </span>
    </p>
   </div>
   <div class='ocr_carea' id='block_1_30' title="bbox 2105 1574 3691 1648">
    <p class='ocr_par' dir='ltr' id='par_1_30' title="bbox 2105 1574 3691 1648">
     <span class='ocr_line' id='line_1_30' title="bbox 2105 1574 3691 1648; baseline 0 -22"><span class='ocrx_word' id='word_1_196' title='bbox 2105 1575 2202 1627; x_wconf 80' lang='grc' dir='ltr'><strong>καὶ</strong></span> <span class='ocrx_word' id='word_1_197' title='bbox 2235 1577 2549 1648; x_wconf 73' lang='grc' dir='ltr'>παρρησίαν</span> <span class='ocrx_word' id='word_1_198' title='bbox 2573 1578 2988 1645; x_wconf 76' lang='grc' dir='ltr'>ἑπεδείκνυντος</span> <span class='ocrx_word' id='word_1_199' title='bbox 3045 1577 3118 1631; x_wconf 83' lang='grc' dir='ltr'>Τὸ</span> <span class='ocrx_word' id='word_1_200' title='bbox 3172 1576 3282 1648; x_wconf 80' lang='grc' dir='ltr'><strong>γὰρ</strong></span> <span class='ocrx_word' id='word_1_201' title='bbox 3323 1574 3691 1647; x_wconf 82' lang='grc' dir='ltr'>θρασύνεσθαι</span> 
     </span>
    </p>
   </div>
   <div class='ocr_carea' id='block_1_31' title="bbox 2103 1663 3255 1739">
    <p class='ocr_par' dir='ltr' id='par_1_31' title="bbox 2103 1663 3255 1739">
     <span class='ocr_line' id='line_1_31' title="bbox 2103 1663 3255 1739; baseline 0.008 -25"><span class='ocrx_word' id='word_1_202' title='bbox 2103 1663 2202 1716; x_wconf 73' lang='grc' dir='ltr'><strong>οὐκ</strong></span> <span class='ocrx_word' id='word_1_203' title='bbox 2241 1663 2357 1719; x_wconf 78' lang='grc' dir='ltr'>ἔστι</span> <span class='ocrx_word' id='word_1_204' title='bbox 2391 1668 2725 1739; x_wconf 73' lang='grc' dir='ltr'>παρρησίας,</span> <span class='ocrx_word' id='word_1_205' title='bbox 2759 1669 2896 1723; x_wconf 82' lang='grc' dir='ltr'><strong>ἀλλά</strong></span> <span class='ocrx_word' id='word_1_206' title='bbox 2926 1668 3255 1734; x_wconf 77' lang='grc' dir='ltr'><strong>κενοδοξίας.</strong></span> 
     </span>
    </p>
   </div>
   <div class='ocr_carea' id='block_1_32' title="bbox 436 1753 3692 1827">
    <p class='ocr_par' dir='ltr' id='par_1_32' title="bbox 436 1753 3692 1827">
     <span class='ocr_line' id='line_1_32' title="bbox 436 1753 3692 1827; baseline 0.001 -19"><span class='ocrx_word' id='word_1_207' title='bbox 436 1768 558 1809; x_wconf 89' lang='lat' dir='ltr'><strong>nem</strong></span> <span class='ocrx_word' id='word_1_208' title='bbox 585 1764 642 1811; x_wconf 92' lang='lat' dir='ltr'><strong>et</strong></span> <span class='ocrx_word' id='word_1_209' title='bbox 699 1756 998 1814; x_wconf 87' lang='lat' dir='ltr'><strong>libertatem</strong></span> <span class='ocrx_word' id='word_1_210' title='bbox 1041 1757 1444 1815; x_wconf 88' lang='lat' dir='ltr'><strong>ostendebant?</strong></span> <span class='ocrx_word' id='word_1_211' title='bbox 1496 1755 1867 1813; x_wconf 84' lang='lat' dir='ltr'><strong>Temerarium</strong></span> <span class='ocrx_word' id='word_1_212' title='bbox 1915 1753 2058 1809; x_wconf 91' lang='lat' dir='ltr'><strong>enim</strong></span> <span class='ocrx_word' id='word_1_213' title='bbox 2115 1769 2236 1811; x_wconf 88' lang='lat' dir='ltr'><strong>esse</strong></span> <span class='ocrx_word' id='word_1_214' title='bbox 2291 1766 2347 1812; x_wconf 93' lang='lat' dir='ltr'><strong>et</strong></span> <span class='ocrx_word' id='word_1_215' title='bbox 2404 1758 2699 1827; x_wconf 88' lang='lat' dir='ltr'><strong>audacem,</strong></span> <span class='ocrx_word' id='word_1_216' title='bbox 2759 1774 2867 1816; x_wconf 90' lang='lat' dir='ltr'><strong>non</strong></span> <span class='ocrx_word' id='word_1_217' title='bbox 2925 1769 3010 1816; x_wconf 77' lang='lat' dir='ltr'><strong>est</strong></span> <span class='ocrx_word' id='word_1_218' title='bbox 3075 1759 3322 1826; x_wconf 70' lang='lat' dir='ltr'><strong>ﬁduciae,</strong></span> <span class='ocrx_word' id='word_1_219' title='bbox 3377 1759 3473 1813; x_wconf 87' lang='lat' dir='ltr'><strong>sed</strong></span> <span class='ocrx_word' id='word_1_220' title='bbox 3538 1771 3692 1812; x_wconf 75' lang='lat' dir='ltr'><strong>vana:</strong></span> 
     </span>
    </p>
   </div>
   <div class='ocr_carea' id='block_1_33' title="bbox 436 1845 641 1916">
    <p class='ocr_par' dir='ltr' id='par_1_33' title="bbox 436 1845 641 1916">
     <span class='ocr_line' id='line_1_33' title="bbox 436 1845 641 1916; baseline 0.015 -17"><span class='ocrx_word' id='word_1_221' title='bbox 436 1845 641 1916; x_wconf 66' lang='lat' dir='ltr'><strong>gloriae.</strong></span> 
     </span>
    </p>
   </div>
   <div class='ocr_carea' id='block_1_34' title="bbox 509 1938 2012 2014">
    <p class='ocr_par' dir='ltr' id='par_1_34' title="bbox 509 1939 2010 2014">
     <span class='ocr_line' id='line_1_34' title="bbox 509 1939 2010 2014; baseline -0.001 -19"><span class='ocrx_word' id='word_1_222' title='bbox 509 1939 580 1995; x_wconf 83' lang='lat' dir='ltr'><strong>Ut</strong></span> <span class='ocrx_word' id='word_1_223' title='bbox 603 1942 781 1997; x_wconf 75' lang='lat' dir='ltr'><strong>sciatis</strong></span> <span class='ocrx_word' id='word_1_224' title='bbox 803 1943 1060 2013; x_wconf 81' lang='lat' dir='ltr'><strong>quomodo</strong></span> <span class='ocrx_word' id='word_1_225' title='bbox 1094 1952 1330 2012; x_wconf 76' lang='lat' dir='ltr'><strong>oporteat</strong></span> <span class='ocrx_word' id='word_1_226' title='bbox 1365 1959 1456 1998; x_wconf 74' lang='lat' dir='ltr'><strong>vos</strong></span> <span class='ocrx_word' id='word_1_227' title='bbox 1490 1943 1770 2014; x_wconf 75' lang='lat' dir='ltr'><strong>unicuique</strong></span> <span class='ocrx_word' id='word_1_228' title='bbox 1799 1958 2010 2010; x_wconf 84' lang='lat' dir='ltr'><strong>respon-</strong></span> 
     </span>
    </p>
   </div>
   <div class='ocr_carea' id='block_1_35' title="bbox 2119 1938 3686 2014">
    <p class='ocr_par' dir='ltr' id='par_1_35' title="bbox 2178 1938 3686 2010">
     <span class='ocr_line' id='line_1_35' title="bbox 2178 1938 3686 2010; baseline 0.003 -18"><span class='ocrx_word' id='word_1_229' title='bbox 2178 1939 2414 1994; x_wconf 78' lang='grc' dir='ltr'><strong>Είόἐναι</strong></span> <span class='ocrx_word' id='word_1_230' title='bbox 2435 1939 2561 2007; x_wconf 82' lang='grc' dir='ltr'><strong>πῶς</strong></span> <span class='ocrx_word' id='word_1_231' title='bbox 2583 1938 2673 1994; x_wconf 80' lang='grc' dir='ltr'><strong>δεῖ</strong></span> <span class='ocrx_word' id='word_1_232' title='bbox 2695 1940 2849 2010; x_wconf 81' lang='grc' dir='ltr'>ὑμᾶς</span> <span class='ocrx_word' id='word_1_233' title='bbox 2874 1941 2965 1996; x_wconf 72' lang='grc' dir='ltr'><strong>ἐνὶ</strong></span> <span class='ocrx_word' id='word_1_234' title='bbox 2978 1939 3214 2008; x_wconf 79' lang='grc' dir='ltr'><strong>ἑκάστῳ</strong></span> <span class='ocrx_word' id='word_1_235' title='bbox 3232 1942 3686 2010; x_wconf 77' lang='grc' dir='ltr'>ἀποκρίνεσθαι·</span> 
     </span>
    </p>
   </div>
   <div class='ocr_carea' id='block_1_36' title="bbox 435 2033 2010 2106">
    <p class='ocr_par' dir='ltr' id='par_1_36' title="bbox 435 2033 2010 2106">
     <span class='ocr_line' id='line_1_36' title="bbox 435 2033 2010 2106; baseline -0.002 -18"><span class='ocrx_word' id='word_1_236' title='bbox 435 2037 574 2088; x_wconf 79' lang='lat' dir='ltr'><strong>clere.</strong></span> <span class='ocrx_word' id='word_1_237' title='bbox 611 2034 782 2088; x_wconf 80' lang='lat' dir='ltr'><strong>Aliter</strong></span> <span class='ocrx_word' id='word_1_238' title='bbox 817 2035 992 2100; x_wconf 81' lang='lat' dir='ltr'><strong>diviti,</strong></span> <span class='ocrx_word' id='word_1_239' title='bbox 1023 2044 1076 2089; x_wconf 78' lang='lat' dir='ltr'><strong>et</strong></span> <span class='ocrx_word' id='word_1_240' title='bbox 1097 2035 1256 2090; x_wconf 86' lang='lat' dir='ltr'><strong>aliter</strong></span> <span class='ocrx_word' id='word_1_241' title='bbox 1279 2035 1524 2106; x_wconf 86' lang='lat' dir='ltr'><strong>pauperi.</strong></span> <span class='ocrx_word' id='word_1_242' title='bbox 1553 2036 1698 2089; x_wconf 84' lang='lat' dir='ltr'><strong>illius</strong></span> <span class='ocrx_word' id='word_1_243' title='bbox 1721 2034 1863 2088; x_wconf 88' lang='lat' dir='ltr'><strong>enim</strong></span> <span class='ocrx_word' id='word_1_244' title='bbox 1895 2033 2010 2087; x_wconf 87' lang='lat' dir='ltr'><strong>ani-</strong></span> 
     </span>
    </p>
   </div>
   <div class='ocr_carea' id='block_1_37' title="bbox 437 2125 2012 2197">
    <p class='ocr_par' dir='ltr' id='par_1_37' title="bbox 437 2125 2012 2197">
     <span class='ocr_line' id='line_1_37' title="bbox 437 2125 2012 2197; baseline 0 -18"><span class='ocrx_word' id='word_1_245' title='bbox 437 2142 574 2191; x_wconf 90' lang='lat' dir='ltr'><strong>mus,</strong></span> <span class='ocrx_word' id='word_1_246' title='bbox 623 2127 820 2197; x_wconf 82' lang='lat' dir='ltr'><strong>quippe</strong></span> <span class='ocrx_word' id='word_1_247' title='bbox 855 2126 1125 2196; x_wconf 72' lang='lat' dir='ltr'><strong>infirmus,</strong></span> <span class='ocrx_word' id='word_1_248' title='bbox 1173 2128 1338 2182; x_wconf 88' lang='lat' dir='ltr'><strong>multa</strong></span> <span class='ocrx_word' id='word_1_249' title='bbox 1382 2127 1843 2183; x_wconf 82' lang='lat' dir='ltr'><strong>condescensione</strong></span> <span class='ocrx_word' id='word_1_250' title='bbox 1872 2125 2012 2180; x_wconf 85' lang='lat' dir='ltr'><strong>iudi-</strong></span> 
     </span>
    </p>
   </div>
   <div class='ocr_carea' id='block_1_38' title="bbox 436 2219 2012 2289">
    <p class='ocr_par' dir='ltr' id='par_1_38' title="bbox 436 2219 2012 2289">
     <span class='ocr_line' id='line_1_38' title="bbox 436 2219 2012 2289; baseline 0.001 -16"><span class='ocrx_word' id='word_1_251' title='bbox 436 2229 562 2289; x_wconf 66' lang='grc' dir='ltr'>μοις</span> <span class='ocrx_word' id='word_1_252' title='bbox 623 2219 876 2288; x_wconf 79' lang='lat' dir='ltr'><strong>pauperis</strong></span> <span class='ocrx_word' id='word_1_253' title='bbox 931 2230 1113 2276; x_wconf 89' lang='lat' dir='ltr'><strong>autem</strong></span> <span class='ocrx_word' id='word_1_254' title='bbox 1172 2220 1394 2275; x_wconf 86' lang='lat' dir='ltr'><strong>solidior</strong></span> <span class='ocrx_word' id='word_1_255' title='bbox 1451 2229 1577 2276; x_wconf 87' lang='lat' dir='ltr'><strong>est:</strong></span> <span class='ocrx_word' id='word_1_256' title='bbox 1631 2233 1796 2287; x_wconf 88' lang='lat' dir='ltr'><strong>quare</strong></span> <span class='ocrx_word' id='word_1_257' title='bbox 1832 2226 2012 2289; x_wconf 79' lang='lat' dir='ltr'><strong>potest</strong></span> 
     </span>
    </p>
   </div>
   <div class='ocr_carea' id='block_1_39' title="bbox 438 2307 2007 2380">
    <p class='ocr_par' dir='ltr' id='par_1_39' title="bbox 438 2307 2007 2380">
     <span class='ocr_line' id='line_1_39' title="bbox 438 2307 2007 2380; baseline -0.001 -18"><span class='ocrx_word' id='word_1_258' title='bbox 438 2309 600 2362; x_wconf 82' lang='lat' dir='ltr'><strong>etiam</strong></span> <span class='ocrx_word' id='word_1_259' title='bbox 639 2307 805 2376; x_wconf 78' lang='lat' dir='ltr'><strong>ferre,</strong></span> <span class='ocrx_word' id='word_1_260' title='bbox 847 2309 890 2364; x_wconf 88' lang='lat' dir='ltr'><strong>si</strong></span> <span class='ocrx_word' id='word_1_261' title='bbox 925 2309 1145 2380; x_wconf 72' lang='lat' dir='ltr'><strong>gravius</strong></span> <span class='ocrx_word' id='word_1_262' title='bbox 1179 2308 1557 2379; x_wconf 79' lang='lat' dir='ltr'><strong>quadantenus</strong></span> <span class='ocrx_word' id='word_1_263' title='bbox 1595 2323 1718 2362; x_wconf 89' lang='lat' dir='ltr'><strong>cum</strong></span> <span class='ocrx_word' id='word_1_264' title='bbox 1757 2322 1821 2362; x_wconf 90' lang='lat' dir='ltr'><strong>eo</strong></span> <span class='ocrx_word' id='word_1_265' title='bbox 1861 2319 2007 2376; x_wconf 72' lang='lat' dir='ltr'><strong>agas.</strong></span> 
     </span>
    </p>
   </div>
   <div class='ocr_carea' id='block_1_40' title="bbox 441 2396 2008 2468">
    <p class='ocr_par' dir='ltr' id='par_1_40' title="bbox 441 2396 2008 2468">
     <span class='ocr_line' id='line_1_40' title="bbox 441 2396 2008 2468; baseline -0.002 -14"><span class='ocrx_word' id='word_1_266' title='bbox 441 2401 499 2454; x_wconf 79' lang='lat' dir='ltr'><strong>Si</strong></span> <span class='ocrx_word' id='word_1_267' title='bbox 555 2399 695 2454; x_wconf 85' lang='lat' dir='ltr'><strong>nulla</strong></span> <span class='ocrx_word' id='word_1_268' title='bbox 736 2402 1031 2456; x_wconf 85' lang='lat' dir='ltr'><strong>necessitas</strong></span> <span class='ocrx_word' id='word_1_269' title='bbox 1067 2411 1280 2468; x_wconf 64' lang='lat' dir='ltr'><strong>urgeat,</strong></span> <span class='ocrx_word' id='word_1_270' title='bbox 1322 2417 1388 2455; x_wconf 89' lang='lat' dir='ltr'><strong>ne</strong></span> <span class='ocrx_word' id='word_1_271' title='bbox 1418 2415 1574 2455; x_wconf 86' lang='lat' dir='ltr'><strong>voces</strong></span> <span class='ocrx_word' id='word_1_272' title='bbox 1608 2399 1855 2454; x_wconf 79' lang='lat' dir='ltr'><strong>Graecum</strong></span> <span class='ocrx_word' id='word_1_273' title='bbox 1889 2396 2008 2468; x_wconf 87' lang='lat' dir='ltr'><strong>pol-</strong></span> 
     </span>
    </p>
   </div>
   <div class='ocr_carea' id='block_1_41' title="bbox 435 2487 2008 2561">
    <p class='ocr_par' dir='ltr' id='par_1_41' title="bbox 435 2487 2008 2561">
     <span class='ocr_line' id='line_1_41' title="bbox 435 2487 2008 2561; baseline -0.002 -16"><span class='ocrx_word' id='word_1_274' title='bbox 435 2489 629 2558; x_wconf 88' lang='lat' dir='ltr'><strong>lutum,</strong></span> <span class='ocrx_word' id='word_1_275' title='bbox 659 2505 833 2561; x_wconf 74' lang='lat' dir='ltr'><strong>neque</strong></span> <span class='ocrx_word' id='word_1_276' title='bbox 866 2489 1252 2545; x_wconf 82' lang='lat' dir='ltr'><strong>contumeliose</strong></span> <span class='ocrx_word' id='word_1_277' title='bbox 1268 2505 1389 2544; x_wconf 89' lang='lat' dir='ltr'><strong>eum</strong></span> <span class='ocrx_word' id='word_1_278' title='bbox 1428 2489 1688 2544; x_wconf 85' lang='lat' dir='ltr'><strong>incessas.</strong></span> <span class='ocrx_word' id='word_1_279' title='bbox 1719 2487 2008 2553; x_wconf 68' lang='lat' dir='ltr'><strong>Praeterea,</strong></span> 
     </span>
    </p>
   </div>
   <div class='ocr_carea' id='block_1_42' title="bbox 437 2579 2010 2652">
    <p class='ocr_par' dir='ltr' id='par_1_42' title="bbox 437 2579 2010 2652">
     <span class='ocr_line' id='line_1_42' title="bbox 437 2579 2010 2652; baseline -0.003 -15"><span class='ocrx_word' id='word_1_280' title='bbox 437 2583 481 2637; x_wconf 85' lang='lat' dir='ltr'><strong>si</strong></span> <span class='ocrx_word' id='word_1_281' title='bbox 517 2582 584 2638; x_wconf 85' lang='lat' dir='ltr'><strong>ad</strong></span> <span class='ocrx_word' id='word_1_282' title='bbox 619 2581 915 2652; x_wconf 85' lang='lat' dir='ltr'><strong>principem</strong></span> <span class='ocrx_word' id='word_1_283' title='bbox 964 2581 1273 2647; x_wconf 86' lang='lat' dir='ltr'><strong>adducaris,</strong></span> <span class='ocrx_word' id='word_1_284' title='bbox 1323 2581 1602 2636; x_wconf 88' lang='lat' dir='ltr'><strong>decentem</strong></span> <span class='ocrx_word' id='word_1_285' title='bbox 1653 2581 1701 2635; x_wconf 90' lang='lat' dir='ltr'><strong>ei</strong></span> <span class='ocrx_word' id='word_1_286' title='bbox 1750 2579 2010 2635; x_wconf 84' lang='lat' dir='ltr'><strong>honorem</strong></span> 
     </span>
    </p>
   </div>
   <div class='ocr_carea' id='block_1_43' title="bbox 437 2674 2013 2747">
    <p class='ocr_par' dir='ltr' id='par_1_43' title="bbox 437 2674 2013 2747">
     <span class='ocr_line' id='line_1_43' title="bbox 437 2674 2013 2747; baseline -0.001 -17"><span class='ocrx_word' id='word_1_287' title='bbox 437 2678 617 2732; x_wconf 88' lang='lat' dir='ltr'><strong>tribue</strong></span> <span class='ocrx_word' id='word_1_288' title='bbox 651 2693 666 2731; x_wconf 89' lang='lat'><strong>:</strong></span> <span class='ocrx_word' id='word_1_289' title='bbox 715 2676 801 2731; x_wconf 89' lang='lat' dir='ltr'><strong>sin</strong></span> <span class='ocrx_word' id='word_1_290' title='bbox 851 2678 916 2732; x_wconf 86' lang='lat' dir='ltr'><strong>de</strong></span> <span class='ocrx_word' id='word_1_291' title='bbox 947 2677 1196 2747; x_wconf 81' lang='lat' dir='ltr'><strong>dogmate</strong></span> <span class='ocrx_word' id='word_1_292' title='bbox 1233 2676 1470 2747; x_wconf 85' lang='lat' dir='ltr'><strong>ipsorum</strong></span> <span class='ocrx_word' id='word_1_293' title='bbox 1514 2674 1889 2742; x_wconf 76' lang='lat' dir='ltr'><strong>interrogeris,</strong></span> <span class='ocrx_word' id='word_1_294' title='bbox 1925 2675 2013 2729; x_wconf 91' lang='lat' dir='ltr'><strong>dic</strong></span> 
     </span>
    </p>
   </div>
   <div class='ocr_carea' id='block_1_44' title="bbox 438 2766 2010 2838">
    <p class='ocr_par' dir='ltr' id='par_1_44' title="bbox 438 2766 2010 2838">
     <span class='ocr_line' id='line_1_44' title="bbox 438 2766 2010 2838; baseline -0.001 -18"><span class='ocrx_word' id='word_1_295' title='bbox 438 2767 566 2820; x_wconf 89' lang='lat' dir='ltr'><strong>illud</strong></span> <span class='ocrx_word' id='word_1_296' title='bbox 615 2783 738 2823; x_wconf 86' lang='lat' dir='ltr'><strong>esse</strong></span> <span class='ocrx_word' id='word_1_297' title='bbox 773 2769 1060 2838; x_wconf 72' lang='lat' dir='ltr'><strong>profanum</strong></span> <span class='ocrx_word' id='word_1_298' title='bbox 1102 2777 1156 2823; x_wconf 90' lang='lat' dir='ltr'><strong>et</strong></span> <span class='ocrx_word' id='word_1_299' title='bbox 1191 2767 1434 2837; x_wconf 91' lang='lat' dir='ltr'><strong>impium.</strong></span> <span class='ocrx_word' id='word_1_300' title='bbox 1467 2766 1668 2822; x_wconf 84' lang='lat' dir='ltr'><strong>Paulus</strong></span> <span class='ocrx_word' id='word_1_301' title='bbox 1703 2780 1834 2822; x_wconf 84' lang='lat' dir='ltr'><strong>sane</strong></span> <span class='ocrx_word' id='word_1_302' title='bbox 1869 2766 2010 2835; x_wconf 89' lang='lat' dir='ltr'><strong>apud</strong></span> 
     </span>
    </p>
   </div>
   <div class='ocr_carea' id='block_1_45' title="bbox 438 2857 2013 2929">
    <p class='ocr_par' dir='ltr' id='par_1_45' title="bbox 438 2857 2013 2929">
     <span class='ocr_line' id='line_1_45' title="bbox 438 2857 2013 2929; baseline 0.002 -17"><span class='ocrx_word' id='word_1_303' title='bbox 438 2859 802 2915; x_wconf 79' lang='lat' dir='ltr'><strong>Athenienses</strong></span> <span class='ocrx_word' id='word_1_304' title='bbox 833 2875 954 2912; x_wconf 91' lang='lat' dir='ltr'><strong>cum</strong></span> <span class='ocrx_word' id='word_1_305' title='bbox 987 2873 1174 2914; x_wconf 81' lang='lat' dir='ltr'><strong>eorum</strong></span> <span class='ocrx_word' id='word_1_306' title='bbox 1233 2858 1396 2914; x_wconf 83' lang='lat' dir='ltr'><strong>laude</strong></span> <span class='ocrx_word' id='word_1_307' title='bbox 1427 2857 1667 2926; x_wconf 88' lang='lat' dir='ltr'><strong>loquitur</strong></span> <span class='ocrx_word' id='word_1_308' title='bbox 1696 2868 1735 2896; x_wconf 77' lang='grc' dir='ltr'>ω</span> <span class='ocrx_word' id='word_1_309' title='bbox 1768 2877 1780 2913; x_wconf 94' lang='lat'>:</span> <span class='ocrx_word' id='word_1_310' title='bbox 1812 2857 2013 2929; x_wconf 67' lang='lat' dir='ltr'><strong>Elyma‘.</strong></span> 
     </span>
    </p>
   </div>
   <div class='ocr_carea' id='block_1_46' title="bbox 439 2949 1555 3021">
    <p class='ocr_par' dir='ltr' id='par_1_46' title="bbox 439 2949 1555 3021">
     <span class='ocr_line' id='line_1_46' title="bbox 439 2949 1555 3021; baseline -0.002 -17"><span class='ocrx_word' id='word_1_311' title='bbox 439 2961 619 3004; x_wconf 85' lang='lat' dir='ltr'><strong>autem</strong></span> <span class='ocrx_word' id='word_1_312' title='bbox 653 2949 947 3010; x_wconf 86' lang='lat' dir='ltr'><strong>maledicit.</strong></span> <span class='ocrx_word' id='word_1_313' title='bbox 983 2950 1108 3020; x_wconf 88' lang='lat' dir='ltr'><strong>quia</strong></span> <span class='ocrx_word' id='word_1_314' title='bbox 1137 2949 1332 3021; x_wconf 78' lang='lat' dir='ltr'><strong>dignus</strong></span> <span class='ocrx_word' id='word_1_315' title='bbox 1355 2959 1474 3003; x_wconf 88' lang='lat' dir='ltr'><strong>erat</strong></span> <span class='ocrx_word' id='word_1_316' title='bbox 1505 2959 1555 3003; x_wconf 75' lang='grc' dir='ltr'>ιι.</span> 
     </span>
    </p>
   </div>
   <div class='ocr_carea' id='block_1_47' title="bbox 510 3040 2013 3112">
    <p class='ocr_par' dir='ltr' id='par_1_47' title="bbox 510 3040 2013 3112">
     <span class='ocr_line' id='line_1_47' title="bbox 510 3040 2013 3112; baseline 0.001 -17"><span class='ocrx_word' id='word_1_317' title='bbox 510 3040 675 3096; x_wconf 77' lang='lat' dir='ltr'><strong>Vsus.</strong></span> <span class='ocrx_word' id='word_1_318' title='bbox 700 3042 730 3094; x_wconf 86' lang='lat'><strong>7</strong></span> <span class='ocrx_word' id='word_1_319' title='bbox 762 3040 892 3106; x_wconf 77' lang='lat' dir='ltr'><strong>Qua:</strong></span> <span class='ocrx_word' id='word_1_320' title='bbox 922 3040 1061 3095; x_wconf 85' lang='lat' dir='ltr'><strong>circa</strong></span> <span class='ocrx_word' id='word_1_321' title='bbox 1105 3058 1186 3096; x_wconf 88' lang='lat' dir='ltr'><strong>me</strong></span> <span class='ocrx_word' id='word_1_322' title='bbox 1215 3050 1334 3096; x_wconf 81' lang='lat' dir='ltr'><strong>sunt</strong></span> <span class='ocrx_word' id='word_1_323' title='bbox 1368 3041 1543 3096; x_wconf 83' lang='lat' dir='ltr'><strong>omnia</strong></span> <span class='ocrx_word' id='word_1_324' title='bbox 1588 3043 1727 3096; x_wconf 80' lang='lat' dir='ltr'><strong>vobis</strong></span> <span class='ocrx_word' id='word_1_325' title='bbox 1766 3051 1888 3096; x_wconf 83' lang='lat' dir='ltr'><strong>nota</strong></span> <span class='ocrx_word' id='word_1_326' title='bbox 1927 3042 2013 3112; x_wconf 82' lang='lat' dir='ltr'><strong>{a-</strong></span> 
     </span>
    </p>
   </div>
   <div class='ocr_carea' id='block_1_48' title="bbox 439 3131 2010 3203">
    <p class='ocr_par' dir='ltr' id='par_1_48' title="bbox 439 3131 2010 3203">
     <span class='ocr_line' id='line_1_48' title="bbox 439 3131 2010 3203; baseline -0.001 -13"><span class='ocrx_word' id='word_1_327' title='bbox 439 3135 535 3190; x_wconf 76' lang='lat' dir='ltr'><strong>ciei</strong></span> <span class='ocrx_word' id='word_1_328' title='bbox 566 3131 840 3203; x_wconf 77' lang='lat' dir='ltr'><strong>Tychicus.</strong></span> <span class='ocrx_word' id='word_1_329' title='bbox 877 3131 988 3187; x_wconf 92' lang='lat' dir='ltr'><strong>lloc</strong></span> <span class='ocrx_word' id='word_1_330' title='bbox 1025 3148 1243 3203; x_wconf 85' lang='lat' dir='ltr'><strong>quoque</strong></span> <span class='ocrx_word' id='word_1_331' title='bbox 1271 3135 1598 3202; x_wconf 85' lang='lat' dir='ltr'><strong>sapientiam</strong></span> <span class='ocrx_word' id='word_1_332' title='bbox 1643 3133 1867 3198; x_wconf 89' lang='lat' dir='ltr'><strong>indicat,</strong></span> <span class='ocrx_word' id='word_1_333' title='bbox 1905 3149 2010 3189; x_wconf 92' lang='lat' dir='ltr'><strong>non</strong></span> 
     </span>
    </p>
   </div>
   <div class='ocr_carea' id='block_1_49' title="bbox 441 3224 2010 3295">
    <p class='ocr_par' dir='ltr' id='par_1_49' title="bbox 441 3224 2010 3295">
     <span class='ocr_line' id='line_1_49' title="bbox 441 3224 2010 3295; baseline 0 -18"><span class='ocrx_word' id='word_1_334' title='bbox 441 3225 622 3279; x_wconf 85' lang='lat' dir='ltr'><strong>omnia</strong></span> <span class='ocrx_word' id='word_1_335' title='bbox 658 3224 915 3295; x_wconf 89' lang='lat' dir='ltr'><strong>Epistolis</strong></span> <span class='ocrx_word' id='word_1_336' title='bbox 974 3226 1248 3290; x_wconf 88' lang='lat' dir='ltr'><strong>inserere,</strong></span> <span class='ocrx_word' id='word_1_337' title='bbox 1301 3224 1394 3280; x_wconf 90' lang='lat' dir='ltr'><strong>sed</strong></span> <span class='ocrx_word' id='word_1_338' title='bbox 1445 3225 1753 3281; x_wconf 84' lang='lat' dir='ltr'><strong>necessaria</strong></span> <span class='ocrx_word' id='word_1_339' title='bbox 1805 3234 2010 3280; x_wconf 88' lang='lat' dir='ltr'><strong>tantum</strong></span> 
     </span>
    </p>
   </div>
   <div class='ocr_carea' id='block_1_50' title="bbox 2117 2032 3691 2106">
    <p class='ocr_par' dir='ltr' id='par_1_50' title="bbox 2117 2032 3691 2106">
     <span class='ocr_line' id='line_1_50' title="bbox 2117 2032 3691 2106; baseline 0.003 -22"><span class='ocrx_word' id='word_1_340' title='bbox 2117 2034 2325 2096; x_wconf 78' lang='grc' dir='ltr'>’Ἄλλως</span> <span class='ocrx_word' id='word_1_341' title='bbox 2355 2033 2430 2102; x_wconf 85' lang='grc' dir='ltr'>τῷ</span> <span class='ocrx_word' id='word_1_342' title='bbox 2464 2032 2726 2104; x_wconf 79' lang='grc' dir='ltr'><strong>πλουσίῳ,</strong></span> <span class='ocrx_word' id='word_1_343' title='bbox 2757 2035 2848 2088; x_wconf 71' lang='grc' dir='ltr'><strong>καὶ</strong></span> <span class='ocrx_word' id='word_1_344' title='bbox 2879 2035 3050 2098; x_wconf 76' lang='grc' dir='ltr'>ἄλλως</span> <span class='ocrx_word' id='word_1_345' title='bbox 3077 2035 3155 2105; x_wconf 75' lang='grc' dir='ltr'><strong>τῷ</strong></span> <span class='ocrx_word' id='word_1_346' title='bbox 3206 2036 3420 2106; x_wconf 83' lang='grc' dir='ltr'>πένητι.</span> <span class='ocrx_word' id='word_1_347' title='bbox 3449 2036 3560 2089; x_wconf 82' lang='grc' dir='ltr'><strong>Τοῦ</strong></span> <span class='ocrx_word' id='word_1_348' title='bbox 3594 2037 3691 2106; x_wconf 85' lang='grc' dir='ltr'>μὲν</span> 
     </span>
    </p>
   </div>
   <div class='ocr_carea' id='block_1_51' title="bbox 2113 2125 3693 2198">
    <p class='ocr_par' dir='ltr' id='par_1_51' title="bbox 2113 2125 3693 2198">
     <span class='ocr_line' id='line_1_51' title="bbox 2113 2125 3693 2198; baseline 0.001 -19"><span class='ocrx_word' id='word_1_349' title='bbox 2113 2125 2220 2197; x_wconf 81' lang='grc' dir='ltr'><strong>γὰρ</strong></span> <span class='ocrx_word' id='word_1_350' title='bbox 2268 2128 2302 2197; x_wconf 83' lang='grc' dir='ltr'><strong>ή</strong></span> <span class='ocrx_word' id='word_1_351' title='bbox 2355 2126 2523 2196; x_wconf 74' lang='grc' dir='ltr'>ψυχὴ,</span> <span class='ocrx_word' id='word_1_352' title='bbox 2581 2126 2658 2190; x_wconf 84' lang='grc' dir='ltr'>ὡς</span> <span class='ocrx_word' id='word_1_353' title='bbox 2702 2128 2968 2198; x_wconf 82' lang='grc' dir='ltr'>ἀσθενὴς,</span> <span class='ocrx_word' id='word_1_354' title='bbox 3005 2129 3177 2182; x_wconf 80' lang='grc' dir='ltr'>δεῖται</span> <span class='ocrx_word' id='word_1_355' title='bbox 3222 2129 3693 2196; x_wconf 76' lang='grc' dir='ltr'>συγκαταϐἀσεως</span> 
     </span>
    </p>
   </div>
   <div class='ocr_carea' id='block_1_52' title="bbox 2112 2217 3690 2291">
    <p class='ocr_par' dir='ltr' id='par_1_52' title="bbox 2112 2217 3690 2291">
     <span class='ocr_line' id='line_1_52' title="bbox 2112 2217 3690 2291; baseline 0.001 -19"><span class='ocrx_word' id='word_1_356' title='bbox 2112 2217 2313 2288; x_wconf 76' lang='grc' dir='ltr'>πολλῆς</span> <span class='ocrx_word' id='word_1_357' title='bbox 2337 2235 2351 2250; x_wconf 88' lang='grc'><strong>·</strong></span> <span class='ocrx_word' id='word_1_358' title='bbox 2385 2219 2480 2273; x_wconf 82' lang='grc' dir='ltr'>τοῦ</span> <span class='ocrx_word' id='word_1_359' title='bbox 2503 2219 2560 2272; x_wconf 81' lang='grc' dir='ltr'><strong>δὲ</strong></span> <span class='ocrx_word' id='word_1_360' title='bbox 2586 2220 2817 2290; x_wconf 82' lang='grc' dir='ltr'><strong>πένητος</strong></span> <span class='ocrx_word' id='word_1_361' title='bbox 2849 2221 3202 2291; x_wconf 68' lang='grc' dir='ltr'>στερροτέρα,</span> <span class='ocrx_word' id='word_1_362' title='bbox 3231 2219 3312 2275; x_wconf 68' lang='grc' dir='ltr'><strong>ξιὸ</strong></span> <span class='ocrx_word' id='word_1_363' title='bbox 3349 2221 3446 2274; x_wconf 82' lang='grc' dir='ltr'><strong>καὶ</strong></span> <span class='ocrx_word' id='word_1_364' title='bbox 3469 2220 3690 2274; x_wconf 82' lang='grc' dir='ltr'>δύναται</span> 
     </span>
    </p>
   </div>
   <div class='ocr_carea' id='block_1_53' title="bbox 2113 2312 3684 2385">
    <p class='ocr_par' dir='ltr' id='par_1_53' title="bbox 2113 2312 3684 2385">
     <span class='ocr_line' id='line_1_53' title="bbox 2113 2312 3684 2385; baseline -0.001 -19"><span class='ocrx_word' id='word_1_365' title='bbox 2113 2313 2450 2384; x_wconf 78' lang='grc' dir='ltr'><strong>βαστάζειν,</strong></span> <span class='ocrx_word' id='word_1_366' title='bbox 2511 2314 2613 2369; x_wconf 70' lang='grc' dir='ltr'>κᾶν</span> <span class='ocrx_word' id='word_1_367' title='bbox 2667 2313 3091 2385; x_wconf 66' lang='grc' dir='ltr'>ἐμϐριθέστερον</span> <span class='ocrx_word' id='word_1_368' title='bbox 3145 2312 3296 2384; x_wconf 76' lang='grc' dir='ltr'>αὐτῷ</span> <span class='ocrx_word' id='word_1_369' title='bbox 3345 2313 3684 2382; x_wconf 81' lang='grc' dir='ltr'>προσαχθῇς.</span> 
     </span>
    </p>
   </div>
   <div class='ocr_carea' id='block_1_54' title="bbox 2112 2403 3692 2477">
    <p class='ocr_par' dir='ltr' id='par_1_54' title="bbox 2112 2403 3692 2477">
     <span class='ocr_line' id='line_1_54' title="bbox 2112 2403 3692 2477; baseline -0.001 -19"><span class='ocrx_word' id='word_1_370' title='bbox 2112 2405 2400 2475; x_wconf 75' lang='grc' dir='ltr'>Μηδεμιᾶς</span> <span class='ocrx_word' id='word_1_371' title='bbox 2445 2403 2616 2477; x_wconf 71' lang='grc' dir='ltr'>οὔσης</span> <span class='ocrx_word' id='word_1_372' title='bbox 2663 2405 2931 2476; x_wconf 77' lang='grc' dir='ltr'>ἀνάγκης,</span> <span class='ocrx_word' id='word_1_373' title='bbox 2989 2405 3063 2475; x_wconf 84' lang='grc' dir='ltr'>μή</span> <span class='ocrx_word' id='word_1_374' title='bbox 3117 2405 3272 2459; x_wconf 80' lang='grc' dir='ltr'>κάλει</span> <span class='ocrx_word' id='word_1_375' title='bbox 3321 2406 3414 2459; x_wconf 84' lang='grc' dir='ltr'>τὸν</span> <span class='ocrx_word' id='word_1_376' title='bbox 3453 2405 3692 2474; x_wconf 77' lang='grc' dir='ltr'>Ἕλληνα</span> 
     </span>
    </p>
   </div>
   <div class='ocr_carea' id='block_1_55' title="bbox 2116 2496 3691 2569">
    <p class='ocr_par' dir='ltr' id='par_1_55' title="bbox 2116 2496 3691 2569">
     <span class='ocr_line' id='line_1_55' title="bbox 2116 2496 3691 2569; baseline 0 -19"><span class='ocrx_word' id='word_1_377' title='bbox 2116 2502 2333 2569; x_wconf 73' lang='grc' dir='ltr'>μιαρὸν,</span> <span class='ocrx_word' id='word_1_378' title='bbox 2365 2498 2500 2568; x_wconf 80' lang='grc' dir='ltr'>μηδὲ</span> <span class='ocrx_word' id='word_1_379' title='bbox 2534 2497 2624 2550; x_wconf 73' lang='grc' dir='ltr'>ἔσο</span> <span class='ocrx_word' id='word_1_380' title='bbox 2659 2498 2941 2568; x_wconf 83' lang='grc' dir='ltr'>ὑϐριστής.</span> <span class='ocrx_word' id='word_1_381' title='bbox 2987 2498 3145 2552; x_wconf 80' lang='grc' dir='ltr'>Ἀλλά</span> <span class='ocrx_word' id='word_1_382' title='bbox 3172 2499 3268 2552; x_wconf 73' lang='grc' dir='ltr'><strong>καὶ</strong></span> <span class='ocrx_word' id='word_1_383' title='bbox 3297 2498 3400 2551; x_wconf 73' lang='grc' dir='ltr'>κᾶν</span> <span class='ocrx_word' id='word_1_384' title='bbox 3431 2498 3573 2568; x_wconf 74' lang='grc' dir='ltr'>πρὺς</span> <span class='ocrx_word' id='word_1_385' title='bbox 3590 2496 3691 2567; x_wconf 82' lang='grc' dir='ltr'><strong>ἄρ-</strong></span> 
     </span>
    </p>
   </div>
   <div class='ocr_carea' id='block_1_56' title="bbox 2114 2587 3690 2659">
    <p class='ocr_par' dir='ltr' id='par_1_56' title="bbox 2114 2587 3690 2659">
     <span class='ocr_line' id='line_1_56' title="bbox 2114 2587 3690 2659; baseline -0.001 -18"><span class='ocrx_word' id='word_1_386' title='bbox 2114 2605 2276 2658; x_wconf 86' lang='grc' dir='ltr'>χοντα</span> <span class='ocrx_word' id='word_1_387' title='bbox 2309 2587 2600 2658; x_wconf 73' lang='grc' dir='ltr'>εἰσαχθῇς,</span> <span class='ocrx_word' id='word_1_388' title='bbox 2640 2587 2740 2650; x_wconf 73' lang='grc' dir='ltr'>τὰς</span> <span class='ocrx_word' id='word_1_389' title='bbox 2791 2588 3178 2659; x_wconf 78' lang='grc' dir='ltr'>προσηκούσας</span> <span class='ocrx_word' id='word_1_390' title='bbox 3207 2588 3374 2657; x_wconf 84' lang='grc' dir='ltr'>τιμὰς</span> <span class='ocrx_word' id='word_1_391' title='bbox 3404 2588 3648 2652; x_wconf 85' lang='grc' dir='ltr'>ἀπόνεμε</span> <span class='ocrx_word' id='word_1_392' title='bbox 3677 2605 3690 2616; x_wconf 84' lang='lat'><strong>&#39;</strong></span> 
     </span>
    </p>
   </div>
   <div class='ocr_carea' id='block_1_57' title="bbox 2113 2677 3690 2748">
    <p class='ocr_par' dir='ltr' id='par_1_57' title="bbox 2113 2677 3690 2748">
     <span class='ocr_line' id='line_1_57' title="bbox 2113 2677 3690 2748; baseline 0 -17"><span class='ocrx_word' id='word_1_393' title='bbox 2113 2677 2181 2731; x_wconf 84' lang='grc' dir='ltr'>ἂν</span> <span class='ocrx_word' id='word_1_394' title='bbox 2206 2677 2263 2729; x_wconf 81' lang='grc' dir='ltr'><strong>δὲ</strong></span> <span class='ocrx_word' id='word_1_395' title='bbox 2289 2680 2420 2748; x_wconf 82' lang='grc' dir='ltr'>περὶ</span> <span class='ocrx_word' id='word_1_396' title='bbox 2448 2677 2544 2731; x_wconf 81' lang='grc' dir='ltr'>τοῦ</span> <span class='ocrx_word' id='word_1_397' title='bbox 2592 2677 2862 2748; x_wconf 85' lang='grc' dir='ltr'>δόγματος</span> <span class='ocrx_word' id='word_1_398' title='bbox 2890 2677 3197 2748; x_wconf 72' lang='grc' dir='ltr'>ἐρωτηθῇς,</span> <span class='ocrx_word' id='word_1_399' title='bbox 3233 2677 3361 2746; x_wconf 84' lang='grc' dir='ltr'>λέγε</span> <span class='ocrx_word' id='word_1_400' title='bbox 3397 2677 3532 2731; x_wconf 73' lang='grc' dir='ltr'>αὐτὸ</span> <span class='ocrx_word' id='word_1_401' title='bbox 3565 2696 3690 2747; x_wconf 73' lang='grc' dir='ltr'>μιαο</span> 
     </span>
    </p>
   </div>
   <div class='ocr_carea' id='block_1_58' title="bbox 2118 2767 3692 2840">
    <p class='ocr_par' dir='ltr' id='par_1_58' title="bbox 2118 2767 3692 2840">
     <span class='ocr_line' id='line_1_58' title="bbox 2118 2767 3692 2840; baseline -0.001 -19"><span class='ocrx_word' id='word_1_402' title='bbox 2118 2768 2208 2839; x_wconf 71' lang='grc' dir='ltr'><strong>ρδν</strong></span> <span class='ocrx_word' id='word_1_403' title='bbox 2247 2770 2341 2822; x_wconf 78' lang='grc' dir='ltr'>καὶ</span> <span class='ocrx_word' id='word_1_404' title='bbox 2387 2769 2606 2832; x_wconf 87' lang='grc' dir='ltr'>ἀσεϐές.</span> <span class='ocrx_word' id='word_1_405' title='bbox 2646 2768 2706 2822; x_wconf 86' lang='lat' dir='ltr'><strong>&#39;O</strong></span> <span class='ocrx_word' id='word_1_406' title='bbox 2749 2767 2959 2833; x_wconf 82' lang='grc' dir='ltr'>Παῦλος</span> <span class='ocrx_word' id='word_1_407' title='bbox 3003 2767 3308 2840; x_wconf 81' lang='grc' dir='ltr'>Ἀθηναίοις</span> <span class='ocrx_word' id='word_1_408' title='bbox 3336 2769 3436 2838; x_wconf 81' lang='grc' dir='ltr'>μὲν</span> <span class='ocrx_word' id='word_1_409' title='bbox 3469 2770 3588 2838; x_wconf 76' lang='grc' dir='ltr'>μετ’</span> <span class='ocrx_word' id='word_1_410' title='bbox 3612 2769 3692 2820; x_wconf 77' lang='grc' dir='ltr'><strong>εὑ-</strong></span> 
     </span>
    </p>
   </div>
   <div class='ocr_carea' id='block_1_59' title="bbox 2115 2858 3690 2932">
    <p class='ocr_par' dir='ltr' id='par_1_59' title="bbox 2115 2858 3690 2932">
     <span class='ocr_line' id='line_1_59' title="bbox 2115 2858 3690 2932; baseline -0.003 -19"><span class='ocrx_word' id='word_1_411' title='bbox 2115 2876 2188 2930; x_wconf 82' lang='grc' dir='ltr'><strong>φη</strong></span> <span class='ocrx_word' id='word_1_412' title='bbox 2199 2860 2324 2930; x_wconf 85' lang='grc' dir='ltr'>μίας</span> <span class='ocrx_word' id='word_1_413' title='bbox 2345 2859 2527 2930; x_wconf 78' lang='grc' dir='ltr'>ὁμιλεῖ</span> <span class='ocrx_word' id='word_1_414' title='bbox 2542 2875 2558 2890; x_wconf 76' lang='grc' dir='ltr'><strong><em>ο</em></strong></span> <span class='ocrx_word' id='word_1_415' title='bbox 2581 2859 2672 2914; x_wconf 80' lang='grc' dir='ltr'>τὸν</span> <span class='ocrx_word' id='word_1_416' title='bbox 2694 2860 2752 2914; x_wconf 85' lang='grc' dir='ltr'><strong>δὲ</strong></span> <span class='ocrx_word' id='word_1_417' title='bbox 2786 2859 3022 2932; x_wconf 78' lang='grc' dir='ltr'>Ἐλύμαν</span> <span class='ocrx_word' id='word_1_418' title='bbox 3053 2858 3345 2928; x_wconf 78' lang='grc' dir='ltr'>κακολογεῖ</span> <span class='ocrx_word' id='word_1_419' title='bbox 3368 2875 3385 2891; x_wconf 78' lang='grc' dir='ltr'><strong>ο</strong></span> <span class='ocrx_word' id='word_1_420' title='bbox 3410 2858 3563 2924; x_wconf 75' lang='grc' dir='ltr'>ἄξιος</span> <span class='ocrx_word' id='word_1_421' title='bbox 3585 2858 3690 2928; x_wconf 76' lang='grc' dir='ltr'>γὰρ</span> 
     </span>
    </p>
   </div>
   <div class='ocr_carea' id='block_1_60' title="bbox 2117 2946 2208 3022">
    <p class='ocr_par' dir='ltr' id='par_1_60' title="bbox 2117 2946 2208 3022">
     <span class='ocr_line' id='line_1_60' title="bbox 2117 2946 2208 3022; baseline 0.011 -19"><span class='ocrx_word' id='word_1_422' title='bbox 2117 2946 2208 3022; x_wconf 76' lang='grc' dir='ltr'>ἦν.</span> 
     </span>
    </p>
   </div>
   <div class='ocr_carea' id='block_1_61' title="bbox 2191 3041 3686 3114">
    <p class='ocr_par' dir='ltr' id='par_1_61' title="bbox 2191 3041 3686 3114">
     <span class='ocr_line' id='line_1_61' title="bbox 2191 3041 3686 3114; baseline -0.003 -17"><span class='ocrx_word' id='word_1_423' title='bbox 2191 3042 2267 3097; x_wconf 83' lang='grc' dir='ltr'><em>Τὰ</em></span> <span class='ocrx_word' id='word_1_424' title='bbox 2321 3041 2449 3097; x_wconf 84' lang='grc' dir='ltr'>κατ’</span> <span class='ocrx_word' id='word_1_425' title='bbox 2502 3042 2608 3113; x_wconf 78' lang='grc' dir='ltr'><strong>ἐμὲ</strong></span> <span class='ocrx_word' id='word_1_426' title='bbox 2659 3043 2859 3098; x_wconf 80' lang='grc' dir='ltr'>πάντα</span> <span class='ocrx_word' id='word_1_427' title='bbox 2903 3043 3182 3114; x_wconf 77' lang='grc' dir='ltr'>γνωρίσει</span> <span class='ocrx_word' id='word_1_428' title='bbox 3232 3042 3376 3112; x_wconf 78' lang='grc' dir='ltr'><strong>ὑμῖν</strong></span> <span class='ocrx_word' id='word_1_429' title='bbox 3420 3043 3686 3110; x_wconf 84' lang='grc' dir='ltr'><strong>Τυχικός.</strong></span> 
     </span>
    </p>
   </div>
   <div class='ocr_carea' id='block_1_62' title="bbox 2115 3134 3688 3207">
    <p class='ocr_par' dir='ltr' id='par_1_62' title="bbox 2115 3134 3688 3207">
     <span class='ocr_line' id='line_1_62' title="bbox 2115 3134 3688 3207; baseline -0.003 -18"><span class='ocrx_word' id='word_1_430' title='bbox 2115 3134 2228 3189; x_wconf 79' lang='grc' dir='ltr'><strong>Καὶ</strong></span> <span class='ocrx_word' id='word_1_431' title='bbox 2252 3135 2410 3190; x_wconf 83' lang='grc' dir='ltr'>τοῦτο</span> <span class='ocrx_word' id='word_1_432' title='bbox 2441 3136 2549 3190; x_wconf 79' lang='grc' dir='ltr'><strong>ἀπὸ</strong></span> <span class='ocrx_word' id='word_1_433' title='bbox 2576 3137 2791 3206; x_wconf 80' lang='grc' dir='ltr'>σοφίας,</span> <span class='ocrx_word' id='word_1_434' title='bbox 2828 3136 2888 3190; x_wconf 80' lang='grc' dir='ltr'>τὸ</span> <span class='ocrx_word' id='word_1_435' title='bbox 2923 3136 2998 3207; x_wconf 78' lang='grc' dir='ltr'>μὴ</span> <span class='ocrx_word' id='word_1_436' title='bbox 3029 3137 3206 3190; x_wconf 84' lang='grc' dir='ltr'>πάντα</span> <span class='ocrx_word' id='word_1_437' title='bbox 3253 3135 3468 3188; x_wconf 78' lang='grc' dir='ltr'>τιθέναι</span> <span class='ocrx_word' id='word_1_438' title='bbox 3488 3136 3546 3187; x_wconf 77' lang='grc' dir='ltr'>ὲν</span> <span class='ocrx_word' id='word_1_439' title='bbox 3573 3136 3688 3195; x_wconf 73' lang='grc' dir='ltr'>ταῖς</span> 
     </span>
    </p>
   </div>
   <div class='ocr_carea' id='block_1_63' title="bbox 2131 3227 3686 3297">
    <p class='ocr_par' dir='ltr' id='par_1_63' title="bbox 2131 3227 3686 3297">
     <span class='ocr_line' id='line_1_63' title="bbox 2131 3227 3686 3297; baseline -0.002 -18"><span class='ocrx_word' id='word_1_440' title='bbox 2131 3227 2490 3295; x_wconf 78' lang='grc' dir='ltr'>Ἐπιστολαῖς,</span> <span class='ocrx_word' id='word_1_441' title='bbox 2535 3228 2674 3282; x_wconf 84' lang='grc' dir='ltr'><strong>ἀλλά</strong></span> <span class='ocrx_word' id='word_1_442' title='bbox 2720 3229 2790 3282; x_wconf 74' lang='grc' dir='ltr'>τὰ</span> <span class='ocrx_word' id='word_1_443' title='bbox 2833 3230 3108 3297; x_wconf 86' lang='grc' dir='ltr'>ἀναγκαῖα</span> <span class='ocrx_word' id='word_1_444' title='bbox 3146 3227 3239 3280; x_wconf 68' lang='grc' dir='ltr'><strong>καὶ</strong></span> <span class='ocrx_word' id='word_1_445' title='bbox 3271 3227 3686 3293; x_wconf 81' lang='grc' dir='ltr'>κατεπείγοντα.</span> 
     </span>
    </p>
   </div>
   <div class='ocr_carea' id='block_1_64' title="bbox 441 3295 2012 3391">
    <p class='ocr_par' dir='ltr' id='par_1_64' title="bbox 441 3319 2012 3388">
     <span class='ocr_line' id='line_1_64' title="bbox 441 3319 2012 3388; baseline 0.001 -19"><span class='ocrx_word' id='word_1_446' title='bbox 441 3330 606 3388; x_wconf 78' lang='lat' dir='ltr'><strong>alqttc</strong></span> <span class='ocrx_word' id='word_1_447' title='bbox 636 3319 882 3387; x_wconf 75' lang='lat' dir='ltr'><strong>urgentia</strong></span> <span class='ocrx_word' id='word_1_448' title='bbox 913 3336 927 3372; x_wconf 94' lang='lat'>:</span> <span class='ocrx_word' id='word_1_449' title='bbox 962 3319 1218 3386; x_wconf 87' lang='lat' dir='ltr'><strong>primum,</strong></span> <span class='ocrx_word' id='word_1_450' title='bbox 1244 3327 1304 3373; x_wconf 92' lang='lat' dir='ltr'><strong>ut</strong></span> <span class='ocrx_word' id='word_1_451' title='bbox 1327 3333 1420 3374; x_wconf 88' lang='lat' dir='ltr'><strong>eas</strong></span> <span class='ocrx_word' id='word_1_452' title='bbox 1459 3333 1562 3373; x_wconf 91' lang='lat' dir='ltr'><strong>non</strong></span> <span class='ocrx_word' id='word_1_453' title='bbox 1590 3332 1751 3386; x_wconf 89' lang='lat' dir='ltr'><strong>supra</strong></span> <span class='ocrx_word' id='word_1_454' title='bbox 1793 3319 2012 3373; x_wconf 87' lang='lat' dir='ltr'><strong>modum</strong></span> 
     </span>
    </p>
   </div>
   <div class='ocr_carea' id='block_1_65' title="bbox 2119 3295 3689 3391">
    <p class='ocr_par' dir='ltr' id='par_1_65' title="bbox 2119 3295 3689 3391">
     <span class='ocr_line' id='line_1_65' title="bbox 2119 3295 3689 3391; baseline -0.002 -20"><span class='ocrx_word' id='word_1_455' title='bbox 2119 3318 2342 3389; x_wconf 85' lang='grc' dir='ltr'>Πρῶτον</span> <span class='ocrx_word' id='word_1_456' title='bbox 2383 3319 2480 3389; x_wconf 76' lang='grc' dir='ltr'>μὲν</span> <span class='ocrx_word' id='word_1_457' title='bbox 2525 3319 2614 3372; x_wconf 77' lang='grc' dir='ltr'>διὰ</span> <span class='ocrx_word' id='word_1_458' title='bbox 2665 3319 2726 3373; x_wconf 77' lang='grc' dir='ltr'><strong>τὸ</strong></span> <span class='ocrx_word' id='word_1_459' title='bbox 2775 3321 2850 3391; x_wconf 81' lang='grc' dir='ltr'><strong>μὴ</strong></span> <span class='ocrx_word' id='word_1_460' title='bbox 2906 3295 3172 3390; x_wconf 83' lang='grc' dir='ltr'>μηκύνειν</span> <span class='ocrx_word' id='word_1_461' title='bbox 3207 3317 3449 3380; x_wconf 77' lang='grc' dir='ltr'>ταύταςο</span> <span class='ocrx_word' id='word_1_462' title='bbox 3503 3317 3689 3369; x_wconf 67' lang='grc' dir='ltr'>ἒπειτα</span> 
     </span>
    </p>
   </div>
   <div class='ocr_carea' id='block_1_66' title="bbox 441 3411 2014 3483">
    <p class='ocr_par' dir='ltr' id='par_1_66' title="bbox 441 3411 2014 3483">
     <span class='ocr_line' id='line_1_66' title="bbox 441 3411 2014 3483; baseline -0.003 -15"><span class='ocrx_word' id='word_1_463' title='bbox 441 3411 609 3483; x_wconf 65' lang='grc'><strong>498</strong></span> <span class='ocrx_word' id='word_1_464' title='bbox 643 3412 888 3482; x_wconf 83' lang='lat' dir='ltr'><strong>prolisas</strong></span> <span class='ocrx_word' id='word_1_465' title='bbox 921 3411 1084 3467; x_wconf 78' lang='lat' dir='ltr'><strong>iaciat</strong></span> <span class='ocrx_word' id='word_1_466' title='bbox 1120 3429 1136 3467; x_wconf 87' lang='lat'><strong>:</strong></span> <span class='ocrx_word' id='word_1_467' title='bbox 1172 3413 1389 3477; x_wconf 90' lang='lat' dir='ltr'><strong>deinde,</strong></span> <span class='ocrx_word' id='word_1_468' title='bbox 1427 3421 1486 3466; x_wconf 92' lang='lat' dir='ltr'><strong>ut</strong></span> <span class='ocrx_word' id='word_1_469' title='bbox 1515 3411 1562 3467; x_wconf 91' lang='lat' dir='ltr'><strong>is</strong></span> <span class='ocrx_word' id='word_1_470' title='bbox 1591 3411 1684 3481; x_wconf 91' lang='lat' dir='ltr'><strong>qui</strong></span> <span class='ocrx_word' id='word_1_471' title='bbox 1719 3411 2014 3480; x_wconf 79' lang='lat' dir='ltr'><strong>proﬁcisci-</strong></span> 
     </span>
    </p>
   </div>
   <div class='ocr_carea' id='block_1_67' title="bbox 445 3504 2016 3576">
    <p class='ocr_par' dir='ltr' id='par_1_67' title="bbox 445 3504 2016 3576">
     <span class='ocr_line' id='line_1_67' title="bbox 445 3504 2016 3576; baseline -0.002 -16"><span class='ocrx_word' id='word_1_472' title='bbox 445 3517 551 3571; x_wconf 90' lang='lat' dir='ltr'><strong>tur,</strong></span> <span class='ocrx_word' id='word_1_473' title='bbox 584 3506 780 3561; x_wconf 86' lang='lat' dir='ltr'><strong>habeat</strong></span> <span class='ocrx_word' id='word_1_474' title='bbox 816 3506 977 3560; x_wconf 92' lang='lat' dir='ltr'><strong>etiam</strong></span> <span class='ocrx_word' id='word_1_475' title='bbox 1008 3504 1151 3575; x_wconf 89' lang='lat' dir='ltr'><strong>quod</strong></span> <span class='ocrx_word' id='word_1_476' title='bbox 1208 3514 1508 3573; x_wconf 87' lang='lat' dir='ltr'><strong>recenseat,</strong></span> <span class='ocrx_word' id='word_1_477' title='bbox 1543 3515 1707 3576; x_wconf 88' lang='lat' dir='ltr'><strong>atque</strong></span> <span class='ocrx_word' id='word_1_478' title='bbox 1759 3505 1884 3560; x_wconf 87' lang='lat' dir='ltr'><strong>hinc</strong></span> <span class='ocrx_word' id='word_1_479' title='bbox 1918 3505 2016 3559; x_wconf 87' lang='lat' dir='ltr'><strong>ho-</strong></span> 
     </span>
    </p>
   </div>
   <div class='ocr_carea' id='block_1_68' title="bbox 445 3597 2013 3668">
    <p class='ocr_par' dir='ltr' id='par_1_68' title="bbox 445 3597 2013 3668">
     <span class='ocr_line' id='line_1_68' title="bbox 445 3597 2013 3668; baseline -0.001 -15"><span class='ocrx_word' id='word_1_480' title='bbox 445 3599 687 3654; x_wconf 86' lang='lat' dir='ltr'><strong>noratior</strong></span> <span class='ocrx_word' id='word_1_481' title='bbox 745 3598 1030 3655; x_wconf 87' lang='lat' dir='ltr'><strong>habeatur.</strong></span> <span class='ocrx_word' id='word_1_482' title='bbox 1075 3597 1283 3668; x_wconf 87' lang='lat' dir='ltr'><strong>Tertio,</strong></span> <span class='ocrx_word' id='word_1_483' title='bbox 1317 3597 1556 3655; x_wconf 89' lang='lat' dir='ltr'><strong>ostendit</strong></span> <span class='ocrx_word' id='word_1_484' title='bbox 1599 3612 1834 3668; x_wconf 89' lang='lat' dir='ltr'><strong>quonam</strong></span> <span class='ocrx_word' id='word_1_485' title='bbox 1888 3611 2013 3666; x_wconf 79' lang='lat' dir='ltr'><strong>erga</strong></span> 
     </span>
    </p>
   </div>
   <div class='ocr_carea' id='block_1_69' title="bbox 444 3690 2014 3760">
    <p class='ocr_par' dir='ltr' id='par_1_69' title="bbox 444 3690 2014 3760">
     <span class='ocr_line' id='line_1_69' title="bbox 444 3690 2014 3760; baseline -0.001 -14"><span class='ocrx_word' id='word_1_486' title='bbox 444 3693 618 3760; x_wconf 86' lang='lat' dir='ltr'><strong>ipsum</strong></span> <span class='ocrx_word' id='word_1_487' title='bbox 657 3690 853 3747; x_wconf 84' lang='lat' dir='ltr'><strong>all&#39;ectu</strong></span> <span class='ocrx_word' id='word_1_488' title='bbox 903 3691 1144 3748; x_wconf 88' lang='lat' dir='ltr'><strong>imbutus</strong></span> <span class='ocrx_word' id='word_1_489' title='bbox 1181 3691 1344 3747; x_wconf 83' lang='lat' dir='ltr'><strong>fuerit</strong></span> <span class='ocrx_word' id='word_1_490' title='bbox 1381 3709 1394 3748; x_wconf 93' lang='lat'><strong>:</strong></span> <span class='ocrx_word' id='word_1_491' title='bbox 1425 3707 1534 3750; x_wconf 89' lang='lat' dir='ltr'><strong>non</strong></span> <span class='ocrx_word' id='word_1_492' title='bbox 1589 3691 1732 3747; x_wconf 89' lang='lat' dir='ltr'><strong>enim</strong></span> <span class='ocrx_word' id='word_1_493' title='bbox 1783 3690 1833 3746; x_wconf 89' lang='lat' dir='ltr'><strong>ei</strong></span> <span class='ocrx_word' id='word_1_494' title='bbox 1890 3690 2014 3745; x_wconf 87' lang='lat' dir='ltr'><strong>talia</strong></span> 
     </span>
    </p>
   </div>
   <div class='ocr_carea' id='block_1_70' title="bbox 449 3782 2018 3855">
    <p class='ocr_par' dir='ltr' id='par_1_70' title="bbox 449 3782 2018 3855">
     <span class='ocr_line' id='line_1_70' title="bbox 449 3782 2018 3855; baseline -0.001 -17"><span class='ocrx_word' id='word_1_495' title='bbox 449 3783 785 3839; x_wconf 74' lang='lat' dir='ltr'><strong>credidisset.</strong></span> <span class='ocrx_word' id='word_1_496' title='bbox 822 3783 1044 3849; x_wconf 87' lang='lat' dir='ltr'><strong>Deinde,</strong></span> <span class='ocrx_word' id='word_1_497' title='bbox 1085 3783 1339 3838; x_wconf 89' lang='lat' dir='ltr'><strong>nonnulla</strong></span> <span class='ocrx_word' id='word_1_498' title='bbox 1373 3783 1584 3851; x_wconf 85' lang='lat' dir='ltr'><strong>habuit,</strong></span> <span class='ocrx_word' id='word_1_499' title='bbox 1613 3799 1734 3855; x_wconf 69' lang='lat' dir='ltr'><strong>quae</strong></span> <span class='ocrx_word' id='word_1_500' title='bbox 1774 3796 1872 3854; x_wconf 87' lang='lat' dir='ltr'><strong>per</strong></span> <span class='ocrx_word' id='word_1_501' title='bbox 1929 3782 2018 3836; x_wconf 89' lang='lat' dir='ltr'><strong>lit-</strong></span> 
     </span>
    </p>
   </div>
   <div class='ocr_carea' id='block_1_71' title="bbox 446 3873 1368 3944">
    <p class='ocr_par' dir='ltr' id='par_1_71' title="bbox 446 3873 1368 3944">
     <span class='ocr_line' id='line_1_71' title="bbox 446 3873 1368 3944; baseline -0.002 -14"><span class='ocrx_word' id='word_1_502' title='bbox 446 3887 588 3930; x_wconf 86' lang='lat' dir='ltr'><strong>teras</strong></span> <span class='ocrx_word' id='word_1_503' title='bbox 623 3875 794 3943; x_wconf 80' lang='lat' dir='ltr'><strong>palam</strong></span> <span class='ocrx_word' id='word_1_504' title='bbox 831 3875 944 3928; x_wconf 84' lang='lat' dir='ltr'><strong>ticri</strong></span> <span class='ocrx_word' id='word_1_505' title='bbox 975 3889 1083 3929; x_wconf 90' lang='lat' dir='ltr'><strong>non</strong></span> <span class='ocrx_word' id='word_1_506' title='bbox 1111 3873 1368 3944; x_wconf 90' lang='lat' dir='ltr'><strong>oportuit.</strong></span> 
     </span>
    </p>
   </div>
   <div class='ocr_carea' id='block_1_72' title="bbox 517 3961 2018 4036">
    <p class='ocr_par' dir='ltr' id='par_1_72' title="bbox 517 3961 2018 4036">
     <span class='ocr_line' id='line_1_72' title="bbox 517 3961 2018 4036; baseline -0.002 -17"><span class='ocrx_word' id='word_1_507' title='bbox 517 3966 750 4020; x_wconf 77' lang='lat' dir='ltr'><strong>Dilectus</strong></span> <span class='ocrx_word' id='word_1_508' title='bbox 781 3967 965 4036; x_wconf 80' lang='lat' dir='ltr'><strong>frater,</strong></span> <span class='ocrx_word' id='word_1_509' title='bbox 987 3976 1036 4021; x_wconf 86' lang='lat' dir='ltr'><strong>el</strong></span> <span class='ocrx_word' id='word_1_510' title='bbox 1057 3967 1230 4036; x_wconf 79' lang='lat' dir='ltr'><strong>ﬁdelis</strong></span> <span class='ocrx_word' id='word_1_511' title='bbox 1259 3967 1500 4021; x_wconf 81' lang='lat' dir='ltr'><strong>minister</strong></span> <span class='ocrx_word' id='word_1_512' title='bbox 1522 4007 1538 4033; x_wconf 89' lang='lat'><strong>,</strong></span> <span class='ocrx_word' id='word_1_513' title='bbox 1571 3974 1619 4020; x_wconf 87' lang='lat' dir='ltr'><strong>et</strong></span> <span class='ocrx_word' id='word_1_514' title='bbox 1654 3979 1931 4019; x_wconf 76' lang='lat' dir='ltr'><strong>conservus</strong></span> <span class='ocrx_word' id='word_1_515' title='bbox 1963 3961 2018 4016; x_wconf 84' lang='lat' dir='ltr'><strong>in</strong></span> 
     </span>
    </p>
   </div>
   <div class='ocr_carea' id='block_1_73' title="bbox 451 4055 2016 4124">
    <p class='ocr_par' dir='ltr' id='par_1_73' title="bbox 451 4055 2016 4124">
     <span class='ocr_line' id='line_1_73' title="bbox 451 4055 2016 4124; baseline -0.002 -12"><span class='ocrx_word' id='word_1_516' title='bbox 451 4059 692 4114; x_wconf 81' lang='lat' dir='ltr'><strong>Domino.</strong></span> <span class='ocrx_word' id='word_1_517' title='bbox 721 4057 777 4112; x_wconf 87' lang='lat' dir='ltr'><strong>Si</strong></span> <span class='ocrx_word' id='word_1_518' title='bbox 817 4058 1068 4124; x_wconf 82' lang='lat' dir='ltr'><strong>dilectus,</strong></span> <span class='ocrx_word' id='word_1_519' title='bbox 1100 4059 1282 4115; x_wconf 89' lang='lat' dir='ltr'><strong>omnia</strong></span> <span class='ocrx_word' id='word_1_520' title='bbox 1314 4060 1460 4113; x_wconf 73' lang='lat' dir='ltr'><strong>novit</strong></span> <span class='ocrx_word' id='word_1_521' title='bbox 1490 4075 1506 4113; x_wconf 89' lang='lat'><strong>:</strong></span> <span class='ocrx_word' id='word_1_522' title='bbox 1556 4058 1601 4112; x_wconf 89' lang='lat' dir='ltr'><strong>si</strong></span> <span class='ocrx_word' id='word_1_523' title='bbox 1650 4055 1856 4120; x_wconf 83' lang='lat' dir='ltr'><strong>ﬁdelis,</strong></span> <span class='ocrx_word' id='word_1_524' title='bbox 1907 4069 2016 4110; x_wconf 90' lang='lat' dir='ltr'><strong>non</strong></span> 
     </span>
    </p>
   </div>
   <div class='ocr_carea' id='block_1_74' title="bbox 449 4147 2016 4220">
    <p class='ocr_par' dir='ltr' id='par_1_74' title="bbox 449 4147 2016 4220">
     <span class='ocr_line' id='line_1_74' title="bbox 449 4147 2016 4220; baseline -0.002 -15"><span class='ocrx_word' id='word_1_525' title='bbox 449 4150 784 4206; x_wconf 89' lang='lat' dir='ltr'><strong>mentietur:</strong></span> <span class='ocrx_word' id='word_1_526' title='bbox 833 4150 878 4207; x_wconf 87' lang='lat' dir='ltr'><strong>si</strong></span> <span class='ocrx_word' id='word_1_527' title='bbox 935 4165 1258 4217; x_wconf 81' lang='lat' dir='ltr'><strong>censervus,</strong></span> <span class='ocrx_word' id='word_1_528' title='bbox 1314 4151 1584 4220; x_wconf 87' lang='lat' dir='ltr'><strong>particeps</strong></span> <span class='ocrx_word' id='word_1_529' title='bbox 1627 4158 1711 4204; x_wconf 87' lang='lat' dir='ltr'><strong>est</strong></span> <span class='ocrx_word' id='word_1_530' title='bbox 1766 4147 2016 4204; x_wconf 84' lang='lat' dir='ltr'><strong>tentatio-</strong></span> 
     </span>
    </p>
   </div>
   <div class='ocr_carea' id='block_1_75' title="bbox 519 4335 2019 4404">
    <p class='ocr_par' dir='ltr' id='par_1_75' title="bbox 519 4335 2019 4404">
     <span class='ocr_line' id='line_1_75' title="bbox 519 4335 2019 4404; baseline -0.001 -14"><span class='ocrx_word' id='word_1_531' title='bbox 519 4335 683 4392; x_wconf 74' lang='lat' dir='ltr'><strong>Vnus.</strong></span> <span class='ocrx_word' id='word_1_532' title='bbox 712 4335 766 4394; x_wconf 88' lang='lat'><strong>8.</strong></span> <span class='ocrx_word' id='word_1_533' title='bbox 822 4335 987 4402; x_wconf 82' lang='lat' dir='ltr'><strong>Quem</strong></span> <span class='ocrx_word' id='word_1_534' title='bbox 1020 4337 1139 4392; x_wconf 81' lang='lat' dir='ltr'><strong>misi</strong></span> <span class='ocrx_word' id='word_1_535' title='bbox 1167 4336 1237 4392; x_wconf 82' lang='lat' dir='ltr'><strong>ad</strong></span> <span class='ocrx_word' id='word_1_536' title='bbox 1266 4353 1352 4392; x_wconf 84' lang='lat' dir='ltr'><strong>vos</strong></span> <span class='ocrx_word' id='word_1_537' title='bbox 1382 4340 1450 4390; x_wconf 79' lang='lat' dir='ltr'><strong>ad</strong></span> <span class='ocrx_word' id='word_1_538' title='bbox 1483 4337 1579 4391; x_wconf 81' lang='lat' dir='ltr'><strong>hoc</strong></span> <span class='ocrx_word' id='word_1_539' title='bbox 1608 4337 1796 4404; x_wconf 84' lang='lat' dir='ltr'><strong>ipsum,</strong></span> <span class='ocrx_word' id='word_1_540' title='bbox 1839 4344 1892 4389; x_wconf 89' lang='lat' dir='ltr'><strong>ut</strong></span> <span class='ocrx_word' id='word_1_541' title='bbox 1933 4350 2019 4388; x_wconf 90' lang='lat' dir='ltr'><strong>c0-</strong></span> 
     </span>
    </p>
   </div>
   <div class='ocr_carea' id='block_1_76' title="bbox 445 4423 2020 4500">
    <p class='ocr_par' dir='ltr' id='par_1_76' title="bbox 445 4423 2020 4500">
     <span class='ocr_line' id='line_1_76' title="bbox 445 4423 2020 4500; baseline -0.003 -16"><span class='ocrx_word' id='word_1_542' title='bbox 445 4441 657 4500; x_wconf 80' lang='lat' dir='ltr'><strong>gnoscat</strong></span> <span class='ocrx_word' id='word_1_543' title='bbox 691 4445 807 4497; x_wconf 70' lang='lat' dir='ltr'><strong>quae</strong></span> <span class='ocrx_word' id='word_1_544' title='bbox 835 4431 979 4483; x_wconf 83' lang='lat' dir='ltr'><strong>circa</strong></span> <span class='ocrx_word' id='word_1_545' title='bbox 1009 4446 1100 4484; x_wconf 86' lang='lat' dir='ltr'><strong>vos</strong></span> <span class='ocrx_word' id='word_1_546' title='bbox 1153 4439 1298 4495; x_wconf 85' lang='lat' dir='ltr'><strong>sunt,</strong></span> <span class='ocrx_word' id='word_1_547' title='bbox 1347 4439 1394 4482; x_wconf 86' lang='lat' dir='ltr'><strong>ct</strong></span> <span class='ocrx_word' id='word_1_548' title='bbox 1427 4439 1479 4482; x_wconf 81' lang='lat' dir='ltr'><strong>ut</strong></span> <span class='ocrx_word' id='word_1_549' title='bbox 1516 4425 1812 4482; x_wconf 81' lang='lat' dir='ltr'><strong>consoletur</strong></span> <span class='ocrx_word' id='word_1_550' title='bbox 1857 4423 2020 4480; x_wconf 85' lang='lat' dir='ltr'><strong>corda</strong></span> 
     </span>
    </p>
   </div>
   <div class='ocr_carea' id='block_1_77' title="bbox 445 4521 2018 4593">
    <p class='ocr_par' dir='ltr' id='par_1_77' title="bbox 445 4521 2018 4593">
     <span class='ocr_line' id='line_1_77' title="bbox 445 4521 2018 4593; baseline -0.004 -16"><span class='ocrx_word' id='word_1_551' title='bbox 445 4535 640 4580; x_wconf 75' lang='lat' dir='ltr'><strong>uestra.</strong></span> <span class='ocrx_word' id='word_1_552' title='bbox 674 4522 773 4579; x_wconf 88' lang='lat' dir='ltr'><strong>llic</strong></span> <span class='ocrx_word' id='word_1_553' title='bbox 806 4538 968 4593; x_wconf 88' lang='lat' dir='ltr'><strong>quam</strong></span> <span class='ocrx_word' id='word_1_554' title='bbox 1015 4535 1141 4592; x_wconf 76' lang='lat' dir='ltr'><strong>erga</strong></span> <span class='ocrx_word' id='word_1_555' title='bbox 1193 4524 1341 4592; x_wconf 82' lang='lat' dir='ltr'><strong>ipsos</strong></span> <span class='ocrx_word' id='word_1_556' title='bbox 1387 4522 1618 4577; x_wconf 84' lang='lat' dir='ltr'><strong>habebat</strong></span> <span class='ocrx_word' id='word_1_557' title='bbox 1671 4521 2018 4583; x_wconf 83' lang='lat' dir='ltr'><strong>charitatem,</strong></span> 
     </span>
    </p>
   </div>
   <div class='ocr_carea' id='block_1_78' title="bbox 445 4611 2016 4684">
    <p class='ocr_par' dir='ltr' id='par_1_78' title="bbox 445 4611 2016 4684">
     <span class='ocr_line' id='line_1_78' title="bbox 445 4611 2016 4684; baseline -0.003 -14"><span class='ocrx_word' id='word_1_558' title='bbox 445 4615 677 4681; x_wconf 73' lang='lat' dir='ltr'><strong>indicat;</strong></span> <span class='ocrx_word' id='word_1_559' title='bbox 707 4614 974 4684; x_wconf 87' lang='lat' dir='ltr'><strong>siquidem</strong></span> <span class='ocrx_word' id='word_1_560' title='bbox 1008 4614 1128 4669; x_wconf 88' lang='lat' dir='ltr'><strong>ideo</strong></span> <span class='ocrx_word' id='word_1_561' title='bbox 1168 4615 1348 4684; x_wconf 90' lang='lat' dir='ltr'><strong>ipsum</strong></span> <span class='ocrx_word' id='word_1_562' title='bbox 1379 4613 1546 4680; x_wconf 88' lang='lat' dir='ltr'><strong>misit,</strong></span> <span class='ocrx_word' id='word_1_563' title='bbox 1592 4621 1652 4667; x_wconf 92' lang='lat' dir='ltr'><strong>ut</strong></span> <span class='ocrx_word' id='word_1_564' title='bbox 1682 4627 1768 4667; x_wconf 88' lang='lat' dir='ltr'><strong>res</strong></span> <span class='ocrx_word' id='word_1_565' title='bbox 1805 4611 2016 4666; x_wconf 87' lang='lat' dir='ltr'><strong>illorum</strong></span> 
     </span>
    </p>
   </div>
   <div class='ocr_carea' id='block_1_79' title="bbox 445 4705 2018 4779">
    <p class='ocr_par' dir='ltr' id='par_1_79' title="bbox 445 4705 2018 4779">
     <span class='ocr_line' id='line_1_79' title="bbox 445 4705 2018 4779; baseline 0.001 -18"><span class='ocrx_word' id='word_1_566' title='bbox 445 4715 761 4779; x_wconf 81' lang='lat' dir='ltr'><strong>cognoscat,</strong></span> <span class='ocrx_word' id='word_1_567' title='bbox 794 4722 898 4761; x_wconf 91' lang='lat' dir='ltr'><strong>non</strong></span> <span class='ocrx_word' id='word_1_568' title='bbox 935 4716 994 4760; x_wconf 94' lang='lat' dir='ltr'><strong>ut</strong></span> <span class='ocrx_word' id='word_1_569' title='bbox 1027 4721 1123 4762; x_wconf 91' lang='lat' dir='ltr'><strong>sua</strong></span> <span class='ocrx_word' id='word_1_570' title='bbox 1168 4705 1300 4778; x_wconf 88' lang='lat' dir='ltr'><strong>ipsis</strong></span> <span class='ocrx_word' id='word_1_571' title='bbox 1342 4705 1674 4769; x_wconf 89' lang='lat' dir='ltr'><strong>denuntiet,</strong></span> <span class='ocrx_word' id='word_1_572' title='bbox 1708 4705 1800 4760; x_wconf 87' lang='lat' dir='ltr'><strong>sed</strong></span> <span class='ocrx_word' id='word_1_573' title='bbox 1829 4713 1889 4760; x_wconf 90' lang='lat' dir='ltr'><strong>ut</strong></span> <span class='ocrx_word' id='word_1_574' title='bbox 1923 4720 2018 4762; x_wconf 85' lang='lat' dir='ltr'><strong>eos</strong></span> 
     </span>
    </p>
   </div>
   <div class='ocr_carea' id='block_1_80' title="bbox 445 4795 2019 4866">
    <p class='ocr_par' dir='ltr' id='par_1_80' title="bbox 445 4795 2019 4866">
     <span class='ocr_line' id='line_1_80' title="bbox 445 4795 2019 4866; baseline -0.001 -13"><span class='ocrx_word' id='word_1_575' title='bbox 445 4797 778 4853; x_wconf 90' lang='lat' dir='ltr'><strong>consoletur.</strong></span> <span class='ocrx_word' id='word_1_576' title='bbox 814 4795 1060 4852; x_wconf 84' lang='lat' dir='ltr'><strong>Ostendit</strong></span> <span class='ocrx_word' id='word_1_577' title='bbox 1088 4806 1267 4852; x_wconf 89' lang='lat' dir='ltr'><strong>autem</strong></span> <span class='ocrx_word' id='word_1_578' title='bbox 1305 4811 1398 4853; x_wconf 89' lang='lat' dir='ltr'><strong>eos</strong></span> <span class='ocrx_word' id='word_1_579' title='bbox 1443 4796 1832 4852; x_wconf 87' lang='lat' dir='ltr'><strong>teutationibus</strong></span> <span class='ocrx_word' id='word_1_580' title='bbox 1865 4811 2019 4866; x_wconf 85' lang='lat' dir='ltr'><strong>pres-</strong></span> 
     </span>
    </p>
   </div>
   <div class='ocr_carea' id='block_1_81' title="bbox 447 4888 1596 4959">
    <p class='ocr_par' dir='ltr' id='par_1_81' title="bbox 447 4888 1596 4959">
     <span class='ocr_line' id='line_1_81' title="bbox 447 4888 1596 4959; baseline -0.004 -12"><span class='ocrx_word' id='word_1_581' title='bbox 447 4907 537 4947; x_wconf 88' lang='lat' dir='ltr'><strong>sos</strong></span> <span class='ocrx_word' id='word_1_582' title='bbox 567 4905 708 4953; x_wconf 89' lang='lat' dir='ltr'><strong>esse,</strong></span> <span class='ocrx_word' id='word_1_583' title='bbox 737 4900 899 4958; x_wconf 85' lang='lat' dir='ltr'><strong>atque</strong></span> <span class='ocrx_word' id='word_1_584' title='bbox 925 4904 1058 4959; x_wconf 89' lang='lat' dir='ltr'><strong>opus</strong></span> <span class='ocrx_word' id='word_1_585' title='bbox 1089 4889 1288 4946; x_wconf 85' lang='lat' dir='ltr'><strong>habere</strong></span> <span class='ocrx_word' id='word_1_586' title='bbox 1313 4888 1596 4944; x_wconf 89' lang='lat' dir='ltr'><strong>solamine.</strong></span> 
     </span>
    </p>
   </div>
   <div class='ocr_carea' id='block_1_82' title="bbox 515 4977 2020 5055">
    <p class='ocr_par' dir='ltr' id='par_1_82' title="bbox 515 4977 2020 5055">
     <span class='ocr_line' id='line_1_82' title="bbox 515 4977 2020 5055; baseline -0.003 -21"><span class='ocrx_word' id='word_1_587' title='bbox 515 4980 680 5037; x_wconf 67' lang='lat' dir='ltr'><strong>Vens.</strong></span> <span class='ocrx_word' id='word_1_588' title='bbox 715 4981 766 5036; x_wconf 90' lang='lat'><strong>9.</strong></span> <span class='ocrx_word' id='word_1_589' title='bbox 799 4978 929 5035; x_wconf 83' lang='lat' dir='ltr'><strong>Cum</strong></span> <span class='ocrx_word' id='word_1_590' title='bbox 948 5047 955 5055; x_wconf 34' lang='grc' dir='ltr'>ι</span> <span class='ocrx_word' id='word_1_591' title='bbox 975 4978 1221 5035; x_wconf 82' lang='lat' dir='ltr'><strong>Onesimo</strong></span> <span class='ocrx_word' id='word_1_592' title='bbox 1244 4977 1387 5048; x_wconf 79' lang='lat' dir='ltr'><strong>ﬁdeli</strong></span> <span class='ocrx_word' id='word_1_593' title='bbox 1414 4995 1474 5032; x_wconf 86' lang='lat' dir='ltr'><strong>ac</strong></span> <span class='ocrx_word' id='word_1_594' title='bbox 1498 4978 1683 5032; x_wconf 84' lang='lat' dir='ltr'><strong>dilecto</strong></span> <span class='ocrx_word' id='word_1_595' title='bbox 1713 4978 1902 5045; x_wconf 75' lang='lat' dir='ltr'><strong>fratre,</strong></span> <span class='ocrx_word' id='word_1_596' title='bbox 1929 4978 2020 5047; x_wconf 79' lang='lat' dir='ltr'><strong>qui</strong></span> 
     </span>
    </p>
   </div>
   <div class='ocr_carea' id='block_1_83' title="bbox 449 5070 2019 5130">
    <p class='ocr_par' dir='ltr' id='par_1_83' title="bbox 449 5070 2019 5130">
     <span class='ocr_line' id='line_1_83' title="bbox 449 5070 2019 5130; baseline -0.003 -2"><span class='ocrx_word' id='word_1_597' title='bbox 449 5085 525 5130; x_wconf 80' lang='lat' dir='ltr'><strong>est</strong></span> <span class='ocrx_word' id='word_1_598' title='bbox 566 5090 631 5128; x_wconf 75' lang='lat' dir='ltr'><strong>ex</strong></span> <span class='ocrx_word' id='word_1_599' title='bbox 666 5072 828 5129; x_wconf 80' lang='lat' dir='ltr'><strong>vobis.</strong></span> <span class='ocrx_word' id='word_1_600' title='bbox 862 5073 1151 5130; x_wconf 89' lang='lat' dir='ltr'><strong>Onesimus</strong></span> <span class='ocrx_word' id='word_1_601' title='bbox 1180 5072 1284 5127; x_wconf 90' lang='lat' dir='ltr'><strong>iste</strong></span> <span class='ocrx_word' id='word_1_602' title='bbox 1315 5080 1395 5126; x_wconf 89' lang='lat' dir='ltr'><strong>est</strong></span> <span class='ocrx_word' id='word_1_603' title='bbox 1423 5086 1615 5126; x_wconf 87' lang='lat' dir='ltr'><strong>servus</strong></span> <span class='ocrx_word' id='word_1_604' title='bbox 1666 5070 2019 5125; x_wconf 90' lang='lat' dir='ltr'><strong>Philemonis.</strong></span> 
     </span>
    </p>
   </div>
   <div class='ocr_carea' id='block_1_84' title="bbox 449 5161 2018 5237">
    <p class='ocr_par' dir='ltr' id='par_1_84' title="bbox 449 5161 2018 5237">
     <span class='ocr_line' id='line_1_84' title="bbox 449 5161 2018 5237; baseline -0.003 -17"><span class='ocrx_word' id='word_1_605' title='bbox 449 5166 646 5237; x_wconf 65' lang='lat' dir='ltr'><strong>Papae!</strong></span> <span class='ocrx_word' id='word_1_606' title='bbox 701 5165 767 5218; x_wconf 84' lang='lat' dir='ltr'><strong>ad</strong></span> <span class='ocrx_word' id='word_1_607' title='bbox 813 5175 1069 5235; x_wconf 85' lang='lat' dir='ltr'><strong>quantam</strong></span> <span class='ocrx_word' id='word_1_608' title='bbox 1113 5163 1430 5235; x_wconf 78' lang='lat' dir='ltr'><strong>dignitatem</strong></span> <span class='ocrx_word' id='word_1_609' title='bbox 1461 5163 1730 5233; x_wconf 89' lang='lat' dir='ltr'><strong>pervenit,</strong></span> <span class='ocrx_word' id='word_1_610' title='bbox 1761 5172 1818 5216; x_wconf 92' lang='lat' dir='ltr'><strong>ut</strong></span> <span class='ocrx_word' id='word_1_611' title='bbox 1846 5161 2018 5216; x_wconf 81' lang='lat' dir='ltr'><strong>frater</strong></span> 
     </span>
    </p>
   </div>
   <div class='ocr_carea' id='block_1_85' title="bbox 448 5253 2022 5323">
    <p class='ocr_par' dir='ltr' id='par_1_85' title="bbox 448 5253 2022 5323">
     <span class='ocr_line' id='line_1_85' title="bbox 448 5253 2022 5323; baseline -0.002 -12"><span class='ocrx_word' id='word_1_612' title='bbox 448 5257 611 5312; x_wconf 87' lang='lat' dir='ltr'><strong>etiam</strong></span> <span class='ocrx_word' id='word_1_613' title='bbox 668 5255 818 5310; x_wconf 84' lang='lat' dir='ltr'><strong>Pauli</strong></span> <span class='ocrx_word' id='word_1_614' title='bbox 848 5255 950 5310; x_wconf 86' lang='lat' dir='ltr'><strong>sit!</strong></span> <span class='ocrx_word' id='word_1_615' title='bbox 991 5253 1190 5309; x_wconf 89' lang='lat' dir='ltr'><strong>Paulus</strong></span> <span class='ocrx_word' id='word_1_616' title='bbox 1227 5262 1406 5310; x_wconf 88' lang='lat' dir='ltr'><strong>autem</strong></span> <span class='ocrx_word' id='word_1_617' title='bbox 1455 5269 1560 5308; x_wconf 91' lang='lat' dir='ltr'><strong>non</strong></span> <span class='ocrx_word' id='word_1_618' title='bbox 1608 5255 1807 5323; x_wconf 83' lang='lat' dir='ltr'><strong>pudetit</strong></span> <span class='ocrx_word' id='word_1_619' title='bbox 1855 5253 2022 5308; x_wconf 87' lang='lat' dir='ltr'><strong>l&#39;rater</strong></span> 
     </span>
    </p>
   </div>
   <div class='ocr_carea' id='block_1_86' title="bbox 450 5343 2020 5416">
    <p class='ocr_par' dir='ltr' id='par_1_86' title="bbox 450 5343 2020 5416">
     <span class='ocr_line' id='line_1_86' title="bbox 450 5343 2020 5416; baseline -0.004 -12"><span class='ocrx_word' id='word_1_620' title='bbox 450 5364 570 5405; x_wconf 82' lang='lat' dir='ltr'><strong>esse</strong></span> <span class='ocrx_word' id='word_1_621' title='bbox 608 5347 770 5404; x_wconf 86' lang='lat' dir='ltr'><strong>servi.</strong></span> <span class='ocrx_word' id='word_1_622' title='bbox 811 5345 965 5402; x_wconf 86' lang='lat' dir='ltr'><strong>Cedit</strong></span> <span class='ocrx_word' id='word_1_623' title='bbox 993 5361 1154 5416; x_wconf 88' lang='lat' dir='ltr'><strong>porro</strong></span> <span class='ocrx_word' id='word_1_624' title='bbox 1184 5347 1234 5401; x_wconf 94' lang='lat' dir='ltr'><strong>in</strong></span> <span class='ocrx_word' id='word_1_625' title='bbox 1281 5347 1494 5401; x_wconf 87' lang='lat' dir='ltr'><strong>laudem</strong></span> <span class='ocrx_word' id='word_1_626' title='bbox 1531 5344 1683 5401; x_wconf 90' lang='lat' dir='ltr'><strong>urbis</strong></span> <span class='ocrx_word' id='word_1_627' title='bbox 1706 5359 1914 5408; x_wconf 90' lang='lat' dir='ltr'><strong>eorum,</strong></span> <span class='ocrx_word' id='word_1_628' title='bbox 1968 5343 2020 5398; x_wconf 92' lang='lat' dir='ltr'><strong>id</strong></span> 
     </span>
    </p>
   </div>
   <div class='ocr_carea' id='block_1_87' title="bbox 451 5436 2014 5512">
    <p class='ocr_par' dir='ltr' id='par_1_87' title="bbox 451 5436 2014 5512">
     <span class='ocr_line' id='line_1_87' title="bbox 451 5436 2014 5512; baseline -0.004 -16"><span class='ocrx_word' id='word_1_629' title='bbox 451 5441 592 5511; x_wconf 78' lang='lat' dir='ltr'><strong>quod</strong></span> <span class='ocrx_word' id='word_1_630' title='bbox 617 5441 714 5508; x_wconf 87' lang='lat' dir='ltr'><strong>ait,</strong></span> <span class='ocrx_word' id='word_1_631' title='bbox 751 5440 854 5506; x_wconf 86' lang='lat' dir='ltr'><strong>Qui</strong></span> <span class='ocrx_word' id='word_1_632' title='bbox 884 5449 957 5495; x_wconf 84' lang='lat' dir='ltr'><strong>est</strong></span> <span class='ocrx_word' id='word_1_633' title='bbox 985 5455 1049 5494; x_wconf 80' lang='lat' dir='ltr'><strong>ea:</strong></span> <span class='ocrx_word' id='word_1_634' title='bbox 1068 5437 1228 5506; x_wconf 85' lang='lat' dir='ltr'><strong>vobis,</strong></span> <span class='ocrx_word' id='word_1_635' title='bbox 1261 5449 1319 5495; x_wconf 91' lang='lat' dir='ltr'><strong>ut</strong></span> <span class='ocrx_word' id='word_1_636' title='bbox 1360 5439 1657 5512; x_wconf 79' lang='lat' dir='ltr'><strong>glorientur</strong></span> <span class='ocrx_word' id='word_1_637' title='bbox 1683 5437 1824 5508; x_wconf 88' lang='lat' dir='ltr'><strong>quod</strong></span> <span class='ocrx_word' id='word_1_638' title='bbox 1857 5436 2014 5491; x_wconf 85' lang='lat' dir='ltr'><strong>talem</strong></span> 
     </span>
    </p>
   </div>
   <div class='ocr_carea' id='block_1_88' title="bbox 453 5517 1011 5604">
    <p class='ocr_par' dir='ltr' id='par_1_88' title="bbox 453 5517 1011 5604">
     <span class='ocr_line' id='line_1_88' title="bbox 453 5517 1011 5604; baseline 0 -15"><span class='ocrx_word' id='word_1_639' title='bbox 453 5532 797 5604; x_wconf 80' lang='lat' dir='ltr'><strong>pmtulerint.</strong></span> <span class='ocrx_word' id='word_1_640' title='bbox 1005 5517 1011 5523; x_wconf 54' lang='grc'><strong>’</strong></span> 
     </span>
    </p>
   </div>
   <div class='ocr_carea' id='block_1_89' title="bbox 558 5649 1599 5718">
    <p class='ocr_par' dir='ltr' id='par_1_89' title="bbox 558 5649 1599 5718">
     <span class='ocr_line' id='line_1_89' title="bbox 558 5649 1599 5718; baseline -0.003 -12"><span class='ocrx_word' id='word_1_641' title='bbox 558 5665 600 5694; x_wconf 77' lang='grc' dir='ltr'>ω</span> <span class='ocrx_word' id='word_1_642' title='bbox 634 5653 754 5706; x_wconf 85' lang='lat' dir='ltr'><strong>Act.</strong></span> <span class='ocrx_word' id='word_1_643' title='bbox 793 5667 900 5716; x_wconf 75' lang='grc' dir='ltr'>ινι,</span> <span class='ocrx_word' id='word_1_644' title='bbox 934 5650 1026 5705; x_wconf 67' lang='lat'><strong>22.</strong></span> <span class='ocrx_word' id='word_1_645' title='bbox 1134 5659 1162 5686; x_wconf 73' lang='grc'><em>³</em></span> <span class='ocrx_word' id='word_1_646' title='bbox 1198 5651 1325 5706; x_wconf 77' lang='lat' dir='ltr'><strong>Act.</strong></span> <span class='ocrx_word' id='word_1_647' title='bbox 1355 5666 1476 5718; x_wconf 77' lang='lat' dir='ltr'><strong>xui,</strong></span> <span class='ocrx_word' id='word_1_648' title='bbox 1512 5649 1599 5704; x_wconf 87' lang='lat' dir='ltr'><strong>lO.</strong></span> 
     </span>
    </p>
   </div>
   <div class='ocr_carea' id='block_1_90' title="bbox 2119 3406 3690 3481">
    <p class='ocr_par' dir='ltr' id='par_1_90' title="bbox 2119 3406 3690 3481">
     <span class='ocr_line' id='line_1_90' title="bbox 2119 3406 3690 3481; baseline -0.004 -18"><span class='ocrx_word' id='word_1_649' title='bbox 2119 3410 2205 3464; x_wconf 81' lang='grc' dir='ltr'>ἵνα</span> <span class='ocrx_word' id='word_1_650' title='bbox 2230 3410 2322 3464; x_wconf 75' lang='grc' dir='ltr'><strong>καὶ</strong></span> <span class='ocrx_word' id='word_1_651' title='bbox 2355 3412 2382 3464; x_wconf 89' lang='grc' dir='ltr'>ὁ</span> <span class='ocrx_word' id='word_1_652' title='bbox 2412 3410 2783 3480; x_wconf 76' lang='grc' dir='ltr'>ἀπερχόμενος</span> <span class='ocrx_word' id='word_1_653' title='bbox 2813 3411 2910 3481; x_wconf 79' lang='grc' dir='ltr'><strong>ἔχῃ</strong></span> <span class='ocrx_word' id='word_1_654' title='bbox 2939 3427 2994 3463; x_wconf 87' lang='grc' dir='ltr'><strong>τι</strong></span> <span class='ocrx_word' id='word_1_655' title='bbox 3029 3409 3356 3480; x_wconf 76' lang='grc' dir='ltr'>διηγεῖσθαι,</span> <span class='ocrx_word' id='word_1_656' title='bbox 3399 3406 3690 3461; x_wconf 68' lang='grc' dir='ltr'>κάντεῦθεν</span> 
     </span>
    </p>
   </div>
   <div class='ocr_carea' id='block_1_91' title="bbox 2117 3499 3685 3578">
    <p class='ocr_par' dir='ltr' id='par_1_91' title="bbox 2117 3499 3685 3578">
     <span class='ocr_line' id='line_1_91' title="bbox 2117 3499 3685 3578; baseline -0.006 -19"><span class='ocrx_word' id='word_1_657' title='bbox 2117 3503 2538 3574; x_wconf 83' lang='grc' dir='ltr'>αίδεσιμώτερος</span> <span class='ocrx_word' id='word_1_658' title='bbox 2653 3503 2849 3575; x_wconf 79' lang='grc' dir='ltr'>Τρίτον</span> <span class='ocrx_word' id='word_1_659' title='bbox 2870 3540 2886 3567; x_wconf 94' lang='grc'><strong>,</strong></span> <span class='ocrx_word' id='word_1_660' title='bbox 2911 3502 3154 3556; x_wconf 80' lang='grc' dir='ltr'>δείκνυσι</span> <span class='ocrx_word' id='word_1_661' title='bbox 3201 3500 3319 3563; x_wconf 85' lang='grc' dir='ltr'><strong>πῶς</strong></span> <span class='ocrx_word' id='word_1_662' title='bbox 3351 3499 3492 3569; x_wconf 70' lang='grc' dir='ltr'>πρὸς</span> <span class='ocrx_word' id='word_1_663' title='bbox 3534 3499 3685 3551; x_wconf 63' lang='grc' dir='ltr'>αὑτὸν</span> 
     </span>
    </p>
   </div>
   <div class='ocr_carea' id='block_1_92' title="bbox 2115 3592 3684 3668">
    <p class='ocr_par' dir='ltr' id='par_1_92' title="bbox 2115 3592 3684 3668">
     <span class='ocr_line' id='line_1_92' title="bbox 2115 3592 3684 3668; baseline -0.007 -14"><span class='ocrx_word' id='word_1_664' title='bbox 2115 3599 2422 3654; x_wconf 73' lang='grc' dir='ltr'>διάκειται·</span> <span class='ocrx_word' id='word_1_665' title='bbox 2457 3599 2520 3652; x_wconf 85' lang='grc' dir='ltr'>οὐ</span> <span class='ocrx_word' id='word_1_666' title='bbox 2563 3597 2674 3666; x_wconf 90' lang='grc' dir='ltr'><strong>γάρ</strong></span> <span class='ocrx_word' id='word_1_667' title='bbox 2731 3597 2798 3651; x_wconf 80' lang='grc' dir='ltr'>ἂν</span> <span class='ocrx_word' id='word_1_668' title='bbox 2855 3594 3006 3668; x_wconf 75' lang='grc' dir='ltr'>αὐτῷ</span> <span class='ocrx_word' id='word_1_669' title='bbox 3057 3593 3282 3648; x_wconf 84' lang='grc' dir='ltr'>τοιαῦτα</span> <span class='ocrx_word' id='word_1_670' title='bbox 3347 3592 3684 3645; x_wconf 65' lang='grc' dir='ltr'>ἐπίστευσεν.</span> 
     </span>
    </p>
   </div>
   <div class='ocr_carea' id='block_1_93' title="bbox 2122 3685 3682 3762">
    <p class='ocr_par' dir='ltr' id='par_1_93' title="bbox 2122 3685 3682 3762">
     <span class='ocr_line' id='line_1_93' title="bbox 2122 3685 3682 3762; baseline -0.004 -16"><span class='ocrx_word' id='word_1_671' title='bbox 2122 3692 2373 3756; x_wconf 78' lang='grc' dir='ltr'>Ἔπειτα,</span> <span class='ocrx_word' id='word_1_672' title='bbox 2415 3685 2482 3762; x_wconf 81' lang='grc' dir='ltr'>ἦν</span> <span class='ocrx_word' id='word_1_673' title='bbox 2512 3689 2548 3745; x_wconf 71' lang='grc' dir='ltr'>ἃ</span> <span class='ocrx_word' id='word_1_674' title='bbox 2576 3689 2678 3744; x_wconf 83' lang='grc' dir='ltr'><strong>οὐκ</strong></span> <span class='ocrx_word' id='word_1_675' title='bbox 2705 3688 2815 3743; x_wconf 72' lang='grc' dir='ltr'>ἔδει</span> <span class='ocrx_word' id='word_1_676' title='bbox 2842 3688 2932 3744; x_wconf 81' lang='grc' dir='ltr'><strong>διὰ</strong></span> <span class='ocrx_word' id='word_1_677' title='bbox 2971 3686 3320 3759; x_wconf 82' lang='grc' dir='ltr'>γραμμάτων</span> <span class='ocrx_word' id='word_1_678' title='bbox 3359 3685 3682 3754; x_wconf 78' lang='grc' dir='ltr'>δηλωθῆναι.</span> 
     </span>
    </p>
   </div>
   <div class='ocr_carea' id='block_1_94' title="bbox 2201 3954 3684 4032">
    <p class='ocr_par' dir='ltr' id='par_1_94' title="bbox 2201 3954 3684 4032">
     <span class='ocr_line' id='line_1_94' title="bbox 2201 3954 3684 4032; baseline -0.006 -14"><span class='ocrx_word' id='word_1_679' title='bbox 2201 3963 2263 4017; x_wconf 89' lang='lat'><strong>&#39;0</strong></span> <span class='ocrx_word' id='word_1_680' title='bbox 2290 3960 2591 4032; x_wconf 63' lang='grc' dir='ltr'>ἀγαπητὸς</span> <span class='ocrx_word' id='word_1_681' title='bbox 2639 3957 2937 4028; x_wconf 68' lang='grc' dir='ltr'>ἀδελφὸς,</span> <span class='ocrx_word' id='word_1_682' title='bbox 2986 3955 3084 4011; x_wconf 76' lang='grc' dir='ltr'>καί</span> <span class='ocrx_word' id='word_1_683' title='bbox 3132 3955 3350 4022; x_wconf 81' lang='grc' dir='ltr'>πιστὸς</span> <span class='ocrx_word' id='word_1_684' title='bbox 3389 3954 3684 4020; x_wconf 59' lang='lat' dir='ltr'><strong>diduci-cc,</strong></span> 
     </span>
    </p>
   </div>
   <div class='ocr_carea' id='block_1_95' title="bbox 2120 4044 3686 4120">
    <p class='ocr_par' dir='ltr' id='par_1_95' title="bbox 2120 4044 3686 4120">
     <span class='ocr_line' id='line_1_95' title="bbox 2120 4044 3686 4120; baseline -0.01 -7"><span class='ocrx_word' id='word_1_685' title='bbox 2120 4056 2220 4112; x_wconf 76' lang='grc' dir='ltr'>καί</span> <span class='ocrx_word' id='word_1_686' title='bbox 2243 4055 2585 4120; x_wconf 74' lang='grc' dir='ltr'>σύνδουλος</span> <span class='ocrx_word' id='word_1_687' title='bbox 2614 4053 2684 4106; x_wconf 86' lang='grc' dir='ltr'><strong>ἐν</strong></span> <span class='ocrx_word' id='word_1_688' title='bbox 2722 4052 2936 4120; x_wconf 75' lang='grc' dir='ltr'>Κυρίῳ.</span> <span class='ocrx_word' id='word_1_689' title='bbox 2967 4049 3030 4103; x_wconf 76' lang='lat' dir='ltr'><strong>Et</strong></span> <span class='ocrx_word' id='word_1_690' title='bbox 3061 4046 3365 4118; x_wconf 77' lang='grc' dir='ltr'>ἀγαπητὸς,</span> <span class='ocrx_word' id='word_1_691' title='bbox 3400 4049 3584 4102; x_wconf 83' lang='grc' dir='ltr'>πάντα</span> <span class='ocrx_word' id='word_1_692' title='bbox 3613 4044 3686 4100; x_wconf 68' lang='grc' dir='ltr'><strong>οἷο</strong></span> 
     </span>
    </p>
   </div>
   <div class='ocr_carea' id='block_1_96' title="bbox 2118 4137 3687 4211">
    <p class='ocr_par' dir='ltr' id='par_1_96' title="bbox 2118 4137 3687 4211">
     <span class='ocr_line' id='line_1_96' title="bbox 2118 4137 3687 4211; baseline -0.007 -10"><span class='ocrx_word' id='word_1_693' title='bbox 2118 4147 2208 4202; x_wconf 82' lang='grc' dir='ltr'>δεν</span> <span class='ocrx_word' id='word_1_694' title='bbox 2228 4164 2242 4178; x_wconf 80' lang='grc' dir='ltr'><strong>ο</strong></span> <span class='ocrx_word' id='word_1_695' title='bbox 2275 4147 2323 4199; x_wconf 89' lang='grc' dir='ltr'><strong>εί</strong></span> <span class='ocrx_word' id='word_1_696' title='bbox 2351 4143 2558 4210; x_wconf 78' lang='grc' dir='ltr'>πιστὸς,</span> <span class='ocrx_word' id='word_1_697' title='bbox 2588 4143 2649 4196; x_wconf 82' lang='grc' dir='ltr'>οὐ</span> <span class='ocrx_word' id='word_1_698' title='bbox 2681 4144 2725 4174; x_wconf 83' lang='grc'><strong>⁷⁸</strong></span> <span class='ocrx_word' id='word_1_699' title='bbox 2759 4140 3052 4211; x_wconf 73' lang='grc' dir='ltr'>ψεύσεταιο</span> <span class='ocrx_word' id='word_1_700' title='bbox 3085 4139 3134 4192; x_wconf 82' lang='grc' dir='ltr'><strong>εί</strong></span> <span class='ocrx_word' id='word_1_701' title='bbox 3174 4137 3482 4204; x_wconf 58' lang='grc' dir='ltr'>σύνδιυλος,</span> <span class='ocrx_word' id='word_1_702' title='bbox 3517 4153 3687 4190; x_wconf 81' lang='grc' dir='ltr'>κεκοι-</span> 
     </span>
    </p>
   </div>
   <div class='ocr_carea' id='block_1_97' title="bbox 2119 4234 2836 4309">
    <p class='ocr_par' dir='ltr' id='par_1_97' title="bbox 2119 4234 2836 4309">
     <span class='ocr_line' id='line_1_97' title="bbox 2119 4234 2836 4309; baseline -0.007 -15"><span class='ocrx_word' id='word_1_703' title='bbox 2119 4239 2329 4309; x_wconf 84' lang='grc' dir='ltr'>νώνηκε</span> <span class='ocrx_word' id='word_1_704' title='bbox 2359 4237 2465 4292; x_wconf 80' lang='grc' dir='ltr'><strong>τῶν</strong></span> <span class='ocrx_word' id='word_1_705' title='bbox 2495 4234 2836 4307; x_wconf 84' lang='grc' dir='ltr'>πειρασμῶν.</span> 
     </span>
    </p>
   </div>
   <div class='ocr_carea' id='block_1_98' title="bbox 2196 4323 3690 4398">
    <p class='ocr_par' dir='ltr' id='par_1_98' title="bbox 2196 4323 3690 4398">
     <span class='ocr_line' id='line_1_98' title="bbox 2196 4323 3690 4398; baseline -0.009 -14"><span class='ocrx_word' id='word_1_706' title='bbox 2196 4332 2306 4384; x_wconf 82' lang='grc' dir='ltr'><strong>’ον</strong></span> <span class='ocrx_word' id='word_1_707' title='bbox 2361 4329 2604 4398; x_wconf 69' lang='grc' dir='ltr'>ἔπεμψα</span> <span class='ocrx_word' id='word_1_708' title='bbox 2653 4325 2802 4394; x_wconf 79' lang='grc' dir='ltr'>πρὸς</span> <span class='ocrx_word' id='word_1_709' title='bbox 2852 4324 3007 4395; x_wconf 82' lang='grc' dir='ltr'>ὑμᾶς</span> <span class='ocrx_word' id='word_1_710' title='bbox 3030 4327 3119 4392; x_wconf 87' lang='grc' dir='ltr'>εις</span> <span class='ocrx_word' id='word_1_711' title='bbox 3155 4324 3304 4380; x_wconf 82' lang='grc' dir='ltr'>αὐτὸ</span> <span class='ocrx_word' id='word_1_712' title='bbox 3345 4323 3546 4385; x_wconf 76' lang='grc' dir='ltr'>τοῦτο,</span> <span class='ocrx_word' id='word_1_713' title='bbox 3597 4324 3690 4374; x_wconf 78' lang='lat' dir='ltr'><strong>ira</strong></span> 
     </span>
    </p>
   </div>
   <div class='ocr_carea' id='block_1_99' title="bbox 2120 4414 3688 4492">
    <p class='ocr_par' dir='ltr' id='par_1_99' title="bbox 2120 4414 3688 4492">
     <span class='ocr_line' id='line_1_99' title="bbox 2120 4414 3688 4492; baseline -0.007 -17"><span class='ocrx_word' id='word_1_714' title='bbox 2120 4421 2242 4492; x_wconf 74' lang='grc' dir='ltr'><strong>γνῷ</strong></span> <span class='ocrx_word' id='word_1_715' title='bbox 2275 4421 2348 4474; x_wconf 80' lang='grc' dir='ltr'>τὰ</span> <span class='ocrx_word' id='word_1_716' title='bbox 2372 4420 2506 4490; x_wconf 77' lang='grc' dir='ltr'>περὶ</span> <span class='ocrx_word' id='word_1_717' title='bbox 2533 4417 2718 4489; x_wconf 79' lang='grc' dir='ltr'>ὑμῶν,</span> <span class='ocrx_word' id='word_1_718' title='bbox 2747 4417 2844 4471; x_wconf 81' lang='grc' dir='ltr'><strong>καὶ</strong></span> <span class='ocrx_word' id='word_1_719' title='bbox 2890 4417 3281 4486; x_wconf 72' lang='grc' dir='ltr'>παρακαλέσῃ</span> <span class='ocrx_word' id='word_1_720' title='bbox 3308 4415 3416 4482; x_wconf 83' lang='grc' dir='ltr'>τὰς</span> <span class='ocrx_word' id='word_1_721' title='bbox 3448 4414 3688 4483; x_wconf 71' lang='grc' dir='ltr'>καρδίας</span> 
     </span>
    </p>
   </div>
   <div class='ocr_carea' id='block_1_100' title="bbox 2121 4507 3687 4584">
    <p class='ocr_par' dir='ltr' id='par_1_100' title="bbox 2121 4507 3687 4584">
     <span class='ocr_line' id='line_1_100' title="bbox 2121 4507 3687 4584; baseline -0.008 -14"><span class='ocrx_word' id='word_1_722' title='bbox 2121 4513 2290 4584; x_wconf 78' lang='grc' dir='ltr'>ὑμῶν</span> <span class='ocrx_word' id='word_1_723' title='bbox 2309 4553 2321 4566; x_wconf 95' lang='grc'><strong>.</strong></span> <span class='ocrx_word' id='word_1_724' title='bbox 2344 4511 2611 4566; x_wconf 80' lang='grc' dir='ltr'>Ἐνταῦθα</span> <span class='ocrx_word' id='word_1_725' title='bbox 2643 4511 2742 4581; x_wconf 82' lang='grc' dir='ltr'>τὴν</span> <span class='ocrx_word' id='word_1_726' title='bbox 2773 4509 2909 4582; x_wconf 74' lang='grc' dir='ltr'>πρὸς</span> <span class='ocrx_word' id='word_1_727' title='bbox 2945 4509 3142 4572; x_wconf 78' lang='grc' dir='ltr'>αὐτοὺς</span> <span class='ocrx_word' id='word_1_728' title='bbox 3167 4510 3388 4579; x_wconf 82' lang='grc' dir='ltr'>ἀγάπην</span> <span class='ocrx_word' id='word_1_729' title='bbox 3405 4507 3687 4570; x_wconf 75' lang='grc' dir='ltr'>δείκνυσιν,</span> 
     </span>
    </p>
   </div>
   <div class='ocr_carea' id='block_1_101' title="bbox 2123 4598 3686 4675">
    <p class='ocr_par' dir='ltr' id='par_1_101' title="bbox 2123 4598 3686 4675">
     <span class='ocr_line' id='line_1_101' title="bbox 2123 4598 3686 4675; baseline -0.006 -15"><span class='ocrx_word' id='word_1_730' title='bbox 2123 4607 2177 4660; x_wconf 81' lang='grc' dir='ltr'><strong>εί</strong></span> <span class='ocrx_word' id='word_1_731' title='bbox 2199 4623 2270 4675; x_wconf 37' lang='grc' dir='ltr'><strong>γε,</strong></span> <span class='ocrx_word' id='word_1_732' title='bbox 2286 4605 2376 4662; x_wconf 81' lang='grc' dir='ltr'><strong>διὰ</strong></span> <span class='ocrx_word' id='word_1_733' title='bbox 2403 4604 2563 4658; x_wconf 76' lang='grc' dir='ltr'>τοῦτο</span> <span class='ocrx_word' id='word_1_734' title='bbox 2585 4603 2748 4658; x_wconf 81' lang='grc' dir='ltr'>αὑτὸν</span> <span class='ocrx_word' id='word_1_735' title='bbox 2771 4603 3135 4663; x_wconf 82' lang='grc' dir='ltr'>ἀπέσταλκεν,</span> <span class='ocrx_word' id='word_1_736' title='bbox 3167 4601 3255 4654; x_wconf 77' lang='grc' dir='ltr'><strong>ἴνα</strong></span> <span class='ocrx_word' id='word_1_737' title='bbox 3275 4600 3390 4670; x_wconf 89' lang='grc' dir='ltr'>γνῷ</span> <span class='ocrx_word' id='word_1_738' title='bbox 3404 4599 3475 4653; x_wconf 83' lang='grc' dir='ltr'>τὰ</span> <span class='ocrx_word' id='word_1_739' title='bbox 3495 4598 3686 4660; x_wconf 82' lang='grc' dir='ltr'>αὐτῶν,</span> 
     </span>
    </p>
   </div>
   <div class='ocr_carea' id='block_1_102' title="bbox 2124 4689 3690 4769">
    <p class='ocr_par' dir='ltr' id='par_1_102' title="bbox 2124 4689 3690 4769">
     <span class='ocr_line' id='line_1_102' title="bbox 2124 4689 3690 4769; baseline -0.008 -17"><span class='ocrx_word' id='word_1_740' title='bbox 2124 4697 2224 4769; x_wconf 87' lang='grc' dir='ltr'><strong>οὐχ</strong></span> <span class='ocrx_word' id='word_1_741' title='bbox 2255 4697 2344 4750; x_wconf 80' lang='grc' dir='ltr'>ἵνα</span> <span class='ocrx_word' id='word_1_742' title='bbox 2370 4697 2438 4750; x_wconf 82' lang='grc' dir='ltr'>τὰ</span> <span class='ocrx_word' id='word_1_743' title='bbox 2470 4693 2633 4749; x_wconf 75' lang='grc' dir='ltr'>αὑτοῦ</span> <span class='ocrx_word' id='word_1_744' title='bbox 2653 4693 2965 4767; x_wconf 79' lang='grc' dir='ltr'>ἀπαγγείλῃ</span> <span class='ocrx_word' id='word_1_745' title='bbox 3004 4693 3210 4756; x_wconf 84' lang='grc' dir='ltr'>αὐτοῖς,</span> <span class='ocrx_word' id='word_1_746' title='bbox 3239 4691 3355 4745; x_wconf 85' lang='grc' dir='ltr'>ἀλλ’</span> <span class='ocrx_word' id='word_1_747' title='bbox 3374 4691 3464 4744; x_wconf 79' lang='grc' dir='ltr'>ἵνα</span> <span class='ocrx_word' id='word_1_748' title='bbox 3504 4689 3690 4749; x_wconf 77' lang='grc' dir='ltr'>αὐτοὺς</span> 
     </span>
    </p>
   </div>
   <div class='ocr_carea' id='block_1_103' title="bbox 2126 4779 3689 4859">
    <p class='ocr_par' dir='ltr' id='par_1_103' title="bbox 2126 4779 3689 4859">
     <span class='ocr_line' id='line_1_103' title="bbox 2126 4779 3689 4859; baseline -0.006 -19"><span class='ocrx_word' id='word_1_749' title='bbox 2126 4787 2502 4859; x_wconf 79' lang='grc' dir='ltr'>παρακαλέσῃ.</span> <span class='ocrx_word' id='word_1_750' title='bbox 2528 4785 2778 4838; x_wconf 85' lang='grc' dir='ltr'>Δείκνυσι</span> <span class='ocrx_word' id='word_1_751' title='bbox 2793 4783 2850 4836; x_wconf 72' lang='grc' dir='ltr'><strong>δὲ</strong></span> <span class='ocrx_word' id='word_1_752' title='bbox 2872 4783 3072 4845; x_wconf 77' lang='grc' dir='ltr'>αὐτοὺς</span> <span class='ocrx_word' id='word_1_753' title='bbox 3091 4782 3148 4835; x_wconf 81' lang='grc' dir='ltr'>ὲν</span> <span class='ocrx_word' id='word_1_754' title='bbox 3162 4782 3496 4850; x_wconf 83' lang='grc' dir='ltr'>πειρασμοῖς</span> <span class='ocrx_word' id='word_1_755' title='bbox 3518 4779 3689 4839; x_wconf 74' lang='grc' dir='ltr'>ὄντας,</span> 
     </span>
    </p>
   </div>
   <div class='ocr_carea' id='block_1_104' title="bbox 2125 4875 2992 4950">
    <p class='ocr_par' dir='ltr' id='par_1_104' title="bbox 2125 4875 2992 4950">
     <span class='ocr_line' id='line_1_104' title="bbox 2125 4875 2992 4950; baseline -0.006 -17"><span class='ocrx_word' id='word_1_756' title='bbox 2125 4880 2218 4934; x_wconf 77' lang='grc' dir='ltr'><strong>καὶ</strong></span> <span class='ocrx_word' id='word_1_757' title='bbox 2248 4879 2645 4950; x_wconf 84' lang='grc' dir='ltr'>παρακλήσεως</span> <span class='ocrx_word' id='word_1_758' title='bbox 2669 4875 2992 4948; x_wconf 76' lang='grc' dir='ltr'>χρῄζοντας.</span> 
     </span>
    </p>
   </div>
   <div class='ocr_carea' id='block_1_105' title="bbox 2195 4959 3693 5038">
    <p class='ocr_par' dir='ltr' id='par_1_105' title="bbox 2195 4959 3693 5038">
     <span class='ocr_line' id='line_1_105' title="bbox 2195 4959 3693 5038; baseline -0.006 -14"><span class='ocrx_word' id='word_1_759' title='bbox 2195 4971 2318 5025; x_wconf 80' lang='grc' dir='ltr'><strong>Σὺν</strong></span> <span class='ocrx_word' id='word_1_760' title='bbox 2355 4970 2652 5038; x_wconf 77' lang='grc' dir='ltr'>Ὀνησίμῳ</span> <span class='ocrx_word' id='word_1_761' title='bbox 2685 4966 2764 5034; x_wconf 82' lang='grc' dir='ltr'>τῷ</span> <span class='ocrx_word' id='word_1_762' title='bbox 2780 4967 2972 5033; x_wconf 79' lang='grc' dir='ltr'>πιστῷ</span> <span class='ocrx_word' id='word_1_763' title='bbox 3000 4965 3098 5020; x_wconf 76' lang='grc' dir='ltr'>καί</span> <span class='ocrx_word' id='word_1_764' title='bbox 3129 4963 3413 5034; x_wconf 60' lang='grc' dir='ltr'>ἀναπητῷ</span> <span class='ocrx_word' id='word_1_765' title='bbox 3439 4959 3693 5030; x_wconf 67' lang='grc' dir='ltr'><strong>ἀδελφῷ.</strong></span> 
     </span>
    </p>
   </div>
   <div class='ocr_carea' id='block_1_106' title="bbox 2125 5051 3692 5132">
    <p class='ocr_par' dir='ltr' id='par_1_106' title="bbox 2125 5051 3692 5132">
     <span class='ocr_line' id='line_1_106' title="bbox 2125 5051 3692 5132; baseline -0.008 -13"><span class='ocrx_word' id='word_1_766' title='bbox 2125 5066 2191 5132; x_wconf 85' lang='grc' dir='ltr'>ὅς</span> <span class='ocrx_word' id='word_1_767' title='bbox 2217 5063 2387 5117; x_wconf 78' lang='grc' dir='ltr'>ἐστιν</span> <span class='ocrx_word' id='word_1_768' title='bbox 2401 5062 2470 5126; x_wconf 77' lang='grc' dir='ltr'><strong>ἐξ</strong></span> <span class='ocrx_word' id='word_1_769' title='bbox 2495 5059 2682 5130; x_wconf 75' lang='grc' dir='ltr'>ὑμῶν.</span> <span class='ocrx_word' id='word_1_770' title='bbox 2725 5061 3014 5130; x_wconf 83' lang='grc' dir='ltr'>Ὀνήσιμος</span> <span class='ocrx_word' id='word_1_771' title='bbox 3041 5051 3195 5120; x_wconf 76' lang='grc' dir='ltr'>οὗτός</span> <span class='ocrx_word' id='word_1_772' title='bbox 3228 5059 3375 5109; x_wconf 76' lang='grc' dir='ltr'>ἐστιν</span> <span class='ocrx_word' id='word_1_773' title='bbox 3427 5058 3456 5109; x_wconf 85' lang='grc' dir='ltr'>ὁ</span> <span class='ocrx_word' id='word_1_774' title='bbox 3483 5054 3576 5108; x_wconf 79' lang='grc' dir='ltr'>τοῦ</span> <span class='ocrx_word' id='word_1_775' title='bbox 3607 5056 3692 5106; x_wconf 73' lang='grc' dir='ltr'><strong>Φ.-</strong></span> 
     </span>
    </p>
   </div>
   <div class='ocr_carea' id='block_1_107' title="bbox 2123 5149 3688 5227">
    <p class='ocr_par' dir='ltr' id='par_1_107' title="bbox 2123 5149 3688 5227">
     <span class='ocr_line' id='line_1_107' title="bbox 2123 5149 3688 5227; baseline -0.007 -17"><span class='ocrx_word' id='word_1_776' title='bbox 2123 5158 2356 5227; x_wconf 83' lang='grc' dir='ltr'>λήμονος</span> <span class='ocrx_word' id='word_1_777' title='bbox 2379 5153 2585 5217; x_wconf 81' lang='grc' dir='ltr'>δοῦλος.</span> <span class='ocrx_word' id='word_1_778' title='bbox 2619 5153 2796 5208; x_wconf 78' lang='grc' dir='ltr'>Βαϐαὶ</span> <span class='ocrx_word' id='word_1_779' title='bbox 2821 5153 2898 5218; x_wconf 81' lang='grc' dir='ltr'>δὲ,</span> <span class='ocrx_word' id='word_1_780' title='bbox 2931 5153 3012 5216; x_wconf 84' lang='grc' dir='ltr'><strong>είς</strong></span> <span class='ocrx_word' id='word_1_781' title='bbox 3043 5152 3231 5222; x_wconf 79' lang='grc' dir='ltr'>ἡλίκον</span> <span class='ocrx_word' id='word_1_782' title='bbox 3268 5150 3440 5220; x_wconf 80' lang='grc' dir='ltr'>ἀνέϐη</span> <span class='ocrx_word' id='word_1_783' title='bbox 3457 5149 3688 5217; x_wconf 74' lang='grc' dir='ltr'>ἀξίωμα,</span> 
     </span>
    </p>
   </div>
   <div class='ocr_carea' id='block_1_108' title="bbox 2125 5239 3691 5314">
    <p class='ocr_par' dir='ltr' id='par_1_108' title="bbox 2125 5239 3691 5314">
     <span class='ocr_line' id='line_1_108' title="bbox 2125 5239 3691 5314; baseline -0.008 -11"><span class='ocrx_word' id='word_1_784' title='bbox 2125 5249 2268 5303; x_wconf 81' lang='grc' dir='ltr'>ὥστε</span> <span class='ocrx_word' id='word_1_785' title='bbox 2305 5248 2398 5302; x_wconf 74' lang='grc' dir='ltr'><strong>καὶ</strong></span> <span class='ocrx_word' id='word_1_786' title='bbox 2429 5245 2655 5314; x_wconf 84' lang='grc' dir='ltr'>ἀδελφὸς</span> <span class='ocrx_word' id='word_1_787' title='bbox 2687 5241 2824 5298; x_wconf 80' lang='grc' dir='ltr'>εἶναι</span> <span class='ocrx_word' id='word_1_788' title='bbox 2856 5245 3068 5298; x_wconf 83' lang='grc' dir='ltr'>Παύλου</span> <span class='ocrx_word' id='word_1_789' title='bbox 3095 5247 3108 5300; x_wconf 77' lang='grc' dir='ltr'><strong>ί</strong></span> <span class='ocrx_word' id='word_1_790' title='bbox 3140 5245 3252 5298; x_wconf 66' lang='grc' dir='ltr'><strong>Καὶ</strong></span> <span class='ocrx_word' id='word_1_791' title='bbox 3276 5241 3488 5305; x_wconf 81' lang='grc' dir='ltr'>Παῦλος</span> <span class='ocrx_word' id='word_1_792' title='bbox 3518 5241 3574 5294; x_wconf 77' lang='grc' dir='ltr'><strong>δὲ</strong></span> <span class='ocrx_word' id='word_1_793' title='bbox 3599 5239 3691 5292; x_wconf 71' lang='grc' dir='ltr'><strong>οὐκ</strong></span> 
     </span>
    </p>
   </div>
   <div class='ocr_carea' id='block_1_109' title="bbox 2126 5332 3694 5412">
    <p class='ocr_par' dir='ltr' id='par_1_109' title="bbox 2126 5332 3694 5412">
     <span class='ocr_line' id='line_1_109' title="bbox 2126 5332 3694 5412; baseline -0.01 -14"><span class='ocrx_word' id='word_1_794' title='bbox 2126 5341 2440 5412; x_wconf 75' lang='grc' dir='ltr'>αἰσχύνεται</span> <span class='ocrx_word' id='word_1_795' title='bbox 2479 5339 2577 5393; x_wconf 80' lang='grc' dir='ltr'>τοῦ</span> <span class='ocrx_word' id='word_1_796' title='bbox 2607 5337 2796 5393; x_wconf 82' lang='grc' dir='ltr'>δούλου</span> <span class='ocrx_word' id='word_1_797' title='bbox 2827 5335 2970 5392; x_wconf 79' lang='grc' dir='ltr'>εἶναι</span> <span class='ocrx_word' id='word_1_798' title='bbox 3018 5338 3266 5406; x_wconf 80' lang='grc' dir='ltr'>ἀδελφός.</span> <span class='ocrx_word' id='word_1_799' title='bbox 3317 5334 3620 5405; x_wconf 84' lang='grc' dir='ltr'>Ἐγκὼμιον</span> <span class='ocrx_word' id='word_1_800' title='bbox 3641 5332 3694 5384; x_wconf 70' lang='grc' dir='ltr'><strong>δὲ</strong></span> 
     </span>
    </p>
   </div>
   <div class='ocr_carea' id='block_1_110' title="bbox 2126 5424 3689 5508">
    <p class='ocr_par' dir='ltr' id='par_1_110' title="bbox 2126 5424 3689 5508">
     <span class='ocr_line' id='line_1_110' title="bbox 2126 5424 3689 5508; baseline -0.008 -19"><span class='ocrx_word' id='word_1_801' title='bbox 2126 5438 2225 5508; x_wconf 85' lang='grc' dir='ltr'>τῆς</span> <span class='ocrx_word' id='word_1_802' title='bbox 2248 5433 2455 5495; x_wconf 83' lang='grc' dir='ltr'>πόλεως</span> <span class='ocrx_word' id='word_1_803' title='bbox 2487 5430 2688 5496; x_wconf 67' lang='grc' dir='ltr'>αὐτῶν,</span> <span class='ocrx_word' id='word_1_804' title='bbox 2722 5431 2804 5494; x_wconf 68' lang='grc' dir='ltr'><strong>τὸ,</strong></span> <span class='ocrx_word' id='word_1_805' title='bbox 2829 5433 2936 5498; x_wconf 69' lang='lat' dir='ltr'><strong>“Oc</strong></span> <span class='ocrx_word' id='word_1_806' title='bbox 2965 5431 3138 5485; x_wconf 74' lang='grc' dir='ltr'>ἐστιν</span> <span class='ocrx_word' id='word_1_807' title='bbox 3165 5431 3234 5494; x_wconf 80' lang='grc' dir='ltr'><strong>ἐξ</strong></span> <span class='ocrx_word' id='word_1_808' title='bbox 3266 5427 3453 5498; x_wconf 78' lang='grc' dir='ltr'>ὑμῶν,</span> <span class='ocrx_word' id='word_1_809' title='bbox 3484 5427 3571 5480; x_wconf 83' lang='grc' dir='ltr'>ἵνα</span> <span class='ocrx_word' id='word_1_810' title='bbox 3600 5424 3689 5479; x_wconf 72' lang='grc' dir='ltr'><strong>καὶ</strong></span> 
     </span>
    </p>
   </div>
   <div class='ocr_carea' id='block_1_111' title="bbox 2129 5521 3522 5596">
    <p class='ocr_par' dir='ltr' id='par_1_111' title="bbox 2129 5521 3522 5596">
     <span class='ocr_line' id='line_1_111' title="bbox 2129 5521 3522 5596; baseline -0.006 -15"><span class='ocrx_word' id='word_1_811' title='bbox 2129 5524 2646 5596; x_wconf 82' lang='grc' dir='ltr'>ὲγκαλλωπίζωνται</span> <span class='ocrx_word' id='word_1_812' title='bbox 2679 5523 2755 5588; x_wconf 80' lang='grc' dir='ltr'>ὡς</span> <span class='ocrx_word' id='word_1_813' title='bbox 2800 5523 3036 5578; x_wconf 78' lang='grc' dir='ltr'>τοιοῦτον</span> <span class='ocrx_word' id='word_1_814' title='bbox 3077 5521 3522 5594; x_wconf 71' lang='grc' dir='ltr'>προενεγκόντες.</span> 
     </span>
    </p>
   </div>
   <div class='ocr_carea' id='block_1_112' title="bbox 1768 5740 2326 5809">
    <p class='ocr_par' dir='ltr' id='par_1_112' title="bbox 1768 5740 2326 5809">
     <span class='ocr_line' id='line_1_112' title="bbox 1768 5740 2326 5809; baseline -0.013 -3"><span class='ocrx_word' id='word_1_815' title='bbox 1768 5741 1970 5809; x_wconf 78' lang='lat' dir='ltr'><strong>Variae</strong></span> <span class='ocrx_word' id='word_1_816' title='bbox 1997 5740 2326 5804; x_wconf 87' lang='lat' dir='ltr'><strong>lectiones.</strong></span> 
     </span>
    </p>
   </div>
   <div class='ocr_carea' id='block_1_113' title="bbox 525 5824 1396 5896">
    <p class='ocr_par' dir='ltr' id='par_1_113' title="bbox 525 5824 1396 5896">
     <span class='ocr_line' id='line_1_113' title="bbox 525 5824 1396 5896; baseline -0.001 -16"><span class='ocrx_word' id='word_1_817' title='bbox 525 5827 569 5860; x_wconf 71' lang='grc' dir='ltr'><strong>ίθ</strong></span> <span class='ocrx_word' id='word_1_818' title='bbox 602 5824 922 5896; x_wconf 52' lang='grc' dir='ltr'>ὃιαφθορίαν</span> <span class='ocrx_word' id='word_1_819' title='bbox 953 5841 1002 5881; x_wconf 93' lang='lat' dir='ltr'><strong>o.</strong></span> <span class='ocrx_word' id='word_1_820' title='bbox 1081 5825 1124 5856; x_wconf 81' lang='lat'><strong>’°</strong></span> <span class='ocrx_word' id='word_1_821' title='bbox 1158 5825 1308 5880; x_wconf 78' lang='grc' dir='ltr'>οὐδὲν</span> <span class='ocrx_word' id='word_1_822' title='bbox 1345 5838 1396 5879; x_wconf 86' lang='grc'>0.</span> 
     </span>
    </p>
   </div>
  </div>
