3994 6612
283 388 418 450 1273

1053 391 1460 452 EXPOSITIO
1501 391 1579 451 1N
1610 373 1850 455 EPIST'.
1889 394 1989 454 AD
2019 394 2315 456 COLOSS.
2345 421 2411 434 -
2445 395 2603 456 CAP.
2634 397 2728 457 1v.

3389 396 3524 462 1274

344 500 553 554 Πάντα
605 501 747 571 ὑμῖν
779 502 1097 571 γνωριοῦσι
1149 505 1221 560 τὰ
1269 500 1407 561 ὧδε.
1449 507 1734 570 Τουτέστι,
1765 505 1848 558 Τά

2027 504 2219 561 Omnia
2255 523 2371 574 qua:
2403 509 2488 562 hic
2528 517 2793 578 aguntur,
2817 518 2950 563 nota
2985 510 3177 581 facient
3221 511 3378 566 vobis.
3413 512 3524 567 Hoc

270 591 466 660 δεσμὰ,
500 592 594 649 καὶ
620 593 688 646 τὰ
727 593 862 648 ἄλλα
911 595 980 648 τὰ
1035 596 1337 667 κατέχοντά
1369 615 1458 668 με.
1515 598 1577 650 Εἰ
1629 598 1739 668 γάρ
1774 597 1848 668 μὴ

270 681 442 734 ταῦτα
471 678 563 752 ἦν,
603 679 766 754 ἦλθον
793 683 860 739 ἂν
883 684 1018 754 πρὸς
1042 685 1208 755 ὑμᾶς.

352 773 692 834 Ἀσπάζεται
711 774 861 846 ὑμᾶς
895 775 1283 846 Ἀρίσταρχος
1299 781 1331 832 ὁ
1357 778 1851 848 συναιχμάλωτός

265 880 406 931 μου.
437 857 604 925 Οὗτός
641 865 790 916 ἐστιν
818 865 845 916 ὁ
876 865 985 920 ἀπὸ
1016 865 1408 936 Ἱεροσολύμων
1448 866 1702 936 ἀναχθεὶς
1730 867 1849 938 μετ’

269 953 461 1007 αὑτοῦ.
493 953 694 1017 Μεῖζον
719 955 774 1007 δὲ
826 951 948 1008 εἷπε
977 955 1086 1009 τῶν
1130 957 1427 1026 προφητῶν
1456 959 1484 1011 ὁ
1509 958 1718 1022 Παῦλος
1739 999 1754 1025 ,
1798 958 1854 1012 εἰ

269 1061 329 1112 γε
371 1046 570 1098 ἐκεῖνοι
631 1047 732 1116 μὲν
776 1046 961 1112 ξένους
1007 1049 1099 1102 καὶ
1161 1050 1579 1120 παρεπιδήμους
1620 1050 1851 1115 ἑαυτοὺς

273 1137 532 1200 ἐκάλουν,
561 1130 719 1202 οὗτος
757 1138 812 1191 δὲ
842 1140 935 1192 καὶ
969 1140 1312 1210 αἰχμάλωτον
1351 1141 1563 1195 ἑαυτόν.
1598 1143 1708 1195 Καὶ
1737 1143 1848 1210 γὰρ

265 1229 344 1298 τῷ
375 1230 489 1282 δντι
510 1229 554 1261 ⁷³
575 1228 825 1298 καθάπερ
850 1227 1208 1299 αἰχμάλωτος,
1237 1228 1407 1294 οὕτως
1427 1231 1588 1299 ἤγετο
1605 1231 1698 1283 καὶ
1726 1231 1852 1298 ἐφέ-

266 1345 396 1398 ρετο
425 1345 438 1359 ·
473 1327 673 1396 μᾶλλον
696 1327 753 1380 δὲ
790 1326 886 1379 καὶ
908 1330 1109 1397 χεῖρον.
1143 1326 1265 1379 Τῶν
1297 1325 1395 1395 μὲν
1427 1328 1537 1400 γὰρ
1563 1325 1847 1397 αἰχμαλώ-

263 1435 399 1483 των,
435 1418 508 1481 ῶς
531 1417 751 1471 οἰκείων
793 1418 1125 1488 κτημάτων¹,
1179 1419 1225 1469 οἱ
1275 1417 1680 1488 κεκρατηκότες
1733 1419 1854 1470 ὲπι-

267 1509 568 1580 μελοῦνται
595 1507 812 1563 ’τοῦτον
839 1509 916 1573 δὲ,
940 1508 1015 1571 ὡς
1039 1506 1234 1579 ἐχθρὸν
1252 1509 1345 1561 καὶ
1371 1507 1629 1576 πολέμιον
1652 1507 1852 1574 πάντες

264 1599 407 1673 ἦγον
443 1602 543 1657 καὶ
597 1601 814 1674 ἔφερον.
866 1601 1036 1654 Τοῦτο
1080 1603 1172 1654 καὶ
1214 1600 1442 1664 ἐκείνοις
1484 1601 1848 1672 παράκλησις»

262 1698 318 1750 εἰ
348 1713 412 1765 γε
451 1695 479 1746 ὁ
513 1694 837 1758 διδάσκαλος
871 1697 929 1746 ἐν
967 1693 1250 1756 τοιούτοις.
1349 1728 1356 1733 -
1467 1741 1470 1744 .

338 1789 452 1845 Καὶ
483 1787 726 1858 Μάρκος
758 1791 792 1842 ό
829 1785 1082 1854 ἀνεψιὸς
1122 1785 1421 1854 Βαρνάϐα.
1507 1785 1616 1840 Καὶ
1665 1785 1852 1839 τοῦτον

1954 607 2058 667 est,
2096 600 2330 667 vincula,
2364 601 2576 670 aliaque
2607 617 2695 655 me
2760 601 3078 657 detinentia.
3110 602 3166 658 Si
3215 603 3359 658 enim
3410 607 3526 660 haec

1955 705 2060 746 non
2093 702 2298 756 essent,
2327 693 2595 746 venissem
2625 693 2692 746 ad
2719 707 2832 747 vos.

2025 783 2190 840 Vens.
2235 784 2319 839 i0.
2365 784 2579 839 Salutat
2631 802 2720 840 uos
2783 786 3124 840 Aristarchus
3184 788 3524 855 concaptivus

1951 891 2116 930 meus.
2155 876 2252 930 Hic
2301 887 2384 932 est
2432 877 2521 946 qui
2557 893 2660 932 una
2697 894 2816 932 cmn
2863 878 2980 948 ipso
3031 879 3099 933 ab
3137 878 3526 950 Hierosolymis

1953 979 2036 1024 est
2067 968 2342 1024 reductus.
2378 968 2551 1038 Majas
2579 980 2756 1025 autem
2790 986 2954 1040 quam
2995 971 3272 1040 prophetat:
3324 971 3525 1028 Paulus

1952 1062 2090 1117 dixit
2121 1078 2134 1115 :
2170 1076 2295 1115 nam
2321 1061 2394 1116 illi
2422 1075 2540 1116 sese
2565 1061 2801 1132 hospites
2832 1072 2886 1118 et
2917 1064 3247 1132 peregrinos,
3278 1064 3367 1119 hic
3396 1081 3524 1119 vero

1954 1159 2009 1206 et
2039 1151 2310 1221 captivum
2347 1153 2580 1221 seipsum
2623 1155 2881 1207 nominat.
2912 1154 3119 1209 Revera
3157 1155 3299 1208 enim
3329 1157 3522 1223 captivi

1955 1242 2128 1296 instar
2191 1243 2523 1297 tractabatur
2581 1244 2982 1313 agebaturque,
3015 1245 3124 1298 imo
3180 1245 3352 1314 pejus.
3390 1245 3524 1300 Nam

1952 1332 2310 1400 captivorum.
2334 1341 2393 1386 ut
2420 1346 2642 1386 suarum
2666 1333 3088 1402 possessionum,
3116 1333 3207 1401 qui
3239 1347 3332 1388 eos
3363 1348 3526 1401 cepe-

1955 1433 2104 1491 runt,
2133 1438 2322 1478 curam
2373 1433 2566 1493 gerunt
2606 1443 2618 1479 :
2657 1425 2799 1478 hunc
2823 1435 3007 1478 autem
3043 1438 3139 1478 ceu
3170 1425 3442 1478 inimicum
3473 1432 3528 1479 et

1954 1515 2166 1571 hostem
2215 1530 2405 1573 omnes
2450 1516 2718 1571 ducebant
2769 1524 2824 1569 et
2875 1515 3201 1572 tractabant.
3270 1514 3381 1571 Hoc
3425 1516 3529 1570 illis

1953 1609 2114 1662 etiam
2138 1611 2192 1662 in
2226 1607 2648 1662 consolationem
2684 1607 2904 1671 dicitur,
2929 1607 3368 1677 quandoquidem
3389 1623 3530 1676 prte-

1954 1711 2144 1769 ceptor
2182 1714 2369 1754 eorum
2407 1699 2716 1769 huiusmodi
2744 1702 3000 1768 patiatur.

2029 1791 2094 1845 Et
2136 1791 2351 1846 Marcus
2411 1791 2755 1845 consobrinus
2789 1789 3070 1845 Barnaba’.
3105 1791 3175 1846 Et
3201 1793 3343 1846 hunc
3377 1807 3406 1845 a
3439 1806 3534 1846 co—
3621 1785 3625 1790 ’

263 1853 615 1950 ἐγκωμιάζει
654 1879 763 1934 ἀπὸ
798 1880 896 1950 τῆς
930 1853 1253 1946 συγγενείας
1274 1894 1286 1906 ·
1314 1877 1488 1948 μέγας
1510 1877 1617 1948 γὰρ
1643 1878 1671 1930 ὁ
1706 1877 1850 1948 Βαρ-

1974 1882 2198 1952 gnitione
2227 1882 2572 1937 commendat
2604 1900 2620 1936 :
2659 1898 2860 1954 magno
2888 1885 3035 1938 enim
3096 1884 3149 1938 in
3205 1884 3379 1953 pretio
3415 1892 3535 1940 erat

264 1973 464 2036 viGag.

342 2066 482 2133 Περί
504 2059 577 2120 οὗ
597 2063 842 2118 ἐλάϐετε
861 2062 1135 2130 ἐντολὰς,
1179 2061 1288 2116 ἐὰν
1323 2063 1470 2130 ἔλθῃ
1491 2059 1640 2130 πρὸς
1674 2059 1851 2130 ὑμᾶς,

263 2158 528 2224 δέξασθε
582 2159 789 2212 αὐτόν.
852 2158 986 2226 Περὶ
1042 2154 1298 2226 Βαρνάϐα
1335 2154 1465 2218 ἴσως
1517 2153 1706 2208 ἔλαϐον
1756 2154 1856 2216 τὰς

264 2251 515 2316 ἐντολὰς,
543 2249 684 2304 ὥστε
720 2249 975 2316 δέξασθαι
1025 2249 1186 2302 αὐτὸν
1223 2247 1362 2318 μετὰ
1387 2247 1575 2318 τιμῆς.
1619 2245 1853 2300 Δύνασαι

264 2343 326 2396 δὲ
351 2343 536 2408 στίξαι
561 2341 666 2411 μὲν
705 2342 786 2404 εἰς
817 2341 898 2402 τὸ,
961 2339 1239 2396 Ἐλὰὅετε
1287 2338 1578 2404 ἐντολάςο
1614 2334 1734 2392 εἶτα
1761 2338 1855 2391 ἀπ’

264 2431 438 2501 ἄλλης
472 2431 646 2501 ἀρχῆς
677 2430 998 2498 ἀναγνῶναι
1041 2431 1124 2496 τὸ,
1169 2431 1305 2485 Ἐὰν
1337 2430 1486 2498 ἔλθῃ
1512 2429 1661 2499 πρὸς
1680 2426 1853 2498 ὑμᾶς,

264 2517 314 2577 ὦ
347 2523 700 2586 Κολοσσαεῐς,
730 2521 990 2585 δέξασθε
1037 2522 1222 2577 αὑτὸν
1245 2521 1502 2591 ἐντίμως.

344 2617 455 2670 Καὶ
496 2613 740 2683 Ἰησοῦς
777 2617 810 2668 d
831 2614 1156 2684 λεγόμενος
1205 2613 1496 2680 Ἰοῦστος.
1530 2613 1691 2677 Ἴσως
1745 2613 1856 2666 Κο-

275 2707 490 2777 ρίνθιος
516 2706 583 2777 ἦν
621 2699 803 2768 οὗτος.

350 2801 418 2852 οι
448 2798 623 2864 ὄντες
649 2797 718 2852 ἐκ
753 2795 1097 2868 περιτομῆς.
1146 2792 1313 2853 οὗτοι
1363 2798 1540 2867 μόνοι
1571 2797 1857 2867 συνεργοὶ

269 2891 364 2955 εἲς
419 2889 538 2958 τὴν
574 2890 907 2953 βασιλειαν
957 2889 1064 2943 τοῦ
1115 2889 1284 2944 Θεοῦ.
1327 2889 1510 2943 Εἰπὼν
1552 2889 1614 2944 τδ
1658 2891 1859 2955 ἰδιάζον

268 2981 496 3050 ἑκάστῳ
528 2983 574 3012 ⁷¹
626 2979 950 3049 ἐγκώμιον,
981 2977 1076 3032 νῦν
1110 2979 1170 3032 τὸ
1226 2980 1403 3032 κοινὸν
1450 2980 1654 3049 τίθησι.
1699 2980 1859 3048 Μέγα

272 3073 389 3142 γὰρ
419 3071 596 3126 ὲδόκει
633 3073 696 3126 τὸ
733 3071 794 3138 ἐξ
842 3071 1108 3126 Ἰουδαίων
1140 3067 1303 3124 εἶναι.
1359 3071 1578 3141 Ἐπειδὴ
1605 3072 1660 3124 δὲ
1696 3072 1862 3141 αἰχμ-

1958 1972 2253 2028 Barnabas.

2026 2062 2103 2117 De
2159 2080 2260 2132 quo
2322 2064 2596 2133 accepistis
2660 2065 2935 2132 mandata,
2978 2066 3026 2144 si
3058 2069 3246 2122 venerit
3294 2071 3364 2122 ad
3419 2086 3528 2136 vos,

1956 2156 2203 2225 suscipite
2232 2156 2404 2212 illum.
2431 2155 2507 2213 De
2533 2158 2774 2212 Barnaba
2808 2159 2990 2223 forsan
3021 2172 3343 2230 acceperant
3375 2177 3530 2215 mau-

1959 2249 2107 2314 data,
2135 2258 2194 2302 ut
2232 2248 2380 2326 illum
2433 2250 2729 2306 honoriﬁce
2772 2251 3106 2322 exciperent.
3157 2254 3314 2308 Potes
3349 2264 3528 2308 autem

1959 2339 2046 2395 hic
2097 2349 2356 2410 punctum
2405 2341 2620 2411 adigere
2679 2354 2826 2413 post,
2897 2344 3158 2399 Mandata
3209 2348 3530 2410 accepistis,

1959 2431 2153 2486 deinde
2190 2432 2258 2486 ab
2279 2433 2383 2487 alio
2408 2434 2672 2502 principio
2701 2435 2900 2505 legere,
2935 2435 2995 2490 Si
3037 2437 3226 2491 venerit
3261 2439 3332 2492 ad
3363 2454 3470 2500 vos,
3497 2453 3532 2494 o

1959 2521 2330 2590 Colossenses,
2362 2527 2608 2593 suscipite
2638 2544 2752 2582 eum
2785 2527 3105 2585 honoriﬁce.

2031 2610 2297 2667 Yenle.
2345 2615 2412 2668 Et
2455 2615 2611 2672 Iesus
2645 2618 2736 2687 qui
2761 2618 2958 2672 dicitur
3009 2617 3222 2674 Justus.
3278 2620 3534 2678 Fortasse

1960 2705 2046 2760 hic
2093 2703 2198 2759 fuit
2241 2705 2579 2764 Corinthius.

2031 2794 2136 2862 Qui
2159 2809 2279 2850 sunt
2309 2813 2374 2850 ea:
2420 2798 2860 2854 circumcisione:
2888 2799 2944 2854 hi
2973 2800 3071 2855 soli
3089 2811 3212 2856 sunt
3241 2804 3538 2872 coeperat-ii

1961 2887 2032 2940 ad
2083 2902 2295 2956 regnum
2345 2886 2460 2942 Dei.
2495 2887 2630 2942 Cum
2678 2891 2952 2958 propriam
3006 2891 3268 2962 cujusque
3320 2893 3532 2950 laudem

1962 2977 2208 3042 dixisset,
2242 2993 2385 3033 nunc
2407 2978 2574 3050 499
2606 2995 2947 3036 communem
2977 2984 3138 3037 etiam
3182 2985 3330 3053 ponit
3357 3002 3374 3042 :
3416 3002 3535 3039 ma-

1961 3084 2121 3139 gnum
2154 3070 2298 3124 enim
2332 3070 2616 3126 videbatur
2645 3087 2710 3125 ex
2738 3071 2936 3128 Iudaeis
2965 3089 3106 3130 esse.
3137 3075 3402 3142 Quoniam
3442 3092 3540 3129 att-

271 3165 524 3228 αλωσίας
549 3163 815 3236 ἐμνήσθη,
841 3162 930 3218 ἵνα
956 3163 1030 3234 μὴ
1061 3163 1366 3235 κατενέγκῃ
1387 3161 1486 3234 τὴν
1514 3161 1608 3215 τοῦ
1640 3162 1858 3216 ἀκούον-

1974 3167 2070 3213 tem
2107 3161 2436 3230 captivitatis
2474 3166 2836 3225 meminerat,
2887 3179 2955 3219 ne
3010 3165 3228 3235 dejiciat
3275 3167 3538 3224 auditoris

269 3276 366 3320 τος
415 3258 624 3327 ψυχὴν,
661 3255 964 3325 διανίστησι
1009 3254 1214 3320 λοιπὸν,
1277 3256 1472 3318 εἰπὼν,
1526 3255 1608 3307 ὅτι
1659 3255 1862 3324 Συνερ-

272 3348 441 3418 γοῦσί
493 3365 584 3418 μοι
626 3348 684 3400 ὲν
715 3348 827 3410 τοῖς
880 3348 960 3410 εἰς
1021 3346 1299 3416 βασιλείαν
1333 3345 1662 3414 εἰσάγουσιν.
1699 3346 1860 3398 Ὥστε

277 3441 381 3511 τῆς
420 3438 805 3508 αἰχμαλωσίας
847 3435 1250 3502 κοινωνοῦντες,
1304 3438 1399 3490 καὶ
1449 3436 1548 3505 τῆς
1583 3437 1862 3508 βασιλείας

272 3532 727 3600 κοινωνήσουσιν.
790 3529 848 3581 Ὀ
902 3527 958 3580 δὲ
1008 3526 1273 3597 μακάριος
1353 3527 1608 3595 Ἰωάννης
1687 3525 1862 3590 οὕτως

272 3624 516 3687 ἀνέγνω,
539 3620 614 3682 ὡς
647 3610 905 3688 ἀμυδρῶς
945 3616 1284 3689 παρῃνίξατο
1309 3632 1324 3646 ·
1362 3619 1425 3671 Ol
1455 3617 1626 3683 ὄντες
1661 3617 1728 3671 ὲκ
1762 3632 1861 3671 πε-

260 3712 549 3784 ριτομῆς.
605 3705 774 3766 οὗτοι
789 3710 986 3779 μόνοι.
1029 3711 1092 3762 υἱ
1127 3709 1235 3780 γὰρ
1287 3709 1528 3775 πλείους,
1582 3707 1641 3775 ἐξ
1691 3709 1863 3763 ὲθνῶν

273 3805 448 3880 ἦσαν.

357 3903 591 3967 Οἵτινες
631 3898 1014 3971 ἐγενήθησάν
1067 3915 1170 3968 μοι
1220 3895 1573 3966 παρηγορία.
1616 3894 1866 3948 Δείκνυσι

278 3997 380 4050 καὶ
413 3994 610 4048 ἑαυτὸν
641 3997 701 4047 ὲν
747 3993 1012 4063 μεγάλαις
1049 3990 1464 4055 κακιιῖισεσι,καί⁵
1503 3988 1729 4050 τούτους
1767 4002 1866 4057 με·

277 4089 487 4159 γάλους
520 4087 693 4153 τινὰς,
724 4086 778 4139 εἰ
805 4104 869 4155 γε
911 4085 1106 4155 Παύλῳ
1151 4083 1468 4154 παρηγορία
1517 4081 1866 4152 γεγένηνται.

281 4185 430 4253 Ὅρα
459 4182 542 4247 δὲ,
569 4181 687 4242 πῶς
713 4180 805 4233 τὸν
839 4181 896 4230 ὲν
931 4179 1151 4246 δεσμοῖς
1182 4177 1315 4230 ὄντα
1346 4173 1700 4246 παρηγορῶν,
1747 4191 1867 4226 κοιο

277 4275 456 4338 νωνὸς
482 4274 632 4344 αὐτῴ
657 4274 758 4342 τῆς
780 4271 1053 4344 βασιλείας
1086 4269 1544 4341 ἁνακηρύττεται.
1593 4268 1756 4320 Ὥστε
1789 4266 1872 4320 δεῖ

278 4371 413 4434 τοὺς
464 4367 941 4438 κακουχουμένους
969 4364 1058 4419 διὰ
1102 4362 1336 4434 Χριστὸν
1375 4362 1800 4434 περιποιεῖσθαι.

1966 3249 2234 3314 animum,
2271 3251 2523 3320 deinceps
2566 3252 2806 3320 excitat,
2845 3254 3096 3324 inquiens
3121 3297 3137 3323 ,
3170 3257 3542 3324 Cooperantnr

1967 3342 2096 3396 mihi
2141 3342 2194 3396 in
2241 3341 2308 3396 iis
2330 3357 2448 3411 qua:
2479 3343 2546 3398 ad
2580 3359 2805 3412 regnum
2841 3346 3125 3402 inducunt.
3179 3347 3412 3403 Proinde
3445 3352 3537 3417 qui

1967 3433 2100 3488 socii
2120 3443 2245 3488 sunt
2274 3434 2627 3502 captivitatis,
2660 3446 2821 3490 erunt
2852 3438 3014 3491 etiam
3043 3440 3335 3509 participes
3363 3441 3536 3510 regni.

1968 3525 2135 3581 Divus
2165 3535 2344 3582 autem
2398 3525 2636 3583 Joannes
2675 3528 3101 3599 Chrysostomus
3136 3529 3279 3586 hunc
3318 3535 3384 3585 ad
3421 3548 3538 3588 mo-

1968 3617 2094 3672 dum
2122 3616 2269 3688 legit,
2287 3619 2440 3689 quasi
2463 3620 2695 3674 obscure
2725 3628 2968 3674 notasset
2993 3618 3229 3688 Judzeos,
3263 3622 3535 3692 inquiens,

1971 3707 2074 3774 Qui
2111 3718 2236 3764 sunt
2270 3727 2335 3766 ea:
2364 3713 2781 3780 circumcisione,
2824 3715 2878 3769 lii
2919 3714 3020 3769 soli
3049 3729 3067 3767 :
3096 3715 3277 3786 plures
3305 3733 3540 3789 namque

1967 3813 2032 3854 ex
2063 3802 2307 3870 gentibus
2343 3801 2581 3859 fuerunt.

2041 3891 2146 3957 Qui
2192 3894 2316 3946 mihi
2347 3894 2559 3963 fuerunt
2577 3895 2791 3953 solatio.
2823 3895 3071 3953 Ostendit
3094 3913 3214 3953 sese
3240 3898 3294 3952 in
3328 3901 3541 3972 magnis

1969 3983 2344 4040 alllictionibus
2374 3984 2566 4062 fuisse,
2595 4001 2800 4058 eosque
2833 4005 3057 4059 magnos
3084 4005 3206 4046 esse
3248 3993 3539 4060 quosdam,

1969 4076 2165 4146 quippe
2194 4077 2284 4146 qui
2308 4076 2472 4136 Paulo
2501 4078 2854 4134 consolationi
2897 4079 3121 4136 fuerint.
3159 4081 3402 4137 Observa
3439 4098 3539 4137 au-

1973 4175 2079 4220 tem
2125 4169 2394 4235 quomodo
2437 4169 2484 4225 is
2535 4170 2624 4241 qui
2679 4172 2951 4239 captivum
2987 4171 3333 4238 consolatur,
3381 4173 3540 4228 simul

1973 4259 2241 4331 particeps
2272 4275 2391 4316 esse
2429 4262 2577 4332 regni
2606 4264 2930 4334 prtedicetur
2968 4278 3088 4318 cum
3125 4278 3211 4317 eo.
3252 4263 3355 4318 Eos
3379 4265 3544 4333 igitur

1973 4353 2063 4422 qui
2100 4363 2322 4422 propter
2347 4352 2622 4410 Christum
2661 4354 3006 4424 amiguntur,
3062 4355 3329 4410 redimere
3382 4370 3542 4425 opor-

1977 4452 2072 4498 tet.

369 4541 717 4602 Ἀσπάζεται
771 4539 928 4610 ὑμᾶς
989 4543 1023 4595 ὁ
1088 4537 1429 4608 Ἐπαφρᾶς,
1483 4540 1517 4592 ό
1555 4539 1626 4604 ἐξ
1677 4541 1858 4608 ὑμῶν,

2051 4535 2213 4591 Vens.
2242 4536 2327 4590 12.
2370 4536 2581 4591 Salutat
2612 4553 2701 4592 vos
2735 4536 3028 4606 Epaphras,
3054 4539 3145 4607 qui
3177 4555 3240 4593 ea:
3267 4540 3408 4593 vobis
3441 4549 3537 4612 est,

283 4635 516 4701 δοῦλος
561 4633 844 4701 Χριστοῦ.
870 4631 982 4685 Καὶ
1012 4633 1070 4684 ὲν
1096 4631 1235 4700 ἀρχῇ
1267 4631 1366 4699 τῆς
1405 4629 1746 4699 Ἐπιστολῆς,
1775 4631 1872 4684 καὶ

282 4725 384 4780 νῦν
440 4726 607 4778 αὑτὸν
649 4723 990 4792 συνίστησιν,
1043 4722 1134 4774 ἵνα
1170 4723 1245 4785 ὡς
1299 4720 1603 4789 ἀγαπῶντα
1663 4721 1869 4784 αὐτοὺς

283 4815 676 4886 ἁνταγαπῶσι,
703 4815 799 4869 καὶ
832 4814 1002 4884 ἡδέως
1031 4813 1299 4867 ἀκούωσιν
1334 4811 1518 4878 αὐτοῦ,
1565 4811 1619 4865 εἴ
1643 4830 1694 4865 τι
1729 4811 1871 4866 διδά-

284 4928 434 4965 σκει.
462 4910 538 4964 Τὸ
553 4909 624 4976 γᾶ
633 4926 664 4978 ρ
685 4908 964 4977 αἰδέσιμον
990 4902 1128 4958 εἶναι
1157 4905 1248 4957 τὸν
1269 4903 1612 4969 διδάσκαλον,
1634 4904 1872 4972 ὠφέλεια

282 5004 396 5056 τῶν
426 5000 715 5070 μαθητῶν,
762 4996 1103 5067 πειθομένων
1136 4994 1280 5065 αὐτῷ
1308 4994 1335 5046 ὃ
1357 4995 1424 5048 ἂν
1453 4993 1607 5066 λέγῃ.
1634 4995 1793 5062 Μέγα
1814 4994 1872 5048 δὲ

291 5092 468 5147 αὐτοῦ
505 5090 786 5161 ἐγκώμιον
809 5089 891 5154 τὸ,
917 5086 1102 5140 δοῦλον
1123 5080 1262 5138 εἶναι
1316 5085 1580 5154 Χριστοῦ.
1619 5086 1756 5152 Δόξα
1781 5084 1873 5138 οὖν

285 5182 449 5253 ὑμῶν
480 5182 598 5234 ἐστι
625 5177 868 5239 τοιοῦτος
904 5175 980 5230 ὢν
1004 5214 1019 5240 ,
1053 5174 1129 5236 ὡς
1157 5173 1205 5206 ’³
1240 5170 1302 5236 ἐξ
1332 5171 1484 5242 ὑμῶν
1508 5171 1766 5241 γεγονώς.

362 5359 633 5413 Πάντοτε
710 5349 1142 5421 ἀγωνιζόμενος
1189 5347 1340 5415 ὑπὲρ
1395 5346 1562 5416 ὑμῶν
1616 5347 1686 5400 ἐν
1741 5348 1871 5414 ταῖς

284 5447 687 5522 προσευχαῖς.
740 5446 853 5513 Οὐχ
885 5441 1072 5503 ἁπλῶς
1108 5439 1428 5510 εὐχόμενος,
1461 5437 1576 5491 ἀλλ’
1621 5439 1869 5504 ἀγωνιῶν

284 5547 381 5599 καὶ
415 5544 635 5613 τρέμων
657 5539 802 5610 ὑπὲρ
832 5537 1004 5608 ὑμῶν,
1035 5535 1095 5588 οὐ
1127 5533 1222 5588 νῦν
1243 5533 1426 5604 μόνον,
1455 5531 1592 5588 ἀλλὰ
1615 5534 1709 5586 καὶ
1735 5533 1873 5587 πάν-

285 5653 410 5693 τοτε
418 5676 436 5694 ο

1974 4643 2152 4682 servus
2197 4626 2420 4682 Christi.
2473 4627 2540 4682 Et
2575 4629 2627 4682 in
2685 4629 2948 4700 principio
2997 4631 3286 4698 Epistolas,
3313 4641 3370 4684 et
3401 4647 3540 4686 nunc

1977 4719 2150 4788 ipsum
2185 4719 2546 4783 commendat,
2601 4729 2662 4773 ut
2713 4721 2870 4773 veluti
2909 4730 3178 4774 amantem
3213 4722 3356 4790 ipsos
3386 4722 3541 4774 reda.

1977 4821 2144 4874 ment,
2170 4826 2232 4865 ac
2263 4810 2491 4866 libenter
2513 4825 2633 4865 eum
2661 4812 2904 4878 audiant,
2935 4814 2980 4868 si
3014 4813 3141 4881 quid
3163 4813 3370 4868 doceat.
3398 4813 3542 4868 Prw-

1975 4910 2248 4966 ceptorem
2288 4901 2432 4953 enim
2468 4899 2520 4952 in
2563 4899 2767 4954 honore
2797 4915 2954 4967 esse,
2993 4901 3047 4955 in
3103 4900 3536 4956 commoditatem

1978 4990 2358 5058 discipulorum
2403 4990 2567 5055 cedit,
2617 4990 3108 5061 obtemperantium
3145 4991 3193 5044 ei
3232 4990 3282 5044 in
3317 4990 3383 5045 iis
3418 5005 3538 5058 qua:

1981 5081 2130 5137 dicit.
2182 5079 2376 5150 Ingens
2417 5093 2595 5136 autem
2643 5082 2759 5152 ejus
2795 5082 3121 5151 praeconium
3159 5089 3262 5145 est,
3317 5095 3536 5136 servum

1980 5188 2102 5229 esse
2129 5173 2352 5228 Christi.
2377 5172 2559 5228 Gloria
2592 5173 2759 5244 igitur
2779 5180 2953 5226 vestra
2987 5181 3068 5225 est
3097 5170 3208 5238 ille,
3235 5179 3420 5241 utp0te
3447 5173 3538 5240 qui

1983 5281 2106 5320 cum
2141 5266 2263 5319 tatis
2287 5265 2377 5328 sit,
2421 5280 2487 5318 ex
2519 5264 2667 5318 vobis
2702 5262 2771 5317 sit
2796 5260 3075 5314 oriundus.

2051 5356 2267 5423 Semper
2321 5355 2578 5408 sollicitus
2625 5369 2720 5423 pro
2757 5351 2895 5402 vobis
2928 5351 2981 5402 in
3028 5348 3372 5403 orationibus.
3423 5349 3537 5401 Non

1977 5447 2299 5518 simpliciter
2327 5459 2513 5510 orans,
2555 5443 2647 5497 sed
2679 5440 2941 5495 sollicitus
2963 5455 3028 5495 ac
3058 5449 3292 5495 tremens
3319 5455 3416 5510 pro
3448 5456 3542 5494 vo-

1984 5537 2088 5605 bis,
2117 5552 2220 5592 non
2250 5551 2391 5592 nunc
2411 5534 2604 5601 solum,
2629 5531 2721 5588 sed
2747 5545 2978 5602 semper.

1603 5723 1802 5787 Variae
1865 5722 2191 5788 lectiones.

362 5836 404 5870 ⁷¹
438 5833 612 5896 ὅντως
634 5831 743 5903 γὰρ
777 5845 850 5887 tn.
929 5830 976 5862 "
1002 5826 1234 5882 ἑκάστου
1259 5842 1310 5883 o.
1386 5827 1434 5861 ⁷³
1459 5827 1553 5882 ἅτε
1591 5843 1644 5883 ο.
