3994 6554
305 322 436 386 1277

1063 333 1464 396 EXPOSITIO
1495 337 1578 400 IN
1609 325 1847 402 EPIST.
1887 345 1988 406 AD
2019 347 2319 415 cowss.
2351 378 2421 388 —
2451 355 2612 420 CAP.
2649 358 2745 418 1v.

3403 359 3542 426 1278

296 443 590 512 πανταχοῦ.
617 443 880 499 Βλέπετε
914 446 1000 517 μή
1041 466 1120 514 τις
1159 449 1312 518 ὑμᾶς
1351 453 1571 508 ἐσταιό
1593 458 1860 524 amiare)-

1987 462 2164 520 Videte
2188 483 2251 520 ne
2266 470 2382 537 quis
2409 485 2496 524 vos
2515 472 2863 540 deprtcdetttr.
2919 471 3094 528 Videte
3116 491 3178 529 ne
3196 484 3428 542 potestas
3455 495 3541 532 ve-

292 531 433 602 γῶν.
454 534 716 590 Βλέπετε
737 535 950 605 μήπως
979 539 1017 607 ἡ
1049 539 1298 603 ἐξουσία
1329 541 1498 608 ὑμῶν
1519 544 1692 614 αὕτη.
1717 547 1860 602 Οὖτις

1977 567 2084 609 atra
2115 557 2241 612 hwc.
2272 531 2625 616 Consimilein
2655 563 2721 618 ad
2759 564 2974 618 modum
2997 565 3086 621 hic
3115 583 3130 622 :
3171 531 3322 634 Vide,
3355 531 3417 623 uti
3442 531 3540 624 im-

293 627 384 678 καὶ
406 626 636 682 ἐνταῦθα
659 644 672 658 ⁸
708 629 880 682 Βλέπε
911 631 1057 694 ὅπως
1082 632 1306 702 πληροῖς
1322 634 1383 688 τδ
1411 635 1571 704 ἔργον
1598 637 1644 668 ⁷⁸
1672 637 1700 691 ὃ
1720 656 1866 708 παρ-

294 717 484 781 έλαϐες
511 721 566 772 ὲν
600 720 824 791 Κυρίῳ,
876 724 1118 775 τουτέστι
1166 723 1256 778 διὰ
1297 725 1531 794 Κυρίου·
1570 728 1731 792 αὐτὸς
1762 731 1872 802 γάρ

293 825 375 861 σοι
415 809 642 876 ἔδωκεν,
685 812 787 865 οὐκ
837 811 968 880 ἐγώ.
1004 816 1158 869 Ποῖον
1212 812 1268 870 δὲ
1327 812 1393 888 ἦν
1429 816 1488 871 τὸ
1547 821 1743 889 ἔργονς
1796 823 1869 878 Τὸ

289 902 416 965 τοὺς
454 904 786 970 Κολοσσαεῖς
820 908 1044 981 ἐφορᾷν.
1097 909 1200 964 Δύο
1237 910 1294 964 δὲ
1343 915 1742 978 κατασκευάζει
1781 919 1870 972 διὰ

289 991 381 1045 τοῦ
407 995 601 1062 εἰπεῖν,
648 996 754 1051 Ἐν
796 1000 992 1067 Κυρίῳ
1020 1018 1040 1036 ο
1083 1001 1288 1058 ἰκεῖνόν
1339 1020 1400 1057 τε
1454 1005 1868 1080 σπουδαιότερον

289 1088 435 1139 ποιεῖ
459 1088 538 1150 είς
572 1087 632 1140 τὸ
650 1089 833 1144 ἀνύειν
859 1089 1009 1155 αὐτὸ,
1041 1093 1115 1157 ὡς
1159 1095 1491 1149 Δεσποτικὸν
1529 1097 1693 1167 ἔργον
1717 1116 1730 1131 ο
1761 1102 1864 1154 κά-

287 1177 502 1243 κείνους
555 1180 849 1235 ὐποτάττει
903 1183 1091 1255 αὐτῷ,
1127 1187 1204 1248 ὡς
1253 1187 1404 1256 παρὰ
1453 1187 1588 1243 Θεοῦ
1631 1192 1866 1264 ἐγχειρι-

287 1266 468 1321 σθέντι
500 1270 717 1333 αύτούς.
771 1273 878 1326 Καὶ
922 1275 1056 1338 ὅλως
1081 1277 1190 1346 γὰρ
1247 1277 1336 1331 διὰ
1369 1277 1528 1338 τοῦτο
1589 1283 1788 1352 γράφει
1819 1286 1864 1318 ⁷⁷

285 1359 472 1423 αὐτοῖς
497 1401 512 1424 ,
538 1361 761 1417 Εἴπατε
788 1365 1093 1434 Ἀρχίππῳ
1119 1383 1134 1400 ο
1157 1369 1256 1424 ἵνα
1281 1369 1410 1424 ὅταν
1430 1373 1663 1444 ἐπιτιμᾷ
1691 1377 1863 1447 Ἀρχ-

287 1465 454 1512 ιππος
493 1453 712 1519 αὐτοῖς’,
753 1456 828 1526 μὴ
863 1456 1060 1526 ἔχωσιν
1105 1458 1357 1527 ἐγκαλεῖν
1391 1461 1585 1532 ἐκείνῳ
1609 1507 1624 1530 ,
1656 1468 1732 1530 ὠς
1773 1486 1861 1522 πι-

283 1541 424 1611 κρῷ,
469 1541 562 1596 ars
592 1544 951 1613 γινώσκοντες
973 1551 1054 1602 ὅτι
1086 1550 1298 1604 Παύλου
1341 1552 1500 1606 τοῦτό
1551 1557 1702 1612 ἐστιν
1732 1560 1854 1614 ὲπί-

280 1649 490 1704 ταγμα,
513 1636 606 1689 καὶ
636 1637 697 1689 τὸ
724 1637 904 1697 αὐτῶν
927 1640 1100 1711 στόμα
1133 1643 1272 1713 πρὸς
1306 1643 1397 1697 τὸν
1427 1647 1737 1716 ’Ἄρχιππον
1764 1646 1838 1704 εἷ-

285 1740 408 1790 πεν,
445 1724 480 1778 ἃ
506 1727 716 1791 Παῦλος
741 1729 886 1800 αὐτῷ
918 1731 1205 1803 ἐμήνυσεν.
1262 1733 1380 1787 ἰνα
1429 1739 1609 1791 τοίνυν
1644 1742 1856 1796 ἐπιστο-

287 1817 422 1891 μίσῃ
469 1822 684 1886 αὐτοὺς,
735 1826 1045 1896 εύμεθὸδως
1094 1829 1252 1886 τοῦτο
1313 1835 1520 1899 Παῦλος
1571 1837 1853 1909 ἐποίησεν,
1893 1808 1932 1863 Β

282 1911 406 1962 ἐπεὶ
435 1913 608 1977 ἄλλως
637 1916 836 1970 ἄτοπον
865 1921 977 1984 τοῖς
1008 1920 1278 1994 μαθηταῖς
1313 1927 1441 1998 περὶ
1473 1927 1566 1981 τοῦ
1602 1930 1858 1986 διδασκά-

281 1999 376 2052 λου
419 2001 786 2074 διαλέγεσθαι.

353 2097 771 2164 Μνημονεύετέ
780 2119 900 2171 μου
921 2103 1039 2158 τῶν
1059 2105 1319 2176 δεσμῶν.
1356 2108 1502 2163 Ἀντὶ
1516 2110 1629 2178 τοῦ,
1655 2114 1859 2168 Μνείαν

284 2203 388 2255 μου
426 2191 650 2257 ποιεῖτε,
706 2193 800 2246 τοῦ
831 2193 1157 2266 δεδεμένου,
1206 2198 1301 2250 τοῦ
1341 2204 1700 2273 κατακρίτου.
1743 2207 1860 2260 Ms-

278 2279 444 2350 γίστη
476 2279 532 2333 δὲ
567 2283 908 2356 παράκλησις
938 2289 1121 2353 αὐτοῖς
1144 2291 1222 2353 εἰς
1254 2289 1300 2322 ⁷⁸
1332 2292 1511 2347 πᾶσαν
1544 2292 1724 2366 θλῐψιν
1751 2338 1766 2366 ,
1797 2299 1859 2352 τὸ

281 2371 645 2443 μνημονεύειν
673 2377 886 2432 Παύλου
915 2378 1224 2452 δεδεμένου.

360 2554 435 2606 Ἦ
454 2554 623 2622 χάρις
652 2561 782 2627 μεθ’
812 2561 996 2630 ὑμῶν.
1031 2564 1237 2636 Ἀμήν.
1275 2570 1491 2640 Ταύτης
1544 2571 1848 2643 παρούσης,

279 2646 386 2698 κᾶν
416 2645 620 2716 θλίψεις
669 2649 866 2720 ἔχητε,
916 2656 1022 2709 κᾶν
1069 2657 1266 2730 δεσμὰ,
1317 2661 1470 2716 οὐδὲν
1514 2662 1668 2733 ὑμῶν
1727 2681 1857 2719 κατ-

281 2735 492 2808 ισχύσει
514 2755 528 2768 ·
564 2741 685 2793 ἐπεὶ
723 2745 813 2796 καὶ
849 2746 1005 2800 τοῦτο
1055 2749 1298 2821 χάριτος,
1323 2754 1384 2806 τὸ
1411 2754 1677 2808 δεδέσθαι.
1719 2753 1856 2806 ’Υπ-

279 2827 544 2898 ἑστρεφον
581 2833 710 2902 γὰρ,
763 2842 946 2905 φησιν,
997 2839 1106 2892 ἀπὸ
1151 2841 1243 2894 τοῦ
1282 2844 1676 2915 δεσμωτηρίου,
1730 2844 1854 2915 χαί·

281 2939 468 2993 ροντες
497 2925 580 2978 ὅτι
610 2927 1024 3001 κατηξιώθησαν
1053 2933 1422 3004 ἀτιμασθῆναι
1444 2938 1584 3008 ὑπὲρ
1613 2939 1710 2991 τοῦ
1734 2938 1854 2991 ὀνό-

283 3033 454 3084 ματος
481 3016 573 3071 τοῦ
595 3019 853 3091 Χριστοῦ.
885 3021 1069 3092 Ὁρᾷς,
1105 3027 1187 3079 ὅτι
1221 3029 1624 3100 καταξιωθῆναι
1647 3030 1762 3083 ἐστι
1794 3029 1854 3083 τὸ

1976 650 2122 716 pleas
2153 665 2287 719 opus
2321 655 2464 722 quod
2510 656 2765 723 accepisti
2821 656 2873 710 in
2902 657 3146 724 Domino,
3179 659 3284 714 hoc
3311 669 3414 724 est,
3449 677 3543 730 per

1975 739 2258 796 Dominum
2286 761 2300 798 :
2340 745 2454 814 ipse
2487 762 2716 813 namque
2754 748 2845 802 tibi
2877 749 3023 804 dedit
3047 789 3062 812 ,
3093 766 3202 805 non
3230 767 3348 821 ego.
3374 751 3543 819 Quale

1974 846 2154 891 autem
2202 845 2319 890 erat
2383 839 2557 906 opus?
2608 839 2680 894 Ut
2729 839 3141 897 Colossensibus
3185 845 3540 912 prospiceret,

1971 941 2172 996 eosque
2229 920 2447 984 curaret
2481 940 2534 985 et
2576 933 2908 988 observaret.
2969 934 3080 990 Deo
3115 944 3295 989 autem
3340 939 3537 992 astruit

1969 1034 2064 1088 per
2084 1020 2187 1074 hoc
2219 1021 2364 1088 quod
2402 1021 2556 1087 dicit,
2619 1022 2683 1077 In
2715 1024 2940 1080 Domino
2971 1043 2989 1081 :
3040 1041 3233 1094 nempe
3263 1038 3318 1083 et
3363 1028 3537 1098 ipsum

1969 1114 2365 1182 diligentiorem
2405 1115 2556 1181 facit,
2589 1125 2646 1170 ut
2699 1117 2826 1171 illud
2862 1118 3130 1188 perﬁciat,
3163 1119 3324 1174 veluti
3371 1121 3539 1175 herile

1970 1221 2147 1276 opus;
2197 1215 2252 1262 et
2287 1208 2405 1263 illos
2441 1208 2569 1264 huic
2597 1209 2838 1280 SlllljiCil,
2887 1219 2945 1264 ut
2973 1211 3058 1266 cui
3091 1227 3120 1265 a
3153 1211 3262 1266 Deo
3300 1211 3401 1281 ipsi
3429 1213 3539 1284 sint

1967 1300 2263 1355 commissi.
2299 1302 2532 1357 Omnino
2564 1303 2710 1357 enim
2745 1312 3030 1372 propterea
3056 1305 3275 1373 scripsit
3299 1306 3408 1370 eis,
3441 1305 3536 1360 Di-

1964 1393 2064 1446 cite
2091 1391 2350 1462 Archippo
2384 1409 2403 1448 :
2428 1404 2487 1447 ut
2506 1395 2724 1464 quando
2756 1395 2902 1466 ipsos
2933 1393 3184 1464 objurget
3208 1397 3536 1465 Archippus,

1966 1498 2071 1538 non
2123 1493 2380 1540 accusent
2450 1493 2706 1556 tanquam
2779 1485 3200 1552 amarulentum,
3282 1487 3536 1542 nimirum

1963 1583 2316 1641 agnoscentes
2345 1574 2486 1642 quod
2519 1575 2666 1628 Pauli
2711 1576 2811 1629 hoc
2849 1574 2922 1630 sit
2951 1576 3281 1636 mandatum,
3311 1586 3360 1629 et
3393 1577 3534 1644 quod

1963 1663 2200 1734 ipsorum
2228 1679 2288 1718 os
2315 1663 2588 1733 Archippo
2619 1664 2820 1719 dixerit
2849 1679 2968 1733 quae
3012 1664 3211 1718 Paulus
3235 1665 3282 1719 ei
3317 1666 3536 1720 nuntia-

1963 1755 2118 1810 verit.
2169 1754 2235 1810 Ut
2261 1755 2426 1825 igitur
2462 1755 2672 1810 illorum
2701 1770 2795 1809 ora
2838 1756 3111 1819 obstruat,
3167 1755 3364 1809 Paulus
3399 1756 3536 1810 arti-

1966 1846 2148 1904 ﬁciose
2183 1849 2286 1905 hoc
2317 1848 2486 1903 fecit:
2532 1845 2968 1916 quandoquidem
3003 1847 3200 1917 alioqui
3242 1849 3536 1904 absurdum

1961 1948 2078 1993 erat
2098 1937 2376 2009 discipulis
2405 1938 2471 1994 de
2491 1945 2820 2007 praeceptore
2849 1935 3147 2006 disputare.

2031 2115 2321 2172 Vens.18.
2375 2114 2631 2170 Memores
2682 2125 2842 2170 estote
2895 2113 3220 2169 vinculorum
3279 2132 3530 2171 meorum.

1965 2205 2074 2264 Hoc
2090 2217 2194 2273 est,
2222 2205 2320 2261 Mei
2360 2204 2677 2260 memoriam
2721 2203 2902 2268 facite,
2939 2203 3030 2272 qui
3068 2203 3290 2259 vinctus‘
3323 2221 3442 2260 sum
3479 2214 3534 2260 et

1961 2299 2372 2355 condemnatus.
2398 2295 2520 2351 Haec
2549 2304 2729 2349 autem
2762 2294 2995 2349 maxima
3026 2304 3110 2349 est
3137 2294 3214 2350 eis
3237 2296 3534 2350 consolatio

1961 2395 2222 2444 adversus
2283 2387 2441 2458 501
2499 2384 2758 2456 quamvis
2788 2382 3132 2438 alllictioncm
3163 2423 3179 2449 ,
3218 2385 3533 2439 meminisse

1959 2476 2113 2532 Pauli
2149 2479 2337 2534 vincti.

2029 2569 2220 2624 Gratia
2271 2569 2551 2623 vobiscum.
2609 2568 2795 2622 Amen.
2845 2564 2954 2620 Hac
2983 2574 3280 2634 prasente,
3321 2564 3532 2619 etiamsi

1957 2662 2270 2718 aﬂlictiones
2302 2659 2598 2714 habueritis
2619 2668 2673 2714 et
2695 2659 2929 2718 vincula.
2953 2657 3089 2711 nihil
3117 2658 3407 2711 adversum
3435 2670 3530 2709 vos

1957 2754 2175 2826 poterit.
2213 2750 2346 2804 Nam
2373 2759 2426 2804 et
2455 2753 2556 2804 hoc
2589 2749 2761 2817 ipsum
2792 2750 2848 2802 in
2867 2747 3095 2802 vinculis
3126 2747 3318 2812 teneri,
3348 2747 3533 2816 gratiae

1955 2853 2060 2901 est.
2097 2841 2526 2897 Revertehantur
2557 2839 2725 2903 enim,
2753 2838 2950 2908 inquit,
2985 2853 3014 2892 a
3042 2852 3262 2892 carcere
3291 2838 3533 2908 gauden-

1959 2946 2057 3001 tes,
2077 2935 2218 3005 quod
2236 2932 2379 3002 digni
2395 2931 2614 3001 judicati
2638 2929 3151 2986 cssentcontumelia
3173 2929 3303 2984 allici
3329 2944 3422 2998 pro
3445 2944 3530 2982 no

1956 3030 2098 3082 mine
2143 3024 2342 3081 Christi
2379 3031 2426 3078 °.
2449 3022 2637 3077 Viden’
2659 3022 2974 3106 dignitatem
3022 3029 3075 3074 et
3105 3021 3359 3074 honorem
3392 3033 3532 3085 esse,

278 3106 604 3199 uprGOﬁvat
631 3127 646 3177 ;
679 3110 787 3164 Καὶ
815 3111 982 3176 ὅντως
1010 3116 1151 3186 μέγα
1175 3118 1391 3189 ἀξίωμα
1420 3120 1598 3175 τοῦτο.
1634 3121 1673 3173 Γ
1679 3121 1852 3174 ἐνοιτο

1968 3115 2279 3172 :ontumelia
2309 3112 2486 3166 allici?
2532 3112 2608 3166 Ac
2635 3127 2825 3166 revera
2867 3128 3060 3181 magna
3097 3114 3210 3166 hrec
3246 3121 3327 3166 est
3358 3109 3535 3179 digni-

275 3192 371 3251 οὖν
425 3201 519 3252 καὶ
567 3202 700 3270 ἡμῖν
755 3203 868 3265 τοῖς
919 3203 1161 3272 ἀναξίοις
1209 3208 1508 3280 ἀξιωθῆναι
1553 3211 1654 3281 τῆς
1700 3211 1850 3276 θείας

1968 3219 2058 3264 Las.
2094 3205 2387 3274 Contingat
2421 3203 2586 3273 igitur
2612 3213 2664 3259 et
2708 3205 2864 3258 nobis
2901 3203 3137 3272 indignis
3162 3244 3178 3268 ,
3203 3205 3380 3257 divina
3417 3219 3538 3273 gra-

277 3291 505 3360 χάριτος
561 3295 620 3346 ἐν
666 3282 786 3360 ταῖς
841 3297 1113 3369 θλίψεσιν⁹
1149 3301 1226 3365 ὡς
1277 3303 1342 3356 ἂν
1383 3302 1854 3375 διαϐασταζούσης

275 3385 484 3454 ταύτης
506 3386 604 3458 τὴν
633 3387 916 3445 ἀσθένειαν
947 3393 1102 3464 ἡμῶν
1121 3434 1136 3458 ,
1166 3396 1244 3458 εἰς
1276 3395 1545 3466 ὠφέλειαν
1589 3399 1720 3468 ἡμῖν
1755 3392 1850 3452 αὗ-

275 3493 370 3530 ται
395 3477 679 3546 γένωνται,
701 3481 763 3534 τὸ
804 3483 939 3538 πολὺ
984 3486 1158 3556 πάχος
1193 3487 1301 3540 τῶν
1343 3490 1624 3559 ἁμαρτιῶν
1657 3489 1846 3544 ἐκπιέ-

275 3567 490 3632 ζουσαι,
530 3571 608 3634 εἰς
660 3571 817 3637 δόξαν
861 3575 1112 3647 Πατρδς,
1143 3575 1297 3644 Υίοῦ,
1329 3581 1422 3633 καὶ
1465 3582 1624 3649 ἁγίου
1674 3579 1846 3635 Πνεύ-

277 3677 468 3731 ματος.
502 3657 641 3736 ᾯη
669 3663 797 3732 δόξα
845 3667 891 3700 ⁷³
923 3669 1002 3732 είς
1034 3669 1163 3734 τοὺς
1208 3669 1411 3736 αἰῶνας
1463 3671 1573 3728 τῶν
1623 3672 1856 3729 αἰώνων.

294 3753 354 3806 Ἀ
366 3754 497 3826 μήν.

389 3924 412 3946 °
438 3910 557 3965 Act.
586 3926 638 3980 v,
670 3911 764 3972 41.

1958 3301 2032 3356 tia
2059 3299 2253 3370 dignos
2270 3295 2502 3362 iudicari
2528 3295 2579 3350 in
2613 3293 3016 3360 afﬂictionibus,
3044 3303 3102 3348 ut
3128 3295 3227 3348 hac
3254 3293 3535 3347 imbecilli-

1954 3401 2118 3446 tatem
2163 3405 2403 3446 nosuam
2431 3397 2830 3459 supportantes,
2860 3389 2924 3442 ad
2948 3388 3388 3442 commoditatem
3417 3387 3536 3441 ista

1953 3485 2108 3540 nobis
2142 3483 2355 3549 cedant,
2382 3481 2604 3535 multam
2639 3489 2984 3550 peccatorum
3030 3488 3342 3534 nostrorum
3382 3494 3534 3532 cras-

1961 3578 2134 3634 sitiem
2169 3575 2520 3645 expellentcs,
2563 3574 2615 3627 in
2645 3571 2874 3642 gloriam
2913 3572 3109 3638 Patris,
3149 3571 3292 3636 Filii,
3325 3570 3530 3623 sancti-

1965 3684 2068 3738 que
2115 3665 2370 3737 Spiritus.
2417 3665 2518 3722 Cui
2584 3665 2756 3720 honor
2819 3664 2874 3718 in
2929 3663 3126 3720 saecula
3186 3660 3528 3718 swculorutu.

1963 3763 2156 3818 Amen.

1606 4028 1802 4094 Varia)
1857 4029 2180 4092 lectiones.

353 4145 402 4176 ⁷⁸
429 4143 590 4201 τοῦτο
615 4146 675 4202 τὸ
710 4148 876 4222 ἔργον
905 4166 983 4207 m.
1059 4153 1106 4188 "’
1129 4151 1338 4228 ἔγραφε
1363 4118 1433 4212 ο..
1496 4155 1544 4193 ⁷⁸
1578 4154 1713 4227 πρὸς
1740 4169 1795 4212 o.
1871 4154 1920 4188 "
1947 4152 2130 4227 ἡδὸξα
2155 4152 2250 4209 καὶ
2280 4150 2342 4206 τδ
2367 4150 2569 4224 κράτος
2594 4167 2669 4208 m-
