3994 6568
505 361 641 427 1279

1249 736 2962 914 ΘΕΟΦΥΛΑΚΤΟΥ

1420 363 1992 424 THEOPHYLACTI
2032 362 2439 425 BULGARIIE
2475 357 2831 421 ARCHIEP.

3581 350 3704 415 1280

2960 543 3586 575 *ω
3595 547 3628 554 ~-
3637 545 3706 558 -νει

2960 563 3047 575 *-

1111 1021 2234 1113 ΑΡΧΙΕΠΙΣΚΟΠΟΥ
2305 1011 3135 1108 ΒΟΥΛΓΑΡΙΑΣ

2071 1216 2181 1260 ΤΗΣ

1358 1380 1658 1496 ΤΟΥ
1722 1375 2189 1491 ΑΓΙΟΥ
2265 1368 2890 1492 ΠΑΥΛΟΥ

887 1604 1176 1690 ΠΡΟΣ
1251 1602 2138 1693 ΘΕΣΣΑΛΟΝΙΚΕΙΣ
2217 1588 2666 1688 ΠΡΩΤΗΣ
2740 1597 3375 1687 ΕΠΙΣΤΟΛΗΣ

1708 1791 2517 1916 ΕΞΙ-ΙΓΗΣΙΣ.

1373 2191 2880 2350 THEOPHYLACTI

1676 2465 2051 2524 BULGARIJE
2085 2434 2609 2522 ARClllEPléCOPl

679 2647 1310 2742 EPISTOIJE
1388 2653 1423 2740 Ι
1511 2653 1623 2741 D.
1708 2651 2056 2740 PAULI
2141 2648 2292 2736 AD
2367 2646 3569 2739 THESSALONICENSES

1758 2865 2492 2970 EXPOSITIO.

811 3229 1164 3302 502-503
1209 3231 1288 3285 CA
1302 3230 1434 3286 PUT
1463 3228 1760 3287 PRIMUM.

581 3339 747 3393 γης.
792 3337 843 3392 1.
878 3335 1079 3390 Paulus
1108 3349 1153 3390 et
1193 3335 1440 3391 Silvanus
1487 3347 1536 3390 et
1572 3335 1896 3392 Timotheus.
1946 3337 2089 3393 Pau-

508 3432 596 3490 lus
635 3432 912 3502 apostolus
964 3429 1031 3484 ad
1083 3430 1596 3484 Thessalonicenses
1646 3431 1912 3494 scribens.
1953 3432 2092 3486 sibi-

511 3525 616 3596 ipsi
645 3523 927 3596 coniungit
956 3522 1118 3579 etiam
1168 3522 1510 3579 Timotheum
1551 3541 1564 3576 :
1619 3523 1865 3594 Ephesiis
1907 3534 2088 3582 autem

509 3618 776 3682 scribens,
805 3633 913 3672 non
944 3616 1023 3670 sic
1055 3615 1203 3682 facit,
1243 3616 1344 3671 etsi
1393 3615 1498 3671 illis
1543 3618 1792 3684 cognitus
1821 3626 1965 3673 esset
2003 3619 2094 3674 Ti-

513 3709 785 3762 motheus.
820 3706 948 3762 Mihi
989 3707 1218 3777 quidem
1254 3707 1374 3762 ideo
1405 3706 1671 3764 defecisse
1717 3710 1823 3764 hoc
1856 3711 2090 3777 videtur,

511 3800 654 3869 quod
699 3801 883 3855 statim
939 3799 1005 3853 ad
1048 3798 1310 3868 Ephesios
1369 3801 1541 3870 ipsum
1601 3800 1863 3858 missurus
1904 3811 2091 3858 esset:

513 3901 908 3954 supervacuum
939 3895 1118 3941 autem
1148 3896 1264 3942 erat
1302 3887 1552 3956 Epistolas
1580 3891 1939 3955 conditorem,
1970 3905 2092 3946 eum

512 3977 604 4048 qui
638 3977 778 4032 hanc
819 3992 944 4032 mox
993 3986 1138 4032 esset
1183 3978 1595 4046 subsecuturus,
1635 3979 1952 4048 praedicare.
1998 3979 2094 4037 llic

515 4078 698 4124 autem
733 4083 838 4122 non
874 4069 954 4123 sic
985 4082 1044 4123 se
1091 4083 1176 4124 res
1210 4069 1375 4124 habet
1411 4085 1640 4125 :verum
1687 4087 1938 4127 reversus
1980 4072 2093 4141 jam

513 4171 631 4217 erat
661 4158 978 4216 Timotheus
1010 4174 1040 4214 a
1084 4159 1464 4218 ThessaIOnica
1497 4179 1511 4215 :
1549 4163 1741 4218 merito
1763 4164 1936 4234 igitur
1955 4165 2094 4221 sibi-

519 4253 620 4324 ipsi
660 4254 803 4308 hunc
831 4252 1132 4324 coniungit.
1165 4253 1435 4325 Praeponit
1464 4264 1642 4310 autem
1673 4255 1958 4312 Timotheo
1993 4256 2096 4314 Sil-

515 4359 733 4410 vanum,
765 4345 1050 4402 Timotheo
1079 4345 1327 4404 fortassis
1353 4347 1493 4404 istud
1526 4365 1636 4419 pra:
1669 4348 1971 4406 humilitate
1999 4367 2096 4407 sua

518 4437 846 4506 pestulante,
881 4438 1124 4495 imitatus
1153 4439 1408 4495 nimirum
1437 4451 1823 4513 praeceptorem
1844 4442 2093 4510 Paulum,

522 4527 614 4596 qni
642 4527 935 4595 discipulos
968 4545 1097 4585 suos
1136 4530 1237 4586 sibi
1277 4541 1656 4587 connumerat.
1691 4531 1880 4603 Neque
1916 4544 2094 4588 autem

524 4619 686 4690 504
717 4620 1042 4690 apostolum,
1075 4636 1250 4692 neque
1271 4637 1486 4678 servum
1518 4626 1816 4679 secundum
1863 4637 2096 4679 consue-

524 4711 763 4765 tudinem
803 4726 955 4766 suam
1007 4714 1282 4782 apostolus
1328 4714 1418 4769 hic
1464 4729 1522 4769 se
1571 4714 1829 4786 appellat,
1860 4728 1924 4768 eo
1955 4713 2096 4781 quod

521 4802 706 4857 novitii
747 4812 921 4868 erant,
950 4806 1179 4860 necdum
1240 4804 1597 4862 sullicientem
1652 4805 1769 4875 ejus
1811 4805 2097 4875 experien-

521 4898 651 4953 tiam
707 4908 1050 4968 acceperant.
1103 4897 1220 4955 Non
1273 4900 1438 4971 igitur
1495 4916 1616 4957 eum
1655 4901 1934 4973 dignitatis
1985 4915 2097 4957 sua:

520 4989 835 5046 meminisse
867 4992 1168 5057 oportebat.

587 5081 836 5136 Ecclesiae
885 5081 1448 5140 Thessalonicensium.
1500 5083 1617 5140 Etsi
1687 5085 1842 5154 pauci
1911 5095 2096 5142 essent

523 5174 1059 5242 Thessalonicenses,
1116 5186 1171 5233 et
1215 5179 1451 5233 nondum
1500 5179 1642 5232 lirmi
1702 5179 2094 5246 constitissent,

526 5267 822 5324 Ect-lesiam
851 5277 1026 5324 tamen
1060 5285 1154 5327 eos
1187 5270 1437 5342 appellat,
1467 5270 1554 5325 vel
1585 5271 1700 5339 ipso
1727 5271 1946 5326 nomine
1974 5271 2093 5326 ani-

531 5377 676 5414 mum
725 5361 830 5415 illis
860 5360 1111 5418 addens:
1159 5363 1594 5432 quandoquidem
1629 5363 1945 5433 plerumque
1990 5361 2094 5418 Ec-

523 5451 703 5507 clesia:
723 5467 914 5507 nomen
941 5453 1333 5508 nmltitudinem
1373 5455 1662 5524 significat.

602 5542 665 5598 lu
711 5544 816 5598 Deo
864 5541 1027 5598 Pam
1065 5553 1114 5598 et
1149 5543 1374 5600 Domino
1416 5543 1547 5601 Iesu
1582 5544 1814 5602 Christo.
1855 5545 1990 5612 Quia
2041 5552 2096 5599 et

2104 3236 2158 3296 A

2610 3230 3008 3289 ΚΕΦᾹΛΑΙΟΝ
3061 3232 3356 3290 ΠΡΩΤΟΝ.

2263 3338 2503 3406 Παῦλος
2555 3337 2652 3393 καὶ
2704 3340 3039 3408 Σιλουανὸς
3091 3341 3189 3395 καὶ
3265 3343 3563 3412 Τιμόθεος.
3620 3343 3743 3413 Πρὸς

2193 3431 2606 3496 Θεσσαλονικεῖς
2649 3433 2677 3485 ὁ
2711 3432 3006 3497 ἀπόστολος
3051 3433 3263 3498 Παῦλος
3298 3435 3560 3505 γράφων,
3588 3435 3742 3503 ἐαυτῷ

2195 3527 2476 3580 συντάττει
2514 3527 2609 3579 καὶ
2667 3525 2950 3594 Τιμόθεον.
3008 3525 3277 3595 Ἐφεσίοις
3324 3526 3381 3579 δὲ
3439 3527 3746 3580 ἐπιστέλλων

2193 3617 2291 3688 οὐχ
2329 3617 2472 3672 οὕτω
2515 3619 2679 3680 ποιεῖ,
2714 3617 2890 3671 καίτοι
2917 3617 3320 3686 γινωσκομένου
3370 3617 3558 3680 αὐτοῖς
3601 3618 3746 3686 Τιμο-

2195 3707 2339 3764 θέου.
2385 3707 2539 3776 Ἐμοὶ
2565 3707 2711 3760 δοκεῖ
2733 3707 2779 3740 ⁸⁸
2806 3707 2888 3759 ὅτι
2924 3706 3060 3778 πρὸς
3091 3705 3190 3777 μὲν
3235 3706 3526 3776 Ἐφεσίους
3548 3705 3746 3776 ἔμελλεν

2193 3798 2358 3852 αὐτὸν
2393 3801 2635 3868 πέμπειν
2669 3799 2893 3864 εὐθέως,
2919 3799 3016 3851 καὶ
3045 3800 3300 3869 περιττὸν
3345 3793 3419 3868 ἦν
3443 3797 3750 3869 δημιουργὸν

2193 3890 2296 3960 τῆς
2349 3891 2666 3960 Ἐπιστολῆς
2715 3890 3114 3963 ἀνακηρύττειν
3139 3892 3232 3944 τὸν
3261 3890 3476 3962 ταύτην
3509 3891 3553 3923 ⁸⁸
3603 3906 3745 3943 κατα-

2195 3983 2520 4052 ληψόμενον.
2558 3983 2823 4037 Ἐνταῦθα
2851 3983 2908 4036 δὲ
2961 3985 3058 4054 οὐχ
3084 3984 3276 4050 οὕτως,
3322 3983 3440 4038 ἀλλ’
3470 3981 3752 4038 ἐπανελθὼν

2194 4073 2262 4148 ἦν
2297 4078 2324 4130 ὁ
2367 4077 2631 4148 Τιμόθεος
2690 4079 2799 4132 ἀπὸ
2857 4079 3303 4148 Θεσσαλονίκης·
3356 4079 3503 4133 ὥστε
3553 4080 3750 4139 εἰκότως

2206 4167 2380 4239 ἑαυτῷ
2406 4166 2596 4222 τοῦτον
2627 4168 2673 4201 ⁸²
2714 4168 3015 4223 συντάττει.
3050 4167 3350 4239 Προτάττει
3394 4168 3455 4220 δὲ
3511 4165 3749 4236 Τιμοθέου

2196 4262 2506 4330 Σιλουανδν,
2561 4262 2692 4326 ἴσως
2739 4263 3110 4334 αἰτησομένου
3159 4260 3319 4315 τοῦτο
3364 4261 3632 4332 Τιμοθέου
3676 4258 3748 4310 διὰ

2195 4354 2697 4424 ταπεινοφροσύνην
2728 4395 2742 4421 ,
2786 4355 2882 4408 ἆτε
2939 4355 3277 4425 μιμουμένου
3321 4353 3416 4406 τὸν
3456 4351 3748 4406 διδάσκαλον

2196 4451 2431 4518 Παῦλον,
2459 4451 2518 4516 ὃς
2561 4452 2688 4514 τοὺς
2725 4451 2972 4523 μαθητὰς
3004 4450 3182 4522 ἐαυτῷ
3223 4449 3659 4520 συγκαταριθμεί
3695 4444 3750 4496 ⁸³.

2202 4543 2342 4597 υῦτε
2400 4545 2456 4598 δὲ
2510 4543 2830 4610 ἀπόστολον,
2858 4542 2982 4596 οὕτε
3030 4542 3236 4605 δοῦλον,
3276 4542 3420 4596 κατὰ
3470 4541 3531 4593 τὸ
3568 4537 3749 4596 εἰωθὸς,

2201 4635 2393 4688 ἑαυτὸν
2430 4637 2458 4688 ὁ
2488 4632 2699 4699 Παῦλος
2725 4633 2964 4687 ἐνταῦθα
2996 4633 3176 4696 καλεῖ,
3204 4632 3340 4686 διότι
3389 4632 3752 4700 νεοκατήχητοι

2202 4722 2368 4798 ἦσαν,
2401 4729 2498 4781 καὶ
2531 4727 2745 4780 οὐδέπω
2766 4727 2933 4781 αὐτοῦ
2967 4726 3157 4798 ἱκανὴν
3186 4728 3383 4798 πεῖραν
3413 4725 3625 4780 ἔλαϐον.
3658 4722 3751 4775 Οὐκ

2201 4817 2296 4874 οὖν
2327 4820 2436 4874 ἔδει
2468 4819 2562 4874 τοῦ
2588 4819 2902 4891 ἀξιώματος
2931 4820 3098 4875 αὐτοῦ
3136 4819 3468 4892 μνησθῆναι.

2284 5087 2364 5158 Τῇ
2382 5089 2717 5158 Ἐκκλησία
2753 5087 3268 5144 Θεσσαλονικέων.
3287 5087 3349 5141 Εἰ
3370 5087 3426 5142 δὲ
3448 5085 3616 5156 ὀλίγοι
3633 5076 3752 5154 ἦσαν

2204 5183 2255 5236 οἱ
2293 5181 2737 5246 Θεσσαλονικεῖς,
2762 5182 2858 5234 καὶ
2905 5181 3121 5235 οὐδέπω
3150 5181 3595 5251 συνεστήκεισαν,
3623 5178 3750 5245 ὅμως

2217 5271 2544 5344 Ἐκκλησίαν
2597 5272 2795 5336 αὐτοὺς
2829 5272 3004 5337 καλεῖ,
3041 5271 3530 5343 παραμυθούμενος
3557 5267 3629 5338 τῷ
3655 5263 3753 5319 ὀνό-

2207 5381 2338 5434 ματι
2363 5380 2380 5396 ο
2414 5363 2602 5434 ἐπειδὴ
2632 5363 2837 5432 πλῆθος
2875 5363 2950 5428 ὡς
2979 5365 3047 5418 τὰ
3078 5362 3247 5417 πολλὰ
3294 5362 3548 5434 σημαίνει
3590 5360 3646 5412 τὸ
3665 5356 3750 5425 τῆς

2213 5455 2543 5525 Ἐκκλησίας
2566 5456 2761 5526 ὄνομα.

2284 5546 2382 5597 Ἑν
2419 5544 2542 5610 Θεῷ
2595 5545 2774 5614 Ilath
2836 5545 2930 5600 καὶ
3010 5544 3202 5615 Κυρίῳ
3259 5544 3452 5613 Ἰησοῦ
3519 5535 3745 5610 Χριστῷ·

1860 5686 2058 5751 Varia;
2119 5686 2443 5751 lectiones.

613 5809 662 5846 δ’
701 5812 879 5869 δοκεῖν
910 5829 962 5870 o.
1039 5814 1081 5847 "
1111 5814 1334 5879 τούτους
1355 5829 1408 5870 ο.
1484 5813 1528 5848 ⁸²
1561 5813 1750 5869 ἑαυτὸν
1783 5813 1954 5886 τούτῳ
1985 5831 2034 5870 ο.
2112 5814 2157 5848 ⁸³
2184 5813 2579 5885 συγκαταλέγει
2617 5832 2689 5868 m.
