3994 6588
298 378 429 444 1281

1074 379 1479 443 EXPOSITIO
1520 379 1599 440 IN
1633 378 1879 441 EPIST.
1924 378 1952 438 Ι
1988 381 2091 442 AD
2126 382 2390 447 THESS.
2420 410 2490 427 -·
2526 386 2682 450 CAP.
2723 389 2779 450 Ι.

3426 388 3565 454 1.;82

306 496 529 571 Ἐπειδὴ
588 491 732 568 ἦσαν
764 498 859 553 καὶ
930 498 1246 572 Ἑλληνικαὶ
1280 501 1377 555 καὶ
1417 498 1706 554 Ἰουδαῖκαὶ
1758 498 1876 551 Ἐκ·

1998 498 2187 558 Graeca:
2244 511 2299 558 et
2320 502 2560 560 Judaicm
2611 503 2828 561 fuerunt
2858 502 3133 569 Ecclesiae,
3164 504 3305 559 hanc
3347 502 3418 558 ab
3456 505 3561 560 illis

294 590 539 660 κλησίαι,
572 589 1007 645 ἀποδιαστέλλων
1057 590 1230 663 αὐτὴν
1282 590 1533 655 ἐκείνων,
1566 581 1707 660 ἱρησί
1743 603 1756 617 ·
1796 586 1875 656 Τῇ

291 681 514 748 ἐνΘεῷ
560 684 763 750 Πατρί.
793 683 955 752 Μέγα
984 684 1041 738 δὲ
1087 682 1308 754 ἀξίωμα
1357 683 1417 736 τὸ
1464 684 1519 736 ὲν
1565 681 1685 753 Θεῷ
1714 676 1874 735 εἶναι.

295 775 362 829 Εἴ
388 793 470 838 τις
509 775 620 847 γὰρ
671 775 952 846 ἁμαρτίας
987 775 1108 829 ἐστὶ
1145 774 1191 808 ⁸⁸
1243 774 1450 841 δοῦλος,
1473 774 1572 827 οὐκ
1610 774 1758 828 ἐστιν
1817 776 1877 827 ὲν

292 868 434 939 Θεῷ.
466 867 786 941 Σημείωσαι
832 869 891 922 δὲ
923 868 1007 934 τὸ,
1051 868 1178 937 Ἑν,
1217 869 1311 924 ἐπὶ
1342 870 1557 942 Πατρδς
1589 869 1684 922 καὶ
1741 865 1874 921 Υίοῦ

291 961 573 1031 κείμενον.

358 1052 543 1122 Χάρις
560 1054 702 1124 ὑμῖν
723 1052 822 1108 καί
836 1044 1068 1123 ετρήνή.
1088 1051 1412 1124 Ἐπεύχεται
1432 1055 1616 1119 αὐτοῖς
1637 1056 1724 1110 ἶνα
1751 1055 1875 1129 [μὴ]

290 1146 386 1199 ἐπὶ
431 1146 595 1200 πλέον
646 1147 998 1217 προκόιιωσιν
1046 1146 1106 1200 ὲν
1156 1148 1267 1210 τοῖς
1305 1145 1470 1209 θείοις
1520 1147 1876 1219 χαρίσμασιν,

288 1237 427 1291 ἀλλὰ
444 1239 777 1309 καὶείρήνην
797 1238 984 1308 ἔχωσι,
1005 1239 1080 1307 μὴ
1099 1238 1293 1308 φυσιού
1301 1256 1453 1308 μενοι
1475 1240 1874 1312 κατ’ἁλλή).ων.

361 1329 863 1399 Εὑχαριστοῦμεν
901 1329 982 1395 τῷ
1004 1329 1127 1395 Θεῷ
1148 1329 1410 1385 πάντοτε
1454 1331 1589 1399 περὶ
1635 1331 1879 1387 πάντων

287 1418 480 1489 ὑμῶν.
512 1419 730 1483 Εὐθέως
755 1420 864 1473 ἀπὸ
888 1418 1166 1489 ἑγκωμίου
1205 1421 1269 1475 τὸ
1315 1421 1620 1492 προοίμιον.
1650 1422 1742 1491 Τῷ
1766 1424 1877 1494 γὰρ

289 1514 435 1583 ὑπὲρ
494 1513 677 1568 αὐτῶν
734 1515 1079 1585 εὐχαριστεῖν
1133 1513 1213 1584 τῷ
1262 1513 1403 1587 Θεῷ,
1454 1516 1726 1572 δείκνυσιν
1775 1519 1878 1572 αὐ-

286 1608 417 1669 τοὺς
452 1607 891 1678 κατωρθωκότας
920 1607 967 1640 ⁸⁸
1019 1605 1269 1674 τοιαῦτα,
1302 1606 1362 1674 ἐξ
1394 1602 1471 1662 ὧν
1510 1608 1796 1675 δοξάζεται
1848 1611 1878 1664 ὁ

287 1699 445 1763 Θεός.
514 1701 666 1772 Ἀμα
714 1701 771 1757 δὲ
828 1701 924 1756 καὶ
986 1704 1437 1774 ταπεινοφρονεϊν
1498 1703 1767 1769 διδάσκει,
1801 1703 1878 1769 ὡς

287 1793 387 1848 τοῦ
416 1792 552 1847 Θεοῦ
574 1793 636 1847 τὸ
667 1796 774 1848 πᾶν
805 1793 1200 1865 ἐργαζομένου.

1979 591 2317 664 distinguens
2357 593 2511 660 dicit,
2545 592 2679 661 Qua:
2717 604 2794 650 est
2839 601 2895 649 tn
2945 594 3053 650 Deo
3080 594 3260 651 Patre.
3295 592 3559 649 Praeclara

1980 696 2159 740 autem
2183 687 2418 757 dignitas
2448 698 2550 755 est,
2585 690 2640 744 in
2682 688 2789 747 Deo
2817 703 2959 745 esse.
2991 687 3049 743 Si
3086 687 3229 743 enim
3261 687 3549 758 quisquam

1978 776 2188 845 peccati
2220 774 2385 833 fuerit
2413 792 2627 846 servus,
2661 794 2769 834 non
2801 789 2887 835 est
2930 779 2984 833 in
3011 777 3141 834 Deo.
3176 777 3421 834 Observa
3475 779 3561 832 lrie

1979 868 2415 938 praepositionem
2448 871 2559 943 (Ini
2590 871 2738 928 Patri
2772 888 2835 928 ac
2861 872 2997 930 Filio
3029 872 3215 928 tribui.

2052 1048 2239 1106 Gratia
2268 1051 2411 1107 vobis
2432 1060 2482 1107 et
2514 1069 2639 1123 pax.
2671 1051 2835 1123 Optat
2865 1052 2963 1119 eis,
2998 1062 3054 1107 ut
3089 1053 3140 1108 in
3173 1053 3372 1109 divinis
3408 1054 3564 1110 donis

1978 1153 2354 1217 promoveant,
2382 1148 2478 1202 sed
2527 1155 2705 1203 tamen
2735 1154 2816 1212 ut,
2845 1161 2949 1201 non
2981 1161 3110 1219 erga
3150 1162 3211 1204 se
3238 1157 3426 1206 mutuo
3479 1149 3565 1203 iu-

1976 1234 2114 1301 nati,
2150 1252 2336 1305 pacem
2378 1236 2632 1293 habeant.

2046 1325 2216 1384 Vsus.
2257 1328 2314 1383 2.
2335 1326 2551 1384 Gratias
2572 1330 2780 1399 agimus
2807 1329 2914 1384 Deo
2953 1346 3158 1399 semper
3185 1347 3280 1400 pro
3321 1330 3562 1385 omnibus

1984 1418 2151 1475 vobis.
2189 1416 2387 1473 Statim
2426 1428 2552 1488 post
2587 1420 2894 1481 eucon-ium
2934 1420 3258 1491 prooemium
3315 1422 3565 1490 auspica-

1979 1522 2089 1566 tur.
2121 1510 2254 1566 Nam
2287 1526 2383 1582 per
2432 1512 2539 1568 hoc
2567 1515 2712 1583 quod
2754 1529 2851 1582 pro
2883 1513 3016 1584 ipsis
3037 1515 3245 1584 gratias
3267 1523 3391 1584 agat
3424 1512 3558 1576 Deo.

1978 1601 2184 1658 indicat
2208 1610 2464 1674 operatos
2486 1603 2632 1674 ipsos
2654 1619 2777 1660 esse
2799 1604 2952 1673 talia,
2976 1619 3207 1675 quorum
3228 1620 3390 1659 causa
3420 1604 3565 1659 Deus

1979 1694 2339 1768 glorilicetur.
2369 1696 2542 1753 Simul
2588 1705 2771 1753 autem
2821 1698 3101 1756 humiliter
3143 1713 3336 1770 sapere
3383 1700 3562 1763 docet,

1978 1797 2239 1855 tanquam
2267 1787 2410 1845 Deus
2436 1789 2616 1844 omnia
2650 1800 2925 1860 operetur.

355 1888 587 1941 Μνείαν
622 1884 791 1957 ὑμῶν
824 1888 1172 1957 ποιούμενοι
1202 1887 1303 1942 ἐπὶ
1346 1886 1466 1941 τῶν
1515 1887 1876 1957 προσευχῶν

2050 1877 2368 1933 Memoriam
2395 1881 2550 1935 uestri
2584 1880 2834 1949 facientes
2872 1883 2929 1937 in
2975 1885 3303 1940 orationibus
3352 1886 3567 1944 nostris.

287 1977 481 2048 ἡμῶν.
509 1979 585 2032 Τὸ
616 1981 715 2049 μὲν
750 1979 1093 2050 εὐχαριστεῖν
1116 1979 1194 2050 τῷ
1218 1978 1359 2050 Θεῷ,
1393 1980 1502 2033 ἀπὸ
1531 1981 1640 2033 τῶν
1675 1996 1875 2049 κατορ-

288 2072 565 2142 θωμάτων
593 2071 772 2126 αὐτῶν
798 2088 813 2103 ·
841 2074 902 2126 τὸ
929 2074 988 2126 δὲ
1017 2072 1332 2143 μεμνῆσθαι
1373 2073 1466 2127 ἐπὶ
1489 2074 1600 2127 τῶν
1628 2089 1875 2145 προσευ-

292 2163 432 2233 χῶν,
466 2163 563 2232 τῆς
598 2161 736 2228 πρὸς
757 2162 952 2227 αὐτοὺς
977 2163 1221 2234 ἀγάπης.

322 2302 327 2307 .
367 2254 785 2319 Ἀδιαλείπτως
832 2254 1320 2325 μνημονεύοντες
1369 2253 1557 2323 ὑμῶν.
1585 2254 1658 2309 Οὐ
1692 2251 1875 2325 μόνον,

289 2350 480 2417 φησὶν,
540 2346 633 2399 ἐπὶ
682 2345 793 2400 τῶν
844 2345 1165 2417 προσευχῶν
1212 2362 1315 2416 μου
1363 2345 1654 2417 μέμνημαι
1698 2344 1875 2416 ὐμῶν,

288 2437 433 2492 ἀλλὰ
466 2436 565 2490 καὶ
594 2437 783 2494 ἄλλοτε
809 2438 1065 2494 πάντοτε.
1087 2435 1258 2491 Τοῦτο
1274 2437 1331 2491 δὲ
1347 2436 1448 2508 τῆς
1474 2435 1880 2509 ὲπιτεταμένης

292 2528 464 2584 αὐτοῦ
494 2528 717 2600 ἀγάπης
744 2529 966 2601 δεῖγμα.

372 2620 489 2673 Τοῦ
524 2603 716 2689 ⁸ἔργον
746 2620 857 2689 τῆς
887 2621 1163 2684 πίστεως.
1211 2619 1472 2676 Τουτέστι
1533 2622 1634 2693 τῆς
1681 2620 1877 2676 ἐνστά-

294 2731 437 2777 σεως
480 2714 658 2786 ὐμῶν.
685 2715 859 2768 Τοῦτο
894 2714 1003 2785 γὰρ
1056 2713 1219 2784 ἔργον
1248 2713 1505 2780 πίστεως,
1536 2714 1599 2768 τὸ
1634 2712 1881 2786 στερρῶς

294 2807 574 2873 ἵστασθαι,
608 2807 729 2879 οὐχὶ
762 2808 824 2862 τὸ
866 2807 1048 2878 λόγοις
1103 2808 1265 2878 μόνον
1306 2808 1495 2879 αὐχεῖν
1541 2806 1638 2879 τὴν
1672 2808 1876 2862 πίστιν.

370 2898 478 2954 Kal
529 2898 639 2954 τοῦ
689 2900 882 2955 κόπου
930 2898 1039 2967 τῆς
1086 2898 1344 2969 ἀγάπης.
1380 2900 1538 2964 Ποίος
1586 2900 1754 2965 κόπος
1818 2900 1882 2957 τὸ

295 2993 559 3064 ἀγαπᾷν;
597 2992 671 3046 Τδ
723 2991 826 3064 μὲν
864 2992 1073 3059 ἁπλῶς,
1109 2992 1235 3047 οὐδὲ
1282 2986 1394 3057 εἵς·
1431 2991 1492 3045 τὸ
1529 2992 1587 3046 δὲ
1617 2992 1878 3063 γνησίοις,

296 3086 466 3150 πολὺς
511 3086 698 3149 κόπος.
734 3085 906 3140 Ὅταν
955 3084 1064 3155 γάρ
1105 3101 1189 3149 τις
1236 3083 1327 3138 διὰ
1383 3084 1475 3139 τὸν
1512 3084 1880 3156 ἀγαπώμενον

1981 1969 2136 2038 Quod
2163 1972 2369 2043 gratias
2408 1972 2519 2042 agit
2564 1970 2697 2039 Deo,
2730 1973 2910 2029 iSthuc
2960 1984 3045 2031 est
3084 1985 3308 2046 propter
3335 1978 3565 2034 virtutes

1981 2076 2168 2117 eorum
2201 2078 2216 2115 :
2247 2063 2389 2133 quod
2410 2078 2541 2118 vero
2578 2065 2885 2121 meminerit
2905 2081 3097 2122 eorum
3150 2068 3204 2123 in
3229 2069 3561 2139 precationi.

1979 2154 2082 2210 bus
2114 2155 2248 2223 suis,
2279 2156 2563 2213 cbaritatis
2588 2166 2692 2214 est.

2060 2243 2222 2303 Vens.
2254 2245 2310 2304 5.
2328 2244 2455 2302 Sine
2476 2248 2864 2304 intermissione
2894 2266 3166 2306 memores.
3210 2251 3326 2307 Non
3364 2252 3564 2322 solum,

1982 2336 2182 2409 inquit,
2214 2337 2269 2393 in
2302 2339 2644 2397 orationibus
2677 2343 2813 2397 meis
2842 2342 3015 2398 vestri
3060 2344 3344 2413 recordor,
3374 2359 3564 2400 verum

1984 2440 2042 2486 ct
2065 2430 2202 2487 alias
2228 2445 2466 2503 semper.
2498 2431 2648 2488 Istud
2672 2442 2857 2490 autem
2898 2436 3244 2493 vehementis
3284 2436 3568 2493 cbaritatis

1981 2534 2067 2579 est
2101 2523 2384 2580 indicium.

2047 2614 2233 2685 Operis
2281 2618 2410 2687 ﬁdei
2452 2628 2657 2676 uestra.
2693 2618 2807 2675 Hoc
2846 2627 2950 2685 est,
2986 2622 3311 2677 constantiae
3348 2630 3562 2678 vestrm.

1982 2705 2132 2764 istud
2158 2709 2302 2765 enim
2321 2720 2405 2765 est
2431 2725 2567 2782 opus
2592 2713 2740 2778 lidei,
2781 2713 3010 2770 lirmiter
3032 2714 3348 2779 consistere,
3370 2721 3425 2771 et
3445 2728 3556 2769 nou

1984 2799 2118 2857 solis
2148 2800 2328 2859 verbis
2356 2802 2409 2858 in
2438 2801 2542 2860 lide
2562 2804 2804 2875 gloriari.

2065 2891 2132 2946 Et
2179 2891 2414 2949 laborem
2467 2895 2772 2952 altaritatis.
2800 2895 2991 2964 Qualis
3045 2906 3227 2954 autem
3284 2897 3439 2953 labor
3482 2908 3569 2955 eet

1986 2981 2217 3054 diligere
2241 2983 2344 3040 ἱνδί
2376 2986 2697 3056 simpliciter
2720 2987 2936 3059 diligas,
2966 2989 3146 3046 nullus
3181 2998 3287 3044 est.
3314 2988 3411 3044 Sin
3444 3002 3566 3060 ger-

1983 3088 2166 3143 mane,
2200 3075 2404 3133 multus
2434 3088 2518 3134 est
2551 3078 2724 3134 labor.
2757 3079 2984 3145 Quando
3008 3081 3153 3137 enim
3180 3081 3448 3153 quispiam
3492 3080 3564 3135 ob

296 3179 477 3233 ⁶πάντα
525 3178 794 3249 ὑπομένῃ,
821 3176 938 3240 πῶς
963 3177 1026 3230 οὐ
1059 3177 1257 3244 κόποςς
1293 3175 1407 3231 Καὶ
1458 3175 1871 3240 Θεσσαλονικείς

1998 3164 2243 3222 dilectum
2272 3168 2378 3224 sibi
2416 3170 2632 3240 quidvis
2680 3173 3028 3239 sustinuerit,
3066 3189 3171 3243 quo
3207 3183 3366 3243 pacto
3414 3172 3570 3228 labor

293 3267 392 3325 οὗν
423 3269 595 3324 πολλὰ
628 3269 829 3325 ἔπαθον
852 3269 942 3323 διὰ
970 3269 1068 3341 τὴν
1095 3270 1231 3343 πρὸς
1252 3271 1345 3325 τὸν
1374 3269 1590 3325 Παῦλον
1627 3270 1873 3341 ἀγάπην,

292 3362 371 3428 ὡς
410 3364 634 3437 μαθήσῃ
658 3363 724 3418 ἐκ
750 3364 847 3435 τῆς
878 3360 1064 3433 βίϐλου
1093 3362 1203 3417 τῶν
1239 3361 1522 3434 Πράξεων.

364 3543 477 3599 Kal
526 3542 639 3612 τῆς
688 3542 1003 3614 ὑπομονῆς
1056 3541 1167 3612 τῆς
1217 3541 1469 3609 ἐλπίδος
1520 3541 1626 3597 τοῦ
1653 3541 1880 3611 Κυρίου

294 3632 467 3704 ἡμῶν
525 3633 734 3702 Ἰησοῦ
799 3633 1081 3704 Χριστοῦ.
1118 3633 1391 3701 Πολλοὺς,.
1418 3634 1609 3705 φησιν,
1647 3632 1873 3704 ὐπεμεί-

294 3744 427 3782 νατε
474 3728 571 3781 καὶ
625 3727 872 3799 μακροὺς
914 3727 1295 3799 πειρασμούς·
1341 3728 1673 3798 ὑπεμείνατε
1711 3727 1768 3780 δὲ
1809 3728 1878 3797 τῇ

294 3819 476 3875 ἐλπίδι
502 3821 859 3891 ρωννύμενοι.
876 3820 1033 3874 Μετὰ
1053 3820 1428 3892 πληροφορίας
1458 3821 1570 3892 γὰρ
1593 3818 1881 3873 ἐπίστευον

295 3913 415 3975 τοῖς
438 3910 827 3981 ἀποκειμένοις
874 3911 1162 3975 ὲπάθλοιςο
1184 3912 1309 3963 ἐπεὶ
1338 3911 1396 3965 δὲ
1420 3912 1448 3964 ό
1478 3910 1609 3974 Θεὸς
1641 3911 1878 3981 συνεχώ-

298 4020 384 4075 ρει
451 4004 510 4057 ἑν
559 4005 702 4077 ἀρχῇ
747 4000 1127 4074 πειράζεσθαι,
1174 4003 1262 4057 ἵνα
1324 4004 1400 4074 μή
1460 4019 1545 4067 τις
1591 4004 1743 4074 εἴπῃ,
1798 4004 1879 4058 ὅτι

293 4093 484 4157 ἁπλῶς
538 4095 633 4150 καὶ
672 4094 934 4166 κολακείᾳ
986 4094 1048 4148 τδ
1091 4094 1356 4166 κήρυγμα
1411 4094 1739 4154 συνίστατο,
1785 4094 1881 4147 καὶ

290 4186 504 4258 δειχθῇ.
532 4186 613 4239 ὃτι
677 4186 778 4239 οὐκ
816 4184 1134 4257 ἀνθρωπίνη
1182 4181 1378 4251 πειθὼ,
1412 4182 1550 4237 ἀλλὰ
1602 4182 1700 4236 τοῦ
1740 4182 1878 4237 Θεοῦ

291 4279 528 4349 δύναμις
554 4273 623 4349 ἦν
649 4278 685 4348 ἡ
708 4278 808 4341 τὰς
829 4278 1008 4348 ψυχὰς
1044 4275 1327 4330 πείθουσα.

369 4372 757 4441 ’.ἔμπροσθεν
778 4369 885 4424 τοῦ
917 4369 1065 4425 Θεοῦ
1088 4368 1187 4423 καί
1219 4367 1449 4437 Πατρός
1487 4367 1677 4437 ἡμῶν.
1706 4366 1881 4439 Διχῶς

289 4462 456 4518 τοῦτο
508 4464 760 4533 νοήσεις·
812 4461 870 4535 ἢ,
938 4459 1389 4533 Μνημονεύοντες
1432 4460 1742 4533 ἔμπροσθεν
1772 4452 1878 4513 ’τοῦ

1986 3275 2095 3317 non
2143 3260 2288 3317 erit?
2309 3260 2826 3319 Thessalonicenses
2859 3272 3039 3319 autem
3075 3273 3295 3336 propter
3330 3265 3564 3323 citarita-

1981 3360 2116 3420 tem,
2146 3366 2251 3424 qua
2298 3351 2527 3410 Paulum
2580 3357 2855 3425 prosecuti
2908 3363 3056 3422 sunt,
3102 3356 3273 3412 multa
3318 3359 3562 3429 perpessi

1982 3456 2164 3517 erant,
2192 3454 2256 3503 ut
2280 3448 2459 3506 disces
2485 3464 2551 3504 es
2584 3449 2844 3506 Actorum
2867 3449 3009 3505 libro
3035 3460 3083 3505 ι’.

2051 3541 2121 3596 Et
2138 3542 2509 3598 sustinentiam
2541 3544 2652 3614 spei
2691 3541 2907 3598 Domini
2941 3544 3113 3599 nostri
3148 3542 3278 3599 Iesu
3336 3542 3561 3600 Christi.

1982 3635 2202 3701 Multas,
2236 3636 2449 3707 .inquit,
2486 3646 2540 3693 ct
2588 3637 2780 3707 longas
2837 3638 3166 3692 tentationes
3210 3635 3565 3691 sustinuistis.

1983 3727 2333 3786 Sustinuistis
2362 3740 2541 3785 autem
2590 3743 2687 3798 spe
2736 3730 2994 3786 roborati.
3056 3729 3191 3786 Cum
3243 3728 3570 3787 certitudine

1981 3820 2125 3875 enim
2171 3820 2466 3876 credebant
2520 3821 2770 3890 repositis
2817 3821 3075 3885 praemiis.
3116 3821 3256 3877 Deus
3294 3820 3440 3877 enim
3503 3824 3558 3876 in

1982 3911 2247 3984 principio
2294 3911 2490 3967 tentari
2524 3926 2621 3968 eos
2662 3911 3030 3982 permittebat,
3058 3926 3128 3968 ne
3158 3911 3281 3982 quis
3327 3913 3559 3979 diceret,

1981 4003 2125 4073 quod
2151 4002 2474 4073 simpliciter
2503 4012 2556 4057 et
2580 4018 2675 4072 per
2704 4001 3068 4058 adulationem
3094 4002 3377 4074 Evangelii
3427 4018 3566 4075 pm-

1982 4096 2181 4152 dicatio
2238 4106 2534 4160 constaret,
2567 4107 2734 4167 utque
2756 4104 3095 4153 monstretur
3139 4111 3247 4153 non
3295 4112 3418 4154 esse
3465 4099 3568 4153 ltu-

1981 4204 2197 4245 manam
2225 4188 2385 4245 istam
2436 4191 2871 4259 persuasionem,
2903 4203 3092 4245 verum
3128 4187 3221 4245 Dei
3265 4189 3562 4260 potentiam

1980 4294 2101 4350 quae
2134 4279 2422 4336 animabus
2457 4278 2836 4349 persuadebat.

2049 4370 2211 4442 505
2232 4374 2366 4426 Ante
2383 4370 2548 4425 Deum
2573 4379 2622 4425 et
2656 4369 2871 4425 Patrem
2894 4378 3154 4426 nostrum.
3186 4367 3443 4426 Bilariam
3459 4371 3563 4427 hoc

1982 4462 2252 4533 intelliges
2293 4461 2442 4530 :vel,
2460 4461 2831 4517 Recordantes
2854 4470 2980 4516 ante
3018 4459 3211 4527 Deum,
3234 4462 3349 4518 sive
3379 4477 3563 4519 coram

290 4555 431 4611 Θεοῦ
463 4556 560 4612 καὶ
590 4555 799 4628 [ἰατρὸς
821 4553 978 4625 ἡμῶν
1013 4571 1028 4587 ·
1062 4553 1121 4626 ἥ,
1155 4553 1261 4607 Τοῦ
1286 4555 1448 4625 ἔργου
1487 4554 1585 4624 τῆς
1617 4555 1874 4619 πίστεως,

1998 4554 2096 4613 Deo
2116 4564 2172 4612 et
2197 4556 2360 4612 Patre
2393 4564 2580 4611 nostro
2612 4571 2625 4609 :
2660 4554 2766 4622 vel,
2801 4552 2995 4625 Operis
3024 4554 3146 4612 lldei
3182 4565 3398 4623 vestrae,
3424 4557 3565 4626 quod

290 4651 388 4705 τοῦ
419 4650 570 4713 ὄντος
595 4649 907 4720 ἔμπροσθεν
939 4647 1033 4702 τοῦ
1053 4646 1212 4703 Θεοῦ.
1239 4647 1333 4719 Μὴ
1363 4646 1474 4719 γὰρ
1497 4646 1758 4718 νομίσητε
1787 4645 1873 4698 ὃτι

291 4740 540 4814 ἀκερδῶς
572 4743 788 4794 πονεῖτε
806 4740 874 4807 ⁸⁸,
910 4739 1046 4795 ἀλλὰ
1069 4740 1248 4795 πάντα
1277 4738 1591 4811 ἔμπροσθέν
1622 4739 1728 4792 εισι
1776 4735 1872 4791 τοῦ

292 4833 434 4888 Θεοῦ
455 4850 473 4866 ⁶
510 4834 651 4888 ὥστε
678 4836 771 4888 καὶ
796 4835 923 4898 τοὺς
956 4833 1185 4905 μισθοὺς
1212 4831 1508 4888 ἀποδώσει.

364 4928 632 4994 Είὸότες,
664 4927 917 4998 ἀδελφοί
963 4925 1360 4998 ἠγαπημένοι,
1394 4926 1463 4981 ἐκ
1493 4923 1642 4981 Θεοῦ
1671 4924 1717 4958 ⁸⁷
1760 4923 1877 4994 τὴν

290 5023 568 5093 ἐκλογὴν
603 5020 791 5093 ὑμῶν.
827 5020 1283 5092 Μνημονεύομεν,
1316 5018 1503 5090 φησὶν,
1534 5017 1709 5092 ὐμῶν,
1741 5018 1875 5071 διότι

288 5115 520 5186 οἴδαμεν
559 5114 643 5168 ὅτι
686 5114 1071 5183 ἐκλελεγμένοι
1104 5111 1225 5166 ἐστὲ
1269 5112 1375 5166 ὐπὸ
1432 5109 1528 5165 τοῦ
1569 5109 1739 5165 Θεοῦ·
1785 5110 1874 5177 ἐξ-

288 5207 520 5277 ελέγητε
552 5206 661 5276 γὰρ
695 5207 775 5268 είς
805 5205 907 5276 τὴν
936 5204 1120 5258 πίστιν
1152 5204 1292 5275 ὐπὶρ
1324 5205 1453 5268 τούς
1482 5202 1731 5267 πολλούς.
1764 5203 1874 5257 Καὶ

292 5299 464 5353 πόθεν
503 5298 664 5352 τοῦτο
703 5297 881 5369 δῆλον,
905 5288 951 5350 ὧ
1014 5293 1239 5361 Παῦλε;
1277 5295 1501 5361 Ἄκουε,
1552 5295 1711 5364 φησι,
1764 5292 1874 5347 τῶν

289 5391 449 5463 ἑξῆς⁹

361 5485 489 5538 Ὅτι
529 5483 599 5538 τὸ
642 5481 1016 5553 Εὑαγγέλιον
1072 5478 1244 5551 ἡμῶν
1282 5480 1393 5534 οὐκ
1434 5477 1690 5549 ἐγενήθη
1725 5476 1874 5547 πρὸς

395 5633 426 5675 P
446 5624 565 5678 Act.
587 5635 723 5687 χιιι,
765 5619 819 5674 5.

1977 4660 2067 4708 est
2089 4660 2215 4707 ante
2240 4650 2432 4707 Deum.
2472 4647 2549 4706 Ne
2575 4648 2723 4705 enim
2746 4648 3075 4706 existimetis
3098 4650 3241 4720 quod
3270 4649 3389 4707 sine
3416 4649 3564 4707 lucro

1983 4743 2267 4809 laboratis,
2297 4748 2553 4799 cazterum
2586 4740 2769 4798 omnia
2791 4750 2921 4799 sunt
2958 4755 3143 4799 coram
3181 4742 3337 4800 Deo:
3373 4744 3563 4815 itaque

1984 4848 2040 4892 et
2079 4834 2386 4890 mercedem
2414 4832 2627 4889 reddet.

2057 4925 2221 4984 Vens.
2242 4926 2297 4985 4.
2327 4924 2587 4993 Seientes,
2615 4929 2811 4997 fratres
2833 4927 3037 4996 dilecti,
3059 4945 3091 4984 a
3124 4925 3232 4983 Deo
3261 4924 3563 4982 electionem

1981 5027 2231 5075 vestram.
2279 5016 2649 5083 Meminimus,
2678 5017 2874 5088 inquit,
2911 5016 3102 5081 vestri,
3139 5029 3204 5072 eo
3228 5015 3373 5085 quod
3424 5014 3565 5071 scia-

1989 5126 2115 5169 mus
2143 5125 2241 5167 vos
2291 5124 2415 5167 esse
2453 5110 2658 5167 electos
2691 5125 2722 5165 a
2775 5110 2886 5166 Deo
2915 5126 2931 5164 :
2960 5108 3116 5164 electi
3146 5106 3290 5163 enim
3321 5105 3456 5162 estis
3496 5106 3563 5160 ad

1990 5203 2149 5258 [idem
2187 5216 2298 5272 prta
2324 5199 2508 5257 multis
2555 5200 2697 5257 aliis.
2731 5198 2885 5256 Unde
2914 5213 3045 5254 vero
3090 5198 3191 5255 hoc
3220 5197 3410 5268 liquet,
3446 5198 3565 5253 dive

1983 5295 2192 5351 Paule?
2224 5293 2384 5360 Audi,
2410 5294 2603 5364 inquit,
2630 5308 2750 5364 quae
2771 5300 3104 5363 sequuntur:

2063 5473 2224 5530 Vens.
2261 5474 2316 5529 5.
2350 5471 2487 5538 Quia
2507 5469 2846 5543 Evangelium
2869 5478 3106 5525 nostrum
3134 5483 3236 5524 non
3256 5467 3355 5537 {uit
3381 5472 3448 5524 aa'
3474 5481 3561 5523 vos

1603 5732 1807 5796 Varia:
1842 5732 2170 5796 lectiones.

363 5847 413 5879 "‘
436 5844 521 5915 εἴη
555 5862 607 5901 σ.
684 5842 731 5875 ⁸⁸
768 5838 1169 5913 ἐργαζομένους
1203 5853 1256 5893 ο.
1334 5837 1380 5871 ⁸⁸
1413 5840 1611 5892 ποιεῖτε
1632 5854 1685 5894 ο.
1765 5839 1809 5871 ⁸⁷
1837 5838 1939 5892 ὐπὸ
1961 5836 2054 5890 τοῦ
2079 5833 2212 5889 θεοῦ
2240 5848 2294 5886 ο.
