3994 6582
296 387 438 455 1285

1116 389 1527 452 EXPOSITIO
1568 390 1650 451 ΙΝ
1691 388 1934 451 EPIST.
1970 389 1999 450 Ι
2035 392 2134 452 AD
2167 392 2429 459 THESS.
2460 418 2521 429 -··
2556 395 2717 457 CAP.
2752 395 2808 459 Ῑ.

3427 395 3563 465 1286

295 502 404 573 μὴν
427 502 488 554 ιν
524 499 743 572 ὑστέρῳ
763 494 896 572 ἦλθε
926 500 1142 567 Παῦλος
1187 502 1327 574 πρὸς
1372 503 1622 569 τούτους,
1644 502 1763 556 ἀλλ’
1783 500 1874 555 οὕ-

1984 505 2046 559 ad
2084 519 2178 562 eos
2225 504 2423 563 Paulus
2469 509 2708 577 venerit,
2740 509 2823 567 sic
2851 518 3052 576 tamen,
3084 508 3282 579 inquit,
3318 511 3563 582 resplen-

286 611 399 657 τως
423 592 729 663 ἐλάμψατε,
753 592 944 665 φησὶν,
967 595 1043 659 ὡς
1062 594 1174 649 τῶν
1198 595 1581 665 προλαϐόντων
1618 593 1876 665 γενέσθαι

293 683 626 739 διδάσκαλοι.
659 683 769 736 Καὶ
797 683 959 738 τοῦτο
990 684 1048 739 δὲ
1090 683 1325 755 μίμησις
1353 684 1570 741 Παύλου
1591 698 1608 713 ’
1642 683 1740 738 καὶ
1765 683 1876 755 γὰρ

293 779 386 831 καὶ
434 776 602 840 αὐτὸς
637 775 869 849 ὕστερος
900 777 1240 848 προσελθὼν,
1267 777 1477 840 πάντας
1511 777 1872 849 ὑπερέϐαλεν.

291 869 437 938 Ὅρα
462 869 542 934 δὲ,
572 870 674 925 οὐκ
705 864 849 931 εἶπε,
885 868 1102 933 Τύπους
1128 868 1386 938 γενέσθαι
1402 867 1538 940 πρὸς
1559 868 1619 921 τὸ
1647 866 1874 923 πιστεῦ-

294 979 405 1028 σαι,
447 961 605 1027 ἀλλὰ,
667 962 793 1024 Τοῖς
836 961 939 1033 ἢδη
978 960 1351 1016 πιστεύσασι⁹⁰
1380 960 1551 1024 τύπος
1597 959 1874 1030 ἐγένεσθε,

290 1052 407 1114 πῶς
457 1050 539 1104 δεῖ
585 1051 886 1118 πιστεύειν,
931 1052 1015 1113 ὅτι
1056 1051 1195 1123 μετὰ
1245 1050 1578 1124 θερμότητος
1625 1052 1720 1107 καὶ
1774 1052 1877 1123 τῆς

291 1143 430 1214 πρὸς
457 1144 583 1207 τοὺς
630 1143 915 1209 κινδύνους
956 1143 1334 1216 ἑτοιμότητος.
1377 1144 1605 1217 Ἀχαΐαν
1656 1145 1715 1202 δὲ
1773 1145 1876 1218 τὴν

299 1235 529 1290 Ἐλλάδα
566 1235 753 1306 φησιν.

375 1333 495 1401 Ἀφ’
520 1330 686 1401 ὑμῶν
707 1329 817 1401 γὰρ
850 1328 1143 1399 ἐξήχηται
1179 1332 1213 1386 ό
1257 1332 1442 1401 λόγος
1479 1331 1586 1388 τοῦ
1627 1332 1872 1403 Κυρίου.

291 1425 604 1489 Τουτέστιν,
645 1420 709 1477 Ἦ
731 1422 858 1493 περὶ
882 1421 982 1493 τῆς
1005 1421 1159 1490 ὑμῶν
1191 1424 1393 1494 ἀρετῆς
1421 1423 1575 1497 φήμη
1622 1424 1876 1496 ἐποίησεν

293 1514 624 1579 ἐξάκουστον
674 1512 933 1582 γενέσθαι
969 1513 1103 1571 πᾶσι
1125 1512 1184 1567 τὸ
1215 1513 1501 1587 κήρυγμα,
1534 1516 1628 1568 καὶ
1658 1515 1875 1570 πάντων

293 1608 436 1678 ὑμᾶς
476 1605 767 1670 παιδευτὰς
811 1605 1110 1676 δειχθῆναι.
1168 1605 1243 1661 Τὸ
1298 1606 1378 1674 δὲ,
1423 1606 1764 1678 Ἐξιὶχηται,
1799 1607 1876 1672 ὡς

296 1701 391 1753 ἐπὶ
445 1699 746 1768 σάλπιγγος
809 1696 1066 1771 λαμπρὸν
1112 1697 1354 1775 ἡκούσης
1386 1741 1401 1769 ,
1453 1699 1550 1755 καὶ
1598 1700 1691 1757 ἐπὶ
1738 1700 1875 1755 πολὺ

296 1788 636 1859 φθανούσης.

1984 598 2200 664 duistis,
2242 609 2301 654 ut
2337 614 2527 655 eorum
2556 601 2649 671 qui
2698 603 3077 671 praecesserint
3128 619 3228 659 vos
3264 602 3393 658 facti
3441 603 3562 659 sitis

1985 694 2254 749 doctores.
2283 696 2459 765 Atque
2484 698 2601 755 haec
2630 708 2713 754 est
2729 699 2879 754 Pauli
2904 699 3162 757 imitatio.
3184 701 3318 757 Nam
3341 711 3396 758 et
3422 703 3557 773 ipse,

1982 793 2292 855 postremus
2353 789 2641 854 accedens.
2699 805 2892 847 omnes
2942 793 3241 862 superavit.
3302 793 3561 864 Expende

1984 884 2187 942 autem,
2216 877 2357 946 quod
2385 893 2489 933 non
2533 879 2750 948 dixerit,
2776 881 2928 936 Facti
2964 883 3097 938 estis
3134 880 3326 950 forma,
3353 892 3411 937 ut
3443 899 3565 939 cre-

1982 968 2175 1023 derent
2233 968 2361 1037 alii;
2416 984 2607 1024 verum
2664 970 2771 1040 iam
2819 973 3166 1028 credentibus
3208 972 3380 1029 forma
3432 972 3559 1028 iacti

1983 1054 2156 1121 estis,
2195 1056 2466 1126 quomodo
2517 1068 2765 1129 oporteat
2816 1062 3063 1137 credere,
3124 1063 3381 1117 nimirum
3435 1079 3558 1118 cum

1982 1144 2197 1205 fervore
2239 1156 2294 1202 ct
2329 1148 2755 1219 promptitudine
2783 1151 2851 1207 ad
2885 1152 3147 1223 pericula.
3170 1151 3274 1208 Per
3298 1152 3562 1209 Achaiam

1982 1247 2161 1294 autem
2190 1237 2455 1297 Graeciam
2501 1241 2775 1316 intelligit.

2056 1330 2224 1387 Vens.
2260 1330 2316 1388 8.
2342 1331 2389 1386 Α
2427 1334 2569 1389 vobis
2593 1335 2729 1390 enim
2749 1336 2979 1390 insonuit
3004 1353 3173 1393 sermo
3200 1337 3430 1395 Domini.
3451 1336 3565 1395 Hoc

1992 1433 2097 1490 est,
2122 1423 2266 1479 fama
2314 1424 2382 1479 de
2410 1425 2610 1484 virtute
2637 1438 2816 1485 vestra
2850 1427 3004 1494 fecit,
3032 1440 3091 1485 ιιι
3112 1430 3426 1499 praedicatio
3473 1431 3559 1485 in-

1987 1525 2300 1573 notesceret
2353 1519 2627 1584 omnibus,
2669 1535 2879 1592 vosque
2928 1522 3171 1577 omnium
3219 1522 3565 1580 institutores

1983 1607 2427 1665 oetenderemini.
2488 1607 2623 1690 illud
2685 1619 2907 1678 autem,
2956 1609 3226 1678 Insonuit,
3275 1612 3445 1668 veluti
3497 1613 3566 1669 de

1982 1700 2111 1756 tuba
2141 1699 2346 1759 dictum
2385 1709 2489 1769 est,
2515 1718 2636 1775 qua:
2657 1703 2806 1761 clare
2826 1712 3007 1772 sonat,
3038 1714 3093 1760 et
3121 1705 3332 1763 sonitus
3353 1706 3472 1776 ejus
3493 1707 3561 1763 ad

1983 1789 2183 1845 multos
2222 1792 2491 1860 pervenit.

366 1881 451 1934 Οὐ
484 1879 679 1950 μόνον
723 1878 795 1933 ἐν
835 1877 911 1948 τῇ
950 1876 1294 1947 Μακεδονίᾳ
1332 1880 1430 1937 καὶ
1471 1880 1691 1952 Ἀχαΐᾳ,
1714 1880 1875 1937 ἀλλὰ

2049 1879 2173 1938 Non
2221 1882 2393 1938 solum
2422 1883 2479 1937 in
2536 1881 2854 1941 Macedonia
2904 1897 2951 1940 et
3002 1886 3224 1955 Achaia,
3266 1888 3361 1943 sed
3406 1898 3455 1946 et
3504 1889 3564 1944 in

291 1970 390 2024 καὶ
414 1971 487 2024 ἐν
525 1968 707 2023 παντὶ
745 1970 909 2036 τόπῳ
966 1967 1002 2037 ἡ
1047 1970 1255 2037 πίστις
1297 1969 1466 2043 ὑμῶν
1494 1972 1533 2040 ἡ
1580 1972 1731 2041 πρὸς
1767 1973 1876 2033 τὸν

294 2062 445 2114 Θεὸν
519 2059 915 2127 ἐξελήλυθεν.
971 2057 1083 2132 Τὴν
1149 2059 1249 2130 μὲν
1302 2061 1668 2129 Μακεδονίαν,
1717 2065 1872 2135 φὴσὶ,

292 2155 387 2208 καὶ
433 2155 535 2224 τὴν
597 2140 833 2208 Ἐλλάδα
877 2151 973 2207 τοῦ
1030 2153 1191 2223 λόγου
1242 2155 1469 2225 καὶτῆς
1522 2154 1878 2220 δίδασκαλίας

292 2245 632 2317 ὲνεπλήσατε
692 2243 769 2315 τῷ
816 2243 939 2299 καθ’
1000 2244 1195 2310 αὐτοὺς
1242 2246 1632 2319 ὑποδείγματιο
1666 2248 1762 2301 τοῦ
1818 2247 1877 2303 δὲ

295 2335 621 2404 θαύματος,
673 2335 851 2389 πάντα
882 2333 1083 2405 τρόπον
1118 2377 1136 2403 ,
1186 2336 1332 2401 ὅπως
1395 2337 1454 2390 ἐν
1497 2336 1641 2390 οὓτω
1687 2335 1879 2408 βραχεῖ

291 2427 474 2500 χρόνῳ
521 2424 792 2495 τοσαύτην
843 2425 1028 2479 πίστιν
1063 2424 1330 2499 [μακρὰν]
1378 2425 1745 2494 ἐπεδείξασθε.
1790 2428 1879 2492 Ὠς

293 2521 426 2591 περὶ
456 2518 703 2590 ἐμψύχου
743 2516 801 2572 δέ
851 2534 996 2584 τινος
1033 2518 1415 2593 διαλεγόμενος
1449 2515 1571 2574 εἷπε
1615 2520 1697 2592 τὸ,
1741 2519 1878 2585 Ἔξ-

289 2612 616 2681 ελήλυθεν.

366 2707 549 2762 Ὥστε
582 2708 666 2777 μὴ
706 2707 918 2778 χρείαν
952 2703 1107 2777 ἡμᾶς
1132 2705 1298 2776 ἔχειν
1329 2704 1546 2761 λαλεῖν
1574 2722 1651 2761 τι.
1692 2704 1879 2771 Οὕτως

293 2797 411 2851 ἐστὶ
439 2798 647 2871 σφοδρὰ
670 2801 766 2853 καὶ
793 2800 1023 2870 ἐνεργὴς
1052 2799 1086 2870 ἠ
1116 2796 1215 2868 τῆς
1248 2797 1484 2862 πίστεως
1517 2796 1670 2868 ὖμῶν
1694 2798 1876 2869 φήμη,

292 2888 436 2945 ὥστε
464 2890 587 2944 οὐδὲ
617 2892 1004 2964 περιμένουσιν
1049 2890 1198 2961 ἡμᾶς
1243 2891 1291 2942 οἱ
1323 2888 1598 2961 ἄνθρωποι
1626 2891 1801 2943 εἰπεῖν
1825 2906 1880 2942 τι

293 2984 426 3054 περὶ
481 2982 658 3055 ὑμῶν,
693 2983 807 3039 ἀλλ’
857 2982 1051 3046 ὁσάκις
1105 2982 1531 3053 ἐπιχειρήσομεν
1562 2981 1767 3051 λέγειν,
1791 2981 1880 3035 ἵνα

293 3077 585 3141 κάκείνους
629 3078 708 3141 εἰς
748 3078 840 3131 τὸν
878 3073 998 3130 ἴσον
1045 3075 1205 3146 ζῆλον
1241 3072 1597 3146 ἐμϐάλωμεν,
1631 3074 1881 3146 προφθά-

293 3186 476 3223 νουσιν
504 3172 651 3240 ἡμᾶς
681 3171 901 3236 ἐκεῖνοι,
934 3168 1002 3223 τὰ
1032 3167 1276 3241 ὑμέτερα
1312 3166 1459 3221 καλὰ
1498 3166 1874 3239 διηγούμενοι.

366 3261 546 3316 Αὐτοὶ
590 3262 700 3330 γὰρ
738 3260 872 3330 περὶ
910 3260 1075 3331 ἡμῶν
1122 3258 1638 3331 ἀπαγγέλλουσιν,
1665 3261 1882 3316 ὁποίαν

292 3352 544 3407 εἴσοδον
598 3352 818 3423 ἔχομεν
859 3352 904 3385 ’ί
953 3351 1103 3423 πρὸς
1130 3350 1309 3424 ὑμᾶς.
1334 3351 1651 3419 ’Τουτέστιν,
1698 3352 1780 3407 ὅτι
1815 3353 1879 3407 Ἦ

295 3444 542 3515 ἡμετέρα
571 3444 706 3514 πρὸς
758 3442 902 3514 ὑμᾶς
951 3443 1160 3507 ἔλευσις
1218 3440 1468 3497 θανάτων
1539 3441 1708 3513 ἔγεμε
1775 3462 1879 3515 μυ-

295 3538 451 3609 ρίων,
485 3536 602 3592 ἀλλ’
630 3538 780 3608 ὅμως
806 3537 964 3607 ὑμεῖς
982 3536 1083 3588 οὐκ
1113 3533 1574 3606 ὲσκανδαλίσθητε
1611 3535 1697 3604 ἐφ’
1726 3536 1875 3605 ἡμῖν.

196 3660 201 3663 »
306 3624 474 3678 Ἀλλὰ
514 3627 607 3677 καὶ
659 3625 816 3696 ὑμεῖς
870 3623 1137 3688 κινδύνοις
1164 3623 1233 3677 δι’
1269 3625 1418 3695 ἡμᾶς
1468 3622 1876 3696 περιπεσόντες,

292 3716 395 3769 οὐκ
421 3717 815 3788 ἀπεστράφητε
867 3717 1036 3789 ἡμᾶς,
1070 3716 1186 3772 ἀλλ’
1222 3715 1396 3782 οὕτως
1442 3717 1602 3791 ἡμῶν
1639 3718 1876 3789 εἶχεσθε,

292 3805 372 3872 ὡς
404 3807 615 3879 μυρίων
665 3806 890 3877 ἀγαθῶν
944 3806 1375 3872 ἀπολαύσαντες.
1406 3807 1648 3881 Δευτέρα
1700 3809 1757 3862 δὲ
1806 3805 1877 3881 ἦν

292 3898 435 3972 αῦτη
465 3899 690 3962 εἴσοδος.
724 3899 836 3954 Καὶ
873 3899 982 3971 γὰρ
1015 3898 1269 3955 ἀπελθὼν
1283 3900 1362 3965 εἰς
1393 3900 1657 3973 Βέρῤοιαν
1721 3901 1875 3957 ἐδιώ-

299 3992 407 4062 χθη
450 4005 465 4020 °
498 3989 752 4045 κάκεῖθεν
788 3989 983 4058 ἐλθὼν,
1011 3990 1182 4056 οὕτως
1217 3991 1427 4064 ἐδέχθη,
1463 3991 1604 4046 ὥστε
1637 3992 1732 4047 καὶ
1777 3994 1876 4060 τὰς

292 4083 476 4154 ψυχὰς
501 4083 682 4138 αὐτῶν
718 4082 858 4155 ὑπὲρ
882 4082 1048 4155 αῦτοῦ
1075 4081 1269 4140 θεῖναι.

364 4263 473 4318 Καὶ
506 4260 629 4329 πῶς
651 4260 1065 4330 ἐπεστρέψατε
1081 4261 1232 4329 πρὸς
1260 4260 1364 4316 τὸν
1394 4263 1542 4319 Θεὸν
1587 4263 1705 4319 ἀπὸ
1758 4263 1876 4320 τῶν

292 4354 578 4420 εἰδώλων,
599 4352 915 4409 δουλεύειν
940 4351 1063 4418 Θεῷ
1081 4349 1245 4414 ζῶντι
1270 4353 1368 4408 καὶ
1395 4355 1678 4424 ἀληθινῷ.
1703 4358 1872 4413 Τουτ-

297 4449 470 4513 έστιν,
502 4449 584 4502 ὅτι
618 4446 881 4513 εὐκόλως,
945 4446 1028 4500 ὅτι
1077 4447 1216 4518 μετὰ
1266 4448 1468 4529 πολλῆς
1513 4452 1612 4520 τῆς
1646 4451 1875 4522 σφοδρό-

1978 1976 2122 2028 omni
2139 1975 2252 2029 loco
2274 1975 2402 2046 fides
2432 1989 2601 2031 vestra
2623 1993 2741 2047 qua:
2763 1990 2838 2033 est
2870 1979 2940 2032 ad
2968 1978 3157 2047 Deum,
3205 1996 3415 2052 egressa
3460 1990 3561 2038 est.

1976 2067 2239 2139 Exemplo
2288 2077 2487 2133 vestro,
2538 2069 2738 2139 inquit,
2798 2070 3170 2131 Macedoniam
3223 2073 3440 2143 quidem
3496 2082 3553 2128 et

1975 2158 2234 2215 Achaiam
2276 2160 2441 2215 verbo
2488 2169 2542 2217 et
2596 2162 2842 2216 doctrina
2887 2164 3558 2233 replestismdntiratione

1979 2266 2128 2320 vero,
2156 2267 2371 2308 omnem
2390 2252 2590 2320 locum,
2632 2254 2905 2322 quomodo
2932 2255 3143 2315 scilicet
3171 2258 3226 2313 in
3270 2265 3378 2311 tam
3400 2256 3558 2313 brevi

1981 2345 2238 2414 temporis
2271 2345 2448 2417 spatio
2469 2353 2673 2401 tantam
2708 2346 2868 2401 (idem
2902 2348 3244 2405 ostendistis.
3276 2349 3559 2420 Tanquam

1978 2446 2161 2497 autem
2183 2438 2262 2505 de,
2290 2453 2350 2495 re
2367 2439 2604 2495 animata
2639 2437 2866 2509 loquens
2895 2440 3053 2509 dixit,
3095 2440 3324 2515 Egressa
3351 2454 3451 2501 est.
3532 2512 3537 2516 ν

2052 2699 2142 2755 Ita
2175 2710 2227 2754 ut
2252 2717 2356 2754 non
2381 2701 2451 2754 sit
2475 2694 2623 2756 nobis
2647 2717 2857 2757 necesse
2882 2700 3171 2773 quidquam
3213 2700 3377 2773 loqui.
3411 2701 3564 2761 Adeo

1968 2772 2274 2849 vehemens
2312 2803 2366 2849 et
2389 2792 2578 2849 cﬂicax
2610 2803 2693 2850 est
2720 2794 2845 2849 ﬁdei
2871 2772 3065 2851 vestrae
3085 2794 3250 2862 fama,
3282 2772 3345 2850 ut
3385 2811 3565 2867 neque

1979 2896 2295 2957 exspectent
2344 2902 2445 2945 nos
2495 2887 2748 2945 homines
2781 2886 2909 2942 dum
2948 2887 3244 2958 quidquam
3297 2891 3361 2944 de
3397 2888 3555 2944 vobis

1981 2977 2229 3033 dicamus
2256 2994 2270 3032 :
2306 2992 2491 3035 verum
2521 2978 2738 3048 quoties
2763 2993 2991 3033 narrare
3013 2993 3293 3044 conamur,
3339 2988 3397 3034 ut
3441 2979 3565 3036 illos

1991 3069 2058 3123 ad
2090 3084 2275 3139 parem
2312 3069 2711 3126 aemulationem
2745 3070 3076 3141 injiciamus,
3103 3072 3440 3141 praeveniunt
3461 3086 3560 3128 nos

1985 3158 2081 3226 illi,
2114 3168 2293 3215 vestra
2318 3160 2476 3216 nobis
2505 3160 2650 3216 bona
2677 3162 3059 3231 praedicantes.

1906 3210 1952 3272 α
1986 3210 2228 3309 "is;
2236 3210 2474 3323 3.1.1.;
2498 3210 2650 3311 ;.'.-"..;
2677 3210 3324 3323 2'.".;;,‘n.";;....-...,
3351 3256 3562 3328 qualem

1979 3346 2254 3401 introitum
2284 3345 2623 3401 habuerimus
2665 3347 2735 3399 ad
2773 3361 2883 3400 vos.
2921 3342 3035 3401 lloc
3056 3355 3159 3412 est,
3197 3346 3340 3419 quod
3376 3357 3564 3407 noster

1980 3437 2048 3493 ad
2080 3452 2177 3494 vos
2200 3437 2464 3494 adventus
2485 3437 2715 3493 refertus
2742 3438 2905 3493 fuerit
2933 3439 3235 3494 innumeris
3269 3441 3559 3506 mortibus,

1981 3544 2075 3588 vos
2131 3541 2309 3585 tamen
2365 3546 2473 3587 non
2508 3530 2642 3587 estis
2693 3530 2884 3587 oﬂensi
2925 3531 2980 3586 in
3025 3531 3210 3589 nobis.
3250 3529 3560 3598 Quinetiam

1981 3635 2077 3677 vos
2106 3619 2159 3675 in
2199 3620 2440 3690 pericula
2471 3629 2692 3691 propter
2732 3636 2833 3677 nos
2883 3620 3207 3686 incidentes,
3233 3636 3340 3675 non
3379 3619 3561 3677 aversi

1976 3712 2108 3771 estis
2139 3728 2172 3769 a
2199 3713 2381 3781 nobis,
2404 3713 2501 3768 sed
2539 3712 2619 3767 sic
2649 3714 2804 3769 nobis
2823 3714 3211 3780 adhaerebatis,
3245 3728 3347 3770 ceu
3391 3715 3556 3769 ἰιιιιιι-

1979 3805 2144 3860 meris
2184 3805 2345 3861 bouis
2374 3820 2404 3860 a
2447 3804 2604 3862 nobis
2647 3806 2792 3863 aucti
2821 3807 3036 3861 essetis.
3066 3805 3351 3862 Secundus
3376 3814 3560 3863 autem

1981 3897 2080 3953 iste
2107 3896 2222 3966 ejus
2262 3913 2514 3955 accessus
2555 3907 2690 3954 erat.
2716 3897 2931 3953 Etenim
2980 3897 3257 3969 proiectus
3288 3897 3450 3970 507
3501 3901 3556 3953 in

1975 3988 2313 4058 Berrlneam,
2343 3991 2777 4061 persecutionem
2800 4005 2990 4059 passus
3020 3998 3105 4045 est
3140 4007 3154 4044 :
3189 4005 3256 4047 ac
3303 3992 3430 4046 inde
3459 4005 3555 4046 ve-

1977 4081 2152 4146 niens,
2175 4082 2258 4138 sic
2304 4089 2389 4138 est
2432 4090 2704 4154 receptus,
2737 4089 2796 4138 ut
2823 4080 2907 4140 vel
2931 4082 3143 4139 animas
3185 4096 3315 4140 suas
3359 4097 3458 4154 pro
3492 4097 3563 4138 eo

1974 4173 2375 4244 impenderent.

2047 4263 2117 4320 Et
2149 4268 2406 4338 quomodo
2431 4267 2666 4322 conversi
2695 4267 2820 4321 estis
2846 4266 2914 4321 ad
2956 4264 3124 4321 Deum
3147 4281 3182 4319 a
3233 4265 3562 4334 simulacris,

1975 4370 2032 4413 ut
2057 4360 2295 4415 serviatis
2324 4359 2429 4417 Deo
2457 4360 2644 4414 viventi
2671 4368 2719 4412 et
2752 4373 2895 4414 vero.
2931 4356 3044 4412 Hoc
3073 4364 3176 4422 est,
3205 4359 3349 4427 quod
3376 4357 3557 4427 facile,

1974 4458 2171 4506 etcum
2196 4465 2387 4520 magna
2420 4449 2754 4505 vehementia
2777 4464 2840 4504 ac
2865 4462 3079 4504 summo
3102 4450 3305 4505 studio.
3335 4447 3434 4506 Hic
3457 4464 3554 4505 au-

292 4554 479 4610 τητος.
508 4538 774 4593 Ἐνταῦθα
801 4538 860 4597 δὲ
894 4539 1364 4612 ἁνεπαχθέστερον
1426 4542 1519 4594 καὶ
1551 4542 1873 4613 παραίνεσιν

1984 4548 2085 4597 tem
2108 4541 2536 4598 adhortationem
2562 4541 2740 4597 minus
2768 4540 3048 4597 molestam
3077 4540 3398 4610 introduxit,
3420 4542 3561 4598 scite

294 4632 590 4702 εἰσήγαγεν
619 4670 635 4696 ,
702 4631 1136 4703 ἀναμιμνήσκων
1186 4631 1384 4696 αὐτοὺς
1426 4632 1731 4704 εὐμεθόδως
1768 4636 1877 4690 ἀπὸ

254 4710 265 4721 ’
294 4724 458 4777 τίνων
494 4723 572 4787 εἰς
606 4721 731 4777 τινα
766 4722 1054 4797 μετῆλθον,
1086 4723 1174 4776 ἵνα
1195 4724 1289 4777 καὶ
1318 4722 1485 4791 ἀξίως
1506 4725 1693 4780 αὐτῶν
1719 4725 1873 4792 ζῶσι.

365 4812 476 4869 Καὶ
507 4813 954 4883 ἀναμένειν-τὸν
1002 4816 1139 4869 my
1187 4815 1377 4870 αὑτοῦ
1407 4815 1476 4870 ἐκ
1529 4816 1647 4871 τῶν
1700 4821 1875 4888 οὐρα-

293 4905 420 4959 νῶν
448 4905 543 4978 (ὃν
598 4905 838 4976 ἤγειρεν
891 4906 960 4960 ἐκ
1011 4905 1130 4960 τῶν
1183 4906 1458 4979 νεκρῶν),
1484 4908 1725 4977 Ἰησοῦν
1769 4912 1876 4969 τὸν

286 4997 592 5068 ῥυόμενον
618 4996 778 5067 ἡμᾶς
823 4998 942 5054 ἀπὸ
968 4998 1080 5069 τῆς
1134 5000 1319 5071 ὀργῆς
1362 5001 1472 5070 τῆς
1523 5002 1871 5073 ἐρχομένης.

298 5092 407 5144 Καὶ
433 5089 592 5142 τοῦτο
629 5092 728 5160 τῆς
783 5090 954 5161 αὐτῆς
1012 5090 1238 5162 μεθόδου
1289 5094 1425 5147 ἐστι.
1455 5094 1710 5148 Διδάσκει
1762 5097 1872 5168 γὰρ

293 5184 353 5235 έν
391 5181 521 5234 εἴδει
550 5180 872 5252 διηγήσεως,
906 5181 1223 5254 περιμένειν
1273 5183 1364 5238 τὸν
1393 5183 1520 5239 Υἱὸν
1562 5184 1656 5240 τοῦ
1712 5186 1870 5244 Θεοῦ.

297 5275 626 5347 Παραμυθία
657 5275 766 5346 γὰρ
799 5274 1032 5346 μεγίστη
1076 5276 1187 5338 τοῖς
1210 5273 1551 5347 θλιϐομένοις
1574 5277 1752 5345 τοῦτο,
1783 5279 1867 5334 ὅτι

295 5369 325 5420 ὁ
368 5366 561 5420 παθὼν
612 5366 843 5437 ἠγέρθη,
876 5365 971 5418 καὶ
996 5368 1054 5420 ὲν
1107 5363 1184 5437 τῷ
1207 5366 1421 5438 οὐρανῷ
1452 5368 1590 5435 ἐστι,
1649 5370 1744 5423 καὶ
1792 5369 1875 5427 ὅτι

298 5460 442 5531 ἥξει,
472 5461 566 5514 καὶ
596 5461 745 5532 ἡμᾶς
772 5460 870 5530 μὲν
899 5458 1026 5523 τοὺς
1079 5458 1431 5532 θλιϐομένους
1493 5460 1718 5532 ῥύσεται
1763 5462 1877 5518 ἀπὸ

290 5554 399 5639 ,τῆς
428 5553 598 5624 ὀργῆς
631 5552 729 5622 τῆς
760 5550 1085 5624 ἐρχομένης,
1112 5553 1360 5607 τουτέστι
1414 5553 1514 5625 τῆς
1565 5554 1867 5624 κολάσεως,

1984 4633 2064 4689 eis
2101 4632 2155 4687 in
2192 4633 2508 4691 memoriam
2540 4647 2800 4688 revocans
2834 4650 2862 4687 ιι
2891 4632 3089 4705 quibus
3117 4632 3185 4689 ad
3228 4648 3348 4704 qua:
3377 4649 3558 4695 trans-

1982 4722 2166 4789 ierint,
2193 4732 2246 4780 et
2285 4731 2345 4778 ut
2386 4725 2451 4780 iis
2491 4724 2651 4795 digne
2684 4726 2890 4781 vivant.

2056 4812 2219 4869 Vens.
2270 4813 2359 4880 10,
2406 4812 2473 4868 Ει
2518 4815 2825 4882 exspectetis
2867 4813 3071 4871 Filium
3122 4817 3236 4888 ejus
3277 4818 3342 4871 de
3386 4817 3556 4884 caelis,

1981 4908 2171 4980 (quem
2201 4908 2451 4962 excitavit
2503 4924 2568 4962 ex
2610 4909 2858 4981 mortuis)
2899 4908 3110 4976 Jesum,
3139 4912 3232 4981 qui
3265 4912 3418 4980 eripit
3464 4926 3559 4964 nos

1976 5003 2041 5057 ab
2064 5003 2145 5059 ira
2166 5012 2403 5058 ventura.
2448 5000 2515 5057 Et
2546 5002 2648 5058 hoc
2673 5012 2757 5057 est
2778 5003 3020 5073 ejusdem
3071 5004 3309 5058 methodi
3339 5020 3355 5056 :
3399 5004 3559 5059 docet

1977 5096 2123 5151 enim
2157 5094 2259 5150 sub
2293 5095 2622 5150 narrationis
2652 5097 2853 5169 specie,
2880 5105 3197 5167 exspectare
3218 5095 3411 5150 Filium
3435 5094 3555 5150 Dei.

1978 5181 2203 5241 Alllictis
2241 5184 2387 5240 enim
2416 5184 2532 5241 haec
2558 5194 2641 5241 est
2678 5185 2915 5241 maxima
2946 5185 3267 5254 consolatio,
3295 5188 3434 5257 quod
3459 5200 3555 5256 qut

1975 5290 2166 5348 passus
2197 5286 2300 5343 est,
2325 5279 2591 5334 excitatus
2624 5288 2729 5342 est,
2753 5277 2974 5348 jamque
3004 5277 3058 5333 in
3101 5278 3253 5333 rmlis
3280 5287 3387 5343 est,
3438 5288 3550 5331 tttttt

1973 5368 2117 5437 quod
2151 5368 2239 5423 ille
2273 5380 2534 5425 venturus
2561 5376 2665 5437 est,
2702 5378 2760 5422 ut
2799 5383 2898 5431 nos
2928 5367 3018 5439 qui
3060 5364 3372 5443 allligimur,
3414 5367 3549 5423 libe-

1974 5470 2058 5516 ret
2091 5461 2158 5516 ab
2188 5461 2266 5517 ira
2294 5470 2544 5528 ventura,
2594 5460 2699 5517 hoc
2726 5469 2831 5526 est,
2862 5476 2891 5514 a
2930 5475 3110 5532 pmna,
3153 5469 3410 5530 tanquam
3455 5472 3553 5515 eos

1975 5554 2066 5625 qui
2099 5553 2172 5608 illi
2203 5569 2300 5625 per
2340 5555 2499 5613 tidem
2525 5563 2579 5611 et
2635 5554 3033 5613 imtnaculatant
3068 5556 3237 5615 vitam
3278 5554 3551 5628 placueri-

1639 5689 1836 5753 Variae
1885 5689 2215 5756 lectiones.

371 5809 422 5846 '°
444 5809 761 5865 πιστεύουσι
790 5822 842 5866 o.
918 5808 964 5843 "
989 5806 1219 5881 ἔσχομεν
1252 5823 1309 5865 ο.
