3994 6580
476 389 610 453 1237

1367 371 1938 436 'l‘IIEOPI—IYLACTI
1975 368 2386 429 BULGARUE
2415 367 2770 430 ARCHIEP.

3591 367 3735 433 ηδε

465 517 586 558 mus
617 517 632 554 :
663 497 742 553 eis
768 503 946 551 autem
978 491 1074 561 qui
1101 504 1198 545 nos
1222 486 1485 558 amigum,
1516 500 1621 540 non
1657 492 1866 555 parcet.
1905 480 2050 546 Quo-

2171 477 2250 531 ἰτε
2273 478 2716 549 εὑηρεστηκότας
2750 476 2902 548 αὖτῷ
2934 476 3023 530 διὰ
3075 477 3176 547 τῆς
3205 477 3444 543 πίστεως
3478 486 3574 537 καὶ
3632 485 3742 554 τῆς

462 595 605 650 niam
653 600 829 645 autem
866 585 1101 658 pericula
1153 584 1264 652 jam
1313 591 1440 636 sunt
1478 581 1532 635 in
1586 577 1854 639 manibus,
1902 573 2040 628 bona

461 695 591 736 vero
631 679 683 733 in
738 690 853 746 spe,
881 689 1126 740 magnam
1160 672 1288 740 ipsis
1332 670 1490 724 ﬁdem
1523 668 1744 733 tribuit;
1775 664 2040 734 siquidem

463 779 774 843 exspectant
827 779 882 825 et
915 776 1136 837 sperant
1171 765 1395 821 ﬁrmiter
1427 779 1547 834 qua:
1594 763 1774 817 futura
1807 769 1952 816 sunt.

1088 1048 1316 1106 CAPUT
1377 1047 1444 1101 11.

535 1167 693 1220 Vens.
723 1165 770 1218 l.
804 1162 945 1216 Nam
1006 1162 1106 1229 ipsi
1143 1161 1311 1226 scitis,
1350 1159 1565 1229 fratres,
1626 1157 1896 1210 intrattum
1948 1168 2046 1209 n0-

465 1272 630 1313 strum
655 1260 722 1312 ad
746 1257 1005 1326 vos,quod
1045 1269 1146 1308 non
1182 1253 1342 1322 fuerit
1385 1251 1582 1304 inanis.
1607 1247 1817 1313 Vestra,
1848 1248 2040 1317 inquit,

459 1369 590 1407 sane
635 1366 829 1419 magna
876 1357 1000 1402 sunt
1051 1365 1064 1401 :
1115 1346 1330 1401 interim
1367 1355 1542 1397 tamen
1580 1355 1756 1411 neque
1807 1355 1904 1395 uos
1937 1339 2041 1394 hu-

465 1461 622 1500 mana
661 1446 868 1498 ratione
894 1443 974 1496 usi
1007 1454 1214 1505 sumus,
1246 1452 1418 1507 neque
1445 1436 1624 1490 inanis
1657 1435 1755 1489 fuit
1795 1433 2045 1487 introitus

437 1547 670 1602 'noster,
703 1537 804 1590 hoc
831 1543 933 1599 est,
965 1534 1082 1588 sine
1121 1529 1376 1602 periculis
1401 1544 1465 1583 ac
1491 1528 1610 1584 sine
1636 1525 2042 1591 tentationibus,

464 1647 525 1684 ac
555 1628 686 1682 nihil
720 1627 923 1681 habens
955 1623 1244 1680 ﬁrmitatis.
1268 1620 1425 1686 Nam,
1451 1631 1510 1675 ut
1540 1635 1684 1688 sarpe
1714 1619 1912 1673 dictum
1938 1625 2043 1683 est,

467 1720 704 1791 pericula
727 1729 851 1774 sunt
881 1733 1000 1788 quae
1031 1717 1187 1791 ﬁdem
1215 1713 1554 1768 consolidant
1582 1731 1596 1766 :
1634 1713 1770 1766 citra
1807 1711 1921 1765 hinc
1946 1724 2044 1763 au-

471 1826 577 1868 tem
605 1811 781 1866 inanis
815 1810 977 1864 fuerit
1008 1817 1062 1863 et
1093 1823 1284 1861 vacua.

539 1903 700 1958 Vens.
724 1902 779 1956 2.
813 1900 915 1956 Sed
935 1910 1054 1954 ante
1089 1898 1243 1951 malis
1265 1896 1459 1967 amicti,
1495 1903 1540 1948 et
1567 1892 1896 1947 contumeliis
1919 1893 2051 1961 a/[e-

466 1999 556 2061 cli,
591 1999 727 2051 sicut
756 1995 920 2056 scitis,
959 1991 1238 2059 Philippis,
1270 1988 1520 2058 ﬁduciam
1546 1986 1823 2040 habuimus
1857 1988 1910 2040 in
1943 1983 2048 2039 Deo

467 2099 668 2151 nostra,
710 2087 850 2156 loqui
884 2085 952 2138 ad
992 2100 1078 2138 vos
1114 2079 1457 2152 Evangelium
1489 2078 1584 2133 Dei
1612 2080 1664 2130 in
1692 2078 1856 2131 multo
1881 2087 2050 2131 certa-

468 2179 625 2232 mine.
666 2178 798 2232 Cum
830 2177 1215 2237 evasissemus,
1252 2172 1448 2241 inquit,
1472 2170 1710 2239 pericula
1741 2171 1880 2240 apud
1909 2168 2041 2222 Phi-

468 2270 758 2340 lippenses,
790 2269 841 2322 in
904 2268 1005 2321 alia
1057 2266 1347 2320 incidimus
1398 2277 1606 2318 rursus.
1657 2261 1792 2316 Vide
1843 2271 2046 2329 autem,

469 2363 737 2430 quomodo
765 2359 875 2416 Deo
909 2375 1096 2414 rursus
1127 2357 1309 2412 omnia
1347 2355 1546 2411 referat
1594 2363 1818 2424 accepta
1847 2372 1861 2409 :
1907 2353 2052 2409 Con-

471 2452 579 2518 ﬁsi,
616 2453 810 2522 inquit,
843 2452 1046 2506 fuimus
1091 2450 1221 2516 Deo,
1255 2452 1358 2505 hoc
1407 2460 1510 2514 est,
1540 2447 1610 2502 ab
1640 2461 1704 2502 eo
1739 2445 2048 2502 confortati.

543 2544 702 2600 Vens.
728 2547 781 2600 '5.
809 2544 1122 2599 Exhortatio
1145 2545 1282 2598 enim
1307 2551 1488 2596 nostra
1517 2555 1618 2594 non
1646 2539 1746 2608 fuit
1764 2556 1829 2594 ea:
1850 2555 2047 2593 errore.

474 2637 585 2692 lloc
622 2647 730 2704 est,
761 2637 1005 2693 doctrina
1035 2648 1215 2692 nostra
1250 2651 1354 2690 non
1381 2635 1480 2689 fuit
1503 2649 1568 2690 ex
1605 2635 1924 2702 impostura.
1949 2631 2052 2686 lm-

471 2741 718 2799 postores
747 2731 892 2785 enim
923 2730 1131 2799 seipsos
1162 2744 1266 2784 non
1309 2730 1486 2784 solent
1511 2728 1562 2782 in
1589 2726 1827 2796 pericula
1880 2723 2054 2792 conji-

474 2839 617 2886 cere,
639 2823 730 2877 sed
763 2823 940 2892 potius
967 2822 1020 2875 in
1052 2821 1270 2874 delicias
1303 2837 1318 2874 :
1353 2835 1453 2889 ego
1475 2834 1604 2874 vero
1629 2819 1891 2887 meipsum
1914 2816 2056 2886 peri-

476 2915 611 2970 culis
646 2915 837 2983 objeci.
874 2912 1008 2967 llinc
1039 2914 1219 2982 itaque
1247 2913 1591 2966 manifestum
1623 2917 1728 2976 est,
1761 2911 1900 2978 quod
1929 2910 2057 2964 doc-

479 3009 616 3061 trina
655 3022 770 3061 mea
804 3021 908 3060 non
955 3015 1119 3070 erret,
1153 3013 1207 3058 et
1252 3002 1394 3073 quod
1444 3016 1542 3072 pro
1600 3001 1848 3056 humanis
1896 3000 2056 3056 rebus

479 3113 584 3152 non
624 3097 874 3166 elegerint
934 3097 1184 3164 periculis
1239 3109 1359 3150 esse
1427 3093 1710 3161 obnoxius,
1759 3107 1943 3149 verum
1989 3096 2058 3150 ob

479 3190 660 3245 divina
694 3205 755 3244 ac
787 3189 998 3244 stabilia
1028 3191 1187 3244 bona.

555 3280 735 3351 Neque
762 3296 826 3335 ex
854 3281 1206 3335 immunditia.
1248 3278 1362 3335 lloc
1391 3287 1505 3348 est,
1538 3294 1642 3334 non
1667 3279 1832 3350 508
1881 3279 2059 3348 impu-

482 3390 600 3429 rum
623 3373 823 3444 aliquid
852 3374 1039 3436 doceo,
1068 3371 1242 3442 qualia
1276 3379 1406 3427 sunt
1438 3386 1716 3442 magorum
1744 3380 1797 3425 et
1820 3370 2059 3424 incauta-

482 3475 677 3521 lorum.

559 3557 738 3627 Neque
768 3557 822 3610 in
850 3557 992 3611 dolo.
1031 3553 1149 3609 Non
1182 3555 1234 3610 in
1275 3554 1640 3618 innovatione,
1672 3553 1754 3607 vel
1777 3552 2057 3619 seditione,

485 3660 539 3702 ut.
572 3648 807 3703 Theudae
845 3656 1164 3702 sectatores.

577 3741 733 3797 Vens.
760 3742 815 3799 4.
840 3740 942 3796 Sed
970 3743 1102 3795 sicut
1129 3739 1334 3807 probati
1362 3754 1542 3794 sumus
1575 3753 1606 3789 a
1645 3736 1774 3802 Deo,
1805 3746 1859 3789 ut
1885 3735 2062 3789 crede-

485 3844 626 3888 retur
648 3834 790 3887 noltis
831 3829 1192 3902 Evangelium,
1221 3832 1296 3884 ita
1328 3829 1615 3899 loquimur.
1661 3827 1822 3890 Deus,
1871 3824 2059 3894 inquit,

487 3925 730 3994 probavit
768 3937 889 3986 nos,
922 3929 974 3974 et
1003 3920 1185 3989 elegit,
1221 3930 1278 3972 ut
1304 3920 1666 3972 committeret
1699 3915 1854 3970 nobis
1888 3913 2063 3967 Evan-

487 3993 682 4082 gelium
707 4031 721 4067 :
748 4029 852 4066 non
888 4022 1064 4066 autem
1095 4012 1368 4080 elegisset,
1406 4008 1507 4064 nisi
1559 4008 1749 4077 dignos
1797 4007 2062 4062 novisset.

2151 567 2384 638 ἀμώμου
2416 568 2696 632 πολιτείας
2727 585 2743 600 ⁸
2769 568 2879 621 τῶν
2904 567 2961 621 δὲ
2991 567 3283 624 θλιϐόντων
3317 573 3464 642 ἡμᾶς
3498 574 3561 628 οὐ
3619 580 3746 644 φεῖ-

2153 676 2328 713 σεται.
2369 660 2586 731 Ἐπειδὴ
2605 660 2747 714 δέτά
2778 661 2878 730 μὲν
2900 659 3051 714 δεινά
3070 661 3128 712 ἐν
3159 663 3335 732 χερσὶ,
3353 665 3422 717 ea
3441 665 3499 718 δὲ
3525 669 3746 738 χρηστὰ

2151 751 2209 804 ἐν
2240 749 2424 804 ἐλπίσι
2463 751 2533 814 ⁸³,
2579 750 2824 822 μεγάλην
2851 749 3036 813 αὐτοῖς
3063 757 3483 826 προσμαρτυρεί
3525 757 3742 820 πίστιν,

2152 843 2206 896 εῐ
2230 859 2294 910 γε
2337 842 2673 913 ἀναμένουσι
2699 844 2795 897 καὶ
2858 843 3143 908 ἐλπίζουσι
3201 845 3443 915 βεϐαίως
3489 848 3563 902 τὰ
3611 850 3747 920 μέλ·

2151 934 2336 990 λοντα.

2765 1048 2995 1101 ΚΕΦΑΛ
3036 1049 3113 1104 B'.

2221 1157 2400 1213 Αὐτοὶ
2458 1159 2570 1227 γὰρ
2613 1157 2834 1224 οἴδατε,
2859 1159 3132 1228 ἀδελφοὶ,
3163 1161 3277 1229 τὴν
3295 1162 3548 1216 εἴσοδον
3572 1162 3750 1232 ἡμῶν

2151 1249 2267 1318 τὴν
2295 1250 2444 1318 πρὸς
2464 1248 2639 1318 ὑμᾶς.
2670 1250 2759 1304 ὅτι
2789 1252 2861 1304 οὐ
2925 1252 3071 1320 κενὴ
3124 1254 3350 1323 γέγονε.
3387 1255 3501 1307 Καὶ
3551 1256 3621 1307 τά
3647 1257 3748 1325 μὲν

2155 1342 2424 1413 ὑμέτερα,
2450 1341 2610 1412 φησι,
2647 1341 2861 1412 μεγάλα
2894 1357 2910 1371 ·
2945 1343 3081 1414 πλὴν
3139 1345 3260 1398 οὐδὲ
3311 1347 3470 1416 ἡμεῖς
3522 1346 3748 1415 ἀνθρω-

2154 1432 2298 1500 πίνῳ
2330 1431 2475 1502 λόγῳ
2508 1432 2887 1502 ἐχρησάμεθα,
2923 1431 3043 1485 οὑδὲ
3080 1433 3212 1504 κενὴ
3235 1435 3268 1505 ἡ
3293 1435 3502 1498 εἴσοδος
3559 1435 3745 1504 ἡμῶν,

2153 1525 2456 1591 τουτέστιν,
2493 1524 2624 1578 ἄνευ
2655 1523 2940 1592 κινδύνων,
2977 1527 3072 1579 καὶ
3104 1526 3434 1596 ἀπείραστος
3463 1527 3561 1579 καὶ
3591 1527 3750 1580 οὐδὲν

2155 1617 2382 1688 στερρὸν
2409 1617 2658 1688 ἔχουσαν.
2696 1619 2781 1682 Ὠς
2803 1620 2912 1690 γὰρ
2947 1619 3204 1684 πολλάκις
3226 1620 3469 1690 εἴρηται,
3494 1623 3545 1673 ol
3569 1619 3752 1674 κίνδυο

2155 1710 2238 1761 νοί
2263 1711 2406 1762 εἰσιν
2427 1711 2475 1762 cl
2509 1709 2860 1780 στερεοῠντες
2895 1711 2994 1782 τὴν
3025 1713 3212 1765 πίστιν
3244 1726 3260 1743 ⁸
3289 1711 3418 1765 ἄνευ
3450 1712 3508 1765 δὲ
3541 1711 3754 1764 τούτων

2153 1801 2285 1871 κενὴ
2319 1796 2505 1872 ἄν’ἦν.

2221 1893 2401 1949 Ἀλλὰ
2440 1897 2871 1963 προπαθόντες,
2929 1897 3026 1951 καὶ
3087 1897 3502 1966 ὑϐρισθέντες,
3551 1899 3756 1964 καθὼς

2155 1986 2388 2052 οἴδατε,
2443 1987 2513 2040 ἐν
2567 1989 2908 2056 Φιλίπποις,
2944 1989 3516 2060 ἐπαρρησιασάμεθα
3560 1990 3632 2043 ἐν
3671 1990 3756 2054 τῷ

2155 2076 2276 2142 Θεῷ
2299 2075 2468 2146 ἡμῶν
2487 2078 2757 2146 λαλῆσαι
2786 2080 2936 2148 πρὸς
2954 2078 3111 2150 ὑμᾶς
3135 2079 3203 2134 τὸ
3236 2079 3610 2150 Εὑαγγέλιον
3640 2079 3754 2134 τοῦ

2155 2169 2304 2224 Θεοῦ
2362 2171 2436 2224 ἐν
2485 2169 2696 2236 πολλῷ
2754 2171 2960 2242 ἀγῶνι.
3025 2171 3157 2226 ’Δπὸ
3210 2175 3491 2238 κινδύνων,
3557 2174 3754 2243 φησὶ-ι,

2153 2265 2483 2333 ἐκφυγόντες
2538 2266 2648 2319 τῶν
2701 2267 2760 2320 ἐν
2814 2265 3124 2335 Φιλίπποις,
3174 2268 3338 2321 πάλιν
3387 2270 3466 2331 εἰς
3521 2268 3756 2338 ἐτέρους

2159 2355 2442 2421 κινδύνους
2473 2357 2806 2430 ἐνεπέσομεν
2836 2361 2902 2412 ’³.
2937 2361 3078 2430 Ὀρα
3103 2360 3183 2427 δὲ,
3214 2361 3332 2423 πῶς
3358 2361 3436 2429 τῷ
3461 2359 3586 2428 Θεῷ
3634 2359 3754 2412 πᾶ-

2153 2450 2236 2504 λιν
2262 2450 2322 2503 τὸ
2379 2452 2489 2505 πᾶν
2541 2453 2828 2523 ἀνέθηκεν,
2876 2451 3508 2522 Ἐπαῤῥησιασάμεθα.
3548 2451 3755 2518 εἰπὼν,

2152 2544 2224 2598 ἐν
2247 2542 2327 2610 τῷ
2359 2544 2503 2611 Θεῷ,
2534 2546 2832 2611 τουτέστιν,
2866 2546 2958 2598 ὑπ’
2992 2547 3200 2599 ἐκείνου
3261 2544 3748 2616 ἐνδυναμοὺμενοι.

2233 2637 2297 2692 Ἠ
2322 2638 2432 2707 γὰρ
2462 2636 2840 2705 παράκλησις
2863 2637 3030 2707 ἡμῶν
3052 2640 3161 2692 οὐκ
3181 2638 3250 2691 ἐκ
3285 2636 3548 2705 πλάνη-ς.
3576 2637 3754 2692 Τουτ-

2156 2727 2328 2792 έστιν,
2367 2731 2398 2798 ἡ
2451 2729 2639 2800 διδαχὴ
2673 2730 2771 2783 οὐκ
2817 2731 2881 2784 ἐκ
2917 2731 3145 2801 πλάνης.
3174 2733 3239 2785 Οἱ
3278 2734 3386 2803 γὰρ
3437 2731 3756 2792 πλανῶντες

2155 2822 2256 2875 οὐκ
2291 2824 2370 2882 εἰς
2409 2823 2687 2886 κινδύνους
2740 2825 2965 2884 ἑαυτοὺς
2994 2824 3317 2891 ἐκδιδόασιν,
3352 2825 3468 2879 ἀλλ’
3499 2827 3582 2889 εἰς
3618 2843 3756 2897 τρυ-

2169 2916 2274 2984 φάς
2307 2933 2322 2948 ·
2345 2915 2456 2984 ἐγὼ
2487 2915 2543 2968 δὲ
2573 2916 2810 2986 ἐμαυτὸν
2853 2918 2932 2980 είς
2961 2917 3240 2983 κιῶὑνους
3299 2919 3563 2986 ἐξέδωκα.
3585 2918 3755 2971 Ὥστε

2159 3008 2317 3079 δῆλον
2357 3009 2628 3075 ἐντεῦθεν,
2659 3009 2740 3062 ὅτι
2779 3010 2812 3080 ὴ
2873 3007 3064 3081 διδαχή
3122 3029 3224 3083 μου
3270 3013 3329 3065 οὐ
3392 3011 3596 3082 πλανᾷ,
3627 3011 3754 3064 056s

2162 3101 2302 3172 ὑπὲρ
2341 3101 2699 3172 ἀνθρωπίνων
2768 3105 3111 3174 πραγμάτων
3163 3106 3428 3176 ἀνέχομαι
3463 3105 3513 3137 ⁸⁸
3567 3104 3754 3158 κινδυο

2086 3195 2130 3256 C
2163 3190 2359 3254 νεύειν,
2395 3191 2510 3243 ἀλλ’
2537 3191 2676 3261 ὑπὲρ
2705 3192 2866 3245 θείων
2897 3195 2990 3246 καὶ
3020 3196 3288 3266 μονίμων.

2231 3283 2382 3337 Οὐδὲ
2409 3283 2478 3347 ἐξ
2503 3283 2896 3352 ἀκαθαρσίας.
2933 3287 3250 3351 Τουτέστιν,
3294 3285 3408 3338 Οὐκ
3435 3284 3754 3358 ἀκάθαρτόν

2159 3389 2213 3426 τι
2238 3373 2493 3441 διδάσκω,
2525 3370 2614 3427 οἷα
2651 3375 2724 3428 τά
2753 3375 2864 3430 τῶν
2892 3375 3084 3448 μάγων
3141 3377 3235 3431 καὶ
3267 3378 3504 3446 γοήτων.

2237 3559 2385 3612 Οὔτε
2429 3559 2497 3613 ὲν
2539 3557 2721 3624 δόλῳ.
2770 3557 2909 3614 Οὔτε
2958 3561 3052 3614 ἐπὶ
3091 3560 3483 3631 veto-reportati;
3516 3562 3614 3614 καὶ
3652 3577 3746 3613 συ-

2170 3654 2380 3714 στάσει,
2417 3653 2492 3716 ὡς
2516 3655 2564 3705 οἱ
2594 3654 2725 3724 περὶ
2747 3654 2974 3708 Θευδᾶν.

2233 3742 2408 3797 Ἀλλὰ
2443 3743 2636 3810 καθὼς
2657 3744 3134 3815 δεδοκιμάσμεθα
3161 3745 3279 3801 ὑπὸ
3308 3745 3456 3800 Θεοῦ
3505 3759 3746 3800 matav-

2163 3832 2337 3900 θῆναι
2386 3833 2451 3887 τὸ
2495 3834 2892 3905 Εὑαγγέλιον,
2937 3836 3090 3889 οὕτω
3140 3835 3464 3902 λαλοῦμεν.
3507 3834 3566 3887 ’0
3596 3834 3745 3901 Θεὸς,

2165 3925 2352 3994 φησιν,
2377 3923 2702 3995 ἐδοκίμασεν
2738 3927 2909 3995 ἡμᾶς,
2934 3928 3029 3978 καὶ
3059 3925 3341 3991 ἐξελέξατο
3394 3925 3747 3995 πιστευθῆναι

2162 4017 2223 4068 τὸ
2245 4016 2578 4084 Εὑαγγέλιον
2609 4029 2628 4049 ⁶
2679 4017 2783 4069 οὐκ
2822 4017 2886 4070 ἂν
2919 4018 2978 4070 δὲ
3019 4016 3320 4082 ἐξελέξατο,
3354 4019 3402 4070 εί
3431 4017 3508 4088 μὴ
3566 4018 3745 4082 ἀξίους

487 4106 646 4160 Tales
676 4105 840 4174 igitur
873 4118 1150 4157 manemus
1183 4101 1417 4170 probati,
1449 4101 1636 4170 quales
1675 4097 1831 4153 electi
1877 4110 2050 4152 sumut

2171 4109 2450 4176 ἐγίνωσκε.
2483 4110 2727 4164 Τοιοῦτοι
2761 4112 2860 4181 μὲν
2889 4107 2982 4163 οὖν
3003 4112 3236 4181 μένομεν
3256 4113 3493 4180 δῦκιμοι,
3522 4112 3618 4163 καὶ
3648 4104 3746 4163 οἷοι

491 4201 561 4255 ab
588 4201 703 4268 ipso
731 4199 796 4252 ad
823 4196 980 4250 talem
1006 4195 1468 4265 praedicatimtem.

561 4291 681 4346 Non
724 4291 874 4362 quasi
898 4288 1192 4342 hominibus
1221 4286 1498 4355 placentes,
1535 4285 1624 4338 sed
1656 4284 1783 4348 Deo,
1823 4282 1913 4350 qui
1941 4295 2060 4346 pro-

491 4383 576 4435 bat
601 4382 757 4435 corda
791 4390 994 4435 nostra.
1038 4377 1148 4432 llnc
1177 4389 1280 4441 est,
1319 4393 1423 4431 non
1457 4385 1516 4430 ut
1549 4375 1700 4430 vobis
1729 4374 2060 4444 placeamus,

2165 4199 2493 4272 ὲξελέγημεν
2517 4203 2647 4272 παρ’
2696 4201 2864 4255 αὑτοῦ
2893 4203 2974 4265 εἰς
2996 4202 3056 4254 τὸ
3091 4201 3412 4272 τηλικοῦτον
3460 4203 3745 4272 κήρυγμα.

2240 4295 2362 4362 Οὐχ
2393 4293 2472 4360 ὡς
2501 4294 2836 4364 ἀνθρώποις
2865 4295 3254 4364 ἀρέσκοντες,
3312 4294 3477 4349 ἀλλὰ
3509 4293 3592 4359 τῷ
3633 4292 3750 4358 Θεῷ

2163 4383 2245 4451 τῷ
2290 4384 2660 4455 δοκιμάζοντι
2712 4385 2819 4452 τὰς
2884 4386 3126 4456 καρδίας
3177 4385 3368 4456 ἡμῶν.
3430 4385 3748 4449 Τουτέστιν,

492 4477 606 4529 lucc
627 4473 856 4528 facimus
887 4473 1065 4525 omnia
1097 4489 1110 4524 :
1142 4471 1234 4526 sed
1268 4469 1374 4523 Deo
1405 4469 1620 4538 placere
1651 4467 1915 4531 volentes,
1968 4463 2050 4536 qui

2171 4479 2279 4547 Οὐχ
2311 4477 2398 4530 ἴνα
2447 4479 2576 4547 ὑμῖν
2633 4478 2942 4549 ἀρέσωμεν,
2973 4480 3148 4533 ταῦτα
3203 4481 3383 4534 πάντα
3443 4479 3751 4548 ποιοῦμεν·

491 4568 670 4620 abdita
703 4564 944 4634 explorat
980 4563 1160 4634 (nam,
1198 4559 1410 4627 Probat,
1441 4562 1540 4615 hoc
1569 4557 1837 4630 signiﬁcat
1864 4556 2050 4626 nunc):

2171 4542 2304 4624 ἀλλά
2328 4569 2406 4640 τῷ
2591 4542 2851 4639 ἀρέσκειν
2891 4542 3161 4636 θέλοντες,
3195 4572 3252 4634 ὃς
3278 4549 3361 4624 τὰ¹
3395 4542 3623 4642 κρυπτά
3666 4567 3750 4634 ἐξα

498 4658 579 4711 vel
628 4656 752 4726 quia
817 4657 1008 4724 recipit
1057 4656 1216 4710 corda
1264 4663 1318 4709 et
1369 4661 1610 4708 coronat.
1665 4651 1833 4706 Nemo
1890 4659 2050 4705 auten

2171 4658 2351 4723 ετάζει
2384 4658 2465 4730 (τὸ
2493 4659 2622 4730 γὰρ,
2669 4659 2992 4730 Δοκιμὰζει,
3040 4659 3196 4714 τοῦτο
3226 4659 3485 4730 σημαίνει
3536 4661 3652 4729 νῦν)
3675 4678 3689 4691 ·
3713 4661 3749 4731 ἢ

494 4751 733 4812 dolosus,
765 4755 820 4803 et
867 4747 1146 4817 impostor,
1193 4755 1248 4802 et
1301 4744 1632 4810 immundus,
1690 4742 1816 4798 huic
1861 4742 2050 4810 placert

2171 4752 2248 4804 ὅτι
2299 4749 2619 4820 ἀποδέχεται
2661 4749 2760 4814 τὰς
2821 4751 3052 4822 καρδίας
3106 4751 3200 4806 καὶ
3237 4753 3518 4820 στεφανοῖ.
3549 4753 3743 4814 Οὐδεὶς

496 4849 688 4911 potest.
2169 4839 2228 4894 δὲ
2285 4839 2526 4912 δολερὸς,
2557 4841 2652 4894 καὶ
2681 4827 2986 4910 ἀπατεὼν,
3022 4844 3118 4898 καὶ
3178 4841 3514 4914 ἀκάθαρτος,
3569 4844 3742 4914 τούτῳ

2167 4931 2394 4986 δύναται
2425 4931 2702 5002 ἀρέσκειν.

575 5011 738 5074 Vens.
766 5018 818 5072 5.
874 5014 1057 5086 Neque
1087 5015 1219 5068 enim
1249 5013 1530 5081 aliquando
1559 5013 1614 5067 in
1649 5030 1886 5070 sermone
1929 5015 2050 5069 adu-

2243 5024 2393 5077 Οὔτε
2420 5024 2532 5094 γάρ
2557 5040 2702 5080 ποτε
2729 5025 2799 5079 ἐν
2825 5029 2988 5097 λόγῳ
3017 5027 3331 5094 κολακείας
3357 5028 3744 5099 ἐγενήθημεν,

497 5111 710 5166 lationis
741 5110 956 5180 fuimus,
988 5109 1123 5161 sicut
1162 5107 1328 5160 scitis.
1380 5107 1676 5174 Postquam
1711 5108 1763 5161 in
1795 5108 2050 5177 prioribus

2171 5113 2368 5181 καθὼς
2396 5115 2617 5170 οἴδατε.
2663 5117 2880 5189 Ἐπειδὴ
2909 5118 3198 5190 προλαϐὼν
3228 5118 3495 5191 ἐπῄνεσεν
3528 5125 3742 5189 αὐτοὺς,

497 5204 738 5259 laudavit
761 5218 874 5267 eos,
894 5216 962 5255 ne
992 5209 1297 5270 suspectam
1332 5197 1494 5252 iaciat
1523 5198 1755 5264 laudem,
1781 5198 1854 5252 ait
1878 5216 1891 5252 :
1917 5197 2050 5252 Nunt

2171 5207 2254 5261 ἵνα
2315 5207 2390 5278 μὴ
2438 5208 2680 5264 ὕποπτον
2731 5213 2936 5284 ποιήσῃ
2966 5215 3057 5268 τὸν
3120 5216 3364 5280 ἔπαινον,
3421 5219 3609 5288 φησιν,
3666 5220 3744 5274 ὅτι

497 5310 658 5366 quam
687 5295 820 5349 alias
856 5293 1004 5352 vobis
1031 5291 1279 5346 adulatus
1325 5304 1442 5344 sum
1485 5288 1648 5361 (quod
1680 5299 1764 5345 est
1791 5290 2050 5358 decipien-

2171 5299 2301 5354 Οὐδὲ
2333 5300 2523 5355 ἄλλοτέ
2540 5320 2668 5356 ποτε
2699 5305 2748 5337 ³³
2771 5307 3115 5361 ἐκολάκευσεν.
3137 5308 3280 5378 ὑμᾶς
3310 5307 3467 5378 (ὅπερ
3494 5310 3614 5362 ἐστὶ
3641 5309 3743 5362 τῶν

497 5388 681 5459 tium),
711 5387 932 5455 proinde
966 5399 1138 5452 neque
1172 5383 1282 5452 jam
1322 5398 1465 5438 nunc
1500 5382 1779 5439 adulabor.

2171 5388 2518 5463 πλανώντων)
2549 5408 2564 5424 ·
2587 5392 2782 5447 οὐκοῦν
2813 5393 2933 5447 οὐδὲ
2967 5395 3080 5454 νῦν.

568 5483 746 5553 Neque
773 5481 824 5535 in
854 5481 1121 5535 occasione
1150 5478 1388 5532 auaritia:
1415 5493 1432 5531 :
1465 5476 1604 5531 Deus
1660 5478 1826 5532 testis.
1879 5475 2050 5548 Neque

2248 5481 2395 5535 Οὔτε
2425 5483 2494 5536 ἐν
2523 5485 2819 5553 προφάσει
2878 5489 3233 5556 πλεονεξίας
3262 5506 3276 5520 ·
3311 5489 3455 5558 Θεὸς
3490 5491 3736 5561 μάρτυς.

499 5590 612 5645 prae
642 5569 877 5644 pecunia:
906 5586 1088 5627 amore
1118 5571 1532 5640 prmdicavimus
1579 5572 1751 5626 vobis.
1788 5569 1944 5638 Quod
1976 5572 2050 5642 igi

2177 5573 2314 5625 Οὖτε
2369 5573 2454 5629 διά
2485 5577 2920 5648 φιλοχρηματίαν
2947 5582 3292 5654 ἐκηρύξαμεν
3324 5584 3472 5653 ὑμῖν.
3505 5584 3612 5638 Τοῦ
3643 5584 3737 5654 μὲν

1837 5707 2034 5770 Varia:
2067 5707 2367 5772 lectiones

579 5835 624 5868 θ’
644 5833 894 5888 ἐνέλπίσι
921 5849 1182 5905 χρησταις
1220 5847 1292 5886 m.
1363 5832 1409 5864 ⁹⁸
1436 5833 1660 5900 ἑαυτοὺς
1685 5833 2064 5905 ἐπερῤίψαμεν
2084 5850 2135 5890 ο.
2202 5835 2246 5870 ’⁸
2263 5835 2605 5908 ἀνθρωπίνου
2630 5839 2951 5912 πραγματος
2983 5841 3205 5915 εἱλόμην
3237 5860 3289 5900 o.
3326 5849 3371 5880 ’³
3404 5846 3654 5900 οὐδέποτε
3679 5857 3725 5899 o.
