3994 6556
467 369 604 436 1295

459 596 567 637 non
605 579 740 651 jam,
776 576 1229 647 quemadmodum
1257 575 1508 639 antehac,
1547 573 1751 628 reditus
1789 578 1872 627 est
1902 570 2033 641 ipsis

458 692 487 727 ιι
523 672 833 743 captivitate
854 709 870 737 ,
905 684 1076 741 neque
1111 680 1313 725 terram
1347 682 1503 723 suam
1544 665 1721 720 denuo
1753 679 2038 734 recupera-

458 765 611 829 bunt,
654 762 747 818 sed
779 762 830 815 in
863 760 1023 815 linem
1062 774 1232 829 usque
1259 758 1337 812 ira
1378 756 1474 812 Dei
1515 755 1757 825 pervenit
1791 755 1841 808 in
1868 753 2033 824 ipsos.

461 858 562 910 hoc
624 864 727 921 est,
764 857 1008 922 adusque
1065 851 1628 913 consummationem,
1681 847 1760 903 sic
1820 861 2038 917 penna-

462 948 607 1002 nebit
678 947 811 1017 ipsis
869 946 948 1000 ira
1005 943 1122 999 Dei.
1176 941 1368 1009 Porro,
1415 957 1540 998 cum
1611 939 1766 1006 dicit,
1818 937 1894 996 Ἦ
1940 939 2037 1009 ὀρ-

460 1039 536 1110 γὴ
577 1080 591 1101 ,
657 1055 776 1093 cum
848 1038 1112 1103 articulo,
1179 1034 1419 1092 ostendit
1482 1035 1623 1089 hanc
1700 1033 1839 1087 iram
1908 1029 2038 1100 ipsis

459 1150 580 1189 esse
629 1133 889 1199 debitam,
941 1143 995 1187 et
1044 1127 1510 1201 praedestinatam,
1571 1139 1636 1179 ac
1690 1139 1720 1178 a
1763 1122 2040 1193 prophetis

463 1226 794 1295 praedictam.
846 1223 1092 1294 Cumque
1138 1219 1454 1275 consolatus
1502 1224 1651 1274 esset
1692 1213 2042 1271 Thessaloni-

460 1335 654 1375 cuneus
694 1334 759 1374 ex
793 1331 858 1371 eo
903 1316 1046 1386 quod
1079 1311 1379 1370 ostenderit
1428 1311 1576 1381 ipsos
1617 1307 1812 1363 multos
1842 1306 2044 1361 habere

464 1412 824 1466 tentationum
860 1424 1081 1465 suarum
1123 1407 1327 1468 socios,
1364 1418 1428 1456 cx
1461 1401 1563 1457 boc
1594 1401 1888 1457 etiamnum
1923 1397 2041 1452 ani-

465 1518 615 1558 mum
647 1501 754 1556 illis
785 1500 959 1567 addit,
1004 1514 1128 1554 eum
1167 1494 1404 1553 ostendit
1436 1507 1652 1566 pmuam
1698 1492 1921 1548 daturos
1948 1503 2043 1546 eos

464 1608 494 1648 a
529 1594 727 1662 quibus
765 1593 1160 1661 opprimantur.

1348 362 1923 428 THEOl‘lIYLACTI
1968 361 2373 425 BULGARIIE
2402 362 2755 425 ARCHIEP.

528 485 768 543 Pcrrmit
803 493 978 540 autem
1020 484 1104 538 ira
1152 485 1204 538 in
1246 481 1385 550 ipsos
1433 480 1503 535 ad
1547 479 1725 549 linem.
1768 477 1880 534 lloc
1929 490 2030 543 est,
2062 482 2107 541 Α

3580 355 3726 422 1ἓ95

2210 481 2480 549 Ἐφθασε
2512 479 2581 533 δὲ
2603 477 2695 533 ἐπ’
2719 475 2943 545 αὐτοὺς
2966 477 3003 547 ἡ
3034 477 3182 550 ὀργὴ
3216 477 3305 546 εις
3330 477 3524 545 τέλος.
3547 479 3726 532 Τουτ-

2138 573 2309 636 έστιν,
2377 573 2581 638 οὐκέτι,
2636 570 2825 643 ὥσπερ
2856 572 3141 644 πρότερον,
3189 571 3449 635 ἐπάνοδος
3478 571 3586 625 ἀπὸ
3624 577 3728 641 τῆς

2138 664 2545 734 αἰχμαλωσίας,
2576 666 2671 721 καὶ
2706 664 3039 735 κατάσχεσις
3077 663 3203 736 γῆς,
3247 663 3363 718 ἀλλ’
3391 666 3474 727 είς
3505 663 3659 727 τέλος
3692 667 3725 733 ἡ

2137 758 2276 829 ὀργὴ
2329 757 2423 810 τοῦ
2455 757 2592 811 Θεοῦ
2637 757 2874 828 ἔφθασεν
2903 758 2948 789 ⁸³
2975 757 3195 822 αὐτοὺς,
3250 757 3554 813 τουτέστιν.
3597 757 3729 825 ἄχρι

2137 848 2347 911 τέλους,
2372 848 2548 912 οὕτως
2569 849 2752 913 αὐτοῖς
2782 850 2989 922 μενεῖή
3019 850 3158 922 ὀργὴ
3185 847 3280 902 τοῦ
3310 847 3471 903 Θεοῦ.
3512 849 3621 901 Καὶ
3651 847 3732 918 τῷ

2140 941 2316 996 εἰπεῖν
2367 941 2447 1009 δὲ,
2495 942 2567 997 Ἠ
2594 941 2762 1012 ὀργὴ,
2806 942 2945 1014 μετὰ
2981 941 3210 1012 ἄρθρου,
3267 941 3541 995 δείκνυσιν
3572 940 3700 1009 ὄφει

2140 1030 2372 1102 λομένην
2401 1032 2587 1096 αὐτοῖς
2613 1032 2839 1109 ταύτην,
2881 1035 2976 1087 καὶ
3007 1033 3431 1104 προωρισμένην
3460 1032 3558 1086 καὶ
3588 1050 3726 1094 προσ

2142 1121 2543 1194 φητευομένην.
2579 1123 3132 1195 Παραμυθησάμενος
3159 1124 3220 1177 δὲ
3261 1123 3387 1186 τοὺς
3446 1122 3733 1177 Θεσσαλο-

2141 1215 2335 1280 νικεῖς,
2390 1214 2455 1269 ἐκ
2501 1213 2594 1269 τοῦ
2621 1215 2793 1281 δεῖξαι
2842 1216 2924 1270 ὅτι
2950 1215 3181 1279 πολλοὺς
3213 1216 3397 1286 ἔχουσι
3429 1215 3736 1276 κοινωνοὶις

2142 1306 2250 1359 τῶν
2274 1308 2621 1378 πειρασμῶν,
2675 1308 3085 1381 παραμυθεῖται
3120 1310 3214 1363 καὶ
3252 1307 3370 1381 νῦν,
3397 1309 3463 1361 ἐκ
3493 1305 3590 1362 τοῦ
3618 1307 3738 1361 δεῖ·

2145 1394 2235 1463 ξαι
2255 1397 2335 1451 ὅτι
2366 1396 2461 1452 καὶ
2497 1398 2771 1463 θλίϐοντες
2802 1399 3000 1465 αὐτοὺς
3028 1399 3185 1470 δίκην
3210 1398 3464 1455 δώσουσι.

546 1684 704 1741 Vens.
750 1684 835 1737 l7.
865 1684 975 1738 Nos
1003 1699 1141 1749 vero,
1169 1682 1387 1753 fratres,
1421 1678 1589 1734 orbati
1626 1677 1773 1733 vobis
1802 1674 1869 1730 ad
1903 1673 2047 1728 horta

2229 1670 2426 1741 Ἠμεῒς
2451 1670 2539 1739 δὲ,
2570 1668 2841 1740 ἀδελφοί,
2873 1666 3423 1738 ἀπορφανισθέντες
3445 1667 3546 1736 ἀφ’
3567 1665 3741 1737 ὑμῶν

469 1790 693 1849 tempus.
745 1777 819 1830 De
868 1776 1132 1830 cbaritatc
1178 1774 1269 1829 hic
1314 1772 1570 1843 loquitur.
1618 1768 1780 1824 Certe
1826 1767 2045 1837 quidem

2168 1764 2299 1832 πρὸς
2320 1763 2531 1832 καιρὸν
2560 1761 2732 1832 ὥρας.
2763 1762 2901 1833 Περὶ
2921 1763 3020 1830 τῆς
3051 1761 3272 1832 ἀγάπης
3299 1758 3539 1813 ἐνταῦθα
3558 1759 3736 1827 λέγει.

467 1840 656 1940 supra,
694 1867 965 1939 Tanquam
999 1873 1150 1936 pater
1184 1840 1400 1929 liberos,
1428 1860 1588 1927 dixit,
1612 1860 1697 1925 at,
1742 1854 1919 1910 Veluti
1946 1868 2047 1907 nu-

2168 1853 2446 1925 Ἀνωτέρω
2502 1852 2603 1924 μὲν
2640 1851 2756 1917 οῦν,
2805 1852 2900 1918 Ὡς
2937 1849 3134 1919 πατὴρ
3166 1848 3368 1916 τέκνα,
3426 1845 3576 1911 εἶπε.
3618 1848 3739 1912 καὶ,

467 1966 576 2020 trix
603 1979 623 2019 :
662 1963 751 2018 hic
799 1970 952 2028 vero,
985 1958 1195 2023 Orbati,
1245 1955 1389 2028 quod
1432 1963 1516 2011 est
1560 1953 1797 2009 llliorum
1838 1957 2045 2020 patrem

2168 1945 2258 2011 Ὠς
2287 1945 2505 2015 τροφός
2527 1961 2543 1977 ο
2579 1943 2813 1999 ἐνταῦθα
2841 1942 2920 2006 δὲ,
2969 1943 3572 2011 Ἀπορφανισθέντες,
3598 1940 3743 2010 ὅπερ

467 2056 861 2129 inquirentium
905 2072 920 2110 :
957 2059 1016 2109 ut
1045 2069 1110 2107 ex
1160 2052 1265 2107 hoc
1295 2050 1608 2111 discamus,
1651 2043 1925 2118 quomodo
1953 2054 2048 2097 eos

2168 2035 2269 2089 ιστὶ
2321 2034 2529 2089 παίδων
2546 2033 2795 2105 πατέρας
2823 2031 3268 2104 ἐπιζητούντων·
3314 2032 3406 2087 ινα
3437 2031 3504 2084 ἐκ
3538 2029 3740 2085 τούτου

467 2120 814 2208 desiderarit.
860 2146 1035 2204 Simul
1080 2154 1261 2200 autent
1297 2151 1352 2198 et
1390 2152 1679 2195 maerorem
1718 2135 1942 2200 indicat,
1990 2132 2045 2188 in

2168 2126 2413 2197 ιάθωμεν
2444 2125 2562 2190 πῶς
2589 2124 2790 2188 αὐτοὺς
2819 2123 3026 2178 ἐπόθει.
3056 2122 3218 2177 Ἀλλά
3251 2123 3346 2177 καὶ
3372 2120 3476 2194 τὴν
3495 2120 3741 2192 ἀθυμίαν

466 2257 597 2312 quo,
654 2241 726 2294 ob
779 2253 932 2293 suam
995 2235 1063 2290 ab
1116 2235 1183 2289 iis
1229 2229 1653 2303 separationem,
1707 2225 2038 2282 constitutus

2168 2223 2472 2286 ιὶνίττεται,
2503 2221 2562 2275 ἐν
2640 2214 2708 2291 ἦν
2739 2218 2829 2273 διὰ
2866 2218 2958 2272 τὸν
2987 2216 3286 2289 χωρισμόν.
3310 2215 3422 2271 Καὶ
3456 2216 3559 2270 οὐκ
3585 2216 3741 2268 ἐστιν

471 2307 607 2388 erat.
646 2330 710 2386 Et
756 2344 862 2385 non
908 2338 1015 2395 est,
1064 2324 1256 2395 inquit,
1307 2319 1454 2394 quod
1512 2320 1758 2375 dicamus
1811 2314 2045 2382 uosjam

2168 2320 2349 2383 εἰπεῖν,
2395 2317 2583 2388 φησὶν,
2636 2315 2720 2369 ὅτι
2756 2313 2926 2369 πολὺν
2974 2313 3067 2366 τὸν
3095 2310 3287 2383 χρόνον
3342 2307 3741 2378 ἀνεμείναμεν,

471 2425 563 2479 diu
611 2430 976 2492 exspectasse,
1018 2420 1113 2474 sed
1168 2418 1333 2471 breve
1380 2411 1508 2468 illud
1537 2420 1592 2466 et
1626 2409 1788 2482 512
1827 2405 2051 2462 omnino

2168 2410 2289 2466 ἱιλλᾶι
2312 2409 2447 2480 πρὸς
2475 2407 2665 2480 statpr
2696 2406 2904 2480 βραχὺν
2930 2406 3025 2460 καὶ
3057 2405 3258 2473 ὀλίγον,
3292 2402 3390 2456 καὶ
3415 2402 3544 2455 ὅσον
3577 2398 3735 2471 ὥρας

472 2516 744 2572 tnoJicum
793 2521 1005 2584 tempus
1046 2510 1164 2576 fuit,
1218 2518 1277 2563 ut
1308 2505 1395 2561 vix
1432 2501 1592 2559 unius
1620 2502 1768 2557 liora:
1814 2497 2052 2569 spatium

2168 2503 2288 2572 μιᾶς
2315 2499 2651 2569 λογίζεσθαι.

473 2621 595 2661 esse
625 2619 753 2661 I'ODU
763 2612 927 2658 tetur.

546 2621 595 2661 se
625 2620 927 2674 repetetur.

546 2699 793 2767 Aspectu,
827 2709 929 2749 non
970 2690 1147 2747 corde.
1183 2687 1369 2759 Neque
1404 2684 1570 2743 corde
1606 2692 1812 2745 tamen,
1855 2679 2051 2750 inquit,

2227 2682 2558 2751 Προσώπῳ,
2614 2681 2687 2735 οὐ
2734 2676 2966 2748 καρδίᾳ.
3005 2676 3115 2731 Καὶ
3155 2672 3350 2738 ταῦτα,
3402 2671 3592 2743 φησὶν,
3622 2669 3745 2723 οὐδὲ

477 2761 709 2862 srparati
739 2801 949 2852 sumus,
977 2785 1071 2841 sed
1107 2792 1349 2853 aspectu.
1381 2778 1545 2849 Atqui
1570 2774 1784 2832 etiamsi
1816 2773 1869 2829 in
1890 2774 2055 2828 corde

2168 2775 2356 2847 καρδίᾳ
2385 2771 2788 2845 ἐχωρίσθημεν,
2845 2768 2983 2824 ἀλλὰ
3011 2768 3291 2837 προσώπῳ
3311 2780 3325 2794 ·
3376 2766 3533 2835 ὅμως
3562 2761 3743 2816 καίτοι

478 2850 578 2939 \ds
628 2892 847 2952 semper
898 2850 1373 2935 eircuntferamus,
1423 2866 1814 2924 contristamur
1850 2870 2054 2925 tamen,

2168 2866 2217 2918 ἐν
2247 2862 2446 2935 καρδίᾳ
2476 2862 2620 2933 ὑμᾶς
2651 2860 2742 2914 ἀεὶ
2784 2858 3193 2931 περιφέροντες,
3239 2852 3548 2924 ἀνιώμεθα,
3606 2850 3742 2904 διότι

478 2976 620 3047 quod
658 2944 767 3031 non
796 2974 960 3028 liceat
992 2968 1147 3026 nobis
1175 2964 1530 3036 corporaliter
1562 2968 1742 3016 vestra
1770 2954 2055 3029 praesentia

2168 2955 2239 3030 μὴ
2266 2957 2363 3011 καὶ
2393 2954 2724 3026 σωματικῶς
2751 2952 3102 3022 ἀπολαύομεν
3130 2948 3304 3020 ὑμῶν.
3334 2946 3657 3018 Σημείωσαι
3686 2944 3742 2997 δὲ

478 3039 583 3126 uti.
629 3067 869 3125 Observa
928 3072 1109 3120 autem
1161 3059 1323 3126 istud,
1371 3055 1513 3127 quod
1569 3052 1661 3124 qui
1713 3052 2055 3106 vehementer

2168 3052 2258 3106 καὶ
2286 3050 2464 3115 τοῦτο,
2499 3049 2583 3103 ὅτι
2628 3047 2710 3102 δεῖ
2762 3046 2859 3101 καὶ
2887 3048 2987 3118 τῆς
3016 3043 3138 3098 κατ’
3164 3042 3288 3112 ὄψιν
3319 3039 3592 3110 ἐντυχίας.
3629 3040 3744 3100 τοῖς

481 3165 730 3234 diligant,
767 3159 1045 3230 indigeant
1081 3155 1246 3210 etiam
1297 3159 1485 3207 mutua
1520 3143 1809 3219 praesentia
1843 3149 1899 3198 et
1930 3154 2055 3197 con-

2169 3143 2388 3214 θερμῶς
2420 3141 2699 3211 ἀγαπῶσι,
2740 3140 2837 3195 καὶ
2864 3139 2946 3194 ὅτι
2996 3136 3380 3191 συνεκκαίεται
3423 3133 3629 3205 μᾶλλον
3679 3132 3745 3183 ἐκ

482 3232 689 3326 specto,
719 3260 772 3308 et
802 3250 945 3324 quod
980 3247 1105 3302 hinc
1134 3244 1306 3312 magis
1332 3238 1699 3296 inﬂamntetur
1723 3232 1983 3289 cbaritas.

554 3344 924 3400 Abundantius
974 3336 1334 3394 laboravimus
1375 3332 1567 3405 facient
1614 3340 1843 3383 vestram
1889 3324 2058 3380 ridere

488 3454 607 3494 cunt
639 3435 801 3491 multo
816 3431 1118 3488 desiderio.
1153 3424 1538 3484 Abundantius
1569 3433 1730 3490 quam
1767 3413 2060 3471 verisimile

488 3539 608 3586 erat
640 3541 735 3583 eos
765 3524 856 3595 qui
884 3522 949 3578 ad
976 3522 1162 3577 horam
1197 3514 1441 3574 derelicti
1470 3520 1646 3569 erant.
1673 3505 2060 3564 Animadverte

486 3628 668 3675 autent
718 3592 1092 3671 charitatem:
1132 3607 1268 3663 Nam
1320 3605 1392 3661 ob
1427 3600 1559 3657 nihil
1610 3596 1758 3654 aliud
1802 3592 2061 3667 advenire

485 3710 628 3777 volo,
662 3707 854 3778 inquit,
888 3718 1050 3776 quam
1081 3711 1140 3757 ut
1167 3698 1359 3756 faciem
1384 3702 1623 3751 vestram
1658 3689 1894 3747 videam.

484 3807 543 3827 "
560 3803 724 3860 Vens.
761 3801 844 3857 18.
871 3797 1209 3869 Quapropter
1246 3790 1505 3847 voluimus
1530 3786 1701 3842 uenire
1728 3781 1799 3837 ad
1829 3795 1941 3845 vos,
1968 3792 2062 3848 ego

486 3895 699 3967 quidem
729 3889 934 3945 Paulus
964 3884 1121 3943 semel
1155 3892 1312 3955 atque
1341 3881 1553 3943 iterum,
1592 3884 1639 3930 et
1667 3871 1933 3967 impedivit
1969 3882 2063 3923 nos

489 3961 742 4047 Satanas.
791 3979 933 4048 Quid
977 3976 1095 4033 ais?
1132 3974 1436 4031 Satanasne
1469 3962 1735 4039 impedit?
1772 3961 1868 4018 Nae
1910 3978 1927 4017 :
1958 3973 2063 4015 non

490 4081 636 4138 enim
661 4076 756 4132 Dei
791 4084 929 4145 opus
960 4069 1080 4126 fuit.
1113 4066 1174 4123 In
1204 4062 1456 4137 .Epistola
1491 4060 1641 4117 enim
1689 4055 1757 4112 ad
1788 4054 2065 4145 Romanos

493 4191 523 4230 a
559 4172 668 4229 Deo
695 4143 841 4225 dicit
861 4179 920 4221 se
946 4160 1271 4234 impeditum
1303 4158 1325 4186 '
1363 4171 1378 4211 :
1418 4154 1641 4224 insuper
1670 4158 1727 4206 et
1755 4146 1932 4203 Lucas
1965 4143 2063 4209 ait,

492 4264 637 4339 quod
672 4261 908 4335 Spiritus
940 4270 1034 4313 eos
1062 4248 1368 4324 impedierit
1402 4247 1423 4286 ί
1459 4262 1475 4303 :
1511 4245 1565 4301 in
1599 4241 1837 4314 Epistoia
1867 4239 1934 4295 ad
1960 4235 2068 4294 Co-

494 4335 750 4423 rinthios,
786 4350 1024 4425 Spiritus
1058 4346 1134 4401 ait
1174 4356 1312 4413 opus
1357 4352 1479 4395 esse
1506 4348 1536 4377 ιι
1586 4352 1600 4390 :
1636 4335 1726 4390 hic
1773 4346 1905 4389 vero
1946 4339 2068 4386 tas-

2164 3235 2354 3290 τούτου
2386 3236 2419 3307 ἡ
2446 3235 2653 3306 ἀγάπη.

2226 3328 2669 3399 Περισσοτέρως
2682 3324 3149 3395 ἐσπουδάσαμεν
3162 3323 3225 3378 τὸ
3237 3323 3567 3391 πρόσωπον
3580 3316 3745 3388 ὑμῶν

2167 3422 2316 3477 ἰδεῖν
2340 3421 2411 3476 ἐν
2439 3419 2641 3489 πολλῇ
2685 3419 2983 3489 ἐπιθυμίᾳ.
3020 3414 3455 3488 Περισσοτέρως,
3492 3412 3526 3482 ἢ
3556 3411 3633 3474 ὼς
3664 3411 3743 3463 si-

2167 3512 2262 3577 κὸς
2285 3507 2375 3584 ἦν,
2417 3512 2545 3575 τοὺς
2578 3510 2715 3581 πρὸς
2770 3508 2922 3580 ὥραν
2970 3505 3426 3577 ἀπολειφθέντας.
3485 3503 3632 3574 Ὅρα
3688 3500 3745 3555 δι

2166 3602 2410 3671 ἀγάπην,
2456 3601 2538 3656 ὅτι
2585 3598 2663 3653 Δι’
2719 3599 2872 3653 οὐδὲν
2905 3597 3092 3669 ἕτερον
3141 3592 3550 3667 παραγενέσθαι
3586 3591 3743 3656 θέλω,

2168 3695 2353 3768 φησὶν,
2382 3692 2499 3748 ἀλλ’
2521 3693 2607 3746 ῐνα
2633 3690 2695 3745 τὸ
2720 3690 3015 3759 πρόσωπον
3049 3688 3203 3759 ὑμῶν
3234 3688 3352 3742 ῐδω.

2239 3784 2334 3840 Διὸ
2369 3785 2757 3854 ἠθελήσαμεν
2804 3781 3006 3838 ἐλθεῖν
3036 3781 3180 3851 πρὸ(
3243 3779 3423 3850 ὑμᾶς,
3480 3777 3601 3851 ἐγὼ
3633 3775 3748 3848 μὲν

2169 3877 2409 3943 Παῦλος
2441 3876 2537 3931 καί
2593 3875 2758 3941 ἅπαξ
2789 3877 2884 3929 καὶ
2917 3874 3035 3941 δίς,
3067 3874 3167 3930 καὶ
3196 3872 3493 3941 ἐνέκοψεν
3520 3870 3678 3941 ἡμᾶς
3717 3872 3747 3924 ό

2172 3967 2461 4035 Σατανᾶς.
2497 3968 2562 4021 Τί
2593 3967 2805 4035 λέγεις;
2838 3968 2866 4018 ὀ
2902 3965 3148 4028 Σατανᾶς
3180 3963 3476 4032 ἐγκόπτεις
3509 3961 3619 4015 Ναί
3643 3974 3660 3991 θ
3689 3960 3746 4013 ού

2173 4064 2284 4135 γὰρ
2335 4057 2473 4115 Θεοῦ
2502 4060 2563 4113 τδ
2610 4060 2655 4092 ¹³
2684 4058 2844 4128 ἔργον
2872 4052 2959 4128 ἦν.
3009 4057 3128 4110 Ἐπὶ
3160 4056 3260 4127 μὲν
3284 4055 3393 4126 γάρ
3435 4054 3747 4126 Ῥωμαίων,

2176 4153 2365 4226 φησὶν,
2429 4156 2514 4207 ὅτι
2548 4152 2578 4206 δ
2610 4150 2741 4214 Θεὸς
2767 4147 3069 4203 ἐκώλυσεν·
3102 4148 3197 4200 καὶ
3242 4147 3271 4200 ὀ
3298 4144 3519 4209 Λουκᾶς
3565 4161 3747 4215 φησιν,

2174 4244 2257 4298 δτι
2277 4243 2339 4296 τὺ
2371 4241 2595 4313 Πνεῦμα
2619 4240 2890 4295 ἐκώλυσεν
2919 4235 3115 4300 αὐτούς
3135 4250 3153 4269 ·
3182 4236 3275 4290 καὶ
3307 4234 3403 4288 ἐπὶ
3424 4234 3748 4305 Κορινθίων,

2174 4333 2270 4390 τοῦ
2325 4332 2640 4404 Πνεῦματός
2674 4347 2839 4402 φησιν
2870 4325 3009 4385 εἶναι
3038 4329 3098 4383 τὸ
3148 4327 3331 4399 ἔργον.
3377 4325 3650 4383 Ἐνταῦθα
3674 4325 3751 4391 δὲ,

496 4417 775 4507 tummodo
812 4417 1050 4503 Satanae,
1079 4433 1408 4492 tentationes
1432 4439 1623 4499 graves
1650 4435 1706 4479 ct
1735 4424 2055 4493 inexspecta-

2180 4427 2340 4500 μόνον
2368 4423 2463 4480 τοῦ
2484 4425 2717 4488 Σατανᾶ,
2753 4422 3093 4494 πειρασμοὺς
3122 4420 3329 4483 δεινοὺς
3355 4417 3452 4473 καὶ
3487 4418 3727 4488 άπροσδο

496 4554 581 4600 tas
648 4535 1009 4597 adducentis,
1070 4542 1137 4584 ex
1204 4524 1392 4582 divino
1452 4518 1708 4576 nimirum
1776 4513 2055 4588 permissu.

2179 4488 2380 4592 κήτους
2408 4516 2801 4587 ἐπαγαγόντος,
2826 4488 2972 4569 κατά
2997 4513 3389 4586 παραχώρησιν
3416 4510 3573 4564 θείαν
3601 4509 3757 4580 δηλα-

497 4629 885 4691 Anituadverte
938 4624 1028 4679 hic
1084 4625 1346 4690 quantum
1397 4611 1665 4670 charitate
1729 4606 2071 4672 oblectatur,

2179 4608 2266 4681 δή.
2294 4609 2435 4679 Ὅρα
2470 4608 2529 4663 δὲ
2566 4606 2682 4672 πῶς
2715 4604 3178 4677 ἐγκαλλωπίζεται
3198 4606 3266 4676 τῇ
3295 4603 3507 4673 ἀγάπῃ,
3545 4599 3755 4656 δεικνὺς

499 4728 755 4788 innucns,
793 4717 935 4789 quod
982 4713 1214 4769 maxime
1257 4706 1501 4765 omnium
1546 4717 1641 4759 eos
1688 4700 1957 4771 diligeret,
2006 4713 2055 4754 et

2181 4702 2264 4756 ὅτι
2296 4701 2531 4773 μάλιστα
2579 4699 2798 4754 πάντων
2830 4699 3027 4763 αὐτοὺς
3066 4697 3264 4766 ἐφίλει,
3306 4694 3396 4747 διὰ
3423 4694 3520 4747 τοῦ
3549 4693 3749 4746 εἰπεῖν·

500 4833 567 4875 eo
603 4815 745 4887 quod
767 4812 882 4869 ait:
909 4807 1022 4879 Ego
1053 4806 1261 4877 quidem
1292 4798 1499 4855 Paulus
1534 4813 1551 4851 :
1585 4795 1687 4852 hoc
1704 4802 1810 4858 est,
1832 4792 1935 4860 Qui
1965 4807 2077 4848 me-

2195 4793 2345 4862 Ἐγὼ
2369 4792 2486 4862 μὲν
2515 4791 2751 4858 Παῦλος
2778 4807 2793 4824 ·
2823 4789 3093 4853 τουτέστι,
3126 4787 3237 4841 Καὶ
3263 4786 3314 4840 οἱ
3343 4784 3462 4857 μετ’
3495 4782 3630 4854 ἐμοῦ
3659 4782 3753 4854 μὲν

501 4878 637 4971 cum.
658 4915 816 4966 erant
855 4903 946 4959 alii
966 4878 1270 4957 studebant
1299 4892 1518 4966 quidem
1550 4888 1761 4953 venire,
1787 4895 1950 4957 atque
1975 4899 2055 4956 est

2183 4886 2331 4944 ἄλλοι
2361 4884 2687 4950 ἐσπούδαζον
2716 4882 2909 4948 ἐλθεῖν,
2940 4879 3050 4952 ἐγὼ
3085 4881 3141 4934 δὲ
3178 4881 3269 4936 καὶ
3292 4878 3649 4949 ἐπεχείρησα.

503 5006 666 5062 etiam
703 5004 932 5057 conatus
963 5008 1104 5049 sum.

578 5097 737 5153 Vens.
784 5092 871 5148 19.
903 5087 1034 5156 Quot
1068 5084 1209 5139 enim
1262 5095 1378 5150 spes
1415 5084 1622 5141 nostra,
1667 5083 1759 5129 aut
1801 5071 2076 5144 gaudium,

507 5200 597 5249 aut
623 5202 818 5244 corona
843 5182 1025 5254 gloria:
1046 5179 1073 5235 7
1100 5175 1293 5232 Nonne
1320 5172 1436 5228 hac
1461 5177 1592 5226 sunt
1630 5178 1866 5223 matrum
1895 5163 2080 5226 verba,

507 5275 897 5347 misericordia
938 5280 994 5329 et
1032 5265 1318 5325 cbaritatis
1345 5260 1647 5319 visceribus
1693 5258 1849 5313 valde
1884 5255 2089 5310 inﬂam-

2261 5068 2357 5134 Τίς
2383 5065 2495 5137 γὰρ
2517 5066 2688 5137 ἡμῶν
2714 5065 2909 5132 ἐλπὶς.
2944 5064 2983 5133 ἢ
3011 5065 3184 5137 καρὰ,
3215 5062 3255 5134 ἢ
3283 5061 3590 5131 στέφανος
3617 5074 3752 5112 καυ-

2188 5161 2464 5233 χήσεως;
2507 5162 2651 5230 ’Δρα
2681 5161 2781 5215 οὐκ
2834 5160 2944 5213 εἰσὶ
2997 5156 3173 5211 ταῦτα
3232 5154 3487 5227 μητέρων
3542 5152 3749 5223 ῥήματα

2188 5256 2332 5308 πάνυ
2359 5255 2428 5308 τὰ
2466 5252 2749 5323 σπλάγχνα
2796 5248 3353 5322 διαθερμαινομένων,
3407 5245 3544 5316 πρὸς
3574 5242 3747 5297 παιδία

510 5336 799 5433 maturum,
820 5364 1075 5439 parvulos
1109 5373 1235 5418 suos
1267 5369 1468 5429 pueros
1507 5348 1937 5422 alloquentium?
1970 5347 2049 5402 No

2194 5350 2366 5417 μικρά
2395 5346 2833 5416 διαλεγομένωνς
2870 5344 2982 5399 Οὐκ
3011 5344 3170 5414 ἤρκει
3220 5340 3277 5395 δὲ
3305 5338 3388 5407 τὸ,
3435 5336 3741 5406 Στέφανος.

508 5472 644 5526 satis
670 5425 850 5522 autem
881 5467 999 5517 erat
1027 5456 1290 5514 Coronam
1319 5450 1523 5515 dicere,
1552 5451 1610 5521 ut
1640 5440 1947 5500 dilectionis
1976 5454 2055 5496 sua

2189 5438 2524 5506 ἐνδείξασθαι
2558 5437 2656 5509 τὴν
2700 5438 3009 5509 θερμότητα
3048 5432 3235 5501 αὑτοῦ,
3286 5428 3426 5487 ἀλλὰ
3455 5425 3740 5501 προσέθηκε

625 5618 648 5648 ³
674 5608 832 5663 Rom.
857 5620 897 5670 ι,
925 5601 1014 5661 15.
1130 5598 1148 5633 ί
1181 5597 1300 5649 Act.
1333 5606 1445 5654 XVI,
1481 5589 1536 5645 6.

1646 5598 1675 5627 ιι
1709 5585 1754 5642 ll
1786 5583 1913 5641 Cor.
1950 5598 1989 5646 ι,
2021 5579 2113 5635 22.

1819 5697 2017 5761 Variae
2051 5682 2378 5758 lectiencs.

587 5851 635 5891 δι
676 5842 931 5919 ἐκφοσῶν
963 5856 1015 5897 o.
1098 5838 1140 5870 ³⁸
1163 5829 1319 5889 τοῦτο
1355 5845 1409 5887 ο.
