3994 6574
337 425 472 485 1297

1076 428 1481 490 EXPOSlTIO
1517 430 1594 491 IN
1633 432 1874 493 EPIST.
1920 430 1944 490 ι
1980 387 2080 493 Ab
2115 434 2375 497 russs.
2406 461 2472 472 -—
2498 435 2657 499 CAP.
2697 435 2807 497 ιιι.

3459 432 3595 497 1293

333 536 395 590 c5
417 577 429 593 .
463 537 851 604 Καυχοξσεως.
887 541 1002 611 Ἐφ’
1028 544 1157 612 ὑμῖν
1203 544 1331 614 γὰρ,
1360 545 1545 614 φησὶν,
1578 546 1804 612 ἐλπίζω,
1834 547 1915 599 ὅτι

2035 551 2292 604 "crvorem
2335 550 2616 613 indicaret,
2646 552 2737 605 St'd
2766 549 3032 619 apposmt,
3060 548 3425 604 Gloriutiouis.
3462 548 3593 601 Pru-

336 629 647 701 παρῤησίας
679 631 920 697 πλείονος
951 638 1099 706 παρὰ
1119 637 1340 709 Χριστῷ
1366 637 1625 709 τεύξομαι
1648 638 1716 692 δι’
1748 639 1911 708 ὑμᾶς,

336 722 434 777 κιὶ
456 722 631 794 χαίρω
657 724 726 778 δι’
758 725 891 779 αὐτὸ
914 726 1095 796 τοῦτο,
1124 729 1205 783 ὃτι
1232 730 1495 802 στέφανός
1524 747 1634 801 μοι,
1662 729 1759 784 καὶ
1791 729 1915 783 στέ-

337 831 508 883 φανος
560 817 904 888 καυχήσεως,
929 820 1175 875 τουτέστι
1203 822 1361 895 δόξης
1393 823 1674 896 λαμπρᾶς,
1706 823 1801 878 καὶ
1820 822 1915 877 νῦν

336 907 480 973 ἐστε,
510 909 605 962 καὶ
631 909 752 963 τότε
780 909 989 968 ἔσεσθε.

412 1081 483 1136 Ἠ
501 1082 637 1150 οὐχὶ
662 1082 759 1136 καί
786 1082 958 1153 ὑμεῖς
985 1084 1327 1156 ἔμπροσθεν
1356 1088 1464 1144 τοῦ
1485 1088 1707 1158 Κυρίου
1746 1089 1917 1159 ἡμῶν

349 1173 557 1242 Ἰησοῦ
588 1175 844 1242 Χριστοῦ
890 1177 961 1231 ἐν
982 1177 1057 1247 τῇ
1089 1180 1393 1248 παρουσίᾳ
1420 1179 1647 1247 αὐτοῦ;
1684 1181 1749 1234 Τί
1780 1180 1872 1236 οὖν
1899 1199 1912 1248 ;

337 1262 753 1330 Θεσσαλονικεῖς
788 1267 930 1321 εἰσιν
960 1269 994 1339 ή
1044 1268 1198 1335 ἐλπίς
1237 1287 1352 1338 σου,
1406 1271 1645 1344 μακάριε
1697 1273 1911 1339 Παῦλες

339 1356 450 1426 Οὐχ
475 1351 621 1411 οὗτοι
657 1358 831 1429 μόνοι.
878 1360 971 1416 Διὸ
1020 1359 1140 1416 εἷπε
1164 1378 1178 1394 °
1220 1365 1332 1419 Καὶ
1365 1365 1554 1436 ὑμεῖς,
1581 1366 1794 1431 δεικνὺς
1832 1367 1915 1421 ὅτι

336 1447 435 1500 καὶ
458 1446 609 1503 ἄλλοι
632 1445 798 1521 ἦσαν,

421 1536 618 1606 Ὑμεῖς
646 1539 757 1612 γάρ
780 1544 973 1613 darer)
999 1544 1151 1610 δόξα
1175 1547 1344 1618 ἡμῶν
1362 1549 1462 1603 καὶ
1490 1550 1528 1618 ἠ
1560 1549 1732 1620 χαρά.
1770 1551 1915 1623 Πόση

337 1628 448 1702 γὰρ
469 1630 614 1697 δόξα,
641 1633 702 1687 τὺ
721 1636 991 1708 τοσαύτην
1030 1639 1356 1711 Ἐκκλησίαν
1391 1646 1761 1715 προσαγαγεῖν
1784 1646 1828 1699 Χ
1835 1662 1916 1717 ρι-

342 1722 475 1795 στῷ,
503 1726 600 1781 καὶ
627 1725 798 1792 οὕτως
831 1728 1115 1800 εὐδόκιμον
1142 1731 1155 1785 l
1319 1747 1324 1752 ‘

941 1845 1166 1899 ΚΕΦΑΛ
1178 1886 1192 1902 .
1226 1847 1298 1900 Γ.

410 1954 507 2009 Διὸ
535 1955 753 2024 μηκέτι
810 1958 1154 2029 στέγοντες,
1202 1958 1619 2033 εὐδοκήσαμεν
1646 1968 1915 2021 καταλει-

338 2043 564 2113 φθῆναι
612 2047 684 2101 ἐν
715 2049 993 2118 Ἀθήναις
1014 2052 1405 2121 μόνοι.”⁹Αντὶ
1454 2054 1570 2119 τοῦ,
1624 2056 1916 2128 Είλὸμεθα,

341 2137 439 2192 καὶ
472 2138 897 2210 προεκρίναμεν.

410 2228 524 2284 Καὶ
581 2228 935 2301 ἐπέμψαμεν
968 2235 1243 2303 Τιμόθεον
1272 2236 1380 2291 τὸν
1413 2238 1684 2309 ἀδελφὸν
1730 2243 1916 2313 ἡμῶν,

341 2319 442 2375 καὶ
482 2319 771 2388 διάκονον
811 2323 919 2379 τοῦ
951 2326 1119 2393 Θεοῦ,
1173 2329 1271 2383 καί
1303 2333 1604 2402 συνεργὸν
1654 2335 1824 2406 ἡμῶν
1850 2339 1921 2392 ἐν

344 2410 423 2475 τῷ
449 2412 793 2483 Εὐαηοελίῳ
825 2414 931 2471 τοῦ
968 2418 1249 2488 Χριστοῦ.
1302 2419 1551 2494 Τοσαύτη
1582 2425 1615 2494 ἡ
1681 2426 1919 2498 μέριμνα

343 2501 423 2573 τῷ
445 2504 584 2575 ἁγίῳ
612 2506 787 2577 τούτῳ
807 2507 916 2563 τῶν
947 2510 1227 2582 μαθητῶν,
1249 2510 1390 2568 ὥστε
1412 2516 1571 2587 ἡνίκα
1595 2519 1760 2583 αὐτὸς
1784 2521 1921 2574 ἐκω-

344 2594 503 2649 λύετο
530 2597 843 2666 ἀναγκαίως
868 2602 1227 2672 περιστάσεσι
1280 2622 1442 2673 τισιν,
1494 2609 1714 2681 ἑτέρους
1745 2611 1921 2684 ἔπεμ-

346 2705 448 2744 πεν
476 2689 977 2763 ὲπισκεπτομένους
1006 2696 1134 2761 τοὺς
1185 2697 1454 2770 μαθητάς.
1495 2688 1667 2756 Τοῦτο
1694 2704 1752 2758 δὲ
1797 2706 1921 2760 τότε

347 2778 573 2850 ἐποίησε
604 2778 692 2834 τὸν
724 2783 987 2855 Τιμόθεον
1019 2785 1370 2853 ἀποστείλας.
1399 2788 1563 2859 Λέγει
1594 2792 1650 2846 δὲ
1675 2795 1805 2866 περὶ
1829 2796 1924 2851 αὑ-

344 2867 443 2922 τοῦ
471 2869 712 2926 τοσαῦτα
738 2873 1009 2945 ἐγκώμια,
1066 2876 1169 2931 οὐκ
1201 2877 1364 2933 αὐτὸν
1396 2881 1649 2938 τοσοῦτον
1684 2886 1728 2919 ¹⁸
1759 2887 1922 2942 ἐπαί-

351 2974 481 3028 ρων,
514 2960 630 3015 ἀλλ’
680 2964 879 3030 αὐτοὺς
914 2963 1119 3038 [τηρῶν
1169 2968 1287 3042 καὶ]
1309 2971 1504 3041 τιμῶν,
1541 2975 1626 3029 ὅτι
1669 2976 1761 3032 τὸν
1784 2981 1925 3036 κατὰ

348 3052 604 3108 τοσοῦτον
638 3055 828 3129 καιρὸν
858 3057 1031 3123 οὕτως
1077 3062 1374 3131 ἀναγκαῖον
1400 3065 1492 3119 τὸν
1539 3069 1798 3140 συνεργὸν
1827 3070 1922 3125 τοῦ

245 3180 258 3186 -
351 3143 683 3215 Ειὶαγγελίου
716 3148 1004 3206 ἀπέσπασε
1058 3152 1151 3207 τοῦ
1199 3153 1363 3225 ἔργου
1406 3155 1509 3227 τῆς
1551 3156 1826 3226 διακονίας
1854 3163 1925 3217 δι’

352 3252 573 3302 αυτους.

420 3331 525 3396 Είς
557 3330 624 3385 τὸ
654 3336 930 3404 στηρίξαι
984 3336 1140 3408 ὑμᾶς
1196 3339 1293 3396 καὶ
1321 3343 1737 3412 παρακαλέσαι
1770 3345 1925 3415 ὑμᾶς

348 3421 625 3496 περὶτῆς
656 3426 916 3493 πίστεως
961 3428 1147 3500 ὑμῶν.
1191 3430 1408 3506 Ἐπειδὴ
1441 3434 1550 3508 γὰρ
1605 3435 1927 3493 ὲσαλεύοντο

350 3512 448 3566 ἐπὶ
476 3512 555 3585 τῷ
589 3516 944 3588 πειράζεσθαι
978 3520 1073 3574 τὸν
1120 3521 1463 3591 διδάσκαλον,
1493 3524 1701 3579 ἐδέοντο
1729 3544 1924 3600 στηρι-

352 3603 496 3672 γμοῦ
527 3606 622 3660 καὶ
644 3609 1067 3681 παρακλήσεως,
1093 3612 1170 3676 ὡς
1200 3614 1266 3668 ἂν
1298 3618 1373 3687 μὴ
1411 3618 1690 3674 ὲκπέσωσι
1709 3620 1810 3693 τῆς
1835 3622 1928 3675 πί-

352 3694 549 3761 στεως.
581 3701 657 3754 Οὐ
680 3703 874 3775 μικρὸς
905 3708 1013 3777 γὰρ
1038 3705 1264 3777 θόρυϐος
1289 3710 1401 3773 τοῖς
1442 3710 1711 3783 μαθηταῖς
1738 3714 1788 3768 οι
1833 3712 1926 3768 τοῦ

353 3794 679 3850 διδασκάλου
716 3790 1035 3868 πειρασμοὶ,
1087 3796 1163 3864 ὡς
1212 3799 1308 3854 καὶ
1339 3801 1702 3872 στρατιώταις
1732 3804 1793 3860 τὸ
1835 3807 1929 3864 τὸν

354 3886 662 3959 στρατηγὸν
696 3889 992 3960 τρωθῆναι.

431 3980 517 4045 Τῷ
538 3978 775 4050 μηδένα
824 3981 1141 4037 σαίνεσθαι
1193 3982 1263 4038 ἐν
1292 3984 1335 4019 ⁸⁸
1365 3984 1612 4054 θλίψεσι
1664 3989 1928 4057 ταύταις.

368 4071 694 4142 Ἐρμηνεύει
724 4072 842 4143 νῦν,
873 4073 927 4128 τί
947 4073 1171 4146 ἔμελλεν
1192 4076 1391 4141 αὐτοὺς
1419 4077 1699 4149 ὠφελῆσαι
1722 4082 1751 4134 ὀ
1778 4082 1931 4153 παρᾶ

352 4164 446 4218 τοῦ
474 4164 739 4235 Τιμοθέου
769 4169 1068 4240 στηριγμός
1087 4182 1107 4204 ο
1133 4168 1226 4224 καί
1253 4186 1439 4241 φησιν,
1460 4171 1541 4224 ὃτι
1583 4172 1660 4239 τὸ,
1685 4172 1932 4243 Μηδένα

354 4256 694 4322 σαίνεσθαι,
756 4259 1000 4313 τουτέστι
1071 4252 1434 4329 θορυϐεῖσθαι,
1488 4262 1818 4333 χαυνοῦσθαι
1872 4266 1933 4321 ὲν

353 4348 468 4412 τοῖς
500 4349 657 4417 ὲμοῖς
693 4351 1038 4421 πειρασμοῖς.
1069 4348 1128 4403 '0
1153 4349 1259 4422 γὰρ
1280 4350 1526 4415 διάϐολος
1556 4354 1778 4409 ἐπειδὰν
1793 4354 1931 4427 εὕρῃ

357 4440 551 4512 καιρὸν
580 4441 912 4512 πειρασμοῦ,
939 4442 1112 4497 σαίνει
1153 4445 1280 4507 τοὺς
1307 4446 1673 4517 ἀστηρίκτους
1698 4451 1765 4520 τῇ
1793 4450 1931 4504 ὑπο-

2023 652 2141 709 pter
2167 657 2262 696 vos
2293 644 2457 707 enim,
2495 644 2687 712 inquit,
2733 657 2912 712 spero,
2951 642 3091 713 quod
3146 642 3404 711 majorem
3454 640 3594 695 litluv

2023 732 2161 786 ciam
2217 740 2272 788 et
2329 734 2636 789 libertatem
2695 735 2980 789 nanciscor
3027 733 3194 787 vestri
3240 746 3403 788 causa
3453 731 3593 800 apud

2020 822 2320 889 Christum,
2359 833 2520 896 atque
2553 826 2622 880 ob
2651 841 2769 881 eam
2820 840 3038 880 causam
3074 824 3246 891 hrtor,
3279 823 3421 893 quod
3471 822 3593 876 sitis

2021 932 2222 973 corona
2257 917 2407 983 mihi,
2440 925 2493 973 et
2522 933 2721 974 corona
2761 918 3113 988 gloriationis,
3147 917 3245 972 hoc
3273 925 3356 970 est
3409 916 3593 984 splen-

2022 1008 2159 1065 dida:
2198 1009 2403 1080 gloriae,
2428 1019 2481 1065 et
2499 1009 2584 1066 hic
2605 1011 2737 1066 estis
2762 1008 2875 1078 jam
2893 1024 3053 1074 mmc,
3073 1008 3590 1078 eritisqueposthac.

2095 1101 2286 1157 Nonne
2314 1113 2360 1157 et
2395 1119 2481 1158 vos
2514 1119 2691 1156 coram
2730 1102 2954 1156 Domino
2989 1111 3167 1155 nostro
3199 1100 3328 1154 Jesu
3358 1097 3592 1163 Christo,

2021 1194 2322 1249 iuadreutu
2370 1194 2573 1264 ipsius?
2631 1192 2768 1261 Quid
2822 1194 3031 1263 igitur?
3081 1192 3595 1247 'l‘hessalonicenscs

2021 1299 2146 1356 Spes
2182 1297 2271 1341 tua
2317 1295 2463 1354 sunt,
2503 1286 2659 1342 beate
2711 1284 2926 1342 Paule?
2973 1284 3088 1340 Non
3140 1284 3227 1339 isti
3277 1283 3377 1339 soli
3425 1281 3595 1338 :ideo

2023 1375 2236 1444 adjecit,
2278 1376 2343 1431 Et
2385 1394 2489 1443 vos,
2525 1378 2817 1433 ostendens
2850 1377 2991 1447 quod
3023 1387 3077 1432 et
3107 1377 3196 1430 alii
3234 1375 3452 1430 fuerint.

2106 1553 2206 1608 Vos
2246 1554 2383 1608 enim
2426 1554 2541 1609 istis
2574 1555 2748 1625 gloria
2791 1564 2972 1609 nostra
3004 1560 3054 1608 et
3082 1552 3358 1625 gaudium.
3383 1552 3597 1620 Quanta

2021 1645 2164 1699 enim
2193 1654 2270 1699 est
2298 1645 2489 1715 gloria,
2533 1654 2736 1700 lautam
2778 1656 2831 1701 et
2858 1653 2968 1701 tam
2996 1645 3265 1701 celebrem
3301 1644 3598 1701 Ecclesium

2023 1736 2291 1791 adducere
2313 1737 2535 1792 Christo
2560 1739 2574 1792 ι

2445 1852 2605 1923 513
2648 1850 2877 1908 CAPUT
2916 1849 3001 1905 ιιι.

2095 1964 2254 2021 Vens.
2306 1966 2353 2019 l.
2407 1964 2630 2036 Propter
2663 1967 2802 2038 quod
2851 1982 2954 2020 uou
2987 1967 3303 2020 sustinentes
3346 1964 3598 2031 amitius,

2016 2058 2350 2125 probavimus
2393 2060 2619 2127 relinqui
2658 2058 2870 2112 Athenis
2904 2059 3021 2113 soli.
3065 2055 3121 2111 ιιι
3169 2067 3271 2121 est,
3314 2054 3599 2125 elegimus,

2018 2161 2184 2218 atque
2207 2150 2566 2205 decrevimus.

2087 2239 2250 2297 Vens.
2280 2241 2334 2295 9..
2368 2241 2432 2296 Et
2462 2242 2701 2298 misimus
2732 2240 3064 2298 Timotheum
3089 2243 3307 2313 fratrem
3339 2251 3597 2301 nostrum,

2018 2328 2395 2415 et’miuistrum
2423 2331 2541 2396 Dei,
2567 2340 2616 2387 et
2649 2341 3040 2402 cooperatorem
3067 2341 3305 2386 nostrum
3335 2333 3388 2383 iu
3417 2328 3598 2383 Evan-

2018 2424 2155 2493 gctio
2194 2423 2414 2480 Christi.
2475 2426 2678 2482 Sancto
2726 2427 2813 2483 isti
2867 2434 3014 2480 tanta
3061 2425 3161 2480 fuit
3202 2424 3599 2494 discipulorum

2019 2529 2170 2580 cura,
2224 2523 2284 2570 ut
2334 2517 2379 2572 si
2426 2519 2645 2587 quando
2698 2518 2814 2588 ipse
2870 2517 3222 2587 impediretur
3277 2514 3602 2569 necessariis

2021 2604 2341 2675 quibusdam
2381 2608 2579 2674 causis,
2626 2607 2760 2664 alios
2791 2616 2968 2663 tamen
3009 2607 3272 2671 mitteret,
3305 2605 3395 2675 qui
3429 2605 3596 2660 disci-

2022 2691 2174 2764 pulos
2206 2694 2551 2752 inviserent:
2590 2696 2693 2752 hoc
2733 2705 2844 2752 tum
2874 2697 3032 2752 etiam
3070 2693 3216 2758 fecit,
3249 2693 3597 2749 'l’immheum

2022 2786 2300 2858 ablegatis.
2341 2788 2414 2844 De
2440 2802 2507 2843 eo
2539 2796 2719 2844 autem
2748 2796 2899 2843 tanta
2921 2786 3165 2843 encotnia
3196 2787 3454 2851 concinit,
3489 2802 3597 2840 non

2026 2884 2232 2933 tantum
2266 2878 2439 2950 ipsum
2479 2879 2770 2946 extollens,
2818 2886 3080 2950 quantum
3109 2864 3275 2951 ipsos
3301 2878 3597 2943 honorans,

2024 2970 2456 3040 quandoquidem
2487 2986 2674 3026 eorum
2707 2987 2868 3027 causa
2900 2980 3052 3028 tanto
3079 2983 3322 3042 tempore
3347 2971 3483 3026 adeo
3506 2985 3600 3023 ne-

2024 3063 2323 3120 cessarium
2359 3063 2632 3136 Evangelii
2672 3075 3079 3135 cooperatorem
3127 3065 3195 3121 ab
3240 3080 3404 3137 opere
3439 3066 3601 3120 mini-

2024 3154 2174 3210 sterii
2204 3154 2489 3210 avulserit.

2098 3339 2179 3392 Ad
2195 3339 2584 3410 conﬁrmandos
2612 3357 2698 3396 vos
2723 3348 2773 3395 et
2793 3340 3149 3396 exltortandos
3167 3357 3263 3410 pro
3281 3340 3388 3411 fide
3410 3352 3599 3397 vestra.

2024 3427 2159 3482 Cum
2196 3440 2618 3484 concuterentur
2646 3430 2715 3487 ob
2746 3430 3075 3485 tentationes
3104 3431 3461 3503 praeceptoris
3489 3432 3598 3497 sui.

2027 3518 2341 3576 l'ulcimento
2393 3529 2447 3576 et
2486 3521 2865 3577 exhortatione
2915 3520 3253 3592 indigebant,
3297 3538 3363 3579 ne
3409 3537 3441 3581 tt
3499 3523 3605 3580 (ide

2026 3613 2303 3668 excidant.
2344 3612 2459 3669 Non
2509 3614 2656 3668 enim
2698 3614 2962 3670 modicam
2995 3613 3277 3684 discipulis
3322 3617 3606 3685 perturba-

2030 3706 2229 3760 tionem
2279 3708 2628 3775 praeceptoris
2695 3709 3024 3781 tentationes
3075 3707 3338 3778 praebent,
3381 3707 3605 3781 perinde

2027 3812 2093 3854 ac
2122 3797 2378 3854 militibus
2400 3799 2740 3871 imperatoris
2763 3780 3003 3856 rtdnera.

2100 3977 2265 4035 Vsus.
2321 3979 2374 4034 ὅ.
2435 3976 2501 4033 Ut
2558 3995 2706 4034 nemo
2753 3988 3021 4033 moveatur
3062 3980 3115 4032 in
3166 3975 3603 4032 tribulationibus

2031 4071 2168 4125 istis.
2213 4070 2450 4143 Exponit
2492 4070 2603 4141 jam
2654 4073 2911 4142 quidnam
2974 4072 3236 4138 allaturus
3281 4070 3410 4140 ipsis
3462 4078 3608 4125 esset

2031 4162 2299 4217 commodi
2343 4176 2442 4218 sua
2472 4163 2885 4219 couttrmatione
2915 4159 3230 4217 Timotheus
3262 4177 3276 4215 :
3314 4157 3380 4213 Ut
3431 4175 3604 4222 nemo,

2033 4252 2228 4325 inquit,
2259 4261 2548 4319 moveatur,
2585 4253 2689 4309 hoc
2726 4263 2811 4310 est
2851 4253 3121 4317 turbetur,
3159 4251 3374 4307 laxetur
3406 4251 3459 4307 in
3493 4263 3609 4307 ten-

2033 4346 2332 4402 tationibus
2354 4344 2507 4401 meis.
2533 4344 2667 4400 Nam
2694 4345 2965 4411 diabolus,
2990 4344 3035 4400 si
3060 4344 3323 4400 invenerit
3347 4353 3611 4414 opportu-

2035 4436 2264 4504 nitatem
2293 4437 2630 4503 teutatiouis,
2654 4436 2849 4513 turbat
2879 4436 3102 4492 minime
3132 4435 3376 4491 ﬁrmatos
3411 4437 3611 4490 remis-

359 4536 558 4603 μνήσει
601 4532 703 4601 τῆς
740 4534 996 4599 ἀνέσεως,
1049 4533 1122 4598 ὡς
1156 4533 1221 4588 ἂν
1268 4536 1663 4610 ἁποπηδήσωσι
1714 4541 1807 4595 τοῦ
1834 4541 1922 4594 λυ-

2037 4528 2199 4585 sioris
2239 4529 2363 4584 vita:
2389 4529 2755 4598 suggestione,
2797 4537 2855 4583 ut
2885 4543 2915 4583 a
2961 4530 3123 4585 rebus
3152 4542 3441 4584 mterorcm
3477 4527 3610 4584 alle-

357 4625 607 4690 ποῦντος.
644 4626 799 4690 Τινὲς
828 4626 884 4680 δὲ
915 4628 995 4692 τὸ,
1025 4629 1363 4697 Σαίνεσθαι,
1415 4605 1535 4684 ἀντὶ
1566 4633 1682 4696 τοῦ,
1731 4636 1922 4708 ταράσ-

2041 4620 2282 4676 rentihns
2318 4620 2576 4677 resiliunt.
2604 4619 2853 4675 Nonnulli
2878 4631 3084 4687 autem,
3117 4620 3463 4688 Σαίνεσθαι,
3490 4635 3609 4691 pro,

357 4716 573 4782 σεσθαι,
607 4713 760 4771 εἷπον
780 4719 1025 4788 τεθῆναι,
1050 4720 1112 4772 ὲκ
1137 4723 1452 4791 μεταφορᾶς
1488 4723 1597 4776 τῶν
1619 4725 1797 4778 κυνῶν
1831 4726 1934 4780 τῶν

356 4809 456 4873 τὰς
498 4809 666 4880 οὐρὰς
694 4811 1073 4880 ταρασσόντων
1095 4813 1152 4865 ὲν
1180 4811 1256 4881 τῷ
1283 4814 1510 4870 σαίνειν.

427 4903 607 4958 Αὐτοὶ
639 4901 749 4971 γὰρ
772 4902 995 4966 aldtus,
1026 4902 1115 4956 ὅτι
1137 4906 1224 4968 είς
1249 4904 1423 4959 τοῦτο
1451 4906 1710 4974 κείμεθα,
1744 4909 1934 4964 Ἄκοιῆ⁸

2034 4712 2266 4775 turbari,
2304 4714 2536 4782 positum
2570 4726 2694 4768 esse
2729 4712 2934 4781 dicunt,
2969 4714 3282 4785 metaphora
3319 4728 3349 4769 a
3384 4714 3612 4771 canibus

2034 4816 2269 4876 sumpta,
2300 4807 2414 4877 qui,
2447 4808 2572 4862 dum
2607 4806 2915 4874 adulantur,
2949 4807 3154 4864 caudas
3187 4817 3427 4864 movent.

2107 4897 2223 4969 Ipsi
2246 4901 2383 4956 enim
2422 4900 2587 4966 scitis,
2620 4901 2758 4972 quod
2785 4901 2841 4956 in
2874 4901 2972 4958 hoc
3002 4901 3166 4970 positi
3190 4901 3378 4956 simus.
3412 4901 3614 4957 Audia-

360 5012 565 5065 σωμεν,
595 4995 678 5048 ὅτι
701 4996 751 5047 οἱ
777 4993 1090 5064 Χριστιανοὶ
1114 4994 1194 5056 εἰς
1219 4994 1281 5046 τὸ
1310 4995 1586 5048 θλίϐεσθαι
1612 5001 1845 5052 κεῖνται·
1871 5001 1922 5053 οἰ

2038 5011 2161 5050 mus
2206 4995 2316 5058 hic,
2348 4996 2490 5065 quod
2529 4994 2847 5060 Christiani,
2882 5004 2942 5050 ut
2986 4993 3312 5064 atlligantur.
3344 4993 3457 5049 sint
3481 5008 3611 5050 con-

358 5088 469 5157 γὰρ
500 5083 765 5155 περὶτῶν
797 5083 1109 5138 ἀποστόλων
1166 5086 1345 5155 μόνων
1385 5088 1579 5142 ταῦτα.
1629 5092 1721 5154 Εἰς
1777 5093 1922 5147 τοῦτ(

2038 5085 2232 5141 stituti.
2259 5084 2377 5140 Nan
2398 5086 2541 5140 enim
2559 5086 2624 5142 de
2646 5086 2904 5158 apostolis
2929 5094 3133 5140 tantum
3158 5085 3272 5140 lure
3300 5086 3441 5141 dicta
3464 5095 3610 5142 sunt.

357 5175 452 5233 οὖν
495 5179 541 5211 ¹⁶
566 5177 838 5247 ταγὲντες.
887 5178 939 5231 τί
993 5177 1181 5231 καινὸν
1228 5181 1275 5233 εἰ
1307 5178 1640 5250 summes;
1681 5185 1840 5237 Ὠςτε
1873 5188 1922 5240 οξ

2041 5176 2174 5232 Cum
2223 5175 2407 5244 itaque
2443 5176 2512 5231 ad
2559 5175 2662 5232 hoc
2701 5176 2861 5246 positi
2900 5176 3093 5240 simus,
3141 5176 3270 5246 quid
3320 5192 3517 5232 novum
3567 5179 3611 5233 si

362 5271 527 5339 μόνον
557 5270 653 5323 ἐπὶ
685 5272 797 5333 τοῖς
828 5269 1154 5341 παρελθοῦσι
1181 5276 1503 5341 πειρασμοῖς
1527 5276 1834 5345 ἀταράχους
1858 5277 1922 5329 δεῖ

2042 5267 2381 5339 allligamur?
2437 5267 2701 5336 Quocirca
2754 5268 2950 5322 nedum
3010 5269 3079 5323 ob
3135 5269 3409 5340 praeterita
3470 5272 3611 5325 mala

364 5362 549 5432 μένειν
582 5362 751 5431 ἡμᾶς,
776 5360 913 5414 ἀλλὰ
935 5364 1029 5414 καὶ
1062 5360 1157 5414 ἐπὶ
1185 5363 1294 5425 τοῖς
1320 5362 1570 5432 μέλλουσι
1597 5381 1611 5394 ο
1639 5364 1799 5418 τοῦτο
1825 5367 1922 5438 γὰρ

2041 5370 2258 5430 oportet
2281 5376 2377 5415 nos
2399 5376 2516 5416 esse
2537 5371 2756 5429 pacatos
2782 5372 2835 5416 et
2855 5362 3227 5426 inconcussos.
3253 5380 3434 5419 verum
3452 5365 3614 5419 etiam

362 5453 496 5526 ἡμῖν
514 5452 865 5522 οἰκειότερον.

2045 5453 2115 5509 ob
2146 5452 2342 5507 futura.
2377 5451 2489 5506 lloc
2518 5452 2663 5507 enim
2694 5453 2849 5510 nobis
2883 5463 2965 5510 est
3001 5456 3174 5526 magis
3205 5457 3505 5527 proprium.

432 5543 543 5599 Kal
588 5544 699 5613 γὰρ
745 5543 846 5597 ὅτε
897 5542 1044 5612 πρὸς
1106 5542 1260 5612 ὑμᾶς
1312 5539 1484 5615 ἦμεν.
1539 5544 1922 5616 προελέγομεν

2118 5542 2285 5600 Vens.
2321 5544 2376 5599 ll.
2401 5547 2541 5600 Nam
2569 5553 2758 5600 etcum
2792 5548 2932 5618 apud
2964 5564 3049 5604 vos
3080 5565 3331 5616 essemus,
3361 5553 3618 5622 praalice-

359 5634 505 5708 ὑμῖν
533 5634 625 5693 ὅτι
647 5634 954 5707 μέλλομεν
980 5635 1303 5701 θλίϐεσθαι,
1334 5635 1526 5703 καθὼς
1552 5636 1649 5694 καί
1678 5638 1922 5708 ἐγένετο,

2046 5639 2234 5694 bamus
2306 5639 2448 5696 vobis
2504 5654 2753 5711 passuros
2802 5659 2893 5698 uos
2944 5641 3332 5713 tribulatioues,
3390 5648 3527 5702 sicut
3566 5655 3616 5702 et

1718 5751 1923 5815 Variae
1960 5750 2291 5815 lectiones.

436 5852 482 5887 “
519 5851 699 5925 τούτῳ
726 5867 780 5908 ο.
860 5851 902 5884 ’⁸
937 5850 1104 5905 snio.
1187 5849 1230 5880 ⁸⁸
1258 5847 1366 5921 γὰρ
1397 5866 1446 5903 υ.
