3994 6578
439 343 578 411 1303
1323 349 1899 414 THEOPHYLACTI
1940 351 2353 416 BULGARUE
2391 354 2747 418 ARCHIEP.
3523 353 3675 423 13M

429 460 563 517 dixit
593 478 608 516 :
645 461 876 531 defectus
905 462 1049 534 ﬁdei.
1076 462 1177 521 Ubi
1217 466 1399 535 itaque
1422 464 1547 521 ﬁdei
1586 480 1771 522 eorum
1797 475 1994 522 metue-

2116 469 2194 523 Τὰ
2225 469 2626 539 ὑστερήματα.
2662 469 2832 524 Ἔνθα
2872 469 2968 542 μὲν
2991 463 3083 523 οὖν
3112 469 3238 539 περὶ
3272 467 3444 540 αἰτῆς
3470 469 3568 538 τῆς
3597 469 3692 522 πί-

429 554 541 620 hat,
570 553 718 622 Misi,
756 556 950 628 inquit,
989 558 1058 612 ad
1090 574 1176 613 vos
1214 558 1530 628 fulciendos.
1561 560 1662 616 llic
1688 575 1837 626 vero,
1865 577 1994 616 rom-

2111 578 2276 626 στεως
2303 562 2576 625 ἐδεδοίκει,
2636 564 2938 632 Ἕπεμψα,
2968 564 3150 634 φησὶν,
3190 564 3278 628 εἰς
3306 561 3373 614 τὸ
3399 561 3688 628 στηρίξαι

427 647 684 716 pleamus,
720 647 816 717 ait,
871 648 1014 719 quod
1052 649 1410 706 Institutiouis
1465 653 1646 720 potius
1679 658 1783 717 est,
1841 667 1994 722 quam

2105 653 2294 722 ὑμᾶς’
2328 654 2559 708 ἐνταῦθα
2606 655 2683 716 δὲ,
2733 654 3114 723 Καταρτίσαι,
3147 654 3339 724 φησίν·
3365 653 3393 708 ὃ
3424 652 3690 707 διδασκα-

427 741 875 799 conlirmationis.
919 741 1048 796 Illud
1088 743 1233 798 enim
1293 743 1554 816 compleri
1612 745 1864 811 dicimus,
1917 744 1994 801 cui

2106 741 2226 808 λίας
2263 745 2461 816 μᾶλλόν
2515 748 2683 810 ἐστιν,
2738 747 2770 818 ἦ
2817 746 3181 816 βεϐαιώσεως.
3240 743 3688 818 Καταρτίζεσθαι

427 830 682 899 pusillum
709 833 838 902 quid
875 833 1077 890 deﬁcit.

2106 836 2214 907 γάρ
2249 836 2425 890 ἐκεῖνο
2454 836 2708 910 λέγομεν,
2737 831 2781 906 ᾧ
2802 837 2976 908 ὀλίγοιν
3005 857 3056 892 τι
3086 837 3284 894 λείπει.

496 941 664 998 Vens.
697 945 782 999 ll.
810 943 931 1016 Ipse
957 956 1133 1002 autent
1165 946 1304 1004 Deus
1324 959 1374 1004 et
1397 949 1564 1005 Pater
1586 961 1783 1016 noster,
1815 961 1864 1006 et
1893 951 1994 1006 Do-

2165 949 2359 1016 Αῠτὸς
2385 950 2454 1004 δὲ
2486 952 2519 1004 ὀ
2549 949 2694 1018 Θεὸς
2727 951 2826 1006 καὶ
2881 950 3087 1020 Πατὴρ
3118 949 3308 1020 ἡμῶν,
3366 952 3465 1006 καί
3501 953 3536 1007 ό
3564 952 3689 1007 Κύ-

425 1041 599 1094 nrt'nus
628 1051 804 1094 noster
829 1041 988 1096 Iesus
1012 1042 1276 1112 Christus,
1297 1046 1492 1116 dirigat
1512 1047 1647 1102 uiam
1672 1057 1905 1103 nostram
1931 1049 1994 1102 ad

2103 1058 2228 1110 βιος
2255 1040 2424 1111 ήμῶν
2468 1041 2705 1111 Ἰησοῦς
2736 1042 2989 1110 Χριστὸς
3013 1043 3368 1097 κατευθύναι
3399 1041 3518 1111 τὴν
3540 1043 3692 1098 ὁδὸν

424 1146 536 1186 vos.
572 1130 821 1187 Ostendit
851 1134 992 1204 quod
1020 1135 1186 1190 etiam
1210 1137 1351 1208 apud
1386 1139 1625 1207 seipsum
1652 1138 1994 1209 precabatur,

2103 1133 2272 1203 ἡμῶν
2295 1135 2448 1202 πρὸς
2469 1133 2643 1204 ὑμᾶς.
2666 1135 2968 1200 Δείκνυσιν,
2998 1135 3078 1190 ὅτι
3103 1136 3196 1188 καὶ
3218 1135 3339 1188 καθ’
3363 1135 3558 1190 ἑαυτὸν
3579 1135 3685 1208 ηὕ-

425 1231 482 1276 ιιι
537 1237 629 1279 eos
664 1224 892 1291 videret,
931 1225 1021 1296 qui
1067 1228 1285 1297 quidem
1328 1230 1694 1299 precationem
1749 1229 1994 1300 Epistolas

2103 1243 2227 1297 χετο
2259 1227 2387 1280 ίδεϊν
2417 1227 2632 1292 αὐτοὺς,
2665 1227 2719 1291 ὃς
2750 1245 2811 1296 γε
2835 1228 2929 1282 καὶ
2956 1229 3014 1280 ὲν
3039 1230 3104 1298 τῇ
3139 1228 3424 1299 Ἐπιστολῇ
3459 1227 3561 1299 τὴν
3591 1232 3678 1281 εὑ-

423 1317 588 1371 etiam
618 1316 927 1374 inseruerit.
972 1317 1039 1374 Et
1068 1334 1128 1375 se
1164 1335 1384 1391 quoque
1411 1320 1681 1388 defendit,
1719 1322 1862 1391 quod
1894 1337 1994 1376 non

2103 1318 2202 1389 χὴν
2226 1317 2497 1389 ἐντίθησιν
2521 1334 2535 1348 ο
2571 1317 2687 1388 ἅμα
2727 1318 2780 1371 δὲ
2805 1319 2901 1372 καὶ
2922 1319 3293 1387 ἀπολογεῖται,
3328 1319 3410 1373 ὅτι
3441 1319 3504 1372 οὐ
3539 1319 3685 1373 κατὰ

422 1421 489 1463 ex
513 1408 742 1479 segnitie
766 1409 1032 1479 relinquat
1053 1411 1234 1480 ipsos:
1255 1411 1480 1483 perinde
1497 1414 1654 1484 quasi
1676 1413 1821 1474 dicat
1841 1430 1856 1468 :
1878 1412 1994 1484 lpse

2103 1411 2378 1483 ῥαθυμίαν
2408 1411 2760 1466 ἀπολείπεται
2787 1411 2988 1480 αὐτῶν,
3017 1412 3094 1475 ὡς
3134 1411 3201 1466 ἂν
3239 1412 3290 1465 εί
3322 1410 3508 1480 ἔλεγεν
3531 1425 3545 1438 ·
3575 1409 3686 1462 Αὐ-

423 1500 566 1556 Deus
582 1500 863 1556 cxscindat
887 1503 1218 1560 tentatioues
1247 1504 1484 1575 undique
1510 1504 1994 1563 circumtrahcntes

2103 1503 2190 1568 τὸς
2217 1503 2272 1557 δὲ
2303 1506 2331 1558 ὁ
2355 1504 2486 1568 Θεὸς
2516 1504 2747 1574 ἐκκόψαι
2789 1504 2914 1568 τοὺς
2941 1504 3279 1574 πειρασμοῦς
3304 1503 3434 1566 τοὺς
3471 1519 3684 1557 παντα-

424 1607 546 1660 nos,
577 1601 636 1649 ut
664 1603 813 1650 recto
841 1594 1033 1652 itinere
1063 1597 1128 1652 ad
1155 1612 1251 1653 vos
1271 1598 1571 1654 veniamus.

2103 1595 2196 1668 χοῦ
2225 1597 2614 1668 περιέλκοντας
2659 1597 2827 1668 ἡμᾶς,
2880 1595 2967 1650 ἶνα
3007 1594 3171 1668 ὀρθὴν
3211 1596 3311 1667 τὴν
3359 1594 3483 1650 eam
3544 1593 3684 1667 πρὸς

497 1773 662 1831 Vens.
684 1772 772 1831 12.
796 1776 893 1832 Vos
915 1786 1092 1833 autem
1123 1776 1384 1833 Dominus
1413 1778 1723 1848 multiplica
1757 1789 1802 1834 et
1829 1779 1994 1834 abun-

421 1869 552 1923 dare
579 1869 745 1938 faciat
775 1871 1090 1948 charitaleqt
1131 1883 1353 1926 restram
1391 1872 1609 1927 inuicem
1639 1881 1687 1926 et
1713 1873 1765 1926 in
1792 1888 1994 1926 omnes.

423 1959 611 2018 Viden’
632 1962 912 2018 charitatis
933 1963 1200 2019 insaniam
1223 1979 1343 2035 quae
1364 1964 1603 2020 cohiberi
1628 1964 1996 2036 uequltll‘iam

311 2053 314 2056 ’
421 2065 476 2110 et
498 2053 766 2111 excellere
795 2063 851 2111 et
874 2055 1155 2110 abundare
1186 2070 1279 2111 eos
1307 2056 1361 2110 in
1392 2055 1680 2112 dilectione
1710 2064 1996 2124 precatur;

420 2156 477 2203 et
509 2159 616 2204 non
666 2145 840 2204 solum
903 2161 1032 2218 erga
1090 2161 1153 2203 se
1193 2156 1399 2214 mutuo,
1451 2162 1641 2202 verum
1680 2147 1844 2203 etiam
1871 2161 1998 2219 erga

422 2253 634 2296 omnes.
659 2238 843 2296 lsthuc
867 2241 1012 2296 enim
1043 2246 1130 2296 est
1161 2240 1357 2294 divinae
1384 2239 1667 2294 charitatis
1699 2239 1994 2310 proprium,

422 2345 612 2388 omnes
632 2331 938 2403 complecti.
978 2331 1111 2386 Nam
1143 2333 1188 2388 si
1219 2331 1365 2386 hunc
1413 2330 1626 2401 diligas,
1667 2329 1816 2385 illum
1869 2345 1998 2386 vero

423 2436 532 2480 non
563 2424 713 2491 item,
743 2425 976 2480 humana
1000 2425 1104 2481 ista
1138 2424 1376 2482 amicitia
1402 2431 1509 2480 est.

495 2515 947 2583 Quemadmodum
972 2525 1021 2570 et
1048 2531 1140 2572 nos
1159 2532 1280 2588 erga
1297 2531 1405 2570 vos.
1431 2512 1566 2568 Nam
1585 2513 1727 2585 quod
1751 2523 1993 2570 nostrum

421 2617 530 2675 est,
551 2609 747 2681 inquit,
766 2624 1006 2680 praesens
1031 2617 1156 2666 est:
1201 2607 1344 2679 quod
1367 2621 1498 2662 vero
1528 2617 1766 2662 vestrum
1795 2617 1899 2673 est,
1944 2607 1996 2663 id

420 2701 474 2755 lu
509 2710 788 2772 posterum
833 2699 951 2756 ﬁeri
976 2715 1232 2772 rogamus
1263 2717 1278 2754 :
1308 2698 1522 2755 habetis
1550 2698 1691 2753 enim
1722 2714 1818 2754 nos
1841 2715 1994 2755 men-

419 2807 604 2850 suram
624 2803 678 2850 et
703 2793 1009 2864 exemplum
1034 2792 1361 2849 dilectionis.
1711 2801 1716 2804 '

423 2987 430 2994 ‘
498 2895 658 2960 Vsus.
684 2903 775 2960 l3.
811 2902 894 2958 Ad
921 2901 1288 2994 confirmanda
1325 2906 1488 2961 corda
1540 2917 1708 2962 vestra
1737 2906 1998 2976 inculpate

418 2993 474 3051 in
500 2997 781 3050 sanctitate
824 3005 944 3050 ante
975 2993 1144 3050 Deum
1180 3006 1230 3052 et
1259 2997 1470 3052 Patrem
1504 3008 1764 3066 nostrum,
1795 3000 1850 3053 in
1901 2998 1997 3052 ad-

418 3094 574 3144 ventu
605 3080 818 3144 Domini
839 3089 1009 3144 nostri
1027 3088 1154 3145 Jesu
1177 3089 1378 3145 Christi
1401 3107 1514 3146 cum
1539 3093 1777 3147 omnibus
1799 3096 1995 3147 sanctis

2099 1690 2131 1744 ὕ
2139 1690 2243 1760 μᾶς
2271 1689 2534 1760 ἔλθωμεν.

2185 1781 2370 1852 ’Υμᾶς
2394 1783 2462 1835 δὲ
2492 1783 2525 1836 ό
2556 1781 2771 1849 Κύριος
2799 1779 3133 1834 πλεονάσαι
3156 1779 3252 1833 καὶ
3276 1778 3684 1847 περισσεύσαι

2101 1874 2177 1944 τῇ
2214 1875 2414 1945 ἀγάπῃ
2437 1879 2524 1942 είς
2552 1875 2866 1942 ἀλλήλους
2907 1873 2952 1905 ’³
2983 1871 3081 1926 καί
3107 1873 3195 1939 είς
3217 1871 3473 1937 πάντας.
3517 1871 3682 1942 Ὁρᾷς

2105 1966 2302 2039 μανίαν
2333 1969 2553 2038 ἀγάπης
2611 1966 2936 2031 ἀκάθεκτον,
2989 1965 3068 2018 ὅτι
3119 1964 3212 2019 καὶ
3265 1962 3561 2018 πλεονάσαι
3589 1963 3683 2015 καὶ

2101 2059 2458 2131 περισσεῦσαι
2492 2060 2692 2124 αὐτοὺς
2731 2060 2790 2113 ἔν
2821 2060 2887 2129 τῇ
2935 2057 3125 2128 ἀγάπῃ
3159 2055 3415 2127 dixerat;
3451 2054 3548 2109 καὶ
3579 2055 3683 2109 οὐκ

2099 2153 2179 2216 είς
2201 2151 2462 2222 ἀλλήλους
2496 2151 2680 2221 μόνον,
2710 2148 2826 2203 ἀλλ’
2852 2150 2932 2210 είς
2961 2148 3189 2211 πάντας.
3242 2145 3412 2200 Τοῦτο
3442 2144 3554 2216 γὰρ
3581 2143 3682 2214 τῆς

2101 2242 2245 2298 κατὰ
2271 2242 2402 2296 Θεὸν
2426 2242 2649 2310 ἀγάπης
2694 2241 2848 2306 [διον.
2883 2240 2944 2292 τὸ
2978 2239 3186 2301 πάντας
3214 2235 3640 2309 περιπλέκεσθαι
3661 2245 3677 2266 ⁶

2101 2332 2196 2386 ἐὰν
2219 2331 2274 2386 δὲ
2300 2332 2392 2387 τὸν
2421 2331 2570 2386 δεῖνα
2602 2329 2723 2400 μὲν,
2760 2329 2852 2383 τὸν
2875 2326 3025 2382 δεῖνα
3052 2325 3096 2380 δ’
3123 2324 3207 2392 οὓ,
3233 2324 3352 2378 κατ’
3390 2321 3683 2394 ἄνθρωπον

2100 2428 2133 2499 ἡ
2161 2426 2334 2496 φιλία.

2168 2519 2446 2589 Καθάπερ
2479 2517 2577 2573 καί
2608 2515 2782 2588 ἡμεῖς
2812 2516 2900 2582 είς
2941 2512 3116 2584 ὑμᾶς.
3154 2506 3228 2566 To
3257 2509 3357 2582 μὲν
3383 2507 3678 2580 ἡμέτερον,

2099 2611 2287 2682 φησὶν,
2319 2610 2420 2682 ήδη
2479 2609 2624 2664 ἐστί·
2657 2610 2719 2662 τδ
2748 2607 2805 2661 δὲ
2857 2605 3122 2678 ὑμέτερον
3181 2601 3370 2656 λοιπὸν
3415 2598 3680 2669 ἀξιοῦμεν

2097 2702 2372 2771 γενέσθαι.
2411 2702 2602 2772 Ἔχετε
2632 2699 2742 2772 γάρ
2800 2699 2998 2770 μέτρον
3029 2695 3124 2753 καὶ
3169 2691 3527 2767 παράδειγμα
3578 2691 3678 2762 τῆς

2097 2793 2316 2865 ἀγάπης
2342 2794 2512 2865 ἡμᾶς.

2169 2910 2273 2974 Εἰς
2306 2908 2374 2964 τὸ
2401 2907 2676 2978 στηρίξαι
2708 2905 2878 2978 ὑμῶν
2905 2905 3016 2972 τὰς
3044 2904 3295 2974 καρδίας
3326 2901 3678 2974 ἀμέμπτους

2095 3004 2167 3060 ἐν
2195 3003 2498 3075 ἁγιωσύνῃ
2557 3003 2897 3073 ἔμπροσθεν
2942 3001 3048 3056 τοῦ
3094 2999 3243 3056 Θεοῦ
3297 2997 3396 3054 και
3444 2995 3677 3065 Πατρός

2095 3097 2286 3166 ἡμῶν,
2316 3097 2386 3150 ἐν
2411 3094 2488 3166 τῇ
2516 3095 2817 3166 παρουσίᾳ
2845 3093 2953 3150 τοῦ
2983 3093 3201 3162 Κυρίου
3249 3090 3421 3162 ἡμῶν
3461 3076 3673 3157 Ἰησοῦ

419 3181 556 3254 ejus.
582 3180 916 3238 Charitatem
964 3181 1095 3252 ipsis
1121 3182 1333 3238 lucrum
1374 3183 1570 3240 εποντο
1615 3185 1834 3250 asserit,
1888 3199 1991 3240 non

2103 3187 2356 3260 Χριστοῦ
2370 3188 2523 3258 μετὰ
2550 3187 2792 3242 πάντων
2823 3185 2941 3241 τῶν
2969 3186 3151 3256 ἁγίων
3185 3182 3394 3240 αὐτοῦ.
3424 3181 3675 3236 Δείκνυσι

421 3277 635 3332 amatis.
670 3275 958 3332 Abundare
1025 3291 1250 3348 namque
1307 3293 1398 3332 vos
1463 3277 1742 3344 Dominus,
1794 3276 1988 3346 inquit,

421 3359 586 3438 faciat
619 3365 674 3422 in
698 3367 984 3433 charitate,
1042 3367 1112 3422 ad
1157 3365 1523 3436 conﬁrmanda
1576 3365 1737 3421 corda
1796 3373 1990 3420 uestra.

331 3532 336 3538 ~
420 3457 526 3518 Per
558 3461 848 3517 Dominum
892 3464 1070 3516 autem
1111 3458 1374 3532 Spiritum
1418 3453 1706 3530 intelliges,
1769 3455 1996 3528 perinde

419 3565 488 3611 ac
525 3561 758 3626 magnus
799 3544 1034 3609 Basilius
1061 3553 1451 3624 interpretatus
1510 3558 1615 3608 est.
1669 3551 1802 3619 Quis
1849 3549 1994 3605 enim

422 3640 562 3705 alius
578 3645 923 3704 conﬁrmabit
941 3644 1468 3719 irreprehensibiles,
1495 3661 1674 3702 coram
1703 3644 1810 3700 Deo
1839 3643 1996 3699 Patre

421 3741 475 3795 in
513 3740 744 3796 adventu
797 3739 1025 3806 Christi,
1078 3754 1238 3810 quam
1293 3738 1530 3810 Spiritus
1585 3733 1993 3792 omnino‘lNon

421 3819 562 3884 dixit
584 3837 766 3884 autem
801 3845 818 3884 :
845 3827 1030 3886 Utvos
1057 3828 1364 3894 conﬁrmet,
1403 3831 1520 3894 sed,
1547 3827 1744 3882 Corda.
1777 3825 1996 3881 Ecorde

419 3916 566 3976 enim
593 3918 949 3992 egrediuntur
992 3921 1348 3992 cogitationes
1375 3935 1555 3990 prava:
1587 3919 1638 3972 δ.
1663 3918 1804 3974 Fieri
1831 3917 1991 3972 etiam

420 4015 636 4082 potest,
678 4023 733 4067 ut
762 4013 959 4084 aliquis
986 4009 1119 4069 nihil
1144 4013 1270 4069 mali
1299 4027 1632 4084 persequens
1661 4026 1824 4082 Opere
1853 4011 1993 4082 ipso,

423 4115 625 4176 pravus
644 4113 824 4160 tamen
857 4107 948 4173 sit,
981 4105 1426 4176 ncmpeinvidns,
1457 4105 1740 4173 iinpnstor,
1769 4102 1996 4172 injuria-

423 4200 542 4250 rum
570 4209 796 4260 memor,
813 4203 1067 4264 perVersa
1084 4194 1336 4265 dogmata
1364 4195 1588 4248 habens.
1613 4192 1996 4249 [inmaculatus

423 4293 554 4358 ergo
579 4295 686 4340 tum
723 4294 851 4342 Vere
877 4295 960 4342 est
1003 4285 1184 4352 homo,
1211 4286 1432 4356 quando
1457 4301 1552 4340 cor
1579 4302 1733 4341 suum
1759 4295 1951 4356 purgat
1975 4303 1990 4340 :

427 4389 541 4436 tum
569 4385 624 4438 et
650 4381 998 4437 sanctitatem
1053 4379 1237 4436 habet.
1275 4379 1549 4435 Sanctitas
1593 4378 1736 4434 enim
1780 4379 1996 4448 pr0prie

425 4475 624 4530 dicitur
660 4475 1015 4540 continentia,
1067 4474 1522 4544 quemadmodum
1586 4482 1640 4527 ct
1691 4473 1992 4542 impuritas,

2095 3280 2193 3353 τὴν
2216 3280 2436 3350 ἀγάπην
2455 3279 2638 3344 αὐτοῖς
2664 3278 2855 3352 κέρδος
2878 3277 3170 3350 φέρουσαν,
3192 3275 3254 3331 οὑ
3273 3276 3387 3340 τοῖς
3417 3272 3676 3345 φιλουμέ-

2096 3391 2226 3438 νοις.
2261 3367 2669 3442 Περισσεύσαι
2698 3371 2828 3441 γάρ,
2867 3365 3054 3442 φησιν,
3085 3369 3243 3440 ὑμᾶς
3285 3370 3318 3423 ὁ
3364 3367 3582 3437 Κύριος
3609 3366 3678 3419 ἐν

2095 3457 2171 3534 τῇ
2223 3464 2447 3534 ἀγάπῃ,
2495 3457 2584 3529 είς
2621 3465 2689 3518 τὸ
2738 3462 3017 3531 στηρίξαι
3051 3461 3159 3528 τὰς
3211 3459 3460 3530 καρδίας
3484 3453 3673 3529 ὑμῶν.

2096 3556 2299 3628 Κύριον
2334 3556 2389 3608 δὲ
2418 3555 2479 3609 τὸ
2508 3554 2730 3624 Πνεῦμα
2763 3555 2977 3624 νοήσεις
3001 3592 3015 3617 ,
3049 3548 3125 3618 ὡς
3165 3554 3262 3608 καὶ
3288 3547 3317 3606 ὁ
3349 3547 3525 3624 μέγας
3574 3550 3680 3604 Βα-

2097 3643 2293 3712 σίλειος
2321 3647 2588 3716 ἐπέστησε
2617 3647 2682 3702 ³⁸.
2708 3646 2802 3710 Τίς
2823 3645 2931 3717 γὰρ
2961 3646 3116 3708 duo;
3141 3642 3382 3716 στηρίξει
3413 3640 3678 3714 ἀμώμους

2097 3739 2406 3812 ἔμπροσθεν
2435 3737 2528 3794 τοῦ
2560 3739 2694 3794 Θεοῦ
2727 3739 2820 3792 καὶ
2853 3737 3065 3810 Πατρδς
3095 3737 3151 3790 ὲν
3175 3739 3240 3807 τῇ
3277 3734 3553 3807 παρουσίᾳ
3582 3726 3677 3787 τοῦ

2096 3829 2362 3901 Χριστοῦ,
2396 3829 2428 3901 ἢ
2458 3829 2518 3883 τὸ
2549 3828 2773 3900 Πνεῦμα
2803 3828 3054 3894 πάντωςς
3090 3828 3203 3882 Οὐκ
3222 3823 3340 3880 εἶπε
3382 3826 3464 3892 δὲ,
3500 3825 3678 3896 Ὕμᾶς

2098 3922 2371 3993 στηρίξαι,
2405 3920 2565 3984 ἀλλὰ,
2602 3921 2712 3987 Τὰς
2741 3918 3009 3988 καρδίας.
3061 3919 3157 3972 Ἐκ
3189 3917 3299 3988 γάρ
3322 3915 3420 3987 τῆς
3449 3914 3678 3987 καρδίας

2097 4015 2414 4084 ἐξέρχονται
2448 4011 2790 4082 διαλογισμοὶ
2823 4011 3074 4082 πονηροί.
3126 4011 3238 4065 Καὶ
3296 4009 3476 4062 ἔνεστι
3511 4007 3676 4080 μηδὲν

2097 4105 2331 4178 πονηρὸν
2361 4107 2690 4176 πράττοντα,
2739 4106 2883 4175 ὅμως
2917 4104 3151 4176 πονηρὸν
3199 4099 3359 4170 εἶναι,
3409 4095 3548 4168 οἷον,
3578 4101 3675 4172 βας

2098 4199 2406 4264 σκαίνοντα,
2467 4196 2873 4268 δολιευόμενον,
2909 4197 3374 4269 μνησικακοῦντα,
3427 4195 3676 4266 δόγματα

2096 4291 2288 4362 ἔχοντα
2324 4290 2752 4362 διεστραμμένα.
2773 4292 3040 4362 Ἀμωμος
3069 4286 3160 4345 οὖν
3191 4290 3311 4344 τότε
3335 4287 3508 4353 ὅντως
3533 4289 3680 4342 ἐστὶν

2095 4387 2123 4438 δ
2155 4384 2463 4456 ἄνθρωπος,
2496 4385 2586 4437 ὅτε
2619 4383 2718 4456 τὴν
2751 4383 2978 4456 καρδίαν
3037 4382 3336 4455 καθαρεύει
3360 4398 3377 4415 ·
3408 4383 3533 4436 τότε
3585 4381 3679 4435 καὶ

2099 4475 2412 4545 ἁγιωσύνην
2447 4477 2582 4546 ἔχει.
2619 4476 2841 4547 κυρίως
2872 4475 2969 4546 μὲν
3002 4476 3112 4546 γάρ
3149 4476 3366 4545 λέγεται
3399 4473 3678 4543 ἁγιωσῦνη

421 4562 715 4622 fornicatio
741 4575 796 4622 et
819 4566 1164 4622 adulterium.
1186 4563 1244 4620 ln
1269 4566 1581 4622 universum
1609 4575 1811 4629 autem,
1835 4579 1994 4617 nume

2103 4569 2134 4636 ή
2164 4567 2513 4638 σωφροσύνη,
2546 4566 2736 4637 ὥσπερ
2786 4566 2882 4620 καὶ
2924 4566 3236 4638 ἀκαθαρσία
3266 4567 3301 4637 ἡ
3329 4568 3562 4638 πορνεία
3586 4565 3677 4618 καὶ

424 4660 706 4728 peceatum
727 4664 809 4713 est
843 4658 1155 4730 impuritas,
1189 4669 1240 4714 et
1259 4659 1440 4714 omnis
1473 4657 1645 4711 virtus
1681 4665 1764 4710 est
1795 4657 1996 4710 sancti-

428 4755 530 4808 las.
560 4750 935 4806 Immaculatos
969 4762 1146 4807 autem
1166 4754 1281 4806 ’vult
1313 4767 1434 4808 esse
1461 4766 1640 4806 coram
1675 4750 1782 4806 Deo
1813 4751 1994 4818 Patre,

426 4846 590 4900 etiam
626 4851 769 4900 nunc
791 4843 1005 4915 quidem
1040 4855 1055 4899 ξ
1093 4859 1155 4900 ea
1188 4857 1422 4915 namque
1452 4856 1534 4900 est
1561 4846 1770 4900 sincera
1805 4846 1996 4906 virtus,

426 4945 548 5008 ‘qua‘e
574 4953 754 4992 coram
788 4935 895 4992 Deo
951 4947 1054 5001 cst,
1095 4953 1198 4992 non
1240 4922 1359 5004 quin
1394 4954 1576 4993 curam
1634 4938 1940 4992 hominibus
1981 4954 1994 4990 :

426 5023 864 5101 quandoquidem
923 5021 1084 5083 fallax
1127 5029 1199 5084 sit
1256 5030 1549 5084 humanum
1595 5026 1876 5098 judicium.
1933 5029 1990 5083 In

423 5123 660 5177 adventu
697 5135 825 5175 vero
847 5115 1084 5185 Christi;
1115 5135 1236 5173 nam
1259 5115 1418 5191 517
1449 5121 1516 5174 ab
1553 5119 1997 5191 ipsojndicamur

425 5205 484 5271 in
527 5223 818 5284 conspectu
846 5208 1049 5267 Patris.
1091 5208 1159 5267 Ut
1190 5212 1374 5283 igitur,
1419 5214 1622 5282 inquit,
1657 5213 1778 5267 sitis
1829 5213 1991 5268 inculv

423 5309 559 5380 pati,
591 5304 1043 5379 quemadmodum
1087 5320 1277 5361 omnes
1310 5305 1504 5360 sancti.

497 5553 530 5595 δ
552 5551 744 5610 Matth.
770 5567 862 5619 XV,
905 5552 991 5609 19s

2094 4659 2128 4728 ὴ
2163 4658 2398 4728 μοιχεία.
2426 4659 2744 4722 Καθολικῶς
2772 4657 2850 4725 δὲ,
2888 4657 3037 4714 πᾶσα
3068 4660 3311 4732 ἁμαρτία
3339 4656 3672 4726 ἀκαθαρσία,

2094 4752 2188 4804 καὶ
2215 4752 2367 4804 πᾶσα
2405 4751 2575 4822 ἁρετὴ
2605 4752 2908 4824 ἀγιωσῦνη.
2948 4753 3295 4824 Ἀμέμπτους
3329 4752 3386 4804 δὲ
3423 4749 3673 4820 βούλεται

2096 4839 2235 4898 εἶναι
2262 4842 2570 4915 ἔμπροσθεν
2600 4838 2694 4899 τοῦ
2722 4845 2858 4899 Θεοῦ
2892 4845 2986 4899 καὶ
3038 4844 3273 4914 Πατρδς,
3316 4843 3412 4896 καὶ
3442 4842 3542 4896 νῦν
3579 4841 3676 4912 μὲν

2098 4935 2258 5006 (αὕτη
2292 4935 2401 5007 γάρ
2458 4936 2761 5008 εἰλικρινής
2790 4938 2941 4989 ἐστιν
2998 4935 3186 5006 ἀρετὴ,
3236 4936 3268 5004 ή
3322 4933 3556 4987 ἐνώπιον
3583 4926 3674 4986 τοῦ

2097 5025 2252 5090 Θεοῦ,
2303 5028 2403 5080 οὐκ
2432 5026 2660 5081 ἐνώπιον
2692 5028 2800 5081 τῶν
2831 5027 3155 5097 ἀνθρώπων,
3211 5026 3334 5078 ἐπεὶ
3367 5024 3613 5096 σφαλερὰ
3642 5024 3672 5094 ἠ

2096 5113 2412 5190 ἀνθρωπίνη
2440 5119 2665 5192 κρίσις),
2720 5121 2815 5172 καὶ
2851 5120 2908 5172 ὲν
2938 5122 3003 5190 τῇ
3037 5119 3312 5190 παρουσίᾳ
3333 5119 3390 5172 δὲ
3416 5116 3512 5171 τοῦ
3540 5119 3672 5188 Χρι-

2098 5212 2223 5264 στοῦ
2254 5212 2335 5246 "'
2386 5212 2614 5282 καὶγὰρ
2665 5211 2757 5265 ὑπ’
2785 5212 2950 5264 αὐτοῦ
3016 5212 3315 5284 κρινόμεθα
3361 5209 3671 5281 ἔμπροσθεν

2095 5303 2190 5356 τοῦ
2228 5303 2459 5375 Πατρός.
2495 5304 2612 5357 Ἰνα
2646 5301 2760 5370 οῦν,
2794 5304 2996 5376 φησὶν,
3037 5303 3261 5375 ἄμωμοι
3307 5293 3430 5374 ἦτε,
3487 5297 3670 5368 ὥσπερ

2100 5394 2194 5446 καὶ
2224 5395 2419 5460 πάντες
2447 5397 2498 5451 οί
2533 5396 2698 5452 ἅγιοι.

1727 5671 1924 5738 Variae
1960 5674 2289 5746 lcclioncs.

491 5785 792 5863 ⁵δὲιιινῑῖοξδς
819 5813 871 5854 0-.
949 5798 995 5832 "
1033 5796 1251 5868 ᾐνίξατο
1281 5813 1352 5856 ιιι.
1432 5799 1476 5829 ’⁷
1525 5797 1725 5870 Κυρίου
1752 5813 1785 5854 ο
