3994 6568
245 383 384 451 1305

834 501 1088 556 ΚΕΦΛΛ.
1134 502 1209 556 Δν.

310 612 387 668 Τὸ
418 613 654 677 λοιπὸν,
678 609 947 682 ἀδελφοὶ,
979 609 1284 680 ἐρωτῶμεν
1311 607 1462 678 ὑμᾶς
1492 610 1586 664 καὶ
1624 624 1812 676 παρα-

233 707 542 778 καλοῦμεν
572 707 643 760 ἐν
673 704 868 773 Κυρίῳ
931 703 1148 772 Ἰησοῦ,
1208 702 1402 769 καθὼς
1451 701 1813 772 παρελάϐετε

233 799 374 870 παρ’
407 799 597 870 ἡμῶν,
655 797 782 864 πῶς
811 796 905 851 δεῖ
955 795 1112 865 ὑμᾶς
1161 796 1507 866 περιπατεῖν
1537 795 1636 850 καὶ
1681 795 1815 864 ἀρέ-

233 906 411 946 σκειν
433 889 515 956 τῷ
539 889 680 955 Θεῷ,
704 891 806 944 ἵνα
852 889 1260 958 ⁴περισσεύητε
1268 887 1530 957 μᾶλλον.
1569 886 1808 956 Ἐπειδὴ,

234 978 392 1049 φησι,
431 979 562 1050 περὶ
605 979 711 1033 τῶν
745 979 1100 1050 καθηκόντων
1147 977 1428 1048 διελέχθην
1458 977 1607 1047 ὑμῖν,
1641 977 1810 1030 ἁκού-

234 1085 368 1122 σατε
426 1071 516 1122 sta"
585 1069 716 1141 περὶ
764 1069 872 1124 τῶν
902 1069 1216 1138 ἀναγκαίων
1260 1070 1349 1124 ἀεὶ
1381 1068 1698 1124 ἀκούεσθαι.
1734 1069 1808 1122 Τὸ

231 1159 626 1229 γὰρ,Λοιπόν,
667 1158 824 1214 τοῦτο
864 1159 1033 1228 δηλοῖ,
1069 1161 1365 1226 τουτέστιν,
1397 1160 1484 1214 ἀεὶ
1520 1160 1610 1214 καὶ
1641 1164 1719 1223 εἰς
1747 1160 1809 1213 τὸ

230 1251 499 1322 διηνεκές.
520 1253 660 1323 Ὅρα
686 1251 742 1306 δὲ
775 1251 1298 1323 ταπεινοφροσύνην,
1342 1255 1488 1316 ὅπως
1520 1253 1639 1306 οὐδὲ
1672 1253 1808 1325 πρὸς

227 1345 287 1396 τὸ
316 1344 656 1411 παρακαλεῖν
689 1342 1000 1410 ἀξιόπιστον
1033 1342 1224 1398 ἑαυτὸν
1279 1339 1417 1398 εἶναι
1449 1359 1636 1415 φησιν,
1669 1343 1806 1396 ἀλλὰ

224 1434 319 1487 τὸν
355 1432 591 1504 Χριστὸν
647 1433 1090 1504 παραλαμϐάνει,
1145 1432 1302 1488 τοῦτο
1356 1434 1548 1502 λέγων,
1600 1435 1682 1488 ὅτι
1748 1434 1806 1488 Ὀ

230 1525 466 1595 Χριστος
501 1525 646 1597 ὑμᾶς
679 1525 986 1597 παρακαλεῖ
1018 1526 1084 1578 δι’
1111 1526 1246 1594 ἐμοῦ
1302 1526 1370 1580 ³⁸.
1403 1527 1476 1579 Τὸ
1507 1526 1584 1589 δὲ,
1652 1531 1805 1595 Παρ-

225 1618 493 1684 ελάϐετε,
535 1619 594 1671 οὐ
625 1617 888 1687 ῥημάτων
937 1619 1055 1671 ἐστὶ
1085 1617 1266 1688 μόνον,
1298 1617 1438 1672 ἀλλὰ
1468 1619 1563 1672 καὶ
1622 1631 1805 1690 πραγ-

229 1711 418 1782 μάτων
444 1726 457 1739 ’
495 1711 590 1764 καὶ
621 1709 690 1763 δι’
726 1708 906 1781 ἔργων
952 1710 1062 1781 γὰρ
1119 1709 1388 1765 ἐδίδασκε.
1421 1710 1486 1763 Τί
1539 1691 1594 1762 δὲ
1623 1728 1804 1780 παρα-

225 1801 504 1867 καλοῦμεν
526 1817 542 1868 ;
568 1800 703 1856 Ἵνα
738 1801 1145 1869 περισσεύητε
1189 1798 1429 1869 μᾶλλον
1455 1816 1472 1832 ο
1501 1801 1799 1864 τουτέστιν,

221 1895 346 1947 Ἵνα
389 1891 550 1946 πλέον
581 1908 636 1945 τι
684 1891 785 1962 τῆς
834 1891 1053 1961 ἐντολῆς
1089 1891 1448 1960 φιλοτιμῆςθε
1481 1894 1674 1954 ποιεῖν,
1707 1891 1802 1944 καὶ

222 1984 590 2055 ὐπερὸαίνητε
625 1983 696 2036 τὰ
738 1982 1110 2051 ἐπιτάγματα.
1145 1985 1356 2051 Ὥσπερ
1389 1982 1496 2051 γὰρ
1552 1983 1586 2052 ἡ
1637 1982 1708 2051 γῆ
1740 1981 1800 2034 οὑ

218 2076 289 2129 τὰ
321 2077 733 2146 καταδληθέντα
767 2074 925 2144 μόνον
950 2075 996 2106 ⁸³
1050 2075 1227 2144 φέρει,
1281 2072 1425 2127 οὕτω
1464 2074 1559 2126 καὶ
1586 2075 1620 2144 ἡ
1654 2073 1800 2144 ψυχὴ

219 2171 323 2223 οὐκ
351 2168 555 2238 ὀφείλει
587 2168 842 2223 ἵστασθαι
877 2168 1040 2240 μέχρι
1090 2167 1198 2221 τῶν
1231 2168 1646 2239 ἐπιταγμάτων,
1685 2168 1800 2221 ἀλλ’

219 2260 516 2331 ὑπερϐαίνει
525 2277 592 2317 ιν.

285 2350 497 2407 οἴδατε
531 2352 643 2423 γὰρ
670 2351 841 2417 τινας
868 2349 1272 2421 παραγγελίας
1303 2348 1610 2418 ἐδώκαμεν
1658 2347 1802 2418 ὑμῖν

216 2443 317 2499 διὰ
345 2444 452 2499 τοῦ
481 2446 700 2514 Κυρίου
730 2443 903 2514 ’ἡμῶν
943 2443 1138 2510 Ἰησοῦ
1169 2441 1443 2509 Χριστοῦ.
1479 2439 1796 2510 Παραγγέλο

215 2537 333 2589 λειν
362 2537 407 2568 ³⁸
431 2538 576 2590 ἐστὶν
625 2536 718 2591 ἐπὶ
750 2539 856 2592 τῶν
889 2539 1190 2605 φευκτέων,
1226 2537 1261 2589 ὃ.
1297 2537 1650 2606 πραττόμενα
1700 2535 1799 2604 μὲν

219 2628 440 2684 κόλασιν
469 2630 623 2700 φέρει
645 2647 660 2662 ’
695 2631 768 2701 μὴ
801 2632 1152 2701 πραττόμενα
1182 2630 1260 2694 δὲ,
1313 2631 1466 2684 οὐδὲν
1498 2629 1794 2699 ἐγκώμιον.

215 2721 338 2776 Εἰσὶ
372 2721 555 2792 μέντοι
604 2721 748 2788 τινὰ,
782 2721 818 2777 ἃ
855 2723 913 2776 οὐ
951 2723 1030 2775 δεῖ
1072 2722 1495 2793 παραγγέλλειν,
1528 2721 1795 2788 τουτέστι,

219 2812 297 2886 μὴ
328 2813 467 2884 μετὰ
490 2813 725 2884 ἀπειλῆς
754 2813 1120 2878 ἀναστέλλειν,
1144 2813 1260 2867 ἀλλ’
1289 2816 1347 2866 ὲν
1369 2815 1435 2885 τῇ
1469 2814 1660 2886 γνώμῃ
1687 2812 1798 2866 τῶν

215 2903 529 2958 ἀκουόντων
563 2904 690 2974 ὲᾷνο
727 2902 803 2967 ὡς
834 2903 895 2956 τὸ
925 2904 1162 2956 κενῶσαι
1194 2905 1474 2971 χρήματα,
1501 2903 1562 2954 τὸ
1591 2901 1798 2970 παρθε-

214 2992 412 3050 νεύειν.
459 2995 512 3047 ’0
543 2993 876 3064 δυνάμενος
895 2997 1024 3064 γὰρ,
1062 2997 1216 3064 φησὶ,
1246 2993 1480 3062 χωρεῖν,
1517 2995 1792 3061 χωρείτω.

215 3085 380 3150 Εἰκὸς
409 3084 502 3139 οὖν
517 3083 722 3158 [apud],
739 3086 829 3139 τὸν
849 3085 1058 3139 Παῦλον
1078 3087 1440 3153 παραγγεῖλαι
1458 3086 1637 3147 αὐτοῖς
1659 3083 1796 3155 μετὰ

1020 385 1426 449 EXPOSITIO
1461 386 1541 447 IN
1582 386 1819 446 EPIST.
1863 385 1892 444 Ι
1925 387 2024 446 AD
2060 389 2316 453 THESS.
2357 417 2421 426 —
2455 393 2610 453 CAP.
2647 393 2742 455 ιν.

1839 499 1887 558 Α

2121 242 2150 253 κ

3354 385 3380 450 1
3399 380 3490 449 306

2515 501 2744 557 CAPUT
2804 499 2892 556 IV.

1990 611 2155 666 Vens.
2194 614 2246 668 1.
2283 614 2435 680 Quod
2460 616 2716 685 reliquum
2754 623 2849 677 est,
2886 613 3099 682 fratres,
3134 626 3375 680 rogamus
3405 625 3490 664 res

1915 716 1960 760 et
1990 706 2319 758 obsecramus
2348 708 2401 759 in
2432 704 2658 758 Domino
2692 704 2844 768 Jesn,
2876 703 3309 772 quemadmodum
3338 717 3489 753 acce-

1913 797 2069 864 pistis
2122 812 2155 849 a
2201 795 2349 850 nobis
2395 799 2654 866 quomodo
2702 804 2934 864 oporteat
2975 810 3063 848 eos
3109 787 3380 846 ambulare
3429 808 3490 844 ac

1910 889 2115 956 placere
2157 885 2287 950 Deo,
2339 897 2394 939 ut
2456 887 2728 940 abundetis
2788 885 2973 954 magis.
3015 880 3487 950 Quandoquidem,

1915 976 2109 1044 inquit,
2147 979 2212 1031 de
2246 977 2311 1032 iis
2342 992 2477 1046 qua!
2527 976 2714 1032 decent
2764 975 2906 1045 apud
2949 989 3045 1029 vos
3088 973 3296 1027 locutus
3341 986 3487 1034 sunt,

1910 1070 2092 1124 audite
2125 1085 2287 1138 porro
2321 1071 2390 1125 de
2421 1071 2486 1124 iis
2517 1086 2639 1139 qua:
2685 1085 2899 1138 semper
2927 1068 3108 1123 auditu
3147 1076 3270 1122 sunt
3299 1081 3490 1120 neces-

1910 1165 2074 1218 saria.
2111 1161 2244 1217 Nam
2280 1163 2442 1227 istud,
2482 1161 2632 1227 Quod
2682 1161 2934 1229 reliquum
2979 1172 3077 1224 est,
3125 1161 3227 1214 hoc
3273 1158 3484 1222 signiﬁ-

1909 1265 1996 1309 cat
2025 1295 2039 1319 ,
2069 1255 2171 1309 hoc
2200 1264 2282 1308 est
2321 1267 2532 1324 semper
2565 1261 2618 1308 et
2679 1259 2959 1322 perpetuo.
2997 1248 3129 1304 Vide
3157 1259 3334 1302 autem
3368 1248 3487 1317 ejus

1908 1346 2288 1410 humilitatem,
2346 1345 2800 1415 quemadmodum
2869 1357 2935 1397 ne
2964 1341 3030 1395 ad
3093 1337 3484 1395 obsecrantium

1906 1439 2125 1509 quidem
2177 1438 2280 1493 sibi
2334 1437 2457 1494 satis
2517 1451 2638 1492 esse
2703 1434 3040 1491 auctoritatis
3113 1431 3334 1502 putarit,
3393 1431 3487 1483 sed

1905 1531 2179 1586 Christum
2209 1537 2468 1592 assumat,
2509 1528 2759 1598 inquiens
2790 1544 2804 1582 :
2834 1526 3084 1582 Christus
3117 1539 3212 1579 vos
3260 1537 3356 1592 per
3403 1535 3488 1574 nte

1906 1625 2178 1678 obsecrat.
2209 1623 2500 1690 Accepistt's
2531 1630 2733 1688 autem,
2767 1635 2872 1676 non
2920 1628 3003 1675 est
3038 1618 3325 1674 verborum
3365 1625 3485 1670 tan-

1909 1725 2043 1781 tum,
2077 1730 2264 1772 verum
2293 1715 2454 1770 etiam
2487 1729 2706 1785 operum
2737 1732 2750 1768 :
2784 1728 2910 1768 nam
2946 1727 3042 1782 per
3080 1725 3242 1778 opera
3271 1722 3489 1779 quoque

1910 1810 2156 1864 docebat.
2223 1807 2361 1874 Quid
2416 1821 2546 1861 vero
2608 1807 2959 1861 obsecramus
2987 1804 3020 1856 ?J
3071 1801 3136 1857 Ut
3199 1794 3478 1854 abnndetis

1906 1905 2074 1973 magis
2108 1919 2128 1959 :
2158 1903 2259 1956 hoc
2289 1912 2391 1969 cst,
2425 1909 2481 1955 ut
2529 1900 2732 1968 aliquid
2765 1913 2924 1968 supra
2962 1895 3276 1951 mandatum
3304 1893 3486 1947 facere

1905 1993 2174 2057 nit.nnini,
2208 2003 2368 2061 atque
2403 1991 2669 2060 imperata
2703 1987 2988 2058 superetis.
3015 1984 3478 2052 Quemadmodum

1903 2086 2048 2141 cnim
2103 2095 2246 2140 terra
2297 2097 2401 2138 non
2432 2097 2492 2137 ea
2522 2081 2696 2136 solum
2729 2095 2848 2150 qua:
2877 2078 2931 2134 in
2961 2079 3130 2148 ipsam
3177 2076 3319 2146 jacta
3365 2073 3482 2128 fne-

1902 2179 2032 2242 rint,
2080 2174 2288 2245 profert
2332 2193 2346 2230 :
2396 2174 2477 2229 sic
2539 2171 2753 2228 animus
2806 2186 2910 2226 non
2965 2170 3126 2224 debet
3187 2167 3483 2223 consistere

1902 2271 2044 2326 intra
2092 2276 2383 2342 praecepta,
2416 2267 2512 2323 sed
2543 2281 2605 2321 ea
2647 2267 2810 2322 etiam
2845 2278 3130 2335 superare.

1980 2366 2145 2421 Vens.
2194 2363 2252 2418 2.
2307 2361 2466 2418 Scitis
2518 2361 2659 2416 enim
2698 2374 2816 2430 qua:
2863 2365 3125 2429 prmcepta
3185 2354 3484 2408 dederimus

1903 2459 2046 2516 vobis
2079 2474 2173 2528 per
2206 2455 2485 2509 Dominum
2524 2463 2758 2506 nostrum
2789 2448 2972 2504 Iesum
3017 2446 3308 2502 Christum.
3333 2444 3481 2499 Prse-

1900 2561 2116 2621 ceptum
2167 2557 2249 2602 est
2279 2549 2344 2603 de
2373 2547 2437 2601 iis
2461 2561 2580 2616 qutc
2605 2541 2854 2612 fugienda
2883 2549 3011 2595 sunt
3043 2556 3060 2594 :
3089 2554 3208 2606 qua:
3241 2538 3282 2592 si
3319 2538 3471 2599 fiant,

1900 2657 2114 2714 poenam
2164 2641 2388 2694 ferunt:
2423 2652 2528 2691 non
2575 2643 2792 2705 peracta
2838 2646 2986 2693 vero,
3026 2629 3160 2684 nihil
3205 2639 3482 2684 merentur

1900 2734 2178 2806 praeconii.
2213 2731 2352 2788 Sunt
2377 2741 2558 2784 autem
2589 2725 2858 2797 quaedam,
2887 2738 3006 2792 quae
3052 2737 3156 2778 non
3188 2730 3313 2776 sunt
3340 2735 3478 2790 prte-

1899 2824 2168 2896 cipienda,
2215 2825 2317 2879 hoc
2347 2829 2451 2886 est,
2496 2834 2602 2875 non
2641 2816 2802 2873 minis
2842 2813 3168 2878 cohibenda,
3213 2812 3306 2867 sed
3336 2810 3483 2866 arbi-

1901 2917 2004 2972 trio
2033 2915 2339 2969 auditorum
2365 2911 2739 2982 relinquenda,
2778 2917 2836 2962 ut
2862 2904 3150 2962 facultates
3181 2903 3478 2962 cllunderc.

1898 3005 2226 3076 virginitatis
2257 3013 2454 3057 statqu
2490 3015 2728 3057 servare.
2761 2998 2890 3052 Nam
2928 2999 3017 3068 qui
3051 3005 3225 3065 potest
3257 3010 3469 3065 capere,

1899 3100 2096 3167 capiat,
2125 3095 2298 3164 inquit
2327 3093 2584 3148 Dominus
2613 3103 2660 3146 ο.
2693 3090 2994 3146 Verisimile
3023 3099 3107 3144 est
3147 3088 3310 3158 igitur
3339 3087 3474 3141 Pau-

216 3176 417 3232 πολλοῦ
463 3179 628 3248 φόϐου
658 3177 783 3248 περί
814 3195 994 3260 τινων.
1027 3177 1119 3231 Διὸ
1138 3179 1200 3230 οὐ
1234 3178 1447 3247 τίθησιν
1478 3179 1638 3244 αὐτὰ,
1672 3177 1787 3237 ἀλλ’

1904 3209 1998 3247 um
2041 3191 2284 3261 quaedam
2317 3188 2425 3243 illis
2461 3201 2659 3256 magno
2689 3199 2809 3241 cum
2844 3193 3050 3239 terrore
3083 3180 3478 3237 tletnandassc.

214 3272 620 3342 ἀναμιμνήσκει
665 3272 880 3334 αὐτούς.
918 3272 1086 3325 Πάλιν
1115 3271 1172 3324 δὲ
1201 3271 1294 3326 τὸν
1340 3273 1576 3342 Χριστὸν
1617 3275 1696 3337 εἰς
1731 3275 1792 3326 τὸ

217 3362 384 3432 μέσον
413 3361 646 3433 τίθησιν.
681 3361 795 3416 Οὐκ
829 3361 938 3432 ἐμὰ
982 3363 1109 3434 γὰρ,
1136 3365 1320 3435 φησὶν,
1353 3364 1388 3418 ἃ
1421 3367 1790 3434 παρήγγειλα,

212 3453 330 3509 ἀλλ’
361 3453 569 3508 ἐκείνου
595 3454 770 3510 ταῦτα
791 3471 806 3485 ο
836 3454 978 3509 ὥστε
1005 3456 1209 3521 ἐκεῖνος
1239 3457 1272 3527 ἢ
1317 3458 1720 3522 είσακούσεται,
1757 3458 1790 3528 ἦ

211 3547 511 3602 ἁθετείται.

286 3723 469 3780 Τοῦτο
490 3723 601 3794 γάρ
631 3723 764 3780 ἐστι
788 3725 1017 3795 θέλημα
1039 3725 1208 3794 Θεοῦ,
1234 3728 1266 3782 ὁ
1290 3728 1583 3799 ἁγιασμὸς
1603 3724 1788 3799 ὑμῶν.

211 3813 504 3869 Τουτέστιν
557 3816 591 3886 ἠ
627 3814 971 3887 σωφροσύνη.
1003 3817 1286 3888 Πανταχοῦ
1320 3818 1376 3872 δὲ
1426 3819 1556 3889 περὶ
1585 3819 1791 3890 ταύτης
1826 3859 1834 3867 .

210 3904 601 3975 παραγγέλλει,
631 3905 724 3960 καὶ
753 3907 1002 3979 Τιμοθέῳ
1027 3909 1277 3980 γράφων,
1336 3914 1430 3967 και⁵
1461 3917 1789 3985 Κορινθίοις,

210 3997 306 4050 καὶ
342 3995 636 4068 Ἐσραίοις.
691 3997 802 4052 Καὶ
853 3997 961 4069 γὰρ
995 4003 1319 4071 τυραννικὸν
1372 4005 1431 4058 τὸ
1467 4007 1658 4074 πάθος,
1697 4013 1789 4062 καὶ

208 4089 292 4142 δεῖ
319 4088 531 4144 πολλῶν
559 4089 668 4144 τῶν
695 4091 1004 4162 φαρμάκων
1032 4093 1126 4145 καὶ
1160 4096 1420 4166 συνεχῶν.

258 4180 620 4249 ’Λπέχεσθαι
653 4182 772 4236 ἀπὸ
795 4181 998 4251 πάσης
1027 4187 1330 4254 πορνείας.
1382 4188 1558 4242 Πολλὰ
1581 4190 1689 4260 γὰρ
1721 4191 1789 4245 τὰ

207 4273 324 4343 εἴδη
356 4272 557 4343 ταύτης
598 4278 692 4326 καὶ
717 4273 1050 4342 πολύπλοκα,
1075 4275 1112 4330 ἃ
1139 4277 1261 4354 ορδὲ
1293 4279 1474 4334 εἰπεῖν
1503 4281 1785 4353 ἠνέσχετο,

205 4364 322 4420 ἀλλ’
350 4365 559 4430 ἁπλῶς,
591 4364 819 4435 Πάσης,
845 4363 1018 4424 εἶπεν.

1895 3285 2262 3352 Quamobrem
2309 3297 2373 3338 ea
2417 3280 2595 3336 verbis
2639 3295 2743 3336 non
2791 3277 3068 3348 exprimit,
3103 3275 3196 3329 sed
3238 3275 3370 3344 ipsis
3410 3274 3478 3326 ad

1893 3374 2208 3431 memoriam
2272 3381 2478 3427 tantum
2541 3377 2778 3425 revocat.
2823 3369 3032 3422 Rursus
3083 3375 3262 3420 autem
3303 3363 3480 3419 Citri-

1891 3475 2032 3520 stum
2065 3463 2115 3516 in
2163 3460 2397 3516 medium
2447 3457 2675 3528 profert.
2731 3455 2846 3511 Non
2893 3468 3010 3508 mea
3065 3452 3232 3518 enim,
3279 3448 3475 3518 inquit,

1893 3555 2140 3628 praecepi,
2183 3556 2274 3608 sed
2312 3554 2454 3607 illius
2499 3561 2626 3606 sunt
2653 3553 2805 3606 haec:
2837 3550 3020 3619 itaque
3070 3544 3161 3601 ille
3188 3543 3272 3599 Vel
3302 3557 3475 3598 exau-

1893 3649 2076 3705 dietnr
2127 3646 2209 3701 vel
2263 3644 2665 3715 reprobabitur.

1961 3740 2125 3796 Vens.
2161 3739 2215 3794 3.
2260 3737 2384 3792 Hcec
2428 3747 2503 3790 est
2549 3735 2688 3791 enim
2729 3733 2969 3790 uoluntas
3020 3727 3138 3795 Dei,
3164 3725 3474 3796 sanctiﬁca-

1895 3835 1969 3887 tio
2001 3843 2194 3887 vestra.
2236 3831 2292 3885 ld
2343 3839 2447 3892 est,
2508 3825 2888 3898 temperantia.
2929 3821 3139 3892 Ubique
3189 3827 3367 3876 autem
3413 3818 3482 3872 de

1893 3925 1992 3976 hac
2025 3923 2300 3991 prtecipil;
2334 3905 2618 3974 Timotheo
2651 3918 2904 3972 nimirum
2931 3909 3244 3978 scribeusd,
3273 3909 3481 3965 Corin-

1893 4015 2021 4066 tlnis
2047 4021 2094 4077 ο,
2143 4023 2197 4067 ει
2232 4011 2472 4066 llchrtris
2501 4010 2544 4065 ί.
2575 4009 2942 4080 Tyrannicum
2981 4006 3124 4061 enim
3170 4002 3368 4059 malum
3394 4013 3479 4057 εει

1895 4104 2200 4170 itnpuritas,
2225 4111 2280 4156 et
2303 4101 2485 4155 multis
2507 4110 2562 4156 et
2602 4100 2872 4156 continuis
2905 4095 3216 4169 pharmacis
3250 4094 3502 4169 lndigeta

1966 4193 2037 4248 Ut
2081 4193 2392 4247 abstineatis
2458 4196 2522 4244 ab
2577 4193 2720 4247 omni
2771 4191 3143 4263 fornicatione.
3193 4184 3476 4255 Siquidem

1895 4286 2074 4340 multae
2102 4293 2157 4339 et
2186 4285 2348 4339 variae
2387 4285 2544 4354 hujus
2589 4283 2712 4336 ntali
2755 4282 2965 4350 Species
2998 4289 3155 4341 sunt,
3210 4291 3347 4345 quas
3409 4291 3478 4331 ne

1895 4374 2080 4430 dicere
2111 4375 2329 4445 quidem
2377 4371 2660 4438 sustinuit,
2689 4372 2787 4428 sed
2827 4368 3168 4440 simpliciter,
3199 4367 3278 4419 Ab
3307 4366 3474 4432 omni,

1897 4467 2053 4522 dixit.

278 4546 520 4602 Εἱδέναι
546 4547 810 4604 ἕκαστον
853 4547 1021 4618 ὑμῶν
1049 4549 1116 4604 τὸ
1147 4549 1366 4607 ἑαυτοῦ
1393 4552 1616 4619 σκεῦος
1649 4552 1785 4609 κτᾶ-

1969 4557 2131 4612 Vens.
2189 4557 2247 4611 4.
2293 4553 2363 4609 Ut
2410 4554 2544 4609 sciat
2599 4552 2951 4622 unusquisque
3015 4558 3264 4615 oestrum,
3321 4563 3474 4602 suum

203 4643 347 4694 σθαι
371 4640 442 4693 ἐν
472 4639 742 4711 ἁγιασμῷ
769 4641 866 4695 καὶ
892 4639 1050 4709 τιμῇ.
1071 4641 1272 4706 Σκεῦος
1317 4647 1378 4696 τὸ
1405 4643 1566 4711 σῶμά
1592 4661 1778 4716 φησιν.

211 4733 385 4786 ὀταν
423 4733 522 4804 μὲν
543 4729 636 4787 οὖν
664 4733 1052 4805 σωφρονῶμεν,
1086 4731 1232 4806 καὶῇ
1268 4734 1504 4807 καθαρὸν
1526 4735 1606 4809 [ὲν
1625 4738 1782 4804 ἁγια-

208 4820 380 4894 apti],
412 4824 571 4893 ἡμεῖς
589 4823 721 4878 αὐτὸ
745 4821 1002 4894 κτώμεθα
1025 4839 1039 4854 ο
1065 4824 1194 4878 ὅταν
1215 4824 1272 4879 δὲ
1314 4826 1624 4899 ἀκάθαρτον
1743 4830 1776 4899 ἡ

204 4913 451 4982 ἁμαρτία
473 4914 604 4968 αὐτὸ
625 4915 843 4969 κτᾶται.
884 4914 950 4967 Ἀ
966 4915 1074 4984 γὰρ
1089 4915 1273 4987 ἐκείνη
1294 4917 1593 4982 ἐπιτάττει,
1634 4923 1778 4974 ποιεῖ

202 5003 335 5056 αὐτὸ
352 5002 427 5066 ὡς
444 5004 648 5059 δοῦλον.
666 5005 826 5060 Ἀλλὰ
843 5005 900 5059 δὲ
919 5003 984 5075 [Γ.
1012 5005 1098 5078 δὴ]
1119 5006 1212 5060 καὶ
1237 5008 1358 5061 τότε
1377 5009 1526 5062 ἐστὶν
1544 5011 1602 5063 ἐν
1619 5013 1774 5080 τιμῇ,

200 5097 292 5149 ὅτε
329 5099 614 5166 σωφρονεῖ.
650 5098 814 5152 Ὥστε
842 5099 876 5170 ἠ
909 5099 1178 5169 ἁμαρτία,
1210 5099 1424 5169 ἀτιμία.
1459 5102 1775 5171 Σημείωσαι

196 5185 258 5239 δὲ
280 5184 362 5246 τὸ,
400 5184 636 5241 Εἰὸἐναι
663 5202 678 5218 ·
709 5186 952 5240 δείκνυσι
982 5187 1091 5257 γὰρ
1116 5188 1199 5240 ὅτι
1233 5188 1520 5259 ἀσκήσεως
1547 5188 1638 5243 καὶ
1674 5205 1777 5258 μα-

204 5275 416 5348 θήσεώς
455 5279 573 5332 ἐστι
601 5278 664 5332 τὸ
716 5281 1038 5351 σωφρονεῖν.
1089 5281 1198 5336 Καὶ
1231 5280 1336 5335 ποῦ
1374 5281 1424 5333 ol
1458 5281 1557 5346 τὰς
1585 5281 1780 5352 φύσεις

202 5369 516 5438 εἰσάγοντες
539 5371 832 5444 Μανιχαῖοι
866 5371 961 5426 καὶ
991 5372 1408 5444 Μαρκιωνισταί
1431 5390 1446 5439 ;

313 5647 336 5682 α
364 5640 550 5698 Matth.
584 5657 697 5709 ιιι,
727 5641 812 5698 l2.
923 5644 950 5684 δ
983 5645 1000 5698 l
1037 5644 1178 5701 Tim.
1209 5661 1261 5709 ν.
1318 5647 1407 5702 9.9..

1527 5660 1549 5687 ε
1577 5648 1738 5707 lCor.
1774 5669 1846 5722 vt,
1883 5655 1938 5710 6.

1889 4645 2056 4708 ipsius
2109 4660 2200 4696 vas
2261 4641 2528 4712 possidere
2575 4641 2631 4693 in
2689 4639 3112 4706 sanctiﬁcatione
3164 4645 3210 4692 et
3256 4635 3474 4689 honore.

1891 4737 1994 4791 Vas
2043 4749 2240 4802 corpus
2295 4733 2468 4801 ipsum
2529 4730 2782 4799 appellat.
2831 4729 3060 4795 Quando
3111 4727 3254 4782 enim
3299 4725 3478 4780 conti-

1895 4838 2088 4882 nentes
2133 4839 2344 4889 sumus,
2396 4837 2700 4891 corpusque
2746 4819 2912 4892 518
2982 4834 3174 4888 purum
3217 4825 3320 4883 est,
3376 4831 3472 4868 nos

1885 4918 2060 4988 ipsum
2103 4917 2462 4986 possidemus.
2504 4913 2730 4979 Quando
2783 4927 2910 4966 vero
2969 4911 3236 4978 impurum
3289 4905 3467 4970 fuerit,

1882 5017 2162 5078 peccatum
2197 5007 2369 5075 ipsum
2401 5005 2640 5075 possidet
2673 5019 2688 5057 :
2726 5018 2846 5072 quae
2876 5003 3019 5056 enim
3051 4999 3192 5054 istud
3220 4999 3472 5067 imperat,

1884 5103 2020 5154 istuc
2062 5098 2189 5153 facit
2222 5097 2365 5151 sicut
2405 5110 2614 5150 servus.
2647 5093 2842 5150 Verum
2876 5102 2987 5147 tum
3019 5099 3098 5144 est
3144 5105 3195 5143 In
3241 5089 3468 5148 honore,

1879 5195 2097 5261 quando
2139 5189 2380 5246 sobrium
2433 5199 2516 5243 est
2557 5199 2610 5243 et
2654 5188 2930 5256 pudicum.
2969 5183 3258 5237 Peccatum
3307 5180 3473 5248 igitur

1877 5294 1963 5339 est
1992 5283 2306 5354 ignominia.
2344 5281 2583 5337 Observa
2630 5288 2810 5333 autem
2852 5276 2996 5345 quod
3029 5275 3126 5341 ait,
3183 5271 3254 5326 Ut
3305 5272 3468 5326 sciat.

1880 5375 2088 5431 ludicat
2115 5375 2260 5430 enim
2293 5373 2596 5428 castitatem
2646 5377 2700 5424 et
2725 5366 3131 5439 ‘,continentiam
3182 5377 3331 5432 Opus.
3373 5361 3468 5414 ha-

1883 5471 2010 5524 ltere
2030 5469 2286 5525 exercitio
2308 5477 2362 5522 et
2389 5466 2702 5534 disciplina.
2724 5465 2899 5532 Atque
2926 5460 3013 5515 ttbi
3037 5467 3164 5514 sunt
3183 5452 3466 5514 Maniclu-i

1881 5568 1936 5614 et
1979 5560 2336 5614 Marcionistte
2379 5559 2468 5627 qui
2512 5565 2736 5612 naturas
2770 5550 3076 5610 inducunt?

2056 5657 2074 5694 ί
2113 5656 2275 5712 llebr.
2313 5671 2407 5722 xu,
2461 5655 2546 5709 H.

1530 5746 1726 5808 Variae
1765 5749 2086 5814 lectiones.

283 5837 332 5874 "
361 5837 514 5911 ἡμῶν
543 5854 594 5897 o.
674 5841 720 5874 "
765 5841 903 5913 μόνα
933 5859 986 5901 o.
1066 5846 1108 5878 ³⁸
1137 5845 1487 5919 παραγγελία
1525 5861 1574 5905 o.
1657 5848 1700 5882 ³⁸
1732 5851 1788 5904 ὲν
1816 5869 1870 5908 u.
1895 5835 1914 5854 ‘
