3994 6562
526 388 654 454 1311

1470 400 2050 470 THEOPIIYLACTI
2099 411 2503 474 BULGARLE
2539 417 2892 478 ARCHIEP.

3612 421 3765 489 -1312

519 513 778 565 IlttPt'Cllﬂ'.
808 511 940 579 Quia
969 528 1095 568 vero
1122 513 1374 586 pleraque
1403 516 1677 591 incognita
1730 539 1829 578 nos
1853 527 2089 592 turbant,

2199 531 2385 599 μάτων
2423 532 2762 603 ἀγνοούμενα
2806 534 2906 604 μὲν
2974 534 3133 587 λυπεῖ
3171 535 3336 606 ἡμᾶς,
3376 537 3689 603 γνωσθέντα
3721 538 3777 591 δὲ

517 606 730 673 cognita
766 616 944 659 autem
969 606 1243 663 tristitiam
1294 609 1509 678 tollunt,
1565 625 1849 684 propterea
1893 619 2086 687 inquit,

520 695 661 751 Νιίό
717 714 803 753 vos
851 701 1115 770 ignorare.
1145 700 1263 760 Non
1305 704 1442 760 dixit
1488 717 1692 772 autem,
1724 710 1789 761 de
1838 711 2085 773 mortuis.

516 794 631 854 sed,
668 787 743 842 De
769 792 1139 848 dormientibus
1158 809 1179 851 :
1206 810 1271 851 ex
1308 795 1424 864 ipso
1448 796 1610 852 etiam
1641 797 1901 854 vocabulo
1933 796 2082 853 futu-

520 894 629 931 rant
660 881 1105 937 resurrectionem
1146 885 1465 941 ostendens.

587 970 658 1025 Ut
689 988 791 1027 non
824 975 1220 1040 contristeruiui,
1250 978 1385 1033 sicut
1407 989 1456 1033 et
1483 981 1660 1034 ceteri
1681 980 1771 1051 qui
1794 998 1935 1049 spem
1979 997 2084 1037 non

516 1063 723 1119 habent.
768 1064 934 1137 Cujus
994 1069 1070 1122 rei
1095 1069 1290 1138 spem?
1319 1070 1771 1129 Resurrectionis.
1811 1073 1910 1141 Qui
1940 1076 2087 1131 enim

518 1172 622 1210 non
658 1157 857 1212 habent
886 1173 1033 1227 spem
1068 1162 1501 1226 resurrectionis.
1546 1162 1597 1217 bi
1641 1165 2086 1235 lugereidebent.

516 1249 869 1304 Attendamus
901 1249 1080 1317 igitur.
1113 1260 1167 1305 et
1205 1251 1540 1310 horreamus.
1584 1255 1722 1320 Quid
1746 1256 1941 1326 igitur?
1966 1273 2089 1325 pro-

515 1351 634 1406 p'er
665 1339 763 1394 hoc
792 1354 895 1394 non
924 1341 1005 1394 vis
1036 1342 1304 1411 ignorare,
1331 1353 1389 1398 ut
1409 1360 1512 1400 non
1537 1348 1962 1404 contristentur?
1983 1348 2087 1404 Ec-

512 1429 603 1497 qui
642 1443 746 1481 non
799 1429 954 1492 dicis,
984 1427 1057 1485 Ut
1106 1446 1210 1487 non
1268 1434 1578 1502 puniantur,
1638 1450 1845 1502 verum,
1891 1445 2086 1491 utnon

514 1520 1067 1589 contristentur‘tNm,
1100 1522 1272 1592 inquit
1302 1540 1317 1579 :
1350 1541 1472 1580 nam
1499 1525 1720 1583 tristitia
1753 1527 1852 1583 ista
1869 1541 2086 1597 poenam

512 1617 757 1670 attrahit.

588 1708 753 1764 Vnus.
783 1709 870 1765 Η.
901 1709 960 1767 Si
986 1713 1126 1768 enim
1169 1715 1429 1767 credimus
1462 1714 1601 1785 quod
1643 1712 1801 1769 Iesus
1851 1726 2086 1768 mortuus

513 1809 586 1852 est
627 1811 675 1855 et
710 1804 1009 1869 resurrexit,
1037 1805 1113 1858 sic
1139 1814 1187 1860 et
1221 1803 1362 1859 Deus
1398 1820 1486 1858 eos
1514 1804 1606 1875 qui
1643 1804 1969 1859 dormierunt
1995 1816 2087 1875 per

510 1888 695 1945 Iesum
724 1894 948 1948 adducet
982 1911 1100 1949 cum
1130 1913 1214 1951 eo.
1244 1895 1725 1963 Quemadmodum,
1749 1896 1945 1967 inquit,
1978 1896 2087 1951 Do-
2122 1894 2163 1949 Β

516 1984 716 2037 tniuum
757 1982 938 2039 Jesum
964 1988 1240 2053 excitavit,
1274 1989 1362 2056 qui
1408 1988 1761 2059 corporaliter
1788 2000 1842 2045 et
1898 2004 2087 2059 passus

512 2085 651 2141 erat,
678 2082 731 2129 et
774 2085 999 2130 mortem
1033 2076 1240 2132 obierat
1277 2079 1394 2133 :sic
1415 2088 1469 2132 et
1517 2093 1615 2133 nos
1667 2078 1943 2133 excitabit.
1975 2078 2083 2134 0b-

512 2178 667 2218 scrva
701 2174 879 2219 autem
908 2167 1180 2235 quomodo
1209 2169 1274 2222 de
1314 2166 1564 2235 Domino,
1597 2182 1880 2239 propterea
1940 2170 2086 2238 quod

512 2254 839 2309 resurrectio
862 2254 979 2321 ejus
996 2255 1107 2327 jam
1143 2256 1283 2313 facta
1327 2258 1419 2323 sit,
1476 2258 1810 2317 confidenter
1862 2258 2083 2324 dixerit,

511 2343 756 2400 Hor-tuus
822 2347 1041 2403 unde
1090 2347 1244 2404 nobis
1300 2363 1451 2415 vero,
1506 2350 1630 2421 quia
1675 2362 1859 2406 nostra
1910 2351 2087 2406 adhuc

510 2434 691 2490 futura
723 2444 803 2492 est
835 2439 1180 2507 resurrectio,
1222 2440 1327 2495 Eos
1357 2440 1450 2510 qui
1487 2441 1832 2507 dormierunt,
1864 2442 2037 2508 inquit
2067 2458 2083 2496 :

512 2526 754 2584 indicans
778 2543 900 2585 esse
920 2530 1325 2589 excitationem.
1350 2529 1622 2603 Numquid
1648 2534 1792 2587 enim
1841 2532 1934 2602 qui
1961 2532 2089 2587 dor-

511 2618 632 2684 mit,
659 2618 854 2690 inquit,
886 2637 989 2676 non
1018 2621 1234 2691 adiiciet
1256 2632 1314 2677 ut
1370 2625 1656 2693 resurgat?
1687 2623 1837 2678 Istud
1865 2635 2083 2691 autem;

511 2708 618 2765 Eos
642 2713 733 2776 qui
765 2713 1087 2770 dormierunt
1108 2730 1200 2784 per
1225 2714 1428 2780 Iesum,
1457 2717 1703 2779 adducet,
1730 2716 1974 2771 bifariam
2004 2716 2086 2770 in-

513 2800 718 2872 telliges
752 2819 767 2857 :
800 2804 906 2869 vel,
956 2804 1187 2860 adducet
1239 2819 1336 2876 per
1382 2804 1590 2872 Jesum,
1622 2806 1724 2860 hoc
1761 2816 1865 2873 est,
1917 2805 2087 2862 Filius

511 2894 616 2950 erit
648 2894 752 2949 illis
790 2896 1206 2952 resurrectionis
1247 2898 1534 2964 mediator,
1582 2897 1814 2968 illosque
1866 2899 1920 2953 in
1958 2913 2088 2955 con,-

511 2995 699 3055 spectu
741 2984 920 3048 Patris
962 2988 1293 3043 constituet:
1323 2989 1426 3057 vel,
1474 2990 1564 3060 qui
1611 2989 1947 3046 dormierunt
1988 3006 2087 3062 per

510 3077 721 3148 Jesum,
752 3079 855 3136 hoc
883 3089 966 3137 est
1012 3080 1218 3138 ﬁdeles.
1243 3080 1516 3138 Christum
1551 3086 1691 3139 enim
1721 3083 1981 3140 habentes
2030 3085 2082 3140 in

513 3171 726 3241 seipsis,
771 3174 1041 3229 dormiunt
1072 3188 1168 3243 per
1213 3172 1420 3230 Jesum.
1467 3177 1543 3231 De
1571 3175 1881 3245 particulari
1925 3178 2085 3247 igitur

514 3265 916 3323 resurrectione
963 3266 1051 3321 hic
1087 3267 1351 3338 loquitur,
1380 3268 1483 3324 hoc
1505 3277 1589 3324 est
1615 3269 1839 3336 celebri,
1861 3286 1979 3340 quae
2006 3280 2091 3327 est
2117 3248 2158 3307 (ἶ

513 3355 771 3425 fidelium,
799 3374 920 3428 quae
946 3374 1066 3414 cum
1104 3359 1335 3415 Domino
1357 3370 1475 3415 est:
1506 3376 1655 3427 nam,
1693 3361 1914 3416 adducet
1970 3378 2089 3416 cum

512 3445 650 3516 ipso,
683 3448 784 3503 hoc
814 3455 925 3513 est,
946 3463 1069 3505 cum
1106 3449 1329 3506 Domino
1355 3450 1407 3504 in
1442 3450 1672 3507 nubibus
1700 3452 1875 3522 rapiet
1931 3455 2091 3508 undi-

514 3553 641 3607 que.
662 3536 797 3594 Nam
815 3539 881 3595 de
904 3541 1192 3597 universali
1222 3545 1620 3599 resurrectione
1638 3541 2089 3599 Thessalonicen-

513 3644 602 3685 ses
624 3640 841 3686 norant.
869 3628 1069 3687 Verum
1093 3633 1194 3688 hoc
1221 3632 1329 3704 jam
1363 3632 1496 3710 vult,
1536 3634 1808 3690 consolari
1859 3650 1952 3690 eos
1995 3649 2092 3705 per

515 3721 618 3776 hoc
651 3724 793 3792 quod
815 3725 1064 3779 ostendat
1092 3725 1360 3781 celebrem
1392 3734 1446 3779 et
1478 3726 1769 3796 gloriosam
1798 3725 1952 3797 521
1998 3741 2088 3782 re-

513 3811 904 3868 surrectionem
929 3812 1185 3879 ﬁdelium,
1211 3823 1271 3870 ut
1300 3829 1403 3870 non
1451 3815 1858 3872 contristentur.
1889 3817 2092 3873 Omnes

514 3902 659 3958 enim
712 3912 1015 3975 resurgent,
1049 3906 1144 3961 sed
1196 3921 1304 3962 non
1346 3921 1536 3964 omnes
1569 3906 1622 3962 in
1682 3906 1873 3979 gloria,
1902 3921 2087 3963 verum

516 3990 703 4049 ﬁdeles
733 4004 960 4061 tantum,
995 3997 1096 4052 hoc
1136 4005 1239 4065 est,
1268 3998 1359 4068 qui
1401 4013 1564 4069 opera
1610 3997 1869 4056 doctrinae
1925 3997 2090 4055 simul

517 4083 774 4155 adjuncta
819 4086 1041 4145 habent.
1090 4088 1344 4158 Expende
1392 4100 1572 4146 autem
1625 4104 1745 4160 qua:
1789 4098 2091 4161 sequuntur

516 4176 721 4232 omnia.

588 4267 756 4325 Vsus.
791 4270 878 4326 15.
919 4274 1033 4327 Hoc
1053 4273 1194 4327 enim
1248 4272 1387 4329 vobis
1419 4273 1645 4331 dicimus
1686 4277 1740 4331 in
1782 4276 1934 4332 verbo
1971 4277 2084 4333 Do-

518 4364 666 4419 mini.
702 4362 907 4420 Novutn
957 4366 1157 4438 aliquid
1216 4366 1462 4423 dicturus
1518 4377 1620 4436 est,
1673 4382 1793 4424 eam
1850 4371 1923 4426 ob
1973 4385 2085 4426 rem

519 4456 620 4527 ipsi
647 4456 805 4511 ﬁdem
834 4460 1130 4514 conciliata
1150 4461 1313 4514 verbo
1343 4460 1455 4515 Dei.
1479 4459 1595 4516 Non
1620 4476 1649 4515 a
1681 4478 1763 4516 me
1785 4463 1897 4532 ipso
1914 4465 2082 4530 enim,

521 4563 703 4603 verum
745 4550 886 4620 quod
924 4565 953 4604 a
989 4550 1213 4607 Christo
1262 4552 1448 4620 didici,
1493 4552 1702 4623 loquor.
1742 4554 1950 4612 Etenim
1984 4558 2086 4614 hoc

520 4641 722 4697 diserte
769 4642 977 4698 audivit
1030 4658 1059 4698 a
1116 4654 1470 4714 praeceptore,
1522 4646 1746 4714 perinde
1779 4661 1843 4702 ac
1909 4647 2083 4705 illud:

520 4733 737 4788 Beatius
761 4743 837 4789 est
894 4734 1025 4788 dare
1051 4750 1211 4806 quam
1260 4736 1493 4806 accipere
1516 4736 1567 4790 ιι.
1618 4736 1826 4793 Caetera
1862 4754 1992 4795 vero
2018 4753 2084 4795 ex

522 4823 725 4894 Spiritu
764 4823 997 4880 dicebat.

591 4915 747 4982 Quod
771 4933 865 4972 nos
910 4918 1000 4988 qui
1026 4918 1265 4987 vivimus,
1293 4921 1383 4992 qui
1403 4920 1595 4977 residui
1625 4940 1804 4979 sumus
1830 4925 1885 4978 in
1900 4925 2084 4978 aureu-

519 5019 632 5064 Ium
669 5008 903 5078 Domini,
940 5027 1045 5066 non
1076 5014 1449 5081 prwueuiemus
1485 5030 1573 5069 eos
1620 5017 1709 5085 qui
1733 5016 2082 5071 dormierunt.

521 5100 674 5167 Quod
699 5101 753 5155 in
786 5100 1019 5171 Epistula
1059 5104 1124 5158 ad
1154 5104 1464 5160 Corinthios
1501 5105 1596 5171 ait,
1630 5106 1695 5161 In
1727 5120 2006 5175 momento,
2032 5108 2083 5162 iu

519 5192 629 5246 ictu
676 5194 818 5248 oculi
848 5196 864 5236 ί
898 5234 913 5261 ,
940 5194 1080 5250 idem
1119 5205 1173 5252 et
1200 5211 1343 5251 nunc
1374 5196 1469 5251 ait.
1507 5196 1643 5263 Quia
1696 5200 1839 5255 enim
1875 5201 2087 5255 diﬁicile

523 5285 830 5352 videbatur,
872 5294 931 5342 ut
988 5289 1022 5343 ii
1077 5289 1167 5359 qui
1215 5299 1661 5360 computruerant
1720 5305 2084 5364 resurgerem,

524 5376 719 5446 inquit,
767 5378 922 5446 Quod
971 5379 1213 5437 viventes
1268 5381 1681 5452 haudquaquam
1751 5392 2088 5439 anteverteut

523 5468 681 5538 illos;
732 5471 827 5526 sed
889 5472 1340 5541 quemadmodum
1378 5473 1536 5528 facile
1572 5484 1654 5530 est
1709 5474 1819 5530 Deo
1851 5476 2088 5546 integros

631 5600 797 5662 hAct.
839 5623 932 5674 xx,
963 5607 1052 5664 55.
1205 5610 1222 5649 ί
1258 5607 1275 5663 l
1303 5608 1429 5667 Cor.
1467 5626 1555 5681 ιν,
1582 5612 1669 5668 55.

2194 625 2309 679 Met
2352 627 2452 698 τὴν
2488 627 2697 698 Mary:
2720 628 2809 682 διὰ
2857 628 3015 683 τοῦτό
3059 646 3223 699 φησιν
3256 646 3272 662 ο
3310 632 3392 685 Οὐ
3432 630 3587 684 θέλω
3618 631 3776 701 ὑμᾶς

2193 719 2453 787 ἀγνοεῖν.
2487 720 2601 773 Οὐκ
2648 715 2767 773 εἶπε
2811 719 2889 785 δὲ,
2924 719 3352 785 Ἀποθανόντων,
3385 720 3544 786 ἀλλά,
3576 725 3781 777 Κελεα-

2191 809 2492 880 μημένων,
2515 811 2734 876 δεικνὺς
2757 811 2854 866 καὶ
2894 811 2954 878 ἐξ
3017 811 3183 866 αὐτοῦ
3232 814 3326 866 τοῦ
3372 812 3662 883 ὀνόματος,
3694 817 3777 870 ὅτι

2195 903 2340 955 ἔστιν
2376 902 2593 974 ἔγερσις
2621 904 2688 958 ³³.

2226 998 2240 1009 ’
2266 991 2400 1048 Ἵνα
2432 994 2519 1063 μὴ
2545 993 2847 1063 λυπῆσθε,
2882 994 3078 1060 καθὼς
3131 997 3227 1051 καὶ
3259 999 3314 1049 οἱ
3344 995 3571 1058 λοιποί,
3605 1000 3661 1051 οΙ
3686 997 3772 1066 μὴ
3853 1018 3869 1023 -

2194 1082 2439 1154 ἔχοντες
2485 1084 2723 1140 ἐλπίδα.
2791 1086 2948 1150 Τίνος
2996 1087 3225 1153 ὲ).πίδα;
3261 1087 3659 1151 ’Δναστάσεω;.
3711 1088 3775 1141 Οί

2194 1174 2305 1248 γάρ
2338 1177 2414 1249 μὴ
2438 1176 2653 1248 ἔχοντες
2690 1177 2882 1232 ἐλπίδα
2921 1180 3288 1243 ἀναστάσεως,
3314 1174 3469 1234 οὗτοι
3497 1179 3775 1247 ὀφείλουσι

2195 1265 2433 1321 πενθεῖν.
2511 1266 2861 1339 ’Δκούσωμεν
2916 1268 3141 1334 λοιπὸν,
3198 1270 3290 1323 καὶ
3336 1270 3641 1340 φρίξωμεν.
3704 1272 3773 1324 Τί

2193 1355 2318 1426 οῦνς
2346 1357 2433 1412 διὰ
2481 1358 2640 1414 τοῦτο
2685 1361 2747 1415 οῦ
2786 1360 2960 1426 θέλεις
3010 1364 3250 1431 ἀγνοεῖν,
3282 1364 3371 1414 ἵνα
3423 1363 3500 1434 μὴ
3549 1363 3773 1415 λυπῶν-

2192 1466 2320 1517 ται;
2347 1452 2424 1506 Οὐ
2458 1451 2658 1522 λέγεις,
2691 1452 2808 1510 Ἴνα
2845 1453 2920 1526 μὴ
2966 1454 3326 1519 κολασθῶσιν,
3355 1456 3495 1521 ἀλλ’,
3520 1455 3639 1509 Ἵνα
3701 1458 3775 1527 μὴ

2193 1536 2502 1608 λυπῶνται;
2524 1544 2654 1612 Ναὶ,
2686 1546 2874 1617 φησὶν,
2902 1545 3039 1616 ὃτιὴ
3068 1544 3216 1616 λύπη
3254 1544 3392 1618 αὕτη
3428 1548 3527 1618 τὴν
3551 1547 3777 1601 κόλασιν

2194 1631 2464 1704 προξενεῖ.

2257 1727 2326 1782 Et
2382 1727 2492 1796 τὰρ
2538 1728 2903 1799 πιστεύομεν
2920 1730 3011 1784 ὅτι
3059 1729 3299 1799 Ἰησοῦς
3359 1730 3628 1786 ἀπέθανε
3680 1733 3779 1786 καὶ

2192 1818 2442 1887 ἀνέστη,
2475 1816 2626 1874 οὕτω
2683 1822 2784 1875 καί
2833 1823 2867 1877 ό
2903 1820 3047 1889 Θεὸς
3098 1821 3240 1890 τοὺς
3262 1824 3663 1893 κοιμηθέντας
3682 1825 3778 1881 διὰ

2192 1908 2299 1963 τοῦ
2353 1910 2558 1978 Ἰησοῦ
2602 1910 2733 1976 ἄξει
2801 1910 2923 1966 σὺν
2974 1912 3157 1978 αὐτῷ.
3221 1912 3455 1986 Ὥσπερ,
3489 1916 3647 1985 φησι,
3688 1914 3780 1968 τὸν

2194 1999 2399 2072 Κύριον
2452 2002 2643 2074 ihs-spe
2698 2004 3033 2075 σωματικῶς
3092 2004 3335 2060 παθόντα
3363 2007 3459 2059 καὶ
3513 2006 3774 2073 θανόντα,

2191 2090 2335 2147 οὕτω
2380 2095 2476 2149 καὶ
2526 2097 2676 2168 ἡμᾶς
2702 2094 2927 2168 εγερεῐ.
2954 2094 3097 2169 Ὅρα
3135 2098 3213 2163 δὲ,
3244 2098 3362 2162 πῶς
3399 2097 3497 2152 ἐπὶ
3527 2100 3629 2169 μὲν
3682 2097 3776 2152 τοῦ

2192 2185 2426 2256 Κυρίου,
2454 2187 2545 2241 διά
2576 2187 2639 2241 τὸ
2672 2189 2767 2242 καὶ
2828 2188 2927 2260 τὴν
2969 2189 3270 2244 ἀνάστασιν
3296 2190 3414 2262 ⁴ἤδη
3465 2189 3776 2258 γεγονέναι,

2192 2277 2540 2352 θαρρούντως
2590 2283 2724 2349 φησὶ
2754 2284 2837 2348 τὸ,
2873 2281 3196 2338 ’Δπέθανεν
3220 2297 3234 2311 ·
3262 2282 3355 2336 ἐπὶ
3383 2283 3441 2337 δὲ
3469 2283 3653 2355 ἡμῶν,
3687 2284 3775 2337 διὰ

2190 2368 2252 2423 τὸ
2284 2367 2498 2439 μέλλειν
2523 2367 2605 2423 ἔτι
2632 2370 2678 2402 ⁵⁸
2724 2371 2823 2441 τὴν
2866 2371 3190 2440 ἀνάστασιν,
3248 2372 3396 2440 Τοὺς
3462 2373 3777 2442 κοιμηθέν-

2191 2475 2318 2529 τας,
2366 2463 2499 2532 φησί
2544 2480 2555 2491 ·
2588 2462 2805 2528 δεικνὺς
2832 2463 2999 2519 οὖσαν
3035 2465 3128 2519 καὶ
3151 2466 3394 2538 ἔγερσιν.
3432 2468 3525 2537 Μὴ
3580 2470 3610 2521 ὁ
3660 2484 3773 2520 κοι-

2195 2551 2444 2624 μώμενος
2471 2553 2603 2627 γὰρ,
2626 2557 2813 2626 φησὶν,
2844 2556 2966 2628 οὐχὶ
2997 2557 3298 2629 προσθήσει
3334 2558 3400 2612 τὸ
3427 2558 3733 2628 ἀναστῆναι
3756 2576 3773 2621 ;

2193 2643 2236 2697 Τ
2239 2644 2268 2697 ὸ
2320 2645 2400 2711 δὲ,
2430 2647 2832 2716 Κοιμηθέντας
2858 2646 2956 2702 διὰ
3007 2647 3117 2704 τοῦ
3172 2647 3380 2718 Ἰησοῦ
3423 2649 3582 2715 ἄξει,
3611 2648 3774 2719 διχῶς

2192 2738 2409 2804 νοήσεις
2439 2752 2453 2765 ⁶
2485 2736 2541 2805 ἦν
2580 2737 2732 2801 ’Λξει
2760 2737 2846 2791 διὰ
2877 2736 2968 2791 τοῦ
3030 2738 3230 2809 Ἰησοῦ,
3257 2740 3558 2804 τουτέστιν,
3592 2742 3621 2793 ὀ
3650 2741 3774 2804 Υἱῖις

2192 2825 2374 2888 αὐτοῖς
2405 2828 2630 2897 μεσίτης
2663 2828 2816 2882 ἔσται
2844 2830 2942 2901 τῆς
2965 2831 3339 2898 ἀναστάσεως,
3369 2831 3465 2887 καὶ
3494 2834 3776 2905 παραστή-

2193 2936 2274 2972 σει
2302 2918 2377 2989 τῷ
2401 2917 2676 2991 προσώπῳ
2708 2919 2802 2974 τοῦ
2834 2922 3048 2994 Πατρός
3080 2938 3094 2952 °
3121 2923 3177 2992 ἢ,
3206 2923 3347 2988 Τοὺς
3404 2925 3773 2994 κοιμηθέντας

2189 3008 2278 3062 διά
2298 3008 2390 3063 τοῦ
2458 3009 2654 3079 Ἰησοῦ,
2708 3011 2978 3078 τουτέστι,
3035 3015 3160 3078 τοὺς
3215 3015 3460 3078 πιστούς.
3502 3016 3608 3070 Τίον
3668 3017 3776 3087 γὰρ

2190 3097 2424 3169 Χριστὸν
2450 3098 2665 3170 ἔχοντες
2692 3100 2751 3153 ὲν
2783 3101 3019 3169 ἑαυτοῖς,
3047 3103 3347 3173 κοιμῶνται
3396 3105 3486 3159 διὰ
3510 3106 3610 3159 τοῦ
3671 3107 3778 3177 ’1η-

2194 3190 2312 3246 σοῦ.
2354 3190 2491 3261 Περὶ
2522 3196 2757 3265 μερικῆς
2797 3191 2892 3249 οὖν
2915 3194 3269 3262 ἀναστάσεως
3311 3198 3626 3268 διαλέγεται
3688 3202 3775 3255 ὲν-

2192 3282 2387 3344 ταῦθα,
2422 3284 2669 3339 τουτέστι
2699 3285 2801 3355 τῆς
2866 3286 3100 3354 ἐνδόξου,
3134 3289 3232 3360 τῆς
3258 3289 3367 3343 τῶν
3412 3291 3645 3359 πιστῶν,
3677 3291 3776 3362 τῆς

2195 3375 2292 3427 σὺν
2319 3374 2398 3445 τῷ
2429 3375 2637 3446 Κυρίῳ.
2671 3377 2834 3441 ’Λίῖει
2862 3380 2970 3451 γὰρ
2990 3379 3114 3435 σὺν
3140 3381 3320 3447 αὐτῷ,
3359 3383 3631 3452 τουτέστι,
3677 3385 3773 3438 σὺν

2190 3452 2270 3537 τῷ
2320 3467 2510 3539 Κυρίῳ
2551 3469 2610 3521 ὲν
2654 3469 2905 3540 νεφέλαις
2949 3473 3186 3545 ἁρπάσει
3231 3477 3571 3547 πανταχόθεν
3596 3495 3611 3509 ·
3650 3480 3773 3533 ἐπεὶ

2191 3556 2324 3629 περί
2343 3574 2406 3627 γε
2429 3558 2528 3630 τῆς
2550 3559 2846 3632 καθολικῆς
2862 3563 3061 3635 ᾔδεσαν
3086 3566 3136 3619 οἱ
3155 3564 3772 3633 Θεσωλονικεῖς.Ἀλλὰ

2189 3646 2345 3703 τοῦτο
2376 3649 2623 3720 βούλεται
2650 3651 2767 3720 νῦν,
2800 3656 3305 3728 παραμυθήσασθαι
3338 3660 3539 3724 αὐτοὺς
3567 3662 3659 3715 δια
3672 3662 3768 3716 τοῦ

2192 3740 2365 3809 δεῖξαι
2397 3742 2618 3815 ἔντιμον
2654 3746 2749 3800 καὶ
2798 3746 3009 3814 ἔνδοξον
3041 3747 3140 3821 τὴν
3181 3750 3481 3807 ἀνάστασιν
3523 3753 3640 3808 τῶν
3679 3774 3770 3810 πι-

2195 3830 2359 3897 στῶν,
2393 3832 2470 3896 ὡς
2494 3832 2563 3887 ἀν
2590 3833 2665 3905 μὴ
2694 3835 2997 3894 λυπῶνται.
3029 3837 3236 3902 Πάντες
3264 3839 3364 3910 μὲν
3387 3841 3495 3912 γὰρ
3524 3836 3771 3916 ἀναστήο

2194 3936 2400 3986 σονται,
2433 3922 2494 3975 οὐ
2527 3923 2731 3989 πάντες
2770 3925 2828 3979 δὲ
2861 3926 2918 3979 ὲν
2948 3925 3098 4000 δόξῃ,
3129 3928 3245 3982 ἀλλ’
3277 3930 3327 3983 οἱ
3356 3933 3565 3996 πιστοὶ,
3599 3952 3767 3988 τουτ-

2192 4014 2340 4069 έστιν
2380 4016 2430 4070 οί
2463 4015 2601 4088 ἔργα
2643 4018 2781 4088 μετά
2817 4018 2911 4073 τοῦ
2961 4021 3231 4092 δόγματος
3273 4022 3488 4095 ἔχοντες
3523 4026 3597 4082 ⁸⁸.
3628 4027 3769 4099 Ὀρα

2191 4106 2253 4162 δὲ
2282 4108 2378 4163 καὶ
2406 4110 2476 4165 τὰ
2512 4109 2712 4181 ἑφεξῆς
2742 4113 2939 4169 πάντα.

2262 4285 2447 4344 Τοῦτο
2475 4288 2585 4362 γὰρ
2614 4290 2757 4361 ὑμῖν
2771 4293 3028 4363 λέγομεν
3054 4312 3125 4349 εν
3148 4296 3307 4366 λόγῳ
3327 4299 3573 4367 Κυρίου.
3607 4300 3768 4353 Ξένον

2187 4392 2242 4430 τι
2285 4376 2508 4446 ἔμελλεν
2561 4379 2705 4450 ἐρεῖν
2734 4382 2802 4444 ⁸⁸,
2838 4381 2920 4435 διὸ
2976 4384 3073 4438 καὶ
3097 4382 3408 4449 ἀξιόπιστον
3460 4386 3597 4439 αὐτὸ
3627 4389 3769 4441 ποιεῖ

2187 4469 2278 4524 διὰ
2305 4468 2353 4502 ⁸³
2402 4470 2498 4524 τοῦ
2524 4471 2684 4541 λόγου
2715 4472 2808 4527 τοῦ
2845 4473 3003 4530 Θεοῦ.
3061 4475 3176 4529 Οὐκ
3210 4475 3307 4530 ἀπ’
3361 4477 3607 4547 ἐμαυτοῦ
3635 4480 3763 4547 γὰρ,

2189 4562 2324 4617 ἀλλά
2345 4562 2497 4633 παρὰ
2523 4564 2618 4617 τοῦ
2646 4564 2883 4635 Χριστοῦ
2919 4565 3107 4635 μαθὼν
3131 4566 3294 4636 λέγω.
3329 4567 3441 4621 Καὶ
3470 4567 3584 4636 γὰρ
3609 4570 3768 4621 τοῦτο

2192 4653 2371 4727 ῥητῶς
2398 4655 2596 4725 ἢκουσε
2622 4656 2773 4726 παρὰ
2795 4656 2889 4710 τοῦ
2912 4657 3264 4724 Διδασκάλου,
3281 4657 3472 4729 ὥσπερ
3524 4660 3762 4713 κάκεῖνοο

2187 4743 2497 4813 Μακάριόν
2523 4745 2654 4800 ἐστι
2692 4746 2921 4801 διδόναι
2944 4747 3186 4817 μᾶλλον
3214 4751 3254 4819 ἣ
3304 4751 3657 4820 λαμϐάνειν.
3688 4752 3766 4805 Τὰ

2188 4839 2295 4911 γὰρ
2322 4839 2456 4894 ἄλλα
2491 4840 2768 4911 [Ινεύματι
2792 4843 3108 4912 ἐφθέγγετο.

2262 4931 2389 4985 Ὅτι
2411 4930 2583 5000 ἡμεῖς
2602 4935 2657 4987 οι
2686 4931 2917 5002 ζῶντες,
2944 4938 2999 4989 οἱ
3031 4937 3511 5007 περιλειπόμενοι
3538 4940 3626 5005 είς
3656 4939 3764 5005 τὴν

2187 5026 2528 5093 παρουσίαν
2585 5025 2691 5079 τοῦ
2748 5029 2989 5092 Κυρίου,
3027 5031 3100 5083 οὐ
3138 5028 3222 5099 μὴ
3270 5029 3598 5100 φθάσωμεν
3627 5032 3761 5095 τοὺς

2188 5117 2599 5185 κοιμηθέντας.
2634 5118 2814 5190 ’Ὅπερ
2842 5121 2898 5173 ἐν
2930 5124 2994 5192 τῇ
3023 5121 3159 5191 πρὸς
3201 5123 3543 5193 Κορινθίους.
3576 5124 3756 5194 φησὶν,

2201 5207 2297 5260 Ἕν
2316 5208 2531 5277 ἀτόμῳ,
2562 5209 2633 5263 ἐν
2653 5209 2807 5279 ῥιπῇ
2826 5211 3158 5281 ὀφθαλμοῦ,
3181 5213 3338 5266 τοῦτο
3355 5215 3448 5267 καὶ
3476 5213 3571 5267 νῦν
3594 5214 3755 5281 λέγει.

2202 5295 2419 5367 Ἐπειδὴ
2440 5300 2547 5369 γὰρ
2579 5299 2754 5352 ἐδόκει
2783 5300 3042 5354 δύσκολον
3086 5296 3227 5356 εἶναι
3262 5302 3386 5367 τοὺς
3416 5302 3757 5357 κατασαπέν-

2190 5402 2288 5449 τας
2329 5387 2550 5452 τούτους
2600 5390 2921 5460 ἀναστῆναι,
2954 5393 3138 5462 φησιν,
3171 5394 3254 5448 ὃτι
3276 5394 3326 5447 οί
3362 5393 3565 5458 ζῶντες
3592 5394 3649 5448 οὗ
3684 5392 3752 5463 μὴ

2190 5478 2535 5550 προλάϐωσιν
2568 5481 2843 5547 ἐκείνους*
2876 5482 2991 5538 ἀλλ’
3023 5482 3215 5558 ὥσπερ
3245 5482 3468 5541 εὔκολον
3518 5486 3595 5561 τῷ
3639 5484 3749 5555 θεῷ

1854 5727 2048 5791 Variae
2078 5727 2406 5794 lectiones.

598 5845 646 5881 "
666 5846 958 5915 ἀνάστασις
980 5864 1033 5906 ο.
1114 5849 1155 5885 ⁸ο
1182 5850 1280 5925 ἤδη
1309 5867 1359 5909 o.
1440 5851 1482 5887 ιι
1516 5852 1563 5908 οἱ
1591 5851 1727 5924 ἔργα
1756 5850 2005 5924 σώματος
2038 5852 2133 5910 σὺν
2163 5854 2237 5928 τῷ
2268 5853 2501 5928 δόγματι
2528 5854 2608 5928 ἐχ.
2638 5875 2690 5913 o.
2728 5934 2734 5940 ⁸
2766 5856 2813 5891 ⁸³
2838 5857 3014 5912 εἰπεῖν
3033 5871 3084 5911 ο.
3164 5855 3210 5890 ⁸³
3237 5854 3345 5913 una
3376 5872 3433 5915 0.
