3994 6570
255 344 396 410 1313

1005 343 1414 440 EXPDSITIO
1455 345 1537 404 IN
1580 345 1820 407 EPIST.
1864 345 1893 405 Ῑ
1937 345 2035 405 AD
2070 343 2334 407 THESS.
2376 369 2436 382 --
2465 345 2623 408 CAP.
2667 349 2734 410 V.

3361 353 3458 420 131
3474 353 3500 417 1

237 459 364 520 τοὺς
391 456 718 527 ὁλοκλήρους
750 456 1000 525 ἀγαγεῖν,
1023 454 1167 509 οὕτω
1189 458 1493 521 κάκείνους.
1538 455 1737 527 Ἡμεῖς
1763 456 1818 510 δὲ

1942 456 2192 512 iddncere
2238 457 2304 511 ad
2362 455 2667 527 Christum,
2739 459 2821 517 sic
2883 467 2938 517 et
2987 458 3128 529 illos,
3185 476 3494 536 corruptos.

239 553 298 605 oi
337 549 432 611 ζῶν
451 567 571 614 τες,
609 548 807 616 λέγων,
837 548 898 602 οὐ
955 549 1082 620 περὶ
1121 547 1318 601 ἑαυτοῦ
1356 566 1520 619 φησιν
1550 551 1692 618 (οὐδὲ
1716 551 1824 621 γὰρ

241 645 370 715 ἄχρι
401 642 502 708 τῆς
531 643 884 705 ἀναστάσεως
935 641 1128 713 ἔμελλε
1184 640 1332 712 ζῇν),
1383 641 1520 696 ἀλλά
1557 641 1684 706 τοὺς
1732 661 1824 696 πι-

217 729 222 734 ’
244 735 404 797 στοὺς
434 734 615 802 λέγει’
641 733 722 787 διὸ
749 733 1090 804 προσέθηκεν
1110 749 1122 763 ·
1159 737 1222 788 Οἱ
1243 736 1826 803 περιλειπόμενοιείς

241 829 357 894 τὴν
404 827 748 893 παρουσίαν
795 827 901 881 τοῦ
948 826 1192 896 Κυρίου.
1259 827 1347 881 Ἐν
1381 827 1490 898 γὰρ
1520 826 1598 897 τῷ
1630 827 1824 881 ἑαυτοῦ

243 923 527 992 προσώπῳ
557 920 766 984 πάντας
803 919 929 983 τοὺς
961 919 1083 972 τότε
1113 918 1586 991 εύρεθησομένους
1618 920 1827 984 ζῶντας

242 1016 416 1086 δηλοῖ.
482 1013 747 1074 Μεθόδιος
780 1011 837 1064 δὲ
865 1012 893 1063 ὁ
927 1011 1198 1082 μακάριος
1261 1009 1472 1074 ζῶντας
1525 1011 1622 1074 τὰς
1650 1011 1828 1080 ψυχὰς

243 1105 422 1173 λέγει·
460 1102 618 1158 τοῦτο
677 1101 967 1166 διδάσκων,
1003 1103 1084 1156 ὅτι
1108 1102 1165 1155 αἱ
1198 1101 1368 1171 ψυχαὶ
1397 1104 1460 1155 οὐ
1500 1101 1574 1172 μὴ
1616 1101 1826 1172 προλά-

245 1197 380 1250 ϐωσι
407 1195 474 1249 τὰ
500 1193 729 1264 σώματα
752 1210 766 1224 ·
796 1193 1014 1262 πρῶτον
1042 1195 1151 1265 γάρ
1174 1194 1448 1265 ἐγείρεται
1477 1194 1544 1247 τὰ
1576 1191 1828 1264 σώματα,

245 1291 332 1343 ἵνα
381 1289 522 1344 αὐτὰ
555 1286 943 1341 ἀπολαύσωσιν
995 1288 1050 1340 αἱ
1081 1286 1267 1357 ψυχαὶ,
1300 1286 1365 1350 ἃς
1391 1287 1486 1340 καὶ
1515 1285 1829 1356 περιλείπε-

247 1381 374 1433 σθαι
401 1381 528 1448 ἔφη,
567 1378 654 1431 διὰ
681 1377 742 1430 τὸ
771 1377 1077 1441 ἀθανάτους
1106 1371 1266 1432 εἶναι.

319 1471 446 1522 Ὀτι
470 1468 654 1534 αὐτὸς
687 1470 718 1522 ό
750 1469 966 1534 Κύριος
1006 1467 1076 1521 ἐν
1123 1467 1517 1535 κελεύσματι,
1559 1469 1630 1523 ἐν
1656 1470 1828 1540 φωνῇ

244 1561 644 1632 ἀρχαγγέλου,
701 1559 797 1613 καὶ
831 1561 899 1614 ἐν
928 1560 1216 1628 σάλπιγγι
1245 1560 1391 1614 Θεοῦ
1414 1541 1830 1627 ’καταϐήσεται

243 1654 346 1707 ἀπ’
377 1653 658 1722 οὐρανοῦ.
690 1652 782 1723 Μὴ
817 1653 1149 1722 ἀπιστήσῃς,
1202 1655 1388 1722 φησὶν,
1424 1649 1506 1717 οἷς
1537 1653 1680 1722 λέγω
1701 1671 1713 1684 ·
1738 1656 1834 1708 καὶ

245 1744 355 1814 γάρ
375 1743 578 1806 αὐτδςὸ
606 1741 806 1812 Κύριος
827 1742 1073 1796 κελεύσει
1109 1741 1286 1798 τοῦτο.
1315 1744 1436 1808 Πῶς
1459 1744 1514 1797 δὲ
1536 1745 1592 1798 δὲ
1620 1743 1682 1817 [ι’.
1715 1745 1830 1818 καῖ]

247 1832 496 1887 κελεύσει
534 1831 776 1906 [τοῦτο]’;
819 1834 922 1887 Ἐν
957 1831 1130 1903 φωνῇ’
1157 1832 1554 1903 ἀρχαγγέλου,
1612 1834 1704 1887 τοῦ
1731 1836 1830 1904 ἑφ-

246 1925 486 1986 εστῶτος
520 1926 630 1987 τοῖς
661 1923 870 1995 ἑτέροις
901 1923 1178 1992 ἀγγέλοις,
1208 1925 1304 1978 καὶ
1339 1923 1572 1995 βοῶντος
1594 1941 1608 1956 ⁸
1652 1925 1828 1979 Ἐτοίο

250 2034 384 2086 μους
417 2019 622 2070 ποιεῖτε
651 2017 886 2080 πάντας·
919 2015 1155 2088 πάρεστι
1186 2017 1296 2089 γάρ
1323 2018 1350 2070 6
1380 2018 1593 2088 κριτής.
1628 2017 1830 2071 Πολλαὶ

245 2108 302 2160 δὲ
337 2107 548 2160 ἔσονται
575 2107 897 2176 σάλπιγγες,
927 2106 1062 2162 ἀλλά
1091 2107 1228 2179 πρὸς
1253 2110 1318 2180 τῇ
1350 2109 1555 2184 ἐσχάτῃ
1585 2110 1832 2181 καταδή-

249 2215 405 2252 σεται
446 2201 474 2251 6
505 2199 721 2271 κριτής.
758 2199 970 2272 Ὠσπερ
1001 2199 1109 2272 γὰρ
1139 2201 1167 2254 6
1199 2200 1388 2273 Πατὴρ
1438 2204 1495 2255 ὲν
1523 2201 1601 2273 τῷ
1634 2203 1831 2275 Σιναίῳ

245 2291 364 2361 ὄρει
388 2291 482 2344 καὶ
512 2291 820 2362 σάλπιγγας
843 2288 956 2364 εἶχε
987 2293 1081 2347 καὶ
1108 2293 1372 2362 ἀγγέλους
1401 2293 1827 2365 ὑπηρετοῦνταςο

245 2381 392 2436 οὕτω
426 2383 516 2437 καὶ
549 2385 577 2437 ὀ
629 2383 780 2454 Υἱὸς,
811 2385 886 2448 ὡς
917 2383 1192 2455 βασιλεύς.
1231 2384 1300 2439 Ἦ
1328 2386 1387 2438 τὸ
1421 2386 1520 2456 μὲν
1554 2387 1833 2458 κέλευσμά

244 2476 343 2528 τοῦ
374 2475 510 2528 Θεοῦ
537 2477 755 2548 ποιήσει
781 2477 878 2547 τὴν
907 2475 1014 2546 γῆν
1064 2475 1354 2531 ἀναδοῦναι
1387 2477 1456 2530 τὰ
1491 2475 1720 2548 σώματα
1749 2479 1830 2543 εἰς

246 2567 558 2638 ἀφθαρσίαν
583 2568 1013 2640 μεταποιηθέντα
1038 2584 1053 2599 ο
1104 2568 1166 2622 τὸ
1217 2569 1274 2622 δὲ
1304 2571 1382 2634 είς
1414 2569 1471 2623 ἓν
1503 2570 1830 2641 συναχθῆναι

247 2661 375 2722 τοὺς
413 2661 689 2732 πανταχοῦ
748 2660 1180 2732 διεσπαρμένους
1219 2662 1254 2732 ἡ
1287 2661 1437 2734 φωνὴ
1494 2661 1587 2716 τοῦ
1621 2662 1831 2736 ἀρχαγ-

247 2752 408 2820 γέλου
441 2753 745 2824 ἐνεργήσει,
778 2753 1025 2823 ἀγγέλων
1062 2754 1499 2826 ὑπηρετούντων.

320 2845 432 2899 Καὶ
460 2848 516 2900 οι
545 2844 745 2914 νεκροὶ
775 2846 868 2913 ⁸ιένν
929 2845 1163 2916 Χριστῷ
1195 2846 1649 2913 ἀναστήσονται
1679 2845 1833 2916 πρῶ-

246 2953 359 2992 τον
385 2937 455 2991 ⁸⁸.
487 2939 548 2992 Ol.
579 2938 763 3008 νεκροὶ
793 2939 850 2990 ὲν
890 2936 1131 3008 Χριστῷ,
1195 2939 1474 2992 τουτέστιν
1517 2938 1566 2990 οἱ
1628 2936 1829 2991 πιστοί.

251 3030 386 3083 “Ara
427 3029 534 3102 γὰρ
562 3030 848 3100 μέλλοντες
871 3030 1126 3100 αἴρεσθαι
1167 3031 1224 3083 ὲν
1247 3029 1522 3099 νεφέλαις,
1555 3029 1649 3084 καὶ
1683 3029 1834 3100 πρῶ-

247 3140 336 3177 ⁶¹τοι
367 3123 801 3193 ἀναστήσονταιο
836 3123 886 3176 οἱ
913 3123 970 3176 δὲ
1017 3123 1217 3188 λοιποὶ,
1282 3121 1524 3193 ἔσχατοι,
1574 3121 1650 3185 ὡς
1693 3122 1833 3192 μήτε

253 3215 621 3286 ἁρπάζεσθαι,
662 3216 799 3286 μήτε
829 3216 1076 3286 άπαντᾷν
1106 3214 1412 3285 μέλλοντες.

326 3307 567 3360 Ἔπειτα
615 3304 788 3374 ἡμεῖς
820 3307 873 3358 οὶ
929 3303 1161 3371 ζῶντες,
1227 3305 1281 3358 οι
1331 3305 1835 3373 περιλειπόμενοι,

249 3399 373 3470 ἅμα
403 3399 525 3453 σὺν
554 3397 764 3464 αὐτοῖς
815 3398 1283 3467 ἁρπαγησόμεθα
1325 3397 1396 3450 ἐν
1416 3396 1700 3467 νεφέλαις
1750 3399 1837 3464 εις

249 3492 599 3561 ἀπάντησιν
619 3491 725 3545 τοῦ
750 3492 969 3560 Κυρίου
991 3493 1078 3556 εις
1095 3489 1264 3560 ἀέρα,
1286 3489 1385 3544 καὶ
1409 3489 1562 3544 οὕτω
1579 3490 1838 3544 πάντοτε

249 3585 375 3640 σὺν
411 3585 608 3653 Κιιρίῳ
629 3584 916 3654 ἐσόμεθα.
948 3584 1012 3637 Ei
1046 3584 1140 3638 καὶ
1160 3583 1208 3638 οἱ
1243 3584 1431 3653 νεκροὶ
1460 3583 1666 3655 πρῶτοι
1693 3583 1836 3652 ἐγείο

257 3695 463 3750 ρονται,
525 3675 640 3730 ἀλλ’
699 3677 850 3744 ὅμως
878 3675 976 3728 καὶ
1032 3675 1194 3745 ἡμεῖς
1222 3675 1272 3728 οἱ
1303 3674 1505 3739 ζῶντες
1559 3675 1762 3744 ὁμοίως
1791 3675 1836 3708 ⁸⁵

251 3767 634 3840 ἁρπαζόμεθα,
657 3768 705 3821 oi
731 3765 872 3834 ἄξιοι
892 3765 1115 3838 δηλαδὴ,
1138 3767 1195 3819 ὲν
1225 3764 1494 3835 νεφέλαις,
1526 3763 1717 3834 ὥσπερ
1741 3765 1838 3820 καὶ

251 3861 344 3916 τὸν
373 3860 580 3933 Κύριον
595 3860 794 3931 νεφέλη
825 3859 1084 3917 ὑπέλαϐε.
1107 3858 1265 3923 Τίνος
1286 3857 1343 3914 δὲ
1363 3857 1570 3925 ἕνεκεν,
1594 3858 1641 3910 εί
1664 3873 1807 3912 κατα
1823 3885 1840 3900 ~

255 3951 463 4007 σαίνειν
493 3953 539 3984 ⁵⁸
563 3952 775 4024 μέλλει,
802 3951 1042 4022 ἁρπάζει
1064 3951 1191 4017 τοὺς
1225 3947 1480 4015 πιστούς;
1512 3948 1693 4019 Τιμῆς
1716 3947 1836 4003 ἓνε-

256 4062 374 4099 κεν.
413 4045 628 4116 Ὠσπερ
655 4043 790 4114 γὰρ,
819 4044 1093 4114 βασιλέως
1136 4043 1218 4106 εις
1246 4041 1401 4096 πόλιν
1427 4041 1834 4112 εἰσερχομένου,

255 4139 302 4190 oi
335 4137 432 4208 μὲν
466 4137 674 4208 ἔντιμοι
704 4136 1036 4202 ὑπαντῶσιν,
1073 4136 1121 4189 ol
1164 4134 1222 4191 δὲ
1267 4132 1549 4191 κατὰδικοι
1604 4132 1712 4187 ἔσω
1740 4133 1838 4204 μέ-

255 4227 512 4280 νουσιτδν
540 4227 730 4298 κριτήν
754 4243 768 4258 ο
795 4226 940 4281 οὕτω
965 4228 1059 4284 καὶ
1083 4226 1203 4281 τότε
1223 4241 1238 4257 ο
1270 4225 1319 4278 οἱ
1354 4224 1454 4296 μὲν
1489 4221 1631 4297 [οὖν]
1653 4225 1838 4294 ἁμαρ-

253 4315 422 4371 τωλοὶ
455 4317 676 4386 μένουσι
701 4315 872 4381 κάτω,
909 4316 1012 4373 κᾶν
1043 4314 1364 4386 Χριστιανοὶ
1398 4308 1530 4368 ὦσιν
1555 4328 1570 4344 ⁶
1602 4315 1650 4368 οἱ
1681 4312 1739 4366 δὲ
1758 4312 1838 4366 δί-

256 4423 403 4460 καιοι
437 4406 800 4478 ἀρπάζονται,
833 4406 928 4460 καὶ
956 4405 1100 4461 οὑτω
1133 4405 1193 4458 τὸ
1221 4404 1518 4475 κεφάλαιον
1545 4403 1655 4458 τῶν
1696 4405 1836 4474 ἀγα-

1933 546 2102 602 Porro
2136 562 2256 603 cum
2308 548 2405 617 ait,
2462 548 2576 605 Nos
2616 552 2708 622 qui
2749 552 2990 621 vivimus,
3045 569 3152 612 non
3204 559 3273 612 de
3326 559 3505 629 seipse

1931 639 2059 694 dicit
2085 639 2102 707 (
2128 655 2304 711 neque
2327 641 2470 696 enim
2499 644 2564 697 ad
2592 645 3045 701 resurrectionem
3074 662 3248 720 usque
3271 649 3507 704 victurus

1931 741 2048 784 erat
2077 731 2130 802 ),
2172 733 2265 787 sed
2320 733 2507 791 ﬁdeles
2563 736 2861 808 intelligit:
2909 749 3195 809 propterea
3269 741 3502 811 adjecit:

1934 821 2036 887 Qui
2070 820 2418 892 relinquimur
2461 827 2517 878 in
2567 827 2847 881 aduentum
2875 827 3111 884 Domini.
3151 829 3205 885 In
3240 846 3334 886 sua
3360 832 3505 888 enim

1933 929 2161 983 persona
2199 931 2387 972 omnes
2427 919 2516 986 qui
2554 930 2662 973 tum
2713 920 3056 977 invenientur
3103 923 3346 980 viventes
3419 926 3506 980 in-

1931 1008 2094 1062 dicat.
2122 1007 2320 1064 Beatus
2338 1024 2519 1065 autem
2539 1010 2862 1079 Methodius,
2886 1028 2984 1084 per
3005 1015 3269 1084 viventes,
3295 1018 3505 1072 animus

1933 1099 2208 1169 intelligit,
2240 1101 2340 1155 hoc
2369 1101 2570 1156 docens
2603 1104 2744 1172 quod
2782 1105 2977 1160 animus
3019 1123 3122 1162 non
3167 1117 3507 1164 antevertent

1932 1208 2184 1262 corpora.
2261 1193 2502 1248 Primum
2549 1197 2690 1250 enim
2750 1199 3064 1254 excitantur
3134 1215 3383 1269 corpora,
3449 1214 3508 1258 ut

1936 1285 2134 1340 animm
2213 1285 2464 1340 fruantur
2514 1286 2642 1353 illis,
2717 1304 2855 1358 quas
2914 1298 2974 1344 et
3051 1291 3278 1360 relinqui
3351 1292 3504 1359 dicit,

1933 1376 2368 1445 quandoquidem
2395 1377 2732 1434 immortales
2749 1380 2892 1448 sinu;

2077 1465 2243 1520 Vnus.
2300 1464 2386 1520 16.
2422 1464 2684 1532 Quoniam
2712 1469 2820 1529 ipse
2865 1467 3120 1524 Dominus
3169 1472 3224 1525 in
3248 1475 3426 1542 jussu,
3453 1474 3510 1527 in

1934 1574 2056 1613 voce
2107 1557 2435 1627 archangeli,
2474 1567 2524 1612 et
2571 1560 2623 1612 in
2665 1559 2788 1612 tuba
2822 1559 2919 1614 Dei
2967 1561 3236 1617 descendet
3265 1563 3330 1618 de
3360 1566 3505 1619 (mlo.

1934 1652 2013 1708 Ne
2065 1653 2287 1707 luesites
2347 1653 2402 1706 in
2446 1651 2530 1713 iis,
2585 1654 2780 1724 inquit,
2833 1671 2954 1725 qua:
3007 1658 3172 1712 dico:
3228 1675 3351 1714 nam
3393 1663 3506 1729 ipse

1939 1744 2197 1800 Dominus
2244 1743 2454 1814 jubebit
2508 1744 2630 1798 hoc.
2701 1744 2978 1811 Qnmnodo
3034 1758 3213 1804 autem
3268 1751 3512 1820 iubebit?

1866 1818 1908 1874 Β
1937 1835 2005 1892 In
2052 1852 2175 1892 voce
2225 1836 2548 1904 archangeli,
2587 1837 2680 1905 qui
2732 1837 2854 1893 aliis
2905 1839 3113 1909 angelis
3167 1818 3417 1911 praesidet
3456 1858 3511 1900 et

1943 1927 2141 1982 clamat
2175 1944 2191 1981 :
2223 1927 2497 1996 Apparate
2543 1942 2641 1981 vos
2674 1942 2864 1982 omnes
2899 1945 2915 1982 :
2940 1929 3102 1996 jndex
3135 1932 3279 1984 enim
3314 1945 3511 2001 praesto

1919 2030 2039 2088 est.
2093 2018 2271 2074 Multae
2323 2029 2506 2077 autem
2562 2030 2725 2075 erunt
2767 2019 2931 2086 tnbre,
2971 2023 3064 2076 sed
3097 2023 3161 2076 ad
3207 2034 3507 2080 extremam

1938 2110 2230 2166 descendet
2259 2110 2444 2180 jndcx.
2493 2109 2645 2165 Sicut
2669 2111 2813 2164 enim
2846 2109 3007 2165 Pater
3041 2110 3097 2166 in
3151 2125 3334 2170 mante
3380 2115 3508 2171 Sina

1938 2203 2098 2257 tubas
2139 2202 2373 2257 habebat
2413 2211 2468 2256 et
2520 2203 2742 2272 angelos
2784 2203 3156 2260 ministrantes
3192 2223 3208 2275 ς
3239 2206 3318 2262 sic
3345 2209 3507 2264 etiam

1921 2292 2132 2370 lFilius,
2177 2292 2344 2347 veluti
2388 2308 2478 2347 rex
2537 2302 2628 2347 aut
2665 2291 2978 2363 imperator,
3008 2296 3195 2350 eadem
3227 2297 3511 2354 habiturus

1939 2395 2040 2442 est.
2072 2385 2193 2450 Vel,
2227 2385 2404 2455 jussio
2438 2384 2531 2440 Dei
2565 2383 2729 2440 faciet
2782 2396 2990 2440 terram
3027 2388 3249 2443 reddere
3280 2404 3509 2461 corpora

1938 2480 2008 2537 ad
2029 2478 2592 2547 incorruptibilitatem
2623 2476 3036 2532 transformata.
3072 2477 3139 2534 Ut
3167 2495 3294 2535 vero
3323 2497 3513 2538 ontnes

1940 2570 1996 2625 in
2028 2585 2194 2624 unum
2246 2568 2570 2638 colligantur
2597 2582 2693 2638 per
2724 2568 2938 2624 diversa
2969 2568 3083 2623 loca
3113 2569 3367 2639 dispersi,
3405 2587 3508 2634 vox

1941 2662 2252 2736 archangeli
2294 2663 2514 2727 elliciet,
2562 2663 2769 2732 angelis
2809 2663 3335 2724 administrantibus.

2015 2843 2082 2898 Et
2105 2844 2302 2900 mortui
2335 2844 2391 2898 in
2436 2841 2646 2899 Christo
2685 2855 2952 2916 resurgent
2979 2847 3159 2916 primi.
3212 2847 3265 2904 In
3295 2820 3514 2906 Christo

1941 2937 2159 3002 mortui,
2203 2937 2254 2992 id
2304 2945 2388 2992 est
2455 2936 2659 2992 ﬁdeles.
2695 2933 2832 2992 Nam
2885 2938 3138 3007 quoniam
3177 2939 3230 2993 in
3279 2943 3509 2998 nubibus

1939 3028 2253 3084 sublevandi
2311 3035 2458 3093 sunt,
2509 3028 2666 3097 primi
2728 3038 3008 3098 resurgenl
3058 3045 3072 3083 :
3127 3032 3308 3084 caeteri
3365 3047 3510 3091 vero.

1942 3119 2235 3190 postremi;
2271 3118 2470 3189 quippe
2505 3118 2596 3188 qui
2638 3132 2814 3189 neque
2857 3118 3100 3187 rapiendi
3150 3132 3295 3187 sunt,
3339 3141 3510 3190 ncq'l'e

1939 3210 2246 3269 occursuri.

2008 3301 2173 3369 Vens,
2201 3301 2289 3356 17.
2342 3298 2538 3356 Deinde
2585 3311 2633 3355 et
2689 3317 2785 3355 nos
2815 3301 2908 3372 qui
2951 3300 3190 3363 vicimus,
3229 3299 3318 3368 qni
3351 3301 3510 3350 relin-

1937 3393 2172 3465 quimur,
2203 3391 2359 3446 simul
2386 3407 2507 3446 cum
2537 3391 2661 3460 ipsis
2679 3392 2945 3459 rapiemus
2970 3389 3024 3441 in
3065 3385 3287 3440 nubibus
3309 3387 3512 3440 obviam

1939 3485 2164 3540 Domino
2199 3485 2254 3539 in
2279 3500 2406 3538 aera
2427 3493 2508 3550 ,ει
2530 3484 2608 3538 sic
2641 3498 2843 3552 semper
2881 3497 2996 3536 cum
3033 3479 3261 3533 Domino
3292 3478 3512 3533 erimus.

1939 3578 2052 3635 Etsi
2096 3577 2290 3634 mortui
2321 3577 2480 3647 522
2514 3577 2670 3645 primi
2701 3576 3024 3640 excitentur,
3058 3582 3296 3627 attamen
3330 3581 3385 3626 et
3412 3585 3514 3627 nos

1938 3670 2182 3726 viventes
2247 3668 2502 3724 similiter
2567 3666 2859 3736 rapiemur,
2915 3663 3060 3734 digiti
3120 3658 3396 3722 vidtlicet,
3460 3659 3512 3712 in

1938 3761 2192 3828 nubibus,
2222 3759 2444 3831 perinde
2484 3774 2551 3814 ac
2599 3756 2881 3816 Dominum
2913 3769 3129 3827 quoque
3171 3754 3342 3807 nubes
3381 3765 3490 3806 sus-

1937 3853 2100 3923 cepit.
2140 3851 2309 3924 Cujus
2363 3860 2541 3906 antem
2585 3849 2660 3908 rei
2692 3863 2876 3914 causa,
2921 3847 2968 3902 si
3014 3847 3378 3906 descensurus
3408 3853 3514 3906 est,

1944 3946 2083 4015 rapit
2111 3942 2340 3998 ﬁdeles?
2361 3941 2589 3998 Honoris
2614 3956 2799 3997 causa.
2834 3937 2903 4002 Ut
2925 3938 3070 3996 enim
3100 3937 3209 4007 regi
3243 3935 3294 3989 in
3327 3935 3512 3989 urbem

1937 4029 2264 4100 ingredienti
2333 4031 2707 4086 honoratiores
2785 4035 3103 4091 occurrunt,
3171 4021 3510 4078 condemnati

1939 4135 2120 4180 autem
2165 4123 2308 4178 intus
2331 4130 2652 4191 exspectant
2675 4119 2915 4190 judicem
2953 4136 2968 4174 :
3003 4117 3082 4174 sic
3113 4124 3168 4172 et
3217 4125 3328 4170 tum
3383 4131 3514 4170 con-

1941 4219 2110 4290 tinget
2141 4234 2156 4286 ;
2187 4223 2502 4288 peccatores
2532 4215 2752 4284 quidem
2792 4211 3089 4267 manebunt
3113 4209 3278 4274 inira,
3304 4207 3513 4262 etiamsi

1944 4311 2240 4367 Christiani
2273 4308 2478 4367 fuerint
2521 4324 2535 4365 :
2587 4305 2719 4376 justi
2751 4318 2879 4360 vero
2927 4304 3215 4372 rapiuntur
3242 4338 3259 4366 ,
3306 4299 3517 4368 hocque

1939 4415 2103 4476 pacto
2160 4419 2426 4464 summam
2496 4401 2763 4463 bonorum
2812 4397 3076 4466 referent,
3151 4397 3408 4458 nimirum
3457 4403 3518 4448 ut

257 4495 368 4550 θῶν
397 4494 758 4566 καρποῦνται,
805 4496 866 4550 τὸ
901 4495 1136 4550 πάντοτε
1190 4498 1430 4550 συνεῖναι
1472 4495 1710 4550 Χοιστοῢ
1757 4493 1832 4567 [ι’.

1943 4517 2159 4572 semper
2191 4515 2314 4556 cum
2349 4499 2569 4556 Christo
2605 4497 2736 4553 sint.

257 4587 527 4643 ΧριστῷῙ.

349 4603 482 4640 ιστω
513 4628 527 4643 ο

312 4587 512 4736 ξὨστὲ
564 4678 964 4750 παρακαλεῖτε
1018 4677 1333 4746 ἀλλήλους
1371 4680 1440 4733 ἐν
1476 4678 1602 4746 τοῖς
1633 4678 1840 4748 λόγοις

255 4774 513 4839 τούτοις.
555 4774 698 4844 Πρὸς
723 4772 784 4826 τὸ
812 4772 889 4846 μὴ
939 4771 1228 4827 λυπεῖσθαι
1266 4772 1341 4835 ὡς
1372 4771 1468 4824 καὶ
1496 4772 1545 4823 oi
1580 4771 1756 4824 λοιποὶ
1787 4770 1837 4824 οἱ

259 4867 337 4938 μὴ
367 4864 678 4932 ἐλπίζοντες
704 4865 750 4897 ⁸⁷
779 4862 1100 4921 ἀνάστασιν.

841 4979 1092 5034 ΚΕΦΑΔ.
1125 4977 1201 5033 Ε’.

332 5091 470 5161 Περὶ
500 5092 568 5148 δὲ
595 5094 714 5147 τῶν
745 5093 982 5163 χρόνων
1007 5090 1106 5144 καὶ
1129 5087 1250 5144 τῶν
1277 5090 1521 5158 καιρῶν,
1561 5090 1832 5158 ἀδελφοτ,

255 5187 331 5240 οὐ
348 5186 558 5255 χρείαν
578 5186 748 5256 ἔχετε
774 5185 1104 5255 γράφεσθαι
1133 5182 1292 5252 ὑμῖν.
1313 5182 1570 5253 Περιττὸν
1591 5184 1698 5253 γάρ
1719 5183 1836 5236 ἐστι

257 5277 355 5328 καὶ
391 5275 712 5347 ἀσύμφορον
765 5276 826 5328 τὸ
875 5274 1004 5337 τοὺς
1038 5272 1268 5344 καιροὺς
1311 5273 1408 5325 καὶ⁹
1450 5272 1576 5334 τοὺς
1613 5272 1837 5342 χρόνους

257 5371 358 5440 τῆς
384 5369 693 5431 συντελείας
717 5368 938 5421 εἰδέναι.
967 5365 1074 5418 Καὶ
1101 5367 1210 5434 γὰρ
1239 5363 1361 5417 οὐδὲ
1381 5366 1492 5427 τοῖς
1519 5363 1837 5427 ἀποστόλοις

258 5463 561 5531 ἐξεκάλυψε
611 5459 772 5516 τοῦτο
816 5462 843 5512 ὁ
877 5456 1100 5528 Κύριος,
1131 5457 1218 5512 ὅτε
1267 5457 1583 5528 προσιόντες
1607 5457 1835 5527 ἠρώτων

372 5584 599 5650 tAcm,
628 5581 684 5635 7.

2017 4681 2179 4739 Vens.
2218 4679 2305 4740 18.
2356 4677 2545 4748 Itaque
2585 4672 2932 4734 consolamini
2975 4671 3195 4733 invicem
3250 4669 3310 4725 in
3351 4666 3518 4723 verbis

1946 4775 2083 4830 istis.
2128 4772 2197 4829 Ut
2231 4788 2338 4827 non
2383 4767 2803 4832 comurbemini,
2841 4775 3159 4821 caeterorum
3195 4763 3384 4828 instar,
3423 4760 3516 4832 qui

1947 4868 2400 4924 resurrectionem
2437 4878 2542 4918 non
2578 4869 2818 4930 sperant.

2559 4971 2788 5030 CAPUT
2830 4969 2892 5026 ν.

2013 5093 2180 5146 Vens.
2218 5090 2269 5144 1.
2305 5088 2377 5142 De
2413 5087 2732 5156 temporibus
2773 5094 2948 5136 autent
2992 5092 3038 5135 et
3076 5080 3370 5141 momentis,
3401 5079 3519 5148 fra-

1941 5197 2065 5250 tres,
2115 5201 2216 5239 nou
2250 5183 2495 5252 indigetis
2545 5192 2598 5234 ut
2645 5179 2940 5234 scribamus
2982 5177 3142 5229 robis.
3183 5173 3517 5243 Supervaca-

1945 5293 2104 5332 neum
2131 5276 2274 5330 enim
2305 5284 2386 5328 est
2406 5283 2460 5329 et
2493 5271 2696 5330 inutile.
2729 5279 2970 5337 tempora
3003 5275 3056 5320 et
3089 5273 3359 5320 momenta
3391 5279 3520 5316 con-

1945 5367 2324 5423 summationis
2376 5357 2660 5416 nnvissei.
2695 5357 2828 5411 Nam
2885 5372 3056 5423 neque
3101 5355 3361 5423 apostolis
3415 5353 3518 5406 hoc

1950 5459 2226 5515 revelavit-
2247 5455 2526 5522 Dominus,
2567 5449 2784 5522 quando
2835 5448 3155 5504 accedentes
3212 5448 3382 5517 ipsmn
3430 5459 3512 5500 ro-

1609 5671 1807 5733 Varius
1842 5670 2169 5732 lectiones.

331 5787 376 5816 δ’
410 5782 621 5855 πρῶτοι
646 5798 697 5834 o.
779 5777 821 5808 "
843 5774 978 5848 ὁμοῦ
1007 5791 1060 5831 o.
1139 5773 1183 5806 “
1215 5772 1522 5844 καταβῆναι
1551 5791 1602 5828 ο.

1709 5773 1746 5800 λ⁷
1781 5770 1994 5842 ἔχοντες
2018 5784 2070 5822 o.
