3994 6570
292 368 426 433 i317

1030 362 1434 424 EXPOSITIO
1471 362 1551 423 IN
1589 362 1827 423 EPIST.
1872 358 1899 419 I
1941 355 2346 425 AD'THESS.
2378 383 2445 400 -ι
2483 362 2643 424 CAP.
2688 364 2757 423 V.

3385 359 3521 427 1318

282 479 474 550 ιμελλε
506 477 600 532 καὶ
621 476 802 540 αὐτοῖς
834 475 1041 547 ἀδήλως
1070 476 1393 543 ἐφίστασθαι
1423 474 1725 545 ήτελευτὴ,
1757 471 1859 526 κᾶν

1971 471 2104 539 Quid
2167 474 2330 529 inde?
2364 489 2542 531 nonne
2568 484 2623 529 et
2678 472 2786 528 illis
2831 486 2980 528 mors
3035 470 3243 530 incerto
3302 482 3543 546 tempore

288 573 365 643 μὴ
385 571 686 640 ἀκάθαρτοι
716 566 891 641 ἧσαν;
940 568 1178 640 Ἀδήλως
1212 568 1314 635 μὲν
1345 567 1723 637 ἐπιστήσεται,
1741 565 1854 619 ἀλλ’

284 662 459 718 οὐδενὶ
490 662 686 726 αὐτοὺς
719 660 1004 731 περιϐαλεῖ
1032 659 1279 730 λυπηρῷ.
1301 660 1411 714 Καὶ
1429 659 1536 730 γὰρ
1559 661 1670 721 τοῖς
1691 659 1858 726 ἐγρη-

287 754 496 825 γορόσι,
536 754 632 807 καὶ
685 753 742 806 ὲν
803 751 942 822 φωτὶ
992 748 1134 815 οὖσι,
1158 749 1262 805 κᾶν
1295 749 1522 821 γένηταί
1548 765 1632 812 τις
1655 746 1859 807 εἴσοδος

288 843 509 916 λῃστοῦ,
563 842 715 896 οὐδὲν
769 840 1118 911 λυμήνασθαι
1171 840 1483 911 δυνήσεται,
1540 839 1666 901 τοὺς
1710 836 1767 891 δὲ
1800 837 1858 889 ὲν

291 935 473 990 σκότει
494 935 590 988 καὶ
620 932 977 995 καθεύδοντας
1015 929 1309 1001 γυμνώσας
1330 932 1357 983 ὁ
1383 928 1585 1001 λῃστὴς
1614 927 1821 981 ἄπεισι.

358 1195 586 1263 Πάντες
607 1197 719 1267 γὰρ
747 1194 919 1266 ὑμεῖς
968 1196 1085 1250 vloi
1120 1196 1312 1265 φωτός
1367 1195 1528 1257 ἐστε,
1588 1195 1686 1250 καί
1741 1196 1858 1250 υἱοὶ

288 1289 537 1359 ἡμέρας.
563 1289 774 1358 Ὥσπερ
791 1289 897 1341 υἱοὶ
918 1287 1165 1357 γεέννης,
1181 1289 1228 1340 οἱ
1254 1287 1378 1353 ἄξια
1395 1288 1618 1357 γεέννης
1647 1285 1862 1341 ποιοῦν-

288 1399 415 1448 τες,
446 1381 540 1435 καὶ
569 1383 673 1434 υἱοὶ
695 1380 999 1443 ἀπειθείας,
1039 1380 1088 1432 oi
1122 1379 1398 1443 ἀπειθείς’
1430 1379 1574 1433 οὕτω
1614 1380 1721 1438 υἱοὶ
1748 1397 1863 1449 φω-

288 1475 379 1540 τὸς
400 1476 493 1529 καὶ
530 1473 762 1546 ἡμέρας,
794 1474 842 1527 οἱ
867 1474 935 1531 τὰ
959 1472 1052 1528 τοῦ
1077 1473 1252 1541 φωτὸς
1279 1474 1631 1545 πράττοντες.

362 1656 484 1709 Οὐκ
518 1652 707 1724 ἐσμὲν
746 1652 986 1720 νυκτὸς,
1027 1651 1171 1707 οὐδὲ
1222 1651 1505 1719 σκότους.
1570 1651 1862 1707 Τουτέοτιν

291 1740 585 1816 ἁμαρτίας.

1959 567 2258 620 obvemura
2312 576 2452 629 erat.
2485 567 2698 622 etiamsi
2746 566 2941 636 impuri
2976 581 3082 623 non
3115 567 3541 625 erant‘llncerto

1957 655 2172 724 quidem
2207 664 2450 724 tempore
2480 656 2722 720 instabit,
2753 657 2847 712 sed
2898 664 3080 711 tamen
3115 656 3169 710 in
3221 658 3421 712 nullam
3447 672 3542 713 eos

1960 746 2235 802 tristitiam
2271 747 2542 818 conjiciet.
2576 747 2713 804 Nam
2757 749 3012 806 excubias
3071 750 3354 820 agentibus
3394 765 3565 814 com»

1964 837 2414 906 morantibusque
2479 838 2532 893 in
2595 839 2737 905 luce,
2804 840 3020 896 etiamsi
3081 840 3267 910 prado
3348 841 3542 910 aliquis

1960 925 2238 995 ingressus
2290 925 2474 991 fuerit,
2511 927 2642 982 nihil
2676 929 2914 994 nocebit,
2965 944 3140 1000 neque
3172 940 3385 986 vastare
3440 944 3537 986 eos

1960 1018 2182 1088 poterit.
2216 1017 2324 1075 Eos
2374 1032 2504 1074 vero
2560 1022 2650 1090 qui
2687 1029 2814 1075 sunt
2843 1021 2897 1075 in
2947 1020 3187 1078 tenebris
3216 1030 3379 1092 atque
3411 1023 3535 1078 dor-

1963 1110 2154 1177 miunt,
2187 1111 2425 1181 spolians
2458 1122 2618 1181 atque
2648 1113 2860 1167 nudans
2892 1113 3026 1168 abit.

2036 1201 2195 1256 Vsus.
2219 1200 2254 1255 5
2276 1200 2493 1274 .Omnes
2524 1204 2660 1256 enim
2692 1217 2781 1254 nos
2847 1202 2951 1270 ﬁlii
2997 1201 3129 1257 lucis
3185 1205 3412 1268 estis,“
3443 1203 3544 1272 ﬁlii

1958 1293 2085 1347 diei.
2137 1292 2370 1349 Perinde
2417 1309 2482 1349 ac
2512 1294 2609 1349 ﬁlii
2667 1302 2795 1348 sunt
2837 1293 3116 1363 gehennae,
3169 1296 3257 1363 qni
3296 1296 3543 1364 gehenna

1961 1383 2120 1454 digna
2148 1394 2432 1455 peragunt,
2465 1400 2530 1441 ac
2560 1385 2654 1441 ﬁlii
2701 1385 3099 1449 inobedienlim,
3131 1384 3540 1441 inobedientes:

1963 1476 2102 1530 haud
2136 1493 2294 1533 secus
2324 1477 2417 1533 ﬁlii
2452 1486 2581 1533 sunt
2608 1477 2827 1533 luminis
2844 1486 2921 1533 “ac
2947 1477 3074 1545 diei,
3124 1476 3216 1548 qui
3246 1491 3365 1548 quae
3399 1476 3539 1534 lucis

1961 1578 2086 1624 Sunt
2118 1568 2345 1625 faciunt.

2034 1657 2160 1713 Non
2201 1676 2379 1715 sumus
2422 1661 2613 1726 noctis,
2660 1675 2821 1731 neque
2868 1659 3225 1716 tenebrarum.
3281 1658 3394 1716 Hoc
3462 1667 3546 1717 cst

1964 1751 2169 1819 peccati

363 1812 507 1903 'dpa
541 1831 656 1890 οὖν
678 1833 764 1905 μὴ
794 1834 1189 1904 καθεύδωμεν,
1223 1834 1303 1901 ὡς
1334 1834 1434 1889 καὶ
1487 1835 1540 1889 oi
1562 1836 1762 1888 λοιποι
1790 1835 1855 1901 ⁸⁸,

1971 1812 1978 1819 ν
2036 1842 2194 1898 Vsas.
2236 1843 2289 1896 6.
2333 1842 2458 1897 Non
2507 1844 2671 1913 igitur
2715 1844 3062 1910 dormiamus,
3100 1855 3155 1899 ιιι
3205 1849 3401 1916 ewleri,
3451 1851 3542 1904 sed

287 1926 453 1983 ἀλλὰ
499 1927 896 1997 γρηγορῶμεν,
952 1927 1049 1983 καὶ
1107 1927 1409 1997 νήφωμεν.
1456 1927 1737 1992 Τουτέστι,
1768 1927 1860 1993 Μὴ

289 2019 584 2091 ἀμελῶμεν
614 2022 722 2073 τῶν
757 2021 936 2073 καλῶν
963 2021 1159 2089 ἔργων.
1204 2021 1484 2084 Ἐπίτασις
1513 2021 1569 2074 δὲ
1595 2021 1862 2091 ἐγρηγόρ-

292 2130 430 2177 σεως
451 2113 511 2165 τὸ
532 2114 745 2183 νήφειν.
778 2115 930 2167 Ἐστι
956 2115 1061 2184 γὰρ
1101 2114 1463 2185 ἐγρηγορέναι
1490 2116 1609 2185 μὲν,
1655 2115 1731 2185 μὴ
1764 2115 1862 2184 ui)-

290 2221 411 2274 φειν
432 2204 487 2256 δέ
508 2221 521 2235 ο
547 2204 624 2269 ώς
657 2205 721 2258 ἂν
754 2207 802 2257 εἰ
833 2206 988 2274 ἔλεγε
1007 2221 1021 2235 ⁸
1048 2206 1345 2277 Νηφόντως
1373 2206 1443 2260 τὰ
1472 2205 1652 2276 ἁγαθά
1674 2205 1862 2277 πράτι-

287 2315 473 2366 τωμεν
503 2298 598 2351 καὶ
627 2298 1028 2370 προσεκτικῶς.

365 2393 429 2444 Οί
453 2389 564 2459 γὰρ
590 2390 1005 2456 καθεύδοντες,
1024 2388 1245 2455 νυκτὸς
1273 2389 1658 2447 καθεύδουσι·
1684 2393 1781 2447 καὶ
1807 2395 1863 2449 οι

285 2482 746 2552 μεθυσκόμενοι,
772 2484 992 2547 νυκτὸς
1011 2482 1367 2549 μεθύουσιν.
1408 2483 1597 2552 Ἡμεῖς
1633 2484 1702 2541 δὲ
1724 2486 1865 2556 ἠμέν

285 2588 401 2642 ρας
450 2572 640 2639 ὄντες,
667 2571 970 2642 νήφωμεν.
1006 2571 1380 2637 Καθεύδοντας
1424 2575 1552 2637 τοὺς
1599 2576 1655 2629 ὲν
1695 2578 1865 2648 κακίᾳ

292 2662 479 2733 φησιν,
502 2662 576 2724 ώς
603 2662 999 2740 ἀνενεργήτους
1026 2661 1162 2732 πρὸς
1184 2661 1283 2734 τὴν
1306 2664 1530 2734 ἀρετὴν,
1561 2665 1655 2718 καὶ
1687 2666 1863 2727 πάντα

293 2753 816 2823 φαιιτασιουμένους.
882 2752 1119 2807 Τοιαῦτα
1160 2754 1270 2826 γὰρ
1326 2753 1397 2807 τά
1440 2754 1536 2808 τοῦ
1597 2756 1865 2826 παρόντος

293 2844 433 2916 βίου,
469 2845 763 2915 ὀνειράτων
794 2844 947 2898 οὐδὲν
971 2845 1319 2917 διαφέροντα.
1357 2833 1517 2902 Ἀ’λλά
1570 2849 1665 2902 καὶ
1693 2848 1865 2922 μέθην

288 2935 460 3007 λέγει,
490 2936 550 2990 οῦ
582 2937 679 3008 τὴν
710 2936 768 3003 ἐξ
787 2936 931 2990 οἴνου
966 2936 1151 3006 μόνον,
1182 2936 1320 2991 ἀλλά
1344 2936 1438 2990 καὶ
1466 2937 1565 3008 τὴν
1598 2939 1704 2991 ἀπὸ
1732 2940 1866 2992 πάν-

292 3046 400 3082 των
434 3027 542 3081 τῶν
571 3028 778 3093 παθῶν,
807 3028 882 3093 ώς
912 3027 1211 3095 ἐξιστῶσαν
1246 3029 1340 3082 τοῦ
1370 3028 1512 3084 κατά
1542 3031 1723 3099 φύσιν,
1771 3030 1865 3083 καὶ

294 3119 646 3185 σκοτίζουσαν
667 3119 726 3172 τὺ
751 3120 1097 3190 ἡγεμονικόν.
1124 3120 1200 3173 Οὐ
1231 3120 1413 3173 τοίνυν
1440 3121 1598 3191 ὑμεῖς
1624 3121 1862 3193 ὀφείλετε

293 3212 526 3268 τοιοῦτοι
554 3208 716 3266 εἶναι.
749 3215 824 3267 Οὐ
856 3214 964 3284 γάρ
995 3215 1119 3267 ἐστε
1147 3213 1342 3279 νυκτὸς
1371 3216 1465 3269 καὶ
1488 3214 1712 3278 σκότους
1736 3215 1862 3281 uiui,

292 3303 407 3358 ἀλλ’
435 3304 669 3375 ἡμέρας,
698 3304 788 3363 διὰ
846 3305 940 3358 τοῦ
977 3305 1357 3377 βαπτίσματος
1391 3307 1485 3360 καὶ
1513 3307 1613 3380 τῆς
1645 3305 1752 3362 τῶν
1777 3308 1865 3367 ὲν-

292 3395 464 3449 τολῶν
486 3395 580 3448 τοῦ
607 3394 742 3449 Θεοῦ
769 3395 1102 3468 παραδοχῆς.

380 3655 814 3726 Ἐνδυσάμενοι
867 3655 1100 3726 θώρακα
1154 3671 1417 3726 πίστεως
1472 3660 1570 3714 καί
1606 3660 1863 3732 ἀγάπης.

295 3749 411 3803 Οὐκ
440 3748 600 3820 ἀρκεῖ
628 3748 688 3801 τὸ
714 3747 1073 3821 ἐγρηγορέναι
1103 3747 1197 3807 καὶ
1225 3750 1435 3820 νήφειν,
1466 3749 1603 3807 ἀλλά
1650 3751 1734 3806 δεῖ
1776 3754 1868 3809 καὶ

296 3838 697 3895 καθωπλίσθαι.
737 3839 836 3891 “Av
866 3839 977 3910 γάρ
1014 3857 1097 3903 τις
1127 3840 1446 3912 ἐγρηγορὼς
1541 3844 1633 3897 κα)¹
1660 3846 1865 3915 νήφων,

300 3932 375 4004 μὴ
426 3932 527 4007 ἔχῃ
555 3932 610 3985 δὲ
639 3933 800 3996 ὅπλα,
822 3932 1032 4002 ταχέως
1084 3928 1248 3988 αὐτὸν
1277 3936 1325 3987 οι
1365 3935 1564 4006 λῃσταὶ
1589 3938 1869 4008 κατεργά-

298 4022 504 4086 ζονται.
557 4021 800 4089 Θώρακα
832 4020 889 4074 δὲ
920 4022 1177 4086 πίστεως
1223 4021 1321 4076 καὶ
1358 4021 1618 4091 ἀγάπης,
1663 4024 1865 4090 εἰπὼν,

296 4116 542 4186 δόγματα
568 4113 661 4168 καὶ
690 4113 803 4184 βίον
829 4112 1033 4181 ἀγαθὸν
1064 4112 1312 4185 ᾐνίξατο·
1344 4113 1500 4167 τοῦτό
1534 4118 1649 4168 ἐστι
1673 4115 1735 4168 τὸ
1781 4115 1869 4170 ὅν-

298 4225 406 4273 τως
435 4209 648 4278 νήφειν,
674 4207 786 4276 Οὐχ
816 4206 1001 4269 ἁπλῶς
1047 4206 1103 4259 δὲ
1133 4206 1215 4259 δεῖ
1244 4206 1415 4261 ταῦτα
1448 4206 1613 4281 ἔχειν,
1649 4208 1764 4262 ἀλλ’
1794 4209 1870 4273 ώς

298 4301 545 4372 θώρακα.
578 4300 779 4355 Τοῦτον
833 4301 941 4369 γὰρ
970 4300 1120 4354 οὐδὲν
1158 4299 1356 4372 ῥᾳδίως
1406 4282 1705 4372 διατέμνει,
1753 4301 1869 4355 ἀλλ’

296 4389 411 4450 οἷόν
447 4410 502 4446 τι
520 4393 722 4461 τειχίον
747 4391 865 4445 ἐστὶ
891 4392 969 4462 τῷ
997 4391 1204 4462 στήθει,
1238 4392 1333 4446 καὶ
1361 4392 1515 4448 οὐδὲν
1558 4391 1668 4449 τῶν
1692 4408 1870 4446 πεπυ-

301 4484 559 4555 ρωμένων
585 4483 678 4539 τοῦ
701 4482 951 4540 διαϐόλου
987 4483 1159 4554 βελῶν
1193 4482 1394 4553 ἅψεται
1426 4484 1603 4555 ἡμῶν.

366 4660 478 4716 Καὶ
499 4660 971 4730 περικεφαλαίαν
995 4660 1213 4719 ἐλπίδα
1239 4660 1534 4730 σωτηρίας
1560 4661 1626 4717 ⁸³.
1662 4662 1871 4734 Ὠσπερ

280 4756 333 4828 Δἡ
357 4755 761 4826 περικεφαλαία
785 4754 844 4807 τὸ
868 4753 1206 4825 κυριώτατον
1234 4755 1293 4805 ἐν
1325 4755 1455 4824 ἡμῖν
1484 4755 1583 4825 τὴν
1628 4753 1871 4825 κεφαλὴν

280 4846 465 4912 ’σώζει
524 4850 618 4905 καὶ
675 4846 924 4917 διατηρεῖ
977 4845 1289 4899 σκέπουσα*
1328 4843 1471 4899 οὕτω
1501 4845 1660 4917 καὶὴ
1715 4846 1872 4910 ἐλπὶς

299 4941 558 5010 φυλάττει
585 4939 678 4993 τὸν
707 4939 852 5006 νοῦν,
900 4938 995 4996 καὶ
1026 4940 1299 5010 σωτήριον
1327 4937 1477 5009 αὑτῷ
1501 4937 1773 4992 δείκνυται
1802 4938 1873 5005 ⁸⁸,

284 5033 449 5088 ὀὐδὲν
476 5032 586 5091 τῶν
616 5033 812 5101 ἔξωθεν
841 5033 924 5096 είς
970 5030 1130 5085 αὐτὸν
1163 5032 1352 5084 πεσεῖν
1403 5031 1570 5086 ἐῶσα.
1607 5031 1750 5104 Ὀρα
1781 5032 1873 5092 οὖν

295 5125 328 5181 ὃ
361 5128 457 5180 καὶ⁸
485 5124 717 5196 ἀλλαχοῦ
781 5121 905 5177 εἷπε
929 5140 943 5155 ο
1000 5124 1213 5190 Πίστιν,
1270 5122 1489 5194 ἐλπίδα,
1538 5124 1779 5196 ἀγάπην,
1804 5126 1872 5183 τὰ

299 5217 427 5288 τρία
456 5214 630 5271 ταῦτα
653 5256 667 5282 ,
717 5215 809 5269 καὶ
842 5216 938 5269 νῦν
962 5216 1194 5271 κτᾶσθαι
1224 5214 1461 5272 κελεύει.

372 5308 495 5362 Ὅτι
521 5309 631 5362 οὐκ
661 5308 826 5362 ἔθετο
844 5308 1001 5378 ἡμᾶς
1027 5312 1060 5364 ὁ
1094 5307 1239 5375 Θεὸς
1266 5306 1353 5376 εἷς
1386 5308 1591 5380 ὀργὴν,
1614 5312 1752 5367 ἀλλ’
1785 5316 1871 5381 είς

299 5399 686 5475 εεάσξρέῃσιν
721 5402 1036 5470 σωτηρίας,
1065 5402 1162 5456 διὰ
1182 5402 1287 5456 τοῦ
1315 5405 1537 5472 Κυρίου
1564 5405 1731 5475 ἡμῶν
1764 5407 1869 5475 Ἰητ-

379 5460 554 5480 ν-δ-δοσ

409 5554 439 5584 ο
480 5542 499 5598 Ι
541 5543 669 5599 Cor.
731 5560 850 5610 xm,
903 5544 991 5600 16.

1972 1933 2267 2003 vigilemus,
2295 1943 2344 1987 et
2391 1934 2555 1988 sobrii
2578 1937 2764 1989 simus.
2798 1933 2910 1990 Hoc
2932 1944 3036 2002 est,
3064 1950 3174 1990 non
3209 1937 3542 2009 negligamus

1964 2026 2103 2080 bona
2142 2038 2329 2093 opera.
2363 2022 2666 2092 Vigilantiat
2712 2034 2888 2082 autem
2917 2026 3151 2082 intensio
3175 2036 3260 2081 est
3291 2027 3537 2087 sobrium

1962 2131 2084 2171 esse
2110 2133 2124 2170 :
2151 2117 2265 2170 ﬁeri
2301 2116 2444 2171 enim
2477 2127 2672 2185 potest,
2705 2125 2764 2171 ut
2807 2117 2929 2187 quis
2964 2117 3169 2188 vigilet,
3215 2134 3316 2175 nec
3364 2130 3540 2176 tamen

1964 2207 2037 2262 sit
2088 2206 2348 2261 sobrius:
2382 2206 2605 2275 perinde
2652 2207 2809 2276 quasi
2863 2207 3030 2274 dicat,
3086 2208 3278 2265 Sobrie
3317 2225 3541 2282 agamus

1963 2311 2082 2368 qua:
2121 2299 2258 2352 bona
2289 2307 2437 2363 sunt,
2472 2306 2528 2352 et
2549 2304 2775 2353 attente.

2036 2388 2273 2447 “235.7.
2314 2388 2418 2455 Qui
2460 2390 2599 2443 enim
2631 2389 2899 2447 dormiunt
2955 2401 3106 2448 nocte
3155 2393 3461 2449 dormiunt:
3491 2405 3542 2451 et

1961 2483 2051 2550 qui
2098 2480 2229 2535 ebrii
2279 2489 2402 2535 sunt
2424 2491 2572 2535 nocte
2614 2482 2745 2536 ebrii
2777 2493 2940 2549 sunt;
2969 2501 3063 2539 nos
3116 2495 3290 2540 autem
3316 2487 3406 2557 qui
3437 2487 3543 2542 diei

1965 2587 2165 2638 sumus,
2214 2572 2379 2626 sobrii
2417 2572 2604 2627 simus.
2642 2572 2982 2631 Dormientes
3011 2584 3163 2631 vocat
3217 2591 3310 2633 eos
3354 2578 3444 2647 qui
3487 2579 3541 2635 in

1971 2663 2176 2717 malitia
2233 2663 2532 2729 dormiunt,
2566 2678 2667 2720 ceu
2701 2665 2767 2727 ad
2805 2667 3059 2721 virtutem
3112 2667 3271 2722 nullis
3326 2668 3540 2737 praediti

1966 2754 2195 2818 viribus,
2226 2763 2389 2825 atque
2442 2757 2626 2813 omnia
2679 2757 2842 2813 veluti
2885 2773 2981 2828 per
3022 2760 3291 2814 somnium
3352 2760 3545 2830 imagis

1967 2854 2180 2901 nantes.
2214 2845 2531 2915 Huiusmodi
2563 2853 2703 2902 enim
2739 2856 2865 2904 sunt
2896 2838 2983 2904 rés
3020 2849 3303 2916 przesentis
3343 2849 3489 2915 vitae,
3510 2866 3545 2906 ιι

1968 2938 2198 2991 somniis
2258 2937 2393 2993 nihil
2427 2937 2764 2996 diﬂ‘erentes.
2818 2939 3145 2994 Ebrietatem
3180 2955 3346 3011 porro
3391 2942 3544 3008 dicit,

1971 3042 2077 3082 non
2102 3042 2220 3081 eam
2241 3043 2359 3096 qua:
2394 3043 2460 3082 ex
2494 3028 2621 3082 vino
2653 3038 2861 3087 tantum
2892 3039 2995 3097 est,
3023 3046 3208 3085 verum
3232 3032 3393 3087 etiam
3423 3047 3543 3088 eam

1891 3154 1935 3213 ε
1969 3134 2089 3213 qua:
2118 3135 2186 3213 es
2217 3120 2469 3213 omnibus
2496 3120 2776 3213 aﬂectibus
2819 3124 3093 3193 animique
3123 3118 3286 3196 525,
3331 3136 3543 3195 perun-

1967 3210 2277 3267 bationibus
2333 3211 2568 3277 exsistit,
2604 3220 2664 3266 ut
2693 3228 2868 3283 qnzea
2924 3222 3116 3267 natura
3164 3215 3397 3282 deﬁciat,
3444 3231 3546 3271 n-c

1966 3315 2074 3358 non
2119 3299 2374 3358 obscuret
2414 3303 2776 3363 dominantem
2831 3304 3057 3360 rationis
3107 3316 3336 3372 partem.
3391 3305 3544 3360 Ηλυιι

1968 3395 2134 3465 igitur
2173 3411 2267 3451 vos
2296 3396 2504 3453 debetis
2538 3397 2672 3452 tales
2697 3411 2818 3454 esse
2850 3416 2865 3451 :
2898 3413 3003 3453 non
3038 3401 3183 3452 enim
3213 3401 3344 3454 estis
3373 3403 3545 3455 noctis

1967 3501 2032 3543 ac
2063 3489 2403 3544 tenebrarum
2434 3487 2549 3555 lilii,
2580 3490 2676 3544 sed
2708 3490 2835 3555 diei,
2864 3504 2962 3560 per
3004 3490 3270 3562 baptisma
3322 3492 3547 3547 manda-

1971 3588 2254 3649 torumque
2282 3578 2376 3636 Dei
2415 3582 2872 3650 assnznptionem.

2041 3671 2204 3728 Vsus.
2225 3672 2282 3727 8.
2308 3668 2493 3726 Induli
2516 3670 2734 3733 loricam
2747 3672 2873 3741 ﬁdei
2892 3681 2940 3726 et
2965 3673 3256 3729 cliarilalis.
3277 3672 3391 3728 Mn
3413 3675 3545 3730 sat's

1968 3772 2053 3819 est
2080 3762 2305 3832 vigilare
2334 3776 2397 3817 ac
2447 3763 2683 3818 sobrium
2735 3778 2878 3824 esse.
2915 3778 3098 3818 verum
3124 3766 3288 3825 etiam
3336 3768 3535 3820 armari

1969 3865 2200 3925 oportet.
2226 3853 2359 3910 Nam
2400 3855 2526 3911 licet
2554 3855 2751 3925 aliquis
2800 3853 3031 3923 vigilans
3080 3856 3152 3912 sit
3198 3865 3252 3912 et
3297 3857 3531 3923 sobrius,

1970 3961 2077 4000 non
2107 3944 2304 4002 habeat
2331 3956 2513 4000 autem
2535 3961 2707 4009 arma,
2735 3946 2894 4000 facile
2923 3962 3046 4001 eum
3098 3945 3336 4003 latrones
3376 3948 3548 4002 conli-

1970 4038 2141 4093 ciunt.
2168 4036 2415 4092 Loricam
2444 4047 2625 4093 autem
2654 4036 2779 4109 ﬁdei
2805 4047 2854 4092 et
2881 4038 3154 4095 charitatis
3186 4039 3393 4106 dicens,
3450 4042 3547 4097 do-

1971 4137 2150 4199 gmata
2177 4138 2234 4185 et
2275 4130 2474 4185 bonam
2533 4130 2698 4185 vitam
2726 4131 3066 4186 adumbravit
3093 4148 3108 4185 :
3132 4132 3233 4187 hoc
3260 4132 3403 4186 enim
3462 4142 3549 4187 est

1971 4235 2101 4275 vere
2129 4221 2369 4278 sobrium
2404 4237 2548 4280 esse.
2577 4221 2692 4278 Non
2721 4223 3039 4293 simpliciter
3072 4234 3250 4279 autent
3283 4225 3398 4280 hanc
3419 4234 3548 4280 sunt

1972 4314 2245 4381 habenda,
2295 4324 2549 4371 caeterum
2605 4315 2771 4370 veluti
2803 4314 2990 4372 lorica.
3026 4313 3179 4371 lianc
3215 4317 3359 4371 enim
3411 4318 3547 4372 nihil

1973 4403 2131 4460 facile
2184 4408 2439 4472 dissecat,
2476 4407 2567 4461 sed
2621 4406 2784 4461 veluti
2839 4407 3233 4469 munimentum
3273 4407 3543 4478 quoddam

1904 4491 1951 4548 D
1980 4504 2063 4550 est
2098 4497 2326 4565 pectori,
2357 4510 2422 4552 ac
2460 4497 2664 4552 nullum
2721 4498 3007 4569 ignitorum
3058 4499 3273 4554 Satanm
3321 4500 3544 4554 telorum

1977 4602 2076 4643 nos
2113 4596 2314 4658 tanget.

1990 4672 1995 4679 ’
2048 4679 2116 4734 Et
2163 4680 2368 4750 galeam
2421 4695 2566 4751 spem
2610 4680 2822 4737 salutis.
2872 4681 3336 4749 Quemadmodum
3394 4681 3543 4751 galea

1976 4772 2305 4842 praecipuum
2364 4771 2662 4826 membrum
2714 4780 2986 4835 nostrum,
3046 4779 3207 4841 caput
3270 4771 3542 4838 nimirum,

1979 4866 2205 4939 tegendo
2240 4866 2449 4925 salvum
2475 4873 2694 4934 praestat
2721 4880 2785 4918 ac
2809 4875 3096 4920 conservat
3121 4882 3134 4919 :
3167 4863 3311 4918 hunc
3330 4865 3395 4916 ad
3429 4879 3546 4917 mn-

1981 4957 2105 5012 dum
2135 4970 2256 5024 spes
2284 4964 2566 5012 conservat
2595 4965 2851 5023 mentem,
2877 4963 2932 5010 et
2951 4954 3205 5011 salutaris
3228 4953 3277 5008 ei
3314 4953 3393 5020 iit,
3417 4952 3547 5007 nihil

1977 5061 2165 5102 eorum
2193 5062 2312 5117 quae
2344 5047 2412 5103 ab
2442 5056 2596 5101 extra
2623 5055 2748 5102 sunt
2775 5047 3014 5101 incidere
3043 5045 3228 5100 sincns
3262 5045 3313 5099 in
3349 5044 3543 5113 ipsum.

1979 5140 2363 5195 Animadverte
2386 5139 2550 5208 igitur
2563 5140 2708 5209 quod
2729 5140 2855 5195 alibi
2873 5147 2902 5176 ιι
2933 5139 3147 5201 dixerit,
3167 5136 3377 5198 Fidem,
3393 5151 3543 5205 spem

1978 5231 2318 5297 cbaritatem,
2351 5232 2449 5286 tria
2500 5232 2616 5287 haec
2656 5249 2671 5285 :
2713 5246 2856 5286 nunc
2905 5245 2967 5285 ea
3010 5242 3326 5300 comparare
3369 5227 3544 5297 jubet.

2054 5323 2212 5379 Vnus.
2233 5323 2287 5386 9,
2311 5323 2397 5380 10.
2420 5323 2680 5388 Quoniam
2701 5338 2803 5377 non
2827 5324 2994 5390 posuit
3021 5338 3113 5377 nos
3145 5321 3279 5376 Deus
3306 5322 3359 5375 in
3388 5320 3547 5384 iram,

1976 5418 2067 5473 sed
2103 5420 2155 5472 in
2192 5417 2582 5487 acquisitiancm
2627 5414 2814 5473 salutis
2856 5431 2945 5486 per
2987 5414 3266 5470 Dominum
3313 5422 3546 5467 nom-um

1632 5664 1832 5727 Varite
1868 5665 2197 5732 lectiones.
2258 5722 2277 5725 -

374 5797 418 5827 "
457 5796 637 5849 πολλοὶ
668 5814 721 5853 o,
800 5796 845 5837 ⁸³
886 5794 1101 5860 ἐλπίδος
1130 5793 1405 5867 σωτηρίου
1432 5806 1484 5848 o.
1551 5794 1610 5863 ,⁸⁸
1637 5794 1845 5865 γίνεται
1877 5812 1932 5852 ο.
