3994 6628
256 416 394 486 1321

1004 414 1420 477 ΕΧΡΟΞΙΤΙΟ
1456 411 1540 476 ΙΝ
1588 412 1824 473 EPIST.
1867 412 1897 470 ἰ
1940 412 2040 471 AD
2078 408 2341 471 THESS.
2386 435 2451 444 -
2480 409 2638 470 CAP.
2670 409 2739 470 V.

3352 402 3488 467 13.12

253 531 403 597 τοῖς,
438 527 711 594 τουτέστι,
760 527 869 590 τοῖς
904 525 1266 589 διδασκάλοις.
1324 517 1445 579 Οἷδε
1490 523 1598 591 γὰρ
1638 521 1833 590 ἔχθρας

1956 519 2085 588 ρεὶι,
2126 520 2228 573 hoc
2256 528 2360 584 est,
2420 518 2750 574 doctoribus.
2793 513 2951 571 Novit
2999 514 3144 568 enim
3174 512 3502 571 inimicitias

257 625 392 695 πρὸς
441 622 664 685 τούτους
693 621 1055 691 τικτομένας·
1094 619 1154 683 ἐξ
1194 612 1268 672 ὧν
1308 618 1415 687 γὰρ
1454 616 1735 684 ἐλέγχουσι
1758 614 1826 679 ⁸9,

248 716 350 771 καὶ
374 713 482 766 τῶν
504 712 691 767 κακῶν
719 710 1061 781 ἀπείργωσι,
1097 708 1407 780 μισοῦνται.
1442 708 1534 760 Δεῖ
1560 705 1652 758 οὖν
1679 704 1831 779 εῖρη-

256 805 432 860 νεύειν
460 806 577 875 μετ’
609 803 810 870 αὐτῶν,
844 803 938 857 καὶ
964 802 1024 855 ού
1058 801 1137 872 τῷ
1166 799 1273 867 ἔξω
1302 801 1563 871 σχήματι,
1598 796 1713 850 ἀλλ’
1768 798 1828 849 ὲν

251 897 492 959 ἑαυτοῖς.
516 958 523 964 ,

248 1050 251 1053 Α
328 985 803 1054 Παρακαλοῦμεν
837 981 905 1036 δὲ
932 981 1108 1052 ὑμᾶς,
1156 979 1454 1050 ἀδελφοὶ,
1498 977 1833 1033 νουθετεῖτε

258 1079 401 1146 τοὺς
433 1078 755 1143 ἀτάκτους.
815 1073 1082 1130 Ἐνταῦθα
1115 1073 1251 1144 πρὸς
1302 1072 1430 1133 τοὺς
1480 1069 1833 1130 διδασκάλους

261 1173 630 1225 ἀποτεινεται.
668 1168 759 1237 Μὴ
820 1166 913 1219 ἀπ’
958 1163 1227 1231 ἐξουσίας,
1258 1162 1443 1231 φησὶν,
1476 1159 1510 1228 ἢ
1540 1158 1833 1221 αὐθαδείας

262 1261 648 1331 ἐπιπλήττετε,
675 1258 810 1312 ἀλλά
844 1256 1032 1326 πράως
1056 1253 1379 1309 νουθετεῖτε.
1422 1253 1482 1305 '0
1505 1250 1612 1321 γὰρ
1640 1251 1836 1303 ἀπονε-

262 1349 545 1418 νοημένος,
592 1346 929 1417 θρασύτερος
974 1344 1202 1412 γίνεται,
1243 1343 1371 1396 ὅταν
1415 1339 1833 1410 ὲπιπλήσσεται.

266 1443 525 1494 ’Δτακτοι
553 1440 611 1492 δέ
638 1440 743 1492 εἰσι
772 1438 972 1498 πάντες
1009 1436 1060 1489 οἱ
1094 1434 1247 1500 παρά
1280 1434 1351 1487 τὰ
1406 1431 1483 1502 τῷ
1511 1429 1629 1500 Θεῷ
1652 1431 1837 1499 διωρι-

262 1533 440 1604 σμένα
469 1531 822 1601 πράττοντες.
876 1527 1044 1593 Τάξιν
1098 1526 1206 1597 γὰρ
1233 1525 1433 1596 ὥρισεν
1461 1524 1699 1592 ἑκάστῳ,
1724 1523 1790 1590 ἣν
1808 1522 1837 1573 ὁ

260 1622 644 1694 παραϐαίνων,
700 1622 952 1684 ἄτακτος.
1016 1620 1076 1672 '0
1125 1617 1362 1689 μεθύων,
1420 1617 1449 1669 6
1497 1614 1758 1681 λοίδορος,
1809 1614 1836 1664 6

263 1713 617 1783 πλεονέκτης,
671 1710 768 1765 καὶ
828 1711 1027 1773 πάντες
1073 1709 1124 1763 οἱ
1150 1708 1575 1779 ἁμαρτάνοντες,
1610 1703 1715 1767 ἔξω
1737 1701 1835 1770 τῆς

261 1801 470 1867 τάξεως
494 1801 759 1870 βαίνουσι.
808 1806 809 1811 “

1933 608 2194 664 adversus
2228 608 2325 663 hos
2349 610 2501 663 oriri.
2534 606 2670 674 Quia
2723 607 2868 661 enim
2925 606 3350 675 reprehendunt,
3383 617 3436 660 et
3469 624 3498 661 ιι

1934 701 2091 757 malis
2125 710 2331 766 arcent,
2357 701 2482 755 odio
2523 700 2809 755 habentur.
2862 697 3086 767 Oportet
3126 696 3290 766 igitur
3313 711 3497 766 pacem

1933 808 2029 849 vos
2078 794 2280 848 habere
2311 808 2433 846 cum
2468 793 2620 860 ipsis,
2662 794 2821 862 idque
2866 805 2973 846 non
3029 798 3253 846 externa
3299 793 3500 860 specie,

1933 885 2028 940 sed
2063 885 2114 940 in
2151 884 2304 939 vobis
2339 886 2488 954 ipsis.
2816 950 2819 953 ἰ
3086 932 3091 939 .
3224 892 3229 895 “

2006 975 2168 1030 Vens.
2199 976 2286 1030 Η.
2316 975 2574 1046 Rogamus
2601 986 2774 1031 autem
2821 994 2930 1045 vos,
2984 977 3196 1046 fratres,
3229 979 3502 1033 admones

1935 1070 2283 1122 inordinatos.
2341 1066 2437 1123 Hic
2481 1068 2547 1122 ad
2597 1070 2847 1125 doctores
2893 1067 3158 1127 convertit
3207 1086 3347 1126 sese.
3404 1070 3499 1134 Ne,

1936 1158 2129 1228 inquit,
2165 1173 2261 1227 per
2285 1157 2552 1212 licentiam
2576 1158 2654 1212 vel
2691 1161 3054 1229 arrogantiam
3078 1177 3171 1217 eos
3201 1160 3503 1229 objurgatc,

1936 1249 2028 1303 sed
2083 1256 2363 1303 mansuete
2401 1248 2707 1305 admonete.
2756 1250 2858 1315 Qui
2886 1252 3030 1305 enim
3063 1266 3251 1307 vecors
3297 1256 3421 1318 est,‘
3449 1255 3507 1306 lit

1938 1339 2205 1407 asperior,
2270 1339 2315 1395 si
2365 1338 2703 1408 obiurgetur.
2764 1339 3059 1395 luordinati
3132 1352 3310 1397 autem
3380 1354 3500 1398 sunt

1936 1444 2123 1484 omnes
2146 1430 2235 1498 qui
2266 1429 2420 1485 aliter
2447 1439 2616 1501 agunt
2641 1445 2802 1500 quam
2838 1446 2867 1486 a
2900 1430 3011 1487 Deo
3042 1433 3113 1487 sit
3143 1434 3445 1489 ordinatum
3486 1453 3503 1490 :

1937 1522 2182 1574 ordinem
2225 1520 2369 1576 enim
2406 1523 2699 1592 unicuique
2750 1524 2963 1590 statuit,
2995 1539 3153 1594 quem
3194 1528 3283 1595 qui
3332 1535 3504 1582 trans-

1937 1615 2198 1684 greditur,
2232 1614 2567 1670 iuordinatus
2604 1624 2708 1671 est.
2740 1615 3116 1683 Temulentus,
3146 1620 3507 1682 conviciator.

1939 1721 2157 1770 avarus.
2183 1707 2426 1777 adeoque
2461 1723 2649 1763 omnes
2677 1719 2899 1778 peccata
2935 1713 3339 1769 committentes
3362 1714 3508 1769 ordi-

1943 1812 2066 1852 nem
2104 1799 2589 1869 transgrediuntur.

307 1854 787 1960 ΓἱΙαέὲιίμυθεῖονθε
828 1887 972 1953 τοὺς
1005 1854 1434 1957 ὀλιγοψύχους.
1488 1886 1835 1957 Ὀλιγόψυχός

2011 1854 2373 1944 Consolamiui
2423 1891 2802 1959 pusillanimes.
2834 1870 3230 1950 'Pusil-lanimis
3265 1903 3368 1962 est,
3419 1899 3511 1968 qui

263 1985 410 2038 ἐστιν
436 1986 465 2036 6
505 1982 582 2053 μὴ
610 1981 791 2052 φέρων
822 1979 1152 2050 πειρασμόν.
1185 1974 1357 2041 Οὗτός
1381 1981 1530 2033 ἐστιν
1567 1980 1596 2032 6
1624 1979 1716 2032 ἐπὶ
1736 1978 1839 2044 τῆς

262 2078 472 2145 πέτρας
508 2073 759 2142 σπαρείς.
796 2073 978 2125 Δεῖται
1013 2070 1107 2127 οὖν
1138 2073 1233 2124 καὶ
1259 2065 1413 2133 οὗτος
1467 2068 1838 2132 ἀναϐαστάζε-

264 2165 412 2220 σθαι.
444 2166 463 2177 “

270 2312 281 2319 ,
352 2259 699 2328 Ἆντέχεσθε
726 2258 844 2313 τῶν
869 2255 1166 2314 ἀσθενῶν.
1207 2255 1522 2318 Τουτέστιν,
1572 2253 1841 2323 Ὑποστη-

263 2348 445 2420 ρίζετε
473 2350 599 2412 τοὺς
622 2349 981 2411 ἀσθενοῦντας
1006 2348 1133 2418 περὶ
1163 2346 1260 2416 τὴν
1285 2345 1489 2408 πίστιν,
1513 2344 1589 2407 ὡς
1631 2345 1726 2397 καὶ
1750 2344 1843 2396 ἀλ-

262 2438 454 2510 λαχοῦ,
493 2442 605 2494 Τὸν
634 2439 1013 2495 ἀσθενοῦντα
1044 2436 1116 2506 τῇ
1147 2438 1349 2490 πίστει
1388 2434 1844 2503 προσλαμϐάνει

262 2534 397 2596 σθε,
436 2531 591 2601 φησί.
931 2518 938 2525 ’

336 2622 784 2692 Μακροθυμεῖτε
812 2621 964 2691 πρὸς
995 2621 1246 2687 πάντας.
1271 2622 1381 2676 Καὶ
1409 2623 1545 2694 πρὸς
1559 2622 1681 2684 τοὺς
1707 2621 1841 2675 ἀτά-

265 2731 453 2780 κτους,
508 2715 604 2768 καὶ¹
652 2714 787 2785 πρὸς
826 2714 952 2776 τοὺς
996 2712 1374 2783 ὀλιγοψύχους,
1416 2717 1512 2766 καὶ
1535 2712 1672 2783 πρὸς
1718 2712 1845 2774 τοὺς

266 2805 538 2869 ἀσθενεῖς.
571 2805 743 2859 Τοῦτο
775 2806 887 2875 γὰρ
915 2805 1217 2876 διδασκάλῳ
1251 2802 1677 2876 ἁρμοδιώτατον,
1711 2802 1846 2858 πάν-

265 2911 368 2959 τας
404 2894 664 2966 ἐντρέψαι
689 2895 894 2966 ἰσχύον,
925 2897 1020 2950 καὶ
1050 2896 1175 2960 τοὺς
1197 2896 1586 2966 ἀγριωτάτους.

349 3068 560 3137 Ὀρᾶτε
582 3069 669 3141 μή
719 3086 809 3134 τις
840 3071 1034 3129 κακὸν
1069 3069 1205 3125 ἀντὶ
1254 3068 1443 3123 κακοῦ
1470 3085 1585 3122 τινι
1618 3067 1843 3134 ἀποδῷ.

1943 1995 2047 2035 non
2088 1981 2316 2035 sustinet
2351 1982 2723 2035 tentationem.
2758 1980 2855 2037 Hic
2881 1992 2964 2038 est
2988 1984 3091 2053 qui
3116 2000 3279 2054 super
3303 1996 3509 2055 petram

1942 2072 2236 2125 seminatus
2272 2080 2356 2125 cst
2385 2077 2430 2122 ο.
2460 2069 2563 2126 Iste
2590 2072 2772 2141 itaque
2811 2077 3219 2144 supportutione
3244 2078 3468 2150 indiget.

2017 2248 2284 2304 Sustinele
2315 2249 2571 2317 inﬁrmos.
2605 2249 2718 2305 Hoc
2748 2261 2853 2317 est,
2886 2251 3095 2309 Fulcitc
3124 2254 3370 2311 inﬁrmos
3406 2258 3516 2312 cir-

1946 2356 2006 2397 ca
2039 2343 2217 2404 (idem,
2253 2343 2477 2412 perinde
2503 2357 2565 2400 ac
2595 2343 2702 2399 alio
2732 2346 2781 2400 in
2814 2347 2951 2414 loco,
2997 2346 3282 2416 Inﬁrmum
3331 2352 3383 2406 iu
3411 2352 3515 2421 ﬁde

1947 2434 2193 2503 suscipite
2222 2444 2271 2496 ι),
2295 2435 2484 2502 inquit.

2025 2605 2285 2662 Patieutes
2316 2618 2479 2663 estote
2504 2626 2625 2681 erga
2677 2629 2872 2669 omnes.
2904 2614 2966 2669 Et
3007 2629 3132 2685 erga
3164 2619 3514 2685 inordinatos,

1947 2706 2001 2751 et
2052 2710 2178 2765 erga
2213 2697 2602 2767 pusillanimes,
2631 2709 2684 2754 et
2706 2701 2868 2775 526
2895 2717 3023 2775 erga
3056 2708 3298 2765 inﬁrmos
3347 2727 3362 2763 ι
3414 2713 3519 2769 hoc

1948 2789 2093 2844 enim
2145 2789 2352 2845 doctori
2408 2801 2494 2846 est
2550 2796 3141 2864 convenientissimum,
3213 2814 3400 2857 omnes
3450 2806 3518 2858 ad

1949 2881 2209 2950 pudorem
2267 2891 2586 2939 convertere
2646 2885 2847 2951 valens,
2913 2888 3073 2942 etiam
3145 2893 3227 2947 vel
3285 2896 3517 2951 maxime

1951 2982 2211 3040 agrestes.

2025 3061 2184 3118 Vens.
2214 3064 2300 3119 15.
2340 3064 2519 3121 Videte
2553 3083 2614 3121 ne
2641 3069 2757 3137 quis
2798 3072 2992 3125 malum
3044 3089 3136 3137 pro
3162 3038 3305 3130 ‘malo
3359 3079 3524 3132 alicui

268 3161 333 3215 Ei
376 3161 546 3213 κακὸν
573 3163 694 3215 ἀντὶ
741 3159 914 3217 κακοῦ
944 3161 1045 3214 οὐκ
1071 3159 1381 3225 ἀποδοτέον,
1428 3158 1609 3229 πολλῷ
1642 3158 1842 3230 μᾶλλον

1953 3154 2160 3209 reddat.
2188 3155 2245 3211 Si
2282 3157 2482 3212 malum
2528 3174 2624 3228 pro
2677 3160 2816 3216 maio
2861 3178 2969 3218 non
3022 3176 3107 3221 est
3163 3170 3514 3239 reddendum,

267 3251 442 3305 κακὸν
476 3252 599 3305 ἀντὶ
643 3252 874 3321 ἀγαθοῦ,
907 3252 940 3323 ἢ
973 3251 1136 3321 ἄρξαι
1187 3221 1385 3317 κακοῦ,
1426 3253 1520 3306 καὶ
1547 3221 1655 3305 τδν
1669 3251 1840 3322 μηδὲν

1953 3247 2122 3302 multo
2152 3248 2318 3318 magis
2346 3263 2450 3319 pro
2482 3250 2623 3307 bono
2654 3252 2881 3308 reddere
2917 3256 3140 3320 malum,
3174 3268 3267 3316 aut
3314 3221 3516 3320 malua;

270 3342 565 3413 βλάψαντα
596 3343 983 3413 κακοποιῆσαι.

355 3518 546 3573 Ἀλλὰ
587 3516 845 3572 πάντοτε
864 3518 930 3571 τὸ
960 3518 1185 3587 ἀγαθὸν
1206 3518 1464 3589 διώκετε,
1492 3521 1591 3575 καὶ
1624 3524 1713 3587 εις
1739 3522 1850 3577 ax-

265 3609 532 3680 λήλους,
554 3611 652 3664 καὶ
675 3609 891 3676 εὶς-πάν
909 3626 1035 3676 τας.
1060 3610 1172 3664 Ούκ
1190 3612 1353 3682 ἀρκεῖ
1370 3612 1431 3667 τὸ
1457 3613 1533 3685 μὴ
1557 3612 1850 3668 ἀποδοῦναι

268 3704 425 3757 κακά
465 3703 586 3757 ἀντὶ
620 3701 830 3768 κακῶν,
894 3701 1029 3756 ἀλλά
1084 3701 1210 3775 χρὴ,
1242 3704 1397 3774 φησ-ὶ,
1464 3704 1559 3759 καὶ
1625 3704 1852 3773 ἀγαθοῖς

268 3794 599 3866 ἁμείῦεσθαι
622 3794 714 3848 τὸν
738 3795 1200 3864 κακοποιῆσαντα.
1233 3796 1402 3850 Τοῦτο
1444 3798 1556 3866 γὰρ
1583 3797 1734 3868 δηλοῖ
1762 3797 1850 3850 διὰ

268 3886 369 3940 τοῦ
397 3888 593 3952 εἰπεῖν,
641 3884 884 3940 Διώκετε
913 3890 981 3941 τὸ
1003 3888 1249 3956 ἀγαθόν’
1280 3889 1580 3954 τουτέστιν,
1634 3890 1849 3943 Ἐπιτε-

267 3978 530 4048 ταμένως
564 3977 893 4040 σπουδάζετε
923 3977 1297 4047 ἀγαθοποιεῖν,
1328 3983 1423 4034 καὶ
1455 3984 1536 4046 εις
1563 3981 1846 4052 ἀλλήλους,

267 4069 580 4135 τουτέστιν,
607 4070 688 4133 εἰς
707 4068 832 4131 τοὺς
853 4070 1099 4137 πιστοὺς,
1122 4073 1216 4125 καὶ
1238 4073 1318 4137 εἰς
1341 4073 1568 4141 πάντας,
1580 4076 1847 4141 τουτέστι,

268 4163 371 4217 καὶ
396 4165 479 4224 εἰς
511 4160 739 4215 ἀπίστου
752 4183 790 4225 ς.
1390 4228 1393 4231 _

344 4252 617 4308 Πάντοτε
664 4257 921 4326 xta/pete.
958 4257 1076 4311 Κᾶν
1106 4259 1433 4329 πειρασμοῖς
1488 4257 1848 4329 περιπέσητε.

248 4345 428 4415 ’Ὅρα
453 4344 530 4410 δὲ,
566 4345 648 4399 δτι
682 4347 823 4416 μετά
854 4348 915 4401 τὸ
960 4349 1158 4413 εἰπεῖν,
1211 4348 1294 4401 ὅτι
1316 4349 1378 4403 οὐ
1405 4348 1487 4403 δεῖ
1534 4353 1705 4404 κακον
1730 4351 1849 4403 ἀντὶ

269 4434 450 4489 κακοῦ
500 4436 796 4490 ἀποδοῦναι
851 4437 921 4501 ⁸ο,
960 4437 1082 4490 τότε
1132 4438 1342 4509 χαίρειν
1396 4439 1747 4510 προσέταξεν.
1790 4440 1849 4494 Ὀ

1952 3337 2239 3405 inchoare,
2261 3347 2317 3393 et
2345 3354 2490 3405 eum,
2510 3343 2605 3411 qui
2637 3357 2742 3399 non
2773 3343 2930 3413 laesit,
2959 3346 3152 3415 iniuria
3181 3351 3393 3410 allicere
3414 3372 3518 3413 non

1950 3437 2180 3498 Oportet.

2023 3518 2127 3576 Sed
2153 3537 2352 3592 semper
2397 3526 2535 3594 quod
2567 3527 2757 3583 borium
2781 3539 2857 3585 est
2877 3535 3153 3590 sectamini
3182 3537 3239 3592 in
3276 3540 3517 3610 invicem,

1950 3613 2073 3667 etin
2090 3629 2290 3670 omnes.
2318 3614 2437 3671 Non
2473 3620 2609 3675 satis
2626 3630 2739 3688 est,
2766 3623 2905 3678 mala
2936 3639 3033 3695 pro
3060 3629 3213 3684 malis
3247 3647 3355 3688 non
3394 3638 3519 3692 red~

1951 3703 2099 3769 dere,
2125 3706 2220 3762 sed
2241 3716 2474 3776 oportet,
2500 3710 2696 3781 inquit,
2725 3717 2890 3770 etiam
2923 3716 3081 3772 bonis
3108 3722 3511 3783 malefactorem

1951 3809 2324 3866 compensare.
2357 3798 2469 3857 Hoc
2500 3803 2644 3857 enim
2678 3805 2881 3861 indicat
2922 3821 3046 3863 eum
3088 3813 3184 3881 ait,
3235 3813 3520 3873 Sectamini

1950 3890 2088 3957 quod
2120 3889 2312 3944 bonum
2349 3903 2447 3960 est,
2486 3895 2589 3950 hoc
2610 3907 2714 3961 est,
2756 3898 3001 3969 impense
3043 3905 3254 3963 studete
3296 3908 3521 3967 benefa-

1951 3992 2094 4047 cere,
2146 3992 2201 4036 et
2244 3983 2298 4038 in
2326 3984 2576 4053 invicem,
2631 3988 2737 4046 hoc
2790 4002 2895 4058 est,
2940 4009 3069 4066 erga
3131 3998 3339 4068 ﬁdeles,
3376 4013 3431 4061 et
3469 4007 3520 4062 iu

1954 4090 2167 4143 omnes,
2196 4080 2249 4135 id
2280 4091 2383 4148 est,
2408 4096 2533 4153 erga
2567 4085 2730 4142 etiam
2766 4087 3025 4148 inﬁdeles.

2023 4249 2187 4305 Vens.
2218 4252 2305 4307 16.
2335 4252 2550 4325 Semper
2576 4260 2816 4329 gaudete.
2858 4264 3078 4321 Etiamsi
3108 4268 3161 4322 in
3199 4273 3525 4331 tentationss

1952 4342 2272 4400 incideritis.
2305 4343 2545 4402 Observa
2587 4360 2769 4406 autem
2798 4356 2940 4422 quod
2975 4350 3330 4430 posteaquam
3358 4365 3527 4420 οἰκίδια

1952 4440 2037 4485 set
2062 4445 2167 4484 non
2200 4446 2322 4521 esse
2353 4436 2548 4489 malum
2588 4438 2734 4493 malo
2770 4444 3122 4510 pensandum,
3160 4445 3288 4505 tunc
3325 4467 3525 4521 praece-

267 4525 387 4596 γὰρ
420 4522 737 4588 παιδευθεὶς
766 4524 973 4595 μηδένα
1001 4506 1324 4595 ἀμύνεσθαι,
1361 4506 1498 4581 ἀλλά
1527 4528 1726 4597 μᾶλλον
1755 4529 1842 4582 καὶ

1954 4519 2092 4586 perit
2141 4506 2429 4578 laetandum
2464 4528 2604 4582 esse.
2644 4506 2786 4584 Nam
2823 4534 2914 4600 qui
2947 4506 3223 4594 institutus
3252 4506 3341 4598 esi
3366 4506 3427 4600 ut
3445 4506 3522 4602 de

266 4614 590 4684 εὐεργετεῖν
624 4615 714 4668 τὸν
737 4616 1072 4687 λυπήσαντα,
1102 4616 1263 4672 πόθεν
1304 4619 1365 4672 τὸ
1385 4618 1482 4690 τῆς
1507 4616 1685 4691 λύπης
1721 4621 1847 4672 κέν-

268 4722 405 4777 τρον
435 4705 740 4771 εῖσδὲξεται
762 4725 778 4774 ;

359 4892 777 4961 Ἀδιαλειπτως
801 4895 1211 4964 προσεύχεσθε
1241 4910 1255 4925 ’
1287 4896 1359 4951 ἐν
1394 4896 1574 4955 παντὶ
1614 4898 1851 4968 εὐχαρι-

268 4983 500 5037 στεῖτε.
530 4983 644 5054 Τὴν
676 4984 798 5037 ὁδὸν
828 4983 995 5049 ἔδειξε
1032 4984 1128 5038 τοῦ
1160 4985 1253 5039 ἀεὶ
1278 4986 1514 5056 χαίρειν,
1547 4985 1646 5059 τὴν
1697 4986 1851 5041 ἀδιά-

269 5074 500 5127 λειπτον
531 5074 844 5144 προσευχὴν
887 5074 982 5128 καὶ
1031 5075 1404 5145 εὐχαριστίαν.
1463 5076 1523 5130 '0
1567 5078 1677 5145 γὰρ
1737 5076 1852 5129 ἐθι-

274 5163 431 5225 σθεὶς
485 5162 698 5231 ὁμιλεῖν
760 5162 840 5234 τῷ
891 5163 1032 5236 Θεῷ,
1093 5167 1186 5219 καὶ
1212 5165 1556 5238 εὐχαριστεῖν
1584 5166 1733 5238 αὐτῷ
1758 5167 1853 5220 ἰπὶ

272 5255 469 5319 πᾶσιν,
522 5254 599 5317 ὼς
628 5255 1014 5324 συμφερόντως
1072 5256 1447 5327 συμδαινουσι,
1472 5259 1736 5330 πρόδηλον
1768 5260 1851 5312 ὅτι

274 5346 456 5417 χαρὰν
479 5344 592 5413 ἔξει
624 5344 869 5414 διηνεκῆ.

420 5574 445 5596 '
472 5562 668 5620 Matth.
699 5579 819 5635 xui,
850 5563 903 5619 5.
1051 5576 1078 5614 ι’
1110 5566 1266 5622 Rom.
1308 5582 1418 5635 xw,
1451 5567 1503 5622 l.

1958 4611 2175 4665 nemine
2222 4627 2282 4667 se
2324 4612 2633 4706 ulciscatur,
2668 4621 2760 4676 sed
2805 4623 3081 4684 beneﬁciis
3113 4632 3292 4699 potius
3336 4651 3522 4706 prose:-

1957 4710 2152 4769 quatur
2177 4716 2298 4757 eum
2329 4705 2419 4773 qui
2446 4708 2850 4769 contristaverit
2869 4730 2949 4783 se,
2977 4721 3243 4778 undenam
3275 4705 3527 4785 maeroris

1960 4793 2239 4848 stimulum
2264 4797 2530 4868 accipiet?
3110 4820 3119 4837 ‘

2030 4885 2303 4942 “315.17.
2348 4887 2474 4945 Sine
2505 4892 2886 4953 intermissione
2940 4912 3091 4959 orate
3125 4921 3144 4959 :
3193 4909 3248 4963 in
3288 4915 3527 4968 omnibus

1958 4977 2161 5074 gratias
2215 4980 2372 5049 agite.
2426 4983 2578 5039 Viam
2620 4997 2884 5047 monstrat
2920 5009 3025 5065 qua
3080 4996 3173 5052 liat
3217 5011 3276 5055 ut
3315 5017 3527 5074 semper

1959 5067 2310 5136 gaudeamus,
2346 5074 2651 5132 orationem
2692 5081 2947 5139 nimirum
2981 5087 3099 5143 sine
3123 5067 3527 5150 intermissione

1958 5164 2119 5226 atque
2155 5160 2450 5226 gratiarum
2485 5169 2773 5227 actionem.
2813 5173 2915 5239 Qui
2951 5177 3093 5231 enim
3136 5184 3373 5238 assuevit
3399 5193 3523 5242 cu’m

1960 5246 2068 5303 Deo
2101 5253 2325 5321 versari,
2363 5255 2521 5327 eique
2544 5263 2744 5330 gratias
2772 5278 2930 5334 agere
2963 5268 3018 5323 in
3058 5271 3307 5329 omnibus
3342 5264 3535 5342 rebus,

1965 5344 2219 5409 tanquam
2267 5345 2473 5401 utiliter
2514 5351 2963 5422 contingentibus,
3000 5360 3219 5429 planum
3268 5372 3352 5420 est
3382 5367 3524 5434 quod

1964 5441 2283 5500 perpetuum
2319 5438 2568 5506 gaudium
2605 5442 2883 5502 habiturus
2911 5460 3015 5505 est.

1611 5682 1811 5745 Variis
1846 5680 2175 5746 lectiones.

352 5808 403 5842 "
428 5805 749 5876 ἐλέγχονται
777 5819 832 5860 ο.
908 5804 952 5834 ⁸⁸
972 5804 1281 5859 ἀποδιδόναι
1312 5822 1364 5862 ο.

613 5903 879 5962 Parum.
929 5900 1044 5961 Gn.
1097 5900 1361 5966 CXXIV.

3135 5925 3210 5989 42
