3994 6574
542 392 677 457 1323

1453 387 2031 447 THEOPIIYLACTI
2067 352 2472 447 BULCARLE
2513 385 2864 448 ARClllEP.

3655 386 3790 452 l32£

611 492 768 548 Vens.
796 490 881 546 l8.
935 486 1063 544 "(ec
1105 487 1240 542 enim
1287 496 1359 542 est
1406 488 1643 542 voluntas
1680 487 1774 543 Dei
1814 490 1864 541 in
1899 486 2102 542 Christo

2290 485 2468 540 Τοῦτο
2502 485 2611 556 γὰρ
2638 485 2867 556 θέλημα
2896 487 3041 542 Θεοῦ
3070 488 3139 541 ἐν
3167 488 3398 558 Χριστῷ
3444 490 3650 558 Ἰησοῦ
3703 497 3792 560 εἰς

532 585 659 641 Iesu
688 600 808 654 erga
830 599 933 637 vos.
967 581 1248 648 Quomodo
1275 589 1455 637 autem
1479 595 1695 651 semper
1717 581 1917 651 gratias
1944 582 2108 651 ages?

535 674 591 729 Si
616 673 896 744 agnoveris
928 672 1066 725 hanc
1092 684 1211 726 esse
1236 670 1568 725 voluntatem
1599 670 1710 735 Dei,
1740 680 1796 725 nt
1823 671 1897 724 sis
1922 681 2108 740 gratus

533 778 657 833 erga
696 763 893 832 ipsum,
918 773 1016 816 ceu
1043 773 1164 815 eum
1199 760 1290 830 qui
1319 774 1534 831 semper
1576 762 1670 815 tibi
1723 761 2026 815 benefaciat
2053 761 2105 815 in

532 853 752 908 Christo
786 850 911 907 Jesu
936 892 950 917 ,
990 852 1091 905 hoc
1117 860 1222 914 est,
1250 866 1345 920 per
1368 849 1581 905 Domini
1610 850 1732 907 Jesu
1762 851 1960 906 Christi
1986 865 2109 906 coo-

532 945 889 1014 perationem.
926 942 1135 996 Etenim
1165 942 1279 1012 ipse
1314 942 1468 996 nobis
1505 941 1569 996 ad
1606 942 1901 1011 gratiarum
1932 944 2107 997 actio—

534 1052 655 1092 nem
686 1033 903 1103 adjutor
927 1043 1032 1099 est,
1067 1032 1158 1102 qui
1202 1041 1258 1087 et
1298 1032 1481 1088 docuit
1514 1047 1613 1087 nos
1644 1033 1781 1089 istuc
1808 1034 2004 1100 facere,
2048 1042 2107 1089 ut

530 1142 598 1183 ex
627 1125 920 1197 Evangelia
948 1124 1254 1180 didicimus.

606 1218 766 1275 Vens.
792 1219 883 1283 l9,
902 1215 1281 1283 20.,Spiritum
1302 1216 1460 1271 nolite
1480 1225 1829 1288 exstinguere.
1872 1214 2107 1287 Prophe-

534 1310 634 1361 tias
669 1310 829 1361 nolite
858 1322 1118 1376 spernere.
1157 1306 1289 1373 Quia
1330 1321 1431 1360 nos
1461 1316 1544 1361 est
1570 1322 1806 1377 praesens
1834 1309 1946 1362 haec.
1971 1308 2102 1373 vita,
2124 1301 2139 1309 “

531 1400 678 1455 dedit
731 1400 885 1455 nobis
939 1398 1239 1467 lampadem
1276 1397 1437 1460 Deus.
1490 1398 1752 1468 Spiritum
1807 1410 2102 1455 sanctum:

531 1493 626 1546 sed
677 1491 819 1545 hanc
869 1489 959 1544 alii
1008 1489 1226 1559 quidem
1279 1489 1694 1559 splendidiorem
1730 1490 1993 1556 fecerunt,
2047 1500 2106 1548 ut

532 1598 723 1638 omnes
759 1582 932 1638 sancti
963 1582 1091 1637 :alii
1122 1596 1253 1638 vero
1308 1582 1703 1648 exstinxerunt,
1753 1592 1813 1639 ut
1867 1586 2105 1656 quinque

530 1671 787 1742 virgines,
823 1671 924 1726 olei
977 1669 1199 1728 inanem
1247 1671 1384 1727 banc
1424 1671 1881 1729 dimittentesntt
1922 1675 1967 1730 is
2009 1676 2103 1745 qui

530 1763 778 1838 βαι-ἰηιὴί
815 1762 1115 1818 fornicatus
1155 1774 1294 1828 erat,
1320 1777 1538 1818 caenum
1575 1778 1706 1821 sane
1742 1767 1867 1821 huic
1916 1782 2102 1838 super-

2214 573 2388 644 ὑμᾶς.
2427 576 2550 639 Πῶς
2578 578 2632 630 δὲ
2658 578 2744 631 ἀεὶ
2768 577 3219 649 εὑχαριστήσειςς
3277 580 3402 633 Ἐὰν
3436 582 3675 654 ἐπιγνῷς
3709 587 3791 639 ὅτι

2211 665 2370 719 τοῦτο
2400 666 2588 719 θέλειὸ
2617 667 2769 730 Θεὸς,
2795 668 2855 719 τὸ
2879 664 3019 720 εἷναί
3049 684 3107 721 σε
3147 670 3471 741 εὐχάριστον
3517 674 3654 743 πρὸς
3683 676 3787 727 αὖ·

2208 754 2321 820 τὸν,
2344 758 2420 820 ὡς
2462 759 2547 810 ἀεὶ
2592 756 2985 828 εὐεργετοῦντα
3018 761 3075 811 ὲν
3124 761 3345 831 Χριστῷ
3383 762 3581 832 Ἰησοῦ,
3634 781 3790 818 τουτ-

2211 849 2348 913 έστι,
2375 849 2460 902 διὰ
2491 853 2589 919 τῆς
2616 849 2707 903 τοῦ
2734 850 2939 920 Κυρίου
2985 851 3155 920 Ἰησοῦ
3211 855 3521 924 συνεργίας.
3550 856 3661 908 Καὶ
3681 859 3790 928 γάρ

2211 942 2305 992 καὶ
2341 942 2477 1010 πρὸς
2503 940 2562 993 τὸ
2591 940 2941 1011 εὐχαριστεῖν
2967 941 3130 1002 αὐτὸς
3154 942 3292 1013 ἡμῖν
3319 946 3604 1013 συνεργὸς,
3634 947 3695 1009 ὃς
3726 964 3789 1015 γε

2211 1034 2306 1085 καὶ
2333 1032 2573 1099 ίδίδαξεν
2602 1035 2750 1103 ἡμᾶς
2801 1034 2958 1087 τοῦτο
2989 1038 3183 1102 ποιεῖν,
3217 1035 3292 1098 ὡς
3321 1037 3385 1089 ἐκ
3410 1038 3504 1089 τοῦ
3542 1039 3788 1106 Εὑαγγε-

2207 1122 2323 1176 λίου
2358 1123 2786 1195 μεμαθήκαμεν.

2204 1232 2207 1237 ί
2284 1213 2355 1267 Τὸ
2371 1214 2613 1282 Πνεῦμα
2631 1214 2719 1284 μὴ
2737 1214 3048 1269 σϐέννυτε.
3069 1218 3434 1286 Προφητείας
3456 1220 3502 1252 ⁶¹
3515 1222 3603 1291 μὴ
3622 1223 3790 1288 eam,

2207 1305 2444 1361 θενεῖτε.
2475 1306 2693 1378 Ἐπειδὴ
2721 1306 2816 1371 νύξ
2842 1308 2989 1361 ἐστιν
3007 1308 3241 1380 ὁπαρὼν
3263 1309 3395 1379 βίος,
3428 1311 3630 1366 ἔδωκεν
3660 1316 3791 1384 ἡμῖν

2210 1400 2238 1451 ὁ
2265 1397 2398 1460 Θεὸς
2428 1397 2706 1467 λαμπάδα,
2734 1398 2796 1451 τὸ
2822 1398 3047 1469 Πνεῦμα
3075 1399 3136 1452 τὸ
3177 1400 3366 1468 ἅγιον
3414 1402 3552 1456 άλλά
3581 1404 3790 1475 ταύτην

2206 1490 2257 1542 οἱ
2295 1488 2396 1558 μὲν
2415 1488 2803 1557 λαμπροτέραν
2825 1489 3174 1557 εἰργάσαντο,
3203 1491 3279 1554 ὡς
3305 1492 3508 1557 πάντες
3537 1497 3585 1546 οἱ
3620 1493 3787 1562 ἅγιον

2209 1579 2262 1632 οἱ
2299 1579 2357 1633 δὲ
2385 1578 2637 1643 ἔσϐεσαν,
2663 1578 2738 1642 ὡς
2767 1580 2825 1631 αῖ
2849 1579 3010 1630 πέντε
3038 1580 3315 1650 παρθένοι,
3351 1581 3607 1637 άνέλαιον
3655 1584 3784 1637 ταύ-

2204 1685 2309 1741 την
2335 1670 2555 1737 ἀφεῖσαι
2581 1683 2597 1701 ο
2623 1668 2698 1731 ὡς
2721 1670 2750 1722 ὁ
2779 1671 2837 1721 ὲν
2865 1668 3115 1741 Κορίνθῳ
3143 1672 3560 1743 πεπορνευκὼς,
3597 1674 3787 1746 βόρϐο-

2218 1776 2312 1831 ρον
2361 1759 2537 1832 ταύτῃ
2605 1758 2856 1826 ἐπιχέας.
2910 1760 3078 1830 Φησὶν
3131 1756 3260 1815 οὖν·
3316 1764 3387 1816 Τὸ
3418 1765 3667 1834 Πνεῦμα
3697 1768 3782 1835 μή

530 1834 783 1910 feludens.
827 1853 920 1908 Ait
963 1854 1164 1923 itaque,
1217 1853 1478 1924 Spiritum
1523 1870 1585 1909 ne
1627 1857 1957 1928 exstinguite,
1983 1831 2102 1913 -hoc

2216 1831 2531 1914 σϐέννυτε,
2583 1850 2831 1903 τουτέστι
2887 1850 2948 1903 τὸ
2984 1852 3248 1922 χάρισμα.
3288 1854 3512 1908 κλείετε
3543 1831 3648 1920 τάς

528 1954 613 2003 est
639 1947 837 2002 donum
872 1946 1146 2001 :elaudite
1194 1946 1391 2017 januas
1421 1949 1537 2003 sive
1565 1961 1782 2014 sensus,
1814 1963 1881 2003 ne
1926 1951 2105 2019 ingre-

536 2039 717 2093 diatur
755 2038 983 2107 spiritus
1034 2020 1276 2103 malitiae,
1321 2052 1423 2093 nec
1453 2039 1830 2109 exstinguatur
1875 2040 2100 2109 lampas.

526 2128 607 2185 Ne
640 2129 897 2198 injiciatis
931 2129 1211 2199 pulverem
1244 2145 1339 2185 seu
1382 2140 1628 2187 terrenas
1656 2147 1819 2187 curas
1852 2149 1866 2185 ε
1904 2134 1983 2186 sic
2014 2134 2105 2187 lict

531 2231 592 2277 ut
626 2221 1084 2291 inexstinguibilis
1114 2231 1487 2280 conservetur.
1514 2221 1610 2279 Vel
1632 2224 1774 2279 hunc
1797 2223 1861 2280 ad
1886 2227 2099 2279 modum

467 2327 470 2331 '
530 2316 876 2383 interpretari
927 2315 1105 2383 possis
1138 2331 1151 2368 :
1182 2313 1420 2369 Fuerunt
1455 2316 1596 2385 apud
1633 2315 1777 2386 ipsos
1826 2318 2102 2387 prephette

527 2403 647 2466 Dei,
677 2414 731 2458 et
776 2404 1053 2474 prophetae
1093 2405 1213 2459 vani
1246 2423 1259 2459 :
1290 2408 1543 2474 quoniam
1594 2415 1772 2460 autem
1836 2407 2099 2461 incertum

528 2506 671 2549 esset
698 2496 803 2550 utri
847 2507 1032 2551 essent
1068 2499 1202 2561 reri,
1236 2512 1425 2552 omnes
1474 2497 1630 2550 simul
1690 2496 2100 2555 aversabantur.

532 2583 692 2656 527
723 2586 814 2641 Ait
861 2588 1042 2657 itaque
1081 2586 1559 2657 ipsis:Spiritum,
1612 2589 1712 2643 hoc
1767 2600 1850 2644 est
1902 2592 2099 2645 donum

527 2682 667 2750 quod
688 2693 771 2737 est
794 2681 849 2736 in
872 2684 1015 2739 veris
1040 2682 1335 2754 prophetis,
1361 2700 1423 2737 ne
1446 2685 1781 2754 exstinguite,
1811 2700 1905 2739 eos
1946 2699 2101 2755 teque

528 2788 592 2829 ac
612 2776 1108 2846 pseudoprophetas
1148 2777 1675 2844 aversando;neque
1706 2777 1945 2851 spernite
1983 2792 2099 2832 ma-

527 2876 719 2922 nantes
752 2882 816 2922 ex
849 2866 1051 2937 Spiritu
1077 2878 1266 2923 sancto
1298 2869 1635 2938 prophetias.

598 2956 875 3011 Vens.2l.
920 2957 1114 3012 Omnia
1176 2968 1354 3014 autem
1420 2960 1672 3029 probate:
1710 2962 1851 3033 quod
1907 2961 2099 3017 bonum

528 3052 603 3104 est
627 3058 811 3103 tenete.
858 3048 996 3116 Quid
1031 3050 1576 3123 igiturirecipiemus
1608 3066 1738 3125 ergo
1777 3063 1831 3109 et
1863 3056 2098 3125 pseudo-

527 3140 1103 3213 prophetas?Minime,
1131 3143 1322 3214 inquit.
1354 3142 1460 3199 Sed
1492 3145 1673 3200 omnia
1704 3146 1967 3214 probate;
1993 3147 2095 3205 hoc
2122 3164 2170 3226 ο

525 3241 630 3296 est,
655 3240 708 3286 et
746 3240 881 3286 vana
916 3244 971 3287 ct
1000 3246 1127 3288 vera
1161 3246 1282 3289 cum
1314 3234 1714 3291 examinatione
1753 3235 2016 3307 iudicate,
2044 3247 2096 3295 et

522 3332 640 3377 tum
686 3324 829 3393 quod
866 3325 1042 3380 visum
1070 3334 1154 3381 est
1184 3327 1338 3382 vobis
1389 3326 1616 3394 bonum,
1651 3329 1751 3384 hoc
1779 3339 1881 3396 cst,
1940 3345 2098 3387 veras

527 3414 833 3484 prophetias
857 3415 1151 3481 continete,
1188 3418 1288 3473 hoc
1306 3425 1410 3485 est,
1439 3419 1718 3485 honorate,
1747 3428 1952 3474 curate.

597 3586 762 3645 Vsus.
788 3588 879 3645 22.
910 3590 990 3644 Ab
1024 3589 1164 3644 omni
1190 3590 1357 3660 specie
1393 3590 1537 3645 mala
1567 3591 1842 3646 abstinete.
1876 3590 1991 3648 Non
2031 3592 2099 3648 ab

520 3680 629 3735 hac
649 3681 732 3736 vel
765 3682 835 3737 ab
875 3681 961 3735 illa
996 3690 1220 3747 tantum,
1256 3695 1439 3736 verum
1469 3683 1788 3753 simpliciter
1810 3682 1878 3739 ab
1923 3686 2096 3754 omni,

526 3780 580 3824 et
610 3785 636 3822 a
667 3771 926 3841 propheta
956 3771 1242 3834 mendacii,
1271 3767 1322 3826 et
1345 3787 1374 3823 a
1402 3784 1640 3841 peccato.

600 3861 764 3917 Vens.
799 3862 889 3917 εδ.
948 3862 1069 3932 Ipse
1110 3874 1291 3918 autem
1339 3862 1480 3919 Deus
1508 3866 1654 3933 pacis
1685 3867 1975 3937 sanctiﬁcet
2009 3884 2098 3923 vos

525 3967 618 4019 per
639 3950 839 4005 omnia.
868 3951 997 4006 Post
1035 3952 1468 4007 exhortationem
1523 3953 1888 4023 precationem
1929 3955 2099 4008 addu~

529 4043 624 4104 cit,
660 4053 767 4107 quo
812 4039 1068 4107 utrinque
1110 4041 1457 4095 securitatem
1508 4041 1765 4096 habeant.
1798 4040 1938 4107 Quid
1971 4053 2101 4094 vero

526 4140 630 4194 est,
661 4146 753 4197 per
774 4132 948 4183 omnia
974 4131 999 4183 Ρ
1022 4129 1132 4184 Hoc
1162 4142 1266 4198 est,
1288 4146 1511 4200 corpore
1534 4142 1589 4187 et
1616 4132 1817 4197 animo,
1852 4141 1910 4185 ut
1944 4131 2097 4185 dein-

520 4236 655 4290 ceps
677 4222 872 4277 disces.

596 4316 673 4369 Ac
724 4317 919 4383 integer
969 4322 1133 4368 tester
1183 4313 1422 4382 spiritus,
1469 4323 1516 4369 et
1565 4315 1765 4379 anima,
1811 4322 1860 4367 et
1909 4330 2096 4383 corpus

524 4407 785 4476 inculpata
808 4410 863 4463 in
886 4409 1108 4462 adventu
1135 4406 1346 4460 Domini
1375 4407 1544 4461 nostri
1584 4402 1712 4460 Iesu
1738 4404 1933 4477 Christi
1971 4422 2096 4461 ser-

2209 1958 2330 2013 ρας,
2367 1942 2486 2013 ἤτοι
2543 1940 2639 2004 τὰς
2691 1940 2995 2011 αἰσθήσεις,
3054 1942 3141 1997 ἵνα
3200 1943 3276 2015 μὴ
3304 1945 3522 2016 εἰσέλθῃ
3561 1947 3782 2017 πνεῦμα

2207 2033 2494 2104 πονηρίας,
2545 2033 2639 2086 καὶ
2688 2033 2749 2086 οὐ
2780 2033 2854 2104 μὴ
2890 2033 3091 2106 σσεσθῇ
3124 2035 3424 2105 ήλαμπάς.
3466 2038 3559 2107 Μὴ
3595 2039 3783 2093 ἐπιϐά-

2204 2125 2333 2195 λητε
2365 2124 2455 2178 τὸν
2481 2123 2631 2194 χοῦν,
2658 2125 2777 2194 ἦτοι
2829 2126 3099 2196 μερίμνας
3140 2128 3350 2195 γηῖνας,
3384 2130 3481 2180 καὶ
3515 2129 3778 2193 ἄσϐεστος

2203 2217 2594 2288 τηρηθήσεται.
2622 2218 2697 2269 “Il
2728 2217 2821 2269 καὶ
2850 2216 3022 2282 οὕτως
3043 2234 3057 2247 ·
3077 2213 3258 2271 Ἦσαν
3285 2219 3415 2290 παρ’
3443 2219 3630 2283 αὐτοῖς
3652 2236 3779 2290 προ-

2204 2308 2374 2379 φῆται
2408 2308 2500 2362 τοῦ
2527 2307 2688 2371 Θεοῦ,
2738 2309 2833 2361 καὶ
2865 2309 3325 2382 ψευδοπροφῆται.
3376 2311 3532 2365 Ἐπεὶ
3561 2311 3623 2365 δὲ
3651 2313 3779 2377 ἀδη.

2202 2400 2293 2453 λον
2324 2395 2393 2471 ἦν
2419 2401 2501 2463 τίς
2538 2402 2566 2453 ὁ
2596 2400 2798 2470 ἀληθὴς
2832 2401 2899 2461 ⁸⁸,
2936 2401 3145 2464 πάντας
3186 2401 3319 2471 ὁμοῦ
3348 2402 3775 2473 ἀπεστρέφοντο.

2201 2494 2370 2562 Φησὶν
2401 2492 2495 2546 οὖν
2524 2492 2707 2556 αὐτοῖς
2729 2507 2744 2521 °
2780 2490 2852 2544 Τὸ
2880 2491 3140 2561 Πνεῦμα,
3179 2494 3441 2556 τουτέστι,
3473 2495 3536 2547 τ’)
3563 2498 3625 2548 ἐν
3670 2498 3777 2558 τοῖς

2202 2583 2418 2653 άληθῶς
2464 2586 2771 2653 προφήταις
2815 2581 3083 2652 χάρισμα,
3108 2582 3189 2650 μὴ
3217 2584 3536 2649 σϐέννυτε,
3566 2585 3656 2638 διὰ
3685 2586 3774 2639 τοῦ

2202 2675 2640 2747 ἀποστρέφεσθαι
2671 2676 2854 2737 αὐτοῖς
2887 2674 2954 2747 [Ῑ.
2983 2675 3205 2747 αὐτοὺς]
3256 2677 3455 2747 ἰπίσης
3485 2681 3607 2741 τοῖς
3652 2678 3777 2747 drau-

2199 2767 2597 2838 δοπροφήταιςο
2639 2767 2773 2835 μηδὲ
2808 2766 3139 2831 ἐξουθενεῖτε
3179 2768 3279 2831 τάς
3344 2768 3409 2823 ἐκ
3458 2769 3775 2841 Πνεῦματος

2200 2859 2358 2926 ἁγίου
2391 2859 2751 2929 προφητείας.

2269 2949 2389 3004 Πάν
2402 2967 2473 3003 τα
2494 2949 2561 3002 δὲ
2590 2948 2929 3019 δοκιμάζετε
2960 2967 2976 2983 ·
3018 2951 3085 3005 τὸ
3135 2952 3331 3007 καλὸν
3374 2953 3678 3021 κατέχετε.
3710 2955 3773 3007 Τί

2198 3035 2321 3106 οὖνς
2351 3038 2770 3110 παραδεξόμεθα
2813 3040 2908 3093 καὶ
2934 3042 3060 3103 τοὺς
3100 3039 3584 3113 ψευδοπροφήταςς
3619 3047 3770 3116 υῦχὶ,

2200 3134 2397 3207 φησιν’
2433 3132 2567 3187 ἀλλὰ
2594 3133 2774 3187 πάντα
2830 3132 3150 3203 δοκιμάζετε
3180 3149 3194 3164 ·
3247 3134 3517 3199 τουτέστι,
3562 3137 3673 3188 Καὶ
3708 3138 3774 3191 τά

2200 3224 2393 3295 ψευδῆ,
2431 3223 2618 3277 καὶτὰ
2646 3222 2826 3294 ἀληθῆ
2851 3222 2992 3292 μετὰ
3027 3223 3355 3294 δοκιμασίας
3384 3224 3625 3297 κρίνετε,
3682 3227 3773 3281 καὶ

2198 3314 2319 3368 τότε
2349 3312 2411 3366 τὸ
2444 3310 2606 3377 δόξαν
2656 3313 2784 3384 ὑμῖν
2833 3312 3018 3378 καλὸν,
3088 3304 3333 3367 τουτέστι
3393 3318 3495 3377 τάς
3550 3317 3771 3388 ἀληθεῖς

2198 3406 2558 3477 προφητείας,
2586 3405 2868 3477 κατέχετε,
2900 3406 3167 3473 τουτέστι,
3242 3408 3461 3476 τιμᾶτε,
3492 3409 3581 3465 διὰ
3615 3426 3769 3479 φρον-

2198 3496 2345 3560 τίδος
2376 3496 2639 3552 ποιεῖσθε.

2285 3587 2432 3643 Ἀπὸ
2468 3586 2696 3655 παντὸς
2739 3584 2941 3655 εἴδους
2985 3588 3254 3657 πονηροῦ
3302 3590 3626 3660 ἀπέχεσθε.
3680 3594 3767 3649 Mi-

2198 3679 2390 3734 τούτου
2426 3678 2461 3750 ἢ
2496 3680 2724 3746 ἑκείνου,
2752 3677 2870 3733 ἀλλ’
2897 3679 3084 3744 ἁπλῶς
3107 3682 3329 3751 παντὸς,
3364 3687 3461 3738 καὶ
3489 3687 3764 3758 προφήτου

2198 3771 2449 3842 ψευδοῦς,
2476 3770 2573 3824 καὶ
2603 3771 3010 3843 ἁμαρτήματος
3038 3771 3104 3828 ⁸³.
3478 3787 3482 3790 “

2268 3863 2462 3929 Αὐτὸς
2481 3862 2550 3916 δὲ
2573 3864 2606 3918 ό
2625 3862 2770 3929 Θεὸς
2800 3861 2911 3932 τῆς
2931 3864 3176 3934 εἰρήνης
3200 3866 3443 3937 ἁγιάσαι
3462 3869 3620 3940 ὑμᾶς
3638 3873 3765 3925 ὁκο-

2198 3953 2413 4020 τελεῙς.
2469 3954 2624 4007 Μετὰ
2656 3955 2755 4023 τὴν
2789 3953 3130 4022 παραίνεσιν,
3179 3961 3275 4012 καὶ
3326 3961 3492 4031 εὐχὴν
3547 3964 3761 4031 ἐπάγει,

2199 4047 2287 4099 ἵνα
2317 4048 2411 4099 καὶ
2438 4043 2828 4115 ἀμφοτέρωθεν
2875 4045 2936 4097 τὸ
2961 4046 3201 4113 ἀσφαλὲς
3246 4047 3467 4121 ἔχωσιν.
3537 4052 3761 4107 ὀλοινε-

2196 4135 2327 4201 ,ιεῐς
2350 4135 2406 4188 δὲ
2445 4137 2497 4188 τί
2525 4139 2676 4199 eost;
2706 4132 2864 4186 Τοῦτ’
2901 4133 3037 4204 ἔστι,
3079 4138 3293 4210 σώματι
3341 4144 3436 4196 καὶ
3460 4143 3610 4216 ψυχῇ
3633 4161 3647 4176 -
3677 4147 3760 4198 καὶ

2198 4225 2396 4295 ἑφεξῆς
2423 4226 2480 4279 δὲ
2504 4226 2745 4300 μαθήσῃ.

2269 4316 2751 4391 καῖ’όλόκληρον
2782 4323 2946 4393 ὑμῶν
2975 4324 3040 4378 τὸ
3067 4325 3325 4395 Πνεῦμα,
3359 4326 3458 4380 καὶ
3500 4328 3539 4396 ἠ
3575 4330 3759 4397 ψυχὴ,

2198 4409 2295 4462 καὶ
2322 4409 2389 4461 τὸ
2417 4410 2589 4481 σῶμα
2612 4413 2927 4484 ἀμέμπτως
2962 4416 3032 4471 ἐν
3060 4416 3132 4486 τῇ
3175 4421 3478 4488 παρουσίᾳ
3512 4422 3621 4476 τοῦ
3653 4426 3762 4476 Κυο

525 4509 691 4555 retur.
727 4499 963 4579 Spiritus
1009 4511 1093 4554 est
1123 4500 1390 4553 charisma
1435 4498 1579 4567 quod
1626 4499 1933 4568 accepimus
1999 4513 2095 4568 per

2204 4498 2330 4565 plov
2360 4499 2527 4570 ἡμῶν
2568 4501 2774 4570 Ἰησοῦ
2802 4508 3059 4575 Χριστοῦ
3091 4512 3391 4578 τηρηθείη.
3424 4511 3500 4565 Τδ
3523 4513 3758 4583 Πιεῦμα,

528 4585 813 4654 baptisma.
830 4585 887 4641 Si
900 4586 1042 4640 enim
1063 4585 1290 4641 lucidam
1316 4586 1473 4640 istius
1489 4586 1787 4656 lampadem
1804 4601 2094 4642 conserva-

528 4677 766 4730 verimus
789 4682 845 4731 et
876 4676 1391 4749 inesstinguibilem,
1429 4677 1794 4747 ingrediemur
1819 4677 1873 4732 in
1923 4677 2095 4733 mala.

524 4781 675 4821 mum
704 4784 718 4821 :
746 4782 910 4838 porro
944 4777 1000 4821 et
1050 4769 1226 4822 anima
1272 4777 1326 4822 et
1349 4782 1545 4837 corpus
1587 4777 1698 4822 tum
1744 4768 2091 4827 immaculata

521 4867 706 4922 erunt,
737 4860 783 4913 si
811 4858 1048 4928 Spiritus
1071 4858 1124 4912 in
1152 4858 1306 4914 nobis
1326 4857 1557 4915 fulserit.
1587 4858 1883 4930 Gregorius
1910 4872 2091 4918 autem

523 4942 793 5015 Nyssenus
843 4948 1018 5017 inquit
1062 4965 1077 5003 :
1113 4948 1249 5015 Quia
1276 4950 1437 5004 homo
1487 4965 1556 5004 ex
1599 4952 1748 5006 omni
1793 4954 2093 5008 animarum

522 5037 708 5105 specie
739 5040 1102 5108 componitur,
1141 5042 1461 5111 vegetativs,
1485 5043 1742 5098 sensitive
1772 5053 1827 5098 et
1860 5045 2099 5101 intellec-

524 5126 682 5193 tuali,
722 5129 970 5196 spiritum
997 5130 1184 5186 dicens
1208 5133 1516 5203 Apostolus,
1544 5133 1862 5190 rationalem
1884 5146 2092 5203 partem

524 5220 785 5275 indicavit
812 5233 827 5274 :
862 5222 1098 5276 animam
1123 5237 1271 5289 vero,
1302 5224 1616 5295 sensitivatu
1645 5241 1660 5278 :
1688 5240 1905 5294 corpus,
1925 5228 2091 5280 vitam

514 5320 771 5369 nostram
807 5314 1185 5384 regetativam.
1207 5314 1376 5372 Totos
1404 5314 1571 5385 igitur
1598 5329 1696 5387 per
1721 5318 1900 5371 omnia
1929 5318 2097 5372 inculo

526 5413 685 5472 patos
711 5402 860 5473 ipsos
882 5408 1195 5465 conservari
1223 5416 1500 5476 precatur,
1525 5411 1770 5478 adeoque
1796 5422 1892 5478 per
1911 5412 2094 5464 omnia

514 5491 634 5550 Deo
666 5492 966 5564 placentes.
1078 5565 1085 5572 _

2199 4591 2468 4657 τουτέστι,
2501 4592 2563 4645 τὸ
2583 4594 2827 4667 χάρισμα
2848 4598 2876 4651 ὃ
2903 4599 3169 4671 ἐλάϐομεν
3195 4601 3284 4657 διὰ
3311 4601 3408 4656 τοῦ
3451 4603 3760 4675 βαπτίσμα-

2198 4698 2314 4746 τος.
2353 4683 2479 4739 Ἑάν
2504 4685 2614 4756 γὰρ
2655 4687 2914 4759 λαμπράν
2934 4689 3032 4759 τὴν
3056 4692 3313 4763 λαμπάδα
3369 4694 3562 4749 τούτου
3594 4696 3759 4766 φυλά-

2200 4773 2379 4844 ξωμεν
2397 4776 2490 4829 καὶ
2511 4778 2795 4844 ἆσσεστον,
2818 4782 3235 4854 εἰσελευσόμεθα
3252 4787 3331 4849 είς
3356 4789 3450 4841 τὸν
3478 4791 3757 4859 νυμφάων

2202 4865 2297 4917 καὶ
2319 4868 2352 4935 ἡ
2382 4863 2530 4936 ψυχὴ
2556 4866 2614 4919 δι
2645 4868 2741 4920 καὶ
2766 4869 2828 4921 τὸ
2862 4869 3019 4941 σῶμα
3052 4874 3172 4924 τότε
3208 4874 3476 4944 ἄμεμπτα
3528 4877 3755 4938 ἔσονται,

2199 4955 2296 5008 ἐὰν
2324 4954 2385 5008 τὸ
2414 4956 2641 5027 Πνεῦμα
2665 4960 2724 5013 ὲν
2747 4962 2881 5031 ἡμῖν
2908 4960 3121 5035 λάμπῃ.
3177 4964 3237 5017 '0
3280 4965 3337 5018 δὲ
3368 4967 3594 5039 Νὑσσης
3623 4969 3751 5038 Γρη⁴

2198 5048 2404 5117 γόριος,
2443 5049 2683 5121 Ἐπειδὴ,
2714 5053 2900 5122 φησιν,
2931 5055 2960 5108 ὁ
2988 5056 3276 5126 ἄνθρωπος
3296 5058 3383 5113 διὰ
3407 5060 3589 5133 πάσης
3622 5062 3754 5119 ίδέας

2197 5139 2310 5192 τῶν
2343 5139 2530 5210 ψυχῶν
2555 5146 2974 5215 κατακιρνᾶται,
3006 5147 3103 5215 τῆς
3130 5162 3191 5201 τε
3247 5152 3505 5221 φυσικῆς,
3538 5153 3629 5205 καὶ
3665 5153 3752 5222 τῆς

2198 5229 2546 5301 αἰσθητικῆςι,
2577 5235 2669 5286 καὶ
2716 5235 2819 5304 τῆς
2873 5239 3090 5305 νοερᾶς,
3132 5237 3352 5311 πνεῦμα
3396 5244 3497 5313 μὲν
3542 5243 3753 5297 ειπὼνό

2209 5321 2553 5388 Ἀπόστολος,
2582 5325 2643 5378 τὸ
2666 5329 2854 5398 νοερὸν
2890 5329 3057 5400 μέρος
3078 5330 3315 5400 ἐδήλωσε
3332 5351 3348 5367 ·
3374 5334 3552 5406 ψυχὴν
3578 5335 3654 5401 δὲ,
3694 5337 3751 5388 τὸ

2198 5412 2513 5483 αἰσθητικόν
2535 5430 2549 5446 ο
2610 5415 2771 5488 σῶμα
2817 5417 2896 5483 δὲ,
2952 5420 3054 5491 τὴν
3086 5424 3320 5494 φυσικὴν
3346 5426 3406 5478 ὲν
3429 5427 3563 5496 ἡμῖν
3593 5425 3746 5496 ζωήν.

2204 5503 2399 5566 Ὅλους
2430 5500 2524 5559 οὖν
2552 5505 2620 5559 δι’
2652 5507 2787 5561 ὅλων
2833 5511 3137 5584 τηρηθῆναι
3198 5516 3522 5588 ἀμέμπτους
3565 5519 3751 5581 αὐτοὺς

2202 5593 2510 5663 ἐπεύχεται,
2546 5595 2635 5651 διὰ
2656 5598 2873 5656 πάντων
2892 5603 2969 5673 τῷ
2995 5602 3114 5676 Θεῷ
3142 5607 3601 5681 εὐηρεστηκότας.

1844 5710 2043 5772 Varite
2072 5713 2395 5776 lectiones.

586 5794 639 5830 ⁴¹
663 5798 951 5870 προφήτας
972 5815 1023 5856 o.
1098 5802 1146 5836 "
1167 5802 1361 5874 ωηλος
1381 5799 1451 5875 ἦν
1479 5809 1511 5859 ό
1530 5807 1619 5863 ἀλ.
1644 5824 1701 5866 o.
1776 5810 1825 5845 ⁸⁸
1842 5813 2275 5885 ἁμαρτήσαντος
2310 5827 2382 5865 ιιι.
