3994 6584
286 442 427 509 1329
1029 448 1437 514 EXPOSITIO
1479 453 1561 513 IN
1602 452 1843 515 EPIST.
1877 452 1939 512 II
1972 451 2072 512 AD
2108 449 2369 512 reuss.
2402 428 2471 487 '—
2508 448 2664 510 CAP.
2709 447 2761 507 1.
3399 442 3533 506 1330

283 554 395 625 τῆς
459 558 701 629 ἀρετῆς.
734 563 834 617 καί
881 564 1022 633 τοὺς
1057 568 1376 637 θλίϐοντας
1404 571 1653 638 ,αὐτοὺς
1707 571 1858 627 ιδεῖν
1887 578 1907 634 1

1986 569 2216 623 udicium
2245 579 2334 623 aut
2364 583 2591 636 pwuam,
2616 578 2771 636 atque
2789 566 2911 621 hinc
2935 580 3049 634 spes
3081 570 3387 618 sanctorum
3409 574 3538 613 cono

282 650 711 721 ἀπολαύοντας
760 658 938 725 ἀξίας
967 661 1301 731 .κολάσεως
1324 706 1340 731 ,
1386 665 1653 721 ὑπέϐαλε
1715 665 1858 732 τοὺς

1983 660 2250 731 'ringerent
2282 668 2330 713 et
2363 659 2801 724 comminuerent,
2831 667 2877 711 et
2909 657 3081 711 hostes
3105 654 3241 709 rerbi
3266 650 3531 721 couﬁ'leuo

280 741 628 812 ὑπουργοὺς
688 748 875 804 αὐτοῦ
929 749 1261 820 διδάσκειν,
1306 752 1401 810 ὅτι
1432 754 1765 826 ἐνέστηκεν
1814 758 1854 826 ή

1983 752 2121 805 iores
2151 751 2443 817 redderent,
2465 751 2569 805 imo
2590 760 2636 805 et
2671 750 2840 818 ipsum
2863 746 3132 805 Christum
3156 742 3421 799 mendacii
3447 756 3538 794 ar-

282 834 488 900 κρίσις
527 837 627 891 καί
658 839 697 907 ἠ
723 844 1027 908 παρουσία
1059 846 1168 901 τοῦ
1196 849 1479 916 Χριστοῦ,
1514 850 1616 903 Ζνα
1644 849 1853 916 δείξω-

1983 852 2201 909 ruerent,
2236 844 2327 913 qui
2351 844 2500 914 signa
2527 844 2766 913 quadam
2799 842 3048 897 adventus
3074 840 3156 894 sui
3190 839 3372 904 futura
3398 850 3537 907 prte-

281 936 389 977 σιν
416 924 462 955 ⁸⁷
483 925 575 980 ὅτι
613 930 726 985 οὐκ
754 932 927 1005 ἔσται
959 938 1180 993 λοιπὸν
1220 939 1554 1008 ἀντίδοσις,
1582 940 1727 995 οὐδὲ
1771 941 1856 995 δι-

1983 939 2168 993 lixerat
2186 951 2208 1001 ;
2259 951 2376 1007 quia
2424 951 2543 989 cum
2572 951 2674 989 non
2703 934 2848 1002 facta
2877 921 3066 993 essent,
3104 946 3322 999 cumque
3354 943 3537 984 resur-

281 1015 619 1087 καστήριον
642 1022 686 1054 ⁸⁸
715 1025 813 1078 καί
879 1028 1155 1096 κόλασις,
1220 1032 1550 1088 κάντεῦθεν
1592 1032 1711 1087 τῶν
1741 1033 1859 1103 μὲν

1983 1029 2152 1095 ταῦθ,
2222 1040 2275 1081 ιιι
2311 1028 2411 1098 ipsi
2484 1025 2894 1089 mentiebantur,
2935 1024 3233 1087 accidisset,
3270 1021 3538 1076 Dominus

282 1106 472 1174 άγίων
492 1110 537 1142 ⁸⁹
566 1110 674 1177 τὰς
699 1114 955 1183 ἐλπίδας
982 1121 1314 1188 θραύσωσι,
1343 1122 1485 1189 τοὺς
1517 1122 1585 1176 δέ
1607 1123 1860 1192 ἐχθροὺς

1983 1120 2357 1192 ιρενιινδριιίαιιι
2394 1118 2621 1173 mendax
2655 1116 3134 1171 demonstrabatur.
3183 1111 3403 1181 Propter
3426 1112 3539 1165 Ιιιτο

281 1197 392 1249 τοῦ
423 1202 801 1270 κηρύγματος
822 1206 1228 1276 θρασυτέρους
1270 1209 1659 1282 ἐργάσωνται,
1699 1210 1861 1266 ἀλλὰ

1983 1212 2173 1266 Paulus
2199 1210 2495 1281 Epistolam
2514 1207 2717 1273 scribit,
2735 1208 2797 1262 de
2819 1195 3040 1261 adventu
3067 1204 3282 1259 Domini
3304 1203 3533 1265 locutus,

282 1287 382 1339 καί
424 1289 535 1342 τὸν
564 1292 823 1358 Χριστὸν
846 1296 1047 1367 ψευδῆ
1091 1298 1449 1370 ἐλέγξωσιν,
1475 1301 1725 1354 εἰπόντα
1751 1316 1861 1369 ση-

1987 1321 2133 1371 psum
2163 1320 2286 1357 sane
2301 1314 2502 1371 tempus
2524 1318 2626 1356 non
2649 1300 2923 1365 revelans;
2948 1299 3152 1370 signum
3181 1307 3354 1350 autem
3375 1294 3543 1364 ipsius

277 1378 420 1446 ιιεῑά
471 1398 608 1438 τινα
655 1383 765 1452 τῆς
820 1389 1010 1444 αὐτοῦ
1062 1393 1404 1460 παρουσίας
1443 1392 1698 1462 μέλλειν
1726 1394 1864 1447 ἐσε-

1983 1397 2234 1459 'ndicans,
2278 1396 2451 1466 ipsum
2494 1394 2732 1449 videlicet
2775 1392 3183 1447 Anticltristum.
3222 1387 3542 1445 Consolatur

281 1474 424 1525 σθαι
452 1490 467 1503 ·
497 1469 586 1530 ὧν
606 1480 693 1546 μὴ
740 1485 1190 1553 προγινομένων
1221 1484 1284 1558 [ί.
1313 1485 1604 1557 amarat].
1642 1485 1750 1554 τῆς
1786 1486 1856 1540 δέ

1983 1498 2134 1541 mtem
2167 1504 2253 1542 eos
2321 1505 2351 1541 ιι
2386 1486 2878 1553 perturbationibus
2912 1483 3060 1540 valde
3094 1490 3410 1538 maceratos.
3444 1478 3547 1534 De-

283 1562 705 1636 ἀναστάσεως.
729 1572 810 1639 ὡς
835 1575 1009 1629 αὐτοί
1030 1575 1335 1642 ἐπλάνων,
1364 1577 1635 1647 έκὸάσης
1656 1594 1671 1610 ·
1713 1594 1860 1645 προ·-

1983 1578 2123 1649 tique
2153 1578 2245 1633 dat
2322 1580 2395 1633 eis
2443 1585 2596 1633 notas
2628 1578 2843 1647 'quibus
2892 1584 3212 1647 cognoscant
3261 1587 3545 1644 germanas

283 1655 491 1724 δήλως
545 1664 816 1734 όΚύριος
869 1666 1107 1736 ψευδὴς
1163 1668 1493 1724 ἐδείκνυτο.
1527 1670 1630 1723 Διά
1679 1669 1867 1725 ταῦτα

1987 1671 2133 1737 psius
2160 1670 2449 1739 Epistolas.
3224 1656 3231 1669 ’
3352 1670 3357 1679 ”
3398 1674 3403 1681 ’

283 1756 531 1824 Παῦλος
572 1761 689 1830 τὴν
729 1764 1102 1837 Ἐπιστολὴν
1131 1766 1363 1837 γράφει,
1403 1767 1501 1821 καί
1528 1766 1691 1838 λέγει
1727 1766 1860 1835 περί
1900 1764 2013 1835 τῆς
2075 1768 2415 1836 παρουσίας
2476 1768 2583 1823 τοῦ
2608 1769 2851 1836 Κυρίου,
2892 1767 3002 1821 τὸν
3057 1765 3175 1835 μὲν
3208 1763 3418 1833 καιρὸν
3435 1764 3547 1817 αὐ-

282 1852 396 1911 τὸν
425 1856 540 1911 οὑκ
590 1858 1056 1927 ἀποκαλύπτων,
1084 1862 1152 1917 τὸ
1199 1863 1268 1917 δέ
1316 1863 1570 1933 σημεῖον
1610 1862 1865 1931 αὺτῆςτο
1905 1860 2132 1928 δηλῶν,
2165 1863 2273 1917 τὸν
2314 1863 2750 1932 ’Λντίχριστον.
2816 1862 3165 1931 Παρακαλεῖ
3187 1861 3256 1916 δὲ
3320 1860 3547 1937 αὐτοὺς

281 1944 527 2014 σφόδρα
572 1949 1109 2019 τεταριχουμένους
1142 1951 1329 2007 ⁷¹ὐπὸ
1386 1949 1505 2005 τῶν
1554 1951 1760 2007 παθῶν
1783 1952 1850 2006 τ’.
1894 1950 2001 2004 Kal
2028 1949 2221 2018 τέλος,
2263 1950 2516 2005 δίδωσιν
2564 1950 2769 2017 αὐτοῖς
2822 1951 3042 2021 σημεῖα
3071 1951 3145 2005 δι’
3182 1944 3547 2022 ὧνέπιγνώ-

284 2048 503 2090 σονται
526 2033 634 2101 τὰς
665 2039 925 2108 γνησίας
948 2039 1136 2096 αὑτοῦ
1175 2040 1560 2109 Ἐπιστολάς.
1914 2060 1919 2063 ’

748 2362 1880 2557 THEOPHYLACTI
1960 2442 3105 2616 COMMENTARIUS

1110 2670 1196 2734 ΙΝ
1229 2670 1660 2737 EPISTOLAM
1694 2674 1758 2737 Il
1798 2673 1900 2736 AD
1934 2675 2729 2742 THESSALONICENSES.

1875 2860 1948 2873 —

720 2982 1114 3039 ΚΕΦᾹΛΔΙΟΝ
1148 2985 1445 3045 ΠΡΩΤυΝ.
1898 3034 1907 3054 ι

2382 2994 2539 3066 53],
2581 2994 2809 3052 CAPUT
2847 2994 3139 3054 PRIMUM.

368 3093 610 3162 Παῦλος
652 3095 749 3150 καί
796 3098 1128 3166 Σιλουανὸς
1159 3099 1256 3155 καί
1298 3102 1570 3173 Τιμόθεος
1598 3102 1674 3174 τῇ
1736 3105 1870 3160 Ἕκ-

296 3188 530 3257 ιιλησίᾳ
565 3189 1056 3243 Θεσσαλονικέων
1081 3191 1151 3245 ὲν
1180 3192 1300 3259 Θεῷ
1332 3194 1516 3264 Πατρὶ
1550 3194 1737 3267 ήμῶν,
1772 3198 1873 3253 καὶ

298 3280 496 3347 Κιφίῳ
518 3280 723 3346 Ἰησοῦ
754 3279 1006 3348 Χριστῷ.
1038 3283 1148 3337 Καὶ
1173 3285 1232 3339 ἐν
1262 3289 1328 3359 τῇ
1360 3288 1551 3363 πρώτῃ
1584 3288 1869 3365 Ἐπιστολῇ

293 3367 471 3432 οὕτως
493 3368 717 3439 ἤρξατο.
742 3369 885 3426 Ὅσα
906 3371 998 3426 οὖν
1020 3372 1136 3459 ἐκεῖ
1162 3375 1373 3447 εἴρηται
1405 3378 1557 3449 ἡμῖν,
1588 3381 1873 3455 Μράλασε

296 3460 395 3514 καὶ
428 3460 688 3518 ἐνταῦθα.

370 3550 553 3620 Χάρις
583 3553 727 3623 ὑμῖν
752 3555 851 3608 καὶ
887 3555 1095 3626 εἰρήνη
1128 3558 1244 3612 άπὸ
1294 3562 1439 3617 Θεοῦ
1485 3565 1734 3635 Πατρός,
1774 3568 1873 3622 καί

296 3644 523 3723 Κυρίου
562 3646 767 3714 Ἰησοῦ
793 3646 1072 3715 Χριστοῦ.
1113 3649 1364 3705 Ἐπειδὰν
1384 3655 1411 3706 ὁ
1435 3654 1564 3719 Θεὸς
1595 3656 1875 3730 χαριτώσῃ

295 3737 443 3800 τινὰ,
489 3736 644 3790 οὐδὲν
676 3737 826 3809 αὑτῷ
854 3738 1009 3793 ἔσται
1038 3740 1260 3812 ἀναιρὺν
1287 3741 1305 3814 [
1324 3745 1365 3814 f.
1414 3745 1694 3819 ἀνιαρὸν;],
1737 3746 1876 3803 ἀλλὰ

294 3828 481 3883 πάντα
512 3830 711 3901 ῥᾳδίως
750 3830 1061 3902 λυθήσεται.
1092 3832 1261 3897 Εἰδὼς
1292 3831 1385 3889 οὗν
1420 3837 1451 3889 ὁ
1485 3838 1753 3908 μακάριος
1782 3833 1874 3894 οὗ·

294 3939 412 3988 τος,
443 3923 544 3996 ὅση
570 3924 664 3979 τοῦ
695 3926 828 3980 Θεοῦ
858 3930 890 3998 ἡ
923 3929 1106 4000 χάρις,
1150 3930 1238 3984 διὰ
1264 3930 1423 3985 τοῦτο
1456 3933 1662 4004 ταύτην
1690 3935 1877 4000 αὐτοῖς

297 4016 614 4088 ἐπεύχεται.
657 4018 782 4073 Ἐὰν
803 4020 912 4092 γὰρ
941 4020 1081 4092 αὕτη
1104 4022 1292 4087 αὐτοῖς
1326 4025 1496 4095 παρῇ,
1525 4025 1736 4091 οὐδενὸς
1765 4028 1875 4082 τῶν

297 4106 631 4176 πειρασμῶν
669 4107 922 4179 αἰσθησιν
954 4109 1236 4181 λήψονται,
1286 4112 1421 4167 ἀλλὰ
1466 4115 1559 4168 καὶ
1599 4115 1697 4186 τῆς
1724 4118 1879 4189 εἰρή-

296 4210 398 4265 νης
426 4193 523 4249 τοῦ
569 4196 708 4251 Θεοῦ
740 4199 1235 4269 συναπολαύοντες,
1272 4203 1556 4259 ἀσάλευτοι
1603 4210 1697 4261 καὶ
1725 4211 1878 4281 sim-

2051 3111 2209 3170 Vens.
2250 3114 2299 3169 l.
2342 3113 2544 3170 Paulus
2593 3125 2639 3170 et
2673 3114 2922 3171 Siluanus
2955 3125 3004 3171 et
3032 3115 3333 3177 Timotheus
3369 3115 3548 3172 Eccle-

1973 3207 2068 3263 οἱα
2092 3204 2635 3262 Thessalonicensium
2663 3208 2718 3262 in
2746 3206 2856 3262 Deo
2906 3207 3066 3263 Patre
3104 3215 3307 3273 nostro,
3339 3224 3401 3264 ac
3436 3207 3548 3263 Do-

1972 3302 2114 3357 mino
2140 3299 2271 3357 Iesu
2300 3301 2532 3358 Christo.
2557 3302 2612 3357 In
2636 3303 2818 3372 priore
2845 3301 3080 3373 Epistola
3110 3301 3448 3358 consimilem
3478 3303 3550 3357 ad

1973 3392 2190 3448 modum
2242 3407 2401 3449 orsus
2454 3401 2557 3450 esu
2619 3392 2965 3463 Quaecunque
3030 3392 3214 3464 itaque
3265 3391 3351 3447 ibi.
3399 3392 3546 3448 dicta

1973 3494 2099 3545 sunt
2130 3502 2159 3541 a
2197 3486 2372 3555 nobis,
2402 3488 2491 3545 hic
2522 3501 2737 3558 quoque
2763 3488 3046 3545 assumito.

2046 3581 2209 3636 Vsus.
2243 3580 2299 3636 2.
2334 3580 2523 3636 Gratia
2548 3581 2692 3636 vobis
2734 3592 2783 3636 et
2820 3597 2926 3649 pax
2956 3597 2989 3634 a
3018 3580 3126 3635 Deo
3159 3579 3339 3646 Patre,
3365 3587 3415 3634 et
3441 3576 3549 3634 Do-

1974 3672 2116 3726 mino
2141 3669 2268 3726 Iesu
2293 3670 2523 3726 Christo.
2557 3670 2850 3741 Postquam
2878 3669 3021 3726 Deus
3039 3669 3214 3740 gratia
3239 3683 3334 3725 sua
3356 3683 3548 3739 quem-

1973 3764 2119 3834 piam
2152 3762 2389 3827 donarit,
2445 3762 2578 3818 nihil
2626 3762 2700 3817 illi
2733 3761 3020 3818 molestum
3061 3761 3185 3826 erit,
3232 3760 3328 3816 sed
3365 3759 3548 3814 omnia

1975 3854 2135 3910 facile
2155 3854 2541 3910 dissolvantur.
2572 3852 2761 3910 Sciens
2791 3854 2955 3925 igitur
2983 3854 3176 3909 beatus
3197 3854 3319 3921 iste,
3346 3860 3551 3923 quanta

1979 3959 2066 4001 res
2095 3946 2167 4001 sit
2197 3945 2290 4001 Dei
2326 3945 2533 4017 gratia,
2582 3953 2868 4015 propterea
2900 3947 3038 4000 hanc
3068 3944 3203 4015 ipsis
3234 3957 3551 4014 compreca-

1980 4045 2085 4090 tur.
2122 4034 2181 4091 Si
2211 4034 2357 4090 enim
2392 4036 2505 4091 haec
2536 4034 2670 4105 ipsis
2697 4033 2933 4099 all‘uerit,
2971 4034 3173 4089 nullam
3199 4032 3551 4091 tentationem

1978 4130 2234 4198 sentient,
2265 4129 2358 4185 sed
2400 4143 2534 4201 pace
2560 4129 2656 4185 Dei
2689 4127 2948 4196 fruentes,
2984 4128 3291 4185 inconcussi
3324 4138 3379 4184 ct
3406 4126 3555 4198 paci.

1980 4221 2067 4277 ﬁci
2108 4226 2527 4292 permanebunt.
2566 4220 2741 4278 Simul
2786 4231 2965 4276 autem
2998 4219 3078 4275 eis
3133 4224 3200 4275 ad
3237 4219 3552 4275 memoriam

270 4287 443 4366 .VIXOI
476 4287 844 4357 διαμενοῦσιν.
892 4292 1046 4363 "Atta
1078 4293 1137 4348 δὲ
1180 4296 1277 4350 καὶ
1313 4298 1718 4369 ἀναμιμνήσκει
1774 4302 1876 4356 αὑ·-

1983 4321 2198 4370 revocat
2232 4314 2467 4369 divinam
2500 4314 2753 4385 gratiam,
2782 4319 2840 4366 ut
2865 4311 3082 4367 etiamsi
3107 4326 3202 4368 eos
3230 4310 3449 4371 afﬂictio
3473 4311 3557 4365 in-

294 4378 427 4442 ιιοὺς
454 4380 553 4449 τῆς
583 4378 804 4451 χάριτος
844 4382 938 4436 τοῦ
967 4383 1124 4447 Θεοῦ,
1167 4385 1243 4448 ὡς
1272 4385 1385 4439 sl"
1414 4389 1507 4445 καὶ
1543 4388 1749 4460 θλίψεις
1781 4394 1872 4448 αὐ-

268 4472 413 4556 Eoi;
433 4471 754 4537 είσὲλθοιεν,
784 4474 1325 4547 ἀναμιμνησκόμενοι
1342 4478 1443 4548 τῆς
1477 4480 1719 4553 χάριτος,
1752 4484 1876 4552 ig"

292 4554 363 4630 ἧς
397 4558 709 4632 ἐσώθησαν,
748 4563 1199 4636 παρακαλῶνται,
1245 4569 1339 4621 καὶ
1399 4571 1464 4623 ἐκ
1515 4570 1627 4625 τῶν
1674 4590 1877 4644 προγε-

292 4650 535 4718 γονότων
581 4653 676 4707 καὶ
738 4654 1002 4722 μειζόνων
1054 4656 1591 4731 πληροφορούμενοι,
1648 4665 1707 4716 ὲν
1763 4669 1871 4729 τοῖς

293 4744 546 4797 ἐλάττοσι
576 4744 653 4815 μὴ
685 4746 1156 4814 ἀπογινώσκωσιν.

367 4837 771 4905 Εὐχαριστεῑν
811 4839 1131 4910 ὀφείλομεν
1166 4843 1424 4897 πάντοτε
1473 4843 1552 4915 τῷ
1583 4847 1705 4913 Θεῷ
1743 4852 1874 4920 περὶ

267 4920 485 4997 ὐμῶν,
518 4928 805 4998 ἀδελφοί,
846 4931 1040 4998 καθὼς
1088 4933 1261 4999 ἄξιόν
1307 4936 1461 4991 ἐστι.
1520 4938 1658 5010 Τρία
1702 4941 1874 4996 ταῦτα

289 5019 572 5073 διδάσκει·
613 5021 673 5073 ἒν
727 5022 827 5092 μὲν
863 5023 946 5075 ὃτι
990 5023 1074 5092 ἐφ’
1124 5020 1204 5089 οἷς
1255 5027 1720 5101 κατωρθώσαμεν,
1777 5035 1873 5105 οὐχ

290 5111 431 5180 ἡμῖν
458 5110 644 5168 αὐτοῖς
678 5111 759 5164 δεῖ
785 5112 945 5183 χάριν
982 5111 1147 5183 ἔχειν,
1178 5114 1313 5168 ἀλλὰ
1349 5116 1430 5186 τῷ
1462 5118 1601 5188 Θεῷ,
1635 5120 1875 5194 κάκείνῳ

290 5202 355 5255 τὸ
390 5203 504 5255 πᾶν
533 5202 920 5271 λογιςομένους
955 5203 1030 5274 μὴ
1072 5203 1494 5269 ἁλαζονεῦεσθαι
1518 5225 1531 5240 ν
1581 5210 1766 5282 ἕτερον
1794 5213 1871 5280 δὲ,

292 5293 377 5346 ὅτι
428 5292 493 5345 οὐ
546 5290 804 5361 δακρύων
836 5291 983 5358 ἄξια,
1024 5292 1147 5346 οὐδὲ
1193 5293 1427 5365 θρήνων,
1467 5297 1503 5351 ἃ
1552 5301 1873 5371 πάσχουσιν,

293 5382 415 5437 ἀλλ’
465 5382 819 5455 εὐχαριστίας
874 5382 974 5453 τῆς
1012 5384 1094 5448 είς
1146 5383 1313 5439 Θεόνο
1363 5385 1506 5441 ὥστε
1552 5390 1646 5445 καὶ
1681 5392 1876 5457 αὐτοὺς

291 5476 380 5528 δεῖ
409 5474 651 5545 χαίρειν,
690 5472 830 5528 ἀλλὰ
865 5473 942 5544 μὴ
980 5473 1383 5531 καταπίπτειν·
1415 5478 1509 5531 καὶ
1553 5479 1756 5552 τρίτον,
1795 5482 1876 5536 ὃτι

298 5569 360 5620 οὐ
388 5568 475 5621 δεῖ
510 5565 729 5635 φθονεῖν
775 5567 889 5630 τοῖς
924 5566 1303 5638 κατορθοῦσιν,
1350 5568 1487 5626 ἀλλὰ
1520 5571 1748 5646 χαίρειν,
1785 5574 1879 5627 καὶ

1980 4406 2204 4469 νεεοτὶι,
2259 4417 2528 4459 memores
2576 4401 2763 4474 gratiae
2798 4416 2893 4470 per
2941 4414 3102 4473 quam
3157 4400 3271 4456 sint
3331 4400 3553 4469 servati,

1981 4495 2403 4552 consolationem
2427 4494 2742 4566 ,accipiant,
2785 4501 2945 4564 atque
2973 4508 3002 4548 a
3037 4494 3328 4564 praeteritis
3357 4503 3414 4549 et
3439 4506 3554 4549 ωι-

1974 4585 2184 4654 joribus
2211 4586 2536 4654 conﬁrmati,
2571 4586 2624 4643 in
2660 4584 2961 4643 minoribus
2991 4599 3098 4642 non
3138 4585 3445 4658 desperent.

2055 4844 2222 4902 Vens.
2260 4842 2560 4901 5.‘Gratias
2584 4860 2738 4915 agere
2771 4846 3013 4899 deoemus
3043 4843 3150 4897 Deo
3173 4856 3374 4910 semper
3398 4840 3554 4895 uestri

1981 4953 2140 4992 causa
2160 4973 2175 5000 ,
2206 4935 2394 5004 fratres
2415 4930 2530 5001 ,ita
2562 4942 2621 4989 ut
2646 4934 2863 5007 dignum
2890 4944 2987 4990 est.
3027 4932 3154 4988 Tria
3194 4933 3307 4988 haec
3338 4930 3497 4989 docet
3532 4948 3549 4989 :

1981 5032 2237 5100 primum,
2272 5030 2415 5100 quod
2449 5038 2669 5085 nostras
2709 5030 2779 5085 ob
2816 5029 3040 5084 virtutes
3091 5040 3196 5079 non
3236 5033 3364 5079 sunt
3395 5022 3554 5079 nobis

1980 5121 2168 5191 gratiae
2213 5118 2509 5185 habendas,
2546 5120 2640 5176 sed
2691 5119 2822 5186 Deo,
2858 5126 3021 5185 atque
3052 5115 3126 5170 illi
3159 5123 3329 5170 totum
3364 5114 3554 5183 impu-

1966 5202 2157 5266 'tantes
2185 5226 2291 5266 non
2325 5219 2640 5281 arrogantes
2662 5226 2815 5266 esse:
2858 5208 3110 5273 alterum,
3139 5206 3282 5277 quod
3307 5220 3414 5261 non
3445 5204 3555 5260 sint

1982 5304 2235 5375 lacrymis
2285 5318 2461 5373 neque
2493 5303 2765 5359 lamentis.
2787 5301 2944 5371 digna
2974 5299 3064 5354 illa
3093 5314 3213 5370 qua»
3246 5297 3548 5368 patiuntur,

1978 5395 2072 5452 sed
2100 5393 2385 5465 ejusmodi,
2410 5409 2510 5465 pro
2532 5394 2727 5464 quibus
2755 5390 2863 5447 Deo
2901 5391 3105 5463 gratias
3132 5403 3292 5460 agere
3314 5388 3503 5445 deceat
3530 5403 3548 5455 ;

1980 5487 2161 5558 itaque
2209 5487 2382 5543 lauari
2418 5500 2513 5543 eos
2540 5492 2772 5556 Oportet,
2805 5494 2859 5540 et
2886 5482 3125 5540 animum
3170 5497 3277 5539 non
3319 5482 3553 5551 despon-

1980 5578 2152 5634 dere:
2191 5578 2444 5644 tertium,
2479 5578 2621 5649 quod
2667 5591 2772 5634 non
2823 5584 3073 5652 oporteat
3125 5574 3366 5631 invidere
3413 5572 3552 5630 bene

1635 5685 1834 5748 Varius
1879 5664 2204 5753 lectiones.

367 5784 416 5816 "
437 5781 594 5867 δείξῃ
610 5796 672 5867 ὀ.
709 5850 719 5864 ο
754 5778 799 5867 ⁶ς
837 5777 1189 5851 κολαστήριον
1220 5795 1271 5859 o_.
1349 5783 1394 5815 “
1420 5784 1642 5853 ἀγαθῶν
1664 5801 1735 5844 m.
1814 5789 1860 5827 1°
1890 5791 2074 5856 αὐτοῖς
2109 5806 2160 5846 ο.
2237 5794 2281 5826 ⁷¹
2316 5795 2807 5867 τεταριχευμένους
2836 5810 2906 5852 In.
2986 5794 3030 5825 ⁷⁸
3068 5786 3251 5845 κακῶν
3276 5803 3328 5843 ο.
3403 5786 3446 5821 ⁷³
3471 5785 3548 5852 ὡς

298 5856 366 5910 ἂν
402 5853 452 5908 εἰ
480 5867 533 5909 0.
566 5850 659 5888 ’⁷1³
699 5850 787 5915 ὑφ’
811 5864 863 5901 ο.
