3994 6570
459 415 598 483 1331·

1425 417 2005 482 THEOPHYLACTI
2045 422 2460 488 BULGARM!
2482 423 2858 492 ,‘ARCHIEP.

3579 427 3717 497 1332

455 533 837 608 aperantibus.
865 534 958 589 sed
991 535 1226 607 gaudere
1264 543 1319 590 et
1357 547 1565 607 grattas
1595 550 1761 608 agere
1793 535 1902 591 Deo
1941 550 2040 606 pro

2166 541 2486 613 ιὺχαριστεῖν
2542 541 2624 614 τῷ
2655 544 2776 616 Θεῷ
2815 542 2956 614 ὑπὲρ
3009 542 3116 596 τῶν
3156 543 3424 615 ἀδελφῶν.
3463 546 3629 600 Ὥστε
3673 550 3724 602 οι

458 627 738 686 fratribus.
774 628 1038 697 Quocirca
1089 629 1180 698 qui
1219 637 1564 684 macerantur
1602 630 1672 683 ob
1701 643 1764 684 ea
1791 643 1912 698 qua:
1949 628 2040 682 alii

2166 635 2435 706 ἠκόμινοι
2470 637 2556 703 ἐφ’
2584 631 2667 701 οἷς
2716 635 3044 709 κατορθοῦσί
3099 654 3267 704 τινες,
3304 639 3398 693 τὸν
3437 639 3572 693 Θεὸν
3593 641 3695 695 δυσ

455 720 596 776 bene
653 729 842 791 agunt,
899 721 1010 778 Deo
1066 720 1415 776 maledicunt.
1477 719 1626 775 Sicut
1665 720 1885 790 dignum
1940 727 2040 786 est,

456 815 614 883 dixit,
656 830 723 871 ne
754 815 823 871 ob
871 815 1042 886 ipsam
1087 815 1389 886 gratiarum
1417 814 1692 870 actionem
1728 813 2041 880 efferamur,

458 922 557 964 ceu
593 923 791 964 novum
840 908 1094 979 quiddam
1134 907 1570 964 adduxerimus:
1620 905 1850 962 iacimus
1897 906 2040 961 enim

457 999 599 1066 quod
631 999 857 1070 dignum
888 1007 974 1054 est
1012 998 1152 1054 ﬂeri.
1187 998 1485 1069 Propterea
1516 1007 1572 1052 et
1601 1013 1714 1053 rem
1747 998 1918 1068 ipsam
1953 997 2045 1052 de-

459 1090 628 1146 bitum
666 1093 987 1150 nominavit.
1028 1090 1120 1148 Vel
1149 1093 1276 1164 quia
1311 1098 1366 1148 et
1392 1091 1446 1147 in
1489 1090 1671 1147 verbis
1700 1101 1752 1146 et
1776 1089 1830 1146 in
1865 1091 2046 1160 operi-

457 1183 560 1238 bus
599 1184 788 1252 gratiae
819 1193 945 1240 sunt
978 1183 1201 1256 agenda
1235 1201 1252 1239 :
1282 1185 1396 1242 lucc
1431 1183 1577 1240 enim
1611 1192 1694 1240 est
1723 1183 1882 1255 digna
1925 1197 2048 1254 gra-

457 1277 654 1332 tiarum
681 1277 848 1334 actio.

531 1369 798 1436 Quoniam
846 1371 1189 1440 supercreuit
1239 1369 1371 1438 ﬁdes
1403 1379 1594 1425 uestra.
1618 1367 1846 1436 Quando
1882 1369 1953 1424 ob
1984 1368 2046 1423 li-

458 1463 579 1518 dem
625 1463 984 1520 tentationum
1025 1462 1306 1518 inundatio
1355 1462 1572 1518 irruens
1627 1475 1734 1518 non
1795 1463 2049 1517 submer-

459 1553 596 1612 scrit
651 1568 770 1620 vos,
827 1555 1031 1611 nullius
1082 1555 1305 1610 alterius
1342 1553 1421 1610 rei
1480 1554 1584 1610 hoc
1639 1551 1901 1610 indicium
1939 1564 2046 1616 est,

458 1661 620 1716 quam
647 1646 793 1718 quod
813 1656 971 1703 aucta
991 1647 1082 1715 sit,
1117 1662 1326 1702 necnon
1358 1647 1516 1702 altior
1550 1647 1691 1701 facta
1727 1645 1884 1714 ﬁdes,
1917 1660 2046 1716 per-

459 1737 586 1794 inde
634 1754 697 1793 ac
747 1738 803 1792 in
851 1738 1033 1810 prisco
1085 1738 1175 1793 illo
1209 1737 1412 1793 diluvio
1461 1737 1726 1793 altissima
1780 1737 2048 1791 montium

460 1848 566 1888 non
597 1832 759 1887 facile
789 1833 1072 1888 submersa
1104 1831 1264 1904 532
1291 1838 1440 1886 sunt.
1479 1829 1636 1898 Hinc,
1665 1826 2045 1899 Supercreseit,

412 1975 419 1984 ._
460 1926 618 1994 dixit,
651 1935 710 1981 ut
743 1924 1048 1980 altitudinis
1073 1939 1358 1980 excessum
1395 1924 1617 1980 iudicet.

533 2109 602 2164 Et
629 2109 862 2164 abundat
892 2108 1131 2163 charitas
1176 2107 1586 2177 uniuscujusque
1626 2116 1855 2160 uestrum
1884 2107 1938 2160 in
1964 2107 2049 2159 in-

461 2204 643 2264 ritent.
679 2201 918 2258 Observa
949 2215 1136 2256 eorum
1179 2198 1520 2254 dilectionem
1547 2236 1565 2254 .
1594 2195 1712 2251 Non
1742 2195 1886 2251 hunc
1920 2193 2047 2266 qui-

462 2297 584 2350 de'u
617 2293 935 2364 diligebant,
965 2292 1114 2346 iilum
1147 2306 1278 2347 vero
1307 2306 1414 2346 non
1454 2290 1608 2354 item,
1639 2303 1826 2343 verum
1861 2301 2047 2357 requa-

465 2389 535 2444 lis
583 2397 699 2442 erat
751 2386 993 2441 omnium
1045 2399 1171 2457 erga
1225 2397 1413 2440 onmes
1445 2382 1682 2439 dilectio.
1717 2379 1871 2448 Quod
1903 2378 2046 2435 enim

464 2483 563 2548 ait,
613 2478 1054 2552 Uniuscujusque,
1100 2491 1153 2534 et
1198 2475 1266 2532 In
1320 2477 1563 2542 invicem,
1611 2477 1714 2531 hoc
1753 2473 2044 2546 signiﬁcat.

465 2573 599 2628 Nam
627 2574 672 2630 si
705 2574 1111 2645 particulariter
1158 2572 1469 2644 diligamus,
1525 2572 1627 2625 hoc
1660 2585 1765 2624 nou
1809 2577 1891 2624 est
1921 2568 2048 2622 cha-

465 2667 621 2734 ritas,
671 2667 767 2723 sed
797 2667 1067 2723 dissensio
1093 2666 1292 2738 potius.
1321 2664 1379 2721 Si
1427 2665 1570 2724 enim
1602 2663 1696 2724 Dei
1727 2676 1890 2722 causa
1925 2657 2050 2716 dili—

463 2761 572 2832 gis,
620 2775 808 2815 omnes
843 2759 1010 2829 dilige
1055 2775 1070 2810 :
1110 2759 1192 2814 sin
1249 2756 1652 2827 particulariter
1696 2753 1899 2823 diligis,
1947 2751 2049 2804 hu-

467 2867 626 2906 mana
655 2851 756 2908 ista
782 2857 867 2906 est
897 2849 1156 2905 amicitia.
1190 2848 1486 2902 Considera
1513 2855 1692 2901 autem
1725 2842 1866 2915 quod
1890 2858 2046 2898 com-

465 2945 668 3001 muniri
713 2952 768 2998 et
812 2957 910 2998 nos
940 2951 1130 3000 mutuo
1177 2939 1455 3012 amplecti,
1490 2948 1679 2995 contra
1725 2936 2046 2992 amictiones

466 3036 754 3105 plurimum
788 3031 1019 3088 confert.

537 3127 707 3184 Vsus.
744 3127 799 3181 Δ.
855 3124 923 3180 Ut
962 3141 1055 3179 nos
1105 3125 1203 3194 ipsi
1239 3125 1296 3179 in
1336 3123 1481 3178 vobis
1509 3122 1798 3189 gloriemur
1842 3122 1899 3175 in
1943 3116 2044 3174 Ec-

2144 725 2410 798 φημοῦσι.
2461 726 2536 780 Τὸ
2578 727 2658 792 δὲ,
2699 727 2906 794 Καθὼς
2945 727 3123 792 ἄξιόν
3177 729 3373 793 ἐστιν,
3422 726 3601 795 εἶπεν,
3638 731 3728 784 ἵνα

2146 820 2286 890 μηδὲ
2324 821 2418 875 ἐπὶ
2458 822 2524 891 τῇ
2576 822 2900 892 εὐχαριστίᾳ
2951 823 3156 891 αὑτῇτ⁵
3206 822 3595 894 ὲπαιρὼμεοα,
3651 824 3728 887 ὡς

2146 911 2298 978 ξένον
2341 930 2394 967 τι
2451 914 2976 982 συνεισαγαγόντες’
3031 913 3091 966 τὸ
3123 914 3232 984 γὰρ
3286 914 3434 980 ἀξιον
3479 916 3732 984 γίνεσθαι

2147 1005 2406 1076 ποιοῦμεν
2426 1021 2440 1034 ·
2474 1005 2554 1060 διὸ
2583 1007 2681 1061 καὶ
2707 1005 2931 1077 ὀφειλὴν
2963 1006 3024 1060 τὸ
3055 1007 3288 1077 πρᾶγμα
3315 1006 3623 1079 ὠνόμασεν.
3655 1009 3733 1062 Ἦ

2145 1098 2228 1151 ὅτι
2259 1098 2352 1152 καὶ
2399 1097 2490 1152 διὰ
2537 1097 2712 1167 λόγων
2762 1099 2856 1152 καὶ
2889 1097 2957 1152 δι’
2983 1098 3194 1170 ἔργων’
3229 1099 3368 1169 αῦτη
3401 1101 3512 1171 γὰρ
3539 1101 3574 1168 ὴ
3604 1099 3733 1164 ἀξία

2147 1191 2489 1262 εὐχαριστία.

2220 1377 2349 1430 ὀτι
2377 1375 2783 1445 ὑπεραυξάνει
2811 1377 2850 1446 ἠ
2883 1377 3089 1440 πίστις
3116 1373 3300 1444 ὑμῶν.
3341 1374 3514 1427 Ὅταν
3565 1377 3593 1426 ὁ
3624 1373 3736 1427 τῶν

2149 1468 2256 1524 ὑπὸ
2300 1467 2400 1538 τῆς
2445 1469 2681 1533 πίστεως
2709 1468 3038 1540 πειρασμῶν
3073 1466 3460 1534 κατακλυσμὸς
3488 1465 3737 1520 ἐπελθὼν

2151 1562 2225 1634 μὴ
2257 1562 2530 1634 ὶπικλύσῃ
2559 1563 2728 1634 ὑμᾶς,
2765 1563 2979 1626 οὐδενὸς
3006 1562 3196 1632 ἑτέρου
3227 1561 3388 1615 τοῦτο
3430 1560 3738 1631 τεκμήριόν

2148 1654 2319 1720 ἐστιν,
2366 1653 2542 1727 ἢτοῦ
2588 1653 2894 1725 αὐξηθῆναι
2951 1652 3050 1708 ata‘t.
3101 1651 3448 1723 ὑψηλοτέραν
3478 1651 3739 1718 γενέσθαι

2149 1747 2249 1819 τὴν
2275 1747 2463 1801 πίστιν
2487 1764 2500 1778 ο
2541 1747 2795 1818 καθάπερ
2823 1746 2919 1801 καὶ
2944 1744 3037 1800 ἐπὶ
3077 1744 3172 1798 τοῦ
3201 1741 3435 1799 παλαιοῦ
3465 1743 3744 1797 κατακλυ-

2153 1839 2292 1910 σμοῦ
2325 1839 2395 1894 τὰ
2413 1839 2594 1911 ὑψηλά
2617 1839 2678 1892 οὐ
2700 1839 2901 1910 ῥᾳδίως
2919 1836 3284 1906 κατεκλῦσθη.
3300 1834 3413 1901 Διὸ,
3441 1835 3742 1904 ’Υπεραυ-

2075 1891 2125 1952 ³
2157 1891 2350 1997 iam,
2367 1891 2598 2000 ’έῖζέέηῇ
2631 1891 2899 2001 una;
2934 1891 3381 2000 ιττψευλιψᾈυδ
3401 1891 3604 1996 iam;
3639 1925 3744 1995 δη-

2156 2023 2328 2096 λὼσγι.

2227 2115 2340 2172 Kal
2361 2113 2673 2176 πλεονάζει
2712 2114 2751 2182 ἠ
2782 2115 2983 2183 ἀγάπη
3021 2113 3158 2180 ἐνὸς
3198 2110 3463 2167 ἑκάστου
3494 2109 3745 2164 πάντων

2155 2207 2321 2279 ὑμῶν
2336 2209 2424 2274 εἰς
2442 2206 2779 2272 ἀλλήλους.
2805 2206 2947 2276 Ὅρα
2975 2205 3222 2276 ἀγάπηνο
3247 2203 3322 2258 Οὐ
3348 2202 3439 2256 τδν
3477 2203 3578 2270 μὲν
3607 2199 3744 2270 ἡγὰ-

2157 2321 2298 2366 πων,
2326 2302 2416 2356 τὸν
2445 2301 2501 2355 δὲ
2525 2299 2586 2354 οῦ
2603 2317 2618 2332 ο
2645 2298 2762 2354 ἀλλ’
2793 2300 2882 2369 ἴση
2908 2294 2977 2370 ἦν
3007 2299 3137 2369 περὶ
3153 2297 3374 2351 πάντων
3405 2297 3436 2367 ἡ
3472 2297 3518 2326 ⁷⁸
3543 2294 3739 2365 ἀγάπη

2157 2395 2292 2467 πρὸς
2324 2395 2554 2457 πάντας.
2592 2393 2665 2447 Τὸ
2695 2394 2824 2463 γὰρ,
2869 2393 3042 2458 Ἐνὸς
3067 2391 3351 2454 ἑκάστου,
3389 2390 3488 2444 καὶ
3525 2389 3606 2451 τὸ,
3636 2392 3744 2454 Εἰς

2153 2486 2488 2554 ἀλλήλους,
2551 2486 2714 2541 τοῦτο
2765 2486 2954 2548 δηλοῖ·
3009 2485 3134 2537 ἐπεί
3185 2499 3249 2551 γε
3306 2483 3436 2535 ὅταν
3497 2481 3746 2552 μερικῶς

2154 2577 2484 2649 ἀγαπῶμεν,
2535 2579 2636 2631 οὐκ
2666 2577 2856 2648 ἀγάπη
2908 2575 3088 2643 τοῦτο,
3142 2574 3281 2631 ἀλλά
3334 2573 3639 2636 διάστασις.
3680 2572 3744 2624 Ei

2155 2675 2265 2744 γὰρ
2289 2673 2379 2728 διὰ
2407 2669 2498 2728 τὸν
2534 2673 2668 2727 Θεὸν
2697 2672 2939 2741 ἀγαπᾷς,
2976 2671 3185 2734 πάντας
3223 2669 3414 2737 ἀγάπα
3434 2684 3449 2697 ⁸
3482 2670 3532 2721 εἰ
3562 2668 3619 2720 δὲ
3649 2683 3744 2736 με·

2158 2767 2326 2838 ρικῶς
2355 2768 2602 2837 ἀγαπᾷς,
2653 2765 2970 2836 ἀνθρωπίνη
3013 2762 3174 2817 τοῦτο
3220 2763 3395 2830 φιλία.
3425 2763 3634 2815 Σκόπει
3661 2761 3738 2826 δὲ,

2155 2861 2238 2914 ὅτι
2259 2861 2316 2914 δὲ
2342 2859 2404 2932 [Ῑ.
2423 2858 2540 2930 καὶ]
2564 2858 2623 2913 τδ
2647 2857 3091 2930 συμπεφράχθαι,
3115 2855 3210 2911 καὶ
3226 2855 3467 2927 ἀλλήλων
3497 2854 3740 2926 ἔχεσθαι,

2158 2949 2407 3020 μεγάλως
2429 2949 2565 3020 πρὸς
2588 2947 2689 3014 τάς
2718 2946 2928 3018 θλίψεις
2956 2944 3341 3017 συμϐάλλεται.

2227 3132 2410 3188 ’Ὥστε
2444 3129 2599 3200 ἡμᾶς
2631 3128 2855 3196 αὐτοὺς
2882 3129 2952 3184 ἐν
2977 3127 3122 3198 ὑμῖν
3151 3126 3494 3196 καυχᾶσθαι
3517 3125 3592 3180 ἐν
3616 3123 3743 3189 ταῖς

467 3222 642 3279 etesiis
675 3219 792 3275 Dei.
847 3218 903 3274 In
955 3219 1120 3289 priori
1156 3217 1397 3288 Epistola
1447 3215 1604 3283 dixit,
1634 3215 1727 3272 Sic
1780 3221 2049 3271 noverunt

2171 3223 2553 3290 Ἐκκλησίαις
2571 3221 2676 3276 τοῦ
2695 3220 2864 3276 Θεοῦ.
2893 3221 2983 3276 Ἐν
3006 3222 3072 3291 τῇ
3100 3218 3290 3291 πρώτῃ
3319 3217 3617 3287 Ἐπιστολῇ
3669 3208 3745 3268 εῖ-

465 3329 657 3370 omnes
682 3329 769 3369 res
796 3323 1026 3378 vestras,
1060 3320 1119 3366 ut
1150 3326 1254 3366 non
1290 3319 1431 3366 esset
1460 3324 1597 3380 Opus
1623 3323 1722 3365 nos
1752 3307 2048 3378 quidquam

2166 3331 2278 3380 πεν,
2297 3315 2377 3366 ὅτι
2398 3313 2585 3377 Οὕτως
2602 3314 2750 3367 ῖσασι
2776 3313 2976 3376 πάντες
2994 3312 3062 3365 τὰ
3088 3309 3211 3365 καθ’
3235 3310 3402 3379 ὑμᾶς,
3422 3309 3568 3362 ὥστε
3592 3307 3740 3380 ἡμᾶς

466 3407 616 3478 loqui
653 3407 720 3461 de
755 3407 911 3460 vobis
945 3421 960 3459 :
995 3404 1267 3475 quomodo
1324 3403 1488 3472 igitur
1529 3415 1673 3457 nunc
1721 3401 1853 3456 dicit
1905 3415 1965 3454 se
1995 3398 2051 3453 in

466 3499 727 3556 Ecclesiis
769 3497 993 3568 gloriari
1044 3496 1111 3551 de
1165 3496 1340 3566 ipsis?
1389 3494 1472 3550 Ex
1513 3495 1628 3566 ipsa
1679 3493 1914 3548 dictione
1951 3491 2055 3546 hoc

437 3625 443 3638 ε
471 3593 691 3664 planum
722 3601 806 3645 est
835 3607 850 3646 :
882 3604 986 3644 non
1017 3588 1162 3643 enim
1198 3591 1296 3654 ait,
1330 3587 1597 3643 Docemus
1627 3601 1723 3642 eos
1754 3587 1820 3640 de
1848 3584 2004 3641 vobis
2036 3602 2050 3640 :

471 3683 587 3749 sed,
627 3681 960 3749 Gloriamur,
1009 3692 1064 3738 et
1113 3680 1410 3736 venerandi
1466 3695 1656 3735 sumus
1683 3689 1906 3750 pr0pter
1937 3693 2053 3732 vos.

471 3773 530 3830 Si
576 3775 741 3844 igitur
792 3789 890 3830 nos
935 3775 1139 3842 gratias
1185 3772 1397 3842 agimus
1447 3771 1554 3827 Deo
1590 3781 1812 3842 propter
1841 3785 1957 3837 vos,
2003 3777 2058 3824 et

471 3865 770 3935 gloriamur
795 3867 936 3936 apud
967 3866 1240 3932 homines,
1269 3865 1438 3921 multo
1465 3866 1635 3936 magis
1665 3866 1766 3920 hoc
1791 3879 1885 3918 vos
1904 3877 2059 3932 opor-

474 3965 550 4011 tet
594 3955 774 4012 facere
816 3955 870 4011 in
907 3957 974 4012 iis
1006 3972 1128 4028 quae
1164 3957 1316 4012 vobis
1355 3958 1697 4027 contingunt,
1735 3966 1788 4010 et
1822 3972 1927 4011 nou
1959 3957 2050 4010 de-

473 4050 742 4120 spondere
787 4049 1050 4114 auimum,
1099 4064 1274 4119 neque
1313 4050 1604 4120 desperare
1650 4050 2052 4105 iu'teutatiuui-

473 4144 596 4197 bus.
1598 4126 1613 4143 ’

548 4233 655 4291 Pro
682 4237 942 4306 patientia
973 4246 1144 4291 vestra
1175 4246 1222 4291 et
1256 4235 1360 4305 ﬁde
1387 4237 1442 4291 in
1469 4236 1708 4290 omnibus
1737 4236 2061 4303 persecutia-

479 4327 630 4380 uibns
658 4329 840 4382 uestris
863 4336 909 4382 et
935 4324 1366 4381 tribulationibus
1392 4341 1522 4396 quas
1545 4325 1835 4380 sustinetis.
1865 4323 2060 4380 Osten-

477 4421 556 4476 dit
587 4437 680 4477 eos
725 4421 814 4475 diu
860 4431 1099 4477 tentatas
1142 4422 1332 4477 fuisse.
1380 4419 1648 4475 Patientia
1681 4419 1827 4474 enim
1861 4435 1969 4474 non
2003 4419 2057 4473 in

479 4515 691 4570 duobus
747 4525 839 4570 aut
883 4517 1060 4572 tribus
1108 4516 1298 4572 diebus
1332 4524 1574 4586 apparet.
1629 4513 1800 4568 Porro
1841 4515 2055 4582 quidem

2156 3406 2233 3478 μὴ
2265 3407 2454 3478 χρείαν
2487 3405 2630 3475 ἔχειν
2655 3405 2838 3458 λαλεῖν
2871 3406 2996 3476 περὶ
3025 3403 3179 3474 ὑμῶν
3203 3420 3218 3436 ⁸
3248 3402 3368 3466 πῶς
3395 3401 3489 3455 οὖν
3516 3400 3615 3454 νῦν
3642 3418 3741 3470 φη-

2155 3516 2274 3565 σιν,
2315 3499 2376 3552 ἐν
2420 3500 2544 3562 ταῖς
2597 3496 2955 3566 Ἐκκλησίαις
2983 3493 3291 3565 καυχᾶσθαι
3344 3492 3479 3562 περὶ
3523 3491 3739 3555 αὐτῶν;

2167 3591 2290 3646 Ἀπ’
2317 3591 2489 3661 αὐτῆς
2518 3591 2616 3661 τῆς
2667 3590 2865 3654 λέξεως
2894 3588 3050 3657 δῆλον
3097 3586 3273 3640 τοῦτο.
3314 3585 3390 3638 Οὐ
3421 3584 3532 3655 γὰρ
3570 3580 3741 3645 εἶπεν,

2155 3687 2237 3740 ὅτι
2270 3685 2607 3754 Διδάσκομεν
2650 3683 2848 3746 αὐτοὺς
2909 3682 3033 3750 περὶ
3087 3679 3264 3748 ὑμῶν,
3305 3677 3419 3731 ἀλλ’
3463 3679 3546 3729 ὃτι
3597 3679 3743 3730 Καυ-

2157 3777 2383 3849 χὼμεθα
2414 3777 2510 3830 καὶ
2546 3773 2924 3846 σεμνυνόμεθα
2971 3771 3056 3840 ἐφ’
3090 3772 3239 3840 ὑμῖν.
3277 3769 3339 3822 ΕΞ
3373 3769 3557 3822 τοίνυν
3587 3769 3745 3838 ἡμεῖς

2159 3872 2252 3924 καὶ
2283 3868 2717 3942 εὐχαριστοῦμεν
2738 3866 2816 3938 τῷ
2839 3865 2956 3936 Θεῷ
2982 3865 3050 3918 δι’
3083 3865 3248 3935 ὑμᾶς,
3281 3863 3375 3916 καλ⁵
3412 3861 3746 3931 καυχώμεθα

2160 3967 2312 4035 παρά
2368 3963 2720 4033 ἀνθρώποις·
2777 3957 2960 4029 πολλῷ
3021 3957 3222 4029 μᾶλλον
3274 3956 3418 4026 ὑμᾶς
3450 3955 3613 4007 τοῦτο
3643 3953 3744 4024 χρὴ

2162 4060 2337 4111 ποιεῖν
2393 4056 2484 4109 ἐπὶ
2525 4057 2636 4118 τοῖς
2673 4051 3064 4124 συμϐαίνουσιν
3099 4051 3248 4120 ὑμῖν,
3307 4048 3445 4101 ἀλλά
3501 4049 3580 4118 μὴ
3619 4047 3745 4100 ἀθυο

2166 4151 2286 4218 μεῖν
2321 4147 2413 4200 καὶ
2437 4145 2825 4207 καταπίπτειν,
2861 4140 2935 4204 ὡς
2961 4141 3052 4192 ἐπὶ
3115 4141 3443 4209 πειρασμοῖς
3463 4139 3537 4189 ⁷⁷.

2243 4238 2412 4308 Ὑπὲρ
2446 4237 2556 4306 τῆς
2582 4233 2896 4304 ὑπομονῆς
2927 4231 3093 4299 ὑμῶν
3122 4232 3219 4284 καὶ
3249 4230 3357 4298 τῆς
3385 4231 3651 4294 πίστεως
3681 4225 3746 4279 ἐν

2169 4329 2321 4386 πᾶσι
2355 4329 2479 4395 τοῖς
2508 4325 2788 4397 διωγμοῖς
2816 4325 3004 4394 ὑμῶν,
3033 4323 3131 4376 καὶ
3171 4321 3300 4388 ταῖς
3328 4321 3622 4387 θλίψεσιν
3655 4315 3746 4384 αἷς

2162 4426 2477 4494 ἀνέχεσθε.
2505 4422 2808 4485 Δείκνυσιν,
2842 4417 2924 4472 ὅτι
2954 4415 3120 4468 πολὺν
3144 4412 3498 4482 ἐπειράζοντο
3517 4412 3709 4482 χρόνον
3728 4426 3742 4438 '

2163 4521 2196 4592 ἡ
2225 4520 2334 4590 γὰρ
2385 4513 2630 4584 ὑπομονὴ
2658 4513 2758 4566 οὐκ
2806 4513 2863 4564 ὲν
2890 4509 3040 4564 δυσὶν
3081 4509 3114 4578 ἦ
3144 4506 3326 4578 τρισὶν
3355 4505 3598 4575 ἡμέραις
3628 4503 3746 4572 eran

487 4607 740 4677 patientia
773 4615 875 4671 est,
921 4610 1181 4664 bonorum
1219 4609 1635 4677 promissorum,
1672 4622 1791 4677 qua:
1821 4608 2051 4662 nondum

2166 4629 2334 4666 νεται.
2370 4610 2526 4660 Ἐστι
2559 4607 2657 4676 μὲν
2686 4601 2778 4658 οὖν
2809 4600 3057 4672 ὑπομονὴ
3102 4600 3196 4651 καὶ
3240 4598 3302 4651 τὸ
3338 4597 3449 4650 τῶν
3480 4595 3746 4664 ἐπηγγελς

481 4700 714 4754 assecuti
745 4714 954 4765 sumus,
987 4701 1299 4756 dilationem
1328 4716 1484 4771 aequo
1511 4699 1692 4755 animo
1714 4699 1878 4754 ferre.
1908 4699 2061 4754 Nunc

480 4806 612 4848 vero
657 4792 916 4862 majorem
953 4794 1105 4858 dicit,
1153 4809 1344 4862 nempe
1373 4809 1492 4862 qua:
1525 4803 1606 4848 est
1649 4793 1699 4847 in
1731 4792 2061 4862 persecutio-

483 4884 640 4939 nihus
669 4895 724 4939 et
764 4884 1147 4942 afﬂictionibus
1174 4904 1188 4944 :
1218 4903 1342 4940 cum
1379 4887 1626 4941 hostibus
1665 4886 1809 4940 enim
1865 4884 2064 4956 impla-

484 4975 747 5030 cabilibus
792 4979 1276 5045 conversabantur,
1312 4979 1592 5049 solidaque
1636 4969 1893 5048 patientia
1928 4989 2063 5044 opus

483 5068 775 5136 habebant,
807 5069 968 5140 idque
991 5072 1043 5124 in
1072 5071 1337 5140 principio
1360 5071 1507 5123 verbi
1533 5079 1585 5123 et
1617 5068 1916 5140 Evangelii,
1937 5083 2058 5122 cum

482 5175 749 5232 pauperes
780 5163 941 5216 etiam
979 5161 1220 5217 homines
1263 5171 1462 5218 essent.
1502 5160 1705 5216 Pudeat
1735 5163 1916 5232 itaque
1967 5174 2062 5216 eos

485 5262 748 5322 quotquot
792 5260 1009 5320 propter
1062 5252 1438 5320 praefecturam
1480 5252 1757 5306 hominum
1800 5254 1863 5304 ad
1896 5266 2060 5323 prava

485 5345 733 5416 dogmata
772 5345 1202 5402 transferuntur.

561 5436 723 5491 Vens.
757 5438 813 5493 5.
865 5437 929 5491 In
961 5439 1249 5507 exemplum
1275 5438 1625 5509 juslijudicii
1663 5437 1782 5504 Dei,
1817 5450 1870 5492 ut
1915 5439 2062 5512 digni

487 5525 787 5583 Imbeamini
841 5545 998 5599 regno
1054 5527 1173 5582 Dei.
1228 5528 1330 5582 Per
1383 5543 1446 5582 ea
1502 5527 1721 5598 quidem
1771 5545 1888 5598 qua:
1919 5530 2063 5584 dicta

487 5623 634 5679 sunt,
686 5617 997 5673 consolatus
1025 5627 1108 5672 est
1140 5631 1254 5680 eos,
1295 5626 1404 5668 tum
1440 5629 1534 5684 per
1582 5613 1686 5670 hoc
1732 5614 1873 5684 quod
1909 5615 2064 5682 dicit,

2170 4707 2346 4778 μένων
2380 4702 2599 4771 ἀγαθῶν
2645 4701 2815 4771 μήπω
2875 4694 3249 4758 ἀπολαύοντας
3295 4693 3506 4763 φέρειν.
3545 4691 3659 4744 Νῦν
3694 4691 3746 4743 δὲ

2167 4799 2262 4852 κοιλ⁵
2299 4796 2521 4867 μείζονα
2563 4793 2736 4861 λέγει,
2787 4791 2886 4862 τὴν
2918 4793 2974 4842 ἐν
3027 4791 3139 4852 τοῖς
3171 4787 3434 4855 διωγμοῖς
3480 4787 3576 4838 καὶ
3631 4784 3746 4845 ταῖς

2168 4883 2434 4954 θλίψεσιν.
2465 4881 2711 4953 Ἐχοροῖς
2724 4881 2831 4952 γὰρ
2864 4878 3100 4942 συνέζων
3131 4877 3441 4939 ἀσπόνδοις,
3473 4877 3568 4928 καὶ
3599 4877 3750 4946 στερ-

2170 4978 2268 5047 ρἄ
2319 4976 2528 5029 ἐδέοντο
2577 4974 2675 5042 τῆς
2724 4973 3023 5043 ὑπομονῆς,
3056 4972 3152 5026 καὶ
3181 4968 3352 5023 ταῦτα
3381 4971 3440 5021 ὲν
3468 4970 3612 5040 ἀρχῇ
3658 4967 3748 5020 τοῦ

2168 5067 2522 5139 κηρύγματος
2562 5066 2652 5119 καὶ
2693 5066 2923 5134 πένητες
2961 5064 3262 5134 ἄνθρωποι.
3300 5061 3750 5132 Αἰσχυνέσθωσαν

2168 5166 2282 5219 ὅσοι
2305 5165 2390 5218 διὰ
2424 5163 2758 5235 προστασίαν
2796 5160 3098 5231 ἀνθρώπων
3129 5162 3208 5223 είς
3241 5159 3487 5228 δόγματα
3517 5158 3749 5229 στρεϐλά

2171 5258 2570 5332 μετατίθενται.

2239 5440 2342 5501 Εἰς
2372 5433 2654 5504 ἔνδειγμα
2701 5431 2807 5499 τῆς
2852 5432 3088 5498 δικαίας
3132 5432 3386 5500 κρίσεως
3417 5429 3524 5485 τοῦ
3566 5426 3747 5490 Θεοῦ,

2165 5533 2250 5595 εὶς
2306 5530 2370 5582 τὸ
2419 5525 2858 5595 καταξιωθῆναι
2901 5523 3058 5595 ὑμᾶς
3112 5525 3222 5595 τῆς
3258 5519 3588 5589 ,ϐασιλείας
3645 5519 3747 5573 τοῦ

2172 5619 2340 5674 θεοῦ.
2395 5621 2506 5674 Καὶ
2533 5620 2620 5674 διὰ
2668 5618 2775 5672 τῶν
2823 5617 3130 5688 εἰρημένων
3179 5618 3278 5687 μὲν
3318 5615 3746 5686 παρεμυθήσατο

1825 5758 2018 5822 Variae
2063 5761 2395 5828 lectiones.

759 5881 776 5900 ι

559 5885 604 5916 ’³
633 5883 783 5936 αὐτοῖ
809 5895 860 5937 0.
941 5885 984 5916 "‘
1016 5887 1045 5954 ἡ
1085 5884 1234 5954 παρὰ
1267 5885 1484 5944 πάντων
1515 5896 1566 5935 o.

1648 5885 1686 5914 ⁷⁷
1719 5883 2044 5952 πειρασμῶν
2089 5899 2142 5939 o.
