3994 6558
304 415 447 483 1333

1050 415 1456 478 EXPOSITIO
1496 417 1578 477 IN
1618 412 1857 477 EPlST.
1903 409 2111 485 II—AD
2132 413 2397 474 THESS.
2430 436 2500 448 --
2527 413 2681 474 CAP.
2724 410 2775 473 Ι.

3411 394 3547 462 1334
3576 480 3587 493 η

303 536 526 599 αὐτοὺς,
561 533 651 588 διά
696 549 755 586 τε
799 528 890 585 τοῦ
924 517 1119 596 εἰπεῖν,
1151 529 1232 583 ὅτι
1273 526 1733 597 Εὑχαριστοῦμεν,
1782 522 1875 579 καὶ

1994 519 2192 578 Ξτειίειε
2218 524 2451 590 agimus,
2482 525 2742 589 itemque,
2777 516 3082 575 Gloriamur
3113 551 3129 569 .
3161 507 3390 567 Maxime
3420 523 3547 561 vero

303 630 424 694 τοῦ,
453 629 536 681 ὅτι
576 622 921 696 Καυχώμεθα
941 639 954 652 ·
991 621 1223 692 μάλιστα
1249 620 1306 674 δὲ
1347 618 1442 672 νῦν
1472 618 1683 690 τίθησιν
1714 616 1743 670 ὃ
1768 618 1878 680 πᾶς
1903 688 1907 693 θ

305 725 334 776 ὀ
377 719 712 789 ὀδυνώμενος
762 717 936 785 ζητεῖ,
966 713 1065 786 τὴν
1106 711 1426 783 ἀπαλλαγήν
1449 728 1593 781 φημι
1623 709 1733 762 τῶν
1761 708 1877 762 θλι-

307 814 508 884 ϐερῶν,
548 809 647 863 καὶ
687 807 784 879 τὴν
812 807 1034 860 κόλασιν
1066 804 1176 858 τῶν
1209 803 1501 856 θλιϐόντων
1553 801 1877 872 ἀνθρώπων.

310 904 379 956 '0
406 900 587 954 τοίνυν
620 899 790 966 λέγει,
821 895 981 950 τοῦτό
1002 896 1169 960 ἐστιν,
1204 896 1285 949 ὅτι
1312 892 1595 964 Ἀνὲχεσθε
1628 892 1736 946 τῶν
1769 891 1882 947 θλί-

304 994 454 1063 ψεων
481 994 560 1056 είς
592 992 653 1045 τὸ
692 988 968 1060 δειχθῆναι
1009 989 1110 1059 τὴν
1141 986 1355 1045 δικαίαν
1385 986 1569 1057 κρίσιν
1598 985 1691 1039 τοῦ
1720 984 1877 1052 Θεοῦ,

307 1089 448 1155 ὅπερ
500 1086 617 1138 ἐστὶ
645 1081 1045 1154 καταξιωθῆναι
1072 1080 1217 1155 ὑμᾶς
1254 1080 1354 1151 τῆς
1383 1078 1627 1150 βασιλεία
1641 1096 1681 1140 ς.
1712 1078 1883 1131 Ὅταν

309 1176 410 1244 μὲν
437 1173 545 1243 γὰρ
571 1173 714 1242 ὑμᾶς
746 1172 847 1241 μὲν
885 1171 1010 1234 τοὺς
1035 1168 1383 1239 θλιϐομένους
1426 1169 1710 1237 στεφανοῖ,
1742 1166 1884 1221 ὲκεί-

310 1283 433 1328 νους
475 1266 531 1319 δὲ
586 1264 791 1335 κολάζῃ
834 1264 962 1326 τοὺς
1000 1261 1300 1325 θλίϐοντας,
1349 1260 1412 1314 τὸ
1458 1261 1662 1315 δίκαιον
1713 1258 1878 1314 αὐτοῦ

310 1359 584 1427 φαίνεται.
612 1351 879 1426 Μεγάλως
903 1355 960 1409 δὲ
988 1353 1390 1426 παραμυθεῖται
1420 1354 1636 1417 αὐτοὺς,
1669 1352 1884 1415 δεικνὺς

310 1451 395 1502 ὃτι
426 1448 487 1501 οὗ
530 1448 713 1520 χάριτι
766 1444 1178 1514 στεφανοῦνται,
1227 1443 1362 1499 ἀλλὰ
1406 1443 1652 1508 δικαίως,
1682 1443 1776 1497 καὶ
1808 1442 1885 1505 ὡς

312 1539 662 1610 ἀντιμισθίαν
714 1537 1085 1607 λαμϐάνοντες
1132 1535 1241 1589 τῶν
1284 1534 1503 1589 οίκείων
1560 1532 1738 1587 πόνων
1791 1534 1886 1587 καὶ⁵

325 1632 566 1703 ἱδρώτων
602 1631 699 1702 τὴν
730 1631 1028 1703 βασιλείαν.

394 1723 566 1792 ’Υπὲρ
596 1720 670 1794 ἧς
720 1722 818 1776 καὶ
866 1722 1152 1793 πάσχετε.
1182 1723 1345 1775 Ὥστε
1377 1721 1440 1774 οὒ
1469 1719 1605 1774 διότι
1649 1717 1886 1773 δυνατώ-

309 1815 462 1887 τεροί
487 1816 625 1868 εἰσιν
655 1816 704 1867 oi
735 1814 1029 1877 θλίϐοντες,
1059 1814 1148 1868 διὰ
1185 1814 1344 1867 τοῦτο
1378 1812 1674 1884 κρατοῦσιν
1708 1811 1882 1881 ὑμῶν,

312 1905 454 1960 ἀλλὰ
483 1905 617 1961 διότι
645 1907 750 1960 ἀπὸ
799 1906 894 1960 τοῦ
926 1908 1157 1977 πάσχειν
1195 1903 1622 1976 προσπορίζεται
1659 1906 1692 1975 ἡ
1727 1905 1883 1975 βασι-

313 1999 439 2053 λεία
468 1999 576 2053 τῶν
600 1998 863 2070 οὐρανῶν.
892 1999 1003 2052 Καὶ
1031 1998 1242 2068 ἀνάγκη
1272 1982 1332 2050 τὸ
1357 1997 1708 2068 συνάλλαγμα
1730 1993 1888 2050 τοῦτο

315 2090 461 2145 οὕτω
484 2091 751 2160 γίνεσθαι,
780 2093 873 2145 καὶ
897 2092 996 2145 οὐκ
1019 2092 1255 2155 ἀπόνως.
1279 2091 1380 2144 Διὰ
1409 2089 1616 2144 πολλῶν
1641 2089 1748 2160 γὰρ
1775 2089 1888 2142 θλί-

315 2182 463 2253 ψεων
493 2183 575 2236 δεῖ
602 2185 749 2254 ἡμᾶς
787 2184 1045 2237 εἰσελθεῖν
1075 2185 1156 2248 είς
1187 2183 1284 2255 τὴν
1323 2183 1620 2254 βασιλείαν,
1664 2181 1829 2254 φησιν
1859 2184 1886 2236 ό

312 2275 549 2343 Κύριος.

386 2368 572 2436 Εἴπερ
630 2367 863 2422 δίκαιόν
892 2368 1070 2441 [ἐστι]
1116 2369 1274 2438 παρὰ
1301 2367 1423 2434 Θεῷ
1449 2367 1889 2424 ἀνταποδοῦναι

313 2454 439 2520 τοῖς
471 2458 785 2512 θλίϐουσιν
812 2458 970 2527 ὑμᾶς
1028 2459 1268 2528 atth
1305 2447 1402 2513 καί
1433 2459 1573 2528 ὑμῖν
1611 2459 1735 2525 τοῖς
1764 2463 1890 2514 θλι-

313 2544 607 2614 ὄομένοις,
654 2548 886 2604 ἄνεσιν.
920 2550 1013 2615 Τὸ,
1043 2551 1247 2618 Εἴπερ,
1281 2553 1381 2604 οὐκ
1415 2551 1528 2604 ἔστι
1565 2550 1884 2621 δισταγμοῦ,

313 2636 453 2688 ἀλλὰ
480 2639 680 2707 μᾶλλον
702 2639 1065 2709 βεϐαιώσεως,
1093 2643 1214 2695 ἀντὶ
1239 2641 1359 2708 τοῦ,
1387 2642 1626 2710 Ἐπειδὴ
1650 2641 1890 2696 δίκαιον

315 2727 476 2795 παρὰ
514 2728 656 2794 Θεῷ.
694 2731 755 2783 Εἰ
805 2728 912 2800 γάρ
954 2730 1102 2799 παρὰ
1150 2718 1481 2802 ἀνθρώποις,
1510 2728 1710 2801 ’πολλῷ
1746 2728 1887 2801 μᾶλ-

312 2818 407 2871 λον
447 2821 599 2891 παρά
645 2821 784 2891 Θεῷ.
820 2822 1110 2891 Είώθαμεν
1142 2822 1197 2876 δὲ
1224 2823 1410 2890 λέγειν
1451 2822 1545 2876 καὶ
1573 2825 1630 2878 ὲν
1658 2826 1726 2894 τῇ
1761 2839 1888 2877 συν-

315 2907 437 2975 qua:
488 2909 709 2980 ὁμιλίᾳη
756 2912 817 2964 El
859 2914 1009 2981 μισεῖ
1037 2914 1064 2966 ό
1114 2912 1249 2976 Θεὸς
1281 2916 1407 2977 τοὺς
1441 2915 1732 2983 πονηροὺς,
1771 2914 1886 2982 καὶ,

313 2996 377 3049 Et
408 2999 685 3067 φροντίζει
714 2999 743 3052 ό
774 3001 906 3064 Θεὸς
939 3001 1048 3054 τῶν
1078 3002 1441 3074 πραγμάτων,
1473 3000 1630 3056 ἔσται
1659 3003 1780 3056 τόδε
1810 3018 1885 3057 τι·

313 3088 389 3150 ὼς
420 3088 530 3142 τῶν
576 3090 880 3147 ἀκουόντων
911 3093 1225 3163 ἀναγκαίως
1258 3092 1525 3165 ὲρούντων
1545 3107 1561 3125 ο
1591 3093 1753 3147 Ἀλλὰ
1781 3097 1889 3165 μὴν

1981 629 2123 669 nunc
2154 616 2324 683 ponit.
2359 616 2501 685 quod
2547 614 2722 685 quivis
2751 612 2805 667 in
2833 611 3019 666 dolore
3048 603 3372 661 constitutus
3403 614 3549 673 qua»
3580 602 3585 611 '

1982 704 2073 767 rit,
2101 703 2477 760 liberationem
2526 703 2772 763 ,videlicet
2806 701 2873 755 ab
2907 692 3313 755 alllictionibus,
3340 697 3395 743 et
3435 703 3557 759 paea

1981 812 2105 851 nam
2151 796 2498 867 aﬂligentium
2552 794 2853 850 hominum.
2901 788 3051 856 Quod
3083 786 3249 858 igitur
3279 781 3431 846 dicit,
3468 774 3587 833 e'st‘

1980 888 2284 959 ltujusmodi
2320 902 2334 940 :
2371 886 2667 943 Sustinetis
2697 882 3035 946 afﬂictio‘nes,
3062 885 3121 932 ut
3149 870 3550 932 demonstretur
3580 882 3583 885 ’

1978 980 2185 1050 justum
2222 978 2485 1046 judicium
2518 975 2636 1042 Dei,
2677 974 2824 1045 quod
2854 980 2956 1038 est,
2985 978 3042 1023 ut
3080 980 3175 1022 vos
3209 977 3375 1034 regno
3406 959 3552 1030 digni

1979 1071 2314 1143 judicemini.
2360 1069 2586 1137 Quando
2616 1067 2759 1125 enim
2793 1081 2889 1121 vos
2932 1064 3149 1141 quidem
3186 1056 3413 1112 alliictos
3460 1066 3554 1107 σου

1984 1142 2162 1226 renat,
2212 1162 2333 1217 illos
2362 1170 2541 1217 autem
2590 1163 2742 1229 punit
2788 1157 2877 1229 qui
2910 1154 3169 1223 afﬂigunt,
3195 1145 3404 1218 iustitia
3440 1142 3554 1213 ejus

1986 1261 2232 1322 apparet.
2284 1250 2452 1305 Valde
2501 1258 2682 1304 autem
2738 1244 3047 1302 consulatur
3090 1255 3205 1303 eos,
3263 1234 3554 1292 ostendens

1985 1347 2130 1416 quod
2159 1359 2262 1400 non
2308 1343 2482 1421 gratia
2528 1347 2879 1402 coronantur,
2928 1334 3020 1390 sed
3043 1332 3208 1403 juste,
3240 1341 3303 1383 ac
3328 1338 3553 1394 regnum

1985 1438 2155 1493 veluti
2208 1418 2617 1522 retributionem
2680 1429 3022 1505 propriorum
3080 1421 3325 1478 laborum
3366 1427 3420 1472 et
3461 1416 3556 1471 su.

1987 1529 2181 1586 dorum
2212 1527 2560 1599 accipientes.
2604 1566 2621 1569 —

2059 1707 2218 1780 533
2266 1705 2377 1762 Ρτο
2414 1721 2516 1778 quo
2562 1715 2609 1760 et
2641 1701 2907 1774 patimini.
2960 1698 3144 1768 Itaque
3172 1709 3279 1750 non
3310 1691 3433 1762 quia
3464 1702 3559 1759 po-

1990 1800 2252 1857 lentiores
2283 1808 2409 1856 sunt
2455 1799 2489 1853 ii
2531 1798 2621 1869 qui
2666 1812 2762 1852 vos
2788 1794 3052 1863 amigunt,
3088 1797 3368 1859 propterea
3402 1783 3559 1838 vobis

1993 1894 2277 1963 imperant,
2323 1906 2510 1948 verum
2546 1888 2672 1961 quia
2721 1902 2789 1942 ex
2839 1880 3219 1939 alﬂictionibus
3257 1875 3583 1946 acquiritur

1994 1999 2215 2055 regnum
2263 1984 2559 2040 caelorum.
2619 1980 2856 2036 Necesse
2879 1986 2960 2032 est
3013 1984 3194 2029 autem
3247 1965 3553 2039 hujusmodi

1990 2075 2441 2145 permutationem
2482 2073 2560 2129 sic
2608 2071 2746 2138 ﬁeri,
2777 2078 2830 2125 et
2878 2082 2982 2121 non
3027 2065 3145 2122 sine
3192 2061 3400 2116 labore.
3456 2055 3558 2111 Per

1991 2166 2189 2222 multas
2237 2167 2382 2222 enim
2430 2164 2747 2220 alﬂictiones
2776 2167 2989 2232 oportet
3023 2172 3120 2212 nos
3152 2151 3354 2225 ingredi
3389 2148 3558 2204 coelo-

1991 2272 2111 2314 rum
2146 2271 2392 2327 regnum,
2424 2256 2554 2310 dicit
2586 2253 2870 2307 Dominus.
3143 2262 3147 2266 ‘

2063 2349 2226 2405 Vens.
2281 2348 2335 2414 θ,
2389 2348 2441 2401 '7.
2508 2344 2781 2416 Siquidem
2819 2343 3026 2413 justum
3077 2345 3150 2393 est
3202 2335 3341 2404 apud
3395 2330 3557 2387 Deum

1993 2444 2280 2498 retribuere
2335 2438 2723 2494 tribulationem
2771 2437 2835 2488 iis
2882 2433 2972 2503 qui
3013 2436 3100 2486 vas
3147 2426 3452 2490 tribulam;
3495 2421 3556 2473 Et

1992 2536 2132 2591 nobis
2163 2535 2253 2604 qui
2298 2531 2640 2593 tribulamini,
2690 2527 2936 2597 requiem.
2992 2514 3286 2594 Siquidem,
3336 2533 3443 2572 non
3478 2526 3565 2569 est

1991 2625 2362 2689 dubitationis,
2407 2625 2498 2677 sed
2540 2621 2717 2690 potius
2748 2614 3194 2682 conﬁrmationis,
3224 2625 3342 2681 pro,
3382 2609 3562 2674 Quan—

1992 2717 2272 2789 doquidem
2291 2715 2494 2785 justum
2531 2720 2605 2767 est
2633 2708 2771 2789 apud
2809 2708 2991 2762 Deum.
3026 2704 3083 2761 Si
3112 2705 3255 2759 enim
3287 2704 3425 2770 apud
3459 2699 3558 2754 ito-

1993 2812 2189 2875 mines,
2234 2809 2403 2863 multo
2432 2805 2603 2875 magis
2632 2778 2770 2874 apud
2800 2801 2986 2855 Deum.
3027 2797 3274 2854 Solemus
3304 2794 3450 2847 enim
3481 2791 3565 2845 di-J

1991 2919 2115 2960 cere
2145 2904 2198 2957 in
2228 2900 2485 2957 familiari
2510 2896 2802 2966 colloquio,
2834 2893 2890 2949 Si
2914 2893 3028 2948 odit
3060 2892 3199 2946 Deus
3224 2888 3515 2944 sceleratos
3541 2899 3557 2950 ;

1991 3004 2066 3061 et,
2101 2992 2157 3046 Si
2190 3007 2374 3047 curam
2407 2991 2544 3060 gerit
2573 2987 2718 3044 Deus
2771 2999 2972 3047 rerum,
3007 2981 3110 3035 tale
3136 2979 3391 3057 quiddam
3432 2975 3570 3038 lict,‘

1992 3086 2132 3141 adeo
2180 3094 2239 3138 ut
2291 3083 2566 3137 auditores
2619 3080 2924 3134 necessario
2967 3073 3349 3141 respondeant,
3398 3065 3562 3137 Atqui

315 3183 492 3250 μισεῖ.
526 3182 713 3248 Οὕτως
759 3181 852 3239 οὖν
908 3185 1003 3239 καὶ
1049 3164 1315 3240 ἐνταῦθα’
1350 3187 1411 3239 El
1441 3186 1652 3240 δίκαιόν
1704 3164 1885 3240 ἐστιν·

1994 3179 2126 3241 odit.
2156 3177 2310 3232 Hunc
2340 3171 2667 3230 admodum
2696 3170 2802 3225 hoc
2831 3171 2882 3223 in
2920 3168 3037 3221 loco
3064 3184 3076 3220 :
3112 3164 3167 3219 Si
3201 3166 3403 3232 justum
3434 3169 3561 3214 est:

314 3273 609 3329 ἀκόλουθον
650 3277 758 3347 γάρ
800 3278 1140 3345 ἐπαγαγετνο
1181 3277 1342 3331 Ἀλλά
1381 3278 1490 3348 μὴν
1518 3278 1748 3337 δίκαιον.
1780 3279 1886 3349 Οὐχ

1997 3281 2411 3349 consectaneum
2438 3267 2582 3321 enim
2607 3263 2828 3325 inferre,
2872 3260 3030 3329 Atqui
3059 3257 3265 3327 justum
3299 3264 3402 3308 est.
3445 3253 3560 3307 Non

311 3364 506 3434 ὥσπερ
552 3367 609 3419 δὲ
652 3368 709 3420 αἱ
743 3369 1083 3439 ἐπαγόμεναι
1129 3370 1258 3439 ὑμῖν
1290 3369 1500 3439 θλίψεις
1547 3370 1889 3440 πρόσκαιροι,

311 3456 459 3509 οὕτω
482 3458 576 3511 καὶ
597 3460 652 3511 αἱ
670 3459 715 3492 ⁷⁸
741 3462 853 3521 τοῖς
877 3460 1149 3514 θλίϐουσιν
1175 3461 1320 3531 ὑμᾶς
1344 3460 1891 3530 άντεπαχθησόμεναι

311 3548 469 3618 παρὰ
496 3549 655 3615 Θεοῦ,
694 3552 1019 3623 πρόσκαιροι
1054 3552 1291 3620 ἔσονται,
1336 3554 1450 3608 ἀλλ’
1495 3552 1846 3624 ἀτελεύτητοι
1870 3567 1885 3580 ·

314 3640 411 3691 καὶ
429 3641 484 3692 αἱ
515 3640 727 3704 ἀνέσεις
756 3642 884 3712 ὑμῖν
906 3642 1169 3697 τοιαῦται.

386 3818 529 3869 Μεθ’
563 3816 745 3885 ἡμῶν,
774 3819 843 3871 ἐν
868 3821 939 3887 τῇ
972 3820 1353 3890 ἀποκαλύψει
1377 3825 1484 3879 τοῦ
1514 3827 1734 3894 Κυρίου
1777 3828 1895 3896 Ἰηη

312 3909 435 3964 σοῦ
470 3910 571 3963 ἀπ’
599 3911 880 3977 οὐρανοῦ,
899 3912 1027 3981 μετ’
1056 3913 1327 3983 ἀγγέλων
1352 3915 1659 3987 δυνάμεως
1681 3920 1888 3975 αὑτοῦ.

325 4001 461 4054 Ἰδοὺ
492 4003 587 4054 καὶ
614 4003 774 4072 ἑτέρα
805 4002 1172 4074 παράκλησις,
1212 4007 1265 4059 εῐ
1289 4023 1351 4075 γε
1382 4010 1438 4061 ὲν
1468 4012 1582 4070 τοῖς
1607 4011 1891 4080 στεφάνοις

315 4095 544 4163 ἔμελλον
590 4096 836 4148 κοινωνοὶ
890 4093 1028 4150 εἶναι
1081 4098 1158 4169 τῷ
1209 4099 1445 4154 τοσαῦτα
1489 4103 1881 4173 κατωρθωκότι

315 4185 538 4255 Παύλῳ.
581 4187 944 4256 Ἀποκάλυψιι
990 4189 1044 4242 δὲ
1102 4189 1196 4242 τοῦ
1227 4190 1432 4261 Κυρίου
1462 4191 1560 4262 τὴν
1591 4195 1890 4264 παρουσίαν

315 4274 484 4327 αὑτοῦ
514 4292 670 4345 φησι,
699 4277 1197 4347 παραμυθούμενος
1241 4280 1333 4332 καὶ
1382 4280 1442 4332 ὲν
1469 4281 1642 4352 τούτῳ
1670 4283 1885 4347 αὐτούς.

314 4368 433 4419 Νῦν
462 4368 592 4435 γὰρ,
645 4370 798 4438 φησι,
846 4369 1173 4439 κρύπτεται,
1206 4370 1341 4424 ἀλλὰ
1380 4371 1454 4442 μὴ
1481 4373 1704 4427 ἁλύετε·
1753 4377 1890 4438 ἀπο-

314 4458 728 4527 καλυφθήσεται
749 4459 879 4530 γὰρ,
907 4461 999 4513 καὶ¹
1028 4461 1102 4523 ὡς
1127 4460 1259 4523 Θεὸς
1289 4463 1383 4515 καὶ
1414 4465 1709 4535 Δεσπότης.
1760 4466 1890 4521 Ἀπ’

1997 3346 2177 3419 autem
2225 3358 2674 3431 quemadmodum
2730 3354 3047 3410 amictioues
3081 3360 3199 3420 qum
3227 3346 3381 3401 vobis
3426 3344 3566 3400 infe;

1995 3468 2209 3523 runtur,
2239 3453 2575 3523 temporaria:
2607 3457 2751 3514 sunt,
2787 3449 2857 3500 ita
2887 3458 3099 3515 quoque
3138 3452 3308 3512 poenae
3336 3448 3563 3507 OppreS-’

1998 3552 2213 3607 soribus
2245 3548 2440 3603 vestris
2471 3560 2501 3599 a
2530 3544 2639 3598 Deo
2684 3539 2971 3595 inferendae
3002 3534 3337 3603 temporaria:
3377 3539 3558 3590 erunt,

1994 3643 2089 3700 sed
2126 3640 2330 3695 nullum
2357 3646 2481 3693 sunt
2514 3635 2778 3690 habiturae
2807 3631 2964 3685 linem
3005 3647 3019 3682 :
3062 3635 3113 3683 et
3143 3625 3354 3695 requies
3387 3629 3561 3688 vestra

1996 3735 2119 3793 talis
2148 3735 2271 3788 erit.

2038 3826 2377 3899 ,Nobiscum,
2429 3823 2481 3876 in
2528 3820 2842 3875 rerelutione
2898 3814 3107 3869 Domini
3147 3811 3274 3865 Jesu
3327 3809 3389 3864 de
3433 3796 3567 3863 carni.

1994 3937 2112 3977 cum
2155 3918 2352 3989 angelis
2388 3915 2591 3970 virtutis
2624 3911 2757 3982 ejus.
2796 3907 2874 3964 En
2911 3908 3067 3961 aliam
3105 3902 3559 3965 consolationem,

1993 3988 2260 4082 siquidem
2313 4010 2365 4063 in
2416 3994 2633 4063 coronis
2685 4004 2847 4058 futuri
2903 4007 3060 4055 erant
3122 4004 3401 4052 consortes
3462 3988 3562 4061 ipsi

1994 4102 2160 4159 Paulo
2198 4099 2289 4170 qui
2336 4106 2414 4154 tot
2469 4106 2724 4166 tantaque
2790 4101 3092 4164 peregerat.
3151 4084 3561 4143 Revelationcm

1994 4203 2171 4248 autem
2236 4189 2446 4245 Domini
2502 4186 2787 4242 adventum
2821 4182 2939 4252 ejus
2968 4182 3119 4247 dicit,
3169 4179 3224 4233 in
3256 4179 3358 4232 hoc
3401 4172 3562 4230 etiam

1993 4303 2087 4344 eos
2115 4283 2420 4342 consolans.
2469 4282 2625 4335 Nunc
2658 4279 2825 4343 enim,
2883 4271 3077 4344 inquit,
3110 4270 3410 4325 occultatur
3447 4265 3565 4335 qui-

1994 4381 2135 4443 dem,
2176 4376 2270 4432 sed
2319 4376 2502 4428 animo
2543 4385 2610 4425 ne
2664 4366 2998 4425 concidatis;
3039 4360 3364 4418 revelabitur
3395 4358 3562 4421 enim,

1993 4471 2156 4539 idque
2212 4476 2465 4535 tanquam
2520 4461 2661 4516 Deus
2709 4468 2764 4513 et
2810 4456 3104 4510 Dominus.
3139 4453 3182 4507 A
3229 4451 3355 4507 caelo
3394 4450 3561 4513 enim,

313 4550 579 4617 οὐρανοῦ
627 4552 755 4618 γάρ,
800 4550 858 4613 ὃς
887 4552 1002 4603 ἐστι
1033 4550 1219 4618 θρόνος
1251 4552 1408 4607 Θεοῦ.
1443 4554 1573 4616 Καὶ,
1622 4555 1760 4609 Μετ’
1783 4557 1886 4626 ἀτ-

1994 4562 2136 4635 quod
2174 4572 2258 4617 est
2281 4559 2506 4613 thronus
2546 4553 2662 4607 Dei.
2698 4552 2784 4614 Et,
2819 4548 2950 4603 Cum
2983 4547 3177 4617 angelis
3212 4543 3563 4600 terribilibus;

314 4640 512 4709 γέλων
541 4640 838 4708 φοϐερῶν·
877 4640 1158 4711 δυνάμεως
1199 4644 1308 4711 γάρ
1343 4643 1584 4712 ἄγγελοι,
1640 4647 1888 4702 τουτέστι

312 4730 533 4784 δυνατοί
557 4731 623 4782 ⁷³.
655 4731 817 4783 ’Ὥστε
851 4731 904 4782 τί
949 4732 1341 4798 καταπίπτετε,
1386 4734 1522 4788 ὅπου
1554 4752 1618 4803 γε
1645 4738 1887 4794 τοιοῦτον

314 4820 515 4890 ἔχομεν
554 4823 853 4891 Δεσπότην,
882 4816 942 4876 οὗ
971 4839 1034 4889 γε
1063 4823 1113 4875 οἱ
1145 4823 1410 4893 ὑπηρέται
1447 4826 1726 4898 δυνάμεώς
1748 4831 1887 4885 εἰσιν

314 4913 577 4980 ἇγγελοι;
610 4911 884 4965 Δώσουσιν
912 4908 1002 4965 οὖν
1031 4910 1186 4982 δίκην
1212 4914 1261 4966 οί
1290 4913 1384 4967 νῦν
1409 4916 1554 4983 ὑμᾶς
1590 4916 1883 4987 θλίϐοντες,

311 5005 410 5058 καὶ
445 5003 547 5055 οὐκ
586 5002 965 5068 ἐκφεύξονται.
1448 4996 1457 5000 ’

396 5096 503 5148 Ἑν
528 5093 671 5160 πυρὶ
720 5092 945 5162 φλογὸς
977 5090 1247 5156 διδόντος
1280 5092 1597 5162 ἐκδίκησιν
1632 5099 1754 5164 τοῖς
1801 5102 1885 5168 μὴ

306 5186 506 5239 εἰδόσι
549 5184 718 5245 Θεὸν,
766 5183 863 5237 καὶ
904 5184 1028 5248 τοῖς
1058 5182 1143 5252 μὴ
1182 5183 1556 5240 ὑπακούουσι
1583 5188 1662 5253 τῷ
1694 5194 1888 5260 Εὐαγ.

308 5278 495 5348 Talia)
548 5275 654 5328 τοῦ
697 5276 917 5340 Κυρίου
960 5274 1176 5340 Ἰησοῦ.
1232 5277 1380 5328 Ἀνω
1417 5278 1516 5344 μὲν
1564 5276 1720 5332 εἶπε·
1760 5283 1886 5350 Τοῖς

310 5368 638 5422 θλίϐουσιν
685 5363 863 5432 ὑμᾶς’
897 5364 991 5418 νῦν
1028 5367 1083 5419 δὲ
1136 5368 1360 5432 κοινῶς·
1420 5369 1547 5434 Τοῖς
1572 5370 1659 5438 μὴ
1697 5373 1886 5439 ειδόσι

308 5459 423 5513 τὸν
484 5457 669 5511 Θεόν⁸
737 5455 895 5508 τοῦτο
946 5457 1256 5525 σοφώτατον
1302 5462 1744 5528 κατασκευάζων,
1804 5466 1886 5520 ὅτι

311 5551 538 5611 πάντως
590 5548 869 5616 ἐκδίκησις
917 5548 1089 5603 ἔσται.
1127 5550 1190 5603 Ei
1233 5552 1340 5622 γὰρ
1373 5554 1466 5606 καὶ
1500 5554 1576 5628 μὴ
1616 5556 1684 5610 δι’
1716 5557 1884 5627 ὑμᾶς,

1994 4656 2252 4728 potentiae
2300 4664 2531 4718 namque
2585 4644 2755 4715 angeli
2809 4652 2953 4708 sunt,
3024 4641 3127 4697 hoc
3181 4646 3262 4695 cst
3300 4643 3563 4707 potentes.

1995 4726 2173 4816 Quare
2228 4746 2411 4815 itaque
2456 4740 2693 4795 animum
2728 4736 3095 4804 despondetis,
3126 4726 3561 4802 quandoquidem

1999 4837 2264 4909 ejusmodi
2337 4834 2596 4889 habemus
2626 4829 2934 4891 Dominum,
2981 4823 3138 4893 cujus
3178 4820 3409 4876 ministri
3458 4820 3565 4871 sint

1996 4930 2169 5002 angeli
2202 4925 2489 4999 potentiae?
2521 4923 2735 4977 Dabunt
2764 4920 2926 4992 igitur
2958 4933 3144 4989 ptenas
3171 4913 3264 4984 qui
3296 4928 3434 4965 nunc
3466 4924 3564 4963 vos

1996 5024 2259 5093 allligunt,
2292 5018 2467 5088 neque
2492 5017 2770 5089 effugient.

2018 5153 2027 5163 -
2068 5089 2229 5168 νέης.
2265 5112 2318 5166 8.
2358 5110 2425 5166 In
2454 5112 2561 5181 igni
2602 5109 2831 5178 ﬂantum:
2878 5102 3049 5156 dantis
3081 5098 3330 5151 ultionem
3374 5094 3440 5146 iis
3472 5089 3563 5161 qui

1996 5224 2098 5261 non
2143 5211 2394 5259 noverunt
2447 5201 2629 5263 Deum,
2653 5208 2701 5253 et
2740 5195 2826 5266 qui
2855 5209 2957 5246 nou
2988 5192 3229 5243 obettiunt
3283 5182 3562 5250 Evangelia

1996 5294 2208 5349 Domini
2240 5292 2388 5347 Iesu.
2416 5290 2473 5346 In
2501 5285 2870 5357 superioribus
2899 5279 3057 5347 dixit,
3093 5277 3165 5331 li:
3206 5276 3293 5346 qui
3317 5289 3407 5327 uos
3438 5271 3567 5342 aﬁli-

1995 5395 2122 5457 gunt
2156 5402 2173 5440 :
2211 5399 2354 5438 nunc
2385 5392 2561 5436 autem
2592 5374 2890 5448 generatim
2918 5372 3085 5436 addit,
3124 5368 3193 5424 Iis
3220 5367 3308 5438 qui
3337 5380 3438 5417 non
3471 5380 3564 5415 no-

1994 5484 2171 5529 uerunt
2210 5474 2371 5526 Deum
2404 5487 2421 5524 :
2460 5471 2557 5523 hoc
2585 5463 2982 5536 sapientissime
3031 5460 3376 5520 conﬁrmans,
3425 5454 3563 5522 quod

1994 5565 2213 5620 omnino
2266 5564 2337 5617 sit
2386 5562 2518 5616 ultio
2549 5559 2751 5614 futura.
2781 5555 2838 5612 Si
2875 5555 3017 5612 enim
3057 5568 3161 5607 non
3199 5559 3414 5621 propter
3445 5561 3562 5612 vos,

1628 5696 1824 5757 Variae
1866 5698 2195 5763 lectiones.

391 5813 439 5849 "
476 5814 536 5866 ὲν
585 5829 636 5866 ο.
717 5812 765 5844 ⁷⁸
786 5811 1006 5883 φοϐεροί
1029 5829 1081 5865 0.
1141 5836 1149 5843 -
