3994 6612
287 434 433 511 13⁸37

990 442 1398 505 EXPOSITIO
1434 443 1516 505 IN
1551 441 1791 504 EPIST.
1837 439 1876 499 Ι.

1985 440 2035 500 n
2065 439 2330 500 THESS.
2369 463 2436 476 —
2463 404 2625 502 CAP'.
2666 439 2751 500 tt.
2842 512 2849 521 ,

3383 440 3529 507 1338

283 555 480 620 Καλῶς
507 554 566 609 δὲ
606 545 781 618 εἶπεν,
834 555 938 612 Ἐν
984 556 1060 625 τῇ
1089 558 1279 627 ἡμέρᾳ
1306 557 1508 626 ἐκείνῃ
1529 571 1543 591 ·
1594 554 1717 610 τότε
1748 554 1857 626 γὰρ

1985 565 2149 608 'evcra
2181 551 2630 609 demonstrantur
2669 553 2763 622 qui
2810 565 2937 608 vere
2965 561 3092 608 sunt
3136 553 3356 612 ﬁdeles:
3389 572 3533 614 nunc

285 646 591 700 δείκνυνται
623 646 703 716 τῷ
745 645 860 700 em
889 647 939 700 οί
973 646 1188 719 ἀληθῶς
1232 648 1453 702 πιστοί·
1490 648 1585 702 νῦν
1615 648 1723 718 γὰρ
1762 646 1860 700 καὶ

288 741 675 811 ὑποκρίνονται
717 740 901 792 πίστιν
954 740 1161 795 πολλοί.
1199 739 1290 795 Διὸ
1339 742 1434 797 καὶ
1464 743 1491 793 ὁ
1523 742 1726 812 Σοφὺς,
1761 741 1859 812 Μὴ

283 830 625 900 μακαρίσῃς
646 829 959 912 ἄνθρωπον
985 831 1100 899 πρὸ
1125 831 1433 900 τελευτῆς,
1463 833 1648 904 φησιν.

355 923 463 986 Εἰς
486 920 519 975 ὃ
565 920 667 975 καὶ
711 922 1166 992 προσευχόμεθα
1203 923 1461 979 πάντοτε
1488 923 1637 993 ,περὶ
1672 923 1860 993 ὑμῶν,

288 1015 388 1068 ἵνα
418 1010 576 1083 ὑμᾶς
611 1011 839 1082 ἀξιώσῃ
867 1013 978 1084 τῆς
1018 1014 1294 1085 κλήσεως
1325 1020 1358 1071 ό
1390 1016 1534 1083 Θεὸς
1576 1016 1765 1087 ἡμῶν.
1796 1017 1864 1070 Τί

290 1106 435 1177 γάρ;
464 1105 563 1159 οὐκ
590 1101 732 1176 ἦσαν
761 1105 1092 1178 κεκλημένοι
1113 1124 1129 1174 ;
1154 1108 1293 1162 Ναί·
1323 1108 1458 1163 ἀλλὰ
1477 1110 1536 1163 οὐ
1569 1109 1697 1181 περὶ
1719 1109 1864 1163 ὲκεί-

291 1207 390 1261 νης
437 1190 539 1261 τῆς
586 1191 829 1261 κλήσεὼς
881 1210 1070 1264 φησιν,
1100 1194 1224 1247 ἐπεὶ
1273 1196 1416 1249 κατὰ
1445 1197 1651 1268 ταύτην
1678 1195 1864 1252 πολλοὶ⁸

293 1283 478 1354 κλητοί
496 1300 512 1317 ·
538 1284 634 1337 καὶ
657 1285 685 1336 ὁ
706 1293 777 1338 τα
806 1285 1026 1357 ῥυπαρὰ
1050 1286 1240 1356 ἱμάτια
1267 1288 1610 1360 ἐνδεδυμένος
1638 1289 1861 1361 ἐκλήθη,

293 1379 388 1433 καὶ
428 1378 485 1432 αἱ
535 1379 697 1433 πέντε
732 1380 1015 1451 παρθένοι,
1058 1382 1175 1435 ἀλλ’
1204 1384 1614 1454 οὖκέίσῆλθον.
1656 1384 1864 1455 Κλῆσιν

295 1464 388 1523 οὖν
428 1470 662 1525 ἐνταῦθα
711 1472 881 1541 λέγει,
915 1474 1015 1546 τὴν
1044 1474 1133 1528 διὰ
1170 1474 1279 1528 τῶν
1312 1475 1563 1545 πράξεων
1611 1475 1862 1547 βεϐαιου-

300 1562 490 1631 μένην,
541 1563 665 1633 ἧτις
693 1565 788 1618 καὶ
836 1566 1043 1636 κυρίως
1086 1566 1279 1638 κλῆσίς
1321 1568 1469 1621 ἐστιν
1493 1585 1507 1599 ·
1548 1565 1739 1643 ὥσπερ
1772 1568 1865 1624 καὶ⁹

296 1651 482 1717 πίστις
515 1654 741 1726 κυρίως,
770 1656 803 1726 ἠ
830 1657 1165 1730 ἓμπρακτος.
1212 1657 1494 1730 Ἐπιφέρει
1520 1654 1643 1714 οὖν·

365 1834 476 1887 Καὶ
510 1833 802 1903 πληρώσῃ
854 1832 1062 1891 πᾶσαν
1106 1836 1390 1892 εὐδοκίαν
1445 1837 1858 1907 ἀγαθωσύνης.

295 1924 532 1995 Ταύτην,
580 1926 736 1995 φησι,
771 1926 870 1995 τὴν
913 1927 1106 1997 κλῆσιν
1134 1928 1300 1997 λέγω,
1349 1930 1433 1983 ἵνα
1464 1930 1614 1983 πᾶσα
1648 1930 1865 1984 εὐδοκία

297 2016 391 2070 τοῦ
456 2015 622 2079 Θεοῦ,
673 2017 919 2072 τουτέστι
964 2021 1114 2072 πᾶσα
1160 2020 1443 2091 ἀρέσκεια,
1497 2021 1756 2093 πληρωθῇ
1808 2022 1866 2076 ὲν

298 2110 447 2177 ὑμῖν,
480 2111 572 2164 καὶ
604 2111 712 2164 πᾶν
738 2110 942 2178 ἀγαθὸν
974 2113 1403 2186 διαπράττησθε,
1433 2117 1527 2170 καὶ
1552 2115 1724 2181 οὕτως
1764 2111 1866 2187 ἦτε

298 2202 374 2265 ὡς
403 2201 649 2271 βούλεται
678 2205 706 2257 ὁ
726 2204 878 2269 Θεὸς,
915 2205 1143 2276 μηδενὸς
1178 2208 1309 2277 ὑμῖν
1337 2207 1615 2273 λείποντος
1634 2208 1701 2263 ⁸⁸.
1751 2209 1869 2263 Ἑν-

298 2292 471 2347 ταῦθα
515 2292 573 2347 δὲ
605 2293 702 2347 καὶ
749 2297 1109 2351 καταστέλλει
1158 2298 1219 2351 τὸ
1252 2299 1510 2372 φρόνημα
1547 2300 1746 2366 αὐτῶν,
1779 2301 1867 2354 ἴνα

302 2383 378 2455 μὴ
411 2383 693 2456 ὲπαρθῶσι
735 2389 848 2451 τοῖς
877 2387 1090 2451 πολλοῖς
1123 2389 1458 2461 ὲγκωμίοιςτ
1490 2392 1731 2446 δείκνυσι
1759 2391 1867 2462 γὰρ

297 2476 380 2530 ὅτι
399 2476 553 2532 οὔπω
574 2479 973 2536 τετελείωνται.

366 2569 477 2622 Καὶ
512 2569 691 2639 ἔργον
718 2571 978 2639 πίστεως
1009 2573 1080 2628 ἐν
1111 2573 1384 2644 δυνάμει.
1430 2575 1543 2646 Τὴν
1590 2575 1870 2646 ὑπομονὴν

298 2657 409 2713 τῶν
436 2658 712 2729 διωγμῶν,
762 2663 917 2732 φησὶ,
950 2662 1160 2717 τελείαν
1188 2667 1246 2718 ὲν
1280 2666 1410 2736 ὑμῖν
1438 2668 1675 2738 ποιήσει.
1711 2668 1867 2733 flag;

306 2769 326 2802 ι
348 2751 437 2805 Ἐν
457 2750 734 2821 δυνάμεσι
755 2754 1021 2820 τουτέστι,
1040 2757 1375 2827 Δυναμὼσας
1396 2759 1538 2829 ὑμᾶς
1557 2759 1649 2811 καὶ
1668 2759 1871 2829 ἐνισχύ-

303 2858 403 2907 σας
423 2844 488 2913 ’ἡ
515 2843 624 2915 γὰρ
647 2845 894 2916 ὑπομονὴ
918 2846 1066 2901 ἔστιν
1087 2848 1246 2919 ἔργον
1273 2850 1527 2912 πίστεως.
1552 2851 1716 2904 ’Ὥστε
1742 2853 1768 2906 ὁ
1794 2851 1869 2921 μὴ

300 2932 442 3004 ἔχων
466 2935 764 3008 ὑπομονὴν,
790 2939 910 2992 οὐδὲ
938 2939 1098 3009 ἔργον
1127 2940 1361 3004 πίστεως
1390 2942 1680 2996 δείκνυσιν.

371 3026 572 3095 Ὅπως
603 3029 943 3101 ἐνδοξασθῇ
970 3032 1038 3086 τὸ
1077 3033 1264 3100 ὄνομα
1298 3033 1405 3088 τοῦ
1447 3035 1667 3102 Κυρίου
1705 3034 1873 3104 ἡμῶν

316 3114 518 3183 Ἰησοῦ
547 3118 804 3185 Χριστοῦ
831 3121 900 3175 ἐν
927 3122 1090 3190 ὑμῖν,
1119 3121 1215 3175 καὶ
1235 3122 1406 3190 ὑμεῖς
1424 3124 1495 3177 ἐν
1521 3122 1702 3189 αὐτῷ.
1742 3125 1870 3177 Ἐὰν

1940 642 2104 697 ἐιιῑιιι
2146 641 2387 710 plerique
2420 641 2577 696 ﬁdem
2621 641 2895 697 simulant.
2928 642 3195 709 Quocirca
3224 654 3277 702 et
3306 644 3533 719 Sapiens

1961 733 2051 789 ille
2080 732 2248 800 dixit,
2296 731 2380 789 Ne
2425 736 2633 789 beatum
2685 736 3056 805 pradicaveris
3104 735 3366 793 hominem
3410 748 3537 794 ante

1962 830 2184 886 obitum.
3284 894 3289 899 ς

2033 919 2200 978 Vens.
2236 922 2326 977 11.
2362 921 2443 976 Ad
2471 922 2608 992 quod
2633 923 2792 977 etiam
2831 937 3045 976 oramus
3086 937 3289 992 semper
3315 938 3411 991 pro
3447 939 3538 978 eo-

1965 1015 2062 1083 bis,
2092 1024 2152 1069 ut
2180 1015 2428 1086 dignetur
2451 1030 2536 1069 vos
2565 1017 2835 1070 vocatione
2859 1031 2955 1070 sua
2978 1013 3120 1069 Deus
3151 1013 3310 1086 535
3340 1027 3536 1071 noster.

1963 1105 2145 1174 Quid?
2172 1120 2355 1162 nonne
2387 1106 2561 1162 vocati
2602 1109 2793 1163 erant?
2815 1106 2928 1163 lmo
2972 1124 2989 1165 :
3028 1108 3122 1163 sed
3147 1107 3215 1163 de
3256 1107 3540 1163 vocatione

1965 1198 2054 1255 illa
2100 1214 2241 1257 nunc
2285 1214 2391 1255 non
2426 1201 2696 1272 loquitur,
2756 1202 3192 1272 quandoquidem
3238 1202 3538 1258 secundum

1966 1291 2123 1347 istam
2154 1307 2261 1347 non
2283 1293 2438 1363 pauci
2472 1301 2600 1349 sunt
2626 1295 2801 1352 vocati
2831 1311 2847 1349 :
2880 1294 3044 1349 etiam
3073 1293 3164 1350 ille
3195 1295 3428 1351 sordidis
3450 1309 3543 1351 ve-

1964 1386 2142 1441 stibus
2167 1385 2400 1441 amictus
2421 1397 2445 1426 ·
2497 1399 2720 1442 vocatus
2758 1395 2897 1451 erat,
2944 1395 3000 1441 et
3022 1386 3260 1457 quinque
3283 1387 3541 1454 virgines,

1962 1476 2056 1532 sed
2084 1492 2192 1532 non
2209 1485 2337 1533 sunt
2357 1477 2616 1548 ingressae
2644 1478 2693 1531 τ.
2722 1474 3081 1532 Vocationem
3102 1475 3272 1546 igitur
3303 1475 3391 1531 hic
3412 1475 3544 1530 dicit

1963 1582 2083 1624 eam
2109 1582 2230 1639 qua:
2249 1582 2348 1639 per
2369 1581 2535 1638 opera
2573 1568 2896 1623 conﬁrmata
2924 1576 3032 1631 est,
3061 1581 3183 1637 quae
3208 1566 3427 1637 proprie
3451 1581 3548 1623 vo-

1964 1659 2107 1715 catio
2158 1668 2284 1716 est:
2321 1659 2782 1730 quemadmodum
2822 1670 2878 1715 et
2907 1659 3040 1715 ﬁdes
3070 1659 3288 1731 proprie
3321 1659 3411 1716 illa
3436 1669 3548 1728 est,

1965 1765 2088 1821 qua:
2114 1750 2168 1806 in
2194 1764 2357 1821 opere
2387 1759 2654 1805 versatur.
2688 1747 2857 1806 Infert
2885 1749 3049 1821 igitur
3078 1769 3093 1807 :

2040 1843 2110 1909 Et
2146 1842 2361 1910 impleat
2409 1858 2613 1896 omnem
2665 1841 2987 1897 uoluntatem
3022 1842 3292 1897 bonitatis.
3347 1840 3535 1907 Hanc,

1972 1937 2167 2007 inquit,
2196 1934 2533 1990 vocationem
2570 1932 2712 1998 dico,
2759 1942 2816 1988 ut
2850 1933 3026 2004 omnis
3058 1934 3307 1989 voluntas
3338 1931 3455 1998 Dei,
3495 1933 3551 1989 id

1973 2036 2075 2095 est,
2107 2023 2366 2097 quidquid
2401 2022 2448 2078 ei
2487 2023 2622 2079 bene
2649 2023 2936 2094 placuerit,
2967 2023 3257 2094 impleatur
3284 2023 3340 2079 in
3373 2023 3550 2089 vobis,

1974 2128 2029 2174 et
2074 2131 2237 2172 omne
2283 2113 2485 2170 bonum
2536 2113 2845 2183 transigatis
2893 2130 2907 2168 :
2946 2113 3153 2184 hacque
3183 2113 3398 2170 ratione
3430 2113 3554 2170 sitis

1976 2210 2131 2274 tales,
2173 2208 2362 2278 quales
2406 2222 2503 2263 vos
2553 2209 2694 2263 Deus
2737 2220 2859 2262 esse
2888 2205 3078 2277 exigit,
3123 2203 3367 2276 nihilque
3400 2205 3555 2261 vobis

1976 2303 2132 2358 desit.
2164 2302 2261 2357 Hic
2286 2310 2469 2357 autem
2503 2298 2741 2356 demittit
2788 2312 2976 2353 eorum
3012 2282 3234 2363 cristas,
3271 2310 3339 2352 ne
3374 2296 3555 2352 multis

1976 2394 2237 2451 encomiis
2274 2392 2565 2449 efferantur
2597 2408 2611 2446 :
2654 2389 2893 2447 ostendit
2926 2389 3072 2446 enim
3117 2388 3261 2459 quod
3310 2387 3551 2444 nondum

1974 2488 2084 2543 sint
2116 2485 2499 2543 consummati.

2047 2579 2117 2635 Et
2157 2596 2284 2650 opus
2331 2579 2457 2648 ﬁdei
2494 2578 2547 2631 in
2590 2578 2800 2632 virtute.
2854 2571 3208 2636 Patientiam,
3259 2568 3454 2640 inquit,
3502 2569 3556 2623 in

1979 2670 2441 2745 persecutionihns
2462 2669 2754 2740 perfectam
2785 2669 2839 2723 in
2864 2667 3016 2723 vobis
3038 2665 3221 2720 faciet.
3244 2660 3560 2729 Quomodo?

1977 2765 2034 2819 ln
2064 2763 2261 2818 virtute
2294 2771 2347 2817 et
2394 2762 2611 2823 robore,
2644 2760 2746 2814 hoc
2778 2768 2883 2824 est,
2915 2756 3182 2812 roborans
3211 2768 3305 2811 vos
3335 2760 3551 2824 etport-

1978 2858 2187 2913 fortans
2223 2874 2235 2908 :
2274 2870 2396 2908 nam
2430 2853 2687 2923 patientia
2718 2860 2803 2907 est
2841 2864 2977 2920 opus
3014 2848 3158 2903 ﬁdei.
3194 2845 3430 2901 Proinde
3467 2843 3558 2912 qui

1979 2966 2083 3003 non
2112 2947 2271 3003 habet
2305 2945 2644 3014 patientiam,
2674 2958 2845 3013 neque
2866 2956 3004 3013 opus
3041 2939 3161 2994 ﬁdei
3184 2937 3408 2994 indicat.

2050 3038 2216 3095 Vens.
2254 3038 2341 3092 l2.
2391 3036 2462 3092 Ut
2511 3036 2835 3106 gloriﬁcetur
2900 3050 3089 3088 nomen
3144 3030 3353 3086 Domini
3394 3031 3562 3086 nostri

1978 3134 2105 3187 Jesu
2145 3130 2343 3185 Christi
2379 3130 2433 3182 in
2473 3125 2635 3191 vobis,
2682 3136 2734 3181 et
2782 3143 2870 3180 vos
2910 3128 2965 3180 in
3000 3126 3135 3192 ipso.
3180 3124 3235 3179 Si
3281 3124 3400 3181 haec
3437 3138 3560 3193 qua:

303 3205 475 3260 ταῦτα
506 3208 576 3262 τὰ
613 3213 991 3282 προειρημένα
1027 3213 1254 3283 γένηται
1297 3214 1448 3284 ὑμῖν,
1484 3216 1670 3284 φησιν,
1722 3216 1870 3270 ἐνδο-

1985 3223 2231 3291 βιεειιίειιι
2263 3230 2387 3277 sunt
2434 3219 2590 3274 vobis
2624 3217 2962 3287 contingant,
3006 3215 3200 3285 inquit,
3227 3214 3560 3284 gloriﬁcabi-

306 3296 631 3367 ξασθήσεται
664 3302 758 3355 καὶ
795 3303 853 3355 ἐν
887 3302 966 3372 τῷ
1011 3305 1110 3373 βίῳ
1138 3305 1311 3375 τούτῳ
1344 3307 1405 3359 τὸ
1435 3307 1604 3377 ὄνομα
1630 3308 1722 3361 τοῦ
1755 3310 1873 3364 Κυ-

305 3390 427 3457 ρίου
457 3393 513 3444 ἐν
534 3392 680 3463 ὑμῖν.
710 3394 880 3448 Ὅταν
913 3395 1020 3467 γὰρ
1053 3397 1236 3451 ἴδωσιν
1267 3400 1410 3468 ὑμᾶς
1438 3400 1807 3470 ὑπομένοντας
1824 3403 1871 3439 ⁸⁸

304 3481 485 3536 πάντα
506 3485 808 3555 πειρασμὸν
837 3486 976 3557 ὑπὲρ
997 3487 1098 3556 τῆς
1126 3490 1202 3551 εἰς
1222 3490 1312 3543 τὸν
1329 3490 1607 3562 Δεσπότης)
1631 3493 1873 3564 ἀγάπης,

306 3577 424 3642 πῶς
454 3576 554 3632 οὐκ
599 3579 752 3633 ἔσται
790 3580 948 3634 τοῦτο
980 3581 1108 3647 δόξα
1138 3582 1309 3653 αὐτῷ,
1342 3584 1422 3638 ὅτι
1471 3583 1643 3646 οὕτως
1675 3583 1878 3652 ἀγαθός

305 3670 474 3736 ἔστιν,
503 3670 643 3726 ὥστε
684 3674 823 3745 ὑπὲρ
856 3675 1019 3729 αὑτοῦ
1066 3674 1433 3746 ἀποθνήσκειν
1462 3678 1588 3740 τοὺς
1624 3677 1842 3741 δούλους
1861 3720 1877 3746 ,
1905 3658 1925 3672 κ

306 3763 404 3816 καὶ
445 3764 528 3817 ὅτι
572 3763 712 3818 οὕτω
758 3767 1003 3833 δυνατὸς,
1045 3766 1188 3820 ὥστε
1229 3769 1373 3838 ὑμᾶς
1429 3768 1702 3839 νευρῶσαι
1743 3770 1881 3840 πρὸς

307 3857 408 3925 τὴν
446 3857 751 3926 ὑπομονήν;
798 3857 959 3912 Ἀλλὰ
1003 3860 1099 3912 καὶ
1144 3861 1301 3930 ὑμεῖς
1340 3863 1397 3914 ὲν
1427 3861 1597 3933 αὐτῷ,
1627 3862 1710 3915 ὅτι
1743 3861 1884 3915 οὕτω

310 3947 496 4002 πιστοὶ
512 3949 770 4022 εὑρέθητε
796 3952 873 4013 ὡς
892 3951 1069 4004 πάντα
1101 3953 1350 4022 πάσχειν.
1377 3953 1513 4019 Δόξα
1540 3955 1648 4023 γὰρ
1669 3955 1881 4023 δούλου,

308 4039 373 4093 τὸ
408 4040 597 4095 πιστὸν
632 4043 924 4114 εὑρεθῆναι
961 4043 1039 4113 τῷ
1070 4045 1324 4118 δεσπότῃ.
1364 4046 1474 4099 Καὶ
1521 4047 1695 4109 ἄλλως
1736 4047 1813 4111 δὲ,
1850 4048 1884 4118 ἡ

308 4131 401 4185 διὰ
446 4133 680 4204 Χριστὸν
737 4135 933 4205 Θλίψις,
997 4137 1156 4201 δόξαο
1214 4140 1295 4191 ὅτι
1345 4138 1632 4209 λαμπροὺς
1682 4139 1884 4208 μᾶλλον

312 4232 478 4296 ποιεί,
504 4230 592 4283 ἀεὶ
617 4231 716 4301 μὲν
738 4233 816 4295 είς
841 4231 1069 4286 θάνατον
1098 4233 1579 4304 παραδιδομένους,
1606 4234 1886 4305 κρείττους

311 4320 372 4374 δὲ
404 4319 635 4376 θανάτου
667 4323 1075 4396 δεικνυμένους.

388 4501 550 4558 Κατὰ
598 4502 715 4573 τὴν
765 4503 941 4573 χάριν
979 4504 1087 4560 τοῦ
1136 4505 1284 4559 Θεοῦ
1315 4504 1487 4574 ἡμῶν
1523 4505 1620 4559 καὶ
1673 4509 1890 4574 Kvpiov

1978 3333 2067 3380 ιιιι·
2123 3315 2287 3370 etiam
2331 3310 2435 3366 hac
2491 3311 2544 3364 in
2593 3309 2699 3362 vita
2754 3319 2952 3361 nomen
3012 3304 3222 3359 Domini
3262 3304 3319 3358 in
3381 3304 3553 3360 vobis.

1976 3408 2202 3477 Quando
2233 3406 2378 3461 enim
2414 3405 2629 3459 videant
2662 3416 2778 3467 vos,
2810 3414 2874 3455 ex
2908 3397 3199 3454 dilectione
3226 3411 3388 3466 quam
3424 3410 3552 3466 erga

1980 3499 2266 3555 Dominum
2300 3494 2510 3565 geritis,
2532 3507 2747 3547 omnem
2784 3488 3137 3544 tentationem
3158 3487 3422 3553 tolerare,
3444 3485 3559 3553 qui,

1980 3603 2185 3661 quaeso,
2217 3588 2356 3643 istuc
2379 3601 2484 3641 non
2517 3592 2602 3639 est
2637 3581 2808 3653 gloria
2838 3580 2975 3651 ejus,
3006 3577 3259 3647 quoniam
3290 3575 3426 3631 adeo
3457 3574 3562 3630 bo-

1982 3696 2082 3737 nus
2104 3690 2208 3744 est,
2244 3687 2304 3733 ut
2330 3692 2428 3748 pro
2462 3676 2578 3745 ipso
2607 3672 2770 3728 etiam
2802 3671 3104 3725 moriantur
3133 3666 3319 3739 servi?
3350 3675 3404 3721 et
3433 3664 3561 3734 quia

1985 3775 2117 3829 adeo
2157 3780 2376 3843 potens,
2409 3776 2468 3822 ut
2516 3780 2613 3821 vos
2651 3764 2719 3818 ad
2772 3760 3085 3833 patientiam
3142 3756 3561 3813 corroboraret?

1985 3864 2293 3933 Quinetiam
2328 3869 2382 3916 et
2411 3874 2507 3914 vos
2546 3857 2600 3911 in
2650 3856 2791 3926 ipso,
2843 3853 2968 3923 quia
3004 3866 3174 3920 usque
3208 3848 3344 3905 adeo
3377 3846 3564 3902 ﬁdeles

1985 3956 2188 4012 inventi
2212 3954 2365 4020 estis,
2391 3957 2450 4006 υι
2477 3948 2661 4005 omnia
2693 3945 2996 4017 patiamini.
3029 3941 3208 3999 Glaria
3242 3939 3384 3995 enim
3422 3938 3565 3994 servi

1984 4058 2089 4113 est,
2148 4044 2286 4116 quod
2351 4041 2570 4099 domino
2632 4037 2807 4094 ﬁdelis
2878 4034 3205 4090 inveniatur.
3268 4030 3563 4093 Praeterea,

1988 4138 2207 4195 aﬂlictio
2256 4144 2475 4206 pr0pter
2524 4130 2806 4187 Christum
2839 4127 3009 4198 gloria
3041 4134 3144 4191 est,
3176 4121 3300 4193 quin
3331 4120 3567 4191 splendi-

1986 4232 2167 4288 diores
2198 4228 2394 4292 reddit,
2442 4233 2632 4296 utpote
2674 4234 2949 4291 nunquam
2992 4232 3097 4272 non
3145 4215 3301 4269 morti
3351 4212 3566 4281 quidem

1988 4321 2235 4388 traditos,
2263 4319 2498 4391 potiores
2516 4328 2696 4372 tamen
2719 4329 2781 4370 ac
2806 4310 3113 4380 superiores
3139 4315 3314 4362 morte
3332 4305 3555 4359 demon-

1991 4425 2214 4472 stratos.

2063 4505 2363 4562 Secundum
2430 4499 2658 4570 gratiam
2710 4495 2809 4551 Dei
2854 4492 3021 4549 nostri
3069 4500 3120 4547 ει
3174 4490 3383 4545 Domini
3438 4487 3568 4544 Jesu

330 4593 538 4662 Ἰησοῦ
573 4595 856 4663 Χριστοῦ.
904 4594 1015 4649 Καὶ
1054 4595 1188 4648 αὐτὸ
1220 4596 1397 4661 τοῦτο,
1436 4597 1592 4664 φησι,
1626 4594 1718 4648 τοῦ
1747 4594 1876 4648 Θεοῦ

1989 4597 2209 4654 Christi.
2249 4593 2359 4648 Hoc
2390 4593 2588 4662 ipsum,
2622 4589 2822 4658 inquit,
2870 4585 2966 4640 Dei
3014 4590 3119 4648 est,
3154 4597 3260 4637 non
3296 4589 3565 4647 nostrum,

320 4686 459 4751 ἔστι,
485 4685 581 4740 καὶ
612 4687 710 4756 οὐχ
738 4686 1027 4757 ἡμέτερον,
1062 4686 1200 4740 ἀλλὰ
1242 4686 1400 4757 χάρις
1437 4685 1627 4748 αὑτοῦ,
1654 4686 1713 4738 τὸ
1737 4686 1891 4750 δοξὰ-

300 4765 536 4841 ζεσθαι,
575 4778 739 4849 φημὶ,
777 4779 873 4831 καὶ
922 4778 1086 4832 αὐτδν
1122 4782 1178 4830 ὲν
1222 4779 1373 4848 ἡμῖν,
1417 4778 1502 4831 ὅτι
1533 4776 1686 4831 οὐδὲν
1713 4776 1881 4831 αὑτοῦ

319 4867 700 4937 προτιμῶμεν,
732 4868 808 4931 ὡς
855 4868 1191 4938 γλυκυτέρου
1234 4868 1471 4922 πάντων·
1515 4867 1608 4922 καὶ
1639 4869 1785 4939 ἡμᾶς
1834 4868 1892 4920 ἐν

318 4956 493 5039 αὐτῷ,
522 4958 604 5013 ὃτι
629 4958 857 5028 δύναμιν
873 4958 1005 5026 παρ’
1033 4957 1198 5011 αὐτοῦ
1220 4958 1568 5029 λαμϐάνομεν
1599 4959 1891 5029 ὑπομένειν

319 5050 530 5113 πάντας
563 5051 688 5114 τοὺς
722 5068 812 5104 πει
820 5050 1086 5124 ρασμούς.

921 5166 1171 5223 ΚΕΦΑΛ.
1218 5165 1294 5220 B'.

297 5304 305 5312 ·
405 5275 747 5346 Ἐρωτῶμεν
772 5276 840 5331 δὲ
857 5276 1034 5349 ὑμᾶς,
1059 5276 1332 5347 ἀδελφοὶ,
1362 5276 1513 5345 ὑπὲρ
1531 5278 1575 5310 ⁸⁷
1609 5276 1721 5345 τῆς
1743 5293 1889 5347 παρ.

322 5371 543 5435 ουσίας
592 5370 699 5424 τοῦ
735 5372 960 5440 Κυρίου
996 5371 1169 5440 ἡμῶν
1205 5369 1413 5439 Ἰησοῦ
1462 5370 1746 5437 Χριστοῦ,
1795 5371 1895 5425 καί

1987 4690 2084 4748 sed
2119 4687 2288 4758 gratia
2339 4685 2508 4754 ipsius
2546 4691 2651 4746 est,
2707 4686 2763 4734 et
2810 4678 2953 4749 quod
3000 4675 3334 4748 gloriﬁcetur
3366 4673 3482 4743 ipse
3513 4671 3568 4726 in

1988 4783 2165 4847 nobis,
2200 4787 2255 4835 et
2287 4776 2431 4849 quod
2460 4774 2594 4830 nihil
2632 4773 2732 4844 ipsi
2754 4771 3120 4845 prteferimns,
3151 4777 3212 4823 ut
3240 4766 3330 4838 qui
3358 4766 3569 4821 sitoru-

1988 4873 2139 4929 nium
2189 4867 2540 4925 dulcissimus
2581 4875 2680 4922 :et
2712 4873 2772 4919 ut
2822 4879 2920 4921 nos
2964 4863 3019 4918 in
3056 4863 3171 4933 ipso
3212 4858 3569 4924 celebremur,

1989 4964 2244 5036 quoniam
2275 4958 2576 5029 potentiam
2610 4957 2677 5011 ab
2709 4971 2774 5013 eo
2804 4954 3128 5027 suscipimus
3150 4959 3212 5007 ut
3241 4946 3573 5006 sufferamns

1987 5055 2070 5110 vel
2102 5053 2322 5124 quasvis
2352 5050 2703 5107 tentationes.

2624 5158 2850 5218 CAPUT
2892 5158 2957 5213 ll.

2076 5280 2236 5337 Vens.
2275 5281 2328 5335 Ι.
2369 5279 2634 5350 Rogamus
2659 5284 2833 5330 autem
2883 5286 2986 5335 vos,
3019 5270 3234 5340 fratres,
3269 5281 3363 5334 per
3384 5265 3578 5320 adven-

2002 5380 2114 5426 tum
2148 5369 2361 5424 Domini
2391 5369 2562 5423 nostri
2582 5365 2713 5420 Jesu
2741 5361 2965 5427 Christi,
2999 5371 3046 5415 et
3069 5368 3264 5415 nostra
3292 5360 3601 5426 congrega-‘

322 5457 495 5530 ἡμῶν
511 5461 967 5533 ἐπισυναγωγῆς
990 5462 1083 5517 ἐπ’
1119 5463 1326 5527 αὐτὸν,
1353 5464 1440 5528 εὶς
1469 5461 1536 5515 τὸ
1558 5461 1644 5531 μὴ
1673 5460 1876 5532 ταχέως

2002 5462 2163 5517 tionis
2218 5462 2275 5515 in
2319 5461 2509 5528 ipsum,
2563 5468 2617 5511 ut
2664 5472 2768 5510 non
2813 5455 2917 5509 cito
2969 5450 3279 5507 moveamini
3314 5466 3348 5504 a
3398 5456 3599 5504 sensu.‘

322 5551 699 5622 σαλευθῆναι
726 5552 883 5625 ὑμᾶς
915 5554 1033 5610 ἀπὸ
1061 5554 1168 5610 τοῦ
1193 5555 1358 5621 νοός.
1398 5554 1531 5606 Πότε
1563 5552 1662 5624 μὲν
1683 5554 1833 5608 ἔσται
1861 5555 1895 5624 ἡ
1921 5614 1929 5621 ,

441 5674 464 5704 ³
515 5662 705 5719 Matth.
760 5680 895 5733 χιιι,
940 5666 1034 5721 “25.
1183 5666 1203 5703 ι
1248 5664 1434 5719 Matth.
1462 5662 1703 5727 xxv,12.

2004 5552 2231 5620 Quando
2259 5553 2329 5608 sit
2359 5550 2542 5607 futura
2572 5548 2918 5611 resurrectio,
2943 5560 3049 5601 non
3079 5543 3208 5600 dicit
3232 5560 3247 5599 :
3281 5540 3424 5613 quod
3451 5551 3578 5597 vero

1638 5754 1846 5817 Varias
1906 5752 2234 5816 lectiones.

370 5930 381 5935 _
411 5862 462 5899 ιι
490 5864 586 5917 καὶ
616 5861 783 5934 μηδὲν
821 5862 952 5933 ὑμῖν
979 5860 1145 5934 λείπῃ
1176 5873 1231 5915 o.
1306 5859 1353 5892 ⁸⁸
1381 5854 1743 5928 ἀνεχομένους
1772 5872 1846 5912 m.
1920 5856 1967 5890 "
1999 5854 2134 5928 περὶ
2156 5870 2207 5910 o.
