3994 6582
483 372 620 435 1339

1367 377 1939 440 THEOPHYLACTI
1979 375 2386 439 BULGARI/E
2423 376 2774 438 ARCHIEP.

3573 356 3737 443 tato

480 500 623 540 nunc
651 498 753 540 non
774 485 956 555 instet,
985 489 1088 547 hoc
1116 491 1289 569 docet.
1312 492 1474 566 536
1492 494 1732 550 Fuerunt
1753 495 1896 551 enim
1917 508 2049 549 nou-

2164 492 2475 557 ἀνάστασις.
2516 494 2577 546 ού
2611 492 2791 560 Myer
2829 492 2912 546 ὅτι
2960 489 3055 547 καὶ
3084 490 3148 563 If.
3190 488 3273 564 δι]
3323 487 3420 546 νῦν
3455 488 3558 547 οὐκ
3587 490 3730 555 εστι,

480 579 616 634 nulli
639 579 982 651 impostores.
1013 585 1101 653 qui
1127 599 1436 644 assererem
1460 588 1572 656 jam
1606 589 1808 644 instare
1841 596 2052 659 tempus

482 672 963 728 consummationis
1002 674 1369 747 adventusque
1413 680 1646 735 Domini.
1700 679 1815 736 Non
1859 695 2052 750 parum

483 770 662 815 autem
701 761 767 814 ad
805 764 1231 821 consolationem
1279 768 1429 832 facit,
1470 772 1612 838 quod
1664 770 1739 824 ait
1773 772 1838 824 ad
1877 771 2051 842 ipsum

483 850 668 905 tidcles
697 856 1122 924 congregandos,
1160 867 1218 911 ut
1242 872 1361 913 cum
1394 856 1460 914 eo
1490 858 1694 930 pariter
1725 862 1855 927 sint,
1898 872 1956 917 ut
1999 863 2052 918 in

480 942 645 1010 priori
672 944 809 998 dixit
848 964 862 1006 ;
896 949 1078 1002 statim
1113 951 1254 1003 enim
1286 964 1314 1003 a
1345 954 1742 1009 resurrectione
1771 953 1840 1008 ad
1874 954 2055 1009 Domi-

482 1049 608 1088 num
648 1036 960 1092 attollentur
998 1040 1167 1110 digni.
1217 1041 1356 1109 Quid
1391 1044 1552 1114 igitur
1597 1054 1700 1114 est,
1758 1044 2055 1114 Rogamus?

481 1125 596 1182 l'lec
620 1137 722 1194 est,
764 1128 1124 1185 Obsecramus
1178 1144 1397 1201 vos,’ut
1435 1152 1538 1193 non
1568 1138 1954 1201 concutiamiui
2001 1146 2056 1193 et

482 1221 795 1273 avertamini
825 1236 854 1275 a
887 1226 1153 1280 sententia
1181 1242 1344 1297 quam
1380 1228 1639 1285 hactenus
1675 1238 1823 1287 recte
1849 1231 2053 1287 consti-

483 1313 651 1362 tutam
685 1311 970 1369 habuistis.

554 1487 713 1545 Vens.
746 1490 800 1546 2.
850 1490 1031 1563 Neque
1065 1498 1390 1565 terreamini,
1444 1516 1603 1571 neque
1640 1518 1732 1570 per
1771 1502 2052 1572 Spiritum.

482 1578 594 1635 lloc
649 1592 753 1645 est,
795 1598 890 1653 per
946 1590 1305 1658 prophetiam.
1347 1593 1572 1661 Quidam
1614 1597 1754 1650 enim
1818 1598 2055 1668 prophe-

483 1672 611 1726 tiam
640 1675 980 1742 simulantes,
1009 1680 1360 1748 imponebaut
1387 1685 1606 1755 populo,
1642 1701 1738 1740 ceu
1768 1685 1880 1757 jam
1918 1703 2057 1757 pra:-

480 1777 605 1818 scns
633 1777 775 1821 esset
804 1768 1086 1827 Dominus.

2151 585 2308 642 τοῦτο
2350 586 2613 641 διδάσκει.
2640 581 2819 641 Ἦσαν
2860 586 2971 655 γάρ
2996 602 3141 649 τινες
3188 583 3527 648 ἀπατεῶνες,
3567 585 3619 639 ot
3646 584 3735 639 λι.

2154 696 2342 748 γοντες
2376 679 2630 746 ἐνστῆναι
2675 679 2776 751 ήδη
2807 678 2897 731 τὸν
2931 678 3123 747 καιρὸν
3148 676 3247 745 τῆς
3296 676 3614 739 συντελείας
3635 677 3734 733 καὶ

2153 770 2252 839 τῆς
2282 771 2583 840 παρουσίας
2609 768 2703 822 τοῦ
2733 769 2961 838 Κυρίου.
2997 769 3072 822 Οὐ
3104 768 3299 838 μικρὸν
3347 767 3404 821 δὲ
3439 766 3580 837 πρὸς
3628 784 3737 818 πα-

2157 861 2427 935 ραμυθίαν
2453 862 2544 943 καὶ
2569 861 2627 915 τὸ
2667 862 2862 927 εἰπεῖν,
2884 861 2967 915 ὅτι
2988 861 3077 914 ἐπ’
3106 858 3271 914 αὐτὸν
3301 857 3736 928 συναχθήσονται

2153 954 2204 1008 oi
2229 953 2427 1018 πιστοὶ,
2458 953 2594 1021 ὁμοῦ
2616 953 2767 1018 αὐτῷ
2792 953 3062 1022 ἐσόμενοι,
3080 951 3155 1014 ὡς
3183 950 3280 1004 καὶ
3305 952 3364 1002 ὲν
3390 952 3457 1020 τῇ
3487 950 3737 1019 προτέρᾳ⁵

2156 1043 2259 1114 ἔφη
2281 1058 2294 1073 ⁸
2327 1044 2445 1113 ἅμα
2487 1043 2596 1113 γὰρ
2627 1044 2706 1115 τῷ
2732 1042 3055 1113 ἀναστῆναι,
3095 1041 3190 1093 ἐπὶ
3217 1040 3308 1093 τὸν
3330 1039 3538 1108 Κύριον
3567 1038 3742 1108 ἀρθή.

2155 1154 2340 1192 σονται
2361 1137 2411 1189 oi
2440 1136 2600 1201 ἄξιοι.
2625 1137 2689 1189 Τί
2717 1130 2832 1203 οὖν,
2860 1132 3230 1204 Ἐρωτῶμενς
3258 1130 3415 1186 Τοῦτ’
3450 1129 3591 1193 ἔστι,
3624 1132 3741 1184 [Ια-

2159 1227 2503 1302 ρακαλοῦμεν
2550 1228 2716 1297 ὑμᾶς,
2761 1228 2903 1282 ὥστε
2944 1225 3024 1297 μὴ
3069 1224 3396 1294 σαλευθῆναι
3433 1222 3602 1291 ὑμᾶς,
3638 1222 3739 1276 καὶ

2157 1322 2583 1391 παρατραπῆναι
2613 1318 2722 1372 ἀπὸ
2753 1317 2848 1372 τοῦ
2872 1318 3015 1384 νοὸς,
3034 1317 3092 1371 δν
3116 1318 3281 1389 μέχρι
3313 1314 3409 1368 τοῦ
3441 1314 3539 1368 νῦν
3561 1316 3738 1383 εἴχετε

2156 1411 2332 1482 ὀρθῶς
2369 1413 2674 1482 ἱστάμενον.

2227 1504 2390 1573 Μήτε
2422 1503 2715 1574 θροεῖσθε,
2731 1502 2884 1573 μήτε
2912 1500 3010 1554 διὰ
3050 1498 3415 1568 Πνεύιιατος.
3449 1495 3737 1559 Tua-rion,

2156 1598 2244 1651 διὰ
2270 1595 2625 1668 προφητείας.
2661 1595 2818 1658 Τινὲς
2850 1594 2960 1663 γάρ
2986 1590 3322 1663 προφητείαν
3362 1588 3740 1658 ὑποκρινόμε-

2157 1706 2258 1756 νοι,
2283 1688 2530 1742 ὲπλάνων
2558 1686 2652 1740 τὸν
2670 1685 2817 1753 λαὸν,
2848 1685 2924 1749 ὡς
2950 1685 3049 1756 ἤδη
3079 1687 3350 1754 παρόντος
3373 1682 3470 1736 τοῦ
3502 1681 3738 1749 Κυρίου.

553 1854 734 1926 Neque
775 1876 864 1925 per
897 1877 1206 1924 sermonem.
1253 1867 1363 1924 Hoc
1420 1879 1524 1938 est,
1577 1869 1879 1927 doctrinam
1930 1872 2051 1926 viva

2224 1867 2389 1935 Μήτε
2438 1865 2537 1920 διὰ
2571 1865 2781 1935 λόγου.
2836 1861 3116 1927 Τουτέστι,
3171 1858 3524 1921 διδασκαλίας
3585 1856 3739 1927 ζώσῃ

478 1959 610 1999 voce
635 1946 854 2006 factam.

551 2037 735 2111 Neque
776 2060 868 2111 per
909 2049 1185 2117 epistolam
1249 2062 1504 2126 tanquam
1551 2074 1643 2124 per
1679 2075 1793 2119 nos.
1841 2060 2051 2116 Etenim

477 2128 732 2198 epistolas
761 2132 1045 2207 tingentes,
1076 2151 1328 2214 tanquam
1355 2162 1384 2199 a
1428 2146 1593 2205 Paulo
1622 2152 1838 2220 missas,
1866 2165 2053 2211 aucto-

480 2224 692 2278 ritatem
726 2229 1087 2286 conciliabant
1123 2235 1280 2290 dictis
1316 2239 1451 2295 suis.

552 2312 830 2385 Tanquam
879 2319 1034 2377 instet
1071 2323 1183 2379 dies
1233 2327 1466 2387 Domini.
1497 2331 1575 2388 Ne
1607 2336 1921 2403 turbemini,
1964 2339 2051 2394 iu-

477 2406 616 2474 quit,
659 2411 803 2477 quod
857 2412 1019 2469 instet
1067 2417 1183 2474 dies
1236 2419 1470 2490 Domini,
1533 2426 1586 2481 id
1632 2438 1715 2484 est
1787 2431 2051 2489 adventus

477 2496 704 2555 Christi.

554 2587 713 2647 Vsus.
750 2592 804 2648 5.
864 2593 946 2650 Ne
973 2601 1092 2668 quis
1130 2619 1217 2656 vos
1259 2605 1472 2661 seducat
1507 2608 1615 2664 ullo
1654 2612 1831 2668 modo.
1867 2614 2053 2687 Neque

479 2687 733 2776 tanquam
769 2688 1053 2757 propheta,
1092 2694 1268 2764 neque
1319 2704 1572 2768 tanquam
1610 2701 1822 2768 doctor,
1880 2722 2053 2776 neque

477 2775 620 2829 velut
655 2792 739 2832 me
765 2780 1040 2837 scribente
1073 2787 1218 2841 talia.

550 2865 812 2930 Quoniam
849 2872 951 2925 nisi
976 2877 1169 2928 venerit
1197 2877 1449 2934 discessio
1472 2884 1723 2951 primunt,
1770 2896 1817 2940 et
1851 2888 2052 2945 revela-

479 2959 562 3003 tus
589 2950 749 3021 [αισι-ξι
779 2958 931 3009 homo
963 2964 1179 3028 peccati,
1206 2961 1353 3031 ﬁlius
1382 2970 1713 3035 perditionis.
1739 2972 1851 3030 Non
1879 2979 2054 3034 aderit

478 3046 741 3103 adventus
766 3051 998 3121 Domini,
1026 3057 1128 3111 nisi
1159 3062 1365 3116 venerit
1393 3063 1644 3133 defectio,
1681 3068 1732 3124 id
1760 3080 1842 3126 est
1898 3074 2055 3128 Anti-

2155 1961 2306 2030 φωνῇ
2340 1957 2653 2027 γινομένης.

2224 2050 2385 2118 Mnes
2414 2050 2489 2104 δι’
2520 2047 2849 2117 ἐπιστολῆς
2874 2048 2955 2114 ὡς
2996 2047 3071 2101 δι’
3113 2044 3301 2115 ἡμῶν.
3337 2044 3450 2099 Καὶ
3502 2044 3614 2115 γὰρ
3642 2043 3743 2097 καὶ

2154 2143 2444 2207 ἐπιστολὰς
2466 2142 2808 2205 πλάττοντες,
2837 2139 2912 2204 ὡς
2937 2138 3088 2211 παρά
3113 2137 3327 2193 Παύλου
3345 2136 3393 2169 ⁸⁸
3418 2135 3738 2200 σταλείσας,

2157 2238 2253 2293 ὲκύ
2262 2254 2386 2306 ρουν
2419 2237 2455 2290 ἃ
2474 2237 2677 2303 ἔλεγον.
2974 2306 2985 2317 ἱ

2235 2327 2335 2396 Ὠς
2353 2327 2440 2382 ὅτι
2467 2327 2796 2394 ἐνέστηκεν
2812 2324 2848 2392 ἠ
2870 2324 3059 2393 ἡμέρα
3082 2321 3325 2391 Κυρίου.
3344 2321 3437 2390 Μὴ
3460 2319 3736 2392 θροεῖσθε,

2153 2422 2338 2493 φησὶν,
2366 2421 2448 2472 ὅτι
2482 2418 2768 2489 ἐνέστηκεν
2802 2419 2833 2486 ἡ
2888 2415 3071 2487 ἡμέρα
3104 2413 3332 2486 Κυρίου,
3381 2412 3667 2467 τουτέστιν
3701 2413 3736 2482 ἡ

2154 2512 2423 2584 παρουσία
2457 2511 2550 2565 τοῦ
2589 2509 2849 2580 Χριστοῦ.

2222 2605 2410 2673 Μήτις
2442 2602 2596 2673 ὑμᾶς
2626 2601 2983 2679 ἐξαπατήσῃ
3033 2599 3182 2654 κατὰ
3213 2597 3447 2669 andem
3484 2597 3731 2666 τρόπον.

2151 2699 2304 2769 Μήτε
2334 2696 2409 2760 ὡς
2443 2696 2748 2766 προφήτης,
2787 2694 2922 2764 μήτε
2956 2692 3032 2757 ὼς
3078 2690 3419 2757 διδάσκαλος,
3471 2690 3613 2762 μήτε
3658 2688 3735 2753 ὡς

2151 2791 2287 2863 ἐμοῦ
2313 2789 2615 2861 γράφοντος
2647 2786 2893 2842 τοιαῦτα.

2225 2881 2356 2935 Ὀτι
2394 2881 2501 2935 ἐὰν
2538 2880 2624 2950 μὴ
2673 2881 2825 2951 ἐλοῃ
2856 2880 2894 2947 ἠ
2936 2878 3286 2935 ἀποστασία
3318 2875 3580 2944 πρῶτον,
3637 2874 3735 2929 καί

2152 2972 2560 3043 ἀποκαλυφθῇ
2608 2976 2641 3028 ό
2690 2972 3002 3041 ἄνθρωπος
3049 2968 3158 3038 τῆς
3187 2971 3497 3039 ἁμαρτίας,
3530 2971 3567 3022 ὁ
3607 2969 3734 3033 υίὸς

2151 3065 2264 3135 τῆς
2291 3065 2614 3130 ἀπωλείας.
2660 3063 2734 3117 Οὐ
2769 3064 3086 3134 γενήσεται,
3141 3062 3326 3130 φησὶν,
3382 3062 3416 3129 ἡ
3461 3058 3733 3130 παρουσία

477 3139 713 3198 christus
751 3161 764 3199 :
803 3144 1160 3205 defectionem
1214 3155 1356 3209 enim
1407 3157 1582 3227 ipsum
1640 3164 1873 3233 vocavit,
1925 3182 2047 3222 cum

2164 3157 2245 3214 τοῦ
2275 3157 2502 3228 Κυρίου,
2528 3156 2623 3210 ἐὰν
2656 3156 2732 3229 μὴ
2768 3155 2898 3227 ἔλθῃ
2938 3156 2970 3226 ὴ
3000 3154 3326 3218 ἀποστασία,
3365 3154 3651 3205 τουτέστιν
3705 3152 3733 3204 δ

481 3244 663 3287 revera
691 3233 792 3288 ista
834 3235 924 3301 sit,
959 3239 1159 3310 quippe
1204 3244 1293 3315 qui
1332 3247 1526 3304 multos
1584 3250 1745 3308 faciet
1790 3255 2046 3327 deiicere,

472 3320 635 3375 etiam
657 3323 876 3387 electos.
905 3329 949 3383 si
976 3329 1092 3385 ﬁeri
1113 3334 1303 3402 possit.
1330 3334 1614 3395 Hominem
1637 3352 1816 3398 autem
1840 3320 2047 3415 peccati

479 3410 627 3466 i'inm
657 3414 828 3482 ipsum
858 3430 1034 3487 vocat,
1083 3433 1141 3477 ut
1182 3427 1272 3493 qui
1303 3441 1463 3482 omne
1500 3410 1853 3499 peccatorum:
1877 3452 2052 3507 genus

474 3515 796 3568 peracturus
813 3507 904 3572 sit,
934 3519 988 3562 et
1014 3513 1150 3567 alios
1178 3516 1244 3568 ad
1271 3529 1552 3585 peccatum
1578 3523 2047 3592 supplantaturus.

472 3590 669 3647 Filium
694 3596 855 3651 etiam
892 3599 1229 3671 perditionis,
1276 3590 1711 3681 quandoquidem
1743 3626 1797 3673 et
1830 3617 1945 3686 ipse
1977 3623 2051 3677 sit

475 3685 736 3750 perditus.
794 3689 924 3755 Quis
981 3704 1162 3749 autem
1239 3697 1328 3753 ille
1384 3702 1510 3757 est?
1563 3703 1718 3762 Anne
1781 3685 2050 3767 Satanas?

477 3773 919 3851 Haudquaquam,
965 3786 1058 3839 sed
1114 3789 1274 3845 homo
1303 3791 1525 3863 quidam
1576 3811 1791 3855 omnem
1834 3801 2049 3859 Satanae

475 3870 841 3935 operationem
875 3873 1112 3933 indutus.

547 4040 711 4141 Vtilis.
744 4048 799 4102 4.
823 4052 1253 4117 Quiadversatur
1281 4074 1331 4119 et
1376 4070 1646 4126 extollitur
1683 4093 1846 4141 supra
1898 4095 2049 4137 omne

477 4137 616 4204 quod
633 4137 831 4195 dicitur
861 4145 1019 4212 Deus,
1039 4159 1088 4204 et
1116 4155 1258 4221 quod
1284 4158 1496 4214 colitur.
1528 4161 1644 4218 Non
1677 4137 1818 4221 enim
1850 4170 1935 4226 itte
1954 4171 2051 4227 ho-

2164 3251 2550 3320 ’Δντίχριστος.
2591 3247 2954 3302 ’ἀποστασίαν
2986 3248 3094 3317 γάρ
3129 3246 3289 3301 αὑτὸν
3321 3245 3607 3309 ἐκάλεσεν,
3635 3244 3732 3297 αὐ⁹

2148 3343 2402 3415 τόχρημα
2428 3342 2586 3395 τοῦτο
2609 3341 2759 3403 ὄντα,
2802 3341 2878 3403 ὡς
2914 3340 3144 3401 πολλοὺς
3174 3338 3439 3408 μέλλοντα
3470 3336 3732 3406 ἀφιστᾷν,

2152 3434 2247 3488 καὶ
2291 3433 2418 3496 τοὺς
2452 3432 2760 3496 ἐκλεκτοὺς,
2812 3432 2860 3484 εἰ
2899 3429 3147 3485 δυνατόν.
3191 3430 3301 3482 Καὶ
3348 3426 3645 3497 ἄνθρωπον
3675 3426 3732 3478 δὲ

2152 3526 2425 3597 ἁμαρτίας
2460 3525 2551 3578 τδν
2601 3525 2762 3578 αὑτὸν
2807 3523 3016 3588 τοῦτον,
3070 3522 3145 3586 ὼς
3199 3522 3294 3577 καὶ
3338 3521 3503 3574 αὐτὸν
3554 3521 3733 3574 πᾶσαν

2153 3618 2429 3691 ἁμαρτίαν
2448 3618 2754 3680 τελέσοντα,
2787 3617 2882 3670 καὶ
2910 3615 3103 3678 ἄλλους
3131 3614 3267 3685 πρὸς
3296 3630 3357 3667 το
3389 3613 3733 3683 ἁμαρτάνειν

2152 3709 2600 3765 ύποσκελίσοντα.
2633 3707 2744 3761 Καὶ
2782 3708 2898 3760 υίδν
2927 3707 2983 3760 δὲ
3006 3705 3307 3768 ἀπωλείας,
3338 3704 3414 3768 ὡς
3448 3705 3545 3759 καὶ
3570 3704 3731 3759 αὑτὸν

2151 3801 2544 3870 ἀπολούμενον.
2585 3798 2682 3863 Τίς
2718 3800 2773 3853 δὲ
2810 3793 2966 3861 οὗτος
3006 3798 3187 3860 tortu;
3235 3794 3348 3867 ἆρα
3395 3799 3422 3849 ὁ
3449 3798 3728 3864 Σατανᾶςς

2150 3892 2435 3964 Οὐδαμῶς,
2469 3892 2584 3945 ἀλλ’
2614 3891 2900 3964 ἄνθρωπός
2925 3908 3033 3957 τις,
3071 3895 3250 3945 πᾶσαν
3281 3890 3447 3944 αὐτού
3482 3890 3729 3961 ἀμπεχό-

2154 4001 2313 4055 μενος
2330 3985 2374 4017 ⁸⁹
2400 3986 2498 4053 τὴν
2528 3984 2833 4053 ἐνέργειαν.

2233 4077 2295 4130 ’0
2323 4077 2731 4144 ἀντικείμενος
2769 4075 2866 4128 καὶ
2908 4073 3377 4143 ὑπεραιρόμενος
3405 4073 3503 4139 ἐπὶ
3537 4071 3729 4125 πάντα

2149 4167 2479 4236 λεγόμενον
2505 4165 2653 4219 Θεὸν
2686 4164 2724 4231 ἢ
2754 4165 3052 4233 σέϐασμα.
3089 4166 3165 4218 Οὐ
3196 4167 3304 4234 γὰρ
3332 4165 3410 4227 είς
3447 4163 3728 4222 εἰδωλολα-

480 4234 651 4289 mines
679 4236 743 4290 ad
779 4237 1137 4298 idololatriam
1181 4248 1455 4318 perducet,
1487 4268 1672 4310 verum
1701 4272 1891 4315 omnes
1920 4263 2049 4319 deos

476 4324 812 4388 demolietur.
838 4341 893 4386 et
913 4333 1089 4390 cultus
1107 4352 1316 4406 eorum,
1350 4343 1461 4399 sive
1486 4344 1652 4414 idola,
1683 4362 1846 4420 seque
1873 4351 2045 4423 ipsqu

477 4416 650 4471 solum
680 4421 988 4488 praedicabit
1023 4427 1209 4484 Deum.
1662 4501 1668 4507 .
1759 4416 1774 4420 -
1892 4416 1907 4423 I
2150 4438 2218 4492 τὰ
2247 4436 2461 4500 εἴδωλα,
2492 4438 2587 4489 καὶ
2619 4436 2812 4490 ἑαυτὸν
2861 4436 3017 4507 μόνον
3040 4435 3373 4507 ἀνακηρύξει
3401 4436 3561 4488 Θεὸν.

549 4503 635 4557 Ita
667 4515 722 4560 ut
755 4511 807 4562 in
859 4513 1047 4576 templo
1094 4516 1191 4571 Dei
1234 4520 1413 4575 sedeat
1459 4503 1710 4596 tanquam
1746 4528 1902 4585 Deus.
1930 4531 2044 4588 Non

2224 4529 2406 4582 Ὥστε
2428 4529 2614 4582 αὑτὸν
2632 4530 2719 4594 εις
2742 4528 2848 4581 τὸν
2862 4503 3023 4582 γναόν
3042 4527 3148 4582 τοῦ
3163 4503 3311 4582 Θεοῦ
3336 4526 3575 4599 [μόνον]
3596 4533 3728 4584 καθα

478 4598 781 4664 specialiter
816 4602 866 4655 in
902 4606 1099 4675 templo
1130 4612 1272 4678 quod
1297 4622 1379 4667 est
1413 4612 1823 4690 Hierosolymis,
1868 4624 1960 4677 sed
1991 4624 2044 4679 in

2164 4621 2277 4675 ἴσαι
2328 4622 2409 4687 ὡς
2445 4622 2611 4677 Geor.
2663 4621 2798 4691 Οὐχὶ
2840 4623 2919 4683 είς
2953 4621 3045 4674 τὸν
3081 4622 3140 4675 ὲν
3180 4598 3578 4691 Ἱεροσολύμοις
3607 4622 3729 4674 ναὸν

478 4687 735 4746 Ecclesiis
764 4694 1103 4765 simpliciter,
1139 4712 1187 4756 et
1225 4705 1368 4759 omni
1397 4705 1583 4765 divino
1618 4687 1832 4781 templo.

2164 4713 2319 4777 ἰδίως,
2359 4712 2495 4765 ἀλλὰ
2538 4714 2617 4775 είς
2656 4687 2774 4776 τάξ
2805 4712 3134 4784 Ἐκκλησίας
3173 4687 3384 4777 ἁπλῶς,
3423 4687 3522 4767 καὶ
3555 4712 3729 4767 πάντα

2142 4805 2270 4860 ναὸν
2299 4806 2459 4860 θεῖον.
3164 4817 3171 4826 ’

551 4871 839 4931 Ostendens
862 4880 1088 4949 seipsum
1113 4885 1252 4952 quod
1272 4886 1340 4941 sit
1364 4886 1521 4944 Deus.
1548 4890 1662 4946 Non
1697 4893 1797 4960 ait,
1831 4894 2046 4964 Dicens,

2217 4894 2683 4950 Ἀποδεικνύντα
2704 4892 2943 4958 ἑαυτὸν,
2972 4893 3060 4947 ὅτι
3091 4893 3224 4948 ἔστι
3247 4895 3414 4960 Θεός.
3445 4894 3563 4948 Οὐκ
3585 4888 3725 4951 εἶτε.

477 4965 829 5031 sed,Conans
858 4974 1248 5031 demonstrare.
1298 4977 1433 5033 Nam
1476 4997 1641 5053 opera
1690 4986 1947 5056 praeclara
1990 4997 2046 5045 et

2164 4988 2406 5056 λέγοντα,
2440 4988 2596 5052 ἀλλὰ,
2634 4984 2985 5058 Πειρώμενον
3015 4987 3429 5042 ἀποδεικνύναι.
3478 4988 3593 5040 Καὶ
3624 4988 3728 5055 γὰρ

476 5057 629 5128 signa
665 5062 809 5131 edet,
837 5079 943 5135 quo
970 5068 1222 5124 omnibus
1258 5071 1519 5142 imponat.
1999 5122 2002 5125 η

2164 5078 2283 5150 ἔργα
2324 5079 2535 5150 μεγάλα
2579 5078 2675 5132 καὶ
2716 5057 2917 5150 σημεῖα
2955 5078 3288 5144 ἐπιδείξεται
3322 5078 3460 5150 πρὸς
3505 5079 3726 5147 πλάνην

2144 5172 2384 5225 πάντων.

548 5240 673 5298 Non
704 5248 1012 5304 meministis
1039 5253 1181 5323 quod
1228 5271 1345 5309 cum
1373 5255 1546 5310 adhuc
1577 5274 1742 5315 essem
1778 5264 1920 5331 apud
1958 5282 2046 5322 vos

2217 5264 2299 5316 Οὺ
2322 5262 2729 5332 μνημονεύετε
2769 5262 2858 5315 ὅτι
2889 5261 2975 5316 ἔτι
3012 5262 3100 5315 ὢν
3138 5260 3290 5330 πρὸς
3325 5259 3506 5332 ὑμᾶς,
3541 5262 3725 5316 ταῦτα

476 5335 586 5389 hac
635 5336 871 5393 dicebam
918 5342 1097 5397 vobis?
1148 5343 1308 5417 537
1355 5347 1448 5403 Vel
1499 5349 1625 5407 hinc
1682 5353 1870 5423 liquet,
1900 5359 2044 5427 quod

2164 5355 2359 5425 ἔλεγον
2379 5354 2553 5424 ὐμῖν;
2585 5354 2896 5408 Κάιθτεῦθεν
2936 5353 3120 5423 δῆλον,
3154 5356 3234 5408 ὅτι
3265 5356 3478 5425 μεγάλα
3513 5355 3724 5425 μυστή-

478 5438 669 5494 magna
701 5429 956 5497 mysteria
1004 5432 1310 5500 tradiderit,
1343 5454 1465 5508 quae
1495 5438 1690 5497 litteris
1737 5457 1842 5497 non
1892 5454 2049 5500 erant

2164 5464 2238 5503 na
2269 5448 2364 5501 καὶ
2395 5448 2655 5519 ἀγράφως
2692 5446 3002 5519 παρεδίδου.
3039 5449 3184 5517 Ὅρα
3215 5448 3275 5501 δὲ
3315 5449 3398 5501 ὅτι
3422 5449 3720 5516 ἀναγκαῖον

480 5518 748 5574 mandata.
772 5518 1072 5578 Considera
1094 5534 1298 5593 autem,
1326 5543 1549 5587 necesse
1578 5547 1698 5589 esse
1724 5534 1912 5590 eadem
1944 5549 2046 5591 sa:-

2164 5541 2387 5611 ιυνεχῶς
2431 5539 2608 5595 ταυτά
2649 5540 2850 5611 λέγειν,
2901 5542 2997 5595 καὶ
3044 5542 3330 5597 ὲπαντλεῖν
3378 5546 3492 5604 τοῖς
3536 5542 3722 5602 αὐτοῖς

2149 4257 2338 4326 τρείαν
2369 4255 2485 4320 ἄξει
2518 4257 2643 4317 τοὺς
2688 4254 3008 4324 ἀνθρώπους
3059 4255 3289 4318 ἐκεῖνος,
3339 4253 3481 4306 ἀλλά
3521 4254 3727 4316 πάντας

2151 4345 2443 4399 καταλύσει
2463 4346 2586 4409 τοὺς
2611 4344 2789 4408 θεοὺς,
2818 4347 2912 4397 καὶ⁹
2940 4348 3008 4396 τά
3035 4344 3356 4411 σεὸἀσματα
3379 4344 3586 4410 αὐτῶν,
3612 4346 3727 4415 ῆτοι

1820 5669 2016 5733 Variae
2062 5669 2390 5739 iectiones.

556 5776 602 5809 ⁸³
637 5778 801 5831 αὐτοῦ
837 5800 888 5834 υ.
964 5783 1009 5814 ⁸⁵
1038 5782 1325 5853 δεχόμενος
1351 5803 1424 5842 m.
