3994 6564
330 400 472 489 tali

1046 417 1448 482 EXPOSITIO
1481 417 1561 479 ΙΝ
1602 417 1845 479 EPIST.
1882 416 1943 475 ΙΙ
1979 416 2078 476 ΑΙ)
2115 418 2377 480 THESS.
2413 445 2481 458 ·-
2515 421 2674 486 CAP.
2718 424 2801 485 ΙΙ.

3438 425 3576 493 1342

328 532 569 605 ῥήμασι.
619 526 752 586 Ἰδοὺ
777 528 887 602 γὰρ
908 531 1005 584 καὶ
1033 531 1298 600 παρόντος
1328 531 1567 601 ἥκουσαν
1595 526 1692 582 τοῦ
1735 528 1884 582 Ἀπο·

2004 527 2124 597 pius
2148 529 2346 594 dicere,
2382 538 2434 585 et
2477 532 2690 588 abunde
2728 548 2891 588 verba
2937 534 3186 597 fundere.
3235 537 3376 596 Ecce
3426 541 3571 596 enim

323 622 518 678 στόλου
543 622 722 678 ταῦτα
761 622 1024 691 εἰπόντος,
1075 623 1170 677 καὶ
1209 623 1356 694 ὅμως
1589 621 1884 715 Δἐδείχθησαῖ

2002 619 2338 690 Apostolum,
2368 625 2490 676 dum
2525 639 2761 691 prasens
2791 638 2929 691 erat,
2959 629 3057 688 ista
3088 628 3358 685 dicentem
3387 633 3577 687 audie-

321 711 659 784 στηριγμοῦ.
698 712 889 776 Ούδέν,
921 713 1075 782 φησὶ,
1109 711 1260 776 ξένον
1291 711 1455 780 λέγω,
1491 709 1604 764 ἀλλ’
1632 709 1774 780 ειπερ
1803 708 1884 762 uel

2004 718 2149 776 runt,
2179 725 2241 765 ac
2278 712 2625 770 nihilominus
2673 730 2886 771 rursum
2936 733 3071 786 opus
3108 719 3410 777 habuerunt
3437 712 3572 777 c0u4

318 804 412 860 ἀεὶ
443 804 653 875 ἔλεγον.
695 803 1227 878 Ἐντρεπτικώτερον
1259 803 1317 857 δέ
1344 805 1580 857 ποιεῖται
1614 803 1704 857 τδν
1742 803 1898 872 λόγον

313 894 495 964 λέγων
513 911 529 926 ·
562 897 647 950 Οὐ
661 895 1094 966 μνημονεύετε;
1116 892 1274 948 Οὕτω
1298 894 1505 965 ταχέως
1534 892 1895 961 ἐπελάθεσθες

388 1093 505 1147 Καὶ
563 1091 683 1147 νῦν
717 1090 784 1146 τὸ
830 1089 1087 1160 κατέχον
1132 1089 1362 1155 οῐδατε,
1417 1092 1505 1155 εἷς
1550 1089 1615 1143 τὸ
1667 1087 1891 1142 ἀποκα-

313 1183 628 1256 λυφθῆναι
674 1185 863 1240 αὐτὸν
896 1184 967 1239 ἐν
997 1182 1078 1250 τῷ
1120 1182 1338 1239 ἑαυτοῦ
1401 1180 1603 1252 καιρῷ.
1640 1183 1887 1253 Κατέχον

314 1278 441 1331 ἐστὶ
469 1277 532 1331 τὸ
566 1275 796 1343 κωλύον,
835 1274 897 1329 τὸ
930 1274 1240 1345 ἐμποδίζον.
1273 1275 1341 1328 Τί
1372 1273 1430 1327 δέ
1459 1274 1575 1326 ἐστι
1606 1272 1797 1339 caiisa;
1830 1272 1896 1326 υί

316 1369 421 1439 μὲν
446 1369 547 1441 τὴν
586 1368 745 1439 χάριν
784 1365 879 1420 τοῦ
913 1363 1230 1435 Πνεύματός
1253 1380 1413 1432 φασιν
1434 1379 1449 1407 ε
1478 1361 1529 1416 oi
1555 1361 1610 1415 δὲ
1632 1362 1731 1432 τὴν
1762 1361 1896 1416 Ῥω-

314 1460 526 1532 μαϊκὴν
548 1460 758 1530 ἀρχήνο
782 1454 864 1521 οἷς
889 1458 984 1511 καὶ
1006 1459 1033 1508 ὁ
1065 1458 1331 1528 μακάριος
1370 1454 1624 1524 Ἰωάννης
1654 1453 1897 1507 συντίθε-

306 1569 426 1607 ται.
450 1553 515 1605 Ei
547 1551 624 1623 μὴ
652 1552 760 1620 γὰρ
782 1549 923 1619 αὕτη
944 1549 1242 1618 καταλυθῇ,
1267 1547 1367 1600 οὒκ
1391 1545 1458 1600 ἂν
1481 1545 1634 1617 σχοίη
1662 1545 1893 1617 πάροδον

302 1648 338 1700 ὁ
382 1644 755 1715 Ἀντεχριστος
798 1645 1022 1714 ποιῆσαι
1066 1642 1102 1698 ἀ
1143 1641 1410 1712 βούλεται.
1453 1640 1553 1693 Διά
1598 1640 1756 1694 τοῦτο
1800 1638 1893 1693 καὶ

306 1736 795 1807 συνεσκιασμένως
822 1731 974 1789 εἶπεν
1000 1737 1028 1789 ὁ
1054 1734 1263 1796 Παῦλος
1283 1749 1297 1763 ο
1329 1732 1449 1786 οὐδὲ
1484 1731 1595 1813 γὰρ
1629 1730 1892 1801 ἠϐούλετο

307 1826 555 1900 ματαίας
579 1828 626 1861 ⁸ο
656 1827 858 1898 ἔχθρας
879 1823 1258 1896 ἀναδέχεσθαι,
1294 1823 1388 1877 καὶ
1420 1823 1681 1893 ἀνοήτους
1707 1820 1892 1874 κινδύ-

1968 778 1977 794 ’
2003 803 2326 860 iirmatione.
2355 804 2521 874 Nihil,
2555 808 2748 879 inquit,
2786 812 2906 866 novi
2938 810 3131 877 affero,
3159 813 3251 868 sed
3282 829 3402 885 qua:
3430 829 3577 869 sem-

1999 909 2095 965 per
2118 895 2249 950 dixi.
2277 894 2530 951 Nonuihil
2560 909 2734 954 autem
2767 901 2989 970 pudoris
3015 903 3282 958 suffundit
3308 904 3410 973 eis,
3441 920 3566 960 cum

1998 985 2095 1044 ait.
2134 985 2255 1040 Non
2278 988 2627 1043 meministis?
2661 998 2767 1044 tam
2793 994 2898 1047 cito
2919 994 3069 1048 obliti
3101 995 3270 1050 estis?

2072 1075 2230 1132 Vens.
2272 1075 2326 1131 6.
2361 1077 2427 1131 Et
2457 1095 2593 1133 nunc
2622 1082 2747 1150 quid
2777 1083 3007 1137 detineat
3036 1085 3198 1153 scitis,
3233 1097 3286 1139 ut
3316 1087 3571 1141 reveletur

1995 1170 2103 1238 ipse
2132 1184 2227 1223 suo
2260 1181 2507 1239 tempore.
2540 1154 2692 1237 Quod
2742 1173 2968 1238 detinet,
3000 1184 3085 1231 est
3117 1178 3259 1247 quod
3295 1180 3567 1249 prohibet,

1995 1260 2137 1325 quod
2165 1260 2410 1330 impedit.
2439 1261 2579 1330 Quid
2611 1278 2740 1319 vero
2776 1265 2877 1320 hoc
2909 1267 3025 1321 est?
3052 1266 3304 1323 Nonnulli
3336 1268 3570 1338 Spiritus

1993 1352 2222 1422 gratiam
2279 1353 2500 1421 dicunt;
2555 1355 2642 1409 alii
2686 1355 2986 1413 Romanqu
3041 1359 3323 1430 imperium
3376 1362 3573 1418 intelli-

1994 1453 2160 1513 gunt,
2192 1444 2388 1513 quibus
2427 1458 2483 1501 et
2517 1447 2672 1505 divus
2721 1447 2962 1505 Joannes
2997 1451 3412 1523 Chrysostomus
3442 1470 3573 1512 con-

1993 1534 2175 1589 sentit.
2204 1535 2315 1591 Nisi
2345 1537 2488 1592 enim
2534 1537 2669 1593 istuc
2705 1539 3022 1595 dissolutum
3061 1540 3243 1608 luerit,
3290 1546 3571 1603 Antichrie

1993 1633 2108 1681 stus
2149 1625 2322 1681 locum
2361 1628 2620 1698 quidquid
2658 1630 2791 1686 libet
2844 1631 3076 1688 faciendi
3128 1636 3332 1691 habere
3364 1639 3569 1707 nequit.

1993 1713 2283 1784 Propterea
2322 1727 2474 1774 recte
2510 1720 2645 1774 dixit
2698 1720 2897 1778 Paulus
2944 1741 2957 1778 :
2998 1741 3171 1794 neque
3209 1727 3355 1782 enim
3405 1743 3574 1784 vanas

1993 1803 2305 1861 inimicitias
2332 1808 2603 1879 stultaque
2653 1811 2890 1878 pericula
2913 1815 3097 1868 subire
3124 1815 3309 1870 voluit.
3339 1817 3394 1871 Si
3421 1820 3570 1874 enim

595 1877 718 1988 γὰρ
1089 1877 1282 1986 μικρδν
1315 1877 1553 1984 ὕστερον.
1585 1912 1884 1983 καταλυθή-

1996 1898 2240 1966 dixisset,
2268 1901 2429 1969 paulo
2455 1910 2571 1970 post
2604 1901 2905 1957 Romanum
2952 1904 3235 1974 imperium
3267 1908 3571 1964 dissolven-

301 2026 466 2063 σεται
485 2010 521 2079 ἡ
565 2008 856 2079 Ῥωμαίων
879 2007 1044 2079 ἀρχὴ,
1068 2006 1271 2069 εὐθέως
1295 2003 1361 2058 ἂν
1381 2004 1542 2058 αὐτὸν
1566 2002 1889 2076 κατώρυξαν

296 2097 382 2161 ὡς
414 2097 696 2168 λυμεῶνα,
728 2098 821 2151 καὶ
849 2097 974 2160 τοὺς
1008 2096 1201 2159 ἄλλους
1226 2094 1454 2159 πιστοὺς
1486 2094 1583 2149 σὺν
1611 2094 1780 2165 αὐτῷ,
1812 2093 1888 2157 ὡς

300 2191 373 2260 τῇ
413 2188 719 2242 καταλύσει
758 2190 861 2259 τῆς
904 2187 1239 2258 τηλικαύτης
1273 2187 1445 2258 ἀρχῆς
1479 2184 1883 2256 ἐπιχαίροντας.

302 2280 436 2333 Ὅτι
468 2278 527 2333 δέ
571 2279 632 2333 ού
673 2280 803 2351 περὶ⁵
830 2279 926 2349 τῆς
963 2278 1058 2332 τοῦ
1107 2278 1262 2347 ἁγίου
1302 2277 1621 2348 Πνεύματος
1667 2277 1887 2348 χάριτος

298 2368 480 2437 λέγει,
504 2368 683 2439 δῆλον.
718 2367 938 2436 Πρῶτον
974 2367 1073 2438 μὲν
1101 2367 1211 2437 γὰρ
1242 2366 1344 2419 οὐκ
1368 2364 1433 2419 ἂν
1458 2360 1609 2417 εἶπεν
1640 2362 1884 2432 ἀσαφῶς,

299 2457 449 2513 ἀλλά
470 2459 746 2529 φανερῶς,
769 2459 852 2513 ὃτι
883 2458 978 2511 καλ⁵
999 2458 1094 2511 νῦν
1115 2457 1278 2511 αὐτὸν
1302 2456 1520 2527 κατέχει
1545 2458 1578 2526 ἡ
1598 2454 1692 2508 τοῦ
1716 2452 1886 2509 Πνεύ-

304 2567 484 2621 ματος
515 2550 710 2623 χάρις,
743 2550 989 2604 τουτέστι
1045 2549 1115 2603 τὰ
1168 2547 1505 2619 χαρίσματα.
1541 2546 1803 2608 Ἔπειτα,
1834 2542 1889 2596 εί

298 2659 368 2711 γε
417 2641 531 2694 τῶν
578 2639 939 2711 χαρισμάτων
995 2638 1323 2694 ἐκλιπόντων
1380 2637 1572 2708 ἔμελλε
1632 2654 1882 2709 παραγε-

301 2733 521 2799 νέσθαι,
568 2730 678 2785 ἔδει
714 2730 876 2784 αὐτὸν
916 2731 1016 2801 ήδη
1050 2730 1317 2801 φανῆναι·
1365 2729 1532 2783 παλαι
1561 2730 1668 2801 γάρ
1707 2727 1884 2783 ταῦτα

298 2825 611 2880 ἐκλέλοιπε.
645 2825 786 2892 Ὅρα
811 2822 891 2890 δέ,
927 2824 1008 2877 ὅτι
1041 2823 1140 2876 οὐκ
1170 2818 1322 2876 εἶπεν
1343 2823 1424 2876 ὅτι
1452 2822 1659 2892 ταχέως
1693 2820 1881 2890 ἔσται,

299 2917 448 2979 ἀλλ’,
484 2916 588 2981 Εἰς
608 2912 676 2968 τὸ
705 2912 1209 2983 ἀποκαλυφθῆναι
1227 2952 1242 2976 ,
1272 2914 1457 2982 φησὶν,
1495 2912 1680 2964 αὑτὸν
1708 2910 1779 2963 ἐν
1805 2909 1884 2977 τῷ

299 3004 498 3062 αὐτοῦ
543 3003 750 3074 καιρῷ.
786 3005 895 3058 Καὶ
944 3003 1109 3058 πάλιν
1161 3002 1272 3074 γὰρ
1313 3001 1406 3056 τὸν
1452 3000 1644 3073 καιρὸν
1686 2999 1884 3072 ἄδηλον

298 3099 487 3153 εἴασε.

380 3189 454 3246 Τὸ
485 3189 599 3258 γὰρ
621 3189 954 3259 μυστήριον
969 3186 1095 3290 ,ᾔδη
1117 3184 1438 3290 ἐνεργεῖται
1459 3183 1570 3252 τῆς
1605 3181 1878 3290 ἀνομίας.
1911 3231 1954 3290 c

297 3279 409 3334 Τὸν
460 3280 696 3351 Νέρωνα
740 3278 889 3347 λέγει
938 3276 1114 3340 οὕτω,
1163 3274 1332 3330 τύπον
1383 3275 1517 3331 ὅντα
1563 3275 1657 3329 τοῦ
1708 3277 1882 3330 Ἀντι-

297 3373 552 3446 χρίστου.
585 3372 697 3424 Καὶ
723 3371 830 3442 γὰρ
867 3368 1174 3441 ἀκάθαρτός
1200 3385 1260 3421 τε
1289 3361 1381 3438 ἧν,
1411 3368 1506 3420 καὶ
1533 3365 1667 3431 Θεὸς
1700 3365 1884 3437 ἐζήτει

295 3464 585 3531 λέγεσθαι.
619 3461 816 3525 Καλῶς
853 3461 911 3515 δέ
951 3476 1118 3530 φησι⁶
1151 3459 1221 3514 Τὸ
1267 3458 1620 3528 μυστήριον.
1654 3459 1727 3511 Ού
1774 3459 1885 3527 γὰρ

294 3556 558 3627 φανερῶς
590 3556 619 3608 ὁ
650 3555 841 3625 Νέρων
886 3554 1028 3608 κατὰ
1060 3552 1258 3616 παντὸς
1290 3553 1450 3617 Θεοῦ,
1484 3552 1616 3623 φησὶ
1636 3591 1652 3616 ,
1684 3554 1882 3624 χωρεῖ),

294 3650 376 3711 ὡς
422 3650 674 3711 ἐκεῖνος,
724 3645 844 3699 οὐδὲ
897 3645 1451 3717 ἁπηρυθριασμένως.
1492 3644 1557 3697 Ὅ
1600 3643 1657 3696 δὲ
1700 3644 1882 3713 λέγει,

292 3738 545 3793 τοιοῦτόν
574 3738 621 3770 ⁹¹
662 3740 815 3791 ἐστι’
856 3736 967 3806 Πρὸ
994 3734 1088 3789 τοῦ
1137 3736 1390 3805 ἐνστῆναι
1428 3733 1519 3788 τὸν
1556 3735 1749 3804 καιρὸν
1788 3733 1882 3788 τοῦ

308 3831 690 3901 Ἀντιχρίστου
711 3868 727 3892 ,
763 3828 959 3899 εὑρέθη
1006 3827 1165 3891 ἄλλος
1195 3827 1254 3882 ού
1293 3826 1427 3880 πολῦ
1458 3826 1667 3880 ἐκείνου
1699 3826 1884 3880 λειπό-

297 3938 488 3991 μενος.
546 3920 612 3973 Τί
665 3915 759 3973 οὖν
803 3917 1146 3988 θαυμαστὸν,
1194 3917 1242 3970 εί
1280 3916 1384 3988 ἤδη
1431 3916 1459 3968 ὁ
1515 3915 1885 3987 Ἀντίχριστός

293 4017 483 4074 ἐστινς
523 4012 1006 4081 Συνεσκιασμένως
1043 4009 1099 4063 δὲ
1135 4006 1256 4063 εἷπε
1293 4009 1420 4080 περὶ
1457 4008 1551 4062 τοῦ
1586 4009 1838 4081 Νέρωνος
1863 4047 1880 4073 ,

292 4105 359 4158 οὺ
392 4104 483 4157 διά
508 4102 778 4164 δουλείαν,
811 4102 945 4154 ἀλλὰ
971 4102 1240 4155 παιδεύων
1267 4101 1363 4154 καὶ
1392 4101 1560 4170 ἡμᾶς,
1587 4101 1661 4171 μὴ
1697 4117 1884 4171 περιτ-

288 4198 394 4259 τὰς
423 4195 627 4265 ἔχθρας
650 4191 1030 4264 ἀναδέχεσθαι,
1059 4194 1186 4246 ὅταν
1210 4192 1374 4263 μηδὲν
1451 4191 1512 4245 τὸ
1534 4194 1876 4260 κατεπεῖγον.

368 4287 577 4340 Μόνον
612 4287 645 4338 d
679 4284 946 4351 κατέχων
973 4283 1123 4352 ἄρτι,
1152 4281 1262 4349 ἕως
1292 4283 1358 4335 ἐκ
1389 4281 1585 4350 μέσου
1615 4279 1878 4351 γένηται,

290 4380 396 4433 καὶ
430 4380 567 4431 τότε
602 4377 1177 4445 ἀποκαλυφθήσεται
1220 4377 1252 4429 ό
1290 4374 1534 4443 ἄνομος.
1564 4374 1877 4438 Τουτέστιν,

291 4472 329 4541 ἡ
359 4467 510 4538 ἀρχὴ
533 4469 567 4536 ἡ
603 4466 884 4536 Ῥωμαϊκὴ
908 4467 1035 4519 ὅταν
1058 4465 1196 4535 ἀρθῇ
1229 4466 1292 4517 ἐκ
1315 4465 1505 4534 μέσου,
1528 4465 1651 4517 τότε
1672 4463 1879 4529 ἐκεῖνος

1996 1987 2144 2054 dum,
2170 1991 2352 2044 statim
2380 2005 2503 2046 eum
2523 1990 2856 2049 defodissent
2897 2004 3151 2065 tanquam
3191 1997 3566 2068 impostorem,

1998 2080 2244 2151 aliosque
2270 2081 2455 2139 ﬁdeles
2482 2098 2604 2138 cum
2639 2084 2779 2155 ipso,
2815 2086 3071 2159 tanquam
3115 2091 3203 2159 qui
3236 2108 3398 2161 super
3429 2095 3568 2148 tanti

1994 2171 2205 2240 imperii
2246 2173 2589 2231 demolitione
2646 2177 2980 2234 ltetat'enlur.
3041 2181 3249 2249 Porro,
3301 2184 3441 2252 quod
3501 2184 3568 2240 de

1993 2264 2165 2319 sancti
2195 2262 2432 2331 Spiritus
2461 2268 2634 2338 gratia
2668 2270 2756 2325 hic
2778 2286 2881 2325 non
2905 2271 3180 2344 loquatur,
3214 2273 3429 2345 planum
3462 2282 3566 2333 est.

1992 2352 2175 2412 Primo
2204 2358 2345 2414 enim
2382 2376 2489 2416 non
2538 2362 2762 2418 dixisset
2807 2365 3037 2423 obscure
3063 2406 3078 2434 ,
3110 2368 3204 2423 sed
3242 2369 3528 2427 manifeste
3550 2411 3569 2439 ,

1994 2451 2250 2505 nimirum
2286 2452 2432 2523 quod
2466 2471 2607 2511 nunc
2636 2457 2811 2527 ipsum
2844 2461 3045 2515 detinet
3092 2461 3327 2530 Spiritus
3359 2442 3529 2533 gratia
3551 2501 3568 2528 ,

1992 2541 2094 2597 hoc
2123 2552 2206 2598 est
2256 2545 2446 2614 gratiae
2474 2548 2636 2602 dona.
2668 2549 2894 2615 Deinde,
2927 2552 2971 2606 si
3001 2553 3158 2608 donis
3193 2554 3570 2611 deficientibus

1990 2635 2226 2704 Oportuit
2254 2636 2429 2705 ipsum
2480 2640 2699 2706 venire,
2747 2643 2930 2698 debuit
2965 2644 3080 2713 ipse
3120 2644 3232 2715 jam
3282 2660 3566 2718 apparere.

1991 2726 2125 2782 Nam
2155 2728 2257 2782 ista
2286 2728 2605 2800 jamdudum
2635 2733 2931 2790 desierunt.
2965 2734 3351 2792 Animadverte
3385 2751 3566 2795 autem

1990 2817 2134 2888 quod
2166 2833 2273 2874 non
2307 2820 2506 2877 dixerit
2532 2821 2785 2879 celeriter
2813 2838 2936 2879 cum
2966 2824 3173 2893 adfore,
3199 2828 3313 2896 sed,
3340 2826 3406 2883 Ut
3429 2845 3569 2884 reve-

1990 2909 2149 2979 letur,
2177 2912 2393 2982 inquit,
2431 2915 2540 2984 ipse
2580 2933 2675 2972 suo
2703 2926 2949 2986 tempore.
2978 2916 3189 2974 Rursus
3219 2931 3399 2975 autem
3434 2929 3570 2975 teut-

1989 3017 2090 3073 pus
2124 3004 2391 3061 incertum
2415 3008 2659 3077 reliquit.

2058 3183 2225 3240 Vsus.
2257 3188 2308 3241 7.
2337 3185 2482 3241 Nam
2509 3190 2815 3259 mysterium
2836 3190 2951 3262 jam
2973 3203 3224 3263 operatur
3248 3196 3560 3266 iniquitatis.

1985 3273 2254 3332 Neronem
2302 3278 2373 3333 ita
2416 3279 2685 3349 appellat,
2714 3283 2804 3352 qui
2839 3293 2955 3338 erat
3002 3284 3170 3354 ligura
3218 3286 3563 3343 Antichristi.

1986 3367 2196 3423 Etenim
2226 3370 2535 3425 immundus
2558 3382 2699 3438 erat,
2728 3389 2790 3429 ac
2816 3375 2957 3430 Deus
2974 3375 3252 3444 quaerebat
3269 3377 3562 3436 nominari.

1988 3459 2217 3515 Pulchre
2247 3470 2452 3524 autem,
2494 3462 2827 3534 Mysterium,
2854 3466 2984 3520 dicit
3019 3485 3033 3519 :
3070 3482 3173 3521 uou
3205 3470 3349 3523 enim
3386 3469 3562 3539 palam

1984 3552 2125 3607 Nero
2158 3554 2416 3610 adversus
2445 3569 2657 3610 omnem
2692 3556 2857 3613 Deum
2899 3558 3118 3626 incedit,
3163 3570 3219 3613 ut
3251 3561 3358 3626 ille,
3391 3578 3571 3635 neque

1985 3644 2348 3715 impudenter.
2406 3646 2563 3715 Quod
2621 3659 2802 3703 autem
2860 3649 3010 3714 dicit,
3053 3660 3138 3707 est
3186 3652 3490 3722 hujusmodi
3546 3672 3563 3710 :

1985 3734 2309 3805 Priusquam
2339 3738 2568 3795 instaret
2593 3748 2804 3812 tempus
2831 3742 3171 3810 Antichristi,
3206 3747 3454 3804 inventus
3480 3758 3565 3804 est

1985 3827 2123 3882 alius
2153 3827 2245 3884 illo
2270 3843 2375 3883 non
2408 3830 2575 3887 multo
2606 3832 2847 3888 inferior.
2885 3832 3022 3901 Quid
3054 3836 3217 3907 igitur
3248 3839 3441 3899 mirum
3464 3879 3481 3906 ,
3515 3841 3561 3895 si

1980 3918 2092 3989 jam
2121 3919 2488 3977 Antichristus
2515 3924 2637 3979 est?
2661 3926 2901 3981 Obscure
2924 3936 3099 3983 autem
3132 3930 3233 3985 hoc
3261 3931 3324 3985 de
3351 3931 3563 3989 Nerone

1984 4011 2140 4076 dixit,
2173 4027 2276 4068 uon
2307 4021 2482 4069 metus
2508 4029 2641 4071 sane
2669 4033 2856 4084 causa,
2884 4034 3069 4075 verum
3105 4033 3164 4075 ut
3192 4024 3404 4078 erudiat
3436 4040 3556 4091 nos,

1984 4114 2052 4156 ne
2085 4115 2518 4171 supervacaneas
2556 4106 2869 4166 inimicitias
2913 4112 3277 4184 suscipiamus
3298 4155 3313 4180 ,
3344 4116 3390 4171 si
3426 4116 3562 4171 nihil

1985 4203 2194 4262 urgeat.

2054 4282 2284 4340 Tantum
2314 4296 2371 4341 ut
2393 4290 2486 4360 qui
2517 4298 2651 4345 tenet
2687 4307 2842 4353 nunc,
2873 4302 3064 4359 teneat,
3102 4293 3266 4350 donec
3297 4298 3360 4353 de
3388 4300 3557 4355 medio

1979 4372 2097 4442 ﬁat,
2122 4384 2171 4428 et
2202 4384 2325 4431 tunc
2353 4379 2667 4433 revelabitur
2696 4380 2783 4435 ille
2810 4381 3047 4452 iniquus.
3080 4382 3191 4440 lloc
3220 4398 3321 4451 est,
3359 4385 3561 4441 Roma-

1981 4481 2108 4520 num
2138 4465 2421 4536 imperium
2444 4470 2658 4538 quando
2683 4471 2954 4528 sublatum
2978 4475 3139 4530 fuerit
3162 4491 3192 4530 e
3220 4479 3416 4543 medio,
3444 4490 3554 4534 tum

288 4561 441 4630 ἥξει.
475 4558 619 4620 Ἕως
655 4558 755 4627 μέν
783 4557 892 4628 γὰρ
922 4557 987 4610 ἂν
1014 4559 1041 4609 ὁ
1067 4555 1268 4622 ταύτης
1292 4555 1393 4623 τῆς
1422 4554 1596 4624 ἀρχῆς
1623 4553 1786 4623 φόϐος
1814 4550 1870 4625 ᾗ,

2000 4556 2067 4611 lle
2097 4558 2294 4611 veniet.
2321 4557 2568 4624 Quandiu
2593 4561 2738 4615 enim
2762 4561 2924 4632 hujus
2950 4562 3162 4632 imperii
3189 4565 3351 4622 timor
3373 4566 3555 4635 fuerit,

287 4653 473 4715 οὐδεὶς
520 4651 733 4719 ταχέως
771 4649 1199 4717 ὑποταγήσεται.
1236 4646 1408 4699 Ὅταν
1443 4645 1499 4697 δέ
1531 4642 1670 4714 αὕτη
1706 4660 1878 4698 κατα-

286 4743 453 4813 λυθῇ,
494 4741 829 4810 ἐπιθήσεται
860 4741 927 4808 τῇ
966 4737 1238 4816 ἀναρχία,
1272 4736 1368 4789 καὶ
1394 4735 1493 4806 τὴν
1524 4735 1631 4789 τῶν
1665 4734 1877 4805 ἀνθρώ-

288 4850 437 4897 πων,
464 4830 560 4885 καὶ
592 4830 691 4899 τὴν
720 4827 815 4881 τοῦ
848 4826 981 4882 Θεοῦ
1010 4828 1348 4896 ἐπιχειρήσει
1381 4822 1651 4895 ἁρπάζειν
1676 4824 1873 4896 ἀρχήν.

288 4926 511 4995 Ὠσπερ
546 4927 655 4990 γὰρ
684 4922 741 4975 αἱ
771 4919 877 4989 πρὸ
904 4918 1108 4986 ταύτης
1145 4916 1519 4989 κατελύθησαν
1561 4916 1871 4987 βασιλεῖαι,

281 5011 402 5070 οἷον
427 5016 462 5086 ἡ
499 5014 702 5085 Μήδων
729 5013 838 5065 ὑπὸ
862 5011 969 5063 τῶν
1014 5008 1369 5063 Βαϐυλωνίων
1388 5024 1419 5074 ,·
1446 5009 1481 5079 ἡ
1514 5007 1873 5061 Βαϐυλωνίων

288 5110 398 5162 ὐπδ
428 5107 540 5159 τῶν
576 5105 823 5174 Περσῶν,
854 5106 888 5173 ἡ
916 5103 1137 5174 Περσῶν
1177 5102 1281 5154 ὑπὸ
1313 5099 1660 5166 Μακεδόνων,
1687 5099 1722 5170 ἡ
1754 5099 1877 5153 Μα-

284 5198 531 5252 κεδόνων
589 5196 696 5249 ὑπὸ
752 5195 1069 5264 Ῥωμαίων·
1112 5191 1256 5247 οὕτω
1306 5195 1399 5245 καλ⁸
1446 5191 1586 5261 αὕτη
1637 5189 1740 5243 ὑπὸ
1777 5189 1872 5244 τοῦ

296 5289 701 5360 Ἀντιχρίστου.
726 5286 840 5339 Καὶ
861 5285 1034 5339 ταῦτα
1061 5284 1196 5355 μετά
1224 5284 1420 5355 πολλῆς
1451 5285 1550 5354 τῆς
1576 5283 1872 5356 σαφηνείας

282 5383 427 5451 ἡμῖν
471 5384 500 5433 ὁ
529 5377 731 5447 Δανιὴλ
760 5376 1141 5447 παρατίθεται.
1172 5376 1328 5439 Τινὲς
1374 5375 1431 5428 δέ
1458 5374 1540 5440 τὸ,
1568 5373 1865 5444 Κατέχων,

284 5472 389 5541 τὴν
430 5468 880 5538 είδωλολατρείαν
910 5468 1155 5538 ἐνόησαν.
1200 5467 1370 5522 Ὅταν
1400 5466 1545 5537 γὰρ,
1595 5466 1781 5536 φασὶν,
1831 5466 1866 5537 ὴ

436 5612 465 5639 ⁸⁸
488 5608 626 5662 Dan.
661 5622 723 5671 tt,
749 5603 819 5658 37
857 5619 1012 5675 seqq.

1981 4658 2088 4700 non
2120 4644 2278 4701 facile
2305 4646 2595 4717 quisquam
2627 4651 2966 4720 subjicietur.
2997 4654 3076 4708 Eo
3111 4670 3239 4712 vero
3267 4659 3556 4724 dissoluto,

1978 4750 2151 4791 vacuo
2201 4737 2551 4795 insidiabitur
2589 4741 2838 4813 imperio,
2869 4746 3027 4815 eique
3053 4746 3298 4813 instabit,
3334 4752 3556 4805 conabi-

1977 4837 2175 4899 turque
2217 4844 2340 4885 cum
2381 4831 2691 4902 hominum,
2734 4844 2847 4891 tum
2888 4836 2982 4892 Dei
3016 4837 3300 4908 imperium
3343 4854 3552 4909 rapere.

1974 4916 2110 4972 Nam
2138 4918 2361 4988 perinde
2385 4919 2554 4994 538
2579 4939 2643 4981 ac
2672 4926 2774 4982 alia
2800 4938 2926 4985 ante
2960 4929 3100 4984 istud
3124 4928 3346 4997 imperia
3377 4930 3554 4983 disso-

1977 5008 2087 5063 luta
2136 5022 2295 5074 sunt,
2336 5011 2501 5067 veluti
2539 5015 2816 5075 Medorum
2860 5036 2887 5074 a
2940 5018 3281 5089 Babyloniis,
3326 5018 3555 5090 Βειιηιυη

1978 5099 2193 5156 niorum
2246 5117 2376 5160 vero
2408 5119 2441 5160 a
2488 5104 2694 5177 Persis,
2731 5110 3018 5168 Persarum
3065 5126 3093 5163 a
3138 5109 3553 5177 Macedonibus,

1977 5191 2330 5249 Macedonum
2356 5212 2384 5251 a
2410 5195 2677 5258 Romanis
2701 5222 2714 5259 :
2741 5206 2881 5259 hunc
2904 5204 2967 5256 ad
2995 5202 3211 5259 mudum
3243 5199 3549 5255 Romanum

1976 5279 2045 5334 ab
2070 5280 2426 5340 Antichristo.
2465 5287 2638 5356 Atque
2666 5291 2780 5347 hazc
2815 5292 2978 5345 multa
3014 5304 3135 5344 cum
3167 5291 3552 5359 perspicuitate

1974 5372 2162 5431 Daniel
2195 5377 2346 5431 nobis
2380 5384 2631 5449 preponit
2653 5390 2703 5438 ιι.
2735 5383 2957 5449 Quidam
3000 5397 3145 5447 vero,
3181 5379 3247 5433 Id
3286 5381 3425 5449 quod
3457 5382 3551 5434 de-

1975 5464 2127 5554 tinet,
2183 5466 2551 5523 idololatriam
2602 5472 3008 5529 intellexerunt.
3070 5471 3199 5524 Cum
3239 5471 3417 5535 enim,
3465 5469 3552 5523 iu-
3610 5535 3624 5554 ἱ

1634 5710 1827 5777 Variae
1848 5712 2177 5779 lectiones.

362 5826 413 5860 ”
448 5825 704 5897 μάτηνο.
784 5821 828 5854 ⁹¹
874 5819 1028 5876 τοῦτὸ
1051 5836 1104 5875 ο.
