3994 6562
455 384 523 450 13
533 381 601 446 43

1337 377 1916 444 THEOPHYLACTI
1962 376 2378 438 BULGARl/E
2417 374 2772 436 ARCHIEP.

3542 367 3684 435 ιλιι

449 495 661 568 quiunt,
715 507 869 549 error
915 491 1008 563 qui
1058 468 1276 558 detinet,
1331 493 1586 557 desierit,
1642 492 2021 560 idolornmque

2133 486 2433 555 κατέχουσα
2489 484 2664 554 πλάνη
2710 480 3013 545 παύσεται,
3058 480 3150 533 καὶ
3192 481 3226 551 ἡ
3274 478 3694 554 είδωλολατρεία

451 585 631 640 cultus
663 582 824 637 fuerit
854 580 1169 646 exstinctus,
1204 587 1313 635 tum
1350 581 1711 636 Antichristus
1742 580 2014 645 adveniet,

450 672 903 745 quemadmodum
955 681 1011 728 et
1075 673 1331 729 Dominus
1380 671 1515 727 dixit
1564 690 1580 729 :
1631 672 2018 727 Pra'dicubitur

449 765 793 835 Evangelium
834 763 929 818 hoc
966 765 1019 819 iu
1050 765 1397 818 testimonium
1443 764 1555 830 eis,
1591 773 1800 833 tumque
1843 763 2014 816 aderit

450 856 573 925 [ian
600 866 649 909 τ.
680 854 784 910 Alii
822 866 999 910 autem
1051 855 1101 911 id
1141 858 1281 925 quod
1334 855 1558 919 detinet,
1594 853 1688 909 Dei
1729 853 2016 908 terminum

451 945 824 1000 nominarunt.
873 944 1100 1011 Quando
1154 945 1331 1011 enim,
1386 944 1668 1013 inquiunt,
1722 944 2019 1013 completus

449 1035 616 1091 fuerit
661 1037 923 1092 terminus
974 1037 1090 1102 Dei,
1127 1037 1217 1108 qui
1270 1051 1413 1091 nunc
1458 1037 1663 1092 detinet
1698 1036 2019 1092 Antichristi

452 1129 767 1195 adventum,
796 1138 1111 1199 tempusque
1142 1128 1217 1183 illi
1246 1128 1567 1198 prtellnitum
1594 1129 1873 1195 institerit,
1904 1136 2019 1184 tum

451 1219 795 1275 revelabitur.
833 1218 1039 1273 Dictum
1071 1227 1153 1273 est
1179 1227 1356 1273 autem
1379 1259 1395 1284 ,
1426 1218 1710 1275 nonnullos
1733 1233 1980 1275 asserere
2002 1257 2019 1282 .

453 1309 716 1379 Spiritum
757 1319 1003 1364 sanetum
1033 1324 1155 1365 esse
1187 1324 1477 1365 remoram.
1508 1309 1733 1376 Quando
1765 1311 1906 1366 enim
1935 1310 2023 1367 ille

451 1408 673 1472 propter
690 1400 903 1454 scelera
930 1401 1231 1454 mortalium
1253 1415 1284 1456 e
1313 1400 1487 1457 medio
1508 1402 1751 1458 sublatus
1773 1402 1935 1458 fuerit
1957 1419 2022 1460 ac

452 1491 733 1558 defecerit,
767 1491 916 1547 locus
951 1500 1061 1547 tum
1105 1492 1442 1564 relinquetur
1475 1493 1683 1561 iniquo,
1717 1502 1775 1550 ttt
1825 1496 2024 1552 revele-

451 1593 562 1638 tur.
585 1582 662 1639 Ae
685 1583 1032 1653 principium,
1066 1583 1276 1654 inquit,
1303 1585 1532 1654 sumpsit
1570 1586 1885 1657 mysterium
1922 1586 2025 1641 inl-

452 1674 699 1744 quitatis.
746 1673 958 1729 Etenim
1000 1675 1185 1730 Simon
1246 1684 1301 1730 et
1347 1675 1599 1732 Nicolaus
1648 1678 2024 1734 haeresiarchas:

453 1784 574 1838 qua:
608 1769 927 1825 Antichristi
971 1778 1126 1824 erant
1159 1768 1542 1841 operabantur,
1585 1771 1875 1842 exterique
1924 1772 2024 1826 hos

2121 578 2342 649 σϐεσθῇ,
2369 578 2488 631 τότε
2529 578 2559 630 6
2610 574 2974 645 ’Λντίχριστος
2997 572 3382 643 ἐπιστήσεται,
3416 570 3493 635 ὥς
3521 590 3624 627 που
3646 574 3693 605 ’³

2120 671 2213 725 καὶ
2245 673 2273 724 6
2307 669 2509 740 Κύριος
2540 664 2660 721 εἶπε
2681 685 2696 701 ο
2739 664 3187 735 Κηρυχθήσεται
3221 662 3288 716 τὸ
3322 665 3694 735 Εῠαπυγέλιον

2119 764 2206 828 εὶς
2241 761 2569 830 μαρτύριον
2614 758 2848 822 αὐτοῖς,
2889 755 2988 809 καί
3024 757 3158 810 τότε
3206 755 3338 824 ἣξει
3383 755 3450 809 τὸ
3494 755 3694 823 τέλος.

2124 852 2308 906 Ι’Δλλοι
2338 852 2417 916 δὲ,
2450 849 2749 919 Κατέχων,
2800 847 3092 918 ὠνόμασαν
3130 846 3222 900 τὸν
3257 846 3350 899 τοῦ
3377 847 3515 901 Θεοῦ
3546 850 3697 920 ὅρον.

2124 945 2293 998 Ὅταν
2320 944 2431 1013 γὰρ
2455 987 2468 1010 ,
2505 942 2660 1012 φασὶ,
2693 940 2957 1011 πληρωθῇ
2988 940 3017 992 6
3040 939 3135 991 τοῦ
3168 937 3304 991 Θεοῦ
3334 940 3489 1012 ὅρος,
3527 944 3556 993 6
3601 940 3701 994 νῦν

2121 1034 2365 1106 κατέχων
2389 1034 2487 1105 τὴν
2513 1033 2607 1086 τοῦ
2640 1032 3011 1103 Ἀντιχρίστου
3030 1032 3356 1102 παρουσίαν,
3379 1035 3472 1086 καὶ
3496 1035 3699 1104 ἐπιστῇ

2120 1129 2149 1181 6
2182 1128 2485 1199 ὡρισμένος
2526 1124 2677 1196 αὑτῷ
2720 1124 2948 1195 καιρὸς,
2989 1123 3111 1176 τότε
3148 1124 3697 1196 ἀποκαλυφθήσεται.

2122 1221 2353 1291 Εἴρηται
2382 1219 2437 1273 δὲ
2462 1220 2542 1273 ὅτι
2570 1220 2663 1272 καὶ
2691 1217 2914 1289 Πνεῦμα
2940 1218 2999 1271 τὸ
3028 1217 3182 1285 ἅγιον
3202 1211 3355 1270 εῐπόν
3384 1235 3531 1281 τινες
3557 1214 3702 1272 εἶναι

2121 1314 2184 1368 τὸ
2214 1313 2460 1383 κατέχον.
2496 1313 2664 1365 Ὅταν
2693 1312 2800 1382 γὰρ
2826 1310 2986 1365 τοῦτο
3010 1311 3099 1366 διὰ
3127 1312 3227 1384 τὴν
3253 1312 3360 1365 τῶν
3392 1311 3703 1382 ἀνθρώπων

2123 1406 2325 1459 κακίαν
2373 1406 2437 1457 ὲκ
2477 1404 2643 1474 μέσου
2684 1404 2906 1473 γένηται
2959 1405 3056 1459 καὶ
3103 1405 3354 1475 ἀποστῇ,
3388 1405 3703 1475 τηνικαῦτα

2124 1496 2307 1569 χώραν
2333 1497 2445 1561 ἔξει
2474 1498 2501 1549 6
2533 1496 2731 1565 ἄνομος
2765 1494 3237 1565 ἀποκαλυφθῆναι.
3272 1496 3384 1549 Καὶ
3415 1496 3592 1567 ἀρχὴν
3619 1496 3703 1561 δὲ,

2125 1588 2312 1658 φησιν,
2358 1588 2549 1657 εῐληφε
2595 1587 2656 1640 τδ
2686 1587 2984 1658 μυστήριον
3014 1589 3115 1656 τῆς
3145 1588 3399 1658 ἀνομίας.
3437 1588 3550 1642 Καὶ
3590 1589 3706 1660 γὰρ

2124 1680 2308 1748 Σίμων
2356 1680 2453 1732 καὶ
2500 1678 2766 1742 Νικόλαος
2791 1678 2841 1731 οἱ
2875 1678 3248 1751 αίρεσιάρχαι,
3284 1680 3354 1733 τὰ
3384 1678 3480 1734 τοῦ
3524 1680 3703 1733 Ἀντι-

2126 1772 2348 1844 χρίστου
2404 1773 2686 1843 ἐνήργουν,
2736 1770 2834 1824 καὶ
2866 1770 2915 1823 oi
2954 1770 3092 1841 μετά
3132 1770 3353 1833 τούτους
3381 1771 3441 1824 δὲ
3474 1772 3707 1839 πάντες,

454 1860 627 1915 secuti
652 1875 859 1928 omnes,
889 1860 1125 1915 Marcion
1146 1904 1162 1927 ,
1195 1860 1503 1928 Montanus,
1534 1862 1624 1932 qui
1657 1863 1891 1931 seipsum
1924 1861 2023 1917 Pa-

2133 1863 2394 1936 Μαρκίων
2435 1865 2527 1918 καὶ
2555 1862 2870 1927 Μοντανδς,
2906 1862 2967 1926 ὃς
2995 1864 3090 1917 καὶ
3124 1862 3479 1935 Παράκλητον
3509 1864 3711 1917 ἑαυτὸν

454 1951 717 2008 raeletum
752 1952 1082 2019 nominavit,
1113 1961 1166 2007 et
1213 1952 1397 2009 Manes
1436 1962 1597 2023 atque
1629 1954 1744 2010 alii.
1787 1951 1866 2008 Tu
1898 1968 2027 2009 vero

454 2043 563 2100 divi
592 2042 813 2099 Joannis
849 2042 1216 2115 Chrysostomi
1246 2046 1667 2115 enarrationem,
1687 2060 1785 2103 ceu
1811 2046 2025 2101 veritati

455 2138 627 2208 magis
650 2152 968 2205 consonam,
994 2139 1228 2209 suscipe.

528 2227 693 2284 Vens.
742 2229 794 2284 8.
840 2229 1008 2295 Quem
1041 2229 1295 2285 Dominus
1337 2230 1492 2285 Jesus
1530 2231 1803 2301 iuterﬁciet
1835 2233 2027 2301 spiritu

455 2320 564 2373 oris
622 2320 743 2385 sui,
793 2330 841 2374 et
893 2319 1128 2373 destruet
1192 2318 1546 2373 illustrations
1605 2320 1855 2374 adventus
1919 2320 2024 2375 sui.

453 2410 705 2466 Proxima
734 2421 815 2466 est
846 2414 1143 2467 consolatio
1177 2428 1191 2466 :
1228 2410 1679 2477 consumetenim
1709 2412 1883 2481 ipsum
1918 2410 2028 2467 Do-

454 2504 654 2558 minus.
686 2502 917 2559 Perinde
950 2504 1091 2558 enim
1123 2511 1183 2559 ut
1215 2503 1354 2575 ignis
1384 2504 1549 2559 etiam
1579 2512 1703 2558 ante
1733 2504 2026 2559 adventum

454 2612 635 2664 suum,
662 2613 781 2652 cum
811 2602 986 2654 adhuc
1010 2581 1193 2670 pt-octil
1220 2600 1403 2667 fuerit,
1427 2599 1686 2655 bestiolas
1708 2609 1889 2655 tamen
1916 2610 2029 2655 tor-

453 2704 585 2759 pere
636 2690 760 2744 l'aeit
796 2690 1185 2759 absumitque:
1234 2693 1373 2746 hunc
1422 2691 1487 2744 ad
1531 2691 1749 2746 modum
1780 2691 2029 2747 Christus

452 2779 538 2834 vel
568 2779 683 2835 solo
715 2781 960 2850 imperio,
999 2780 1112 2835 sive
1140 2780 1319 2836 amutu
1359 2782 1595 2851 Spiritus
1625 2783 1797 2837 sancti
1829 2783 2022 2852 pleno,

454 2872 652 2927 delebit
702 2874 900 2942 ipsum,
944 2873 1167 2941 soloque
1197 2874 1429 2927 adventu
1458 2874 1731 2941 abolebit,
1766 2875 1864 2928 hoc
1903 2883 2024 2938 est,

454 2963 679 3019 omnino
717 2963 1043 3018 inelIieacem
1079 2964 1284 3020 reddet.
1318 2964 1418 3020 Ubi
1447 2967 1592 3022 enim
1627 2967 1772 3021 visus
1813 2978 2024 3022 tantum

455 3052 640 3121 fuerit,
671 3054 825 3111 sistet
860 3056 1251 3124 deceptionem.

529 3230 691 3288 Vnus.
727 3232 781 3289 9.
826 3233 990 3303 Cujus
1024 3235 1275 3289 adventus
1323 3246 1397 3290 est
1437 3239 1718 3292 secundum
1753 3240 2021 3309 operatio-

454 3342 570 3380 nem
595 3326 831 3381 Samum.
864 3327 1122 3394 Quisnam
1157 3329 1248 3383 ille
1289 3328 1395 3394 sit,
1426 3343 1524 3384 nos
1554 3331 1738 3396 docet,
1770 3333 2022 3386 nimirum

455 3418 618 3473 boato
639 3420 729 3488 qui
754 3419 1012 3473 Satanam
1043 3420 1091 3472 in
1118 3435 1176 3474 se
1196 3420 1357 3475 habet
1376 3432 1686 3489 operantem
1715 3438 1809 3490 per
1831 3423 2024 3492 ipsum.

529 3510 594 3565 1η
628 3514 771 3567 omni
791 3514 998 3579 virtute,
1026 3524 1071 3566 et
1097 3513 1278 3583 signis,
1309 3526 1357 3567 et
1382 3516 1637 3585 prodigiis
1667 3519 2024 3574 mendacibus.

454 3600 569 3658 Iloe
599 3612 683 3658 est
710 3644 725 3665 ,
753 3617 969 3660 omnem
1014 3607 1310 3674 potentiam
1343 3621 1451 3674 prae
1482 3622 1539 3662 se
1568 3606 1721 3673 feret,
1767 3609 1858 3663 sed
1895 3610 2026 3665 nihil

454 3696 569 3750 veri
605 3694 845 3762 habebit,
879 3697 1059 3751 omnia
1089 3712 1216 3751 vero
1241 3708 1461 3768 prepter
1486 3698 1859 3769 imposturmn.
1896 3701 2027 3755 Pro-

453 3788 608 3857 digiis
643 3789 787 3843 enim
832 3790 1166 3844 mendacibus
1192 3832 1207 3855 ,
1243 3790 1343 3845 hoc
1389 3802 1472 3845 est
1522 3794 1780 3855 mentitis,
1843 3795 1925 3845 vel
1961 3794 2025 3847 ad

456 3881 795 3936 mendacium
830 3883 1148 3938 ducentibus
1193 3897 1286 3938 eos
1321 3885 1411 3953 qui
1459 3885 1697 3938 animum
1734 3886 1813 3939 eis
1842 3886 2030 3938 adver-

456 3982 597 4027 tunt.
630 3971 757 4028 Haac
787 3982 964 4029 autem
1006 3976 1249 4045 praedicit
1280 3974 1501 4042 Paulus,
1530 3992 1597 4031 ne
1634 3978 1964 4033 sedarentur
1993 3980 2026 4032 ii

456 4064 548 4132 qui
575 4071 684 4118 tum
718 4064 909 4119 victuri
934 4074 1077 4120 sunt.

526 4153 689 4210 Vens.
724 4154 810 4210 10.
840 4153 907 4207 Et
943 4155 996 4208 in
1023 4160 1164 4209 omni
1185 4158 1489 4211 seductione
1521 4158 1816 4227 iniquitatis
1847 4161 1911 4214 iis
1939 4162 2030 4231 qui

2126 1958 2397 2026 ὠνόμασε,
2430 1955 2525 2008 καὶ
2544 1955 2759 2026 Μάνης,
2790 1955 2884 2008 καὶ
2909 1957 2955 2009 οἱ
2989 1954 3156 2009 ἄλλοι.
3196 1953 3355 2008 Ἀλλά
3383 1957 3448 2009 σὺ
3471 1953 3573 2020 τὴν
3607 1955 3707 2009 τοῦ

2127 2053 2185 2105 ὲν
2206 2051 2380 2119 ἁγίοις
2420 2050 2667 2104 ’ῐωάννου
2696 2050 2853 2122 δέχου
2882 2049 3167 2123 ἐξήγησιν,
3198 2051 3274 2116 ὡς
3307 2051 3715 2123 ἀληθεστέραν.

2202 2232 2312 2284 ’ον
2351 2232 2384 2285 δ
2418 2231 2634 2301 Κύριος
2674 2230 2917 2299 Ἰησοῦς
2956 2230 3257 2285 ἀναλώσει
3295 2228 3375 2296 τῷ
3399 2230 3707 2299 Πνεύματι

2127 2324 2233 2379 τοῦ
2273 2325 2571 2393 στόματος
2618 2324 2832 2389 αὐτοῦ,
2887 2324 2986 2379 καί
3035 2324 3401 2394 καταργήσει
3448 2322 3524 2393 τῇ
3574 2324 3712 2376 ἐπι-

2126 2415 2345 2483 φανείᾳ
2381 2412 2492 2481 τῆς
2518 2416 2855 2480 παρουσίας
2892 2413 3099 2469 αὑτοῦ.
3146 2414 3344 2482 Ἐγγὺς
3369 2416 3403 2484 ἡ
3441 2430 3708 2483 παραμυ-

2129 2504 2219 2557 θία
2240 2522 2253 2535 ·
2285 2505 2551 2559 ἀναλώσει
2572 2506 2682 2577 γὰρ
2711 2505 2872 2559 αὑτὸν
2899 2506 2927 2558 6
2954 2505 3177 2574 Κύριος.
3208 2505 3474 2575 Καθάπερ
3503 2504 3617 2575 γὰρ
3646 2505 3712 2557 τὸ

2128 2598 2240 2669 πῦρ
2272 2599 2367 2652 καὶ
2394 2598 2502 2669 πρὸ
2537 2598 2636 2666 τῆς
2670 2597 2972 2667 παρουσίας
3001 2596 3167 2650 αὑτοῦ
3211 2595 3513 2667 πόρρωθεν,
3553 2597 3711 2665 ὅμως

2125 2692 2195 2743 τὰ
2226 2689 2398 2760 μικρά
2424 2688 2639 2758 ζωΰφια
2672 2689 2880 2759 ναρκᾷν
2909 2690 3053 2741 ποιεῖ
3080 2688 3175 2741 καλ⁵
3203 2686 3484 2741 ἀναλίσκει
3513 2703 3527 2717 ·
3561 2686 3712 2740 οὕτω

2128 2783 2221 2835 καὶ
2255 2782 2284 2833 6
2323 2780 2556 2853 Χριστὸς
2600 2781 2679 2849 τῷ
2704 2780 3037 2850 ἐπι-τάγματι
3071 2779 3254 2850 μόνῳ,
3282 2779 3402 2849 ἦτοι
3428 2778 3506 2848 τῷ
3541 2779 3715 2848 ἔμφυο

2129 2875 2368 2944 σήματι,
2426 2873 2503 2941 τῷ
2558 2872 2871 2943 Πνεύματος
2926 2870 3085 2940 ἁγίου
3150 2873 3417 2941 γέμοντι,
3456 2871 3714 2940 ἀφανίσει

2126 2966 2309 3032 αὑτὸν,
2347 2966 2440 3019 καὶ
2464 2968 2530 3036 τῇ
2558 2966 2831 3036 παρουσίᾳ
2867 2968 3004 3039 μόνῃ
3034 2966 3404 3037 καταργήσει,
3431 2964 3711 3030 τουτέστι,

2128 3056 2407 3117 παντελῶς
2459 3056 2629 3125 ἀργὸν
2687 3060 2923 3126 ποιήσει.
2959 3056 3069 3110 Καὶ
3114 3058 3305 3125 φανεὶς
3336 3056 3446 3127 γὰρ
3501 3056 3711 3127 μόνον,

2129 3150 2315 3218 στήσει
2347 3149 2444 3219 τὴν
2470 3149 2704 3220 ἀπάτην.

2198 3235 2280 3295 Οὖ
2310 3240 2483 3293 ἐστιν
2514 3242 2551 3309 ἡ
2595 3241 2896 3309 παρουσία
2937 3241 3087 3295 κατὰ
3119 3241 3236 3309 τὴν
3263 3240 3569 3310 ἐνέργειαν
3596 3240 3712 3295 τοῦ

2128 3332 2363 3386 Σατανᾶ
2372 3373 2384 3385 .
2402 3332 2496 3397 Τίς
2515 3335 2659 3385 ἐστιν
2680 3327 2853 3395 οὗτος,
2874 3333 3113 3388 διδάσκει
3134 3334 3303 3404 ἡμᾶς,
3321 3333 3403 3386 ὅτι
3418 3332 3714 3403 ἅνθρωπος

2127 3422 2265 3491 ἔχων
2282 3422 2372 3474 τὸν
2396 3423 2643 3475 Σατανᾶν
2659 3424 2714 3473 ἐν
2731 3421 2927 3491 ἐαυτῷ,
2948 3421 3016 3474 δι’
3033 3422 3198 3474 αὑτοῦ
3225 3419 3647 3491 ἑνεργοῦντα⁹³.

2211 3515 2313 3567 'Et-
2354 3512 2521 3580 πάσῃ
2562 3510 2832 3580 δυνάμει,
2877 3510 2975 3565 καί
3025 3514 3320 3580 σημείοις,
3372 3511 3469 3563 καὶ
3502 3507 3713 3577 τέρασι

2125 3604 2412 3673 ψεύδους.
2467 3604 2765 3666 Τουτέστι,
2819 3604 3002 3656 πᾶσαν
3057 3603 3382 3668 ἐπιδείξεται
3431 3599 3710 3670 δύναμιν,

2129 3697 2241 3749 ἀλλ’
2268 3696 2420 3748 οὐδὲν
2443 3694 2663 3765 ἀληθὲς,
2693 3694 2832 3747 ἀλλά
2854 3694 3033 3748 πάντα
3062 3694 3197 3765 πρὸς
3221 3695 3459 3764 ἀπάτην.
3494 3694 3711 3762 Τέρασι

2126 3789 2235 3858 γὰρ
2265 3789 2550 3857 ψεύδους,
2580 3788 2823 3843 τουτέστι
2853 3790 2966 3851 τοῖς
3013 3788 3442 3859 διεψευσμένος,
3473 3789 3595 3859 ἦτοι
3627 3788 3713 3850 είς

2126 3881 2319 3949 ψεῦδος
2352 3881 2545 3948 ἄγουσι
2588 3880 2714 3943 τοὺς
2766 3880 2951 3942 αὐτοῖς
2988 3880 3374 3951 προσέχοντας.
3410 3879 3602 3936 Ταῦτα
3648 3881 3710 3934 δὲ

2132 3973 2383 4043 προλέγει
2409 3971 2637 4037 Παῦλος,
2666 3974 2753 4027 ἵνα
2783 3973 2856 4044 μὴ
2893 3973 3244 4046 ἀπατηθῶσιν
3270 3975 3319 4028 οἱ
3343 3975 3489 4029 τότε.

2202 4148 2307 4217 Καὶ
2336 4149 2407 4202 ἐν
2437 4148 2607 4217 πάσῃ
2638 4147 2836 4219 ἀπάτῃ
2870 4148 2980 4217 τῆς
3004 4149 3240 4215 ἀδικίας
3267 4150 3336 4203 ἐν
3362 4150 3485 4219 τοῖς
3515 4152 3706 4206 ἀπολ-

454 4255 686 4316 pereunt.
724 4245 1013 4301 Horribilis
1054 4248 1157 4300 erit
1196 4249 1430 4317 nudique
1474 4265 1580 4318 prre
1614 4248 1925 4320 potestate.
1959 4268 2023 4305 ex

2133 4238 2437 4306 λιομένοις.
2498 4240 2731 4313 Φοὸερδς
2770 4240 2878 4311 γὰρ
2930 4240 3083 4294 ἔσται
3138 4240 3402 4294 πάντοθεν
3457 4242 3568 4295 ἀπὸ
3608 4243 3711 4312 τῆς

457 4339 774 4395 crudelitate
795 4340 973 4395 omnia
1004 4340 1220 4402 faciens,
1251 4353 1307 4395 ut
1331 4342 1570 4413 imponat
1597 4354 1757 4413 atque
1778 4345 2023 4414 injuriam

2133 4328 2399 4394 ἐξουσίας,
2432 4331 2539 4383 ἀπὸ
2566 4330 2666 4400 τῆς
2693 4329 2978 4401 ὠμότητος
3011 4330 3187 4384 πάντα
3211 4330 3401 4393 ποιῶν,
3435 4332 3525 4385 ἵνα
3558 4334 3707 4386 ἀπα-

458 4430 766 4488 bominibus
786 4434 1003 4498 tulerat,
1030 4433 1256 4488 salutem
1280 4435 1516 4503 ipsorum
1540 4445 1776 4490 vastans.
1799 4434 1876 4490 Ne
1902 4451 2023 4491 vero

2133 4425 2274 4492 τήσῃ
2328 4424 2422 4476 καὶ
2458 4423 2715 4499 ἀδικήσῃ(
2739 4422 2867 4486 τοὺς
2915 4422 3270 4494 ἀνθρώπους,
3307 4424 3708 4493 λυμαινόμενος

456 4525 578 4595 quis
602 4526 837 4594 ambigat
872 4525 1060 4582 dicens
1094 4544 1109 4581 :
1141 4525 1252 4581 Cur
1281 4540 1411 4596 ergo
1458 4528 1701 4596 permisit
1730 4542 1853 4582 eum
1889 4529 2023 4583 Deus

2134 4513 2233 4586 τὴν
2262 4513 2536 4584 σωτηρίαν
2557 4513 2758 4569 αὐτῶν.
2780 4515 2896 4567 Ἵνα
2923 4514 2980 4568 δὲ
3007 4515 3081 4586 μή
3110 4532 3192 4577 τις
3218 4515 3475 4586 ἀπορήσῃ
3495 4515 3673 4583 λέγων
3691 4531 3705 4546 υ

457 4616 663 4678 venire,
695 4613 859 4686 539
884 4632 1002 4670 cum
1040 4625 1118 4671 tot
1149 4616 1506 4672 incommodis
1540 4617 1787 4674 homines
1814 4619 1921 4674 sint
1947 4618 2023 4673 af-

2133 4605 2195 4657 Τί
2223 4603 2317 4657 οὖν
2367 4600 2743 4675 συνεχώρησεν
2795 4603 2963 4658 αὐτὸν
3016 4604 3045 4656 6
3093 4604 3223 4666 Θεὸς
3260 4605 3706 4675 παραγενέσθαι,

459 4704 709 4761 tleiendi?
746 4705 970 4771 subdit,
1014 4706 1093 4761 Ne
1122 4716 1329 4763 metuas
1365 4723 1381 4763 :
1417 4707 1470 4761 in
1505 4708 1853 4777 pereuntibus
1883 4708 2023 4763 enim

2133 4698 2312 4768 ἐπειδὴ
2369 4698 2621 4767 μέλλουσι
2671 4695 2914 4751 τοσαῦτα
2973 4696 3237 4768 βλαόἧναι
3287 4697 3337 4750 0i
3389 4698 3704 4768 ἀνθρωποι;

457 4794 611 4851 fortis
638 4806 716 4852 est
737 4838 753 4861 ,
776 4798 889 4867 qui,
914 4798 1123 4853 etiamsi
1158 4799 1248 4855 ille
1278 4813 1385 4855 non
1410 4798 1743 4867 advenisset,
1769 4799 2023 4857 increduli

2133 4790 2312 4860 φησιν,
2354 4792 2437 4845 ὅτι
2467 4790 2558 4861 Μὴ
2591 4789 2873 4863 φοϐηθῇςν
2908 4790 2968 4844 ὲν
2999 4790 3112 4853 τοῖς
3150 4788 3549 4859 ἀπολλυμένοις
3595 4791 3708 4861 γὰρ

462 4897 637 4944 tamen
668 4892 1007 4960 permansuri
1037 4900 1212 4946 erant.

2133 4880 2321 4953 ἰσχύει,
2350 4881 2424 4947 οἳ,
2470 4883 2518 4934 εί
2556 4881 2648 4935 καὶ
2703 4881 2779 4952 μὴ
2817 4881 3027 4945 ἐκεῖνος
3077 4881 3447 4949 παρεγένετο,
3479 4880 3710 4951 ἔμελλον

2124 4972 2369 5036 ἀπειθεῖς
2400 4973 2698 5043 διαμεῖναι.

520 5065 600 5119 Eo
629 5065 768 5135 quod
800 5066 1113 5121 rltaritatem
1144 5065 1377 5120 veritatis
1419 5080 1522 5119 non
1579 5075 1916 5135 receperunt,
1963 5076 2023 5120 ut

2215 5066 2360 5119 ’Art)‘
2402 5057 2491 5119 ὧν
2529 5064 2646 5132 τὴν
2674 5063 2915 5133 ἀγάπην
2953 5062 3067 5132 τῆς
3097 5061 3386 5130 ἀληθείας
3431 5063 3544 5115 οὐκ
3583 5061 3707 5115 est.

454 5156 555 5227 ipsi
606 5155 739 5211 salvi
791 5157 1001 5227 ﬁerent.
1057 5156 1392 5212 Charitatem
1448 5156 1696 5213 veritatis
1745 5156 2023 5217 Christum

2135 5155 2319 5219 ξαντο
2349 5155 2438 5221 είς
2464 5154 2532 5208 τὸ
2570 5153 2839 5221 σωθῆναι
2867 5153 3112 5219 αὐτούς.
3155 5153 3401 5223 Ἀγάπην
3446 5152 3708 5222 ἀληθείας

458 5250 728 5319 appellat:
752 5258 1047 5320 utrumque
1073 5254 1216 5306 enim
1246 5258 1384 5316 erat,
1411 5259 1465 5305 et
1488 5260 1709 5320 propter
1738 5259 2023 5319 utrumque

2133 5247 2226 5301 τὸν
2247 5247 2481 5319 Χριστὸν
2513 5245 2702 5301 καλεῖ·
2734 5246 3021 5318 ἀμφότερα
3049 5245 3160 5317 γὰρ
3185 5242 3274 5310 ἦν,
3309 5244 3405 5299 καὶ
3428 5244 3496 5297 δι’
3519 5244 3706 5314 ἀμφό-

457 5339 708 5405 advenit,
743 5351 855 5397 tum
890 5343 1017 5412 quia
1049 5342 1295 5412 diligeret
1325 5341 1599 5408 homines,
1638 5349 1748 5395 tum
1786 5349 1845 5395 ttt
1870 5342 2023 5396 veri-

2135 5355 2269 5409 τερα
2301 5338 2662 5408 παρεγένετο,
2693 5335 2791 5388 καὶ
2821 5334 3048 5402 ἀγαπῶν
3077 5335 3205 5398 τοὺς
3234 5331 3579 5422 ἀνθρώπους,
3610 5332 3708 5385 καὶ

459 5441 621 5488 tatem
647 5435 1101 5509 submonstraret.
1131 5433 1311 5490 lnnuit
1334 5443 1537 5498 autem,
1571 5432 1717 5505 quod
1736 5431 2023 5503 plurimum

2135 5432 2226 5488 ἵνα
2259 5431 2359 5501 τὴν
2395 5430 2654 5500 ἀλήθειαν
2707 5426 2985 5499 ὑποδείξῃ.
3032 5427 3338 5481 Δίνίττεται
3383 5424 3441 5479 δὲ
3484 5425 3569 5478 ὅτι
3605 5426 3706 5494 μά-
3744 5471 3757 5481 ,

562 5572 588 5601 '
624 5564 816 5622 Matth.
849 5584 992 5630 utv,
1032 5565 1115 5623 Η.

1749 5680 1948 5744 Varia:
1995 5680 2327 5746 lectiones.
2406 5715 2423 5726 ο

534 5791 579 5823 ⁹²
605 5792 794 5867 ὥσπερ
827 5813 880 5852 o.
960 5800 1003 5831 9’
1045 5798 1167 5852 καθ’
1192 5799 1250 5853 ὃν
1282 5800 1371 5855 καὶ
1400 5802 1613 5873 ἐνεργεῖ
1641 5820 1713 5857 m.
