  <div class='ocr_page' id='page_1' title='image "/cluster/home/n/w/nwhite01/storage/ocr_20150623/124/hvd.32044019208206/734.png"; bbox 0 0 3994 6550; ppageno 0'>
   <div class='ocr_carea' id='block_1_1' title="bbox 273 360 412 426">
    <p class='ocr_par' dir='ltr' id='par_1_1' title="bbox 273 360 412 426">
     <span class='ocr_line' id='line_1_1' title="bbox 273 360 412 426; baseline -0.014 0"><span class='ocrx_word' id='word_1_1' title='bbox 273 360 412 426; x_wconf 67' lang='grc'><strong>1345</strong></span> 
     </span>
    </p>
   </div>
   <div class='ocr_carea' id='block_1_2' title="bbox 990 356 2780 422">
    <p class='ocr_par' dir='ltr' id='par_1_2' title="bbox 990 356 2780 422">
     <span class='ocr_line' id='line_1_2' title="bbox 990 356 2780 422; baseline -0.004 0"><span class='ocrx_word' id='word_1_2' title='bbox 990 357 1396 422; x_wconf 81' lang='lat' dir='ltr'><strong>EXPOSITIO</strong></span> <span class='ocrx_word' id='word_1_3' title='bbox 1439 357 1521 417; x_wconf 78' lang='lat' dir='ltr'><strong>IN</strong></span> <span class='ocrx_word' id='word_1_4' title='bbox 1564 358 1812 419; x_wconf 86' lang='lat' dir='ltr'><strong>EPIST.</strong></span> <span class='ocrx_word' id='word_1_5' title='bbox 1858 356 2057 418; x_wconf 85' lang='grc' dir='ltr'><strong>ΙΙ-ΑΙ)</strong></span> <span class='ocrx_word' id='word_1_6' title='bbox 2088 357 2350 419; x_wconf 87' lang='lat' dir='ltr'><strong>THESS.</strong></span> <span class='ocrx_word' id='word_1_7' title='bbox 2394 357 2648 418; x_wconf 71' lang='lat' dir='ltr'><strong>--CAP.</strong></span> <span class='ocrx_word' id='word_1_8' title='bbox 2694 356 2780 416; x_wconf 83' lang='lat' dir='ltr'><strong>ll.</strong></span> 
     </span>
    </p>
   </div>
   <div class='ocr_carea' id='block_1_3' title="bbox 3404 355 3542 422">
    <p class='ocr_par' dir='ltr' id='par_1_3' title="bbox 3404 355 3542 422">
     <span class='ocr_line' id='line_1_3' title="bbox 3404 355 3542 422; baseline -0.022 0"><span class='ocrx_word' id='word_1_9' title='bbox 3404 355 3542 422; x_wconf 75' lang='grc'><strong>1346</strong></span> 
     </span>
    </p>
   </div>
   <div class='ocr_carea' id='block_1_4' title="bbox 275 463 1864 546">
    <p class='ocr_par' dir='ltr' id='par_1_4' title="bbox 275 463 1848 546">
     <span class='ocr_line' id='line_1_4' title="bbox 275 463 1848 546; baseline -0.004 -17"><span class='ocrx_word' id='word_1_10' title='bbox 275 477 431 530; x_wconf 80' lang='grc' dir='ltr'>λιστα</span> <span class='ocrx_word' id='word_1_11' title='bbox 457 471 592 546; x_wconf 71' lang='grc' dir='ltr'>πρὸς</span> <span class='ocrx_word' id='word_1_12' title='bbox 625 472 671 503; x_wconf 65' lang='grc' dir='ltr'><strong>οδ</strong></span> <span class='ocrx_word' id='word_1_13' title='bbox 696 469 974 533; x_wconf 80' lang='grc' dir='ltr'>Ἰουδαίοις</span> <span class='ocrx_word' id='word_1_14' title='bbox 1007 469 1216 540; x_wconf 80' lang='grc' dir='ltr'><strong>ἰσχύσει</strong></span> <span class='ocrx_word' id='word_1_15' title='bbox 1242 471 1270 524; x_wconf 99' lang='lat'><strong>6</strong></span> <span class='ocrx_word' id='word_1_16' title='bbox 1297 469 1496 534; x_wconf 81' lang='grc' dir='ltr'><strong>πλάνος</strong></span> <span class='ocrx_word' id='word_1_17' title='bbox 1517 487 1532 502; x_wconf 77' lang='grc' dir='ltr'><strong><em>ο</em></strong></span> <span class='ocrx_word' id='word_1_18' title='bbox 1565 463 1710 524; x_wconf 72' lang='grc' dir='ltr'>οὗτοι</span> <span class='ocrx_word' id='word_1_19' title='bbox 1738 469 1848 539; x_wconf 81' lang='grc' dir='ltr'><strong>γὰρ</strong></span> 
     </span>
    </p>
   </div>
   <div class='ocr_carea' id='block_1_5' title="bbox 1974 463 3539 546">
    <p class='ocr_par' dir='ltr' id='par_1_5' title="bbox 1974 468 3539 538">
     <span class='ocr_line' id='line_1_5' title="bbox 1974 468 3539 538; baseline 0.001 -14"><span class='ocrx_word' id='word_1_20' title='bbox 1974 470 2036 524; x_wconf 73' lang='lat' dir='ltr'><strong>sit</strong></span> <span class='ocrx_word' id='word_1_21' title='bbox 2076 469 2290 525; x_wconf 85' lang='lat' dir='ltr'><strong>roboris</strong></span> <span class='ocrx_word' id='word_1_22' title='bbox 2333 469 2615 524; x_wconf 85' lang='lat' dir='ltr'><strong>habiturus</strong></span> <span class='ocrx_word' id='word_1_23' title='bbox 2651 468 2918 538; x_wconf 90' lang='lat' dir='ltr'><strong>impostor</strong></span> <span class='ocrx_word' id='word_1_24' title='bbox 2967 469 3056 524; x_wconf 88' lang='lat' dir='ltr'><strong>ille</strong></span> <span class='ocrx_word' id='word_1_25' title='bbox 3094 470 3235 538; x_wconf 89' lang='lat' dir='ltr'><strong>apud</strong></span> <span class='ocrx_word' id='word_1_26' title='bbox 3269 469 3482 526; x_wconf 71' lang='lat' dir='ltr'><strong>Judmos</strong></span> <span class='ocrx_word' id='word_1_27' title='bbox 3523 489 3539 525; x_wconf 91' lang='lat'><strong>:</strong></span> 
     </span>
    </p>
   </div>
   <div class='ocr_carea' id='block_1_6' title="bbox 269 561 1850 633">
    <p class='ocr_par' dir='ltr' id='par_1_6' title="bbox 269 561 1850 633">
     <span class='ocr_line' id='line_1_6' title="bbox 269 561 1850 633; baseline -0.004 -13"><span class='ocrx_word' id='word_1_28' title='bbox 269 568 370 620; x_wconf 89' lang='grc' dir='ltr'><strong>οὐκ</strong></span> <span class='ocrx_word' id='word_1_29' title='bbox 401 565 654 631; x_wconf 78' lang='grc' dir='ltr'>ἐδέξαντο</span> <span class='ocrx_word' id='word_1_30' title='bbox 701 564 795 618; x_wconf 79' lang='grc' dir='ltr'>τὸν</span> <span class='ocrx_word' id='word_1_31' title='bbox 841 563 1076 633; x_wconf 78' lang='grc' dir='ltr'>Χριστὸν</span> <span class='ocrx_word' id='word_1_32' title='bbox 1096 603 1126 630; x_wconf 26' lang='grc' dir='ltr'><strong>,π</strong></span> <span class='ocrx_word' id='word_1_33' title='bbox 1153 563 1275 616; x_wconf 79' lang='grc' dir='ltr'>οὐτε</span> <span class='ocrx_word' id='word_1_34' title='bbox 1316 565 1644 618; x_wconf 77' lang='grc' dir='ltr'>ἐπίστευσαν</span> <span class='ocrx_word' id='word_1_35' title='bbox 1675 561 1850 630; x_wconf 85' lang='grc' dir='ltr'>αὐτῷ.</span> 
     </span>
    </p>
   </div>
   <div class='ocr_carea' id='block_1_7' title="bbox 270 649 1854 726">
    <p class='ocr_par' dir='ltr' id='par_1_7' title="bbox 270 649 1854 726">
     <span class='ocr_line' id='line_1_7' title="bbox 270 649 1854 726; baseline -0.003 -16"><span class='ocrx_word' id='word_1_36' title='bbox 270 656 445 712; x_wconf 82' lang='grc' dir='ltr'>Τοῦτο</span> <span class='ocrx_word' id='word_1_37' title='bbox 473 656 584 726; x_wconf 86' lang='grc' dir='ltr'><strong>γὰρ</strong></span> <span class='ocrx_word' id='word_1_38' title='bbox 609 655 704 708; x_wconf 74' lang='grc' dir='ltr'><strong>καὶ</strong></span> <span class='ocrx_word' id='word_1_39' title='bbox 725 658 752 707; x_wconf 88' lang='lat'><strong>6</strong></span> <span class='ocrx_word' id='word_1_40' title='bbox 779 652 1017 725; x_wconf 85' lang='grc' dir='ltr'>Χριστὸς</span> <span class='ocrx_word' id='word_1_41' title='bbox 1046 653 1231 716; x_wconf 86' lang='grc' dir='ltr'>αὐτοῖς</span> <span class='ocrx_word' id='word_1_42' title='bbox 1255 653 1403 722; x_wconf 83' lang='grc' dir='ltr'><strong>λέγει</strong></span> <span class='ocrx_word' id='word_1_43' title='bbox 1425 670 1438 685; x_wconf 73' lang='grc'><strong>⁸</strong></span> <span class='ocrx_word' id='word_1_44' title='bbox 1489 653 1630 722; x_wconf 69' lang='grc' dir='ltr'><strong>Ἐγὼ</strong></span> <span class='ocrx_word' id='word_1_45' title='bbox 1660 649 1854 724; x_wconf 79' lang='grc' dir='ltr'>ἦλθον</span> 
     </span>
    </p>
   </div>
   <div class='ocr_carea' id='block_1_8' title="bbox 271 742 1854 813">
    <p class='ocr_par' dir='ltr' id='par_1_8' title="bbox 271 742 1854 813">
     <span class='ocr_line' id='line_1_8' title="bbox 271 742 1854 813; baseline -0.004 -11"><span class='ocrx_word' id='word_1_46' title='bbox 271 748 342 802; x_wconf 82' lang='grc' dir='ltr'><strong>ἐν</strong></span> <span class='ocrx_word' id='word_1_47' title='bbox 387 743 468 810; x_wconf 86' lang='grc' dir='ltr'>τῷ</span> <span class='ocrx_word' id='word_1_48' title='bbox 507 744 751 813; x_wconf 83' lang='grc' dir='ltr'>ὀνόματι</span> <span class='ocrx_word' id='word_1_49' title='bbox 803 743 910 797; x_wconf 87' lang='grc' dir='ltr'>τοῦ</span> <span class='ocrx_word' id='word_1_50' title='bbox 953 743 1186 810; x_wconf 85' lang='grc' dir='ltr'><em>Πατρός</em></span> <span class='ocrx_word' id='word_1_51' title='bbox 1227 757 1376 812; x_wconf 82' lang='grc' dir='ltr'>μου,</span> <span class='ocrx_word' id='word_1_52' title='bbox 1435 743 1532 797; x_wconf 78' lang='grc' dir='ltr'>καὶ</span> <span class='ocrx_word' id='word_1_53' title='bbox 1571 745 1684 796; x_wconf 83' lang='grc' dir='ltr'><strong>οὐκ</strong></span> <span class='ocrx_word' id='word_1_54' title='bbox 1729 742 1854 796; x_wconf 85' lang='grc' dir='ltr'>ἐδέ-</span> 
     </span>
    </p>
   </div>
   <div class='ocr_carea' id='block_1_9' title="bbox 275 833 1852 906">
    <p class='ocr_par' dir='ltr' id='par_1_9' title="bbox 275 833 1852 906">
     <span class='ocr_line' id='line_1_9' title="bbox 275 833 1852 906; baseline -0.004 -14"><span class='ocrx_word' id='word_1_55' title='bbox 275 835 466 903; x_wconf 81' lang='grc' dir='ltr'><strong>ξασθέ</strong></span> <span class='ocrx_word' id='word_1_56' title='bbox 503 851 609 906; x_wconf 80' lang='grc' dir='ltr'><strong>με’</strong></span> <span class='ocrx_word' id='word_1_57' title='bbox 641 833 751 888; x_wconf 81' lang='grc' dir='ltr'><strong>ἐὰν</strong></span> <span class='ocrx_word' id='word_1_58' title='bbox 788 833 982 901; x_wconf 79' lang='grc' dir='ltr'>ἄλλος</span> <span class='ocrx_word' id='word_1_59' title='bbox 1019 834 1169 903; x_wconf 78' lang='grc' dir='ltr'><strong>ἔλθῃ</strong></span> <span class='ocrx_word' id='word_1_60' title='bbox 1208 835 1276 887; x_wconf 82' lang='grc' dir='ltr'><strong>ἐν</strong></span> <span class='ocrx_word' id='word_1_61' title='bbox 1302 833 1382 899; x_wconf 86' lang='grc' dir='ltr'>τῷ</span> <span class='ocrx_word' id='word_1_62' title='bbox 1426 834 1558 900; x_wconf 74' lang='grc' dir='ltr'>ἰδίῳ</span> <span class='ocrx_word' id='word_1_63' title='bbox 1587 834 1852 902; x_wconf 81' lang='grc' dir='ltr'>ὀνόματι,</span> 
     </span>
    </p>
   </div>
   <div class='ocr_carea' id='block_1_10' title="bbox 271 928 844 998">
    <p class='ocr_par' dir='ltr' id='par_1_10' title="bbox 271 928 844 998">
     <span class='ocr_line' id='line_1_10' title="bbox 271 928 844 998; baseline -0.01 -11"><span class='ocrx_word' id='word_1_64' title='bbox 271 931 513 987; x_wconf 80' lang='grc' dir='ltr'>ἐκεῖνον</span> <span class='ocrx_word' id='word_1_65' title='bbox 545 928 844 998; x_wconf 74' lang='grc' dir='ltr'><strong>λήψεσθε.</strong></span> 
     </span>
    </p>
   </div>
   <div class='ocr_carea' id='block_1_11' title="bbox 344 1017 1857 1090">
    <p class='ocr_par' dir='ltr' id='par_1_11' title="bbox 344 1017 1857 1090">
     <span class='ocr_line' id='line_1_11' title="bbox 344 1017 1857 1090; baseline -0.002 -12"><span class='ocrx_word' id='word_1_66' title='bbox 344 1023 456 1078; x_wconf 78' lang='lat' dir='ltr'><strong>Kal</strong></span> <span class='ocrx_word' id='word_1_67' title='bbox 491 1021 590 1076; x_wconf 85' lang='grc' dir='ltr'>διὰ</span> <span class='ocrx_word' id='word_1_68' title='bbox 621 1020 800 1074; x_wconf 84' lang='grc' dir='ltr'>τοῦτο</span> <span class='ocrx_word' id='word_1_69' title='bbox 829 1017 1052 1090; x_wconf 74' lang='grc' dir='ltr'>πέμψει</span> <span class='ocrx_word' id='word_1_70' title='bbox 1085 1019 1291 1087; x_wconf 69' lang='grc' dir='ltr'>αὐτοῖς</span> <span class='ocrx_word' id='word_1_71' title='bbox 1314 1021 1349 1074; x_wconf 84' lang='grc' dir='ltr'><em>ό</em></span> <span class='ocrx_word' id='word_1_72' title='bbox 1379 1021 1522 1088; x_wconf 84' lang='grc' dir='ltr'><strong>Θεὸς</strong></span> <span class='ocrx_word' id='word_1_73' title='bbox 1548 1020 1857 1090; x_wconf 75' lang='grc' dir='ltr'>ἐνέργειαν</span> 
     </span>
    </p>
   </div>
   <div class='ocr_carea' id='block_1_12' title="bbox 277 1111 1854 1184">
    <p class='ocr_par' dir='ltr' id='par_1_12' title="bbox 277 1111 1854 1184">
     <span class='ocr_line' id='line_1_12' title="bbox 277 1111 1854 1184; baseline 0 -14"><span class='ocrx_word' id='word_1_74' title='bbox 277 1115 554 1184; x_wconf 81' lang='grc' dir='ltr'>πλάνης,</span> <span class='ocrx_word' id='word_1_75' title='bbox 601 1115 690 1179; x_wconf 80' lang='grc' dir='ltr'><strong>εὶς</strong></span> <span class='ocrx_word' id='word_1_76' title='bbox 736 1112 803 1166; x_wconf 88' lang='grc' dir='ltr'>τὸ</span> <span class='ocrx_word' id='word_1_77' title='bbox 847 1113 1176 1168; x_wconf 82' lang='grc' dir='ltr'>πιστεῦσαι</span> <span class='ocrx_word' id='word_1_78' title='bbox 1219 1112 1444 1178; x_wconf 86' lang='grc' dir='ltr'>αὐτοὺς</span> <span class='ocrx_word' id='word_1_79' title='bbox 1492 1111 1573 1178; x_wconf 82' lang='grc' dir='ltr'>τῷ</span> <span class='ocrx_word' id='word_1_80' title='bbox 1620 1113 1854 1182; x_wconf 72' lang='grc' dir='ltr'>ψεύδει.</span> 
     </span>
    </p>
   </div>
   <div class='ocr_carea' id='block_1_13' title="bbox 278 1205 1857 1280">
    <p class='ocr_par' dir='ltr' id='par_1_13' title="bbox 278 1205 1857 1280">
     <span class='ocr_line' id='line_1_13' title="bbox 278 1205 1857 1280; baseline -0.001 -18"><span class='ocrx_word' id='word_1_81' title='bbox 278 1208 516 1280; x_wconf 82' lang='grc' dir='ltr'>Πέμψει,</span> <span class='ocrx_word' id='word_1_82' title='bbox 548 1207 667 1261; x_wconf 72' lang='grc' dir='ltr'>ἀντὶ</span> <span class='ocrx_word' id='word_1_83' title='bbox 698 1207 814 1272; x_wconf 82' lang='grc' dir='ltr'>τοῦ,</span> <span class='ocrx_word' id='word_1_84' title='bbox 849 1207 1245 1277; x_wconf 73' lang='grc' dir='ltr'><strong>παραχωρήσει</strong></span> <span class='ocrx_word' id='word_1_85' title='bbox 1288 1206 1452 1260; x_wconf 82' lang='grc' dir='ltr'>αὐτὸν</span> <span class='ocrx_word' id='word_1_86' title='bbox 1479 1205 1673 1260; x_wconf 77' lang='grc' dir='ltr'>ἐλθεῖν.</span> <span class='ocrx_word' id='word_1_87' title='bbox 1714 1207 1857 1276; x_wconf 83' lang='grc' dir='ltr'>Ὅρα</span> 
     </span>
    </p>
   </div>
   <div class='ocr_carea' id='block_1_14' title="bbox 279 1294 1858 1368">
    <p class='ocr_par' dir='ltr' id='par_1_14' title="bbox 279 1294 1858 1368">
     <span class='ocr_line' id='line_1_14' title="bbox 279 1294 1858 1368; baseline 0.001 -18"><span class='ocrx_word' id='word_1_88' title='bbox 279 1297 359 1361; x_wconf 80' lang='grc' dir='ltr'><strong>δὲ,</strong></span> <span class='ocrx_word' id='word_1_89' title='bbox 385 1298 468 1350; x_wconf 82' lang='grc' dir='ltr'><strong>ὅτι</strong></span> <span class='ocrx_word' id='word_1_90' title='bbox 507 1295 724 1366; x_wconf 82' lang='grc' dir='ltr'>πρῶτον</span> <span class='ocrx_word' id='word_1_91' title='bbox 757 1297 960 1350; x_wconf 79' lang='grc' dir='ltr'>ἐκεῖνοι</span> <span class='ocrx_word' id='word_1_92' title='bbox 994 1294 1285 1350; x_wconf 80' lang='grc' dir='ltr'><strong>ἀπώσαντο</strong></span> <span class='ocrx_word' id='word_1_93' title='bbox 1322 1296 1420 1367; x_wconf 81' lang='grc' dir='ltr'>τὴν</span> <span class='ocrx_word' id='word_1_94' title='bbox 1448 1297 1731 1368; x_wconf 82' lang='grc' dir='ltr'>ἀλήθειαν,</span> <span class='ocrx_word' id='word_1_95' title='bbox 1765 1299 1858 1352; x_wconf 77' lang='grc' dir='ltr'>καὶ</span> 
     </span>
    </p>
   </div>
   <div class='ocr_carea' id='block_1_15' title="bbox 280 1385 1857 1458">
    <p class='ocr_par' dir='ltr' id='par_1_15' title="bbox 280 1385 1857 1458">
     <span class='ocr_line' id='line_1_15' title="bbox 280 1385 1857 1458; baseline 0 -18"><span class='ocrx_word' id='word_1_96' title='bbox 280 1387 402 1440; x_wconf 79' lang='grc' dir='ltr'>τότε</span> <span class='ocrx_word' id='word_1_97' title='bbox 432 1385 792 1455; x_wconf 74' lang='grc' dir='ltr'>ἐγκατέλιπεν</span> <span class='ocrx_word' id='word_1_98' title='bbox 821 1387 1018 1450; x_wconf 76' lang='grc' dir='ltr'>αὐτοὺς</span> <span class='ocrx_word' id='word_1_99' title='bbox 1049 1388 1077 1440; x_wconf 90' lang='lat'><strong>6</strong></span> <span class='ocrx_word' id='word_1_100' title='bbox 1113 1386 1270 1452; x_wconf 79' lang='grc' dir='ltr'>θεὸς,</span> <span class='ocrx_word' id='word_1_101' title='bbox 1303 1388 1398 1441; x_wconf 74' lang='grc' dir='ltr'><strong>καὶ</strong></span> <span class='ocrx_word' id='word_1_102' title='bbox 1421 1387 1729 1458; x_wconf 78' lang='grc' dir='ltr'>ἐκράτησεν</span> <span class='ocrx_word' id='word_1_103' title='bbox 1755 1389 1857 1442; x_wconf 90' lang='grc' dir='ltr'>αὐ-</span> 
     </span>
    </p>
   </div>
   <div class='ocr_carea' id='block_1_16' title="bbox 281 1477 1853 1552">
    <p class='ocr_par' dir='ltr' id='par_1_16' title="bbox 281 1477 1853 1552">
     <span class='ocr_line' id='line_1_16' title="bbox 281 1477 1853 1552; baseline 0.003 -21"><span class='ocrx_word' id='word_1_104' title='bbox 281 1477 393 1532; x_wconf 80' lang='grc' dir='ltr'>τῶν</span> <span class='ocrx_word' id='word_1_105' title='bbox 441 1479 502 1533; x_wconf 81' lang='grc' dir='ltr'><strong>τὸ</strong></span> <span class='ocrx_word' id='word_1_106' title='bbox 535 1479 752 1549; x_wconf 75' lang='grc' dir='ltr'>ψεῦδος.</span> <span class='ocrx_word' id='word_1_107' title='bbox 817 1480 1158 1548; x_wconf 80' lang='grc' dir='ltr'>Ἐνέργειαν</span> <span class='ocrx_word' id='word_1_108' title='bbox 1201 1481 1257 1534; x_wconf 79' lang='grc' dir='ltr'>δὲ</span> <span class='ocrx_word' id='word_1_109' title='bbox 1302 1480 1568 1549; x_wconf 77' lang='grc' dir='ltr'>πλάνης,</span> <span class='ocrx_word' id='word_1_110' title='bbox 1598 1483 1666 1537; x_wconf 72' lang='grc' dir='ltr'>τὰ</span> <span class='ocrx_word' id='word_1_111' title='bbox 1715 1483 1853 1552; x_wconf 74' lang='grc' dir='ltr'>ἔργα</span> 
     </span>
    </p>
   </div>
   <div class='ocr_carea' id='block_1_17' title="bbox 282 1571 1858 1644">
    <p class='ocr_par' dir='ltr' id='par_1_17' title="bbox 282 1571 1858 1644">
     <span class='ocr_line' id='line_1_17' title="bbox 282 1571 1858 1644; baseline 0.002 -19"><span class='ocrx_word' id='word_1_112' title='bbox 282 1573 448 1644; x_wconf 70' lang='grc' dir='ltr'>φησιν</span> <span class='ocrx_word' id='word_1_113' title='bbox 489 1571 892 1643; x_wconf 85' lang='grc' dir='ltr'>’Δντιχρίστου,</span> <span class='ocrx_word' id='word_1_114' title='bbox 925 1571 961 1626; x_wconf 80' lang='grc' dir='ltr'>ἃ</span> <span class='ocrx_word' id='word_1_115' title='bbox 989 1574 1136 1626; x_wconf 88' lang='grc' dir='ltr'>ποιεῖ</span> <span class='ocrx_word' id='word_1_116' title='bbox 1155 1573 1236 1636; x_wconf 82' lang='grc' dir='ltr'><strong>είς</strong></span> <span class='ocrx_word' id='word_1_117' title='bbox 1265 1573 1326 1625; x_wconf 83' lang='grc' dir='ltr'><strong>τὸ</strong></span> <span class='ocrx_word' id='word_1_118' title='bbox 1352 1573 1627 1643; x_wconf 77' lang='grc' dir='ltr'><strong>πλανῆσαι</strong></span> <span class='ocrx_word' id='word_1_119' title='bbox 1647 1591 1663 1607; x_wconf 79' lang='grc' dir='ltr'><strong><em>ο</em></strong></span> <span class='ocrx_word' id='word_1_120' title='bbox 1693 1574 1727 1644; x_wconf 82' lang='grc' dir='ltr'>ἢ</span> <span class='ocrx_word' id='word_1_121' title='bbox 1763 1575 1858 1628; x_wconf 73' lang='grc' dir='ltr'><strong>καὶ</strong></span> 
     </span>
    </p>
   </div>
   <div class='ocr_carea' id='block_1_18' title="bbox 282 1662 1860 1737">
    <p class='ocr_par' dir='ltr' id='par_1_18' title="bbox 282 1662 1860 1737">
     <span class='ocr_line' id='line_1_18' title="bbox 282 1662 1860 1737; baseline 0.003 -20"><span class='ocrx_word' id='word_1_122' title='bbox 282 1665 446 1718; x_wconf 82' lang='grc' dir='ltr'>αὐτὸν</span> <span class='ocrx_word' id='word_1_123' title='bbox 478 1663 668 1719; x_wconf 79' lang='grc' dir='ltr'>τοῦτον</span> <span class='ocrx_word' id='word_1_124' title='bbox 699 1665 745 1697; x_wconf 80' lang='grc'><strong>⁹⁵</strong></span> <span class='ocrx_word' id='word_1_125' title='bbox 779 1662 954 1727; x_wconf 76' lang='grc' dir='ltr'>οὕτως</span> <span class='ocrx_word' id='word_1_126' title='bbox 984 1663 1287 1735; x_wconf 86' lang='grc' dir='ltr'><strong>ὠνόμασεν,</strong></span> <span class='ocrx_word' id='word_1_127' title='bbox 1324 1665 1715 1737; x_wconf 82' lang='grc' dir='ltr'>ἐνεργούμενον</span> <span class='ocrx_word' id='word_1_128' title='bbox 1755 1667 1860 1721; x_wconf 77' lang='grc' dir='ltr'><strong>ὑπὸ</strong></span> 
     </span>
    </p>
   </div>
   <div class='ocr_carea' id='block_1_19' title="bbox 280 1755 1451 1826">
    <p class='ocr_par' dir='ltr' id='par_1_19' title="bbox 280 1755 1451 1826">
     <span class='ocr_line' id='line_1_19' title="bbox 280 1755 1451 1826; baseline -0.001 -16"><span class='ocrx_word' id='word_1_129' title='bbox 280 1755 374 1810; x_wconf 83' lang='grc' dir='ltr'><strong>τοῦ</strong></span> <span class='ocrx_word' id='word_1_130' title='bbox 406 1756 642 1818; x_wconf 84' lang='grc' dir='ltr'>Σατανᾶ,</span> <span class='ocrx_word' id='word_1_131' title='bbox 677 1755 764 1808; x_wconf 89' lang='grc' dir='ltr'><strong>διά</strong></span> <span class='ocrx_word' id='word_1_132' title='bbox 800 1755 860 1809; x_wconf 82' lang='grc' dir='ltr'><strong>τὸ</strong></span> <span class='ocrx_word' id='word_1_133' title='bbox 896 1755 1166 1826; x_wconf 80' lang='grc' dir='ltr'>πλανῆσαι</span> <span class='ocrx_word' id='word_1_134' title='bbox 1203 1755 1451 1816; x_wconf 80' lang='grc' dir='ltr'>πολλούς.</span> 
     </span>
    </p>
   </div>
   <div class='ocr_carea' id='block_1_20' title="bbox 1964 560 3540 632">
    <p class='ocr_par' dir='ltr' id='par_1_20' title="bbox 1964 560 3540 632">
     <span class='ocr_line' id='line_1_20' title="bbox 1964 560 3540 632; baseline 0.001 -17"><span class='ocrx_word' id='word_1_135' title='bbox 1964 561 2038 616; x_wconf 85' lang='lat' dir='ltr'><strong>illi</strong></span> <span class='ocrx_word' id='word_1_136' title='bbox 2092 562 2238 616; x_wconf 88' lang='lat' dir='ltr'><strong>enim</strong></span> <span class='ocrx_word' id='word_1_137' title='bbox 2279 577 2382 616; x_wconf 91' lang='lat' dir='ltr'><strong>non</strong></span> <span class='ocrx_word' id='word_1_138' title='bbox 2424 571 2748 632; x_wconf 84' lang='lat' dir='ltr'><strong>receperunt</strong></span> <span class='ocrx_word' id='word_1_139' title='bbox 2788 560 3089 629; x_wconf 76' lang='lat' dir='ltr'><strong>Christum,</strong></span> <span class='ocrx_word' id='word_1_140' title='bbox 3144 578 3319 632; x_wconf 81' lang='lat' dir='ltr'><strong>neque</strong></span> <span class='ocrx_word' id='word_1_141' title='bbox 3360 566 3540 619; x_wconf 86' lang='lat' dir='ltr'><strong>credi-</strong></span> 
     </span>
    </p>
   </div>
   <div class='ocr_carea' id='block_1_21' title="bbox 1963 653 3541 727">
    <p class='ocr_par' dir='ltr' id='par_1_21' title="bbox 1963 653 3541 727">
     <span class='ocr_line' id='line_1_21' title="bbox 1963 653 3541 727; baseline 0.001 -19"><span class='ocrx_word' id='word_1_142' title='bbox 1963 654 2159 709; x_wconf 87' lang='lat' dir='ltr'><strong>derunt</strong></span> <span class='ocrx_word' id='word_1_143' title='bbox 2191 653 2265 718; x_wconf 84' lang='lat' dir='ltr'><strong>ei,</strong></span> <span class='ocrx_word' id='word_1_144' title='bbox 2295 653 2346 708; x_wconf 88' lang='lat' dir='ltr'><strong>id</strong></span> <span class='ocrx_word' id='word_1_145' title='bbox 2383 654 2526 723; x_wconf 91' lang='lat' dir='ltr'><strong>quod</strong></span> <span class='ocrx_word' id='word_1_146' title='bbox 2555 653 2806 710; x_wconf 77' lang='lat' dir='ltr'><strong>Christus</strong></span> <span class='ocrx_word' id='word_1_147' title='bbox 2838 656 2917 710; x_wconf 87' lang='lat' dir='ltr'><strong>eis</strong></span> <span class='ocrx_word' id='word_1_148' title='bbox 2941 655 3073 713; x_wconf 92' lang='lat' dir='ltr'><strong>dicit</strong></span> <span class='ocrx_word' id='word_1_149' title='bbox 3131 677 3143 712; x_wconf 90' lang='lat'><strong>:</strong></span> <span class='ocrx_word' id='word_1_150' title='bbox 3198 656 3307 727; x_wconf 81' lang='lat' dir='ltr'><strong>Ego</strong></span> <span class='ocrx_word' id='word_1_151' title='bbox 3334 658 3448 711; x_wconf 84' lang='lat' dir='ltr'><strong>veni</strong></span> <span class='ocrx_word' id='word_1_152' title='bbox 3485 657 3541 710; x_wconf 89' lang='lat' dir='ltr'><strong>in</strong></span> 
     </span>
    </p>
   </div>
   <div class='ocr_carea' id='block_1_22' title="bbox 1963 744 3541 816">
    <p class='ocr_par' dir='ltr' id='par_1_22' title="bbox 1963 744 3541 816">
     <span class='ocr_line' id='line_1_22' title="bbox 1963 744 3541 816; baseline 0.003 -17"><span class='ocrx_word' id='word_1_153' title='bbox 1963 747 2172 799; x_wconf 80' lang='lat' dir='ltr'><strong>nomine</strong></span> <span class='ocrx_word' id='word_1_154' title='bbox 2203 744 2385 799; x_wconf 86' lang='lat' dir='ltr'><strong>Patris</strong></span> <span class='ocrx_word' id='word_1_155' title='bbox 2434 747 2554 812; x_wconf 87' lang='lat' dir='ltr'><strong>mei,</strong></span> <span class='ocrx_word' id='word_1_156' title='bbox 2589 756 2638 800; x_wconf 89' lang='lat' dir='ltr'><strong>et</strong></span> <span class='ocrx_word' id='word_1_157' title='bbox 2674 763 2776 800; x_wconf 87' lang='lat' dir='ltr'><strong>non</strong></span> <span class='ocrx_word' id='word_1_158' title='bbox 2813 749 3115 816; x_wconf 83' lang='lat' dir='ltr'><strong>suscepistis</strong></span> <span class='ocrx_word' id='word_1_159' title='bbox 3145 765 3246 804; x_wconf 89' lang='lat' dir='ltr'><strong>me.</strong></span> <span class='ocrx_word' id='word_1_160' title='bbox 3295 747 3356 804; x_wconf 90' lang='lat' dir='ltr'><strong>Si</strong></span> <span class='ocrx_word' id='word_1_161' title='bbox 3399 749 3541 804; x_wconf 87' lang='lat' dir='ltr'><strong>alius</strong></span> 
     </span>
    </p>
   </div>
   <div class='ocr_carea' id='block_1_23' title="bbox 1964 839 3191 908">
    <p class='ocr_par' dir='ltr' id='par_1_23' title="bbox 1964 839 3191 908">
     <span class='ocr_line' id='line_1_23' title="bbox 1964 839 3191 908; baseline 0.003 -17"><span class='ocrx_word' id='word_1_162' title='bbox 1964 840 2163 893; x_wconf 81' lang='lat' dir='ltr'><strong>renerit</strong></span> <span class='ocrx_word' id='word_1_163' title='bbox 2199 839 2254 892; x_wconf 83' lang='lat' dir='ltr'><strong>in</strong></span> <span class='ocrx_word' id='word_1_164' title='bbox 2287 840 2495 894; x_wconf 82' lang='lat' dir='ltr'><strong><em>nomine</em></strong></span> <span class='ocrx_word' id='word_1_165' title='bbox 2519 855 2636 905; x_wconf 85' lang='lat' dir='ltr'><strong>suo,</strong></span> <span class='ocrx_word' id='word_1_166' title='bbox 2676 840 2836 892; x_wconf 87' lang='lat' dir='ltr'><strong>istum</strong></span> <span class='ocrx_word' id='word_1_167' title='bbox 2858 840 3122 908; x_wconf 77' lang='lat' dir='ltr'><strong>recipietis</strong></span> <span class='ocrx_word' id='word_1_168' title='bbox 3145 850 3191 894; x_wconf 78' lang='grc' dir='ltr'><strong>ι.</strong></span> 
     </span>
    </p>
   </div>
   <div class='ocr_carea' id='block_1_24' title="bbox 2036 1021 3548 1094">
    <p class='ocr_par' dir='ltr' id='par_1_24' title="bbox 2036 1021 3548 1094">
     <span class='ocr_line' id='line_1_24' title="bbox 2036 1021 3548 1094; baseline 0.001 -18"><span class='ocrx_word' id='word_1_169' title='bbox 2036 1021 2202 1079; x_wconf 68' lang='lat' dir='ltr'><strong>Vens.</strong></span> <span class='ocrx_word' id='word_1_170' title='bbox 2243 1023 2326 1078; x_wconf 74' lang='lat' dir='ltr'><strong>li.</strong></span> <span class='ocrx_word' id='word_1_171' title='bbox 2366 1023 2433 1076; x_wconf 88' lang='lat' dir='ltr'><strong>Et</strong></span> <span class='ocrx_word' id='word_1_172' title='bbox 2475 1024 2590 1077; x_wconf 87' lang='lat' dir='ltr'><strong>ideo</strong></span> <span class='ocrx_word' id='word_1_173' title='bbox 2623 1024 2794 1077; x_wconf 78' lang='lat' dir='ltr'><strong>mittet</strong></span> <span class='ocrx_word' id='word_1_174' title='bbox 2843 1023 2951 1078; x_wconf 90' lang='lat' dir='ltr'><strong>illis</strong></span> <span class='ocrx_word' id='word_1_175' title='bbox 3000 1023 3140 1077; x_wconf 84' lang='lat' dir='ltr'><strong>Deus</strong></span> <span class='ocrx_word' id='word_1_176' title='bbox 3188 1025 3548 1094; x_wconf 82' lang='lat' dir='ltr'><strong>operationem</strong></span> 
     </span>
    </p>
   </div>
   <div class='ocr_carea' id='block_1_25' title="bbox 1965 1114 3551 1186">
    <p class='ocr_par' dir='ltr' id='par_1_25' title="bbox 1965 1114 3551 1186">
     <span class='ocr_line' id='line_1_25' title="bbox 1965 1114 3551 1186; baseline 0.001 -16"><span class='ocrx_word' id='word_1_177' title='bbox 1965 1117 2184 1182; x_wconf 84' lang='lat' dir='ltr'><strong>erroris,</strong></span> <span class='ocrx_word' id='word_1_178' title='bbox 2213 1126 2267 1169; x_wconf 87' lang='lat' dir='ltr'><strong>ut</strong></span> <span class='ocrx_word' id='word_1_179' title='bbox 2289 1118 2392 1185; x_wconf 86' lang='lat' dir='ltr'><strong>ipsi</strong></span> <span class='ocrx_word' id='word_1_180' title='bbox 2424 1117 2644 1170; x_wconf 82' lang='lat' dir='ltr'><strong>credant</strong></span> <span class='ocrx_word' id='word_1_181' title='bbox 2675 1117 2971 1170; x_wconf 86' lang='lat' dir='ltr'><strong>mendacio.</strong></span> <span class='ocrx_word' id='word_1_182' title='bbox 3007 1114 3207 1182; x_wconf 85' lang='lat' dir='ltr'><strong>Mittet,</strong></span> <span class='ocrx_word' id='word_1_183' title='bbox 3251 1130 3369 1186; x_wconf 85' lang='lat' dir='ltr'><strong>pro,</strong></span> <span class='ocrx_word' id='word_1_184' title='bbox 3407 1118 3551 1172; x_wconf 84' lang='lat' dir='ltr'><strong>sinet</strong></span> 
     </span>
    </p>
   </div>
   <div class='ocr_carea' id='block_1_26' title="bbox 1965 1208 3552 1278">
    <p class='ocr_par' dir='ltr' id='par_1_26' title="bbox 1965 1208 3552 1278">
     <span class='ocr_line' id='line_1_26' title="bbox 1965 1208 3552 1278; baseline 0 -16"><span class='ocrx_word' id='word_1_185' title='bbox 1965 1210 2140 1278; x_wconf 90' lang='lat' dir='ltr'><strong>ipsum</strong></span> <span class='ocrx_word' id='word_1_186' title='bbox 2174 1209 2380 1263; x_wconf 89' lang='lat' dir='ltr'><strong>venire.</strong></span> <span class='ocrx_word' id='word_1_187' title='bbox 2414 1208 2804 1264; x_wconf 83' lang='lat' dir='ltr'><strong>Animadverte</strong></span> <span class='ocrx_word' id='word_1_188' title='bbox 2832 1217 3034 1272; x_wconf 89' lang='lat' dir='ltr'><strong>autem,</strong></span> <span class='ocrx_word' id='word_1_189' title='bbox 3063 1210 3203 1277; x_wconf 91' lang='lat' dir='ltr'><strong>quod</strong></span> <span class='ocrx_word' id='word_1_190' title='bbox 3239 1209 3340 1277; x_wconf 87' lang='lat' dir='ltr'><strong>ipsi</strong></span> <span class='ocrx_word' id='word_1_191' title='bbox 3374 1209 3552 1277; x_wconf 90' lang='lat' dir='ltr'><strong>primo</strong></span> 
     </span>
    </p>
   </div>
   <div class='ocr_carea' id='block_1_27' title="bbox 1965 1299 3552 1372">
    <p class='ocr_par' dir='ltr' id='par_1_27' title="bbox 1965 1299 3552 1372">
     <span class='ocr_line' id='line_1_27' title="bbox 1965 1299 3552 1372; baseline -0.001 -15"><span class='ocrx_word' id='word_1_192' title='bbox 1965 1303 2265 1372; x_wconf 87' lang='lat' dir='ltr'><strong>repuleriut</strong></span> <span class='ocrx_word' id='word_1_193' title='bbox 2299 1303 2608 1366; x_wconf 85' lang='lat' dir='ltr'><strong>veritatem,</strong></span> <span class='ocrx_word' id='word_1_194' title='bbox 2659 1310 2714 1356; x_wconf 88' lang='lat' dir='ltr'><strong>et</strong></span> <span class='ocrx_word' id='word_1_195' title='bbox 2766 1311 2876 1354; x_wconf 91' lang='lat' dir='ltr'><strong>tum</strong></span> <span class='ocrx_word' id='word_1_196' title='bbox 2934 1307 3121 1369; x_wconf 88' lang='lat' dir='ltr'><strong>postea</strong></span> <span class='ocrx_word' id='word_1_197' title='bbox 3177 1299 3400 1369; x_wconf 89' lang='lat' dir='ltr'><strong>reliquit</strong></span> <span class='ocrx_word' id='word_1_198' title='bbox 3455 1314 3552 1355; x_wconf 87' lang='lat' dir='ltr'><strong>eos</strong></span> 
     </span>
    </p>
   </div>
   <div class='ocr_carea' id='block_1_28' title="bbox 1968 1388 3550 1460">
    <p class='ocr_par' dir='ltr' id='par_1_28' title="bbox 1968 1388 3550 1460">
     <span class='ocr_line' id='line_1_28' title="bbox 1968 1388 3550 1460; baseline -0.001 -14"><span class='ocrx_word' id='word_1_199' title='bbox 1968 1392 2132 1460; x_wconf 89' lang='lat' dir='ltr'><strong>Deus,</strong></span> <span class='ocrx_word' id='word_1_200' title='bbox 2161 1408 2223 1447; x_wconf 90' lang='lat' dir='ltr'><strong>ac</strong></span> <span class='ocrx_word' id='word_1_201' title='bbox 2250 1391 2584 1446; x_wconf 86' lang='lat' dir='ltr'><strong>dominatum</strong></span> <span class='ocrx_word' id='word_1_202' title='bbox 2615 1399 2703 1446; x_wconf 88' lang='lat' dir='ltr'><strong>est</strong></span> <span class='ocrx_word' id='word_1_203' title='bbox 2732 1391 2783 1445; x_wconf 92' lang='lat' dir='ltr'><strong>in</strong></span> <span class='ocrx_word' id='word_1_204' title='bbox 2815 1404 2910 1446; x_wconf 87' lang='lat' dir='ltr'><strong>eos</strong></span> <span class='ocrx_word' id='word_1_205' title='bbox 2943 1388 3307 1444; x_wconf 88' lang='lat' dir='ltr'><strong>mendacium.</strong></span> <span class='ocrx_word' id='word_1_206' title='bbox 3341 1389 3550 1457; x_wconf 85' lang='lat' dir='ltr'><strong>Opera-</strong></span> 
     </span>
    </p>
   </div>
   <div class='ocr_carea' id='block_1_29' title="bbox 1914 1481 3551 1551">
    <p class='ocr_par' dir='ltr' id='par_1_29' title="bbox 1914 1481 3551 1551">
     <span class='ocr_line' id='line_1_29' title="bbox 1914 1481 3551 1551; baseline -0.001 -14"><span class='ocrx_word' id='word_1_207' title='bbox 1914 1497 1920 1502; x_wconf 88' lang='lat'>&#39;</span> <span class='ocrx_word' id='word_1_208' title='bbox 1967 1485 2159 1538; x_wconf 85' lang='lat' dir='ltr'><strong>tionem</strong></span> <span class='ocrx_word' id='word_1_209' title='bbox 2191 1493 2368 1538; x_wconf 89' lang='lat' dir='ltr'><strong>autem</strong></span> <span class='ocrx_word' id='word_1_210' title='bbox 2404 1483 2602 1537; x_wconf 90' lang='lat' dir='ltr'><strong>erroris</strong></span> <span class='ocrx_word' id='word_1_211' title='bbox 2657 1495 2820 1551; x_wconf 83' lang='lat' dir='ltr'><strong>opera</strong></span> <span class='ocrx_word' id='word_1_212' title='bbox 2854 1481 3176 1537; x_wconf 83' lang='lat' dir='ltr'><strong>Antichristi</strong></span> <span class='ocrx_word' id='word_1_213' title='bbox 3217 1493 3395 1548; x_wconf 85' lang='lat' dir='ltr'><strong>vocat,</strong></span> <span class='ocrx_word' id='word_1_214' title='bbox 3429 1495 3551 1550; x_wconf 69' lang='lat' dir='ltr'><strong>quae</strong></span> 
     </span>
    </p>
   </div>
   <div class='ocr_carea' id='block_1_30' title="bbox 1969 1573 3555 1645">
    <p class='ocr_par' dir='ltr' id='par_1_30' title="bbox 1969 1573 3555 1645">
     <span class='ocr_line' id='line_1_30' title="bbox 1969 1573 3555 1645; baseline -0.001 -17"><span class='ocrx_word' id='word_1_215' title='bbox 1969 1576 2098 1631; x_wconf 78' lang='lat' dir='ltr'><strong>facit</strong></span> <span class='ocrx_word' id='word_1_216' title='bbox 2135 1585 2194 1630; x_wconf 89' lang='lat' dir='ltr'><strong>ut</strong></span> <span class='ocrx_word' id='word_1_217' title='bbox 2226 1575 2462 1645; x_wconf 83' lang='lat' dir='ltr'><strong>decipiat</strong></span> <span class='ocrx_word' id='word_1_218' title='bbox 2493 1592 2507 1628; x_wconf 91' lang='lat'><strong>:</strong></span> <span class='ocrx_word' id='word_1_219' title='bbox 2547 1576 2625 1631; x_wconf 87' lang='lat' dir='ltr'><strong>vel</strong></span> <span class='ocrx_word' id='word_1_220' title='bbox 2677 1575 2829 1628; x_wconf 90' lang='lat' dir='ltr'><strong>illum</strong></span> <span class='ocrx_word' id='word_1_221' title='bbox 2866 1575 3042 1644; x_wconf 89' lang='lat' dir='ltr'><strong>ipsum</strong></span> <span class='ocrx_word' id='word_1_222' title='bbox 3106 1575 3187 1628; x_wconf 87' lang='lat' dir='ltr'><strong>sie</strong></span> <span class='ocrx_word' id='word_1_223' title='bbox 3255 1573 3555 1628; x_wconf 82' lang='lat' dir='ltr'><strong>nominavit</strong></span> 
     </span>
    </p>
   </div>
   <div class='ocr_carea' id='block_1_31' title="bbox 1968 1666 3480 1739">
    <p class='ocr_par' dir='ltr' id='par_1_31' title="bbox 1968 1666 3480 1739">
     <span class='ocr_line' id='line_1_31' title="bbox 1968 1666 3480 1739; baseline -0.005 -15"><span class='ocrx_word' id='word_1_224' title='bbox 1968 1679 2175 1725; x_wconf 92' lang='lat' dir='ltr'><strong>motum</strong></span> <span class='ocrx_word' id='word_1_225' title='bbox 2211 1677 2266 1723; x_wconf 88' lang='lat' dir='ltr'><strong>et</strong></span> <span class='ocrx_word' id='word_1_226' title='bbox 2299 1668 2563 1739; x_wconf 82' lang='lat' dir='ltr'><strong>agitatum</strong></span> <span class='ocrx_word' id='word_1_227' title='bbox 2595 1682 2625 1721; x_wconf 90' lang='lat' dir='ltr'><strong>a</strong></span> <span class='ocrx_word' id='word_1_228' title='bbox 2655 1666 2885 1730; x_wconf 85' lang='lat' dir='ltr'><strong>Satana,</strong></span> <span class='ocrx_word' id='word_1_229' title='bbox 2918 1677 2976 1722; x_wconf 90' lang='lat' dir='ltr'><strong>ut</strong></span> <span class='ocrx_word' id='word_1_230' title='bbox 3007 1666 3207 1722; x_wconf 90' lang='lat' dir='ltr'><strong>multos</strong></span> <span class='ocrx_word' id='word_1_231' title='bbox 3237 1667 3480 1721; x_wconf 77' lang='lat' dir='ltr'><strong>seducet.</strong></span> 
     </span>
    </p>
   </div>
   <div class='ocr_carea' id='block_1_32' title="bbox 352 1841 1864 1918">
    <p class='ocr_par' dir='ltr' id='par_1_32' title="bbox 352 1845 1861 1918">
     <span class='ocr_line' id='line_1_32' title="bbox 352 1845 1861 1918; baseline 0.003 -18"><span class='ocrx_word' id='word_1_232' title='bbox 352 1849 488 1901; x_wconf 84' lang='grc' dir='ltr'><strong>Ἵνα</strong></span> <span class='ocrx_word' id='word_1_233' title='bbox 535 1845 783 1915; x_wconf 83' lang='grc' dir='ltr'><strong>κριθῶσι</strong></span> <span class='ocrx_word' id='word_1_234' title='bbox 838 1846 1065 1914; x_wconf 81' lang='grc' dir='ltr'>πάντες</span> <span class='ocrx_word' id='word_1_235' title='bbox 1105 1851 1158 1902; x_wconf 80' lang='grc' dir='ltr'>οἱ</span> <span class='ocrx_word' id='word_1_236' title='bbox 1192 1848 1277 1918; x_wconf 79' lang='grc' dir='ltr'>μὴ</span> <span class='ocrx_word' id='word_1_237' title='bbox 1305 1850 1748 1916; x_wconf 79' lang='grc' dir='ltr'><strong>πιστεύσαντες</strong></span> <span class='ocrx_word' id='word_1_238' title='bbox 1789 1848 1861 1918; x_wconf 77' lang='grc' dir='ltr'>τῇ</span> 
     </span>
    </p>
   </div>
   <div class='ocr_carea' id='block_1_33' title="bbox 1974 1841 3552 1918">
    <p class='ocr_par' dir='ltr' id='par_1_33' title="bbox 2037 1844 3552 1918">
     <span class='ocr_line' id='line_1_33' title="bbox 2037 1844 3552 1918; baseline -0.005 -13"><span class='ocrx_word' id='word_1_239' title='bbox 2037 1849 2204 1905; x_wconf 70' lang='lat' dir='ltr'><strong>Vens.</strong></span> <span class='ocrx_word' id='word_1_240' title='bbox 2239 1848 2328 1904; x_wconf 72' lang='grc'><strong>12.</strong></span> <span class='ocrx_word' id='word_1_241' title='bbox 2373 1847 2438 1902; x_wconf 88' lang='lat' dir='ltr'><strong>Ut</strong></span> <span class='ocrx_word' id='word_1_242' title='bbox 2459 1849 2778 1918; x_wconf 82' lang='lat' dir='ltr'><strong>judicenlur</strong></span> <span class='ocrx_word' id='word_1_243' title='bbox 2808 1863 2987 1901; x_wconf 87' lang='lat' dir='ltr'><strong>omnes</strong></span> <span class='ocrx_word' id='word_1_244' title='bbox 3035 1846 3125 1916; x_wconf 86' lang='lat' dir='ltr'><strong>qui</strong></span> <span class='ocrx_word' id='word_1_245' title='bbox 3159 1861 3265 1899; x_wconf 80' lang='lat' dir='ltr'><strong>non</strong></span> <span class='ocrx_word' id='word_1_246' title='bbox 3306 1844 3552 1898; x_wconf 83' lang='lat' dir='ltr'><strong>credide-</strong></span> 
     </span>
    </p>
   </div>
   <div class='ocr_carea' id='block_1_34' title="bbox 279 1938 1865 2009">
    <p class='ocr_par' dir='ltr' id='par_1_34' title="bbox 279 1938 1865 2009">
     <span class='ocr_line' id='line_1_34' title="bbox 279 1938 1865 2009; baseline 0.001 -16"><span class='ocrx_word' id='word_1_247' title='bbox 279 1939 553 2008; x_wconf 80' lang='grc' dir='ltr'>ἀληθείῃ,</span> <span class='ocrx_word' id='word_1_248' title='bbox 588 1939 728 1993; x_wconf 82' lang='grc' dir='ltr'>ἀλλ’</span> <span class='ocrx_word' id='word_1_249' title='bbox 767 1938 1220 2008; x_wconf 80' lang='grc' dir='ltr'><strong>εὐδοκήσαντες</strong></span> <span class='ocrx_word' id='word_1_250' title='bbox 1252 1941 1320 1994; x_wconf 84' lang='grc' dir='ltr'><strong>ἐν</strong></span> <span class='ocrx_word' id='word_1_251' title='bbox 1362 1940 1436 2009; x_wconf 79' lang='grc' dir='ltr'>τῇ</span> <span class='ocrx_word' id='word_1_252' title='bbox 1468 1941 1693 2008; x_wconf 79' lang='grc' dir='ltr'><strong>ἀδικίᾳ.</strong></span> <span class='ocrx_word' id='word_1_253' title='bbox 1750 1943 1865 1994; x_wconf 87' lang='grc' dir='ltr'>Οὐκ</span> 
     </span>
    </p>
   </div>
   <div class='ocr_carea' id='block_1_35' title="bbox 278 2027 1863 2101">
    <p class='ocr_par' dir='ltr' id='par_1_35' title="bbox 278 2027 1863 2101">
     <span class='ocr_line' id='line_1_35' title="bbox 278 2027 1863 2101; baseline 0.001 -19"><span class='ocrx_word' id='word_1_254' title='bbox 278 2027 453 2094; x_wconf 74' lang='grc' dir='ltr'>εἶπεν,</span> <span class='ocrx_word' id='word_1_255' title='bbox 479 2031 596 2083; x_wconf 83' lang='grc' dir='ltr'><strong>Ἵνα</strong></span> <span class='ocrx_word' id='word_1_256' title='bbox 613 2029 919 2083; x_wconf 85' lang='grc' dir='ltr'>κολασθῶσι</span> <span class='ocrx_word' id='word_1_257' title='bbox 945 2030 1078 2099; x_wconf 70' lang='lat' dir='ltr'><strong>(nati.</strong></span> <span class='ocrx_word' id='word_1_258' title='bbox 1103 2029 1212 2099; x_wconf 82' lang='grc' dir='ltr'>γὰρ</span> <span class='ocrx_word' id='word_1_259' title='bbox 1249 2030 1340 2083; x_wconf 72' lang='grc' dir='ltr'>καὶ</span> <span class='ocrx_word' id='word_1_260' title='bbox 1363 2029 1456 2084; x_wconf 78' lang='grc' dir='ltr'>τοῦ</span> <span class='ocrx_word' id='word_1_261' title='bbox 1493 2031 1863 2101; x_wconf 82' lang='grc' dir='ltr'>Ἀντιχρίστου</span> 
     </span>
    </p>
   </div>
   <div class='ocr_carea' id='block_1_36' title="bbox 280 2105 1862 2193">
    <p class='ocr_par' dir='ltr' id='par_1_36' title="bbox 280 2105 1862 2193">
     <span class='ocr_line' id='line_1_36' title="bbox 280 2105 1862 2193; baseline 0.001 -19"><span class='ocrx_word' id='word_1_262' title='bbox 280 2124 357 2192; x_wconf 76' lang='grc' dir='ltr'>μὴ</span> <span class='ocrx_word' id='word_1_263' title='bbox 404 2105 672 2186; x_wconf 69' lang='grc' dir='ltr'>ἒλθόντος,</span> <span class='ocrx_word' id='word_1_264' title='bbox 708 2121 933 2192; x_wconf 78' lang='grc' dir='ltr'>ἔμελλον</span> <span class='ocrx_word' id='word_1_265' title='bbox 959 2124 1006 2154; x_wconf 79' lang='grc'>⁹⁶</span> <span class='ocrx_word' id='word_1_266' title='bbox 1056 2122 1394 2193; x_wconf 82' lang='grc' dir='ltr'>κολασθῆναι</span> <span class='ocrx_word' id='word_1_267' title='bbox 1429 2124 1503 2188; x_wconf 27' lang='grc' dir='ltr'><strong>*οἱ</strong></span> <span class='ocrx_word' id='word_1_268' title='bbox 1544 2123 1862 2192; x_wconf 82' lang='grc' dir='ltr'><strong>ἀπειθεῖς),</strong></span> 
     </span>
    </p>
   </div>
   <div class='ocr_carea' id='block_1_37' title="bbox 277 2208 1864 2282">
    <p class='ocr_par' dir='ltr' id='par_1_37' title="bbox 277 2208 1864 2282">
     <span class='ocr_line' id='line_1_37' title="bbox 277 2208 1864 2282; baseline 0.001 -18"><span class='ocrx_word' id='word_1_269' title='bbox 277 2211 416 2277; x_wconf 87' lang='grc' dir='ltr'>ἀλλ’,</span> <span class='ocrx_word' id='word_1_270' title='bbox 460 2211 600 2278; x_wconf 86' lang='grc' dir='ltr'>Ἷνα,</span> <span class='ocrx_word' id='word_1_271' title='bbox 643 2212 807 2281; x_wconf 76' lang='grc' dir='ltr'>φησὶ,</span> <span class='ocrx_word' id='word_1_272' title='bbox 851 2211 1280 2282; x_wconf 82' lang='grc' dir='ltr'>κατακριθῶσιν,</span> <span class='ocrx_word' id='word_1_273' title='bbox 1323 2212 1462 2265; x_wconf 83' lang='grc' dir='ltr'>ὥστε</span> <span class='ocrx_word' id='word_1_274' title='bbox 1496 2208 1634 2266; x_wconf 84' lang='grc' dir='ltr'>εἶναι</span> <span class='ocrx_word' id='word_1_275' title='bbox 1667 2213 1864 2274; x_wconf 79' lang='grc' dir='ltr'>αὐτοὺς</span> 
     </span>
    </p>
   </div>
   <div class='ocr_carea' id='block_1_38' title="bbox 277 2303 1864 2374">
    <p class='ocr_par' dir='ltr' id='par_1_38' title="bbox 277 2303 1864 2374">
     <span class='ocr_line' id='line_1_38' title="bbox 277 2303 1864 2374; baseline 0.001 -17"><span class='ocrx_word' id='word_1_276' title='bbox 277 2303 743 2372; x_wconf 79' lang='grc' dir='ltr'>ἀναπολογήτους.</span> <span class='ocrx_word' id='word_1_277' title='bbox 780 2303 845 2355; x_wconf 82' lang='grc' dir='ltr'><strong>Τί</strong></span> <span class='ocrx_word' id='word_1_278' title='bbox 881 2303 991 2374; x_wconf 76' lang='grc' dir='ltr'><strong>γὰρ</strong></span> <span class='ocrx_word' id='word_1_279' title='bbox 1041 2303 1107 2357; x_wconf 76' lang='grc' dir='ltr'><strong>ἂν</strong></span> <span class='ocrx_word' id='word_1_280' title='bbox 1146 2303 1385 2367; x_wconf 73' lang='grc' dir='ltr'>εἴποιεν,</span> <span class='ocrx_word' id='word_1_281' title='bbox 1438 2307 1521 2358; x_wconf 86' lang='grc' dir='ltr'><strong>ὅτι</strong></span> <span class='ocrx_word' id='word_1_282' title='bbox 1555 2305 1655 2359; x_wconf 78' lang='grc' dir='ltr'>Διά</span> <span class='ocrx_word' id='word_1_283' title='bbox 1703 2306 1864 2359; x_wconf 85' lang='grc' dir='ltr'>τοῦτο</span> 
     </span>
    </p>
   </div>
   <div class='ocr_carea' id='block_1_39' title="bbox 277 2395 1864 2468">
    <p class='ocr_par' dir='ltr' id='par_1_39' title="bbox 277 2395 1864 2468">
     <span class='ocr_line' id='line_1_39' title="bbox 277 2395 1864 2468; baseline -0.001 -16"><span class='ocrx_word' id='word_1_284' title='bbox 277 2398 380 2452; x_wconf 86' lang='grc' dir='ltr'><strong>οὐκ</strong></span> <span class='ocrx_word' id='word_1_285' title='bbox 429 2395 832 2466; x_wconf 79' lang='grc' dir='ltr'><strong>ἐπιστεύσαμεν</strong></span> <span class='ocrx_word' id='word_1_286' title='bbox 872 2396 952 2466; x_wconf 81' lang='grc' dir='ltr'>τῷ</span> <span class='ocrx_word' id='word_1_287' title='bbox 986 2397 1208 2468; x_wconf 82' lang='grc' dir='ltr'><strong>Χριστῷ</strong></span> <span class='ocrx_word' id='word_1_288' title='bbox 1231 2438 1244 2459; x_wconf 93' lang='grc'><em>,</em></span> <span class='ocrx_word' id='word_1_289' title='bbox 1276 2397 1411 2450; x_wconf 82' lang='grc' dir='ltr'>διότι</span> <span class='ocrx_word' id='word_1_290' title='bbox 1443 2397 1576 2451; x_wconf 74' lang='grc' dir='ltr'><strong>Θεὸν</strong></span> <span class='ocrx_word' id='word_1_291' title='bbox 1624 2399 1786 2452; x_wconf 75' lang='grc' dir='ltr'>αὐτὸν</span> <span class='ocrx_word' id='word_1_292' title='bbox 1812 2398 1864 2452; x_wconf 81' lang='grc' dir='ltr'>οῖ</span> 
     </span>
    </p>
   </div>
   <div class='ocr_carea' id='block_1_40' title="bbox 283 2483 1862 2560">
    <p class='ocr_par' dir='ltr' id='par_1_40' title="bbox 283 2483 1862 2560">
     <span class='ocr_line' id='line_1_40' title="bbox 283 2483 1862 2560; baseline 0.001 -17"><span class='ocrx_word' id='word_1_293' title='bbox 283 2489 526 2560; x_wconf 77' lang='grc' dir='ltr'>μαθηταὶ</span> <span class='ocrx_word' id='word_1_294' title='bbox 575 2489 872 2560; x_wconf 79' lang='grc' dir='ltr'>ἐκήρυξαν,</span> <span class='ocrx_word' id='word_1_295' title='bbox 927 2491 1088 2559; x_wconf 80' lang='grc' dir='ltr'><strong>ἡμεῖς</strong></span> <span class='ocrx_word' id='word_1_296' title='bbox 1146 2490 1202 2543; x_wconf 77' lang='grc' dir='ltr'>δὲ</span> <span class='ocrx_word' id='word_1_297' title='bbox 1255 2490 1592 2559; x_wconf 77' lang='grc' dir='ltr'>ἠκούσαμεν,</span> <span class='ocrx_word' id='word_1_298' title='bbox 1649 2491 1731 2544; x_wconf 85' lang='grc' dir='ltr'>ὅτι</span> <span class='ocrx_word' id='word_1_299' title='bbox 1783 2483 1862 2554; x_wconf 76' lang='grc' dir='ltr'><strong>εἷς</strong></span> 
     </span>
    </p>
   </div>
   <div class='ocr_carea' id='block_1_41' title="bbox 280 2575 1866 2654">
    <p class='ocr_par' dir='ltr' id='par_1_41' title="bbox 280 2575 1866 2654">
     <span class='ocr_line' id='line_1_41' title="bbox 280 2575 1866 2654; baseline 0 -18"><span class='ocrx_word' id='word_1_300' title='bbox 280 2581 436 2645; x_wconf 77' lang='grc' dir='ltr'>Θεὸς,</span> <span class='ocrx_word' id='word_1_301' title='bbox 477 2581 537 2645; x_wconf 75' lang='grc' dir='ltr'><strong>ἐξ</strong></span> <span class='ocrx_word' id='word_1_302' title='bbox 581 2575 640 2634; x_wconf 76' lang='grc' dir='ltr'>οὗ</span> <span class='ocrx_word' id='word_1_303' title='bbox 694 2581 763 2633; x_wconf 81' lang='grc' dir='ltr'>τὰ</span> <span class='ocrx_word' id='word_1_304' title='bbox 815 2580 1022 2646; x_wconf 77' lang='grc' dir='ltr'>πάντα;</span> <span class='ocrx_word' id='word_1_305' title='bbox 1063 2581 1189 2644; x_wconf 82' lang='grc' dir='ltr'><strong>Πῶς</strong></span> <span class='ocrx_word' id='word_1_306' title='bbox 1235 2578 1328 2635; x_wconf 80' lang='grc' dir='ltr'>οὖν</span> <span class='ocrx_word' id='word_1_307' title='bbox 1375 2581 1740 2636; x_wconf 82' lang='grc' dir='ltr'>ἐπιστεύσατε</span> <span class='ocrx_word' id='word_1_308' title='bbox 1786 2582 1866 2654; x_wconf 82' lang='grc' dir='ltr'>τῷ</span> 
     </span>
    </p>
   </div>
   <div class='ocr_carea' id='block_1_42' title="bbox 269 2672 1865 2751">
    <p class='ocr_par' dir='ltr' id='par_1_42' title="bbox 269 2672 1865 2751">
     <span class='ocr_line' id='line_1_42' title="bbox 269 2672 1865 2751; baseline 0.008 -31"><span class='ocrx_word' id='word_1_309' title='bbox 269 2672 654 2744; x_wconf 74' lang='grc' dir='ltr'>,Ἀντιχρίστῳ</span> <span class='ocrx_word' id='word_1_310' title='bbox 707 2674 840 2726; x_wconf 85' lang='grc' dir='ltr'><strong>Θεὸν</strong></span> <span class='ocrx_word' id='word_1_311' title='bbox 894 2673 1088 2726; x_wconf 81' lang='grc' dir='ltr'>ἑαυτὸν</span> <span class='ocrx_word' id='word_1_312' title='bbox 1141 2674 1418 2739; x_wconf 78' lang='grc' dir='ltr'>ποιοῦντις</span> <span class='ocrx_word' id='word_1_313' title='bbox 1488 2675 1548 2729; x_wconf 83' lang='grc' dir='ltr'><strong>Ὀ</strong></span> <span class='ocrx_word' id='word_1_314' title='bbox 1605 2677 1702 2746; x_wconf 81' lang='grc' dir='ltr'><strong>μὲν</strong></span> <span class='ocrx_word' id='word_1_315' title='bbox 1755 2678 1865 2751; x_wconf 81' lang='grc' dir='ltr'><strong>γὰρ</strong></span> 
     </span>
    </p>
   </div>
   <div class='ocr_carea' id='block_1_43' title="bbox 280 2761 1864 2836">
    <p class='ocr_par' dir='ltr' id='par_1_43' title="bbox 280 2761 1864 2836">
     <span class='ocr_line' id='line_1_43' title="bbox 280 2761 1864 2836; baseline 0.003 -19"><span class='ocrx_word' id='word_1_316' title='bbox 280 2765 516 2836; x_wconf 80' lang='grc' dir='ltr'>Χριστὸς</span> <span class='ocrx_word' id='word_1_317' title='bbox 542 2765 620 2835; x_wconf 86' lang='grc' dir='ltr'>τῷ</span> <span class='ocrx_word' id='word_1_318' title='bbox 653 2767 829 2836; x_wconf 68' lang='lat' dir='ltr'><strong>[lat-cpi</strong></span> <span class='ocrx_word' id='word_1_319' title='bbox 857 2767 1034 2820; x_wconf 80' lang='grc' dir='ltr'>πάντα</span> <span class='ocrx_word' id='word_1_320' title='bbox 1067 2766 1325 2831; x_wconf 85' lang='grc' dir='ltr'>ἀνετίθει,</span> <span class='ocrx_word' id='word_1_321' title='bbox 1356 2761 1511 2831; x_wconf 75' lang='grc' dir='ltr'>οὗτος</span> <span class='ocrx_word' id='word_1_322' title='bbox 1543 2767 1600 2820; x_wconf 80' lang='grc' dir='ltr'>δὲ</span> <span class='ocrx_word' id='word_1_323' title='bbox 1633 2769 1864 2822; x_wconf 88' lang='grc' dir='ltr'>τούναν-</span> 
     </span>
    </p>
   </div>
   <div class='ocr_carea' id='block_1_44' title="bbox 281 2857 1866 2930">
    <p class='ocr_par' dir='ltr' id='par_1_44' title="bbox 281 2857 1866 2930">
     <span class='ocr_line' id='line_1_44' title="bbox 281 2857 1866 2930; baseline 0.005 -20"><span class='ocrx_word' id='word_1_324' title='bbox 281 2857 414 2911; x_wconf 94' lang='grc' dir='ltr'>τίον.</span> <span class='ocrx_word' id='word_1_325' title='bbox 464 2858 624 2912; x_wconf 86' lang='grc' dir='ltr'>Ἀλλά</span> <span class='ocrx_word' id='word_1_326' title='bbox 679 2860 965 2930; x_wconf 85' lang='grc' dir='ltr'><strong>φήσουσιν,</strong></span> <span class='ocrx_word' id='word_1_327' title='bbox 1007 2859 1090 2911; x_wconf 87' lang='grc' dir='ltr'><strong>ὃτι</strong></span> <span class='ocrx_word' id='word_1_328' title='bbox 1144 2860 1356 2928; x_wconf 78' lang='grc' dir='ltr'><strong>Σημεῖα</strong></span> <span class='ocrx_word' id='word_1_329' title='bbox 1389 2861 1629 2930; x_wconf 82' lang='grc' dir='ltr'>είδομεν.</span> <span class='ocrx_word' id='word_1_330' title='bbox 1703 2861 1866 2918; x_wconf 84' lang='grc' dir='ltr'>Ἀλλά</span> 
     </span>
    </p>
   </div>
   <div class='ocr_carea' id='block_1_45' title="bbox 281 2952 1866 3025">
    <p class='ocr_par' dir='ltr' id='par_1_45' title="bbox 281 2952 1866 3025">
     <span class='ocr_line' id='line_1_45' title="bbox 281 2952 1866 3025; baseline 0.001 -19"><span class='ocrx_word' id='word_1_331' title='bbox 281 2952 380 3006; x_wconf 77' lang='grc' dir='ltr'>καὶ</span> <span class='ocrx_word' id='word_1_332' title='bbox 409 2953 502 3004; x_wconf 70' lang='grc' dir='ltr'><strong>ἐπὶ</strong></span> <span class='ocrx_word' id='word_1_333' title='bbox 531 2952 625 3006; x_wconf 83' lang='grc' dir='ltr'>τοῦ</span> <span class='ocrx_word' id='word_1_334' title='bbox 655 2953 892 3023; x_wconf 79' lang='grc' dir='ltr'>Χριστοῦ</span> <span class='ocrx_word' id='word_1_335' title='bbox 920 2955 1110 3021; x_wconf 84' lang='grc' dir='ltr'>γέγονε</span> <span class='ocrx_word' id='word_1_336' title='bbox 1139 2953 1313 3007; x_wconf 88' lang='grc' dir='ltr'>πολλά</span> <span class='ocrx_word' id='word_1_337' title='bbox 1335 2954 1428 3006; x_wconf 76' lang='grc' dir='ltr'>καὶ</span> <span class='ocrx_word' id='word_1_338' title='bbox 1463 2953 1697 3025; x_wconf 81' lang='grc' dir='ltr'>μεγάλα.</span> <span class='ocrx_word' id='word_1_339' title='bbox 1728 2954 1866 3008; x_wconf 78' lang='grc' dir='ltr'>Καί-</span> 
     </span>
    </p>
   </div>
   <div class='ocr_carea' id='block_1_46' title="bbox 278 3044 1866 3117">
    <p class='ocr_par' dir='ltr' id='par_1_46' title="bbox 278 3044 1866 3117">
     <span class='ocr_line' id='line_1_46' title="bbox 278 3044 1866 3117; baseline 0.001 -19"><span class='ocrx_word' id='word_1_340' title='bbox 278 3062 362 3099; x_wconf 83' lang='grc' dir='ltr'>τοι</span> <span class='ocrx_word' id='word_1_341' title='bbox 410 3046 438 3098; x_wconf 90' lang='lat'><strong>6</strong></span> <span class='ocrx_word' id='word_1_342' title='bbox 491 3044 588 3115; x_wconf 82' lang='grc' dir='ltr'><strong>μὲν</strong></span> <span class='ocrx_word' id='word_1_343' title='bbox 641 3046 875 3116; x_wconf 83' lang='grc' dir='ltr'>Χριστὸς</span> <span class='ocrx_word' id='word_1_344' title='bbox 921 3046 1113 3116; x_wconf 81' lang='grc' dir='ltr'>Σωτὴρ</span> <span class='ocrx_word' id='word_1_345' title='bbox 1181 3046 1514 3116; x_wconf 80' lang='grc' dir='ltr'>ἐκηρύττετο</span> <span class='ocrx_word' id='word_1_346' title='bbox 1565 3047 1717 3117; x_wconf 85' lang='grc' dir='ltr'>παρὰ</span> <span class='ocrx_word' id='word_1_347' title='bbox 1757 3047 1866 3100; x_wconf 85' lang='grc' dir='ltr'>τῶν</span> 
     </span>
    </p>
   </div>
   <div class='ocr_carea' id='block_1_47' title="bbox 282 3131 1863 3208">
    <p class='ocr_par' dir='ltr' id='par_1_47' title="bbox 282 3131 1863 3208">
     <span class='ocr_line' id='line_1_47' title="bbox 282 3131 1863 3208; baseline 0.002 -19"><span class='ocrx_word' id='word_1_348' title='bbox 282 3137 579 3208; x_wconf 81' lang='grc' dir='ltr'>προφητῶν</span> <span class='ocrx_word' id='word_1_349' title='bbox 603 3153 616 3168; x_wconf 75' lang='grc' dir='ltr'>ο</span> <span class='ocrx_word' id='word_1_350' title='bbox 649 3131 805 3201; x_wconf 79' lang='grc' dir='ltr'>οὗτος</span> <span class='ocrx_word' id='word_1_351' title='bbox 856 3137 912 3190; x_wconf 84' lang='grc' dir='ltr'>δὲ</span> <span class='ocrx_word' id='word_1_352' title='bbox 934 3177 948 3201; x_wconf 90' lang='grc'><em>,</em></span> <span class='ocrx_word' id='word_1_353' title='bbox 987 3137 1102 3200; x_wconf 72' lang='grc' dir='ltr'>υἱὸς</span> <span class='ocrx_word' id='word_1_354' title='bbox 1155 3138 1387 3208; x_wconf 76' lang='grc' dir='ltr'>ἀνομίας</span> <span class='ocrx_word' id='word_1_355' title='bbox 1418 3138 1515 3192; x_wconf 83' lang='grc' dir='ltr'>καὶ</span> <span class='ocrx_word' id='word_1_356' title='bbox 1565 3137 1863 3204; x_wconf 81' lang='grc' dir='ltr'><strong>ἀπωλείας.</strong></span> 
     </span>
    </p>
   </div>
   <div class='ocr_carea' id='block_1_48' title="bbox 283 3228 1865 3301">
    <p class='ocr_par' dir='ltr' id='par_1_48' title="bbox 283 3228 1865 3301">
     <span class='ocr_line' id='line_1_48' title="bbox 283 3228 1865 3301; baseline 0.003 -21"><span class='ocrx_word' id='word_1_357' title='bbox 283 3228 382 3282; x_wconf 87' lang='grc' dir='ltr'>Διά</span> <span class='ocrx_word' id='word_1_358' title='bbox 410 3229 582 3282; x_wconf 81' lang='grc' dir='ltr'>ταῦτα</span> <span class='ocrx_word' id='word_1_359' title='bbox 612 3229 1136 3300; x_wconf 86' lang='grc' dir='ltr'>κατακριθὴσονται,</span> <span class='ocrx_word' id='word_1_360' title='bbox 1173 3231 1256 3283; x_wconf 81' lang='grc' dir='ltr'>ὅτι</span> <span class='ocrx_word' id='word_1_361' title='bbox 1275 3231 1375 3300; x_wconf 80' lang='grc' dir='ltr'><strong>τὴν</strong></span> <span class='ocrx_word' id='word_1_362' title='bbox 1407 3230 1667 3301; x_wconf 84' lang='grc' dir='ltr'>ἀλήθειαν</span> <span class='ocrx_word' id='word_1_363' title='bbox 1693 3230 1865 3300; x_wconf 77' lang='grc' dir='ltr'>ἀφέν-</span> 
     </span>
    </p>
   </div>
   <div class='ocr_carea' id='block_1_49' title="bbox 283 3318 1867 3392">
    <p class='ocr_par' dir='ltr' id='par_1_49' title="bbox 283 3318 1867 3392">
     <span class='ocr_line' id='line_1_49' title="bbox 283 3318 1867 3392; baseline 0.001 -20"><span class='ocrx_word' id='word_1_364' title='bbox 283 3335 394 3384; x_wconf 85' lang='grc' dir='ltr'>τες,</span> <span class='ocrx_word' id='word_1_365' title='bbox 427 3318 747 3388; x_wconf 83' lang='grc' dir='ltr'>εὐδόκησαν,</span> <span class='ocrx_word' id='word_1_366' title='bbox 780 3319 1085 3382; x_wconf 81' lang='grc' dir='ltr'>τουτέστιν,</span> <span class='ocrx_word' id='word_1_367' title='bbox 1127 3319 1442 3392; x_wconf 72' lang='grc' dir='ltr'>ἠρέσθησαν</span> <span class='ocrx_word' id='word_1_368' title='bbox 1474 3321 1570 3374; x_wconf 72' lang='grc' dir='ltr'><strong>καὶ</strong></span> <span class='ocrx_word' id='word_1_369' title='bbox 1601 3321 1867 3391; x_wconf 82' lang='grc' dir='ltr'>προσετέ-</span> 
     </span>
    </p>
   </div>
   <div class='ocr_carea' id='block_1_50' title="bbox 285 3409 1867 3484">
    <p class='ocr_par' dir='ltr' id='par_1_50' title="bbox 285 3409 1867 3484">
     <span class='ocr_line' id='line_1_50' title="bbox 285 3409 1867 3484; baseline 0.002 -22"><span class='ocrx_word' id='word_1_370' title='bbox 285 3409 457 3477; x_wconf 81' lang='grc' dir='ltr'>θησαν</span> <span class='ocrx_word' id='word_1_371' title='bbox 492 3409 744 3478; x_wconf 81' lang='grc' dir='ltr'>ἀσμένως</span> <span class='ocrx_word' id='word_1_372' title='bbox 761 3411 824 3478; x_wconf 83' lang='grc' dir='ltr'>τῇ</span> <span class='ocrx_word' id='word_1_373' title='bbox 852 3409 1058 3480; x_wconf 77' lang='grc' dir='ltr'>ἀδικίᾳ,</span> <span class='ocrx_word' id='word_1_374' title='bbox 1091 3411 1362 3476; x_wconf 82' lang='grc' dir='ltr'>τουτέστι,</span> <span class='ocrx_word' id='word_1_375' title='bbox 1397 3409 1475 3482; x_wconf 84' lang='grc' dir='ltr'>τῷ</span> <span class='ocrx_word' id='word_1_376' title='bbox 1498 3412 1762 3482; x_wconf 84' lang='grc' dir='ltr'>λυμεῶνι,</span> <span class='ocrx_word' id='word_1_377' title='bbox 1786 3411 1867 3484; x_wconf 82' lang='grc' dir='ltr'>τῷ</span> 
     </span>
    </p>
   </div>
   <div class='ocr_carea' id='block_1_51' title="bbox 285 3500 1864 3575">
    <p class='ocr_par' dir='ltr' id='par_1_51' title="bbox 285 3500 1864 3575">
     <span class='ocr_line' id='line_1_51' title="bbox 285 3500 1864 3575; baseline 0.003 -21"><span class='ocrx_word' id='word_1_378' title='bbox 285 3501 468 3554; x_wconf 83' lang='grc' dir='ltr'>πᾶσαν</span> <span class='ocrx_word' id='word_1_379' title='bbox 493 3501 709 3556; x_wconf 82' lang='grc' dir='ltr'>ἀδικίαν</span> <span class='ocrx_word' id='word_1_380' title='bbox 739 3501 880 3554; x_wconf 80' lang='grc' dir='ltr'><strong>κατά</strong></span> <span class='ocrx_word' id='word_1_381' title='bbox 901 3501 1011 3554; x_wconf 82' lang='grc' dir='ltr'><strong>τῶν</strong></span> <span class='ocrx_word' id='word_1_382' title='bbox 1037 3500 1396 3572; x_wconf 80' lang='grc' dir='ltr'>ἀνθρωπίνων</span> <span class='ocrx_word' id='word_1_383' title='bbox 1425 3503 1614 3575; x_wconf 82' lang='grc' dir='ltr'>ψυχῶν</span> <span class='ocrx_word' id='word_1_384' title='bbox 1635 3505 1864 3558; x_wconf 76' lang='grc' dir='ltr'>ἐπισυν-</span> 
     </span>
    </p>
   </div>
   <div class='ocr_carea' id='block_1_52' title="bbox 283 3594 1411 3666">
    <p class='ocr_par' dir='ltr' id='par_1_52' title="bbox 283 3594 1411 3666">
     <span class='ocr_line' id='line_1_52' title="bbox 283 3594 1411 3666; baseline 0 -18"><span class='ocrx_word' id='word_1_385' title='bbox 283 3595 573 3664; x_wconf 83' lang='grc' dir='ltr'>αγαγόντι,</span> <span class='ocrx_word' id='word_1_386' title='bbox 602 3594 682 3666; x_wconf 85' lang='grc' dir='ltr'>τῷ</span> <span class='ocrx_word' id='word_1_387' title='bbox 710 3594 1032 3665; x_wconf 82' lang='grc' dir='ltr'>αὐτόχρημα</span> <span class='ocrx_word' id='word_1_388' title='bbox 1065 3594 1247 3648; x_wconf 85' lang='grc' dir='ltr'>ἀδικία</span> <span class='ocrx_word' id='word_1_389' title='bbox 1271 3594 1411 3650; x_wconf 74' lang='grc' dir='ltr'>ὄντι.</span> 
     </span>
    </p>
   </div>
   <div class='ocr_carea' id='block_1_53' title="bbox 365 3685 1870 3758">
    <p class='ocr_par' dir='ltr' id='par_1_53' title="bbox 365 3685 1870 3758">
     <span class='ocr_line' id='line_1_53' title="bbox 365 3685 1870 3758; baseline 0.001 -16"><span class='ocrx_word' id='word_1_390' title='bbox 365 3687 556 3758; x_wconf 80' lang='grc' dir='ltr'>Ἡμεῖς</span> <span class='ocrx_word' id='word_1_391' title='bbox 584 3685 653 3740; x_wconf 80' lang='grc' dir='ltr'>δὲ</span> <span class='ocrx_word' id='word_1_392' title='bbox 685 3687 1008 3757; x_wconf 71' lang='grc' dir='ltr'><strong>ὀφείλομεν</strong></span> <span class='ocrx_word' id='word_1_393' title='bbox 1032 3687 1419 3756; x_wconf 83' lang='grc' dir='ltr'>εὐχαριστεῖν</span> <span class='ocrx_word' id='word_1_394' title='bbox 1446 3687 1526 3753; x_wconf 83' lang='grc' dir='ltr'>τῷ</span> <span class='ocrx_word' id='word_1_395' title='bbox 1567 3687 1690 3755; x_wconf 86' lang='grc' dir='ltr'><strong>Θεῷ</strong></span> <span class='ocrx_word' id='word_1_396' title='bbox 1716 3689 1870 3744; x_wconf 78' lang='grc' dir='ltr'><strong>πάν-</strong></span> 
     </span>
    </p>
   </div>
   <div class='ocr_carea' id='block_1_54' title="bbox 284 3779 1866 3852">
    <p class='ocr_par' dir='ltr' id='par_1_54' title="bbox 284 3779 1866 3852">
     <span class='ocr_line' id='line_1_54' title="bbox 284 3779 1866 3852; baseline 0.001 -16"><span class='ocrx_word' id='word_1_397' title='bbox 284 3799 418 3838; x_wconf 85' lang='grc' dir='ltr'>τοτε</span> <span class='ocrx_word' id='word_1_398' title='bbox 443 3781 578 3850; x_wconf 74' lang='grc' dir='ltr'>περὶ</span> <span class='ocrx_word' id='word_1_399' title='bbox 599 3780 789 3850; x_wconf 82' lang='grc' dir='ltr'>ὑμῶν,</span> <span class='ocrx_word' id='word_1_400' title='bbox 815 3779 1069 3849; x_wconf 64' lang='grc' dir='ltr'>ἀδελφοί</span> <span class='ocrx_word' id='word_1_401' title='bbox 1093 3780 1467 3850; x_wconf 76' lang='grc' dir='ltr'><strong>ἠγαπημένοι</strong></span> <span class='ocrx_word' id='word_1_402' title='bbox 1484 3781 1600 3836; x_wconf 83' lang='grc' dir='ltr'><strong>ὑπὸ</strong></span> <span class='ocrx_word' id='word_1_403' title='bbox 1619 3782 1866 3852; x_wconf 75' lang='grc' dir='ltr'>Κυρίου.</span> 
     </span>
    </p>
   </div>
   <div class='ocr_carea' id='block_1_55' title="bbox 273 3873 1869 3949">
    <p class='ocr_par' dir='ltr' id='par_1_55' title="bbox 273 3873 1869 3949">
     <span class='ocr_line' id='line_1_55' title="bbox 273 3873 1869 3949; baseline 0.002 -19"><span class='ocrx_word' id='word_1_404' title='bbox 273 3876 517 3948; x_wconf 83' lang='grc' dir='ltr'>,Ἐπειδὴ</span> <span class='ocrx_word' id='word_1_405' title='bbox 552 3877 762 3949; x_wconf 79' lang='grc' dir='ltr'>φοϐερά</span> <span class='ocrx_word' id='word_1_406' title='bbox 783 3894 904 3931; x_wconf 88' lang='grc' dir='ltr'>τινα</span> <span class='ocrx_word' id='word_1_407' title='bbox 931 3873 1053 3930; x_wconf 77' lang='grc' dir='ltr'>εἷπε</span> <span class='ocrx_word' id='word_1_408' title='bbox 1095 3877 1193 3930; x_wconf 78' lang='grc' dir='ltr'><strong>καὶ</strong></span> <span class='ocrx_word' id='word_1_409' title='bbox 1228 3877 1506 3948; x_wconf 81' lang='grc' dir='ltr'>δυνάμενα</span> <span class='ocrx_word' id='word_1_410' title='bbox 1542 3881 1869 3932; x_wconf 86' lang='grc' dir='ltr'>κατασεῖσαι</span> 
     </span>
    </p>
   </div>
   <div class='ocr_carea' id='block_1_56' title="bbox 283 3966 1871 4040">
    <p class='ocr_par' dir='ltr' id='par_1_56' title="bbox 283 3966 1871 4040">
     <span class='ocr_line' id='line_1_56' title="bbox 283 3966 1871 4040; baseline 0.003 -21"><span class='ocrx_word' id='word_1_411' title='bbox 283 3966 528 4021; x_wconf 82' lang='grc' dir='ltr'>ὃιάνοιαν</span> <span class='ocrx_word' id='word_1_412' title='bbox 557 3968 802 4038; x_wconf 82' lang='grc' dir='ltr'>ἀκρατῆ,</span> <span class='ocrx_word' id='word_1_413' title='bbox 826 3967 924 4021; x_wconf 84' lang='grc' dir='ltr'>νῦν</span> <span class='ocrx_word' id='word_1_414' title='bbox 951 3967 1156 4021; x_wconf 87' lang='grc' dir='ltr'>λεαίνει</span> <span class='ocrx_word' id='word_1_415' title='bbox 1185 3967 1285 4031; x_wconf 84' lang='grc' dir='ltr'>τὰς</span> <span class='ocrx_word' id='word_1_416' title='bbox 1315 3968 1566 4040; x_wconf 81' lang='grc' dir='ltr'>καρδίας,</span> <span class='ocrx_word' id='word_1_417' title='bbox 1599 3969 1871 4024; x_wconf 82' lang='grc' dir='ltr'>διδάσκων</span> 
     </span>
    </p>
   </div>
   <div class='ocr_carea' id='block_1_57' title="bbox 286 4058 1872 4131">
    <p class='ocr_par' dir='ltr' id='par_1_57' title="bbox 286 4058 1872 4131">
     <span class='ocr_line' id='line_1_57' title="bbox 286 4058 1872 4131; baseline 0.002 -20"><span class='ocrx_word' id='word_1_418' title='bbox 286 4060 371 4112; x_wconf 73' lang='grc' dir='ltr'>ὅτι</span> <span class='ocrx_word' id='word_1_419' title='bbox 398 4058 582 4113; x_wconf 83' lang='grc' dir='ltr'>Ταῦτα</span> <span class='ocrx_word' id='word_1_420' title='bbox 616 4061 714 4131; x_wconf 84' lang='grc' dir='ltr'>μὲν</span> <span class='ocrx_word' id='word_1_421' title='bbox 739 4061 922 4125; x_wconf 81' lang='grc' dir='ltr'>ἄλλοις</span> <span class='ocrx_word' id='word_1_422' title='bbox 947 4060 1191 4114; x_wconf 79' lang='grc' dir='ltr'>ἔστωσαν</span> <span class='ocrx_word' id='word_1_423' title='bbox 1225 4061 1455 4131; x_wconf 78' lang='grc' dir='ltr'>φοϐερὰ,</span> <span class='ocrx_word' id='word_1_424' title='bbox 1487 4063 1601 4124; x_wconf 89' lang='grc' dir='ltr'>τοῖς</span> <span class='ocrx_word' id='word_1_425' title='bbox 1631 4061 1872 4115; x_wconf 86' lang='grc' dir='ltr'>ἀπολλυ-</span> 
     </span>
    </p>
   </div>
   <div class='ocr_carea' id='block_1_58' title="bbox 291 4147 1871 4224">
    <p class='ocr_par' dir='ltr' id='par_1_58' title="bbox 291 4147 1871 4224">
     <span class='ocr_line' id='line_1_58' title="bbox 291 4147 1871 4224; baseline 0.003 -21"><span class='ocrx_word' id='word_1_426' title='bbox 291 4151 493 4220; x_wconf 82' lang='grc' dir='ltr'>μένοις,</span> <span class='ocrx_word' id='word_1_427' title='bbox 535 4153 657 4206; x_wconf 86' lang='grc' dir='ltr'>καθ’</span> <span class='ocrx_word' id='word_1_428' title='bbox 692 4147 770 4208; x_wconf 85' lang='grc' dir='ltr'><strong>ὧν</strong></span> <span class='ocrx_word' id='word_1_429' title='bbox 801 4155 894 4207; x_wconf 79' lang='grc' dir='ltr'>καὶ</span> <span class='ocrx_word' id='word_1_430' title='bbox 927 4153 1232 4224; x_wconf 71' lang='grc' dir='ltr'>ἰσχύουσιν·</span> <span class='ocrx_word' id='word_1_431' title='bbox 1284 4155 1446 4224; x_wconf 86' lang='grc' dir='ltr'>ἡμεῖς</span> <span class='ocrx_word' id='word_1_432' title='bbox 1481 4153 1538 4205; x_wconf 86' lang='grc' dir='ltr'>δὲ</span> <span class='ocrx_word' id='word_1_433' title='bbox 1579 4152 1871 4224; x_wconf 78' lang='grc' dir='ltr'>ὀφείλομεν</span> 
     </span>
    </p>
   </div>
   <div class='ocr_carea' id='block_1_59' title="bbox 289 4245 1870 4318">
    <p class='ocr_par' dir='ltr' id='par_1_59' title="bbox 289 4245 1870 4318">
     <span class='ocr_line' id='line_1_59' title="bbox 289 4245 1870 4318; baseline 0.002 -21"><span class='ocrx_word' id='word_1_434' title='bbox 289 4245 633 4316; x_wconf 83' lang='grc' dir='ltr'>εὐχαριστεῖν</span> <span class='ocrx_word' id='word_1_435' title='bbox 666 4246 742 4316; x_wconf 83' lang='grc' dir='ltr'>τῷ</span> <span class='ocrx_word' id='word_1_436' title='bbox 782 4246 901 4316; x_wconf 82' lang='grc' dir='ltr'><strong>Θεῷ</strong></span> <span class='ocrx_word' id='word_1_437' title='bbox 933 4246 1066 4317; x_wconf 80' lang='grc' dir='ltr'>περὶ</span> <span class='ocrx_word' id='word_1_438' title='bbox 1105 4245 1284 4317; x_wconf 84' lang='grc' dir='ltr'>ὑμῶν,</span> <span class='ocrx_word' id='word_1_439' title='bbox 1312 4247 1396 4299; x_wconf 80' lang='grc' dir='ltr'>ὅτι</span> <span class='ocrx_word' id='word_1_440' title='bbox 1439 4245 1748 4318; x_wconf 80' lang='grc' dir='ltr'>ὲξελέγητε,</span> <span class='ocrx_word' id='word_1_441' title='bbox 1788 4247 1870 4300; x_wconf 83' lang='grc' dir='ltr'>ὅτι</span> 
     </span>
    </p>
   </div>
   <div class='ocr_carea' id='block_1_60' title="bbox 285 4339 1872 4411">
    <p class='ocr_par' dir='ltr' id='par_1_60' title="bbox 285 4339 1872 4411">
     <span class='ocr_line' id='line_1_60' title="bbox 285 4339 1872 4411; baseline 0.001 -19"><span class='ocrx_word' id='word_1_442' title='bbox 285 4339 609 4411; x_wconf 83' lang='grc' dir='ltr'>ἡγαπήθητε</span> <span class='ocrx_word' id='word_1_443' title='bbox 641 4340 746 4393; x_wconf 75' lang='grc' dir='ltr'>ὐπὸ</span> <span class='ocrx_word' id='word_1_444' title='bbox 774 4339 934 4393; x_wconf 82' lang='grc' dir='ltr'>Θεοῦ.</span> <span class='ocrx_word' id='word_1_445' title='bbox 968 4339 1032 4391; x_wconf 82' lang='lat' dir='ltr'><strong>Ei</strong></span> <span class='ocrx_word' id='word_1_446' title='bbox 1060 4339 1118 4392; x_wconf 84' lang='grc' dir='ltr'>δὲ</span> <span class='ocrx_word' id='word_1_447' title='bbox 1154 4340 1315 4410; x_wconf 91' lang='grc' dir='ltr'>ἡμεῖς</span> <span class='ocrx_word' id='word_1_448' title='bbox 1345 4339 1486 4409; x_wconf 85' lang='grc' dir='ltr'>ὑπὲρ</span> <span class='ocrx_word' id='word_1_449' title='bbox 1520 4339 1674 4410; x_wconf 84' lang='grc' dir='ltr'>ὐμῶν</span> <span class='ocrx_word' id='word_1_450' title='bbox 1710 4339 1872 4409; x_wconf 84' lang='grc' dir='ltr'>εὐχα-</span> 
     </span>
    </p>
   </div>
   <div class='ocr_carea' id='block_1_61' title="bbox 292 4428 1872 4500">
    <p class='ocr_par' dir='ltr' id='par_1_61' title="bbox 292 4428 1872 4500">
     <span class='ocr_line' id='line_1_61' title="bbox 292 4428 1872 4500; baseline 0.001 -18"><span class='ocrx_word' id='word_1_451' title='bbox 292 4430 610 4500; x_wconf 85' lang='grc' dir='ltr'>ριστοῦμεν,</span> <span class='ocrx_word' id='word_1_452' title='bbox 645 4428 826 4500; x_wconf 84' lang='grc' dir='ltr'>πολλῷ</span> <span class='ocrx_word' id='word_1_453' title='bbox 855 4429 1055 4499; x_wconf 82' lang='grc' dir='ltr'>μᾶλλον</span> <span class='ocrx_word' id='word_1_454' title='bbox 1081 4429 1238 4499; x_wconf 85' lang='grc' dir='ltr'>ὑμεῖς</span> <span class='ocrx_word' id='word_1_455' title='bbox 1253 4428 1410 4483; x_wconf 85' lang='grc' dir='ltr'>τοῦτο</span> <span class='ocrx_word' id='word_1_456' title='bbox 1429 4429 1672 4500; x_wconf 77' lang='grc' dir='ltr'>ὀφείλετε</span> <span class='ocrx_word' id='word_1_457' title='bbox 1698 4433 1872 4484; x_wconf 87' lang='grc' dir='ltr'>ποιεῖν</span> 
     </span>
    </p>
   </div>
   <div class='ocr_carea' id='block_1_62' title="bbox 288 4524 758 4593">
    <p class='ocr_par' dir='ltr' id='par_1_62' title="bbox 288 4524 758 4593">
     <span class='ocr_line' id='line_1_62' title="bbox 288 4524 758 4593; baseline 0.002 -18"><span class='ocrx_word' id='word_1_458' title='bbox 288 4525 371 4590; x_wconf 58' lang='grc' dir='ltr'><strong>ἐφ’</strong></span> <span class='ocrx_word' id='word_1_459' title='bbox 398 4524 526 4593; x_wconf 88' lang='grc' dir='ltr'>ύμῖν</span> <span class='ocrx_word' id='word_1_460' title='bbox 553 4524 758 4587; x_wconf 80' lang='grc' dir='ltr'>αὐτοῖς.</span> 
     </span>
    </p>
   </div>
   <div class='ocr_carea' id='block_1_63' title="bbox 277 4614 1876 4685">
    <p class='ocr_par' dir='ltr' id='par_1_63' title="bbox 277 4614 1876 4685">
     <span class='ocr_line' id='line_1_63' title="bbox 277 4614 1876 4685; baseline 0.002 -21"><span class='ocrx_word' id='word_1_461' title='bbox 277 4657 282 4664; x_wconf 91' lang='grc'><strong><em>,</em></strong></span> <span class='ocrx_word' id='word_1_462' title='bbox 361 4616 492 4669; x_wconf 86' lang='grc' dir='ltr'>Ὅτι</span> <span class='ocrx_word' id='word_1_463' title='bbox 525 4618 719 4670; x_wconf 81' lang='grc' dir='ltr'>εἵλετο</span> <span class='ocrx_word' id='word_1_464' title='bbox 764 4615 920 4685; x_wconf 82' lang='grc' dir='ltr'>ὑμᾶς</span> <span class='ocrx_word' id='word_1_465' title='bbox 959 4618 992 4670; x_wconf 90' lang='grc' dir='ltr'><strong><em>ό</em></strong></span> <span class='ocrx_word' id='word_1_466' title='bbox 1035 4615 1179 4682; x_wconf 83' lang='grc' dir='ltr'><strong>Θεὸς</strong></span> <span class='ocrx_word' id='word_1_467' title='bbox 1209 4614 1310 4670; x_wconf 77' lang='grc' dir='ltr'>ἀπ’</span> <span class='ocrx_word' id='word_1_468' title='bbox 1347 4614 1540 4683; x_wconf 80' lang='grc' dir='ltr'>ἀρχῆς</span> <span class='ocrx_word' id='word_1_469' title='bbox 1571 4617 1658 4681; x_wconf 85' lang='grc' dir='ltr'><strong>είς</strong></span> <span class='ocrx_word' id='word_1_470' title='bbox 1684 4630 1876 4683; x_wconf 88' lang='grc' dir='ltr'>σωτη-</span> 
     </span>
    </p>
   </div>
   <div class='ocr_carea' id='block_1_64' title="bbox 282 4707 1870 4780">
    <p class='ocr_par' dir='ltr' id='par_1_64' title="bbox 282 4707 1870 4780">
     <span class='ocr_line' id='line_1_64' title="bbox 282 4707 1870 4780; baseline 0 -18"><span class='ocrx_word' id='word_1_471' title='bbox 282 4712 426 4780; x_wconf 82' lang='grc' dir='ltr'>ρίαν</span> <span class='ocrx_word' id='word_1_472' title='bbox 449 4711 518 4763; x_wconf 85' lang='grc' dir='ltr'><strong>ἐν</strong></span> <span class='ocrx_word' id='word_1_473' title='bbox 531 4709 804 4780; x_wconf 78' lang='grc' dir='ltr'><strong>ἁγιασμῷ</strong></span> <span class='ocrx_word' id='word_1_474' title='bbox 821 4710 1190 4778; x_wconf 82' lang='grc' dir='ltr'>Πνεύματος,</span> <span class='ocrx_word' id='word_1_475' title='bbox 1222 4708 1322 4762; x_wconf 77' lang='grc' dir='ltr'>καὶ</span> <span class='ocrx_word' id='word_1_476' title='bbox 1343 4709 1544 4762; x_wconf 84' lang='grc' dir='ltr'>πίστει</span> <span class='ocrx_word' id='word_1_477' title='bbox 1563 4707 1870 4775; x_wconf 82' lang='grc' dir='ltr'>ἀληθείας.</span> 
     </span>
    </p>
   </div>
   <div class='ocr_carea' id='block_1_65' title="bbox 288 4799 1874 4872">
    <p class='ocr_par' dir='ltr' id='par_1_65' title="bbox 288 4799 1874 4872">
     <span class='ocr_line' id='line_1_65' title="bbox 288 4799 1874 4872; baseline -0.001 -18"><span class='ocrx_word' id='word_1_478' title='bbox 288 4804 387 4854; x_wconf 64' lang='grc' dir='ltr'>Διὰ</span> <span class='ocrx_word' id='word_1_479' title='bbox 407 4800 566 4854; x_wconf 82' lang='grc' dir='ltr'>τοῦτο</span> <span class='ocrx_word' id='word_1_480' title='bbox 591 4800 1046 4872; x_wconf 81' lang='grc' dir='ltr'>εὐχαριστοῦμεν,</span> <span class='ocrx_word' id='word_1_481' title='bbox 1074 4801 1155 4854; x_wconf 83' lang='grc' dir='ltr'>ὅτι</span> <span class='ocrx_word' id='word_1_482' title='bbox 1180 4799 1464 4865; x_wconf 74' lang='grc' dir='ltr'>ἐξελέξατο</span> <span class='ocrx_word' id='word_1_483' title='bbox 1488 4800 1635 4869; x_wconf 84' lang='grc' dir='ltr'>ὑμᾶς</span> <span class='ocrx_word' id='word_1_484' title='bbox 1665 4803 1693 4852; x_wconf 87' lang='lat'><strong>6</strong></span> <span class='ocrx_word' id='word_1_485' title='bbox 1715 4800 1874 4866; x_wconf 82' lang='grc' dir='ltr'>Θεὸς,</span> 
     </span>
    </p>
   </div>
   <div class='ocr_carea' id='block_1_66' title="bbox 289 4891 1871 4965">
    <p class='ocr_par' dir='ltr' id='par_1_66' title="bbox 289 4891 1871 4965">
     <span class='ocr_line' id='line_1_66' title="bbox 289 4891 1871 4965; baseline 0 -18"><span class='ocrx_word' id='word_1_486' title='bbox 289 4895 385 4947; x_wconf 69' lang='grc' dir='ltr'><strong>καὶ</strong></span> <span class='ocrx_word' id='word_1_487' title='bbox 434 4893 742 4965; x_wconf 84' lang='grc' dir='ltr'>προώρισεν</span> <span class='ocrx_word' id='word_1_488' title='bbox 783 4895 864 4956; x_wconf 68' lang='grc' dir='ltr'>εἰς</span> <span class='ocrx_word' id='word_1_489' title='bbox 907 4891 1208 4962; x_wconf 78' lang='grc' dir='ltr'>σωτηρίαν,</span> <span class='ocrx_word' id='word_1_490' title='bbox 1260 4891 1446 4957; x_wconf 80' lang='grc' dir='ltr'>ἀξίους</span> <span class='ocrx_word' id='word_1_491' title='bbox 1485 4891 1693 4964; x_wconf 79' lang='grc' dir='ltr'>δηλαδὴ</span> <span class='ocrx_word' id='word_1_492' title='bbox 1733 4910 1871 4962; x_wconf 85' lang='grc' dir='ltr'>προ·</span> 
     </span>
    </p>
   </div>
   <div class='ocr_carea' id='block_1_67' title="bbox 277 4980 1869 5052">
    <p class='ocr_par' dir='ltr' id='par_1_67' title="bbox 277 4980 1869 5052">
     <span class='ocr_line' id='line_1_67' title="bbox 277 4980 1869 5052; baseline -0.001 -15"><span class='ocrx_word' id='word_1_493' title='bbox 277 4983 474 5051; x_wconf 86' lang='grc' dir='ltr'>-γνούς,</span> <span class='ocrx_word' id='word_1_494' title='bbox 506 4983 661 5048; x_wconf 76' lang='grc' dir='ltr'>Πῶςς</span> <span class='ocrx_word' id='word_1_495' title='bbox 713 4985 816 5036; x_wconf 84' lang='grc' dir='ltr'><strong>Ἐν</strong></span> <span class='ocrx_word' id='word_1_496' title='bbox 847 4980 1122 5052; x_wconf 76' lang='grc' dir='ltr'>ἁγιασμῷ</span> <span class='ocrx_word' id='word_1_497' title='bbox 1153 4982 1503 5051; x_wconf 84' lang='grc' dir='ltr'>Πνεύματος</span> <span class='ocrx_word' id='word_1_498' title='bbox 1524 4997 1537 5010; x_wconf 87' lang='grc'><strong>·</strong></span> <span class='ocrx_word' id='word_1_499' title='bbox 1567 4981 1869 5049; x_wconf 84' lang='grc' dir='ltr'>τουτέστιν,</span> 
     </span>
    </p>
   </div>
   <div class='ocr_carea' id='block_1_68' title="bbox 292 5068 1870 5144">
    <p class='ocr_par' dir='ltr' id='par_1_68' title="bbox 292 5068 1870 5144">
     <span class='ocr_line' id='line_1_68' title="bbox 292 5068 1870 5144; baseline 0 -16"><span class='ocrx_word' id='word_1_500' title='bbox 292 5077 536 5130; x_wconf 83' lang='grc' dir='ltr'>Ἐσωσεν</span> <span class='ocrx_word' id='word_1_501' title='bbox 563 5076 728 5144; x_wconf 78' lang='grc' dir='ltr'>ὑμᾶς.</span> <span class='ocrx_word' id='word_1_502' title='bbox 753 5075 985 5142; x_wconf 87' lang='grc' dir='ltr'>ἀγιάσας</span> <span class='ocrx_word' id='word_1_503' title='bbox 1003 5073 1091 5126; x_wconf 75' lang='grc' dir='ltr'>διὰ</span> <span class='ocrx_word' id='word_1_504' title='bbox 1113 5073 1206 5126; x_wconf 81' lang='grc' dir='ltr'>τοῦ</span> <span class='ocrx_word' id='word_1_505' title='bbox 1239 5071 1572 5144; x_wconf 87' lang='grc' dir='ltr'>Πνεύματος.</span> <span class='ocrx_word' id='word_1_506' title='bbox 1604 5068 1755 5137; x_wconf 78' lang='grc' dir='ltr'>Εἶτα,</span> <span class='ocrx_word' id='word_1_507' title='bbox 1782 5075 1870 5128; x_wconf 82' lang='grc' dir='ltr'><strong>ἵνα</strong></span> 
     </span>
    </p>
   </div>
   <div class='ocr_carea' id='block_1_69' title="bbox 278 5165 1866 5241">
    <p class='ocr_par' dir='ltr' id='par_1_69' title="bbox 278 5165 1866 5241">
     <span class='ocr_line' id='line_1_69' title="bbox 278 5165 1866 5241; baseline -0.001 -19"><span class='ocrx_word' id='word_1_508' title='bbox 278 5173 458 5241; x_wconf 75' lang='grc' dir='ltr'>μήτις</span> <span class='ocrx_word' id='word_1_509' title='bbox 511 5169 675 5240; x_wconf 73' lang='grc' dir='ltr'>εῐπῃο</span> <span class='ocrx_word' id='word_1_510' title='bbox 735 5169 798 5221; x_wconf 87' lang='grc' dir='ltr'>Τί</span> <span class='ocrx_word' id='word_1_511' title='bbox 857 5167 980 5232; x_wconf 75' lang='grc' dir='ltr'>οὖνς</span> <span class='ocrx_word' id='word_1_512' title='bbox 1029 5169 1194 5238; x_wconf 74' lang='grc' dir='ltr'>ἡμεῖς</span> <span class='ocrx_word' id='word_1_513' title='bbox 1239 5165 1390 5220; x_wconf 84' lang='grc' dir='ltr'>οὐδὲν</span> <span class='ocrx_word' id='word_1_514' title='bbox 1428 5167 1866 5236; x_wconf 77' lang='grc' dir='ltr'>είσηνέγκαμενς</span> 
     </span>
    </p>
   </div>
   <div class='ocr_carea' id='block_1_70' title="bbox 289 5258 1869 5330">
    <p class='ocr_par' dir='ltr' id='par_1_70' title="bbox 289 5258 1869 5330">
     <span class='ocr_line' id='line_1_70' title="bbox 289 5258 1869 5330; baseline -0.001 -16"><span class='ocrx_word' id='word_1_515' title='bbox 289 5265 518 5330; x_wconf 79' lang='grc' dir='ltr'>ὲτιάγειο</span> <span class='ocrx_word' id='word_1_516' title='bbox 562 5259 668 5315; x_wconf 80' lang='grc' dir='ltr'><strong>Καὶ</strong></span> <span class='ocrx_word' id='word_1_517' title='bbox 696 5260 895 5313; x_wconf 82' lang='grc' dir='ltr'>πίστει</span> <span class='ocrx_word' id='word_1_518' title='bbox 921 5260 1227 5326; x_wconf 60' lang='grc' dir='ltr'>ἀληθείας</span> <span class='ocrx_word' id='word_1_519' title='bbox 1263 5259 1563 5322; x_wconf 77' lang='grc' dir='ltr'>τουτέστιν,</span> <span class='ocrx_word' id='word_1_520' title='bbox 1609 5258 1869 5326; x_wconf 83' lang='grc' dir='ltr'>Ἥγίασεν</span> 
     </span>
    </p>
   </div>
   <div class='ocr_carea' id='block_1_71' title="bbox 287 5351 1866 5426">
    <p class='ocr_par' dir='ltr' id='par_1_71' title="bbox 287 5351 1866 5426">
     <span class='ocr_line' id='line_1_71' title="bbox 287 5351 1866 5426; baseline -0.005 -16"><span class='ocrx_word' id='word_1_521' title='bbox 287 5357 439 5426; x_wconf 80' lang='grc' dir='ltr'>ἡμᾶς</span> <span class='ocrx_word' id='word_1_522' title='bbox 474 5351 990 5425; x_wconf 76' lang='grc' dir='ltr'>προεισενεγκόντας</span> <span class='ocrx_word' id='word_1_523' title='bbox 1022 5353 1207 5405; x_wconf 79' lang='grc' dir='ltr'>πίστιν</span> <span class='ocrx_word' id='word_1_524' title='bbox 1240 5351 1529 5422; x_wconf 78' lang='grc' dir='ltr'>ἀληθείας,</span> <span class='ocrx_word' id='word_1_525' title='bbox 1589 5351 1866 5403; x_wconf 80' lang='grc' dir='ltr'>τουτέστιν</span> 
     </span>
    </p>
   </div>
   <div class='ocr_carea' id='block_1_72' title="bbox 291 5443 1866 5519">
    <p class='ocr_par' dir='ltr' id='par_1_72' title="bbox 291 5443 1866 5519">
     <span class='ocr_line' id='line_1_72' title="bbox 291 5443 1866 5519; baseline -0.003 -18"><span class='ocrx_word' id='word_1_526' title='bbox 291 5447 560 5519; x_wconf 80' lang='grc' dir='ltr'>ἀληθινῶν</span> <span class='ocrx_word' id='word_1_527' title='bbox 587 5445 947 5518; x_wconf 82' lang='grc' dir='ltr'>πραγμάτων.</span> <span class='ocrx_word' id='word_1_528' title='bbox 979 5445 1054 5498; x_wconf 87' lang='grc' dir='ltr'>Οὐ</span> <span class='ocrx_word' id='word_1_529' title='bbox 1079 5449 1188 5518; x_wconf 82' lang='grc' dir='ltr'>γὰρ</span> <span class='ocrx_word' id='word_1_530' title='bbox 1209 5444 1428 5514; x_wconf 79' lang='grc' dir='ltr'>ψεύδεσί</span> <span class='ocrx_word' id='word_1_531' title='bbox 1454 5459 1594 5497; x_wconf 82' lang='grc' dir='ltr'>τισιν</span> <span class='ocrx_word' id='word_1_532' title='bbox 1621 5443 1866 5497; x_wconf 76' lang='grc' dir='ltr'>ἐπιστεύ-</span> 
     </span>
    </p>
   </div>
   <div class='ocr_carea' id='block_1_73' title="bbox 291 5535 1866 5610">
    <p class='ocr_par' dir='ltr' id='par_1_73' title="bbox 291 5535 1866 5610">
     <span class='ocr_line' id='line_1_73' title="bbox 291 5535 1866 5610; baseline -0.003 -18"><span class='ocrx_word' id='word_1_533' title='bbox 291 5556 485 5610; x_wconf 83' lang='grc' dir='ltr'>σαμεν,</span> <span class='ocrx_word' id='word_1_534' title='bbox 519 5538 654 5593; x_wconf 86' lang='grc' dir='ltr'><strong>ἀλλά</strong></span> <span class='ocrx_word' id='word_1_535' title='bbox 685 5541 750 5610; x_wconf 77' lang='grc' dir='ltr'>τῇ</span> <span class='ocrx_word' id='word_1_536' title='bbox 794 5536 1024 5609; x_wconf 75' lang='grc' dir='ltr'>ἀληθεία</span> <span class='ocrx_word' id='word_1_537' title='bbox 1061 5538 1222 5610; x_wconf 81' lang='grc' dir='ltr'>αὐτῇ.</span> <span class='ocrx_word' id='word_1_538' title='bbox 1262 5538 1373 5592; x_wconf 73' lang='grc' dir='ltr'>Καὶ</span> <span class='ocrx_word' id='word_1_539' title='bbox 1408 5536 1584 5600; x_wconf 75' lang='grc' dir='ltr'>ἄλλως</span> <span class='ocrx_word' id='word_1_540' title='bbox 1614 5537 1692 5602; x_wconf 84' lang='grc' dir='ltr'><strong>δὲ,</strong></span> <span class='ocrx_word' id='word_1_541' title='bbox 1740 5535 1866 5589; x_wconf 87' lang='grc' dir='ltr'>δευ-</span> 
     </span>
    </p>
   </div>
   <div class='ocr_carea' id='block_1_74' title="bbox 363 5653 789 5722">
    <p class='ocr_par' dir='ltr' id='par_1_74' title="bbox 363 5653 789 5722">
     <span class='ocr_line' id='line_1_74' title="bbox 363 5653 789 5722; baseline -0.009 -12"><span class='ocrx_word' id='word_1_542' title='bbox 363 5663 390 5692; x_wconf 75' lang='grc' dir='ltr'><strong><em>ι</em></strong></span> <span class='ocrx_word' id='word_1_543' title='bbox 421 5653 577 5710; x_wconf 81' lang='lat' dir='ltr'><strong>Joan.</strong></span> <span class='ocrx_word' id='word_1_544' title='bbox 608 5671 663 5722; x_wconf 91' lang='lat' dir='ltr'><strong>v,</strong></span> <span class='ocrx_word' id='word_1_545' title='bbox 698 5654 789 5710; x_wconf 74' lang='grc'><strong>43.</strong></span> 
     </span>
    </p>
   </div>
   <div class='ocr_carea' id='block_1_75' title="bbox 1969 1932 3557 2004">
    <p class='ocr_par' dir='ltr' id='par_1_75' title="bbox 1969 1932 3557 2004">
     <span class='ocr_line' id='line_1_75' title="bbox 1969 1932 3557 2004; baseline -0.006 -8"><span class='ocrx_word' id='word_1_546' title='bbox 1969 1953 2089 1996; x_wconf 86' lang='lat' dir='ltr'><strong>runt</strong></span> <span class='ocrx_word' id='word_1_547' title='bbox 2121 1940 2355 2003; x_wconf 82' lang='lat' dir='ltr'><strong>veritati,</strong></span> <span class='ocrx_word' id='word_1_548' title='bbox 2390 1938 2480 1992; x_wconf 83' lang='lat' dir='ltr'><strong>sed</strong></span> <span class='ocrx_word' id='word_1_549' title='bbox 2508 1947 2880 1992; x_wconf 81' lang='lat' dir='ltr'><strong>consenserunt</strong></span> <span class='ocrx_word' id='word_1_550' title='bbox 2911 1936 3202 2004; x_wconf 86' lang='lat' dir='ltr'><strong>iniquitati.</strong></span> <span class='ocrx_word' id='word_1_551' title='bbox 3242 1932 3359 1986; x_wconf 85' lang='lat' dir='ltr'><strong>Non</strong></span> <span class='ocrx_word' id='word_1_552' title='bbox 3393 1933 3557 2000; x_wconf 79' lang='lat' dir='ltr'><strong>dixit,</strong></span> 
     </span>
    </p>
   </div>
   <div class='ocr_carea' id='block_1_76' title="bbox 1968 2028 3558 2106">
    <p class='ocr_par' dir='ltr' id='par_1_76' title="bbox 1968 2028 3558 2106">
     <span class='ocr_line' id='line_1_76' title="bbox 1968 2028 3558 2106; baseline -0.007 -15"><span class='ocrx_word' id='word_1_553' title='bbox 1968 2036 2042 2092; x_wconf 87' lang='lat' dir='ltr'><strong>Ut</strong></span> <span class='ocrx_word' id='word_1_554' title='bbox 2079 2036 2376 2106; x_wconf 83' lang='lat' dir='ltr'><strong>puniantur</strong></span> <span class='ocrx_word' id='word_1_555' title='bbox 2421 2031 2579 2102; x_wconf 86' lang='lat' dir='ltr'><strong>(nam</strong></span> <span class='ocrx_word' id='word_1_556' title='bbox 2628 2029 2842 2084; x_wconf 84' lang='lat' dir='ltr'><strong>etiamsi</strong></span> <span class='ocrx_word' id='word_1_557' title='bbox 2880 2028 3250 2082; x_wconf 86' lang='lat' dir='ltr'><strong>Antichristus</strong></span> <span class='ocrx_word' id='word_1_558' title='bbox 3304 2041 3410 2078; x_wconf 90' lang='lat' dir='ltr'><strong>non</strong></span> <span class='ocrx_word' id='word_1_559' title='bbox 3463 2039 3558 2080; x_wconf 87' lang='lat' dir='ltr'><strong>ve-</strong></span> 
     </span>
    </p>
   </div>
   <div class='ocr_carea' id='block_1_77' title="bbox 1969 2115 3560 2193">
    <p class='ocr_par' dir='ltr' id='par_1_77' title="bbox 1969 2115 3560 2193">
     <span class='ocr_line' id='line_1_77' title="bbox 1969 2115 3560 2193; baseline -0.009 -11"><span class='ocrx_word' id='word_1_560' title='bbox 1969 2128 2170 2190; x_wconf 89' lang='lat' dir='ltr'><strong>nisset,</strong></span> <span class='ocrx_word' id='word_1_561' title='bbox 2210 2122 2474 2180; x_wconf 87' lang='lat' dir='ltr'><strong>increduli</strong></span> <span class='ocrx_word' id='word_1_562' title='bbox 2512 2122 2769 2193; x_wconf 88' lang='lat' dir='ltr'><strong>puniendi</strong></span> <span class='ocrx_word' id='word_1_563' title='bbox 2825 2120 3034 2186; x_wconf 87' lang='lat' dir='ltr'><strong>erant),</strong></span> <span class='ocrx_word' id='word_1_564' title='bbox 3087 2132 3270 2172; x_wconf 88' lang='lat' dir='ltr'><strong>verum</strong></span> <span class='ocrx_word' id='word_1_565' title='bbox 3324 2115 3394 2172; x_wconf 85' lang='lat' dir='ltr'><strong>Ut</strong></span> <span class='ocrx_word' id='word_1_566' title='bbox 3425 2132 3560 2172; x_wconf 82' lang='lat' dir='ltr'><strong>con-</strong></span> 
     </span>
    </p>
   </div>
   <div class='ocr_carea' id='block_1_78' title="bbox 1969 2207 3556 2285">
    <p class='ocr_par' dir='ltr' id='par_1_78' title="bbox 1969 2207 3556 2285">
     <span class='ocr_line' id='line_1_78' title="bbox 1969 2207 3556 2285; baseline -0.006 -11"><span class='ocrx_word' id='word_1_567' title='bbox 1969 2219 2314 2281; x_wconf 87' lang='lat' dir='ltr'><strong>demnentur,</strong></span> <span class='ocrx_word' id='word_1_568' title='bbox 2354 2215 2554 2285; x_wconf 84' lang='lat' dir='ltr'><strong>inquit,</strong></span> <span class='ocrx_word' id='word_1_569' title='bbox 2585 2223 2643 2269; x_wconf 88' lang='lat' dir='ltr'><strong>ut</strong></span> <span class='ocrx_word' id='word_1_570' title='bbox 2676 2213 2785 2268; x_wconf 89' lang='lat' dir='ltr'><strong>sint</strong></span> <span class='ocrx_word' id='word_1_571' title='bbox 2817 2213 2916 2282; x_wconf 87' lang='lat' dir='ltr'><strong>ipsi</strong></span> <span class='ocrx_word' id='word_1_572' title='bbox 2957 2207 3378 2266; x_wconf 77' lang='lat' dir='ltr'><strong>inexcuSabiles.</strong></span> <span class='ocrx_word' id='word_1_573' title='bbox 3412 2209 3556 2276; x_wconf 84' lang='lat' dir='ltr'><strong>Quid</strong></span> 
     </span>
    </p>
   </div>
   <div class='ocr_carea' id='block_1_79' title="bbox 1967 2302 3553 2376">
    <p class='ocr_par' dir='ltr' id='par_1_79' title="bbox 1967 2302 3553 2376">
     <span class='ocr_line' id='line_1_79' title="bbox 1967 2302 3553 2376; baseline -0.007 -9"><span class='ocrx_word' id='word_1_574' title='bbox 1967 2311 2115 2368; x_wconf 88' lang='lat' dir='ltr'><strong>cnim</strong></span> <span class='ocrx_word' id='word_1_575' title='bbox 2148 2309 2414 2371; x_wconf 90' lang='lat' dir='ltr'><strong>dicereut,</strong></span> <span class='ocrx_word' id='word_1_576' title='bbox 2453 2307 2747 2376; x_wconf 82' lang='lat' dir='ltr'><strong>PrOpterea</strong></span> <span class='ocrx_word' id='word_1_577' title='bbox 2790 2320 2898 2360; x_wconf 88' lang='lat' dir='ltr'><strong>non</strong></span> <span class='ocrx_word' id='word_1_578' title='bbox 2934 2303 3268 2359; x_wconf 88' lang='lat' dir='ltr'><strong>credidimus</strong></span> <span class='ocrx_word' id='word_1_579' title='bbox 3297 2302 3553 2367; x_wconf 86' lang='lat' dir='ltr'><strong>Christo,</strong></span> 
     </span>
    </p>
   </div>
   <div class='ocr_carea' id='block_1_80' title="bbox 1968 2397 3560 2472">
    <p class='ocr_par' dir='ltr' id='par_1_80' title="bbox 1968 2397 3560 2472">
     <span class='ocr_line' id='line_1_80' title="bbox 1968 2397 3560 2472; baseline -0.005 -15"><span class='ocrx_word' id='word_1_580' title='bbox 1968 2402 2110 2472; x_wconf 88' lang='lat' dir='ltr'><strong>quod</strong></span> <span class='ocrx_word' id='word_1_581' title='bbox 2128 2399 2377 2470; x_wconf 86' lang='lat' dir='ltr'><strong>discipuli</strong></span> <span class='ocrx_word' id='word_1_582' title='bbox 2402 2413 2526 2453; x_wconf 91' lang='lat' dir='ltr'><strong>eum</strong></span> <span class='ocrx_word' id='word_1_583' title='bbox 2549 2398 2718 2452; x_wconf 92' lang='lat' dir='ltr'><strong>Deum</strong></span> <span class='ocrx_word' id='word_1_584' title='bbox 2743 2397 3110 2469; x_wconf 72' lang='lat' dir='ltr'><strong>prmdicarint,</strong></span> <span class='ocrx_word' id='word_1_585' title='bbox 3141 2413 3239 2451; x_wconf 87' lang='lat' dir='ltr'><strong>nos</strong></span> <span class='ocrx_word' id='word_1_586' title='bbox 3258 2405 3436 2450; x_wconf 86' lang='lat' dir='ltr'><strong>autem</strong></span> <span class='ocrx_word' id='word_1_587' title='bbox 3461 2411 3560 2450; x_wconf 89' lang='lat' dir='ltr'><strong>au-</strong></span> 
     </span>
    </p>
   </div>
   <div class='ocr_carea' id='block_1_81' title="bbox 1967 2489 3560 2559">
    <p class='ocr_par' dir='ltr' id='par_1_81' title="bbox 1967 2489 3560 2559">
     <span class='ocr_line' id='line_1_81' title="bbox 1967 2489 3560 2559; baseline -0.004 -8"><span class='ocrx_word' id='word_1_588' title='bbox 1967 2495 2201 2551; x_wconf 88' lang='lat' dir='ltr'><strong>divimus</strong></span> <span class='ocrx_word' id='word_1_589' title='bbox 2230 2507 2395 2548; x_wconf 90' lang='lat' dir='ltr'><strong>unum</strong></span> <span class='ocrx_word' id='word_1_590' title='bbox 2425 2507 2546 2548; x_wconf 90' lang='lat' dir='ltr'><strong>esse</strong></span> <span class='ocrx_word' id='word_1_591' title='bbox 2580 2491 2768 2554; x_wconf 85' lang='lat' dir='ltr'><strong>Deum,</strong></span> <span class='ocrx_word' id='word_1_592' title='bbox 2797 2505 2860 2544; x_wconf 78' lang='lat' dir='ltr'><strong>ex</strong></span> <span class='ocrx_word' id='word_1_593' title='bbox 2895 2505 3002 2559; x_wconf 90' lang='lat' dir='ltr'><strong>quo</strong></span> <span class='ocrx_word' id='word_1_594' title='bbox 3032 2489 3248 2543; x_wconf 84' lang='lat' dir='ltr'><strong>omnia?</strong></span> <span class='ocrx_word' id='word_1_595' title='bbox 3275 2489 3560 2555; x_wconf 80' lang='lat' dir='ltr'><strong>Quomodo</strong></span> 
     </span>
    </p>
   </div>
   <div class='ocr_carea' id='block_1_82' title="bbox 1969 2583 3557 2660">
    <p class='ocr_par' dir='ltr' id='par_1_82' title="bbox 1969 2583 3557 2660">
     <span class='ocr_line' id='line_1_82' title="bbox 1969 2583 3557 2660; baseline -0.005 -18"><span class='ocrx_word' id='word_1_596' title='bbox 1969 2589 2132 2660; x_wconf 81' lang='lat' dir='ltr'><strong>igitur</strong></span> <span class='ocrx_word' id='word_1_597' title='bbox 2177 2584 2492 2642; x_wconf 86' lang='lat' dir='ltr'><strong>credidistis</strong></span> <span class='ocrx_word' id='word_1_598' title='bbox 2525 2583 2899 2646; x_wconf 84' lang='lat' dir='ltr'><strong>Antichristo,</strong></span> <span class='ocrx_word' id='word_1_599' title='bbox 2953 2583 3043 2652; x_wconf 89' lang='lat' dir='ltr'><strong>qui</strong></span> <span class='ocrx_word' id='word_1_600' title='bbox 3087 2583 3328 2652; x_wconf 78' lang='lat' dir='ltr'><strong>seipsutn</strong></span> <span class='ocrx_word' id='word_1_601' title='bbox 3388 2583 3557 2637; x_wconf 90' lang='lat' dir='ltr'><strong>Deum</strong></span> 
     </span>
    </p>
   </div>
   <div class='ocr_carea' id='block_1_83' title="bbox 1969 2669 3556 2743">
    <p class='ocr_par' dir='ltr' id='par_1_83' title="bbox 1969 2669 3556 2743">
     <span class='ocr_line' id='line_1_83' title="bbox 1969 2669 3556 2743; baseline -0.005 -9"><span class='ocrx_word' id='word_1_602' title='bbox 1969 2679 2132 2734; x_wconf 83' lang='lat' dir='ltr'><strong>facit?</strong></span> <span class='ocrx_word' id='word_1_603' title='bbox 2155 2678 2405 2734; x_wconf 80' lang='lat' dir='ltr'><strong>Christus</strong></span> <span class='ocrx_word' id='word_1_604' title='bbox 2431 2677 2574 2732; x_wconf 89' lang='lat' dir='ltr'><strong>enim</strong></span> <span class='ocrx_word' id='word_1_605' title='bbox 2603 2675 2748 2730; x_wconf 90' lang='lat' dir='ltr'><strong>Patri</strong></span> <span class='ocrx_word' id='word_1_606' title='bbox 2777 2675 2960 2731; x_wconf 84' lang='lat' dir='ltr'><strong>omnia</strong></span> <span class='ocrx_word' id='word_1_607' title='bbox 2994 2669 3265 2729; x_wconf 83' lang='lat' dir='ltr'><strong>referebat</strong></span> <span class='ocrx_word' id='word_1_608' title='bbox 3289 2684 3511 2743; x_wconf 86' lang='lat' dir='ltr'><strong>accepta</strong></span> <span class='ocrx_word' id='word_1_609' title='bbox 3542 2690 3556 2726; x_wconf 88' lang='lat'><strong>:</strong></span> 
     </span>
    </p>
   </div>
   <div class='ocr_carea' id='block_1_84' title="bbox 1968 2766 3560 2838">
    <p class='ocr_par' dir='ltr' id='par_1_84' title="bbox 1968 2766 3560 2838">
     <span class='ocr_line' id='line_1_84' title="bbox 1968 2766 3560 2838; baseline -0.004 -10"><span class='ocrx_word' id='word_1_610' title='bbox 1968 2773 2056 2828; x_wconf 88' lang='lat' dir='ltr'><strong>hic</strong></span> <span class='ocrx_word' id='word_1_611' title='bbox 2101 2787 2229 2829; x_wconf 84' lang='lat' dir='ltr'><strong>vero</strong></span> <span class='ocrx_word' id='word_1_612' title='bbox 2274 2787 2304 2828; x_wconf 90' lang='lat' dir='ltr'><strong>e</strong></span> <span class='ocrx_word' id='word_1_613' title='bbox 2348 2771 2583 2828; x_wconf 86' lang='lat' dir='ltr'><strong>diverso.</strong></span> <span class='ocrx_word' id='word_1_614' title='bbox 2637 2769 2741 2825; x_wconf 89' lang='lat' dir='ltr'><strong>Sed</strong></span> <span class='ocrx_word' id='word_1_615' title='bbox 2789 2769 3004 2834; x_wconf 78' lang='lat' dir='ltr'><strong>dicent,</strong></span> <span class='ocrx_word' id='word_1_616' title='bbox 3057 2766 3222 2838; x_wconf 78' lang='lat' dir='ltr'><strong>Signa</strong></span> <span class='ocrx_word' id='word_1_617' title='bbox 3273 2769 3390 2838; x_wconf 84' lang='lat' dir='ltr'><strong>ejus</strong></span> <span class='ocrx_word' id='word_1_618' title='bbox 3433 2781 3560 2836; x_wconf 86' lang='lat' dir='ltr'><strong>per-</strong></span> 
     </span>
    </p>
   </div>
   <div class='ocr_carea' id='block_1_85' title="bbox 1969 2861 3558 2937">
    <p class='ocr_par' dir='ltr' id='par_1_85' title="bbox 1969 2861 3558 2937">
     <span class='ocr_line' id='line_1_85' title="bbox 1969 2861 3558 2937; baseline -0.006 -14"><span class='ocrx_word' id='word_1_619' title='bbox 1969 2867 2263 2937; x_wconf 82' lang='lat' dir='ltr'><strong>speximus.</strong></span> <span class='ocrx_word' id='word_1_620' title='bbox 2281 2864 2443 2935; x_wconf 84' lang='lat' dir='ltr'><strong>Atqui</strong></span> <span class='ocrx_word' id='word_1_621' title='bbox 2469 2879 2566 2934; x_wconf 87' lang='lat' dir='ltr'><strong>per</strong></span> <span class='ocrx_word' id='word_1_622' title='bbox 2593 2863 2865 2918; x_wconf 89' lang='lat' dir='ltr'><strong>Christum</strong></span> <span class='ocrx_word' id='word_1_623' title='bbox 2891 2861 3031 2918; x_wconf 83' lang='lat' dir='ltr'><strong>facta</strong></span> <span class='ocrx_word' id='word_1_624' title='bbox 3055 2871 3179 2916; x_wconf 89' lang='lat' dir='ltr'><strong>sunt</strong></span> <span class='ocrx_word' id='word_1_625' title='bbox 3204 2862 3368 2915; x_wconf 88' lang='lat' dir='ltr'><strong>etiam</strong></span> <span class='ocrx_word' id='word_1_626' title='bbox 3391 2862 3558 2914; x_wconf 87' lang='lat' dir='ltr'><strong>multa</strong></span> 
     </span>
    </p>
   </div>
   <div class='ocr_carea' id='block_1_86' title="bbox 1970 2952 3557 3028">
    <p class='ocr_par' dir='ltr' id='par_1_86' title="bbox 1970 2952 3557 3028">
     <span class='ocr_line' id='line_1_86' title="bbox 1970 2952 3557 3028; baseline -0.004 -16"><span class='ocrx_word' id='word_1_627' title='bbox 1970 2968 2020 3013; x_wconf 91' lang='lat' dir='ltr'><strong>et</strong></span> <span class='ocrx_word' id='word_1_628' title='bbox 2057 2972 2270 3028; x_wconf 76' lang='lat' dir='ltr'><strong>magna.</strong></span> <span class='ocrx_word' id='word_1_629' title='bbox 2309 2957 2472 3026; x_wconf 86' lang='lat' dir='ltr'><strong>Atqui</strong></span> <span class='ocrx_word' id='word_1_630' title='bbox 2515 2955 2764 3010; x_wconf 89' lang='lat' dir='ltr'><strong>Christus</strong></span> <span class='ocrx_word' id='word_1_631' title='bbox 2795 2955 3015 3024; x_wconf 86' lang='lat' dir='ltr'><strong>quidem</strong></span> <span class='ocrx_word' id='word_1_632' title='bbox 3078 2952 3337 3008; x_wconf 81' lang='lat' dir='ltr'><strong>Scrvalor</strong></span> <span class='ocrx_word' id='word_1_633' title='bbox 3365 2967 3394 3005; x_wconf 89' lang='lat' dir='ltr'><strong>a</strong></span> <span class='ocrx_word' id='word_1_634' title='bbox 3427 2966 3557 3021; x_wconf 57' lang='lat' dir='ltr'><strong>pro.</strong></span> 
     </span>
    </p>
   </div>
   <div class='ocr_carea' id='block_1_87' title="bbox 1969 3045 3558 3119">
    <p class='ocr_par' dir='ltr' id='par_1_87' title="bbox 1969 3045 3558 3119">
     <span class='ocr_line' id='line_1_87' title="bbox 1969 3045 3558 3119; baseline -0.001 -17"><span class='ocrx_word' id='word_1_635' title='bbox 1969 3049 2146 3119; x_wconf 87' lang='lat' dir='ltr'><strong>phetis</strong></span> <span class='ocrx_word' id='word_1_636' title='bbox 2202 3048 2651 3118; x_wconf 65' lang='lat' dir='ltr'><strong>praedicabatur:</strong></span> <span class='ocrx_word' id='word_1_637' title='bbox 2709 3047 2812 3102; x_wconf 89' lang='lat' dir='ltr'><strong>iste</strong></span> <span class='ocrx_word' id='word_1_638' title='bbox 2858 3062 3019 3114; x_wconf 87' lang='lat' dir='ltr'><strong>vero,</strong></span> <span class='ocrx_word' id='word_1_639' title='bbox 3061 3046 3205 3100; x_wconf 82' lang='lat' dir='ltr'><strong>ﬁlius</strong></span> <span class='ocrx_word' id='word_1_640' title='bbox 3257 3045 3558 3114; x_wconf 80' lang='lat' dir='ltr'><strong>iniquitatis</strong></span> 
     </span>
    </p>
   </div>
   <div class='ocr_carea' id='block_1_88' title="bbox 1970 3137 3556 3199">
    <p class='ocr_par' dir='ltr' id='par_1_88' title="bbox 1970 3137 3556 3199">
     <span class='ocr_line' id='line_1_88' title="bbox 1970 3137 3556 3199; baseline -0.005 -4"><span class='ocrx_word' id='word_1_641' title='bbox 1970 3147 2025 3195; x_wconf 89' lang='lat' dir='ltr'><strong>et</strong></span> <span class='ocrx_word' id='word_1_642' title='bbox 2082 3139 2358 3194; x_wconf 90' lang='lat' dir='ltr'><strong>interitus.</strong></span> <span class='ocrx_word' id='word_1_643' title='bbox 2425 3137 2576 3192; x_wconf 82' lang='lat' dir='ltr'><strong>Hanc</strong></span> <span class='ocrx_word' id='word_1_644' title='bbox 2633 3138 2700 3191; x_wconf 88' lang='lat' dir='ltr'><strong>ob</strong></span> <span class='ocrx_word' id='word_1_645' title='bbox 2751 3151 2973 3191; x_wconf 87' lang='lat' dir='ltr'><strong>causam</strong></span> <span class='ocrx_word' id='word_1_646' title='bbox 3025 3138 3556 3199; x_wconf 84' lang='lat' dir='ltr'><strong>eondemnabuntur,</strong></span> 
     </span>
    </p>
   </div>
   <div class='ocr_carea' id='block_1_89' title="bbox 1971 3230 3563 3303">
    <p class='ocr_par' dir='ltr' id='par_1_89' title="bbox 1971 3230 3563 3303">
     <span class='ocr_line' id='line_1_89' title="bbox 1971 3230 3563 3303; baseline -0.002 -16"><span class='ocrx_word' id='word_1_647' title='bbox 1971 3231 2230 3303; x_wconf 90' lang='lat' dir='ltr'><strong>quoniam</strong></span> <span class='ocrx_word' id='word_1_648' title='bbox 2265 3232 2549 3286; x_wconf 84' lang='lat' dir='ltr'><strong>veritatem</strong></span> <span class='ocrx_word' id='word_1_649' title='bbox 2584 3230 2917 3286; x_wconf 85' lang='lat' dir='ltr'><strong>dimittentcs</strong></span> <span class='ocrx_word' id='word_1_650' title='bbox 2939 3271 2954 3295; x_wconf 90' lang='lat'><strong>,</strong></span> <span class='ocrx_word' id='word_1_651' title='bbox 2995 3240 3425 3293; x_wconf 81' lang='lat' dir='ltr'><strong>consenserunt,</strong></span> <span class='ocrx_word' id='word_1_652' title='bbox 3459 3231 3563 3284; x_wconf 92' lang='lat' dir='ltr'><strong>hoc</strong></span> 
     </span>
    </p>
   </div>
   <div class='ocr_carea' id='block_1_90' title="bbox 1974 3317 3560 3392">
    <p class='ocr_par' dir='ltr' id='par_1_90' title="bbox 1974 3317 3560 3392">
     <span class='ocr_line' id='line_1_90' title="bbox 1974 3317 3560 3392; baseline -0.004 -14"><span class='ocrx_word' id='word_1_653' title='bbox 1974 3330 2077 3386; x_wconf 82' lang='lat' dir='ltr'><strong>est,</strong></span> <span class='ocrx_word' id='word_1_654' title='bbox 2121 3323 2324 3392; x_wconf 87' lang='lat' dir='ltr'><strong>placuit</strong></span> <span class='ocrx_word' id='word_1_655' title='bbox 2350 3322 2452 3386; x_wconf 87' lang='lat' dir='ltr'><strong>eis,</strong></span> <span class='ocrx_word' id='word_1_656' title='bbox 2485 3335 2548 3375; x_wconf 88' lang='lat' dir='ltr'><strong>ac</strong></span> <span class='ocrx_word' id='word_1_657' title='bbox 2587 3318 3060 3390; x_wconf 57' lang='lat' dir='ltr'><strong>lubenteﬁaddicti</strong></span> <span class='ocrx_word' id='word_1_658' title='bbox 3097 3327 3224 3373; x_wconf 85' lang='lat' dir='ltr'><strong>sunt</strong></span> <span class='ocrx_word' id='word_1_659' title='bbox 3259 3317 3560 3385; x_wconf 70' lang='lat' dir='ltr'><strong>iniustitiae,</strong></span> 
     </span>
    </p>
   </div>
   <div class='ocr_carea' id='block_1_91' title="bbox 1976 3409 3563 3480">
    <p class='ocr_par' dir='ltr' id='par_1_91' title="bbox 1976 3409 3563 3480">
     <span class='ocr_line' id='line_1_91' title="bbox 1976 3409 3563 3480; baseline -0.007 -8"><span class='ocrx_word' id='word_1_660' title='bbox 1976 3418 2078 3472; x_wconf 86' lang='lat' dir='ltr'><strong>hoc</strong></span> <span class='ocrx_word' id='word_1_661' title='bbox 2135 3427 2222 3472; x_wconf 85' lang='lat' dir='ltr'><strong>est</strong></span> <span class='ocrx_word' id='word_1_662' title='bbox 2288 3413 2589 3479; x_wconf 69' lang='lat' dir='ltr'><strong>vastatori,</strong></span> <span class='ocrx_word' id='word_1_663' title='bbox 2649 3426 2864 3466; x_wconf 86' lang='lat' dir='ltr'><strong>omnem</strong></span> <span class='ocrx_word' id='word_1_664' title='bbox 2924 3409 3243 3480; x_wconf 70' lang='lat' dir='ltr'><strong>iniustitiam</strong></span> <span class='ocrx_word' id='word_1_665' title='bbox 3298 3410 3563 3464; x_wconf 85' lang='lat' dir='ltr'><strong>adversus</strong></span> 
     </span>
    </p>
   </div>
   <div class='ocr_carea' id='block_1_92' title="bbox 1973 3501 3562 3572">
    <p class='ocr_par' dir='ltr' id='par_1_92' title="bbox 1973 3501 3562 3572">
     <span class='ocr_line' id='line_1_92' title="bbox 1973 3501 3562 3572; baseline -0.007 -8"><span class='ocrx_word' id='word_1_666' title='bbox 1973 3510 2290 3564; x_wconf 88' lang='lat' dir='ltr'><strong>mortalium</strong></span> <span class='ocrx_word' id='word_1_667' title='bbox 2331 3508 2544 3563; x_wconf 89' lang='lat' dir='ltr'><strong>animos</strong></span> <span class='ocrx_word' id='word_1_668' title='bbox 2590 3501 2914 3569; x_wconf 82' lang='lat' dir='ltr'><strong>adducenti,</strong></span> <span class='ocrx_word' id='word_1_669' title='bbox 2968 3503 3063 3572; x_wconf 89' lang='lat' dir='ltr'><strong>qui</strong></span> <span class='ocrx_word' id='word_1_670' title='bbox 3122 3501 3301 3572; x_wconf 84' lang='lat' dir='ltr'><strong>reipsa</strong></span> <span class='ocrx_word' id='word_1_671' title='bbox 3345 3511 3430 3558; x_wconf 90' lang='lat' dir='ltr'><strong>est</strong></span> <span class='ocrx_word' id='word_1_672' title='bbox 3474 3501 3562 3554; x_wconf 80' lang='lat' dir='ltr'><strong>in-</strong></span> 
     </span>
    </p>
   </div>
   <div class='ocr_carea' id='block_1_93' title="bbox 1969 3599 2832 3670">
    <p class='ocr_par' dir='ltr' id='par_1_93' title="bbox 1969 3599 2832 3670">
     <span class='ocr_line' id='line_1_93' title="bbox 1969 3599 2832 3670; baseline 0.003 -15"><span class='ocrx_word' id='word_1_673' title='bbox 1969 3599 2209 3670; x_wconf 86' lang='lat' dir='ltr'><strong>justitia.</strong></span> <span class='ocrx_word' id='word_1_674' title='bbox 2827 3653 2832 3658; x_wconf 91' lang='lat'><strong>.</strong></span> 
     </span>
    </p>
   </div>
   <div class='ocr_carea' id='block_1_94' title="bbox 2048 3680 3562 3755">
    <p class='ocr_par' dir='ltr' id='par_1_94' title="bbox 2048 3680 3562 3755">
     <span class='ocr_line' id='line_1_94' title="bbox 2048 3680 3562 3755; baseline -0.007 -8"><span class='ocrx_word' id='word_1_675' title='bbox 2048 3692 2218 3749; x_wconf 76' lang='lat' dir='ltr'><strong>Vens.</strong></span> <span class='ocrx_word' id='word_1_676' title='bbox 2257 3691 2343 3746; x_wconf 78' lang='grc'><strong>15.</strong></span> <span class='ocrx_word' id='word_1_677' title='bbox 2379 3689 2494 3744; x_wconf 85' lang='lat' dir='ltr'><strong>Nos</strong></span> <span class='ocrx_word' id='word_1_678' title='bbox 2535 3697 2713 3742; x_wconf 87' lang='lat' dir='ltr'><strong>autem</strong></span> <span class='ocrx_word' id='word_1_679' title='bbox 2745 3685 2992 3741; x_wconf 79' lang='lat' dir='ltr'><strong>debemus</strong></span> <span class='ocrx_word' id='word_1_680' title='bbox 3026 3684 3225 3755; x_wconf 78' lang='lat' dir='ltr'><strong>gratias</strong></span> <span class='ocrx_word' id='word_1_681' title='bbox 3262 3697 3417 3753; x_wconf 81' lang='lat' dir='ltr'><strong>agere</strong></span> <span class='ocrx_word' id='word_1_682' title='bbox 3456 3680 3562 3737; x_wconf 85' lang='lat' dir='ltr'><strong>Deo</strong></span> 
     </span>
    </p>
   </div>
   <div class='ocr_carea' id='block_1_95' title="bbox 1974 3773 3562 3852">
    <p class='ocr_par' dir='ltr' id='par_1_95' title="bbox 1974 3773 3562 3852">
     <span class='ocr_line' id='line_1_95' title="bbox 1974 3773 3562 3852; baseline -0.008 -12"><span class='ocrx_word' id='word_1_683' title='bbox 1974 3799 2178 3852; x_wconf 82' lang='lat' dir='ltr'><strong>setnper</strong></span> <span class='ocrx_word' id='word_1_684' title='bbox 2199 3799 2294 3852; x_wconf 88' lang='lat' dir='ltr'><strong>pro</strong></span> <span class='ocrx_word' id='word_1_685' title='bbox 2320 3781 2482 3846; x_wconf 77' lang='lat' dir='ltr'><strong>vobis,</strong></span> <span class='ocrx_word' id='word_1_686' title='bbox 2515 3781 2711 3851; x_wconf 81' lang='lat' dir='ltr'><strong>fratres</strong></span> <span class='ocrx_word' id='word_1_687' title='bbox 2735 3779 2916 3834; x_wconf 86' lang='lat' dir='ltr'><strong>dilecti</strong></span> <span class='ocrx_word' id='word_1_688' title='bbox 2942 3795 2973 3832; x_wconf 92' lang='lat' dir='ltr'><strong>a</strong></span> <span class='ocrx_word' id='word_1_689' title='bbox 3002 3775 3247 3831; x_wconf 85' lang='lat' dir='ltr'><strong>Domino.</strong></span> <span class='ocrx_word' id='word_1_690' title='bbox 3286 3774 3420 3841; x_wconf 84' lang='lat' dir='ltr'><strong>Quia</strong></span> <span class='ocrx_word' id='word_1_691' title='bbox 3451 3773 3562 3828; x_wconf 83' lang='lat' dir='ltr'><strong>for-</strong></span> 
     </span>
    </p>
   </div>
   <div class='ocr_carea' id='block_1_96' title="bbox 1975 3866 3561 3946">
    <p class='ocr_par' dir='ltr' id='par_1_96' title="bbox 1975 3866 3561 3946">
     <span class='ocr_line' id='line_1_96' title="bbox 1975 3866 3561 3946; baseline -0.008 -13"><span class='ocrx_word' id='word_1_692' title='bbox 1975 3877 2252 3933; x_wconf 87' lang='lat' dir='ltr'><strong>midabilia</strong></span> <span class='ocrx_word' id='word_1_693' title='bbox 2277 3877 2525 3946; x_wconf 64' lang='lat' dir='ltr'><strong>quaadam</strong></span> <span class='ocrx_word' id='word_1_694' title='bbox 2555 3875 2786 3936; x_wconf 79' lang='lat' dir='ltr'><strong>dixerat,</strong></span> <span class='ocrx_word' id='word_1_695' title='bbox 2813 3881 2867 3927; x_wconf 81' lang='lat' dir='ltr'><strong>et</strong></span> <span class='ocrx_word' id='word_1_696' title='bbox 2894 3886 3014 3942; x_wconf 82' lang='lat' dir='ltr'><strong>quae</strong></span> <span class='ocrx_word' id='word_1_697' title='bbox 3041 3876 3260 3939; x_wconf 89' lang='lat' dir='ltr'><strong>possent</strong></span> <span class='ocrx_word' id='word_1_698' title='bbox 3286 3866 3561 3921; x_wconf 80' lang='lat' dir='ltr'><strong>inﬁrmum</strong></span> 
     </span>
    </p>
   </div>
   <div class='ocr_carea' id='block_1_97' title="bbox 1975 3960 3566 4036">
    <p class='ocr_par' dir='ltr' id='par_1_97' title="bbox 1975 3960 3566 4036">
     <span class='ocr_line' id='line_1_97' title="bbox 1975 3960 3566 4036; baseline -0.008 -10"><span class='ocrx_word' id='word_1_699' title='bbox 1975 3972 2218 4026; x_wconf 89' lang='lat' dir='ltr'><strong>animum</strong></span> <span class='ocrx_word' id='word_1_700' title='bbox 2254 3977 2568 4030; x_wconf 88' lang='lat' dir='ltr'><strong>concutere,</strong></span> <span class='ocrx_word' id='word_1_701' title='bbox 2599 3980 2745 4021; x_wconf 90' lang='lat' dir='ltr'><strong>nunc</strong></span> <span class='ocrx_word' id='word_1_702' title='bbox 2772 3965 2981 4036; x_wconf 81' lang='lat' dir='ltr'><strong>mitigat</strong></span> <span class='ocrx_word' id='word_1_703' title='bbox 3015 3961 3177 4018; x_wconf 87' lang='lat' dir='ltr'><strong>corda</strong></span> <span class='ocrx_word' id='word_1_704' title='bbox 3201 3975 3390 4014; x_wconf 89' lang='lat' dir='ltr'><strong>eorum</strong></span> <span class='ocrx_word' id='word_1_705' title='bbox 3413 4000 3428 4024; x_wconf 91' lang='lat'><strong>,</strong></span> <span class='ocrx_word' id='word_1_706' title='bbox 3464 3960 3566 4014; x_wconf 85' lang='lat' dir='ltr'><strong>do-&#39;</strong></span> 
     </span>
    </p>
   </div>
   <div class='ocr_carea' id='block_1_98' title="bbox 1976 4051 3562 4131">
    <p class='ocr_par' dir='ltr' id='par_1_98' title="bbox 1976 4051 3562 4131">
     <span class='ocr_line' id='line_1_98' title="bbox 1976 4051 3562 4131; baseline -0.007 -14"><span class='ocrx_word' id='word_1_707' title='bbox 1976 4077 2108 4117; x_wconf 82' lang='lat' dir='ltr'><strong>eens</strong></span> <span class='ocrx_word' id='word_1_708' title='bbox 2141 4060 2285 4131; x_wconf 90' lang='lat' dir='ltr'><strong>quod</strong></span> <span class='ocrx_word' id='word_1_709' title='bbox 2344 4059 2469 4114; x_wconf 87' lang='lat' dir='ltr'><strong>licet</strong></span> <span class='ocrx_word' id='word_1_710' title='bbox 2510 4058 2622 4112; x_wconf 70' lang='lat' dir='ltr'><strong>haec</strong></span> <span class='ocrx_word' id='word_1_711' title='bbox 2671 4057 2794 4112; x_wconf 86' lang='lat' dir='ltr'><strong>aliis</strong></span> <span class='ocrx_word' id='word_1_712' title='bbox 2837 4056 3054 4126; x_wconf 81' lang='lat' dir='ltr'><strong>quidem</strong></span> <span class='ocrx_word' id='word_1_713' title='bbox 3112 4052 3376 4109; x_wconf 86' lang='lat' dir='ltr'><strong>terribilia</strong></span> <span class='ocrx_word' id='word_1_714' title='bbox 3418 4051 3562 4115; x_wconf 89' lang='lat' dir='ltr'><strong>sint,</strong></span> 
     </span>
    </p>
   </div>
   <div class='ocr_carea' id='block_1_99' title="bbox 1979 4141 3563 4222">
    <p class='ocr_par' dir='ltr' id='par_1_99' title="bbox 1979 4141 3563 4222">
     <span class='ocr_line' id='line_1_99' title="bbox 1979 4141 3563 4222; baseline -0.009 -14"><span class='ocrx_word' id='word_1_715' title='bbox 1979 4169 2170 4222; x_wconf 82' lang='lat' dir='ltr'><strong>nempe</strong></span> <span class='ocrx_word' id='word_1_716' title='bbox 2208 4152 2276 4206; x_wconf 89' lang='lat' dir='ltr'><strong>iis</strong></span> <span class='ocrx_word' id='word_1_717' title='bbox 2306 4152 2395 4220; x_wconf 90' lang='lat' dir='ltr'><strong>qui</strong></span> <span class='ocrx_word' id='word_1_718' title='bbox 2431 4159 2686 4220; x_wconf 89' lang='lat' dir='ltr'><strong>pereunt,</strong></span> <span class='ocrx_word' id='word_1_719' title='bbox 2733 4149 3023 4202; x_wconf 86' lang='lat' dir='ltr'><strong>adversum</strong></span> <span class='ocrx_word' id='word_1_720' title='bbox 3063 4160 3200 4215; x_wconf 87' lang='lat' dir='ltr'><strong>quos</strong></span> <span class='ocrx_word' id='word_1_721' title='bbox 3240 4145 3404 4198; x_wconf 88' lang='lat' dir='ltr'><strong>etiam</strong></span> <span class='ocrx_word' id='word_1_722' title='bbox 3442 4141 3563 4213; x_wconf 87' lang='lat' dir='ltr'><strong>plu—</strong></span> 
     </span>
    </p>
   </div>
   <div class='ocr_carea' id='block_1_100' title="bbox 1978 4237 3564 4310">
    <p class='ocr_par' dir='ltr' id='par_1_100' title="bbox 1978 4237 3564 4310">
     <span class='ocr_line' id='line_1_100' title="bbox 1978 4237 3564 4310; baseline -0.008 -9"><span class='ocrx_word' id='word_1_723' title='bbox 1978 4248 2174 4302; x_wconf 90' lang='lat' dir='ltr'><strong>rimum</strong></span> <span class='ocrx_word' id='word_1_724' title='bbox 2204 4246 2408 4310; x_wconf 80' lang='lat' dir='ltr'><strong>Valent,</strong></span> <span class='ocrx_word' id='word_1_725' title='bbox 2457 4258 2558 4298; x_wconf 87' lang='lat' dir='ltr'><strong>nos</strong></span> <span class='ocrx_word' id='word_1_726' title='bbox 2587 4257 2718 4298; x_wconf 87' lang='lat' dir='ltr'><strong>vero</strong></span> <span class='ocrx_word' id='word_1_727' title='bbox 2745 4241 3004 4296; x_wconf 86' lang='lat' dir='ltr'><strong>debemus</strong></span> <span class='ocrx_word' id='word_1_728' title='bbox 3026 4239 3232 4309; x_wconf 82' lang='lat' dir='ltr'><strong>gratias</strong></span> <span class='ocrx_word' id='word_1_729' title='bbox 3263 4251 3424 4304; x_wconf 84' lang='lat' dir='ltr'><strong>agere</strong></span> <span class='ocrx_word' id='word_1_730' title='bbox 3455 4237 3564 4290; x_wconf 89' lang='lat' dir='ltr'><strong>Deo</strong></span> 
     </span>
    </p>
   </div>
   <div class='ocr_carea' id='block_1_101' title="bbox 1977 4325 3560 4407">
    <p class='ocr_par' dir='ltr' id='par_1_101' title="bbox 1977 4325 3560 4407">
     <span class='ocr_line' id='line_1_101' title="bbox 1977 4325 3560 4407; baseline -0.008 -15"><span class='ocrx_word' id='word_1_731' title='bbox 1977 4353 2074 4407; x_wconf 89' lang='lat' dir='ltr'><strong>pro</strong></span> <span class='ocrx_word' id='word_1_732' title='bbox 2094 4337 2269 4401; x_wconf 88' lang='lat' dir='ltr'><strong>vobis,</strong></span> <span class='ocrx_word' id='word_1_733' title='bbox 2299 4335 2443 4406; x_wconf 89' lang='lat' dir='ltr'><strong>quod</strong></span> <span class='ocrx_word' id='word_1_734' title='bbox 2474 4333 2628 4388; x_wconf 85' lang='lat' dir='ltr'><strong>electi</strong></span> <span class='ocrx_word' id='word_1_735' title='bbox 2652 4332 2810 4395; x_wconf 89' lang='lat' dir='ltr'><strong>sitis,</strong></span> <span class='ocrx_word' id='word_1_736' title='bbox 2841 4328 2986 4400; x_wconf 89' lang='lat' dir='ltr'><strong>quod</strong></span> <span class='ocrx_word' id='word_1_737' title='bbox 3018 4327 3196 4382; x_wconf 85' lang='lat' dir='ltr'><strong>dilecti</strong></span> <span class='ocrx_word' id='word_1_738' title='bbox 3223 4327 3343 4380; x_wconf 85' lang='lat' dir='ltr'><strong>sitis</strong></span> <span class='ocrx_word' id='word_1_739' title='bbox 3369 4341 3397 4378; x_wconf 90' lang='lat' dir='ltr'><strong>a</strong></span> <span class='ocrx_word' id='word_1_740' title='bbox 3430 4325 3560 4380; x_wconf 88' lang='lat' dir='ltr'><strong>Deo.</strong></span> 
     </span>
    </p>
   </div>
   <div class='ocr_carea' id='block_1_102' title="bbox 1978 4416 3563 4494">
    <p class='ocr_par' dir='ltr' id='par_1_102' title="bbox 1978 4416 3563 4494">
     <span class='ocr_line' id='line_1_102' title="bbox 1978 4416 3563 4494; baseline -0.008 -9"><span class='ocrx_word' id='word_1_741' title='bbox 1978 4431 2035 4485; x_wconf 89' lang='lat' dir='ltr'><strong>Si</strong></span> <span class='ocrx_word' id='word_1_742' title='bbox 2068 4439 2247 4484; x_wconf 85' lang='lat' dir='ltr'><strong>autem</strong></span> <span class='ocrx_word' id='word_1_743' title='bbox 2278 4442 2375 4482; x_wconf 90' lang='lat' dir='ltr'><strong>nos</strong></span> <span class='ocrx_word' id='word_1_744' title='bbox 2399 4440 2496 4494; x_wconf 90' lang='lat' dir='ltr'><strong>pro</strong></span> <span class='ocrx_word' id='word_1_745' title='bbox 2519 4425 2671 4479; x_wconf 85' lang='lat' dir='ltr'><strong>vobis</strong></span> <span class='ocrx_word' id='word_1_746' title='bbox 2699 4421 2905 4492; x_wconf 79' lang='lat' dir='ltr'><strong>gratias</strong></span> <span class='ocrx_word' id='word_1_747' title='bbox 2931 4419 3164 4490; x_wconf 78' lang='lat' dir='ltr'><strong>agimus,</strong></span> <span class='ocrx_word' id='word_1_748' title='bbox 3199 4416 3366 4489; x_wconf 59' lang='lat'><strong>5&amp;0</strong></span> <span class='ocrx_word' id='word_1_749' title='bbox 3394 4417 3563 4473; x_wconf 89' lang='lat' dir='ltr'><strong>multo</strong></span> 
     </span>
    </p>
   </div>
   <div class='ocr_carea' id='block_1_103' title="bbox 1893 4509 3350 4592">
    <p class='ocr_par' dir='ltr' id='par_1_103' title="bbox 1893 4509 3350 4592">
     <span class='ocr_line' id='line_1_103' title="bbox 1893 4509 3350 4592; baseline -0.009 -17"><span class='ocrx_word' id='word_1_750' title='bbox 1893 4532 1946 4592; x_wconf 81' lang='grc' dir='ltr'><strong>Ι)</strong></span> <span class='ocrx_word' id='word_1_751' title='bbox 1977 4521 2148 4590; x_wconf 73' lang='lat' dir='ltr'><strong>inagis</strong></span> <span class='ocrx_word' id='word_1_752' title='bbox 2179 4534 2272 4572; x_wconf 90' lang='lat' dir='ltr'><strong>vos</strong></span> <span class='ocrx_word' id='word_1_753' title='bbox 2301 4517 2438 4572; x_wconf 91' lang='lat' dir='ltr'><strong>istuc</strong></span> <span class='ocrx_word' id='word_1_754' title='bbox 2478 4515 2658 4570; x_wconf 81' lang='lat' dir='ltr'><strong>facere</strong></span> <span class='ocrx_word' id='word_1_755' title='bbox 2689 4513 2848 4568; x_wconf 88' lang='lat' dir='ltr'><strong>decet</strong></span> <span class='ocrx_word' id='word_1_756' title='bbox 2878 4525 2976 4582; x_wconf 92' lang='lat' dir='ltr'><strong>pro</strong></span> <span class='ocrx_word' id='word_1_757' title='bbox 3003 4509 3160 4564; x_wconf 83' lang='lat' dir='ltr'><strong>vobis</strong></span> <span class='ocrx_word' id='word_1_758' title='bbox 3192 4510 3350 4578; x_wconf 87' lang='lat' dir='ltr'><strong>ipsis.</strong></span> 
     </span>
    </p>
   </div>
   <div class='ocr_carea' id='block_1_104' title="bbox 2045 4601 3561 4678">
    <p class='ocr_par' dir='ltr' id='par_1_104' title="bbox 2045 4601 3561 4678">
     <span class='ocr_line' id='line_1_104' title="bbox 2045 4601 3561 4678; baseline -0.007 -13"><span class='ocrx_word' id='word_1_759' title='bbox 2045 4611 2311 4678; x_wconf 83' lang='lat' dir='ltr'><strong>Quoniam</strong></span> <span class='ocrx_word' id='word_1_760' title='bbox 2363 4607 2514 4678; x_wconf 88' lang='lat' dir='ltr'><strong>elegit</strong></span> <span class='ocrx_word' id='word_1_761' title='bbox 2554 4623 2641 4661; x_wconf 86' lang='lat' dir='ltr'><strong>vos</strong></span> <span class='ocrx_word' id='word_1_762' title='bbox 2699 4604 2838 4660; x_wconf 85' lang='lat' dir='ltr'><strong>Deus</strong></span> <span class='ocrx_word' id='word_1_763' title='bbox 2869 4621 2902 4658; x_wconf 92' lang='lat' dir='ltr'><strong>a</strong></span> <span class='ocrx_word' id='word_1_764' title='bbox 2932 4603 3198 4672; x_wconf 76' lang='lat' dir='ltr'><strong>principio</strong></span> <span class='ocrx_word' id='word_1_765' title='bbox 3243 4604 3311 4656; x_wconf 87' lang='lat' dir='ltr'><strong>ad</strong></span> <span class='ocrx_word' id='word_1_766' title='bbox 3335 4601 3561 4656; x_wconf 79' lang='lat' dir='ltr'><strong>salutem</strong></span> 
     </span>
    </p>
   </div>
   <div class='ocr_carea' id='block_1_105' title="bbox 1969 4694 3562 4770">
    <p class='ocr_par' dir='ltr' id='par_1_105' title="bbox 1969 4694 3562 4770">
     <span class='ocr_line' id='line_1_105' title="bbox 1969 4694 3562 4770; baseline -0.009 -11"><span class='ocrx_word' id='word_1_767' title='bbox 1969 4706 2026 4759; x_wconf 89' lang='lat' dir='ltr'><strong>in</strong></span> <span class='ocrx_word' id='word_1_768' title='bbox 2053 4699 2475 4770; x_wconf 81' lang='lat' dir='ltr'><strong>sanctiﬁcatione</strong></span> <span class='ocrx_word' id='word_1_769' title='bbox 2506 4696 2761 4766; x_wconf 85' lang='lat' dir='ltr'><strong>Spiritus,</strong></span> <span class='ocrx_word' id='word_1_770' title='bbox 2793 4706 2841 4750; x_wconf 93' lang='lat' dir='ltr'><strong>et</strong></span> <span class='ocrx_word' id='word_1_771' title='bbox 2871 4696 2975 4764; x_wconf 79' lang='lat' dir='ltr'><strong>ﬁde</strong></span> <span class='ocrx_word' id='word_1_772' title='bbox 3004 4695 3268 4748; x_wconf 86' lang='lat' dir='ltr'><strong>veritatis.</strong></span> <span class='ocrx_word' id='word_1_773' title='bbox 3313 4694 3468 4747; x_wconf 84' lang='lat' dir='ltr'><strong>Hauc</strong></span> <span class='ocrx_word' id='word_1_774' title='bbox 3492 4694 3562 4746; x_wconf 87' lang='lat' dir='ltr'><strong>ob</strong></span> 
     </span>
    </p>
   </div>
   <div class='ocr_carea' id='block_1_106' title="bbox 1974 4785 3557 4865">
    <p class='ocr_par' dir='ltr' id='par_1_106' title="bbox 1974 4785 3557 4865">
     <span class='ocr_line' id='line_1_106' title="bbox 1974 4785 3557 4865; baseline -0.009 -14"><span class='ocrx_word' id='word_1_775' title='bbox 1974 4813 2089 4852; x_wconf 88' lang='lat' dir='ltr'><strong>rem</strong></span> <span class='ocrx_word' id='word_1_776' title='bbox 2129 4795 2336 4865; x_wconf 74' lang='lat' dir='ltr'><strong>gratias</strong></span> <span class='ocrx_word' id='word_1_777' title='bbox 2370 4793 2602 4862; x_wconf 78' lang='lat' dir='ltr'><strong>agimus,</strong></span> <span class='ocrx_word' id='word_1_778' title='bbox 2642 4791 2768 4860; x_wconf 86' lang='lat' dir='ltr'><strong>quia</strong></span> <span class='ocrx_word' id='word_1_779' title='bbox 2801 4787 2964 4858; x_wconf 81' lang='lat' dir='ltr'><strong>elegit</strong></span> <span class='ocrx_word' id='word_1_780' title='bbox 2993 4802 3092 4842; x_wconf 84' lang='lat' dir='ltr'><strong>vos</strong></span> <span class='ocrx_word' id='word_1_781' title='bbox 3128 4785 3288 4848; x_wconf 88' lang='lat' dir='ltr'><strong>Deus,</strong></span> <span class='ocrx_word' id='word_1_782' title='bbox 3323 4793 3378 4839; x_wconf 91' lang='lat' dir='ltr'><strong>et</strong></span> <span class='ocrx_word' id='word_1_783' title='bbox 3417 4799 3557 4853; x_wconf 73' lang='lat' dir='ltr'><strong>pra:-</strong></span> 
     </span>
    </p>
   </div>
   <div class='ocr_carea' id='block_1_107' title="bbox 1973 4875 3563 4958">
    <p class='ocr_par' dir='ltr' id='par_1_107' title="bbox 1973 4875 3563 4958">
     <span class='ocr_line' id='line_1_107' title="bbox 1973 4875 3563 4958; baseline -0.011 -13"><span class='ocrx_word' id='word_1_784' title='bbox 1973 4887 2270 4945; x_wconf 89' lang='lat' dir='ltr'><strong>destinavit</strong></span> <span class='ocrx_word' id='word_1_785' title='bbox 2318 4886 2384 4940; x_wconf 84' lang='lat' dir='ltr'><strong>ad</strong></span> <span class='ocrx_word' id='word_1_786' title='bbox 2426 4882 2680 4949; x_wconf 90' lang='lat' dir='ltr'><strong>salutem,</strong></span> <span class='ocrx_word' id='word_1_787' title='bbox 2731 4897 2855 4936; x_wconf 90' lang='lat' dir='ltr'><strong>cum</strong></span> <span class='ocrx_word' id='word_1_788' title='bbox 2900 4879 3091 4958; x_wconf 82' lang='lat' dir='ltr'><strong>dignos</strong></span> <span class='ocrx_word' id='word_1_789' title='bbox 3123 4875 3375 4931; x_wconf 80' lang='lat' dir='ltr'><strong>videlicet</strong></span> <span class='ocrx_word' id='word_1_790' title='bbox 3423 4889 3563 4944; x_wconf 72' lang='lat' dir='ltr'><strong>prte-</strong></span> 
     </span>
    </p>
   </div>
   <div class='ocr_carea' id='block_1_108' title="bbox 1973 4969 3564 5046">
    <p class='ocr_par' dir='ltr' id='par_1_108' title="bbox 1973 4969 3564 5046">
     <span class='ocr_line' id='line_1_108' title="bbox 1973 4969 3564 5046; baseline -0.008 -9"><span class='ocrx_word' id='word_1_791' title='bbox 1973 4982 2191 5038; x_wconf 88' lang='lat' dir='ltr'><strong>scisset.</strong></span> <span class='ocrx_word' id='word_1_792' title='bbox 2223 4976 2545 5046; x_wconf 89' lang='lat' dir='ltr'><strong>Quomodo?</strong></span> <span class='ocrx_word' id='word_1_793' title='bbox 2584 4975 2651 5032; x_wconf 88' lang='lat' dir='ltr'><strong>In</strong></span> <span class='ocrx_word' id='word_1_794' title='bbox 2686 4972 3105 5044; x_wconf 76' lang='lat' dir='ltr'><strong>sanctiﬁcatione</strong></span> <span class='ocrx_word' id='word_1_795' title='bbox 3133 4970 3370 5038; x_wconf 81' lang='lat' dir='ltr'><strong>Spiritus</strong></span> <span class='ocrx_word' id='word_1_796' title='bbox 3411 4969 3564 5026; x_wconf 89' lang='lat' dir='ltr'><strong>:boc</strong></span> 
     </span>
    </p>
   </div>
   <div class='ocr_carea' id='block_1_109' title="bbox 1981 5061 3557 5140">
    <p class='ocr_par' dir='ltr' id='par_1_109' title="bbox 1981 5061 3557 5140">
     <span class='ocr_line' id='line_1_109' title="bbox 1981 5061 3557 5140; baseline -0.01 -10"><span class='ocrx_word' id='word_1_797' title='bbox 1981 5084 2086 5140; x_wconf 88' lang='lat' dir='ltr'><strong>est,</strong></span> <span class='ocrx_word' id='word_1_798' title='bbox 2109 5071 2351 5130; x_wconf 79' lang='lat' dir='ltr'><strong>servavit</strong></span> <span class='ocrx_word' id='word_1_799' title='bbox 2378 5085 2497 5134; x_wconf 89' lang='lat' dir='ltr'><strong>vos,</strong></span> <span class='ocrx_word' id='word_1_800' title='bbox 2525 5069 2874 5125; x_wconf 78' lang='lat' dir='ltr'><strong>sanctificans</strong></span> <span class='ocrx_word' id='word_1_801' title='bbox 2901 5081 2996 5136; x_wconf 93' lang='lat' dir='ltr'><strong>per</strong></span> <span class='ocrx_word' id='word_1_802' title='bbox 3024 5063 3306 5136; x_wconf 88' lang='lat' dir='ltr'><strong>Spiritum.</strong></span> <span class='ocrx_word' id='word_1_803' title='bbox 3336 5061 3557 5126; x_wconf 83' lang='lat' dir='ltr'><strong>Deinde,</strong></span> 
     </span>
    </p>
   </div>
   <div class='ocr_carea' id='block_1_110' title="bbox 1981 5152 3561 5234">
    <p class='ocr_par' dir='ltr' id='par_1_110' title="bbox 1981 5152 3561 5234">
     <span class='ocr_line' id='line_1_110' title="bbox 1981 5152 3561 5234; baseline -0.01 -14"><span class='ocrx_word' id='word_1_804' title='bbox 1981 5180 2049 5221; x_wconf 89' lang='lat' dir='ltr'><strong>ne</strong></span> <span class='ocrx_word' id='word_1_805' title='bbox 2079 5165 2201 5234; x_wconf 88' lang='lat' dir='ltr'><strong>quis</strong></span> <span class='ocrx_word' id='word_1_806' title='bbox 2233 5163 2401 5231; x_wconf 90' lang='lat' dir='ltr'><strong>dicat,</strong></span> <span class='ocrx_word' id='word_1_807' title='bbox 2435 5161 2575 5230; x_wconf 90' lang='lat' dir='ltr'><strong>Quid</strong></span> <span class='ocrx_word' id='word_1_808' title='bbox 2633 5161 2794 5216; x_wconf 88' lang='lat' dir='ltr'><strong>inde?</strong></span> <span class='ocrx_word' id='word_1_809' title='bbox 2841 5158 3048 5213; x_wconf 89' lang='lat' dir='ltr'><strong>nihilne</strong></span> <span class='ocrx_word' id='word_1_810' title='bbox 3099 5171 3197 5212; x_wconf 85' lang='lat' dir='ltr'><strong>nos</strong></span> <span class='ocrx_word' id='word_1_811' title='bbox 3243 5152 3561 5208; x_wconf 88' lang='lat' dir='ltr'><strong>attulimus?</strong></span> 
     </span>
    </p>
   </div>
   <div class='ocr_carea' id='block_1_111' title="bbox 1979 5245 3559 5324">
    <p class='ocr_par' dir='ltr' id='par_1_111' title="bbox 1979 5245 3559 5324">
     <span class='ocr_line' id='line_1_111' title="bbox 1979 5245 3559 5324; baseline -0.009 -11"><span class='ocrx_word' id='word_1_812' title='bbox 1979 5255 2184 5322; x_wconf 89' lang='lat' dir='ltr'><strong>subdit,</strong></span> <span class='ocrx_word' id='word_1_813' title='bbox 2239 5253 2307 5309; x_wconf 87' lang='lat' dir='ltr'><strong>Et</strong></span> <span class='ocrx_word' id='word_1_814' title='bbox 2345 5255 2452 5324; x_wconf 82' lang='lat' dir='ltr'><strong>fide</strong></span> <span class='ocrx_word' id='word_1_815' title='bbox 2485 5253 2742 5318; x_wconf 80' lang='lat' dir='ltr'><strong>veritatis,</strong></span> <span class='ocrx_word' id='word_1_816' title='bbox 2798 5251 2848 5304; x_wconf 92' lang='lat' dir='ltr'><strong>id</strong></span> <span class='ocrx_word' id='word_1_817' title='bbox 2898 5257 3002 5315; x_wconf 89' lang='lat' dir='ltr'><strong>est,</strong></span> <span class='ocrx_word' id='word_1_818' title='bbox 3058 5245 3429 5302; x_wconf 77' lang='lat' dir='ltr'><strong>Sanctificavit</strong></span> <span class='ocrx_word' id='word_1_819' title='bbox 3461 5259 3559 5299; x_wconf 87' lang='lat' dir='ltr'><strong>nos</strong></span> 
     </span>
    </p>
   </div>
   <div class='ocr_carea' id='block_1_112' title="bbox 1981 5340 3556 5418">
    <p class='ocr_par' dir='ltr' id='par_1_112' title="bbox 1981 5340 3556 5418">
     <span class='ocr_line' id='line_1_112' title="bbox 1981 5340 3556 5418; baseline -0.006 -19"><span class='ocrx_word' id='word_1_820' title='bbox 1981 5347 2074 5418; x_wconf 82' lang='lat' dir='ltr'><strong>qui</strong></span> <span class='ocrx_word' id='word_1_821' title='bbox 2127 5346 2410 5403; x_wconf 87' lang='lat' dir='ltr'><strong>attulimus</strong></span> <span class='ocrx_word' id='word_1_822' title='bbox 2479 5346 2639 5401; x_wconf 74' lang='lat' dir='ltr'><strong>fidem</strong></span> <span class='ocrx_word' id='word_1_823' title='bbox 2693 5343 2962 5406; x_wconf 88' lang='lat' dir='ltr'><strong>veritatis,</strong></span> <span class='ocrx_word' id='word_1_824' title='bbox 3013 5340 3116 5396; x_wconf 89' lang='lat' dir='ltr'><strong>hoc</strong></span> <span class='ocrx_word' id='word_1_825' title='bbox 3165 5349 3244 5394; x_wconf 90' lang='lat' dir='ltr'><strong>est</strong></span> <span class='ocrx_word' id='word_1_826' title='bbox 3303 5352 3556 5392; x_wconf 85' lang='lat' dir='ltr'><strong>verarum</strong></span> 
     </span>
    </p>
   </div>
   <div class='ocr_carea' id='block_1_113' title="bbox 1980 5427 3556 5511">
    <p class='ocr_par' dir='ltr' id='par_1_113' title="bbox 1980 5427 3556 5511">
     <span class='ocr_line' id='line_1_113' title="bbox 1980 5427 3556 5511; baseline -0.011 -13"><span class='ocrx_word' id='word_1_827' title='bbox 1980 5457 2184 5498; x_wconf 91' lang='lat' dir='ltr'><strong>rerum.</strong></span> <span class='ocrx_word' id='word_1_828' title='bbox 2219 5439 2334 5495; x_wconf 83' lang='lat' dir='ltr'><strong>Non</strong></span> <span class='ocrx_word' id='word_1_829' title='bbox 2361 5437 2504 5495; x_wconf 92' lang='lat' dir='ltr'><strong>enim</strong></span> <span class='ocrx_word' id='word_1_830' title='bbox 2535 5435 2834 5492; x_wconf 89' lang='lat' dir='ltr'><strong>mendaciis</strong></span> <span class='ocrx_word' id='word_1_831' title='bbox 2859 5433 3182 5511; x_wconf 84' lang='lat' dir='ltr'><strong>quibusdam</strong></span> <span class='ocrx_word' id='word_1_832' title='bbox 3219 5430 3377 5484; x_wconf 77' lang='lat' dir='ltr'><strong>fidem</strong></span> <span class='ocrx_word' id='word_1_833' title='bbox 3408 5427 3556 5482; x_wconf 88' lang='lat' dir='ltr'><strong>adhi-</strong></span> 
     </span>
    </p>
   </div>
   <div class='ocr_carea' id='block_1_114' title="bbox 1978 5519 3553 5601">
    <p class='ocr_par' dir='ltr' id='par_1_114' title="bbox 1978 5519 3553 5601">
     <span class='ocr_line' id='line_1_114' title="bbox 1978 5519 3553 5601; baseline -0.009 -11"><span class='ocrx_word' id='word_1_834' title='bbox 1978 5535 2214 5601; x_wconf 88' lang='lat' dir='ltr'><strong>buimus,</strong></span> <span class='ocrx_word' id='word_1_835' title='bbox 2255 5535 2348 5588; x_wconf 89' lang='lat' dir='ltr'><strong>sed</strong></span> <span class='ocrx_word' id='word_1_836' title='bbox 2378 5529 2590 5588; x_wconf 84' lang='lat' dir='ltr'><strong>veritati</strong></span> <span class='ocrx_word' id='word_1_837' title='bbox 2623 5527 2749 5600; x_wconf 87' lang='lat' dir='ltr'><strong>ipsi.</strong></span> <span class='ocrx_word' id='word_1_838' title='bbox 2797 5527 3087 5591; x_wconf 74' lang='lat' dir='ltr'><strong>Praeterea,</strong></span> <span class='ocrx_word' id='word_1_839' title='bbox 3135 5521 3387 5580; x_wconf 70' lang='lat' dir='ltr'><strong>secundae</strong></span> <span class='ocrx_word' id='word_1_840' title='bbox 3428 5519 3553 5576; x_wconf 88' lang='lat' dir='ltr'><strong>tidci</strong></span> 
     </span>
    </p>
   </div>
   <div class='ocr_carea' id='block_1_115' title="bbox 1623 5717 2209 5784">
    <p class='ocr_par' dir='ltr' id='par_1_115' title="bbox 1623 5717 2209 5784">
     <span class='ocr_line' id='line_1_115' title="bbox 1623 5717 2209 5784; baseline -0.007 -3"><span class='ocrx_word' id='word_1_841' title='bbox 1623 5721 1818 5784; x_wconf 74' lang='lat' dir='ltr'><strong>Varia:</strong></span> <span class='ocrx_word' id='word_1_842' title='bbox 1883 5717 2209 5783; x_wconf 87' lang='lat' dir='ltr'><strong>lectiones.</strong></span> 
     </span>
    </p>
   </div>
   <div class='ocr_carea' id='block_1_116' title="bbox 359 5823 1600 5901">
    <p class='ocr_par' dir='ltr' id='par_1_116' title="bbox 359 5823 1600 5901">
     <span class='ocr_line' id='line_1_116' title="bbox 359 5823 1600 5901; baseline -0.005 -16"><span class='ocrx_word' id='word_1_843' title='bbox 359 5827 407 5864; x_wconf 68' lang='grc' dir='ltr'><strong>’δ</strong></span> <span class='ocrx_word' id='word_1_844' title='bbox 433 5829 570 5901; x_wconf 81' lang='grc' dir='ltr'>παρ’</span> <span class='ocrx_word' id='word_1_845' title='bbox 609 5845 660 5886; x_wconf 91' lang='grc' dir='ltr'><strong>ο.</strong></span> <span class='ocrx_word' id='word_1_846' title='bbox 738 5829 784 5862; x_wconf 74' lang='grc'><strong>’³</strong></span> <span class='ocrx_word' id='word_1_847' title='bbox 834 5829 1042 5882; x_wconf 77' lang='grc' dir='ltr'>ἐκεῖνον</span> <span class='ocrx_word' id='word_1_848' title='bbox 1072 5840 1123 5882; x_wconf 92' lang='grc' dir='ltr'><strong>ο.</strong></span> <span class='ocrx_word' id='word_1_849' title='bbox 1165 5857 1171 5865; x_wconf 90' lang='lat'><em>-</em></span> <span class='ocrx_word' id='word_1_850' title='bbox 1203 5827 1246 5860; x_wconf 82' lang='lat'>&quot;</span> <span class='ocrx_word' id='word_1_851' title='bbox 1280 5823 1513 5894; x_wconf 63' lang='grc' dir='ltr'>ὤφειλον</span> <span class='ocrx_word' id='word_1_852' title='bbox 1548 5837 1600 5879; x_wconf 89' lang='grc' dir='ltr'><strong>ο.</strong></span> 
     </span>
    </p>
   </div>
  </div>
