3994 6574
481 355 610 418 134⁸1

1383 357 1952 421 THEOPHYLACTI
1982 355 2390 418 BULGARIE
2422 355 2777 419 ARCHIEP.

3584 346 3725 412 1358

477 469 751 536 meminit,
785 467 1227 542 quandoquidem
1278 481 1331 525 et
1383 479 1503 541 post
1551 471 2044 526 sanctiﬁcationem

2158 470 2315 540 τέρας
2367 469 2615 540 ἐμνήσθη
2653 471 2750 538 τῆς
2794 466 3066 532 πίστεως,
3110 462 3298 536 ἐπειδὴ
3333 462 3426 517 καὶ
3464 461 3604 534 μετὰ
3634 463 3726 516 τὸν

473 563 628 629 copia
660 563 775 633 ejus
805 565 1165 636 indigeamus,
1195 579 1262 620 ne
1293 564 1689 619 concutiamur.

2149 559 2420 630 ἁγιασμδν
2449 560 2668 631 ,πολλῆς
2718 560 2888 629 αὐτῆς
2925 555 3181 626 δεόμεθα,
3215 557 3301 610 ἵνα
3346 556 3422 627 μὴ
3467 571 3716 626 παρασα·

2147 653 2450 724 λευθῶμεν.

552 741 715 797 Vens.
770 744 858 796 Η.
896 742 976 796 Ad
1018 743 1158 812 quod
1206 745 1398 797 vocarit
1437 758 1521 798 vos
1562 760 1653 812 per
1699 741 2046 813 Etangelium

473 843 731 896 nostrum,
765 834 821 886 in
849 835 1245 902 acquisilionent
1272 837 1456 904 gloria!
1495 836 1709 890 Domini
1730 838 1894 890 nostri
1917 837 2045 890 Iesu

475 922 691 979 Christi.
730 923 806 979 Ne
837 927 1116 979 audientes
1149 928 1326 991 fidem,
1357 927 1688 981 extollantur
1719 928 1861 996 apud
1896 943 2044 994 sese,

474 1017 633 1084 quasi
662 1017 758 1085 ipsi
796 1018 941 1071 illam
979 1018 1322 1080 attulissent;
1357 1035 1460 1072 non
1486 1020 1804 1089 simpliciter
1832 1021 1934 1076 hoc
1964 1021 2046 1076 di-

477 1110 659 1172 mittit,
683 1124 861 1163 verum
886 1110 987 1164 hoc
1011 1113 1196 1178 etiam,
1219 1112 1410 1180 inquit,
1432 1113 1520 1165 Dei
1541 1119 1642 1166 est.
1664 1113 1742 1166 Ad
1765 1112 1864 1166 hoc
1878 1113 2046 1178 enim,

474 1196 669 1266 inquit,
701 1200 913 1253 vocavit
955 1215 1070 1255 vos.
1122 1201 1203 1254 Ad
1242 1201 1378 1256 hoc?
1425 1202 1616 1272 quale?
1651 1202 1719 1258 Ut
1752 1203 2044 1258 servemini

474 1305 569 1357 per
614 1291 1097 1348 sanctiﬁcationem
1147 1303 1201 1346 et
1246 1291 1423 1348 ﬁdem.
1461 1295 1692 1350 Proinde
1719 1297 1821 1351 etsi
1861 1297 2048 1351 credi-

438 1439 442 1441 .
474 1381 654 1443 distis,
687 1382 865 1451 gratia
897 1383 947 1438 id
991 1389 1232 1442 vocantis
1266 1398 1367 1442 est.
1393 1385 1503 1442 Nisi
1526 1391 1670 1443 enim
1701 1403 1797 1457 per
1821 1389 2046 1442 verbum

473 1475 614 1542 quod
659 1476 1070 1544 praedicavimus
1100 1481 1274 1546 vobis,
1325 1492 1574 1538 vocasset
1606 1497 1722 1545 vos.
1755 1484 2043 1550 quomodo,

475 1581 685 1635 quarso,
739 1569 1120 1624 audivissetis?
1149 1571 1257 1627 Nec
1279 1575 1525 1644 exiguam
1561 1575 1659 1629 sibi
1691 1576 1917 1642 gloriam
1954 1591 2044 1630 sa-

472 1657 638 1711 lutem
667 1671 900 1713 vestram
923 1661 1172 1716 Christus
1194 1665 1511 1719 arbitratur.
1538 1665 1720 1720 Gloria
1745 1668 1890 1721 enim
1917 1666 2045 1722 boni

473 1757 579 1806 est.
623 1748 822 1802 mullos
868 1765 992 1805 esse
1043 1753 1132 1820 qui
1175 1766 1483 1808 servantur.
1535 1755 1664 1821 Quis
1714 1746 1885 1826 igitur
1937 1773 2043 1810 non

471 1838 655 1906 tliiiget
691 1840 846 1892 talem
883 1817 1201 1896 Dominum?
1249 1847 1368 1914 quis
1410 1858 1518 1898 non
1555 1817 1682 1901 relit
1729 1817 1891 1916 liujus
1923 1848 2041 1917 gio-
2074 1817 2121 1876 Β

477 1929 633 1992 riam,
667 1930 782 1984 sive
813 1948 964 1987 suam
996 1934 1163 2002 ipsius
1194 1937 1457 1991 salutem?

544 2018 706 2074 Vens:
741 2021 825 2075 l5.
880 2021 1089 2090 Itaque,
1123 2027 1340 2095 fratres,
1391 2037 1542 2090 state,
1581 2044 1642 2082 ac
1676 2038 1840 2083 tenete
1876 2031 2044 2083 tradi-

475 2109 660 2176 tiones,
691 2128 822 2181 quas
849 2115 1020 2167 edocti
1048 2117 1174 2168 estis
1218 2119 1321 2170 sive
1361 2135 1452 2184 per
1478 2134 1788 2184 sermonem,
1830 2123 1936 2175 sive
1956 2137 2047 2190 per

479 2197 773 2266 Epistolam
815 2214 1072 2259 nostram.
1113 2204 1202 2260 Vel
1245 2207 1368 2263 hinc
1413 2211 1755 2278 perspicuum
1792 2221 1873 2265 est
1903 2213 2046 2281 quod

475 2289 734 2358 pleraque
764 2292 927 2344 etiam
955 2293 1074 2348 sine
1105 2295 1320 2363 scriptis
1355 2312 1450 2365 per
1482 2299 1826 2366 sermonem;
1863 2301 1913 2353 id
1964 2311 2049 2356 est

475 2380 597 2432 viva
628 2396 776 2447 voce,
823 2384 1166 2450 tradiderint,
1201 2397 1255 2441 et
1301 2404 1406 2443 non
1433 2390 1605 2446 solum
1645 2406 1739 2461 per
1769 2394 2041 2463 epistolas.

475 2468 739 2526 Similiter
764 2483 942 2529 autem
969 2484 1024 2530 et
1049 2476 1163 2532 haec
1184 2488 1236 2534 et
1259 2479 1347 2535 ilia
1378 2482 1480 2536 tide
1503 2483 1663 2554 digna
1693 2493 1838 2538 sunt.
1868 2484 2050 2555 itaque

479 2571 535 2614 et
573 2560 829 2618 Ecclesiae
879 2567 1225 2622 traditionem
1261 2563 1364 2624 [ide
1395 2571 1613 2641 dignam
1656 2573 2046 2628 existimemus.

476 2651 718 2708 Traditio
745 2667 830 2710 εει
862 2675 875 2711 :
929 2658 1062 2712 nihil
1107 2661 1338 2730 amplius
1365 2678 1594 2732 quaeras.
1638 2662 1843 2720 lndicat
1869 2675 2048 2718 autem

478 2744 568 2800 liic
601 2747 797 2803 multos
835 2763 956 2805 esse
992 2765 1312 2808 commotos.

549 2837 716 2896 Vens.
758 2837 848 2906 16,
899 2843 987 2896 17.
1027 2842 1149 2912 Ipse
1182 2857 1357 2900 autent
1393 2845 1648 2903 Dominus
1691 2859 1866 2903 noster
1895 2847 2051 2903 Jesus

479 2923 744 2998 Christus,
783 2942 830 2986 et
879 2933 1017 2989 Deus
1049 2945 1097 2988 et
1135 2934 1302 2990 Pater
1333 2946 1530 3006 noster,
1569 2940 1664 3010 qui
1701 2940 1890 2994 dilexit
1935 2958 2050 3008 nos,

481 3035 528 3076 et
570 3024 707 3077 dedit
757 3025 1168 3080 consolationem
1215 3037 1472 3083 wternam
1505 3040 1551 3084 et
1585 3047 1728 3101 spem
1768 3031 1959 3086 bonam
1999 3035 2051 3087 in

479 3116 681 3182 gratia,
707 3117 1004 3170 consoletur
1045 3118 1208 3173 corda
1241 3129 1438 3188 vestra,
1474 3132 1522 3174 et
1560 3123 1834 3191 conﬁrmet
1871 3140 1958 3178 vos
1998 3126 2052 3177 in

2219 745 2324 812 Εἰς
2381 745 2412 799 ό
2457 745 2758 800 ἐκάλεσεν
2823 741 2978 812 ὑμᾶς
3039 741 3140 796 διὰ
3197 743 3304 797 τοῦ
3349 743 3727 812 Εὐαγτελίου

2146 835 2338 904 ἡμῶν,
2383 839 2470 901 είς
2518 836 2904 906 περιποίησιν
2935 835 3121 903 δόξης
3151 836 3257 890 τοῦ
3295 836 3520 902 Κυρίου
3557 833 3723 904 ἡμῶν

2161 927 2362 996 Ἰησοῦ
2387 929 2667 997 Χριστοῦ.
2697 929 2814 981 Ἵνα
2844 929 2920 998 μὴ
2948 928 3280 990 ἀκούσαντες
3312 927 3516 989 πίστιν,
3549 929 3724 997 ἐπαρο

2148 1019 2321 1074 θῶσιν
2369 1020 2444 1084 ὡς
2495 1024 2589 1076 καὶ
2637 1021 2793 1075 αὐτοὶ
2830 1021 3356 1089 συνεισαγαγόντες,
3401 1021 3528 1073 οὐδὲ
3567 1019 3725 1074 τοῦτο

2097 1187 2102 1192 ι
2147 1113 2371 1183 ἀφίησιν
2409 1113 2618 1177 ἁπλῶς,
2681 1113 2816 1167 ἀλλὰ
2863 1114 2956 1166 καὶ
2999 1113 3178 1176 τοῦτο,
3227 1112 3380 1183 φησι,
3422 1113 3518 1166 τοῦ
3567 1111 3726 1170 Θεοῦ.

2147 1206 2240 1268 Et;
2272 1205 2429 1258 τοῦτο
2464 1207 2572 1277 γὰρ
2619 1207 2878 1260 ἐκάλεσεν
2927 1204 3094 1276 ὑμᾶς,
3145 1205 3332 1276 φησίν.
3385 1204 3484 1269 Εἰς
3529 1205 3726 1270 τοῦτο,

2153 1300 2340 1364 ποῖονς
2391 1299 2487 1361 El;
2536 1300 2596 1352 τὸ
2636 1298 2876 1370 σωθῆναι
2908 1299 2996 1352 διὰ
3040 1297 3135 1352 τοῦ
3177 1297 3452 1368 ἁγιασμοῦ
3498 1299 3595 1350 καὶ
3629 1301 3732 1367 τῆς

2148 1389 2403 1451 πίστεως.
2422 1391 2583 1444 Ὥστε
2607 1392 2708 1443 κᾶν
2722 1389 3104 1456 ἐπιστεύσατε,
3119 1385 3152 1460 ἦ
3173 1391 3333 1459 χάρις
3349 1389 3443 1442 τοῦ
3456 1387 3725 1442 καλέσαν-

2147 1499 2259 1544 τος.
2286 1483 2349 1535 Εἰ
2377 1484 2452 1555 μὴ
2475 1485 2582 1554 γὰρ
2611 1483 2698 1536 διὰ
2727 1483 2820 1538 τοῦ
2845 1483 3002 1550 λόγου
3023 1483 3091 1514 ³⁸⁸
3139 1482 3298 1552 ἡμῶν
3330 1483 3579 1545 ἐκάλεσε,
3613 1481 3730 1543 πῶς

2148 1573 2213 1627 ἂν
2239 1559 2549 1644 quotiens;
2585 1577 2660 1628 Οὐ
2699 1577 2892 1645 μικρὸν
2921 1577 2979 1629 δὲ
3005 1579 3164 1629 τοῦτο
3189 1577 3268 1638 είς
3291 1575 3455 1638 δόξαν
3485 1575 3728 1643 ἡγεῖται,

2148 1665 2247 1736 τὴν
2279 1666 2554 1738 ὑμετέραν
2598 1672 2893 1740 σωτηρίαν,
2938 1670 2967 1722 ό
3002 1668 3259 1739 Χριστός.
3291 1666 3428 1729 Δόξα
3473 1665 3588 1733 γὰρ
3634 1663 3727 1715 τοῦ

2153 1756 2383 1824 ἀγαθοῦ,
2415 1758 2474 1812 τὸ
2501 1759 2726 1822 πολλοὺς
2753 1755 2895 1812 εἶναι
2930 1761 3056 1822 τοὺς
3082 1757 3448 1827 σωζομένους.
3494 1756 3595 1818 Τίς
3639 1751 3731 1807 οὖν

2149 1851 2248 1904 οὐκ
2270 1851 2544 1920 ἀγαπήσει
2568 1851 2806 1905 τοιοῦτον
2832 1853 3106 1923 Δεσπότην
3131 1865 3146 1915 ;
3171 1854 3255 1916 τίς
3279 1851 3340 1904 οὗ
3386 1851 3608 1918 θελήσει
3631 1849 3732 1919 τὴν

2148 1941 2303 2006 δόξαν
2332 1942 2546 2009 τούτου,
2574 1943 2694 2012 ἦτοι
2718 1942 2818 2012 τὴν
2841 1937 3036 1995 ἑαυτοῦ
3063 1941 3371 2012 σωτηρίανς

2224 2033 2366 2099 Ἄρα
2393 2027 2528 2096 οὖν,
2569 2031 2843 2100 ἀδελφοί,
2893 2031 3150 2098 στήκετε
3185 2030 3282 2084 καὶ
3321 2028 3592 2098 κρατεῖτε
3625 2029 3733 2093 τὰς

2151 2120 2533 2188 παραδόσεις,
2582 2119 2655 2185 ἇς
2687 2120 3056 2189 ἐδιδάχθητε,
3089 2120 3212 2174 alte
3242 2120 3340 2173 διὰ
3366 2123 3578 2188 λόγου,
3609 2119 3733 2172 sire

2151 2212 2225 2266 δι’
2267 2211 2633 2282 Ἐπιστολῆς
2662 2212 2851 2282 ἡμῶν.
2884 2211 3195 2267 Κάντεῦθεν
3221 2211 3402 2282 δῆλον,
3438 2213 3523 2264 ὅτι
3558 2211 3733 2265 πολλὰ

2153 2307 2250 2360 καὶ
2280 2309 2543 2378 ἀγράφως
2587 2309 2675 2363 διὰ
2699 2309 2880 2377 λόγου,
2913 2309 3159 2362 τουτέστι
3189 2307 3337 2378 ζώσῃ
3377 2310 3553 2378 φωνῇ,
3590 2323 3734 2376 παρ-

2154 2401 2420 2467 εδίδοσαν,
2476 2402 2539 2454 οὐ
2593 2402 2751 2471 μόνον
2797 2400 2864 2454 δι’
2900 2399 3218 2453 ἐπιστολῶν.
3277 2398 3513 2468 Ὁμοίως
3544 2399 3602 2450 δὲ
3637 2400 3735 2452 καὶ

2154 2495 2329 2549 ταῦτα
2360 2497 2588 2548 κάκεῖνα
2623 2494 2930 2558 ἀξιόπιστα.
2967 2494 3133 2546 Ὥστε
3162 2492 3257 2546 καὶ
3300 2493 3399 2562 τὴν
3429 2490 3735 2560 παράδοσιν

2156 2588 2257 2657 τῆς
2319 2586 2644 2657 Ἐκκλησίας
2693 2585 3004 2652 ἀξιόπιστον
3061 2583 3366 2656 ἡγούμεθα.
3422 2581 3734 2652 Παράδοσίς

2157 2683 2306 2734 ἐστι’
2343 2681 2512 2751 μηδὲν
2553 2680 2714 2734 πλέον
2745 2679 2917 2749 ζήτει.
2949 2679 3200 2732 Δείκνυσι
3237 2677 3295 2731 δὲ
3331 2674 3568 2729 ἐνταῦθα
3599 2673 3734 2726 πολ-

2157 2772 2280 2836 λοὺς
2312 2772 2471 2835 ὄντας
2499 2773 2626 2834 τοὺς
2654 2769 3227 2842 παρασαλευομένους.

2227 2863 2420 2929 Αὐτὸς
2447 2863 2515 2915 δὲ
2544 2865 2577 2917 ὁ
2607 2863 2823 2931 Κύριος
2845 2861 3014 2930 ἡμῶν
3041 2860 3285 2928 Ἰησοῦς
3326 2857 3604 2928 Χριστὸς,
3632 2854 3732 2909 καί

2158 2959 2194 3010 ό
2229 2957 2374 3022 Θεὸς
2400 2956 2500 3010 καί.
2545 2954 2747 3023 Πατὴρ
2785 2952 2975 3023 ἡμῶν,
3009 2955 3042 3008 ό
3071 2952 3398 3022 ἀγαπήσας
3422 2947 3602 3017 ἡμᾶς,
3635 2946 3737 3001 καὶ

2159 3047 2303 3114 δοὺς
2332 3047 2723 3116 παράκλησιν
2758 3047 3007 3100 αίωνίαν
3033 3044 3134 3098 καί
3161 3043 3379 3097 ἐλπίδα
3403 3039 3640 3110 ἀγαθὴν
3669 3039 3738 3091 ἐν·

2160 3142 2379 3209 χάριτι,
2406 3137 2822 3209 παρακαλέσαι
2847 3137 3013 3206 ὑμῶν
3033 3137 3140 3200 τὰς
3165 3132 3434 3202 καρδίας,
3469 3129 3567 3184 καί
3590 3147 3743 3196 στη-

483 3209 625 3276 outni
657 3225 808 3270 apere
842 3219 891 3263 et
924 3227 1162 3266 sermone
1205 3213 1358 3267 bono.
1397 3214 1846 3271 Adhortationem
1881 3219 2051 3274 oratio

2747 3229 2803 3284 τί
2825 3188 2976 3298 ἐρστφ
3003 3226 3102 3282 καί
3117 3188 3281 3296 ἶιόγέρ
3305 3188 3526 3294 ἀγαθῷ.
3577 3222 3742 3276 Μετὰ

481 3299 700 3368 excipit.
737 3298 852 3354 Hoc
884 3301 1026 3356 enim
1057 3317 1184 3358 vere
1215 3313 1300 3358 est
1327 3319 1654 3360 succurrere
1691 3323 1704 3358 :
1737 3305 1962 3374 perinde
1993 3318 2058 3358 ac

484 3391 527 3444 si
564 3391 735 3456 dicat,
770 3392 878 3460 Ego
913 3394 1129 3462 quidem
1161 3396 1294 3461 dixi,
1332 3407 1388 3451 at
1422 3405 1592 3452 totum
1624 3397 1734 3452 Deo
1774 3407 2054 3466 acceptum

484 3481 822 3538 referendum
841 3494 942 3539 est.
973 3484 1073 3538 Ubi
1096 3497 1221 3541 sunt
1240 3497 1418 3542 autem
1443 3490 1534 3558 qui
1555 3489 1750 3543 Filium
1773 3497 2055 3559 propterea

481 3575 837 3642 imminuunt,
867 3573 1009 3646 quod
1039 3578 1090 3632 in
1125 3579 1448 3648 baptismate
1481 3594 1602 3652 post
1631 3579 1850 3636 Patrem
1884 3583 2058 3636 nemi-

481 3666 844 3720 neturlEcce
893 3668 1040 3722 enim
1095 3668 1186 3724 hic
1236 3670 1510 3725 diversum
1562 3672 1791 3726 habetur
1842 3690 1856 3725 :
1904 3672 2058 3741 prius

481 3756 628 3810 enim
657 3757 958 3811 nominavit
985 3759 1202 3814 Filium.
1243 3761 1348 3827 Qui
1376 3762 1539 3829 dedit,
1572 3763 1769 3832 inquit,
1818 3763 2058 3817 consola-

480 3848 676 3902 tionem
699 3860 973 3904 wternam.
1001 3851 1222 3918 Qualem
1257 3855 1437 3908 hanc?
1469 3853 1654 3925 Spem,
1697 3856 1892 3924 inquit,
1922 3855 2060 3910 futu-

484 3951 687 3992 rorum.
743 3937 869 3995 llaec
918 3943 1060 3996 enim
1106 3951 1190 3998 est
1242 3943 1399 4016 541
1448 3960 1567 4015 quae
1613 3947 1846 4000 sustinet
1895 3947 2056 4000 corda

486 4044 670 4087 nostra
703 4035 755 4088 in
789 4035 1179 4091 tentationibus
1208 4038 1536 4105 deeideutia,
1566 4039 1866 4094 futurorum
1894 4040 2060 4096 bono-

2155 3323 2257 3393 τὴν
2287 3322 2632 3392 παραίνεσιν,
2663 3320 2820 3391 εὐχή.
2861 3317 3033 3371 Τοῦτο
3073 3316 3180 3385 γάρ
3212 3317 3360 3368 ἐστιν
3399 3312 3570 3375 ὅντως
3602 3312 3740 3382 βοη-

2158 3415 2302 3468 θεῖν*
2329 3414 2405 3475 ὡς
2434 3414 2500 3467 ἂν
2531 3414 2580 3465 εί
2608 3412 2765 3465 τοῦτο
2804 3411 2990 3478 ἔλεγεν
3009 3425 3024 3440 ·
3065 3407 3208 3477 Ἐγὼ
3239 3407 3339 3477 μὲν
3371 3402 3552 3473 εἷπον,
3582 3405 3650 3457 τὸ
3679 3405 3740 3456 δὲ

2157 3509 2267 3561 πᾶν
2294 3507 2387 3560 τοῦ
2423 3505 2561 3558 Θεοῦ
2604 3506 2741 3558 ἐστι.
2783 3501 2893 3557 Ποῦ
2927 3501 2984 3556 δέ
3016 3502 3155 3555 εἰσιν
3183 3502 3234 3554 οἱ
3273 3501 3368 3554 τὸν
3399 3497 3531 3551 Υίδν
3570 3496 3734 3549 ἐλατ-

2159 3601 2376 3663 τοῦντες
2397 3640 2411 3663 ,
2445 3598 2633 3669 ἐπειδὴ
2668 3599 2726 3650 ὲν
2748 3596 2824 3666 τῷ
2851 3595 3190 3665 βαπτίσματι
3231 3591 3368 3663 μετὰ
3398 3591 3490 3643 τὸν
3516 3589 3741 3658 Πατέρα

2157 3691 2522 3762 ὀνομάζεται;
2576 3688 2709 3742 Ἰδοὺ
2763 3677 2874 3756 γὰρ
2927 3685 3165 3739 ἐνταῦθα
3215 3681 3531 3737 τούναντίον
3579 3681 3737 3732 ἐστί·

2158 3786 2428 3856 πρότερον
2459 3784 2566 3854 γὰρ
2605 3782 2855 3852 ὠνόμασε
2885 3782 2977 3833 τὸν
3021 3779 3170 3832 Υίόν.
3203 3776 3376 3843 Δοὺς,
3425 3777 3581 3846 φησι,
3623 3790 3739 3827 πα-

2155 3877 2464 3946 ράκλησιν
2502 3875 2772 3930 αἰωνίαν.
2805 3873 2973 3927 Ποίαν
2999 3871 3055 3924 δὲ
3091 3870 3330 3942 eadem;
3361 3869 3475 3938 Τὴν
3522 3866 3739 3929 ἐλπίδα,

2164 3970 2323 4039 φησι,
2351 3968 2460 4021 τῶν
2493 3966 2817 4038 μελλόντων.
2860 3962 3012 4033 Δῦτη
3041 3962 3152 4034 γάρ
3194 3962 3345 4015 ἐστιν
3391 3962 3426 4027 ἡ
3465 3959 3739 4029 ἀνέχουσα

2157 4063 2257 4124 τὰς
2276 4059 2505 4130 καρδίας
2526 4058 2682 4130 ἡμῶν
2700 4055 3153 4116 καταπιπτούσας
3170 4055 3227 4107 ὲν
3247 4054 3359 4114 τοῖς
3377 4051 3737 4120 πειρασμοῖς,

487 4141 604 4178 rum
658 4140 801 4196 spes.
838 4127 998 4182 Dedit
1029 4141 1211 4184 autem
1242 4131 1384 4186 banc
1432 4131 1588 4186 nobis
1621 4133 1789 4196 Deus,
1823 4146 1932 4185 non
1962 4145 2051 4200 pro

2162 4154 2194 4222 ἡ
2231 4127 2368 4205 τῶν-
2387 4127 2693 4220 μελλόντων
2730 4147 2950 4217 ἀγαθῶν
2994 4145 3169 4207 ἐλπίς.
3202 4141 3414 4195 Δὲδωκε
3443 4141 3501 4194 δὲ
3531 4139 3740 4209 ταύτην

485 4216 764 4275 laboribus
790 4221 1014 4286 nostris,
1036 4237 1228 4278 verum
1249 4238 1314 4278 ex
1341 4223 1535 4294 gratia.
1562 4221 1676 4278 Hoc
1699 4234 1880 4277 autem
1903 4224 2051 4289 dixit,

2159 4216 2296 4316 ημῖν
2326 4245 2357 4296 ό
2384 4216 2536 4307 θεὸς,
2572 4241 2632 4296 οὒ
2678 4216 3028 4302 κοπιάσασιν,
3070 4236 3205 4291 ἀλλὰ
3236 4236 3444 4306 χάριτι.
3480 4233 3655 4287 Τοῦτο
3684 4233 3742 4286 δὲ

487 4325 549 4370 ut
583 4315 797 4372 illorum
833 4318 1042 4375 animos
1079 4319 1357 4389 reprimat.
1391 4317 1630 4374 Observa
1664 4328 1843 4374 autem
1869 4333 2051 4387 quem-

2161 4332 2305 4400 εἷπε,
2333 4333 2712 4390 καταστέλλων
2738 4331 2918 4387 αὐτῶν
2942 4330 3003 4382 τὸ
3030 4329 3308 4400 φρόνημα.
3340 4327 3485 4399 Ὅρα
3513 4327 3596 4393 δὲ,
3621 4326 3742 4388 πῶς

485 4407 776 4462 admodum
830 4410 930 4464 sub
964 4407 1136 4465 forma
1183 4409 1514 4480 precationis
1560 4418 1792 4464 mentem
1844 4410 2051 4465 illorum

2165 4431 2224 4482 ὲν
2269 4427 2423 4494 τάξει
2453 4427 2618 4496 εὐχῆς
2658 4425 2996 4494 διανίστησιν
3031 4422 3212 4476 αὐτῶν
3240 4420 3340 4490 τὴν
3372 4420 3640 4482 διάνοιαν,
3670 4419 3739 4471 τὰ

487 4500 706 4565 excitet,
747 4515 891 4556 cura;
947 4503 1190 4573 adeoque
1221 4502 1575 4573 providentiae
1624 4503 1719 4558 Dei
1750 4503 1973 4573 pignora
2002 4511 2051 4558 et

2161 4519 2261 4589 τῆς
2296 4517 2622 4588 κηδεμονίας
2653 4513 2748 4566 τοῦ
2788 4513 2923 4566 Θεοῦ
2953 4512 3187 4582 ἐνέχυρα
3213 4510 3309 4564 καὶ
3337 4510 3621 4579 τεκμήρια
3657 4525 3740 4561 τι·

486 4591 639 4660 signa
692 4605 916 4662 ponens.
951 4589 1086 4647 Nam
1132 4594 1177 4648 si
1215 4593 1351 4647 'niltil
1403 4593 1772 4648 laborantibus
1808 4592 2051 4648 consola-

2162 4609 2295 4673 θείς.
2340 4609 2404 4662 El
2447 4607 2556 4678 γὰρ
2601 4606 2767 4676 μηδὲν
2814 4605 3083 4675 κάμνουσι
3130 4601 3481 4672 παράκλησιν
3531 4599 3735 4664 ἔδωκε,

487 4685 696 4740 tionem
724 4685 1004 4755 impertiit,
1033 4686 1202 4741 multo
1247 4686 1422 4757 magis
1451 4684 1667 4741 aﬂlictis
1713 4700 1776 4740 ac
1807 4685 2051 4740 laboran-

2161 4701 2343 4773 πολλῷ
2378 4700 2578 4770 μᾶλλον
2607 4700 2720 4762 τοῖς
2747 4697 2888 4766 ὑπὲρ
2922 4697 3024 4766 τῆς
3054 4695 3290 4757 πίστεως
3323 4694 3595 4764 κάμνουσι
3635 4693 3738 4745 6th-

488 4780 632 4834 tibus
664 4794 762 4848 pro
808 4777 913 4832 lide
964 4779 1132 4833 dabit.
1162 4778 1426 4844 Quocirca
1471 4780 1664 4833 bonam
1696 4791 1843 4847 spem
1873 4775 2051 4832 conci-

2161 4812 2265 4851 σει.
2314 4793 2479 4846 Ὥστε
2522 4791 2800 4854 εὐέλπιδες
2850 4789 3066 4858 γίνεσθε
3089 4789 3156 4840 ’⁷.
3203 4783 3632 4854 Παρακαλέσαι
3657 4783 3733 4846 δὲ,

449 4923 452 4925 Α
489 4873 618 4940 pile.
651 4871 840 4935 Porro,
877 4868 1209 4935 Consoletur,
1240 4870 1434 4940 inquit,
1460 4871 1620 4924 corda
1659 4877 1830 4922 vestra
1855 4879 1904 4922 et
1933 4883 2051 4922 con-

2159 4883 2348 4953 φησιν,
2380 4879 2548 4949 ὑμῶν
2574 4879 2679 4944 τὰς
2709 4877 2988 4946 καρδίας,
3019 4877 3115 4930 καὶ
3151 4875 3430 4943 στηρίξαι
3457 4873 3528 4926 ἐν
3557 4871 3738 4926 παντὶ

486 4964 658 5032 firmet
693 4965 746 5017 in
784 4964 926 5016 omni
974 4978 1128 5031 opere
1155 4971 1204 5016 et
1231 4978 1470 5017 sermone
1506 4963 1661 5030 bona,
1698 4961 1800 5016 hoc
1829 4969 1931 5026 est,
1959 4975 2051 5030 per

2163 4973 2318 5044 ἔργῳ
2349 4972 2448 5026 καί
2478 4974 2638 5041 ,λόγῳ
2676 4968 2894 5040 ἀγαθῷ,
2927 4969 3193 5032 τουτέστι,
3224 4967 3312 5020 διὰ
3343 4965 3544 5028 παντὸς
3575 4965 3738 5036 ἔργον

489 5072 649 5112 omne
669 5072 803 5127 opus
827 5067 882 5112 et
912 5069 1217 5113 sermonem
1246 5056 1465 5112 bonum.
1496 5055 1620 5112 [late
1646 5055 1798 5111 enim
1816 5066 1899 5111 est
1926 5069 2051 5110 con-

2168 5065 2261 5118 καὶ
2288 5063 2450 5129 λόγου
2481 5059 2711 5128 ἀγαθοῦ.
2756 5058 2930 5112 Τοῦτο
2959 5056 3070 5127 γὰρ
3102 5054 3451 5127 παράκλησις
3481 5053 3740 5122 Χριστια-

489 5148 678 5204 solatio
703 5148 1030 5216 Christiani,
1067 5147 1248 5205 facere
1282 5149 1484 5218 aliquid
1521 5150 1644 5205 boni
1681 5159 1736 5205 et
1762 5151 1904 5221 quod
1942 5147 2051 5204 Deo

2167 5157 2285 5225 νοῦ,
2315 5159 2377 5212 τὸ
2402 5154 2626 5227 ποιῆσαί
2661 5170 2715 5206 τι
2744 5148 2981 5222 χρηστὸν
3010 5148 3102 5202 καὶ
3130 5146 3251 5218 Θεῷ
3283 5144 3497 5198 δοκοῦν.
3533 5143 3627 5205 Ἦ,
3657 5143 3738 5194 ὅτι

491 5239 722 5308 placeat.
774 5238 869 5296 Vel
902 5241 1186 5296 conﬁrmet
1215 5256 1310 5297 vos
1343 5242 1396 5295 in
1436 5241 1681 5296 doctrina
1748 5253 1894 5298 recta
1927 5257 2051 5313 ope-

2171 5251 2429 5325 Στηρίξαι
2456 5250 2600 5320 ὑμᾶς
2642 5247 2698 5300 εν
2722 5263 2780 5298 τε
2809 5244 3074 5315 δόγμασιν
3106 5238 3287 5311 ὀρθοῖς
3349 5239 3446 5290 καὶ
3474 5233 3740 5305 πράξεσιν

490 5331 747 5400 ribusque
778 5330 968 5394 bonis,
1015 5334 1150 5388 adeo
1193 5343 1251 5386 ut
1284 5349 1390 5388 non
1421 5333 1787 5402 depravemini
1813 5372 1829 5399 ,
1888 5349 2051 5404 neque

2168 5345 2419 5414 ἀγαθαῖς,
2450 5342 2592 5396 ὥστε
2623 5339 2700 5411 μὴ
2730 5333 3168 5410 παραφέρεσθαι,
3203 5329 3340 5402 μηδὲ
3370 5326 3739 5414 καταπίπτειν

489 5424 558 5478 ob
579 5437 643 5476 ea
666 5438 786 5493 qua
810 5423 1158 5494 contingunt,
1189 5426 1431 5480 animum
1453 5428 1855 5497 despondeatis.
1885 5431 2051 5498 Atque

2171 5412 2265 5490 ἐπὶ
2301 5437 2409 5497 τοῖς
2444 5430 2824 5502 συμὸαίνουσι.
2876 5425 3049 5480 Τοῦτό
3086 5424 3200 5476 εστι
3245 5416 3636 5502 παράκλησις.
3672 5412 3738 5464 '0

494 5516 592 5571 ista
637 5525 722 5572 est
767 5513 1090 5571 consolatio.
1134 5515 1234 5584 Qui
1280 5518 1428 5572 enim
1460 5518 1708 5574 ﬁrmatus
1752 5531 1856 5586 est,
1908 5535 2060 5590 quae-

1833 5687 2030 5750 Varise
2081 5685 2416 5749 lectiones.

564 5822 630 5853 ⁹⁶’
667 5815 940 5890 ἁγιασμοῦ
973 5813 1197 5885 καὶτῆς
1237 5813 1471 5878 πίστεως
1517 5814 1612 5870 καὶ
1648 5814 1742 5868 τοῦ
1767 5813 1827 5866 λό
1878 5829 1933 5868 o.
2007 5815 2052 5845 "'
2090 5811 2273 5876 δώσει,
2309 5806 2450 5861 ὥστε
2495 5800 2781 5864 εὐέλπιδας
2827 5794 3080 5867 γενέσθαι
3107 5810 3160 5851 0.

2170 5527 2276 5597 γὰρ
2298 5521 2714 5594 ὲστηριγμένος,
2741 5521 2950 5588 ὅσαπερ
2980 5517 3045 5570 ἂν
3075 5512 3240 5584 πάθῃ,
3268 5511 3423 5585 φέρει
3450 5501 3736 5576 γενναίως,
3837 5567 3846 5578 .
