3994 6574
322 412 463 476 1319

1061 375 1471 469 EXPOSITIO
1511 404 1594 468 1N
1623 403 1860 464 Epts'r.
1902 399 1962 460 II
1996 397 2097 458 AD
2133 396 2392 458 THESS.
2421 421 2490 430 —
2520 395 2679 457 CAP.
2734 395 2852 457 ιιι.

3421 394 3560 460 1350

318 527 413 577 καὶ
441 523 504 576 οὐ
542 512 988 591 παρατρέπεταιο
1019 517 1106 571 διὰ
1150 520 1247 588 μὲν
1280 516 1374 570 τοῦ
1403 517 1464 569 τὸ
1495 517 1670 586 δόγμα
1700 513 1889 583 τηρεῖν
1915 563 1917 570 ,

2016 521 2202 578 unque
2233 507 2458 579 patitur,
2516 506 2620 561 fert
2665 515 2922 570 strenue,
2973 513 3026 561 et
3061 518 3168 559 non
3203 503 3557 568 subvertitur,

318 616 480 688 ὀρθὸν
520 612 886 682 πεπεισμένος
938 610 1066 681 περὶ
1114 610 1224 664 τῶν
1271 608 1574 681 μελλόντων
1620 606 1887 677 βεϐαίως*

319 707 408 762 διὰ
431 705 607 761 δὲ·τοῦ
631 703 836 773 ἀγαθὸν
867 702 981 772 βίον
1006 701 1172 772 ἔχειν,
1205 702 1413 771 χαίρων
1441 702 1523 753 ὅτι
1553 699 1651 769 οὐχ
1676 697 1752 762 ὡς
1790 712 1891 751 κα-

324 794 586 870 κουργὸς,
618 796 731 851 ἀλλ’
751 794 827 859 ὼς
853 793 990 848 Θεοῦ
1015 794 1325 865 λειτουργὸς
1353 792 1573 863 πάσχει.

926 982 1180 1049 ΚΕΦΑΛ.
1223 994 1320 1074 Ρ.-

403 1114 476 1165 Τὸ
501 1111 751 1171 λοιπὸν,
773 1107 1206 1176 προσεύχεσθε,
1230 1106 1502 1175 ἀδελφοὶ,
1533 1106 1661 1172 περὶ
1703 1104 1893 1173 ἡμῶν,

328 1203 429 1257 ἵνα
467 1205 499 1256 ό
527 1201 709 1269 λόγος
745 1198 851 1253 τοῦ
911 1199 1132 1266 Κυρίου
1185 1198 1365 1266 τρέχῃ
1419 1199 1513 1250 καὶ
1555 1196 1895 1264 δοξάζηται,

1993 609 2275 671 propterea
2330 600 2541 662 quidem
2575 597 2717 669 quod
2750 599 2947 669 dogma.
2995 606 3198 652 rectmn
3252 607 3458 662 servat,
3493 599 3563 653 de

1994 693 2188 747 futuris
2217 692 2444 747 ﬁrmiter
2473 706 2765 761 persuasus
2792 710 2806 745 :
2840 691 2983 760 quod
3011 705 3137 744 vero
3169 692 3364 746 bonam
3397 690 3559 744 vitam

1994 786 2163 852 ducit,
2194 786 2410 856 gavisus
2447 784 2573 855 quia
2605 801 2708 839 non
2744 785 2903 840 veluti
2957 784 3256 847 maleﬁcus,
3290 785 3385 839 sed
3416 785 3564 840 velut

1995 878 2091 935 Dei
2127 876 2376 933 minister
2400 879 2656 948 patiatur.

2591 994 2817 1050 CAPUT
2850 993 2936 1048 lli.

2071 1109 2225 1177 Quod
2256 1108 2512 1179 reliquum
2541 1118 2638 1174 est,
2687 1118 2855 1174 orate,
2900 1108 3114 1178 fratres,
3148 1125 3241 1176 pro
3298 1108 3468 1173 nobis,
3510 1117 3565 1159 ut

1997 1201 2211 1257 verbum
2248 1200 2463 1254 Domini
2501 1210 2680 1253 currat
2727 1209 2777 1254 et
2810 1199 3152 1269 clari/iretur,
3182 1203 3315 1253 sicut
3349 1208 3397 1253 et
3424 1201 3568 1268 apud

330 1294 527 1360 καθὼς
564 1291 837 1358 καὶπρὸς
874 1288 1049 1357 ὑμᾶς.
1083 1289 1256 1349 Αὐτὸς
1311 1288 1410 1357 μὲν
1449 1287 1648 1359 ηὔξατο
1696 1291 1823 1359 περὶ
1851 1289 1899 1321 ³⁸

296 1452 299 1453 ν
329 1388 532 1452 αὐτῶν,
567 1384 654 1436 ἵνα
680 1382 1075 1453 στηριχθῶσιν·
1108 1380 1248 1444 ἁξιοί
1278 1380 1332 1433 δὲ
1369 1380 1554 1433 λοιπὸν
1581 1380 1774 1443 αὐτοὺς
1806 1378 1899 1432 εὕ-

1978 1308 2106 1352 .uos.
2152 1293 2270 1360 Ipse
2302 1293 2516 1361 quidem
2570 1291 2748 1345 oravit
2800 1306 2897 1359 pro
2950 1292 3049 1357 eis,
3103 1301 3160 1344 ut
3214 1289 3498 1344 ﬁrmentur
3552 1306 3567 1343 :

2002 1385 2254 1454 deinceps
2284 1384 2418 1453 petit
2448 1383 2516 1437 ab
2539 1383 2638 1450 eis,
2675 1392 2733 1436 ut
2762 1397 2862 1453 pro
2885 1383 3001 1451 ipso
3038 1391 3216 1451 orent,
3252 1398 3360 1435 non
3394 1393 3451 1435 ut
3478 1396 3574 1450 pe-

332 1479 525 1550 χεσϐαι
549 1476 689 1545 ὑπὲρ
718 1452 907 1535 αὑτοῦ,
938 1473 1038 1540 οὐχ
1070 1472 1157 1524 ἵνα
1188 1471 1262 1541 μὴ
1294 1471 1575 1542 κινδυνεύῃ
1614 1472 1719 1537 (εἰς
1746 1469 1903 1523 τοῦτο

2016 1452 2206 1530 Γίεὖιίε
2225 1452 2328 1528 non
2358 1473 2643 1541 obiiciatur
2689 1472 2788 1544 (in
2819 1474 2921 1529 hoc
2955 1474 3097 1529 enim
3145 1474 3354 1545 positus
3383 1482 3499 1526 erat
3530 1472 3573 1540 ),

332 1571 442 1641 γὰρ
497 1566 720 1636 ἔκειτο),
775 1565 911 1629 ἀλλ’,
951 1565 1084 1618 Ἵνα
1137 1565 1205 1615 τὸ
1260 1564 1530 1631 κήρυγμα
1569 1561 1749 1630 τρέχῃ
1806 1561 1904 1615 και

2016 1567 2120 1633 sed,
2179 1563 2251 1620 Ut
2285 1566 2491 1621 verbum
2529 1571 2712 1618 currat
2752 1572 2801 1618 et
2828 1564 3165 1633 clariﬁcetur.
3200 1563 3387 1631 Neque
3422 1564 3576 1616 laude

332 1660 665 1729 δοξάζηται.
695 1657 803 1710 Καὶ
835 1656 952 1726 μετ’
978 1656 1253 1723 ἐγκωμίου
1284 1657 1316 1725 ὴ
1351 1655 1583 1724 αἴτησις
1611 1653 1744 1723 φησὶ
1772 1653 1903 1723 γὰρ,

2016 1669 2158 1714 Curet
2185 1659 2298 1712 haec
2333 1659 2522 1727 petitio
2553 1674 2568 1711 :
2602 1659 2680 1711 ait
2731 1655 2898 1719 enim,
2944 1654 3398 1721 Quemadmodum
3432 1655 3575 1719 apud

333 1751 540 1819 Καθὼς
567 1754 610 1785 ⁵³
638 1749 737 1803 καί
795 1749 943 1816 πρὸς
974 1746 1160 1817 ὑμᾶς’
1207 1748 1506 1810 τουτέστιν,
1532 1746 1648 1798 Ἵνα
1705 1745 1905 1809 πάντες

2016 1767 2095 1805 vos
2125 1765 2144 1805 :
2181 1751 2283 1805 hoc
2331 1760 2433 1816 est,
2476 1747 2548 1803 Ut
2586 1764 2773 1804 omnes
2806 1749 2886 1803 sic
2917 1745 3190 1811 obediant,
3223 1744 3579 1815 quemadmo-

336 1845 507 1907 οὓτως
562 1839 911 1909 ὑπακούωσιν
930 1839 971 1903 ί,
1003 1839 1190 1905 ὥσπερ
1213 1844 1306 1891 καί
1329 1838 1509 1908 ὑμεῖς.
1539 1836 1723 1899 Οὕτως
1756 1836 1908 1889 οὐδὲν

2016 1843 2135 1895 dum
2160 1850 2214 1895 et
2243 1855 2359 1894 vos.
2408 1841 2558 1895 Adeo
2596 1839 2731 1894 nihil
2766 1840 2963 1908 privati
2994 1840 3235 1908 optabat,
3268 1837 3364 1892 sed
3394 1834 3576 1890 omnia

339 1934 468 1987 ἴδιον
487 1931 703 2003 ηὔχετο,
740 1929 872 1983 ἀλλὰ
913 1927 1088 1980 πάντα
1107 1927 1199 1980 τοῦ
1226 1927 1383 1979 Θεοῦ.
2010 1933 2125 1987 Dei.

410 2023 521 2078 Kal
553 2023 652 2075 ἵνα
663 2019 987 2089 ῥυσθῶμεν
1017 2017 1136 2072 ἀπὸ
1163 2018 1281 2070 τῶν
1317 2017 1555 2071 ἀτόπων
1594 2016 1691 2071 καὶ
1718 2032 1909 2084 πονη-

328 2116 460 2185 ρῶν
493 2114 853 2182 ἀνθρώπων
896 2113 967 2166 οὐ
1003 2111 1109 2180 γὰρ
1138 2109 1381 2164 πάντων
1429 2111 1467 2178 ἠ
1504 2109 1726 2177 πίστις.
1776 2112 1910 2181 Περὶ

339 2207 448 2260 τῶν
465 2205 854 2280 ἀντιλεγόντων
878 2202 957 2273 τῷ
987 2202 1305 2273 κηρύγματι
1328 2201 1497 2269 λέγει,
1527 2202 1781 2272 περὶτῶν
1809 2218 1910 2270 μα-

339 2302 590 2372 χομένων
622 2302 732 2362 τοῖς
786 2298 1040 2369 δόγμασι,
1071 2292 1183 2360 οἷος
1215 2292 1282 2367 ἧν
1333 2296 1677 2367 Ἀλέξανδρος
1706 2297 1734 2349 ὁ
1763 2295 1910 2350 Χαλο

343 2392 473 2456 κεύς
501 2406 516 2422 ⁵
545 2390 704 2444 τοῦτο
732 2391 841 2460 γὰρ
867 2391 1087 2461 ᾐνίξατο
1113 2387 1313 2443 εἰπών’
1345 2390 1427 2442 Οὐ
1451 2387 1561 2457 γὰρ
1603 2389 1842 2443 πάντων
1871 2389 1909 2458 ἠ

343 2484 549 2550 πίστις
577 2497 591 2512 ·
620 2482 917 2546 τουτέστιν,
981 2483 1042 2535 οὐ
1090 2483 1291 2544 πάντες
1330 2480 1696 2546 πιστεύουσιν,
1722 2481 1835 2537 ἀλλ’
1861 2483 1911 2534 οί

344 2574 486 2641 ἄξιοι
510 2590 522 2602 ·
547 2573 736 2643 ὥσπερ
770 2573 835 2626 ἂν
867 2574 917 2626 εἴ
945 2590 1029 2631 τις
1057 2570 1231 2639 εἷπεν,
1252 2574 1337 2626 ὃτι
1364 2574 1439 2626 Οὐ
1469 2572 1684 2626 πάντων
1716 2575 1831 2626 ἐστὶ
1852 2575 1912 2627 τὸ

349 2665 739 2736 στρατεύεσθαι
770 2667 825 2718 ἐν
881 2667 993 2728 τοῖς
1050 2665 1362 2735 βασιλείοις,
1394 2665 1529 2720 ἀλλὰ
1559 2665 1666 2719 τῶν
1719 2668 1912 2738 ἐπιτη-

346 2756 503 2811 δείων
537 2737 672 2828 πρὸς
694 2758 869 2810 τοῦτο.
903 2757 1211 2827 Διανίστησι
1241 2757 1297 2810 δὲ
1325 2758 1541 2822 αὐτοὺς,
1562 2758 1616 2810 εἴ
1635 2775 1696 2826 γε
1721 2737 1915 2812 τοσαύ-

348 2866 447 2921 την
475 2848 658 2919 ἔχουσι
701 2849 1050 2921 παρρησίαν,
1103 2847 1243 2901 ὥστε
1297 2848 1390 2901 καὶ
1436 2848 1513 2918 τῷ
1563 2848 1914 2921 διδασκάλῳ²

352 2938 733 3009 ὲξευμαρῖζειν
757 2939 816 2991 τὸ
844 2938 1126 3009 κήρυγμα.
1165 2935 1488 3006 Λεληθότως
1517 2937 1573 2991 δὲ
1619 2938 1916 2992 αἰνίττεται

353 3032 445 3085 καὶ
472 3031 750 3094 κινδύνους
773 3030 924 3102 αύτῷ
973 3030 1189 3091 πάντως
1218 3029 1588 3100 ἐπαγομένους
1632 3030 1783 3100 παρὰ
1808 3029 1919 3083 τῶν

353 3122 760 3192 ἀνθισταμένων
800 3122 879 3191 τῷ
908 3122 1073 3191 λόγῳ.
1129 3121 1236 3173 Καὶ
1266 3119 1423 3174 τοῦτο
1443 3119 1709 3173 summ
1733 3120 1917 3183 αὐτοῖς

352 3214 430 3276 είς
462 3213 827 3283 παράκλησιν,
854 3212 929 3276 ὡς
960 3213 1054 3266 καὶ
1106 3211 1201 3264 τοῦ
1245 3210 1567 3282 τηλικούτου
1602 3211 1813 3264 Παύλου
1839 3210 1919 3266 ἔτι

354 3304 410 3357 ὲν
438 3303 702 3366 κινδύνοις
733 3303 1078 3365 παλαίοντος.

424 3391 640 3458 Πιστὸς
672 3392 739 3445 δέ
786 3394 958 3446 ἐστιν
995 3396 1028 3446 ό
1075 3393 1313 3461 Κύριος,
1354 3393 1419 3459 ὃς
1447 3393 1718 3462 στηρίξει
1744 3392 1920 3463 ὑμᾶς,

354 3481 453 3534 καὶ
470 3480 726 3549 φυλάξει
751 3480 870 3535 ἀπὸ
895 3482 1001 3535 τοῦ
1024 3483 1311 3549 πονηροῦ.
1349 3478 1517 3536 Εἶπεν
1550 3483 1682 3547 ἄνω,
1713 3485 1792 3538 ὅτι
1824 3484 1923 3537 E7-

314 3644 319 3649 ,
351 3573 492 3626 λετο
513 3570 668 3641 ὑμᾶς
699 3575 731 3625 d
764 3573 909 3639 Θεὸς
936 3574 1022 3639 εὶς
1080 3573 1398 3639 σωτηρίαν,
1432 3574 1551 3627 ἀντὶ
1596 3574 1715 3640 τοῦ,
1746 3573 1925 3640 ἐξελέ-

355 3663 502 3730 ξατο.
539 3665 734 3728 Πιστὸς
763 3661 855 3719 οὖν
881 3666 1019 3731 ἔστι,
1074 3665 1351 3718 τουτέστιν
1382 3665 1606 3736 ἀληθὴς,
1663 3670 1755 3722 καὶ
1787 3668 1927 3722 πάνι

354 3769 462 3814 τως
492 3753 706 3824 ποιήσει
758 3752 785 3807 ὃ
826 3753 1133 3825 ἐνήρξατο·
1168 3756 1263 3809 καὶ
1320 3756 1563 3827 στηρίξει
1597 3756 1697 3827 μὶν
1757 3758 1922 3827 ὑμᾶς,

314 3832 317 3835 ’
356 3840 606 3916 καθάπερ
645 3845 740 3898 καὶ⁸
783 3844 1066 3915 ηὐξάμεθα
1091 3884 1107 3910 ,
1159 3845 1300 3900 ὥστε
1333 3849 1532 3917 μηκέτι
1565 3847 1924 3937 σαλευθῆναι*

2073 2021 2237 2078 Vzns.
2271 2022 2326 2076 2.
2368 2021 2435 2075 Et
2467 2030 2522 2075 ut
2569 2019 2852 2076 liberemur
2875 2019 2939 2074 ab
2986 2022 3299 2090 importunis
3321 2028 3373 2075 et
3415 2018 3574 2074 malis

1976 2115 2301 2169 .Imminibus
2332 2127 2351 2165 :
2383 2130 2486 2167 non
2528 2114 2666 2167 enim
2715 2112 2949 2166 omnium
3005 2120 3081 2168 est
3128 2112 3282 2181 ﬁdes.
3320 2112 3581 2182 Loquitur

2011 2209 2076 2263 de
2113 2208 2180 2261 iis
2214 2207 2302 2275 qui
2336 2206 2483 2261 verbi
2525 2205 2892 2275 praedicationi
2949 2206 3356 2269 contradicunt,
3404 2216 3457 2259 et
3490 2206 3579 2273 qui

1978 2338 1983 2343 .
2012 2298 2269 2352 doctrinae
2299 2299 2689 2363 adversantur;
2735 2296 2910 2364 qualis
2946 2305 3063 2350 erat
3085 2296 3389 2351 Alexander
3417 2295 3583 2351 Era-

2012 2390 2146 2445 rius.
2182 2389 2290 2443 Hoc
2319 2391 2462 2443 cnim
2493 2389 2669 2442 innuit
2698 2387 2951 2457 inquiens
2985 2406 3000 2444 :
3047 2387 3170 2442 Non
3187 2389 3326 2442 enim
3349 2391 3581 2443 omnium

2011 2491 2091 2537 est
2119 2481 2270 2548 ﬁdes,
2309 2480 2410 2535 hoc
2436 2488 2539 2545 est,
2571 2477 2686 2533 Non
2720 2493 2907 2535 omnes
2928 2479 3172 2546 credunt,
3205 2481 3297 2534 sed
3320 2481 3409 2548 qui
3439 2481 3583 2548 digni

2013 2581 2187 2627 sunt:
2230 2571 2453 2642 perinde
2486 2585 2552 2629 ac
2595 2571 2639 2626 si
2671 2570 2791 2640 quis
2832 2570 2977 2625 dicat
3007 2585 3023 2623 :
3055 2568 3446 2625 Non-omnium
3496 2556 3588 2625 ’est

2014 2664 2117 2718 sub
2145 2662 2342 2718 vexillo
2376 2661 2522 2732 regio
2574 2662 2834 2726 militare,
2865 2670 3117 2716 caeterum
3144 2676 3331 2716 eorum
3353 2669 3584 2724 tantum,

2016 2753 2108 2824 qui
2166 2754 2233 2808 ad
2271 2754 2372 2808 hoc
2421 2762 2546 2806 sunt
2585 2752 2786 2808 idonei.
2832 2750 3006 2817 Simul
3047 2760 3228 2806 autem
3273 2752 3478 2807 excitat
3533 2760 3590 2808 et

2019 2845 2367 2902 commendat
2395 2858 2512 2909 eos,
2542 2844 2808 2913 siquidem
2844 2852 3049 2898 tantam
3087 2843 3287 2898 habent
3315 2844 3589 2911 ﬁduciam,

2020 2947 2077 2991 ut
2118 2935 2432 3006 praeceptori
2467 2950 2567 2990 suo
2613 2934 3055 3006 praedicationem
3093 2933 3310 2990 facilem
3340 2927 3589 2991 reddant.

1988 3028 2382 3093 -Porro,-ciam
2437 3027 2613 3081 innuit
2656 3027 2892 3096 pericula
2924 3026 3026 3082 sibi
3063 3026 3283 3081 omnino
3306 3026 3372 3081 ab
3402 3029 3468 3083 iis
3500 3027 3593 3098 qui

2021 3119 2189 3174 verbo
2224 3115 2575 3180 resistebant,
2620 3113 2879 3168 inducta.‘
2908 3115 3084 3182 Atque
3128 3114 3232 3169 hoc
3285 3115 3420 3169 satis
3474 3124 3593 3168 erat

2022 3210 2102 3267 eis
2144 3210 2211 3264 ad
2246 3206 2695 3273 consolationem,
2732 3196 2876 3274 quod
2908 3205 3031 3259 talis
3064 3215 3351 3273 tantusque
3392 3205 3594 3260 Paulus

2023 3303 2319 3366 exsistens,
2353 3302 2534 3355 adhuc
2576 3313 2698 3353 cum
2729 3296 2993 3369 periculis
3026 3297 3344 3353 luctaretur.

2096 3393 2259 3449 νεεδ.
2296 3393 2350 3449 5.
2385 3390 2591 3445 Fidelis
2618 3398 2796 3444 autem
2827 3399 2899 3443 est
2933 3388 3212 3454 Dominus,
3247 3389 3338 3459 qui
3389 3388 3589 3457 conﬁr-

2024 3487 2186 3541 mabit
2208 3483 2368 3557 542
2391 3498 2502 3544 vos,
2523 3488 2573 3535 et
2601 3479 2856 3535 custodiet
2884 3495 2917 3532 a
2949 3479 3108 3533 malo.
3138 3477 3195 3532 In
3222 3480 3593 3549 superioribus

2025 3578 2182 3641 dixit,
2220 3575 2389 3644 Elegit
2437 3589 2525 3628 vos
2561 3573 2698 3626 Deus
2735 3572 2805 3626 ad
2841 3572 3092 3637 saturem,
3127 3572 3227 3628 hoc
3258 3580 3360 3634 est,
3404 3572 3596 3641 selegit

2024 3680 2056 3720 ο
2082 3665 2286 3719 multis.
2319 3662 2517 3718 Fidelis
2543 3661 2708 3731 igitur
2731 3668 2837 3724 est,
2868 3660 2920 3715 id
2948 3671 3034 3716 est
3086 3674 3273 3726 verax,
3296 3671 3352 3716 ct
3372 3663 3595 3719 omnino

2025 3754 2265 3824 perﬁciet
2320 3752 2463 3823 quod
2527 3766 2686 3808 orsus
2755 3760 2897 3818 est;
2975 3758 3028 3808 et
3079 3752 3423 3808 conﬁrmabit
3496 3767 3595 3808 vos

2025 3848 2268 3920 quidem,
2295 3846 2438 3903 sicut
2457 3848 2738 3902 oravimus
2767 3855 2825 3899 ut
2854 3859 2960 3898 non
2991 3858 3157 3914 porro
3184 3846 3592 3902 concutiamini.

316 4020 333 4028 ‘
358 3934 585 4002 φυλάξει
608 3935 685 3999 δὲ,
703 3934 843 3989 ὥστε
873 3938 949 4007 μὴ
973 3936 1091 4007 ισχῦ
1102 3954 1190 3990 σαι
1218 3937 1343 3991 καθ’
1365 3938 1517 4009 ὑμῶν
1545 3938 1636 3991 τὸν
1661 3934 1917 3995 Σατανᾶν.

2024 3940 2304 3998 Custodiet
2343 3947 2549 4005 autem,
2581 3944 2642 3991 ut
2673 3952 2777 3992 non
2805 3936 3092 4007 praevaleat
3133 3944 3322 3993 contra
3355 3952 3452 3994 vos
3493 3937 3599 3995 Sto

2031 4042 2207 4087 tanas.

427 4112 800 4183 Πεποίθαμεν
822 4114 889 4168 δὲ
909 4113 980 4169 ἐν
998 4116 1188 4184 Κυρίῳ
1202 4116 1294 4186 ἐφ’
1315 4115 1490 4186 ὑμᾶς,
1522 4118 1611 4173 ὅτι
1639 4118 1678 4174 ἄ
1705 4135 1917 4191 παραγ-

2038 4090 2043 4097 .
2098 4120 2262 4177 Vens.
2294 4122 2346 4175 4.
2380 4120 2708 4192 Conﬁdimus
2738 4127 2915 4175 autem
2960 4121 3018 4176 in
3054 4121 3277 4178 Domino
3320 4123 3386 4179 de
3426 4125 3595 4190 vobis.

358 4201 654 4273 γέλλομεν
678 4205 840 4275 ὑμῖν,
877 4208 973 4261 καὶ
1004 4208 1224 4262 ποιεῖτε
1246 4208 1343 4263 καὶ
1376 4209 1679 4277 ποιήσετε.
1709 4213 1917 4285 Ἐπειδῆ

2026 4216 2165 4286 quod
2184 4231 2302 4286 qut:
2314 4215 2649 4285 prtrcipimus
2668 4213 2827 4276 vobis.
2851 4223 2900 4270 et
2918 4214 3094 4283 facitis
3109 4225 3156 4269 et
3187 4215 3410 4282 facietis.
3444 4215 3600 4274 Post-

360 4295 632 4365 ἐπηύξατο
658 4299 862 4360 αὐτοῖς,
891 4300 982 4351 καὶ
1016 4296 1188 4365 εἶπεν,
1223 4301 1307 4354 ὅτι
1331 4303 1518 4367 πιστός
1544 4306 1692 4357 ἐστιν
1718 4305 1747 4357 ὁ
1772 4304 1917 4374 Θεὸς¹

2029 4323 2188 4377 quam
2205 4314 2412 4362 orasset
2429 4322 2525 4377 pro
2543 4306 2621 4361 eis
2640 4321 2704 4361 ac
2723 4307 2954 4370 dixerat,
2969 4304 3167 4362 Fidelis
3186 4316 3267 4362 est
3284 4308 3446 4374 Deus,
3471 4312 3598 4380 quia

357 4385 440 4439 ὃτι
464 4391 677 4458 ποιήσει
705 4388 741 4443 ἃ.
775 4389 1040 4461 ἐνήρξατο
1060 4405 1072 4418 '
1103 4391 1189 4445 ἵνα
1220 4393 1296 4465 μὴ
1351 4396 1673 4467 νομίσαντες
1714 4396 1776 4451 τὸ
1819 4399 1917 4452 πᾶν

2029 4400 2192 4455 faciet
2224 4413 2344 4469 quae
2393 4412 2555 4453 orsus
2585 4407 2703 4463 est;
2750 4410 2820 4453 ne
2865 4396 2977 4465 iam
3005 4398 3382 4456 exisdmantes
3426 4411 3595 4457 totum

360 4477 456 4530 τοῦ
485 4478 620 4532 Θεοῦ
648 4475 812 4547 εἶναι,
845 4483 1001 4535 αὐτοὶ
1045 4484 1611 4556 ἀπορῤαθυμήσωσιν,
1670 4488 1779 4543 ἰδοὺ
1831 4488 1917 4543 νῦν

2030 4503 2153 4546 esse
2180 4488 2293 4555 Dei,
2327 4487 2428 4557 ipsi
2460 4501 2655 4558 segnes
2683 4490 2936 4555 evadant,
2982 4502 3108 4545 ecce
3134 4490 3244 4559 jam
3280 4507 3424 4548 nunc
3454 4494 3600 4563 ipso-

360 4568 455 4621 καὶ
479 4568 574 4641 τὴν
607 4573 744 4644 παρ’
779 4573 960 4626 αὐτῶν
1006 4574 1325 4646 συνέργειαν
1369 4578 1610 4642 ἀπαιτεῖ,
1660 4578 1737 4643 ὡς
1786 4579 1852 4635 ἂν
1878 4580 1917 4634 εἰ

2028 4597 2155 4648 runt
2185 4579 2622 4647 cooperationem
2646 4579 2916 4648 postulat;
2946 4581 3170 4650 perinde
3196 4596 3263 4638 ac
3287 4583 3333 4638 si
3354 4585 3595 4642 diceret:

362 4660 583 4715 τοιαῦτα
612 4663 785 4731 λέγων
817 4664 837 4695 ³
857 4682 870 4696 ·
907 4664 965 4719 '0
1001 4665 1099 4736 μὲν
1124 4666 1255 4731 Θεὸς
1296 4670 1484 4735 πιστός
1511 4672 1646 4735 ἐστι,
1678 4671 1772 4727 καὶ
1791 4671 1929 4727 πάν-

361 4767 468 4816 τως
497 4754 716 4824 ποιήσει
752 4755 821 4808 τὰ
854 4756 1015 4809 αὑτοῦ
1038 4772 1050 4783 ·
1088 4756 1203 4810 ἀλλ’
1247 4759 1340 4811 ἐὰν
1373 4758 1470 4813 καὶ
1505 4761 1663 4830 ὑμεῖς
1692 4760 1932 4833 ἐργάζη-

364 4843 476 4898 σθε.
509 4843 653 4917 Ὅρα
677 4847 734 4901 δὲ
758 4851 948 4917 σειρίαν
969 4865 982 4878 ’
1009 4851 1122 4903 Οὐκ
1140 4846 1290 4904 εἶπεν
1312 4852 1517 4920 ἁπλῶς,
1545 4853 1626 4906 ὅτι
1657 4855 1930 4909 Πεποίθα-

366 4953 466 5006 μεν
498 4941 585 5006 ἐφ’
622 4940 786 5011 ὑμᾶς,
821 4940 957 5006 ἀλλ’,
994 4941 1097 4994 Ἔν
1122 4944 1351 5011 Κυρίῳο
1380 4947 1647 5010 τουτέστι,
1678 4947 1756 5018 Τῇ
1808 4947 1929 5017 φιλ-

364 5025 647 5097 ανθρωπίᾳ
700 5030 865 5084 αὐτοῦ
914 5031 1264 5102 πιστεύομεν,
1318 5036 1398 5087 ὄτι
1445 5037 1584 5107 αὐτὴ
1632 5036 1927 5110 ὲπιρρὠει

364 5119 509 5188 ὑμᾶς
535 5134 549 5148 ο
580 5117 663 5171 ἵνα
691 5120 837 5193 δείξῃ
884 5123 1069 5185 αὐτοῖς
1111 5124 1193 5176 ὅτι
1224 5126 1281 5178 τὸ
1319 5129 1429 5179 πᾶν
1469 5130 1800 5200 ἀναρτητέον
1828 5130 1924 5185 τοῦ

364 5208 521 5263 Θεοῦ.
557 5210 746 5274 Πάλιν,
776 5214 876 5266 οὑκ
896 5209 1050 5267 εἶπεν
1078 5214 1283 5281 ἁπλῶς,
1333 5216 1681 5287 Πεποίθαμεν
1706 5219 1784 5289 τῷ
1819 5222 1936 5274 Κυ-

367 5303 484 5373 ρίῳ,
509 5302 645 5369 ἀλλ’,
682 5303 801 5372 Ἐφ’
826 5304 1000 5373 ὑμᾶς,
1026 5307 1140 5373 καὶ,
1158 5308 1238 5361 ὅτι
1259 5307 1485 5363 Ποιεῖτε
1513 5309 1609 5363 και
1629 5313 1933 5380 ποιήσετε,

367 5397 453 5449 ῐνα
489 5396 566 5469 μὴ
592 5396 651 5449 τὸ
679 5395 789 5450 πᾶν
839 5400 1245 5471 ἁναρτήσαντες
1301 5400 1396 5455 τοῦ
1448 5402 1621 5470 Θεοῦ,ῗ
1645 5405 1933 5477 ἀργότεροι

366 5489 520 5542 αὐτοὶ
577 5491 859 5556 γένωνται.
901 5493 994 5545 Δετ
1040 5493 1140 5563 μὲν
1194 5494 1299 5565 γὰρ
1332 5494 1391 5546 τὸ
1421 5495 1531 5548 πᾶν
1560 5495 1651 5549 ἐπὶ
1679 5497 1770 5550 τὸν
1802 5497 1935 5552 Θεὸν

369 5581 602 5650 ῥίπτειν,
635 5583 750 5636 ἀλλ’
778 5584 1135 5655 ἐνεργοῦντας
1170 5588 1263 5639 καὶ
1295 5585 1512 5650 αὐτούς.
1546 5587 1662 5640 Οὐκ
1687 5588 1930 5662 ἠρκέσθη

2037 4672 2176 4725 Deus
2201 4670 2419 4740 quidem
2452 4668 2624 4723 ﬁdelis
2655 4678 2759 4736 est,
2815 4681 2871 4726 et
2898 4672 3120 4728 omnino
3153 4672 3315 4730 faciet
3342 4692 3464 4746 qua
3501 4692 3599 4734 sua

2034 4775 2183 4825 sunt,
2219 4762 2312 4816 sed
2350 4762 2394 4816 si
2422 4775 2520 4817 vos
2543 4761 2705 4816 etiam
2747 4764 3069 4832 operemini.
3122 4764 3377 4837 Expende
3418 4780 3597 4827 autem

2035 4854 2151 4924 eius
2174 4853 2516 4922 sapientiam.
2548 4850 2664 4907 Non
2711 4853 2845 4908 dixit
2892 4854 3233 4925 simpliciter,
3264 4859 3596 4917 Conﬁdimus

2034 4949 2100 5005 de
2128 4946 2302 5010 Vobis,
2342 4943 2460 5011 sed,
2494 4941 2563 4998 In
2582 4943 2808 5000 Domino
2835 4960 2854 5001 :
2886 4946 2988 5002 hoc
3013 4956 3118 5013 est,
3140 4945 3452 5006 Clementia!
3479 4950 3602 5022 ejus

2006 5039 2329 5104 credimus,
2360 5038 2503 5106 quod
2530 5052 2593 5092 ea
2622 5035 2702 5093 ’sit
2722 5038 3093 5095 confortatura
3126 5052 3244 5105 vos,
3279 5051 3342 5096 ut
3398 5041 3601 5099 indicet

2035 5130 2167 5201 ipsis
2196 5138 2366 5185 totum
2406 5144 2474 5184 ex
2523 5129 2633 5185 Deo
2680 5132 2915 5201 pendere
2943 5131 3160 5188 debere.
3214 5129 3448 5201 Rursus,
3492 5150 3598 5190 n0u

2034 5224 2167 5279 dixit
2225 5222 2589 5293 simpliciter,
2641 5221 2979 5279 Conﬁdimus
3044 5222 3273 5280 Domino
3334 5238 3598 5293 :verum,

2031 5313 2109 5369 De
2152 5315 2319 5383 vobis,
2363 5324 2438 5380 et,
2468 5314 2623 5382 Quod
2651 5314 2833 5383 facitis
2859 5324 2907 5369 et
2942 5314 3175 5385 facietis,
3226 5333 3292 5375 ne
3322 5328 3489 5375 t0tum
3544 5319 3607 5377 in

2031 5403 2201 5459 Deum
2278 5406 2689 5469 transferentes,
2758 5403 2862 5473 ipsi
2902 5405 3189 5464 otiosiores
3271 5408 3592 5464 reddantur.

2033 5495 2226 5551 Totum
2255 5496 2400 5551 enim
2448 5495 2501 5550 in
2537 5494 2702 5550 Deum
2738 5495 3090 5566 rejiciendum
3122 5508 3227 5566 est,
3259 5501 3357 5556 sed
3414 5501 3487 5556 ita
3540 5514 3599 5556 ut

2032 5605 2130 5646 nos
2185 5589 2348 5643 etiam
2399 5601 2709 5657 cperemur.
2756 5586 2867 5643 Nec
2915 5589 3016 5645 fuit
3060 5601 3351 5648 contentus
3391 5592 3595 5663 dicere,

1690 5726 1893 5790 Variae
1947 5726 2271 5791 lectiones.

471 5846 517 5883 ⁸⁸
556 5848 697 5920 ὑπὲρ
728 5862 783 5903 0.
857 5847 905 5880 ”
933 5847 1186 5918 καθάπερ
1204 5863 1257 5904 o.
1337 5849 1352 5879 ¹
1382 5847 1700 5919 ὑπάρχωσιν
1734 5866 1809 5907 ω.
1888 5855 1909 5886 ¹
1948 5852 2057 5906 τῶν
2089 5847 2427 5904 διδασκάλων
2448 5861 2503 5903 o.
2582 5848 2602 5879 ³
2630 5847 2707 5912 ὡς
2742 5847 2899 5911 εἰδὼς
2924 5849 3096 5905 ταῦτα
3113 5850 3259 5924 λέγει
3292 5870 3366 5909 ιιι.
