3994 6632
415 366 548 434 1351
840 443 863 461 ο

415 483 658 547 Facitis;
716 481 811 536 sed
859 477 1074 549 adjecit,
1127 476 1359 535 Facietis
1410 496 1427 533 :

415 579 481 633 ad
513 585 813 634 extremum
864 588 1037 643 usque
1075 572 1323 643 Spiritum
1373 573 1628 628 virtutem
1663 570 1850 626 adesse
1887 569 1983 624 de-

415 668 649 813 “vim.
684 755 737 811 5.
787 753 1041 809 Dominus
1084 764 1258 808 autem
1300 754 1493 824 dirigat
1524 754 1688 809 corda
1722 761 1885 806 vestra
1917 750 1987 805 ad

1326 363 1902 432 THEOPHYLACTI
1941 362 2350 426 BULGARIE
2383 366 2732 429 ARCHIEP.

3515 362 3658 434 1352

1484 481 1795 544 ostendens,
1832 479 1988 533 nobis

2171 477 2335 539 είπὼν
2359 479 2441 546 τὸ,
2475 481 2720 548 Ποιεῒτε,
2745 481 2880 536 ἀλλὰ
2911 480 3217 552 προσέθηκε
3248 479 3341 535 καὶ
3357 478 3442 547 τὸ,
3484 481 3665 549 Hosti»

2086 586 2226 624 σεῖε
2247 587 2260 601 ·
2316 571 2531 635 δεικνὺς
2580 572 2663 625 ὅτι
2690 572 2773 628 δεῖ
2801 575 2936 644 ἡμῖν
2964 573 3092 644 ἄχρι
3138 574 3231 628 καὶ
3267 575 3365 643 τῆς
3421 573 3661 645 ἐσχάτης

2086 662 2361 731 ἀναπνοῆς
2389 664 2646 733 παρεῖναι
2677 663 2776 735 τὴν
2808 665 3032 736 ἀρετήν.

2172 752 2224 807 '0
2256 752 2324 807 δὲ
2382 755 2596 823 Κύριος
2630 757 2986 811 κατευθύναι
3045 756 3212 823 ὑμῶν
3257 759 3368 824 τὰς
3417 758 3671 829 καρδίας

415 849 746 905 dilectionem
787 846 906 908 Dei,
962 854 1013 900 et
1051 847 1120 901 ad
1170 846 1473 916 patientiam
1530 845 1745 902 Christi.
1791 844 1988 899 lterum

2120 847 2175 911 ις
2211 845 2325 912 τὴν
2355 844 2599 914 ἀγάπην
2636 846 2741 901 τοῦ
2767 846 2935 910 Θεοῦ,
2962 846 3063 900 καὶ
3087 847 3167 912 εὶς
3205 846 3319 913 τὴν
3345 847 3674 915 ὑπομονὴν

415 955 516 1010 pro
551 939 630 995 eis
673 939 981 1003 intercedit,
1018 946 1225 1008 quanta
1273 937 1485 991 illorum
1530 951 1658 991 cura
1714 942 1985 1006 tangatur,

416 1032 683 1088 indicans.
721 1031 857 1097 Quia
886 1030 1029 1085 enim
1066 1029 1357 1083 nonnullos
1382 1042 1570 1084 eorum
1600 1028 1988 1098 objurgaturus

416 1134 522 1186 cst.
587 1123 750 1179 corda
811 1122 1054 1191 ipsorum
1110 1120 1457 1190 praemitigat,
1523 1129 1581 1173 ut
1625 1120 1873 1173 videatur
1923 1132 1990 1172 ex

416 1215 580 1270 multa
642 1213 910 1270 charitate
972 1211 1281 1283 obiurgare.
1334 1212 1426 1266 Ait
1486 1212 1668 1283 igitur,
1733 1211 1989 1266 Dominus

418 1307 614 1377 dirigat
664 1305 825 1360 corda
853 1314 1026 1358 vestra
1051 1319 1068 1357 :
1096 1304 1198 1358 hoc
1236 1311 1340 1369 est,
1378 1302 1543 1359 Recta
1602 1304 1787 1358 venire
1834 1302 1994 1356 faciat

418 1411 475 1457 et
538 1416 645 1456 non
702 1402 977 1454 aberrare.
1020 1398 1185 1453 Multa
1226 1399 1369 1453 enim
1432 1405 1556 1452 sunt
1592 1412 1714 1466 qua:
1769 1411 1798 1450 a
1844 1407 1994 1451 reeto

419 1492 701 1548 charitatis
721 1490 858 1546 calle
879 1490 1174 1554 abducunt,
1191 1497 1245 1541 ut
1266 1489 1514 1557 pecunia,
1538 1477 1992 1554 facultatesfvana

419 1580 917 1654 gloriayalllictio,
983 1581 1328 1636 tentatioues.
1379 1582 1503 1635 Htec
1572 1581 1715 1635 enim
1784 1580 1993 1649 aliaque

422 1676 590 1729 multa
647 1690 751 1728 non
782 1674 966 1728 sinunt
988 1688 1087 1727 nos
1124 1675 1192 1727 ad
1228 1673 1570 1728 dilectionem
1602 1672 1693 1728 Dei
1717 1681 1860 1729 recta
1903 1687 1993 1729 ac-

422 1771 634 1833 cedere,
671 1768 997 1841 diligereque
1049 1768 1220 1834 ipsum
1266 1765 1488 1832 perinde
1534 1779 1596 1818 ac
1627 1765 1991 1820 necessarium

2088 936 2195 989 τοῦ
2236 935 2515 1003 Χριστοῦ.
2550 937 2721 991 Πάλιν
2770 937 3063 1007 ἐπεύχεται
3099 938 3302 1001 αὑτοῖς,
3325 938 3544 1002 δεικνὺς
3567 939 3674 1003 τὴν

2091 1026 2253 1081 αὑτοῦ
2289 1026 2636 1098 κηδεμονίαν.
2677 1027 2898 1099 Ἐπειδὴ
2948 1028 3059 1099 γὰρ
3104 1028 3285 1097 μέλλει
3312 1031 3457 1087 τισὶν
3485 1029 3671 1083 αὐτῶν

2091 1120 2377 1190 ἐπιτιμᾷν,
2411 1119 2722 1190 προλεαίνει
2750 1119 2850 1183 τὰς
2880 1118 3107 1191 καρδίας
3151 1120 3351 1186 αὑτῶν,
3382 1122 3471 1175 ἵνα
3497 1121 3627 1193 Min
3653 1122 3676 1154 ⁸

2092 1211 2173 1263 ὅτι
2204 1210 2311 1264 ἀπὸ
2330 1211 2549 1282 ἀγάπης
2579 1210 2782 1281 πολλῆς
2813 1211 3064 1283 ἐπιτιμᾷ.
3122 1213 3290 1280 Φησιν
3319 1212 3432 1276 οὖν,
3470 1214 3551 1267 ὅτι
3617 1211 3675 1265 '9

2092 1301 2307 1371 Κύριος
2328 1302 2691 1356 κατευθύναι
2724 1302 2832 1369 τὰς
2870 1303 3118 1370 καρδίας
3153 1303 3343 1373 ὑμῶν,
3369 1305 3675 1362 τουτέστιν.

2094 1391 2183 1443 ἐπ’
2207 1390 2425 1455 εὐθείας
2452 1391 2624 1446 ἐλθεῖν
2655 1394 2903 1459 ποιήσειε
2932 1393 3089 1456 ’,καὶ
3110 1394 3186 1465 μὴ
3220 1395 3675 1465 παρατραπῆναι.

2097 1480 2274 1534 Πολλὰ
2303 1481 2413 1552 γάρ
2439 1482 2546 1535 εἱσι
2596 1482 2696 1553 τῆς
2746 1483 2882 1554 πρὸς
2940 1484 3042 1554 τὴν
3091 1486 3314 1555 ἀγάπην
3345 1486 3519 1556 ὀρθῆς
3550 1487 3676 1541 ὀδοῦ

2099 1570 2454 1641 ὲκτρέποντα,
2488 1574 2581 1628 καὶ
2610 1574 2888 1645 χρήματα.
2944 1574 3041 1629 καὶ
3089 1577 3385 1643 κενοδοξία,
3421 1578 3519 1631 καὶ
3560 1578 3680 1631 θλί-

2098 1659 2244 1728 ψεις,
2279 1661 2374 1713 καὶ
2399 1663 2718 1733 πειρασμοί.
2751 1652 2939 1718 Ταῦτα
2962 1666 3072 1737 γὰρ
3103 1669 3198 1720 καὶ
3218 1667 3354 1723 ἄλλα
3380 1670 3553 1723 πλείω
3577 1672 3680 1723 οὑκ

2102 1752 2262 1805 ὲῶσιν
2296 1753 2441 1823 ἡμᾶς
2472 1755 2552 1817 εἰς
2581 1754 2802 1824 ἀγάπην
2829 1756 2924 1809 τοῦ
2974 1756 3112 1810 Θεοῦ
3160 1758 3560 1829 εὐθυπορῆσαι,
3587 1761 3686 1814 καὶ

422 1868 522 1915 est.
564 1858 697 1914 Illud
724 1873 873 1923 vero,
904 1857 991 1923 ,Ad
1038 1857 1350 1927 patientiam
1397 1853 1615 1920 Clu-isti,
1680 1856 1760 1909 vel
1789 1857 1868 1911 sic
1914 1855 1999 1910 in-

2116 1842 2383 1913 ιγαπῆσαι
2418 1843 2581 1898 αὑτὸν
2608 1845 2684 1909 ὡς
2712 1846 2811 1899 δεῖ.
2857 1847 2931 1899 Τὸ
2977 1847 3053 1915 δὲ,
3080 1849 3182 1915 Εἰς
3211 1850 3327 1917 τὴν
3360 1853 3688 1920 ὑπομονὴν

422 1948 638 2016 telliges
676 1956 736 2001 ιιι
782 1947 1147 2002 sustineamus
1176 1955 1228 2000 et
1272 1958 1390 2007 nos,
1431 1943 1880 2012 quemadmodum
1912 1944 2000 1997 ille

431 2039 694 2096 sustinuit
726 2055 741 2092 :
772 2037 855 2093 vel
897 2046 953 2090 ιιι
989 2053 1112 2090 cum
1150 2036 1404 2105 patientia
1440 2044 1815 2103 exspectemus
1845 2035 1999 2091 Chri-

334 2188 343 2195 ,
427 2140 569 2188 ειιιιη
621 2139 678 2186 et
714 2146 819 2185 non
868 2129 1243 2199 desperemus,
1277 2129 1371 2181 sed
1420 2127 1651 2182 ﬁrmiter
1694 2129 1999 2195 credamus,

426 2226 567 2295 quod
611 2236 730 2293 quae
775 2221 1106 2291 promiserit,
1164 2219 1530 2290 completurus
1576 2220 1665 2274 sit.
1708 2218 2001 2286 Praeterea,

430 2315 705 2385 patientiae
753 2313 1080 2368 mentionem
1144 2310 1374 2381 faciens,
1438 2309 1757 2367 aﬂlictiones
1804 2312 2001 2369 innuit.

426 2403 689 2460 Charitati
749 2415 929 2459 autem
1011 2403 1102 2459 Dei
1156 2402 1403 2472 adiunxit
1455 2402 1775 2472 patientiam
1832 2423 1846 2457 :
1902 2407 2005 2462 hoc

430 2499 573 2553 enim
619 2506 703 2554 est
744 2498 971 2568 diligere
1023 2496 1214 2563 Deum,
1274 2506 1496 2567 propter
1545 2494 1719 2565 ipsum
1778 2498 2005 2567 patienti

431 2592 614 2646 animo
688 2572 833 2654 esse,
906 2600 961 2646 et
1010 2605 1116 2645 non
1175 2589 1517 2670 contristari.
1568 2588 1672 2644 Per
1723 2589 2008 2648 Dominum

432 2692 611 2739 autem
681 2683 771 2739 hic
814 2682 1074 2753 Spiritum
1116 2682 1374 2752 intellige,
1415 2683 1637 2752 perinde
1682 2699 1747 2741 ac
1782 2701 2011 2758 magnus

431 2775 714 2831 annotavit
747 2775 1003 2832 Basilius.

508 2869 665 2923 Vens.
712 2868 771 2923 6.
837 2867 1191 2938 l’rtecipimus
1256 2881 1431 2926 autem
1472 2874 1638 2941 vobis,
1687 2873 1903 2943 fratres,
1954 2875 2012 2929 in

435 2960 640 3014 nomine
688 2959 897 3014 Domini
957 2960 1127 3013 nostri
1191 2960 1319 3016 Jesu
1362 2963 1587 3020 Christi.
1662 2963 1781 3020 Non
1843 2966 2012 3020 semel

434 3052 798 3107 indicavimus
850 3051 1072 3107 Paulum
1118 3055 1446 3111 severiorem
1486 3057 1882 3114 institutionem
1911 3058 2033 3130 ap-'

436 3144 639 3213 ρυιιιιτθ
688 3151 1037 3213 prazceptum.
1100 3143 1260 3217 543
1315 3145 1466 3203 Nunc
1513 3149 1695 3221 itaque
1739 3150 2003 3207 formida-

436 3233 681 3289 biliorcm
700 3235 1130 3290 adhortationem
1149 3237 1372 3305 faciens,
1396 3240 1511 3295 Non
1538 3256 1634 3296 nos
1652 3243 2012 3313 prmcipimus.

438 3323 627 3393 inquit,
712 3323 805 3378 sed
851 3324 1122 3381 Christus.
1183 3324 1313 3391 Quae
1364 3329 1509 3383 enim
1563 3344 1664 3401 ego
1729 3330 1874 3393 dico.
1927 3332 2020 3389 ille

413 3415 681 3485 .prolecto
724 3416 876 3472 dicit.
931 3414 1066 3471 Nam
1119 3428 1176 3474 ut
1224 3418 1385 3494 otiosi
1438 3435 1702 3488 essemus,
1750 3437 2016 3494 nusquam

441 3506 529 3561 ille
553 3510 841 3578 praecepit.
1370 3493 1380 3501 ’

412 3674 415 3677 _
516 3598 583 3653 Ut
647 3602 978 3659 subtrahatis
1037 3619 1126 3659 vos
1189 3606 1255 3659 ab
1284 3607 1426 3661 omni
1487 3605 1657 3675 fratre
1720 3607 2022 3663 inordinate

416 3693 764 3755 ambulante.
804 3696 918 3753 Hoc
947 3707 1054 3763 est,
1091 3706 1150 3753 ut
1178 3698 1500 3767 separemini
1532 3713 1565 3754 a
1596 3701 1788 3769 quovis
1821 3699 2024 3754 inordi—

444 3792 592 3848 nate,
639 3784 741 3839 hoc
799 3795 883 3840 est
948 3786 1149 3852 otiose,
1209 3789 1441 3849 vivente.
1503 3789 1618 3846 sive
1678 3790 1851 3857 dives,
1908 3790 2024 3845 sive

422 3891 667 3953 pauper,
712 3877 827 3934 sive
868 3889 1091 3937 sanctus
1143 3881 1324 3937 fuerit.
1356 3880 1460 3948 Qui
1508 3882 1654 3937 enim
1686 3883 1755 3938 ab
1799 3883 2024 3943 utilibus

418 3966 699 4035 operibus
739 3966 1036 4034 abstinent,
1095 3971 1150 4023 in
1198 3969 1551 4027 dicacitatem
1600 3971 1917 4045 plerumque
1965 3986 2023 4031 et

444 4056 829 4113 scurrilitatem
859 4060 1164 4128 praecipites
1198 4069 1455 4131 aguntur.
1491 4060 1603 4118 liae
1634 4072 1815 4119 autem
1867 4064 2022 4121 inor-

2102 1933 2209 1988 τοῦ
2231 1935 2510 2002 Χριστοῦ,
2540 1935 2572 2005 ἢ
2599 1934 2745 1989 οὕτω
2774 1937 3012 2006 νοήσεις,
3047 1938 3165 1993 Ἵνα
3195 1939 3580 2011 ὑπομένωμεν,
3605 1944 3688 2005 ὡς

2103 2026 2308 2088 ἐκεῖνος
2333 2026 2628 2097 ὑπέμεινεν
2650 2043 2664 2056 ·
2693 2029 2752 2099 ἢ,
2795 2029 2913 2083 Ἵνα
2943 2030 3063 2101 μεθ’
3093 2032 3373 2101 ὑπομονῆς
3394 2034 3692 2104 ἀναμένω-

2106 2135 2204 2190 μεν
2257 2120 2348 2174 τὸν
2380 2122 2633 2192 Χριστὸν,
2667 2124 2765 2178 καὶ
2821 2124 2896 2193 μὴ
2944 2125 3371 2197 ἀπελπίζωμεν,
3422 2127 3560 2181 ἀλλά
3590 2148 3688 2181 m-

2105 2213 2385 2281 στεὺωμεν
2444 2212 2699 2283 βεϐαίως,
2755 2218 2838 2269 ὃτι
2892 2217 2928 2271 ἃ
2962 2219 3324 2287 ἐπηγγείλατο
3377 2220 3687 2289 πληρώσει.

2106 2302 2286 2356 Εἰπὼν
2300 2304 2356 2357 δὲ
2379 2306 2675 2376 ὑπομονὴν.
2702 2306 2909 2377 θλίψεις
2927 2309 3169 2381 ᾐνίξατο.
3193 2311 3273 2383 Τῇ
3295 2310 3486 2384 ἀγάπῃ
3510 2313 3567 2365 δὲ
3588 2313 3689 2367 τοῦ

2104 2391 2239 2445 Θεοῦ
2274 2395 2557 2460 συνέζευξε
2605 2397 2706 2468 τὴν
2753 2400 3064 2470 ὑπομονήν·
3116 2402 3276 2455 τοῦτο
3324 2402 3433 2472 γάρ
3480 2406 3600 2459 ἐστι
3626 2406 3691 2457 τὸ

2105 2483 2325 2553 ἀγαπᾷν
2353 2485 2443 2537 τὸν
2471 2487 2626 2553 Θεὸν,
2657 2489 2719 2541 τδ
2750 2490 3043 2560 ὑπομένειν
3068 2492 3135 2545 δι’
3160 2493 3345 2559 αὐτὸν,
3369 2498 3461 2548 καὶ
3490 2500 3565 2564 μὴ
3599 2494 3695 2549 θο-

2109 2575 2411 2645 ρυϐεῖσθαι.
2444 2578 2661 2646 Κύριον
2684 2580 2764 2645 δὲ,
2789 2582 2851 2634 τὸ
2884 2583 3106 2653 Πνεῦμα
3131 2585 3239 2638 νόει
3268 2585 3525 2654 ἐνταῦθα,
3556 2588 3635 2651 ὡς
3663 2590 3694 2641 ὁ

2112 2668 2287 2737 μέγας
2310 2671 2745 2741 παρεσημήνατο
2778 2673 3083 2738 Βασίλειος.

2174 2852 2678 2923 Παραγγέλλομεν
2708 2854 2777 2908 δὲ
2823 2857 2988 2925 ὑμῖν,
3020 2857 3293 2929 ἀδελφοὶ,
3345 2860 3415 2914 ἐν
3442 2863 3696 2931 ὀνόματι

2113 2944 2218 2998 τοῦ
2246 2946 2465 3013 Kvpt'ov
2489 2946 2658 3016 ἡμῶν
2703 2950 2906 3018 Ἰησοῦ
2935 2952 3212 3020 Χριστοῦ.
3246 2953 3512 3019 Πολλάκις
3544 2955 3701 3009 εῐπο-

2114 3054 2236 3107 μεν,
2275 3040 2355 3092 ὅτι
2394 3041 2771 3112 παραγγελίαν
2793 3044 2822 3096 ὁ
2853 3042 3067 3108 Παῦλος
3092 3045 3242 3113 λέγει
3279 3045 3376 3117 τὴν
3415 3048 3697 3121 αὐστηρο-

2113 3128 2277 3201 τέραν
2302 3132 2667 3188 διδασκαλίαν.
2701 3135 2812 3189 Καὶ
2866 3134 2961 3190 νῦν
3023 3132 3117 3192 οὖν
3174 3138 3557 3211 φοϐερωτέραν
3592 3143 3699 3215 τὴν

2120 3224 2497 3294 παραγγελίαν
2555 3227 2750 3292 ποιῶν,
2783 3230 2971 3299 φησιν,
3018 3230 3100 3283 ὅτι
3135 3231 3248 3302 Οὐχ
3280 3233 3443 3302 ἡμεῖς
3474 3252 3699 3306 παραγ-

2118 3315 2399 3385 γέλλομεν,
2423 3317 2537 3371 ἀλλ’
2566 3320 2594 3371 ὁ
2620 3319 2876 3390 Χριστός.
2910 3320 2979 3374 Ἀ
3003 3321 3111 3393 γὰρ
3142 3322 3253 3391 ἐγὼ
3282 3323 3448 3393 λέγω,
3485 3328 3702 3393 ἐκεῖνος

2118 3405 2289 3474 λέγει.
2328 3408 2581 3480 Οὑδαμοῦ
2605 3411 2719 3482 γὰρ
2742 3412 3078 3483 προσέταξεν
3108 3416 3312 3479 ἐκεῖνος
3336 3417 3550 3487 ἀργεῖν.

2192 3590 2557 3646 Στέλλεσθαι
2572 3592 2726 3662 ὑμᾶς
2750 3594 2870 3650 ἀπὸ
2894 3597 3121 3665 παντες
3144 3597 3412 3668 ἀδελφοῦ
3430 3600 3706 3668 ἀτάκτως

2123 3684 2612 3750 περιπατοῦντος.
2648 3684 2927 3754 Τοντέστι,
2952 3690 3284 3759 χωρίζεσθαι
3306 3692 3415 3745 ἀπὸ
3443 3692 3542 3746 τοῦ
3568 3694 3710 3747 ἀτα-

2126 3790 2295 3837 κτως,
2338 3777 2619 3829 τουτέστιν
2667 3778 2689 3809 ⁸
2732 3777 2939 3849 ἀργῶς,
3003 3780 3247 3850 βιοῦντος
3313 3784 3537 3851 παντὸς,
3596 3785 3709 3839 κᾶν

2125 3865 2380 3955 πλούσιος
2410 3864 2467 3940 ᾗ,
2494 3868 2597 3923 κᾶν
2628 3871 2820 3940 πένης,
2852 3872 2956 3926 κᾶν
2986 3871 3141 3943 ἅγιος
3169 3874 3212 3931 ⁷.
3252 3876 3313 3929 Οἱ
3348 3876 3458 3947 γὰρ
3494 3877 3705 3947 ἀπεχὸ-

2130 3977 2282 4032 μενοι
2306 3961 2415 4015 τῶν
2436 3962 2753 4034 εὐχρήστων
2781 3963 2979 4036 ἔργων,
3002 3965 3078 4029 ὡς
3099 3966 3299 4021 ἐπίπαν
3326 3969 3406 4032 είς
3428 3970 3710 4041 εὐτραπε-

2125 4055 2247 4118 λίας
2274 4055 2368 4107 καὶ
2400 4053 2725 4126 ἀδιαφορίας
2751 4056 3252 4127 ἐκτραχηλίζονται.
3278 4060 3466 4115 Ταῦτα
3491 4062 3549 4115 δὲ
3573 4062 3709 4116 ἀτα-

444 4146 631 4202 dinata
670 4157 820 4203 sunt.
875 4149 1197 4216 Quomodo?
1238 4150 1467 4222 Propter
1503 4153 1607 4209 hoc
1638 4154 1838 4224 ipsum,
1884 4169 2006 4226 quot

2131 4132 2251 4212 ξίας
2273 4147 2401 4203 εἰσί.
2433 4146 2591 4213 Πῶςς
2624 4146 2704 4200 Δι’
2730 4148 2861 4200 αὑτὸ
2896 4149 3055 4202 τοῦτο
3100 4151 3162 4204 τὸ
3191 4153 3402 4223 ἀργεῖν,
3438 4154 3534 4207 καὶ
3569 4155 3709 4208 καθὸ

447 4237 581 4292 nihil
614 4246 760 4310 agat,
811 4249 863 4294 et
898 4241 1024 4310 quia
1065 4242 1312 4299 ordinem
1350 4259 1380 4297 a
1408 4253 1737 4315 praeceptore
1783 4248 2023 4317 positum

447 4330 696 4387 excedat.
729 4330 898 4389 Infert
944 4334 1109 4405 igitur
1151 4352 1165 4390 :

520 4423 589 4478 Et
637 4443 741 4482 non
775 4427 1059 4482 secundum
1084 4428 1426 4487 traditionem
1466 4447 1624 4502 quant
1658 4444 1969 4502 acceperunt
1996 4451 2031 4489 a

2128 4236 2372 4292 ἐκϐαίνει
2397 4238 2496 4309 τὴν
2544 4237 2698 4308 παρὰ
2750 4237 2842 4291 τοῦ
2868 4238 3191 4295 διδασκάλου
3243 4243 3494 4298 τεθεῖσαν
3554 4246 3708 4316 αὑτῷ

2129 4330 2306 4397 τάξιν.
2346 4330 2628 4401 Ἐπιφέρει
2657 4329 2752 4384 οὖν
2767 4344 2782 4361 ·

2211 4422 2321 4477 Kal
2351 4423 2439 4492 μὴ
2483 4423 2634 4478 κατὰ
2676 4422 2794 4493 τὴν
2839 4422 3177 4491 παράδοσιν
3219 4425 3297 4494 ἢν
3360 4431 3712 4500 παρέλαϐον

415 4517 623 4575 'nobis.
673 4518 843 4586 Quam
892 4534 988 4589 per
1059 4534 1224 4591 opera
1273 4522 1428 4578 vobis
1475 4524 1692 4591 tradidi,
1751 4525 2006 4596 exempla:

2133 4514 2269 4584 παρ’
2301 4512 2492 4584 ἡμῶν.
2559 4515 2665 4567 Ἢν
2712 4514 2801 4568 διὰ
2850 4514 2960 4567 τῶν
3015 4514 3190 4585 ἔργων
3236 4518 3365 4588 ὑμῖν
3390 4523 3713 4592 παρέδωκα,

436 4610 604 4673 vobis
625 4608 834 4667 lactus:
867 4611 1084 4681 proprie
1116 4612 1260 4667 enim
1326 4612 1546 4672 traditio
1578 4625 1664 4672 est
1692 4616 2001 4687 huiusmodi

2134 4605 2305 4669 τύπος
2338 4605 2630 4675 γενόμενος
2657 4607 2806 4677 ὑμῖν.
2840 4605 3059 4677 Κυρίως
3086 4608 3195 4679 γὰρ
3225 4611 3257 4681 ἡ
3282 4612 3506 4683 τοιαύτη
3528 4617 3715 4686 παρὰ..

436 4688 443 4696 ’
1274 4754 1281 4763 ι
2135 4696 2299 4760 δοσις.

525 4785 688 4843 Vsus.
724 4788 776 4841 7.
823 4785 935 4857 Ipsi
967 4789 1105 4843 enim
1138 4792 1283 4846 scitis
1310 4793 1751 4862 quemadmodum
1796 4805 2005 4863 oportea

2199 4787 2378 4843 Αὐτοὶ
2412 4788 2523 4858 γὰρ
2556 4787 2755 4844 οἴδατε
2787 4788 2913 4856 πῶς
2955 4789 3043 4844 det
3066 4795 3374 4859 μιμεισθαι
3402 4792 3581 4861 ἡμᾶς,
3623 4793 3720 4849 ὃτι

454 4877 656 4932 imitari
693 4894 807 4942 nos,
850 4881 1099 4949 quoniam
1130 4897 1257 4941 non.
1311 4883 1614 4940 inordinate
1644 4901 1738 4940 nos
1778 4888 2006 4956 gessimu

2116 4880 2251 4935 οὐκ
2292 4879 2719 4949 ἠτακτήσαμεν
2766 4880 2836 4934 ἐν
2884 4880 3048 4951 ὑμῖν,
3080 4882 3221 4937 οὐδὲ
3270 4882 3499 4952 δωρεὰν
3534 4883 3724 4955 ἄρτον

457 4970 597 5035 apud
646 4986 759 5034 vos,
817 4986 981 5041 neque
1036 4973 1204 5043 gratis
1261 4988 1451 5041 panem
1490 4978 1917 5033 manducaeimus
1969 4996 2006 5033 at

2142 4969 2445 5040 ἐφάγομεν
2460 4969 2620 5039 παρά
2638 4987 2821 5036 τινος.
2848 4972 2961 5025 Οὑκ
2990 4972 3397 5044 ἠτακτήσαμεν,
3414 4976 3723 5048 τουτέστιν,

458 5061 657 5132 aliquo.
705 5061 822 5117 Non
879 5064 1196 5121 inordinate
1240 5082 1343 5123 nos
1424 5069 1740 5140 gessimus,
1801 5072 1855 5126 id
1931 5079 2006 5127 est

2143 5065 2244 5116 οὐκ
2277 5061 2623 5132 ἠργήσαμεν.
2668 5061 2924 5129 Ἀταξίαν
2952 5064 3061 5134 γὰρ
3080 5065 3179 5134 τὴν
3207 5064 3410 5136 ἀργίαν
3432 5065 3720 5137 ὀνομάζει,

460 5168 568 5207 non
622 5152 825 5211 fuimus
884 5155 1077 5231 otiosi.
1131 5155 1590 5216 lnordinationem
1652 5162 1796 5217 enim
1864 5162 2006 5218 οιίιιιι

2146 5155 2221 5219 ὼς
2248 5157 2341 5208 καὶ
2358 5154 2618 5227 ἀνωτέρω
2639 5170 2654 5185 ·
2686 5155 2781 5208 καὶ
2804 5153 2979 5220 οὕτως
3009 5156 3142 5229 εχει.
3176 5157 3237 5211 '0
3266 5158 3373 5229 γὰρ
3395 5158 3530 5222 Θεὸς
3561 5161 3722 5227 ἔταξε

464 5232 727 5312 nominat,
766 5256 819 5317 ut
863 5260 1023 5317 supra
1056 5265 1072 5304 :
1104 5258 1267 5320 atque
1307 5251 1378 5305 ita
1417 5265 1549 5307 sane
1588 5268 1646 5308 se
1705 5268 1794 5310 res
1830 5254 1994 5310 habet

2147 5249 2239 5302 τὸν
2260 5246 2545 5319 ἄνθρωπον
2593 5248 2941 5318 ἐργάξεσθαι.
2968 5251 3063 5302 καὶ
3113 5249 3183 5302 τὰ
3216 5251 3351 5322 μέλη
3384 5253 3522 5320 πρὸς
3565 5255 3724 5308 τοῦτο

462 5351 587 5392 nam
620 5324 759 5392 Deus
786 5339 964 5415 posuit
987 5341 1259 5399 hominem
1289 5344 1358 5398 ad
1397 5343 1659 5408 laborem,
1692 5357 1949 5415 artusque
1976 5360 2004 5397 ιι

2149 5340 2435 5392 διέπλασεν
2487 5340 2531 5392 ⁸.
2586 5340 2745 5391 Ὥστε
2793 5343 2821 5393 ὁ
2872 5341 3056 5413 ἀργῶν
3089 5341 3374 5395 ἐκλέλοιπε
3404 5343 3504 5413 τὴν
3548 5346 3721 5412 τάξιν.

465 5428 568 5485 hoc
610 5426 825 5503 ellinxit
860 5408 883 5484 ι’
917 5431 1176 5500 quocirca
1214 5434 1303 5502 qui
1361 5435 1565 5491 otiosus
1592 5444 1695 5500 est,
1742 5436 1808 5489 ab
1853 5434 2006 5488 ordin

2154 5432 2296 5502 Ὀρα
2330 5426 2419 5498 δὲ,
2442 5434 2556 5495 πῶς
2594 5433 2803 5502 δωρεὰν
2836 5408 3030 5501 φαγεῖν
3080 5432 3308 5487 ἐκάλεσε
3358 5435 3420 5489 τὸ
3459 5408 3597 5509 παρ’
3630 5408 3725 5490 ει.

1736 5598 1936 5662 νοτία)
1974 5596 2307 5659 lectiones.

539 5720 562 5751 ⁸
583 5720 732 5796 δείξῃ
756 5737 808 5776 0.
898 5723 1210 5796 “Amphaeus
1239 5738 1290 5779 0.
1333 5794 1338 5796 _
1370 5726 1390 5756 '
1423 5726 1515 5777 καὶ
1550 5739 1603 5779 o.
1716 5726 1735 5757 ⁷
1767 5725 1869 5779 κᾶν
1897 5726 2077 5795 ἅγιος.
2112 5725 2383 5796 "Arcturo;
2408 5723 2530 5796 ⁸γιίιρ
2561 5724 2679 5796 ἐστι
2704 5725 2809 5789 πᾶς
2834 5725 2959 5779 κατ’
2997 5726 3129 5781 αὑτὸ
3166 5724 3323 5780 τοῦτο
3352 5726 3411 5779 τὸ
3431 5727 3623 5796 ἀργεῖν
3648 5742 3722 5779 ιιέ.

472 5787 553 5845 In.
575 5787 813 5845 minatus
857 5794 993 5846 enim
1008 5787 1093 5847 est
1117 5797 1233 5862 quis
1266 5794 1340 5849 vel
1368 5812 1460 5863 per
1498 5796 1591 5849 hoc
1620 5796 1790 5863 ipsum
1823 5787 1963 5864 quod
2000 5820 2006 5847 ι

2116 5812 2199 5849 tus
2240 5794 2325 5846 sit.
2404 5787 2850 5849 εἱδιέτιέτοινενήο.
