3994 6574
326 389 465 458 1353

1115 390 1518 456 EXPOSITIO
1552 391 1634 451 IN
1674 389 1915 450 El’lST.
1947 387 2006 447 II
2047 381 2436 446 AD'THESS.
2468 408 2535 419 —
2558 382 2715 444 CAP.
2755 381 2870 444 IlI.

3443 381 3581 448 1354

321 501 434 557 τῶν
459 501 755 572 τραφῆναι.
783 502 978 557 Καίτοι
1003 503 1102 558 οὐκ
1125 517 1194 576 ην
1217 506 1449 576 δωρεὰν,
1479 505 1747 576 ἐκήρυττε
1775 502 1905 574 γάρ’

2035 513 2108 553 .no
2138 492 2357 553 defecit.
2389 496 2629 552 Observa
2655 503 2855 559 autem,
2903 493 3174 565 quomodo
3204 496 3374 566 gratis
3419 499 3581 555 edere

327 591 514 657 ’Δξιος
539 592 597 645 δὲ
625 595 652 646 ὁ
672 591 910 664 ἐργάτης
937 593 1038 664 τῆς
1069 595 1276 666 τροφῆς
1304 595 1495 648 αὑτοῦ.

413 855 573 912 Ἀλλ’
601 855 671 909 ἐν
726 857 890 919 κόπῳ
943 857 1037 910 καί
1075 858 1280 926 μόχθῳ
1311 858 1502 910 νύκτα
1533 857 1628 910 καί
1682 853 1908 925 ἡμέραν

2010 588 2110 642 hoc
2139 587 2312 655 ipsum
2344 588 2580 648 vacavil,
2609 586 2674 638 ab
2704 585 2809 639 illis
2837 584 3146 640 alimoniam
3171 601 3406 642 sumere.
3425 591 3585 658 Atqui

2009 694 2114 732 non
2170 676 2336 748 gratis
2384 676 2847 746 supptditahatur,
2908 677 3234 746 praedicabat
3276 679 3440 736 enim.
3495 682 3588 735 Est

2008 775 2184 822 autem
2213 770 2406 838 dignus
2436 770 2716 835 operarius
2739 769 3004 823 alimento
3041 785 3158 824 suo.

2083 859 2250 915 Vnus.
2301 860 2354 914 8.
2398 857 2588 914 Verum
2618 862 2672 914 in
2708 859 2888 914 labore
2939 871 2987 914 et
3011 861 3323 931 fatigatione
3361 875 3506 919 nocte
3540 874 3588 919 et

327 946 722 1018 ἐργαζόμενοι.
760 948 904 1017 Ὅρα
925 947 1020 1011 τὰς
1045 948 1343 1011 ἐπιτάσεις.
1390 948 1584 1019 Ἡμεῖς
1637 948 1692 1000 δὲ
1725 949 1772 1000 εἰ
1833 946 1907 1017 μὴ

2035 951 2092 1004 lic
2112 962 2405 1020 operantes.
2449 951 2582 1004 Vide
2649 953 3110 1020 exaggerationes.
3170 952 3280 1007 Nos
3321 969 3448 1009 vero
3488 957 3588 1010 nisi

327 1039 424 1092 τοῦ
455 1039 594 1093 Θεοῦ
630 1038 1030 1110 προτιμώμεθα
1056 1040 1208 1110 παρὰ
1256 1041 1365 1094 τῶν
1419 1038 1779 1110 διδαχθέντων
1808 1039 1828 1070 ⁹
1857 1057 1908 1092 τι

2035 1040 2100 1095 ιρι
2154 1042 2258 1110 ipsi
2297 1041 2407 1096 Deo
2438 1041 2797 1112 praferamur
2827 1045 2895 1098 ab
2927 1043 2994 1098 iis
3022 1043 3114 1114 qui
3146 1045 3346 1114 aliquid
3375 1062 3405 1100 a
3436 1046 3591 1101 nobis

327 1130 420 1200 ὑφ’
449 1129 634 1200 ἡμῶν,
665 1126 1117 1199 δυσχεραίνομεν,
1175 1128 1250 1193 ὡς
1273 1131 1367 1184 ’τὰ
1424 1132 1656 1201 μέγιστα
1689 1125 1909 1184 ἀδικού-

375 1238 506 1276 ενοι.

375 1239 506 1276 ενοι.

331 1239 370 1291 μ
398 1314 557 1382 Πρὸς
600 1315 770 1384 τὸμὴ
801 1313 1167 1384 ἐπιϐαρῆσαί
1191 1332 1326 1370 τινα
1349 1314 1782 1388 ὑμῶν.’Κυρίως
1812 1316 1913 1387 μὲν

2019 1133 2281 1198 didicere,
2318 1148 2463 1205 aegro
2493 1133 2672 1188 animo
2711 1132 2958 1199 ferimus,
2995 1149 3094 1190 ceu
3127 1136 3358 1190 maxima
3395 1137 3590 1207 injuria

2009 1215 2209 1279 allecti.

2091 1316 2175 1370 Ne
2202 1331 2353 1385 quem
2390 1325 2619 1370 vestrum
2648 1334 3004 1386 gravaremus.
3043 1316 3344 1371 Gravamen
3379 1319 3593 1390 proprie

331 1404 498 1474 βάρος
538 1407 655 1458 ἐστι
708 1407 769 1458 τὸ
810 1406 940 1477 παρ’
991 1407 1236 1460 ἀκόντων
1265 1406 1471 1463 λαϐεῖν.
1505 1407 1640 1462 Νυνὶ
1671 1407 1727 1461 δὲ
1755 1407 1913 1462 τοῦτο

2035 1417 2119 1474 εει,
2156 1409 2222 1462 ab
2249 1408 2437 1462 invitis
2461 1409 2731 1474 accipere.
2765 1409 2918 1465 Nunc
2943 1411 3238 1465 autemhoc
3266 1410 3415 1476 dicit,
3449 1413 3590 1480 quod

328 1496 500 1565 λέγει,
532 1497 667 1550 διότι
696 1498 926 1570 πένητες
953 1495 1115 1570 ἦσαν.

403 1591 526 1657 Οὐχ
567 1588 657 1642 ὅτι
688 1591 800 1644 οὐκ
842 1590 1065 1660 ἔχομεν
1112 1591 1423 1660 ἐξουσίαν,
1459 1593 1598 1648 ἀλλ’
1654 1594 1753 1648 ἵνα
1780 1593 1916 1648 ἑαυ-

326 1679 472 1748 τοὺς
501 1683 696 1736 τύπον
722 1683 918 1754 δῶμεν
950 1685 1091 1754 ὑμῖν
1121 1688 1211 1753 είς
1258 1687 1326 1739 τὸ
1369 1687 1677 1757 μιμεῖσθαι
1735 1688 1914 1758 ἡμᾶς.

331 1768 462 1844 Εἶχε
491 1776 600 1843 γὰρ
637 1775 884 1841 ἐξουσίαν
911 1779 1127 1849 ἀργεῖν,
1150 1780 1244 1832 ατε
1272 1779 1480 1849 μείζονι
1506 1779 1652 1852 ἔργῳ
1679 1781 1913 1852 ὴσχολη-

2015 1513 2285 1568 pauperes
2317 1499 2519 1553 inierint
2551 1499 3088 1557 Thessalonicenses.

2089 1589 2252 1646 Vens.
2281 1592 2334 1647 9.
2387 1591 2506 1646 Non
2536 1595 2674 1658 quod
2715 1611 2818 1647 non
2861 1595 3112 1650 habemus
3145 1607 3470 1665 potestatem,
3505 1613 3595 1652 seu

2016 1693 2075 1736 ut
2127 1700 2222 1738 nos
2269 1685 2410 1751 ipsos
2443 1684 2672 1754 formam
2725 1685 2972 1742 daremus
3002 1690 3144 1742 vobis
3167 1690 3239 1743 ad
3273 1689 3589 1744 imitandum

2021 1789 2135 1827 nos.
2196 1771 2325 1826 Erat
2369 1775 2513 1828 enim
2565 1774 2614 1828 ei
2673 1773 2902 1830 facultas
2953 1777 3180 1842 otiandi,
3217 1781 3343 1848 quia
3395 1781 3590 1849 majori

333 1839 514 1935 μένος,
550 1839 627 1938 τῷ
651 1839 1124 1939 ιιηρύγματιίκαὶ⁷
1158 1839 1458 1940 τρέιρεσδαι
1806 1839 1904 1943 μαι

2035 1877 2186 1932 Jpere
2241 1873 2535 1933 occupatus
2583 1876 2746 1932 esset,
2815 1868 3214 1936 praedicationis
3259 1886 3452 1938 nempe
3488 1874 3588 1926 ml-

331 1956 750 2029 οητευομένωνο
797 1961 948 2031 ὅμως
1011 1965 1076 2015 ἐκ
1126 1963 1440 2033 φιλοτιμίας
1471 1965 1787 2035 εἰργάσατο,
1821 1967 1916 2020 καὶ

329 2049 520 2102 ἑαυτὸν
549 2052 790 2114 καὶτοὺς
813 2052 910 2106 σὺν
939 2051 1088 2122 αὐτῷ
1121 2053 1426 2125 διέτρεφεν,
1459 2052 1534 2116 ὡς
1567 2053 1633 2107 ἂν
1671 2055 1916 2119 καὶτοὺς

335 2144 430 2210 μα’
449 2141 585 2210 me;
614 2141 777 2194 τοῦτο
805 2143 1096 2215 παιδεύσῃ.

399 2321 503 2375 Καί
525 2321 635 2388 γὰρ
664 2321 764 2374 ὅτε
794 2318 947 2392 ἦμεν
975 2322 1126 2391 πρὸς
1155 2321 1333 2392 ὑμᾶς,
1366 2322 1544 2377 τοῦτο
1565 2323 1916 2400 ’παρηγγέλη

332 2417 525 2480 λομεν
544 2415 708 2484 ὑμῖν,
736 2414 823 2467 ὅτι
854 2415 912 2468 εἴ
942 2433 1032 2481 τις
1066 2417 1138 2470 οὐ
1171 2416 1331 2470 θέλει
1373 2414 1741 2485 ἐργάζεσθαι,
1760 2415 1920 2484 μηδὲ

333 2507 602 2564 ἐσθιέτω.
634 2537 704 2546 -
725 2509 881 2575 IIqu
916 2506 1093 2577 ὑμᾶς,
1125 2509 1245 2561 ἀντὶ
1271 2509 1386 2574 τοῦ,
1439 2508 1578 2579 Παρ’
1611 2509 1762 2579 ὑμῖν,
1799 2507 1917 2578 μεθ’

343 2599 518 2669 ὑμῶν.
543 2601 635 2651 Ἐν
665 2600 763 2670 μὲν
796 2598 890 2653 οὖν
916 2602 982 2670 τῇ
1013 2601 1276 2670 ’προτέρᾳ
1311 2599 1602 2671 Ἐπιστολῇ
1652 2599 1918 2670 προσηνέ-

338 2709 532 2762 στερον
564 2692 694 2762 περὶ
715 2691 924 2746 τούτων
956 2691 1225 2763 διελέχθη,
1273 2691 1510 2747 ἐνταῦθα
1558 2692 1615 2746 δὲ
1648 2693 1918 2764 αὐστηρό-

335 2799 513 2856 τερον.
537 2782 601 2839 Εἰ
653 2784 761 2856 γὰρ
814 2785 973 2848 αὐτὸς
1021 2785 1117 2837 καὶ
1161 2785 1330 2838 νύκτα
1382 2785 1479 2838 xui.
1505 2783 1717 2856 ἡμέραν
1741 2787 1924 2856 εἰργά-

337 2873 482 2938 ζετο,
517 2873 697 2928 καίτοι
738 2873 1008 2946 μηδεμίαν
1038 2875 1176 2945 ἔχων
1214 2874 1484 2947 ἀνάγκην,
1515 2875 1697 2946 πολλῷ
1723 2876 1923 2946 μᾶλλον

336 2965 465 3028 τοὺς
495 2965 690 3028 ἄλλους
721 2967 889 3036 ἐχρῆν
914 2966 1074 3019 τοῦτο
1105 2969 1300 3021 ποιεῖν.

423 3078 739 3149 Ἆκούομεν
791 3077 904 3148 γάρ
932 3094 1104 3145 τινας
1141 3078 1621 3146 περιπατοῦντας
1648 3078 1719 3132 ἐν
1783 3077 1926 3147 ὑμῖν

2022 1956 2273 2019 nisterio,
2309 1967 2472 2024 atque
2525 1968 2582 2010 ut
2628 1957 2868 2013 aleretur
2918 1975 2946 2014 a
2984 1961 3265 2030 discipulis
3302 1981 3315 2017 :
3352 1973 3593 2020 attamen

2018 2063 2129 2119 pm
2175 2048 2501 2103 liberalitate
2541 2051 2771 2120 quadam
2819 2052 3164 2120 operabatur.
3211 2070 3377 2124 seque
3419 2055 3591 2125 ipsum

2017 2149 2072 2193 et
2097 2153 2192 2193 eos
2225 2140 2312 2208 qui
2347 2154 2528 2194 secum
2560 2150 2737 2208 erant,
2771 2141 3100 2208 enutriehat,
3151 2153 3209 2197 ut
3258 2144 3383 2199 illud
3421 2147 3592 2216 ipsum

2021 2229 2322 2299 discipulos
2357 2232 2520 2285 etiam
2554 2233 2793 2288 doceret.

2097 2320 2254 2376 Vens.
2285 2323 2371 2378 10.
2408 2322 2547 2375 Nam
2581 2339 2699 2378 cum
2720 2341 2948 2381 essemus
2982 2329 3126 2396 apud
3152 2345 3258 2393 vos,
3294 2331 3390 2384 Itoc
3412 2333 3599 2401 praeci-

2018 2414 2288 2480 piebantus
2320 2413 2497 2468 vobis:
2527 2415 2666 2486 quod
2691 2418 2736 2470 si
2767 2419 2884 2487 quis
2913 2435 3014 2473 non
3039 2421 3143 2474 vult
3173 2424 3402 2491 operari,
3435 2441 3598 2494 neque

2020 2507 2316 2561 manducet.
2371 2507 2515 2578 Πρὸς
2564 2509 2728 2579 ὑμᾶς,
2757 2509 2807 2562 id
2838 2521 2942 2580 est,
2975 2512 3128 2580 Apud
3166 2529 3279 2580 vos,
3311 2513 3395 2568 vel
3422 2515 3603 2570 vobis-

2021 2614 2164 2653 cum.
2202 2601 2258 2654 ln
2307 2601 2474 2669 priori
2512 2615 2642 2655 sane
2687 2600 2928 2671 Epistola
2985 2604 3305 2661 clementius
3356 2618 3409 2662 et
3444 2623 3597 2662 mau-

2021 2691 2230 2747 snetius
2259 2692 2323 2746 de
2357 2692 2440 2746 his
2468 2693 2740 2758 disseru’t,
2770 2694 2856 2750 hic
2891 2710 3020 2750 vero
3071 2698 3342 2753 austerius
3372 2699 3502 2769 agit.
3539 2701 3594 2754 Si

2022 2784 2164 2837 enim
2202 2784 2317 2853 ipse
2353 2793 2510 2838 nocte
2547 2800 2612 2840 ac
2659 2785 2748 2839 die
2777 2787 3125 2856 operabatur,
3158 2789 3303 2844 nulla
3362 2789 3489 2846 licet
3523 2793 3597 2850 illi

2024 2875 2322 2930 necessitas
2352 2875 2718 2943 incumberet,
2754 2877 2922 2933 multo
2951 2881 3123 2950 magis
3155 2881 3291 2938 alios
3311 2885 3600 2954 oportebat

2024 2969 2126 3022 hoc
2162 2967 2361 3021 facere.

2111 3079 2282 3152 5“
2307 3078 2472 3135 Vnus.
2519 3081 2607 3136 ll.
2636 3081 2897 3137 Audimus
2923 3100 3056 3138 enim
3080 3086 3214 3140 inter
3239 3101 3326 3141 vos
3349 3089 3601 3158 quosdam

341 3167 631 3237 ἀτάκτως,
651 3169 846 3240 μηδὲν
866 3169 1318 3242 ἐργαζομένους,
1355 3170 1517 3225 ἀλλὰ
1560 3167 1923 3240 περιεργαζο-

2035 3171 2422 3226 obambulantes
2447 3173 2774 3242 inordinate,
2800 3174 2936 3230 nihil
2956 3185 3252 3244 operantes,
3279 3180 3370 3232 sed
3399 3182 3604 3236 curiose

337 3262 587 3329 μένους.
639 3262 859 3332 Ἐπειδὴ
893 3266 1000 3334 γὰρ
1030 3265 1056 3315 ὁ
1082 3261 1206 3326 νοῦς
1235 3261 1396 3332 ἡμῶν
1426 3262 1731 3332 ἀεικίνητός
1751 3263 1921 3326 ἐστιν,

343 3355 582 3425 ἀνάγκη,
607 3355 736 3409 ὅταν
769 3354 1068 3426 εὔχρηστον
1097 3354 1259 3427 ἔργον
1286 3355 1361 3425 μὴ
1384 3355 1837 3427 μεταχειρίζηται
1858 3353 1924 3418 ⁸ο,

343 3445 413 3496 τὰ
442 3445 694 3515 ἄχρηστα
728 3447 995 3516 μετιέναι,
1031 3447 1106 3510 ὡς
1139 3447 1234 3500 καὶ
1271 3447 1532 3518 ἀνωτέρω
1557 3447 1793 3518 εἴρηται,
1832 3447 1926 3501 καὶ

347 3535 814 3605 περιεργάζεσθαι
871 3539 998 3597 τοὺς
1057 3537 1263 3608 ἑτέρων
1295 3535 1468 3606 βίους,
1521 3535 1815 3590 κὰντεῦθεν
1847 3537 1928 3600 είς

347 3629 706 3696 καταλαλιὰς,
739 3629 1090 3699 ἀργολογίας,
1120 3629 1488 3700 εὐτραπελίας
1538 3629 1928 3700 ἐκτραχηλίζε-

349 3721 520 3775 σοαι..
545 3720 914 3792 Ἐργάζεσθαι
941 3720 1034 3774 οὖν
1061 3721 1144 3774 δεῖ
1173 3721 1240 3774 τὰ
1266 3721 1357 3774 διὰ
1389 3721 1497 3774 τῶν
1541 3721 1742 3791 χειρῶν
1767 3719 1924 3791 ἔργα.

348 3814 424 3867 Οὐ
456 3815 498 3845 ¹¹
526 3815 635 3883 γὰρ
659 3814 930 3867 ἐλεεῖσθαι
954 3815 1036 3867 δεῖ
1056 3815 1148 3866 τὸν
1182 3813 1482 3883 δυνάμενον
1505 3814 1597 3867 καὶ
1629 3811 1925 3882 ἀργοῦντα.

360 3905 504 3958 Ἀλλ’
535 3903 790 3975 εὔχομαι,
819 3907 974 3976 φησὶ,
1009 3905 1104 3960 καὶ
1131 3903 1400 3976 νηστεύω.
1428 3903 1594 3958 Ἀλλὰ
1643 3901 1738 3957 καὶ⁵
1769 3900 1928 3954 τοῦτο

347 3999 449 4050 οὐκ
472 3997 618 4050 ἐστιν
639 4000 798 4069 ἔργον
828 3998 1028 4070 χειρῶν
1053 4013 1067 4028 ο
1103 3997 1280 4060 ἄλλως
1306 4013 1367 4049 τε
1396 3995 1626 4048 δύνασαι
1667 3993 1806 4065 μετὰ
1829 3993 1923 4046 τοῦ

349 4090 524 4144 ταῦτα
554 4094 728 4145 ποιεῖν
749 4091 954 4145 ἔτικαὶ
1000 4089 1352 4162 ἐργάζεσθαι.
1405 4088 1563 4142 Ἑπεὶ
1619 4085 1712 4140 οὖν
1768 4084 1928 4139 τοῦτο

353 4183 662 4250 διαπτύεις,
691 4183 766 4246 ὡς
815 4183 984 4254 ἀργὸς
1013 4183 1342 4253 κατακρίνῃ.
1373 4180 1484 4234 Καὶ
1521 4178 1661 4245 πῶς,
1686 4177 1870 4247 φασὶν,
1901 4175 1929 4229 ὁ

351 4271 619 4325 διδάσκων
643 4273 744 4326 οὐκ
772 4271 1146 4340 ἀναγκάζεται
1171 4269 1532 4342 ἐργάζεσθαι;
1565 4269 1688 4322 ’Ότι
1709 4285 1790 4320 τοι
1813 4267 1932 4338 μεί-

352 4363 482 4427 ζονα
518 4364 782 4434 ἐργασίαν
834 4367 930 4418 καὶ
980 4362 1414 4434 δυσχερεστέραν
1468 4358 1928 4432 μεταχειρίζεται,

351 4455 472 4524 ἥτις
497 4456 591 4506 καὶ
615 4453 898 4522 ἐμποδίζει
930 4453 1080 4523 αὐτῷ
1101 4453 1239 4524 πρὸς
1269 4451 1367 4522 τὴν
1393 4451 1502 4504 τῶν
1536 4450 1734 4521 χειρῶν
1764 4450 1930 4518 ἐργα-

2028 3276 2258 3334 agentes.
2291 3263 2428 3318 Cum
2455 3265 2598 3319 enim
2626 3279 2781 3318 mens
2804 3276 2987 3320 nostra
3023 3282 3237 3336 semper
3259 3269 3476 3324 mobilis
3507 3273 3597 3334 sit,

2028 3370 2250 3410 necesse
2280 3363 2385 3421 est,
2424 3364 2478 3408 ιιι
2511 3371 2631 3409 cum
2671 3355 2820 3409 utilia
2857 3371 2962 3411 non
2994 3357 3359 3427 aggrediatur,
3391 3359 3479 3412 inu
3509 3359 3600 3414 ilia

2026 3459 2293 3518 capessat,
2329 3459 2383 3504 ιιι
2417 3464 2581 3515 supra
2616 3449 2816 3504 dictum
2852 3457 2956 3516 est,
2994 3452 3237 3520 adeoque
3268 3451 3333 3503 de
3371 3451 3600 3505 aliorum

2026 3539 2153 3593 vitis
2183 3539 2396 3593 curiose
2436 3538 2735 3608 inquirere,
2786 3547 2842 3594 et
2889 3539 3016 3592 hinc
3049 3541 3116 3592 ad
3153 3541 3597 3608 obtrectationes,

2029 3629 2237 3682 otiosos
2280 3642 2562 3683 sermones
2591 3637 2754 3697 atque
2787 3628 3177 3683 scurrilitatem
3211 3628 3432 3684 deferri.
3463 3629 3604 3700 Ope-

2031 3717 2144 3773 rari
2196 3718 2362 3789 igitur
2411 3727 2629 3788 oportet
2673 3732 2836 3787 opera
2889 3720 3185 3774 manibus:
3235 3734 3409 3790 neque
3458 3722 3602 3776 enint

2030 3810 2374 3880 eleemosyna
2406 3818 2490 3865 est
2524 3810 2881 3879 impartienda
2910 3810 3046 3864 bene
3074 3809 3293 3877 valenti,
3327 3814 3417 3882 qui
3455 3813 3602 3870 laboo

2035 3915 2155 3955 rare
2177 3910 2374 3971 potest,
2408 3909 2572 3971 atque
2589 3902 2812 3956 otiatur.
2833 3903 2902 3956 At
2925 3901 3040 3968 0t’o,
3071 3903 3266 3973 inquit,
3289 3915 3344 3960 et
3391 3904 3600 3976 jejuno.

2031 3989 2194 4058 Atqui
2234 3991 2376 4046 istud
2418 4005 2524 4046 non
2555 3999 2640 4046 est
2667 4005 2805 4061 Opus
2833 4007 3110 4057 manuum,
3143 3995 3443 4063 prmsertim
3480 4012 3604 4052 cum

2030 4091 2087 4138 et
2112 4083 2226 4138 haec
2257 4091 2516 4152 praestare
2548 4085 2748 4154 possis,
2769 4094 2930 4154 atque
2960 4085 3177 4140 interim
3208 4091 3441 4158 Operari.
3469 4089 3605 4156 Quia

2031 4173 2216 4246 itaque
2243 4177 2382 4231 istud
2413 4177 2742 4244 asperuaris,
2768 4186 3022 4247 tanquam
3047 4180 3250 4233 otiosus
3276 4183 3601 4235 condemna-

2034 4269 2126 4323 ris.
2159 4269 2248 4335 At,
2285 4285 2474 4338 quare,
2503 4269 2775 4337 inquiunt,
2807 4269 2854 4322 is
2905 4271 2996 4338 qui
3022 4271 3200 4334 docet,
3255 4286 3358 4325 non
3392 4276 3608 4344 cogitur

2031 4362 2286 4434 operari?
2311 4361 2449 4426 Quia
2483 4360 2753 4414 diﬂieilius
2783 4375 2917 4430 opus
2958 4359 3288 4430 aggreditur,
3321 4366 3463 4433 quod
3500 4367 3604 4420 itu-

2033 4454 2179 4524 pedit
2242 4452 2417 4521 ipsum
2470 4467 2500 4506 a
2555 4466 2808 4506 manuum
2852 4454 3187 4521 operatione.
3250 4453 3371 4510 Tibi
3425 4467 3605 4513 autem

354 4547 498 4600 σίαν.
526 4547 617 4599 Σοὶ
647 4547 702 4599 δὲ
741 4546 820 4618 τῷ
853 4546 1065 4617 ίδιαστῇ
1093 4544 1246 4598 οὐδὲν
1271 4543 1534 4597 τοιοῦτον.
1565 4543 1727 4595 Ὥστε
1748 4541 1923 4612 ἁμαρ-

2035 4545 2284 4614 privatint
2335 4544 2498 4597 vitam
2544 4542 2744 4612 agenti,
2783 4542 2920 4596 nihil
2961 4542 3270 4613 huiusmodi
3323 4547 3607 4605 incumbit.

350 4643 530 4702 τὰνεις
561 4639 654 4692 τοῦ
679 4638 842 4710 ἔργου
876 4639 1116 4709 ἀμελῶν.

426 4755 560 4821 Τοῖς
587 4755 656 4807 δὲ
707 4757 994 4820 τοιούτοις
1019 4751 1515 4822 παραγγέλλομεν
1547 4749 1643 4804 καί
1664 4761 1931 4817 παρακα-

350 4847 580 4913 λοῦμεν
619 4845 717 4899 διὰ
770 4847 876 4900 τοῦ
929 4846 1152 4913 Κυρίου
1180 4843 1351 4914 ἡμῶν
1391 4843 1595 4912 Ἰησοῦ
1645 4841 1928 4912 Χριστοῦ.

365 4937 588 5009 Ἐπειδὴ
618 4938 923 5008 καθήψατε,
969 4936 1162 5001 εἰπὼν,
1210 4933 1734 5005 Παρατγέλλομεν,
1767 4948 1931 5003 προσ·

355 5030 546 5101 ηνέοτε
558 5047 650 5100 ρον
706 5031 868 5083 πάλιν
895 5030 1042 5081 ποιεῖ
1078 5029 1168 5082 τὸν
1203 5028 1384 5096 λόγον,
1410 5027 1504 5080 καί
1533 5042 1666 5095 φησι
1687 5039 1701 5054 ⁸
1734 5027 1932 5091 Παρα-

353 5121 678 5191 καλοῦμεν.
701 5123 1056 5193 Φοϐερωτέρα
1083 5119 1230 5191 οὖνὴ
1268 5118 1635 5188 παράκλησις,
1659 5115 1754 5169 καὶ⁵
1781 5113 1934 5180 ἀξιο-

354 5216 669 5286 πιστοτέρα.

429 5331 563 5386 Ἵνα
614 5330 765 5401 μετὰ
820 5330 1088 5400 ἡσυχίας
1131 5326 1525 5398 ἐργαζόμενοι,
1554 5324 1664 5376 τὸν
1701 5317 1934 5374 ἑαυτῶν

357 5423 540 5494 ἄρτον
566 5423 874 5478 ἐσθίωσιν.
939 5423 1252 5494 ’Δμφότερα
1280 5420 1523 5480 ἀπαιτεῖ,
1548 5417 1624 5480 ὡς
1662 5414 1762 5486 μὲν
1795 5415 1931 5466 ἀτα-

359 5516 646 5578 κτοῦντας,
677 5517 739 5569 τὸ
768 5515 1101 5585 ἡσυχάζειν·
1136 5514 1210 5576 ὡς
1253 5513 1310 5566 δὲ
1338 5511 1562 5582 ἀργοὺς,
1598 5507 1655 5560 τδ
1702 5503 1933 5576 ἐργάζε-

2037 4635 2238 4690 Peccas
2264 4636 2474 4702 itaque,
2505 4634 2805 4688 silaborcnt
2845 4635 3108 4704 negligas.

2109 4746 2275 4803 Vnus.
2310 4747 2396 4802 12.
2424 4749 2500 4802 Iis
2524 4760 2694 4800 autem
2720 4747 2804 4817 qui
2827 4747 3087 4816 ejusmodi
3112 4763 3230 4805 sunt
3251 4756 3600 4820 praecinunt...

2036 4853 2086 4896 et
2118 4841 2440 4894 obtestamur
2481 4855 2574 4908 per
2621 4839 2900 4892 Dominum
2934 4853 3173 4895 nostrum
3205 4841 3386 4898 Iesum
3433 4845 3613 4900 Cltrisv

2041 4942 2173 4986 tum.
2202 4933 2339 4998 Quia
2387 4931 2631 4985 severius
2675 4944 2769 4984 eos
2801 4931 3098 4999 invaserat,
3139 4933 3351 4998 dicens,
3407 4933 3614 4990 Praeci-

2040 5027 2215 5094 pimus
2254 5023 2434 5087 vobis;
2476 5036 2664 5077 rursus
2712 5021 3050 5078 blandiorem
3097 5025 3229 5079 facit
3276 5040 3611 5097 sermonem,

2044 5113 2418 5176 Obsecramus,
2452 5113 2726 5182 inquiens.
2757 5115 2934 5182 Atque
2959 5117 3063 5170 hoc
3100 5127 3260 5182 pacto
3298 5118 3614 5177 formidabi-

2043 5206 2147 5261 liot'
2177 5215 2280 5268 est,
2312 5215 2366 5259 ct
2399 5203 2518 5273 plus
2549 5204 2804 5274 ponderis
2836 5204 2998 5258 habet
3027 5203 3145 5274 ejus
3174 5208 3504 5264 exhortatio.

2114 5319 2179 5374 Ut
2234 5337 2348 5373 cum
2381 5319 2555 5390 quiete
2605 5330 2897 5386 operantes,
2933 5333 3088 5370 suum
3137 5318 3371 5388 ipsorum
3426 5337 3615 5388 partem

2042 5411 2378 5463 manducent.
2437 5405 2740 5475 Utrumque
2794 5408 2984 5476 exigit,
3014 5417 3149 5474 tum,
3193 5418 3252 5463 ut
3301 5410 3609 5470 inordinate

2044 5519 2102 5558 se
2139 5513 2388 5573 gerentes
2418 5499 2527 5556 sint
2553 5498 2745 5568 quieti,
2777 5508 2888 5553 tum
2922 5507 2979 5554 ut
3005 5499 3166 5556 otiosi
3204 5500 3472 5571 laborent,
3507 5517 3615 5573 quo

1649 5647 1848 5709 Varia)
1891 5644 2222 5706 lectiones.
2321 5697 2323 5699 .

439 5812 458 5840 ’
493 5807 627 5879 μηδὲ
657 5807 834 5876 διδαχ.
874 5805 1008 5860 ποτέ
1030 5823 1083 5859 τι
1112 5806 1169 5860 ὑ.
1201 5808 1235 5876 ἡ
1272 5823 1326 5859 ιι.
1406 5807 1448 5838 ¹⁰
1478 5803 1789 5877 ..ριζόμεοα
1820 5818 1871 5857 ο.
1952 5801 1992 5834 ¹¹
2021 5798 2140 5854 οῦδὲ
2167 5813 2220 5853 o.

645 5908 920 5967 ΡΑι-ιιοι..
952 5907 1003 5968 6
1055 5951 1070 5967 .
1111 5904 1386 5969 CXXIV.
