3994 6562
536 384 677 450 1355

1412 399 1717 461 ΤΗΕΟΡΗ
1731 404 1988 466 ΥΙ.ΑΟΤΙ
2034 404 2446 469 BULGAliUE
2484 414 2841 476 ARCHIEP.

3633 372 3782 486 tam

535 499 667 554 dam
714 511 907 569 panem
963 514 1120 557 suum
1152 500 1426 572 ipsorum,
1485 522 1590 561 non
1643 508 1883 566 alienum
1921 530 1935 567 :
1979 527 2087 569 non

2198 514 2345 582 σθαι,
2375 518 2465 574 ἵνα
2494 520 2718 577 ἐσθίωσι
2751 524 2841 578 τὸν
2870 524 3084 580 ἑαυτῶν
3130 526 3316 595 ἄρτον,
3375 529 3451 601 μὴ
3500 529 3588 584 τὸν
3616 531 3782 586 ἀλλόι-

520 589 665 646 enim
706 594 774 648 ad
808 595 1009 654 alienas
1039 616 1229 659 manus
1258 608 1531 675 respicere
1560 617 1793 677 oportet.

595 767 750 823 Vens.
801 769 884 825 l3.
930 769 1030 827 Vos
1058 785 1251 840 autem,
1301 779 1519 849 fratres,
1556 782 1716 837 nolite
1751 784 1970 849 deﬁcere
1999 785 2088 840 be-

517 860 856 928 nefacientes.
921 867 1309 925 Animadverte
1372 888 1531 942 quam
1602 875 1783 930 subito
1860 885 2087 945 paterna

519 952 726 1009 viscera
774 958 884 1014 sint
911 960 1220 1028 coniuncta;
1265 965 1448 1019 statim
1480 980 1667 1019 eorum
1703 968 1957 1024 misertus
1982 978 2087 1025 est.

518 1044 888 1116 Segregemini
941 1053 1008 1107 ab
1062 1054 1212 1125 ipsis,
1263 1058 1455 1125 inquit,
1511 1068 1674 1128 atque
1723 1063 2084 1130 separemini:

517 1149 886 1197 verumtamen
928 1159 996 1199 ne
1028 1144 1169 1202 fame
1197 1161 1291 1203 eos
1318 1149 1545 1204 interire
1579 1152 1795 1207 sinuatis.
1833 1155 1902 1207 At
1933 1154 2084 1223 quid,

514 1227 557 1280 si
601 1228 691 1283 ille
742 1233 1044 1300 conlidens,
1117 1238 1259 1306 quod
1309 1254 1410 1306 ego
1460 1239 1598 1293 alam
1631 1242 1825 1310 ipsmn,
1870 1243 1924 1297 in
1978 1246 2090 1299 otio

516 1317 808 1379 perduret?
858 1320 1003 1376 Satis
1052 1335 1134 1378 est
1189 1326 1282 1381 tibi
1327 1331 1394 1382 ιιι)
1444 1344 1509 1383 eo
1569 1330 1773 1393 divelii,
1836 1342 1891 1386 et
1953 1334 2088 1388 nihil

518 1407 728 1463 ﬁduciae
777 1410 1037 1481 impertiri
1082 1416 1152 1484 ei,
1182 1420 1475 1476 ostendens
1524 1431 1575 1476 te
1599 1423 1649 1477 ei
1688 1423 1869 1481 irasci.
1913 1426 1985 1481 At
2039 1429 2085 1485 si

517 1514 690 1568 neque
729 1502 831 1557 hac
866 1505 1072 1562 ratione
1102 1510 1429 1578 corrigatur,
1476 1521 1532 1567 tu
1571 1524 1752 1569 tamen
1778 1516 1985 1573 interea
2018 1534 2088 1574 ne

514 1604 695 1648 cesses
731 1593 806 1648 illi
843 1596 1188 1653 benefacere.

590 1681 749 1739 Vens.
804 1686 890 1740 Η.
920 1687 1076 1755 Quod
1105 1690 1294 1760 siquis
1348 1709 1449 1747 non
1480 1694 1652 1749 obedit
1695 1699 1848 1753 verba
1884 1711 2085 1766 nostro,

510 1790 605 1842 per
652 1775 947 1845 Epistolam
990 1781 1129 1835 hanc
1187 1794 1386 1840 notate.
1430 1786 1657 1852 Quidam
1706 1788 1851 1862 λόγῳ
1903 1791 2080 1864 ἡμῶν,

513 1882 609 1937 per
636 1885 672 1939 η
701 1869 949 1942 legerunt
989 1875 1132 1930 unde
1178 1885 1235 1931 et
1278 1877 1358 1933 sic
1390 1856 1834 1937 intellexeruntt
1871 1856 2086 1954 Sinqnis
2119 1856 2159 1912 Β

509 1970 690 2014 autem
745 1963 846 2017 mei
907 1962 1059 2020 Pauli
1119 1967 1284 2024 verbo
1327 1985 1430 2025 non
1485 1970 1727 2036 obediat,
1787 1987 1887 2044 per
1945 1975 2088 2030 hanc

510 2051 819 2120 Epistulam
883 2057 1047 2111 veluti
1096 2058 1382 2129 loquenti,
1441 2064 1583 2118 hunc
1656 2075 1860 2129 natale,
1924 2076 2088 2137 atque

511 2140 706 2196 habete
754 2144 917 2199 Veluti
972 2162 1333 2220 segregatum.
1387 2154 1548 2211 Divus
1603 2168 1784 2212 autem
1841 2157 2085 2215 Joannes

507 2233 932 2306 Chrysnstonms
988 2241 1139 2312 legit,
1189 2245 1367 2316 ὑμῶν,
1427 2264 1521 2317 per
1566 2266 1596 2301 υ
1636 2250 1823 2319 sicque
1881 2251 2085 2306 intelli-

510 2329 744 2394 gemium
779 2329 926 2384 hunc
967 2331 1143 2389 locum
1177 2337 1334 2391 nobis
1364 2340 1604 2393 ostendit
1656 2358 1670 2395 :
1717 2341 1773 2397 Si
1824 2343 1947 2412 quis
1979 2360 2085 2398 non

511 2435 717 2474 morem
749 2424 890 2491 gerit
920 2426 1091 2492 vobis,
1144 2429 1455 2487 dicentibus
1492 2436 1558 2488 ad
1614 2435 1790 2505 ipsum
1823 2452 1944 2507 quae
1994 2455 2087 2509 per

507 2510 806 2582 Epistolam
840 2517 978 2571 hanc
1008 2534 1180 2575 meam
1209 2523 1478 2580 didicistis

588 2600 655 2656 Et
695 2618 759 2658 tte
799 2608 1241 2665 eommisceamini
1270 2629 1384 2667 cum
1434 2615 1548 2682 illo,
1602 2626 1660 2671 ut
1706 2619 2083 2688 confundatur.

509 2690 704 2748 Viden’
740 2711 862 2765 quas
913 2701 985 2754 sit
1037 2703 1243 2758 utilitas
1292 2721 1413 2762 eum
1448 2711 1743 2780 separari?
1781 2728 1973 2783 nempe
2026 2724 2086 2769 ut

511 2784 716 2850 pudore
735 2786 1020 2847 eliciatur.
1046 2792 1207 2866 555
1235 2795 1291 2850 Si
1317 2801 1460 2852 enim
1486 2800 1569 2855 vel
1596 2801 1920 2871 simpliciter
1945 2808 2088 2859 acci-

499 2890 661 2945 pere,
689 2880 893 2949 pudore
924 2884 1184 2955 dignum;
1213 2899 1417 2954 quanto
1448 2891 1640 2963 magis,
1667 2894 1711 2947 si
1742 2905 1859 2962 post
1889 2912 2080 2967 Segre-

516 2970 784 3036 gationem
817 2974 1184 3033 exhiberem?
1227 2980 1414 3052 Magna
1447 2985 1590 3038 enim
1623 2989 1895 3055 quondam
1928 3004 2084 3057 pcena

508 3058 805 3117 mittebatur
838 3067 1161 3134 segregatio,
1220 3071 1315 3126 sed
1363 3073 1522 3129 hodie
1555 3077 1731 3131 minus
1764 3078 1921 3134 habet
1950 3096 2085 3149 pon-

2192 628 2365 683 τριον.
2425 612 2500 667 Οὐ
2542 613 2652 686 γὰρ
2706 614 2787 669 δεῖ
2840 617 3039 682 αὐτοὺς
3090 617 3420 674 ἀποϐλέπειν
3471 621 3551 683 είς
3598 621 3782 676 ἄλλων

2192 705 2403 775 χεῖρας.
3455 723 3467 733 '

2276 795 2460 866 Ὑμεῖς
2526 797 2617 862 δὲ,
2679 798 2953 869 ἀδελφοὶ,
3013 800 3099 871 μὴ
3155 802 3538 869 exstantia-nte
3592 808 3779 860 x010-

2190 888 2530 954 ποιοῦντες.
2566 887 2731 961 Ὅρα,
2777 892 2897 955 πῶς
2942 893 3145 956 εὐθέως
3179 895 3527 965 κατεκλάσθη
3553 901 3623 951 τὰ
3666 916 3777 953 πα-

2189 980 2354 1051 τρικὰ
2414 981 2720 1054 σπλάγχνα,
2774 983 2977 1049 εὐθέως
3010 985 3210 1050 αὐτοὺς
3239 987 3450 1058 ἐλέησε.
3478 989 3774 1055 aetnaea;

2193 1071 2312 1141 μὲν,
2351 1071 2542 1143 φησὶν,
2602 1074 2700 1128 ἀπ’
2729 1075 2909 1130 αὐτῶν
2966 1078 3062 1133 καὶ
3088 1077 3393 1148 χωρίζεσθε
3419 1095 3433 1108 ·
3479 1079 3554 1152 μὴ
3586 1081 3773 1151 μέντοι

2188 1177 2255 1229 γε
2300 1163 2498 1232 ἐάσητε
2550 1162 2699 1235 λιμῷ
2755 1164 3147 1236 διαφθαρῆναι.
3174 1167 3241 1220 Τι
3296 1163 3411 1234 οὖν,
3449 1167 3513 1223 ἂν
3549 1169 3773 1241 θαρῤὦν

2189 1254 2416 1317 ἐκεῖνος,
2447 1255 2671 1325 ὅτι,ὲγὼ
2688 1257 2875 1331 τρέφω
2899 1258 3084 1325 αὑτὸν,
3112 1260 3348 1329 ἐπιμένῃ
3383 1259 3608 1329 ἀργῶν;
3645 1261 3795 1331 Ἄρ(

2189 1348 2277 1398 κεί
2300 1362 2383 1397 σοι
2421 1346 2482 1401 τὸ
2531 1347 2846 1402 στέλλεσθαι
2891 1347 2991 1401 ἀπ’
3013 1347 3203 1415 αὑτοῦ,
3235 1348 3330 1401 καὶ
3373 1348 3449 1418 μὴ
3493 1348 3774 1417 μεταδιδό-

2189 1455 2277 1489 ναι
2300 1438 2450 1509 αὐτῷ
2471 1438 2810 1511 παρρησίαν,
2838 1438 3162 1493 ὲνδεικνύων
3191 1439 3275 1492 ὅτι
3297 1438 3516 1511 ὀργίζῃ.
3564 1440 3689 1495 Ἐὰν
3710 1441 3770 1493 δὲ

2192 1528 2328 1598 μηδὲ
2356 1527 2506 1583 οὕτω
2527 1529 2842 1600 διορθῶται,
2877 1528 3015 1583 ἀλλά
3048 1530 3112 1582 σὺ
3142 1528 3220 1601 μὴ
3244 1531 3586 1603 ἑκκακήσῃς,
3609 1531 3767 1603 φησὶ,

2187 1619 2496 1671 καλοποιῶν
2535 1620 2719 1675 αὐτόν.

2255 1710 2322 1763 El
2350 1710 2417 1764 δέ
2442 1728 2531 1777 τις
2552 1712 2666 1781 οὐχ
2695 1712 2987 1768 ὑπακούει
3021 1711 3101 1780 τῷ
3126 1715 3288 1784 λόγῳ
3309 1712 3494 1782 ὑμῶν.
3528 1711 3626 1766 διὰ
3659 1713 3771 1781 τῆς

2201 1800 2565 1869 Ἐπιστολῆς
2601 1801 2819 1857 τοῦτον
2852 1803 3238 1875 σημειοῦσθε.
3301 1804 3458 1867 Τινὲς
3498 1803 3618 1873 μὲν,
3684 1802 3768 1868 Τῷ

2186 1894 2348 1961 λό;ῳ
2378 1893 2568 1963 ἡμῶν,
2604 1893 2940 1962 ἀνέγνωσαν,
2985 1896 3075 1950 διὰ
3106 1895 3200 1950 τοῦ
3240 1913 3300 1966 η.
3349 1896 3513 1949 Ὅθεν
3551 1897 3644 1950 καὶ
3674 1895 3767 1949 οὔ.

2186 2001 2294 2045 τως
2318 1987 2546 2056 ἐνόησαν
2563 2002 2583 2029 ·.
2613 1987 2676 2039 El
2701 1987 2757 2040 δέ
2793 2005 2882 2052 τις
2919 1988 3016 2057 οὐχ
3045 1988 3311 2041 ὑπακούει
3357 1987 3600 2059 τῷλόγῳ
3627 1985 3764 2057 ἐμοῦ

2185 2076 2281 2130 τοῦ
2313 2078 2548 2147 Παύλου,
2586 2079 2664 2149 τῷ
2722 2079 2812 2132 διὰ
2847 2081 2944 2150 τῆς
2987 2079 3312 2150 Ἐπιστολῆς
3351 2079 3556 2149 ταύτης
3603 2078 3765 2131 οἱονεὶ

2187 2167 2461 2235 λαλοῦντι,
2491 2167 2682 2222 τοῦτον
2716 2170 3073 2240 σημειοῦσθε.
3123 2173 3217 2225 καὶ
3254 2171 3408 2242 ἔχετε
3438 2170 3514 2234 ὡς
3561 2171 3770 2242 ἀφωρι-

2189 2264 2409 2334 σμένον.
2453 2265 2513 2316 '0
2546 2263 2603 2318 δὲ
2641 2265 2909 2335 μακάριος
2946 2265 3222 2334 Ἰωάννης,
3285 2263 3487 2335 ’Υμῶν,
3534 2265 3767 2332 ἀνέγνω,

2186 2355 2275 2409 διὰ
2309 2356 2404 2408 τοῦ
2441 2375 2492 2419 υ,
2518 2356 2611 2411 καὶ
2642 2358 2845 2411 ἔδωκεν
2866 2359 3001 2428 ἡμῖν
3027 2360 3188 2417 νοεῖν.
3215 2358 3299 2410 ὅτι
3331 2357 3397 2410 Εῐ
3421 2374 3507 2419 τις
3543 2358 3587 2388 ⁸³
3610 2357 3769 2411 ἀπει-

2187 2448 2271 2503 θεῖ
2303 2450 2455 2515 ὑμῖν,
2487 2450 2707 2519 λέγουσι
2739 2450 2876 2521 πρὸς
2901 2448 3066 2504 αὐτὸν
3094 2449 3131 2503 ἀ
3176 2448 3266 2501 διὰ
3308 2447 3406 2518 τῆς
3429 2448 3567 2519 ἐμῆς
3607 2450 3767 2503 Ἑπι-

2189 2543 2386 2613 stoici};
2432 2543 2638 2613 ταύτης
2665 2542 2919 2613 ἐμάθετε.

2259 2632 2367 2686 Kal
2408 2632 2497 2702 μὴ
2545 2632 3082 2702 συναναμίγνιυθε
3116 2630 3299 2696 αὐτῷ,
3346 2630 3445 2683 ἵνα
3477 2629 3763 2698 ἐντραπῇ.

2202 2725 2388 2797 Ὁρᾷς,
2421 2726 2502 2789 τίς
2530 2727 2562 2797 ὴ
2596 2725 2834 2796 ὠφέλεια
2864 2723 2955 2778 τοῦ
2988 2719 3128 2777 εἶναι
3148 2724 3314 2777 αὑτὸν
3353 2723 3762 2794 ἀφωρισμένονς

2188 2819 2262 2871 Τὸ
2295 2817 2652 2888 ἑντραπῆναι.
2710 2817 2772 2869 El
2818 2815 2927 2889 γὰρ
2981 2815 3077 2869 καὶ
3114 2815 3174 2869 τὸ
3222 2815 3410 2879 ἁπλῶς
3446 2815 3764 2885 λαμϐάνειν,

2186 2909 2448 2981 αἰσχύνης
2478 2909 2659 2974 ἀξιονθ
2693 2907 2845 2979 πόσῳ
2898 2906 3123 2978 μᾶλλον,
3184 2906 3314 2959 ὅταν
3372 2906 3465 2958 καὶ
3501 2906 3638 2975 μετὰ
3665 2904 3762 2958 τοῦ

2189 3003 2503 3056 στέλλεσθαι
2534 3001 2897 3072 παρέσχοιενς
2931 2998 3159 3068 Μεγάλη
3183 2998 3291 3068 γάρ
3328 2997 3547 3059 κόλασις
3573 3000 3599 3050 ό
3624 2999 3761 3065 ἀφο-

2191 3096 2385 3167 ρισμδς
2405 3095 2579 3148 ἐδόκει
2604 3095 2791 3147 πάλαι·
2816 3092 2930 3146 ἀλλ’
2953 3092 3076 3162 οὐχὶ
3097 3090 3215 3145 νῦν.
3234 3090 3298 3144 Εἰ
3328 3091 3436 3161 γὰρ
3456 3089 3547 3143 τοῦ
3573 3088 3757 3155 ἁπλῶς

507 3148 681 3206 deris.
715 3152 769 3207 Si
798 3156 943 3209 enim
972 3158 1293 3227 simpliciter
1322 3165 1390 3219 ab
1413 3164 1587 3220 otioso
1619 3170 1890 3237 segregari
1918 3148 2080 3240 opor-

2198 3148 2489 3259 ἀργοῦντος
2510 3184 2842 3256 χωρίζεσθαι
2874 3182 2999 3245 ἔδει,
3020 3148 3184 3254 ’πόσῳ
3211 3148 3416 3252 μᾶλλον
3437 3179 3546 3234 τῶν
3562 3179 3758 3246 ἀλλων;

512 3243 678 3310 lebat,
721 3258 925 3317 quanto
962 3253 1134 3323 magis
1166 3254 1235 3310 ab
1264 3255 1428 3311 aliis?

591 3339 756 3395 Vens.
786 3342 875 3397 l5.
909 3341 975 3398 Et
1017 3346 1180 3400 nolite
1237 3350 1390 3417 quasi
1424 3353 1705 3406 inimicam
1763 3355 2086 3420 existimare,

516 3434 609 3486 sed
649 3436 927 3493 admonete
976 3451 1029 3492 ut
1084 3439 1330 3509 fratrem.
1390 3444 1621 3501 Perinde
1650 3462 1713 3501 ac
1745 3462 1869 3503 eum
1926 3464 2089 3519 supra

512 3524 761 3590 dixisset,
786 3527 885 3594 Qui
913 3544 1019 3585 non
1047 3543 1332 3601 aperatur,
1362 3550 1534 3605 neque
1562 3540 1872 3607 manducet,
1898 3543 2089 3598 metuit

506 3631 582 3673 ne
604 3618 740 3675 tales
776 3620 920 3677 fame
969 3635 1213 3693 pereant,
1248 3627 1477 3697 ideoque
1535 3631 1739 3697 intulit,
1774 3630 1880 3687 Vos
1912 3648 2087 3690 autem

504 3709 675 3764 nolite
705 3711 926 3781 deﬁcere
979 3715 1388 3786 benefacientes.
1429 3720 1582 3776 llunc
1637 3725 1703 3778 ad
1767 3727 1982 3782 modum
2034 3739 2091 3785 et

511 3814 657 3856 nunc
678 3802 888 3868 dicens.
913 3804 996 3860 Ne
1012 3810 1478 3878 commisceamini,
1500 3816 1689 3870 metuit
1706 3832 1773 3871 ne
1793 3822 1894 3873 hoc
1912 3820 2085 3888 ipsum

509 3906 636 3949 eum
660 3898 883 3953 omnino
903 3899 1278 3967 desperantem
1309 3920 1339 3958 a
1366 3892 1703 3963 fraternitate
1723 3913 2085 3969 exscinderet.

508 3982 805 4056 Propterea
827 3991 1068 4047 addidit:
1093 3992 1278 4053 Nolite
1295 3999 1447 4066 quasi
1474 3999 1743 4055 inimicum
1766 4003 2086 4072 existimare,

511 4075 608 4127 sed
646 4077 933 4135 admonete
968 4091 1024 4135 ut
1049 4081 1276 4139 fratrem
1311 4104 1327 4143 :
1373 4097 1428 4141 et
1462 4099 1749 4158 postquam
1785 4092 2088 4166 eleemosy-

506 4177 638 4219 nam
671 4166 907 4234 dederis,
940 4171 1170 4240 iniunxit
1203 4183 1263 4230 ut
1297 4179 1609 4245 admoneas,
1643 4198 1747 4236 non
1794 4196 1851 4237 ut
1896 4202 2089 4254 exproo

510 4256 661 4325 bres,
696 4270 754 4314 ut
792 4271 855 4319 et
881 4264 1063 4321 animo
1090 4278 1147 4323 et
1199 4285 1428 4340 corpore
1478 4274 1799 4332 beneﬁcium
1837 4279 1889 4332 in
1939 4280 2087 4335 illmn

511 4350 841 4413 conferatur.
878 4356 979 4422 Qui
1013 4357 1237 4416 fratrem
1268 4363 1545 4430 admonet,
1602 4384 1708 4424 non
1736 4370 1949 4439 publice
1980 4382 2090 4429 tra-

511 4440 662 4497 ducit
690 4444 962 4513 injuriam,
993 4451 1088 4504 sed
1122 4453 1373 4520 privatim
1406 4456 1508 4511 hoc
1554 4459 1708 4524 facit,
1770 4463 1932 4531 idque
1962 4480 2084 4519 cum

2261 3362 2371 3418 Καὶ
2400 3361 2486 3432 μὴ
2534 3363 2615 3428 ὡς
2668 3360 2891 3430 ἐχθρὸν
2933 3358 3198 3428 ἡγεῖσθε,
3238 3357 3401 3411 ἀλ.ιά
3430 3355 3764 3410 νουθετεῖτε

2189 3456 2269 3522 ὠς
2310 3454 2596 3524 ἀδελφόν.
2621 3453 2831 3523 Ὠσπερ
2862 3450 2973 3504 ἄνω
2998 3449 3190 3514 εἰπὼν,
3221 3449 3305 3503 ὅτι
3344 3449 3403 3501 ’0
3430 3448 3506 3519 μὴ
3535 3446 3765 3516 ἐργαζό-

2194 3562 2372 3616 μενος,
2407 3544 2540 3614 μηδὲ
2578 3543 2831 3606 ὲσθίετω,
2854 3540 3025 3594 ἔδεισε
3048 3540 3242 3611 μήπως
3279 3539 3423 3608 λιμῷ
3455 3538 3762 3591 ἀπόλωνται

2190 3639 2237 3691 οἱ
2258 3636 2516 3698 τοιοῦτοι,
2547 3633 2640 3688 καὶ
2664 3633 2979 3701 ἐπήγαγεν·
3022 3629 3211 3700 Ὑμεῖς
3250 3628 3319 3682 δὲ
3361 3626 3448 3697 μὴ
3496 3626 3760 3697 ἑκκακή-

2190 3746 2339 3797 σητε
2369 3726 2856 3790 καλοποιοῦντες.
2903 3723 3062 3777 Οῦτω
3107 3721 3203 3774 νῦν
3245 3721 3416 3774 εἰπὼν
3439 3763 3454 3786 ,
3484 3720 3766 3787 Μὴοσυνο

2189 3822 2622 3891 αναμίτνυσθε,
2645 3817 2908 3889 ἐφοϐήθη,
2938 3815 3013 3887 μὴ
3041 3815 3201 3868 τοῦτο
3224 3814 3354 3867 αὐτὸ
3379 3813 3585 3885 ἐκκόψῃ
3602 3813 3769 3867 αὑτὸν

2191 3911 2471 3973 παντελῶς
2495 3912 2591 3980 τῆς
2626 3908 2987 3976 ἁδελφότητος
3017 3905 3347 3973 ἀπογνόντα.
3400 3903 3494 3956 Διο
3522 3904 3615 3956 καὶ
3668 3904 3764 3955 s7:-

2190 4006 2396 4073 ἤγαγε·
2423 4001 2521 4068 Μὴ
2538 4000 2619 4066 ὡς
2647 3997 2868 4070 ἐχθρὸν
2893 3996 3158 4067 ᾐτεῖσθε,
3186 3995 3325 4049 ἀλλά
3355 3994 3657 4050 νουθετεῖτε
3684 3993 3767 4058 ὡς

2189 4094 2418 4165 ἀδελφόν
2437 4110 2452 4127 ·
2475 4094 2571 4146 καὶ
2597 4092 2736 4163 μετά
2764 4090 2825 4144 ea
2854 4091 3061 4157 δοῦναι,
3105 4089 3381 4143 νουθετεῖν
3408 4086 3764 4158 προτέταξεν,

2190 4192 2290 4245 οὐκ
2309 4187 2612 4253 ὀνειδίζειν,
2638 4187 2712 4251 ὡς
2741 4185 2809 4240 ἂν
2853 4184 2947 4239 καὶ
2991 4183 3137 4254 ψυχῇ
3168 4184 3264 4237 καὶ
3298 4182 3511 4253 σώματι
3542 4182 3768 4252 εὐεργε-

2189 4284 2373 4354 τῆται.
2421 4282 2480 4335 Ὁ
2537 4280 2769 4348 ἀδελφὺν
2813 4275 3105 4340 νουθετῶν,
3137 4276 3238 4329 οὐκ
3290 4273 3635 4342 ὲκποςιπεύει
3666 4273 3767 4343 τὴν

2192 4376 2371 4447 ὓϐριν,
2422 4373 2540 4429 ἀλλ’
2569 4373 2678 4444 ἰδίᾳ
2704 4374 2865 4426 τοῦτο
2925 4371 3073 4424 ποιεῖ
3104 4369 3199 4423 καὶ
3233 4365 3373 4436 μετά
3407 4363 3761 4435 προσηνείας.

2204 4468 2511 4537 ’Δλγῶμεν,
2548 4466 2737 4536 φησὶν,
2768 4463 2868 4534 οὐχ
2891 4463 2974 4516 ὅτι
3013 4460 3267 4531 διδόαμεν
3313 4457 3592 4528 ἀργοῦντι,
3647 4456 3765 4509 ἀλλ’

513 4535 946 4594 mansuetudine.
974 4538 1158 4595 Doleat
1189 4544 1378 4610 nobis,
1412 4546 1604 4615 inquit,
1626 4562 1734 4602 non
1760 4552 1887 4619 quia
1912 4553 2088 4609 otioso

2198 4560 2274 4613 ὅτι
2297 4531 2626 4627 παρασαίνει
2661 4554 2754 4607 τὸν
2782 4551 2946 4623 νόμον
2978 4549 3075 4603 τοῦ
3102 4548 3263 4613 Θεοῦ,
3319 4548 3414 4600 καὶ
3443 4545 3517 4605 ὡς
3559 4545 3653 4597 ἐπὶ
3676 4560 3765 4597 νο-

514 4628 874 4696 impertimus,
906 4634 1147 4701 sedequia
1186 4639 1588 4706 transgreditur
1637 4640 1805 4711 legem
1866 4644 1980 4710 Dei,
2029 4661 2088 4701 ac

2198 4647 2374 4701 σοῦντι
2398 4642 2707 4713 πενθῶμεν.
2759 4641 3133 4694 ’Δκουὲτωσαν
3160 4640 3209 4691 οἱ
3238 4638 3300 4690 οὐ
3332 4636 3490 4705 μόνον
3507 4633 3763 4695 διδόντες,

513 4719 676 4772 veluti
707 4737 803 4790 pro
831 4735 1035 4790 aegroto
1058 4726 1357 4797 lugeamus.
1385 4732 1621 4788 Audinnt
1652 4734 1831 4803 itaque
1856 4738 1948 4807 qui
1981 4754 2089 4794 non

510 4810 686 4887 solum
718 4829 823 4866 non
871 4815 1188 4891 impertiunt
1246 4820 1471 4890 aliquid,
1509 4827 1861 4882 verumetiam
1892 4839 2090 4885 contu-

512 4898 669 4952 melia
700 4899 963 4972 alliciunt,
998 4916 1159 4976 atque
1198 4908 1463 4978 lapidibus
1513 4923 1722 4982 petunt.
1762 4915 1989 4988 Propter
2037 4929 2089 4976 te

512 4994 767 5060 pauperie
799 4993 1073 5069 amigitur,
1135 5011 1193 5056 ut
1257 5012 1311 5056 tu
1368 5019 1466 5071 per
1519 5006 1862 5066 clementiam
1920 5022 2091 5079 tuam,

2190 4739 2330 4793 ἀλλὰ
2357 4736 2457 4791 καὶ
2488 4734 2972 4807 προσυΰρίζοντες,
3004 4731 3100 4785 καὶ
3129 4729 3296 4791 λίθοις
3327 4727 3633 4797 βάλλοντες.
3666 4726 3768 4779 Διὰ

2193 4831 2253 4885 at
2277 4830 2527 4894 πένεται,
2574 4828 2663 4880 ἵνα
2714 4828 2779 4879 σὺ
2818 4825 2947 4896 ἔχῃς
2988 4821 3328 4895 θεραπεῦσαι
3375 4821 3444 4874 τὰ
3472 4816 3767 4890 τραύματά

2192 4940 2287 4977 σου
2312 4922 2401 4977 διὰ
2429 4921 2531 4991 τῆς
2553 4921 2633 4982 εἰς
2662 4916 2830 4971 αὐτὸν
2854 4915 3283 4986 φιλανθρωπίας,
3318 4915 3414 4967 καὶ
3440 4912 3506 4965 σὺ
3534 4909 3643 4964 τῶν
3673 4908 3767 4962 διὰ

2192 5015 2254 5068 σὲ
2277 5014 2576 5083 πενόμενον
2598 5009 2958 5070 ἀπελαύνειςς
2982 5008 3160 5075 Πόσης
3185 5005 3544 5074 ἀναισθησίας
3569 5002 3761 5057 ταῦταε

510 5097 674 5163 quam
709 5087 782 5143 illi
814 5091 1063 5153 exhibes,
1115 5093 1335 5149 vulnera
1397 5106 1486 5150 tua
1519 5111 1715 5155 curare
1779 5103 1956 5170 possis
1990 5113 2088 5159 :tn
2128 5121 2260 5161 vero
2290 5120 2415 5161 eum
2443 5103 2537 5174 qui
2573 5102 2648 5155 tui
2677 5116 2841 5156 causa
2910 5099 3066 5167 inups
3115 5109 3219 5162 εει,
3267 5093 3524 5165 “Pelliti?
3581 5095 3766 5162 0⁸³³1⁵⁸

512 5189 634 5229 sunt
667 5178 766 5233 ista
794 5181 1147 5251 smpiditatisl

589 5270 754 5327 \‘Ens.
784 5272 873 5328 l6.
907 5274 1028 5343 Ipse
1063 5294 1178 5332 vero
1207 5280 1345 5337 Deus
1386 5282 1530 5347 pacis
1558 5282 1645 5338 det
1703 5285 1843 5340 vobis
1901 5302 2082 5355 pacem

511 5375 713 5427 semper
730 5363 875 5416 omni
894 5366 1069 5420 modo.
1094 5366 1307 5436 Ubique
1331 5381 1454 5438 post
1477 5371 1882 5427 exhortationes
1898 5389 2087 5444 preca-

514 5450 711 5507 tionem
750 5455 921 5522 ponit,
959 5458 1123 5512 veluti
1176 5459 1352 5530 sigilla
1384 5462 1626 5531 quaedam
1659 5474 1715 5518 et
1746 5463 2087 5533 obsignatio-

515 5557 611 5596 nes
647 5548 1008 5613 rcpositarum
1074 5566 1254 5605 rerum
1305 5554 1580 5610 orationes
1636 5555 1925 5625 adjiciens.
1988 5555 2088 5612 Hic

1785 5688 1978 5752 Varia:
2008 5688 2334 5752 lectiones.

592 5805 635 5836 ¹²
664 5806 711 5858 εί
745 5804 801 5859 δέ
828 5823 909 5869 τις
940 5823 990 5861 o.

2263 5283 2456 5347 Αὐτὸς
2488 5280 2557 5334 δὲ
2577 5283 2610 5334 ὁ
2642 5279 2787 5346 Θεὸς
2808 5277 2918 5344 τῆς
2941 5275 3186 5344 εἰρήνης
3212 5273 3331 5341 δῴη
3372 5273 3516 5343 ὑμῖν
3540 5274 3658 5342 τὴν
3689 5281 3771 5331 ει-

2186 5374 2388 5445 primae
2425 5372 2750 5437 διαπαντὸς
2776 5369 3040 5424 eruas-ti
3072 5371 3287 5436 τρόπῳ.
3323 5366 3601 5437 Πανταχοῦ
3635 5369 3773 5437 μετά

2194 5469 2293 5531 τὰς
2339 5465 2693 5537 παραινέσεις
2746 5463 2845 5525 τὰς
2894 5459 3060 5531 εὐχὰς
3104 5459 3340 5530 τίθησιν,
3394 5458 3585 5531 ὥσπερ
3619 5458 3770 5520 τινὰς

2200 5557 2505 5628 σφραγῖδας
2536 5556 2629 5610 καὶ
2677 5554 2964 5624 σήμαντρα
3003 5550 3114 5603 τῶν
3139 5548 3770 5619 ἀποτεθησαυρισμένων
