3994 6560
275 397 412 461 1357

1015 397 1417 457 exrosmo
1455 360 1533 458 1N
1569 397 1808 457 EPiST.
1847 395 1902 454 ιι
1940 399 2040 457 AD
2079 399 2338 462 TiIESS.
2372 427 2438 438 —
2463 403 2618 464 CAP.
2663 402 2774 463 III.

3390 397 3523 463 i358

275 510 543 573 ἐπιτιθεὶς
570 509 668 572 τὰς
708 508 895 579 εὐχάς.
936 509 1044 560 Καὶ
1069 507 1305 561 ἐνταῦθα
1338 506 1453 572 οῦν,
1485 507 1675 579 ἐπειδὴ
1708 505 1851 568 εἰκδις

1963 509 2142 578 igitur,
2178 515 2298 580 quia
2327 512 2616 566 verisimile
2649 522 2766 567 erat
2819 527 3024 583 pugnas
3067 510 3197 565 oriri
3229 511 3295 564 ab
3326 510 3523 582 lmjusa-

277 601 458 672 μάχας
519 599 764 668 γίνεσθαι
821 599 928 652 ἀπὸ
986 598 1094 651 τῶν
1125 597 1382 652 τοιούτων
1409 597 1696 668 ἀφορμῶν,
1736 597 1846 649 τῶν

281 694 378 762 μὲν
432 690 842 762 ἁφοριζομένων
902 689 1257 761 τραχυτέρων
1288 688 1612 759 γινομένων,
1645 688 1755 741 τῶν
1788 687 1846 741 δὲ

273 781 506 848 ἐχόντων
529 779 715 832 οὐκέτι
738 780 853 839 τοῖς
884 778 1150 841 τοιούτοις
1177 777 1428 830 διδόντων
1461 775 1844 848 εύπροθύμωςο

273 873 501 932 εἰκότως
523 871 749 940 εἰρήνην
790 869 975 932 αὐτοῖς
1013 867 1330 937 ἐπεύχεται,
1354 867 1452 922 καὶ
1495 868 1840 932 διαπαντός.

273 961 446 1014 Τοῦτο
475 961 586 1032 γάρ
631 962 748 1013 ἐστι
793 959 854 1013 τὸ
884 959 1239 1030 ζητούμενον,
1273 959 1414 1012 ὥστε
1455 961 1540 1012 ἀεὶ
1576 959 1721 1028 ἔχειν
1755 958 1848 1011 αύ-

274 1055 374 1123 τήν
406 1069 418 1081 ·
471 1053 605 1106 ἀλλὰ
636 1053 727 1104 καὶ
773 1051 843 1104 ἐν
895 1049 1072 1104 παντὶ
1107 1051 1322 1117 τρόπῳ,
1354 1050 1494 1103 ὥστε
1537 1049 1846 1120 μηδαμόθεν

275 1145 419 1213 ἔχειν
458 1143 794 1212 φιλονεικίας
829 1141 1124 1211 πρόφασιν,
1161 1141 1296 1211 μήτε
1327 1141 1436 1196 ἀπὸ
1490 1139 1672 1208 λόγου,
1703 1141 1844 1210 μήτε

276 1234 382 1286 ἀπὸ
409 1233 597 1300 ἔργου.
628 1230 784 1286 Οὕτω
815 1231 949 1301 γὰρ,
976 1231 1162 1299 φησὶν,
1185 1231 1246 1282 ού
1281 1231 1535 1300 χαλεπῶς
1586 1230 1629 1261 ¹³
1659 1229 1844 1281 κάκεί-

277 1341 401 1386 νους
440 1323 778 1392 βελτιώσετε.
804 1323 968 1376 Ούδέν
1001 1321 1109 1392 γὰρ
1149 1321 1293 1374 ο⁶ύτω
1324 1321 1690 1392 συμόέιλλεται
1713 1320 1847 1390 πρὶς

277 1417 336 1468 τὸ
367 1415 667 1486 κατορθοῦν
697 1415 731 1468 ἃ
759 1415 1086 1485 βουλόμεθα,
1115 1413 1189 1476 ὠς
1212 1414 1271 1467 τὸ
1309 1415 1581 1482 εἰρηναίον
1608 1413 1699 1464 καὶ
1725 1411 1848 1465 ἀτά-

275 1525 465 1580 ραχον,
487 1507 581 1561 καὶ
609 1507 670 1560 τὸ
701 1507 776 1578 μὴ
806 1507 942 1586 μετά
973 1505 1274 1576 ἀπεχθείας
1307 1503 1485 1558 δοκεῖν
1525 1503 1808 1571 ἐπιτιμᾷν.

351 1683 410 1736 '0
438 1684 649 1751 Κύριος
679 1683 824 1750 μετὰ
851 1680 1093 1734 πάντων
1130 1678 1318 1748 ὑμῶν.
1356 1679 1528 1732 Τοῦτο
1558 1679 1650 1730 καὶ
1677 1678 1706 1730 ό
1732 1677 1846 1730 Κύ-

278 1793 393 1846 ριος
427 1773 794 1843 ἐπηγγείλατο
815 1789 830 1803 ’
889 1771 1046 1824 Ἰδοὺ
1080 1768 1196 1838 ἐγὼ
1222 1772 1350 1838 μεθ’
1375 1768 1542 1838 ὑμῶν
1575 1771 1692 1838 ειμι
1744 1767 1847 1822 πά-

1957 599 2096 652 modi
2128 599 2524 664 occasionibus,
2560 615 2680 654 cum
2701 599 2735 653 ii
2756 600 2844 667 qui
2868 607 3206 668 separantur,
3226 599 3528 666 asperiores

1956 690 2275 756 redduntur,
2303 690 2774 760 opulentioresque
2803 706 2908 745 non
2941 689 3196 743 alacriter
3221 687 3523 743 istiusmodi

1952 779 2088 832 viris
2117 779 2452 850 impertiunt,
2485 780 2625 833 haud
2659 781 2928 834 immerito
2955 794 3143 849 pacem
3173 779 3251 833 eis
3278 787 3518 846 emptat,

1952 887 2166 940 eamque
2195 888 2414 939 semper.
2480 870 2596 926 Hoc
2646 872 2790 926 enim
2847 880 2926 926 est
2985 871 3126 940 quod
3187 868 3404 939 quaerit,
3464 875 3522 920 ut

1951 975 2162 1030 semper
2190 962 2356 1030 ipsam
2393 960 2625 1015 habeant
2652 977 2664 1014 :
2700 970 2860 1028 atque
2891 961 3024 1015 adeo
3053 961 3192 1012 omni
3222 961 3400 1022 modo,
3463 968 3525 1012 ut

1953 1053 2098 1106 nulla
2127 1069 2188 1106 cx
2228 1062 2378 1122 parte
2405 1053 2770 1109 contentionis
2800 1053 2877 1107 eis
2909 1054 3122 1107 occasio
3167 1052 3520 1122 relinquatur,

1952 1159 2126 1214 neque
2153 1158 2216 1198 ex
2259 1145 2444 1210 verbo,
2505 1158 2760 1214 nequeex
2817 1157 2999 1211 opere.
3061 1142 3152 1199 Sic
3211 1144 3354 1198 enim
3408 1141 3522 1207 fiet,

1955 1232 2148 1300 inquit,
2180 1242 2235 1285 ut
2259 1232 2392 1287 citra
2429 1232 2791 1288 difﬁcultatem
2817 1233 2938 1287 illos
2960 1233 3027 1287 ad
3054 1232 3334 1287 rectiorem
3355 1233 3519 1284 vitam

1955 1324 2237 1377 rcvocetis.
2267 1322 2408 1377 Nihil
2439 1323 2580 1378 enim
2617 1333 2724 1377 tam
2757 1323 2886 1378 utile
2929 1323 2993 1376 ad
3041 1323 3430 1392 perliciendum
3461 1334 3522 1373 ea

1960 1430 2080 1484 qua:
2121 1415 2388 1481 volumus,
2421 1431 2581 1486 quam
2643 1417 2922 1484 pacificum
2977 1430 3116 1478 esse,
3153 1429 3356 1469 necnon
3409 1421 3526 1466 tur-

1956 1506 2174 1560 batione
2208 1522 2421 1572 vacare,
2465 1522 2637 1574 neque
2681 1521 2745 1560 cx
2795 1508 2919 1560 odio
2971 1505 3140 1560 videri
3200 1515 3524 1572 quemquam

1955 1601 2263 1670 obiurgare.

2030 1690 2284 1744 Dominus
2313 1705 2430 1742 cum
2460 1688 2698 1742 omnibus
2736 1687 2896 1741 vobis.
2940 1684 3050 1739 Hoc
3089 1684 3232 1739 enim
3274 1683 3528 1737 Dominus

1957 1781 2199 1851 promisit
2225 1798 2239 1833 :
2273 1780 2404 1834 Ecce
2457 1796 2550 1850 ego
2577 1780 2838 1833 vobiscum
2879 1793 2994 1830 sum
3017 1777 3252 1830 omnibus
3271 1775 3452 1828 diebus
3473 1782 3526 1832 1,

277 1884 393 1934 (τας
423 1868 530 1931 τὰς
561 1865 807 1934 ἡμέρας.
871 1863 997 1915 Ἐὰν
1019 1855 1175 1926 οὗτος
1203 1861 1314 1933 εἴη,
1346 1860 1500 1930 φησὶ,
1548 1861 1666 1932 μεθ’
1692 1861 1844 1930 ὑμῶν

1963 1872 2008 1927 5i
2060 1871 2183 1934 istc,
2244 1870 2435 1939 inquit,
2498 1884 2618 1922 cum
2675 1867 2928 1922 omnibus
2989 1868 3139 1921 vobis
3196 1866 3356 1918 inerit
3417 1874 3525 1918 tam

277 1962 517 2020 πάντων,
578 1956 688 2010 τῶν
743 1972 800 2008 τε
853 1952 1164 2026 ἀργούντων
1217 1952 1443 2021 δηλαδὴ.
1501 1949 1734 2003 καὶτῶν
1767 1949 1843 2022 μὴ

276 2052 556 2115 τοιούτων,
609 2049 788 2101 πάντα
831 2049 898 2100 τά
933 2045 1113 2116 ἀγαθὰ
1140 2044 1314 2099 ἔσται.
1340 2042 1478 2106 Τούς
1504 2060 1561 2096 τε
1595 2043 1704 2112 γὰρ
1741 2043 1843 2111 ἀρ-

275 2143 506 2211 γοῦντας
555 2143 784 2208 ἰάσεται,
841 2144 931 2196 καὶ
981 2141 1108 2202 τοὺς
1162 2136 1564 2208 ἐργαζομένους
1621 2136 1847 2204 ἐπιστη-

277 2232 439 2303 pagg.

361 2325 421 2378 Ὀ
447 2321 772 2391 ἀσπασμὸς
809 2318 882 2389 τῇ
911 2318 1025 2389 ἐμῇ
1055 2319 1206 2388 χειρὶ
1237 2318 1501 2374 Παύλου.
1529 2315 1848 2384 Ἀσπασμὸν

277 2418 438 2470 καλεῖ
474 2416 572 2486 τὴν
617 2414 800 2486 εὐχὴν,
863 2413 1074 2474 δεικνὺς
1108 2414 1189 2466 ὅτι
1243 2411 1337 2466 καὶ¹
1364 2412 1452 2465 ὅτε
1506 2408 1847 2471 ἀσπάζεσθαι

278 2510 405 2572 ἔδει,
441 2508 579 2578 μετά
625 2507 852 2577 κέρδους
885 2505 1258 2574 πνευματικοῦ
1290 2503 1350 2556 τὸ
1383 2505 1616 2574 πρᾶγμα
1643 2497 1710 2572 ἦν
1755 2501 1849 2553 καί⁹

279 2600 468 2671 εὐχῆς,
520 2598 636 2652 ἀλλ’
661 2598 758 2666 οὑχ
781 2596 966 2659 ἁπλῶς
999 2594 1183 2665 φιλίας
1217 2594 1507 2664 σύμϐολον.

353 2776 416 2828 Ὅ
461 2777 590 2828 ἐστι
631 2773 886 2843 σημεῖον
928 2772 999 2826 ἐν
1059 2771 1227 2841 πάσῃ
1282 2767 1646 2838 Ἐπιστολῇο
1699 2770 1853 2824 οὕτω

282 2869 504 2938 γράφω.
557 2866 700 2937 Πρὸς
753 2865 917 2937 τὸμὴ
970 2862 1521 2935 παραποιεῖσθαιτάς
1563 2861 1853 2924 ἐπιστολάς

287 2977 392 3028 μου
436 2957 590 3028 παρα
633 2974 793 3010 τινων
837 2955 1169 3010 ἀπατεώνων
1213 2952 1394 3024 (τοῦτο
1423 2953 1554 3024 γὰρ,
1585 2952 1658 3015 ὡς
1681 2952 1775 3005 καὶ
1796 2953 1853 3004 ἐν

284 3054 426 3123 ἀρχῇ
459 3051 706 3120 εἴπομεν,
738 3049 954 3102 ἐποίουν
981 3047 1224 3113 πολλοὶ),
1251 3045 1383 3115 ἐγὼ,
1435 3047 1624 3114 φησὶν,
1650 3047 1857 3114 ὑποσηο

287 3145 463 3214 μαίνω
503 3146 570 3214 τῇ
619 3144 725 3213 ἐμῇ
771 3139 934 3212 χειρί.
994 3141 1090 3194 Ἐν
1121 3140 1286 3208 πάσῃ
1313 3139 1369 3192 δὲ
1415 3136 1759 3204 Ἐπιστολῇ,
1786 3139 1852 3206 τῇ

287 3236 416 3298 ἴσως
468 3234 896 3304 πεμφθησομένῃ
949 3233 1087 3302 πρὸς
1141 3231 1305 3301 ὑμᾶς,
1338 3230 1372 3302 ἢ
1404 3232 1500 3283 καὶ
1527 3227 1736 3294 ἁπλῶς,
1761 3227 1854 3282 Ἐν

283 3329 437 3398 πάσῃ
473 3329 538 3398 τῇ
569 3325 702 3398 πρὸς
729 3324 982 3388 οὕστινας
1005 3325 1228 3394 δήποτε.

367 3418 436 3472 Ἠ
483 3417 651 3485 χάρις
717 3416 823 3470 τοῦ
873 3415 1094 3484 Κυρίου
1121 3413 1290 3485 ἡμῶν
1345 3413 1551 3480 Ἰησοῦ
1599 3413 1858 3481 Χριστοῦ

278 3510 431 3580 μετὰ
456 3509 697 3562 πάντων
738 3507 923 3576 ὑμῶν,
971 3506 1180 3576 Ἀμήν.
1244 3505 1353 3558 Καὶ
1392 3504 1595 3575 ἤρξατο
1625 3504 1731 3556 ἀπὸ
1760 3503 1858 3573 τῆς

285 3602 532 3671 χάριτος,
557 3599 652 3651 καὶ
675 3598 768 3650 νῦν
793 3599 956 3652 πάλιν
979 3600 1058 3658 εἰς
1087 3596 1185 3668 τὴν
1210 3597 1374 3668 χάριν
1404 3594 1858 3666 ἁποτελευτᾷτὴν

297 3689 640 3758 Ἐπιστολὴν,
723 3688 1065 3757 ἑκατέρωθεν
1101 3689 1294 3759 ὥσπερ
1345 3691 1601 3760 μεγάλοις
1629 3691 1858 3760 τειχίοις

285 3781 718 3851 ἀσφαλιζόμενος
743 3781 811 3834 τά
834 3781 1121 3850 λεγόμενα,
1161 3783 1252 3834 καὶ
1278 3782 1568 3850 θεμελίους
1599 3783 1859 3852 ἀσφαλεῖς

285 3875 477 3935 τιθεὶς,
508 3874 601 3926 καὶ
621 3873 772 3936 τέλος
799 3872 1023 3939 ἐπάγων
1041 3872 1306 3940 ἀσφαλές.
1341 3873 1466 3925 Ἐὰν
1495 3875 1604 3944 γὰρ
1629 3875 1661 3943 ἡ
1700 3875 1859 3943 χάρις

286 3964 320 4040 ᾗ
348 3965 468 4035 μεθ’
515 3965 668 4034 ὑμῶν
701 3967 733 4034 ἡ
765 3964 822 4030 ἐξ
855 3963 1034 4034 ἀρχῆς
1073 3964 1296 4017 σώσασα
1327 3967 1498 4035 ἡμᾶς,
1551 3967 1735 4028 πασας
1758 3967 1857 4030 τὰς

285 4056 568 4118 ἀσθενείας
627 4056 783 4125 ὑμῶν
841 4055 1164 4126 παρόψεται.
1223 4056 1395 4109 Τοῦτο
1433 4059 1543 4128 γὰρ
1602 4057 1855 4127 χάριτος

287 4151 442 4204 ἔσται
464 4150 541 4210 δὲ,
576 4149 672 4202 ἐὰν
706 4147 780 4218 μὴ
829 4146 1032 4216 ταύτην
1075 4146 1325 4216 διώξητε.
1367 4147 1428 4202 Ἦ
1460 4149 1621 4218 χάρις
1648 4147 1856 4216 εὐγνώ-

200 4250 212 4259 ‘
291 4258 416 4311 μοσι
467 4239 664 4308 ψυχαῖς
729 4239 967 4302 ἐνοικεῖ,
1020 4234 1298 4306 ἁπλότητα
1351 4238 1446 4288 καὶ
1503 4235 1858 4306 φιλαδελφίαν

289 4333 562 4404 ἐχούσαις.
625 4330 839 4382 Γένοιτο
892 4327 1153 4389 τοιαύτας
1185 4329 1278 4382 καὶ
1333 4329 1492 4396 ἡμεῖς
1553 4327 1651 4391 τὰς
1682 4327 1860 4397 ψυχὰς

287 4425 522 4493 ἔχοντες,
577 4423 669 4475 καὶ
697 4419 1051 4489 φιλαδελφίαν
1100 4418 1559 4488 ἐπιδεικνύμενοι,
1593 4423 1684 4473 καὶ
1730 4420 1858 4482 τοὺς

1953 1963 2149 2019 Otiosis
2178 1964 2404 2026 scilicet,
2435 1976 2595 2030 quam
2623 1976 2728 2016 non
2752 1960 2966 2022 otiosis,
2992 1959 3174 2013 omnia
3209 1959 3348 2011 bona
3391 1971 3525 2010 con-

1957 2054 2164 2124 tingent
2210 2069 2224 2106 :
2281 2052 2472 2108 otiosis
2527 2052 2671 2107 enim
2727 2051 3048 2114 medebitur,
3111 2060 3164 2101 et
3243 2054 3529 2116 operantes

1957 2143 2213 2196 firmabit.

2027 2320 2189 2375 Vsus.
2223 2321 2308 2374 l7.
2342 2319 2610 2374 Salutatio
2650 2335 2763 2372 mea
2795 2334 2971 2372 .manu
3017 2315 3198 2370 I’nuli.
3231 2314 3530 2368 Salutatio-

1966 2428 2088 2467 nem
2115 2412 2348 2482 appcllat
2365 2412 2689 2475 orationem,
2715 2410 2956 2464 indicans
2979 2408 3119 2477 quod
3143 2423 3266 2462 cum
3293 2407 3532 2461 salutare

1957 2507 2332 2568 conveniebat,
2376 2519 2480 2559 non
2501 2506 2616 2558 sine
2650 2501 2979 2574 5561mm
3005 2499 3270 2570 Spirituali
3307 2511 3362 2554 et
3399 2513 3523 2553 ora-

1960 2600 2105 2654 tione
2135 2613 2197 2654 ea
2221 2613 2309 2652 res
2327 2606 2491 2662 esset,
2522 2606 2576 2651 et
2608 2611 2714 2650 non
2748 2594 3070 2664 simpliciter
3097 2593 3352 2646 amicitia:
3375 2607 3526 2662 sym-

1959 2691 2163 2746 bolum.

2034 2782 2186 2849 Quod
2217 2792 2291 2836 εει
2342 2781 2547 2851 signum
2584 2780 2636 2832 in
2666 2779 2810 2833 omni
2841 2777 3100 2847 Epistola,
3133 2778 3205 2828 ita
3225 2774 3414 2828 scribo.
3451 2772 3527 2826 Nc

1963 2876 2325 2945 depraventtu'
2345 2871 2584 2942 epistolae
2610 2886 2742 2925 mete
2763 2885 2791 2923 a
2809 2869 3126 2940 quibusdam
3149 2865 3533 2938 impostoribns

1964 2967 2089 3034 (hoc
2128 2966 2296 3030 enim,
2328 2965 2554 3034 perinde
2579 2979 2643 3019 ac
2676 2964 2728 3017 in
2759 2963 3027 3033 principio
3067 2962 3322 3026 diximus,
3371 2959 3535 3013 facie-

1963 3059 2090 3111 bant
2115 3055 2398 3126 plerique),
2420 3070 2540 3124 ego,
2587 3053 2783 3124 inquit,
2811 3053 3199 3122 subsignomea
3221 3066 3401 3106 manu.
3458 3047 3526 3103 In
3629 3055 3632 3059 '

1963 3149 2104 3202 omni
2133 3158 2310 3203 autem
2342 3147 2602 3217 Epistola,
2646 3161 2765 3216 qua:
2795 3145 3028 3200 fortasse
3059 3147 3123 3198 ad
3154 3161 3248 3200 vos
3273 3145 3530 3200 mittenda

1962 3249 2044 3295 est
2077 3257 2093 3297 :
2124 3239 2206 3294 vel
2235 3238 2571 3308 simpliciter,
2597 3238 2657 3292 In
2686 3237 2854 3303 omni,
2885 3237 2950 3290 ad
2975 3249 3324 3305 quoscunque
3370 3236 3533 3289 etiam

1960 3331 2122 3384 missa
2164 3330 2348 3384 fuerit.

2027 3418 2194 3473 Vens.
2227 3417 2314 3472 l8.
2351 3415 2534 3471 Gratia
2567 3416 2780 3470 Domini
2809 3415 2975 3469 nostri
3006 3415 3132 3469 Jesu
3161 3413 3359 3469 Christi
3406 3428 3524 3466 cum

1958 3510 2200 3564 omnibus
2231 3509 2391 3563 vobis.
2426 3507 2607 3560 Amen.
2640 3505 2706 3559 Et
2744 3523 2773 3559 a
2817 3507 2989 3573 gratia
3030 3521 3188 3559 orsus
3221 3511 3326 3569 est,
3355 3511 3410 3557 et
3468 3503 3519 3556 in

1962 3600 2192 3670 gratiam
2253 3613 2444 3652 rursus
2507 3599 2623 3650 finit
2680 3595 3002 3665 Epistolam,
3069 3593 3324 3661 utrinque
3370 3589 3533 3646 veluti

1961 3692 2172 3758 magnis
2228 3688 2579 3744 munimentis
2635 3689 2858 3741 firmans
2903 3701 3022 3754 qua:
3081 3686 3353 3746 dicantur,
3409 3699 3530 3740 cum

1960 3786 2306 3840 fmulameuta
2329 3782 2483 3836 firma
2509 3790 2732 3850 tntaque
2751 3795 2977 3850 ponens,
3007 3789 3115 3832 tum
3137 3779 3294 3832 finem
3317 3778 3528 3831 firmum

1961 3877 2257 3931 adducens.
2279 3874 2336 3928 Si
2355 3875 2496 3927 enim
2521 3874 2694 3943 gratia
2711 3873 2986 3926 vobiscum
3013 3870 3190 3932 fuerit,
3211 3885 3329 3939 qua:
3347 3884 3375 3921 a
3393 3869 3539 3939 prin-

1960 3967 2102 4036 cipio
2118 3965 2350 4021 servavit
2375 3978 2492 4028 nos,
2512 3977 2698 4018 omnes
2723 3960 3066 4015 infirmitates
3085 3967 3290 4014 vestras
3312 3971 3536 4026 praeter.

1961 4058 2184 4112 mittet:
2228 4058 2332 4112 hoc
2359 4055 2504 4110 enim
2534 4064 2617 4109 est
2645 4052 2855 4124 gratiae.
2909 4051 3028 4106 Erit
3075 4059 3274 4114 autem,
3327 4049 3372 4103 si
3413 4062 3533 4103 eam

1959 4165 2066 4204 non
2089 4148 2374 4219 expellitis.
2411 4145 2596 4201 Gratia
2620 4145 2737 4214 pias
2775 4151 2985 4198 mentes
3011 4142 3217 4206 incolit,
3275 4139 3538 4209 simplici-

1963 4252 2125 4298 tatem
2146 4252 2200 4298 et
2226 4241 2516 4296 fraternam
2552 4239 2896 4294 dilectionem
2929 4236 3212 4290 habentes.
3241 4232 3397 4288 Faxit
3429 4234 3534 4286 ita-

1961 4352 2065 4406 que
2091 4345 2152 4390 ut
2206 4349 2308 4388 nos
2345 4331 2610 4401 ejusmodi
2663 4328 2933 4384 mentibus
2981 4325 3194 4390 imbuti,
3240 4323 3537 4378 fraternam

1966 4428 2314 4481 dilectionem
2399 4426 2854 4485 demonstrantes,
2892 4428 2944 4473 et
2989 4428 3234 4472 errantes
3288 4417 3539 4477 fortasse,

289 4511 849 4584 παρασφαλλομένους
869 4511 1052 4580 τυχὸν,
1074 4509 1148 4569 ὡς
1170 4509 1432 4577 ἀδελφοὺς
1459 4508 1851 4574 νουθετοῦντες,

1970 4529 2226 4588 tanquam
2295 4514 2490 4570 fratres
2563 4511 3127 4572 cummonefacientes,
3182 4509 3542 4574 omnibusque

289 4609 383 4660 καὶ
434 4608 566 4659 πᾶσι
625 4604 847 4674 τρόποις
901 4602 999 4674 τὴν
1034 4601 1216 4654 αὐτῶν
1245 4600 1532 4671 διόρθωσιν
1589 4600 1727 4670 μετὰ
1757 4602 1860 4668 τῆς

290 4697 426 4767 πρὸς
456 4695 655 4757 αὐτοὺς
678 4695 900 4763 εἰρήνης
923 4690 1412 4762 κατεργαζόμενοι,
1445 4691 1549 4744 ύπδ
1577 4695 1676 4761 τῆς
1705 4692 1862 4761 χάρι-

289 4807 380 4852 τος
409 4787 848 4861 φρουρηθείημεν
869 4786 963 4838 τοῦ
995 4786 1200 4856 Κυρίου
1226 4785 1382 4854 ήμῶν
1416 4783 1590 4854 Ἰησοῦ
1621 4783 1859 4854 Χριστοῦ

289 4884 384 4936 τοῦ
414 4879 858 4951 προσλαϐομένου
897 4879 1067 4946 ἡμᾶς,
1124 4878 1221 4930 καὶ
1267 4877 1716 4946 προσαγαγόντος
1778 4873 1858 4946 τῷ

295 4972 472 5043 Ila.th
509 4973 568 5025 ἐν
614 4970 754 5038 ἀγίῳ
809 4968 1122 5037 Πνεύματι·
1154 4962 1197 5036 ᾧ
1243 4968 1446 5038 πρέπει
1505 4969 1658 5020 πᾶσα
1711 4968 1862 5033 δόξα,

294 5065 449 5132 τιμὴ,
483 5063 578 5116 καὶ
609 5060 1001 5132 προσκύνησις,
1053 5059 1150 5112 νῦν
1193 5060 1288 5112 καὶ
1345 5059 1430 5111 ἀεὶ
1469 5060 1565 5111 καὶ
1612 5060 1692 5122 εἰς
1736 5060 1864 5124 τοὺς

295 5155 494 5219 αἰῶνας
517 5155 626 5207 τῶν
657 5152 890 5206 αἰώνων.
939 5151 1137 5221 ’Δμήν.

443 5272 469 5312 7
494 5264 680 5318 Matth.
707 5279 896 5327 utut,
921 5263 1012 5318 ει).

1969 4611 2140 4666 modis
2162 4611 2399 4680 ipsormn
2426 4605 2818 4660 correctionem
2849 4617 2973 4657 cum
3017 4616 3148 4669 pace
3170 4600 3488 4662 efﬁcientes,
3511 4613 3538 4650 a

1969 4703 2138 4774 gratia
2164 4699 2374 4755 Domini
2409 4697 2576 4752 nostri
2605 4696 2732 4752 Jesu
2791 4693 2991 4749 Christi
3027 4692 3418 4755 custodiamur,
3445 4692 3535 4758 qui

1970 4793 2263 4861 assumpsit
2294 4791 2425 4854 nos',
2451 4787 2810 4859 perduxitque
2849 4785 2916 4839 ad
2965 4783 3180 4839 Patrem
3234 4784 3285 4836 in
3337 4781 3538 4851 Spiritu

1973 4894 2159 4940 sancto
2185 4901 2198 4937 :
2220 4898 2376 4952 quem
2398 4883 2550 4936 decet
2569 4880 2748 4936 omnis
2772 4878 2962 4949 gloria,
2986 4879 3156 4931 honor
3205 4883 3258 4929 et
3277 4874 3540 4939 adoratio,

1974 4991 2117 5031 nunc
2138 4985 2190 5030 et
2214 4988 2448 5045 semper,
2469 4981 2522 5028 et
2549 4972 2602 5027 in
2628 4970 2825 5028 smcula
2862 4970 3206 5025 satcuiorum.
3230 4967 3427 5020 Amen.

1561 5377 1759 5437 Variae
1792 5377 2116 5447 lectiones.

367 5501 413 5536 ’3
439 5504 538 5572 οὐχ
584 5502 767 5566 ἁπλῶς
797 5516 843 5562 ο,
