1910 3077
36 191 1660 214 ._—————————4——_—___——.'—=—-_———~=-

259 281 865 351 COMMENTABIUS
912 281 989 344 IN
1039 278 1282 344 JOANN
1291 278 1394 341 ΕΜ

675 411 991 453 (ροΝτιΝυΑΤιο.)

747 518 934 526 _———

309 583 454 613 ΚΕΦΑΛ.
481 583 524 612 Η’.

35 646 77 675 Ιερὶ
97 647 145 669 τῶν
163 644 308 675 ἐρωτώντων
325 643 366 667 τὸν
381 644 476 669 Ἰησοῦν
491 643 544 673 περὶ
559 644 601 666 τοῦ
619 642 712 673 Πατρὸς
728 641 810 675 αὺτοῦ.

51 672 106 707 Περὶ
120 678 164 700 τοῦ
177 672 270 703 ’Ἰησοῦ
289 675 443 707 ἐλευθέρωσιν
465 672 735 707 ἐπαγγελλομένουτοῖς
755 672 824 707 incf

49 704 125 736 μένοις
141 707 214 737 αὐτῷ.
238 708 295 737 Περὶ
318 704 500 730 τῶνέῑποντων
519 704 560 737 ὅτι
581 705 705 735 δαιμόνιον
727 705 777 734 ἔχει
801 704 814 727 ὁ

50 738 148 767 Ἰησοῦς.
194 739 250 769 Περὶ
275 736 327 761 τῶν
352 739 505 767 πειρωμένων
534 736 658 761 Ἰουδαίων
682 736 814 759 λιθοῢολεῖν

50 770 90 794 τὸν
110 772 218 799 Ἰησοῦν,
231 770 268 792 ὁτι
283 772 318 800 τῷ
333 769 440 799 Ἀὃρααμ
454 769 592 800 προέκρινεν
607 768 687 792 αὐτὸν.

59 842 69 854 α
95 827 290 867 Ἀπεκρίθησαν
307 826 352 855 καὶ
367 821 439 855 εἷπον
452 827 532 866 αὐτῷ·
551 825 597 861 Μὴ
613 825 659 854 καὶ
673 823 705 853 σὺ
723 825 752 853 ἐκ
766 826 814 859 τ’ἤς

34 872 163 905 ἀλιλαίας
189 867 226 909 εἷς
259 871 417 911 Ἐρεύνησον
442 871 488 900 καὶ
517 870 572 906 ἴδε,
602 869 642 899 ὅτι
673 868 814 911 προφήτης

35 930 50 947 κ
65 919 110 952 τῆς
131 915 275 949 Γαλιλαίας
295 909 344 945 οὐκ
368 914 521 955 ἐγήγερται.
549 915 635 944 Πάλιν
659 909 702 942 οὖν
725 916 739 942 δ
757 913 815 949 Ἰη-

34 964 78 996 οῧς
107 961 234 997 ἐλάλησεν
261 961 364 996 αὐτοῖς,
391 959 486 999 λέγων·
515 959 589 999 Ἐγώ
622 960 677 997 εἶμι
701 958 731 988 τὸ
760 960 814 998 φῶς

34 1009 64 1035 οὖ
80 1006 188 1044 κόσμου’
204 1007 218 1034 ὁ
243 1006 391 1034 ἀκολουθῶν
417 1004 496 1042 ἐμοὶ,
518 1005 546 1033 οὗ
572 1004 610 1041 μὴ
636 1003 815 1042 περιπατήσει

35 1062 47 1079 ν
60 1053 91 1089 τῇ
110 1050 219 1090 σκοτίᾳ,
242 1051 302 1078 ἀλλ’
315 1049 365 1083 ἔξει
382 1048 412 1078 τὸ
427 1050 481 1088 φῶς
498 1050 545 1083 τῆς
566 1050 644 1083 ζωῆς.
662 1060 675 1073 ι
689 1048 743 1076 Τοῦ
769 1047 816 1075 Νι-

33 1095 136 1132 ιοδήμου
161 1093 330 1122 συνετώτατα
355 1092 415 1125 τοὺς
444 1093 612 1132 Φαρισαίους
647 1090 814 1130 ἐλέγξαντος,

34 1151 54 1170 ις
74 1138 217 1178 παράνομα
242 1136 478 1175 διαταττομένους,
509 1135 714 1174 ἐξαπορηθέντες
744 1136 816 1164 ἐκεί-

36 1195 67 1218 οι,
83 1181 277 1223 ἀγροικότερον,
294 1182 396 1219 μᾶλλον
407 1179 434 1210 δῖ
449 1181 654 1220 θηριωδέστερον
670 1180 815 1219 κέχρηνται
830 1179 853 1210 Β

69 1227 223 1266 ἀποκρίσει,
246 1226 400 1265 λέγοντες·
420 1225 466 1261 Μὴ
491 1225 536 1254 καὶ
560 1225 591 1254 σὺ
609 1227 639 1254 ἐκ
662 1227 709 1260 τῆς
734 1226 815 1254 Γαλι-

33 1270 96 1304 λαίας
121 1267 158 1307 εἷς
176 1285 188 1297 1
210 1270 295 1300 Ποίαν
319 1270 370 1310 γὰρ
393 1269 549 1300 ἀκολουθίαν
575 1269 632 1308 ἔχει
650 1272 728 1310 τοῦτο
753 1270 817 1308 πρὸς

33 1315 54 1344 ςὰ
79 1316 132 1345 ὑπὸ
148 1317 195 1345 τοῖ’)
211 1314 365 1353 Νικοδήμου
382 1313 516 1354 ῥηθέντα,
535 1314 655 1347 Ἐκεῖνος
676 1309 758 1349 εἶπεν,
778 1313 818 1343 ὅτι

33 1361 52 1388 ιῦ
76 1360 114 1388 δεῖ
140 1359 318 1394 ἀνεξετάστως
350 1359 395 1388 καὶ
421 1359 534 1398 ἀκρίτως
562 1358 748 1392 καταδικάζειν
773 1358 818 1387 τὸν

33 1403 166 1443 ίνθρωπον·
197 1404 249 1434 ἔδει
278 1403 384 1436 πάντως
415 1402 509 1436 αὐτοὺς
543 1402 608 1443 πρὸς
643 1405 720 1431 τοῦτο
755 1403 819 1431 ἄπο·

33 1449 162 1488 ιρίνασοαι
190 1447 236 1478 καὶ
260 1447 357 1484 δεῖξαι,
389 1447 430 1476 ὅτι
460 1448 507 1476 οὐκ
531 1448 644 1486 ἀκρίτως
669 1447 818 1476 καταδικά-

32 1495 96 1527 ζουσι
110 1493 154 1522 τὸν
177 1493 297 1528 Ἰησοῦν,
313 1491 374 1522 ἀλλ’
398 1491 529 1530 ἐννόμως,
552 1491 597 1521 καὶ
612 1491 672 1525 τοὺς
687 1491 819 1531 ὑπηρέτας

32 1535 146 1578 ίπεμψαν
161 1536 303 1566 συλλαϐεῖν
317 1537 396 1566 αὐτὸν
409 1560 417 1574 ,
434 1536 479 1565 καὶ
493 1536 581 1566 πάντα
605 1535 675 1565 κατὰ
691 1537 720 1566 τὸ
735 1548 819 1576 προσσ

32 1583 86 1617 ἧκον
107 1584 238 1612 ποιοῦσιν.
263 1583 298 1611 Οἱ
313 1581 340 1610 δὲ
356 1581 381 1610 τί
395 1591 479 1621 φθίσις
501 1594 513 1607 ι
532 1581 577 1616 Μὴ
602 1581 646 1610 καὶ
666 1581 698 1610 σὺ
720 1582 750 1610 ἰκ
767 1583 814 1616 τῆς

32 1626 171 1659 Γαλιλαίας
195 1621 232 1662 εἶ,
252 1638 264 1652 ι
289 1625 375 1666 ⁶ορᾷς
395 1626 443 1666 τὴν
459 1626 607 1664 ἀνοησίανς
624 1627 686 1666 δρᾷς
701 1626 730 1654 τὸ
753 1626 821 1654 ἀνα-

32 1671 149 1700 ιόλουθον
177 1673 229 1700 τῶν
266 1665 367 1709 λόγωνς
400 1665 468 1700 Εἶτα
497 1665 645 1710 ὑϐρίζοντες
664 1665 758 1699 ναῦτὸν
784 1672 820 1703 ὡς

32 1715 130 1753 ἰμαοῆ,
149 1715 241 1755 φασίν
261 1729 273 1741 ι
290 1714 440 1753 Ερεύνησον
452 1737 460 1750 ,
481 1714 528 1744 καὶ
543 1714 598 1750 ἴδε,
620 1714 660 1744 ὅτι
676 1716 814 1755 προφήτης

32 1760 53 1788 bc
67 1762 112 1796 ἧς
123 1760 269 1793 Γαλιλαίας
282 1760 329 1788 οὐκ
344 1759 493 1798 ἐγήγερται·
510 1774 520 1785 ι
532 1759 665 1788 τουτέστιν
676 1783 684 1798 ,
696 1759 817 1795 Ἀπελοε,

32 1804 106 1841 λάθε,
128 1804 219 1839 ἐπειδὴ
243 1806 306 1842 ἄχρι
333 1807 377 1832 τοῦ
391 1807 435 1832 νῦν
451 1805 499 1832 οὐκ
514 1804 627 1841 ἔμαθες,
652 1803 692 1832 ὅτι
714 1817 726 1830 ι
751 1805 823 1842 Προ-

1153 583 1274 610 CAPUT
1303 582 1376 608 VIII.

975 647 1009 669 De
1023 647 1053 668 iis
1067 647 1108 675 qui
1126 647 1254 668 Dominum
1266 645 1445 672 inlrrrogabanl
1457 644 1486 665 de
1498 643 1667 678 Ροεηλοασ.

895 675 964 700 tundo
985 679 1094 700 Christus
1109 678 1258 706 arqui-"libus
1269 684 1291 698 se
1305 678 1439 698 libertatem
1461 675 1603 703 promiserit.
1632 676 1667 697 l)e

895 711 925 731 iis
945 711 986 737 qui
1003 710 1111 731 (litabant
1126 709 1245 731 Christum
1257 709 1399 729 (Ιιτιηυηίιιιη
1420 707 1512 728 habere.
1525 707 1559 728 I):
1574 706 1668 728 Judaei:

894 742 1035 763 eri/mntiqu
1059 741 1140 763 Jrsum
1165 741 1281 768 lapidare,
1310 740 1366 767 quia
1399 746 1422 760 se
1450 738 1553 760 Abrahw
1578 740 1668 766 prolu-

897 774 969 796 liuet.

904 831 976 858 CAP.
1005 831 1066 863 VII,
1094 833 1146 862 52;
1172 829 1247 861 VIII,
1273 831 1305 855 12
1332 829 1378 860 (a).
1407 839 1419 850 «ι
1447 825 1666 862 Responderunt

868 878 895 902 et
916 875 1046 902 dixerunt
1065 874 1089 902 ei
1115 883 1121 900 2
1138 875 1211 902 Num
1227 877 1256 901 et
1275 877 1306 900 tu
1330 871 1460 900 Galilaaus
1479 871 1668 898 es?Scrutare

868 923 894 947 et
908 919 969 947 vide
993 919 1067 955 quod
1087 927 1101 946 a
1127 918 1240 946 Galilaaa
1259 917 1394 953 propheta
1417 924 1475 944 non
1505 915 1666 944 surrexerit.

869 965 973 992 lterum
1000 964 1084 999 igitur
1098 964 1138 991 eis
1164 963 1272 990 locutus
1297 966 1340 989 est
1361 963 1452 994 Jesus,
1476 960 1590 988 dicens:
1611 961 1667 994 Ego

869 1017 932 1036 sum
945 1009 990 1036 lux
1020 1008 1115 1035 mundi
1132 1017 1138 1035 :
1162 1007 1207 1042 qui
1223 1007 1346 1042 sequitur
1361 1013 1415 1039 me,
1432 1013 1487 1033 non
1511 1005 1668 1033 ambulabit

870 1053 898 1080 in
917 1052 1049 1086 tenebris,
1066 1051 1115 1079 sed
1136 1051 1248 1078 habebit
1267 1051 1361 1078 lumen
1387 1050 1460 1078 vitae.
1479 1061 1492 1074 ιο
1515 1049 1668 1077 Nicodemo

871 1096 1081 1132 prudentissime
1102 1095 1254 1124 Pharisaeos
1280 1095 1469 1129 redarguente,
1498 1097 1593 1129 utpote
1614 1092 1666 1121 ini-

872 1148 924 1177 qua
940 1145 1136 1177 ps-rpetrantes,
1153 1140 1189 1167 illi
1216 1139 1337 1175 perplexi
1352 1138 1428 1172 facti,
1454 1138 1597 1174 agrestius,
1614 1138 1669 1165 imo

868 1183 987 1213 ferocius
1013 1185 1225 1221 responderunt,
1247 1184 1368 1212 dicentes
1394 1192 1402 1211 :
1425 1195 1437 1207 σι
1454 1184 1527 1210 Num
1543 1186 1572 1210 et
1587 1187 1616 1210 tu
1636 1190 1668 1210 ex

871 1230 987 1259 Galilaaa
1009 1231 1054 1258 es?
1081 1241 1094 1254 ιο
1111 1229 1225 1265 Qualem
1247 1229 1321 1256 enim
1341 1228 1568 1264 consequentiam
1585 1227 1671 1255 habet

871 1275 924 1303 hoc
937 1275 971 1303 ad
985 1283 1016 1302 ea
1026 1283 1110 1311 quzea
1124 1274 1277 1302 Nicodemo
1287 1274 1373 1301 dicta?
1382 1273 1428 1301 Ille
1438 1273 1508 1301 dixit
1523 1272 1598 1308 quod
1613 1280 1670 1299 non

873 1323 999 1355 oporteat
1010 1320 1111 1355 absque
1126 1318 1250 1346 examine
1264 1323 1291 1346 et
1300 1317 1407 1353 judicio
1422 1317 1610 1345 condemnare
1624 1316 1672 1344 ho-

873 1364 976 1392 minem
991 1373 998 1391 :
1013 1363 1241 1400 oportebatipsos
1250 1363 1284 1390 ad
1300 1363 1352 1390 hoc
1362 1362 1527 1397 respondere
1542 1365 1569 1389 et
1583 1365 1672 1388 osten-

873 1408 938 1437 dere
950 1408 1024 1444 quod
1031 1416 1087 1436 non
1097 1408 1157 1436 sine
1165 1407 1271 1443 judicio
1281 1407 1497 1434 condemnarent
1506 1406 1612 1438 Iesum,
1624 1404 1673 1433 sed

874 1452 1005 1489 legitime,
1029 1457 1056 1480 et
1077 1453 1217 1480 ministros
1231 1451 1359 1479 miserint
1381 1451 1417 1478 ad
1437 1450 1674 1486 comprehenden-

873 1498 940 1526 dum
955 1497 1046 1530 illum,
1059 1501 1087 1525 et
1096 1497 1201 1530 omnia,
1213 1500 1243 1524 ut
1254 1496 1375 1529 decebat,
1393 1495 1515 1523 fecerint.
1531 1495 1568 1522 Hi
1581 1499 1674 1522 autem

874 1542 970 1570 dicunt
984 1551 991 1570 :
1011 1554 1023 1566 σι
1039 1544 1112 1570 Num
1123 1545 1151 1570 et
1162 1545 1192 1569 tu
1206 1549 1240 1569 ex
1253 1541 1365 1569 Galilaea
1380 1543 1427 1569 es?
1439 1540 1522 1568 Vides
1537 1539 1673 1575 insipien—

875 1587 965 1615 tiam?
987 1586 1067 1615 Vides
1085 1594 1168 1622 quam
1196 1586 1271 1613 nulla
1287 1585 1435 1613 verborum
1457 1584 1674 1621 consequentia?

875 1631 984 1660 Deinde
997 1631 1147 1667 ignominia
1163 1638 1225 1658 eum
1241 1630 1395 1658 afﬁcientes
1406 1629 1485 1665 quasi
1502 1629 1674 1664 imperitum,

875 1676 986 1705 dicunt:
1004 1687 1017 1700 σι
1031 1677 1169 1709 Scrutare,
1185 1679 1212 1702 et
1228 1674 1287 1702 vide
1300 1674 1375 1710 quod
1386 1674 1519 1710 propheta
1531 1681 1547 1702 e
1559 1673 1675 1702 Galilata

878 1729 934 1749 non
950 1721 1078 1753 surrexit,
1105 1731 1117 1744 ››
1131 1720 1183 1747 hoc
1195 1723 1246 1752 est,
1264 1719 1348 1753 Vade,
1366 1719 1449 1753 disce,
1464 1719 1529 1755 quia
1542 1727 1627 1754 usque
1642 1717 1676 1746 ad

878 1765 931 1793 hoc
951 1769 1061 1801 tempus
1075 1773 1131 1792 non
1159 1764 1287 1797 didicisti,
1303 1763 1376 1800 qnod
1392 1775 1404 1787 ι
1423 1763 1555 1800 propheta
1579 1771 1613 1791 ex
1627 1764 1677 1791 Ga~

879 1810 950 1838 Iilaaa
973 1818 1029 1837 non
1044 1809 1170 1837 surrexit.
1190 1820 1202 1833 υ
1220 1809 1286 1836 Hac
1296 1813 1387 1836 autem
1402 1807 1497 1836 dicunt
1510 1808 1679 1844 imperitiam

32 1848 110 1887 ρήτης
134 1850 165 1877 ἐκ
178 1850 226 1883 τῆς
242 1847 388 1881 Γαλιλαίας
412 1848 459 1876 οὒκ
484 1849 634 1887 ἐγήγερται.
647 1862 659 1874 ι
687 1849 732 1881 Εἰς
748 1848 817 1888 οἶμα-

897 1854 913 1881 li
932 1853 1109 1881 ascribentes.
1142 1853 1216 1888 Quid
1237 1857 1330 1880 autem
1354 1852 1425 1880 dixit
1445 1851 1630 1886 Nicodemus,
1661 1859 1679 1880 0

32 1892 82 1921 θίαν
98 1891 126 1921 δὲ
139 1891 217 1920 αὗτὸν
235 1891 446 1925 ἐπισκώπτοντες
464 1886 550 1921 ταῧτά
565 1886 640 1931 φασι.
654 1891 691 1921 Τί
707 1892 734 1920 δὲ
750 1886 822 1920 εἶπεν

32 1938 38 1965 5
52 1936 224 1974 Νικόδημος,
237 1931 259 1965 ὦ
276 1937 442 1974 Φαρισαῖοις
467 1936 514 1972 Μὴ
540 1935 592 1975 γὰρ
608 1931 692 1972 εἶπεν,
710 1936 750 1965 ὅτι
763 1948 826 1976 προ-

32 1981 111 2020 ρήτης
136 1981 206 2010 ἐστὶν
233 1982 247 2009 ὁ
267 1980 386 2016 Ἰησοῦς;
410 1975 494 2010 Εἶπεν
519 1980 559 2009 ὅτι
584 1980 691 2020 ἄκριτον
715 1982 823 2019 ἀναιρε-

32 2028 104 2061 ὶῆναι
121 2026 150 2054 οὖ
166 2025 229 2065 χρή.
250 2027 313 2058 Πῶς
333 2021 377 2054 οὖν
401 2025 447 2054 καὶ
474 2027 549 2063 ὑμεῖς
575 2028 685 2054 τοιαῦτα
710 2025 825 2061 εἰπόντι,

32 2070 109 2103 ὶῦτως
127 2070 318 2109 ἆποκρίνεσθε;
340 2068 374 2099 Ὁ
389 2070 416 2098 δὲ
439 2069 569 2109 Χριστὸς,
591 2069 681 2104 ἐπειδὴ
705 2070 759 2099 ἄνω
780 2070 826 2098 καὶ

32 2115 101 2143 sai-ro)
125 2114 174 2149 τὴν
199 2114 346 2144 Γαλιλαίαν
371 2115 442 2152 αὖτῷ
463 2114 624 2154 προέφερον,
640 2114 685 2143 καὶ
707 2117 741 2146 ὡς
764 2114 825 2154 περὶ

32 2159 81 2193 ἑνὸς
108 2161 160 2188 τῶν
185 2161 328 2199 προφητῶν
352 2159 552 2199 ἠμφισϐήτουν,
575 2158 700 2188 δεικνύων
723 2161 826 2194 αὐτοῖς,

32 2202 67 2233 "nt
82 2205 132 2244 οὐχ
156 2199 191 2236 εἷς
212 2205 268 2233 ἐστι
285 2205 339 2232 τῶν
358 2205 517 2243 προφητῶν,
542 2204 639 2243 φησὶν,
664 2204 704 2232 δτι
722 2215 736 2231 α
754 2203 827 2242 Ἐγώ

32 2249 84 2287 εἶμι
99 2251 129 2277 τὸ
147 2250 216 2288 φῶς,
237 2263 250 2275 ι
266 2249 296 2278 τὸ
306 2248 402 2288 κυρίως
417 2251 484 2289 φῶς,
500 2249 561 2288 οὐχὶ
577 2250 630 2288 φῶς
649 2248 826 2288 προφητικὸν,

32 2293 137 2332 μερικὸν
161 2293 264 2329 δηλαδὴ
289 2293 334 2322 καὶ
361 2293 458 2332 μικρὰν
475 2292 522 2328 τὴν
545 2293 647 2332 λάμψιν
663 2292 743 2332 ἔχον,
759 2293 828 2322 ἀλλὰ

32 2337 57 2366 τὸ
74 2337 197 2374 ἀληθινὸν
209 2340 279 2378 φῶς,
298 2337 357 2366 οὐδὲ
370 2338 516 2370 Γαλιλαίας
530 2336 547 2372 ἢ
566 2337 748 2372 Παλαιστίνης
759 2337 829 2377 ὅροις

32 2382 261 2422 περιοριζόμενον,
291 2382 360 2411 ἀλλὰ
399 2385 445 2411 τοῦ
473 2381 574 2420 κόσμου
601 2384 654 2422 φῶς
684 2383 754 2419 εἶμι,
783 2383 829 2412 καὶ

32 2426 140 2456 πάντων
155 2426 302 2468 ἀνθρώπων
328 2426 474 2464 δεσπότης,
501 2427 547 2456 καὶ
574 2427 636 2467 περὶ
656 2429 722 2464 ἐμοῦ
739 2428 752 2455 ὁ
764 2439 830 2466 προ-

32 2470 116 2507 φήτης
130 2472 219 2510 εἴρηκε
242 2472 287 2507 τὸ,
306 2485 318 2497 ι
334 2471 402 2501 Ἰδοὺ
417 2471 524 2501 τέθεικά
542 2483 571 2500 σε
584 2472 620 2504 εἰς
640 2473 694 2510 φῶς
707 2472 796 2501 ἐθνῶν.
816 2486 827 2497 »ο

34 2514 131 2556 Χρήσέι
147 2517 173 2544 δὲ
186 2515 255 2545 κατᾶ
279 2516 423 2556 Νεστορίου
444 2516 539 2556 καὶτῷ
552 2515 663 2556 παρόντι
687 2518 768 2556 ῥητῷ.
788 2518 829 2546 Οὖ

34 2558 87 2598 γὰρ
100 2553 188 2595 εἶπεν,
215 2560 255 2589 ὅτι
277 2562 324 2590 Ἐν
351 2553 410 2599 ἐμοὶ
434 2561 490 2590 ἔστι
511 2553 541 2590 τὶ
563 2553 616 2600 φώς
643 2553 694 2590 τοῦ.
714 2553 828 2599 κόσμου,

37 2603 97 2632 ἀλλ’
123 2617 135 2630 ι
152 2602 224 2642 Ἐγώ
241 2605 296 2642 εἰμι
315 2606 345 2634 τὸ
369 2608 423 2646 φῶς
440 2608 485 2636 τοῦ
511 2606 624 2644 κόσμου.
643 2605 726 2640 Αὐτὸς
747 2605 799 2645 γὰρ
817 2608 831 2636 ὁ

72 2688 78 2704 ¹
93 2689 144 2716 Isa.
159 2696 235 2723 XLII,
258 2691 283 2716 6.

882 1897 1025 1925 Phariszei?
1051 1899 1126 1925 Num
1149 1897 1218 1924 dixit
1243 1896 1318 1932 quod
1333 1897 1466 1932 propheta
1488 1900 1561 1924 esset
1582 1897 1679 1924 Iesus?

879 1942 956 1970 Dixit
976 1942 1050 1978 quod
1071 1941 1249 1976 injudicatum
1272 1940 1394 1969 occidere
1416 1948 1472 1968 non
1484 1941 1583 1968 liceat:
1612 1948 1679 1976 quo-

879 1987 964 2014 modo
977 1986 1058 2021 igitur
1077 1994 1125 2013 vos
1139 1986 1163 2013 ei
1189 1985 1237 2021 qui
1252 1985 1317 2013 talia
1337 1985 1418 2018 dixit,
1435 1985 1475 2013 sic
1489 1984 1680 2020 respondetis?

879 2032 917 2059 At
931 2031 1068 2064 Christus,
1093 2030 1156 2066 quia
1175 2030 1272 2058 crebro
1294 2030 1437 2058 Galilaeam
1456 2029 1481 2057 ei
1506 2029 1680 2065 objectabant

879 2080 907 2104 et
916 2075 992 2111 quasi
1006 2075 1040 2103 de
1050 2083 1105 2103 uno
1122 2074 1320 2110 prophetarum
1327 2074 1464 2108 dubitant,
1481 2073 1630 2102 ostendens
1641 2074 1680 2102 eis

879 2120 952 2155 quod
964 2122 1031 2148 non'
1042 2120 1078 2147 sit
1090 2127 1161 2147 unus
1174 2127 1208 2147 ex
1223 2119 1276 2147 illis
1291 2118 1430 2155 prophetis
1440 2138 1448 2152 ,
1471 2118 1537 2146 dicit
1551 2128 1557 2146 :
1585 2128 1599 2144 (ι
1621 2119 1678 2154 Ego

878 2173 941 2192 sum
952 2165 997 2192 lux
1015 2175 1027 2188 η
1041 2164 1150 2200 proprie
1162 2164 1219 2198 lux,
1235 2172 1290 2191 non
1308 2163 1466 2200 prophetica
1481 2170 1544 2199 quae
1561 2163 1679 2199 particu-

880 2210 965 2237 larem
980 2213 1008 2236 et
1028 2217 1143 2244 parvum
1159 2207 1333 2244 splendorem
1358 2208 1450 2242 habet,
1467 2208 1515 2236 sed
1527 2216 1608 2236 verax
1624 2208 1679 2242 lux,

880 2261 942 2290 qua
969 2262 1024 2281 non
1051 2253 1173 2281 Galilaeaa
1195 2253 1235 2280 vel
1257 2253 1403 2280 Palestina}
1418 2252 1544 2280 terminis
1563 2254 1683 2280 circum-

880 2298 1018 2332 scribitur,
1034 2298 1082 2326 sed
1096 2297 1192 2326 mundi
1207 2297 1254 2325 lux
1263 2305 1335 2331 sum,
1353 2302 1380 2325 et
1394 2297 1521 2325 omnium
1535 2297 1681 2325 hominum

884 2343 1028 2375 Dominus,
1044 2347 1072 2370 et
1088 2343 1122 2370 de
1136 2350 1182 2370 me
1198 2342 1329 2378 propheta
1344 2342 1412 2370 dixit
1428 2351 1436 2369 :
1454 2354 1466 2366 ι
1480 2343 1548 2370 Ecce
1564 2342 1641 2378 posui
1655 2346 1683 2370 te

883 2389 911 2415 in
927 2388 1016 2416 lucem
1029 2387 1150 2423 gentium
1159 2387 1180 2414 ι.
1198 2398 1210 2411 ι
1225 2387 1319 2415 Utaris
1333 2391 1427 2414 autem
1444 2391 1471 2414 et
1481 2391 1575 2414 contra
1588 2387 1684 2414 Nesto-

883 2433 954 2460 rium
969 2432 1053 2460 etiam
1064 2431 1189 2468 praesenti
1202 2431 1293 2465 dicto;
1306 2439 1361 2459 non
1372 2432 1446 2459 enim
1456 2431 1535 2464 dixit,
1548 2433 1580 2459 In
1592 2439 1636 2459 me
1659 2435 1686 2458 st

845 2487 870 2518 Ι)
884 2477 930 2505 lux
944 2476 1052 2511 mundi,
1065 2477 1123 2509 sed,
1142 2488 1154 2500 α
1172 2477 1228 2512 Ego
1240 2484 1302 2504 sum
1325 2476 1370 2504 lux
1383 2476 1489 2504 mundi.
1508 2488 1521 2500 ι
1538 2477 1597 2511 Ipse
1611 2476 1685 2504 enim

886 2522 934 2558 qui
956 2521 1104 2557 apparebat
1121 2520 1218 2552 homo,
1230 2524 1288 2548 erat
1311 2521 1369 2556 ipse
1381 2525 1409 2548 et
1424 2520 1509 2548 Filius
1526 2520 1576 2548 Dei
1590 2529 1623 2549 ac
1640 2521 1684 2548 lux

884 2566 981 2594 mundi
999 2575 1006 2593 :
1034 2573 1089 2593 non
1113 2566 1183 2592 sicut
1204 2565 1349 2593 Nestorius
1363 2565 1470 2599 delirat,
1482 2565 1555 2601 quod
1575 2565 1600 2592 in
1618 2573 1687 2600 puro

884 2611 998 2639 homine
1021 2610 1123 2638 habitet
1134 2610 1217 2638 Filius
1231 2611 1283 2638 Dei
1297 2618 1304 2638 :
1318 2609 1402 2638 absit!
1420 2611 1500 2638 Unus
1514 2610 1599 2644 enim,
1618 2609 1689 2637 sicut

73 2751 109 2785 (ιι)
132 2751 274 2780 Omissnm
295 2757 337 2781 est
361 2753 406 2781 hic
430 2753 614 2789 fragmentum
640 2763 695 2783 non
716 2755 862 2791 parvulum
884 2754 919 2784 de
939 2755 1054 2784 muliere
1075 2755 1120 2785 illa
1141 2756 1169 2784 in
1188 2755 1321 2784 adulterio
1343 2753 1522 2790 deprehensa.
1543 2751 1610 2781 Vide
1630 2751 1691 2780 Dis-

37 2793 216 2823 sertationem
239 2802 366 2830 pramam
381 2806 460 2824 num.
486 2802 545 2832 100,
559 2799 612 2826 col.
631 2802 691 2827 121.

181 2839 300 2867 PATROL.
324 2840 376 2868 Gn.
397 2840 504 2868 CXXIV.

1573 2845 1583 2871 I

906 3037 1043 3062 περ
