1910 3077
28 190 1669 211 —————!glg———_____—__—_—E'—_—'———«—

267 279 874 349 COMMENTARIUS
920 280 998 343 IN
1047 277 1291 342 JOANN
1300 277 1402 340 ΕΜ

683 410 1000 451 (CONTINUATIO.)

756 517 943 524 .__———

318 582 462 611 ΚΕΦΑΛ.
489 581 532 610 H'.

28 644 82 673 περὶ
104 645 155 667 τῶν
172 643 316 672 ἐρωτώντων
333 641 374 665 τὸν
389 642 485 668 Ἰησοῦν
499 641 552 671 περὶ
567 642 610 664 τοῦ
627 640 721 671 Πατρὸς
737 639 819 673 αὑτοῦ.

52 671 113 705 Περὶ
129 676 173 698 τοῦ
198 673 279 701 Ἰησοῦ
297 673 451 705 ἐλευθέρωσιν
473 673 680 705 ἐπαγγελλομένου
694 674 744 705 τοῖς
764 671 833 705 ἑποξ

51 703 133 735 μένοις
150 705 222 735 αὐτῷ.
246 706 303 735 Περὶ
327 703 508 728 τῶννείποντων
531 704 569 735 ὅτι
589 704 713 732 δαιμόνιον
736 703 785 732 ἔχει
809 703 822 725 ὸ

52 736 156 765 Ἰησοῦς⁴
203 737 258 767 Περὶ
283 734 335 759 τῶν
360 737 514 765 πειρωμένων
543 734 667 759 Ἰουδαίων
690 735 822 758 λιθοϐολεῖν

52 769 97 792 τὸν
117 770 227 797 Ἰησοῦν,
240 766 276 791 ὅτι
292 770 327 798 τῷ
341 767 448 797 Ἀϐρααμ
463 767 601 798 προέκρινεν
615 766 696 790 αὐτόν.

62 840 74 852 ιι
101 825 298 864 Ἀπεκρίθησαν
315 824 360 854 καὶ
376 819 448 853 εἶπον
461 825 541 864 αὐτῷ’
559 824 605 859 Μὴ
621 822 713 852 καὶσὺ
732 823 761 851 ἐκ
775 824 822 857 τῆς

28 870 172 904 Γαλιλαίας
197 865 234 907 εἷς
267 869 425 909 Ἐρεύνησον
450 869 496 898 καὶ
525 868 580 905 ἴδι,
610 868 650 897 ὅτι
682 866 823 909 προφήτης

28 916 53 945 ἔκ
69 917 118 950 τῆς
139 914 283 947 Γαλιλαίας
304 907 352 943 οὐκ
377 913 529 954 ἐγήγερται.
557 913 643 942 Πάλιν
667 907 711 941 οὖν
734 914 747 941 ὁ
765 911 823 947 Ἰη-

28 963 84 993 τοῧς
113 959 242 994 ἐλάλησεν
269 959 372 994 αὐτοῖς,
399 958 494 997 λέγων·
524 957 597 997 Ἐγώ
631 958 685 995 εἶμι
709 956 739 986 τὸ
768 959 822 997 φῶς

28 1007 69 1033 τοῦ
86 1004 196 1042 κόσμου’
212 1005 226 1032 ὁ
251 1004 399 1032 ἀκολουθῶν
426 1002 504 1040 ἐμοὶ,
526 1003 554 1032 οὖ
581 1002 618 1040 μὴ
645 1001 823 1040 περιπατήσει

28 1050 51 1078 ἰν
65 1051 97 1088 τῇ
117 1048 227 1088 σκοτίᾳ,
250 1049 310 1076 ἀλλ’
323 1047 373 1082 ἔξει
391 1047 420 1076 τὸ
436 1049 489 1086 φῶς
507 1048 553 1081 τ’ἧς
574 1048 651 1081 ζωῆς.
671 1058 683 1071 ι
697 1047 752 1075 Τοῦ
777 1046 824 1074 Νι-

28 1094 145 1130 κοδήμου
170 1092 338 1121 συνετώτατα
363 1091 423 1124 τοὺς
453 1091 620 1130 Φαρισαίους
655 1089 823 1128 ἐλέγξαντος,

28 1139 60 1169 ὥς
82 1136 225 1176 παράνομα
250 1134 486 1173 διαταττομένους,
517 1134 722 1173 ἐξαπορηθέντες
752 1134 824 1163 ἐκεί-

28 1193 74 1216 νοι,
90 1179 285 1221 ἀγροικότερον,
302 1181 404 1217 μᾶλλον
415 1178 442 1208 δὲ
457 1179 662 1219 θηριωδέστερον
678 1178 822 1217 κέχρηνται

905 1184 996 1212 rocius
1021 1183 1233 1219 responderunt,
1255 1182 1376 1210 dicentes

28 1228 58 1264 τῇ
76 1225 231 1264 ἀποκρίσει,
254 1224 408 1263 λέγοντες-ι
428 1223 474 1259 Μὴ
499 1223 544 1252 καὶ
568 1223 599 1253 σὺ
617 1225 646 1252 ἐκ
670 1226 717 1259 τῆς
742 1224 823 1252 Γαλι-

28 1269 104 1303 λαίας
130 1265 166 1305 si;
184 1283 196 1295 ι
218 1268 304 1299 Ποίαν
327 1268 378 1308 γὰρ
402 1267 557 1298 ἀκολουθίαν
584 1267 640 1307 ἔχει
658 1271 736 1308 τοῖξτο
761 1269 825 1306 πρὸς

28 1314 61 1343 τὰ
86 1314 140 1343 ὑπὸ
157 1316 202 1343 τοῦ
219 1312 373 1351 Νικοδήμου
390 1312 524 1353 ῥηθέντας
544 1312 663 1345 Ἐκεῖνος
684 1307 766 1348 εἶπεν,
786 1311 826 1341 ὅτι

28 1360 58 1387 οὐ
83 1359 121 1387 δεῖ
149 1358 326 1392 ἀνεξετάστως
359 1357 403 1386 καὶ
429 1357 542 1396 ἀκρίτως
570 1357 756 1391 καταδικάζειν
780 1356 826 1385 τὸν

28 1402 175 1441 ἄνθρωπον·
205 1402 257 1432 ἔδει
287 1401 392 1434 πάντως
423 1400 517 1434 αὐτοὺς
551 1401 616 1441 πρὸς
650 1403 728 1430 τοῦτο
763 1402 827 1430 ἄπο-

28 1447 170 1486 κρίνασοαι
199 1446 245 1476 καὶ
269 1446 365 1482 δεῖξαι,
397 1446 438 1474 ὅτι
468 1447 515 1475 οὖκ
539 1446 652 1485 ἀκρίτως
677 1445 826 1474 καταδικά-

30 1493 104 1526 ζουσι
118 1491 162 1520 τὸν
185 1491 306 1526 Ἰησοῦν,
322 1489 382 1520 ἀλλ’
406 1489 537 1528 ἐννόμως,
560 1490 605 1520 καὶ
620 1490 679 1524 τοὺς
695 1490 827 1530 ὑπηρέται,

30 1535 154 1575 ἔπεμψαν
169 1535 311 1564 συλλαϐεῖν
325 1535 404 1564 αὐτὸν
417 1558 425 1573 ,
441 1534 487 1564 xui
501 1535 589 1564 πάντα
613 1534 684 1564 κατὰ
698 1535 728 1564 τὸ
743 1546 826 1574 προσ-

28 1581 94 1615 ῆκον
115 1583 246 1610 ποιοῦσιν.
271 1581 306 1610 Οἱ
321 1579 348 1608 δὲ
364 1579 389 1608 τί
404 1589 487 1620 (pact;
509 1593 521 1606 ι
540 1579 585 1615 Μὴ
609 1579 654 1608 καὶ
674 1579 706 1608 σὺ
728 1580 757 1608 ἐκ
774 1581 822 1614 τῆς

31 1624 180 1657 Γαλιλαίας
203 1620 240 1660 εἷς
260 1636 272 1650 ι
297 1623 383 1664 Ὁρᾷς
403 1625 451 1664 τὴν
467 1624 592 1658 ἁνοησίαν
607 1634 615 1662 ;
631 1626 694 1664 ὁρᾷς
708 1624 738 1653 τὸ
761 1625 828 1652 ἀνα-

32 1669 157 1698 κόλουθον
185 1671 237 1698 τῶν
274 1669 375 1707 λόγων;
408 1663 477 1698 Εἶτα
505 1663 653 1708 ὑϐρίζοντες
671 1663 766 1698 αὐτὸν
792 1670 828 1702 ὡς

33 1715 138 1752 ἀμαθῆ,
158 1713 249 1753 φασίν*
269 1727 281 1739 α
299 1713 448 1752 Εριύνησον
460 1735 468 1749 ,
490 1712 535 1742 καὶ
551 1713 606 1748 ἴδε,
628 1712 668 1742 ὅτι
684 1714 822 1753 προφήτης

32 1759 62 1786 ἐκ
76 1760 122 1793 τῆς
132 1758 277 1791 Γαλιλαίας
290 1758 336 1786 οὖκ
352 1757 500 1796 ἐγήγερται⁴
518 1772 528 1783 ιι
540 1758 673 1787 τουτέστιν
683 1781 692 1796 ,
703 1757 825 1793 ⁷Απελοε,

34 1802 115 1839 μάθε,
137 1802 228 1837 ἐπειδὴ
251 1804 314 1840 ἄχρι
341 1805 385 1830 τοῦ
399 1805 443 1830 ν’ὖν
459 1804 506 1830 οὐκ
522 1802 635 1838 ἔμαθες,
659 1801 700 1830 ὅτι
721 1815 733 1829 ι
758 1803 831 1841 Προ-

835 581 862 612 Α
1162 582 1283 609 CAPUT

1311 581 1384 607 Vlll.

983 646 1017 667 De
1032 645 1062 667 iis
1075 645 1117 674 qui
1135 646 1263 666 Dominum
1274 644 1453 671 t'nlrrrogabanl
1466 643 1494 664 de
1506 642 1675 677 Patn._‘0u_u.

903 674 972 699 modo
994 678 1103 698 ('hristus
1117 677 1266 704 sequentibus
1278 683 1300 697 se
1313 676 1447 697 libet-latens
1469 674 1612 702 promiserit.
1640 675 1675 696 De

904 709 933 730 iis
953 710 994 736 qui
1012 709 1120 729 direlmnl
1134 708 1254 729 ('Iirislum
1266 707 1408 728 (Iwmonium
1429 706 1520 727 habere.
1534 706 1567 727 De
1583 705 1677 727 Juda'is

903 741 1044 761 σοιιιιηιίὺιιε
1068 740 1149 761 Jrsum
1173 739 1289 767 lapidare.
1318 739 1375 766 quia
1408 744 1431 759 se
1458 737 1562 759 Αὺγαιιω
1585 739 1676 764 pratu-

905 772 977 794 (isset.

912 829 985 856 CAP.
1014 829 1075 861 Vll,
1102 831 1154 861 52;
1181 828 1255 860 Vill,
1282 829 1313 854 12
1340 828 1386 859 (ιι).
1416 838 1428 849 ει
1456 824 1674 860 Responderunt

876 877 903 900 et
924 873 1055 901 dixerunt
1073 873 1097 900 ei
1123 882 1129 899 :
1146 874 1219 900 Num
1235 876 1264 899 et
1283 875 1314 899 tu
1338 870 1468 899 Galilmus
1487 870 1676 897 eSPScmtare

876 922 903 946 et
916 917 977 946 vide
1001 917 1075 954 quod
1095 925 1109 945 a
1135 917 1248 945 Galiltea
1267 916 1402 951 propheta
1426 923 1483 942 non
1513 914 1674 942 surrexerit.

877 963 981 990 lterum
1008 963 1092 998 igitur
1106 962 1146 990 eis
1173 962 1281 989 locutus
1306 964 1348 988 est
1369 962 1460 993 Jesus,
1485 959 1598 987 dicens:
1619 960 1675 993 Ego

877 1015 940 1035 sum
953 1007 999 1034 lux
1028 1007 1123 1034 mundi
1141 1016 1146 1034 ε
1170 1006 1215 1041 qui
1231 1005 1354 1041 sequitur
1369 1013 1423 1038 me,
1440 1012 1495 1032 non
1520 1003 1676 1032 ambulabit

878 1051 906 1078 in
925 1051 1057 1084 tenebris,
1074 1050 1123 1078 sed
1144 1050 1256 1077 habebit
1275 1050 1369 1076 lumen
1395 1049 1468 1076 vitae.
1487 1060 1500 1072 ιο
1523 1047 1676 1076 Nicodemo

879 1094 1089 1131 prudentissime
1111 1093 1262 1122 Pharisaeos
1289 1093 1477 1127 redarguente,
1506 1096 1601 1128 utpote
1622 1092 1674 1120 ini-

880 1147 932 1175 qua
949 1143 1144 1175 po-rpetrantes,
1161 1138 1197 1166 illi
1225 1137 1345 1174 perplexi
1361 1137 1436 1171 facti,
1461 1137 1605 1173 agrestius,
1622 1137 1677 1164 imo

1402 1191 1410 1210 :
1433 1193 1444 1206 α
1462 1183 1535 1209 Num
1551 1185 1580 1208 et
1595 1186 1624 1209 tu
1644 1189 1676 1209 ex

879 1229 996 1257 Galilaea
1017 1230 1062 1256 es?
1090 1240 1102 1252 ι
1119 1228 1233 1264 Qualem
1255 1228 1329 1255 enim
1349 1226 1576 1263 consequentiam
1593 1226 1679 1254 habet

879 1273 932 1302 hoc
945 1274 980 1301 ad
993 1281 1024 1301 ea
1034 1281 1119 1309 quaza
1132 1272 1285 1300 Nicodemo
1294 1272 1381 1300 dicta?
1390 1272 1437 1299 Ille
1447 1271 1516 1299 dixit
1531 1271 1607 1307 quod
1621 1279 1679 1298 non

880 1322 1007 1354 oporteat
1018 1318 1119 1354 absque
1134 1317 1258 1345 examine
1272 1321 1299 1344 et
1308 1316 1415 1352 judicio
1430 1315 1618 1344 condemnare
1632 1315 1680 1342 ho-

880 1363 985 1390 minem
999 1371 1006 1390 :
1021 1362 1249 1398 oportebatipsos
1257 1361 1292 1389 ad
1308 1361 1359 1389 hoc
1370 1361 1535 1396 respondere
1550 1365 1577 1388 et
1591 1364 1680 1388 osten-

881 1407 946 1435 dere
958 1407 1031 1442 quod
1040 1415 1095 1434 nou
1105 1407 1166 1434 sine
1173 1406 1279 1441 judicio
1289 1405 1506 1433 condemnarent
1515 1406 1620 1437 Iesum.
1632 1403 1682 1432 sed

882 1451 1013 1487 legitime.
1037 1456 1065 1479 et
1085 1451 1226 1478 ministros
1239 1450 1368 1478 miserint
1390 1450 1425 1478 ad
1445 1449 1682 1485 comprehenden-

881 1497 948 1524 dum
963 1496 1054 1529 illum,
1067 1500 1094 1523 et
1104 1495 1209 1529 omnia,
1221 1499 1251 1522 ut
1261 1495 1384 1529 decebat,
1401 1494 1523 1523 fecerint.
1539 1495 1576 1522 Hi
1589 1498 1682 1522 autem

882 1540 978 1569 dicunt
992 1550 999 1568 :
1019 1552 1031 1564 ε
1047 1542 1120 1568 Num
1132 1544 1158 1568 et
1170 1543 1199 1568 tu
1215 1548 1248 1568 ex
1261 1539 1373 1568 Galilaza
1388 1542 1435 1568 es?
1447 1539 1530 1568 Vides
1545 1538 1681 1574 insipien-

883 1586 973 1614 tiam?
994 1585 1075 1613 Vides
1093 1593 1176 1621 quam
1204 1584 1279 1612 nulla
1294 1584 1442 1612 verborum
1466 1583 1682 1620 consequentia?

883 1629 992 1658 Deinde
1004 1630 1155 1666 ignominia
1170 1637 1234 1657 eum
1249 1629 1403 1656 afﬁcientes
1415 1629 1493 1664 quasi
1510 1628 1682 1663 imperitum,

883 1675 993 1703 dicunt:
1011 1686 1024 1699 ιι
1038 1675 1177 1707 Scrutare,
1192 1678 1220 1701 et
1236 1673 1295 1702 vide
1308 1673 1383 1709 quod
1394 1673 1526 1708 propheta
1539 1680 1554 1701 e
1567 1673 1683 1701 Galilaaa

886 1728 941 1747 non
958 1719 1085 1752 surrexit,
1112 1730 1125 1743 ››
1139 1719 1190 1746 hoc
1202 1722 1254 1751 est,
1272 1718 1356 1751 Vade,
1374 1717 1457 1752 disce,
1472 1717 1537 1754 quia
1550 1725 1635 1753 usque
1649 1716 1685 1744 ad

886 1764 939 1792 hoc
958 1768 1069 1799 tempus
1084 1772 1139 1791 non
1166 1763 1295 1796 didicisti,
1311 1762 1384 1798 quod
1400 1774 1412 1786 α
1431 1762 1563 1798 propheta
1587 1770 1620 1790 ex
1635 1762 1685 1790 Ga-

887 1809 958 1836 lilaea
981 1816 1037 1836 non
1052 1808 1178 1835 surrexit.
1198 1819 1210 1831 ιι
1228 1808 1294 1835 Haec
1304 1812 1395 1835 autem
1409 1806 1504 1834 dicunt
1517 1806 1687 1842 imperitiam

35 1846 119 1885 φήτης
143 1847 173 1875 ἐκ
187 1848 234 1881 τῆς
250 1845 396 1879 Γαλιλαίας
419 1846 467 1874 οὐκ
493 1847 642 1885 ἐγήγερται.
655 1860 666 1872 ι
695 1847 740 1879 Εἰς
756 1847 828 1886 οἶμα-

905 1852 921 1879 li
940 1851 1118 1879 ascribentes.
1150 1851 1224 1886 Quid
1244 1856 1337 1878 autem
1361 1850 1433 1878 dixit
1452 1850 1638 1884 Nicodemus,
1669 1858 1686 1878 ο

34 1890 92 1919 θίαν
107 1889 134 1918 δὲ
147 1889 226 1918 αὐτὸν
243 1889 454 1923 ἐπισκώπτοντες
471 1890 557 1919 ταῦτά
573 1901 648 1929 φασι.
662 1889 698 1920 Τί
715 1890 742 1919 δὲ
758 1884 830 1919 εἶπεν

32 1936 47 1964 ὁ
61 1934 214 1972 Νικόδημος
224 1957 232 1972 ,
245 1928 268 1963 ὦ
283 1935 450 1972 Φαρισαῖοι;
475 1934 523 1970 Μὴ
548 1933 600 1973 γὰρ
616 1929 700 1970 εἶπεν,
718 1935 757 1963 ὅτι
771 1946 834 1974 προ-

34 1979 120 2019 φήτης
144 1978 214 2008 ἐστὶν
241 1980 255 2008 ὁ
275 1978 393 2015 Ἰησοῦς
418 1973 502 2008 Εἶπεν
527 1978 567 2007 ὅτι
591 1979 699 2019 ἄκριτον
723 1980 831 2017 ἀναιρε-

35 2026 113 2058 θῆναι
129 2024 158 2052 οὗ
174 2023 237 2063 χρή.
258 2025 321 2056 Πῶς
340 2019 384 2052 οὖν
409 2023 455 2052 καὶ
482 2025 557 2061 ὑμεῖς
583 2027 693 2052 τοιαῦτα
718 2023 833 2059 εἰπόντι,

35 2068 118 2101 οὕτως
135 2067 326 2107 ἆποκρίνεσθε;
348 2066 382 2097 Ὁ
397 2068 424 2097 δὲ
447 2067 577 2108 Χριστὸς,
598 2067 689 2102 ἐπειδὴ
712 2069 766 2097 ἄνω
788 2068 834 2097 καὶ

36 2112 110 2142 κάτω
134 2112 182 2147 τὴν
207 2112 354 2142 Γαλιλαίαν
379 2113 451 2150 αὗτῷ
471 2112 632 2153 προέφερον,
648 2112 693 2142 καὶ
715 2115 749 2145 ὡς
771 2112 833 2152 περὶ

36 2157 91 2190 ἑνὸς
117 2158 168 2186 τῶν
194 2159 336 2197 προφητῶν
359 2157 560 2197 ἡμφισϐήτουν,
583 2157 708 2187 δεικνύων
731 2159 834 2193 αὐτοῖς,

37 2201 78 2230 ὃτι
91 2202 140 2241 οὐχ
164 2197 199 2234 εἷς
219 2203 275 2230 ἐστι
293 2203 346 2230 τῶν
366 2203 525 2241 προρητῶν,
550 2202 646 2242 φησὶν,
671 2202 712 2230 ὅτι
730 2214 744 2229 α
761 2201 834 2241 Ἐγώ

38 2247 93 2284 εἶμι
108 2248 138 2275 τὸ
155 2248 224 2286 φῶς,
246 2260 258 2273 ν
274 2247 303 2276 τὸ
314 2246 409 2286 κυρίως
424 2249 492 2287 φῶς,
509 2247 568 2286 οὐχὶ
584 2248 637 2286 φῶς
657 2247 833 2287 προφητικὸν,

40 2290 145 2330 μερικὸν
169 2291 271 2327 δηλαδὴ
296 2291 342 2320 καὶ
368 2292 466 2330 μικρὰν
483 2290 530 2326 τὴν
554 2291 654 2331 λάμψιν
671 2291 750 2330 ἔχον,
767 2291 836 2320 ἀλλὰ

39 2336 69 2364 τὸ
84 2335 205 2372 ἀληθινὸν
216 2338 270 2376 φῶς
279 2358 286 2371 ,
305 2335 364 2364 οὐδὲ
378 2335 524 2369 Γαλιλαίας
538 2334 554 2370 ἢ
574 2335 756 2370 Παλαιστίνης
767 2335 836 2375 ὅροις

41 2380 268 2420 περιοριζόμενον,
299 2380 368 2409 ἀλλὰ
407 2383 453 2409 τοῦ
480 2379 581 2418 κόσμου
609 2382 661 2420 φῶς
692 2381 761 2418 εἶμι,
791 2381 837 2410 καὶ

43 2424 148 2454 πάντων
164 2425 309 2466 ἀνθρώπων
336 2424 482 2462 δεσπότης,
509 2425 555 2454 καὶ
582 2426 643 2465 περὶ
664 2427 730 2463 ἐμοῦ
746 2427 759 2454 ὁ
772 2437 837 2464 προσ

44 2468 124 2506 φήτης
138 2470 227 2508 εἴρηκε
250 2470 294 2506 τὸ,
314 2483 326 2495 ι
342 2469 410 2499 Ἰδοὺ
425 2469 531 2499 τέθεικά
550 2481 578 2499 σε
592 2470 628 2502 εἰς
647 2472 701 2508 φῶς
714 2470 804 2499 ἐθνῶν.
824 2485 835 2495 ιι

45 2512 139 2555 Χρήσῃ
155 2514 181 2542 δὲ
193 2514 262 2544 κατᾶ
287 2514 430 2555 Νεστορίου
451 2515 497 2544 καὶ
508 2516 547 2554 τῷ
560 2514 671 2553 παρόντι
695 2516 775 2554 ῥητῷ.
795 2516 836 2545 Οὖ

45 2555 96 2595 γὰρ
109 2551 196 2593 εἶπεν,
223 2559 262 2587 ὅτι
285 2560 332 2589 Ἐν
358 2551 418 2597 ἐμοὶ
442 2558 498 2588 ἔστι
519 2551 548 2588 τὶ
571 2551 624 2598 qui);
650 2551 701 2588 10'5-
721 2551 836 2597 κόσμου,

49 2601 107 2630 ἀλλ’
131 2615 144 2628 ι
160 2601 231 2640 Ἐγώ
249 2604 303 2641 εἶμι
322 2604 352 2633 τὸ
377 2606 431 2645 φῶς
447 2606 492 2634 τοῦ
519 2603 632 2642 κόσμου.
651 2603 734 2638 Αὐτὸς
755 2603 807 2643 γὰρ
824 2607 838 2634 ὁ

82 2686 242 2722 'lsa.x1.u,
265 2690 290 2715 6.

889 1895 1032 1924 Pharisaei?
1058 1897 1133 1923 Num
1157 1895 1226 1923 dixit
1251 1894 1326 1930 quod
1341 1895 1474 1930 propinata
1497 1899 1569 1922 esset
1590 1895 1686 1922 Iesus?

887 1940 964 1968 Dixit
984 1940 1058 1976 quod
1079 1939 1257 1975 injudicatum
1280 1939 1402 1968 occidere
1423 1947 1481 1967 non
1492 1939 1592 1966 liceat:
1620 1947 1687 1974 quo-

887 1985 972 2013 modo
984 1984 1066 2020 igitur
1085 1992 1134 2012 vos
1147 1984 1172 2012 ei
1198 1984 1245 2019 qui
1260 1983 1324 2011 talia
1344 1983 1425 2017 dixit,
1443 1983 1483 2011 sic
1497 1983 1688 2019 respondens?

887 2031 925 2057 At
939 2029 1076 2063 Christus,
1101 2028 1165 2064 quia
1184 2028 1280 2056 crebro
1301 2028 1445 2056 Galilaeam
1464 2028 1488 2056 ei
1514 2027 1687 2064 objectabant

887 2078 915 2102 et
923 2073 1000 2110 quasi
1014 2073 1048 2101 de
1057 2081 1112 2101 uno
1130 2073 1327 2109 prophetarum
1335 2072 1471 2107 dubitant,
1489 2072 1638 2100 ostendens
1648 2072 1688 2100 eis

886 2118 960 2154 quod
971 2120 1039 2146 non‘
1050 2118 1086 2146 sit
1098 2126 1168 2145 unus
1182 2126 1216 2146 ex
1231 2117 1283 2145 illis
1299 2117 1438 2153 prophetis
1448 2137 1455 2150 ,
1478 2116 1545 2145 dicit
1559 2127 1564 2144 :
1593 2127 1607 2143 α
1628 2118 1686 2153 Ego

886 2171 949 2191 sum
960 2163 1005 2191 lux
1023 2174 1035 2186 ι
1049 2162 1158 2198 proprie
1170 2163 1226 2196 lux.
1242 2170 1298 2190 non
1316 2162 1474 2198 prophetica
1489 2169 1552 2198 quae
1569 2162 1687 2198 particu-

887 2208 973 2236 larem
987 2211 1016 2235 et
1036 2215 1151 2243 parvum
1167 2206 1341 2242 splendorem
1366 2206 1457 2241 habet,
1475 2207 1522 2234 sed
1534 2214 1616 2234 verax
1631 2207 1686 2241 lux,

888 2260 950 2288 qua)
976 2260 1033 2279 non
1058 2252 1181 2280 Galilaaaa
1203 2252 1242 2279 vel
1265 2251 1410 2279 Palestina:
1426 2251 1552 2279 terminis
1571 2252 1690 2279 circum—

888 2297 1026 2330 scribitur,
1042 2296 1089 2324 sed
1104 2296 1199 2324 mundi
1215 2296 1261 2323 lux
1270 2303 1343 2330 sum,
1360 2300 1388 2323 et
1401 2296 1529 2323 omnium
1543 2295 1689 2324 hominum

892 2342 1035 2373 Dominus,
1051 2345 1079 2368 et
1096 2341 1129 2368 de
1144 2349 1190 2369 me
1205 2341 1336 2376 propheta
1351 2340 1420 2368 dixit
1435 2350 1444 2368 :
1462 2352 1474 2365 ι
1487 2341 1556 2368 Ecce
1572 2341 1649 2376 posui
1662 2345 1690 2368 te

890 2387 919 2414 in
934 2387 1023 2414 lucem
1036 2385 1188 2422 gentium‘.
1206 2397 1218 2409 ιο
1232 2385 1326 2414 Utaris
1340 2389 1434 2413 autem
1451 2390 1479 2412 et
1489 2389 1583 2413 contra
1595 2386 1691 2413 Nesto-

890 2431 962 2458 rium
977 2431 1060 2458 etiam
1072 2430 1197 2466 praesenti
1209 2430 1300 2464 dicto;
1314 2438 1368 2457 non
1379 2430 1453 2458 enim
1463 2430 1542 2464 dixit,
1556 2431 1588 2457 1n
1599 2439 1644 2458 me
1667 2433 1693 2457 st

853 2486 877 2516 Ι)
892 2475 938 2503 lux
951 2475 1059 2509 mundi,
1073 2475 1130 2508 sed,
1150 2487 1162 2499 ι
1180 2476 1235 2510 Ego
1247 2483 1310 2503 sum
1332 2475 1377 2503 lux
1391 2474 1496 2502 mundi.
1515 2487 1528 2499 ιι
1546 2476 1604 2510 Ipse
1619 2475 1692 2503 enim

893 2520 941 2556 qui
964 2520 1112 2555 apparebat
1129 2519 1225 2551 homo,
1237 2523 1295 2547 erat
1319 2519 1376 2554 ipse
1389 2523 1416 2546 et
1431 2519 1517 2547 Filius
1533 2519 1583 2546 Dei
1597 2527 1630 2548 ac
1647 2520 1692 2546 lux

891 2564 989 2592 mundi
1006 2573 1013 2592 :
1041 2572 1097 2591 non
1121 2564 1191 2591 sicut
1212 2564 1356 2592 Nestorius
1369 2563 1478 2598 delirat,
1489 2564 1563 2600 quod
1582 2563 1608 2591 in
1625 2571 1694 2599 puro

893 2608 1006 2637 homine
1029 2608 1131 2636 habitet
1141 2609 1225 2636 Filius
1240 2609 1290 2637 Dei
1304 2617 1311 2636 :
1325 2608 1410 2636 absit!
1427 2609 1507 2637 Unus
1522 2609 1606 2642 enim,
1625 2608 1696 2635 sicut

83 2749 118 2783 (α)
139 2749 281 2779 Umissum
302 2755 344 2779 est
369 2751 413 2779 hic
438 2751 621 2787 fragmentum
647 2761 702 2781 non
724 2753 870 2789 parvulum
892 2753 927 2782 de
947 2754 1062 2783 muliere
1082 2753 1127 2783 illa
1148 2754 1176 2782 in
1195 2754 1328 2782 adulterio
1350 2752 1529 2788 deprehensa.
1550 2749 1617 2779 Vide
1638 2750 1698 2779 Dis-

49 2792 223 2821 sertationem
247 2801 374 2829 praevram
388 2804 467 2822 num.
493 2800 552 2830 too,
567 2797 620 2825 col.
639 2801 699 2825 I21.

188 2837 307 2865 Px'rnon.
331 2838 383 2867 Gn.
404 2839 512 2867 CXXIV.

885 3036 1050 3062 lE'lP
