1910 3077
229 166 256 191 ιι
728 164 988 193 THEOPHYLACTI
1008 162 1186 190 BULGARLE
1205 163 1364 191 ARCHIEP.
1832 171 1862 196 η

227 225 331 253 dictum
345 230 396 259 est,
414 230 473 254 erat
492 227 586 254 Mariae
605 231 632 254 et
648 226 699 255 Dei
713 228 807 255 Filius.
825 237 839 253 ι(
853 227 907 262 Qui
927 230 1009 255 auten

1081 225 1230 264 ραινόμενος
1247 225 1396 264 ἄνθρωπος,
1414 227 1427 254 6
1440 226 1517 260 αὐτὸς
1529 222 1561 262 ἧν
1578 228 1622 256 καὶ
1642 228 1704 262 Υἱὸς
1716 231 1763 258 τοῦ
1779 231 1865 267 Θεοῦ,

224 271 358 305 sequitur,
372 271 472 306 inquit,
486 279 542 305 me,
553 272 640 308 616
652 280 708 299 non
727 272 879 300 ambulabit
893 272 921 299 in
949 275 1024 299 tene-

223 315 293 349 bris,
309 327 321 339 »
342 315 394 343 hoc
411 319 463 349 est,
481 324 538 343 non
554 317 676 344 manebit
696 317 723 344 in
738 325 839 350 errore,
856 316 906 344 sed
924 315 1023 343 libera-

224 359 301 387 bitur
319 359 354 387 ab
377 368 470 388 errore
488 364 515 388 et
526 360 658 388 tenebris.
673 362 778 389 Interea
789 366 817 389 et
838 360 1020 389 Nicodemum

225 403 328 437 laudat,
341 408 368 432 et
378 404 519 433 ministros
525 405 600 441 quod
608 410 665 433 tam
681 406 765 434 libere
771 405 912 439 dixissent,
922 412 1022 440 nempe

224 448 300 484 quod
315 449 343 476 in
364 449 423 477 luce
449 453 551 477 essent.
575 452 718 478 Taxantur
729 455 821 478 autem
835 455 863 478 et
877 449 1019 483 Pharisaei,

223 493 297 528 quod
314 494 344 521 in
366 501 459 522 errore
481 498 510 522 et
531 495 652 524 tenebris
675 500 776 530 essent,
791 500 819 523 et
839 496 912 523 clam
938 494 1018 523 dolos

224 541 375 566 struerent.

1078 270 1122 298 καὶ
1138 272 1192 310 φῶς
1214 272 1258 298 τοῦ
1275 270 1384 308 κόσμου·
1407 272 1456 310 οὐχ
1480 271 1570 311 ὥσπερ
1597 273 1738 312 Νεστόριος
1757 275 1843 315 ἐλήρει
1859 299 1867 312 ,

1077 314 1117 343 ὅτι
1143 315 1167 343 ἐν
1193 315 1231 353 τῷ
1249 315 1378 355 ἀνθρώπῳ
1403 317 1440 355 τῷ
1461 317 1531 356 ψιλῷ
1554 317 1669 356 κατῴκει
1694 320 1707 346 6
1733 319 1795 352 Υἱὸς
1820 323 1864 349 τοῦ

1076 360 1164 396 Θεοῦ,
1189 359 1292 398 άπαγεῑ
1318 356 1354 393 εἷς
1380 360 1447 399 γὰρ,
1473 359 1564 400 ὥσπερ
1587 361 1706 401 εἴρηται,
1731 359 1762 401 ἦν
1785 366 1797 392 6
1822 367 1867 400 τῆς

1075 403 1182 449 Μαρίας
1197 404 1300 433 καὶτοῦ
1317 405 1387 434 Θεοῦ
1403 405 1477 438 Υἱός.
1496 419 1508 431 σι
1529 405 1563 436 Ὀ
1580 406 1607 434 δὲ
1626 408 1791 447 ἀκολουθῶν,
1807 421 1863 449 φη-

1075 447 1115 477 σὶν
1128 471 1136 484 ,
1155 449 1230 487 ἐμοὶ,
1252 449 1281 477 οὐ
1297 450 1334 486 μὴ
1350 450 1527 487 περιπατήσει
1546 452 1572 479 ἐν
1587 453 1619 491 τῇ
1645 453 1738 492 σκοτίᾳ
1750 477 1757 491 ,
1778 467 1789 479 ι
1804 447 1869 483 του-

1073 492 1175 529 τέστιν,
1194 495 1223 522 οὖ
1239 494 1312 531 μενεῖ
1333 495 1359 523 ἐν
1378 497 1410 534 τῇ
1434 495 1539 534 πλάνῃ,
1571 496 1630 524 ἀλλ’
1647 497 1868 536 ἀπαλλαγήσεται

1072 539 1119 573 τῆς
1134 537 1236 573 πλάνης
1252 538 1297 567 καὶ
1313 541 1359 568 τοῦ
1383 539 1500 572 σκότους.
1524 539 1597 577 Ἅμα
1616 540 1641 569 δὲ
1660 540 1765 570 καὶτὸν
1788 544 1868 572 Νικό-

222 583 306 620 δημον
321 584 439 622 ἐπαινεῖ,
460 583 506 614 καὶ
529 583 588 618 τοὺς
609 584 740 623 ὑπηρέτας
760 587 795 618 ὡς
818 580 1118 624 πεπαρῤησιασμένους,
1138 583 1183 610 καὶ
1207 582 1249 611 διὰ
1271 585 1348 612 τοῦτο
1366 584 1391 612 ἐν
1415 585 1451 623 τῷ
1469 584 1536 623 φωτὶ
1555 584 1643 618 ὄντας.
1670 587 1818 616 Αἰνίττεται
1842 589 1868 618 δὲ

221 628 267 656 καὶ
282 627 341 662 τοὺς
359 628 527 669 Φαρισαίους
553 630 578 658 ἐν
593 632 627 669 τῇ
643 629 731 668 πλάνῃ
755 629 800 659 καὶ
822 631 860 668 τῷ
884 628 973 658 σκότει
984 628 1061 660 ὄντας
1071 648 1078 662 ,
1097 626 1142 655 καὶ
1158 629 1244 669 κρυφῆ
1257 626 1315 660 τοὺς
1330 628 1419 661 δόλους
1434 629 1588 660 πλέκοντας.

257 678 345 705 Vens.
362 681 404 712 13,
423 681 464 706 14.
481 689 493 702 α
506 678 640 706 Dixerunt
651 686 716 714 ergo
728 678 753 706 ei
764 677 912 706 Pharisaei:
929 679 971 705 Tu
982 677 1018 704 de

220 721 307 757 teipso
333 722 449 756 testaris,
477 723 665 750 testimonium
686 727 765 750 tuum
788 731 842 750 non
857 727 900 750 est
914 729 1017 750 verum.

219 767 374 802 Respondit
385 768 467 795 Jesus
482 771 510 795 et
525 767 596 795 dixit
611 767 648 795 eis
665 769 717 795 :Et
730 767 752 795 si
761 775 811 802 ego
826 767 1019 795 testimonium

220 810 378 846 perhibeam
388 811 422 839 de
435 812 548 848 meipso,
560 816 701 840 verumest
709 811 901 840 testimonium
910 819 1015 845 meum,

220 856 284 891 quia
299 857 356 884 scio
378 857 450 885 unde
463 858 535 891 veni,
559 862 586 885 et
600 865 654 893 quo
675 857 760 891 vado;
787 865 835 885 vos
859 860 952 884 autem
967 864 1016 884 ne-

1113 685 1125 698 a
1142 666 1224 701 Εἶπον
1239 667 1283 701 οὖν
1301 673 1372 712 αὐτῷ
1388 673 1412 701 οἱ
1439 674 1597 712 Φαρισαῖοι·
1620 673 1659 704 Σὺ
1673 676 1734 714 περὶ
1749 681 1859 707 σεαυτοῦ

1074 717 1223 756 μαρτυρεῖς⁵
1250 720 1263 752 ἡ
1287 716 1419 755 μαρτυρία
1435 729 1479 746 σου
1497 719 1543 747 οὐκ
1561 717 1631 747 ἔστιν
1655 719 1764 755 ἀληθής.
1788 721 1864 751 Ἀπε-

1073 762 1149 800 κρίθη
1165 762 1280 798 Ἰησοῦς,
1305 761 1350 791 καὶ
1371 757 1443 790 εἶπεν
1459 764 1556 796 αὐτοῖς.
1584 763 1640 793 Κᾶν
1661 764 1712 802 ἐγὼ
1738 769 1864 806 μαρτυρῶ

1073 806 1284 848 1f_spis'y.uuro§,
1307 807 1407 842 ἀληθής
1427 808 1498 836 ἐστιν
1525 810 1541 843 ἡ
1570 809 1702 848 μαρτυρία
1731 822 1798 847 μου,
1825 812 1865 840 ὅτι

1069 845 1128 879 οῖδα
1154 851 1231 880 πόθεν
1255 846 1352 888 ἦλθον,
1377 852 1422 880 καὶ
1451 856 1502 881 ποῦ
1526 854 1630 890 ὕπάγω¹
1659 855 1732 891 ὑμεῖς
1763 854 1788 883 δὲ
1816 857 1865 885 οὐκ

219 901 294 928 scitis
309 901 380 929 unde
392 902 480 936 venio,
497 906 585 938 etquo
595 901 673 930 vado.
687 914 699 926 υ
714 902 781 936 Quia
794 901 909 935 dixerat,
927 913 940 925 α
957 903 1009 936 Egc

1081 894 1176 941 ἔδατε,
1196 896 1274 925 πόθεν
1291 895 1424 936 ἔρχομαι,
1445 897 1491 925 καὶ
1513 899 1562 926 ποῦ
1586 897 1690 936 ὑπάγω.
1716 910 1730 925 τι
1749 898 1863 936 Ἐπειδή

218 953 280 973 sum
295 946 338 973 lux
351 947 456 980 mundi,
474 958 485 970 λι
502 947 684 975 criminantur
700 955 766 975 eum
780 947 860 982 quasi
879 946 912 974 de.
925 946 1013 981 seipso

218 991 613 1026 testaretur.0insipientiam!
631 994 692 1027 Ipse
707 999 815 1019 sursum
828 991 1013 1026 deorsumque

217 1035 371 1070 Scripturas
385 1035 480 1068 trahit,
495 1044 556 1071 quae
580 1041 712 1064 testentur
730 1038 763 1064 de
784 1037 887 1072 seipso,
906 1039 933 1063 et
960 1035 1012 1070 ipsi

215 1084 334 1115 arguunt
355 1088 420 1108 eum
434 1081 510 1116 quasi
525 1081 560 1108 de
574 1089 602 1108 se
611 1085 767 1108 testaretur.
791 1080 857 1108 Ideo
884 1080 918 1108 ad
937 1080 1012 1107 mali-

215 1124 348 1160 gnitatem
361 1125 484 1160 ipsorum
506 1126 591 1153 etiam
603 1125 752 1161 respondet
766 1125 822 1152 illis
838 1136 843 1152 :
860 1127 938 1158 Esto,
952 1125 1011 1160 ipse

213 1169 248 1197 de
270 1177 316 1197 me
338 1173 430 1203 tester,
446 1170 569 1206 quamvis
598 1170 651 1198 hoc
675 1178 732 1198 non
745 1169 862 1202 faciam,
883 1169 932 1197 sed
957 1173 1011 1196 tres

213 1213 330 1242 habeam
341 1218 435 1248 testes,
452 1217 564 1243 Patrum
578 1223 683 1248 meum,
695 1219 723 1242 et
736 1223 830 1251 opera,
846 1223 878 1242 ac
888 1214 1010 1249 Scriptu-

213 1266 266 1293 ras,
283 1259 353 1286 sicut
368 1264 395 1287 et
415 1267 498 1295 supra
513 1260 618 1288 dictum
641 1264 701 1294 est;
727 1263 848 1287 attamen
877 1266 1011 1295 ponamus

211 1304 284 1339 quod
296 1304 354 1340 ipse
366 1304 399 1332 de
411 1313 456 1332 me
471 1309 563 1339 tester,
576 1305 658 1340 igitur
669 1305 729 1332 licet
739 1305 822 1332 etiam
830 1312 880 1340 ego
889 1303 1009 1338 miliiipsi

211 1352 333 1382 testarer,
350 1358 364 1375 α
378 1349 569 1377 testimonium
586 1357 680 1377 meum
704 1353 775 1377 esset
790 1357 896 1382 verum,
915 1360 926 1373 τι
944 1348 1008 1384 quia

210 1393 268 1421 scio
281 1401 326 1421 me
347 1402 405 1421 esse
424 1395 526 1422 Filium
541 1394 604 1427 Dei,
620 1398 646 1421 et
663 1402 720 1421 non
737 1393 879 1421 hominem
896 1401 1006 1428 purum,

210 1438 260 1466 sed
279 1445 396 1473 superne
412 1439 566 1466 venientem
581 1442 610 1465 et
637 1439 738 1466 Deum.
756 1437 903 1472 Quomodo
925 1436 1007 1472 igitur

210 1483 325 1510 mendax
346 1483 397 1510 erit
418 1483 611 1511 testimonium
639 1490 742 1515 meum,
758 1490 820 1510 cum
848 1483 922 1509 Deus
941 1482 1004 1516 sim,

209 1531 236 1555 et
248 1531 389 1562 propterea
404 1528 550 1563 dignuscui
564 1527 709 1555 credatur?
719 1528 790 1554 Nam
800 1527 916 1554 omnino
930 1527 1006 1553 Deus

206 1571 310 1607 sibiipsi
329 1572 405 1600 testis
419 1573 539 1600 maxime
555 1572 672 1600 idoneus
683 1576 742 1605 est;
757 1571 806 1599 sed
820 1575 848 1598 et
861 1571 954 1598 volens
964 1570 1004 1598 ire

205 1616 243 1644 ad
260 1618 350 1644 Deum
369 1625 475 1652 verum,
496 1618 638 1654 quomodo
652 1616 787 1645 mentirer
802 1615 838 1644 ad
852 1623 908 1644 non
922 1623 1003 1644 men-

207 1661 303 1690 dacem
327 1662 460 1690 abiturus.

240 1753 330 1782 Vsus.
346 1755 390 1787 15,
407 1756 447 1781 16.
464 1764 477 1778 «ι
495 1753 552 1781 Vos
563 1751 717 1780 secundum
737 1759 848 1778 carnem
861 1750 1000 1787 judicatis,

203 1806 254 1834 ego
268 1806 322 1826 non
326 1798 420 1834 judico
431 1805 613 1833 quemquam.
631 1798 716 1824 Porro
730 1800 758 1823 et
770 1796 922 1831 sijudicem
936 1803 997 1831 ego,

197 1843 334 1879 judicium
356 1850 450 1870 meum
476 1850 574 1870 verum
598 1845 650 1875 est,
668 1841 734 1877 quia
750 1841 825 1868 solus
845 1849 902 1868 non
925 1848 998 1874 sum,

200 1887 249 1916 sed
261 1896 321 1924 ego,
345 1893 373 1916 et
386 1888 433 1923 qui
457 1887 531 1914 misit
545 1894 588 1914 me
601 1887 690 1914 Pater.
709 1897 722 1910 ιν
739 1887 797 1922 Ego
815 1885 940 1921 quidem,
955 1885 998 1912 in-

199 1933 267 1968 quit,
287 1941 352 1961 cum
376 1934 450 1960 Deus
474 1931 537 1964 sim,
553 1935 580 1959 et
598 1939 614 1959 e
635 1931 761 1966 supernis
783 1931 915 1964 venerim,
933 1938 997 1958 vera

198 1977 232 2005 de
247 1978 353 2013 meipso
372 1981 475 2010 testor;
491 1983 539 2003 vos
559 1976 650 2004 solum
661 1975 792 2012 spectatis
805 1974 839 2002 ad
858 1975 912 2002 hoc
923 1973 997 2010 quod

197 2027 331 2058 apparet:
358 2025 385 2049 et
400 2021 464 2057 quia
490 2022 516 2048 in
541 2029 623 2048 carne
649 2028 724 2053 sum,
753 2027 865 2047 carnem
890 2027 996 2046 meram

197 2074 243 2094 me
253 2075 313 2094 esse
332 2065 523 2102 suspicamini,
540 2069 568 2093 et
582 2073 638 2093 non
651 2065 735 2092 etiam
750 2065 850 2096 Deum,
866 2072 897 2091 ac
907 2072 921 2091 a
937 2065 994 2091 Deo

197 2111 305 2139 venisse
321 2120 328 2139 :
347 2119 362 2137 et
376 2110 529 2138 secundum
544 2117 654 2138 carnem
675 2109 815 2146 judicatis,
834 2120 846 2133 ιι
868 2108 921 2136 hoc
941 2113 991 2143 est,

195 2155 358 2192 periculose.
380 2157 452 2183 Nam
473 2155 544 2183 sicut
565 2155 612 2191 qui
626 2155 655 2182 in
684 2162 765 2182 carne
779 2154 853 2187 vivit,
871 2153 993 2190 improbe

195 2200 286 2229 vivere
299 2200 415 2234 dicitur;
431 2200 466 2228 ita
482 2205 508 2228 et
520 2200 566 2237 qui
591 2198 742 2227 secundum
755 2198 991 2235 carnemjudicat,
1006 2211 1032 2242 Β

194 2245 294 2281 injuste
304 2245 429 2282 judicare
453 2245 544 2273 dictus
560 2249 610 2272 est.
628 2243 733 2272 Deinde
756 2243 991 2280 quemadmodum

193 2289 308 2318 dixisset
329 2289 476 2326 quispiam,
489 2290 518 2317 Si
529 2297 580 2317 nos
599 2288 687 2316 Judaei
697 2287 854 2325 judicamus
878 2287 989 2324 injuste,

193 2342 280 2371 quare
292 2343 350 2362 non
362 2334 454 2370 punis,
474 2342 530 2362 non
555 2333 748 2362 condemnas?
760 2333 826 2361 dicit
844 2341 851 2361 :
876 2334 939 2360 Non
955 2332 991 2360 ad

191 2378 324 2412 hocveni,
332 2379 506 2416 utjudicem;
515 2380 596 2414 «Ego
603 2379 678 2406 enim
687 2378 794 2406 nullum
802 2377 988 2413 nuncjudico;

190 2428 219 2452 et
231 2424 255 2452 si
269 2425 396 2460 iudicem,
405 2424 540 2460 judicium
560 2431 653 2452 meum
668 2431 766 2451 verum
777 2427 828 2451 est.
845 2434 858 2447 ι
878 2422 988 2450 Etenim

189 2469 365 2497 condemnati
396 2469 500 2504 essetis,
521 2469 659 2506 siquidem
682 2467 830 2496 voluissem
850 2467 985 2504 judicare,

186 2521 262 2542 nunc
270 2519 366 2542 autem
377 2514 581 2543 damnationem
593 2514 693 2550 fugitis,
710 2522 766 2542 non
781 2513 843 2549 quia
855 2512 987 2540 damnare

185 2566 235 2586 vos
247 2567 303 2587 non
321 2560 425 2587 valeam
433 2561 482 2593 (a),
503 2559 550 2587 sed
566 2559 629 2595 quia
644 2567 717 2586 nunc
726 2566 782 2585 non
797 2561 839 2584 est
854 2561 962 2591 tempus
978 2563 984 2581 :

183 2603 212 2631 in
225 2604 377 2632 adventum
401 2604 552 2632 secundum
579 2602 706 2632 diti‘eram
721 2601 983 2630 condemnationem

182 2653 302 2677 vestram
324 2658 331 2676 :
361 2649 596 2686 quemadmodum
633 2653 661 2676 et
683 2647 736 2675 alio
761 2647 822 2674 loco
848 2645 913 2673 dicit
936 2645 947 2661 ²
973 2655 980 2673 :

184 2704 197 2718 σι
214 2695 277 2722 Non
291 2694 353 2722 veni
364 2699 395 2723 ut
404 2694 526 2731 judicem
534 2692 683 2728 mundum,
696 2691 744 2721 sed
750 2691 865 2720 salvam.
878 2702 891 2715 ν
903 2690 983 2725 Quod

215 2770 226 2786 ‘
240 2771 319 2799 Joan.
335 2778 392 2806 xu,
412 2774 457 2798 47.

1070 940 1161 977 εἶπεν,
1185 940 1248 969 dum
1265 940 1339 980 Ἐγώ
1366 942 1420 978 εἰμι
1444 941 1473 970 τὸ
1497 943 1552 981 φῶς
1578 945 1624 970 τοῦ
1649 943 1771 978 κόσμου,
1791 958 1802 970 υ
1819 947 1864 974 αἷ-

1068 987 1175 1014 τιῶνται
1189 985 1267 1014 αὐτὸν
1288 987 1322 1018 ὥς
1345 987 1406 1025 περὶ
1424 987 1516 1015 ἑαυτοῦ
1541 989 1737 1025 μαρτυροῦντα.
1761 988 1801 1018 Ὢ
1817 993 1867 1026 τ’ἧς

1068 1029 1173 1063 ἀνοίαςὶ
1192 1030 1278 1063 Αὐτὸς
1298 1029 1353 1058 ἄνω
1369 1029 1414 1058 καὶ
1430 1030 1506 1060 κάτω
1519 1031 1564 1063 τὰς
1586 1031 1692 1070 Γραςρὰς
1709 1028 1781 1062 εἷλκε
1798 1046 1866 1073 μαρη

1066 1075 1192 1113 τυρούσας
1217 1075 1277 1113 περὶ
1299 1076 1413 1111 ἑαυτοῦ,
1446 1076 1491 1104 καὶ
1522 1075 1596 1104 αὐτοὶ
1619 1078 1756 1105 αἰτιῶνται
1785 1079 1865 1108 αὐτὸν

1065 1120 1099 1151 ὡς
1114 1119 1173 1158 περὶ
1192 1121 1283 1148 ἑαυτοῦ
1308 1122 1505 1158 μαρτυροῦν-τω
1530 1120 1569 1148 διὸ
1594 1120 1657 1159 πρὸς
1682 1121 1730 1156 τὴν
1751 1134 1867 1163 κακουρ-

1065 1163 1124 1202 γίαν
1137 1165 1223 1192 αὐτῶν
1239 1164 1285 1192 καὶ
1299 1165 1374 1197 αὐτὸς
1393 1165 1482 1196 αὐτοῖς
1498 1163 1684 1203 ἀποκρίνεται,
1701 1165 1740 1194 ὅτι
1755 1164 1864 1204 Ἔστω,

1065 1208 1142 1240 αὐτὸς
1170 1208 1230 1246 περὶ
1248 1209 1362 1246 ἐμαυτοῦ
1386 1210 1532 1248 μαρτυρῶ,
1557 1211 1642 1237 καίτοι
1667 1221 1696 1247 γε
1723 1210 1759 1247 μὴ
1784 1215 1866 1242 τοῦτο

1063 1254 1144 1281 ποιῶν
1154 1275 1161 1288 ,
1178 1252 1246 1281 ἀλλὰ
1261 1253 1330 1292 τρεῖς
1344 1251 1414 1292 ἔχων
1440 1253 1590 1292 μάρτυρας,
1608 1254 1652 1282 τὸν
1664 1254 1773 1293 Πατέρα
1789 1267 1844 1293 μου
1855 1281 1864 1296 ⁷

1063 1297 1108 1326 καὶ
1122 1297 1156 1326 τὰ
1171 1298 1251 1336 ἔργα,
1269 1298 1315 1326 καὶ
1329 1297 1376 1330 τὰς
1392 1297 1498 1337 Γραφὰς
1508 1320 1516 1333 ,
1533 1297 1597 1326 καθὸ
1621 1298 1652 1333 δὴ
1673 1298 1717 1326 καὶ
1733 1300 1865 1340 ἀνωτέρω

1063 1340 1173 1380 εἴρηται·
1190 1341 1262 1379 ὅμως
1280 1344 1389 1385 θῶμεν,
1411 1340 1451 1370 ὅτι
1467 1342 1542 1375 αὐτὸς
1563 1343 1623 1381 περὶ
1648 1343 1763 1379 ἐμαυτοῦ
1786 1356 1862 1385 μαρ-

1062 1388 1143 1425 τυρῶ.
1164 1400 1174 1412 α
1193 1386 1250 1416 Κᾶν
1266 1382 1310 1415 οὖν
1326 1385 1378 1425 ἐγὼ
1394 1387 1502 1425 ἐμαυτῷ
1520 1388 1663 1426 μαρτυρῶ,
1688 1390 1704 1422 ἡ
1719 1382 1862 1428 μαρτυρία

1063 1442 1114 1467 μου
1141 1430 1242 1466 ἀληθής
1271 1431 1343 1465 ἐστι,
1368 1430 1433 1459 διότι
1463 1426 1540 1466 οἶδα,
1567 1430 1606 1459 ὅτι
1633 1434 1677 1460 τοῦ
1701 1433 1772 1461 Θεοῦ
1798 1426 1860 1472 εἶμι

1061 1475 1141 1514 Υἱὸς,
1162 1475 1207 1504 καὶ
1230 1476 1277 1504 οὖκ
1294 1475 1535 1517 άνθρωποςλψιλὸς,
1560 1476 1620 1504 ἀλλ’
1646 1476 1746 1506 ἄνωθεν
1772 1479 1859 1517 ἔρχό-

1060 1531 1135 1556 μενος
1150 1520 1195 1548 καὶ
1217 1519 1295 1553 Θεός.
1323 1521 1386 1553 Πῶς
1408 1515 1452 1549 οὖν
1469 1520 1566 1559 ψευδὴς
1581 1521 1655 1550 ἔσται
1675 1523 1691 1556 ἡ
1718 1515 1861 1562 μαρτυρία

1059 1575 1110 1602 μου
1125 1566 1196 1594 Θεοῦ
1223 1565 1311 1600 ὄντος,
1337 1564 1382 1593 καὶ
1399 1564 1441 1592 διὰ
1464 1567 1542 1594 τοῦτο
1567 1564 1639 1598 ἀξίου
1662 1566 1857 1603 πιστεύεσθαι;

1059 1609 1170 1642 Πάντως
1190 1609 1241 1649 γὰρ
1256 1611 1270 1638 6
1285 1609 1352 1642 Θεὸς
1367 1608 1517 1642 ἀξιόπιστος
1532 1611 1617 1649 ἑαυτῷ
1642 1611 1752 1648 μάρτυς.
1771 1610 1861 1641 Ἀλλὰ

1057 1654 1104 1683 καὶ
1122 1655 1185 1693 πρὸς
1202 1655 1270 1684 Θεὸν
1288 1655 1391 1692 μέλλων
1411 1655 1534 1682 ἀπελθεῖν
1556 1653 1598 1682 τὸν
1623 1655 1707 1690 ἀληθῆ
1719 1677 1726 1687 ,
1745 1656 1802 1689 πῶς
1819 1656 1857 1686 ἂν

1056 1698 1200 1739 ψευδοίμην
1217 1698 1281 1738 πρὸς
1297 1698 1340 1727 τὸν
1355 1699 1440 1736 ἀληθῇ
1459 1699 1564 1735 μέλλων
1583 1700 1724 1736 ἀπελθεῖνς

1096 1757 1107 1770 ι
1131 1743 1223 1781 Ὑμεῖς
1234 1743 1303 1772 κατὰ
1318 1742 1365 1778 τὴν
1383 1743 1469 1781 σάρκα
1491 1743 1611 1782 κρίνετε,
1635 1742 1687 1780 ἐγὼ
1703 1743 1785 1784 κρίνω
1807 1745 1858 1774 οὖ-

1055 1788 1126 1818 ὂένα.
1154 1788 1209 1818 Καὶ
1233 1788 1277 1817 ἐὰν
1301 1787 1382 1827 κρίνω
1401 1786 1463 1826 ἐγὼ,
1486 1789 1502 1822 ἡ
1520 1786 1606 1826 κρίσις
1630 1790 1646 1823 ἡ
1673 1788 1724 1825 ἐμὴ
1751 1790 1860 1825 ἀληθής

1054 1834 1139 1871 ἐστιν,
1155 1833 1194 1862 ὅτι
1219 1832 1296 1871 μόνος
1317 1833 1364 1861 οὖκ
1380 1831 1447 1870 ἐγὼ,
1468 1831 1526 1860 ἀλλ’
1543 1831 1611 1870 ἐγὼ,
1634 1832 1680 1861 καὶ
1704 1834 1717 1861 6
1742 1833 1860 1873 πέμψας

1054 1890 1087 1916 με
1102 1878 1209 1918 Πατήρ.
1228 1891 1238 1903 ἰ
1253 1876 1328 1916 Ἐγὼ
1343 1877 1390 1915 μὲν
1401 1899 1408 1912 ,
1425 1877 1489 1917 φησὶ
1501 1899 1509 1914 ,
1530 1877 1597 1910 Θεὸς
1613 1876 1664 1912 ὢν,
1683 1876 1728 1905 καὶ
1751 1877 1858 1907 ἄνωθεν

1053 1923 1151 1959 ἐλθὼν,
1167 1925 1253 1958 άληθῆ
1276 1922 1336 1961 περὶ
1358 1922 1474 1959 ἐμαυτοῦ
1499 1922 1635 1960 μαρτυρῶ·
1652 1922 1726 1957 ὑμεῖς
1741 1921 1767 1950 δὲ
1785 1922 1859 1961 πρὸς

1051 1967 1081 1996 τὸ
1107 1968 1264 2008 φαινόμενον
1300 1966 1378 2005 μόνον
1408 1964 1616 2000 ἀποϐλέποντες,
1650 1965 1695 1994 καὶ
1727 1965 1793 1993 διότι
1825 1968 1856 1996 ἐν

1052 2013 1131 2052 σαρκί
1156 2013 1227 2050 εἶμι,
1251 2011 1339 2050 σάρκα
1364 2010 1444 2050 ψιλήν
1471 2021 1502 2047 με
1536 2009 1759 2047 ὑπολαμϐάνετε,
1784 2011 1854 2040 ἀλλ’

1050 2058 1110 2097 οὐχὶ
1126 2056 1172 2086 καὶ
1186 2057 1271 2092 Θεὸν,
1285 2055 1331 2085 καὶ
1353 2056 1383 2084 ἐκ
1398 2057 1468 2085 Θεοῦ
1498 2054 1616 2084 ἐλθόντα.
1635 2067 1646 2078 υ
1665 2053 1743 2083 Κατὰ
1757 2054 1853 2094 σάρκα

1050 2102 1161 2141 κρίνετε·
1180 2115 1193 2128 ι
1219 2100 1354 2130 τουτέστιν
1381 2101 1533 2139 ἐπισφαλῶς
1564 2098 1672 2138 ’Ὠσπερ
1696 2098 1747 2138 γὰρ
1777 2100 1792 2127 6
1823 2102 1854 2129 ἐν

1049 2147 1128 2185 σαρκὶ
1151 2148 1214 2182 ζῶν,
1236 2144 1343 2186 φαύλως
1371 2145 1476 2184 λέγεται
1501 2145 1558 2183 Civ”
1585 2143 1653 2173 οὕτω
1677 2143 1722 2171 καὶ
1743 2144 1757 2171 6
1776 2144 1854 2174 κατὰ

1048 2192 1132 2231 σάρκα
1162 2190 1274 2230 κρίνων,
1300 2190 1396 2222 ἀδίκως
1425 2189 1521 2228 κρίνων
1548 2187 1580 2216 ἂν
1611 2187 1727 2227 λεχθείη.
1774 2183 1851 2217 Εἶτα

1046 2235 1136 2276 ὥσπερ
1158 2235 1225 2269 τινὸς
1249 2234 1375 2267 εἰπόντος’
1402 2233 1433 2261 Εἰ
1449 2233 1543 2265 ἀδίκως
1566 2232 1689 2272 κρίνομεν
1716 2233 1794 2269 ἡμεῖς
1822 2235 1849 2262 οἱ

1047 2275 1183 2315 Ἰουδαῖοι,
1198 2279 1241 2308 διὰ
1255 2279 1281 2308 τί
1295 2279 1333 2318 μὴ
1345 2279 1480 2312 κολάζεις,
1496 2278 1539 2306 διὰ
1554 2276 1579 2306 τί
1593 2277 1630 2314 μὴ
1651 2275 1824 2315 κατακρίνεις
1838 2289 1846 2313 ;

1046 2325 1140 2366 φησὶν,
1158 2325 1198 2354 ὅτι
1213 2326 1271 2354 Οὐκ
1287 2324 1330 2353 ἐπὶ
1351 2323 1436 2362 τούτῳ
1453 2318 1532 2358 ἦλθον
1548 2321 1592 2350 ἵνα
1612 2321 1704 2361 κρίνω.
1739 2335 1751 2346 ιι
1767 2320 1850 2359 Ἐγὼ

1044 2365 1095 2410 Ῠὰρ
1119 2371 1212 2398 οὐδένα
1236 2368 1316 2408 κρίνω
1331 2371 1386 2396 ν’ὗν·
1410 2367 1455 2396 καὶ
1479 2366 1524 2395 ἐὰν
1541 2367 1621 2406 κρίνω
1641 2366 1686 2402 δὲ,
1711 2368 1727 2401 ἡ
1755 2365 1848 2410 κρίσις

1045 2409 1094 2452 μου
1120 2414 1218 2450 ἀληθής
1242 2415 1306 2443 ἐστι.
1332 2426 1343 2438 ιι
1367 2412 1422 2442 Καὶ
1446 2411 1497 2450 γὰρ
1522 2410 1776 2447 καταδεδικασμένοι
1806 2409 1842 2438 ἂν

1042 2455 1106 2498 ἦτε,
1129 2459 1154 2488 εἴ
1172 2471 1201 2498 γε
1226 2458 1342 2494 ἠθέλησα
1365 2458 1463 2496 κρῖναι.
1491 2457 1548 2485 Νῦν
1573 2455 1599 2483 δὲ
1625 2454 1765 2494 ἐκτρεύγετε
1793 2453 1847 2489 τὴν

1042 2506 1216 2544 κατάκρισιν,
1244 2505 1272 2532 οὗ
1309 2502 1375 2531 διότι
1403 2501 1526 2529 ἀδυνατῶ
1555 2500 1622 2537 ὑμᾶς
1657 2503 1841 2538 κατακρῖναι,

1045 2549 1112 2579 ἀλλὰ
1137 2549 1203 2579 διότι
1226 2549 1273 2577 οὐκ
1298 2546 1354 2576 ἔστι
1381 2549 1426 2575 νῦν
1455 2543 1555 2583 καιρός.
1581 2545 1624 2583 Τῇ
1649 2543 1699 2582 γὰρ
1731 2543 1847 2583 δευτέρᾳ

1039 2595 1172 2635 παρουσίᾳ
1193 2591 1356 2631 ταμιεύομαι
1378 2590 1426 2625 τὴν
1452 2589 1609 2628 κατάκρισιν
1640 2589 1723 2626 ὑμῶν·
1746 2587 1844 2625 ὥσπερ

1038 2632 1086 2669 καί
1099 2632 1217 2679 άλλάγοῢ
1234 2649 1314 2677 φησι,
1333 2636 1374 2665 ὅτι
1402 2647 1417 2662 α
1441 2635 1500 2664 Οὐκ
1518 2632 1596 2669 ἦλθον
1621 2637 1707 2672 κρῖναι
1729 2632 1772 2659 τὸν
1789 2632 1845 2660 κός

1039 2697 1125 2724 σμον,
1144 2676 1213 2714 ἀλλὰ
1227 2676 1324 2712 ἐῶσαν
1342 2694 1355 2710 )›
1374 2679 1433 2710 ἐπεὶ
1452 2678 1492 2708 ὅτι
1506 2690 1535 2718 γε
1551 2679 1628 2711 αὐτός
1648 2679 1718 2706 ἐστιν
1735 2677 1750 2705 6
1764 2676 1844 2705 πάν-

213 2832 250 2864 (α)
270 2829 345 2859 Edit.
360 2829 428 2856 Lut.
446 2827 559 2863 omittit,
583 2834 654 2855 nunc
665 2828 755 2855 autem
768 2825 969 2854 damnationem
983 2825 1094 2860 fugitis,
1113 2822 1244 2858 nonquia
1259 2822 1389 2849 damnare
1402 2829 1448 2847 vos
1467 2825 1521 2846 non
1535 2815 1652 2844 valeam.
