1910 3077
44 171 74 196 l3
425 168 620 196 ENARRATIO
641 169 672 196 1N
691 168 905 196 EVANGELIUM
923 167 1062 196 JOANNIS
1081 183 1116 188 —
1135 168 1210 195 CAP.
1231 169 1303 196 Vlll.
1655 168 1686 194 Η

42 243 94 260 των
113 231 219 271 κριτὴς,
241 230 321 260 ἄκουε
335 233 380 260 τοῦ
396 232 524 271 ἀψευδοῦς
544 231 693 268 στόματος,
712 230 752 260 ὅτι
771 244 782 256 τι

45 276 139 314 Πατὴρ
170 275 217 311 τὴν
244 277 329 314 κρίσιν
357 280 446 305 πᾶσαν
478 276 575 305 δέδωκε
598 278 634 315 τῷ
660 277 727 315 Υἱῷ.
753 275 838 306 Ὥστε

42 320 104 349 ὅταν
123 320 238 360 ἀκούῃς,
257 320 297 349 ὅτι
325 334 336 346 ιι
350 320 423 358 Ἐγὼ
444 321 526 360 κρίνω
549 321 659 356 οὐδένα,
685 334 697 346 ν
718 320 756 359 μὴ
778 320 839 360 περὶ

42 367 89 400 τῆς
114 365 260 402 μελλούσης
280 364 446 404 παρουσίας,
464 365 534 394 ἀλλὰ
554 368 600 401 τῆς
623 365 770 405 προτέρας,
785 365 840 395 νόει

42 409 166 448 λέγεσθαι
190 412 277 440 τοῦτο.
305 409 395 439 Εἰπὼν
418 409 466 445 δὲ,
492 410 532 439 ὅτι
557 422 572 437 α
587 411 645 439 Οὐκ
669 411 724 448 εἰμὶ
749 410 839 447 μόνος,

44 453 113 483 ἀλλὰ
128 453 173 483 καὶ
193 457 206 483 6
224 454 318 493 Πατήρ
337 465 388 492 μου
410 455 468 491 μετ’
487 455 551 491 ἐμοῦ
576 455 647 484 ἔστιν
661 477 668 490 ,
696 468 707 479 η
729 455 838 492 ἔδειξεν,

42 498 85 527 ὅτι
108 499 167 528 Οὐκ
190 497 241 537 ὶγὼ
267 499 344 536 μόνος
367 499 539 532 καταδικάζω
563 501 646 537 ὑμᾶς,
672 499 742 527 ἀλλὰ
766 498 812 528 καὶ
828 500 841 527 6

46 543 154 582 Πατήρ.
183 544 225 573 Οὗ
241 543 293 583 γὰρ
317 543 404 576 ἄλλως
430 543 477 581 μὲν
493 543 545 581 ἐγὼ
567 543 663 583 κρίνω,
683 544 769 576 ἄλλως
783 543 810 572 δὲ
827 545 842 573 6

118 587 125 598 l
148 596 154 599 _
183 587 270 599 μυσ

43 633 141 665 ἐκεῖνος
148 655 156 668 ,
173 632 240 661 οὕτω
253 632 336 672 κάγώ.

89 691 102 703 ι
118 677 172 707 Καὶ
187 679 213 706 ἐν
228 679 265 717 τῷ
282 677 355 717 νόμῳ
377 677 404 706 δὲ
425 678 464 717 τῷ
486 676 607 717 ὑμετέρῳ
621 677 780 718 γέγραπται,
800 678 842 708 ὅτι

45 721 92 751 δύο
116 721 260 762 ἀνθρώπων
276 725 292 758 ἡ
318 721 452 762 μαρτυρία
468 722 569 758 ἀληθής
586 725 665 753 ἐστιν.
695 722 768 762 Ἐγώ
785 724 842 761 εἶμι

45 768 60 796 6
76 768 216 806 μαρτυρῶν
231 766 293 805 περὶ
315 768 451 804 ἐμαυτοῦ,
469 767 515 795 καὶ
535 768 666 807 μαρτυρεῖ
689 767 750 806 περὶ
776 768 842 806 ἐμοῦ

45 814 60 842 6
76 811 185 852 πέμψας
199 823 233 847 με
253 811 361 851 Πατήρ.
378 825 390 837 υ
411 811 571 841 Εἷπάτωσαν
583 813 696 842 ἐνταῦθα
714 813 843 852 Ἀρειανοί

46 868 77 886 τε
92 857 138 886 καὶ
154 856 314 893 Εὖνομιανοὶ
323 879 332 894 ,
346 857 370 885 οἱ
382 856 501 895 λέγοντες
521 856 558 895 μὴ
570 857 708 894 ὁμοούσιον
724 853 792 886 εἶναι
805 858 842 897 τῷ

802 230 836 261 '0
851 234 876 265 Α
891 234 983 258 autem
997 230 1055 266 ipse
1065 230 1099 257 sit
1113 230 1238 258 omnium
1248 229 1340 265 judex,
1362 229 1424 257 audi
1440 237 1471 258 os
1482 229 1555 266 quod
1578 228 1688 257 mentiri

894 275 992 308 nescit,
1012 287 1023 299 ι
1042 276 1122 302 Pater
1134 275 1217 310 617
1226 274 1360 311 judicium
1373 282 1454 302 omne
1472 275 1546 302 dedit
1561 274 1627 302 Filio
1639 274 1660 301 ³.
1674 284 1686 299 ιι

893 322 983 355 Atque
993 319 1028 347 ita
1040 319 1148 355 quando
1158 319 1248 351 audis,
1261 318 1335 355 quod
1347 330 1359 342 ι
1371 319 1428 354 Ego
1440 319 1545 346 nullum
1557 319 1661 355 judico,
1675 333 1687 344 ι

893 372 947 392 non
971 364 1005 392 de
1031 364 1124 392 futuro
1149 363 1277 396 adventu,
1303 363 1352 391 sed
1374 363 1409 390 de
1430 363 1556 399 praesenti
1583 364 1689 393 dictum

893 409 1023 445 intelligo.
1041 408 1163 436 Dicendo
1179 412 1284 442 autem,
1305 419 1317 432 ιι
1335 409 1397 435 Νοι]
1415 415 1479 435 sum
1493 408 1581 441 solus,
1596 408 1643 436 sed
1662 414 1690 437 et

894 453 976 481 Pater
986 461 1063 481 meus
1075 461 1182 481 mecum
1193 457 1245 486 est,
1263 464 1274 477 ι
1286 452 1407 480 ostendit
1420 451 1496 488 quod
1512 453 1574 480 Non
1584 460 1634 488 ego
1646 461 1690 480 so-

895 498 937 525 lus
956 498 1111 526 condemno
1131 506 1195 532 vos;
1221 497 1268 526 sed
1285 502 1313 525 ct
1332 499 1422 525 Pater.
1441 499 1502 525 Non
1524 497 1596 525 enim
1615 497 1692 526 aliter

895 543 1006 578 quidem
1020 551 1070 579 ego
1081 542 1185 579 judico,
1203 543 1284 570 aliter
1299 550 1362 570 vero
1379 544 1472 578 Pater;
1485 541 1533 571 sed
1544 542 1614 571 sicut
1628 550 1690 579 ego,

896 587 934 615 ita
949 592 977 616 et
986 587 1041 623 ille,
1055 592 1082 616 et
1095 588 1167 616 sicut
1184 587 1239 621 ille,
1254 592 1282 616 et
1295 595 1355 623 ego.

931 679 1021 706 Vsns.
1044 680 1089 711 17,
1106 679 1148 705 18.
1167 689 1180 702 ι
1196 677 1268 711 Quin
1282 681 1310 705 et
1324 677 1354 704 in
1375 677 1434 713 lege
1456 681 1543 705 vestra
1558 678 1693 714 scriptum

895 727 952 757 est,
972 722 1047 758 quod
1067 723 1187 750 duorum
1209 722 1356 750 hominum
1381 722 1569 750 testimonium
1595 731 1693 752 verum

896 772 947 797 est.
964 769 1022 803 Ego
1040 775 1102 795 sum
1116 767 1162 803 qui
1187 767 1379 795 testimonium
1399 766 1457 795 fero
1478 767 1512 795 de
1532 767 1648 804 meipso,
1665 773 1693 797 et

896 812 1087 841 testimonium
1114 811 1167 840 fert
1190 812 1224 840 de
1251 820 1294 840 me
1318 812 1364 848 qui
1390 812 1467 840 misit
1494 820 1538 840 me
1563 813 1653 841 Pater.
1679 825 1692 838 ι

898 858 996 886 Dicant
1010 857 1062 885 hoc
1077 857 1136 886 loco
1152 857 1250 885 Ariani
1272 861 1299 884 et
1313 857 1488 890 Eunomiani,
1504 857 1625 886 dicentes
1639 865 1695 886 non

48 901 139 940 Πατρὶ
154 900 198 930 τὸν
219 901 296 931 Υἱόν·
321 902 344 930 εἶ
362 901 399 939 μὴ
424 901 560 939 ὁμοούσιος
583 897 632 938 ἦν,
653 905 709 936 πῶς
723 902 754 931 ἂν
771 902 825 932 ἐτόλ

922 911 956 931 sse
980 901 1244 931 consubstantialem
1261 902 1334 929 Patri
1349 902 1469 930 Filium:
1485 902 1508 930 si
1528 910 1583 930 non
1599 902 1696 931 fuisset

45 958 133 984 μησεν
149 947 249 985 εἰπεῖν,
268 945 308 974 ὅτι
330 947 386 981 Τῆς
410 946 492 982 αὐτῆς
507 947 642 980 αὐθεντίας
668 946 715 976 καὶ
740 947 843 981 ἀξιοπι-

46 991 125 1023 στίας
153 990 208 1029 εἰμὶ
232 992 270 1030 τῷ
295 990 401 1030 Πατρί;
423 989 530 1031 Ὥσπερ
555 991 606 1030 γὰρ
632 990 678 1020 δύο
698 991 844 1030 ἀνθρώπων

45 1035 109 1076 περί
134 1047 203 1068 τινος
231 1035 454 1075 μαρτυρούντων,
480 1035 526 1064 καὶ
556 1036 671 1070 ἀληθοῦς
695 1034 775 1070 οὔσης
799 1037 846 1070 τῆς

46 1079 196 1119 μαρτυρίας
210 1080 314 1115 αὐτῶν,
331 1080 463 1118 πρόδηλον
487 1079 528 1108 ὅτι
552 1079 598 1108 καὶ
618 1081 635 1114 ἡ
663 1079 814 1113 ἀξιοπιστία
827 1082 845 1115 ἡ

46 1124 128 1160 aur/j-
156 1123 226 1152 οὕτω
249 1124 401 1159 κάνταῦθα,
415 1123 488 1153 οὐδὲν
513 1123 620 1153 ἔλαττον
637 1123 757 1163 ἐμφαίνει
777 1123 846 1162 ἔχειν

43 1168 96 1204 τὴν
112 1170 206 1198 ἑαυτοῦ
221 1168 286 1207 πρὸς
301 1167 348 1203 τὴν
373 1170 416 1197 τοῦ
441 1168 548 1206 Πατρὸς
575 1168 733 1208 μαρτυρίαν.
754 1166 848 1198 Ἄκουε

45 1213 101 1253 γὰρ
131 1214 288 1246 αὖθεντιιιῶς
313 1212 452 1252 λεγόμενον
474 1213 504 1242 τὸ
531 1212 634 1252 ἐφεξῆς·
659 1225 674 1240 α
693 1213 767 1252 Ἐγώ
791 1214 847 1251 εἰμι

44 1260 59 1288 ὁ
79 1259 223 1298 μαρτυρῶν
241 1258 302 1297 περὶ
317 1258 451 1295 ἐμαυτοῦ,
473 1257 519 1287 καὶ
544 1260 675 1297 μαρτυρεῖ
698 1258 760 1298 περὶ
783 1260 848 1297 ἐμοῦ

44 1302 95 1331 καὶ
111 1304 125 1330 6
142 1301 249 1341 Πατήρ.
268 1314 281 1329 ι
302 1301 386 1342 (Ορᾷς
410 1301 457 1338 τὴν
472 1301 530 1337 ἴσην
548 1302 701 1338 αὖθεντίαν,
718 1303 764 1332 χαὶ
778 1303 849 1335 ὅπως

48 1346 148 1376 ἑαυτὸν
164 1346 316 1380 ἀξιόπιστον
334 1351 464 1382 ποιεῖται,
483 1345 574 1386 ὥσπερ
595 1348 641 1376 χαὶ
657 1347 700 1376 τὸν
720 1347 848 1388 Πατέρα;

41 1390 138 1430 αοπερ
155 1392 203 1420 οὐκ
228 1390 260 1419 ἂν
286 1391 432 1428 ἐτόλμησεν
450 1392 549 1427 εἰπεῖν,
569 1392 593 1420 εἴ
613 1403 642 1430 γε
658 1391 848 1432 ὑποδεέστερος

47 1432 82 1471 ἧν
98 1438 144 1465 τοῦ
164 1435 270 1474 Πατρὸς
292 1435 361 1465 κατὰ
381 1435 429 1471 τὴν
448 1435 542 1472 ἀξίαν,
564 1434 609 1465 χαὶ
630 1437 677 1465 οὐκ
702 1436 756 1470 ἶσος
774 1438 848 1477 αὐτῷ

48 1481 98 1510 καὶ
125 1479 273 1518 ὁμοούσιος.
303 1481 337 1509 Εἰ
361 1480 412 1520 γὰρ
442 1480 572 1515 ἠϐούλετο
597 1480 688 1520 ὕφεσίν
716 1493 774 1510 τινα
802 1483 848 1512 καὶ

899 947 1025 983 ejusdem
1042 947 1214 979 substantias,
1229 946 1372 983 quomodo
1384 954 1467 975 ausus
1482 946 1579 975 fuisset
1591 947 1693 982 dicere,

900 992 1030 1028 Ejusdem
1054 991 1226 1019 auctoritatis
1246 999 1310 1019 sum
1329 999 1394 1019 cum
1416 992 1508 1025 Patre,
1526 995 1554 1018 et
1567 991 1697 1019 similiter

900 1035 1002 1072 dignus
1025 1036 1070 1063 cui
1092 1036 1162 1063 ﬁdes
1187 1035 1338 1063 habeatur?
1362 1036 1435 1063 Nam
1459 1035 1696 1070 quemadmodum

901 1088 966 1108 cum
981 1079 1036 1108 duo
1057 1079 1181 1107 homines
1195 1079 1229 1108 de
1247 1079 1343 1108 eadem
1357 1087 1388 1107 re
1403 1083 1549 1114 testantur,
1563 1084 1590 1108 et
1602 1088 1698 1108 verum

901 1129 942 1154 est
973 1125 1082 1153 illorum
1113 1124 1317 1158 testimonium,
1349 1123 1526 1152 manifestum
1550 1129 1592 1153 est
1623 1124 1699 1161 quod

902 1170 1045 1205 utriusque
1067 1169 1165 1198 eadem
1182 1173 1223 1196 est
1243 1169 1377 1197 idoneitas
1396 1169 1425 1196 in
1444 1169 1569 1197 testando
1588 1180 1595 1197 :
1612 1169 1650 1197 ita
1671 1173 1699 1197 et

902 1215 956 1242 hoc
971 1215 1030 1242 loco
1042 1214 1110 1242 nihil
1124 1214 1217 1242 minus
1232 1213 1332 1241 habere
1346 1213 1466 1242 declarat
1477 1221 1559 1242 suum
1573 1214 1698 1242 testimo-

903 1260 978 1287 nium
990 1260 1078 1288 Patris
1088 1259 1256 1287 testimonio.
1274 1259 1344 1287 Audi
1354 1259 1429 1287 enim
1441 1258 1514 1295 quod
1525 1267 1699 1294 consequen-

904 1309 946 1333 ter
959 1312 1059 1340 magna
1074 1304 1238 1332 auctoritate
1252 1303 1364 1337 dicitur,
1381 1315 1393 1328 ε
1409 1305 1466 1339 Ego
1481 1312 1543 1332 sum
1560 1304 1608 1340 qui
1622 1304 1700 1331 testi-

904 1350 1030 1377 monium
1045 1349 1103 1377 fero
1115 1349 1149 1377 de
1162 1349 1278 1384 meipso,
1293 1353 1321 1376 et
1333 1349 1523 1376 testimonium
1538 1349 1592 1376 fert
1605 1349 1641 1377 de
1656 1356 1702 1376 me

904 1396 994 1422 Pater.
1015 1406 1028 1418 ν
1046 1393 1130 1422 Vides
1144 1393 1338 1421 auctoritatem
1354 1394 1390 1429 (α)
1406 1401 1510 1429 parem,
1523 1397 1550 1421 et
1560 1393 1701 1429 quomodo

903 1447 933 1467 se
943 1447 1021 1475 aeque
1028 1439 1062 1466 ad
1071 1439 1262 1467 testimonium
1271 1437 1337 1466 facit
1346 1438 1475 1466 idoneum
1485 1442 1566 1473 atque
1575 1439 1682 1466 Patrem
1689 1439 1702 1465 ?

904 1484 933 1512 Id
948 1484 1021 1520 quod
1036 1492 1094 1511 non
1112 1491 1197 1511 ausus
1216 1483 1314 1511 fuisset
1334 1483 1436 1517 dicere,
1455 1483 1591 1518 siquidem
1612 1483 1700 1519 digni-

51 1524 200 1554 ἐλάττωσιν
224 1523 404 1563 ἐνδείξασθαι,
428 1525 475 1554 οὸκ
499 1525 531 1554 ἂν
557 1526 648 1555 ἑαυτὸν
671 1526 825 1566 συνηρίομηι

922 1533 961 1557 ate
986 1530 1065 1557 Patre
1089 1527 1187 1556 fuisset
1209 1527 1332 1559 inferior,
1357 1531 1383 1555 et
1403 1535 1461 1555 non
1480 1527 1592 1564 aequalis
1614 1527 1654 1555 illi
1669 1535 1701 1555 ac

48 1571 90 1610 τῷ
109 1569 197 1608 Πατρὶ
207 1593 216 1606 ,
232 1569 277 1598 καὶ
292 1569 340 1604 τὴν
351 1570 450 1599 οἰκείαν
471 1570 619 1610 μαρτυρίαν
633 1572 667 1610 τῇ
680 1573 726 1600 τοῦ
744 1573 847 1612 ΙΙατρὸς

50 1613 263 1652 συγκατέταττε’
289 1613 358 1643 ἀλλὰ
374 1615 465 1648 δοῦλος
486 1616 536 1650 ὢν,
562 1615 650 1648 καθὼς
673 1616 696 1644 οἱ
719 1616 846 1656 αἱρετικοὶ

49 1658 240 1695 δυσσεϐοῦσιν,
267 1659 302 1692 εἷς
321 1658 368 1688 ἕνα
382 1660 434 1688 τῶν
458 1659 608 1700 συνδούλων
625 1659 776 1700 ἀπέϐλεψεν
793 1661 825 1690 ἂν
837 1683 846 1700 ,

47 1705 174 1732 κάκεῖνον
196 1703 375 1743 συμμάρτυρα
397 1703 561 1741 ἐποιήσατο,
581 1699 634 1734 οἶον
659 1704 704 1734 τὸν
719 1699 848 1742 Ἰωάννην

46 1748 138 1786 λέγω,
160 1747 178 1783 ἢ
193 1747 253 1781 τοὺς
273 1748 418 1788 προφήτας·
449 1747 466 1784 ἢ
489 1749 593 1784 ἁπλῶς,
619 1749 643 1778 εἴ
666 1761 695 1787 γε
726 1749 848 1783 τοιαύτας

47 1793 132 1828 ἤθελε
149 1791 311 1832 μαρτυρίας,
329 1792 425 1832 μυρίας
440 1793 472 1822 ἂν
487 1789 557 1832 εὗρε.
573 1795 629 1824 Νῦν
644 1793 671 1822 δὲ
690 1793 737 1828 τὴν
753 1796 849 1832 ὃμοου-

47 1837 163 1873 σιότητα
177 1837 259 1866 θέλων
281 1837 382 1875 δεῖξαι,
401 1837 436 1872 ἣν
453 1837 509 1876 ἔχει
524 1837 589 1877 πρὸς
609 1837 652 1866 τὸν
667 1838 778 1878 Πατέρα
788 1862 796 1875 ,
811 1841 849 1879 τῷ

50 1881 145 1920 Πατρὶ
161 1881 315 1920 συναριθμεῖ
330 1881 433 1912 ἑαυτόν.
458 1882 504 1917 Μὴ
525 1882 665 1922 θαυμάσῃς
690 1882 736 1919 δὲ,
757 1883 780 1912 εἰ
801 1885 850 1912 ἆλ-

48 1928 140 1966 λαχοῦ
153 1925 199 1955 καὶ
215 1925 357 1962 Ἰωάννην,
375 1926 421 1955 καὶ
437 1927 540 1962 Μωσῆν
550 1949 557 1963 ,
576 1927 622 1956 καὶ
637 1926 696 1961 τοὺς
712 1928 850 1968 προφήτας

45 1971 168 2010 παράγει
189 1970 251 2010 περὶ
277 1973 359 2000 αὐτοῦ
387 1974 598 2011 μαρτυροῦντας.
628 1972 700 2012 Πρὸς
721 1972 773 2013 γὰρ
800 1973 849 2008 τὴν

46 2017 104 2045 τῶν
137 2017 274 2055 ἀκροατῶν
309 2015 442 2056 ὑπόληψιν
468 2019 545 2045 τοῦτο
568 2018 651 2046 ποιεῖ·
681 2018 727 2046 καὶ
757 2017 849 2054 ἐπειδὴ

45 2062 147 2090 ἐκεῖνοι
160 2061 204 2089 τὸν
228 2059 356 2095 Ἰωάννην
381 2061 426 2089 καὶ
449 2061 492 2090 τὸν
510 2062 613 2097 Μωσῆν
631 2062 711 2091 αὐτοῦ
741 2063 846 2102 προετί-

47 2109 147 2141 Θεσαν,
170 2105 263 2135 τούτου
285 2103 372 2134 ἕνεκεν
395 2104 456 2138 τοὺς
475 2105 662 2144 νομιζομένους
685 2107 749 2146 παρ’
763 2108 850 2140 αὐτοῖς

49 2149 173 2184 ἐνδόξους
197 2150 243 2178 χαὶ
264 2149 394 2188 μεγάλους
418 2151 454 2183 εἷς
479 2150 626 2190 μαρτυρίαν
649 2150 733 2181 ἕλκει.
763 2151 848 2182 ’Ὥστε

49 2193 113 2224 ἐπεὶ
136 2194 181 2235 καί
201 2193 261 2233 περὶ
282 2196 327 2223 τοῦ
344 2195 416 2224 Θεοῦ
440 2194 486 2224 καὶ
513 2195 618 2235 Harpe:
643 2196 764 2235 μεγάλην
787 2197 851 2226 ὑπό-

902 1573 1151 1602 consubstantialis.
1173 1573 1245 1600 Nam
1265 1572 1289 1599 si
1311 1573 1442 1600 voluisset
1462 1572 1661 1608 subjectionem
1675 1576 1703 1600 et

903 1618 1125 1646 imminutionem
1144 1616 1295 1653 quamdam
1315 1616 1470 1650 ostendere,
1490 1625 1547 1644 non
1559 1625 1618 1645 sese
1630 1616 1703 1644 Patri

902 1666 1141 1696 connumerasset,
1171 1669 1222 1689 nec
1245 1669 1327 1690 suum
1348 1669 1414 1689 cum
1437 1662 1524 1689 Patris
1544 1661 1704 1690 testimonio

903 1707 1029 1741 locasset,
1055 1707 1104 1735 sed
1131 1714 1234 1734 servus
1259 1714 1323 1734 cum
1348 1709 1420 1734 esset
1442 1707 1493 1742 (uti
1510 1706 1706 1742 blasphemant

903 1751 1034 1785 haeretici)
1059 1752 1087 1780 in
1107 1759 1203 1779 unum
1220 1759 1416 1779 conservorum
1439 1751 1613 1787 respexisset,
1628 1755 1655 1779 et
1676 1751 1706 1779 ll-

903 1797 962 1825 lum
977 1796 1127 1825 contestari
1151 1795 1277 1829 fecisset,
1292 1800 1323 1824 ut
1344 1797 1482 1824 Joannem
1496 1795 1560 1824 dico
1576 1796 1618 1824 vel
1641 1803 1705 1831 pro-

903 1842 1001 1878 phetas
1024 1850 1029 1867 :
1049 1845 1077 1869 et
1098 1841 1126 1869 in
1151 1848 1271 1874 summa,
1298 1840 1321 1868 si
1344 1840 1457 1876 quidem
1479 1841 1546 1868 talia
1573 1840 1704 1868 voluisset

903 1885 1073 1919 testimonia,
1086 1885 1230 1913 innumera
1240 1884 1387 1912 invenisset
1399 1894 1406 1911 :
1418 1893 1493 1912 nunc
1503 1889 1598 1913 autem
1609 1885 1704 1912 volens

903 1938 933 1958 se
942 1929 1015 1958 Patri
1027 1928 1290 1958 consubstantialem
1297 1928 1453 1963 ostendere,
1468 1936 1497 1956 se
1511 1929 1586 1956 Patri
1601 1936 1706 1956 connu-

904 1979 1003 2003 merat.
1019 1976 1060 2003 Ne
1077 1973 1187 2002 mireris
1200 1977 1294 2001 autem
1308 1973 1331 2001 si
1346 1973 1400 2001 alio
1415 1973 1475 2001 loco
1490 1978 1517 2001 ct
1525 1974 1662 2001 Joannem
1675 1977 1704 2002 et

902 2021 1001 2048 Mosen
1021 2023 1050 2047 et
1063 2018 1212 2055 prophetas
1225 2017 1338 2046 adducit
1359 2017 1393 2046 de
1406 2026 1435 2046 se
1458 2022 1589 2046 testantes
1602 2018 1623 2046 ‘.
1639 2019 1701 2046 Hoc

903 2065 980 2094 enim
1003 2063 1067 2092 facit
1085 2063 1120 2092 ad
1142 2063 1302 2091 auditorum
1319 2063 1495 2091 sententiam.
1517 2064 1554 2091 Et
1568 2063 1703 2099 quoniam

904 2110 942 2138 illi
968 2111 1104 2137 Joannem
1119 2113 1147 2136 et
1170 2109 1265 2136 Mosen
1279 2107 1391 2136 Christo
1412 2108 1622 2144 preponebant,
1644 2108 1704 2143 ejus

903 2154 989 2191 gratia
1000 2162 1048 2182 eos
1061 2153 1108 2190 qui
1124 2152 1198 2188 apud
1216 2153 1275 2180 illos
1290 2152 1382 2188 magni
1397 2157 1424 2180 et
1436 2153 1544 2180 nobiles
1559 2152 1700 2180 existima-

906 2199 1015 2232 bantur,
1031 2198 1061 2226 in
1074 2197 1266 2226 testimonium
1285 2197 1369 2225 trahit
1391 2206 1397 2224 :
1414 2202 1441 2225 et
1457 2197 1492 2225 ita
1505 2197 1571 2233 quia
1591 2197 1626 2226 de
1646 2199 1704 2225 Deo

49 2223 135 2279 ληψιν
152 2233 225 2278 εἶχον
236 2223 303 2279 1(διαὶ
318 2238 344 2267 τί
355 2223 411 2278 γὰρ
425 2223 587 2278 ἄλλοίῆ
684 2223 824 2277 ’ἐὲὅέάζᾷνξ

923 2223 1707 2279 ξ’ὲῖιὶὲέῖηξᾷιῖἔιὶί”ιὶῖιιᾷὲιέέιᾷἶ’ὸρίπζέοὲίέιιίἱάῖιίῖιεἶιίῶ

51 2283 171 2323 παράγει
186 2285 230 2312 νῦν
253 2283 298 2312 καὶ
314 2283 391 2313 αὐτὸν
409 2283 507 2312 ἐκεῖνον
522 2283 566 2313 τὸν
582 2285 625 2314 ἐπὶ
641 2285 748 2314 πάντων
763 2287 833 2316 Θεὸν
844 2309 851 2322 ,

53 2328 189 2368 μάρτυρα.
215 2327 294 2358 Ἐπεὶ
313 2326 405 2357 δὲκαὶ
427 2327 519 2357 ἑαυτὸν
544 2330 582 2368 τῷ
604 2329 715 2369 τοιούτῳ
739 2330 853 2371 μάρτυρι

52 2374 94 2411 τῷ
115 2372 320 2412 ἆπαραγράπτῳ
335 2372 379 2401 καὶ
395 2373 586 2413 ἄψευὸεστάτῳ
609 2373 749 2403 συντάττει
761 2399 767 2409 ,
786 2387 853 2414 προ-

55 2417 203 2452 δηλότατον
226 2416 293 2457 ἄρα,
314 2417 354 2446 ὅτι
375 2419 422 2453 τῆς
439 2418 518 2453 αὐτῆς
541 2419 580 2458 τῷ
602 2418 690 2458 Πατρὶ
717 2420 853 2453 αὖοεντίας

55 2461 105 2490 καὶ
133 2461 251 2496 ἐξουσίας
279 2461 347 2493 ἐστί.
379 2462 433 2492 Καὶ
460 2463 677 2502 αἷσχυνίσθωσαν
705 2465 729 2493 οἱ
759 2465 853 2494 δοῦλον

55 2505 139 2535 αὐτὸν
164 2506 208 2535 καὶ
239 2506 342 2536 ἐλάττω
377 2506 447 2536 κατὰ
473 2507 560 2537 πάντα
595 2510 640 2537 τοῦ
675 2508 782 2549 [ἰατρὸς
811 2509 855 2539 λέ-

59 2562 164 2588 γοντες.

101 2607 117 2624 ‹
140 2592 254 2634 Ἔλεγον
278 2590 322 2625 οὖν
343 2596 426 2636 αὖτῷ·
452 2597 510 2626 Ποῦ
534 2597 606 2627 ἐστιν
629 2599 644 2626 6
677 2597 767 2638 πατήρ
791 2610 852 2636 σου;

58 2639 201 2678 Ἀπεκρίθη
232 2642 245 2669 6
270 2639 384 2676 Ἰησοῦς·
411 2640 483 2671 Οὔτε
512 2641 558 2680 ἐμὲ
587 2641 695 2679 οἴδατε,
719 2642 780 2672 οὔτε
808 2644 853 2673 τὸν

59 2684 171 2722 Πατέρα
188 2696 248 2723 μου.
301 2686 334 2715 Εἰ
361 2684 408 2723 ἐμὶ
423 2685 527 2725 ᾔδειτε,
541 2686 586 2716 καὶ
609 2687 654 2716 τὸν
671 2688 781 2728 Πατέρα
801 2701 852 2728 μου

96 2763 198 2791 3.lozm.
217 2771 243 2798 ν,
256 2767 299 2791 22.
316 2764 326 2781 ‘
339 2765 421 2793 Joan.
439 2773 488 2800 ιιι,
508 2769 550 2793 14.

907 2288 982 2317 aliud
991 2287 1180 2325 glorificabant
1191 2291 1222 2314 ut
1234 2288 1350 2319 Deum?)
1358 2308 1365 2321 ,
1379 2286 1491 2314 adducit
1504 2294 1578 2314 nunc
1588 2286 1703 2314 etillum

907 2334 997 2370 ipsum
1012 2333 1059 2368 qui
1078 2340 1160 2368 super
1173 2339 1269 2360 omnes
1290 2335 1341 2365 est,
1358 2333 1446 2359 Deum
1463 2335 1573 2359 testem.
1591 2333 1626 2360 Et
1641 2331 1707 2368 quia

907 2379 1029 2414 seipsum
1043 2377 1079 2406 ad
1096 2377 1179 2405 talem
1198 2381 1308 2408 testem,
1322 2376 1368 2412 qui
1390 2384 1440 2404 nec
1455 2375 1510 2404 falli
1525 2384 1576 2404 nec
1593 2375 1707 2404 mentiri

909 2427 1010 2460 potest,
1026 2422 1184 2456 adordinat,
1199 2420 1457 2449 manifestissimum
1467 2421 1542 2457 quod
1558 2421 1709 2449 auctorita-

908 2472 1005 2497 tem’et
1018 2470 1184 2504 potestatem
1193 2465 1317 2494 eamdem
1332 2473 1398 2494 cum
1412 2467 1492 2493 Patre
1503 2466 1610 2494 habeat.
1630 2467 1709 2494 Con-

909 2512 1061 2541 fundantur
1073 2511 1119 2548 qui
1131 2518 1240 2539 servum
1254 2510 1341 2544 illum,
1357 2514 1384 2538 et
1397 2519 1444 2546 per
1461 2511 1557 2539 omnia
1570 2510 1709 2539 minorem

912 2559 994 2586 Patre
1005 2557 1112 2585 dicunt.

943 2603 1036 2631 Vsns.
1055 2605 1101 2635 19,
1117 2603 1161 2629 20.
1176 2611 1187 2624 ι
1203 2600 1341 2628 Dicebant
1353 2608 1417 2636 ergo
1438 2600 1463 2628 ei
1485 2609 1492 2626 :
1509 2599 1563 2628 Ubi
1579 2603 1620 2628 est
1631 2603 1711 2635 pater

907 2649 986 2676 tuus?
1009 2645 1167 2681 Respondit
1181 2646 1260 2673 Jesus
1282 2653 1289 2672 :
1313 2646 1409 2681 Neque
1424 2652 1470 2672 me
1496 2644 1596 2678 nostis,
1617 2650 1708 2678 neque

908 2694 1016 2721 Patrem
1029 2691 1117 2727 618
1137 2697 1245 2718 meum.
1264 2689 1291 2718 Si
1314 2697 1361 2719 me
1383 2689 1536 2724 novissetis,
1551 2693 1580 2718 et
1603 2689 1712 2716 Patrem

98 2823 136 2854 (α)
152 2820 225 2848 Edit.
241 2821 319 2855 I.ut.,
334 2823 513 2851 autorz‘tatem
524 2824 639 2858 qualem.
656 2821 776 2857 Deinde,
796 2825 906 2852 Patrem
919 2830 967 2859 pro
979 2829 1084 2857 parem.
