1910 3077
43 193 1675 216 MM

273 282 828 350 COMMENTABIU

926 282 1003 344 IN
1053 278 1296 344 JOANN
1305 279 1408 342 ΕΜ

689 412 1005 452 (CONTINUATIO.)

762 518 948 526 —————

323 583 468 612 ΚΕΦΛΛ.
495 582 538 612 II'.

36 646 89 675 Περὶ
110 647 158 668 τῶν
176 643 321 673 ἐρωτώντων
338 642 380 675 τὸν
394 643 490 675 Ἰησοῦν
505 642 557 672 περὶ
571 644 615 675 τοῦ
633 641 726 672 Harpe;
742 641 824 675 αὐτοῦ.

63 672 118 707 Περὶ
133 677 177 699 τοῦ
190 672 284 702 νἸησοῦ
302 674 457 707 ἐλευθέρωσιν
478 674 685 707 ἐπαγγελλομένου
700 675 749 707 τοῖς
769 672 838 707 ἔπηξ’

61 704 137 736 μένοις
153 707 228 735 αὐτῷ.
251 706 309 736 Περὶ
332 708 380 728 τῶν
398 705 513 728 εἰκόντων
536 706 574 736 ὅτι
595 705 718 734 δαιμόνιον
741 705 790 734 ἔχει
814 704 827 727 ὁ

60 738 160 766 Ἰησοῦς.
207 738 263 767 Περὶ
289 735 341 760 τῶν
365 738 519 766 πειρωμένων
548 735 672 760 Ἰουδαίων
696 736 827 759 λιθοϐολεῖν

61 770 101 794 τὸν
121 771 216 797 Ἰησοῦ-ι
227 787 232 796 ,
245 769 281 792 ὁτι
297 771 332 799 τῷ
347 768 454 798 ’Λὸραὰμ
468 767 606 799 προέκρινεν
621 768 701 791 αὐτόν.

67 842 79 854 ι
104 826 303 866 Ἀπεκρίθησαν
320 825 366 854 καὶ
381 820 453 854 εἶπον
466 826 546 865 αὐτῷ·
564 824 611 860 Μὴ
626 824 673 853 καὶ
686 823 718 853 σὺ
737 824 766 852 ἐκ
780 825 827 859 τῆς

32 871 174 904 Γαλιλαίας
202 866 240 908 εἷς
273 869 430 910 Ἐρεύνησον
456 870 501 899 καὶ
531 869 586 905 ἴδε,
615 869 655 898 ὅτι
687 867 828 910 προφήτης

30 918 57 946 ἐκ
72 918 119 951 τῆς
140 915 288 948 Γαλιλαίας
309 908 358 944 οὐκ
382 913 534 954 ἐγήγερται.
563 914 648 943 Πάλιν
672 908 716 942 οὖν
739 915 752 942 ὁ
770 913 828 948 Ἰη-

29 964 86 995 σοῦς
114 961 248 996 ἐλάλησεν
274 960 378 995 αὐτοῖς,
405 958 500 997 λέγων’
529 958 602 998 Ἐγώ
636 959 690 996 εἶμι
714 957 744 987 τὸ
772 960 827 998 φῶς

27 1008 70 1034 τοῦ
86 1005 200 1043 κόσμου·
216 1006 230 1034 ὁ
256 1005 404 1033 ἀκολουθῶν
431 1002 509 1041 ἐμοὶ,
531 1005 559 1032 οὗ
585 1003 623 1041 μὴ
650 1002 828 1042 περιπατήσει

29 1051 54 1079 ἐν
66 1052 98 1089 τῇ
117 1049 231 1089 σκοτίᾳ,
255 1050 314 1077 ἀλλ’
328 1048 378 1083 ἕξει
395 1047 425 1077 τὸ
440 1049 494 1088 φῶς
511 1049 558 1083 τῆς
579 1049 656 1083 ζωῆς.
675 1060 687 1073 ι
701 1048 756 1076 Τοῦ
781 1048 828 1076 Νι-

26 1095 145 1132 κοδήμου
171 1093 342 1123 συνετώτατα
368 1092 427 1125 τοὺς
457 1092 624 1132 Φαρισαίους
659 1091 827 1130 ἐλέγξαντος,

26 1141 59 1170 ὡς
81 1139 229 1178 παράνομα
254 1136 490 1175 διαταττομένους,
521 1136 726 1175 ἐξαπορηθέντες
756 1137 828 1165 ἐκεί-

26 1195 72 1219 νοι,
88 1182 289 1223 ἀγροικότερον,
307 1181 446 1220 μᾶλλονδὲ
461 1182 666 1221 θηριωδέστερον
683 1181 827 1220 κέχρηνται

910 1186 1000 1214 rocius
1025 1186 1238 1222 responderunt,
1259 1185 1380 1213 dicentes

26 1230 57 1265 τῇ
74 1227 235 1266 ἀποκρίσει,
258 1227 412 1265 λέγοντες²ππ
432 1226 479 1262 Μὴ
504 1226 548 1254 καὶ
573 1226 603 1255 σὺ
621 1227 651 1255 ἐκ
674 1227 721 1261 τῆς
746 1226 828 1255 Γαλι-

26 1271 102 1305 λαίας
128 1267 166 1307 si;
186 1285 198 1297 ι
221 1271 308 1301 Ποίαν
332 1270 383 1310 γὰρ
406 1269 561 1300 ἀκολουθίαν
588 1270 644 1310 ἔχει
663 1273 741 1300 τοῦτο
765 1271 829 1308 πρὸς

26 1316 58 1345 τὰ
84 1316 140 1345 ὑπὸ
157 1318 206 1345 τοῦ
223 1314 377 1354 Νικοδήμου
395 1314 528 1355 ῥηθέντα;
548 1315 667 1348 Ἐκεῖνος
688 1310 771 1350 εἶπεν,
790 1314 830 1344 ὅτι

26 1362 54 1389 οὗ
80 1361 122 1389 δεῖ
149 1360 330 1395 ἀνεξετάστως
363 1360 407 1389 καὶ
433 1359 546 1399 ἀκρίτως
575 1359 760 1393 καταδικάζειν
785 1359 830 1388 τὸν

26 1404 175 1443 ἄνθρωπον·
208 1405 262 1435 ἔδει
291 1404 397 1437 πάντως
428 1403 522 1437 αὖτοὺς
556 1403 620 1444 πρὸς
655 1406 733 1433 τοῦτο
767 1405 831 1432 ἀπο-

26 1449 170 1489 κρίνασθαι
201 1448 250 1478 καὶ
273 1448 370 1485 δεῖξαι,
403 1448 443 1477 ὅτι
473 1449 520 1477 οὖκ
544 1449 656 1487 ἀκρίτως
682 1448 831 1477 καταδικά-

26 1495 98 1527 ζουσι
113 1493 160 1522 τὸν
185 1493 311 1529 Ἰησοῦν,
327 1492 387 1522 ἀλλ’
411 1492 542 1531 ἕννόμως,
565 1492 610 1522 καὶ
625 1492 684 1526 τοὺς
699 1493 832 1532 ὑπηρέτας

26 1537 151 1578 ἔπεμψαν
167 1537 316 1568 συλλαϐεῖν
329 1538 409 1566 αὐτὸν
421 1561 430 1575 ,
447 1537 491 1566 καὶ
506 1537 594 1566 πάντα
618 1536 688 1566 κατὰ
703 1538 733 1566 τὸ
748 1549 831 1577 προσ-

27 1584 86 1617 ῆκον
108 1585 252 1612 ποιοῦσιν.
275 1584 312 1612 Οἱ
326 1582 353 1610 δὲ
368 1582 394 1611 τί
409 1592 492 1622 putat;
514 1595 526 1608 ι
544 1581 590 1617 Μὴ
614 1582 659 1610 καὶ
679 1582 710 1611 σὺ
732 1583 762 1611 ἐκ
779 1584 826 1616 τῆς

27 1627 178 1660 Γαλιλαίας
205 1623 245 1663 εἷς
265 1639 277 1652 ι
302 1626 388 1666 Ὁρᾷς
408 1627 456 1661 τήν
472 1626 620 1665 ἀνοησίαν;
636 1628 699 1666 ὁρᾷς
713 1626 743 1656 τὸ
766 1627 833 1655 ἄνα-

27 1672 152 1701 ιόλουθον
184 1673 242 1700 τῶν
279 1671 380 1710 λόγιι›ν;
413 1666 481 1701 Εἶτα
510 1670 658 1710 ὑϐρίζοντες
692 1670 770 1700 αὐτὸν
797 1673 832 1704 ὡς

28 1717 132 1755 ἱμαθῆ,
153 1716 254 1756 φασίν·
274 1730 286 1741 ι
303 1715 453 1754 Ερεύνησον
465 1737 473 1751 ,
494 1715 540 1745 καὶ
556 1715 610 1751 ἴδε,
633 1714 672 1744 ὅτι
688 1716 826 1755 προφήτης

29 1774 45 1790 κ
62 1763 111 1797 τῆς
123 1761 282 1793 Γαλιλαίας
295 1761 341 1789 οὐκ
357 1760 505 1799 ἐγήγερται·
523 1775 533 1785 ιι
545 1760 678 1789 τουτέστιν
688 1783 697 1799 ,
708 1759 830 1796 Ἀπελθε,

28 1806 104 1842 uias,
128 1805 232 1840 ἐπειδὴ
256 1807 319 1844 ἄχρι
345 1807 390 1833 τοῦ
403 1807 448 1833 νῦν
464 1806 511 1833 οὐκ
527 1805 640 1842 ἔμαθες,
664 1804 704 1834 ὅτι
726 1817 738 1831 ι
763 1806 836 1844 Προ-

840 582 868 613 Α

1167 583 1288 611 CAPUT
1316 583 1389 609 VIII.

988 648 1022 669 De
1037 647 1066 668 iis
1080 647 1122 675 qui
1140 647 1268 668 hominum
1279 646 1458 673 inlrrmgnbanl
1471 646 1499 666 de
1512 645 1598 678 Pam,
1617 645 1681 672 Quo.

909 679 977 700 modo
999 680 1108 700 (‘hrislus
1122 679 1271 706 sequentibus
1282 686 1305 699 xc
1318 679 1452 699 liber-talem
1474 676 1617 704 promiserit.
1646 677 1681 698 Ικ

909 710 938 731 iis
958 711 1000 738 qui
1017 711 1125 731 dicebant
1139 710 1259 731 (‘Iirislum
1270 710 1413 731 dwnwnium
1434 708 1525 730 habere.
1539 709 1573 729 De
1588 707 1682 730 Jmlzz'is

907 742 1049 763 (ouantibus
1073 742 1153 763 Jrsum
1178 741 1294 769 lapidare,
1323 741 1380 768 quia
1413 747 1436 761 se
1464 739 1566 761 Abram:
1591 741 1681 767 pratu-

910 773 982 796 liuet.

917 831 989 858 CAP.
1019 831 1080 863 VII,
1107 833 1159 862 52;
1186 830 1260 862 Vlll,
1287 832 1318 856 12
1345 830 1391 860 (ιι).
1421 840 1432 851 ιι
1461 826 1679 863 Respondemnt

881 878 908 902 et
929 874 1059 902 dixerunt
1078 875 1102 902 ei
1128 883 1134 901 :
1151 876 1225 902 Num
1240 878 1268 901 et
1289 877 1319 901 tu
1343 872 1473 901 Galilmus
1492 873 1681 900 eSPScnuare

881 923 907 947 et
921 919 981 947 vide
1005 919 1080 955 quod
1099 927 1114 947 a
1140 919 1253 947 Galilzea
1272 918 1407 954 propheta
1431 925 1488 945 non
1518 917 1679 945 surrexerit.

882 965 986 992 lterum
1013 964 1097 999 igitur
1111 964 1151 991 eis
1177 964 1285 991 locutus
1310 966 1352 990 est
1374 964 1465 995 Jesus,
1489 962 1603 990 dicens:
1624 963 1680 996 Ego

882 1017 945 1036 sum
958 1009 1003 1036 lux
1033 1008 1128 1036 mundi
1145 1018 1151 1036 :
1175 1008 1220 1044 qui
1236 1007 1359 1043 sequitur
1374 1015 1428 1040 me,
1445 1015 1500 1034 non
1525 1006 1681 1034 ambulabit

883 1053 911 1080 in
929 1053 1062 1087 tenebris,
1078 1052 1127 1080 sed
1148 1052 1260 1079 habebit
1280 1053 1373 1079 lumen
1399 1051 1473 1079 vitae.
1492 1062 1504 1075 ι·
1528 1050 1680 1078 Nicodemo

884 1097 1093 1133 prudentissime
1115 1096 1266 1125 Pharisazos
1293 1096 1482 1130 redarguente,
1510 1099 1606 1131 utpote
1626 1094 1679 1123 ini-

884 1149 936 1178 qua
953 1146 1148 1178 perpetrantes,
1165 1141 1201 1168 illi
1229 1140 1349 1177 perplexi
1365 1139 1441 1173 facti,
1466 1140 1610 1175 agrestius,
1626 1139 1681 1167 imo

1407 1193 1414 1212 :
1437 1196 1449 1208 ι
1466 1185 1540 1212 Num
1556 1188 1584 1212 et
1600 1189 1629 1212 tu
1649 1191 1681 1211 ex

884 1231 1000 1260 Galilma
1020 1233 1066 1259 es?
1094 1242 1106 1255 ιο
1123 1230 1237 1266 Qualem
1259 1230 1333 1258 enim
1353 1229 1580 1265 consequentiam
1598 1228 1683 1256 habet

884 1276 937 1304 hoc
949 1276 984 1304 ad
998 1283 1028 1303 ea
1038 1283 1122 1312 quina
1136 1275 1289 1303 Nicodemo
1299 1275 1385 1302 dicta?
1394 1274 1441 1302 Ille
1451 1274 1521 1302 dixit
1536 1273 1610 1310 quod
1626 1281 1683 1301 non

885 1324 1011 1356 oporteat
1022 1321 1124 1356 absque
1139 1319 1262 1348 examine
1276 1319 1419 1355 etjudicio
1435 1318 1622 1347 condemnare
1637 1317 1685 1345 ho-

885 1365 989 1393 minem
1003 1374 1009 1392 :
1025 1364 1254 1401 oportebatipsos
1262 1364 1297 1392 ad
1312 1364 1364 1391 hoc
1374 1363 1539 1398 respondere
1554 1367 1581 1390 et
1596 1367 1685 1390 osten-

885 1409 950 1438 dere
962 1409 1035 1445 quod
1043 1417 1099 1436 non
1109 1410 1170 1437 sine
1178 1409 1284 1444 judicio
1294 1408 1510 1436 condemnarent
1519 1408 1624 1439 Iesum,
1636 1406 1685 1434 sed

886 1454 1018 1490 legitime,
1041 1458 1069 1481 et
1089 1454 1230 1481 ministros
1243 1453 1372 1480 miserint
1394 1452 1429 1480 ad
1450 1451 1686 1487 comprehenden-

886 1499 952 1527 dum
967 1499 1059 1531 illum.
1072 1503 1099 1526 et
1108 1498 1214 1531 omnia,
1225 1502 1255 1524 ut
1266 1497 1388 1531 decebat,
1405 1496 1527 1525 fecerint.
1543 1497 1580 1524 Ili
1593 1500 1686 1524 autem

887 1543 982 1571 dicunt
997 1553 1003 1570 :
1023 1555 1035 1567 ε
1052 1545 1125 1571 Num
1136 1546 1163 1571 et
1174 1546 1204 1570 tu
1219 1550 1252 1570 ex
1265 1542 1377 1570 Galilma
1393 1544 1440 1570 es?
1451 1541 1534 1570 Vides
1549 1541 1685 1576 insipien-

887 1588 978 1616 tiam?
999 1587 1079 1615 Vides
1097 1595 1180 1623 quam
1209 1587 1283 1614 nulla
1298 1587 1447 1614 verborum
1469 1586 1687 1622 consequentia?

888 1632 997 1661 Deinde
1009 1632 1160 1668 ignominia
1175 1639 1238 1660 eum
1253 1631 1407 1659 efﬁcientes
1419 1631 1497 1667 quasi
1514 1630 1686 1666 imperitum,

888 1677 997 1706 dicunt:
1016 1689 1029 1701 α
1043 1678 1182 1710 Scrutare,
1197 1681 1224 1703 et
1240 1676 1299 1704 vide
1312 1676 1387 1712 quod
1398 1675 1530 1711 propheta
1543 1683 1559 1703 θ
1572 1675 1687 1704 Galilaaa

890 1730 946 1750 non
962 1721 1090 1754 surrexit,
1117 1732 1130 1746 ιι
1143 1721 1195 1748 hoc
1207 1724 1259 1753 est,
1276 1721 1360 1754 Vade,
1378 1720 1461 1754 disee,
1477 1720 1541 1756 quia
1554 1728 1639 1756 usque
1654 1719 1689 1747 ad

891 1766 943 1794 hoc
964 1771 1074 1802 tempus
1088 1774 1143 1794 non
1171 1765 1299 1798 didicisti,
1315 1765 1388 1801 qnod
1404 1777 1417 1789 ι
1435 1765 1567 1801 propinata
1591 1773 1625 1793 ex
1639 1765 1689 1792 Ga-

891 1811 962 1839 lilzea
986 1819 1041 1838 non
1056 1810 1182 1838 surrexit.
1203 1822 1215 1834 ι
1232 1811 1298 1838 Haec
1308 1814 1399 1838 autem
1414 1809 1509 1837 dicunt
1522 1809 1691 1845 imperitiam

29 1851 107 1885 κήτης
135 1851 170 1879 ἐκ
186 1852 240 1884 τῆς
256 1849 400 1883 Γαλιλαίας
423 1849 471 1878 οὐκ
497 1850 646 1889 ἐγήγερται.
659 1863 670 1875 ι
700 1850 744 1882 Εἰς
760 1850 828 1889 οἶμα-

910 1855 925 1882 Ii
945 1855 1122 1882 ascribentes.
1155 1854 1228 1889 Quid
1249 1859 1341 1882 autem
1366 1853 1437 1882 dixit
1457 1853 1643 1887 Nicodemus,
1673 1861 1691 1881 o

30 1894 74 1922 ίαν
92 1893 123 1923 δὲ
138 1893 231 1922 αὐτὸν
249 1893 458 1927 ἐπισκώπτοντες
475 1894 561 1923 ταῦτά
577 1905 652 1933 φασι.
666 1893 702 1923 Τί
719 1894 746 1922 δὲ
762 1888 834 1922 εἶπεν

40 1938 215 1976 Νικόδημος
228 1961 237 1977 ,
250 1933 272 1967 ὦ
288 1939 455 1977 Φαρισαῖοις
479 1939 526 1974 Μὴ
552 1937 604 1977 γὰρ
620 1933 704 1974 εἶπεν,
722 1939 762 1966 ὅτι
775 1950 838 1978 προ-

29 1983 104 2019 ηήτης
132 1983 215 2012 ἐστὶν
246 1984 260 2012 ὁ
280 1982 398 2019 Ἰησοῦς
422 1978 506 2012 Εἶπεν
531 1982 571 2011 ὅτι
596 1983 703 2023 ἄκριτον
728 1984 836 2021 ἀναιρε-

30 2031 95 2063 ἧναι
113 2029 147 2057 οὗ
166 2026 241 2068 χρή.
262 2028 326 2060 Πῶς
346 2022 390 2056 οὖν
414 2027 460 2056 καὶ
487 2029 562 2065 ὑμεῖς
588 2031 698 2056 τοιαῦτα
722 2027 838 2063 εἰπόντι,

30 2073 100 2106 ὖτως
119 2072 330 2111 ἄποκρίνισϐε;
353 2070 387 2101 Ὁ
402 2071 429 2100 δὲ
451 2071 582 2111 Χριστὸς,
603 2071 694 2106 ἐπειδὴ
717 2072 772 2101 ἄνω
793 2072 839 2100 καὶ

30 2118 90 2146 aito)
117 2117 174 2153 τὴν
205 2116 359 2147 Γαλιλαίαν
384 2117 455 2154 αὖτῷ
476 2116 637 2156 προέφερον,
653 2116 698 2145 καὶ
719 2119 754 2149 ὡς
776 2116 838 2156 περὶ

30 2162 68 2196 ’ὸς
97 2164 157 2192 τῶν
187 2163 341 2202 προφητῶν
365 2161 565 2201 ἠμφισϐήτουν,
588 2161 713 2191 δεικνύων
736 2163 839 2196 αὐτοῖς,

31 2219 50 2236 τι
65 2208 123 2247 οὐχ
151 2202 194 2239 εἷς
219 2207 280 2235 ἐστι
298 2207 351 2234 τῶν
371 2207 530 2245 προφητῶν,
555 2206 652 2245 φησὶν,
677 2206 717 2234 δτι
735 2217 749 2233 α
766 2205 840 2244 Ἐγώ

34 2265 67 2290 μι
85 2254 120 2281 τὸ
140 2253 204 2291 φῶς
215 2274 225 2286 ,
250 2264 263 2277 ι
279 2250 308 2280 τὸ
319 2250 415 2290 κυρίως
430 2253 498 2291 φῶς,
514 2251 574 2290 οὐχὶ
590 2252 642 2290 φῶς
662 2250 838 2290 προφητικὸν,

31 2296 127 2336 ερικὸν
155 2295 276 2332 δηλαδὴ
301 2295 347 2324 καὶ
373 2296 471 2334 μικρὰν
488 2294 536 2330 τὴν
559 2295 659 2335 λάμψιν
676 2295 756 2334 ἔχον,
772 2295 840 2324 ἀλλὰ

32 2355 37 2370 μ
53 2341 200 2378 ἀληθινὸν
214 2342 275 2380 φῶς
284 2362 291 2375 ,
311 2339 369 2368 οὐδὲ
383 2340 529 2373 Γαλιλαίας
543 2338 560 2374 ἢ
579 2339 761 2374 Παλαιστίνης
772 2339 841 2379 ὅροις

32 2386 274 2427 ξριοριζόμενον,
303 2384 373 2413 ἀλλὰ
412 2387 457 2414 τοῦ
485 2383 587 2422 κόσμου
614 2386 667 2424 φῶς
697 2385 766 2421 εἰμι,
796 2385 842 2414 καὶ

32 2432 128 2460 άντων
147 2429 314 2470 ἀνθρώπων
341 2429 487 2466 δεσπότης,
514 2429 560 2458 καὶ
587 2429 649 2469 περὶ
669 2431 735 2466 ἐμοῦ
751 2431 764 2458 ὁ
777 2441 842 2468 προ-

32 2476 96 2513 ἧτης
112 2476 226 2515 εἴρηκε
255 2474 300 2509 τὸ,
319 2487 332 2499 σι
347 2473 415 2503 Ἰδοὺ
430 2473 536 2504 τέθεικά
555 2485 584 2502 σε
598 2474 633 2506 εἷς
653 2476 706 2512 φῶς
720 2474 809 2503 ἐθνῶν.
829 2488 839 2499 ιι

36 2522 111 2559 ρήσῃ
131 2521 165 2550 δὲ
182 2517 268 2549 χατὶ
292 2518 436 2558 Νεστορίου
457 2518 552 2558 καὶτῷ
565 2518 676 2557 παρόντι
700 2520 781 2558 ῥητῷ.
801 2520 842 2549 Οὐ

33 2570 60 2605 ὶρ
74 2561 183 2600 εἶπεν,
219 2563 267 2592 ὅτι
290 2564 338 2593 Ἐν
364 2562 423 2601 ἐμοὶ
447 2562 504 2592 ἔστι
524 2563 554 2592 τὸ
576 2565 630 2602 φῶς
656 2565 700 2592 τοῦ
727 2564 841 2601 κόσμου,

33 2611 70 2639 ιλ’
101 2626 115 2638 ιι
136 2607 229 2648 Ἐγώ
253 2608 308 2646 εἰμι
327 2608 358 2637 τὸ
382 2609 436 2648 φῶς
453 2610 498 2637 τοῦ
525 2607 638 2646 κόσμου.
657 2607 740 2641 Αὐτὸς
761 2607 812 2647 γὰρ
830 2611 844 2638 ὁ

42 2697 126 2724 ‘lsa.
144 2701 243 2727 XLII,
270 2695 294 2720 6.

894 1899 1037 1927 Pharisaei?
1062 1900 1138 1926 Num
1161 1899 1230 1926 dixit
1255 1897 1331 1934 quod
1345 1898 1478 1934 propheta
1501 1902 1573 1925 esset
1594 1898 1691 1926 Iesus?

892 1944 969 1971 Dixit
989 1944 1063 1980 quod
1083 1943 1261 1978 injudicatum
1284 1942 1406 1970 Occidere
1427 1950 1484 1970 non
1497 1942 1596 1969 liceat:
1624 1950 1691 1977 quo-

892 1989 976 2016 modo
989 1988 1070 2023 igitur
1089 1996 1137 2015 vos
1151 1987 1176 2015 ei
1202 1987 1249 2023 qui
1265 1987 1329 2015 talia
1348 1987 1430 2020 dixit,
1447 1987 1487 2015 sic
1501 1986 1692 2022 respondetis?

892 2034 930 2061 At
944 2033 1080 2066 Christus,
1105 2032 1169 2068 quia
1188 2032 1285 2060 crebro
1306 2031 1449 2059 Galilaeam
1469 2031 1493 2059 ei
1518 2031 1692 2067 objectabant

892 2082 919 2106 et
928 2077 1004 2113 quasi
1019 2077 1053 2105 de
1062 2085 1117 2104 uno
1135 2076 1332 2113 prophetarum
1340 2076 1476 2110 dubitant,
1493 2075 1642 2104 ostendens
1653 2075 1692 2104 eis

891 2122 964 2157 quod
976 2130 1033 2150 non
1055 2122 1091 2149 sit
1102 2129 1173 2149 unus
1187 2129 1220 2149 ex
1235 2121 1288 2149 illis
1303 2120 1443 2157 prophetis
1453 2140 1460 2154 ,
1483 2120 1550 2148 dicit
1563 2130 1569 2148 ε
1598 2130 1612 2146 ιι
1634 2121 1690 2156 Ego

891 2175 953 2194 sum
965 2167 1010 2194 lux
1028 2178 1039 2190 -
1054 2166 1163 2202 proprie
1175 2166 1231 2200 lux,
1246 2174 1303 2193 non
1321 2165 1479 2201 prophetica
1493 2172 1556 2201 qua:
1573 2165 1692 2200 particu-

892 2212 977 2239 larem
993 2215 1020 2238 et
1042 2219 1156 2246 parvum
1171 2209 1346 2246 splendorem
1371 2210 1462 2244 habet,
1479 2210 1527 2238 sed
1540 2217 1620 2237 verax
1636 2210 1692 2244 lux,

893 2263 954 2292 qua
982 2263 1038 2283 non
1063 2255 1186 2283 Galilaeaa
1207 2255 1247 2282 vel
1269 2255 1415 2282 Palestina:
1431 2254 1556 2282 terminis
1575 2255 1695 2282 circum-

893 2300 1031 2334 scribitur,
1046 2300 1095 2328 sed
1108 2299 1204 2327 mundi
1220 2299 1266 2326 lux
1275 2307 1348 2333 sum,
1365 2303 1392 2327 et
1407 2299 1534 2326 omnium
1548 2299 1694 2326 hominum

897 2345 1040 2377 Dominus.
1057 2349 1084 2372 et
1101 2344 1135 2372 de
1149 2352 1195 2372 me
1210 2344 1341 2380 propheta
1356 2343 1425 2372 dixit
1441 2353 1448 2371 :
1467 2355 1479 2368 ι
1492 2344 1561 2371 Ecce
1577 2344 1655 2380 posui
1667 2348 1696 2372 te

896 2391 924 2417 in
939 2390 1028 2417 lucem
1041 2389 1163 2425 gentium
1172 2389 1192 2416 ‘.
1211 2400 1223 2413 ι
1237 2389 1332 2417 Utaris
1346 2393 1439 2416 autem
1456 2393 1485 2416 et
1494 2393 1588 2416 contra
1600 2389 1696 2416 Nesto-

896 2435 967 2462 rium
982 2435 1066 2462 etiam
1077 2433 1202 2470 praasenti
1215 2433 1306 2468 dicto;
1319 2441 1374 2461 non
1385 2434 1458 2461 enim
1469 2433 1547 2467 dixit,
1561 2435 1593 2461 In
1604 2442 1649 2461 me
1672 2437 1699 2461 st

858 2489 883 2520 ι)
897 2479 943 2507 lux
956 2478 1064 2513 mundi,
1078 2479 1135 2511 sed,
1155 2490 1167 2502 ιι
1184 2479 1241 2514 Ego
1253 2486 1314 2506 sum
1337 2478 1382 2506 lux
1396 2478 1502 2506 mundi.
1521 2490 1534 2502 ι
1551 2480 1610 2514 Ipse
1624 2478 1698 2506 enim

898 2524 947 2560 qui
968 2523 1117 2559 apparebat
1134 2522 1230 2554 homo,
1242 2526 1300 2550 erat
1324 2523 1382 2558 ipse
1394 2526 1422 2550 et
1436 2522 1522 2550 Filius
1539 2523 1589 2550 Dei
1603 2531 1636 2551 ac
1653 2523 1697 2550 lux

897 2568 994 2596 mundi
1012 2577 1018 2596 :
1046 2575 1102 2595 non
1126 2568 1196 2595 sicut
1216 2567 1361 2595 Nestorius
1375 2567 1483 2601 delirat,
1495 2567 1569 2604 quod
1588 2567 1613 2594 in
1631 2575 1700 2603 puro

898 2612 1012 2641 homine
1034 2612 1136 2640 habitet
1146 2613 1230 2640 Filius
1245 2613 1296 2641 Dei
1310 2621 1317 2640 :
1331 2611 1415 2640 absit!
1433 2613 1513 2641 Unus
1527 2613 1612 2646 enim,
1631 2612 1702 2639 sicut

42 2759 83 2793 (α)
111 2758 286 2785 Omissum
307 2761 348 2784 est
373 2756 418 2785 hic
443 2756 627 2792 fragmentum
653 2765 708 2785 non
730 2756 875 2793 parvulum
898 2756 932 2786 de
952 2758 1067 2787 muliere
1087 2757 1133 2787 illa
1153 2758 1182 2786 in
1201 2757 1334 2786 adulterio
1356 2755 1535 2792 deprehensa.
1555 2753 1622 2782 Vide
1643 2754 1703 2782 Di-

36 2802 218 2832 rtationem
249 2805 379 2833 przeuam
393 2809 472 2828 num.
498 2805 558 2835 ιοο,
573 2802 625 2829 col.
644 2804 704 2829 121.

171 2845 312 2872 ΡΑτιιοι..
336 2843 389 2872 Gn.
409 2843 517 2872 CXXIV.

1586 2847 1596 2872 I

890 3039 1057 3063 trur-
