1910 3077
238 151 265 177 Η
739 154 997 183 THEOPHYLACTI
1017 153 1195 181 BULGARLE
1214 154 1372 182 ARCHIEP.
1850 164 1880 189 12

236 211 340 239 dictum
355 217 405 246 est,
424 217 482 241 erat
502 214 594 242 Maria:
613 219 641 243 et
657 216 709 244 Dei
722 217 816 245 Filius.
833 227 847 243 «ι
862 217 916 252 Qui
935 220 1012 245 auter

1108 215 1238 253 πινόμενος
1256 216 1404 256 ἄνθρωπος,
1422 219 1435 246 ὁ
1449 218 1525 252 αὐτὸς
1537 215 1569 255 ἦν
1587 221 1630 249 καὶ
1651 221 1712 256 Υἱὸς
1723 225 1772 251 τοῦ
1788 224 1882 260 Θεοῦ,

233 257 367 290 sequitur,
381 256 481 293 inquit,
495 266 550 292 me,
562 260 648 296 616
660 269 717 289 non
735 261 887 290 ambulabit
901 262 929 289 in
956 265 1032 289 tene-

232 299 301 334 bris,
317 312 330 324 »
351 301 403 329 hoc
420 306 471 336 est,
489 311 546 330 non
561 305 683 332 manebit
704 306 731 333 in
745 314 847 339 errore,
864 305 914 334 sed
932 305 1030 333 libera-

232 344 309 372 bitur
326 345 361 373 ab
384 354 477 374 errore
495 352 523 375 et
533 349 665 377 tenebris.
681 350 785 378 Interea
797 355 824 378 et
845 350 1027 378 Nicodemum

232 389 336 423 laudat,
348 395 375 418 et
385 391 606 428 ministrosquod
615 398 671 421 tam
688 395 772 422 libere
778 395 919 429 dixissent,
929 402 1028 430 nempe

232 434 307 470 quod
322 436 350 462 in
370 435 429 463 luce
455 440 557 464 essent.
581 439 724 466 Taxantur
735 444 828 467 autem
841 444 869 467 et
884 438 1026 473 Phariswi,

229 479 304 514 quod
322 480 351 507 in
372 488 465 509 errore
488 485 516 509 et
538 483 658 511 tenebris
681 489 782 519 essent,
797 489 825 512 et
846 485 918 512 clam
944 484 1024 512 dolos

231 527 381 552 struerem.

1085 260 1130 289 καὶ
1146 262 1200 300 φῶς
1222 263 1266 290 τοῦ
1283 261 1392 299 κόσμου’
1415 263 1465 302 οὐχ
1488 263 1578 304 ὥσπερ
1605 265 1746 305 Νεστόριος
1765 269 1861 308 ἐλήρει
1877 293 1884 306 ,

1085 305 1125 333 ὅτι
1151 306 1175 334 ἐν
1201 307 1239 345 τῷ
1257 306 1386 349 ἀνθράιπῳ
1411 310 1447 347 τῷ
1469 309 1539 348 ψιλῷ
1562 309 1677 349 κατῴκει
1701 313 1715 340 ὁ
1740 305 1823 346 Υἱὸς.
1837 317 1882 343 τοῗὶ

1084 350 1171 395 Θεοῧγ,
1197 350 1299 389 ἄπα-(εἳ
1326 347 1362 385 εἶς
1388 352 1455 392 γὰρ,
1478 347 1571 393 ὥσπερ
1595 347 1714 394 εἴρηται,
1738 352 1770 395 ἦν
1794 359 1808 386 ὁ
1838 361 1884 393 τῆς

1083 394 1189 442 Μαρίας
1206 395 1307 442 καὶτοῦ
1325 397 1394 426 Θεοῦ
1412 397 1484 430 Υἱός.
1504 412 1515 423 ιι
1536 397 1570 428 Ὁ
1587 398 1614 428 δὲ
1633 401 1802 440 ἀκολουθῶν,
1820 414 1881 442 φη-

1082 438 1122 468 σὶν
1136 462 1144 475 ,
1163 440 1238 478 ἐμοὶ,
1260 441 1288 468 οὗ
1304 441 1341 478 μὴ
1357 442 1534 479 περιπατήσει
1553 444 1579 472 ἐν
1595 446 1627 484 τῇ
1652 446 1745 485 σκοτίᾳ
1757 471 1764 484 ,
1787 460 1798 473 ι
1815 459 1885 477 του-

1081 483 1183 520 τέστιν,
1202 486 1230 513 οὖ
1246 485 1319 522 μενεῖ
1340 487 1366 515 ἐν
1442 487 1546 527 πλάνῃ,
1578 489 1638 518 ἀλλ’
1654 483 1884 530 ἀπαλλαγήσεται

1079 530 1126 564 τῆς
1141 528 1243 564 πλάνης
1260 530 1304 558 καὶ
1320 533 1366 559 τοῦ
1390 531 1507 564 σκότους.
1531 531 1604 570 Ἅμα
1623 532 1649 562 δὲ
1667 533 1713 562 καὶ
1728 528 1776 564 τὸν
1797 538 1883 566 Νικά-

228 569 311 606 δημον
327 571 444 609 ἐπαινεῖ,
466 571 512 600 καὶ
534 571 593 605 τοὺς
614 572 746 611 ὑπηρέτας
766 576 801 607 ὡς
824 571 1125 614 πεπαῤῥησιασμένους,
1145 574 1190 602 καὶ
1214 574 1256 602 διὰ
1278 577 1355 604 τοῦτο
1372 576 1397 604 ἐν
1421 577 1458 615 τῷ
1476 576 1543 615 φωτὶ
1562 577 1649 611 ὄντας.
1677 579 1832 609 Αἷνίττεται
1858 583 1884 611 δὲ

227 614 272 642 καὶ
288 614 346 648 τοὺς
365 615 532 655 Φαρισαίους
558 618 584 646 ἐν
599 620 632 657 τῇ
649 618 737 657 πλάνῃ
761 618 806 648 καὶ
828 620 866 658 τῷ
890 618 979 648 σκότει
991 618 1085 653 ὄντας,
1103 617 1149 646 καὶ
1165 620 1251 659 κριοφῆ
1264 618 1322 652 τοὺς
1336 620 1426 653 δόλους
1441 622 1595 653 πλέκοντας.

263 664 350 691 Vens.
367 668 409 699 13,
428 668 470 693 14.
486 676 499 689 α
512 665 646 693 Dixerunt
657 674 721 703 ergo
734 667 760 694 ei
770 667 918 695 Pharisaei:
935 669 977 695 Tu
989 668 1024 695 de

225 707 312 743 teipso
339 709 454 743 testaris,
483 710 671 739 testimonium
691 715 770 739 tuum
794 720 848 739 non
863 716 905 740 est
921 720 1024 740 verum.

225 753 379 788 Respondit
391 755 472 782 Jesus
488 759 516 782 et
530 755 602 782 dixit
616 755 654 783 eis
671 757 722 784 :Et
736 756 757 783 si
767 764 817 791 ego
831 757 1026 785 testimonium

225 796 384 831 perhibeam
393 798 428 826 de
441 799 554 834 meipso,
566 805 707 828 verumest
715 801 907 829 testimonium
916 809 1021 835 meum,

225 842 289 877 quia
304 843 360 870 scio
383 843 455 871 unde
468 845 540 877 veni,
564 849 591 872 et
605 853 659 881 quo
680 845 766 880 vado;
792 854 841 874 vos
865 851 959 874 autem
972 855 1021 874 ne-

1120 676 1131 689 σι
1148 658 1230 692 Εἶπον
1246 658 1290 692 οὖν
1307 665 1378 704 αὐτῷ
1394 665 1418 693 οἱ
1445 666 1603 705 Φαρισαῖοι·
1626 666 1665 696 Σὺ
1680 669 1740 707 περὶ
1756 674 1875 700 σεαυτοῦ

1080 708 1230 747 μαρτυρεῖς
1257 711 1270 744 ἦ
1293 708 1425 747 μαρτυρία
1441 721 1486 739 σου
1503 712 1549 739 οὐκ
1567 710 1638 740 ἔστιν
1661 712 1771 748 ἀληθής.
1797 714 1879 744 Ἀπε-

1079 753 1156 790 κρίθη
1172 753 1286 789 Ἰησοῦς,
1310 752 1357 782 xui
1376 749 1449 782 εἶπεν
1465 756 1562 788 αὐτοῖς.
1590 755 1647 785 Κᾶν
1667 757 1719 795 ἐγὼ
1745 763 1879 799 μαρτυρῶ

1079 797 1140 841 ἰς-ερὶ
1161 799 1290 841 ἐμαυτοῖέ,
1313 799 1413 834 ἀληθής
1433 800 1503 828 ἐστιν
1530 802 1547 836 ἡ
1575 801 1708 841 μαρτυρία
1737 815 1806 840 μου,
1838 797 1879 833 ἔτι

1075 836 1134 870 οἶδα
1161 842 1238 871 πόθεν
1262 838 1358 880 ἦλθον,
1383 844 1428 872 καὶ
1457 848 1507 874 ποῦ
1531 846 1636 883 ὑπάγω·
1665 848 1738 884 ὑμεῖς
1768 847 1795 876 δὲ
1828 850 1879 878 οὐκ

224 886 299 914 scitis
313 887 385 915 unde
397 888 484 922 venio,
501 893 589 925 etquo
600 889 678 918 vado.
692 902 703 914 ν
719 891 787 924 Quia
799 891 915 924 dixerat,
933 903 946 915 ι
962 893 1012 926 ΕΒ(

1108 886 1182 921 δαῖε,
1201 887 1279 916 πόθεν
1296 887 1429 927 ἔρχομαι,
1450 889 1497 917 καὶ
1518 892 1568 918 ποῦ
1591 890 1695 929 ὑπάγω.
1722 904 1736 919 »
1755 891 1876 929 Ἐπειδῆ

222 938 284 958 sum
300 932 342 959 lux
355 933 460 967 mundi,
478 945 490 957 »
506 934 688 962 criminantur
705 943 771 963 eum
785 936 864 971 quasi
885 936 918 964 de
930 936 1018 971 seipso

222 978 376 1004 testaretur.
386 978 409 1005 Ο
419 978 618 1013 insipientiam!
636 981 698 1015 Ipse
712 988 820 1008 sursum
834 980 1018 1016 deorsumque

221 1021 375 1057 Scripturas
389 1022 484 1055 trahit,
500 1031 561 1058 qua:
584 1028 716 1051 testentur
736 1026 769 1052 de
789 1025 892 1061 seipso,
911 1029 938 1052 et
965 1025 1017 1060 ipsi

220 1071 339 1101 arguunt
359 1075 424 1094 eum
438 1068 515 1104 quasi
530 1069 563 1095 de
578 1077 606 1096 se
616 1073 771 1096 testaretur.
796 1069 862 1097 Ideo
888 1069 923 1097 ad
942 1070 1016 1097 mali-

219 1111 352 1146 gnitatem
366 1112 488 1147 ipsorum
510 1113 595 1141 etiam
607 1114 757 1149 respondet
771 1114 826 1141 illis
842 1125 847 1141 :
864 1116 942 1148 Esto,
956 1115 1015 1150 ipse

218 1155 251 1183 de
274 1164 320 1184 me
342 1160 434 1190 tester,
450 1158 572 1193 quamvis
601 1158 655 1186 hoc
680 1166 736 1186 non
749 1158 866 1192 faciam,
887 1158 936 1186 sed
960 1164 1015 1187 tres

218 1199 333 1228 habeam
345 1205 438 1235 testes,
456 1203 567 1230 Patrum
582 1211 687 1236 meum,
699 1208 726 1231 et
740 1211 834 1240 opera,
849 1212 881 1231 ac
892 1204 1014 1240 Scriptu-

216 1252 269 1279 ras,
286 1245 357 1273 sicut
371 1251 398 1274 et
419 1254 502 1282 supra
517 1247 622 1275 dictum
644 1252 704 1282 est;
731 1252 852 1276 attamen
880 1256 1014 1284 ponamus

214 1290 287 1325 quod
299 1290 357 1326 ipse
369 1291 402 1319 de
415 1300 460 1319 me
475 1296 567 1327 tester,
579 1293 661 1329 igitur
672 1293 733 1321 licet
742 1293 825 1321 etiam
833 1301 883 1329 ego
892 1293 1013 1328 mihiipsi

214 1339 336 1369 testarer,
353 1345 367 1362 ιι
381 1337 572 1365 testimonium
589 1345 683 1365 meum
707 1342 777 1366 esset
793 1346 899 1372 verum,
918 1349 930 1362 υ
948 1338 1012 1373 quia

212 1379 270 1407 scio
283 1388 327 1407 me
349 1388 408 1408 esse
426 1381 529 1408 Filium
544 1382 606 1415 Dei,
623 1386 649 1410 et
666 1390 723 1410 non
740 1382 882 1409 hominem
899 1390 1008 1417 purum,

212 1424 261 1452 sed
280 1432 398 1459 superne
414 1426 569 1454 venientem
584 1430 612 1454 et
640 1428 741 1454 Deum.
758 1426 905 1460 Quomodo
927 1426 1009 1461 igitur

212 1469 327 1496 mendax
348 1469 399 1497 erit
420 1470 613 1498 testimonium
641 1479 744 1504 meum,
760 1479 823 1498 cum
851 1472 924 1498 Deus
943 1471 1006 1505 sim,

211 1517 238 1541 et
250 1518 392 1548 propterea
406 1514 553 1550 diguuscui
567 1515 711 1544 credatur?
722 1516 793 1543 Nam
802 1516 918 1543 omnino
931 1517 1008 1542 Deus

208 1558 312 1594 sibiipsi
331 1559 407 1586 testis
421 1560 542 1588 maxime
557 1560 675 1588 idoneus
685 1565 743 1594 est;
759 1559 808 1588 sed
822 1564 850 1588 et
863 1561 955 1588 volens
965 1561 1006 1588 ire

207 1602 243 1631 ad
260 1604 352 1631 Deum
370 1612 477 1639 verum,
498 1606 640 1641 quomodo
654 1605 788 1633 mentirer
803 1604 840 1632 ad
853 1613 910 1633 non
923 1613 1005 1633 men-

208 1647 305 1676 dacem
329 1648 461 1678 abiturus.

240 1740 331 1768 Vens.
349 1742 392 1774 15,
409 1743 449 1768 I6.
465 1751 479 1765 α
496 1741 553 1768 Vos
565 1739 718 1768 secundum
738 1747 849 1768 carnem
862 1739 1001 1775 judicatis,

204 1792 255 1820 ego
269 1785 421 1821 nonjudico
433 1793 613 1820 quemquam.
632 1786 716 1812 Porro
731 1789 758 1812 et
770 1784 923 1820 sijudicem
938 1793 998 1821 ego,

199 1829 335 1865 judicium
358 1838 451 1857 meum
477 1838 576 1857 verum
599 1833 650 1863 est,
669 1829 735 1865 quia
751 1829 826 1857 solus
846 1838 903 1857 non
927 1837 999 1864 sum,

201 1873 249 1902 sed
261 1883 322 1911 ego,
346 1879 374 1902 et
387 1875 433 1910 qui
458 1874 531 1902 misit
545 1882 589 1902 me
602 1874 692 1902 Pater.
711 1885 723 1898 η
740 1876 798 1911 Ego
816 1874 941 1910 quidem,
956 1875 999 1901 in-

200 1919 268 1954 quit,
288 1928 352 1948 cum
377 1921 451 1947 Deus
475 1920 537 1952 sim,
554 1923 582 1947 et
600 1927 615 1947 e
637 1919 762 1955 supernis
784 1920 916 1953 venerim,
934 1927 998 1947 vera

199 1963 233 1992 de
248 1965 354 2000 meipso
373 1968 476 1998 testor;
491 1971 540 1992 vos
559 1964 651 1992 solum
662 1964 792 2000 spectatis
806 1963 840 1991 ad
859 1963 913 1991 hoc
924 1963 997 1999 quod

198 2014 331 2044 apparet:
359 2013 385 2036 et
400 2009 464 2044 quia
489 2009 516 2036 in
541 2017 623 2036 carne
649 2016 724 2041 sum,
753 2016 867 2035 carnem
891 2016 996 2036 meram

197 2060 244 2081 me
254 2061 313 2081 esse
332 2053 523 2088 suspicamiui,
540 2057 568 2080 et
582 2061 638 2080 non
651 2053 735 2080 etiam
749 2054 851 2085 Deum,
866 2060 898 2080 ac
908 2061 922 2079 a
937 2054 995 2080 Deo

197 2098 304 2125 venisse
320 2107 328 2126 :
347 2107 361 2123 ι(
376 2098 528 2125 secundum
544 2105 654 2125 carnem
674 2097 816 2134 judicatis,
834 2109 846 2122 ιι
868 2097 921 2125 hoc
941 2102 992 2132 est,

195 2142 357 2179 periculose.
380 2143 451 2170 Nam
473 2142 544 2171 sicut
565 2143 654 2179 quiin
684 2150 765 2170 carne
779 2143 854 2176 vivit,
871 2142 993 2178 improbe

1075 925 1167 968 εἶπεν,
1190 931 1253 960 ὅτιοι
1271 931 1344 971 Ἐγώ
1371 934 1426 970 εἰμι
1449 933 1478 962 τὸ
1502 936 1557 974 φῶς
1583 938 1629 963 τοῦ
1654 936 1777 972 κόσμου,
1797 951 1809 963 ι
1831 940 1876 967 αἶ-

1073 978 1180 1005 τιῶνται
1194 976 1272 1006 αὐτὸν
1292 979 1327 1010 ὡς
1350 979 1411 1016 περὶ
1428 980 1521 1008 ἑαυτοῦ
1545 983 1741 1018 μαρτυροῦντα.
1766 981 1808 1011 *Ω
1827 985 1878 1017 τ-’ἧς

1072 1020 1178 1054 ἃνοίαςῐ
1196 1021 1283 1054 Αὐτὸς
1303 1022 1358 1050 ἄνω
1373 1021 1419 1050 καὶ
1435 1023 1510 1051 κάτω
1524 1023 1568 1055 τὰς
1590 1024 1697 1063 Γραφὰς
1713 1021 1786 1055 εἷλκε
1804 1039 1876 1066 μαρ-

1070 1066 1196 1104 τυρούσας
1222 1067 1281 1104 περὶ
1304 1068 1417 1103 ἑαυτοῦ,
1450 1068 1495 1097 καὶ
1526 1068 1599 1097 αὐτοὶ
1623 1071 1760 1098 αἰτιῶνται
1790 1072 1875 1101 αὐτὸν

1069 1110 1104 1142 ὡς
1118 1111 1177 1149 περὶ
1196 1112 1288 1140 ἑαυτοῦ
1312 1114 1509 1150 μαρτυροῦντα·
1534 1113 1574 1141 διὸ
1598 1113 1662 1152 πρὸς
1686 1114 1734 1148 τὴν
1755 1127 1876 1155 κακουρ-

1068 1154 1128 1193 γίαν
1141 1155 1226 1183 αὐτῶν
1243 1156 1288 1184 καὶ
1303 1157 1378 1189 αὐτὸς
1397 1157 1485 1188 αὐτοῖς
1502 1157 1688 1196 ἀποκρίνεται,
1705 1158 1744 1187 ὅτι
1759 1154 1872 1197 Ἔστω,

1069 1199 1145 1231 αὐτὸς
1173 1200 1233 1238 περὶ
1251 1201 1366 1237 ἐμαυτοῦ
1389 1203 1535 1240 μαρτυρῶ,
1561 1204 1646 1230 καίτοι
1671 1214 1700 1240 γε
1726 1203 1763 1240 μὴ
1790 1208 1874 1234 τοῦτο

1067 1245 1164 1289 ποιῶν,
1181 1243 1249 1273 ἀλλὰ
1265 1245 1332 1284 τρεῖς
1347 1244 1417 1284 ἔχων
1442 1246 1594 1286 μάρτυρας,
1612 1247 1655 1275 τὸν
1668 1247 1779 1287 Πατέρα
1795 1261 1870 1289 μοι)⁷

1067 1287 1111 1334 καὶ
1125 1287 1159 1317 τὰ
1174 1289 1254 1334 ἔργα,
1273 1289 1318 1317 καὶ
1332 1289 1379 1322 τὰς
1394 1290 1501 1334 Γραφὰς
1511 1313 1518 1327 ,
1536 1290 1601 1320 καθὸ
1625 1291 1655 1326 δὴ
1677 1292 1722 1320 καὶ
1738 1287 1872 1334 ἀνωτέρω

1066 1331 1176 1370 εἴρηται·
1193 1332 1264 1378 ὅμως
1283 1336 1392 1378 ρῶμεν,
1414 1333 1454 1362 ὅτι
1470 1335 1544 1368 αὐτὸς
1567 1335 1627 1374 περὶ
1651 1337 1767 1372 ἐμαυτοῦ
1790 1331 1869 1378 μοιρ-

1064 1378 1146 1415 τυρῶ.
1166 1391 1177 1402 ιι
1196 1376 1253 1406 Κᾶν
1269 1374 1312 1406 οὖν
1329 1376 1381 1416 ἐγὼ
1397 1379 1506 1422 Euenit?)
1524 1381 1666 1418 μαρτυρῶ,
1691 1383 1707 1415 ἡ
1723 1374 1868 1422 μαρτυρῖα

1065 1431 1117 1457 μου
1143 1421 1244 1456 ἀληθής
1274 1422 1345 1455 ἐστι,
1371 1420 1436 1450 διότι
1467 1416 1544 1457 οἶδα,
1571 1422 1610 1451 ὅτι
1636 1426 1680 1452 τοῦ
1705 1426 1776 1454 Θεοῦ
1802 1416 1867 1466 sit“

1064 1465 1143 1504 Υἱὸς,
1164 1465 1210 1494 καὶ
1233 1466 1280 1494 οὖκ
1296 1465 1539 1510 ἄνθρίυποὶψιλὸς,
1564 1467 1623 1495 ἀλλ’
1649 1468 1749 1499 ἄνωθεν
1775 1473 1866 1510 ἐρχό-

1062 1521 1137 1545 μενος
1152 1510 1197 1538 καὶ
1219 1510 1297 1543 Θεός.
1326 1512 1389 1544 Πῶς
1412 1506 1455 1540 οἶν
1472 1511 1569 1550 ψευδὴς
1583 1512 1657 1542 ἔσται
1678 1515 1694 1549 ἡ
1721 1506 1868 1554 μαρτυρία

1061 1566 1112 1592 μου
1128 1556 1198 1584 Θεοῦ
1225 1555 1314 1591 ὄντος,
1340 1555 1384 1584 καὶ
1402 1555 1444 1584 διᾶ
1467 1558 1545 1585 τοῦτο
1568 1556 1641 1590 ἀξίου
1664 1559 1863 1596 πιστεύεσθαι;

1062 1599 1173 1632 Πάντως
1192 1599 1243 1639 γὰρ
1259 1602 1272 1628 ὁ
1288 1600 1355 1632 Θεὸς
1370 1599 1520 1633 ἀξιόπιστος
1535 1603 1620 1641 ἑαυτῷ
1644 1603 1754 1640 μάρτυς.
1774 1603 1866 1634 Ἀλλὰ

1059 1644 1106 1673 καὶ
1124 1644 1187 1684 πρὸς
1205 1645 1273 1674 Θεὸν
1290 1645 1392 1682 μέλλων
1413 1646 1536 1674 ἀπελθεῖν
1558 1645 1600 1674 τὸν
1625 1647 1709 1682 ἄληθῆ
1721 1669 1728 1680 ,
1747 1649 1804 1682 πῶς
1822 1649 1862 1678 ἂν

1057 1688 1202 1728 ψευδοίμην
1219 1689 1284 1728 πρὸς
1299 1689 1343 1718 τὸν
1356 1690 1442 1727 ἀληθῇ
1461 1690 1565 1727 μέλλων
1585 1692 1726 1728 ἀπελθεῖνς

1097 1747 1108 1760 ε
1133 1733 1225 1771 Ὑμεῖς
1236 1734 1305 1762 κατὰ
1320 1733 1367 1768 τὴν
1385 1734 1471 1772 σάρκα
1493 1734 1613 1773 κρίνετε,
1637 1735 1689 1773 ἐγὼ
1705 1735 1785 1776 κρίνω
1809 1739 1864 1767 οὗ..

1057 1778 1127 1808 δένα.
1156 1778 1211 1808 Καὶ
1235 1779 1279 1808 ἐὰν
1302 1778 1383 1817 κρίνω
1403 1777 1464 1817 ἐγὼ,
1488 1778 1607 1818 ἠκρίσις
1631 1783 1647 1815 ἡ
1674 1781 1724 1818 ἐμή
1751 1782 1865 1818 ἀληθής

1055 1824 1140 1860 ἐστιν,
1156 1823 1195 1852 ὅτι
1220 1823 1296 1862 μόνος
1318 1823 1365 1851 οὐκ
1381 1822 1448 1861 ἐγὼ,
1470 1823 1527 1852 ἀλλ’
1544 1823 1612 1862 ἐγὼ,
1635 1824 1680 1853 καὶ
1705 1827 1718 1853 ὁ
1743 1826 1864 1866 πέμψας

1055 1880 1088 1905 με
1103 1868 1210 1908 Πατήρ.
1228 1882 1239 1893 »ι
1254 1867 1328 1906 Ἐγὼ
1344 1867 1409 1906 μὲν,
1426 1868 1490 1908 φησὶ
1502 1890 1510 1906 ,
1530 1869 1599 1902 Θεὸς
1613 1867 1665 1904 ὢν,
1684 1868 1730 1898 καὶ
1752 1869 1862 1900 ἄνωθεν

1053 1913 1152 1949 ἐλθὼν,
1168 1915 1254 1949 ἀληθῆ
1276 1912 1336 1952 περὶ
1358 1913 1474 1950 ἐμαυτοῦ
1499 1914 1636 1951 μαρτυρῶ·
1653 1914 1727 1949 ὑμεῖς
1742 1914 1769 1943 δὲ
1785 1915 1863 1954 πρὸς

1052 1957 1081 1986 τὸ
1108 1958 1265 1998 φαινόμενον
1300 1957 1378 1995 μόνον
1408 1956 1616 1992 ἀποϐλέποντες,
1651 1957 1697 1986 καὶ
1728 1958 1794 1986 διότι
1824 1961 1859 1988 ἐν

1052 2002 1132 2042 σαρκί
1157 2004 1227 2040 εἶμι,
1251 2002 1339 2041 σάρκα
1364 2002 1444 2042 ψιλήν
1471 2013 1502 2039 με
1536 2001 1760 2038 ὓπολαμϐάνετε,
1784 2004 1856 2033 ἀλλ’

1051 2047 1110 2086 οὐχὶ
1127 2047 1172 2076 καὶ
1186 2047 1270 2083 Θεὸν,
1285 2046 1331 2075 καὶ
1353 2047 1383 2075 ἐκ
1398 2048 1468 2076 Θεοῦ
1498 2047 1616 2077 ἐλθόντα,
1636 2060 1646 2070 ε
1666 2046 1744 2075 Κατὰ
1757 2047 1855 2087 σάρκα

1051 2091 1161 2130 κρίνετε·
1181 2106 1193 2117 ι
1218 2091 1355 2120 τουτέστιν
1381 2092 1533 2130 ἐπισφαλῶς
1564 2090 1672 2131 θΩστι-ερ
1698 2091 1748 2131 γὰρ
1777 2093 1791 2120 ὁ
1822 2095 1857 2122 ἐν

1050 2137 1128 2175 σαρκὶ
1151 2138 1214 2173 ζῶν,
1237 2135 1342 2177 φαύλως
1370 2135 1476 2175 λέγεται
1501 2137 1558 2175 ζῇν·
1585 2136 1654 2165 οὕτω
1677 2135 1722 2164 καὶ
1743 2137 1757 2164 ὁ
1776 2137 1857 2167 κατὰ

195 2186 286 2215 vivere
298 2187 414 2222 dicitur;
430 2187 466 2215 ita
481 2193 508 2215 et
520 2188 566 2224 qui
591 2186 741 2215 secundum
754 2195 867 2215 carnem
877 2187 990 2223 judicat,
1006 2200 1012 2231 1

1108 2193 1132 2210 ια
1161 2181 1274 2221 κρίνων,
1299 2181 1395 2213 ἀδίκως
1425 2180 1520 2220 κρίνων
1548 2180 1580 2209 ἂν
1611 2180 1726 2220 λεχθείη.
1774 2180 1852 2210 Εἶτα

194 2232 293 2267 injuste
303 2232 428 2269 judicare
453 2232 543 2261 dictus
559 2236 609 2260 est.
628 2232 733 2260 Deinde
756 2232 991 2268 quemadmodum

193 2276 307 2305 dixisset
327 2276 475 2313 quispiam,
489 2278 517 2305 Si
528 2285 579 2304 nos
598 2276 853 2312 Judaijudicamus
877 2276 988 2312 injuste,

192 2329 279 2357 quare
292 2330 348 2349 non
361 2321 453 2357 punis,
472 2330 529 2350 non
554 2321 748 2349 condemnas?
760 2321 827 2349 dicit
844 2330 851 2349 :
876 2322 938 2349 Non
955 2321 989 2349 ad

190 2365 244 2394 hoc
250 2367 323 2399 veni,
330 2371 361 2395 ut
367 2366 505 2402 judicem;
515 2376 529 2393 ι(
537 2368 596 2402 Ego
603 2366 678 2394 enim
688 2366 794 2394 nullum
802 2366 987 2402 nuncjudico;

189 2414 217 2439 et
230 2411 254 2439 si
267 2411 395 2447 iudicem,
404 2411 540 2448 judicium
559 2419 653 2439 meum
668 2419 766 2439 verum
777 2415 827 2439 est.
844 2423 857 2435 ν
876 2411 987 2439 Etenim

187 2455 364 2485 condemnati
395 2457 499 2490 essetis,
521 2456 659 2493 siquidem
682 2455 829 2484 voluissem
848 2456 984 2492 judicare,

184 2508 260 2528 nunc
269 2506 364 2530 autem
375 2501 580 2530 damnationem
593 2501 693 2537 fugitis,
709 2510 765 2529 non
780 2501 841 2537 quia
853 2501 985 2529 damnare

183 2552 233 2573 vos
245 2553 301 2573 non
319 2547 482 2579 valeam(a),
503 2546 549 2574 sed
565 2546 628 2582 quia
643 2555 716 2574 nunc
725 2554 780 2574 non
795 2550 836 2573 est
852 2550 960 2581 tempus
976 2553 982 2571 :

181 2589 211 2617 in
224 2591 376 2620 adventum
401 2591 551 2619 secundum
578 2590 704 2619 differam
720 2591 981 2619 condemnationem

181 2640 300 2664 vestram
323 2645 329 2663 :
359 2635 593 2672 quemadmodum
631 2640 659 2664 et
680 2636 733 2664 alio
758 2636 819 2664 loco
845 2635 910 2662 dicit
934 2634 945 2651 ²
971 2645 978 2662 :

182 2691 195 2704 α
212 2682 276 2708 Non
289 2681 352 2709 veni
363 2685 395 2709 ut
404 2681 524 2717 judicem
532 2680 680 2717 mundum,
692 2681 740 2709 sed
747 2681 862 2709 salvam.
875 2692 888 2705 ν
901 2679 982 2714 Quod

213 2756 225 2773 ²
239 2757 318 2785 Joan.
335 2765 390 2793 x11,
410 2761 454 2786 47.

1046 2225 1135 2266 ὥσπερ
1157 2226 1224 2259 τινὸς
1248 2225 1374 2258 εἰπόντος’
1401 2225 1433 2253 Εἰ
1449 2225 1543 2258 ἀδίκως
1566 2225 1689 2264 κρίνομεν
1715 2227 1792 2262 ἡμεῖς
1820 2228 1850 2255 οἱ

1047 2269 1183 2306 Ἰουδαῖοι,
1197 2270 1239 2299 διὰ
1255 2270 1280 2299 τί
1294 2270 1332 2308 μὴ
1344 2270 1479 2304 κολάζεις,
1496 2270 1538 2298 διὰ
1554 2269 1578 2299 τί
1592 2270 1630 2308 μὴ
1650 2269 1821 2308 κατακρίνεις
1834 2283 1846 2305 ;

1045 2316 1139 2355 φησὶν,
1157 2315 1196 2344 ὅτι
1212 2316 1270 2345 Οὐκ
1286 2314 1328 2344 ἐπὶ
1351 2314 1435 2354 τούτῳ
1452 2310 1531 2350 ἦλθον
1547 2313 1591 2343 ἵνα
1611 2314 1703 2354 κρίνω.
1738 2328 1750 2340 σι
1766 2313 1850 2352 Ἐγὼ

1043 2360 1094 2400 γὰρ
1118 2361 1210 2389 οὐδένα
1235 2359 1315 2399 κρίνω
1331 2362 1385 2388 ν’ὖν·
1409 2359 1453 2388 καὶ
1477 2359 1522 2387 ἐὰν
1540 2360 1620 2398 κρίνω
1641 2359 1684 2395 δὲ,
1709 2361 1725 2395 ἡ
1754 2358 1848 2399 κρίσις

1043 2417 1093 2442 μου
1119 2404 1217 2440 ἀληθής
1240 2406 1305 2434 ἐστι.
1330 2417 1342 2429 ιν
1366 2403 1420 2433 Καὶ
1444 2403 1495 2442 γὰρ
1520 2403 1774 2440 καταδεδικασμένοι
1803 2403 1839 2432 ἂν

1040 2445 1104 2488 ἦτε,
1127 2449 1152 2478 εἴ
1170 2461 1200 2488 γε
1224 2449 1341 2484 ἠθέλησα
1363 2449 1461 2487 κρῖναι.
1489 2449 1546 2477 Νῦν
1571 2447 1597 2476 δὲ
1623 2447 1763 2487 ἐκφεύγετε
1790 2447 1845 2483 τὴν

1041 2496 1214 2534 κατάκρισιν,
1242 2495 1270 2523 οὐ
1307 2493 1374 2522 διότι
1401 2493 1523 2521 ἀδυνατῶ
1553 2493 1620 2530 ὑμᾶς
1654 2495 1840 2531 κατακρῖναι,

1043 2539 1110 2569 ἀλλὰ
1136 2540 1201 2569 διότι
1224 2539 1270 2568 οὐκ
1296 2537 1352 2568 ἔστι
1379 2540 1423 2566 νῦν
1452 2536 1552 2576 καιρός.
1578 2538 1621 2576 Τῇ
1646 2536 1696 2575 γὰρ
1729 2536 1845 2578 δευτέρᾳ

1037 2585 1169 2625 παρουσίᾳ
1192 2582 1354 2621 ταμιεύομαι
1375 2582 1423 2617 τὴν
1449 2581 1606 2620 κατάκρισιν
1637 2583 1720 2619 ὑμῶν’
1743 2580 1841 2620 ὥσπερ

1036 2622 1084 2659 καῖ
1097 2622 1215 2669 ἀλλαχοῦ
1231 2640 1311 2668 φησι,
1331 2627 1371 2656 ὅτι
1399 2639 1414 2654 (ι
1438 2627 1497 2656 Οὐκ
1515 2622 1593 2662 ἦλθον
1617 2630 1704 2665 κρῖναι
1726 2625 1769 2653 τὸν
1786 2627 1841 2655 χό-

1037 2687 1123 2713 σμον,
1142 2674 1210 2704 ἀλλὰ
1224 2675 1321 2702 σῶσαι·
1339 2685 1353 2701 ››
1371 2671 1429 2701 ἐπεὶ
1449 2670 1489 2701 ὅτι
1503 2683 1532 2710 γε
1548 2671 1624 2704 αὐτός
1645 2672 1714 2699 ἐστιν
1732 2671 1746 2698 ὁ
1761 2670 1840 2699 πάν-

212 2818 249 2850 (α)
268 2816 342 2846 Edit.
357 2816 424 2845 Lut.
442 2816 555 2852 omittit,
578 2824 650 2844 nunc
660 2817 751 2844 autem
765 2815 967 2843 damnationem
981 2814 1092 2849 fugitis,
1111 2821 1164 2841 non
1175 2813 1241 2848 quia
1256 2813 1386 2840 damnare
1400 2820 1445 2839 vos
1463 2818 1518 2838 non
1532 2808 1648 2836 valeam.
