1910 3077
24 176 49 201 13
397 171 592 199 ENARRATIO
613 171 644 198 IN
664 170 878 198 EVANGELIUM
895 169 1034 198 JOANNIS
1054 185 1089 190 —
1107 170 1183 198 CAP.
1204 171 1276 198 VIII.
1627 169 1659 196 14

24 247 68 265 των
87 235 191 274 κριτὴς,
213 233 293 263 ἄκουε
308 236 352 263 τοῦ
369 235 496 274 ἀψευδοῦς
517 234 647 271 στόματος
659 256 666 269 ,
685 233 725 262 ὅτι
743 246 754 259 τι
774 233 808 263 Ὁ

912 240 956 260 em
970 233 1027 268 ipse
1038 232 1071 260 sit
1085 232 1313 267 omniumjudex,
1334 231 1396 259 audi
1412 239 1444 260 os
1454 231 1527 268 quod
1550 230 1661 259 mentiri

24 280 112 318 Πατὴρ
143 278 190 314 τὴν
216 279 302 318 κρίσιν
329 283 419 307 πᾶσαν
450 278 548 308 δέδωκε
571 281 607 318 τῷ
632 279 700 318 Υἱῷ.
725 277 811 308 εὭστε

24 325 78 353 ὅταν
96 324 210 363 ἀκούῃς,
229 323 269 352 ὅτι
297 337 308 349 ι
322 323 395 361 Ἐγὼ
417 323 498 363 κρίνω
522 323 631 359 οὐδένα,
657 337 670 349 ν
690 323 728 361 μὴ
750 322 812 362 περὶ

24 371 62 404 τῆς
87 368 232 406 μελλούσης
253 367 419 407 παρουσίας,
436 368 505 396 ἀλλὰ
527 371 573 404 τῆς
595 367 743 407 προτέρας,
758 368 812 397 νόει

24 413 138 452 λέγεσθαι
162 415 250 443 τοῦτο.
277 412 367 442 Εἰπὼν
390 411 438 447 δὲ,
464 413 504 441 ὅτι
530 424 544 439 (ι
559 413 618 441 Οὐκ
642 413 696 450 εἰμὶ
721 412 812 450 μόνος,

24 457 86 487 ἀλλὰ
100 457 145 486 καὶ
165 460 178 487 ὁ
196 456 290 496 Πατήρ
310 468 360 495 μου
383 458 440 494 μετ’
459 458 523 494 ἐμοῦ
549 457 620 486 ἐστιν
633 479 640 492 ,
668 471 680 482 ν
701 457 811 494 ἔδειξεν,

24 502 58 531 ὅτι
80 503 139 531 Οὖκ
161 501 213 540 ἐγὼ
239 502 316 540 μόνος
339 501 511 535 καταδικάζω
535 503 619 540 ὑμᾶς,
645 501 715 530 ἀλλὰ
739 501 813 530 καὶὸ

24 547 126 586 Πατήρ.
155 547 198 576 05
213 547 265 587 γὰρ
290 546 377 579 ἄλλως
402 545 450 584 μὲν
466 546 518 584 ἐγὼ
539 546 635 585 κρίνω,
655 546 741 579 ἄλλως
756 546 783 575 δὲ
800 547 814 575 ὁ

90 591 96 601 Ι
119 599 126 602 _
154 590 208 602 ’κη’
230 590 242 602 I1

24 637 128 671 ἐκεῖνος,
143 635 213 664 οὕτω
225 635 309 675 κάγώ.

63 694 74 706 ι
89 680 143 711 Καὶ
159 682 185 710 ἐν
200 683 238 720 τῷ
254 680 328 720 νόμῳ
349 679 377 709 δὲ
398 681 436 720 τῷ
459 679 580 720 ὑμετέρῳ
594 679 753 720 γέγραπται,
773 680 814 710 ὅτι

24 726 65 755 δύο
88 724 233 765 ἀνθρώπων
248 728 265 761 ἡ
291 724 425 764 μαρτυρία
441 725 542 761 ἀληθής
559 727 638 756 ἐστιν.
668 725 742 765 Ἐγώ
758 727 814 763 είμι

24 771 189 810 ὃμαρτυρῶν
204 769 266 808 περὶ
288 771 424 807 ἐμαυτοῦ,
442 769 487 798 καὶ
508 770 639 809 μαρτυρεῖ
662 769 722 809 περὶ
749 771 815 808 ἐμοῦ

24 815 156 856 ὂπέμψας
172 827 205 850 με
225 813 334 854 Πατήρ.
351 828 363 840 ι
385 814 544 844 Εἷπάτωσαν
556 816 669 844 ἐνταῦθα
687 815 816 856 Ἀρειανοί

25 827 37 845 ο
50 827 156 856 πεμψας
172 827 205 850 με
225 827 334 854 υατηρ.
351 828 363 840 ι
385 827 544 844 ιιιπατωσαν
556 827 669 844 ενταυυα
693 827 713 844 Α
735 827 815 844 ειανοι

25 871 51 889 τε
64 860 109 889 καὶ
125 859 287 896 Εὖνομιανοὶ
297 882 304 896 ,
319 859 343 888 οἳ
355 859 474 898 λέγοντες
494 859 531 898 μὴ
543 859 681 896 ὁμοούσιον
697 827 766 889 εἶναι
778 861 816 899 τῷ

866 277 965 310 nescit,
984 289 996 301 ι
1014 278 1094 304 Pater
1107 276 1332 313 617judicium
1345 284 1426 303 omne
1445 277 1518 304 dedit
1534 276 1599 303 Filio
1611 275 1632 303 ³.
1646 285 1659 301 ››

866 324 955 358 Atque
965 322 1001 350 ita
1012 321 1120 358 quando
1131 321 1220 354 audis,
1233 320 1307 357 quod
1319 332 1332 344 ι
1343 322 1400 356 Ego
1412 321 1518 348 nullum
1529 321 1633 356 judico,
1647 334 1659 346 ιν

865 375 920 394 non
943 367 977 394 de
1004 366 1097 394 futuro
1121 366 1250 398 adventu,
1276 365 1325 393 sed
1347 365 1381 393 de
1402 364 1529 401 praesenti
1556 365 1662 395 dictum

866 411 996 447 intellige.
1013 411 1135 439 Dicendo
1151 414 1257 444 autem,
1277 422 1290 434 α
1307 411 1369 437 Non
1387 417 1451 437 sum
1466 410 1554 443 solus,
1568 410 1616 438 sed
1635 415 1663 438 et

867 456 948 484 Pater
958 463 1036 483 meus
1047 463 1155 483 mecum
1166 459 1217 488 est,
1235 466 1247 479 ι
1259 454 1379 482 ostendit
1392 453 1468 490 quod
1484 455 1546 482 Non
1557 461 1607 490 ego
1618 463 1662 482 so-

868 500 910 527 lus
929 500 1084 528 condemno
1104 508 1168 534 vos;
1194 499 1241 528 sed
1258 504 1286 527 ct
1305 501 1394 527 Pater.
1413 501 1474 527 Non
1497 499 1569 527 enim
1588 499 1665 528 aliter

868 545 979 581 quidem
993 553 1042 581 ego
1054 545 1158 581 judico,
1175 545 1256 572 aliter
1271 552 1334 572 vero
1351 546 1445 580 Pater;
1457 543 1505 573 sed
1516 543 1587 573 sicut
1601 552 1662 580 ego,

868 590 906 618 ita
922 594 949 619 et
958 590 1014 624 ille,
1027 595 1055 618 et
1068 590 1140 618 sicut
1156 589 1212 624 ille,
1227 593 1255 618 et
1268 597 1328 626 ego.

904 681 994 708 Vens.
1018 683 1061 714 17,
1079 681 1122 708 18.
1140 691 1153 704 ι
1169 679 1241 714 Quin
1255 683 1282 707 et
1297 679 1327 706 in
1348 679 1407 715 lege
1428 683 1516 707 vestra
1531 680 1666 716 scriptum

868 729 924 759 est,
944 725 1020 761 quod
1040 725 1160 753 duorum
1182 724 1328 752 hominum
1354 724 1542 752 testimonium
1568 733 1666 753 verum

869 775 920 799 est.
936 771 995 806 Ego
1013 777 1075 797 sum
1089 769 1135 806 qui
1160 769 1351 797 testimonium
1372 768 1430 796 fero
1451 769 1485 797 de
1505 769 1620 805 meipso,
1637 774 1666 798 et

869 814 1060 843 testimonium
1087 814 1140 842 fert
1163 814 1197 842 de
1224 822 1267 842 me
1291 814 1338 850 qui
1363 814 1440 842 misit
1467 822 1511 842 me
1536 815 1626 842 Pater.
1651 826 1665 839 ι

870 860 969 888 Dicant
984 859 1035 887 hoc
1050 859 1110 887 loco
1125 859 1223 887 Ariani
1245 863 1272 886 et
1286 859 1461 892 Eunomiani,
1477 858 1598 887 dicentes
1612 867 1668 887 non

27 905 110 944 Πατρὶ
124 904 171 934 τὸν
191 905 269 934 Υἱόν·
295 905 317 933 εἰ
335 903 372 942 μὴ
397 904 534 941 ὁμοούσιος
556 899 606 940 ἧν,
627 907 682 938 πῶς
696 905 727 933 ἂν
744 898 817 934 ἐτόλ-

912 913 930 932 ;e
954 903 1218 933 consubstantialem
1234 904 1307 931 Patri
1322 904 1422 931 Filium
1436 913 1443 932 :
1459 904 1481 931 si
1502 912 1556 932 non
1572 904 1669 932 fuisset

25 961 104 988 μησεν
119 950 222 988 εἰπεῖν,
241 948 282 978 ὅτι
303 950 360 984 Τῆς
384 948 465 984 αὐτῆς
481 949 615 982 αὖθεντίας
642 949 688 978 καὶ
713 949 816 983 ἀξιοπι-

25 994 97 1027 στίας
125 993 181 1032 εἰμὶ
205 995 243 1033 τῷ
268 993 375 1032 Πατρί;
396 992 504 1033 νΩσπερ
529 993 580 1032 γὰρ
605 993 651 1022 δύο
671 993 817 1033 ἀνθρώπων

24 1039 82 1079 περί
106 1050 176 1072 τινος
204 1037 427 1078 μαρτυρούντων,
453 1038 499 1067 καὶ
529 1039 644 1073 ἀληθοῦς
667 1037 748 1074 οὔσης
772 1040 819 1074 τῆς

25 1082 170 1123 μαρτυρίας
183 1083 287 1119 αὐτῶν,
304 1083 436 1122 πρόδηλον
460 1082 501 1111 ὅτι
524 1083 571 1111 καὶ
591 1084 607 1118 ἡ
636 1082 786 1116 ἀξιοπιστία
800 1085 818 1119 ἡ

25 1127 100 1164 αὐτή·
129 1127 200 1156 οὕτω
223 1128 373 1163 κάνταῦθα,
387 1127 461 1156 οὐδὲν
485 1127 592 1157 ἔλαττον
609 1127 730 1167 ἐμφαίνει
749 1127 819 1167 ἔχειν

24 1172 70 1208 τὴν
85 1174 180 1202 ἑαυτοῦ
195 1172 260 1210 πρὸς
274 1171 321 1207 τὴν
345 1174 389 1201 τοῦ
414 1172 521 1210 Πατρὸς
548 1171 706 1212 μαρτυρίαν.
726 1170 820 1202 ’Ἄκουε

25 1217 74 1257 γὰρ
103 1218 261 1250 αὖθεντικῶς
285 1217 424 1256 λεγόμενον
446 1216 477 1245 τὸ
503 1216 606 1256 ἐφεξῆς·
632 1229 646 1244 τι
665 1216 740 1255 Ἐγώ
765 1217 820 1254 εἰμι

25 1263 196 1302 ὁμαρτυρῶν
213 1262 274 1301 περὶ
290 1262 423 1299 ἐμαυτοῦ,
446 1261 492 1290 καὶ
517 1263 648 1301 μαρτυρεῖ
671 1262 733 1302 περὶ
756 1263 821 1301 ἐμοῦ

25 1306 69 1335 καὶ
85 1308 98 1335 ὁ
114 1305 221 1346 Πατήρ.
241 1317 254 1334 υ
274 1305 358 1346 (Ορᾷς
382 1305 430 1341 τὴν
445 1306 503 1341 ἴσην
520 1306 656 1335 αὖθεντίαν
667 1329 674 1342 ,
691 1306 737 1335 καὶ
751 1307 822 1339 ὅπως

29 1351 122 1380 ἑαυτὸν
137 1351 288 1385 ἀξιόπιστον
305 1355 436 1386 ποιεῖται,
455 1349 546 1390 ὥσπερ
569 1352 614 1380 καὶ
630 1351 673 1380 τὸν
693 1351 821 1391 Πατίρα;

24 1395 112 1435 νΟπερ
128 1397 175 1426 οὐκ
202 1395 233 1424 ἂν
259 1395 406 1433 ἐτόλμησεν
424 1396 523 1431 εἰπεῖν,
542 1396 567 1424 εἴ
586 1407 616 1434 γε
632 1395 822 1436 ὑποδεέστερος

29 1437 58 1476 ἦν
73 1443 117 1470 τοῦ
136 1440 244 1479 Πατρὸς
266 1440 335 1470 κατὰ
355 1440 403 1476 τὴν
423 1439 516 1477 ἀξίαν,
538 1440 583 1469 καὶ
604 1441 650 1470 οὐκ
675 1441 730 1474 ἴσος
747 1442 822 1480 αὖτῷ

29 1486 72 1514 καὶ
98 1485 248 1524 ὁμοούσιος.
278 1485 311 1514 Εἰ
335 1485 386 1525 γὰρ
416 1484 546 1520 ἠϐούλετο
571 1484 662 1525 ὕφεσίν
690 1497 748 1514 τινα
777 1487 823 1516 καὶ

872 950 999 986 ejusdem
1015 949 1187 982 substantiae,
1203 948 1345 985 quomodo
1357 956 1440 976 ausus
1455 948 1552 976 fuisset
1564 948 1666 983 dicere,

872 994 1003 1030 Ejusdem
1027 993 1199 1022 auctoritatis
1219 1001 1283 1022 sum
1302 1001 1367 1021 cum
1389 994 1481 1027 Patre,
1498 997 1527 1021 et
1539 993 1670 1021 similiter

873 1038 974 1074 dignus
997 1039 1042 1066 cui
1065 1038 1134 1066 ﬁdes
1159 1038 1311 1066 habeatur?
1335 1039 1407 1065 Nam
1431 1037 1669 1072 quemadmodiun

873 1091 939 1112 cum
953 1083 1008 1111 duo
1029 1082 1153 1110 homines
1167 1082 1201 1110 de
1219 1082 1316 1110 eadem
1330 1090 1360 1110 re
1375 1086 1522 1116 testantur,
1535 1086 1563 1110 et
1574 1090 1670 1110 verum

873 1133 915 1157 est
946 1128 1055 1156 illorum
1085 1127 1290 1161 testimonium,
1321 1126 1499 1154 manifestum
1522 1130 1565 1154 est
1596 1125 1671 1162 quod

874 1173 1017 1209 utriusque
1041 1172 1137 1200 eadem
1154 1176 1195 1200 est
1216 1171 1350 1200 idoneitas
1369 1171 1398 1199 in
1416 1171 1542 1200 testando
1561 1182 1567 1199 :
1585 1171 1623 1199 ita
1643 1175 1672 1199 et

875 1218 929 1246 hoc
943 1218 1003 1246 loco
1015 1217 1082 1245 nihil
1098 1217 1189 1245 minus
1205 1216 1305 1244 habere
1318 1216 1438 1244 declarat
1450 1224 1532 1244 suum
1545 1216 1671 1244 testimo-

876 1263 951 1290 nium
963 1263 1051 1291 Patris
1060 1262 1229 1290 testimonio.
1247 1261 1316 1290 Audi
1327 1262 1402 1290 enim
1414 1261 1488 1297 quod
1498 1269 1672 1297 consequen-

877 1312 918 1336 ter
932 1315 1033 1343 magna
1047 1307 1211 1335 auctoritate
1225 1306 1336 1339 dicitur,
1354 1318 1366 1330 α
1382 1307 1438 1342 Ego
1453 1314 1516 1334 sum
1533 1306 1581 1342 qui
1595 1306 1673 1333 testi-

877 1353 1004 1380 monium
1018 1352 1076 1380 fero
1088 1352 1122 1380 de
1134 1352 1251 1387 meipso,
1266 1355 1294 1379 et
1307 1351 1496 1379 testimonium
1511 1351 1565 1378 fert
1579 1350 1614 1379 de
1629 1358 1674 1378 me

878 1400 967 1426 Pater.
988 1409 1002 1422 ι
1019 1396 1104 1424 Vides
1118 1396 1312 1424 auctoritatem
1327 1397 1363 1431 (a)
1379 1403 1483 1431 parem,
1496 1399 1523 1423 et
1533 1395 1674 1431 quomodo

877 1451 907 1471 se
917 1451 995 1478 mque
1002 1441 1036 1470 ad
1044 1441 1236 1470 testimonium
1245 1440 1310 1468 facit
1320 1440 1449 1468 idoneum
1458 1444 1540 1476 atque
1549 1441 1675 1467 Patrem?

878 1488 907 1516 Id
922 1487 995 1524 quod
1010 1495 1067 1515 non
1086 1494 1170 1514 ausus
1190 1485 1288 1514 fuisset
1308 1485 1410 1519 dicere,
1429 1485 1565 1520 siquidem
1586 1484 1675 1520 digni-

32 1529 173 1559 ἐλάττωσιν
198 1529 378 1568 ἐνδείξασθαι,
402 1530 449 1559 οὖκ
473 1529 505 1558 ἂν
531 1530 622 1559 ἑαυτὸν
645 1530 817 1570 συνηρίθμησι

912 1536 935 1560 te
960 1534 1039 1560 Patre
1063 1531 1162 1559 fuisset
1183 1530 1306 1562 inferior,
1330 1534 1358 1557 et
1378 1537 1435 1557 non
1454 1529 1566 1566 aequalis
1588 1529 1628 1557 illi
1643 1537 1675 1557 ac

29 1576 65 1615 τῷ
83 1575 170 1614 Πατρὶ
180 1598 189 1612 ,
206 1574 251 1603 καὶ
266 1573 314 1609 τὴν
325 1574 424 1603 οἰκείαν
445 1574 594 1614 μαρτυρίαν
654 1577 700 1604 τοῦ
718 1576 822 1616 ΙΙατρὸς

31 1619 237 1657 συγκατέταττε·
263 1618 332 1648 ἀλλὰ
348 1620 439 1652 δοῦλος
460 1620 510 1655 ὢν,
537 1619 624 1652 καθὼς
646 1620 670 1648 οἱ
694 1619 820 1659 αἴρετικοὶ

31 1664 215 1700 ὃυσσεϐοῦσιν,
241 1665 277 1697 εἰς
296 1663 342 1693 ἕνα
356 1665 408 1693 τῶν
432 1663 582 1693 συνδούλων
600 1663 750 1704 ἀπέϐλεψεν
768 1664 799 1693 ἂν
811 1687 820 1703 ,

29 1710 146 1738 κάκεῖνον
169 1708 350 1748 συμμάρτυρα
372 1708 535 1745 ἐποιήσατο,
556 1704 609 1738 οἷον
633 1708 678 1738 τὸν
694 1708 822 1746 Ἰωάννην

28 1754 109 1792 λέγω,
133 1753 227 1789 ἢτοὺς
248 1753 393 1793 προφήταις⁸
423 1752 440 1788 ἢ
463 1753 568 1788 ἅπλῶς,
594 1753 618 1782 εἴ
640 1765 670 1791 γε
701 1753 823 1787 τοιαύτας

29 1798 104 1833 ἤθελε
122 1797 286 1837 μαρτυρίας,
304 1797 399 1837 μυρίας
415 1797 446 1826 ἂν
462 1793 532 1837 εἶρε.
547 1799 603 1828 Νῦν
619 1797 646 1826 δὲ
664 1797 712 1833 τὴν
728 1799 823 1836 ὁμοθυ-

29 1842 137 1879 σιότητα
152 1842 236 1871 θέλων
258 1842 338 1875 δεῖξαι
348 1865 356 1881 ,
375 1842 410 1878 ἣν
427 1842 483 1882 ἔχει
499 1841 564 1882 πρὸς
583 1842 626 1870 τὸν
642 1842 752 1882 Πατέρα
763 1867 770 1879 ,
785 1845 824 1883 τῷ

30 1886 118 1926 Πατρὶ
134 1886 291 1925 συναριθμεῖ
305 1886 407 1917 ἑαυτόν.
432 1887 479 1922 Μὴ
499 1887 640 1927 Θαυμάσῃς
665 1886 710 1924 δὲ,
731 1888 754 1916 εἰ
776 1889 825 1917 ἀλ-

30 1933 112 1971 λαχοῦ
126 1931 174 1961 καὶ
190 1931 331 1967 Ἰωάννην,
350 1931 395 1961 καὶ
412 1933 514 1967 Μωσῆν
524 1955 532 1968 ,
551 1932 596 1961 καὶ
612 1931 671 1965 τοὺς
686 1932 825 1972 προφήτας

28 1977 141 2016 παράγει
163 1975 226 2015 περὶ
252 1978 334 2005 αὐτοῦ
362 1979 573 2016 μαρτυροῦντας.
603 1977 674 2016 Πρὸς
696 1976 748 2017 γὰρ
776 1977 824 2012 τὴν

29 2022 78 2050 τῶν
109 2022 249 2062 ἀκροατῶν
284 2020 417 2061 ὑπόληψιν
443 2023 520 2050 τοῦτο
543 2023 625 2050 ποιεῖ·
656 2022 702 2050 καὶ
732 2022 824 2058 ἐπειδὴ

28 2067 119 2095 ἐκεῖνοι
133 2067 178 2096 τὸν
203 2065 331 2101 Ἰωάννην
356 2066 401 2094 καὶ
424 2066 468 2095 τὸν
486 2067 588 2101 Μωσῆν
606 2066 686 2096 αὐτοῦ
716 2067 822 2106 προετί-

30 2113 119 2147 θεσαν,
143 2110 238 2140 τούτου
260 2109 347 2139 ἕνεκεν
371 2109 432 2143 τοὺς
450 2110 637 2148 νομιζομένους
661 2112 724 2150 παρ’
738 2112 826 2145 αὐτοῖς

31 2155 145 2190 ἐνδόξους
172 2156 218 2184 καὶ
239 2155 370 2194 μεγάλους
394 2155 429 2188 εἷς
454 2155 602 2194 μαρτυρίαν
625 2155 708 2185 ἕλκει.
739 2155 824 2186 "ﬂore

32 2199 87 2228 ἐπεὶ
109 2200 154 2229 καὶ
175 2199 236 2239 περὶ
257 2202 303 2228 τοῦ
319 2200 391 2229 Θεοῦ
416 2199 462 2229 καὶ
488 2199 593 2240 Πατρὸς
619 2200 739 2240 μεγάλην
763 2201 827 2230 ὑπό-

31 2227 282 2284 λήῷινζῗχάνίῖκάι
293 2227 319 2273 έί
327 2227 386 2283 ‘72:,
400 2227 481 2282 me,
489 2227 564 2279 ’ᾖζςέξ
572 2227 651 2275 es;
660 2227 826 2283 255545,
842 2227 869 2260 υ

33 2289 144 2328 παράγει
160 2291 207 2317 νῦν
228 2289 274 2318 καὶ
289 2288 367 2318 αὐτὸν
384 2289 483 2317 ἐκεῖνον
498 2289 542 2318 τὸν
558 2289 601 2318 ἐπὶ
617 2289 724 2318 πάντων
740 2291 809 2320 Θεὸν
820 2314 827 2326 ,

34 2333 164 2373 μάρτυρα.
191 2333 270 2363 Ἐπεὶ
289 2332 381 2362 δὲκαὶ
403 2333 494 2362 ἑαυτὸν
520 2335 558 2373 τῷ
580 2333 691 2374 τοιούτῳ
716 2334 829 2374 μάρτυρι

33 2379 68 2416 τῷ
89 2378 296 2418 ἀπαραγράπτῳ
311 2377 355 2407 καὶ
371 2378 562 2418 ἀψευδεστάτῳ
585 2378 725 2408 συντάττει
737 2402 744 2414 ,
762 2391 828 2418 προ-

35 2422 179 2458 δηλότατον
202 2422 269 2462 ἄρα,
290 2423 330 2452 ὅτι
350 2424 398 2458 τῆς
415 2423 494 2458 αὐτῆς
517 2424 556 2463 τῷ
578 2423 667 2463 Πατρὶ
693 2424 829 2458 αὗοεντίας

35 2467 79 2495 καὶ
106 2466 227 2501 ἔξουσίας
255 2467 323 2498 ἐστί.
355 2467 409 2498 Καὶ
436 2468 654 2507 αἰσχυνέσθωσαν
681 2470 706 2498 οἱ
736 2470 830 2498 δοῦλον

35 2511 112 2540 αὐτὸν
138 2511 185 2541 καὶ
215 2512 318 2541 ἐλάττω
352 2511 423 2541 κατὰ
449 2512 537 2542 πάντα
571 2515 616 2542 τοῦ
651 2513 758 2553 Πατρὸς
788 2513 831 2543 λέ-

38 2567 138 2593 γοντες.

75 2612 91 2629 σ
114 2599 230 2640 Ἔλεγον
254 2596 298 2630 οὖν
320 2602 403 2642 αὖτῷ-
429 2602 487 2631 Ποῦ
511 2601 582 2632 ἐστιν
606 2603 621 2631 ὁ
654 2602 743 2642 πατήρ
767 2614 829 2640 σου,

38 2644 178 2684 Ἀπεκρίθη
208 2647 222 2674 ὁ
247 2645 361 2681 Ἰησοῦς
388 2645 460 2676 Οὔτε
489 2646 535 2684 ἐμὲ
564 2646 672 2683 οἴδατε,
696 2647 757 2677 οὔτε
785 2648 829 2677 τὸν

38 2690 148 2728 Πατέρα
165 2702 224 2728 μου.
277 2691 310 2720 Εἰ
337 2689 385 2728 ἐμὲ
399 2690 504 2730 ᾔδειτε,
518 2691 563 2721 καὶ
586 2692 630 2721 τὸν
648 2693 758 2732 Πατέρα
778 2705 829 2732 μου

73 2768 84 2785 ³
96 2770 176 2796 Joan.
193 2777 219 2803 ν,
233 2773 276 2797 22.
293 2770 303 2787 ‘
316 2771 398 2798 Joan.
415 2778 465 2805 ιιι,
484 2774 527 2798 14.

876 1575 1125 1605 consubstantialis.
1147 1576 1219 1603 Nam
1239 1575 1262 1602 si
1285 1575 1415 1602 voluisset
1436 1574 1635 1610 subjectionem
1649 1577 1677 1602 et

877 1621 1100 1650 imminutionem
1119 1619 1270 1656 quamdam
1289 1618 1444 1653 ostendere,
1464 1627 1521 1646 non
1533 1626 1593 1647 sese
1604 1617 1677 1646 Patri

877 1669 1116 1699 connumerasset,
1144 1672 1196 1692 nec
1219 1671 1301 1692 suum
1322 1671 1388 1692 cum
1411 1664 1498 1692 Patris
1518 1663 1678 1692 testimonio

877 1711 1004 1745 locasset,
1029 1709 1078 1738 sed
1106 1717 1208 1737 servus
1233 1716 1297 1737 cum
1322 1711 1394 1737 esset
1416 1709 1467 1745 (uti
1485 1708 1680 1744 blasphemant

878 1755 1008 1789 haeretici)
1033 1755 1062 1782 in
1081 1762 1177 1783 unum
1194 1761 1391 1782 conservorum
1414 1753 1588 1790 respexisset,
1603 1757 1630 1781 et
1650 1753 1681 1780 Il-

878 1800 936 1829 lum
952 1799 1102 1829 contestari
1125 1799 1251 1832 fecisset,
1267 1802 1298 1826 ut
1318 1800 1456 1826 Joannem
1471 1797 1535 1826 dico
1551 1798 1593 1825 vel
1616 1805 1680 1833 pro-

878 1846 976 1881 phetas
999 1854 1004 1870 ε
1024 1848 1052 1872 et
1073 1844 1101 1872 in
1125 1851 1245 1876 summa,
1272 1843 1296 1871 si
1319 1843 1432 1879 quidem
1454 1843 1521 1870 talia
1547 1842 1678 1870 voluisset

878 1889 1047 1922 testimonia,
1061 1888 1204 1916 innumera
1215 1887 1362 1915 invenisset
1374 1896 1381 1914 :
1392 1895 1468 1914 nunc
1478 1891 1572 1914 autem
1583 1887 1678 1914 volens

878 1942 907 1962 se
917 1933 990 1962 Patri
1002 1931 1265 1961 consubstantialem
1272 1931 1428 1965 ostendere,
1442 1939 1472 1958 se
1485 1931 1561 1959 Patri
1575 1937 1680 1958 connu-

879 1983 977 2007 merat.
994 1980 1034 2007 Ne
1052 1976 1162 2005 mireris
1175 1980 1268 2004 autem
1283 1976 1306 2004 si
1321 1975 1375 2004 alio
1390 1975 1450 2003 loco
1465 1980 1492 2004 et
1500 1976 1637 2003 Joannem
1650 1979 1678 2003 et

877 2025 976 2052 Mosen
995 2027 1025 2051 et
1038 2021 1186 2058 prophetas
1199 2020 1313 2049 adducit
1334 2020 1368 2048 de
1381 2028 1410 2048 se
1432 2024 1563 2048 testantes
1577 2019 1598 2047 ‘.
1614 2021 1676 2048 Hoc

879 2069 955 2097 enim
978 2067 1042 2096 facit
1061 2067 1095 2095 ad
1118 2066 1277 2094 auditorum
1295 2065 1471 2093 sententiam.
1492 2066 1528 2093 Et
1542 2065 1677 2101 quoniam

880 2113 918 2142 illi
943 2114 1080 2141 Joannem
1094 2116 1122 2139 et
1145 2112 1240 2139 Mosen
1255 2110 1366 2138 Christo
1387 2110 1597 2146 praeponebant,
1619 2109 1679 2145 ejus

879 2158 965 2195 gratia
976 2165 1024 2185 eos
1037 2156 1083 2193 qui
1099 2155 1173 2192 apud
1191 2155 1251 2183 illos
1265 2154 1357 2191 magni
1372 2159 1399 2183 et
1411 2155 1519 2182 nobiles
1535 2154 1676 2182 existima-

881 2203 991 2236 bantur,
1006 2202 1036 2230 iu
1050 2201 1241 2230 testimonium
1260 2200 1344 2228 trahit
1366 2209 1372 2227 :
1389 2204 1416 2228 et
1432 2200 1468 2227 ita
1481 2199 1546 2235 quia
1567 2199 1601 2228 de
1621 2200 1680 2226 Deo

883 2252 910 2276 et
931 2249 1012 2276 Patre
1025 2253 1157 2282 magnam
1178 2245 1317 2273 habebant
1337 2244 1496 2280 opinionem
1511 2243 1588 2280 (quid
1606 2243 1683 2271 enim

883 2292 958 2321 aliud
967 2290 1156 2328 gloriﬁcabant
1167 2294 1197 2318 ut
1209 2291 1299 2318 Deum
1306 2291 1341 2323 Ρ),
1354 2288 1467 2317 adducit
1480 2297 1553 2316 nunc
1564 2288 1679 2316 etillum

883 2338 972 2373 ipsum
988 2336 1035 2372 qui
1054 2343 1136 2371 super
1149 2342 1245 2362 omnes
1266 2338 1317 2368 est,
1333 2335 1422 2362 Deum
1439 2338 1549 2362 testem.
1567 2335 1602 2362 Et
1617 2333 1683 2369 quia

883 2382 1005 2418 seipsum
1019 2381 1054 2409 ad
1072 2380 1155 2408 talem
1173 2383 1284 2411 testem,
1298 2379 1344 2414 qui
1366 2386 1416 2406 nec
1431 2378 1487 2406 falli
1501 2386 1552 2406 nec
1570 2377 1683 2406 mentiri

885 2431 986 2463 potest,
1002 2425 1160 2459 adordinat,
1175 2423 1433 2452 manifestissimum
1444 2423 1518 2459 quod
1534 2423 1685 2451 auctorita-

885 2476 942 2500 tem
954 2476 981 2499 et
994 2473 1160 2508 potestatem
1170 2468 1294 2497 eamdem
1308 2476 1374 2496 cum
1389 2469 1469 2495 Patre
1479 2468 1587 2496 habeat.
1607 2468 1685 2496 Con-

885 2516 1038 2545 fundantur
1049 2515 1095 2551 qui
1107 2521 1216 2542 servum
1231 2513 1318 2547 illum,
1333 2517 1361 2541 et
1373 2521 1421 2549 per
1437 2512 1533 2541 omnia
1547 2512 1686 2540 minorem

889 2563 970 2590 Patre
982 2560 1088 2589 dicunt.

920 2607 1012 2634 Vens.
1031 2608 1077 2638 19,
1093 2607 1139 2632 2ο.
1152 2614 1164 2627 ι
1180 2603 1318 2631 Dicebant
1329 2610 1394 2639 ergo
1414 2602 1439 2630 ei
1462 2611 1469 2629 :
1486 2601 1540 2630 Ubi
1555 2606 1597 2630 est
1608 2605 1688 2636 pater

884 2653 962 2679 tuus?
985 2648 1144 2685 Respondit
1157 2649 1237 2676 Jesus
1259 2656 1266 2675 :
1290 2649 1386 2683 Neque
1401 2655 1447 2675 me
1473 2646 1573 2680 nostis,
1594 2651 1685 2680 neque

884 2698 993 2724 Patrem
1007 2694 1093 2731 618
1113 2700 1222 2721 meum.
1241 2692 1268 2721 Si
1291 2700 1338 2721 me
1360 2691 1512 2726 novissetis,
1527 2694 1556 2719 et
1579 2691 1689 2718 Patrem

75 2828 112 2859 (ιι)
130 2825 202 2854 Edit.
218 2827 296 2861 Lut.,
311 2829 490 2856 autoritatem
501 2829 616 2864 qualem.
633 2826 753 2861 Deinde,
774 2829 883 2856 Patrem
896 2833 944 2863 pro
956 2832 1060 2861 parem.
