1910 3077
235 173 265 199 iii
747 165 1003 195 THEOPHYLACTI
1023 163 1201 192 BULGARI/E
1220 163 1379 192 ARCHIEP.
1850 163 1873 188 l6

231 240 325 261 meum
347 231 503 259 novissetis.
526 231 592 260 Haec
612 231 695 258 verba
712 230 820 258 locutus
833 234 874 258 est
892 230 970 257 Jesus
997 227 1018 255 in

1084 228 1169 267 ᾔδειτε
1191 228 1234 257 ἄν.
1277 228 1371 256 Ταῦτα
1394 225 1427 255 τὰ
1453 225 1560 266 ῥήματα
1582 224 1711 260 ἐλάλησεν
1736 225 1750 252 ὁ
1772 223 1872 258 Ἰησοῦς

226 277 433 313 gazophylacio,
446 276 549 304 docens
563 277 591 304 in
605 275 720 311 templo.
736 277 773 303 Et
785 283 867 303 nemo
879 274 1027 310 apprehen—

226 321 267 349 dit
290 329 366 353 eum,
391 321 454 356 quia
477 320 602 348 nondum
626 323 736 348 venerat
755 319 822 347 hora
841 320 908 355 ejus.
927 330 940 343 γι
957 317 1025 352 Quia

227 369 261 393 ut
290 369 431 393 tentantes
471 364 678 399 interrogabant
706 371 770 391 eum
794 363 827 391 de
866 364 963 396 Patre,
999 365 1027 389 et

228 418 286 437 non
312 409 432 437 discendi
455 409 550 445 gratia,
567 413 712 444 propterea
732 415 822 443 neque
834 415 966 442 responso
981 405 1026 433 di-

229 458 332 490 gnatur
349 454 420 487 illos,
444 453 492 481 sed
511 453 591 486 dicit,
610 464 623 477 α
644 454 740 488 Neque
756 460 803 480 me
827 452 924 485 nostis,
937 458 1025 486 neque

228 500 338 527 Patrem
353 506 457 532 meum,
478 509 492 523 ››
507 497 536 526 id
555 502 606 531 est,
624 499 685 525 Non
702 497 815 532 potestis
834 496 903 524 scire
917 497 1026 523 Patrem

229 551 322 571 meum
334 544 392 571 sine
406 550 452 570 me
466 551 473 570 :
494 546 574 578 atque
585 542 620 569 ita
634 542 655 569 si
668 541 767 576 putatis
781 541 914 569 honorare
925 542 1025 574 Deum,

229 596 286 616 non
300 587 409 615 creditis
420 591 511 615 autem
523 587 615 622 ipsum
626 588 735 614 Patrem
754 593 813 614 esse
827 593 934 620 meum,
950 584 1027 620 cujus

228 641 307 660 verus
316 641 381 660 sum
396 632 494 665 Filius,
506 631 572 659 nihil
589 631 710 667 proderit
724 630 812 665 vobis,
832 639 920 667 neque
935 630 1027 658 novis-

228 678 260 705 tis
275 678 363 713 ipsum
383 681 414 704 ut
426 680 534 712 oportet
550 683 699 712 agnoscere
719 684 726 702 :
742 683 806 704 nam
824 674 1028 711 cognosceretis

226 726 254 750 et
268 721 458 755 honorat-etis,
471 721 556 748 etiam
570 729 615 748 me
628 731 633 748 :
646 729 719 749 nunc
732 725 825 748 autem
843 720 906 756 quia
918 727 963 747 me
977 727 1027 747 ne-

228 767 315 800 scitis,
328 774 381 794 nec
396 766 548 799 honoratis,
564 766 642 793 illum
656 773 766 802 quoque
778 765 900 798 nescitis,
913 772 964 793 nec
979 763 1027 792 ho-

228 811 349 844 noratis,
364 810 471 838 etiamsi
494 811 603 846 putetis.
619 810 700 845 Quod
725 814 817 838 autem
844 818 889 838 me
903 809 1026 842 nescitis,

229 863 287 883 non
305 854 356 882 alia
375 855 453 882 vobis
472 862 554 882 causa
576 858 626 888 cst,
642 854 690 882 sed
704 862 752 882 vos
773 854 923 890 vobisipsis.
942 853 1028 882 Audis

1080 273 1106 300 ἐν
1126 274 1163 310 τῷ
1184 270 1385 311 γαζοφυλακίῳ,
1412 271 1543 299 διδάσκων
1562 270 1589 298 ἐν
1609 271 1647 307 τῷ
1662 270 1738 308 ἱερῷ.
1759 268 1816 297 Καὶ
1832 268 1872 296 οὖ-

1083 316 1133 349 δεὶς
1148 316 1255 346 ἐπίασεν
1270 315 1348 345 αὐτὸν
1359 338 1366 347 ,
1381 314 1421 344 ἔτι
1437 314 1509 344 οὔπω
1522 314 1643 350 ἐληλύθει
1656 316 1672 349 ἦ
1688 312 1744 352 ὥρα
1759 314 1853 342 αὐτοῦ.
1865 326 1873 337 ι

1082 360 1193 396 Ἐπειδὴ
1228 364 1263 394 ὼς
1290 360 1458 399 πειράζοντες
1491 359 1570 388 αὐτὸν
1599 358 1710 398 ἠρώτων
1739 357 1802 397 περὶ
1831 359 1872 386 τοῦ

1083 405 1205 444 Πατρὸς,
1229 405 1274 434 καὶ
1291 405 1350 445 οὐχὶ
1363 407 1410 434 τοῦ
1427 406 1519 442 μαθεῖν
1543 402 1640 433 ἕνεκεν·
1663 402 1706 431 διὰ
1723 404 1803 431 τοῦτο
1821 401 1873 430 οὐδὲ

1083 450 1248 490 ἀποκρίσεως
1275 449 1368 482 αὐτοὺς
1394 449 1476 484 ἀξιοῖ,
1503 448 1569 478 ἀλλά
1595 459 1685 488 φησιν·
1709 459 1724 474 α
1743 446 1872 483 Οὔτε

1083 495 1171 524 οἴδατε
1182 517 1189 530 ,
1201 494 1260 524 οὔτε
1275 494 1319 524 τὸν
1337 494 1445 533 Πατέρα
1463 503 1524 531 μου·
1541 493 1677 522 τουτέστιν
1690 515 1698 529 ,
1713 493 1754 522 Οὐ
1767 491 1873 520 δύνασθε

1082 541 1181 579 γνῶναι
1204 539 1310 578 Πατέρα
1332 551 1382 577 μου
1407 538 1489 578 χωρὶς
1512 539 1588 575 ἔμοῧ”
1615 537 1682 566 ὥστε
1707 536 1757 565 κᾶν
1785 536 1873 581 δολί-’ἦτε

1081 589 1163 624 τιμᾷν
1178 585 1222 614 τὸν
1237 585 1306 614 Θεὸν
1317 605 1325 619 ,
1345 584 1373 613 οὖ
1387 583 1526 618 πιστεύητε
1541 583 1568 612 δὲ
1587 582 1665 611 αὐτὸν
1682 581 1794 621 Πατέρα
1816 581 1874 608 εἰναι

1083 630 1146 667 ἐμοῦ
1163 631 1207 658 τοῦ
1227 629 1350 665 ἀληθινοῦ
1368 629 1432 657 Υἶοῦ
1444 650 1452 666 ,
1478 627 1551 656 οὐδὲν
1570 627 1722 667 ὠφελεῖσθε.
1750 625 1824 655 Οὐδὲ
1840 624 1873 653 οἷ-

1083 674 1147 703 δατε
1164 673 1242 703 αὐτὸν
1255 696 1263 712 ,
1284 672 1370 706 καθὼς
1393 674 1431 702 δεῖ
1452 673 1567 711 γνῶναι,
1589 673 1647 701 ἐπεὶ
1669 670 1830 711 ἐγινώσκετε
1848 669 1873 698 ἂν

1083 718 1130 748 καὶ
1149 719 1256 756 ἐτιμᾶτε
1273 717 1354 755 κάμέ·
1375 720 1418 746 νῦν
1438 717 1465 745 δὲ
1489 716 1545 746 ἐπεὶ
1568 717 1614 754 ἐμὲ
1635 718 1681 746 οὐκ
1696 715 1784 745 οἴδατε
1796 737 1806 753 ,
1822 714 1872 743 οὖόἐ

1082 767 1195 802 τιμᾶτε,
1219 762 1277 791 οὐδὲ
1294 763 1391 791 ἐκεῖνον
1413 761 1516 798 οἴδατε,
1530 761 1588 790 οὐδὲ
1603 761 1682 799 τιμὴν
1706 761 1777 800 αὐτῷ
1796 770 1873 798 προσο

1083 807 1174 846 ἄγετε,
1191 807 1240 836 κᾶν
1256 808 1362 842 δοκῆτε.
1377 807 1432 835 Τοῦ
1451 806 1477 835 δὲ
1492 806 1530 845 μὴ
1552 806 1647 835 εἰδέναι
1664 817 1696 844 με
1707 828 1716 842 ,
1731 805 1779 834 οὖκ
1798 804 1871 835 ἄλλος

1082 853 1142 890 ὓμῖν
1157 851 1254 888 αἴτιος,
1271 852 1330 880 ἀλλ’
1346 851 1419 880 αὐτοὶ
1440 852 1550 883 ἑαυτοῖς.
1567 851 1698 886 Ἀκούεις,
1715 851 1729 878 ὁ
1748 850 1796 879 τὸν
1813 848 1870 890 Υἷξν

230 900 276 935 qui
293 899 392 927 Filium
407 899 489 935 impie
501 899 574 927 Patri
595 899 724 935 subjicis?
735 899 792 926 Nisi
807 888 1018 926 consubstantia

1083 896 1252 930 ὑποϐιϐοίζων
1270 896 1372 928 ἀσεϐῶς
1394 897 1432 934 τῷ
1455 895 1562 934 Πατρί;
1580 897 1613 926 Εἰ
1633 895 1670 934 μὴ
1694 894 1833 933 ὃμοούσιος
1848 895 1871 926 ἣν

229 943 262 971 lis
270 948 342 971 esset
351 944 436 977 Patri,
448 943 587 980 quomodo
598 943 712 972 dixisset
725 953 732 971 :
750 955 762 968 ι
775 943 803 971 Si
816 951 860 971 me
871 943 989 977 sciretis,
1001 946 1029 970 et

227 989 338 1016 Patrem
354 996 446 1016 meum
464 989 570 1016 sciretis
584 989 696 1024 utique?
714 1000 727 1013 ιι
750 988 776 1017 Si
789 988 871 1023 enim,
883 993 914 1016 ut
928 988 1029 1022 dicitis,

228 1037 353 1060 creatura
362 1037 403 1060 est
409 1033 506 1066 Filius,
514 1028 658 1069 quomodo
666 1033 712 1069 qui
721 1033 969 1067 novitcreaturam,
980 1041 1030 1060 no-

227 1077 266 1105 vit
276 1081 303 1104 et
314 1078 422 1104 Deum?
433 1078 495 1104 Non
511 1077 582 1104 enim
593 1077 638 1113 qui
653 1078 729 1106 novit
737 1078 919 1105 substantiam
931 1077 1016 1112 angeli
1029 1103 1038 1118 ,

227 1122 304 1150 novit
312 1126 338 1149 et
348 1122 533 1149 substantiam
547 1122 606 1149 Dei.
618 1123 689 1157 Quia
700 1122 784 1158 igitur
799 1123 845 1158 qui
858 1123 909 1150 scit
916 1123 1029 1157 Filium,

227 1171 253 1194 et
266 1168 375 1194 Patrem
386 1166 453 1200 scit;
466 1167 590 1202 sequitur
602 1167 730 1202 ejusdem
741 1167 902 1195 substantia:
915 1175 973 1195 esse
980 1169 1030 1194 Pa-

227 1215 298 1239 trem
312 1219 378 1238 cum
397 1211 474 1238 Filio.
496 1211 597 1244 Etiam,
616 1211 714 1247 inquit,
730 1215 756 1239 et
771 1212 794 1239 is
810 1212 857 1247 qui
870 1216 1027 1239 creaturam

227 1255 313 1287 novit,
329 1255 407 1283 novit
419 1256 519 1282 Deum.
533 1255 657 1282 Minime.
671 1255 752 1283 Multi
764 1256 851 1289 enim,
864 1255 922 1283 imo
932 1263 1028 1283 omnes

227 1303 387 1327 creaturam
400 1299 511 1334 quidem
524 1304 551 1326 et
561 1299 652 1327 vident
660 1304 687 1327 et
698 1300 797 1334 sciunt,
809 1312 821 1324 ιι
837 1301 923 1328 Deum
934 1304 1027 1328 autem

225 1351 317 1380 neque
328 1344 396 1371 vidit
407 1344 480 1379 quis,
495 1352 587 1380 neque
597 1345 672 1372 novit
683 1345 703 1371 ⁵.
724 1356 735 1369 ιι
751 1346 819 1372 Haec
830 1349 923 1373 autem
935 1345 1027 1380 loque—

226 1387 309 1415 batur
324 1389 404 1415 Jesus
418 1389 448 1415 in
464 1389 655 1424 gazophylacio
669 1389 699 1416 in
714 1389 805 1416 medio
820 1389 926 1424 templi,
942 1393 969 1416 et
986 1389 1024 1416 ita

226 1432 313 1460 libere
323 1432 495 1468 loquebatur.
511 1435 641 1460 Attamen
655 1433 701 1468 qui
713 1433 837 1460 occidere
854 1433 931 1460 illum
947 1441 1023 1469 qua:-

226 1477 334 1510 rebant,
350 1481 377 1504 et
389 1477 416 1504 in
431 1477 642 1505 manibusillum
654 1477 803 1511 habebant,
817 1485 874 1505 non
888 1477 1024 1506 audebant

226 1521 430 1556 apprehendere
442 1529 516 1549 eum.
531 1523 566 1549 Et
581 1529 668 1557 neque
681 1521 720 1549 sic
735 1521 938 1555 intellexerunt,
950 1522 1022 1558 quod
1042 1532 1064 1563 (ς

226 1573 320 1594 revera
336 1566 435 1594 divinae
454 1566 565 1594 virtutis
580 1570 639 1594 erat
653 1574 732 1602 opus,
747 1566 881 1602 stipatum
900 1566 1025 1595 hostibus

225 1609 253 1638 in
265 1610 356 1638 medio
367 1611 481 1639 illorum
493 1611 609 1639 illaesum
621 1619 731 1638 manere
742 1619 773 1638 ac
782 1610 926 1645 intactum,
937 1612 1024 1639 maxi-

225 1662 270 1682 me
285 1663 350 1683 cum
365 1655 403 1683 illi
423 1660 487 1685 ante
506 1656 610 1683 Pascha
625 1663 689 1683 eum
704 1656 889 1691 quaesiverint,
909 1660 937 1684 et
961 1656 1024 1684 insi-

225 1699 291 1727 diati
305 1700 327 1727 ei
338 1699 450 1728 fuerint.
465 1701 555 1735 Quem
569 1700 660 1736 igitur,
672 1708 736 1727 cum
749 1708 804 1728 non
819 1701 936 1736 adesset,
949 1709 1024 1737 quaz~

225 1744 332 1778 rebant,
359 1749 457 1772 contra
488 1751 572 1779 quem
598 1743 765 1772 ferociebant
791 1745 831 1772 vel
861 1745 1021 1781 absentem,

223 1787 297 1816 hunc
308 1789 337 1816 in
351 1789 463 1816 medisis
485 1788 591 1816 retibus
606 1788 749 1822 habentes,
775 1797 871 1825 capere
883 1794 1023 1825 nequeunt

223 1840 311 1868 neque
326 1833 457 1861 virtutem
468 1832 526 1868 ejus
536 1833 576 1860 sic
589 1837 762 1869 agnoverunt
774 1841 780 1860 :
792 1846 804 1858 «ι
817 1834 879 1870 quia
887 1835 1022 1869 nondum,

224 1876 326 1912 inquit,
343 1881 458 1905 venerat
470 1876 538 1905 hora
552 1877 620 1913 ejus,
640 1889 652 1902 ν
675 1877 702 1906 id
719 1882 761 1906 est
778 1878 910 1907 idoneum
925 1880 1023 1907 mortis

220 1925 342 1958 tempus,
364 1930 420 1958 quo
445 1929 474 1949 se
492 1922 640 1950 traditurus
661 1927 730 1957 erat,
747 1924 871 1952 nondum
896 1924 1020 1960 urgebat.

222 1967 331 1994 Etenim
341 1974 430 2002 neque
446 1970 513 1994 tunc
525 1967 678 2002 potuissent
692 1967 796 2003 aliquid
808 1968 937 1996 adversus
947 1976 1020 2003 eum,

228 2010 282 2038 nisi
297 2010 395 2038 fuisset
407 2014 517 2046 tempus
532 2016 730 2047 opportunum,
741 2020 796 2047 quo
809 2012 865 2048 ipse
879 2012 930 2040 sibi
944 2012 1021 2041 dele-

226 2059 314 2090 gerat.
340 2056 404 2082 Non
428 2055 500 2082 enim
535 2055 705 2091 impotentia:
730 2060 789 2084 erat
818 2057 949 2093 cruciﬁgi,
971 2057 1021 2085 sed

226 2099 426 2134 pcrmissionis.
457 2100 586 2127 Permisit
610 2101 686 2128 enim
707 2100 816 2136 quando
835 2101 920 2129 voluit
935 2111 942 2127 :
957 2102 1021 2138 quia

224 2143 262 2171 illi
290 2144 459 2180 jampridem
489 2144 677 2173 desiderabant
711 2145 834 2174 occidere
859 2146 946 2180 illum,
974 2147 1022 2175 sed

1086 943 1123 980 τῷ
1140 940 1242 980 Πατρὶ,
1266 942 1322 973 πῶς
1346 940 1377 970 ἂν
1395 935 1481 976 εἶπεν,
1505 939 1546 969 ὅτι
1569 954 1581 966 ι
1598 941 1630 970 Εἰ
1647 939 1693 978 ἐμὲ
1709 939 1819 977 ᾔδειτε,
1836 937 1872 966 καὶ

1084 986 1128 1014 τὸν
1151 985 1261 1025 Πατέρα
1277 985 1365 1025 ᾔδειτε
1381 985 1428 1021 ἄν;
1448 999 1458 1011 η
1478 986 1510 1015 Εἰ
1529 985 1580 1024 γὰρ
1603 986 1662 1014 καθ’
1689 986 1759 1020 ὖμᾶς
1777 983 1871 1019 κτίσμα

1084 1030 1153 1059 ἐστὶν
1172 1032 1185 1059 ὁ
1203 1030 1279 1066 Υἱὸς,
1298 1032 1353 1063 πῶς
1373 1031 1387 1059 ὁ
1403 1029 1477 1063 εἰδὼς
1497 1031 1527 1060 τὸ
1547 1029 1664 1068 κτίσμα,
1688 1025 1741 1058 οἶδε
1771 1028 1821 1057 καὶ
1836 1026 1871 1055 τοι

1084 1075 1152 1104 Θεόν
1165 1085 1173 1113 ς
1189 1075 1229 1104 Οὐ
1244 1075 1296 1115 γὰρ
1311 1075 1399 1111 δήπου
1415 1076 1428 1103 ὁ
1438 1074 1512 1108 εἰδὼς
1524 1074 1571 1109 τὴν
1588 1074 1678 1104 οὐσίαν
1690 1077 1734 1103 τοῦ
1751 1073 1871 1112 ἀγγέλου,

1084 1114 1139 1148 οἶδε
1153 1119 1198 1148 καὶ
1214 1119 1259 1155 τὴν
1276 1114 1320 1148 τοῦ
1341 1121 1424 1150 Θεοῦ.
1442 1119 1519 1149 Ἐπεὶ
1538 1115 1582 1150 οὖν
1597 1121 1611 1148 ὁ
1626 1121 1670 1148 τὸν
1686 1118 1750 1149 Υἱὸν
1776 1116 1869 1150 εἰδὼς,

1083 1164 1127 1193 καὶ
1154 1164 1198 1193 τὸν
1226 1164 1334 1202 Πατέρα
1360 1158 1428 1199 οἶδε,
1455 1166 1503 1199 τῆς
1532 1165 1612 1199 αὐτῆς
1637 1164 1689 1204 ἄρα
1715 1162 1809 1196 οὐσίας
1837 1161 1870 1196 τῷ

1083 1209 1173 1249 Πατρὶ
1189 1209 1283 1241 ὃΥῖός.
1302 1209 1354 1238 Ναὶ
1366 1232 1374 1247 ,
1395 1208 1492 1248 φησὶν,
1510 1209 1570 1237 ἀλλ’
1592 1210 1605 1237 ὁ
1620 1208 1667 1243 τὴν
1688 1207 1773 1237 κτίσιν
1790 1206 1870 1238 εἰδὼς,

1082 1249 1134 1282 οἶδε
1153 1253 1198 1282 καὶ
1213 1253 1255 1282 τὸν
1269 1253 1348 1283 Θεόν.
1361 1254 1506 1291 Οὐδαμῶς·
1532 1253 1624 1283 πολλοὶ
1645 1253 1695 1292 γὰρ
1706 1275 1715 1290 ,
1728 1252 1833 1290 μᾶλλον
1850 1250 1870 1279 δὲ

1083 1297 1213 1334 ἅπαντες,
1239 1297 1285 1332 τὴν
1314 1297 1398 1326 κτίσιν
1427 1297 1474 1336 μὲν
1502 1298 1545 1326 καὶ
1575 1299 1670 1337 ὁρῶσι,
1710 1296 1755 1326 καὶ
1779 1296 1870 1326 οἴδασι’

1082 1343 1150 1373 Θεὸν
1170 1341 1197 1370 δὲ
1219 1341 1277 1371 οὔτε
1298 1344 1348 1382 ὁρᾷ
1365 1354 1403 1375 τις
1414 1365 1421 1379 ,
1450 1341 1508 1371 οὔτε
1525 1337 1588 1372 οἶδε.
1605 1344 1701 1372 Ταῦτα
1715 1342 1742 1370 δὲ
1757 1342 1848 1370 ἐλάλει
1862 1341 1870 1367 ὁ

1084 1387 1184 1421 Ἰησοῦς
1206 1387 1231 1414 ἐν
1246 1388 1285 1415 τῶ
1300 1386 1488 1426 γαζοφυλακίῳ
1512 1388 1538 1416 ἐν
1554 1386 1628 1427 μέσῳ
1648 1389 1694 1415 τοῦ
1720 1387 1802 1425 ἱεροῢο
1832 1384 1871 1413 καὶ

1080 1431 1162 1463 οὕτως
1182 1431 1404 1470 ἐπαρρησιάζετο.
1423 1430 1478 1460 Καὶ
1496 1429 1568 1469 ὅμως
1593 1432 1722 1472 φονῶντες
1747 1429 1807 1459 κατ’
1826 1431 1870 1457 αὖ-

1077 1477 1140 1512 τοῦ,
1168 1475 1213 1504 καὶ
1241 1476 1266 1504 ἐν
1295 1475 1386 1514 χερσὶν
1412 1476 1490 1504 αὐτὸν
1519 1475 1643 1516 ἔχοντες,
1675 1476 1722 1504 οὐκ
1752 1474 1870 1511 ἐτόλμων

1078 1520 1172 1549 πιάσαι
1191 1519 1279 1550 αὐτόν.
1325 1519 1395 1549 Οὐδὲ
1420 1519 1488 1549 οὕτω
1510 1520 1651 1556 συνίεσαν,
1680 1519 1722 1549 ὅτι
1743 1519 1816 1551 θείας
1839 1519 1870 1556 τῷ

1079 1566 1134 1594 ὄντι
1149 1563 1287 1602 δυνάμεως
1313 1564 1387 1604 ἔργον
1412 1565 1483 1600 ἐστὶ,
1505 1564 1534 1593 τὸ
1550 1567 1576 1594 ἐν
1601 1565 1676 1604 μέσῳ
1704 1565 1755 1594 τῶν
1771 1565 1870 1603 ἐχθρῶν

1079 1607 1317 1648 περιειλημμένον,
1355 1608 1462 1644 ἀϐλαϐῆ
1487 1609 1670 1648 διατηρεῖσθαι
1694 1608 1740 1638 καὶ
1766 1610 1867 1642 ἀνεπη-

1080 1653 1204 1693 ρέαστον,
1230 1653 1373 1683 καὶταῦτα
1385 1676 1392 1689 ,
1417 1653 1562 1689 ζητούντων
1584 1653 1662 1682 αὐτὸν
1679 1653 1731 1693 πρὸ
1745 1655 1792 1682 τοῦ
1819 1651 1870 1682 Πά-

1079 1709 1131 1737 σχα
1150 1699 1222 1737 (28)
1246 1698 1292 1727 καὶ
1316 1697 1512 1736 ἐνεδρευόντων.
1529 1697 1579 1726 Ὃν
1598 1693 1642 1727 οὖν
1669 1698 1706 1737 μὴ
1731 1698 1796 1727 ὄντα
1821 1696 1870 1730 ἐζή-

1077 1754 1154 1782 τουν,
1175 1743 1221 1772 καὶ
1236 1742 1295 1771 καθ’
1315 1738 1344 1772 οἷ
1365 1742 1501 1781 ἠγρίαινον
1525 1742 1570 1772 καὶ
1595 1743 1719 1778 ἀπόντος,
1735 1744 1834 1771 τοῦτον
1849 1742 1869 1770 ἐν

1079 1787 1170 1825 μέσοις
1206 1791 1258 1820 τοῖς
1287 1786 1399 1819 δικτύοις
1429 1786 1533 1826 ἔχοντες
1567 1782 1635 1822 εἶτα,
1665 1788 1701 1825 μὴ
1731 1786 1870 1824 δυνάμενοι

1077 1833 1160 1868 ἑλεῖν,
1188 1831 1246 1860 οὐδὲ
1273 1831 1354 1865 οὕτως
1381 1832 1556 1870 ἐπεγίνωσκον
1579 1832 1626 1866 τὴν
1653 1833 1732 1861 αὐτοῦ
1748 1831 1869 1869 δύναμιν.

1080 1888 1093 1905 ε
1110 1876 1175 1906 "Ou
1197 1876 1285 1912 οὔπω,
1308 1877 1404 1915 φησὶν,
1422 1877 1541 1912 ἐληλύθει
1565 1879 1582 1911 ἡ
1600 1876 1656 1914 ὥρα
1673 1877 1763 1906 αὐτοῦ·
1782 1890 1794 1903 ι
1811 1887 1869 1905 του·

1076 1922 1172 1956 τέστιν,
1187 1923 1200 1950 ὁ
1223 1921 1369 1956 ἐπιτήδειος
1391 1921 1480 1960 καιρὸς
1499 1924 1543 1950 τοῦ
1560 1920 1672 1950 θανάτου
1697 1922 1778 1950 αὐτοῦ
1794 1921 1865 1950 οὔπω

1077 1965 1237 2001 ἐνειστήκει,
1261 1966 1319 1994 καθ’
1335 1965 1362 1994 ὃν
1383 1966 1493 2004 ἔμελλεν
1510 1965 1603 1995 ἑαυτὸν
1626 1966 1727 1996 δοῦναι.
1747 1965 1806 1995 Καὶ
1821 1965 1867 2004 γὰρ

1077 2010 1121 2039 καὶ
1139 2010 1197 2039 τότε
1212 2012 1258 2039 οὐκ
1274 2010 1304 2038 ἂν
1319 2009 1431 2049 ἴσχυσαν
1447 2012 1507 2039 κατ’
1529 2011 1624 2046 αὐτοῦ,
1641 2009 1714 2048 εἰμὴ
1733 2006 1764 2046 ἦν
1783 2010 1868 2049 καιρὸς

1077 2056 1091 2083 ὁ
1105 2056 1263 2095 προσήκων,
1287 2054 1314 2084 ὃν
1337 2055 1414 2088 αὐτὸς
1438 2057 1525 2084 ἑαυτῶ
1550 2053 1736 2093 ἐταμιεύσατο.
1758 2056 1802 2085 Οὐ
1824 2054 1867 2093 γὰρ

1078 2099 1223 2138 ἀδυναμίας
1246 2095 1277 2134 ἧν
1302 2100 1332 2129 τὸ
1356 2102 1557 2139 σταυρωθῆναι,
1578 2101 1649 2131 ἀλλὰ
1663 2100 1866 2140 συγχωρήσεως.

1078 2144 1255 2185 Συνεχώρησε
1281 2144 1346 2184 γὰρ,
1375 2144 1437 2173 ὅταν
1467 2144 1604 2180 ἠϐούλετο·
1633 2145 1692 2174 ἐπεὶ
1721 2145 1819 2174 ἐκεῖνοί
1843 2155 1866 2182 γε

224 2189 387 2216 tenebantur
408 2189 586 2217 invisibilibus
600 2189 716 2218 vinculis
733 2190 840 2218 virtutis
857 2199 921 2219 sum.
935 2193 1018 2228 Opor-

1079 2189 1192 2219 ἔκπαλαι
1209 2188 1356 2228 ἐπεθύμουν
1373 2192 1418 2218 τοῦ
1444 2192 1594 2218 θανατῶσαι
1611 2190 1690 2219 αὐτὸν
1701 2212 1708 2226 ,
1733 2189 1805 2218 ἀλλὰ
1826 2201 1868 2218 κα-

225 2233 300 2261 tebat
315 2234 388 2261 enim
404 2242 468 2262 eum
483 2234 585 2262 diutius
612 2234 717 2262 versari
740 2235 769 2262 in
792 2235 847 2263 vita
868 2237 1020 2265 secundum

224 2285 345 2312 carnem,
358 2283 388 2306 ut
399 2278 554 2307 hominibus
565 2279 678 2315 majoris
687 2279 813 2308 utilitatis
828 2280 904 2308 ﬁeret
913 2286 1019 2316 auctor,

223 2323 405 2351 monstrando
425 2323 501 2359 signa
522 2328 550 2351 et
570 2331 714 2351 sermones
735 2329 763 2352 et
777 2324 922 2353 doctrinas.
951 2328 1018 2361 Qui-

223 2367 289 2395 dam
305 2372 397 2395 autem
411 2367 489 2402 illud,
509 2378 523 2393 «
534 2368 590 2395 Ubi
601 2372 641 2396 est
656 2373 734 2404 pater
747 2371 829 2397 tuus?
843 2379 857 2396 »
874 2371 912 2398 sic
926 2371 1020 2398 intelli-

225 2415 294 2447 gunt
306 2411 411 2440 dictum
429 2420 444 2440 a
465 2412 570 2440 Judaais
584 2413 618 2440 ad
635 2414 795 2449 Dominum,
808 2415 885 2450 quasi
897 2415 932 2442 ad
945 2416 1019 2451 inju-

226 2456 294 2483 riam
319 2460 346 2484 et
357 2457 488 2492 probrum
506 2466 512 2484 :
530 2457 731 2493 exprobrabant
755 2459 830 2487 enim
851 2460 874 2487 ei
894 2460 971 2496 quasi
986 2469 1018 2489 ex

220 2499 402 2530 fornicatione
413 2506 495 2529 natus
508 2502 595 2538 619
609 2507 695 2537 esset;
711 2507 737 2530 et
752 2504 828 2539 quasi
843 2512 899 2532 non
914 2513 1017 2541 cogno-

220 2548 312 2573 sceret
325 2550 430 2581 patrem
441 2554 534 2580 suum,
547 2547 608 2575 haec
615 2547 751 2575 dicebant.
764 2550 797 2576 Et
811 2549 900 2583 aliter,
910 2554 1018 2585 patrem

219 2589 279 2625 ejus
300 2595 330 2618 ut
343 2590 426 2618 vilem
448 2591 587 2620 habebant
601 2593 702 2629 Joseph
724 2602 731 2620 ς
750 2597 777 2621 et
792 2593 888 2621 dicunt
903 2603 909 2621 :
932 2605 945 2619 α
962 2595 1017 2623 Ubi

252 2670 262 2687 ⁸
276 2672 357 2699 Joan.
373 2672 396 2706 Ι,
411 2675 452 2700 18.

1075 2234 1193 2274 τείχοντο
1220 2238 1273 2267 τοῖς
1301 2233 1423 2273 ἀοράτοις
1450 2235 1557 2271 δεσμοῖς
1585 2237 1630 2270 τῆς
1659 2233 1749 2273 ἰσχύος
1776 2235 1863 2262 αὐτοῦ.

1074 2278 1150 2309 Ἔδει
1175 2279 1226 2319 γὰρ
1254 2279 1330 2308 αὐτὸν
1356 2279 1398 2308 ἐπὶ
1424 2280 1515 2307 πλεῖον
1547 2278 1709 2319 ἐνδιατρίψαι
1737 2281 1771 2318 τῇ
1803 2278 1866 2308 κατὰ

1075 2324 1161 2364 σάρκα
1192 2325 1261 2362 ζωῇ,
1288 2322 1331 2352 ἵνα
1351 2323 1470 2357 πλείονος
1494 2323 1623 2363 ὠφελείας
1647 2328 1699 2357 τοῖς
1724 2323 1867 2363 ἀνθρώποις

1073 2368 1181 2407 γένηται
1204 2367 1326 2407 πρόξενος
1350 2367 1392 2396 διά
1419 2380 1447 2397 τε
1473 2368 1591 2405 σημείων
1614 2368 1745 2397 πλειόνων
1773 2367 1866 2397 ἐπιδεί-

1074 2412 1150 2449 ξεως,
1176 2413 1221 2441 καὶ
1236 2414 1322 2451 λόγων
1339 2413 1522 2446 διδασκαλίας.
1581 2413 1658 2446 Τινὲς
1673 2413 1700 2441 δὲ
1716 2412 1764 2449 τὸ,
1783 2426 1796 2439 ιι
1813 2413 1865 2442 Ποῦ

1073 2458 1143 2487 ἔστιν
1159 2460 1172 2487 ὁ
1196 2457 1286 2496 πατήρ
1306 2469 1369 2493 σου;
1390 2471 1400 2483 ι
1423 2457 1492 2487 οὕτω
1521 2460 1622 2488 νοοῦσιν
1651 2459 1773 2497 εἰρῆσθαι
1797 2455 1865 2495 παρᾶ

1072 2504 1123 2532 τῶν
1149 2501 1283 2532 Ἰουδαίων
1309 2501 1374 2541 πρὸς
1398 2501 1441 2531 τὸν
1460 2502 1572 2542 Κύριον,
1597 2504 1633 2536 ὡς
1660 2503 1702 2542 ἐφ’
1728 2501 1804 2541 ὕϐρει
1825 2500 1864 2530 καὶ

1072 2548 1176 2577 ὀνείδει.
1201 2545 1368 2586 ιΥϐρίζοντες
1389 2546 1439 2586 γὰρ
1462 2548 1540 2576 αὐτὸν
1566 2548 1602 2580 ὡς
1625 2548 1655 2576 ἐκ
1679 2546 1803 2586 πορνείας
1829 2556 1865 2584 γε·

1072 2592 1167 2632 γονότα
1178 2615 1185 2628 ,
1202 2592 1246 2620 καὶ
1264 2591 1301 2630 μὴ
1319 2592 1482 2630 γινώσκοντα
1498 2590 1542 2620 τὸν
1557 2591 1660 2631 πατέρα
1685 2593 1781 2630 αὐτοῦ,
1805 2592 1863 2620 ταῦ-

708 2739 753 2770 Ex
775 2738 941 2772 collatione
964 2740 1057 2775 codd.
1083 2741 1191 2774 Venet.
1214 2743 1244 2774 S.
1269 2742 1376 2774 Marci.

249 2796 306 2830 (28)
323 2795 391 2824 Cod.
413 2799 457 2832 32,
473 2797 521 2833 πρὸ
534 2800 578 2824 τοῦ
597 2797 689 2833 Πάσχα
704 2799 799 2826 πιάσαι.
