1910 3077
51 190 83 214 l7

436 184 630 213 ENARRATIO
649 185 682 212 ῘΝ
703 185 917 212 EVANGELIUM
936 185 1086 213 JOANNIS.
1106 198 1140 204 —
1163 184 1237 212 CAP.
1259 185 1325 212 Vlll.

1668 185 1702 211 l8

44 251 77 279 τά
95 261 191 290 φασιν·
212 249 228 284 ἢ
248 248 293 278 καὶ
308 249 344 281 ὣς
380 248 499 280 εὐτελοῦς
520 247 592 281 ὄντος
606 250 651 276 τοῦ
675 247 838 286 νομιζομένοι

913 252 945 275 ast
958 247 1002 275 ille
1016 251 1094 283 pater
1109 251 1172 274 tuus
1193 248 1204 274 Ρ
1231 258 1244 270 ι
1260 246 1337 282 quasi
1351 246 1483 279 dicerent,
1500 247 1642 274 Obscurus
1657 250 1700 274 est

44 295 148 335 πατρὸς
172 296 254 323 αὐτοῦ
281 296 326 322 τοῦ
354 292 475 333 Ἰωσὴφ,
502 295 578 322 τοῦτο
606 292 720 332 λέγουσι·
749 304 763 319 ι
788 294 845 323 Ποῦ

899 297 927 320 et
942 292 1069 328 ignobilis
1082 296 1158 327 pater
1172 296 1246 325 tuus,
1256 289 1320 327 quid
1334 291 1409 319 illum
1427 295 1571 326 tantopere
1591 291 1700 327 jactas?

44 343 114 370 ἐστιν
143 341 158 368 ὃ
190 338 287 378 Πατήρ
313 349 372 374 σου,
392 351 402 364 ι
424 336 520 367 ὡσανεὶ
540 338 668 376 λέγοντες·
695 337 806 377 Ἀφανής
828 338 884 367 ἐστι
907 338 953 367 καὶ
982 337 1107 376 δυσγενὴς
1135 340 1148 367 ὁ
1175 336 1264 377 πατήρ
1296 348 1351 366 σου·
1376 336 1402 365 τί
1433 335 1512 365 αὐτὸν
1543 338 1607 374 ἡμῖν
1641 337 1697 366 ἄνω

42 385 88 415 καὶ
103 384 183 414 κάτω
198 384 282 424 φέρεις
293 399 300 418 ;

83 443 95 456 ιι
120 425 208 459 Εἶπεν
224 424 269 457 οὖν
284 428 364 457 πάλιν
379 427 467 460 αὐτοῖς
480 429 494 456 ὁ
510 426 623 462 Ἰησοῦς·
645 426 718 466 Ἒγὼ
733 427 843 466 ὑπάγω,

43 474 88 504 καὶ
105 473 242 508 ζητήσετέ
263 485 295 511 με
318 473 364 501 καὶ
379 473 428 512 οὐχ
449 472 572 510 εὑρήσετε
584 495 592 508 ,
608 471 653 500 καὶ
667 473 693 500 ἐν
754 471 844 511 ἆμαρ-

41 519 84 558 τίᾳ
99 519 180 556 ὑμῶν
204 518 385 547 ἀποθανεῖσθε.
411 515 502 546 σΟττου
527 515 578 554 ἐγὼ
593 516 704 554 ὑπάγω,
726 519 799 554 ὑμεῖς
814 518 843 545 οὐ

39 556 154 592 δύνασθε
172 562 268 591 ἐλθεῖν.
295 560 408 600 Ἰἰλεγον
423 556 468 590 οὖν
492 561 516 589 οἱ
531 560 667 590 Ἰουδαῖον
686 560 759 595 Μήτι
774 563 840 590 ἄπο-

41 611 128 636 κτενεῖ
143 606 254 642 ἑαυτὸν,
274 607 315 636 ὅτι
328 605 414 645 λέγει,
426 603 519 634 Ὅπου
534 606 588 644 ἐγὼ
603 605 713 644 ὑπάγω,
729 607 803 643 ὑμεῖς
815 607 843 634 οὗ

40 652 155 681 δύνασθε
184 652 286 686 ἐλθεῖν,
314 650 367 680 Καὶ
396 646 467 679 εἶπεν
492 651 589 683 αὐτοῖς·
615 650 710 687 Ὑμεῖς
737 651 767 680 ἐκ
793 651 845 679 τῶν

41 697 114 726 κάτω
145 696 226 732 ἐστὲ,
258 694 309 734 ἐγὼ
334 696 364 724 ἐκ
387 696 439 724 τῶν
466 694 520 723 ἄνω
551 695 613 732 εἶμί·
639 696 713 733 ὑμεῖς
741 696 771 724 ἐκ
797 698 844 724 τοῦ

43 741 147 779 κόσμου
165 740 244 778 ἐστὲ,
260 740 312 778 ἐγὼ
327 741 357 769 ἐκ
368 741 415 768 τοῦ
429 739 529 776 κόσμου
546 739 638 769 τούτου
653 740 700 768 οὐκ
719 739 781 777 εἶμί.
794 733 843 770 Εἶ-

44 798 92 815 πον
123 781 170 814 οῦν
196 787 273 822 ὑμῖν,
299 785 340 814 ὅτι
362 785 534 813 ἀποθανεῖσθε
561 785 587 813 ἐν
612 786 672 817 ταῖς
699 784 843 823 ἁμαρτίαις

934 433 1023 460 Vens.
1038 433 1134 460 21-24.
1154 444 1165 455 -
1182 431 1251 460 dixit
1265 439 1331 467 ergo
1354 430 1454 458 iterum
1469 429 1508 458 eis
1518 430 1619 457 Iesus:
1637 430 1696 464 Ego

900 477 979 509 vado,
990 481 1018 504 et
1031 477 1158 512 quazretis
1172 484 1218 504 me
1230 481 1258 504 et
1267 484 1323 503 non
1336 475 1475 503 invenietis
1489 476 1536 510 (τι),
1547 478 1575 502 et
1584 474 1613 501 in
1632 481 1697 509 pec-

899 526 959 549 cato
974 525 1064 549 vestro
1080 521 1245 549 moriemini.
1262 521 1323 555 Quo
1338 528 1388 556 ego
1403 520 1487 553 vado,
1504 527 1551 547 vos
1561 527 1628 546 .non
1647 526 1698 554 po-

895 567 972 594 testis
985 566 1089 594 venire?
1103 566 1238 594 Dicebant
1247 574 1312 601 ergo
1331 565 1420 593 Judmi
1442 575 1448 593 :
1469 566 1541 592 Num
1554 558 1699 591 interﬁcie'v

899 611 1087 646 semetipsum.
1110 611 1172 646 quia
1198 610 1265 638 dicit
1293 610 1378 644 :Quo
1392 617 1443 645 ego
1468 608 1553 642 vado,
1574 615 1622 636 vos
1638 615 1695 635 non

903 657 1018 692 potestis
1029 656 1138 683 venire?
1155 657 1187 683 Et
1202 655 1310 682 dicebat
1322 655 1362 683 eis
1378 665 1384 682 :
1400 656 1456 682 Vos
1463 654 1497 681 ab
1512 652 1607 680 inferis
1622 652 1697 685 estis,

898 709 949 736 ego
962 700 996 728 de
1014 700 1139 736 supernis
1153 708 1224 727 sum.
1242 701 1298 727 Vos
1311 699 1345 727 de
1364 699 1468 726 mundo
1489 698 1541 726 hoc
1554 697 1631 730 estis,
1647 704 1697 732 ego

899 745 933 773 de
961 745 1064 772 mundo
1091 745 1144 772 hoc
1173 753 1229 772 non
1251 752 1324 772 sum.
1343 744 1406 772 Dixi
1428 751 1493 779 ergo
1518 742 1607 776 vobis,
1623 741 1697 777 quod

901 789 1056 817 moriemini
1071 789 1100 816 in
1116 788 1232 825 peccatis
1246 788 1352 816 vestris.
1370 789 1397 816 Si
1412 788 1484 815 enim
1498 795 1555 814 non
1571 785 1696 814 credide—

45 832 131 869 ὑμῶν.
151 829 222 860 Ἐὰν
246 829 298 869 γὰρ
316 829 353 868 μὴ
367 829 524 865 πιστεύσητε
536 851 544 865 ,
561 829 601 858 ὅτι
621 828 672 868 ἐγώ
686 830 758 866 εἶμι,
780 831 838 858 ἀπο·

913 834 963 861 'itis
976 834 1051 870 quod
1059 842 1110 869 ego
1123 842 1196 867 sum,
1213 833 1371 861 moriemini
1386 833 1414 860 in
1430 832 1548 868 peccatis
1561 831 1668 859 vestris.
1682 842 1694 854 η

45 877 165 905 θανεῖσθε
187 876 216 904 ἐν
243 878 301 907 ταῖς
330 873 472 913 ἁμαρτίαις
497 875 581 910 ὑμῶν.
614 887 626 899 ιι
652 873 729 907 Τίνος
758 873 844 902 ἕνεκεν

44 919 172 959 συχνάκις
190 920 279 953 αὐτοῖς
291 919 362 958 λέγει
378 918 408 947 τὸ
421 942 426 952 ,
449 932 459 943 ι
478 917 553 956 Ἰἰγὼ
575 918 669 957 ὑπάγω
680 941 687 955 ,
702 918 747 947 καὶ
766 919 844 954 ζητή-

43 964 101 993 σετέ
122 976 174 1002 με;
191 975 206 991 ι
230 962 316 993 ιὭστε
342 963 500 992 κατασεῖσαι
516 964 602 992 αὐτῶν
619 964 664 991 καὶ
692 962 844 1002 ἐκφοϐῆσαι

43 1009 89 1042 τὰς
110 1008 210 1048 ψυχάς.
226 1008 300 1047 ⁷ορα
316 1007 366 1046 γὰρ
388 1009 443 1040 πῶς
463 1009 499 1041 εἷς
517 1006 643 1046 φροντίδα
666 1007 737 1040 εὐθὺς
752 1007 845 1036 ἐνέπε-

43 1065 103 1089 σον,
117 1052 142 1082 ot
163 1055 350 1091 διαποροῦντες
375 1051 474 1089 ἔλεγον*
497 1065 508 1078 α
526 1052 601 1087 Μήτι
618 1053 757 1081 ἀποκτενεῖ
779 1054 844 1081 ἑαυ-

43 1097 103 1134 τόν;
123 1112 136 1123 ι»
157 1097 247 1126 καίτοι
263 1099 450 1132 ἐπιθυμοῦντες
474 1097 663 1135 ἀπαλλαγῆναι
688 1097 783 1134 αὐτοῦ,
799 1096 844 1125 καὶ

43 1143 73 1171 ἐκ
86 1143 170 1180 μέσου
187 1141 265 1171 αὐτὸν
282 1140 402 1180 γενέσθαι
421 1140 575 1180 εὐχόμενοι,
592 1140 638 1170 καί
653 1152 703 1170 που
721 1140 766 1169 καὶ
783 1142 842 1170 ἀνε-

44 1188 98 1216 λεῖν
121 1186 288 1227 βουλόμενοι’
311 1185 382 1224 ὅμως
406 1185 473 1214 οὕτω
490 1198 514 1214 τι
527 1185 596 1223 μέγα
616 1185 676 1224 περὶ
694 1187 738 1214 τοῦ
757 1185 843 1224 πράγο

44 1243 125 1268 ματος
147 1231 353 1272 ἐφαντάσθησαν
367 1252 375 1266 ,
403 1230 473 1259 ὥστε
507 1230 641 1269 διαπορεῖν
664 1230 725 1269 περὶ
751 1231 841 1260 αὐτοῦ.

44 1273 118 1313 Ἅμα
143 1276 171 1305 δὲ
196 1275 320 1314 συχνάκις
342 1274 414 1314 λέγει
430 1285 455 1304 τ’
481 1275 508 1303 τιό
522 1273 597 1313 Ἐγὼ
619 1274 731 1313 ὑπάγω,
753 1288 765 1300 ιι
791 1275 841 1303 δει-

44 1319 107 1353 κνὺς
121 1320 162 1348 ὅτι
189 1319 365 1359 προγινώσκει
379 1319 424 1348 τὸν
439 1319 535 1348 οἰκεῖον
555 1319 667 1348 θάνατον
677 1340 685 1354 ,
702 1319 747 1347 καὶ
762 1321 795 1352 ὡς
813 1321 841 1348 οὐ

44 1366 90 1399 τ-’ἤς
105 1366 194 1394 αὐτῶν
217 1364 354 1402 δυνάμεως
373 1363 447 1403 ἔργον
468 1365 482 1393 ὁ
504 1363 631 1402 σταυρὸς,
646 1363 715 1392 ἀλλὰ
729 1365 776 1398 τῆς
791 1364 840 1393 αὐ-

45 1411 88 1436 τοῦ
111 1408 275 1447 βουλήσεως.
297 1408 412 1447 ’Υποίγω
429 1407 497 1447 γὰρ,
522 1409 602 1448 φησὶν
616 1431 624 1444 ,
646 1409 694 1447 οὐχ
719 1409 795 1446 ὑμεῖς
810 1420 841 1444 με

49 1452 137 1491 ἄγετε,
153 1454 214 1481 ἀλλ’
231 1452 283 1492 ἐγὼ
298 1452 434 1488 ἐθελοντὴς
449 1452 606 1492 πορεύομαι.
629 1452 677 1483 Ἐν
701 1451 728 1481 δὲ
751 1454 788 1493 τῷ
808 1454 843 1481 εἰ-

899 880 958 914 Qua
970 878 1004 906 de
1017 886 1099 906 causa
1115 879 1210 906 crebro
1220 878 1271 906 illis
1283 878 1360 912 dicit,
1379 889 1390 901 ι
1404 879 1461 912 Ego
1473 876 1555 910 vado,
1577 880 1605 904 et
1620 883 1697 911 qum-

899 923 964 951 retis
977 924 1039 950 me?
1052 935 1063 947 ιι
1077 924 1116 951 Ut
1129 923 1166 950 ita
1175 923 1315 951 concutiat
1322 927 1349 950 et
1358 926 1458 950 terreat
1471 922 1579 949 animos
1588 928 1696 948 eorum.

899 969 935 995 Et
951 967 1012 996 vide
1027 975 1110 1003 quam
1125 967 1216 995 statim
1229 967 1376 996 inciderint
1394 967 1423 994 in
1438 974 1517 993 curas
1530 969 1558 993 et
1573 965 1694 1001 perplexi

898 1012 991 1040 animo
1016 1011 1153 1045 dicebant,
1171 1023 1183 1035 ιι
1203 1011 1337 1047 Nunquid
1356 1011 1504 1038 interﬁciet
1518 1010 1658 1045 seipsum?
1681 1020 1694 1033 ιι

899 1056 1030 1091 Quamvis
1040 1056 1184 1092 cupiebant
1197 1056 1230 1083 ab
1246 1055 1292 1083 illo
1306 1055 1425 1088 liberari,
1438 1059 1466 1083 et
1486 1055 1565 1082 illum
1576 1062 1590 1082 ε
1606 1053 1696 1082 medio

899 1101 958 1129 tolli
972 1101 1122 1137 optabant,
1141 1105 1224 1137 atque
1241 1100 1324 1128 etiam
1336 1100 1460 1128 occidere
1487 1098 1671 1127 moliebantur
1687 1107 1694 1126 :

900 1149 1023 1174 attamen
1039 1146 1076 1173 ita
1091 1153 1223 1182 magnum
1238 1144 1374 1181 quiddam
1397 1145 1430 1172 de
1453 1144 1503 1172 hac
1513 1151 1543 1171 re
1557 1143 1695 1179 imagina-

898 1190 1009 1225 bantur,
1020 1195 1051 1218 ut
1063 1191 1189 1226 perplexo
1202 1189 1492 1218 redderenturanimo.
1503 1190 1696 1223 lnsupersaape

897 1235 1015 1268 dicebat,
1034 1245 1047 1261 «
1061 1237 1119 1271 Ego
1134 1234 1204 1262 vado
1221 1244 1229 1261 :
1247 1246 1260 1258 η
1284 1238 1314 1262 ut
1328 1237 1467 1262 monstret
1480 1232 1554 1269 quod
1570 1232 1696 1269 prmsciat

897 1287 975 1308 suam
990 1284 1121 1312 mortem,
1145 1283 1173 1307 et
1188 1278 1264 1315 quod
1286 1287 1343 1306 non
1367 1279 1477 1306 illorum
1491 1278 1601 1305 virtutis
1621 1283 1692 1312 opus

897 1332 963 1352 crux
991 1324 1035 1355 sit,
1063 1323 1110 1351 sed
1138 1323 1264 1359 ejusdem
1286 1323 1433 1351 voluntatis
1460 1330 1528 1350 suae.
1555 1333 1567 1345 α
1583 1321 1661 1349 Vado
1680 1331 1692 1345 η

898 1368 984 1402 enim.
1004 1368 1106 1404 inquit;
1122 1376 1177 1396 non
1196 1375 1244 1395 vos
1259 1375 1303 1395 me
1330 1367 1440 1400 ducitis,
1455 1366 1504 1394 sed
1529 1374 1580 1402 ego
1595 1369 1695 1401 sponte

899 1413 976 1442 vado.
1003 1413 1128 1441 Dieendo
1150 1416 1263 1440 autem:
1283 1421 1297 1437 ι(
1313 1412 1368 1439 Vos
1387 1419 1442 1438 non
1468 1411 1582 1446 potestis
1605 1410 1695 1437 venire

898 1465 954 1493 quo
981 1465 1032 1492 ego
1065 1457 1145 1490 vado,
1162 1469 1175 1481 υ
1197 1456 1316 1484 ostendit
1333 1455 1408 1492 quod
1432 1458 1637 1483 resurrecturus
1660 1454 1696 1482 sit

47 1499 120 1533 πεῖν,
145 1497 186 1526 ὅτι
215 1509 231 1524 ιι
248 1496 341 1534 (Υμεῖς
371 1498 400 1526 οὐ
427 1496 536 1526 δύνασθε
571 1498 672 1533 ἐλθεῖν,
703 1497 768 1527 ὅπου
793 1497 838 1534 ἐγᾶ

913 1510 953 1537 pse
968 1501 1080 1538 quidem
1098 1502 1125 1528 in
1139 1501 1238 1537 gloria,
1253 1505 1280 1528 et
1299 1507 1480 1529 consessurus
1494 1499 1530 1527 ad
1550 1499 1694 1528 dexteram

47 1541 156 1580 ὓπάγω,
178 1556 190 1568 υ
206 1541 354 1578 δείκνυσιν,
372 1543 407 1575 ὡς
431 1541 483 1580 ἄρα
500 1542 680 1576 ἀναστήσεται
696 1542 743 1580 μὲν
766 1542 843 1575 αὐτὸς

47 1586 72 1614 ἐν
94 1586 152 1625 δόξῃ
162 1609 169 1623 ,
190 1586 237 1616 καὶ
250 1588 382 1615 καθιεῖται
403 1587 434 1615 ἐκ
455 1586 544 1620 δεξιῶν
567 1589 611 1615 τοῦ
625 1588 695 1615 Θεοῦ
705 1609 712 1621 ,
728 1586 802 1616 αὐτοὶ
816 1586 842 1615 δὲ

48 1631 72 1658 ἔν
101 1633 157 1665 ταῖς
197 1630 340 1671 ἁμαρτίαις
371 1632 456 1660 αὖτῶν
485 1632 688 1660 ἀποθανοῦνται.
729 1631 842 1660 Ἐκεῖνοι

47 1674 130 1704 τοίνυν
148 1675 174 1704 τί
201 1676 266 1715 πρὸς
292 1675 377 1705 ταῦτά
393 1687 473 1715 (pact;
489 1689 500 1701 σι
519 1676 590 1710 Μήτι
616 1676 756 1704 ἀποκτενεῖ
778 1678 842 1705 ἑαυ-

47 1719 106 1757 τόν;
133 1733 145 1746 ι
171 1719 207 1750 ⁸0
229 1720 257 1749 δὲ
289 1719 388 1758 Κύριος
413 1720 527 1759 ἀναιρῶν
554 1719 654 1755 ταύτην
680 1720 767 1749 αὐτῶν
792 1721 840 1755 τὴν

47 1763 185 1802 ὑπόνοιαν,
206 1764 253 1793 καὶ
277 1764 376 1798 δεικνὺς
396 1763 436 1793 ὅτι
458 1766 506 1793 οὐκ
523 1763 594 1793 ἔστιν
610 1763 683 1796 ἐκτὸς
705 1764 838 1804 κατακρί-

48 1818 110 1841 σεως
125 1808 156 1837 τὸ
177 1809 364 1838 ἀποκτιννύναι
380 1810 490 1844 ἑαυτὸν,
507 1808 598 1849 φησίν·
621 1807 713 1846 Ὑμεῖς
735 1810 765 1837 ἐκ
787 1811 838 1837 τῶν

48 1851 120 1881 κάτω
142 1852 231 1886 ὄντες.
257 1853 302 1882 καὶ
327 1854 408 1891 μηδὲν
436 1856 504 1883 Οεῖον
534 1854 655 1888 ἐννοῆσαι
682 1853 838 1890 δυνάμενοι,

49 1897 191 1931 ἀκολούθως
213 1900 323 1927 τοιαῦτα
346 1900 438 1927 νοεῖτε·
475 1898 527 1936 ἐγὼ
551 1897 578 1927 δὲ
607 1897 645 1935 μὴ
674 1897 710 1926 ὢν
737 1899 767 1926 ἐκ
791 1900 837 1927 τοῦ

47 1940 144 1979 κόσμου
159 1942 267 1978 τούτου,
286 1942 422 1979 τουτέστι,
445 1943 528 1980 μηδὲν
554 1943 682 1980 κοσμικὸν
700 1942 746 1971 καὶ
761 1943 837 1982 περί-

48 1995 112 2022 γειον
136 1988 256 2027 φρονῶν,
280 1988 328 2016 οὐκ
354 1988 386 2016 ἄν
411 1998 473 2016 ποτε
510 1988 545 2021 εἰς
571 1990 648 2016 τοῦτο
671 1987 766 2025 μανίας
795 1988 837 2016 ἐλ-

48 2031 137 2067 θοιμι,
153 2031 222 2061 ὥστε
248 2032 340 2061 ἑαυτὸν
367 2033 531 2061 ἀποκτεῖναι·
558 2034 637 2061 τοῦτο
663 2033 716 2072 γὰρ
743 2032 837 2069 δαιμο-

48 2075 145 2112 νιῶδες,
172 2076 218 2105 καὶ
243 2077 272 2105 οὖ
307 2078 386 2106 θεῖον.
416 2076 486 2106 Ἀλλ’
515 2077 627 2105 ἐνταῦθα
653 2076 838 2114 Ἀπολινάριος

50 2118 203 2157 δραξάμενος
223 2123 269 2150 τοῦ
294 2123 392 2159 ῥητοῦ,
421 2121 501 2161 φησὶ,
523 2125 576 2154 τοῖς
593 2120 752 2160 Μανιχαίοις
767 2121 837 2149 πάν·
853 2139 878 2170 D

124 2167 131 2170 .
162 2165 167 2170 .
299 2165 310 2170 ..
355 2165 384 2170 ,Α
495 2165 502 2170 .
550 2161 565 2170 τ
614 2166 620 2170 .
695 2168 710 2170 -.
764 2165 769 2170 ,

50 2174 96 2195 τως
121 2165 267 2204 ἑπόμενος,
295 2165 335 2194 ὅτι
355 2165 447 2205 ⁸ορᾷς¹
477 2165 523 2194 οὐκ
549 2161 581 2201 ἦν
609 2166 638 2194 ἐκ
664 2168 710 2194 τοῦ
738 2165 838 2203 κόσμου

50 2207 135 2238 τούτου
149 2210 178 2238 τὸ
195 2211 274 2248 σῶμα
296 2213 342 2239 τοῦ
370 2210 485 2249 Κυρίου,
513 2210 573 2238 ἀλλ’
590 2210 688 2238 ἄνωθεν
714 2209 740 2243 ἐξ
755 2210 839 2249 οὖρα-

50 2253 89 2280 νοῦ
99 2275 107 2291 ,
119 2255 154 2287 ὡς
166 2254 212 2284 καὶ
236 2255 341 2288 Παῦλος
356 2254 443 2293 λέγει,
457 2254 497 2283 ὅτι
514 2265 529 2283 α
544 2254 578 2284 Ὁ
598 2254 715 2294 δεύτερος
731 2254 839 2293 ἄνθρω-

50 2306 108 2339 ζῑος,
121 2299 134 2326 ὁ
149 2299 245 2338 Κύριος
264 2299 290 2333 ἐξ
312 2300 435 2338 οὖρανοῧ.
454 2312 466 2324 ιι
485 2299 520 2329 Τί
538 2300 625 2328 τοίνυν
639 2300 710 2328 ἔστιν
733 2299 837 2338 εἷπεῖνῖ,

54 2340 87 2368 ἸΙ
99 2343 202 2377 πάντως
226 2344 370 2383 ἐρωτητέον
388 2343 466 2372 αὐτὸν
479 2366 488 2382 ,
503 2345 560 2377 πῶς
576 2348 628 2372 νοεῖ
646 2343 676 2372 τὸ
698 2343 764 2382 πρὸς
781 2344 841 2378 τοὺς

52 2384 205 2421 ἀποστόλους
226 2388 299 2428 παρὰ
321 2391 366 2417 τοῦ
384 2389 482 2428 Κυρίου
496 2388 636 2426 λεγόμενον
646 2411 653 2424 ,
666 2387 707 2417 ὅτι
719 2401 730 2413 τι
745 2388 840 2426 ’Υμεῖς

51 2429 93 2458 οὖκ
121 2433 177 2462 ἐστὲ
203 2434 232 2462 ἐκ
247 2435 292 2462 τοῦ
310 2433 432 2472 κόσμου;
462 2444 475 2461 ρ
495 2429 547 2473 ἆρα
571 2435 604 2465 ὡς
628 2433 674 2461 καὶ
697 2433 782 2461 αὐτῶν
806 2433 839 2462 τὰ

52 2473 157 2511 σώματα
174 2478 205 2506 ἐκ
220 2480 265 2506 τοῦ
281 2479 391 2515 οὐρανοῦ
412 2477 524 2516 ἐχόντων
534 2501 540 2513 ,
555 2477 614 2506 ἀλλ’
633 2478 681 2506 οὐκ
698 2477 727 2506 ἐκ
741 2477 840 2513 ταύτης

50 2518 92 2561 τῇς
106 2521 229 2557 κτίσεως,
252 2522 269 2557 ἢ
288 2523 323 2554 ὡς
339 2522 375 2559 μὴ
400 2523 434 2551 τὰ
459 2524 506 2551 τοῦ
531 2522 631 2559 κόσμου
657 2521 839 2561 φρονούντων,

52 2562 104 2591 εἰπε
119 2567 194 2594 τοῦτο
206 2569 220 2595 ὁ
244 2566 359 2606 Κύριος;
379 2566 514 2606 Πρόδηλον
535 2566 654 2602 πάντως,
669 2565 708 2594 ὅτι
728 2565 786 2595 ἐπεὶ
802 2566 839 2604 μὴ

52 2606 82 2633 τὰ
99 2611 156 2638 τοῦν
193 2610 293 2648 κόσμου
318 2611 457 2650 ἐφρόνουν,
473 2610 564 2640 τούτου
580 2611 666 2640 ἕνεκεν
683 2612 761 2639 τοῦτο
775 2611 840 2650 πρὸς

53 2651 139 2687 αὐτοὺς
157 2650 239 2684 εἶπεν.
257 2654 350 2689 Οὕτως
363 2651 407 2685 οῦν
426 2655 531 2692 νοητέον
546 2655 591 2684 καὶ
606 2656 653 2693 τὸ,
672 2667 687 2682 (ι
701 2654 775 2693 Ἐγὼ
790 2656 838 2684 οὐκ

53 2694 102 2732 εἷμὶ
125 2699 153 2727 ἐκ
173 2701 218 2728 τοῦ
255 2700 365 2738 κόσμου·
393 2714 404 2726 »ι
429 2699 576 2736 τουτέστιν,
600 2701 659 2729 Οὐκ
682 2700 736 2738 εἰμὶ
753 2701 787 2732 ὡς
803 2695 840 2732 εἷς

87 2774 96 2790 ⁸
113 2777 196 2806 ICor.
210 2787 262 2808 xv.
300 2779 311 2796 ⁷
327 2781 407 2807 Joan.
431 2782 545 2813 xv,19.
584 2779 594 2798 ⁸
611 2781 693 2807 Rom.
714 2787 784 2812 νιιι,
801 2782 827 2806 9.

899 1547 1009 1574 Patris:
1028 1546 1078 1581 ipsi
1104 1550 1198 1574 autem
1223 1546 1251 1573 in
1273 1545 1330 1573 suis
1346 1545 1463 1580 peccatis
1477 1544 1606 1571 morituri
1628 1544 1694 1572 sint.

899 1591 940 1619 llli
960 1591 1042 1626 igitur
1060 1590 1126 1626 quid
1137 1590 1171 1618 ad
1187 1590 1247 1618 hanc
1265 1590 1378 1618 dicunt?
1402 1601 1414 1613 α
1442 1588 1574 1624 Nunquid
1586 1588 1694 1616 occidet

898 1636 1038 1672 seipsum?
1052 1648 1064 1660 π
1087 1635 1223 1664 Dominus
1241 1639 1334 1662 autem
1359 1634 1456 1662 tollens
1486 1634 1557 1661 hanc
1582 1633 1694 1661 illorum

896 1681 1092 1716 sUSpicionem,
1115 1680 1234 1708 ostendit
1248 1679 1323 1716 quod
1345 1687 1400 1707 non
1414 1683 1504 1706 careat
1524 1677 1694 1706 condemna-

896 1726 969 1754 tione
993 1725 1115 1753 occidere
1130 1725 1250 1760 seipsum
1272 1734 1278 1752 :
1295 1735 1307 1748 ι
1327 1724 1394 1757 Vos,
1410 1723 1509 1759 inquit.
1532 1722 1566 1750 ab
1580 1722 1695 1750 infernis

895 1771 972 1803 estis,
991 1782 1003 1794 ιι
1020 1770 1142 1805 nihilque
1157 1769 1279 1797 divinum
1295 1768 1415 1804 cogitare
1436 1768 1569 1800 volentes,
1589 1767 1625 1794 ita
1648 1775 1694 1794 co-

895 1815 995 1850 gitatis.
1010 1816 1068 1850 Ego
1078 1818 1170 1842 autem
1185 1822 1249 1841 cum
1270 1822 1326 1840 non
1341 1813 1393 1840 sim
1404 1820 1436 1840 ex
1451 1811 1626 1844 hocmundo,
1641 1811 1694 1839 hoc

895 1863 945 1890 est.
961 1859 1028 1886 nihil
1042 1858 1245 1886 mundanumet
1260 1862 1402 1884 terrenum
1416 1857 1533 1892 sapiam,
1548 1863 1694 1891 nunquam

895 1903 922 1930 iu
936 1907 1041 1931 tantam
1064 1901 1218 1938 perveniam
1235 1901 1381 1934 insaniam,
1398 1905 1430 1928 ut
1444 1908 1489 1928 me
1509 1901 1601 1935 ipsum
1616 1899 1693 1926 occi—

892 1948 965 1976 dam.
979 1949 1038 1975 Hoc
1051 1947 1124 1975 enim
1135 1946 1300 1974 diabolicum
1314 1950 1355 1973 est
1367 1949 1395 1972 et
1406 1953 1462 1972 non
1475 1944 1613 1972 divinum.
1626 1945 1689 1972 Hoc

893 1993 953 2020 loco
969 1992 1152 2028 Apollinarius
1166 1991 1307 2018 occasione
1321 1994 1431 2025 sumpta
1448 1988 1616 2016 Manichazos
1630 1996 1690 2015 om-

893 2037 958 2065 nino
995 2044 1112 2072 sequens
1137 2035 1204 2063 dicit
1233 2046 1238 2062 :
1270 2035 1351 2063 Vides
1378 2033 1452 2070 quod
1476 2041 1533 2061 non
1559 2037 1621 2060 erat
1658 2040 1693 2060 ex

893 2081 997 2110 mundo
1016 2082 1068 2110 hoc
1082 2089 1181 2117 corpus
1195 2079 1318 2114 Domini,
1342 2078 1392 2107 sed
1409 2078 1443 2106 de
1465 2078 1589 2113 supernis
1604 2085 1636 2104 ac
1654 2077 1688 2105 de

893 2127 964 2156 calo
980 2136 985 2153 :
1001 2127 1073 2154 sicut
1086 2130 1114 2153 et
1137 2125 1215 2153 divus
1231 2125 1330 2152 Paulus
1344 2124 1410 2151 dicit
1423 2122 1497 2159 quod
1512 2134 1524 2146 ιι
1540 2121 1685 2150 Secundus

895 2171 979 2199 homo
989 2171 1122 2198 Dominus
1131 2170 1165 2198 de
1171 2169 1261 2198 cisio“.
1274 2180 1285 2192 ιι
1299 2168 1368 2204 Quid
1383 2168 1466 2204 igitur
1475 2171 1517 2195 est
1526 2166 1692 2194 dicendum?

894 2218 967 2244 Num
987 2216 1155 2251 interrogare
1182 2217 1291 2250 oportet
1307 2213 1383 2240 illum
1402 2211 1542 2248 quomodo
1561 2211 1694 2246 intelligat

894 2261 967 2298 quod
983 2260 1018 2288 ad
1029 2259 1169 2296 apostolos
1183 2267 1197 2286 a
1211 2258 1330 2286 Domino
1345 2258 1455 2291 dicitur,
1471 2268 1483 2281 ι
1494 2258 1550 2284 Vos
1558 2264 1613 2284 non
1629 2256 1693 2284 estis

894 2314 925 2334 ex
945 2305 996 2333 hoc
1023 2304 1129 2333 mundo
1144 2304 1175 2331 7?
1203 2316 1215 2328 ι
1231 2311 1298 2331 num
1327 2307 1354 2330 et
1368 2302 1405 2329 illi
1419 2309 1520 2338 corpus
1536 2301 1692 2329 habuerunt

894 2351 1016 2384 caeleste,
1030 2356 1057 2377 et
1066 2358 1122 2377 non
1146 2349 1227 2383 hujus
1242 2347 1406 2376 creationis?
1423 2347 1462 2374 vel
1480 2346 1555 2382 quod
1577 2354 1634 2374 non
1648 2353 1691 2373 sa-

894 2395 969 2431 piant
980 2402 1041 2430 qute
1051 2394 1132 2429 hujus
1146 2392 1242 2421 mundi
1253 2397 1328 2425 sunt,
1339 2392 1406 2420 dixit
1418 2391 1470 2419 hoc
1478 2391 1631 2419 Dominus?
1639 2392 1695 2418 Ma-

894 2439 1023 2468 nifestum
1040 2439 1113 2474 quod
1133 2438 1206 2471 ideo.
1229 2437 1292 2473 quia
1308 2445 1364 2464 non
1381 2437 1523 2472 sepiebant
1535 2443 1596 2471 quae
1612 2435 1694 2471 hujus

894 2485 1003 2512 mundi.
1020 2485 1059 2511 lta
1077 2487 1105 2511 et
1120 2491 1195 2510 nunc
1219 2481 1436 2516 intelligendum,
1451 2492 1463 2504 ι
1479 2482 1536 2516 Ego
1551 2488 1608 2508 non
1631 2487 1693 2507 sum

893 2529 928 2557 de
938 2529 990 2557 hoc
1002 2528 1122 2562 mundo,
1142 2540 1153 2552 ιι
1169 2527 1254 2563 620
1270 2526 1322 2554 hoc
1345 2530 1404 2559 est,
1418 2533 1474 2553 non
1488 2533 1550 2552 sum
1574 2533 1645 2552 unus
1660 2532 1694 2551 ex

894 2568 980 2599 vobis,
1011 2569 1056 2603 qui
1078 2566 1218 2594 mundana
1241 2565 1338 2600 sapitis
1365 2574 1371 2591 :
1390 2565 1462 2592 sicut
1494 2569 1522 2593 et
1547 2565 1645 2592 Paulus
1659 2563 1694 2590 ad

895 2612 1030 2649 quosdam
1044 2612 1149 2644 dicons,
1165 2622 1176 2634 α
1195 2611 1257 2638 Non
1271 2610 1337 2638 estis
1350 2609 1377 2637 in
1390 2609 1494 2642 carne”,
1507 2621 1519 2633 ιι
1536 2617 1591 2636 non
1605 2609 1694 2635 incor-

895 2665 994 2694 poreos
1004 2665 1050 2685 eos
1065 2664 1124 2684 esse
1138 2656 1214 2689 dicit,
1227 2655 1274 2683 sed
1289 2658 1406 2682 testatur
1417 2653 1693 2690 quomodovirtutum

895 2701 1010 2730 studiosi
1033 2701 1099 2735 sint,
1124 2704 1151 2728 et
1165 2708 1181 2727 a
1210 2699 1368 2728 carnalibus
1393 2697 1583 2726 affectionibus
1605 2695 1692 2723 liberi.

88 2830 125 2862 (α)
137 2833 171 2860 Et
184 2841 236 2861 non
249 2834 399 2862 invenietis.
422 2833 577 2862 Ascititium
595 2841 632 2861 ex
646 2833 732 2869 capite
746 2840 801 2866 νη,
814 2840 843 2861 v.
857 2835 900 2860 34.
