1910 3077
220 200 254 226 19
727 193 982 224 THEOPHYLACTI
1002 193 1181 221 BULGARIE
1200 195 1357 223 ARCHlEP.
1854 201 1883 226 20

221 259 292 295 Quid
312 260 395 296 igitur
409 259 480 288 ultra
494 259 558 287 dicit
571 259 609 288 eis
624 259 778 287 Dominus?
793 270 806 283 α
817 257 847 286 Si
859 265 916 285 non
926 263 975 284 ere:

1125 258 1144 285 iv
1162 259 1214 286 τῶν
1242 257 1275 286 τὰ
1303 261 1350 287 τοῦ
1376 259 1478 297 κόσμου
1510 260 1685 300 φρονούντων·
1715 262 1750 294 ὥς
1785 261 1840 290 καὶ
1870 263 1879 290 ξ

221 305 329 338 deritis,
343 305 441 340 inquit,
457 304 570 338 mihi,in
584 304 701 340 peccatis
713 303 809 331 vestris
820 300 989 330 moriemini.
1003 312 1015 323 -

220 350 291 378 Cum
313 349 386 377 enim
406 353 518 384 propter
532 349 585 377 hoc
603 349 717 382 venerit,
739 352 771 376 ut
786 347 892 375 «tollat
905 349 1018 382 peccata

221 393 345 428 mundi',
358 405 370 418 ν
385 393 457 422 haud
468 395 545 422 aliter
559 394 752 422 remissionem
759 396 937 429 peccatorum
948 390 1019 418 acci-

220 447 286 475 pere
301 446 456 475 possumus,
473 447 557 474 quam
578 447 627 474 per
648 438 827 474 baptismum.
844 434 1019 472 Impossibile

222 487 315 512 autem
336 488 378 512 est
388 483 521 519 baptizari
536 491 599 511 eum
614 484 662 520 qui
688 491 743 511 non
757 481 880 510 credidit.
898 479 1019 508 Omnino

222 528 306 564 igitur
326 529 513 557 necessarium
528 533 622 564 postea
636 529 665 556 in
682 536 733 556 suo
747 531 857 564 peccato
871 525 944 554 mori
959 523 1020 552 inﬁ-

222 572 322 601 delem.
337 574 399 601 Non
413 574 488 602 enim
502 574 575 601 exuit
588 577 707 602 veterem
722 572 876 604 hominem,
890 569 953 606 quia
963 576 1021 596 non

221 618 379 654 baptizatus
388 616 451 646 fuit.
464 618 570 646 Idcirco
583 622 610 646 et
622 618 675 646 alio
686 618 746 646 loeo
759 617 826 645 dicit
839 614 974 644 Dominus
987 613 1018 646 ³ο,

224 674 237 687 α
254 663 308 697 Qui
318 671 375 690 non
389 663 486 697 credit,
498 663 558 699 jam
570 663 708 699 judicatus
722 666 765 690 est
780 670 788 689 :
808 672 821 686 ››
836 667 892 688 non
905 662 1018 695 propter

222 707 276 735 hoc
289 711 410 741 tantum,
421 708 494 743 quod
506 716 563 736 non
571 707 667 742 credit,
683 707 732 736 sed
739 710 766 735 et
781 705 845 742 quia
853 705 944 741 priora
955 710 1017 739 pec-

222 756 282 780 cata
291 752 397 780 habens
409 753 536 780 moritur.

1072 302 1179 335 Παῦλος
1199 303 1263 342 πρός
1277 315 1348 337 τινας
1363 303 1443 342 λέγει·
1475 318 1486 331 ι
1501 306 1560 334 Οὐκ
1585 305 1644 334 ἐστὲ
1666 306 1693 334 ἓν
1714 306 1814 345 σαρκί·
1835 307 1880 334 οὖν.

1071 347 1230 384 ἀσωμάτους
1245 348 1338 381 αὖτοὺς
1355 345 1420 378 εἶναι
1441 348 1512 388 λέγει
1526 372 1534 387 ,
1554 351 1623 380 ἀλλὰ
1639 350 1812 391 φιλοσοφίαν
1833 353 1880 380 αὖ-

1072 395 1124 423 τοῖς
1133 391 1203 435 ,Πκαὶ
1221 394 1354 430 σαρκικῶν
1368 396 1460 423 παθῶν
1475 394 1632 433 ἀπαλλαγὴν
1653 398 1882 435 προσμαρτυρεῖ.

1074 436 1110 464 Τί
1127 431 1171 464 οὖν
1193 437 1274 465 πάλιν
1290 438 1377 471 αὐτοῖς
1391 441 1406 468 ὃ
1422 438 1531 478 Κύριος
1552 453 1564 465 ιι
1582 439 1649 468 Ἐὰν
1662 439 1700 477 μὴ
1715 439 1880 475 πιστεύση-

1073 491 1119 516 τε,
1142 481 1238 518 φησὶν,
1254 482 1330 520 ἐμοὶ,
1353 485 1378 512 ἔν
1396 483 1452 515 ταῖς
1467 483 1612 524 ἁμαρτίαις
1628 485 1701 522 ὑμῶν
1721 487 1881 514 ἀποθανεῖ-

1075 527 1129 553 σθε.
1145 537 1157 550 ι
1176 527 1208 555 Εἰ
1222 526 1274 566 γὰρ
1290 526 1333 555 διὰ
1344 531 1422 557 τοῦτο
1432 523 1511 563 ἧλθεν
1522 551 1530 563 ,
1544 527 1587 557 ἵνα
1605 528 1656 568 ἄρῃ
1672 529 1719 564 τὴν
1732 529 1881 568 ἁμαρτίαν

1075 571 1120 598 τοῦ
1136 569 1251 609 κόσμου,
1273 571 1318 600 καὶ
1342 573 1390 601 οὐκ
1414 571 1485 601 ἔστιν
1506 572 1592 605 ἄλλως
1615 573 1706 612 ἄφεσιν
1729 573 1879 612 ἁμαρτιῶν

1073 613 1180 650 λαϐεῖν,
1198 616 1220 644 εἰ
1236 614 1273 654 μὴ
1289 616 1332 645 διὰ
1355 619 1400 645 τοῦ
1427 617 1625 656 βαπτίσματος,
1641 619 1832 656 βαπτισθῆναι
1851 619 1875 646 δὲ

1072 658 1116 687 τὸν
1132 659 1169 697 μὴ
1187 660 1368 690 πιστεύσαντα
1391 661 1526 691 ἀδύνατον·
1548 662 1651 700 ἀνάγκη
1677 667 1752 691 πᾶσα
1783 663 1879 691 λοιπὸν

1075 703 1101 731 ἐν
1165 705 1248 744 οἰκείᾳ
1265 705 1384 746 ἁμαρτία
1408 707 1546 735 ἀποθανεῖν
1562 706 1606 735 τὸν
1623 706 1746 737 ἄπιστον.
1767 708 1816 737 Οὖ
1833 708 1880 746 γὰρ

1073 747 1211 781 ἐξεδύσατο
1225 750 1269 779 τὸν
1292 751 1405 780 παλαιὸν
1426 752 1562 791 ἄνθρωπον
1574 773 1582 786 ,
1599 750 1639 780 ὅτι
1656 750 1693 789 μὴ
1709 751 1876 781 ἐϐαπτίσα-

222 809 261 828 το.
286 797 334 827 Διὸ
350 797 396 827 καὶ
424 799 543 836 ἀλλαχοῦ
567 809 646 837 φησιν
667 800 681 827 ὁ
703 795 816 838 Κύριος,
840 794 882 823 ὅτι
917 804 931 822 α
950 791 985 822 (Ο
1002 788 1039 838 yid
1069 794 1199 824 πιστεύων
1223 794 1275 831 ἤδη
1298 796 1431 836 κέκριται,
1453 809 1469 825 »
1493 797 1524 825 οὖ
1546 795 1615 825 κατὰ
1639 797 1716 826 τοῦτο
1738 796 1828 834 μόνον
1856 798 1880 826 τὸ

223 841 260 880 μὴ
272 844 429 879 πιστεῦσαι,
443 834 502 872 an"
519 841 559 871 ὅτι
574 834 619 871 καὶ
632 842 665 871 τὰ
679 834 804 882 πρότερον
823 837 1004 878 ἆμαρτήματα
1020 834 1090 882 ἔλων
1112 837 1227 870 ἄπεισιν.

257 892 339 920 Vsus.
355 877 448 919 25-2-7.
467 902 479 916 ιι
505 891 639 919 Dicebant
653 877 720 927 ergo
735 877 781 918 ei“:
797 877 913 924 Tuquis
923 887 967 914 es?
979 886 1016 913 Et
1030 877 1055 907 Β

222 935 290 964 dicit
303 936 342 964 eis
356 937 436 964 Jesus
451 945 458 963 :
475 937 508 964 ln
520 936 627 973 primis,
638 935 716 972 quod
728 939 755 963 et
769 935 868 970 loquor
882 931 960 960 vobis
974 932 1019 963 (a).

220 980 307 1008 Multa
323 980 413 1009 habeo
434 989 495 1017 quae
518 981 553 1009 de
569 980 644 1009 vobis
665 981 761 1016 loquar
774 987 806 1007 ac
816 977 949 1014 judicem,
973 974 1022 1002 sed

221 1025 268 1061 qui
282 1033 328 1053 me
351 1025 440 1059 misit,
455 1033 537 1053 verax
551 1029 593 1053 est
609 1030 655 1053 :et
669 1033 720 1061 ego
732 1031 794 1060 quae
806 1022 903 1051 audivi
921 1019 956 1048 ab
976 1026 1019 1052 eo,

221 1069 280 1098 haec
294 1069 391 1105 loquor
404 1070 433 1098 in
444 1070 558 1098 mundo.
570 1071 605 1098 Et
618 1077 676 1098 non
700 1070 886 1105 cognoverunt
899 1063 975 1101 quod
987 1063 1021 1091 de

219 1115 301 1142 Patre
319 1114 403 1150 ipsius
425 1115 534 1143 locutus
552 1119 633 1143 esset.
653 1124 668 1141 )›
684 1116 749 1142 Post
771 1117 881 1142 tantum
897 1115 1020 1144 tempus,

220 1163 281 1195 post
298 1163 441 1187 tantorum
468 1159 668 1188 miraculorum
692 1159 880 1187 ostensionem
908 1158 1021 1188 interro-

218 1208 284 1240 gant
295 1212 368 1238 eum,
395 1215 409 1229 αι
421 1205 464 1232 Tu
475 1204 536 1240 quis
548 1206 595 1232 es?
619 1215 633 1229 ι)
651 1203 841 1232 contumeliosi
856 1207 884 1231 et
898 1203 934 1231 ita
955 1204 1018 1232 fue-

218 1253 283 1277 runt
305 1249 462 1285 insipientes
484 1249 621 1277 irrisores.
636 1250 674 1276 At
688 1248 824 1277 Dominus
839 1248 939 1284 inquit,
959 1259 972 1273 α
990 1251 1021 1277 In

219 1294 325 1330 primis,
340 1294 415 1330 quod
427 1298 455 1321 et
470 1294 567 1328 loquor
582 1293 668 1321 vobis.
686 1304 699 1318 π
716 1293 784 1327 Vos,
799 1293 899 1328 inquit,
916 1293 1023 1328 indigni

217 1339 282 1366 estis
297 1343 327 1366 ut
339 1339 459 1367 audiatis
474 1346 489 1366 a
504 1346 549 1366 me
557 1345 710 1371 sermones,
725 1342 753 1365 et
765 1337 879 1365 discatis
894 1338 941 1373 qui
957 1338 1020 1366 sim.

218 1383 318 1411 Omnia
332 1382 406 1410 enim
426 1386 565 1410 tentantes
586 1382 687 1415 dicitis,
703 1385 731 1409 et
754 1381 824 1409 nihil
839 1389 872 1409 ex
892 1383 935 1409 nis
957 1390 1025 1418 qua:

219 1427 328 1462 loquor,
349 1427 459 1455 auditis.
485 1429 543 1463 Ego
560 1431 655 1454 autem
675 1434 788 1462 possem
807 1434 856 1454 vos
871 1427 957 1454 etiam
980 1435 1022 1455 ar-

221 1479 318 1508 guere,
341 1476 369 1499 et
383 1479 440 1499 non
469 1471 561 1499 solum
574 1479 699 1507 arguere,
717 1471 766 1498 sed
781 1474 808 1498 et
822 1471 929 1506 punire.
955 1472 1023 1500 Haec

222 1516 296 1545 enim
311 1516 365 1544 duo
380 1516 513 1551 insinuat,
526 1516 621 1544 dicens
635 1525 642 1544 :
655 1527 668 1540 α
685 1516 754 1551 Quia
764 1515 852 1543 multa
864 1523 972 1551 possem
988 1515 1022 1544 de

1118 895 1132 910 ιι
1156 883 1268 923 Ἔλεγον
1284 880 1327 914 οὖν
1349 886 1429 926 αὐτῷ·
1452 885 1491 916 Σὺ
1511 885 1550 919 τίς
1567 880 1606 922 ei;
1623 885 1678 915 Καὶ
1695 880 1769 915 εἶπεν
1787 887 1879 920 αὐτοῖς

1076 930 1090 957 ὁ
1107 929 1221 965 Ἰγγι-οῖῑς⁹
1239 929 1298 965 Τὴν
1320 929 1405 969 ἀρχὴν
1428 929 1444 959 8
1460 943 1486 959 τι
1509 931 1554 960 καὶ
1576 932 1650 960 λαλῶ
1677 932 1748 968 ὑμῖν.
1782 932 1879 960 Πολλὰ

1076 973 1131 1014 ἔχω
1151 974 1211 1014 περὶ
1235 976 1309 1012 ὖμῶν
1326 976 1414 1004 λαλεῖν
1441 975 1485 1004 καὶ
1508 975 1624 1015 κρίνειν,
1643 976 1703 1004 ἀλλ’
1721 977 1735 1004 ὁ
1762 975 1879 1015 πέμψας

1076 1030 1124 1055 με,
1141 1018 1240 1054 ἀληθής
1254 1019 1322 1049 ἐστι.
1340 1019 1422 1058 Κάγὼ
1442 1020 1459 1049 ἃ
1474 1021 1576 1056 ἤκουσα
1593 1019 1657 1059 παρ’
1675 1021 1770 1059 αὐτοῦ,
1789 1024 1878 1050 ταῦτα

1075 1063 1145 1101 λέγω
1160 1064 1195 1096 εἷς
1206 1065 1249 1094 τὸν
1263 1064 1372 1102 κόσμον.
1387 1066 1447 1095 Οὔκ
1460 1066 1578 1104 ἔγνωσαν
1592 1065 1618 1094 δὲ
1628 1087 1636 1102 ,
1648 1064 1688 1094 ὅτι
1699 1066 1743 1094 τὸν
1762 1066 1877 1105 Πατέρί

1076 1109 1154 1136 αὑτοῦ
1168 1108 1252 1147 ἔλεγε.
1272 1123 1284 1135 ιι
1299 1109 1375 1139 Μετὰ
1392 1113 1515 1139 τοσοῦτον
1529 1109 1638 1150 χρόνον,
1654 1110 1720 1147 μετὰ
1736 1110 1878 1140 τοσούτων

1074 1151 1190 1189 σημείων
1212 1153 1353 1189 ἐπίδειξιν,
1380 1155 1513 1194 ἐρωτῶσιν
1535 1154 1625 1184 αὐτόν*
1648 1166 1661 1182 α
1679 1153 1718 1184 Σὺ
1743 1155 1785 1187 τίς
1810 1150 1854 1193 εἷς
1871 1171 1877 1179 ι

1075 1196 1157 1230 οὕτως
1172 1192 1240 1233 ἦσαν
1264 1199 1386 1235 ἀνόητοι,
1400 1199 1522 1239 ὑϐρισταί
1536 1211 1565 1228 τε
1583 1198 1627 1228 καὶ
1649 1199 1813 1238 χλευασταί.
1848 1201 1876 1229 Ὀ

1076 1241 1102 1270 δὲ
1120 1241 1215 1283 Κύριος
1225 1266 1232 1280 ,
1245 1257 1257 1269 ιι
1272 1244 1329 1280 Τὴν
1345 1244 1443 1284 ἀρχὴν,
1455 1245 1546 1284 φησὶν,
1559 1243 1609 1273 ὅτι
1624 1244 1670 1273 καὶ
1680 1244 1755 1274 λαλῶ
1773 1245 1854 1282 ὑμῖν.
1869 1258 1876 1270 ι

1076 1285 1185 1324 Ὑμεῖς,
1207 1288 1292 1327 φησὶ,
1312 1290 1417 1318 καὶτοῦ
1432 1289 1499 1323 ὅλως
1519 1288 1624 1318 ἀκούειν
1657 1290 1709 1317 τῶν
1721 1289 1787 1328 παρ’
1810 1291 1875 1327 ἐμοῖ

1076 1331 1174 1370 λόγων,
1188 1333 1286 1367 ἀνάξιοι
1303 1334 1375 1371 ἐστὲ,
1394 1333 1459 1372 μήτι
1471 1346 1502 1373 γε
1518 1334 1564 1362 καὶ
1578 1333 1720 1371 μανθάνειν
1742 1334 1782 1366 τίς
1801 1335 1872 1372 εἰμι’

1077 1377 1163 1405 πάντα
1181 1377 1231 1417 γὰρ
1252 1379 1418 1418 πειράζοντες
1438 1378 1543 1417 λέγετε,
1569 1378 1615 1408 καὶ
1637 1377 1722 1407 οὐδενὶ
1737 1380 1792 1407 τῶν
1811 1382 1874 1418 παρ’

1077 1421 1143 1459 ἐμοῦ
1162 1422 1302 1462 προσέχειν
1329 1423 1457 1457 θέλοντες.
1487 1422 1562 1462 Ἐγὼ
1584 1422 1611 1452 δὲ
1639 1422 1799 1460 ἠδυνάμην,
1830 1425 1873 1453 καὶ

1078 1466 1146 1503 ὑμᾶς
1158 1466 1276 1506 ἐλέγχειν
1288 1489 1296 1503 ,
1311 1468 1356 1497 καὶ
1374 1468 1411 1506 μὴ
1424 1468 1502 1506 μόνον
1515 1468 1634 1507 ἐλέγχειν
1643 1489 1651 1503 ,
1674 1468 1743 1496 ἀλλὰ
1763 1467 1813 1497 καὶ
1832 1481 1874 1498 κο-

1077 1511 1173 1544 λάζειν.
1203 1512 1297 1541 Ταῦτα
1322 1512 1373 1552 γὰρ
1398 1512 1432 1542 τὰ
1461 1511 1506 1541 δύο
1534 1512 1679 1541 αἰνίττεται
1705 1513 1804 1549 εἰπὼν,
1835 1514 1873 1542 ὅτι

217 1561 297 1589 vobis
308 1561 391 1596 loqui,
404 1561 557 1597 etjudicare
570 1570 577 1588 :
589 1572 602 1585 ιι
612 1561 750 1597 perloqui,
760 1560 969 1596 reprehensione

1119 1555 1213 1585 Πολλὰ
1246 1556 1298 1596 ἔχω
1326 1558 1388 1594 ῧμῖν
1489 1557 1550 1596 περὶ
1578 1557 1674 1595 ὑμῶν]
1703 1556 1798 1586 λαλεῖν
1829 1558 1872 1587 καὶ

219 1613 268 1641 per
279 1605 414 1642 judicare,
429 1605 688 1634 condemnationem
711 1605 849 1642 intelligit.
877 1614 890 1632 α
917 1608 955 1633 At
968 1605 1016 1641 qui

218 1658 264 1678 me
275 1650 363 1684 misit,
379 1662 392 1675 ιι
406 1650 507 1686 inquit,
520 1658 577 1678 non
584 1649 620 1678 ad
634 1650 687 1678 hoc
700 1651 774 1678 misit
787 1658 842 1682 me,
855 1650 1015 1687 utjudicem

219 1702 251 1722 ac
262 1702 385 1731 arguam.
404 1705 417 1719 α
432 1696 496 1723 Non
511 1695 586 1722 enim
599 1695 675 1722 misit
687 1697 760 1723 Deus
771 1695 872 1723 Filium
884 1703 964 1723 suum
984 1699 1017 1722 ut

213 1739 321 1775 judicet
332 1739 479 1774 mundum,
495 1739 543 1767 sed
557 1743 589 1767 ut
607 1739 692 1767 salvet
704 1739 885 1767 mundum“.
901 1751 915 1764 »
931 1740 1016 1776 Igitur

217 1784 282 1820 quia
302 1785 382 1812 Pater
409 1791 489 1812 meus
506 1783 541 1812 ad
568 1783 731 1812 salvandum
764 1791 810 1812 me
827 1784 913 1818 misit,
934 1792 1015 1812 verax

218 1832 311 1856 autem
332 1832 383 1862 est,
399 1828 498 1856 merito
515 1828 622 1856 nullum
639 1828 734 1865 judico
749 1836 839 1863 nunc,
853 1827 901 1856 sed
924 1828 1014 1856 solum

215 1874 317 1909 loquor
330 1881 391 1909 quae
403 1873 494 1901 audivi
502 1873 537 1901 de
549 1874 629 1901 Patre
643 1881 716 1908 meo,
729 1881 760 1902 ea
773 1881 835 1910 quae
848 1873 884 1901 ad
894 1873 1013 1901 salutem

216 1918 318 1946 scilicet
324 1922 458 1954 spectant,
469 1926 527 1946 non
537 1918 571 1946 ad
580 1918 834 1954 reprehensionem.
843 1919 909 1946 Haec
920 1922 1013 1946 autem

214 1962 333 1997 dicebat,
347 1967 380 1991 ut
393 1971 430 1991 ne
449 1967 546 1999 putent
557 1963 632 1999 quod
648 1967 678 1990 ut
693 1963 831 1998 impotens
845 1970 901 1990 non
917 1963 1014 1998 puniat

214 2015 262 2036 eos
283 2017 291 2036 :
317 2007 466 2036 ostendens
501 2007 577 2043 quod
604 2015 662 2035 non
690 2007 785 2043 puniat
811 2015 859 2034 eos
881 2011 1015 2042 tanquam

214 2051 366 2087 impotens,
380 2051 427 2079 sed
439 2059 498 2080 non
513 2052 621 2083 volens;
633 2051 696 2086 quia
708 2059 766 2079 non
781 2051 815 2079 ad
831 2051 1013 2087 puniendum,

215 2095 265 2124 sed
291 2096 454 2124 salvandum
476 2096 591 2124 venerit.
614 2096 682 2124 Haec
704 2100 801 2124 autem
824 2095 871 2124 illo
895 2095 1013 2131 dicente,

214 2144 273 2169 tam
286 2141 447 2176 insipientes
461 2144 550 2174 erant,
566 2144 597 2168 ut
610 2148 666 2168 non
688 2144 896 2177 cognoscerent,
914 2141 1011 2176 inquit,

1069 1599 1179 1639 κρίνειν·
1197 1612 1212 1628 in
1231 1601 1274 1630 διὰ
1289 1601 1336 1640 μὲν
1358 1604 1404 1631 τοῦ
1421 1603 1529 1639 λαλεῖν,
1548 1601 1579 1630 τὸ
1594 1601 1713 1640 ἐλέγχειν
1737 1603 1872 1641 παραδη-

1069 1645 1131 1673 λῶν·
1147 1644 1190 1674 διὰ
1206 1645 1233 1674 δὲ
1252 1650 1298 1676 τοῦ
1318 1646 1428 1686 κρίνειν,
1444 1646 1475 1675 τὸ
1499 1649 1671 1686 κατακρίνειν
1692 1645 1738 1674 καὶ
1753 1648 1870 1676 καταδι-

1070 1688 1169 1722 κάζειν.
1188 1689 1258 1719 Ἀλλ’
1281 1692 1295 1719 ὃ
1310 1691 1417 1731 πέμψας
1444 1703 1496 1730 με,
1515 1690 1612 1730 φησὶν,
1641 1691 1688 1719 οὐκ
1711 1690 1755 1719 ἐπὶ
1779 1692 1870 1731 τούτῳ

1070 1733 1173 1774 ἔπεμψέ
1187 1746 1236 1773 με,
1252 1736 1290 1775 ἐφ’
1303 1731 1430 1776 ᾧκρίνειν
1441 1736 1487 1765 καὶ
1501 1735 1630 1775 ἐλέγχειν.
1646 1747 1661 1762 (ι
1677 1735 1718 1764 Οὖ
1731 1735 1781 1775 γὰρ
1799 1737 1868 1765 ἀπέ-

1070 1779 1169 1807 στειλεν
1191 1781 1205 1808 ὁ
1229 1779 1297 1812 Θεὸς
1319 1781 1361 1810 τὸν
1378 1781 1442 1811 Υῐὸν
1463 1782 1570 1816 ἑαυτοῦ,
1587 1780 1629 1808 ἵνα
1656 1779 1733 1819 κρίνῃ
1756 1780 1803 1809 τὸν
1827 1782 1859 1810 κό

1069 1833 1145 1860 σμον·
1161 1824 1220 1853 ἀλλ’
1234 1823 1277 1853 ἵνα
1289 1825 1363 1866 σώσῃ
1379 1825 1424 1854 τὸν
1437 1826 1546 1864 κόσμον.
1560 1838 1572 1850 ιι
1584 1824 1662 1854 Ἐπεὶ
1676 1824 1762 1853 τοίνυν
1774 1827 1787 1854 ὁ
1807 1827 1870 1856 Πα-

1068 1867 1118 1905 τήρ
1131 1880 1181 1906 μου
1197 1870 1232 1903 εἷς
1245 1869 1275 1898 τὸ
1290 1869 1385 1900 σώσειν
1398 1882 1430 1908 με
1447 1870 1612 1905 ἀπέστειλεν,
1627 1868 1727 1904 ἀληθὴς
1742 1870 1769 1898 δέ
1781 1872 1867 1900 ἐστιν’

1069 1912 1175 1947 εἰκότως
1186 1914 1277 1943 οὐδένα
1293 1915 1372 1953 κρίνω
1385 1917 1429 1943 νῦν
1440 1937 1448 1953 ,
1469 1915 1539 1944 ἀλλὰ
1551 1914 1627 1953 μόνον
1643 1914 1718 1942 λαλῶ
1731 1914 1747 1943 ἃ
1760 1914 1867 1950 ἥκουσα

1068 1958 1142 1996 παρὰ
1161 1961 1206 1987 τοῦ
1229 1959 1335 1998 Πατρός
1354 1971 1421 1997 μου,
1444 1959 1478 1988 τὰ
1498 1960 1563 1999 πρὸς
1584 1958 1717 1998 σωτηρίαν
1741 1960 1865 1996 δηλαδὴ,

1069 2003 1097 2030 οὗ
1114 2001 1148 2030 τὰ
1173 2002 1238 2043 πρὸς
1263 2003 1383 2044 ἔλεγχον.
1404 2005 1497 2034 Ταῦτα
1514 2004 1540 2033 δὲ
1566 2004 1671 2042 ἔλεγεν,
1694 2002 1738 2032 ἵνα
1766 2005 1805 2042 μὴ
1822 2017 1865 2034 νο-

1070 2046 1194 2084 μίσωσιν,
1211 2048 1252 2077 ὅτι
1265 2049 1315 2088 οὐχ
1330 2051 1364 2082 ὡς
1379 2050 1506 2082 ἀδύνατος
1521 2050 1550 2078 οὗ
1566 2049 1672 2082 κολάζει
1689 2049 1792 2082 αὐτούς·
1811 2050 1866 2079 δεί-

1069 2101 1158 2120 κνυσιν
1175 2088 1235 2128 οὖν,
1253 2093 1293 2122 ὅτι
1316 2094 1367 2134 οὐχ
1391 2095 1425 2127 ὡς
1443 2094 1567 2126 ἀδύνατος
1578 2116 1586 2130 ,
1608 2092 1672 2122 ἀλλ’
1690 2093 1725 2125 ὥς
1738 2094 1766 2122 οὐ
1782 2095 1866 2123 θέλων

1068 2136 1181 2166 κολάσαι
1196 2137 1305 2175 αὐτοὺς,
1321 2138 1366 2168 ἅτε
1383 2139 1414 2174 δὴ
1436 2138 1473 2177 μὴ
1489 2138 1532 2167 ἐπὶ
1550 2140 1587 2178 τῷ
1611 2139 1733 2176 κολάσαι,
1750 2138 1809 2167 ἀλλ’
1822 2140 1866 2168 ἐπὶ

213 2185 288 2221 quod
322 2172 436 2213 Patrem
465 2172 548 2213 suum
574 2185 614 2213 eis
641 2172 755 2220 diceret,
783 2172 909 2221 quamvis

1131 2183 1216 2211 σῶσαι
1244 2183 1337 2214 ἐλθών.
1364 2185 1459 2214 Ταῦτα
1476 2182 1504 2212 δὲ
1520 2185 1600 2213 αὐτοῦ
1625 2184 1760 2224 λέγοντος,
1780 2183 1864 2217 οὕτως

213 2229 249 2258 de
277 2231 358 2258 Patre
389 2230 428 2258 eis
450 2230 524 2259 dicta
539 2234 630 2259 essent
664 2239 671 2258 :
700 2230 776 2267 atqui
812 2238 875 2259 vere
897 2231 1012 2259 obtene-

211 2275 323 2303 bratum
348 2279 408 2303 erat
428 2275 562 2312 insipiens
585 2284 633 2304 cor
648 2283 756 2304 eorum.
780 2275 899 2310 Quidam
919 2281 1012 2305 autem

212 2320 253 2348 sic
275 2320 440 2356 intelligunt,
466 2331 479 2344 α
501 2320 553 2355 Qui
582 2321 656 2348 misit
681 2328 737 2355 me,
764 2328 848 2348 verax
871 2325 912 2349 est
948 2330 956 2349 :
992 2331 1007 2348 »

210 2366 337 2400 Possem,
358 2365 458 2401 inquit,
474 2369 502 2393 et
521 2373 596 2393 nunc
613 2365 738 2401 judicare
759 2373 818 2400 vos,
833 2366 881 2394 sed
901 2374 1009 2394 reservo

211 2410 242 2438 in
261 2409 389 2438 futurum
403 2410 545 2438 saeculum.
560 2411 622 2438 Non
646 2410 756 2439 creditis
771 2415 873 2445 autem,
891 2415 918 2439 et
931 2412 1008 2439 retri-

210 2455 333 2482 butionis
346 2458 456 2491 tempus
467 2463 525 2483 non
541 2455 624 2491 621
642 2455 828 2491 suspicamini.
845 2455 898 2484 Sed
912 2464 1008 2492 quam-

211 2499 252 2528 vis
264 2507 313 2527 vos
327 2508 385 2528 non
396 2500 524 2533 credatis,
541 2500 641 2528 saltem
652 2501 693 2528 vel
714 2501 797 2528 Pater
810 2508 890 2529 meus
905 2505 946 2529 est
962 2509 1008 2528 ve-

165 2574 176 2584 l
208 2552 269 2578 rax,
293 2545 338 2580 qui
353 2545 447 2572 statuit
460 2544 535 2572 diem
556 2553 611 2581 quo
625 2545 792 2573 retribuatur
812 2545 906 2580 vobis,
922 2546 968 2582 qui
982 2549 1010 2572 et

207 2590 285 2618 misit
300 2597 344 2617 me
360 2594 392 2618 ut
409 2590 554 2625 praedicem
573 2590 630 2625 illa,
653 2594 681 2619 et
706 2590 884 2619 manifestem
901 2590 1007 2618 mundo

205 2634 267 2671 eius
277 2639 303 2663 et
313 2634 455 2671 justitiam
465 2639 492 2662 et
502 2634 642 2663 virtutem.

239 2801 340 2829 ’Joan.
357 2809 379 2835 ι,
394 2804 436 2830 29.
476 2801 497 2819 ¹⁰
510 2802 580 2830 lbid.
598 2804 640 2830 18.
682 2802 703 2819 ιι
717 2803 800 2830 Joan.
822 2809 870 2835 In,
889 2806 933 2831 t7.

1065 2220 1133 2260 ἦσαν
1150 2227 1271 2264 ἀνόητοι,
1296 2228 1363 2258 ὥστε
1379 2242 1392 2255 ι
1412 2230 1459 2258 οὐκ
1480 2228 1616 2268 ἔγνωσαν,
1632 2229 1710 2268 φησὶν
1722 2250 1731 2267 ,
1754 2227 1796 2257 ὅτι
1820 2229 1864 2257 τὸν

1067 2271 1176 2311 Πατέρα
1193 2274 1271 2303 αὐτοῦ
1287 2274 1374 2307 αὐτοῖς
1389 2273 1473 2313 λέγει.
1492 2286 1507 2301 »
1526 2273 1621 2303 Καίτοι
1647 2273 1718 2303 πόσα
1738 2273 1800 2312 περὶ⁸
1815 2276 1862 2302 τοῦ

1067 2317 1172 2355 Πατρὸς
1198 2320 1285 2351 αὐτοῖς
1313 2319 1453 2358 διελέχθης
1485 2319 1542 2348 ἀλλ’
1567 2318 1648 2352 ὅντως
1674 2318 1814 2354 ἐσκοτίσθη
1844 2320 1861 2354 ἦ

1064 2361 1185 2396 ἀσύνετος
1211 2364 1296 2392 αὐτῶν
1322 2365 1428 2403 καρδία.
1458 2363 1534 2397 Τινὲς
1559 2363 1584 2392 δὲ
1613 2365 1682 2393 οὕτω
1708 2366 1796 2392 νοοῦσι
1823 2364 1862 2393 τό·

1064 2419 1076 2431 ιι
1097 2405 1166 2436 Ἀλλ’
1190 2410 1203 2436 ὁ
1222 2408 1330 2448 πέμψας
1354 2421 1404 2446 με,
1422 2410 1521 2444 ἀληθής
1545 2409 1625 2438 ἔστιν·
1651 2423 1664 2435 ι
1685 2407 1860 2446 Ἠδυνάμην,

1065 2451 1146 2492 φησὶ,
1163 2453 1209 2482 καὶ
1224 2456 1267 2482 ν’ῦν
1283 2458 1370 2493 κρῖναι
1388 2455 1469 2491 ὑμᾶς,
1490 2453 1558 2482 ἀλλὰ
1579 2455 1617 2494 τῷ
1634 2454 1757 2492 μέλλοντι
1781 2454 1860 2482 αἰῶνι

1064 2499 1143 2526 τοῦτο
1158 2500 1241 2538 τηρῶ.
1264 2498 1413 2527 Ἀπιστεῖτε
1435 2499 1479 2534 δὲ,
1496 2498 1540 2526 καὶ
1560 2498 1604 2526 τὸν
1619 2500 1665 2534 τῆς
1681 2497 1725 2527 καὶ
1743 2499 1863 2526 ἀνταπο-

1065 2543 1161 2576 δόσεως
1184 2543 1275 2583 καιρὸν
1301 2544 1351 2582 οὐχ
1377 2542 1574 2581 ὑπολογίζεσθε.
1593 2542 1663 2572 Ἀλλ’
1680 2545 1702 2572 εἰ
1724 2542 1768 2571 καὶ
1784 2544 1860 2580 ὑμεῖς

1063 2588 1199 2616 ἀπιστεῖτε
1211 2610 1219 2625 ,
1239 2589 1252 2616 ὁ
1263 2591 1323 2626 γοῦν
1344 2587 1439 2626 Πατήρ
1453 2599 1504 2625 μου
1521 2587 1621 2623 ἀληθής
1637 2589 1707 2616 ἐστιν
1721 2610 1728 2622 ,
1743 2586 1768 2619 ὃς
1784 2587 1862 2622 ἔστη-

1063 2644 1106 2661 σεν
1131 2632 1231 2672 ἡμέραν
1256 2632 1315 2662 καθ’
1338 2632 1370 2668 ἣν
1396 2632 1638 2668 ἀνταποδοθήσεται
1664 2633 1747 2670 ὑμῖν,
1772 2631 1800 2665 ὃς
1817 2633 1860 2661 καὶ

1063 2677 1201 2706 ἀπέστειλέ
1229 2689 1261 2715 με
1288 2676 1400 2716 κηρύξαι
1428 2679 1531 2715 ταῦτα,
1567 2677 1612 2706 καὶ
1640 2677 1792 2717 φανερῶσαι
1823 2679 1859 2716 τῷ

1063 2723 1156 2762 κόσμῳ
1172 2722 1220 2758 τὴν
1238 2723 1319 2752 αὐτοῦ
1337 2721 1504 2758 δικαιοσύνην
1521 2722 1565 2751 καὶ
1581 2721 1704 2760 δύναμιν.

241 2853 277 2885 (a)
287 2851 386 2880 Sensus
392 2855 433 2880 est
444 2861 451 2880 :
466 2852 496 2880 id
507 2852 654 2887 imprimis,
663 2853 712 2878 aut
719 2852 843 2887 primum
851 2859 922 2886 sum,
930 2852 1003 2887 quod
1012 2853 1076 2889 'dico
1084 2853 1170 2881 vobis.
1186 2852 1305 2889 Vulgata
1314 2851 1407 2885 latina,
1419 2851 1594 2886 principium.
