1910 3077
7 178 48 202 2f

462 180 657 209 ENARRATIO
677 181 709 208 IN
729 180 945 209 EVANGELIUM
963 181 1111 210 .IOANNIS.
1132 196 1167 202 —
1186 183 1263 210 CAP.
1282 183 1350 212 VIII.

1691 185 1726 212 22

69 252 92 268 α
135 238 248 273 Εἶπεν
262 240 306 274 οὖν
328 246 415 279 αὐτοῖς
428 246 442 274 6
457 244 571 281 Ἰησοῦς·
587 244 674 274 Ὅταν
691 244 814 284 ὑψώσητε
829 243 866 273 sin

964 245 1056 272 Vens.
1077 247 1123 279 28,
1141 248 1185 273 29.
1211 255 1223 271 ι
1241 245 1319 274 Dixit
1333 253 1398 282 ergo
1413 247 1517 275 Jesus:
1536 247 1608 275 Cum
1621 246 1724 275 exalta-

10 285 102 316 Υἱὸν
126 291 198 317 to";
229 290 386 330 ἀνθρώπου,
409 289 469 320 τότε
491 289 639 329 γνώσεσθε,
664 289 704 318 ὅτι
720 289 772 327 ἐγώ
799 289 872 327 εἶμι,

12 330 74 359 καὶ
97 332 165 360 ἀπ’
190 333 317 372 ἐμαυτοῦ
331 338 400 366 ποιῶ
416 334 508 372 οὐδὲν,
525 334 593 364 ἀλλὰ
615 334 701 368 καθὼς
718 333 817 367 ἐδίδαξὲ
841 345 874 372 με

12 376 29 403 ὃ
49 377 188 417 Πατήρ
211 391 283 417 μου,
307 384 391 410 ταῦτα
410 382 500 416 λαλῶ,
524 380 570 409 καὶ
595 381 609 408 ὂ
624 379 732 419 πέμψας
748 391 798 417 με,
815 380 873 416 μετ’

15 421 105 458 ἐμοῦ
125 423 238 454 ἐστιν.
263 426 322 455 Οὐχ
337 424 423 466 ἀφῆκέ
438 437 470 463 με
503 424 581 463 μόνον
600 425 614 453 ὁ
638 424 746 463 Πατὴρ,
766 424 807 453 δτι
822 423 874 462 ἐγὼ

13 465 58 494 τὰ
97 467 237 506 ἀρεστὰ
263 471 336 510 αὐτῷ
360 465 427 499 ποιῶ
457 469 579 499 πάντοτε.
608 482 620 495 ι
647 468 760 504 Ἐπειδὴ
786 468 874 498 πολλὰ

18 515 155 547 σημεῖα
186 513 310 549 ποιήσας
331 515 379 544 οὐκ
403 514 573 544 ἐπεσπάσατο
595 513 719 550 τούτους,
744 514 805 553 περὶ
827 516 873 543 τοῦ

19 559 179 595 σταυροῦ
202 560 294 593 αὐτοῖς
318 559 477 598 διαλέγεται.
502 558 596 597 ⁸Υμεῖς
619 558 666 599 μὲν
691 558 759 599 γὰρ,
787 559 871 599 φησὶ,

21 599 101 629 τότε
124 601 240 635 δόξετε
254 605 280 632 ἐν
303 606 427 633 παντελεῖ
452 603 598 644 ἀμεριμνία
623 598 705 639 εἶναι,
723 605 767 633 καὶ
786 605 874 634 (ἱειταλ⁸

20 646 178 684 λαγῆναί
212 659 281 685 μου,
301 649 344 678 ὅτε
370 648 474 684 δηλαδή
497 659 534 686 με
554 647 734 687 σταυρώσετε.
755 647 829 688 Ἐγὼ
846 649 872 678 δὲ

22 689 136 728 λέγω,
162 691 217 721 ὅτι
237 706 248 718 ιι
264 691 410 731 γνώσεσθε,
431 693 472 722 ὅτι
495 693 546 732 ἐγώ
568 694 632 729 εἰμι·
653 706 666 720 τι
685 693 837 729 τουτέστιν,
859 696 872 724 ὃ

27 735 181 772 Χριστὸς
214 739 231 766 ὁ
258 738 319 772 Υἱὸς
341 741 386 767 τοῦ
409 739 498 773 Θεοῦ,
522 740 536 767 ὁ
561 737 595 766 τὰ
619 738 706 767 πάντα
722 738 807 778 φέρων
827 738 872 768 χαὶ

30 779 144 818 ἄγων,
181 781 236 811 καὶ
252 781 291 812 ὅτι
306 785 353 812 οὐκ
367 783 481 816 ἐναντίος
503 782 559 820 εἰμὶ
575 785 613 822 τῷ
630 783 731 822 "argi,
751 783 809 813 οὐδὲ
826 785 872 812 ἀπ’

30 825 182 862 ἕμαυτοῢ
218 829 300 864 ποιῶ,
326 827 343 863 ἦ
365 829 448 857 λαλῶ·
473 828 502 857 οὐ
530 826 581 866 γὰρ
604 828 659 867 ἔχω
683 827 747 857 ἴδιον
768 829 871 866 θέλημα

928 288 1022 316 veritis
1042 289 1143 317 Filium
1160 289 1294 323 hominis,
1316 294 1381 319 tunc
1397 292 1570 327 cognoscetis
1582 292 1655 328 quod
1670 299 1722 328 ego

928 334 993 367 sim,
1008 337 1037 361 et
1048 342 1063 362 a
1080 335 1200 371 meispso
1211 335 1310 363 faciam
1323 335 1402 370 nihil,
1414 336 1461 364 sed
1475 336 1513 364 ita
1525 341 1555 364 ut
1569 336 1663 364 docuit
1678 344 1723 365 me

929 379 1019 412 Pater,
1035 379 1094 408 haec
1111 380 1222 416 loquor,
1239 384 1267 408 et
1287 381 1334 416 qui
1355 389 1399 409 me
1420 381 1512 415 misit,
1538 389 1647 409 mecum
1670 385 1722 409 est.

927 423 990 450 Non
1004 424 1114 460 reliquit
1129 432 1174 452 me
1186 425 1275 453 solum
1291 427 1382 459 Pater,
1397 426 1460 462 quia
1477 433 1527 461 ego
1543 433 1605 461 quae
1626 426 1723 461 placita

928 473 993 496 sunt
1005 469 1040 503 ei,
1066 468 1134 497 facio
1156 477 1274 506 semper.
1299 482 1312 494 ιι
1330 472 1479 506 Postquam
1494 471 1581 498 multa
1597 470 1674 506 signa
1688 470 1727 498 eis

928 512 994 540 fecit
1009 518 1037 542 et
1058 522 1113 542 non
1127 515 1242 543 attraxit
1265 515 1340 549 illos,
1361 523 1435 543 nunc
1454 515 1488 543 de
1509 523 1589 543 cruce
1608 523 1672 543 cum
1687 515 1726 543 eis

927 558 1060 594 loquitur.
1090 561 1147 587 Vos
1159 559 1243 593 enim,
1257 560 1357 596 inquit,
1371 565 1436 588 tunc
1449 560 1578 596 putabitis
1591 568 1638 588 vos
1648 564 1725 588 extra

927 611 1039 632 omnem
1045 604 1255 633 sollicitudinem
1262 610 1288 633 et
1296 610 1398 634 metum
1406 605 1527 639 fore,eta
1534 605 1726 638 meliberatos,

927 656 991 675 cum
1007 656 1051 676 me
1065 650 1258 678 crucitlxeritis
1272 659 1278 677 :
1295 658 1344 686 ego
1359 655 1453 678 autem
1467 650 1530 678 dico
1540 650 1615 686 quod
1629 662 1642 674 ι
1658 654 1725 678 tunc

927 693 1020 721 scietis
1031 694 1105 729 quod
1115 702 1165 730 ego
1179 703 1254 730 sum;
1271 707 1283 720 η
1298 695 1351 723 hoc
1363 699 1412 729 est,
1425 695 1551 723 Christus
1565 695 1652 723 Filius
1662 695 1722 729 Dei,

927 738 973 774 qui
994 739 1087 766 omnia
1103 744 1182 774 porto
1197 745 1225 768 et
1249 740 1320 768 duco
1334 760 1342 774 ,
1366 745 1395 768 et
1412 748 1469 768 non
1489 748 1553 768 sum
1574 740 1726 768 contrarius

926 783 1013 817 Patri,
1037 791 1128 820 neque
1147 792 1162 812 a
1186 785 1347 820 memetipso
1361 784 1433 812 facio
1457 785 1498 813 vel
1521 785 1641 821 loquor:
1666 792 1724 812 non

926 827 1000 854 enim
1015 827 1104 856 habeo
1119 829 1287 857 voluntatem
1312 829 1450 865 propriam
1471 833 1627 865 separatam
1647 838 1663 856 a
1677 837 1724 857 vo-

33 871 272 910 κεχωρισμένον
293 875 340 901 τοῦ
356 874 503 911 Πατρικοῧ.
526 874 587 905 Πῶς
602 873 629 901 δὲ
649 873 759 910 ἔμελλον
775 875 866 911 γνῶναι

960 876 1030 899 ntate
1039 873 1135 901 Patris.
1149 873 1296 908 Quomodo
1306 878 1397 902 autem
1406 874 1543 910 cognituri
1554 878 1622 902 sunt
1634 874 1725 909 ipsum

34 914 134 943 αὐτὸν
167 917 202 944 ἐν
227 918 266 957 τῷ
283 920 404 958 σταυρῷ,
422 917 485 946 Ἀπὸ
505 919 556 946 τῶν
579 916 699 954 σημείων
723 919 776 946 τῶν
799 931 872 954 τηνι-

37 961 143 988 ια’ὖτα
157 982 166 996 ,
189 962 249 990 ἀπὸ
263 964 309 997 τῆς
324 961 493 995 ἀναστάσεως
510 962 611 997 καὶτῆς
623 961 760 995 ἁλώσεως.
776 965 872 993 Ταῦτα

36 1004 99 1042 γὰρ
131 1004 239 1034 πάντα
276 1007 356 1035 ἱκανὰ
382 1003 413 1042 ἧν
442 1007 558 1046 ἐμφῆναι
595 1006 644 1042 τὴν
671 1007 747 1046 ἰσχὺν
779 1009 871 1038 αὐτοῦ.

38 1047 224 1088 Ἀμφότιρα
241 1051 326 1080 τοίνυν
343 1051 494 1091 γνώσεσθε,
513 1051 559 1080 καὶ
573 1050 621 1086 τὴν
637 1050 714 1091 ἰσχὺν
729 1051 778 1087 τὴν
794 1053 872 1090 ἐμὴν,

40 1091 117 1121 ὅταν
144 1094 332 1134 σταυρώσητέ
352 1107 400 1134 με,
420 1096 464 1124 καὶ
481 1096 527 1132 τὴν
549 1096 674 1132 ὁμόνοιαν
688 1096 736 1131 τὴν
749 1097 813 1136 πρὸς
828 1098 872 1128 τὸν

42 1139 193 1183 Πατέρα.
224 1142 266 1170 Οὐ
281 1140 331 1180 γὰρ
348 1141 379 1170 ἂν
393 1143 406 1170 ὁ
423 1141 519 1180 Πατὴρ
535 1140 700 1176 ἢέξεδίκησέ
715 1154 747 1179 με
759 1164 766 1178 ,
783 1155 872 1183 παρα-

45 1182 115 1216 δοὺς
137 1184 195 1220 τὴν
218 1185 296 1214 πόλιν
320 1187 393 1223 ὑμῶν
419 1190 472 1218 τοῖς
496 1186 660 1223 Ῥωμαίοις,
685 1186 701 1222 ἢ
725 1193 823 1225 σημεῖα
845 1189 871 1217 ἐν

45 1229 91 1266 τῷ
121 1232 246 1269 σταυρῷ
271 1231 404 1265 ἐπετέλει,
425 1231 500 1267 εἰμὴ
527 1230 590 1264 Υἱὸς
611 1230 685 1267 ἤμην
712 1232 809 1269 αὐτοῦ,
826 1233 872 1262 χαὶ

48 1273 256 1312 ὁμογνώμων,
282 1275 339 1303 ἀλλ’
361 1276 408 1304 οὐχ
426 1275 552 1308 ἀντίθεος.
577 1275 646 1305 Τότε
672 1271 716 1304 οὖν
744 1276 847 1307 εἴσεσθε
862 1300 870 1316 ,

49 1316 96 1345 ὅτι
114 1317 173 1346 ὅσα
201 1319 320 1348 διδάσκω
342 1320 386 1348 καὶ
415 1319 500 1359 λέγω,
523 1321 569 1349 ἀπ’
597 1320 695 1349 ἐκείνου
723 1320 788 1357 εἰσὶ,
815 1325 871 1351 θεῖα

51 1361 173 1395 πάντως
203 1363 250 1392 καὶ
268 1364 338 1394 Θεοῦ
356 1364 479 1404 ῥήματα,
503 1365 548 1394 καὶ
572 1367 619 1394 οὐχ
643 1364 715 1403 ἐμὰ,
737 1365 807 1396 ἀλλὰ
822 1370 870 1396 τοῦ

51 1406 226 1446 πέμψαντός
250 1421 292 1447 με.
311 1405 378 1439 Εἶτα
402 1409 445 1438 ἵνα
459 1409 496 1448 μὴ
514 1409 677 1448 νομίσωσιν,
698 1410 738 1439 ὅτι
753 1410 784 1440 τὸ
798 1423 869 1450 πεμ-

54 1453 161 1491 φθῆναι
190 1452 238 1481 καὶ
265 1454 447 1488 ἀποσταλῆναι
477 1454 568 1494 ὕφεσιν
592 1455 687 1492 δηλοῖ,
714 1456 813 1495 φησὶν,
830 1457 870 1486 ὅτι

57 1507 74 1522 ιι
90 1495 128 1525 Ὁ
149 1497 252 1536 Πατήρ
268 1510 318 1535 μου
333 1498 390 1535 μετ’
407 1501 470 1536 ἐμοῦ
487 1501 568 1528 ἐστιν.
585 1510 599 1526 ι)
620 1501 651 1529 lii
669 1500 720 1538 γὰρ
739 1502 783 1529 καὶ
802 1501 867 1530 ἀπέ-

57 1541 152 1569 στειλέ
179 1554 216 1579 με
248 1544 283 1575 ὡς
308 1542 462 1582 ἄνθρωπον,
489 1543 549 1572 ἀλλ’
573 1539 618 1573 οὖν
646 1545 692 1573 οὐχ
720 1545 867 1584 ἐχωρίσθην
885 1554 907 1586 c

58 1585 146 1614 αὐτοῦ
159 1609 168 1624 ,
187 1587 260 1616 ἀλλὰ
277 1589 334 1625 μετ’
351 1589 414 1625 ἐμοῦ
439 1590 511 1617 ἐστιν
522 1611 529 1624 ,
551 1589 586 1621 ὡς
601 1588 669 1621 Θεὸς
693 1590 755 1629 Θεῷ
770 1590 865 1622 συνών,

61 1628 129 1659 Ἐπὶ
145 1630 178 1659 τὸ
201 1633 388 1671 ταπεινότερον
412 1633 440 1662 δὲ
466 1633 546 1662 πάλιν
568 1633 612 1662 τὸν
629 1633 705 1670 λόγον
726 1635 870 1674 κατάγων,

60 1675 147 1714 φησὶ,
168 1688 184 1702 α
200 1676 254 1706 Καὶ
269 1678 315 1706 οὐχ
335 1677 420 1715 ἀφῆκέ
437 1689 469 1715 με
486 1677 562 1716 μόνον
575 1700 582 1713 ,
600 1677 639 1707 ὅτι
656 1677 708 1716 ἐγὼ
723 1679 757 1708 τὰ
772 1681 870 1719 ἀρεστὰ

63 1719 138 1759 αὖτῷ
153 1722 237 1750 ποιῶ.
254 1736 264 1746 -
281 1721 331 1751 Διὰ
345 1722 403 1755 τοὺς
416 1723 559 1755 Ἰουδαίους
573 1723 599 1752 δὲ
615 1726 698 1752 ταῦτα
714 1723 747 1752 τὰ
758 1727 870 1755 ταπεινὰ

62 1764 222 1802 φθέγγεται.
237 1765 315 1796 Ἐπεὶ
331 1766 382 1806 γὰρ
393 1767 484 1806 ἔλεγον
501 1768 612 1802 ἐκεῖνοι,
638 1769 677 1796 δτι
699 1780 712 1795 (ι
729 1771 787 1798 Οὐκ
799 1770 868 1800 ἔστιν

64 1809 95 1836 ἐκ
117 1812 167 1837 τοῦ
195 1810 283 1848 Θεοῦ,
304 1810 344 1840 ὅτι
364 1812 394 1841 τὸ
420 1811 562 1842 Σάϐϐατον
591 1812 620 1841 οὐ
645 1817 726 1851 τηρεῐ’
751 1827 763 1838 ιο
779 1814 868 1852 φησίν·

62 1850 132 1882 Ὅτι
146 1853 182 1883 τὰ
199 1855 300 1894 ἀρεστὰ
317 1857 388 1896 αὐτῷ
400 1859 480 1886 ποιῶ.
496 1871 507 1882 ιι
523 1855 612 1886 Ὥστε
623 1856 672 1885 κᾶν
685 1857 713 1886 τὸ
726 1858 869 1888 Σάϐϐατον

63 1896 122 1926 λύω
133 1921 141 1934 ,
161 1899 275 1938 ἀρεστὸν
292 1901 362 1940 αὐτῷ
374 1905 460 1931 τοῦτο.
483 1901 534 1930 Ἐκ
553 1901 652 1930 τούτων
668 1901 694 1930 δὲ
710 1904 761 1931 τῶν
776 1915 869 1932 ταπει-

66 1943 119 1970 νῶν
137 1944 270 1982 ῥημάτων
294 1946 371 1978 αὐτὸς
394 1945 442 1983 μὲν
465 1945 537 1975 οὐδὲν
555 1945 712 1982 ἐλυμαίνετο
726 1949 759 1985 τῇ
785 1949 868 1988 οἰκείᾳ

67 1986 145 2024 δόξῃ,
168 1989 224 2021 τοῖς
241 1989 266 2018 δὲ
285 1991 424 2019 ἄχοῦουσιν
444 1991 573 2029 ὠφέλειαν
601 1991 699 2026 ἐποίει,
718 1993 819 2029 μᾶλλον
842 1993 868 2022 δὲ

69 2031 113 2059 καὶ
129 2032 177 2068 τήν
195 2033 271 2067 δόξαν
289 2036 370 2063 αὐτοῦ
387 2035 497 2064 συνίστα
511 2034 552 2064 διὰ
568 2035 670 2064 τούτου.
683 2038 718 2065 υἱ
731 2037 782 2076 γὰρ
794 2038 870 2067 ἀκού-

70 2085 140 2110 οντες
153 2078 236 2107 αὐτοῦ
249 2079 336 2108 πάντα
353 2081 387 2112 εἰς
398 2080 442 2108 τὸν
463 2079 572 2119 Πατέρα
595 2080 781 2120 ἀναφέροντος,
798 2084 867 2120 μᾶλ-

71 2120 114 2148 λον
141 2122 215 2161 αὐτῷ
248 2124 451 2162 προσετίθεντο,
475 2124 521 2153 καὶ
548 2125 686 2154 ἐπίστευον
711 2126 747 2158 εἰς
775 2127 866 2156 αὐτόν’

71 2163 139 2193 ὥστε
160 2166 194 2195 τὰ
216 2169 329 2197 ταπεινὰ
356 2170 458 2207 μᾶλλον
476 2168 557 2203 ὕψουν
582 2169 672 2198 αὐτόν.
727 2169 811 2211 ⁶Ορᾷς
835 2171 869 2201 τὰ

72 2211 268 2249 κατορθώματα
292 2215 338 2248 τῆς
366 2213 499 2253 μακαρίας
524 2214 729 2251 ταπεινώσεως;
751 2213 818 2246 Ὅτι
840 2217 866 2246 δὲ

73 2255 155 2283 ταῦτα
174 2256 257 2289 οὕτως
273 2257 328 2297 ἔχει
339 2279 347 2293 ,
363 2257 442 2287 ἄκουε
459 2260 510 2287 τῶν
523 2258 625 2298 ἐφεξῆς.

94 2317 97 2321 -
116 2309 130 2326 α
153 2301 249 2330 Ταῦτα
267 2302 346 2331 αὐτοῦ
363 2303 522 2338 λιλοῧντος,
547 2304 639 2333 πολλοὶ
660 2303 818 2333 ἐπίστευσαν
833 2307 869 2340 εἷς

76 2341 162 2374 αὐτόν.
179 2343 293 2384 Ἔλεγεν
314 2341 357 2375 οὖν
375 2349 389 2376 ὁ
408 2347 512 2383 Ἰησοῦς
528 2347 592 2387 πρὸς
613 2348 672 2381 τοὺς
692 2351 867 2379 πεπιστευκόο

76 2396 120 2419 τας
135 2390 206 2430 αὖτῷ
228 2391 380 2424 Ἰουδαίους·
403 2391 466 2420 Ἐὰν
482 2393 556 2430 ὑμεῖς
572 2393 681 2430 μείνητε
696 2395 722 2422 ἐν
741 2397 779 2434 τῷ
795 2396 867 2435 λόγῳ

76 2431 111 2478 τῷ
126 2433 194 2473 ἐμῷ,
219 2436 324 2471 ἀληθῶς
347 2436 466 2474 μαθηταί
491 2449 541 2474 μου
566 2437 644 2473 ἇστὲ,
672 2438 718 2467 καὶ
736 2431 867 2478 γνώσεσθε

78 2474 122 2522 fin!
145 2478 289 2522 ἀλήρεῐαν,
311 2481 354 2510 καὶ
375 2483 391 2516 ἡ
418 2482 530 2517 ἀλήθεια
549 2482 719 2521 ἐλευθερώσει
742 2474 823 2522 υμᾶς.
853 2498 864 2511 ιι

76 2516 161 2561 Ὅπερ
183 2519 274 2561 εἶπον,
297 2524 337 2554 ὅτι
363 2525 407 2554 διὰ
432 2529 485 2555 τῶν
514 2528 710 2567 ταπεινοτέρων
741 2529 867 2568 ῥημάτων

81 2565 173 2613 μᾶλλον
188 2568 320 2608 ὑπήγοντο
335 2571 358 2599 oi
372 2570 520 2609 ἀκροαταὶ,
543 2574 625 2600 τοῦτο
641 2565 687 2601 καὶ
704 2573 718 2600 ὁ
730 2565 864 2613 εὖαγγελι-

153 2613 364 2649 ἐπισημαίνεται.
382 2627 395 2641 α
410 2607 505 2645 Ταῦτα
523 2615 590 2655 γὰρ,
607 2616 703 2655 φησὶν,
719 2607 807 2646 aurai):
820 2619 868 2647 λα-

83 2654 192 2695 λοῦντος,
221 2659 315 2688 πολλοὶ
342 2659 512 2690 ἐπίστευσαν·
539 2673 554 2688 ι›
576 2664 664 2689 ταῦτα
691 2663 725 2690 τὰ
755 2663 867 2693 ταπεινὰ

87 2695 200 2736 ῥήματα,
222 2702 267 2731 καὶ
284 2703 375 2737 ἀνάξια
401 2704 477 2739 δῆθεν
501 2707 547 2740 τῆς
568 2705 643 2740 δόξης
665 2707 759 2735 αὐτοῦ.
777 2706 866 2736 Ὥστε

87 2749 211 2789 πανταχοῦ
223 2769 230 2783 ,
258 2747 320 2777 ὅταν
336 2748 432 2786 ἀκούῃς
450 2750 528 2778 αὐτοῦ
541 2750 621 2789 μικρά
641 2762 699 2779 τινα
710 2751 755 2780 καὶ
775 2752 868 2787 εὐτελῆ

89 2786 142 2836 τξιρὶ
163 2790 254 2836 ἑαυτοῦ
290 2792 425 2832 λέγοντος,
451 2793 488 2832 μὴ
513 2786 632 2834 θορυϐοῧ.
661 2795 711 2824 Διὰ
735 2795 785 2836 γὰρ
809 2786 868 2830 τοὺς

92 2830 211 2871 ἀκροατὰς
230 2839 314 2867 ταῦτα
328 2830 498 2879 ηφθέγγεται,
522 2830 558 2878 pii
585 2830 745 2879 δυναμένους
765 2830 867 2882 ὗψηλό-

885 2238 909 2269 D

928 916 956 944 in
967 920 1065 946 cruce?
1074 918 1097 945 Α
1110 918 1194 954 signis
1204 927 1265 954 qua:
1277 923 1342 946 tunc
1354 919 1429 954 fient,
1445 923 1472 946 et
1484 928 1498 946 a
1510 919 1723 953 resurrectione,

926 965 954 989 et
971 962 1128 997 captivitate
1142 973 1149 991 :
1165 964 1256 990 omnia
1272 963 1346 991 enim
1361 964 1420 992 haec
1436 968 1564 999 poterant
1583 963 1722 992 declarare

924 1006 983 1041 ejus
999 1006 1200 1035 fortitudinem.
1223 1009 1380 1044 Utrumque
1403 1009 1485 1043 igitur
1499 1009 1602 1042 scietis,
1623 1013 1651 1035 et
1665 1007 1724 1036 for-

926 1051 1073 1079 titudinem
1088 1059 1177 1080 meam
1201 1052 1312 1088 quando
1331 1053 1519 1080 crucifixeritis
1535 1061 1588 1085 me,
1614 1057 1641 1080 et
1655 1061 1723 1080 con-

926 1096 1047 1124 cordiam
1068 1104 1161 1124 meam
1175 1105 1237 1124 cum
1252 1099 1342 1125 Patre.
1357 1099 1452 1134 Neque
1467 1098 1540 1126 enim
1555 1099 1634 1125 Pater
1652 1097 1726 1126 ultus

926 1145 999 1168 esset
1016 1149 1059 1169 me
1082 1141 1145 1169 data
1171 1142 1281 1170 civitate
1304 1146 1392 1170 vestra
1417 1143 1560 1176 Romanis,
1584 1143 1625 1170 vel
1647 1143 1723 1177 signa

927 1185 954 1212 in
968 1193 1049 1213 cruce
1066 1186 1184 1218 fecisset,
1198 1187 1247 1214 nisi
1265 1187 1348 1215 Filius
1361 1187 1422 1223 ejus
1435 1196 1536 1221 essem,
1555 1192 1582 1215 et
1600 1187 1725 1224 ejusdem

926 1231 1080 1263 sementim,
1105 1235 1133 1258 et
1155 1239 1210 1259 non
1232 1232 1395 1260 contrarius.
1419 1233 1498 1260 Tunc
1525 1232 1608 1268 igitur
1633 1232 1725 1260 scietis

926 1274 1000 1310 quod
1015 1283 1077 1310 qua?
1089 1275 1176 1303 doceo
1189 1280 1216 1304 et
1226 1277 1298 1309 dico,
1313 1277 1347 1304 ab
1356 1277 1402 1304 illo
1414 1277 1480 1311 sint,
1495 1277 1587 1305 divina
1600 1278 1724 1310 omnino,

926 1323 953 1347 et
968 1320 1048 1347 verba
1063 1321 1112 1347 Dei
1131 1329 1138 1348 :
1154 1329 1186 1348 ac
1207 1329 1262 1348 non
1278 1329 1339 1349 mea
1351 1343 1358 1355 ,
1373 1321 1420 1349 sed
1436 1321 1495 1357 ejus
1509 1322 1556 1358 qui
1576 1322 1653 1349 misit
1667 1329 1721 1349 me.

925 1364 1028 1391 Deinde
1037 1369 1067 1392 ut
1077 1373 1110 1392 ne
1118 1369 1213 1400 putent
1222 1366 1307 1400 quod,
1317 1366 1432 1394 missum
1441 1374 1511 1399 esse,
1523 1366 1722 1402 subjectionem

924 1408 1072 1443 signiﬁcet,
1087 1410 1151 1437 dicit
1168 1420 1174 1437 :
1199 1420 1212 1436 ι(
1229 1411 1308 1438 Pater
1323 1419 1402 1439 meus
1418 1419 1526 1439 mecum
1542 1415 1593 1439 est.
1621 1423 1634 1435 ι»
1651 1412 1723 1438 Nam

924 1454 1050 1489 quamvis
1066 1455 1174 1482 miserit
1188 1463 1233 1482 me
1248 1459 1278 1483 ut
1293 1455 1448 1488 hominem,
1464 1463 1518 1483 non
1532 1460 1628 1484 tamen
1643 1463 1721 1491 sepa-

924 1502 999 1526 ratus
1017 1507 1080 1526 sum
1093 1499 1127 1526 ab
1149 1507 1193 1531 eo,
1217 1499 1265 1527 sed
1281 1508 1379 1528 mecun
1395 1501 1440 1528 ille
1455 1505 1507 1535 est,
1523 1505 1553 1528 ut
1569 1502 1643 1528 Deus
1656 1508 1721 1528 cum

926 1543 994 1570 Deo.
1013 1544 1045 1571 Et
1058 1543 1158 1571 iterum
1179 1544 1214 1572 ad
1229 1544 1378 1572 humiliora
1393 1553 1552 1573 sermonem
1567 1545 1722 1578 deducens,

925 1588 1014 1623 inquit
1029 1599 1035 1615 :
1054 1599 1067 1612 α
1086 1590 1118 1616 Et
1130 1597 1183 1616 non
1197 1589 1300 1617 dimisit
1311 1598 1354 1617 me
1369 1590 1470 1623 solum,
1485 1590 1547 1626 quia
1557 1598 1608 1626 ego
1622 1590 1720 1626 placita

926 1632 963 1659 illi
991 1632 1068 1660 facio.
1095 1643 1109 1658 ››
1134 1634 1248 1669 Propter
1269 1634 1383 1662 Judaeos
1406 1640 1498 1662 autem
1526 1639 1583 1662 tam
1608 1635 1722 1662 humilia

924 1677 1005 1704 verba
1020 1677 1150 1712 loquitur.
1164 1679 1232 1713 Quia
1247 1680 1322 1706 enim
1335 1679 1374 1706 illi
1389 1679 1516 1707 dicebant
1528 1679 1602 1715 quod
1618 1687 1674 1707 non
1686 1679 1723 1706 sit

924 1729 956 1748 ex
972 1723 1040 1754 Deo,
1062 1722 1124 1757 quia
1140 1724 1290 1750 Sabbatum
1306 1731 1360 1751 non
1382 1728 1491 1752 servat:
1509 1723 1586 1756 dicit,
1616 1733 1629 1749 α
1652 1723 1722 1758 Quia

925 1773 986 1801 qua:
1011 1765 1177 1802 beneplacita
1192 1771 1259 1795 sunt
1281 1768 1330 1802 illi,
1348 1767 1430 1801 facio;
1449 1780 1461 1792 ι
1487 1773 1515 1796 et
1537 1769 1578 1796 ita
1599 1768 1723 1804 quamvis

924 1810 1075 1838 Sabbatum
1099 1812 1213 1844 solvam,
1238 1812 1367 1847 placitum
1398 1813 1450 1840 hoc
1473 1813 1511 1840 illi
1534 1817 1584 1841 est.
1612 1814 1650 1840 Ex
1679 1813 1723 1840 his

924 1859 1016 1882 autem
1039 1855 1188 1883 humilibus
1203 1857 1292 1884 verbis
1311 1857 1369 1892 ipse
1391 1857 1503 1893 quidem
1520 1858 1587 1885 nihil
1603 1858 1723 1885 nocebat

923 1906 982 1926 sua:
994 1899 1096 1935 gloriae,
1112 1900 1284 1928 auditoribus
1296 1905 1389 1928 autem
1406 1902 1553 1929 utilitatem
1566 1901 1699 1928 afferebat
1714 1923 1720 1929 .

924 1943 981 1971 imo
1001 1947 1030 1971 et
1053 1944 1168 1980 gloriam
1184 1953 1263 1972 suam
1288 1953 1337 1981 per
1351 1945 1409 1973 haec
1432 1945 1623 1973 constituebat.
1650 1947 1721 1973 Nam

923 1988 1066 2016 audientes
1077 1997 1141 2017 eum
1161 1990 1234 2025 quod
1249 1990 1343 2018 omnia
1358 1991 1385 2018 in
1402 1992 1510 2018 Patrem
1526 1990 1650 2023 referret,
1666 1990 1717 2018 ad-

920 2033 1085 2069 jiciebantur
1100 2038 1127 2061 et
1150 2034 1300 2062 credebant
1324 2035 1354 2062 in
1374 2035 1460 2063 illum.
1487 2036 1523 2063 Et
1544 2035 1580 2063 ita
1606 2035 1721 2063 humilia

923 2078 1011 2114 magis
1049 2078 1206 2106 exaltabant
1247 2079 1336 2107 illum.

924 2121 1134 2151 humiliationis.

923 2168 1074 2203 sequentia.

1382 2079 1467 2107 Vides
1510 2087 1593 2116 opera
1634 2079 1722 2108 beatae

1173 2125 1209 2152 Et
1232 2125 1307 2160 quod
1333 2124 1392 2153 haec
1413 2125 1484 2153 sicse
1505 2124 1633 2159 habeant,
1656 2125 1721 2153 audi

960 2311 1053 2339 Vens.
1065 2314 1162 2339 30-32.
1178 2323 1190 2335 σι
1208 2313 1275 2340 Haec
1290 2312 1336 2340 illo
1351 2312 1493 2348 loquente,
1505 2312 1584 2341 multi
1598 2313 1722 2342 credide-

922 2360 988 2383 runt
999 2356 1027 2383 in
1041 2364 1113 2383 eum.
1132 2356 1247 2384 Dicebat
1261 2365 1325 2393 ergo
1337 2359 1418 2385 Jesus
1431 2357 1466 2386 ad
1480 2366 1528 2386 eos
1538 2359 1585 2394 qui
1599 2358 1720 2386 credide-

923 2405 984 2428 rant
993 2401 1044 2436 ipsi
1055 2401 1183 2429 Judmos:
1200 2402 1229 2429 Si
1239 2409 1286 2429 vos
1299 2402 1454 2430 manseritis
1469 2403 1495 2430 in
1510 2411 1637 2431 sermone
1648 2412 1721 2437 meo,

924 2453 986 2473 vere
1009 2445 1134 2481 diseipuli
1155 2447 1210 2473 mei
1232 2447 1307 2479 estis,
1323 2451 1351 2475 et
1371 2448 1544 2483 cognoscetis
1567 2449 1721 2481 veritatem,

923 2492 954 2517 et
965 2491 1064 2518 veritas
1077 2490 1176 2518 liberos
1191 2491 1286 2519 reddet
1301 2499 1356 2520 vos.
1374 2503 1387 2516 ι
1411 2492 1585 2521 Utdicebam
1605 2501 1653 2529 per
1673 2494 1722 2521 hu-

923 2533 999 2562 milia
1014 2535 1096 2562 verba
1111 2535 1196 2570 622
1213 2536 1303 2571 plures
1315 2536 1457 2564 advenisse
1479 2537 1629 2572 auditores,
1644 2538 1680 2565 ita
1695 2542 1723 2565 et

922 2579 1085 2615 evangelista
1099 2580 1244 2615 significat.
1274 2592 1286 2605 ι
1304 2583 1371 2609 Haec
1385 2582 1470 2616 enim,
1496 2582 1597 2618 inquit,
1621 2582 1666 2609 illo
1681 2582 1722 2609 lo-

923 2628 1035 2660 quente,
1051 2625 1130 2652 multi
1146 2625 1330 2653 crediderunt.
1346 2636 1360 2652 »
1389 2627 1457 2654 Haec
1481 2626 1593 2654 humilia
1608 2626 1722 2653 scillicet

923 2668 1015 2703 verba,
1032 2673 1059 2697 et
1073 2669 1181 2704 indigna
1197 2670 1290 2705 gloria:
1306 2679 1363 2699 suae
1379 2680 1385 2697 :
1400 2675 1427 2699 et
1442 2671 1478 2698 ita
1493 2679 1600 2706 semper
1610 2670 1721 2706 quando

922 2713 1001 2740 audis
1014 2721 1077 2741 eum
1098 2722 1211 2749 parvum
1225 2715 1355 2750 quiddam
1377 2720 1405 2743 et
1418 2715 1521 2743 humile
1541 2715 1574 2742 de
1589 2722 1618 2741 se
1633 2714 1720 2749 loqui,

923 2765 958 2784 ne
970 2757 1099 2785 turbcris.
1121 2759 1236 2794 Propter
1255 2759 1395 2787 auditores
1413 2760 1487 2786 enim
1508 2759 1572 2786 talia
1588 2758 1721 2794 loquitur,

923 2810 981 2830 non
999 2802 1117 2830 valentes
1130 2804 1276 2832 sublimius
1292 2803 1424 2840 quiddam
1438 2811 1549 2839 sapere,
1568 2803 1615 2832 sed
1626 2804 1722 2831 statim

924 2847 1093 2876 ferocientes.
1109 2848 1180 2883 Quid
1191 2853 1284 2877 autem
1295 2857 1351 2876 non
1361 2847 1494 2877 evenisset
1505 2849 1538 2876 iis
1552 2848 1597 2886 qui
1606 2848 1642 2876 ad
1656 2857 1724 2885 pro-
