  <div class='ocr_page' id='page_1' title='image "/cluster/home/n/w/nwhite01/storage/ocr_20150623/124/njp.32101010942728/025.png"; bbox 0 0 1910 3077; ppageno 0'>
   <div class='ocr_carea' id='block_1_1' title="bbox 182 169 1834 201">
    <p class='ocr_par' dir='ltr' id='par_1_1' title="bbox 182 169 1834 201">
     <span class='ocr_line' id='line_1_1' title="bbox 182 169 1834 201; baseline 0.002 -4"><span class='ocrx_word' id='word_1_1' title='bbox 182 174 215 201; x_wconf 86' lang='lat'><strong>23</strong></span> <span class='ocrx_word' id='word_1_2' title='bbox 687 169 942 198; x_wconf 77' lang='lat' dir='ltr'><strong>THEOPHYLACTI</strong></span> <span class='ocrx_word' id='word_1_3' title='bbox 962 170 1139 198; x_wconf 66' lang='lat' dir='ltr'><strong>BULGARle</strong></span> <span class='ocrx_word' id='word_1_4' title='bbox 1158 170 1316 197; x_wconf 82' lang='lat' dir='ltr'><strong>ARCHIEP.</strong></span> <span class='ocrx_word' id='word_1_5' title='bbox 1794 173 1834 200; x_wconf 59' lang='lat'><strong>25</strong></span> 
     </span>
    </p>
   </div>
   <div class='ocr_carea' id='block_1_2' title="bbox 179 232 983 274">
    <p class='ocr_par' dir='ltr' id='par_1_2' title="bbox 179 232 975 270">
     <span class='ocr_line' id='line_1_2' title="bbox 179 232 975 270; baseline -0.004 -7"><span class='ocrx_word' id='word_1_6' title='bbox 179 234 344 263; x_wconf 82' lang='lat' dir='ltr'><strong>funditatem</strong></span> <span class='ocrx_word' id='word_1_7' title='bbox 355 232 507 269; x_wconf 88' lang='lat' dir='ltr'><strong>theologici</strong></span> <span class='ocrx_word' id='word_1_8' title='bbox 525 233 694 261; x_wconf 83' lang='lat' dir='ltr'><strong>sacramenti</strong></span> <span class='ocrx_word' id='word_1_9' title='bbox 707 233 863 270; x_wconf 77' lang='lat' dir='ltr'><strong>pertingere</strong></span> <span class='ocrx_word' id='word_1_10' title='bbox 874 233 975 269; x_wconf 83' lang='lat' dir='ltr'><strong>nequi-</strong></span> 
     </span>
    </p>
   </div>
   <div class='ocr_carea' id='block_1_3' title="bbox 1058 232 1838 274">
    <p class='ocr_par' dir='ltr' id='par_1_3' title="bbox 1058 233 1838 274">
     <span class='ocr_line' id='line_1_3' title="bbox 1058 233 1838 274; baseline 0.001 -12"><span class='ocrx_word' id='word_1_11' title='bbox 1058 233 1107 272; x_wconf 79' lang='grc' dir='ltr'>ερόν</span> <span class='ocrx_word' id='word_1_12' title='bbox 1133 245 1160 262; x_wconf 87' lang='grc' dir='ltr'><strong>τι</strong></span> <span class='ocrx_word' id='word_1_13' title='bbox 1181 235 1293 271; x_wconf 77' lang='grc' dir='ltr'>νοῆσαι,</span> <span class='ocrx_word' id='word_1_14' title='bbox 1310 233 1370 262; x_wconf 85' lang='grc' dir='ltr'>ἀλλ’</span> <span class='ocrx_word' id='word_1_15' title='bbox 1384 233 1457 266; x_wconf 81' lang='grc' dir='ltr'>εὐθὺς</span> <span class='ocrx_word' id='word_1_16' title='bbox 1473 233 1666 274; x_wconf 78' lang='grc' dir='ltr'>ἄγριαίνοντας,</span> <span class='ocrx_word' id='word_1_17' title='bbox 1684 234 1720 265; x_wconf 83' lang='grc' dir='ltr'>Τί</span> <span class='ocrx_word' id='word_1_18' title='bbox 1735 234 1765 264; x_wconf 85' lang='grc' dir='ltr'><strong>δὲ</strong></span> <span class='ocrx_word' id='word_1_19' title='bbox 1785 236 1838 264; x_wconf 75' lang='grc' dir='ltr'><strong>οὐχ</strong></span> 
     </span>
    </p>
   </div>
   <div class='ocr_carea' id='block_1_4' title="bbox 180 277 977 313">
    <p class='ocr_par' dir='ltr' id='par_1_4' title="bbox 180 277 977 313">
     <span class='ocr_line' id='line_1_4' title="bbox 180 277 977 313; baseline -0.001 -7"><span class='ocrx_word' id='word_1_20' title='bbox 180 279 293 312; x_wconf 82' lang='lat' dir='ltr'><strong>vissent,</strong></span> <span class='ocrx_word' id='word_1_21' title='bbox 308 286 373 306; x_wconf 90' lang='lat' dir='ltr'><strong>cum</strong></span> <span class='ocrx_word' id='word_1_22' title='bbox 390 281 419 305; x_wconf 88' lang='lat' dir='ltr'><strong>et</strong></span> <span class='ocrx_word' id='word_1_23' title='bbox 431 277 592 305; x_wconf 87' lang='lat' dir='ltr'><strong>christianis</strong></span> <span class='ocrx_word' id='word_1_24' title='bbox 608 278 739 304; x_wconf 77' lang='lat' dir='ltr'><strong>virtutem</strong></span> <span class='ocrx_word' id='word_1_25' title='bbox 754 277 812 313; x_wconf 85' lang='lat' dir='ltr'><strong>eius</strong></span> <span class='ocrx_word' id='word_1_26' title='bbox 827 285 977 313; x_wconf 90' lang='lat' dir='ltr'><strong>agnoscen-</strong></span> 
     </span>
    </p>
   </div>
   <div class='ocr_carea' id='block_1_5' title="bbox 179 322 979 358">
    <p class='ocr_par' dir='ltr' id='par_1_5' title="bbox 179 322 979 358">
     <span class='ocr_line' id='line_1_5' title="bbox 179 322 979 358; baseline -0.003 -7"><span class='ocrx_word' id='word_1_27' title='bbox 179 324 265 355; x_wconf 82' lang='lat' dir='ltr'><strong>tibus,</strong></span> <span class='ocrx_word' id='word_1_28' title='bbox 281 328 308 351; x_wconf 89' lang='lat' dir='ltr'><strong>et</strong></span> <span class='ocrx_word' id='word_1_29' title='bbox 327 330 376 358; x_wconf 91' lang='lat' dir='ltr'><strong>per</strong></span> <span class='ocrx_word' id='word_1_30' title='bbox 391 322 483 357; x_wconf 88' lang='lat' dir='ltr'><strong>ipsum</strong></span> <span class='ocrx_word' id='word_1_31' title='bbox 497 322 617 355; x_wconf 89' lang='lat' dir='ltr'><strong>salvatis,</strong></span> <span class='ocrx_word' id='word_1_32' title='bbox 632 322 789 350; x_wconf 81' lang='lat' dir='ltr'><strong>sublimitas</strong></span> <span class='ocrx_word' id='word_1_33' title='bbox 809 322 904 358; x_wconf 72' lang='lat' dir='ltr'><strong>glorias</strong></span> <span class='ocrx_word' id='word_1_34' title='bbox 919 322 979 358; x_wconf 88' lang='lat' dir='ltr'><strong>ejus</strong></span> 
     </span>
    </p>
   </div>
   <div class='ocr_carea' id='block_1_6' title="bbox 179 366 979 404">
    <p class='ocr_par' dir='ltr' id='par_1_6' title="bbox 179 366 979 404">
     <span class='ocr_line' id='line_1_6' title="bbox 179 366 979 404; baseline -0.003 -8"><span class='ocrx_word' id='word_1_35' title='bbox 179 367 402 404; x_wconf 88' lang='lat' dir='ltr'><strong>impertingibilis</strong></span> <span class='ocrx_word' id='word_1_36' title='bbox 412 367 465 394; x_wconf 79' lang='lat' dir='ltr'><strong>sit?</strong></span> <span class='ocrx_word' id='word_1_37' title='bbox 476 366 602 394; x_wconf 79' lang='lat' dir='ltr'><strong>Audiens</strong></span> <span class='ocrx_word' id='word_1_38' title='bbox 614 370 705 394; x_wconf 86' lang='lat' dir='ltr'><strong>autem</strong></span> <span class='ocrx_word' id='word_1_39' title='bbox 718 366 793 402; x_wconf 90' lang='lat' dir='ltr'><strong>quod</strong></span> <span class='ocrx_word' id='word_1_40' title='bbox 803 367 882 394; x_wconf 87' lang='lat' dir='ltr'><strong>multi</strong></span> <span class='ocrx_word' id='word_1_41' title='bbox 892 367 979 394; x_wconf 88' lang='lat' dir='ltr'><strong>credi-</strong></span> 
     </span>
    </p>
   </div>
   <div class='ocr_carea' id='block_1_7' title="bbox 181 411 979 447">
    <p class='ocr_par' dir='ltr' id='par_1_7' title="bbox 181 411 979 447">
     <span class='ocr_line' id='line_1_7' title="bbox 181 411 979 447; baseline -0.004 -6"><span class='ocrx_word' id='word_1_42' title='bbox 181 413 280 446; x_wconf 82' lang='lat' dir='ltr'><strong>derint,</strong></span> <span class='ocrx_word' id='word_1_43' title='bbox 302 412 342 439; x_wconf 88' lang='lat' dir='ltr'><strong>sic</strong></span> <span class='ocrx_word' id='word_1_44' title='bbox 360 411 490 447; x_wconf 89' lang='lat' dir='ltr'><strong>intellige,</strong></span> <span class='ocrx_word' id='word_1_45' title='bbox 506 411 582 447; x_wconf 91' lang='lat' dir='ltr'><strong>quod</strong></span> <span class='ocrx_word' id='word_1_46' title='bbox 597 411 742 447; x_wconf 87' lang='lat' dir='ltr'><strong>vulgariter</strong></span> <span class='ocrx_word' id='word_1_47' title='bbox 762 411 937 444; x_wconf 74' lang='lat' dir='ltr'><strong>crediderint,</strong></span> <span class='ocrx_word' id='word_1_48' title='bbox 952 415 979 438; x_wconf 87' lang='lat' dir='ltr'><strong>et</strong></span> 
     </span>
    </p>
   </div>
   <div class='ocr_carea' id='block_1_8' title="bbox 182 455 979 491">
    <p class='ocr_par' dir='ltr' id='par_1_8' title="bbox 182 455 979 491">
     <span class='ocr_line' id='line_1_8' title="bbox 182 455 979 491; baseline -0.003 -6"><span class='ocrx_word' id='word_1_49' title='bbox 182 465 240 485; x_wconf 89' lang='lat' dir='ltr'><strong>non</strong></span> <span class='ocrx_word' id='word_1_50' title='bbox 263 461 294 484; x_wconf 91' lang='lat' dir='ltr'><strong>ut</strong></span> <span class='ocrx_word' id='word_1_51' title='bbox 321 456 476 491; x_wconf 79' lang='lat' dir='ltr'><strong>oportebat,</strong></span> <span class='ocrx_word' id='word_1_52' title='bbox 500 456 546 484; x_wconf 89' lang='lat' dir='ltr'><strong>sed</strong></span> <span class='ocrx_word' id='word_1_53' title='bbox 567 455 639 483; x_wconf 84' lang='lat' dir='ltr'><strong>sicut</strong></span> <span class='ocrx_word' id='word_1_54' title='bbox 660 460 688 483; x_wconf 89' lang='lat' dir='ltr'><strong>et</strong></span> <span class='ocrx_word' id='word_1_55' title='bbox 702 456 800 491; x_wconf 82' lang='lat' dir='ltr'><strong>placati</strong></span> <span class='ocrx_word' id='word_1_56' title='bbox 818 460 846 484; x_wconf 91' lang='lat' dir='ltr'><strong>et</strong></span> <span class='ocrx_word' id='word_1_57' title='bbox 862 455 979 484; x_wconf 87' lang='lat' dir='ltr'><strong>demulsi</strong></span> 
     </span>
    </p>
   </div>
   <div class='ocr_carea' id='block_1_9' title="bbox 182 500 980 537">
    <p class='ocr_par' dir='ltr' id='par_1_9' title="bbox 182 500 980 537">
     <span class='ocr_line' id='line_1_9' title="bbox 182 500 980 537; baseline -0.003 -7"><span class='ocrx_word' id='word_1_58' title='bbox 182 502 331 530; x_wconf 84' lang='lat' dir='ltr'><strong>verborum</strong></span> <span class='ocrx_word' id='word_1_59' title='bbox 352 500 508 528; x_wconf 80' lang='lat' dir='ltr'><strong>humilitate</strong></span> <span class='ocrx_word' id='word_1_60' title='bbox 533 510 540 528; x_wconf 88' lang='lat'><strong>:</strong></span> <span class='ocrx_word' id='word_1_61' title='bbox 558 500 632 537; x_wconf 89' lang='lat' dir='ltr'><strong>quod</strong></span> <span class='ocrx_word' id='word_1_62' title='bbox 644 505 737 528; x_wconf 88' lang='lat' dir='ltr'><strong>autem</strong></span> <span class='ocrx_word' id='word_1_63' title='bbox 749 501 818 528; x_wconf 83' lang='lat' dir='ltr'><strong>tales</strong></span> <span class='ocrx_word' id='word_1_64' title='bbox 831 509 888 528; x_wconf 86' lang='lat' dir='ltr'><strong>non</strong></span> <span class='ocrx_word' id='word_1_65' title='bbox 901 505 980 528; x_wconf 88' lang='lat' dir='ltr'><strong>erant</strong></span> 
     </span>
    </p>
   </div>
   <div class='ocr_carea' id='block_1_10' title="bbox 182 545 977 581">
    <p class='ocr_par' dir='ltr' id='par_1_10' title="bbox 182 545 977 581">
     <span class='ocr_line' id='line_1_10' title="bbox 182 545 977 581; baseline -0.003 -6"><span class='ocrx_word' id='word_1_66' title='bbox 182 555 245 575; x_wconf 85' lang='lat' dir='ltr'><strong>vere</strong></span> <span class='ocrx_word' id='word_1_67' title='bbox 257 547 360 579; x_wconf 83' lang='lat' dir='ltr'><strong>ﬁdeles,</strong></span> <span class='ocrx_word' id='word_1_68' title='bbox 371 546 552 576; x_wconf 80' lang='lat' dir='ltr'><strong>manifestum</strong></span> <span class='ocrx_word' id='word_1_69' title='bbox 563 549 612 573; x_wconf 92' lang='lat' dir='ltr'><strong>est.</strong></span> <span class='ocrx_word' id='word_1_70' title='bbox 630 557 642 569; x_wconf 76' lang='grc' dir='ltr'><strong>ιι</strong></span> <span class='ocrx_word' id='word_1_71' title='bbox 654 545 768 573; x_wconf 87' lang='lat' dir='ltr'><strong>Dicebat</strong></span> <span class='ocrx_word' id='word_1_72' title='bbox 780 546 864 579; x_wconf 85' lang='lat' dir='ltr'><strong>enim,</strong></span> <span class='ocrx_word' id='word_1_73' title='bbox 875 546 977 581; x_wconf 85' lang='lat' dir='ltr'><strong>inquit,</strong></span> 
     </span>
    </p>
   </div>
   <div class='ocr_carea' id='block_1_11' title="bbox 183 590 981 628">
    <p class='ocr_par' dir='ltr' id='par_1_11' title="bbox 183 590 981 628">
     <span class='ocr_line' id='line_1_11' title="bbox 183 590 981 628; baseline -0.003 -8"><span class='ocrx_word' id='word_1_74' title='bbox 183 592 217 620; x_wconf 86' lang='lat' dir='ltr'><strong>ad</strong></span> <span class='ocrx_word' id='word_1_75' title='bbox 230 600 278 620; x_wconf 89' lang='lat' dir='ltr'><strong>eos</strong></span> <span class='ocrx_word' id='word_1_76' title='bbox 294 593 340 628; x_wconf 87' lang='lat' dir='ltr'><strong>qui</strong></span> <span class='ocrx_word' id='word_1_77' title='bbox 356 591 529 621; x_wconf 81' lang='lat' dir='ltr'><strong>crediderant</strong></span> <span class='ocrx_word' id='word_1_78' title='bbox 543 590 656 618; x_wconf 74' lang='lat' dir='ltr'><strong>Iudaeos</strong></span> <span class='ocrx_word' id='word_1_79' title='bbox 679 600 685 617; x_wconf 95' lang='lat'>:</span> <span class='ocrx_word' id='word_1_80' title='bbox 702 590 730 617; x_wconf 94' lang='lat' dir='ltr'><strong>Si</strong></span> <span class='ocrx_word' id='word_1_81' title='bbox 752 598 799 618; x_wconf 91' lang='lat' dir='ltr'><strong>vos</strong></span> <span class='ocrx_word' id='word_1_82' title='bbox 822 591 981 618; x_wconf 84' lang='lat' dir='ltr'><strong>manseritis</strong></span> 
     </span>
    </p>
   </div>
   <div class='ocr_carea' id='block_1_12' title="bbox 182 635 981 671">
    <p class='ocr_par' dir='ltr' id='par_1_12' title="bbox 182 635 981 671">
     <span class='ocr_line' id='line_1_12' title="bbox 182 635 981 671; baseline -0.001 -7"><span class='ocrx_word' id='word_1_83' title='bbox 182 637 346 671; x_wconf 80' lang='lat' dir='ltr'><strong>insermone</strong></span> <span class='ocrx_word' id='word_1_84' title='bbox 359 645 434 665; x_wconf 89' lang='lat' dir='ltr'><strong>meo.</strong></span> <span class='ocrx_word' id='word_1_85' title='bbox 453 648 465 659; x_wconf 78' lang='grc' dir='ltr'><strong>υ</strong></span> <span class='ocrx_word' id='word_1_86' title='bbox 479 635 619 671; x_wconf 84' lang='lat' dir='ltr'><strong>Signiﬁcat</strong></span> <span class='ocrx_word' id='word_1_87' title='bbox 631 635 704 663; x_wconf 89' lang='lat' dir='ltr'><strong>enim</strong></span> <span class='ocrx_word' id='word_1_88' title='bbox 714 642 762 662; x_wconf 92' lang='lat' dir='ltr'><strong>eos</strong></span> <span class='ocrx_word' id='word_1_89' title='bbox 776 635 981 670; x_wconf 87' lang='lat' dir='ltr'><strong>superﬁcialiter</strong></span> 
     </span>
    </p>
   </div>
   <div class='ocr_carea' id='block_1_13' title="bbox 183 679 977 717">
    <p class='ocr_par' dir='ltr' id='par_1_13' title="bbox 183 679 977 717">
     <span class='ocr_line' id='line_1_13' title="bbox 183 679 977 717; baseline -0.003 -8"><span class='ocrx_word' id='word_1_90' title='bbox 183 681 330 715; x_wconf 87' lang='lat' dir='ltr'><strong>creddisse,</strong></span> <span class='ocrx_word' id='word_1_91' title='bbox 356 686 383 709; x_wconf 89' lang='lat' dir='ltr'><strong>et</strong></span> <span class='ocrx_word' id='word_1_92' title='bbox 405 685 548 717; x_wconf 82' lang='lat' dir='ltr'><strong>propterea</strong></span> <span class='ocrx_word' id='word_1_93' title='bbox 568 687 625 707; x_wconf 89' lang='lat' dir='ltr'><strong>non</strong></span> <span class='ocrx_word' id='word_1_94' title='bbox 647 687 840 715; x_wconf 86' lang='lat' dir='ltr'><strong>permansuros</strong></span> <span class='ocrx_word' id='word_1_95' title='bbox 864 680 893 707; x_wconf 91' lang='lat' dir='ltr'><strong>in</strong></span> <span class='ocrx_word' id='word_1_96' title='bbox 917 679 977 707; x_wconf 92' lang='lat' dir='ltr'><strong>ﬁde.</strong></span> 
     </span>
    </p>
   </div>
   <div class='ocr_carea' id='block_1_14' title="bbox 183 723 980 761">
    <p class='ocr_par' dir='ltr' id='par_1_14' title="bbox 183 723 980 761">
     <span class='ocr_line' id='line_1_14' title="bbox 183 723 980 761; baseline -0.004 -7"><span class='ocrx_word' id='word_1_97' title='bbox 183 726 243 753; x_wconf 86' lang='lat' dir='ltr'><strong>Hac</strong></span> <span class='ocrx_word' id='word_1_98' title='bbox 258 734 366 761; x_wconf 89' lang='lat' dir='ltr'><strong>quoque</strong></span> <span class='ocrx_word' id='word_1_99' title='bbox 388 724 599 761; x_wconf 87' lang='lat' dir='ltr'><strong>reprehensione</strong></span> <span class='ocrx_word' id='word_1_100' title='bbox 614 723 714 751; x_wconf 90' lang='lat' dir='ltr'><strong>indicat</strong></span> <span class='ocrx_word' id='word_1_101' title='bbox 728 731 758 751; x_wconf 91' lang='lat' dir='ltr'><strong>se</strong></span> <span class='ocrx_word' id='word_1_102' title='bbox 772 731 853 752; x_wconf 85' lang='lat' dir='ltr'><strong>nosse</strong></span> <span class='ocrx_word' id='word_1_103' title='bbox 868 724 980 752; x_wconf 87' lang='lat' dir='ltr'><strong>illorum</strong></span> 
     </span>
    </p>
   </div>
   <div class='ocr_carea' id='block_1_15' title="bbox 182 769 981 806">
    <p class='ocr_par' dir='ltr' id='par_1_15' title="bbox 182 769 981 806">
     <span class='ocr_line' id='line_1_15' title="bbox 182 769 981 806; baseline -0.003 -8"><span class='ocrx_word' id='word_1_104' title='bbox 182 774 304 806; x_wconf 82' lang='lat' dir='ltr'><strong>pectora,</strong></span> <span class='ocrx_word' id='word_1_105' title='bbox 327 770 441 806; x_wconf 90' lang='lat' dir='ltr'><strong>etquod</strong></span> <span class='ocrx_word' id='word_1_106' title='bbox 455 769 490 796; x_wconf 86' lang='lat' dir='ltr'><strong>sit</strong></span> <span class='ocrx_word' id='word_1_107' title='bbox 512 771 593 796; x_wconf 86' lang='lat' dir='ltr'><strong>Deus.</strong></span> <span class='ocrx_word' id='word_1_108' title='bbox 620 769 690 804; x_wconf 92' lang='lat' dir='ltr'><strong>Quia</strong></span> <span class='ocrx_word' id='word_1_109' title='bbox 711 772 803 796; x_wconf 90' lang='lat' dir='ltr'><strong>autem</strong></span> <span class='ocrx_word' id='word_1_110' title='bbox 819 773 846 796; x_wconf 91' lang='lat' dir='ltr'><strong>et</strong></span> <span class='ocrx_word' id='word_1_111' title='bbox 859 777 981 796; x_wconf 84' lang='lat' dir='ltr'><strong>recesse-</strong></span> 
     </span>
    </p>
   </div>
   <div class='ocr_carea' id='block_1_16' title="bbox 182 812 982 851">
    <p class='ocr_par' dir='ltr' id='par_1_16' title="bbox 182 812 982 851">
     <span class='ocr_line' id='line_1_16' title="bbox 182 812 982 851; baseline -0.003 -9"><span class='ocrx_word' id='word_1_112' title='bbox 182 819 246 842; x_wconf 85' lang='lat' dir='ltr'><strong>rant</strong></span> <span class='ocrx_word' id='word_1_113' title='bbox 269 815 384 851; x_wconf 90' lang='lat' dir='ltr'><strong>quidam</strong></span> <span class='ocrx_word' id='word_1_114' title='bbox 407 814 453 850; x_wconf 87' lang='lat' dir='ltr'><strong>qui</strong></span> <span class='ocrx_word' id='word_1_115' title='bbox 478 814 552 849; x_wconf 87' lang='lat' dir='ltr'><strong>prius</strong></span> <span class='ocrx_word' id='word_1_116' title='bbox 575 812 741 848; x_wconf 86' lang='lat' dir='ltr'><strong>putabantur</strong></span> <span class='ocrx_word' id='word_1_117' title='bbox 767 812 894 848; x_wconf 88' lang='lat' dir='ltr'><strong>discipuli</strong></span> <span class='ocrx_word' id='word_1_118' title='bbox 922 813 982 849; x_wconf 89' lang='lat' dir='ltr'><strong>ejus</strong></span> 
     </span>
    </p>
   </div>
   <div class='ocr_carea' id='block_1_17' title="bbox 184 857 982 893">
    <p class='ocr_par' dir='ltr' id='par_1_17' title="bbox 184 857 982 893">
     <span class='ocr_line' id='line_1_17' title="bbox 184 857 982 893; baseline -0.003 -7"><span class='ocrx_word' id='word_1_119' title='bbox 184 867 254 893; x_wconf 89' lang='lat' dir='ltr'><strong>esse,</strong></span> <span class='ocrx_word' id='word_1_120' title='bbox 275 859 335 888; x_wconf 92' lang='lat' dir='ltr'><strong>ideo</strong></span> <span class='ocrx_word' id='word_1_121' title='bbox 348 859 383 887; x_wconf 87' lang='lat' dir='ltr'><strong>ad</strong></span> <span class='ocrx_word' id='word_1_122' title='bbox 398 867 446 886; x_wconf 93' lang='lat' dir='ltr'><strong>eos</strong></span> <span class='ocrx_word' id='word_1_123' title='bbox 467 860 513 893; x_wconf 90' lang='lat' dir='ltr'><strong>qui</strong></span> <span class='ocrx_word' id='word_1_124' title='bbox 527 866 601 885; x_wconf 92' lang='lat' dir='ltr'><strong>nunc</strong></span> <span class='ocrx_word' id='word_1_125' title='bbox 615 857 805 891; x_wconf 82' lang='lat' dir='ltr'><strong>crediderunt,</strong></span> <span class='ocrx_word' id='word_1_126' title='bbox 821 857 888 885; x_wconf 85' lang='lat' dir='ltr'><strong>dicit</strong></span> <span class='ocrx_word' id='word_1_127' title='bbox 907 857 982 893; x_wconf 89' lang='lat' dir='ltr'><strong>quod</strong></span> 
     </span>
    </p>
   </div>
   <div class='ocr_carea' id='block_1_18' title="bbox 183 902 1019 949">
    <p class='ocr_par' dir='ltr' id='par_1_18' title="bbox 183 902 1019 949">
     <span class='ocr_line' id='line_1_18' title="bbox 183 902 1019 949; baseline -0.004 -17"><span class='ocrx_word' id='word_1_128' title='bbox 183 904 225 932; x_wconf 93' lang='lat' dir='ltr'><strong>llli</strong></span> <span class='ocrx_word' id='word_1_129' title='bbox 235 904 346 940; x_wconf 88' lang='lat' dir='ltr'><strong>quidem</strong></span> <span class='ocrx_word' id='word_1_130' title='bbox 359 906 537 937; x_wconf 87' lang='lat' dir='ltr'><strong>recesserunt,</strong></span> <span class='ocrx_word' id='word_1_131' title='bbox 549 902 572 930; x_wconf 93' lang='lat' dir='ltr'><strong>si</strong></span> <span class='ocrx_word' id='word_1_132' title='bbox 584 906 676 930; x_wconf 90' lang='lat' dir='ltr'><strong>autem</strong></span> <span class='ocrx_word' id='word_1_133' title='bbox 688 909 736 929; x_wconf 87' lang='lat' dir='ltr'><strong>vos</strong></span> <span class='ocrx_word' id='word_1_134' title='bbox 746 902 879 930; x_wconf 88' lang='lat' dir='ltr'><strong>maneatis</strong></span> <span class='ocrx_word' id='word_1_135' title='bbox 891 902 918 929; x_wconf 91' lang='lat' dir='ltr'><strong>in</strong></span> <span class='ocrx_word' id='word_1_136' title='bbox 929 910 983 929; x_wconf 91' lang='lat' dir='ltr'><strong>ser-</strong></span> <span class='ocrx_word' id='word_1_137' title='bbox 996 918 1019 949; x_wconf 78' lang='grc' dir='ltr'>Β</span> 
     </span>
    </p>
   </div>
   <div class='ocr_carea' id='block_1_19' title="bbox 183 946 980 984">
    <p class='ocr_par' dir='ltr' id='par_1_19' title="bbox 183 946 980 984">
     <span class='ocr_line' id='line_1_19' title="bbox 183 946 980 984; baseline -0.004 -7"><span class='ocrx_word' id='word_1_138' title='bbox 183 957 265 977; x_wconf 89' lang='lat' dir='ltr'><strong>mone</strong></span> <span class='ocrx_word' id='word_1_139' title='bbox 278 953 305 976; x_wconf 93' lang='lat' dir='ltr'><strong>et</strong></span> <span class='ocrx_word' id='word_1_140' title='bbox 318 949 379 982; x_wconf 85' lang='lat' dir='ltr'><strong>ﬁde,</strong></span> <span class='ocrx_word' id='word_1_141' title='bbox 395 947 548 984; x_wconf 86' lang='lat' dir='ltr'><strong>agnoscetis</strong></span> <span class='ocrx_word' id='word_1_142' title='bbox 559 947 709 980; x_wconf 86' lang='lat' dir='ltr'><strong>veritatem,</strong></span> <span class='ocrx_word' id='word_1_143' title='bbox 722 946 774 974; x_wconf 91' lang='lat' dir='ltr'><strong>hoc</strong></span> <span class='ocrx_word' id='word_1_144' title='bbox 787 951 836 980; x_wconf 87' lang='lat' dir='ltr'><strong>est,</strong></span> <span class='ocrx_word' id='word_1_145' title='bbox 855 948 907 974; x_wconf 85' lang='lat' dir='ltr'><strong>Me.</strong></span> <span class='ocrx_word' id='word_1_146' title='bbox 925 948 980 982; x_wconf 83' lang='lat' dir='ltr'><strong>Ego</strong></span> 
     </span>
    </p>
   </div>
   <div class='ocr_carea' id='block_1_20' title="bbox 181 990 980 1027">
    <p class='ocr_par' dir='ltr' id='par_1_20' title="bbox 181 990 980 1027">
     <span class='ocr_line' id='line_1_20' title="bbox 181 990 980 1027; baseline -0.003 -7"><span class='ocrx_word' id='word_1_147' title='bbox 181 994 257 1021; x_wconf 88' lang='lat' dir='ltr'><strong>enim</strong></span> <span class='ocrx_word' id='word_1_148' title='bbox 268 1000 331 1021; x_wconf 86' lang='lat' dir='ltr'><strong>sum</strong></span> <span class='ocrx_word' id='word_1_149' title='bbox 347 993 454 1020; x_wconf 83' lang='lat' dir='ltr'><strong>veritas.</strong></span> <span class='ocrx_word' id='word_1_150' title='bbox 472 992 557 1026; x_wconf 87' lang='lat' dir='ltr'><strong>Quasi</strong></span> <span class='ocrx_word' id='word_1_151' title='bbox 571 991 663 1019; x_wconf 84' lang='lat' dir='ltr'><strong>dicens</strong></span> <span class='ocrx_word' id='word_1_152' title='bbox 680 1001 686 1018; x_wconf 93' lang='lat'>:</span> <span class='ocrx_word' id='word_1_153' title='bbox 703 992 783 1018; x_wconf 89' lang='lat' dir='ltr'><strong>Nunc</strong></span> <span class='ocrx_word' id='word_1_154' title='bbox 798 990 907 1027; x_wconf 87' lang='lat' dir='ltr'><strong>quidem</strong></span> <span class='ocrx_word' id='word_1_155' title='bbox 925 999 980 1019; x_wconf 90' lang='lat' dir='ltr'><strong>non</strong></span> 
     </span>
    </p>
   </div>
   <div class='ocr_carea' id='block_1_21' title="bbox 185 1035 980 1073">
    <p class='ocr_par' dir='ltr' id='par_1_21' title="bbox 185 1035 980 1073">
     <span class='ocr_line' id='line_1_21' title="bbox 185 1035 980 1073; baseline -0.003 -8"><span class='ocrx_word' id='word_1_156' title='bbox 185 1038 335 1073; x_wconf 78' lang='lat' dir='ltr'><strong>agnoscitis</strong></span> <span class='ocrx_word' id='word_1_157' title='bbox 348 1037 502 1064; x_wconf 85' lang='lat' dir='ltr'><strong>veritatem.</strong></span> <span class='ocrx_word' id='word_1_158' title='bbox 519 1037 582 1063; x_wconf 87' lang='lat' dir='ltr'><strong>Non</strong></span> <span class='ocrx_word' id='word_1_159' title='bbox 606 1036 680 1063; x_wconf 93' lang='lat' dir='ltr'><strong>enim</strong></span> <span class='ocrx_word' id='word_1_160' title='bbox 693 1036 804 1069; x_wconf 88' lang='lat' dir='ltr'><strong>veritas,</strong></span> <span class='ocrx_word' id='word_1_161' title='bbox 819 1035 867 1063; x_wconf 88' lang='lat' dir='ltr'><strong>sed</strong></span> <span class='ocrx_word' id='word_1_162' title='bbox 883 1035 980 1063; x_wconf 87' lang='lat' dir='ltr'><strong>umbra</strong></span> 
     </span>
    </p>
   </div>
   <div class='ocr_carea' id='block_1_22' title="bbox 182 1080 980 1118">
    <p class='ocr_par' dir='ltr' id='par_1_22' title="bbox 182 1080 980 1118">
     <span class='ocr_line' id='line_1_22' title="bbox 182 1080 980 1118; baseline -0.004 -8"><span class='ocrx_word' id='word_1_163' title='bbox 182 1086 210 1110; x_wconf 89' lang='lat' dir='ltr'><strong>et</strong></span> <span class='ocrx_word' id='word_1_164' title='bbox 221 1087 304 1118; x_wconf 88' lang='lat' dir='ltr'><strong>typus</strong></span> <span class='ocrx_word' id='word_1_165' title='bbox 318 1085 384 1109; x_wconf 89' lang='lat' dir='ltr'><strong>sunt</strong></span> <span class='ocrx_word' id='word_1_166' title='bbox 396 1081 488 1109; x_wconf 85' lang='lat' dir='ltr'><strong>omnia</strong></span> <span class='ocrx_word' id='word_1_167' title='bbox 503 1088 564 1116; x_wconf 69' lang='lat' dir='ltr'><strong>quae</strong></span> <span class='ocrx_word' id='word_1_168' title='bbox 576 1088 624 1108; x_wconf 89' lang='lat' dir='ltr'><strong>vos</strong></span> <span class='ocrx_word' id='word_1_169' title='bbox 638 1081 666 1107; x_wconf 91' lang='lat' dir='ltr'><strong>in</strong></span> <span class='ocrx_word' id='word_1_170' title='bbox 682 1080 738 1116; x_wconf 89' lang='lat' dir='ltr'><strong>lege</strong></span> <span class='ocrx_word' id='word_1_171' title='bbox 754 1084 844 1107; x_wconf 90' lang='lat' dir='ltr'><strong>tenere</strong></span> <span class='ocrx_word' id='word_1_172' title='bbox 859 1080 980 1108; x_wconf 88' lang='lat' dir='ltr'><strong>creditis.</strong></span> 
     </span>
    </p>
   </div>
   <div class='ocr_carea' id='block_1_23' title="bbox 183 1125 981 1162">
    <p class='ocr_par' dir='ltr' id='par_1_23' title="bbox 183 1125 981 1162">
     <span class='ocr_line' id='line_1_23' title="bbox 183 1125 981 1162; baseline -0.003 -8"><span class='ocrx_word' id='word_1_173' title='bbox 183 1129 221 1155; x_wconf 81' lang='lat' dir='ltr'><strong>At</strong></span> <span class='ocrx_word' id='word_1_174' title='bbox 232 1127 254 1154; x_wconf 90' lang='lat' dir='ltr'><strong>si</strong></span> <span class='ocrx_word' id='word_1_175' title='bbox 264 1135 309 1154; x_wconf 91' lang='lat' dir='ltr'><strong>me</strong></span> <span class='ocrx_word' id='word_1_176' title='bbox 319 1126 476 1162; x_wconf 83' lang='lat' dir='ltr'><strong>agnoscitis,</strong></span> <span class='ocrx_word' id='word_1_177' title='bbox 486 1125 533 1161; x_wconf 90' lang='lat' dir='ltr'><strong>qui</strong></span> <span class='ocrx_word' id='word_1_178' title='bbox 542 1133 604 1153; x_wconf 88' lang='lat' dir='ltr'><strong>sum</strong></span> <span class='ocrx_word' id='word_1_179' title='bbox 613 1125 725 1157; x_wconf 78' lang='lat' dir='ltr'><strong>veritas.</strong></span> <span class='ocrx_word' id='word_1_180' title='bbox 739 1136 752 1148; x_wconf 71' lang='grc' dir='ltr'>τι</span> <span class='ocrx_word' id='word_1_181' title='bbox 764 1125 871 1152; x_wconf 88' lang='lat' dir='ltr'><strong>Veritas</strong></span> <span class='ocrx_word' id='word_1_182' title='bbox 880 1125 981 1152; x_wconf 87' lang='lat' dir='ltr'><strong>liberos</strong></span> 
     </span>
    </p>
   </div>
   <div class='ocr_carea' id='block_1_24' title="bbox 183 1169 981 1205">
    <p class='ocr_par' dir='ltr' id='par_1_24' title="bbox 183 1169 981 1205">
     <span class='ocr_line' id='line_1_24' title="bbox 183 1169 981 1205; baseline -0.005 -5"><span class='ocrx_word' id='word_1_183' title='bbox 183 1180 232 1200; x_wconf 87' lang='lat' dir='ltr'><strong>vos</strong></span> <span class='ocrx_word' id='word_1_184' title='bbox 252 1171 357 1205; x_wconf 72' lang='lat' dir='ltr'><strong>reddet,</strong></span> <span class='ocrx_word' id='word_1_185' title='bbox 374 1183 387 1196; x_wconf 72' lang='grc' dir='ltr'><strong>ιι</strong></span> <span class='ocrx_word' id='word_1_186' title='bbox 403 1170 456 1198; x_wconf 86' lang='lat' dir='ltr'><strong>hoc</strong></span> <span class='ocrx_word' id='word_1_187' title='bbox 477 1174 530 1204; x_wconf 86' lang='lat' dir='ltr'><strong>est,</strong></span> <span class='ocrx_word' id='word_1_188' title='bbox 548 1171 616 1205; x_wconf 85' lang='lat' dir='ltr'><strong>Ego,</strong></span> <span class='ocrx_word' id='word_1_189' title='bbox 633 1178 648 1198; x_wconf 87' lang='lat' dir='ltr'><strong>a</strong></span> <span class='ocrx_word' id='word_1_190' title='bbox 664 1169 784 1205; x_wconf 88' lang='lat' dir='ltr'><strong>peccatis</strong></span> <span class='ocrx_word' id='word_1_191' title='bbox 800 1170 911 1197; x_wconf 87' lang='lat' dir='ltr'><strong>scilicet.</strong></span> <span class='ocrx_word' id='word_1_192' title='bbox 927 1170 981 1204; x_wconf 87' lang='lat' dir='ltr'><strong>Qui</strong></span> 
     </span>
    </p>
   </div>
   <div class='ocr_carea' id='block_1_25' title="bbox 184 1214 981 1250">
    <p class='ocr_par' dir='ltr' id='par_1_25' title="bbox 184 1214 981 1250">
     <span class='ocr_line' id='line_1_25' title="bbox 184 1214 981 1250; baseline -0.004 -6"><span class='ocrx_word' id='word_1_193' title='bbox 184 1216 257 1244; x_wconf 90' lang='lat' dir='ltr'><strong>enim</strong></span> <span class='ocrx_word' id='word_1_194' title='bbox 272 1216 361 1243; x_wconf 84' lang='lat' dir='ltr'><strong>credit</strong></span> <span class='ocrx_word' id='word_1_195' title='bbox 376 1215 404 1242; x_wconf 89' lang='lat' dir='ltr'><strong>in</strong></span> <span class='ocrx_word' id='word_1_196' title='bbox 416 1223 481 1242; x_wconf 91' lang='lat' dir='ltr'><strong>eum</strong></span> <span class='ocrx_word' id='word_1_197' title='bbox 493 1215 538 1250; x_wconf 91' lang='lat' dir='ltr'><strong>qui</strong></span> <span class='ocrx_word' id='word_1_198' title='bbox 553 1214 622 1242; x_wconf 86' lang='lat' dir='ltr'><strong>tollit</strong></span> <span class='ocrx_word' id='word_1_199' title='bbox 645 1219 786 1250; x_wconf 83' lang='lat' dir='ltr'><strong>peccatum</strong></span> <span class='ocrx_word' id='word_1_200' title='bbox 799 1214 906 1246; x_wconf 84' lang='lat' dir='ltr'><strong>mundi,</strong></span> <span class='ocrx_word' id='word_1_201' title='bbox 921 1222 981 1242; x_wconf 92' lang='lat' dir='ltr'><strong>om-</strong></span> 
     </span>
    </p>
   </div>
   <div class='ocr_carea' id='block_1_26' title="bbox 184 1259 982 1295">
    <p class='ocr_par' dir='ltr' id='par_1_26' title="bbox 184 1259 982 1295">
     <span class='ocr_line' id='line_1_26' title="bbox 184 1259 982 1295; baseline -0.004 -6"><span class='ocrx_word' id='word_1_202' title='bbox 184 1261 249 1289; x_wconf 88' lang='lat' dir='ltr'><strong>nino</strong></span> <span class='ocrx_word' id='word_1_203' title='bbox 262 1261 390 1288; x_wconf 87' lang='lat' dir='ltr'><strong>liberatus</strong></span> <span class='ocrx_word' id='word_1_204' title='bbox 406 1265 446 1288; x_wconf 88' lang='lat' dir='ltr'><strong>est</strong></span> <span class='ocrx_word' id='word_1_205' title='bbox 460 1268 475 1287; x_wconf 89' lang='lat' dir='ltr'><strong>a</strong></span> <span class='ocrx_word' id='word_1_206' title='bbox 486 1263 608 1295; x_wconf 90' lang='lat' dir='ltr'><strong>peccato.</strong></span> <span class='ocrx_word' id='word_1_207' title='bbox 625 1259 701 1287; x_wconf 90' lang='lat' dir='ltr'><strong>Sicut</strong></span> <span class='ocrx_word' id='word_1_208' title='bbox 717 1259 799 1295; x_wconf 85' lang='lat' dir='ltr'><strong>igitur</strong></span> <span class='ocrx_word' id='word_1_209' title='bbox 812 1259 855 1287; x_wconf 88' lang='lat' dir='ltr'><strong>his</strong></span> <span class='ocrx_word' id='word_1_210' title='bbox 868 1259 914 1294; x_wconf 92' lang='lat' dir='ltr'><strong>qui</strong></span> <span class='ocrx_word' id='word_1_211' title='bbox 927 1267 982 1286; x_wconf 89' lang='lat' dir='ltr'><strong>non</strong></span> 
     </span>
    </p>
   </div>
   <div class='ocr_carea' id='block_1_27' title="bbox 184 1303 979 1340">
    <p class='ocr_par' dir='ltr' id='par_1_27' title="bbox 184 1303 979 1340">
     <span class='ocr_line' id='line_1_27' title="bbox 184 1303 979 1340; baseline -0.009 -6"><span class='ocrx_word' id='word_1_212' title='bbox 184 1306 312 1340; x_wconf 90' lang='lat' dir='ltr'><strong>credunt,</strong></span> <span class='ocrx_word' id='word_1_213' title='bbox 327 1305 396 1333; x_wconf 77' lang='lat' dir='ltr'><strong>dixit</strong></span> <span class='ocrx_word' id='word_1_214' title='bbox 423 1314 429 1332; x_wconf 93' lang='lat'>:</span> <span class='ocrx_word' id='word_1_215' title='bbox 447 1316 461 1328; x_wconf 70' lang='grc' dir='ltr'><strong>α</strong></span> <span class='ocrx_word' id='word_1_216' title='bbox 484 1305 515 1331; x_wconf 93' lang='lat' dir='ltr'><strong>ln</strong></span> <span class='ocrx_word' id='word_1_217' title='bbox 530 1304 647 1340; x_wconf 81' lang='lat' dir='ltr'><strong>peccatis</strong></span> <span class='ocrx_word' id='word_1_218' title='bbox 672 1304 769 1332; x_wconf 88' lang='lat' dir='ltr'><strong>vestris</strong></span> <span class='ocrx_word' id='word_1_219' title='bbox 783 1303 949 1336; x_wconf 88' lang='lat' dir='ltr'><strong>moriemini,</strong></span> <span class='ocrx_word' id='word_1_220' title='bbox 966 1315 979 1327; x_wconf 72' lang='grc' dir='ltr'><strong>ιι</strong></span> 
     </span>
    </p>
   </div>
   <div class='ocr_carea' id='block_1_28' title="bbox 184 1348 982 1385">
    <p class='ocr_par' dir='ltr' id='par_1_28' title="bbox 184 1348 982 1385">
     <span class='ocr_line' id='line_1_28' title="bbox 184 1348 982 1385; baseline -0.004 -7"><span class='ocrx_word' id='word_1_221' title='bbox 184 1350 223 1378; x_wconf 87' lang='lat' dir='ltr'><strong>ita</strong></span> <span class='ocrx_word' id='word_1_222' title='bbox 238 1350 278 1377; x_wconf 85' lang='lat' dir='ltr'><strong>his</strong></span> <span class='ocrx_word' id='word_1_223' title='bbox 297 1349 343 1385; x_wconf 92' lang='lat' dir='ltr'><strong>qui</strong></span> <span class='ocrx_word' id='word_1_224' title='bbox 364 1353 476 1377; x_wconf 89' lang='lat' dir='ltr'><strong>manent</strong></span> <span class='ocrx_word' id='word_1_225' title='bbox 498 1349 526 1376; x_wconf 90' lang='lat' dir='ltr'><strong>in</strong></span> <span class='ocrx_word' id='word_1_226' title='bbox 540 1348 604 1382; x_wconf 82' lang='lat' dir='ltr'><strong>ﬁde,</strong></span> <span class='ocrx_word' id='word_1_227' title='bbox 630 1348 768 1383; x_wconf 89' lang='lat' dir='ltr'><strong>promittit</strong></span> <span class='ocrx_word' id='word_1_228' title='bbox 792 1348 945 1376; x_wconf 87' lang='lat' dir='ltr'><strong>libertatem</strong></span> <span class='ocrx_word' id='word_1_229' title='bbox 967 1355 982 1375; x_wconf 93' lang='lat' dir='ltr'><strong>a</strong></span> 
     </span>
    </p>
   </div>
   <div class='ocr_carea' id='block_1_29' title="bbox 184 1392 982 1430">
    <p class='ocr_par' dir='ltr' id='par_1_29' title="bbox 184 1392 982 1430">
     <span class='ocr_line' id='line_1_29' title="bbox 184 1392 982 1430; baseline -0.004 -8"><span class='ocrx_word' id='word_1_230' title='bbox 184 1395 312 1430; x_wconf 87' lang='lat' dir='ltr'><strong>peccatis.</strong></span> <span class='ocrx_word' id='word_1_231' title='bbox 330 1396 401 1422; x_wconf 75' lang='lat' dir='ltr'><strong>Nam</strong></span> <span class='ocrx_word' id='word_1_232' title='bbox 420 1392 518 1428; x_wconf 85' lang='lat' dir='ltr'><strong>legales</strong></span> <span class='ocrx_word' id='word_1_233' title='bbox 531 1392 643 1428; x_wconf 91' lang='lat' dir='ltr'><strong>quidem</strong></span> <span class='ocrx_word' id='word_1_234' title='bbox 659 1393 831 1427; x_wconf 89' lang='lat' dir='ltr'><strong>aspersiones</strong></span> <span class='ocrx_word' id='word_1_235' title='bbox 852 1396 880 1419; x_wconf 87' lang='lat' dir='ltr'><strong>et</strong></span> <span class='ocrx_word' id='word_1_236' title='bbox 899 1392 982 1419; x_wconf 87' lang='lat' dir='ltr'><strong>sacri-</strong></span> 
     </span>
    </p>
   </div>
   <div class='ocr_carea' id='block_1_30' title="bbox 185 1435 980 1473">
    <p class='ocr_par' dir='ltr' id='par_1_30' title="bbox 185 1435 980 1473">
     <span class='ocr_line' id='line_1_30' title="bbox 185 1435 980 1473; baseline -0.005 -6"><span class='ocrx_word' id='word_1_237' title='bbox 185 1439 247 1467; x_wconf 84' lang='lat' dir='ltr'><strong>ﬁcia</strong></span> <span class='ocrx_word' id='word_1_238' title='bbox 262 1447 320 1466; x_wconf 89' lang='lat' dir='ltr'><strong>non</strong></span> <span class='ocrx_word' id='word_1_239' title='bbox 335 1438 450 1466; x_wconf 84' lang='lat' dir='ltr'><strong>liberant</strong></span> <span class='ocrx_word' id='word_1_240' title='bbox 469 1445 485 1465; x_wconf 88' lang='lat' dir='ltr'><strong>a</strong></span> <span class='ocrx_word' id='word_1_241' title='bbox 499 1437 618 1473; x_wconf 88' lang='lat' dir='ltr'><strong>peccatis</strong></span> <span class='ocrx_word' id='word_1_242' title='bbox 641 1446 646 1464; x_wconf 76' lang='grc' dir='ltr'>ί</span> <span class='ocrx_word' id='word_1_243' title='bbox 662 1437 750 1472; x_wconf 81' lang='lat' dir='ltr'><strong>ﬁgura</strong></span> <span class='ocrx_word' id='word_1_244' title='bbox 772 1436 844 1464; x_wconf 91' lang='lat' dir='ltr'><strong>enim</strong></span> <span class='ocrx_word' id='word_1_245' title='bbox 860 1435 980 1463; x_wconf 81' lang='lat' dir='ltr'><strong>fuerunt.</strong></span> 
     </span>
    </p>
   </div>
   <div class='ocr_carea' id='block_1_31' title="bbox 184 1480 983 1520">
    <p class='ocr_par' dir='ltr' id='par_1_31' title="bbox 184 1480 983 1520">
     <span class='ocr_line' id='line_1_31' title="bbox 184 1480 983 1520; baseline -0.004 -8"><span class='ocrx_word' id='word_1_246' title='bbox 184 1484 333 1520; x_wconf 85' lang='lat' dir='ltr'><strong>Spirituale</strong></span> <span class='ocrx_word' id='word_1_247' title='bbox 347 1487 439 1511; x_wconf 86' lang='lat' dir='ltr'><strong>autem</strong></span> <span class='ocrx_word' id='word_1_248' title='bbox 461 1486 487 1510; x_wconf 92' lang='lat' dir='ltr'><strong>et</strong></span> <span class='ocrx_word' id='word_1_249' title='bbox 511 1490 608 1509; x_wconf 89' lang='lat' dir='ltr'><strong>verum</strong></span> <span class='ocrx_word' id='word_1_250' title='bbox 622 1481 785 1509; x_wconf 83' lang='lat' dir='ltr'><strong>sacriﬁcium</strong></span> <span class='ocrx_word' id='word_1_251' title='bbox 800 1489 847 1516; x_wconf 88' lang='lat' dir='ltr'><strong>per</strong></span> <span class='ocrx_word' id='word_1_252' title='bbox 859 1480 942 1508; x_wconf 90' lang='lat' dir='ltr'><strong>ﬁdem</strong></span> <span class='ocrx_word' id='word_1_253' title='bbox 956 1486 983 1509; x_wconf 84' lang='lat' dir='ltr'><strong>et</strong></span> 
     </span>
    </p>
   </div>
   <div class='ocr_carea' id='block_1_32' title="bbox 185 1526 981 1564">
    <p class='ocr_par' dir='ltr' id='par_1_32' title="bbox 185 1526 981 1564">
     <span class='ocr_line' id='line_1_32' title="bbox 185 1526 981 1564; baseline -0.004 -8"><span class='ocrx_word' id='word_1_254' title='bbox 185 1527 354 1564; x_wconf 78' lang='lat' dir='ltr'><strong>agnitionem</strong></span> <span class='ocrx_word' id='word_1_255' title='bbox 370 1527 466 1555; x_wconf 84' lang='lat' dir='ltr'><strong>liberat</strong></span> <span class='ocrx_word' id='word_1_256' title='bbox 481 1535 543 1560; x_wconf 93' lang='lat' dir='ltr'><strong>nos,</strong></span> <span class='ocrx_word' id='word_1_257' title='bbox 559 1526 604 1562; x_wconf 90' lang='lat' dir='ltr'><strong>qui</strong></span> <span class='ocrx_word' id='word_1_258' title='bbox 627 1526 696 1554; x_wconf 89' lang='lat' dir='ltr'><strong>ultra</strong></span> <span class='ocrx_word' id='word_1_259' title='bbox 715 1526 786 1553; x_wconf 90' lang='lat' dir='ltr'><strong>servi</strong></span> <span class='ocrx_word' id='word_1_260' title='bbox 805 1533 863 1553; x_wconf 90' lang='lat' dir='ltr'><strong>non</strong></span> <span class='ocrx_word' id='word_1_261' title='bbox 876 1533 981 1560; x_wconf 87' lang='lat' dir='ltr'><strong>sumus,</strong></span> 
     </span>
    </p>
   </div>
   <div class='ocr_carea' id='block_1_33' title="bbox 185 1571 518 1601">
    <p class='ocr_par' dir='ltr' id='par_1_33' title="bbox 185 1571 518 1601">
     <span class='ocr_line' id='line_1_33' title="bbox 185 1571 518 1601; baseline -0.009 0"><span class='ocrx_word' id='word_1_262' title='bbox 185 1573 234 1601; x_wconf 85' lang='lat' dir='ltr'><strong>sed</strong></span> <span class='ocrx_word' id='word_1_263' title='bbox 246 1573 292 1601; x_wconf 92' lang='lat' dir='ltr'><strong>ﬁlii</strong></span> <span class='ocrx_word' id='word_1_264' title='bbox 308 1573 357 1600; x_wconf 92' lang='lat' dir='ltr'><strong>Dei</strong></span> <span class='ocrx_word' id='word_1_265' title='bbox 371 1571 518 1600; x_wconf 84' lang='lat' dir='ltr'><strong>efﬁcimur.</strong></span> 
     </span>
    </p>
   </div>
   <div class='ocr_carea' id='block_1_34' title="bbox 1031 277 1838 319">
    <p class='ocr_par' dir='ltr' id='par_1_34' title="bbox 1031 277 1838 319">
     <span class='ocr_line' id='line_1_34' title="bbox 1031 277 1838 319; baseline 0.002 -13"><span class='ocrx_word' id='word_1_266' title='bbox 1031 278 1143 316; x_wconf 83' lang='grc' dir='ltr'>ἔμελλον</span> <span class='ocrx_word' id='word_1_267' title='bbox 1166 280 1244 307; x_wconf 72' lang='grc' dir='ltr'>τοῦτο</span> <span class='ocrx_word' id='word_1_268' title='bbox 1261 277 1391 318; x_wconf 76' lang='grc' dir='ltr'><strong>πάσχειν,</strong></span> <span class='ocrx_word' id='word_1_269' title='bbox 1417 277 1454 316; x_wconf 84' lang='grc' dir='ltr'><strong>μὴ</strong></span> <span class='ocrx_word' id='word_1_270' title='bbox 1478 278 1617 316; x_wconf 81' lang='grc' dir='ltr'>δυνάμενοι</span> <span class='ocrx_word' id='word_1_271' title='bbox 1643 281 1678 312; x_wconf 79' lang='grc' dir='ltr'>εἷς</span> <span class='ocrx_word' id='word_1_272' title='bbox 1700 279 1730 308; x_wconf 82' lang='grc' dir='ltr'>τὸ</span> <span class='ocrx_word' id='word_1_273' title='bbox 1749 279 1838 319; x_wconf 70' lang='grc' dir='ltr'>βάθος</span> 
     </span>
    </p>
   </div>
   <div class='ocr_carea' id='block_1_35' title="bbox 1031 323 1837 364">
    <p class='ocr_par' dir='ltr' id='par_1_35' title="bbox 1031 323 1837 364">
     <span class='ocr_line' id='line_1_35' title="bbox 1031 323 1837 364; baseline 0 -12"><span class='ocrx_word' id='word_1_274' title='bbox 1031 325 1075 352; x_wconf 78' lang='grc' dir='ltr'><strong>τοῦ</strong></span> <span class='ocrx_word' id='word_1_275' title='bbox 1093 324 1242 361; x_wconf 75' lang='grc' dir='ltr'>θεολογικοῧ</span> <span class='ocrx_word' id='word_1_276' title='bbox 1267 324 1412 362; x_wconf 76' lang='grc' dir='ltr'><strong>μυστηρίου</strong></span> <span class='ocrx_word' id='word_1_277' title='bbox 1433 323 1547 362; x_wconf 75' lang='grc' dir='ltr'>φθάσαι,</span> <span class='ocrx_word' id='word_1_278' title='bbox 1562 324 1628 353; x_wconf 73' lang='grc' dir='ltr'>ὅπου</span> <span class='ocrx_word' id='word_1_279' title='bbox 1643 336 1673 362; x_wconf 91' lang='grc' dir='ltr'><strong>γε</strong></span> <span class='ocrx_word' id='word_1_280' title='bbox 1690 324 1736 353; x_wconf 75' lang='grc' dir='ltr'><strong>καὶ</strong></span> <span class='ocrx_word' id='word_1_281' title='bbox 1756 326 1837 364; x_wconf 69' lang='grc' dir='ltr'>Χριο</span> 
     </span>
    </p>
   </div>
   <div class='ocr_carea' id='block_1_36' title="bbox 1031 367 1835 406">
    <p class='ocr_par' dir='ltr' id='par_1_36' title="bbox 1031 367 1835 406">
     <span class='ocr_line' id='line_1_36' title="bbox 1031 367 1835 406; baseline 0.002 -10"><span class='ocrx_word' id='word_1_282' title='bbox 1031 371 1145 401; x_wconf 82' lang='grc' dir='ltr'>στιανοῖς</span> <span class='ocrx_word' id='word_1_283' title='bbox 1160 367 1207 403; x_wconf 80' lang='grc' dir='ltr'><strong>τὴν</strong></span> <span class='ocrx_word' id='word_1_284' title='bbox 1228 369 1308 396; x_wconf 70' lang='grc' dir='ltr'>αὐτοῦ</span> <span class='ocrx_word' id='word_1_285' title='bbox 1333 367 1443 406; x_wconf 82' lang='grc' dir='ltr'>δύναμιν</span> <span class='ocrx_word' id='word_1_286' title='bbox 1459 368 1603 406; x_wconf 77' lang='grc' dir='ltr'>ἐγνωκόσι,</span> <span class='ocrx_word' id='word_1_287' title='bbox 1622 369 1666 397; x_wconf 70' lang='grc' dir='ltr'>καὶ</span> <span class='ocrx_word' id='word_1_288' title='bbox 1683 369 1715 397; x_wconf 85' lang='grc' dir='ltr'>δι’</span> <span class='ocrx_word' id='word_1_289' title='bbox 1739 370 1835 398; x_wconf 71' lang='grc' dir='ltr'>αὖτοῧ</span> 
     </span>
    </p>
   </div>
   <div class='ocr_carea' id='block_1_37' title="bbox 1032 412 1834 454">
    <p class='ocr_par' dir='ltr' id='par_1_37' title="bbox 1032 412 1834 454">
     <span class='ocr_line' id='line_1_37' title="bbox 1032 412 1834 454; baseline 0.004 -13"><span class='ocrx_word' id='word_1_290' title='bbox 1032 415 1148 449; x_wconf 84' lang='grc' dir='ltr'>σωθεῖσι,</span> <span class='ocrx_word' id='word_1_291' title='bbox 1163 413 1193 442; x_wconf 80' lang='grc' dir='ltr'>τὸ</span> <span class='ocrx_word' id='word_1_292' title='bbox 1206 412 1270 453; x_wconf 73' lang='grc' dir='ltr'>ὕψος</span> <span class='ocrx_word' id='word_1_293' title='bbox 1283 415 1328 448; x_wconf 81' lang='grc' dir='ltr'><strong>τῆς</strong></span> <span class='ocrx_word' id='word_1_294' title='bbox 1349 414 1427 442; x_wconf 74' lang='grc' dir='ltr'>αὐτοῦ</span> <span class='ocrx_word' id='word_1_295' title='bbox 1443 412 1517 448; x_wconf 79' lang='grc' dir='ltr'>δόξης</span> <span class='ocrx_word' id='word_1_296' title='bbox 1539 414 1677 453; x_wconf 76' lang='grc' dir='ltr'><strong>ἀνέφικτον</strong></span> <span class='ocrx_word' id='word_1_297' title='bbox 1698 415 1811 454; x_wconf 86' lang='grc' dir='ltr'>ἐγένετο</span> <span class='ocrx_word' id='word_1_298' title='bbox 1825 427 1834 451; x_wconf 89' lang='grc'>;</span> 
     </span>
    </p>
   </div>
   <div class='ocr_carea' id='block_1_38' title="bbox 1031 457 1834 495">
    <p class='ocr_par' dir='ltr' id='par_1_38' title="bbox 1031 457 1834 495">
     <span class='ocr_line' id='line_1_38' title="bbox 1031 457 1834 495; baseline 0 -7"><span class='ocrx_word' id='word_1_299' title='bbox 1031 457 1144 488; x_wconf 78' lang='grc' dir='ltr'>Ἀκούων</span> <span class='ocrx_word' id='word_1_300' title='bbox 1161 458 1208 493; x_wconf 83' lang='grc' dir='ltr'>δὲ,</span> <span class='ocrx_word' id='word_1_301' title='bbox 1229 458 1270 486; x_wconf 78' lang='grc' dir='ltr'><strong>ὅτι</strong></span> <span class='ocrx_word' id='word_1_302' title='bbox 1293 469 1308 484; x_wconf 81' lang='grc' dir='ltr'><strong>ιι</strong></span> <span class='ocrx_word' id='word_1_303' title='bbox 1324 458 1422 486; x_wconf 78' lang='grc' dir='ltr'>Πολλοὶ</span> <span class='ocrx_word' id='word_1_304' title='bbox 1438 458 1614 495; x_wconf 79' lang='grc' dir='ltr'>ἐπίστευσαν,</span> <span class='ocrx_word' id='word_1_305' title='bbox 1633 471 1646 487; x_wconf 74' lang='grc' dir='ltr'><strong>ιι</strong></span> <span class='ocrx_word' id='word_1_306' title='bbox 1667 459 1735 489; x_wconf 77' lang='grc' dir='ltr'>οὕτω</span> <span class='ocrx_word' id='word_1_307' title='bbox 1752 460 1813 488; x_wconf 88' lang='grc' dir='ltr'>νόει</span> <span class='ocrx_word' id='word_1_308' title='bbox 1826 483 1834 495; x_wconf 83' lang='grc'><strong>,</strong></span> 
     </span>
    </p>
   </div>
   <div class='ocr_carea' id='block_1_39' title="bbox 1031 501 1838 544">
    <p class='ocr_par' dir='ltr' id='par_1_39' title="bbox 1031 501 1838 544">
     <span class='ocr_line' id='line_1_39' title="bbox 1031 501 1838 544; baseline 0.001 -12"><span class='ocrx_word' id='word_1_309' title='bbox 1031 503 1139 535; x_wconf 79' lang='grc' dir='ltr'><strong>τούτους</strong></span> <span class='ocrx_word' id='word_1_310' title='bbox 1155 502 1362 537; x_wconf 71' lang='grc' dir='ltr'><strong>πιστεύσαντας,</strong></span> <span class='ocrx_word' id='word_1_311' title='bbox 1377 501 1471 543; x_wconf 74' lang='grc' dir='ltr'>[οὐχ]</span> <span class='ocrx_word' id='word_1_312' title='bbox 1486 503 1576 536; x_wconf 75' lang='grc' dir='ltr'>ἁπλῶς</span> <span class='ocrx_word' id='word_1_313' title='bbox 1589 526 1597 540; x_wconf 87' lang='grc'><strong>,</strong></span> <span class='ocrx_word' id='word_1_314' title='bbox 1614 505 1659 533; x_wconf 79' lang='grc' dir='ltr'>καὶ</span> <span class='ocrx_word' id='word_1_315' title='bbox 1676 507 1710 537; x_wconf 85' lang='grc' dir='ltr'><strong>ὡς</strong></span> <span class='ocrx_word' id='word_1_316' title='bbox 1726 504 1838 544; x_wconf 81' lang='grc' dir='ltr'>ἔτυχεν,</span> 
     </span>
    </p>
   </div>
   <div class='ocr_carea' id='block_1_40' title="bbox 1032 547 1838 587">
    <p class='ocr_par' dir='ltr' id='par_1_40' title="bbox 1032 547 1838 587">
     <span class='ocr_line' id='line_1_40' title="bbox 1032 547 1838 587; baseline 0.002 -11"><span class='ocrx_word' id='word_1_317' title='bbox 1032 549 1081 587; x_wconf 77' lang='grc' dir='ltr'><strong>οὐχ</strong></span> <span class='ocrx_word' id='word_1_318' title='bbox 1091 550 1126 581; x_wconf 77' lang='grc' dir='ltr'>ὥς</span> <span class='ocrx_word' id='word_1_319' title='bbox 1142 549 1236 587; x_wconf 81' lang='grc' dir='ltr'>ἐχρῆν,</span> <span class='ocrx_word' id='word_1_320' title='bbox 1260 547 1319 576; x_wconf 85' lang='grc' dir='ltr'>ἀλλ’</span> <span class='ocrx_word' id='word_1_321' title='bbox 1335 547 1449 586; x_wconf 82' lang='grc' dir='ltr'>ὡσπερεὶ</span> <span class='ocrx_word' id='word_1_322' title='bbox 1466 548 1622 586; x_wconf 80' lang='grc' dir='ltr'>ἀρεσθέντας</span> <span class='ocrx_word' id='word_1_323' title='bbox 1642 550 1687 577; x_wconf 84' lang='grc' dir='ltr'><strong>καὶ</strong></span> <span class='ocrx_word' id='word_1_324' title='bbox 1703 550 1838 578; x_wconf 86' lang='grc' dir='ltr'>ἀναπαυ-</span> 
     </span>
    </p>
   </div>
   <div class='ocr_carea' id='block_1_41' title="bbox 1033 592 1839 631">
    <p class='ocr_par' dir='ltr' id='par_1_41' title="bbox 1033 592 1839 631">
     <span class='ocr_line' id='line_1_41' title="bbox 1033 592 1839 631; baseline 0.004 -11"><span class='ocrx_word' id='word_1_325' title='bbox 1033 592 1160 629; x_wconf 84' lang='grc' dir='ltr'>σαμένους</span> <span class='ocrx_word' id='word_1_326' title='bbox 1176 592 1221 621; x_wconf 69' lang='grc' dir='ltr'>ἐπὶ</span> <span class='ocrx_word' id='word_1_327' title='bbox 1235 593 1268 631; x_wconf 81' lang='grc' dir='ltr'><strong>τῇ</strong></span> <span class='ocrx_word' id='word_1_328' title='bbox 1282 593 1333 620; x_wconf 81' lang='grc' dir='ltr'><strong>τῶν</strong></span> <span class='ocrx_word' id='word_1_329' title='bbox 1347 592 1432 630; x_wconf 85' lang='grc' dir='ltr'>λόγων</span> <span class='ocrx_word' id='word_1_330' title='bbox 1456 592 1638 628; x_wconf 75' lang='grc' dir='ltr'><strong>ταπεινότητι.</strong></span> <span class='ocrx_word' id='word_1_331' title='bbox 1655 592 1723 624; x_wconf 55' lang='grc' dir='ltr'>νΟτι</span> <span class='ocrx_word' id='word_1_332' title='bbox 1739 593 1769 623; x_wconf 84' lang='grc' dir='ltr'><strong>δὲ</strong></span> <span class='ocrx_word' id='word_1_333' title='bbox 1784 595 1839 622; x_wconf 69' lang='grc' dir='ltr'>οὒκ</span> 
     </span>
    </p>
   </div>
   <div class='ocr_carea' id='block_1_42' title="bbox 1032 633 1841 676">
    <p class='ocr_par' dir='ltr' id='par_1_42' title="bbox 1032 633 1841 676">
     <span class='ocr_line' id='line_1_42' title="bbox 1032 633 1841 676; baseline 0.002 -10"><span class='ocrx_word' id='word_1_334' title='bbox 1032 633 1100 672; x_wconf 67' lang='grc' dir='ltr'>ἦσαν</span> <span class='ocrx_word' id='word_1_335' title='bbox 1116 639 1229 666; x_wconf 73' lang='grc' dir='ltr'>τοιοῦτοι</span> <span class='ocrx_word' id='word_1_336' title='bbox 1240 637 1341 673; x_wconf 79' lang='grc' dir='ltr'>πιστοὶ,</span> <span class='ocrx_word' id='word_1_337' title='bbox 1358 636 1474 676; x_wconf 71' lang='grc' dir='ltr'>ἀκριϐεῖς</span> <span class='ocrx_word' id='word_1_338' title='bbox 1484 637 1604 673; x_wconf 81' lang='grc' dir='ltr'>δηλαδὴ,</span> <span class='ocrx_word' id='word_1_339' title='bbox 1619 639 1709 674; x_wconf 81' lang='grc' dir='ltr'>δῆλον,</span> <span class='ocrx_word' id='word_1_340' title='bbox 1724 652 1736 665; x_wconf 75' lang='grc' dir='ltr'>ι</span> <span class='ocrx_word' id='word_1_341' title='bbox 1751 637 1841 668; x_wconf 71' lang='grc' dir='ltr'>Ἕλε‹</span> 
     </span>
    </p>
   </div>
   <div class='ocr_carea' id='block_1_43' title="bbox 1033 681 1836 721">
    <p class='ocr_par' dir='ltr' id='par_1_43' title="bbox 1033 681 1836 721">
     <span class='ocr_line' id='line_1_43' title="bbox 1033 681 1836 721; baseline 0.004 -11"><span class='ocrx_word' id='word_1_342' title='bbox 1033 693 1062 720; x_wconf 92' lang='grc' dir='ltr'><strong>γε</strong></span> <span class='ocrx_word' id='word_1_343' title='bbox 1087 682 1155 721; x_wconf 80' lang='grc' dir='ltr'>γὰρ,</span> <span class='ocrx_word' id='word_1_344' title='bbox 1174 682 1237 720; x_wconf 75' lang='grc' dir='ltr'>φησὶ</span> <span class='ocrx_word' id='word_1_345' title='bbox 1249 705 1256 717; x_wconf 83' lang='grc'><strong>,</strong></span> <span class='ocrx_word' id='word_1_346' title='bbox 1273 682 1336 721; x_wconf 70' lang='grc' dir='ltr'>πρὸς</span> <span class='ocrx_word' id='word_1_347' title='bbox 1355 681 1413 714; x_wconf 78' lang='grc' dir='ltr'>τοὺς</span> <span class='ocrx_word' id='word_1_348' title='bbox 1439 683 1649 716; x_wconf 66' lang='grc' dir='ltr'><strong>πεπιστευκότας</strong></span> <span class='ocrx_word' id='word_1_349' title='bbox 1665 683 1836 716; x_wconf 80' lang='grc' dir='ltr'>Ἰουδαίους-</span> 
     </span>
    </p>
   </div>
   <div class='ocr_carea' id='block_1_44' title="bbox 1033 726 1839 767">
    <p class='ocr_par' dir='ltr' id='par_1_44' title="bbox 1033 726 1839 767">
     <span class='ocr_line' id='line_1_44' title="bbox 1033 726 1839 767; baseline -0.004 -11"><span class='ocrx_word' id='word_1_350' title='bbox 1033 726 1098 756; x_wconf 76' lang='grc' dir='ltr'>Ἐὰν</span> <span class='ocrx_word' id='word_1_351' title='bbox 1111 727 1184 764; x_wconf 74' lang='grc' dir='ltr'>ὑμεῖς</span> <span class='ocrx_word' id='word_1_352' title='bbox 1198 726 1304 764; x_wconf 79' lang='grc' dir='ltr'><strong>μείνητε</strong></span> <span class='ocrx_word' id='word_1_353' title='bbox 1318 727 1345 755; x_wconf 85' lang='grc' dir='ltr'>ἐν</span> <span class='ocrx_word' id='word_1_354' title='bbox 1361 729 1398 765; x_wconf 82' lang='grc' dir='ltr'><strong>τῷ</strong></span> <span class='ocrx_word' id='word_1_355' title='bbox 1413 726 1483 767; x_wconf 87' lang='grc' dir='ltr'>λόγῳ</span> <span class='ocrx_word' id='word_1_356' title='bbox 1499 729 1537 766; x_wconf 84' lang='grc' dir='ltr'><strong>τῷ</strong></span> <span class='ocrx_word' id='word_1_357' title='bbox 1559 729 1630 767; x_wconf 79' lang='grc' dir='ltr'>ἐμῷ,</span> <span class='ocrx_word' id='word_1_358' title='bbox 1649 741 1660 753; x_wconf 78' lang='grc' dir='ltr'><strong>ιι</strong></span> <span class='ocrx_word' id='word_1_359' title='bbox 1678 728 1839 758; x_wconf 71' lang='grc' dir='ltr'>Αἰνίττετειι</span> 
     </span>
    </p>
   </div>
   <div class='ocr_carea' id='block_1_45' title="bbox 1033 770 1840 810">
    <p class='ocr_par' dir='ltr' id='par_1_45' title="bbox 1033 770 1840 810">
     <span class='ocr_line' id='line_1_45' title="bbox 1033 770 1840 810; baseline 0.002 -10"><span class='ocrx_word' id='word_1_360' title='bbox 1033 771 1084 810; x_wconf 75' lang='grc' dir='ltr'><strong>γὰρ</strong></span> <span class='ocrx_word' id='word_1_361' title='bbox 1108 770 1202 804; x_wconf 78' lang='grc' dir='ltr'>αὐτοὺς</span> <span class='ocrx_word' id='word_1_362' title='bbox 1226 770 1418 804; x_wconf 78' lang='grc' dir='ltr'><strong>πιστεύσαντας</strong></span> <span class='ocrx_word' id='word_1_363' title='bbox 1443 771 1508 809; x_wconf 85' lang='grc' dir='ltr'>μὲν,</span> <span class='ocrx_word' id='word_1_364' title='bbox 1533 772 1694 806; x_wconf 74' lang='grc' dir='ltr'><strong>ἐπιπολαίως</strong></span> <span class='ocrx_word' id='word_1_365' title='bbox 1719 773 1768 810; x_wconf 76' lang='grc' dir='ltr'>δὲ,</span> <span class='ocrx_word' id='word_1_366' title='bbox 1786 774 1840 802; x_wconf 73' lang='grc' dir='ltr'>καὶ</span> 
     </span>
    </p>
   </div>
   <div class='ocr_carea' id='block_1_46' title="bbox 1035 815 1840 856">
    <p class='ocr_par' dir='ltr' id='par_1_46' title="bbox 1035 815 1840 856">
     <span class='ocr_line' id='line_1_46' title="bbox 1035 815 1840 856; baseline 0.004 -12"><span class='ocrx_word' id='word_1_367' title='bbox 1035 815 1077 845; x_wconf 81' lang='grc' dir='ltr'><strong>διὰ</strong></span> <span class='ocrx_word' id='word_1_368' title='bbox 1093 819 1170 844; x_wconf 68' lang='grc' dir='ltr'>τοῦτο</span> <span class='ocrx_word' id='word_1_369' title='bbox 1191 815 1260 854; x_wconf 82' lang='grc' dir='ltr'>μηδὲ</span> <span class='ocrx_word' id='word_1_370' title='bbox 1281 819 1499 855; x_wconf 78' lang='grc' dir='ltr'>παραμενοῦντας</span> <span class='ocrx_word' id='word_1_371' title='bbox 1519 817 1544 844; x_wconf 82' lang='grc' dir='ltr'>ἐν</span> <span class='ocrx_word' id='word_1_372' title='bbox 1611 816 1712 847; x_wconf 86' lang='grc' dir='ltr'>πίστει.</span> <span class='ocrx_word' id='word_1_373' title='bbox 1735 817 1840 855; x_wconf 82' lang='grc' dir='ltr'>Ἐλέγ-</span> 
     </span>
    </p>
   </div>
   <div class='ocr_carea' id='block_1_47' title="bbox 1036 857 1839 900">
    <p class='ocr_par' dir='ltr' id='par_1_47' title="bbox 1036 857 1839 900">
     <span class='ocr_line' id='line_1_47' title="bbox 1036 857 1839 900; baseline 0.004 -12"><span class='ocrx_word' id='word_1_374' title='bbox 1036 873 1091 900; x_wconf 88' lang='grc' dir='ltr'>χων</span> <span class='ocrx_word' id='word_1_375' title='bbox 1111 860 1138 889; x_wconf 79' lang='grc' dir='ltr'><strong>δὲ</strong></span> <span class='ocrx_word' id='word_1_376' title='bbox 1163 859 1256 893; x_wconf 69' lang='grc' dir='ltr'>αὐτοὺς</span> <span class='ocrx_word' id='word_1_377' title='bbox 1281 860 1362 893; x_wconf 70' lang='grc' dir='ltr'>οὕτως</span> <span class='ocrx_word' id='word_1_378' title='bbox 1385 859 1516 900; x_wconf 68' lang='grc' dir='ltr'>ἔχοντας,</span> <span class='ocrx_word' id='word_1_379' title='bbox 1548 861 1696 898; x_wconf 79' lang='grc' dir='ltr'>δείκνυσιν,</span> <span class='ocrx_word' id='word_1_380' title='bbox 1716 864 1752 895; x_wconf 87' lang='grc' dir='ltr'><strong>ὡς</strong></span> <span class='ocrx_word' id='word_1_381' title='bbox 1779 857 1839 891; x_wconf 69' lang='grc' dir='ltr'>οἶδε</span> 
     </span>
    </p>
   </div>
   <div class='ocr_carea' id='block_1_48' title="bbox 1036 905 1840 944">
    <p class='ocr_par' dir='ltr' id='par_1_48' title="bbox 1036 905 1840 944">
     <span class='ocr_line' id='line_1_48' title="bbox 1036 905 1840 944; baseline 0.004 -11"><span class='ocrx_word' id='word_1_382' title='bbox 1036 905 1082 938; x_wconf 83' lang='grc' dir='ltr'><strong>τὰς</strong></span> <span class='ocrx_word' id='word_1_383' title='bbox 1105 905 1214 944; x_wconf 74' lang='grc' dir='ltr'>καρδίας</span> <span class='ocrx_word' id='word_1_384' title='bbox 1241 907 1341 940; x_wconf 77' lang='grc' dir='ltr'>αὐτῶν,</span> <span class='ocrx_word' id='word_1_385' title='bbox 1366 905 1412 934; x_wconf 82' lang='grc' dir='ltr'>καὶ</span> <span class='ocrx_word' id='word_1_386' title='bbox 1436 905 1504 938; x_wconf 80' lang='grc' dir='ltr'>Θεός</span> <span class='ocrx_word' id='word_1_387' title='bbox 1527 907 1609 936; x_wconf 85' lang='grc' dir='ltr'>ἐστιν.</span> <span class='ocrx_word' id='word_1_388' title='bbox 1630 905 1708 936; x_wconf 78' lang='grc' dir='ltr'>Ἐπεὶ</span> <span class='ocrx_word' id='word_1_389' title='bbox 1734 906 1764 935; x_wconf 83' lang='grc' dir='ltr'><strong>δὲ</strong></span> <span class='ocrx_word' id='word_1_390' title='bbox 1787 907 1840 936; x_wconf 74' lang='grc' dir='ltr'><strong>καί</strong></span> 
     </span>
    </p>
   </div>
   <div class='ocr_carea' id='block_1_49' title="bbox 1035 949 1839 989">
    <p class='ocr_par' dir='ltr' id='par_1_49' title="bbox 1035 949 1839 989">
     <span class='ocr_line' id='line_1_49' title="bbox 1035 949 1839 989; baseline 0.002 -11"><span class='ocrx_word' id='word_1_391' title='bbox 1035 961 1101 982; x_wconf 87' lang='grc' dir='ltr'>τινες</span> <span class='ocrx_word' id='word_1_392' title='bbox 1127 950 1316 989; x_wconf 72' lang='grc' dir='ltr'>ἀνεχώρησαν,</span> <span class='ocrx_word' id='word_1_393' title='bbox 1333 949 1424 988; x_wconf 84' lang='grc' dir='ltr'>πρώην</span> <span class='ocrx_word' id='word_1_394' title='bbox 1450 950 1585 983; x_wconf 72' lang='grc' dir='ltr'>δοκοῦντες</span> <span class='ocrx_word' id='word_1_395' title='bbox 1612 952 1693 980; x_wconf 76' lang='grc' dir='ltr'>αὐτοῦ</span> <span class='ocrx_word' id='word_1_396' title='bbox 1712 952 1839 988; x_wconf 73' lang='grc' dir='ltr'>μαθηταὶ</span> 
     </span>
    </p>
   </div>
   <div class='ocr_carea' id='block_1_50' title="bbox 1034 990 1836 1036">
    <p class='ocr_par' dir='ltr' id='par_1_50' title="bbox 1034 990 1836 1036">
     <span class='ocr_line' id='line_1_50' title="bbox 1034 990 1836 1036; baseline 0.001 -13"><span class='ocrx_word' id='word_1_397' title='bbox 1034 990 1101 1024; x_wconf 72' lang='grc' dir='ltr'>εἶναι</span> <span class='ocrx_word' id='word_1_398' title='bbox 1112 1017 1119 1029; x_wconf 84' lang='grc'><strong>,</strong></span> <span class='ocrx_word' id='word_1_399' title='bbox 1135 994 1178 1023; x_wconf 84' lang='grc' dir='ltr'>διὰ</span> <span class='ocrx_word' id='word_1_400' title='bbox 1195 997 1272 1024; x_wconf 76' lang='grc' dir='ltr'>τοῦτο</span> <span class='ocrx_word' id='word_1_401' title='bbox 1290 994 1356 1033; x_wconf 77' lang='grc' dir='ltr'>πρὸς</span> <span class='ocrx_word' id='word_1_402' title='bbox 1378 994 1437 1027; x_wconf 72' lang='grc' dir='ltr'>τοὺς</span> <span class='ocrx_word' id='word_1_403' title='bbox 1459 997 1503 1022; x_wconf 82' lang='grc' dir='ltr'>ν’ὗν</span> <span class='ocrx_word' id='word_1_404' title='bbox 1517 994 1712 1029; x_wconf 82' lang='grc' dir='ltr'>πιστεύσαντάς</span> <span class='ocrx_word' id='word_1_405' title='bbox 1728 1007 1815 1036; x_wconf 81' lang='grc' dir='ltr'>φησιν</span> <span class='ocrx_word' id='word_1_406' title='bbox 1827 1018 1836 1031; x_wconf 87' lang='grc'><strong>,</strong></span> 
     </span>
    </p>
   </div>
   <div class='ocr_carea' id='block_1_51' title="bbox 1034 1038 1839 1078">
    <p class='ocr_par' dir='ltr' id='par_1_51' title="bbox 1034 1038 1839 1078">
     <span class='ocr_line' id='line_1_51' title="bbox 1034 1038 1839 1078; baseline 0.001 -10"><span class='ocrx_word' id='word_1_407' title='bbox 1034 1039 1073 1068; x_wconf 76' lang='grc' dir='ltr'><strong>ὅτι</strong></span> <span class='ocrx_word' id='word_1_408' title='bbox 1089 1039 1206 1069; x_wconf 72' lang='grc' dir='ltr'>Ἰἰχεῑνοι</span> <span class='ocrx_word' id='word_1_409' title='bbox 1222 1038 1269 1077; x_wconf 82' lang='grc' dir='ltr'>μὲν</span> <span class='ocrx_word' id='word_1_410' title='bbox 1295 1038 1489 1078; x_wconf 76' lang='grc' dir='ltr'>ἀνεχώρησαν,</span> <span class='ocrx_word' id='word_1_411' title='bbox 1508 1038 1554 1068; x_wconf 82' lang='grc' dir='ltr'>ἐὰν</span> <span class='ocrx_word' id='word_1_412' title='bbox 1571 1040 1597 1069; x_wconf 79' lang='grc' dir='ltr'><strong>δὲ</strong></span> <span class='ocrx_word' id='word_1_413' title='bbox 1619 1041 1694 1077; x_wconf 72' lang='grc' dir='ltr'>ὑμεῖς</span> <span class='ocrx_word' id='word_1_414' title='bbox 1718 1040 1839 1078; x_wconf 80' lang='grc' dir='ltr'>μείνητε</span> 
     </span>
    </p>
   </div>
   <div class='ocr_carea' id='block_1_52' title="bbox 1035 1083 1837 1123">
    <p class='ocr_par' dir='ltr' id='par_1_52' title="bbox 1035 1083 1837 1123">
     <span class='ocr_line' id='line_1_52' title="bbox 1035 1083 1837 1123; baseline 0.002 -11"><span class='ocrx_word' id='word_1_415' title='bbox 1035 1085 1060 1113; x_wconf 79' lang='grc' dir='ltr'><strong>ἐν</strong></span> <span class='ocrx_word' id='word_1_416' title='bbox 1075 1086 1112 1122; x_wconf 75' lang='grc' dir='ltr'><strong>τῷ</strong></span> <span class='ocrx_word' id='word_1_417' title='bbox 1133 1083 1202 1123; x_wconf 77' lang='grc' dir='ltr'>λόγῳ</span> <span class='ocrx_word' id='word_1_418' title='bbox 1216 1085 1253 1123; x_wconf 81' lang='grc' dir='ltr'><strong>τῷ</strong></span> <span class='ocrx_word' id='word_1_419' title='bbox 1272 1085 1328 1122; x_wconf 80' lang='grc' dir='ltr'>ἐμῷ</span> <span class='ocrx_word' id='word_1_420' title='bbox 1342 1083 1387 1111; x_wconf 74' lang='grc' dir='ltr'>καὶ</span> <span class='ocrx_word' id='word_1_421' title='bbox 1407 1086 1439 1122; x_wconf 84' lang='grc' dir='ltr'><strong>τῇ</strong></span> <span class='ocrx_word' id='word_1_422' title='bbox 1458 1083 1565 1119; x_wconf 79' lang='grc' dir='ltr'>πίστει,</span> <span class='ocrx_word' id='word_1_423' title='bbox 1584 1084 1762 1123; x_wconf 81' lang='grc' dir='ltr'>ἐπιγνώσεσθε</span> <span class='ocrx_word' id='word_1_424' title='bbox 1782 1085 1837 1120; x_wconf 73' lang='grc' dir='ltr'><strong>τὴν</strong></span> 
     </span>
    </p>
   </div>
   <div class='ocr_carea' id='block_1_53' title="bbox 1035 1127 1837 1168">
    <p class='ocr_par' dir='ltr' id='par_1_53' title="bbox 1035 1127 1837 1168">
     <span class='ocr_line' id='line_1_53' title="bbox 1035 1127 1837 1168; baseline 0.004 -12"><span class='ocrx_word' id='word_1_425' title='bbox 1035 1129 1169 1164; x_wconf 76' lang='grc' dir='ltr'><strong>ἀλήθειαν¹</strong></span> <span class='ocrx_word' id='word_1_426' title='bbox 1188 1128 1322 1157; x_wconf 79' lang='grc' dir='ltr'>τουτέστιν</span> <span class='ocrx_word' id='word_1_427' title='bbox 1334 1150 1341 1163; x_wconf 85' lang='grc'><strong>,</strong></span> <span class='ocrx_word' id='word_1_428' title='bbox 1359 1127 1437 1165; x_wconf 75' lang='grc' dir='ltr'>Ἐμέ⁸</span> <span class='ocrx_word' id='word_1_429' title='bbox 1463 1128 1514 1166; x_wconf 81' lang='grc' dir='ltr'>ἐγὼ</span> <span class='ocrx_word' id='word_1_430' title='bbox 1531 1129 1580 1168; x_wconf 76' lang='grc' dir='ltr'><strong>γάρ</strong></span> <span class='ocrx_word' id='word_1_431' title='bbox 1600 1131 1653 1166; x_wconf 82' lang='grc' dir='ltr'>εἶμι</span> <span class='ocrx_word' id='word_1_432' title='bbox 1671 1131 1687 1164; x_wconf 84' lang='grc' dir='ltr'><strong>ἡ</strong></span> <span class='ocrx_word' id='word_1_433' title='bbox 1705 1129 1837 1164; x_wconf 73' lang='grc' dir='ltr'>ἀλήθεια.</span> 
     </span>
    </p>
   </div>
   <div class='ocr_carea' id='block_1_54' title="bbox 1035 1171 1840 1214">
    <p class='ocr_par' dir='ltr' id='par_1_54' title="bbox 1035 1171 1840 1214">
     <span class='ocr_line' id='line_1_54' title="bbox 1035 1171 1840 1214; baseline 0 -12"><span class='ocrx_word' id='word_1_434' title='bbox 1035 1172 1085 1205; x_wconf 74' lang='grc' dir='ltr'><strong>⁶Ως</strong></span> <span class='ocrx_word' id='word_1_435' title='bbox 1110 1175 1156 1201; x_wconf 73' lang='grc' dir='ltr'><strong>νῦν</strong></span> <span class='ocrx_word' id='word_1_436' title='bbox 1173 1184 1202 1212; x_wconf 87' lang='grc' dir='ltr'><strong>γε</strong></span> <span class='ocrx_word' id='word_1_437' title='bbox 1219 1174 1266 1202; x_wconf 78' lang='grc' dir='ltr'>οὐκ</span> <span class='ocrx_word' id='word_1_438' title='bbox 1293 1171 1480 1210; x_wconf 75' lang='grc' dir='ltr'>ἐπιγινώσκετε</span> <span class='ocrx_word' id='word_1_439' title='bbox 1503 1173 1550 1208; x_wconf 77' lang='grc' dir='ltr'><strong>τὴν</strong></span> <span class='ocrx_word' id='word_1_440' title='bbox 1577 1174 1713 1208; x_wconf 78' lang='grc' dir='ltr'>ἀλήθειαν·</span> <span class='ocrx_word' id='word_1_441' title='bbox 1732 1174 1764 1202; x_wconf 83' lang='grc' dir='ltr'>οὐ</span> <span class='ocrx_word' id='word_1_442' title='bbox 1782 1175 1840 1214; x_wconf 82' lang='grc' dir='ltr'><strong>γὰρ</strong></span> 
     </span>
    </p>
   </div>
   <div class='ocr_carea' id='block_1_55' title="bbox 1037 1216 1841 1256">
    <p class='ocr_par' dir='ltr' id='par_1_55' title="bbox 1037 1216 1841 1256">
     <span class='ocr_line' id='line_1_55' title="bbox 1037 1216 1841 1256; baseline 0.004 -11"><span class='ocrx_word' id='word_1_443' title='bbox 1037 1218 1147 1252; x_wconf 76' lang='grc' dir='ltr'>ἀλήθεια</span> <span class='ocrx_word' id='word_1_444' title='bbox 1162 1240 1170 1254; x_wconf 84' lang='lat'><strong>,</strong></span> <span class='ocrx_word' id='word_1_445' title='bbox 1188 1216 1257 1245; x_wconf 81' lang='grc' dir='ltr'>ἀλλὰ</span> <span class='ocrx_word' id='word_1_446' title='bbox 1271 1216 1350 1249; x_wconf 80' lang='grc' dir='ltr'>τύπος</span> <span class='ocrx_word' id='word_1_447' title='bbox 1365 1217 1409 1245; x_wconf 75' lang='grc' dir='ltr'>καὶ</span> <span class='ocrx_word' id='word_1_448' title='bbox 1426 1218 1487 1247; x_wconf 71' lang='grc' dir='ltr'>σκιὰ</span> <span class='ocrx_word' id='word_1_449' title='bbox 1512 1218 1598 1246; x_wconf 78' lang='grc' dir='ltr'>πάντα</span> <span class='ocrx_word' id='word_1_450' title='bbox 1615 1217 1648 1246; x_wconf 80' lang='grc' dir='ltr'><strong>τὰ</strong></span> <span class='ocrx_word' id='word_1_451' title='bbox 1670 1221 1716 1247; x_wconf 77' lang='grc' dir='ltr'><strong>τοῦ</strong></span> <span class='ocrx_word' id='word_1_452' title='bbox 1731 1217 1823 1256; x_wconf 85' lang='grc' dir='ltr'>νόμου</span> <span class='ocrx_word' id='word_1_453' title='bbox 1833 1243 1841 1255; x_wconf 83' lang='grc'><strong>,</strong></span> 
     </span>
    </p>
   </div>
   <div class='ocr_carea' id='block_1_56' title="bbox 1036 1261 1839 1301">
    <p class='ocr_par' dir='ltr' id='par_1_56' title="bbox 1036 1261 1839 1301">
     <span class='ocr_line' id='line_1_56' title="bbox 1036 1261 1839 1301; baseline 0.001 -10"><span class='ocrx_word' id='word_1_454' title='bbox 1036 1261 1063 1291; x_wconf 87' lang='grc' dir='ltr'><strong>ὃν</strong></span> <span class='ocrx_word' id='word_1_455' title='bbox 1079 1262 1153 1299; x_wconf 76' lang='grc' dir='ltr'>ὑμεῖς</span> <span class='ocrx_word' id='word_1_456' title='bbox 1173 1262 1272 1290; x_wconf 80' lang='grc' dir='ltr'>δοκεῖτε</span> <span class='ocrx_word' id='word_1_457' title='bbox 1297 1263 1394 1299; x_wconf 63' lang='grc' dir='ltr'>τηρεῖν.</span> <span class='ocrx_word' id='word_1_458' title='bbox 1418 1261 1486 1290; x_wconf 77' lang='grc' dir='ltr'>Ἀλλ’</span> <span class='ocrx_word' id='word_1_459' title='bbox 1508 1262 1553 1291; x_wconf 71' lang='grc' dir='ltr'>ἐὰν</span> <span class='ocrx_word' id='word_1_460' title='bbox 1571 1262 1618 1298; x_wconf 80' lang='grc' dir='ltr'><strong>ἐμὲ</strong></span> <span class='ocrx_word' id='word_1_461' title='bbox 1637 1264 1765 1301; x_wconf 79' lang='grc' dir='ltr'>ἐπιγνῶτε</span> <span class='ocrx_word' id='word_1_462' title='bbox 1790 1265 1839 1292; x_wconf 83' lang='grc' dir='ltr'><strong>τὸν</strong></span> 
     </span>
    </p>
   </div>
   <div class='ocr_carea' id='block_1_57' title="bbox 1036 1305 1840 1346">
    <p class='ocr_par' dir='ltr' id='par_1_57' title="bbox 1036 1305 1840 1346">
     <span class='ocr_line' id='line_1_57' title="bbox 1036 1305 1840 1346; baseline 0.004 -12"><span class='ocrx_word' id='word_1_463' title='bbox 1036 1307 1121 1341; x_wconf 83' lang='grc' dir='ltr'>ἀληθῆ</span> <span class='ocrx_word' id='word_1_464' title='bbox 1133 1305 1214 1341; x_wconf 82' lang='grc' dir='ltr'>ὄντα,</span> <span class='ocrx_word' id='word_1_465' title='bbox 1231 1320 1240 1331; x_wconf 76' lang='grc' dir='ltr'><strong>ιι</strong></span> <span class='ocrx_word' id='word_1_466' title='bbox 1260 1307 1276 1340; x_wconf 85' lang='grc' dir='ltr'><strong>ἡ</strong></span> <span class='ocrx_word' id='word_1_467' title='bbox 1294 1305 1405 1340; x_wconf 79' lang='grc' dir='ltr'>ἀλήθεια</span> <span class='ocrx_word' id='word_1_468' title='bbox 1423 1306 1597 1346; x_wconf 75' lang='grc' dir='ltr'>ἐλευθερώσει</span> <span class='ocrx_word' id='word_1_469' title='bbox 1610 1309 1689 1344; x_wconf 69' lang='grc' dir='ltr'>ὑμᾶς·</span> <span class='ocrx_word' id='word_1_470' title='bbox 1707 1319 1721 1334; x_wconf 71' lang='grc' dir='ltr'>ι)</span> <span class='ocrx_word' id='word_1_471' title='bbox 1739 1311 1840 1337; x_wconf 82' lang='grc' dir='ltr'>τουτέ-</span> 
     </span>
    </p>
   </div>
   <div class='ocr_carea' id='block_1_58' title="bbox 1037 1349 1837 1392">
    <p class='ocr_par' dir='ltr' id='par_1_58' title="bbox 1037 1349 1837 1392">
     <span class='ocr_line' id='line_1_58' title="bbox 1128 1349 1741 1362; baseline 0.003 -2"><span class='ocrx_word' id='word_1_472' title='bbox 1128 1350 1135 1360; x_wconf 75' lang='grc'><strong>,</strong></span> <span class='ocrx_word' id='word_1_473' title='bbox 1149 1352 1158 1360; x_wconf 60' lang='grc' dir='ltr'>Ἴ</span> <span class='ocrx_word' id='word_1_474' title='bbox 1186 1349 1192 1359; x_wconf 76' lang='lat'><strong><em>\</em></strong></span> <span class='ocrx_word' id='word_1_475' title='bbox 1227 1351 1238 1360; x_wconf 58' lang='grc' dir='ltr'><strong>Ν</strong></span> <span class='ocrx_word' id='word_1_476' title='bbox 1297 1350 1308 1359; x_wconf 57' lang='grc' dir='ltr'>Ν</span> <span class='ocrx_word' id='word_1_477' title='bbox 1350 1351 1356 1360; x_wconf 57' lang='lat'><em>3</em></span> <span class='ocrx_word' id='word_1_478' title='bbox 1384 1351 1389 1359; x_wconf 67' lang='grc' dir='ltr'>Ἰ</span> <span class='ocrx_word' id='word_1_479' title='bbox 1431 1353 1447 1359; x_wconf 82' lang='lat'><strong>~</strong></span> <span class='ocrx_word' id='word_1_480' title='bbox 1485 1351 1492 1362; x_wconf 64' lang='grc' dir='ltr'><strong>ξ</strong></span> <span class='ocrx_word' id='word_1_481' title='bbox 1586 1353 1601 1359; x_wconf 69' lang='grc' dir='ltr'><strong><em>Ν</em></strong></span> <span class='ocrx_word' id='word_1_482' title='bbox 1654 1351 1661 1360; x_wconf 53' lang='grc' dir='ltr'><strong>τ</strong></span> <span class='ocrx_word' id='word_1_483' title='bbox 1736 1352 1741 1362; x_wconf 63' lang='grc' dir='ltr'>Ἰ</span> 
     </span>
     <span class='ocr_line' id='line_1_59' title="bbox 1037 1350 1837 1392; baseline 0.004 -13"><span class='ocrx_word' id='word_1_484' title='bbox 1037 1362 1109 1386; x_wconf 87' lang='grc' dir='ltr'>στιν,</span> <span class='ocrx_word' id='word_1_485' title='bbox 1139 1352 1201 1389; x_wconf 65' lang='grc' dir='ltr'><strong>Εγω</strong></span> <span class='ocrx_word' id='word_1_486' title='bbox 1225 1350 1327 1386; x_wconf 80' lang='grc' dir='ltr'>οηλαοὴ</span> <span class='ocrx_word' id='word_1_487' title='bbox 1344 1362 1396 1379; x_wconf 86' lang='grc' dir='ltr'><strong>απο</strong></span> <span class='ocrx_word' id='word_1_488' title='bbox 1412 1363 1464 1379; x_wconf 80' lang='grc' dir='ltr'><strong>των</strong></span> <span class='ocrx_word' id='word_1_489' title='bbox 1481 1363 1629 1390; x_wconf 80' lang='grc' dir='ltr'>αμαρτιων.</span> <span class='ocrx_word' id='word_1_490' title='bbox 1663 1353 1688 1380; x_wconf 85' lang='grc' dir='ltr'>Ο</span> <span class='ocrx_word' id='word_1_491' title='bbox 1714 1364 1767 1392; x_wconf 89' lang='grc' dir='ltr'><strong>γαρ</strong></span> <span class='ocrx_word' id='word_1_492' title='bbox 1785 1365 1837 1382; x_wconf 78' lang='grc' dir='ltr'>πι-</span> 
     </span>
    </p>
   </div>
   <div class='ocr_carea' id='block_1_59' title="bbox 1037 1393 1839 1435">
    <p class='ocr_par' dir='ltr' id='par_1_59' title="bbox 1037 1393 1839 1435">
     <span class='ocr_line' id='line_1_60' title="bbox 1037 1393 1839 1435; baseline 0.005 -13"><span class='ocrx_word' id='word_1_493' title='bbox 1037 1394 1134 1423; x_wconf 80' lang='grc' dir='ltr'>στεύων</span> <span class='ocrx_word' id='word_1_494' title='bbox 1150 1395 1185 1427; x_wconf 85' lang='grc' dir='ltr'>εἷς</span> <span class='ocrx_word' id='word_1_495' title='bbox 1206 1394 1249 1422; x_wconf 73' lang='grc' dir='ltr'><strong>τὸν</strong></span> <span class='ocrx_word' id='word_1_496' title='bbox 1274 1393 1381 1433; x_wconf 80' lang='grc' dir='ltr'>αἴροντα</span> <span class='ocrx_word' id='word_1_497' title='bbox 1405 1394 1452 1430; x_wconf 80' lang='grc' dir='ltr'><strong>τήν</strong></span> <span class='ocrx_word' id='word_1_498' title='bbox 1479 1395 1611 1435; x_wconf 76' lang='grc' dir='ltr'>ἁμαρτίαν</span> <span class='ocrx_word' id='word_1_499' title='bbox 1634 1399 1678 1424; x_wconf 64' lang='grc' dir='ltr'><strong>τοῦ</strong></span> <span class='ocrx_word' id='word_1_500' title='bbox 1704 1396 1813 1434; x_wconf 77' lang='grc' dir='ltr'>κόσμου</span> <span class='ocrx_word' id='word_1_501' title='bbox 1831 1420 1839 1433; x_wconf 87' lang='grc'><strong>,</strong></span> 
     </span>
    </p>
   </div>
   <div class='ocr_carea' id='block_1_60' title="bbox 1037 1435 1842 1480">
    <p class='ocr_par' dir='ltr' id='par_1_60' title="bbox 1037 1435 1842 1480">
     <span class='ocr_line' id='line_1_61' title="bbox 1037 1435 1842 1480; baseline 0.002 -12"><span class='ocrx_word' id='word_1_502' title='bbox 1037 1438 1142 1471; x_wconf 77' lang='grc' dir='ltr'>πάντως</span> <span class='ocrx_word' id='word_1_503' title='bbox 1158 1438 1330 1475; x_wconf 76' lang='grc' dir='ltr'>ἀπήλλακται</span> <span class='ocrx_word' id='word_1_504' title='bbox 1345 1440 1396 1467; x_wconf 80' lang='grc' dir='ltr'><strong>τῶν</strong></span> <span class='ocrx_word' id='word_1_505' title='bbox 1420 1440 1569 1480; x_wconf 81' lang='grc' dir='ltr'>ἁμαρτιῶν.</span> <span class='ocrx_word' id='word_1_506' title='bbox 1595 1439 1701 1479; x_wconf 61' lang='grc' dir='ltr'><strong>νΩσπερ</strong></span> <span class='ocrx_word' id='word_1_507' title='bbox 1717 1435 1763 1469; x_wconf 70' lang='grc' dir='ltr'><strong>οὖν</strong></span> <span class='ocrx_word' id='word_1_508' title='bbox 1782 1446 1842 1475; x_wconf 82' lang='grc' dir='ltr'>τοῖς</span> 
     </span>
    </p>
   </div>
   <div class='ocr_carea' id='block_1_61' title="bbox 1038 1479 1841 1524">
    <p class='ocr_par' dir='ltr' id='par_1_61' title="bbox 1038 1479 1841 1524">
     <span class='ocr_line' id='line_1_62' title="bbox 1038 1479 1841 1524; baseline 0.002 -12"><span class='ocrx_word' id='word_1_509' title='bbox 1038 1485 1196 1513; x_wconf 80' lang='grc' dir='ltr'>ἀπιστοῦσιν</span> <span class='ocrx_word' id='word_1_510' title='bbox 1222 1479 1295 1512; x_wconf 77' lang='grc' dir='ltr'>εἶπεν</span> <span class='ocrx_word' id='word_1_511' title='bbox 1327 1482 1367 1513; x_wconf 75' lang='grc' dir='ltr'>ὅτι</span> <span class='ocrx_word' id='word_1_512' title='bbox 1398 1484 1472 1513; x_wconf 72' lang='grc' dir='ltr'><strong>«Ἐν</strong></span> <span class='ocrx_word' id='word_1_513' title='bbox 1502 1485 1559 1517; x_wconf 84' lang='grc' dir='ltr'>ταῖς</span> <span class='ocrx_word' id='word_1_514' title='bbox 1585 1486 1729 1524; x_wconf 84' lang='grc' dir='ltr'>ἁμαρτίαις</span> <span class='ocrx_word' id='word_1_515' title='bbox 1759 1487 1841 1524; x_wconf 74' lang='grc' dir='ltr'>ὑμῶν</span> 
     </span>
    </p>
   </div>
   <div class='ocr_carea' id='block_1_62' title="bbox 1037 1527 1841 1569">
    <p class='ocr_par' dir='ltr' id='par_1_62' title="bbox 1037 1527 1841 1569">
     <span class='ocr_line' id='line_1_63' title="bbox 1037 1527 1841 1569; baseline 0.004 -13"><span class='ocrx_word' id='word_1_516' title='bbox 1037 1529 1229 1564; x_wconf 80' lang='grc' dir='ltr'>ἀποθανεῖσθε,</span> <span class='ocrx_word' id='word_1_517' title='bbox 1249 1541 1263 1555; x_wconf 69' lang='grc' dir='ltr'>ι)</span> <span class='ocrx_word' id='word_1_518' title='bbox 1276 1527 1346 1557; x_wconf 72' lang='grc' dir='ltr'>οὕτω</span> <span class='ocrx_word' id='word_1_519' title='bbox 1361 1532 1415 1562; x_wconf 88' lang='grc' dir='ltr'>τοῖς</span> <span class='ocrx_word' id='word_1_520' title='bbox 1428 1532 1627 1569; x_wconf 82' lang='grc' dir='ltr'>παραμενοῦσιν</span> <span class='ocrx_word' id='word_1_521' title='bbox 1641 1532 1667 1559; x_wconf 79' lang='grc' dir='ltr'>ἐν</span> <span class='ocrx_word' id='word_1_522' title='bbox 1684 1532 1716 1569; x_wconf 80' lang='grc' dir='ltr'><strong>τῇ</strong></span> <span class='ocrx_word' id='word_1_523' title='bbox 1733 1531 1841 1566; x_wconf 82' lang='grc' dir='ltr'>πίστει,</span> 
     </span>
    </p>
   </div>
   <div class='ocr_carea' id='block_1_63' title="bbox 999 1572 1842 1613">
    <p class='ocr_par' dir='ltr' id='par_1_63' title="bbox 999 1572 1842 1613">
     <span class='ocr_line' id='line_1_64' title="bbox 999 1572 1842 1613; baseline 0.004 -12"><span class='ocrx_word' id='word_1_524' title='bbox 999 1573 1022 1605; x_wconf 87' lang='lat' dir='ltr'><strong>C</strong></span> <span class='ocrx_word' id='word_1_525' title='bbox 1037 1572 1228 1612; x_wconf 78' lang='grc' dir='ltr'>ἐπαγγέλλεται</span> <span class='ocrx_word' id='word_1_526' title='bbox 1245 1572 1292 1608; x_wconf 85' lang='grc' dir='ltr'><strong>τὴν</strong></span> <span class='ocrx_word' id='word_1_527' title='bbox 1307 1573 1456 1612; x_wconf 81' lang='grc' dir='ltr'>ἐλευθερίαν</span> <span class='ocrx_word' id='word_1_528' title='bbox 1476 1575 1527 1602; x_wconf 81' lang='grc' dir='ltr'><strong>τῶν</strong></span> <span class='ocrx_word' id='word_1_529' title='bbox 1553 1575 1707 1613; x_wconf 76' lang='grc' dir='ltr'>ἁμαρτιῶν.</span> <span class='ocrx_word' id='word_1_530' title='bbox 1730 1576 1769 1604; x_wconf 78' lang='grc' dir='ltr'><strong>Αἱ</strong></span> <span class='ocrx_word' id='word_1_531' title='bbox 1788 1576 1842 1613; x_wconf 79' lang='grc' dir='ltr'>μὲν</span> 
     </span>
    </p>
   </div>
   <div class='ocr_carea' id='block_1_64' title="bbox 186 1614 1842 1657">
    <p class='ocr_par' dir='ltr' id='par_1_64' title="bbox 186 1614 1842 1657">
     <span class='ocr_line' id='line_1_65' title="bbox 186 1614 1842 1657; baseline 0.001 -11"><span class='ocrx_word' id='word_1_532' title='bbox 186 1617 237 1657; x_wconf 85' lang='grc' dir='ltr'><strong>γὰρ</strong></span> <span class='ocrx_word' id='word_1_533' title='bbox 261 1617 370 1656; x_wconf 77' lang='grc' dir='ltr'>νομικαὶ</span> <span class='ocrx_word' id='word_1_534' title='bbox 393 1618 501 1655; x_wconf 79' lang='grc' dir='ltr'>θυσίαι,</span> <span class='ocrx_word' id='word_1_535' title='bbox 524 1615 571 1646; x_wconf 80' lang='grc' dir='ltr'><strong>καὶ</strong></span> <span class='ocrx_word' id='word_1_536' title='bbox 591 1616 615 1645; x_wconf 81' lang='grc' dir='ltr'><strong>οἱ</strong></span> <span class='ocrx_word' id='word_1_537' title='bbox 646 1614 803 1654; x_wconf 80' lang='grc' dir='ltr'>ῥαντισμοὶ,</span> <span class='ocrx_word' id='word_1_538' title='bbox 831 1615 879 1644; x_wconf 82' lang='grc' dir='ltr'>οὐκ</span> <span class='ocrx_word' id='word_1_539' title='bbox 907 1615 1078 1650; x_wconf 81' lang='grc' dir='ltr'>ἀπήλλαττον</span> <span class='ocrx_word' id='word_1_540' title='bbox 1107 1617 1252 1657; x_wconf 64' lang='grc' dir='ltr'>ἁμαρτιῶν</span> <span class='ocrx_word' id='word_1_541' title='bbox 1276 1617 1353 1647; x_wconf 87' lang='grc' dir='ltr'>τύποι</span> <span class='ocrx_word' id='word_1_542' title='bbox 1379 1617 1430 1656; x_wconf 85' lang='grc' dir='ltr'><strong>γὰρ</strong></span> <span class='ocrx_word' id='word_1_543' title='bbox 1453 1614 1532 1653; x_wconf 73' lang='grc' dir='ltr'>ἦσαν.</span> <span class='ocrx_word' id='word_1_544' title='bbox 1559 1618 1591 1648; x_wconf 85' lang='grc' dir='ltr'><em>Ἡ</em></span> <span class='ocrx_word' id='word_1_545' title='bbox 1615 1619 1640 1647; x_wconf 82' lang='grc' dir='ltr'><strong>δὲ</strong></span> <span class='ocrx_word' id='word_1_546' title='bbox 1666 1620 1842 1657; x_wconf 71' lang='grc' dir='ltr'>πνευματικὴ</span> 
     </span>
    </p>
   </div>
   <div class='ocr_carea' id='block_1_65' title="bbox 185 1659 1841 1702">
    <p class='ocr_par' dir='ltr' id='par_1_65' title="bbox 185 1659 1841 1702">
     <span class='ocr_line' id='line_1_66' title="bbox 185 1659 1841 1702; baseline 0.001 -10"><span class='ocrx_word' id='word_1_547' title='bbox 185 1662 260 1692; x_wconf 87' lang='grc' dir='ltr'>θυσία</span> <span class='ocrx_word' id='word_1_548' title='bbox 284 1661 351 1698; x_wconf 75' lang='grc' dir='ltr'>αὕτη</span> <span class='ocrx_word' id='word_1_549' title='bbox 371 1661 417 1691; x_wconf 81' lang='grc' dir='ltr'>καὶ</span> <span class='ocrx_word' id='word_1_550' title='bbox 440 1660 553 1697; x_wconf 82' lang='grc' dir='ltr'>ἀληθινὴ</span> <span class='ocrx_word' id='word_1_551' title='bbox 583 1659 627 1689; x_wconf 82' lang='grc' dir='ltr'><strong>διὰ</strong></span> <span class='ocrx_word' id='word_1_552' title='bbox 651 1662 699 1695; x_wconf 81' lang='grc' dir='ltr'>τ’ἤς</span> <span class='ocrx_word' id='word_1_553' title='bbox 719 1659 832 1692; x_wconf 85' lang='grc' dir='ltr'>πίστεως</span> <span class='ocrx_word' id='word_1_554' title='bbox 857 1659 903 1688; x_wconf 74' lang='grc' dir='ltr'>καὶ</span> <span class='ocrx_word' id='word_1_555' title='bbox 926 1661 1092 1700; x_wconf 82' lang='grc' dir='ltr'>ἐπιγνώσεως</span> <span class='ocrx_word' id='word_1_556' title='bbox 1117 1663 1264 1702; x_wconf 83' lang='grc' dir='ltr'>ἐλευθεροῖ,</span> <span class='ocrx_word' id='word_1_557' title='bbox 1294 1663 1340 1691; x_wconf 82' lang='grc' dir='ltr'><strong>οὐκ</strong></span> <span class='ocrx_word' id='word_1_558' title='bbox 1361 1662 1400 1691; x_wconf 86' lang='grc' dir='ltr'>ἔτι</span> <span class='ocrx_word' id='word_1_559' title='bbox 1426 1663 1532 1696; x_wconf 80' lang='grc' dir='ltr'>δούλους</span> <span class='ocrx_word' id='word_1_560' title='bbox 1555 1665 1627 1702; x_wconf 80' lang='grc' dir='ltr'>ἡμᾶς</span> <span class='ocrx_word' id='word_1_561' title='bbox 1654 1664 1747 1702; x_wconf 76' lang='grc' dir='ltr'>ὄντας,</span> <span class='ocrx_word' id='word_1_562' title='bbox 1774 1665 1841 1693; x_wconf 76' lang='grc' dir='ltr'>ἀλλ’</span> 
     </span>
    </p>
   </div>
   <div class='ocr_carea' id='block_1_66' title="bbox 186 1706 522 1746">
    <p class='ocr_par' dir='ltr' id='par_1_66' title="bbox 186 1706 522 1746">
     <span class='ocr_line' id='line_1_67' title="bbox 186 1706 522 1746; baseline -0.006 -10"><span class='ocrx_word' id='word_1_563' title='bbox 186 1707 254 1741; x_wconf 72' lang='grc' dir='ltr'>υἱοὺς</span> <span class='ocrx_word' id='word_1_564' title='bbox 271 1706 421 1746; x_wconf 82' lang='grc' dir='ltr'>γινομένους</span> <span class='ocrx_word' id='word_1_565' title='bbox 440 1707 522 1736; x_wconf 78' lang='grc' dir='ltr'>Θεοῦ.</span> 
     </span>
    </p>
   </div>
   <div class='ocr_carea' id='block_1_67' title="bbox 221 1752 983 1789">
    <p class='ocr_par' dir='ltr' id='par_1_67' title="bbox 221 1752 983 1789">
     <span class='ocr_line' id='line_1_68' title="bbox 221 1752 983 1789; baseline -0.001 -7"><span class='ocrx_word' id='word_1_566' title='bbox 221 1757 307 1784; x_wconf 74' lang='lat' dir='ltr'><strong>Vens.</strong></span> <span class='ocrx_word' id='word_1_567' title='bbox 323 1758 414 1783; x_wconf 87' lang='lat'><strong>33-36.</strong></span> <span class='ocrx_word' id='word_1_568' title='bbox 432 1766 444 1778; x_wconf 71' lang='grc' dir='ltr'>(ι</span> <span class='ocrx_word' id='word_1_569' title='bbox 455 1752 668 1789; x_wconf 83' lang='lat' dir='ltr'><strong>Respondentes</strong></span> <span class='ocrx_word' id='word_1_570' title='bbox 679 1752 806 1780; x_wconf 85' lang='lat' dir='ltr'><strong>dixerunt</strong></span> <span class='ocrx_word' id='word_1_571' title='bbox 822 1753 846 1781; x_wconf 93' lang='lat' dir='ltr'><strong>ei</strong></span> <span class='ocrx_word' id='word_1_572' title='bbox 864 1754 983 1781; x_wconf 87' lang='lat' dir='ltr'><strong>:Semen</strong></span> 
     </span>
    </p>
   </div>
   <div class='ocr_carea' id='block_1_68' title="bbox 186 1797 983 1834">
    <p class='ocr_par' dir='ltr' id='par_1_68' title="bbox 186 1797 983 1834">
     <span class='ocr_line' id='line_1_69' title="bbox 186 1797 983 1834; baseline -0.003 -6"><span class='ocrx_word' id='word_1_573' title='bbox 186 1800 303 1828; x_wconf 79' lang='lat' dir='ltr'><strong>Abrahae</strong></span> <span class='ocrx_word' id='word_1_574' title='bbox 313 1807 422 1832; x_wconf 90' lang='lat' dir='ltr'><strong>sumus,</strong></span> <span class='ocrx_word' id='word_1_575' title='bbox 437 1805 527 1834; x_wconf 90' lang='lat' dir='ltr'><strong>neque</strong></span> <span class='ocrx_word' id='word_1_576' title='bbox 540 1797 667 1833; x_wconf 87' lang='lat' dir='ltr'><strong>cuiquam</strong></span> <span class='ocrx_word' id='word_1_577' title='bbox 677 1797 841 1826; x_wconf 81' lang='lat' dir='ltr'><strong>servivimus</strong></span> <span class='ocrx_word' id='word_1_578' title='bbox 851 1806 983 1834; x_wconf 84' lang='lat' dir='ltr'><strong>unquam;</strong></span> 
     </span>
    </p>
   </div>
   <div class='ocr_carea' id='block_1_69' title="bbox 186 1842 985 1881">
    <p class='ocr_par' dir='ltr' id='par_1_69' title="bbox 186 1842 985 1881">
     <span class='ocr_line' id='line_1_70' title="bbox 186 1842 985 1881; baseline -0.003 -8"><span class='ocrx_word' id='word_1_579' title='bbox 186 1845 327 1881; x_wconf 90' lang='lat' dir='ltr'><strong>quomodo</strong></span> <span class='ocrx_word' id='word_1_580' title='bbox 342 1847 374 1872; x_wconf 85' lang='lat' dir='ltr'><strong>tu</strong></span> <span class='ocrx_word' id='word_1_581' title='bbox 398 1843 468 1871; x_wconf 92' lang='lat' dir='ltr'><strong>dicis</strong></span> <span class='ocrx_word' id='word_1_582' title='bbox 492 1851 498 1868; x_wconf 92' lang='lat'>:</span> <span class='ocrx_word' id='word_1_583' title='bbox 526 1842 619 1870; x_wconf 89' lang='lat' dir='ltr'><strong>Liberi</strong></span> <span class='ocrx_word' id='word_1_584' title='bbox 640 1842 808 1870; x_wconf 83' lang='lat' dir='ltr'><strong>reddemini?</strong></span> <span class='ocrx_word' id='word_1_585' title='bbox 831 1843 985 1878; x_wconf 81' lang='lat' dir='ltr'><strong>Respondit</strong></span> 
     </span>
    </p>
   </div>
   <div class='ocr_carea' id='block_1_70' title="bbox 187 1887 984 1923">
    <p class='ocr_par' dir='ltr' id='par_1_70' title="bbox 187 1887 984 1923">
     <span class='ocr_line' id='line_1_71' title="bbox 187 1887 984 1923; baseline -0.001 -6"><span class='ocrx_word' id='word_1_586' title='bbox 187 1889 227 1917; x_wconf 90' lang='lat' dir='ltr'><strong>eis</strong></span> <span class='ocrx_word' id='word_1_587' title='bbox 241 1891 321 1917; x_wconf 82' lang='lat' dir='ltr'><strong>Jesus</strong></span> <span class='ocrx_word' id='word_1_588' title='bbox 339 1898 347 1916; x_wconf 87' lang='lat'><strong>:</strong></span> <span class='ocrx_word' id='word_1_589' title='bbox 363 1889 465 1921; x_wconf 76' lang='lat' dir='ltr'><strong>Amen,</strong></span> <span class='ocrx_word' id='word_1_590' title='bbox 477 1894 558 1915; x_wconf 84' lang='lat' dir='ltr'><strong>amen</strong></span> <span class='ocrx_word' id='word_1_591' title='bbox 571 1887 631 1915; x_wconf 91' lang='lat' dir='ltr'><strong>dico</strong></span> <span class='ocrx_word' id='word_1_592' title='bbox 646 1887 735 1921; x_wconf 85' lang='lat' dir='ltr'><strong>vobis,</strong></span> <span class='ocrx_word' id='word_1_593' title='bbox 749 1887 822 1923; x_wconf 91' lang='lat' dir='ltr'><strong>quod</strong></span> <span class='ocrx_word' id='word_1_594' title='bbox 834 1888 924 1915; x_wconf 91' lang='lat' dir='ltr'><strong>omnis</strong></span> <span class='ocrx_word' id='word_1_595' title='bbox 938 1888 984 1923; x_wconf 91' lang='lat' dir='ltr'><strong>qui</strong></span> 
     </span>
    </p>
   </div>
   <div class='ocr_carea' id='block_1_71' title="bbox 185 1933 984 1970">
    <p class='ocr_par' dir='ltr' id='par_1_71' title="bbox 185 1933 984 1970">
     <span class='ocr_line' id='line_1_72' title="bbox 185 1933 984 1970; baseline -0.003 -8"><span class='ocrx_word' id='word_1_596' title='bbox 185 1933 253 1962; x_wconf 83' lang='lat' dir='ltr'><strong>facit</strong></span> <span class='ocrx_word' id='word_1_597' title='bbox 278 1937 432 1970; x_wconf 87' lang='lat' dir='ltr'><strong>peccatum,</strong></span> <span class='ocrx_word' id='word_1_598' title='bbox 456 1940 550 1960; x_wconf 83' lang='lat' dir='ltr'><strong>servus</strong></span> <span class='ocrx_word' id='word_1_599' title='bbox 574 1937 617 1960; x_wconf 89' lang='lat' dir='ltr'><strong>est</strong></span> <span class='ocrx_word' id='word_1_600' title='bbox 637 1933 751 1968; x_wconf 88' lang='lat' dir='ltr'><strong>peccati.</strong></span> <span class='ocrx_word' id='word_1_601' title='bbox 773 1934 872 1960; x_wconf 89' lang='lat' dir='ltr'><strong>Servus</strong></span> <span class='ocrx_word' id='word_1_602' title='bbox 892 1937 984 1960; x_wconf 88' lang='lat' dir='ltr'><strong>autem</strong></span> 
     </span>
    </p>
   </div>
   <div class='ocr_carea' id='block_1_72' title="bbox 186 1976 985 2010">
    <p class='ocr_par' dir='ltr' id='par_1_72' title="bbox 186 1976 985 2010">
     <span class='ocr_line' id='line_1_73' title="bbox 186 1976 985 2010; baseline -0.004 -4"><span class='ocrx_word' id='word_1_603' title='bbox 186 1986 243 2006; x_wconf 91' lang='lat' dir='ltr'><strong>non</strong></span> <span class='ocrx_word' id='word_1_604' title='bbox 259 1981 354 2006; x_wconf 85' lang='lat' dir='ltr'><strong>manet</strong></span> <span class='ocrx_word' id='word_1_605' title='bbox 368 1978 396 2004; x_wconf 93' lang='lat' dir='ltr'><strong>in</strong></span> <span class='ocrx_word' id='word_1_606' title='bbox 415 1976 500 2005; x_wconf 89' lang='lat' dir='ltr'><strong>domo</strong></span> <span class='ocrx_word' id='word_1_607' title='bbox 527 1976 556 2004; x_wconf 93' lang='lat' dir='ltr'><strong>in</strong></span> <span class='ocrx_word' id='word_1_608' title='bbox 575 1981 722 2010; x_wconf 66' lang='lat' dir='ltr'><strong>aeternum;</strong></span> <span class='ocrx_word' id='word_1_609' title='bbox 740 1976 826 2004; x_wconf 81' lang='lat' dir='ltr'><strong>Filius</strong></span> <span class='ocrx_word' id='word_1_610' title='bbox 840 1981 934 2004; x_wconf 91' lang='lat' dir='ltr'><strong>manet</strong></span> <span class='ocrx_word' id='word_1_611' title='bbox 958 1977 985 2004; x_wconf 94' lang='lat' dir='ltr'><strong>in</strong></span> 
     </span>
    </p>
   </div>
   <div class='ocr_carea' id='block_1_73' title="bbox 186 2020 985 2057">
    <p class='ocr_par' dir='ltr' id='par_1_73' title="bbox 186 2020 985 2057">
     <span class='ocr_line' id='line_1_74' title="bbox 186 2020 985 2057; baseline -0.003 -7"><span class='ocrx_word' id='word_1_612' title='bbox 186 2027 332 2051; x_wconf 63' lang='lat' dir='ltr'><strong>aeternum.</strong></span> <span class='ocrx_word' id='word_1_613' title='bbox 349 2022 377 2050; x_wconf 91' lang='lat' dir='ltr'><strong>Si</strong></span> <span class='ocrx_word' id='word_1_614' title='bbox 394 2029 460 2057; x_wconf 85' lang='lat' dir='ltr'><strong>ergo</strong></span> <span class='ocrx_word' id='word_1_615' title='bbox 474 2021 560 2049; x_wconf 89' lang='lat' dir='ltr'><strong>Filius</strong></span> <span class='ocrx_word' id='word_1_616' title='bbox 574 2029 623 2048; x_wconf 91' lang='lat' dir='ltr'><strong>vos</strong></span> <span class='ocrx_word' id='word_1_617' title='bbox 638 2021 738 2048; x_wconf 87' lang='lat' dir='ltr'><strong>liberos</strong></span> <span class='ocrx_word' id='word_1_618' title='bbox 753 2020 911 2054; x_wconf 88' lang='lat' dir='ltr'><strong>reddiderit,</strong></span> <span class='ocrx_word' id='word_1_619' title='bbox 923 2028 985 2048; x_wconf 87' lang='lat' dir='ltr'><strong>vere</strong></span> 
     </span>
    </p>
   </div>
   <div class='ocr_carea' id='block_1_74' title="bbox 186 2065 985 2102">
    <p class='ocr_par' dir='ltr' id='par_1_74' title="bbox 186 2065 985 2102">
     <span class='ocr_line' id='line_1_75' title="bbox 186 2065 985 2102; baseline -0.003 -7"><span class='ocrx_word' id='word_1_620' title='bbox 186 2067 264 2095; x_wconf 89' lang='lat' dir='ltr'><strong>liberi</strong></span> <span class='ocrx_word' id='word_1_621' title='bbox 280 2066 355 2095; x_wconf 85' lang='lat' dir='ltr'><strong>estis.</strong></span> <span class='ocrx_word' id='word_1_622' title='bbox 378 2078 391 2091; x_wconf 72' lang='grc' dir='ltr'><strong>ν</strong></span> <span class='ocrx_word' id='word_1_623' title='bbox 407 2067 511 2094; x_wconf 90' lang='lat' dir='ltr'><strong>Iterum</strong></span> <span class='ocrx_word' id='word_1_624' title='bbox 524 2069 684 2102; x_wconf 85' lang='lat' dir='ltr'><strong>arrogantes</strong></span> <span class='ocrx_word' id='word_1_625' title='bbox 695 2065 730 2093; x_wconf 88' lang='lat' dir='ltr'><strong>ad</strong></span> <span class='ocrx_word' id='word_1_626' title='bbox 742 2065 893 2101; x_wconf 90' lang='lat' dir='ltr'><strong>ignobilem</strong></span> <span class='ocrx_word' id='word_1_627' title='bbox 907 2073 985 2093; x_wconf 90' lang='lat' dir='ltr'><strong>suam</strong></span> 
     </span>
    </p>
   </div>
   <div class='ocr_carea' id='block_1_75' title="bbox 1078 1746 1842 1793">
    <p class='ocr_par' dir='ltr' id='par_1_75' title="bbox 1078 1746 1842 1793">
     <span class='ocr_line' id='line_1_76' title="bbox 1078 1746 1842 1793; baseline 0.004 -14"><span class='ocrx_word' id='word_1_628' title='bbox 1078 1765 1089 1778; x_wconf 81' lang='grc' dir='ltr'><strong>ιι</strong></span> <span class='ocrx_word' id='word_1_629' title='bbox 1106 1751 1313 1791; x_wconf 77' lang='grc' dir='ltr'>Ἀπεκρίθησαν,</span> <span class='ocrx_word' id='word_1_630' title='bbox 1331 1752 1376 1781; x_wconf 84' lang='grc' dir='ltr'>καὶ</span> <span class='ocrx_word' id='word_1_631' title='bbox 1393 1746 1466 1781; x_wconf 70' lang='grc' dir='ltr'>εἶπον</span> <span class='ocrx_word' id='word_1_632' title='bbox 1478 1753 1562 1791; x_wconf 77' lang='grc' dir='ltr'>αὐτῷ·</span> <span class='ocrx_word' id='word_1_633' title='bbox 1581 1752 1695 1792; x_wconf 84' lang='grc' dir='ltr'>Σπέρμα</span> <span class='ocrx_word' id='word_1_634' title='bbox 1709 1752 1842 1793; x_wconf 75' lang='grc' dir='ltr'>Ἀϐραάμ</span> 
     </span>
    </p>
   </div>
   <div class='ocr_carea' id='block_1_76' title="bbox 1039 1796 1841 1835">
    <p class='ocr_par' dir='ltr' id='par_1_76' title="bbox 1039 1796 1841 1835">
     <span class='ocr_line' id='line_1_77' title="bbox 1039 1796 1841 1835; baseline 0.002 -10"><span class='ocrx_word' id='word_1_635' title='bbox 1039 1797 1137 1834; x_wconf 78' lang='grc' dir='ltr'>ἐσμεν,</span> <span class='ocrx_word' id='word_1_636' title='bbox 1162 1796 1208 1826; x_wconf 79' lang='grc' dir='ltr'>καὶ</span> <span class='ocrx_word' id='word_1_637' title='bbox 1237 1796 1321 1826; x_wconf 76' lang='grc' dir='ltr'>οὐδενὶ</span> <span class='ocrx_word' id='word_1_638' title='bbox 1344 1797 1551 1835; x_wconf 70' lang='grc' dir='ltr'>δεδουλεύκαμεν</span> <span class='ocrx_word' id='word_1_639' title='bbox 1574 1797 1693 1826; x_wconf 84' lang='grc' dir='ltr'>πώποτε·</span> <span class='ocrx_word' id='word_1_640' title='bbox 1718 1799 1775 1831; x_wconf 77' lang='grc' dir='ltr'><strong>πῶς</strong></span> <span class='ocrx_word' id='word_1_641' title='bbox 1804 1799 1841 1827; x_wconf 58' lang='grc' dir='ltr'>σὺ</span> 
     </span>
    </p>
   </div>
   <div class='ocr_carea' id='block_1_77' title="bbox 1037 1840 1843 1882">
    <p class='ocr_par' dir='ltr' id='par_1_77' title="bbox 1037 1840 1843 1882">
     <span class='ocr_line' id='line_1_78' title="bbox 1037 1840 1843 1882; baseline 0.002 -13"><span class='ocrx_word' id='word_1_642' title='bbox 1037 1841 1133 1879; x_wconf 76' lang='grc' dir='ltr'>λέγεις,</span> <span class='ocrx_word' id='word_1_643' title='bbox 1152 1840 1192 1870; x_wconf 82' lang='grc' dir='ltr'><strong>ὅτι</strong></span> <span class='ocrx_word' id='word_1_644' title='bbox 1217 1841 1367 1880; x_wconf 72' lang='grc' dir='ltr'>Ἰἰλεύοεροι</span> <span class='ocrx_word' id='word_1_645' title='bbox 1389 1841 1544 1879; x_wconf 83' lang='grc' dir='ltr'>γενήσεσθε;</span> <span class='ocrx_word' id='word_1_646' title='bbox 1567 1841 1711 1882; x_wconf 80' lang='grc' dir='ltr'>Ἀπεκρίθη</span> <span class='ocrx_word' id='word_1_647' title='bbox 1745 1843 1843 1876; x_wconf 71' lang='grc' dir='ltr'>αὐτοῖς</span> 
     </span>
    </p>
   </div>
   <div class='ocr_carea' id='block_1_78' title="bbox 1039 1885 1841 1925">
    <p class='ocr_par' dir='ltr' id='par_1_78' title="bbox 1039 1885 1841 1925">
     <span class='ocr_line' id='line_1_79' title="bbox 1039 1885 1841 1925; baseline 0.001 -10"><span class='ocrx_word' id='word_1_648' title='bbox 1039 1888 1052 1915; x_wconf 81' lang='grc' dir='ltr'><strong>ὁ</strong></span> <span class='ocrx_word' id='word_1_649' title='bbox 1067 1885 1178 1921; x_wconf 75' lang='grc' dir='ltr'>Ἰησοῦς·</span> <span class='ocrx_word' id='word_1_650' title='bbox 1195 1886 1288 1923; x_wconf 81' lang='grc' dir='ltr'>Ἀμὴν,</span> <span class='ocrx_word' id='word_1_651' title='bbox 1316 1886 1389 1922; x_wconf 82' lang='grc' dir='ltr'>ἀμὴν</span> <span class='ocrx_word' id='word_1_652' title='bbox 1406 1886 1476 1925; x_wconf 77' lang='grc' dir='ltr'>λέγω</span> <span class='ocrx_word' id='word_1_653' title='bbox 1495 1888 1575 1923; x_wconf 77' lang='grc' dir='ltr'>ὑμῖν,</span> <span class='ocrx_word' id='word_1_654' title='bbox 1599 1886 1639 1916; x_wconf 78' lang='grc' dir='ltr'><strong>ὅτι</strong></span> <span class='ocrx_word' id='word_1_655' title='bbox 1654 1891 1706 1920; x_wconf 82' lang='grc' dir='ltr'><strong>πᾶς</strong></span> <span class='ocrx_word' id='word_1_656' title='bbox 1723 1889 1841 1916; x_wconf 78' lang='grc' dir='ltr'>ὁποιῶν</span> 
     </span>
    </p>
   </div>
   <div class='ocr_carea' id='block_1_79' title="bbox 1039 1930 1838 1970">
    <p class='ocr_par' dir='ltr' id='par_1_79' title="bbox 1039 1930 1838 1970">
     <span class='ocr_line' id='line_1_80' title="bbox 1039 1930 1838 1970; baseline 0.004 -12"><span class='ocrx_word' id='word_1_657' title='bbox 1039 1930 1086 1966; x_wconf 76' lang='grc' dir='ltr'><strong>τὴν</strong></span> <span class='ocrx_word' id='word_1_658' title='bbox 1101 1931 1245 1970; x_wconf 82' lang='grc' dir='ltr'>ἁμαρτίαν,</span> <span class='ocrx_word' id='word_1_659' title='bbox 1260 1930 1349 1963; x_wconf 72' lang='grc' dir='ltr'>δοῦλός</span> <span class='ocrx_word' id='word_1_660' title='bbox 1365 1932 1422 1960; x_wconf 84' lang='grc' dir='ltr'>ἐστι</span> <span class='ocrx_word' id='word_1_661' title='bbox 1437 1933 1482 1964; x_wconf 70' lang='grc' dir='ltr'><strong>τῆς</strong></span> <span class='ocrx_word' id='word_1_662' title='bbox 1506 1931 1648 1970; x_wconf 77' lang='grc' dir='ltr'>ἁμαρτίας·</span> <span class='ocrx_word' id='word_1_663' title='bbox 1670 1931 1704 1960; x_wconf 69' lang='grc' dir='ltr'>Ὀ</span> <span class='ocrx_word' id='word_1_664' title='bbox 1721 1931 1747 1961; x_wconf 81' lang='grc' dir='ltr'><strong>δὲ</strong></span> <span class='ocrx_word' id='word_1_665' title='bbox 1769 1932 1838 1961; x_wconf 72' lang='grc' dir='ltr'>δοῦ-</span> 
     </span>
    </p>
   </div>
   <div class='ocr_carea' id='block_1_80' title="bbox 1040 1975 1837 2014">
    <p class='ocr_par' dir='ltr' id='par_1_80' title="bbox 1040 1975 1837 2014">
     <span class='ocr_line' id='line_1_81' title="bbox 1040 1975 1837 2014; baseline 0.003 -11"><span class='ocrx_word' id='word_1_666' title='bbox 1040 1977 1083 2006; x_wconf 88' lang='grc' dir='ltr'><strong>λος</strong></span> <span class='ocrx_word' id='word_1_667' title='bbox 1102 1976 1131 2003; x_wconf 81' lang='grc' dir='ltr'>οὖ</span> <span class='ocrx_word' id='word_1_668' title='bbox 1149 1975 1223 2012; x_wconf 82' lang='grc' dir='ltr'>μένει</span> <span class='ocrx_word' id='word_1_669' title='bbox 1239 1977 1264 2003; x_wconf 78' lang='grc' dir='ltr'>ἐν</span> <span class='ocrx_word' id='word_1_670' title='bbox 1278 1978 1310 2013; x_wconf 76' lang='grc' dir='ltr'><strong>τῇ</strong></span> <span class='ocrx_word' id='word_1_671' title='bbox 1326 1975 1396 2014; x_wconf 69' lang='grc' dir='ltr'>οἰκία</span> <span class='ocrx_word' id='word_1_672' title='bbox 1412 1976 1446 2007; x_wconf 85' lang='grc' dir='ltr'>εἷς</span> <span class='ocrx_word' id='word_1_673' title='bbox 1467 1976 1510 2003; x_wconf 66' lang='grc' dir='ltr'><strong>τὸν</strong></span> <span class='ocrx_word' id='word_1_674' title='bbox 1529 1978 1624 2004; x_wconf 63' lang='grc' dir='ltr'>αἰῶνα·</span> <span class='ocrx_word' id='word_1_675' title='bbox 1644 1978 1657 2005; x_wconf 81' lang='grc' dir='ltr'>ὁ</span> <span class='ocrx_word' id='word_1_676' title='bbox 1674 1977 1735 2008; x_wconf 79' lang='grc' dir='ltr'><strong>Υἱὸς</strong></span> <span class='ocrx_word' id='word_1_677' title='bbox 1754 1977 1837 2014; x_wconf 84' lang='grc' dir='ltr'>μένει</span> 
     </span>
    </p>
   </div>
   <div class='ocr_carea' id='block_1_81' title="bbox 1040 2015 1836 2060">
    <p class='ocr_par' dir='ltr' id='par_1_81' title="bbox 1040 2015 1836 2060">
     <span class='ocr_line' id='line_1_82' title="bbox 1040 2015 1836 2060; baseline 0.004 -13"><span class='ocrx_word' id='word_1_678' title='bbox 1040 2019 1074 2051; x_wconf 88' lang='grc' dir='ltr'>εἷς</span> <span class='ocrx_word' id='word_1_679' title='bbox 1086 2019 1130 2047; x_wconf 81' lang='grc' dir='ltr'><strong>τὸν</strong></span> <span class='ocrx_word' id='word_1_680' title='bbox 1150 2021 1244 2048; x_wconf 78' lang='grc' dir='ltr'>αἰῶνα.</span> <span class='ocrx_word' id='word_1_681' title='bbox 1264 2019 1328 2049; x_wconf 76' lang='grc' dir='ltr'><strong>Ἐὰν</strong></span> <span class='ocrx_word' id='word_1_682' title='bbox 1344 2015 1388 2048; x_wconf 62' lang='grc' dir='ltr'><strong>οὖν</strong></span> <span class='ocrx_word' id='word_1_683' title='bbox 1403 2021 1416 2048; x_wconf 79' lang='grc' dir='ltr'>ὃ</span> <span class='ocrx_word' id='word_1_684' title='bbox 1431 2020 1492 2052; x_wconf 67' lang='grc' dir='ltr'><strong>Υἱὸς</strong></span> <span class='ocrx_word' id='word_1_685' title='bbox 1504 2022 1571 2058; x_wconf 71' lang='grc' dir='ltr'>ὑμᾶς</span> <span class='ocrx_word' id='word_1_686' title='bbox 1588 2020 1768 2060; x_wconf 80' lang='grc' dir='ltr'>ἐλευθερώσῃ,</span> <span class='ocrx_word' id='word_1_687' title='bbox 1785 2020 1836 2050; x_wconf 78' lang='grc' dir='ltr'>ὄν-</span> 
     </span>
    </p>
   </div>
   <div class='ocr_carea' id='block_1_82' title="bbox 1040 2063 1837 2104">
    <p class='ocr_par' dir='ltr' id='par_1_82' title="bbox 1040 2063 1837 2104">
     <span class='ocr_line' id='line_1_83' title="bbox 1040 2063 1837 2104; baseline 0.001 -12"><span class='ocrx_word' id='word_1_688' title='bbox 1040 2075 1091 2096; x_wconf 84' lang='grc' dir='ltr'><strong>τως</strong></span> <span class='ocrx_word' id='word_1_689' title='bbox 1110 2063 1240 2102; x_wconf 80' lang='grc' dir='ltr'>ἐλεύθεροί</span> <span class='ocrx_word' id='word_1_690' title='bbox 1261 2065 1331 2093; x_wconf 81' lang='grc' dir='ltr'>ἐστε.</span> <span class='ocrx_word' id='word_1_691' title='bbox 1351 2077 1362 2089; x_wconf 81' lang='grc' dir='ltr'><strong>ιι</strong></span> <span class='ocrx_word' id='word_1_692' title='bbox 1388 2064 1474 2093; x_wconf 77' lang='grc' dir='ltr'>Πάλιν</span> <span class='ocrx_word' id='word_1_693' title='bbox 1497 2066 1520 2094; x_wconf 84' lang='grc' dir='ltr'>οἱ</span> <span class='ocrx_word' id='word_1_694' title='bbox 1544 2066 1666 2099; x_wconf 80' lang='grc' dir='ltr'>ἀλαζόνες</span> <span class='ocrx_word' id='word_1_695' title='bbox 1691 2065 1756 2104; x_wconf 81' lang='grc' dir='ltr'>πρὸς</span> <span class='ocrx_word' id='word_1_696' title='bbox 1784 2065 1837 2101; x_wconf 78' lang='grc' dir='ltr'><strong>τὴν</strong></span> 
     </span>
    </p>
   </div>
   <div class='ocr_carea' id='block_1_83' title="bbox 184 2106 983 2148">
    <p class='ocr_par' dir='ltr' id='par_1_83' title="bbox 184 2109 983 2146">
     <span class='ocr_line' id='line_1_84' title="bbox 184 2109 983 2146; baseline -0.003 -7"><span class='ocrx_word' id='word_1_697' title='bbox 184 2112 355 2140; x_wconf 88' lang='lat' dir='ltr'><strong>nobilitatem</strong></span> <span class='ocrx_word' id='word_1_698' title='bbox 383 2111 560 2146; x_wconf 88' lang='lat' dir='ltr'><strong>respicientes</strong></span> <span class='ocrx_word' id='word_1_699' title='bbox 597 2110 785 2143; x_wconf 85' lang='lat' dir='ltr'><strong>insolesennt,</strong></span> <span class='ocrx_word' id='word_1_700' title='bbox 825 2109 946 2138; x_wconf 87' lang='lat' dir='ltr'><strong>dicentes</strong></span> <span class='ocrx_word' id='word_1_701' title='bbox 977 2120 983 2138; x_wconf 86' lang='lat'><strong>:</strong></span> 
     </span>
    </p>
   </div>
   <div class='ocr_carea' id='block_1_84' title="bbox 1058 2106 1837 2148">
    <p class='ocr_par' dir='ltr' id='par_1_84' title="bbox 1058 2107 1837 2148">
     <span class='ocr_line' id='line_1_85' title="bbox 1058 2107 1837 2148; baseline 0.001 -12"><span class='ocrx_word' id='word_1_702' title='bbox 1058 2107 1132 2141; x_wconf 72' lang='grc' dir='ltr'>ίὲοξον</span> <span class='ocrx_word' id='word_1_703' title='bbox 1169 2109 1255 2137; x_wconf 80' lang='grc' dir='ltr'>αὐτῶν</span> <span class='ocrx_word' id='word_1_704' title='bbox 1286 2108 1417 2148; x_wconf 79' lang='grc' dir='ltr'>εὐγένειαν</span> <span class='ocrx_word' id='word_1_705' title='bbox 1451 2109 1621 2148; x_wconf 71' lang='grc' dir='ltr'>ἀφορῶντες,</span> <span class='ocrx_word' id='word_1_706' title='bbox 1646 2109 1837 2148; x_wconf 80' lang='grc' dir='ltr'>ἄγριαίνουσι,</span> 
     </span>
    </p>
   </div>
   <div class='ocr_carea' id='block_1_85' title="bbox 188 2154 985 2191">
    <p class='ocr_par' dir='ltr' id='par_1_85' title="bbox 188 2154 985 2191">
     <span class='ocr_line' id='line_1_86' title="bbox 188 2154 985 2191; baseline -0.003 -7"><span class='ocrx_word' id='word_1_707' title='bbox 188 2167 201 2181; x_wconf 77' lang='grc' dir='ltr'><strong>ιι</strong></span> <span class='ocrx_word' id='word_1_708' title='bbox 212 2158 312 2184; x_wconf 86' lang='lat' dir='ltr'><strong>Semen</strong></span> <span class='ocrx_word' id='word_1_709' title='bbox 326 2155 443 2184; x_wconf 71' lang='lat' dir='ltr'><strong>Abrahae</strong></span> <span class='ocrx_word' id='word_1_710' title='bbox 454 2163 561 2190; x_wconf 84' lang='lat' dir='ltr'><strong>sumus,</strong></span> <span class='ocrx_word' id='word_1_711' title='bbox 576 2167 588 2179; x_wconf 77' lang='grc' dir='ltr'><strong>ιι</strong></span> <span class='ocrx_word' id='word_1_712' title='bbox 602 2155 728 2190; x_wconf 87' lang='lat' dir='ltr'><strong>quamvis</strong></span> <span class='ocrx_word' id='word_1_713' title='bbox 741 2155 773 2182; x_wconf 92' lang='lat' dir='ltr'><strong>de</strong></span> <span class='ocrx_word' id='word_1_714' title='bbox 786 2154 837 2182; x_wconf 90' lang='lat' dir='ltr'><strong>alio</strong></span> <span class='ocrx_word' id='word_1_715' title='bbox 850 2155 985 2191; x_wconf 90' lang='lat' dir='ltr'><strong>indignari</strong></span> 
     </span>
    </p>
   </div>
   <div class='ocr_carea' id='block_1_86' title="bbox 185 2199 985 2237">
    <p class='ocr_par' dir='ltr' id='par_1_86' title="bbox 185 2199 985 2237">
     <span class='ocr_line' id='line_1_87' title="bbox 185 2199 985 2237; baseline -0.003 -9"><span class='ocrx_word' id='word_1_716' title='bbox 185 2201 332 2235; x_wconf 85' lang='lat' dir='ltr'><strong>debebant,</strong></span> <span class='ocrx_word' id='word_1_717' title='bbox 344 2200 481 2237; x_wconf 82' lang='lat' dir='ltr'><strong>siquidem</strong></span> <span class='ocrx_word' id='word_1_718' title='bbox 489 2207 536 2227; x_wconf 87' lang='lat' dir='ltr'><strong>eos</strong></span> <span class='ocrx_word' id='word_1_719' title='bbox 552 2199 687 2235; x_wconf 86' lang='lat' dir='ltr'><strong>indignari</strong></span> <span class='ocrx_word' id='word_1_720' title='bbox 701 2199 855 2235; x_wconf 82' lang='lat' dir='ltr'><strong>oportebat.</strong></span> <span class='ocrx_word' id='word_1_721' title='bbox 872 2200 985 2227; x_wconf 81' lang='lat' dir='ltr'><strong>Dixerat</strong></span> 
     </span>
    </p>
   </div>
   <div class='ocr_carea' id='block_1_87' title="bbox 185 2243 985 2280">
    <p class='ocr_par' dir='ltr' id='par_1_87' title="bbox 185 2243 985 2280">
     <span class='ocr_line' id='line_1_88' title="bbox 185 2243 985 2280; baseline -0.003 -7"><span class='ocrx_word' id='word_1_722' title='bbox 185 2246 260 2273; x_wconf 90' lang='lat' dir='ltr'><strong>enim</strong></span> <span class='ocrx_word' id='word_1_723' title='bbox 269 2247 307 2274; x_wconf 90' lang='lat' dir='ltr'><strong>eis</strong></span> <span class='ocrx_word' id='word_1_724' title='bbox 320 2255 326 2273; x_wconf 92' lang='lat'>:</span> <span class='ocrx_word' id='word_1_725' title='bbox 338 2257 351 2269; x_wconf 77' lang='grc' dir='ltr'>ι</span> <span class='ocrx_word' id='word_1_726' title='bbox 362 2245 516 2273; x_wconf 78' lang='lat' dir='ltr'><strong>Veritatem</strong></span> <span class='ocrx_word' id='word_1_727' title='bbox 526 2245 634 2278; x_wconf 78' lang='lat' dir='ltr'><strong>scietis;</strong></span> <span class='ocrx_word' id='word_1_728' title='bbox 646 2256 658 2268; x_wconf 72' lang='grc' dir='ltr'><strong>ν</strong></span> <span class='ocrx_word' id='word_1_729' title='bbox 669 2249 833 2280; x_wconf 89' lang='lat' dir='ltr'><strong>quapropter</strong></span> <span class='ocrx_word' id='word_1_730' title='bbox 840 2243 985 2279; x_wconf 87' lang='lat' dir='ltr'><strong>oportebat</strong></span> 
     </span>
    </p>
   </div>
   <div class='ocr_carea' id='block_1_88' title="bbox 185 2289 984 2326">
    <p class='ocr_par' dir='ltr' id='par_1_88' title="bbox 185 2289 984 2326">
     <span class='ocr_line' id='line_1_89' title="bbox 185 2289 984 2326; baseline -0.004 -8"><span class='ocrx_word' id='word_1_731' title='bbox 185 2291 287 2325; x_wconf 90' lang='lat' dir='ltr'><strong>dicere,</strong></span> <span class='ocrx_word' id='word_1_732' title='bbox 312 2290 385 2326; x_wconf 85' lang='lat' dir='ltr'><strong>Quid</strong></span> <span class='ocrx_word' id='word_1_733' title='bbox 412 2289 514 2326; x_wconf 84' lang='lat' dir='ltr'><strong>igitur?</strong></span> <span class='ocrx_word' id='word_1_734' title='bbox 541 2289 683 2317; x_wconf 86' lang='lat' dir='ltr'><strong>veritatem</strong></span> <span class='ocrx_word' id='word_1_735' title='bbox 710 2297 782 2316; x_wconf 91' lang='lat' dir='ltr'><strong>nunc</strong></span> <span class='ocrx_word' id='word_1_736' title='bbox 809 2289 984 2324; x_wconf 83' lang='lat' dir='ltr'><strong>ignoramus?</strong></span> 
     </span>
    </p>
   </div>
   <div class='ocr_carea' id='block_1_89' title="bbox 184 2333 986 2371">
    <p class='ocr_par' dir='ltr' id='par_1_89' title="bbox 184 2333 986 2371">
     <span class='ocr_line' id='line_1_90' title="bbox 184 2333 986 2371; baseline -0.002 -8"><span class='ocrx_word' id='word_1_737' title='bbox 184 2335 270 2371; x_wconf 78' lang='lat'><strong>623</strong></span> <span class='ocrx_word' id='word_1_738' title='bbox 299 2335 511 2363; x_wconf 89' lang='lat' dir='ltr'><strong>mendaciumne</strong></span> <span class='ocrx_word' id='word_1_739' title='bbox 531 2338 595 2362; x_wconf 86' lang='lat' dir='ltr'><strong>sunt</strong></span> <span class='ocrx_word' id='word_1_740' title='bbox 616 2334 708 2362; x_wconf 90' lang='lat' dir='ltr'><strong>omnia</strong></span> <span class='ocrx_word' id='word_1_741' title='bbox 731 2341 792 2369; x_wconf 66' lang='lat' dir='ltr'><strong>quae</strong></span> <span class='ocrx_word' id='word_1_742' title='bbox 820 2333 849 2360; x_wconf 90' lang='lat' dir='ltr'><strong>in</strong></span> <span class='ocrx_word' id='word_1_743' title='bbox 872 2333 932 2369; x_wconf 87' lang='lat' dir='ltr'><strong>lege</strong></span> <span class='ocrx_word' id='word_1_744' title='bbox 957 2337 986 2361; x_wconf 90' lang='lat' dir='ltr'><strong>et</strong></span> 
     </span>
    </p>
   </div>
   <div class='ocr_carea' id='block_1_90' title="bbox 184 2378 982 2416">
    <p class='ocr_par' dir='ltr' id='par_1_90' title="bbox 184 2378 982 2416">
     <span class='ocr_line' id='line_1_91' title="bbox 184 2378 982 2416; baseline -0.001 -9"><span class='ocrx_word' id='word_1_745' title='bbox 184 2380 303 2416; x_wconf 89' lang='lat' dir='ltr'><strong>cognitio</strong></span> <span class='ocrx_word' id='word_1_746' title='bbox 328 2382 440 2408; x_wconf 82' lang='lat' dir='ltr'><strong>nostra?</strong></span> <span class='ocrx_word' id='word_1_747' title='bbox 467 2379 519 2407; x_wconf 89' lang='lat' dir='ltr'><strong>Sed</strong></span> <span class='ocrx_word' id='word_1_748' title='bbox 546 2379 613 2406; x_wconf 90' lang='lat' dir='ltr'><strong>nihil</strong></span> <span class='ocrx_word' id='word_1_749' title='bbox 629 2379 730 2407; x_wconf 90' lang='lat' dir='ltr'><strong>horum</strong></span> <span class='ocrx_word' id='word_1_750' title='bbox 756 2378 796 2406; x_wconf 90' lang='lat' dir='ltr'><strong>eis</strong></span> <span class='ocrx_word' id='word_1_751' title='bbox 818 2385 891 2406; x_wconf 68' lang='lat' dir='ltr'><strong>cura:</strong></span> <span class='ocrx_word' id='word_1_752' title='bbox 914 2383 982 2413; x_wconf 83' lang='lat' dir='ltr'><strong>erat,</strong></span> 
     </span>
    </p>
   </div>
   <div class='ocr_carea' id='block_1_91' title="bbox 183 2423 985 2460">
    <p class='ocr_par' dir='ltr' id='par_1_91' title="bbox 183 2423 985 2460">
     <span class='ocr_line' id='line_1_92' title="bbox 183 2423 985 2460; baseline -0.002 -8"><span class='ocrx_word' id='word_1_753' title='bbox 183 2425 234 2452; x_wconf 88' lang='lat' dir='ltr'><strong>sed</strong></span> <span class='ocrx_word' id='word_1_754' title='bbox 267 2424 476 2460; x_wconf 84' lang='lat' dir='ltr'><strong>suspicabantur</strong></span> <span class='ocrx_word' id='word_1_755' title='bbox 509 2423 671 2460; x_wconf 88' lang='lat' dir='ltr'><strong>opprobrari</strong></span> <span class='ocrx_word' id='word_1_756' title='bbox 700 2423 751 2450; x_wconf 88' lang='lat' dir='ltr'><strong>sibi</strong></span> <span class='ocrx_word' id='word_1_757' title='bbox 777 2423 932 2451; x_wconf 89' lang='lat' dir='ltr'><strong>servitutem</strong></span> <span class='ocrx_word' id='word_1_758' title='bbox 957 2427 985 2451; x_wconf 90' lang='lat' dir='ltr'><strong>et</strong></span> 
     </span>
    </p>
   </div>
   <div class='ocr_carea' id='block_1_92' title="bbox 183 2468 982 2505">
    <p class='ocr_par' dir='ltr' id='par_1_92' title="bbox 183 2468 982 2505">
     <span class='ocr_line' id='line_1_93' title="bbox 183 2468 982 2505; baseline -0.001 -8"><span class='ocrx_word' id='word_1_759' title='bbox 183 2469 383 2505; x_wconf 87' lang='lat' dir='ltr'><strong>ignobilitatem</strong></span> <span class='ocrx_word' id='word_1_760' title='bbox 415 2469 444 2497; x_wconf 92' lang='lat' dir='ltr'><strong>in</strong></span> <span class='ocrx_word' id='word_1_761' title='bbox 486 2468 632 2497; x_wconf 89' lang='lat' dir='ltr'><strong>mundanis</strong></span> <span class='ocrx_word' id='word_1_762' title='bbox 665 2468 793 2504; x_wconf 85' lang='lat' dir='ltr'><strong>negotiis.</strong></span> <span class='ocrx_word' id='word_1_763' title='bbox 837 2479 849 2492; x_wconf 87' lang='lat'><strong><em>-</em></strong></span> <span class='ocrx_word' id='word_1_764' title='bbox 885 2469 982 2496; x_wconf 91' lang='lat' dir='ltr'><strong>Semen</strong></span> 
     </span>
    </p>
   </div>
   <div class='ocr_carea' id='block_1_93' title="bbox 182 2514 982 2550">
    <p class='ocr_par' dir='ltr' id='par_1_93' title="bbox 182 2514 982 2550">
     <span class='ocr_line' id='line_1_94' title="bbox 182 2514 982 2550; baseline -0.003 -8"><span class='ocrx_word' id='word_1_765' title='bbox 182 2514 301 2542; x_wconf 72' lang='lat' dir='ltr'><strong>Abrahae</strong></span> <span class='ocrx_word' id='word_1_766' title='bbox 315 2522 420 2542; x_wconf 86' lang='lat' dir='ltr'><strong>sumus.</strong></span> <span class='ocrx_word' id='word_1_767' title='bbox 445 2523 460 2540; x_wconf 64' lang='grc' dir='ltr'><em>Ὠ</em></span> <span class='ocrx_word' id='word_1_768' title='bbox 478 2514 622 2550; x_wconf 87' lang='lat' dir='ltr'><strong>Nusquam</strong></span> <span class='ocrx_word' id='word_1_769' title='bbox 638 2521 775 2540; x_wconf 89' lang='lat' dir='ltr'><strong>memores</strong></span> <span class='ocrx_word' id='word_1_770' title='bbox 788 2517 854 2541; x_wconf 91' lang='lat' dir='ltr'><strong>sunt</strong></span> <span class='ocrx_word' id='word_1_771' title='bbox 868 2521 982 2541; x_wconf 88' lang='lat' dir='ltr'><strong>suorum</strong></span> 
     </span>
    </p>
   </div>
   <div class='ocr_carea' id='block_1_94' title="bbox 180 2557 982 2594">
    <p class='ocr_par' dir='ltr' id='par_1_94' title="bbox 180 2557 982 2594">
     <span class='ocr_line' id='line_1_95' title="bbox 180 2557 982 2594; baseline 0 -8"><span class='ocrx_word' id='word_1_772' title='bbox 180 2566 307 2594; x_wconf 88' lang='lat' dir='ltr'><strong>operum,</strong></span> <span class='ocrx_word' id='word_1_773' title='bbox 330 2558 378 2586; x_wconf 87' lang='lat' dir='ltr'><strong>sed</strong></span> <span class='ocrx_word' id='word_1_774' title='bbox 392 2559 428 2586; x_wconf 88' lang='lat' dir='ltr'><strong>ad</strong></span> <span class='ocrx_word' id='word_1_775' title='bbox 443 2563 535 2594; x_wconf 87' lang='lat' dir='ltr'><strong>patres</strong></span> <span class='ocrx_word' id='word_1_776' title='bbox 557 2561 712 2586; x_wconf 90' lang='lat' dir='ltr'><strong>recurrunt.</strong></span> <span class='ocrx_word' id='word_1_777' title='bbox 729 2557 795 2585; x_wconf 89' lang='lat' dir='ltr'><strong>Ideo</strong></span> <span class='ocrx_word' id='word_1_778' title='bbox 810 2562 838 2585; x_wconf 87' lang='lat' dir='ltr'><strong>et</strong></span> <span class='ocrx_word' id='word_1_779' title='bbox 862 2558 982 2586; x_wconf 89' lang='lat' dir='ltr'><strong>Joannes</strong></span> 
     </span>
    </p>
   </div>
   <div class='ocr_carea' id='block_1_95' title="bbox 180 2601 980 2638">
    <p class='ocr_par' dir='ltr' id='par_1_95' title="bbox 180 2601 980 2638">
     <span class='ocr_line' id='line_1_96' title="bbox 180 2601 980 2638; baseline 0 -7"><span class='ocrx_word' id='word_1_780' title='bbox 180 2603 214 2631; x_wconf 87' lang='lat' dir='ltr'><strong>ad</strong></span> <span class='ocrx_word' id='word_1_781' title='bbox 228 2611 276 2631; x_wconf 89' lang='lat' dir='ltr'><strong>eos</strong></span> <span class='ocrx_word' id='word_1_782' title='bbox 289 2603 358 2630; x_wconf 86' lang='lat' dir='ltr'><strong>dixit</strong></span> <span class='ocrx_word' id='word_1_783' title='bbox 373 2611 380 2630; x_wconf 95' lang='lat'><strong>:</strong></span> <span class='ocrx_word' id='word_1_784' title='bbox 403 2614 416 2627; x_wconf 76' lang='grc' dir='ltr'>ι</span> <span class='ocrx_word' id='word_1_785' title='bbox 445 2603 485 2631; x_wconf 84' lang='lat' dir='ltr'><strong>Ne</strong></span> <span class='ocrx_word' id='word_1_786' title='bbox 498 2601 638 2638; x_wconf 82' lang='lat' dir='ltr'><strong>coeperitis</strong></span> <span class='ocrx_word' id='word_1_787' title='bbox 652 2602 753 2636; x_wconf 88' lang='lat' dir='ltr'><strong>dicere,</strong></span> <span class='ocrx_word' id='word_1_788' title='bbox 771 2604 881 2630; x_wconf 90' lang='lat' dir='ltr'><strong>Patrem</strong></span> <span class='ocrx_word' id='word_1_789' title='bbox 897 2602 980 2631; x_wconf 88' lang='lat' dir='ltr'><strong>habe-</strong></span> 
     </span>
    </p>
   </div>
   <div class='ocr_carea' id='block_1_96' title="bbox 180 2647 979 2683">
    <p class='ocr_par' dir='ltr' id='par_1_96' title="bbox 180 2647 979 2683">
     <span class='ocr_line' id='line_1_97' title="bbox 180 2647 979 2683; baseline 0 -8"><span class='ocrx_word' id='word_1_790' title='bbox 180 2655 242 2676; x_wconf 91' lang='lat' dir='ltr'><strong>mus</strong></span> <span class='ocrx_word' id='word_1_791' title='bbox 258 2648 397 2676; x_wconf 75' lang='lat' dir='ltr'><strong>Abraham</strong></span> <span class='ocrx_word' id='word_1_792' title='bbox 412 2648 441 2675; x_wconf 78' lang='lat'><strong>&quot;.</strong></span> <span class='ocrx_word' id='word_1_793' title='bbox 462 2659 474 2672; x_wconf 79' lang='grc' dir='ltr'><strong>ι</strong></span> <span class='ocrx_word' id='word_1_794' title='bbox 489 2647 621 2683; x_wconf 85' lang='lat' dir='ltr'><strong>Quamvis</strong></span> <span class='ocrx_word' id='word_1_795' title='bbox 636 2647 778 2675; x_wconf 79' lang='lat' dir='ltr'><strong>manifeste</strong></span> <span class='ocrx_word' id='word_1_796' title='bbox 793 2648 900 2675; x_wconf 85' lang='lat' dir='ltr'><strong>mentiti</strong></span> <span class='ocrx_word' id='word_1_797' title='bbox 915 2648 979 2682; x_wconf 90' lang='lat' dir='ltr'><strong>sint,</strong></span> 
     </span>
    </p>
   </div>
   <div class='ocr_carea' id='block_1_97' title="bbox 179 2691 978 2726">
    <p class='ocr_par' dir='ltr' id='par_1_97' title="bbox 179 2691 978 2726">
     <span class='ocr_line' id='line_1_98' title="bbox 179 2691 978 2726; baseline 0.001 -7"><span class='ocrx_word' id='word_1_798' title='bbox 179 2691 303 2720; x_wconf 91' lang='lat' dir='ltr'><strong>dicentes</strong></span> <span class='ocrx_word' id='word_1_799' title='bbox 329 2702 367 2719; x_wconf 72' lang='grc' dir='ltr'><strong>τα</strong></span> <span class='ocrx_word' id='word_1_800' title='bbox 395 2691 466 2720; x_wconf 86' lang='lat' dir='ltr'><strong>Nulli</strong></span> <span class='ocrx_word' id='word_1_801' title='bbox 493 2692 669 2726; x_wconf 84' lang='lat' dir='ltr'><strong>servivimus;</strong></span> <span class='ocrx_word' id='word_1_802' title='bbox 693 2703 705 2716; x_wconf 70' lang='grc' dir='ltr'><strong>ν</strong></span> <span class='ocrx_word' id='word_1_803' title='bbox 725 2692 881 2720; x_wconf 86' lang='lat' dir='ltr'><strong>servierunt</strong></span> <span class='ocrx_word' id='word_1_804' title='bbox 895 2692 978 2720; x_wconf 86' lang='lat' dir='ltr'><strong>enim.</strong></span> 
     </span>
    </p>
   </div>
   <div class='ocr_carea' id='block_1_98' title="bbox 178 2736 981 2774">
    <p class='ocr_par' dir='ltr' id='par_1_98' title="bbox 178 2736 981 2774">
     <span class='ocr_line' id='line_1_99' title="bbox 178 2736 981 2774; baseline 0.001 -10"><span class='ocrx_word' id='word_1_805' title='bbox 178 2737 285 2772; x_wconf 89' lang='lat' dir='ltr'><strong>quoties</strong></span> <span class='ocrx_word' id='word_1_806' title='bbox 298 2736 327 2764; x_wconf 92' lang='lat' dir='ltr'><strong>in</strong></span> <span class='ocrx_word' id='word_1_807' title='bbox 350 2737 536 2773; x_wconf 89' lang='lat' dir='ltr'><strong>captivitatem</strong></span> <span class='ocrx_word' id='word_1_808' title='bbox 557 2736 631 2765; x_wconf 90' lang='lat' dir='ltr'><strong>ducti</strong></span> <span class='ocrx_word' id='word_1_809' title='bbox 647 2741 722 2771; x_wconf 86' lang='lat' dir='ltr'><strong>sunt,</strong></span> <span class='ocrx_word' id='word_1_810' title='bbox 749 2741 777 2765; x_wconf 90' lang='lat' dir='ltr'><strong>et</strong></span> <span class='ocrx_word' id='word_1_811' title='bbox 792 2737 937 2774; x_wconf 67' lang='lat' dir='ltr'><strong>Egyptiis,</strong></span> <span class='ocrx_word' id='word_1_812' title='bbox 953 2741 981 2765; x_wconf 90' lang='lat' dir='ltr'><strong>et</strong></span> 
     </span>
    </p>
   </div>
   <div class='ocr_carea' id='block_1_99' title="bbox 216 2811 454 2848">
    <p class='ocr_par' dir='ltr' id='par_1_99' title="bbox 216 2811 454 2848">
     <span class='ocr_line' id='line_1_100' title="bbox 216 2811 454 2848; baseline 0.013 -10"><span class='ocrx_word' id='word_1_813' title='bbox 216 2812 237 2829; x_wconf 84' lang='grc'>¹²</span> <span class='ocrx_word' id='word_1_814' title='bbox 252 2811 350 2840; x_wconf 85' lang='lat' dir='ltr'><strong>Matth.</strong></span> <span class='ocrx_word' id='word_1_815' title='bbox 363 2820 411 2848; x_wconf 83' lang='grc' dir='ltr'>ιιι,</span> <span class='ocrx_word' id='word_1_816' title='bbox 428 2816 454 2841; x_wconf 88' lang='grc'><strong>9.</strong></span> 
     </span>
    </p>
   </div>
   <div class='ocr_carea' id='block_1_100' title="bbox 1042 2152 1838 2194">
    <p class='ocr_par' dir='ltr' id='par_1_100' title="bbox 1042 2152 1838 2194">
     <span class='ocr_line' id='line_1_101' title="bbox 1042 2152 1838 2194; baseline 0.004 -14"><span class='ocrx_word' id='word_1_817' title='bbox 1042 2164 1056 2179; x_wconf 76' lang='grc' dir='ltr'><strong>α</strong></span> <span class='ocrx_word' id='word_1_818' title='bbox 1075 2152 1187 2192; x_wconf 78' lang='grc' dir='ltr'>Σπέρμα</span> <span class='ocrx_word' id='word_1_819' title='bbox 1206 2153 1326 2193; x_wconf 73' lang='grc' dir='ltr'>Ἀϐραάμ</span> <span class='ocrx_word' id='word_1_820' title='bbox 1343 2155 1440 2192; x_wconf 82' lang='grc' dir='ltr'>ἐσμεν,</span> <span class='ocrx_word' id='word_1_821' title='bbox 1457 2165 1470 2182; x_wconf 78' lang='lat' dir='ltr'><strong><em>D</em></strong></span> <span class='ocrx_word' id='word_1_822' title='bbox 1489 2154 1619 2192; x_wconf 82' lang='grc' dir='ltr'>λέγοντες.</span> <span class='ocrx_word' id='word_1_823' title='bbox 1639 2154 1735 2184; x_wconf 80' lang='grc' dir='ltr'>Καίτοι</span> <span class='ocrx_word' id='word_1_824' title='bbox 1751 2155 1838 2194; x_wconf 73' lang='grc' dir='ltr'>ἐχρῆν</span> 
     </span>
    </p>
   </div>
   <div class='ocr_carea' id='block_1_101' title="bbox 1039 2196 1839 2238">
    <p class='ocr_par' dir='ltr' id='par_1_101' title="bbox 1039 2196 1839 2238">
     <span class='ocr_line' id='line_1_102' title="bbox 1039 2196 1839 2238; baseline 0.003 -12"><span class='ocrx_word' id='word_1_825' title='bbox 1039 2196 1133 2230; x_wconf 78' lang='grc' dir='ltr'>αὐτοὺς</span> <span class='ocrx_word' id='word_1_826' title='bbox 1157 2197 1197 2227; x_wconf 78' lang='grc' dir='ltr'><strong>ἐπ’</strong></span> <span class='ocrx_word' id='word_1_827' title='bbox 1220 2197 1293 2238; x_wconf 77' lang='grc' dir='ltr'>ἄλλῳ</span> <span class='ocrx_word' id='word_1_828' title='bbox 1319 2199 1521 2236; x_wconf 45' lang='lat' dir='ltr'><strong>ﬂavam-7,311,</strong></span> <span class='ocrx_word' id='word_1_829' title='bbox 1550 2198 1574 2227; x_wconf 89' lang='grc' dir='ltr'>εἴ</span> <span class='ocrx_word' id='word_1_830' title='bbox 1595 2211 1623 2236; x_wconf 79' lang='grc' dir='ltr'><strong>γε</strong></span> <span class='ocrx_word' id='word_1_831' title='bbox 1656 2199 1707 2228; x_wconf 85' lang='grc' dir='ltr'>ἔδει</span> <span class='ocrx_word' id='word_1_832' title='bbox 1732 2201 1839 2237; x_wconf 82' lang='grc' dir='ltr'>ἀγανα-</span> 
     </span>
    </p>
   </div>
   <div class='ocr_carea' id='block_1_102' title="bbox 1039 2237 1839 2282">
    <p class='ocr_par' dir='ltr' id='par_1_102' title="bbox 1039 2237 1839 2282">
     <span class='ocr_line' id='line_1_103' title="bbox 1039 2237 1839 2282; baseline 0.003 -12"><span class='ocrx_word' id='word_1_833' title='bbox 1039 2246 1119 2273; x_wconf 85' lang='grc' dir='ltr'>κτεῖν,</span> <span class='ocrx_word' id='word_1_834' title='bbox 1139 2237 1205 2272; x_wconf 75' lang='grc' dir='ltr'>Εἶπε</span> <span class='ocrx_word' id='word_1_835' title='bbox 1222 2243 1272 2282; x_wconf 78' lang='grc' dir='ltr'><strong>γὰρ</strong></span> <span class='ocrx_word' id='word_1_836' title='bbox 1295 2245 1382 2275; x_wconf 80' lang='grc' dir='ltr'>αὐτοῖς</span> <span class='ocrx_word' id='word_1_837' title='bbox 1396 2266 1404 2280; x_wconf 87' lang='grc'><strong>,</strong></span> <span class='ocrx_word' id='word_1_838' title='bbox 1422 2243 1461 2272; x_wconf 74' lang='grc' dir='ltr'><strong>ὅτι</strong></span> <span class='ocrx_word' id='word_1_839' title='bbox 1483 2258 1491 2268; x_wconf 67' lang='grc' dir='ltr'>η</span> <span class='ocrx_word' id='word_1_840' title='bbox 1513 2242 1571 2278; x_wconf 79' lang='grc' dir='ltr'>’[’ὴν</span> <span class='ocrx_word' id='word_1_841' title='bbox 1589 2243 1717 2280; x_wconf 80' lang='grc' dir='ltr'>ἀλήθειαν</span> <span class='ocrx_word' id='word_1_842' title='bbox 1731 2243 1839 2280; x_wconf 83' lang='grc' dir='ltr'>γνώσε-</span> 
     </span>
    </p>
   </div>
   <div class='ocr_carea' id='block_1_103' title="bbox 1039 2283 1837 2327">
    <p class='ocr_par' dir='ltr' id='par_1_103' title="bbox 1039 2283 1837 2327">
     <span class='ocr_line' id='line_1_104' title="bbox 1039 2283 1837 2327; baseline 0.003 -12"><span class='ocrx_word' id='word_1_843' title='bbox 1039 2289 1094 2318; x_wconf 84' lang='grc' dir='ltr'>σθε.</span> <span class='ocrx_word' id='word_1_844' title='bbox 1110 2302 1120 2313; x_wconf 81' lang='grc'><strong>¹²</strong></span> <span class='ocrx_word' id='word_1_845' title='bbox 1139 2287 1238 2327; x_wconf 66' lang='grc' dir='ltr'>Ἐχρῆν</span> <span class='ocrx_word' id='word_1_846' title='bbox 1256 2283 1299 2316; x_wconf 67' lang='grc' dir='ltr'><strong>οὖν</strong></span> <span class='ocrx_word' id='word_1_847' title='bbox 1325 2289 1415 2317; x_wconf 77' lang='grc' dir='ltr'>εἰπεῖν·</span> <span class='ocrx_word' id='word_1_848' title='bbox 1441 2288 1477 2317; x_wconf 84' lang='grc' dir='ltr'>Τί</span> <span class='ocrx_word' id='word_1_849' title='bbox 1498 2288 1545 2324; x_wconf 72' lang='grc' dir='ltr'>ὂέ;</span> <span class='ocrx_word' id='word_1_850' title='bbox 1572 2291 1615 2316; x_wconf 76' lang='grc' dir='ltr'><strong>νῦν</strong></span> <span class='ocrx_word' id='word_1_851' title='bbox 1638 2288 1686 2323; x_wconf 87' lang='grc' dir='ltr'><strong>τὴν</strong></span> <span class='ocrx_word' id='word_1_852' title='bbox 1705 2289 1837 2323; x_wconf 82' lang='grc' dir='ltr'>ἀλήθειαν</span> 
     </span>
    </p>
   </div>
   <div class='ocr_carea' id='block_1_104' title="bbox 1038 2332 1837 2372">
    <p class='ocr_par' dir='ltr' id='par_1_104' title="bbox 1038 2332 1837 2372">
     <span class='ocr_line' id='line_1_105' title="bbox 1038 2332 1837 2372; baseline 0.001 -12"><span class='ocrx_word' id='word_1_853' title='bbox 1038 2334 1084 2360; x_wconf 79' lang='grc' dir='ltr'><strong>οὒκ</strong></span> <span class='ocrx_word' id='word_1_854' title='bbox 1099 2332 1173 2370; x_wconf 81' lang='grc' dir='ltr'>ἴσμεν</span> <span class='ocrx_word' id='word_1_855' title='bbox 1185 2355 1191 2367; x_wconf 85' lang='grc'><strong>,</strong></span> <span class='ocrx_word' id='word_1_856' title='bbox 1212 2333 1280 2361; x_wconf 80' lang='grc' dir='ltr'>ἀλλὰ</span> <span class='ocrx_word' id='word_1_857' title='bbox 1293 2334 1386 2372; x_wconf 78' lang='grc' dir='ltr'>ψεῦδος</span> <span class='ocrx_word' id='word_1_858' title='bbox 1403 2332 1507 2361; x_wconf 80' lang='grc' dir='ltr'>ἅπαντα</span> <span class='ocrx_word' id='word_1_859' title='bbox 1525 2332 1557 2361; x_wconf 77' lang='grc' dir='ltr'><strong>τὰ</strong></span> <span class='ocrx_word' id='word_1_860' title='bbox 1575 2336 1620 2361; x_wconf 73' lang='grc' dir='ltr'><strong>τοῦ</strong></span> <span class='ocrx_word' id='word_1_861' title='bbox 1635 2333 1734 2371; x_wconf 84' lang='grc' dir='ltr'>νόμου,</span> <span class='ocrx_word' id='word_1_862' title='bbox 1754 2333 1801 2362; x_wconf 78' lang='grc' dir='ltr'>καὶ</span> <span class='ocrx_word' id='word_1_863' title='bbox 1820 2336 1837 2369; x_wconf 80' lang='grc' dir='ltr'><strong>ἡ</strong></span> 
     </span>
    </p>
   </div>
   <div class='ocr_carea' id='block_1_105' title="bbox 1037 2377 1838 2416">
    <p class='ocr_par' dir='ltr' id='par_1_105' title="bbox 1037 2377 1838 2416">
     <span class='ocr_line' id='line_1_106' title="bbox 1037 2377 1838 2416; baseline 0.001 -11"><span class='ocrx_word' id='word_1_864' title='bbox 1037 2378 1133 2415; x_wconf 77' lang='grc' dir='ltr'>γνῶσις</span> <span class='ocrx_word' id='word_1_865' title='bbox 1162 2379 1178 2412; x_wconf 85' lang='grc' dir='ltr'>ἡ</span> <span class='ocrx_word' id='word_1_866' title='bbox 1210 2377 1345 2416; x_wconf 75' lang='grc' dir='ltr'>ἡμετέρας</span> <span class='ocrx_word' id='word_1_867' title='bbox 1379 2377 1449 2406; x_wconf 80' lang='grc' dir='ltr'>Ἀλλ’</span> <span class='ocrx_word' id='word_1_868' title='bbox 1482 2377 1584 2410; x_wconf 77' lang='grc' dir='ltr'>οὐδενὸς</span> <span class='ocrx_word' id='word_1_869' title='bbox 1614 2377 1714 2406; x_wconf 83' lang='grc' dir='ltr'>τούτων</span> <span class='ocrx_word' id='word_1_870' title='bbox 1744 2378 1838 2411; x_wconf 82' lang='grc' dir='ltr'>αὐτοῖς</span> 
     </span>
    </p>
   </div>
   <div class='ocr_carea' id='block_1_106' title="bbox 1038 2421 1839 2460">
    <p class='ocr_par' dir='ltr' id='par_1_106' title="bbox 1038 2421 1839 2460">
     <span class='ocr_line' id='line_1_107' title="bbox 1038 2421 1839 2460; baseline 0.002 -11"><span class='ocrx_word' id='word_1_871' title='bbox 1038 2421 1132 2459; x_wconf 86' lang='grc' dir='ltr'>ἔμελεν</span> <span class='ocrx_word' id='word_1_872' title='bbox 1145 2444 1153 2457; x_wconf 85' lang='grc'><strong>,</strong></span> <span class='ocrx_word' id='word_1_873' title='bbox 1168 2421 1226 2450; x_wconf 83' lang='grc' dir='ltr'>ἀλλ’</span> <span class='ocrx_word' id='word_1_874' title='bbox 1242 2421 1284 2451; x_wconf 77' lang='grc' dir='ltr'>ἐπὶ</span> <span class='ocrx_word' id='word_1_875' title='bbox 1302 2426 1437 2460; x_wconf 79' lang='grc' dir='ltr'>κοσμικοῖς</span> <span class='ocrx_word' id='word_1_876' title='bbox 1453 2423 1609 2460; x_wconf 83' lang='grc' dir='ltr'>πράγμασιν</span> <span class='ocrx_word' id='word_1_877' title='bbox 1632 2423 1759 2460; x_wconf 73' lang='grc' dir='ltr'>ἀλγοῧσι,</span> <span class='ocrx_word' id='word_1_878' title='bbox 1779 2423 1839 2452; x_wconf 84' lang='grc' dir='ltr'>δου-</span> 
     </span>
    </p>
   </div>
   <div class='ocr_carea' id='block_1_107' title="bbox 1037 2465 1837 2504">
    <p class='ocr_par' dir='ltr' id='par_1_107' title="bbox 1037 2465 1837 2504">
     <span class='ocr_line' id='line_1_108' title="bbox 1037 2465 1837 2504; baseline 0.003 -10"><span class='ocrx_word' id='word_1_879' title='bbox 1037 2465 1110 2495; x_wconf 86' lang='grc' dir='ltr'>λείαν</span> <span class='ocrx_word' id='word_1_880' title='bbox 1128 2467 1300 2502; x_wconf 76' lang='grc' dir='ltr'>ὀνειδισθῆναι</span> <span class='ocrx_word' id='word_1_881' title='bbox 1324 2466 1448 2501; x_wconf 84' lang='grc' dir='ltr'>τοιαύτην</span> <span class='ocrx_word' id='word_1_882' title='bbox 1472 2465 1517 2494; x_wconf 80' lang='grc' dir='ltr'>καὶ</span> <span class='ocrx_word' id='word_1_883' title='bbox 1543 2466 1695 2504; x_wconf 80' lang='grc' dir='ltr'>δυσγένειαν</span> <span class='ocrx_word' id='word_1_884' title='bbox 1729 2468 1837 2496; x_wconf 62' lang='grc' dir='ltr'>ὑπολαη</span> 
     </span>
    </p>
   </div>
   <div class='ocr_carea' id='block_1_108' title="bbox 1038 2510 1830 2551">
    <p class='ocr_par' dir='ltr' id='par_1_108' title="bbox 1038 2510 1830 2551">
     <span class='ocr_line' id='line_1_109' title="bbox 1038 2510 1830 2551; baseline 0.001 -12"><span class='ocrx_word' id='word_1_885' title='bbox 1038 2510 1137 2544; x_wconf 82' lang='grc' dir='ltr'>ϐόντες¹</span> <span class='ocrx_word' id='word_1_886' title='bbox 1154 2523 1169 2538; x_wconf 75' lang='grc' dir='ltr'>ι(</span> <span class='ocrx_word' id='word_1_887' title='bbox 1186 2511 1300 2551; x_wconf 82' lang='grc' dir='ltr'>Σπέρμα</span> <span class='ocrx_word' id='word_1_888' title='bbox 1316 2510 1438 2550; x_wconf 76' lang='grc' dir='ltr'>Ἀϐραάμ</span> <span class='ocrx_word' id='word_1_889' title='bbox 1454 2512 1544 2548; x_wconf 81' lang='grc' dir='ltr'>ἐσμεν.</span> <span class='ocrx_word' id='word_1_890' title='bbox 1557 2525 1567 2536; x_wconf 67' lang='lat'><strong>:-</strong></span> <span class='ocrx_word' id='word_1_891' title='bbox 1583 2512 1712 2548; x_wconf 75' lang='grc' dir='ltr'>Οὺόαμοῧ</span> <span class='ocrx_word' id='word_1_892' title='bbox 1723 2513 1776 2540; x_wconf 74' lang='grc' dir='ltr'><strong>τῶν</strong></span> <span class='ocrx_word' id='word_1_893' title='bbox 1789 2513 1830 2540; x_wconf 86' lang='grc' dir='ltr'><strong>οἷ-</strong></span> 
     </span>
    </p>
   </div>
   <div class='ocr_carea' id='block_1_109' title="bbox 1037 2555 1837 2595">
    <p class='ocr_par' dir='ltr' id='par_1_109' title="bbox 1037 2555 1837 2595">
     <span class='ocr_line' id='line_1_110' title="bbox 1037 2555 1837 2595; baseline 0 -11"><span class='ocrx_word' id='word_1_894' title='bbox 1037 2555 1113 2584; x_wconf 81' lang='grc' dir='ltr'>χείων</span> <span class='ocrx_word' id='word_1_895' title='bbox 1147 2556 1361 2595; x_wconf 79' lang='grc' dir='ltr'>κατορθωμάτων</span> <span class='ocrx_word' id='word_1_896' title='bbox 1390 2555 1556 2593; x_wconf 80' lang='grc' dir='ltr'>μέμνηνται,</span> <span class='ocrx_word' id='word_1_897' title='bbox 1593 2557 1653 2584; x_wconf 81' lang='grc' dir='ltr'>ἀλλ’</span> <span class='ocrx_word' id='word_1_898' title='bbox 1689 2555 1735 2584; x_wconf 83' lang='grc' dir='ltr'>ἐπὶ</span> <span class='ocrx_word' id='word_1_899' title='bbox 1772 2556 1837 2589; x_wconf 84' lang='grc' dir='ltr'>τοὺς</span> 
     </span>
    </p>
   </div>
   <div class='ocr_carea' id='block_1_110' title="bbox 1037 2599 1839 2640">
    <p class='ocr_par' dir='ltr' id='par_1_110' title="bbox 1037 2599 1839 2640">
     <span class='ocr_line' id='line_1_111' title="bbox 1037 2599 1839 2640; baseline 0 -11"><span class='ocrx_word' id='word_1_900' title='bbox 1037 2600 1153 2640; x_wconf 85' lang='grc' dir='ltr'>πατέρας</span> <span class='ocrx_word' id='word_1_901' title='bbox 1196 2600 1378 2639; x_wconf 75' lang='grc' dir='ltr'>ἀνατρέχουσι·</span> <span class='ocrx_word' id='word_1_902' title='bbox 1414 2600 1454 2628; x_wconf 82' lang='grc' dir='ltr'>διὸ</span> <span class='ocrx_word' id='word_1_903' title='bbox 1492 2600 1536 2628; x_wconf 76' lang='grc' dir='ltr'>καὶ</span> <span class='ocrx_word' id='word_1_904' title='bbox 1568 2601 1581 2628; x_wconf 82' lang='grc' dir='ltr'><strong>ὁ</strong></span> <span class='ocrx_word' id='word_1_905' title='bbox 1616 2599 1740 2635; x_wconf 78' lang='grc' dir='ltr'>Ἰωάννης</span> <span class='ocrx_word' id='word_1_906' title='bbox 1770 2601 1839 2639; x_wconf 79' lang='grc' dir='ltr'>πρὸς</span> 
     </span>
    </p>
   </div>
   <div class='ocr_carea' id='block_1_111' title="bbox 1038 2643 1834 2684">
    <p class='ocr_par' dir='ltr' id='par_1_111' title="bbox 1038 2643 1834 2684">
     <span class='ocr_line' id='line_1_112' title="bbox 1038 2643 1834 2684; baseline 0 -11"><span class='ocrx_word' id='word_1_907' title='bbox 1038 2645 1141 2678; x_wconf 85' lang='grc' dir='ltr'>αὐτούς·</span> <span class='ocrx_word' id='word_1_908' title='bbox 1159 2657 1174 2672; x_wconf 71' lang='grc' dir='ltr'><strong>α</strong></span> <span class='ocrx_word' id='word_1_909' title='bbox 1191 2646 1237 2679; x_wconf 82' lang='grc' dir='ltr'><strong>Μὴ</strong></span> <span class='ocrx_word' id='word_1_910' title='bbox 1254 2644 1379 2682; x_wconf 80' lang='grc' dir='ltr'>ἄρξησθε,</span> <span class='ocrx_word' id='word_1_911' title='bbox 1396 2644 1461 2684; x_wconf 67' lang='grc' dir='ltr'>φησὶ</span> <span class='ocrx_word' id='word_1_912' title='bbox 1472 2667 1479 2680; x_wconf 88' lang='grc'><strong>,</strong></span> <span class='ocrx_word' id='word_1_913' title='bbox 1496 2644 1592 2683; x_wconf 81' lang='grc' dir='ltr'>λέγειν’</span> <span class='ocrx_word' id='word_1_914' title='bbox 1609 2643 1718 2684; x_wconf 78' lang='grc' dir='ltr'>Πατέρα</span> <span class='ocrx_word' id='word_1_915' title='bbox 1733 2644 1834 2683; x_wconf 73' lang='grc' dir='ltr'>ἔχομεν</span> 
     </span>
    </p>
   </div>
   <div class='ocr_carea' id='block_1_112' title="bbox 1036 2688 1835 2728">
    <p class='ocr_par' dir='ltr' id='par_1_112' title="bbox 1036 2688 1835 2728">
     <span class='ocr_line' id='line_1_113' title="bbox 1036 2688 1835 2728; baseline -0.003 -10"><span class='ocrx_word' id='word_1_916' title='bbox 1036 2690 1078 2718; x_wconf 78' lang='grc' dir='ltr'><strong>τὸν</strong></span> <span class='ocrx_word' id='word_1_917' title='bbox 1095 2689 1227 2728; x_wconf 71' lang='grc' dir='ltr'>Ἀϐραάμ.</span> <span class='ocrx_word' id='word_1_918' title='bbox 1248 2703 1259 2714; x_wconf 82' lang='grc' dir='ltr'><strong>ιι</strong></span> <span class='ocrx_word' id='word_1_919' title='bbox 1282 2688 1374 2718; x_wconf 79' lang='grc' dir='ltr'>Καίτοι</span> <span class='ocrx_word' id='word_1_920' title='bbox 1396 2691 1537 2728; x_wconf 73' lang='grc' dir='ltr'>προφανῶς</span> <span class='ocrx_word' id='word_1_921' title='bbox 1560 2689 1714 2728; x_wconf 74' lang='grc' dir='ltr'>ἐψεύδοντο,</span> <span class='ocrx_word' id='word_1_922' title='bbox 1738 2689 1835 2728; x_wconf 87' lang='grc' dir='ltr'>λέγον-</span> 
     </span>
    </p>
   </div>
   <div class='ocr_carea' id='block_1_113' title="bbox 1033 2733 1834 2772">
    <p class='ocr_par' dir='ltr' id='par_1_113' title="bbox 1033 2733 1834 2772">
     <span class='ocr_line' id='line_1_114' title="bbox 1033 2733 1834 2772; baseline -0.001 -9"><span class='ocrx_word' id='word_1_923' title='bbox 1033 2745 1076 2767; x_wconf 85' lang='grc' dir='ltr'><strong>τες</strong></span> <span class='ocrx_word' id='word_1_924' title='bbox 1107 2734 1191 2763; x_wconf 73' lang='grc' dir='ltr'>οὐδενὶ</span> <span class='ocrx_word' id='word_1_925' title='bbox 1225 2733 1434 2762; x_wconf 79' lang='grc' dir='ltr'>δεδουλευκέναι.</span> <span class='ocrx_word' id='word_1_926' title='bbox 1475 2733 1654 2763; x_wconf 75' lang='grc' dir='ltr'>Ἐδούλευσαν</span> <span class='ocrx_word' id='word_1_927' title='bbox 1685 2733 1736 2772; x_wconf 83' lang='grc' dir='ltr'><strong>γὰρ</strong></span> <span class='ocrx_word' id='word_1_928' title='bbox 1762 2734 1834 2762; x_wconf 81' lang='grc' dir='ltr'><strong>ὃσά-</strong></span> 
     </span>
    </p>
   </div>
  </div>
