1910 3077
69 200 104 226 25

69 273 110 295 κις
125 259 391 301 ᾐχμαλωτίσθησαν,
410 258 582 296 Αἰγυπτίοις,
605 261 649 288 καὶ
668 257 859 291 Βαϐυλωνίοις.

957 265 1088 302 ubyloniis,
1110 269 1137 292 et
1162 264 1210 292 alis
1233 264 1326 292 multis
1351 273 1358 292 :

68 307 114 335 χαὶ
129 305 229 345 ἑτέροις
241 305 358 337 πολλοῖς.
387 305 448 334 Οὐχ
464 304 567 343 ἐλέγχει
582 303 609 332 δὲ
627 305 641 332 ὃ
658 304 754 342 Κύριος
772 302 866 336 αὐτοὺς

69 350 261 391 ψευδομένους,
277 349 335 378 ἐπεὶ
355 348 393 387 μὴ
413 349 573 383 ἐσπούδαζεν
594 347 688 380 αὐτοὺς
703 348 785 382 δεῖξαι
805 347 866 376 δού-

68 398 128 428 λους
145 395 307 435 ἀνθρώπων,
327 395 395 435 ἀλλᾷ
418 393 568 434 ἁμαρτίας,
590 393 646 428 ἥτις
667 393 712 422 καὶ
736 394 866 432 χαλεπω-

68 441 136 476 τάτη
161 434 265 469 δουλεία
279 439 350 468 ἐστὶν
360 461 368 476 ,
385 434 416 474 ἧς
430 438 507 476 μόνος
521 438 588 470 Θεὸς
603 437 757 471 ἀπαλλάξαι
779 437 865 466 δύνα-

67 497 120 514 ται.
138 484 179 514 Τὸ
193 484 245 524 γὰρ
257 484 360 524 ἀφεῖναι
372 482 520 523 ἁμαρτίας,
536 484 607 511 Θεοῦ
623 483 714 520 μόνου.
731 482 778 512 Διό
791 493 865 522 φησι·

69 541 83 558 ιι
99 531 159 562 Πᾶς
174 530 188 558 ὁ
205 530 287 558 ποιῶν
303 529 351 563 τὴν
369 528 520 567 ἁμαρτίαν,
538 528 628 561 δοῦλός
645 528 701 556 ἐστι
716 529 762 563 τῆς
774 527 866 566 ἁμαρ-

67 574 134 607 τίας·
151 588 162 599 -
180 574 224 602 καὶ
245 574 318 611 ὑμεῖς
337 569 381 602 οὖν
397 572 485 602 δοῦλοί
509 574 582 607 ἐστε,
604 575 669 601 καθὸ
695 572 863 611 ἁμαρτωλοί.

70 614 138 648 Εἶτα
155 618 214 648 ἐπεὶ
230 618 298 651 εἰκὸς
313 613 344 653 ἦν
358 617 472 650 ἐκείνους
484 618 583 652 εἰπεῖν,
598 616 636 645 δτι
651 618 684 646 ιιι
703 617 748 645 καὶ
758 616 866 655 τοιαύτῃ

70 664 177 702 δουλείᾳ
190 662 362 700 ὑποχείμεθα,
381 662 450 691 ἀλλὰ
465 662 555 694 θυσίας
571 661 680 701 ἔχομεν,
694 663 753 690 ἀλλ’
769 662 846 700 ἱερεῖς
857 684 866 701 ,

70 707 95 737 οἳ
109 707 300 746 χαθαρίσουσιν
323 710 395 745 ἡμᾶς
415 708 445 736 ἐκ
465 709 516 736 τῶν
541 706 689 745 ἁμαρτιῶν·
711 706 808 745 φησὶν,
826 706 866 736 δτι

70 752 126 783 Καὶ
140 754 234 782 ἐκεῖνοι
257 752 342 781 δοῦλοί
356 753 418 780 εἷσι⁶
443 766 454 777 ει
481 751 581 784 Πάντες
597 751 647 789 γὰρ
662 750 782 791 ἥμαρτον
792 772 800 785 ,
821 750 866 779 καὶ

70 799 242 836 ὑστεροῦνται
257 799 303 831 τῆς
316 796 390 832 δόξης
406 798 452 825 τοῦ
468 798 549 826 Θεοῦ,
568 808 582 823 n
602 796 656 825 Καὶ
671 796 763 824 λοιπὸν
778 796 867 824 δοῦλοι

70 842 194 871 κάκεῖνοι
215 841 288 874 ὄντες
307 842 331 870 οἱ
347 842 424 880 ἱερεῖς
437 842 532 879 ὑμῶν,
557 841 604 870 οὒκ
623 840 728 879 ἔχουσιν
747 839 866 873 ἐξουσίαν

70 886 174 925 ἀφιέναι
193 886 281 918 ἄλλοις
293 886 434 925 ἁμαρτίας.
455 885 492 915 Ὃ
511 885 555 914 καὶ
572 885 647 917 αὐτὸς
663 888 676 914 ὁ
696 885 801 918 Παῦλος
817 897 866 914 σα-

431 194 626 223 ENARRATIO
646 194 913 231 leEVANGELlUll
932 193 1080 222 IOANNIS.
1104 208 1132 214 —
1155 193 1319 229 CAPfﬁ/lll.

1685 195 1718 221 26

1383 271 1438 292 non
1453 269 1544 292 autem
1564 265 1652 301 arguit
1672 273 1720 293 eos

921 310 1056 338 Dominus
1075 309 1230 342 mendaces,
1253 309 1316 345 quia
1342 317 1398 336 non
1422 309 1548 336 studebat
1573 309 1719 338 ostendere

920 363 1014 383 servos
1035 354 1190 389 hominum,
1205 353 1253 381 sed
1274 354 1386 388 peccati,
1399 361 1461 390 qum
1481 354 1588 388 gravior
1601 355 1718 383 servitus

921 404 973 432 est,
992 407 1008 427 a
1029 407 1083 435 qua
1106 399 1182 426 solus
1198 399 1272 426 Deus
1297 398 1413 425 liberare
1438 401 1535 432 potest.
1566 399 1719 426 Remittere

921 444 995 473 enim
1010 448 1132 480 peccata,
1151 444 1236 471 solius
1250 443 1300 471 Dei
1316 447 1368 471 est.
1392 442 1456 470 Ideo
1481 442 1549 470 dicit
1566 451 1574 471 :
1596 453 1608 466 ι
1622 443 1721 471 Omnis

920 489 969 525 qui
982 488 1046 516 facit
1069 492 1220 524 peccatum,
1243 496 1338 516 servus
1365 491 1405 515 est
1427 487 1544 523 peccati.
1574 499 1587 511 ιι
1613 488 1648 514 Et
1673 495 1721 515 vos

921 533 1003 569 igitur
1020 533 1089 561 servi
1108 533 1194 560 estis:
1218 533 1282 569 quia
1318 536 1485 568 peccatores.
1517 533 1633 568 Insuper
1655 532 1719 568 quia

921 578 1064 606 verisimile
1078 582 1138 606 erat
1151 577 1212 605 illos
1236 577 1327 605 dicere
1349 587 1355 604 :
1373 577 1507 612 Quamvis
1526 576 1571 604 tali
1597 577 1721 605 servituti

921 623 1033 651 obnoxii
1045 631 1154 654 sumus.
1169 622 1218 650 sed
1231 622 1363 650 sacriﬁcia
1378 621 1522 655 habemus,
1535 620 1583 649 sed
1594 621 1722 649 sacerdo-

921 673 971 701 tes,
995 668 1040 703 qui
1064 668 1220 704 purgabunt
1234 675 1285 695 nos
1301 675 1316 695 a
1344 667 1483 702 peccatis:
1508 666 1574 694 dicit
1597 666 1671 702 quod
1695 671 1722 694 et

921 713 958 740 illi
971 713 1041 740 servi
1058 713 1126 746 sint;
1143 724 1155 736 ε
1179 713 1282 740 Omnes
1307 712 1382 739 enim
1398 715 1588 747 peccaverunt,
1605 715 1633 738 et
1646 711 1723 747 .indi-

920 762 983 793 gent
1002 758 1086 792 gloria
1111 758 1159 786 Dei
1174 758 1206 786 ¹³.
1221 769 1232 781 -
1262 758 1294 785 Et
1317 757 1473 784 sacerdotes
1499 757 1580 784 vestri
1607 764 1673 784 cum
1693 761 1721 784 et

922 803 971 838 ipsi
986 803 1053 830 servi
1076 802 1141 833 sint.
1155 811 1210 830 non
1232 801 1335 829 habent
1361 805 1524 837 potestatem
1547 800 1605 828 aliis
1630 801 1722 828 dimit-

920 846 997 874 tendi
1009 852 1130 882 peccata.
1143 846 1225 883 Quod
1234 850 1262 874 et
1273 847 1330 882 ipse
1340 846 1438 874 Paulus
1448 845 1622 873 manifestius
1635 845 1720 873 dicit:

922 903 934 916 ι
956 892 1122 927 Opushabet
1133 892 1259 919 sacerdos
1273 899 1321 927 pro
1332 891 1421 926 seipso
1433 890 1544 924 offerre,
1558 891 1627 918 sicut
1639 890 1722 918 etiam

69 930 194 970 φέστερόν
215 941 310 970 φησιν,
327 931 367 959 ὅτι
381 943 393 957 α
419 929 537 969 Ὀφείλει
556 931 569 958 ὁ
591 929 675 968 ἱερεὺς
691 929 756 969 ὑπὲρ
770 931 859 958 ἑαυτοῖ

957 945 972 964 o
987 937 1098 972 populo,
1109 937 1171 973 quia
1187 941 1214 964 et
1225 937 1285 972 ipse
1297 935 1449 963 inﬁrmitati
1461 935 1596 963 obnoxius
1609 940 1652 963 est
1665 935 1696 962 ¹³.
1707 945 1721 961 ιι

70 975 229 1016 προσφέρειν
239 998 247 1010 ,
269 974 337 1004 καθὰ
350 974 396 1003 καὶ
413 975 480 1014 ὑπὲρ
497 978 542 1004 τοῦ
557 975 621 1004 law"
633 995 641 1009 ς
657 975 713 1003 ἐπεὶ
728 974 773 1002 καὶ
789 973 867 1006 αὐτὸς

69 1020 220 1059 περίκειται
231 1019 386 1052 ἀσθενείαις.
397 1031 409 1044 ιι
419 1037 457 1042 -
466 1034 476 1045 ιι
487 1019 521 1049 Ὁ
535 1020 622 1051 δοῦλος
630 1041 638 1053 ,
650 1018 740 1058 φησὶν,
752 1019 781 1048 οὐ
795 1018 868 1056 μένει

71 1065 95 1093 ἐν
159 1064 240 1104 οἰκίᾳ·
257 1077 269 1090 ι
293 1064 446 1099 τουτέστιν,
468 1065 515 1093 οὐκ
537 1065 592 1102 ἔχει
617 1063 736 1097 ἐξουσίαν
759 1062 867 1102 χαρίζε-

69 1111 148 1145 σθαι,
163 1108 211 1138 ἅτε
233 1109 271 1146 μὴ
290 1107 326 1137 ὢν
342 1109 539 1143 οἰκοδεσπότης·
556 1110 570 1137 δ
586 1108 612 1136 δὲ
629 1108 692 1141 Υἱὸς
711 1107 867 1136 οἰκοδεσπό-

78 1165 110 1181 ττ
150 1155 158 1164 Ἰ
195 1152 201 1163 \
277 1154 282 1162 ‘
336 1153 343 1164 Ι
404 1155 411 1164 3
459 1156 474 1162 ὐ
504 1155 510 1164 7
534 1154 539 1163 Ι
642 1152 648 1162 Ι
698 1153 709 1161 κ
761 1151 767 1161 Ι

107 1165 127 1188 Ις
146 1165 204 1182 εστι
217 1177 223 1187 ,
242 1165 286 1183 χαι
309 1165 382 1191 μενει
400 1166 426 1182 εν
443 1165 476 1193 τῃ
489 1165 568 1192 οιχια,
583 1155 681 1182 Οίχιαν
696 1153 723 1180 οὲ
738 1153 808 1190 λεγει
819 1151 866 1187 τὴν

71 1197 206 1233 ἐξουσίαν,
222 1198 291 1227 καθὰ
310 1199 354 1227 καὶ
375 1199 495 1237 ἄλλαχοῦ
512 1197 558 1233 τὴν
576 1198 662 1236 ἀρχὴν
675 1196 757 1230 οὕτως
769 1197 867 1234 ὀνομά-

70 1244 123 1278 ζει,
137 1256 148 1268 ι
168 1242 216 1271 Ἐν
229 1245 261 1281 τῇ
279 1242 348 1283 οἰκίᾳ
359 1266 366 1279 ,
383 1242 483 1281 λέγων,
499 1245 555 1283 τοῦς
570 1242 675 1280 Πατρός
697 1252 747 1279 μου
768 1241 867 1270 πολλαὶ

72 1286 149 1324 μοναί
172 1288 248 1317 εἰσιν.
279 1301 292 1313 ι
319 1282 436 1316 Ἐκεῖνοι
457 1286 504 1324 μὲν
526 1282 570 1315 οὖν
596 1287 620 1315 οἱ
644 1287 722 1325 ἱερεῖς
745 1287 866 1325 ὑμέτεροι

71 1331 157 1361 δοῦλοι
171 1332 258 1368 ὄντες,
276 1332 324 1361 οὐχ
344 1327 415 1370 εἶχον
439 1332 558 1365 ἐξουσίαν
581 1330 697 1370 ἀφιέναι·
718 1332 732 1359 ὁ
758 1330 786 1359 δὲ
804 1330 866 1363 Υἱὸς

72 1375 125 1414 ἐγὼ
144 1377 231 1413 μένων
257 1377 282 1405 ἐν
311 1379 346 1416 τῇ
370 1376 455 1415 οίχία,
472 1379 503 1416 τῇ
527 1375 646 1414 ἐξουσία,
665 1375 751 1415 φημὶ,
775 1374 820 1403 καὶ
833 1377 866 1414 τῇ

71 1421 168 1460 ἀρχικῇ
193 1420 333 1462 αὖθεντία,
359 1421 405 1450 χαὶ
430 1421 617 1456 οἰκοδεσπότης
639 1419 692 1456 ὢν,
716 1419 865 1458 ἐλευθερίαν

71 1467 130 1502 ὑμῖν
153 1465 310 1505 χαρίζομαι.
329 1466 423 1495 Πάντα
439 1465 490 1505 γὰρ
504 1466 557 1504 ἐμά
576 1467 649 1501 ἐστι,
673 1465 720 1494 καὶ
735 1463 866 1502 ὃμοδύναμ

72 1509 117 1547 μός
131 1511 186 1548 εἰμι
201 1531 210 1545 ,
233 1510 278 1539 καὶ
297 1510 463 1549 ὁμοεξούσιος
488 1513 526 1550 τῷ
554 1509 651 1548 Πατρί-
677 1509 722 1538 καὶ
743 1509 788 1539 ἐὰν
814 1508 866 1547 ἐγὼ

71 1554 257 1594 ἐλευθερώσω,
277 1555 337 1584 τότε
354 1557 386 1594 τῇ
404 1556 496 1590 ἀληθεῖ
513 1555 646 1594 ἐλευθερία
666 1553 863 1592 τιμηθήσεσθε,

71 1600 105 1632 ὡς
129 1601 174 1628 νῦν
203 1611 233 1637 γε
258 1600 341 1640 ψευδῆ
367 1593 516 1638 ἐλευθερίαν
546 1593 648 1632 ἑαυτοῖς
683 1598 866 1638 ἐπιφημίζετε·
882 1593 904 1624 C

72 1644 149 1676 ὄντως
167 1643 195 1672 δὲ
214 1644 259 1673 καὶ
273 1646 375 1680 ἀληθῶς
389 1643 518 1683 ἐλεύθεροι
533 1644 597 1683 παρ’
612 1645 676 1681 ἐμοῦ
692 1643 792 1673 ἔσεσθε.

110 1701 121 1714 α
137 1683 209 1718 Οἶδα
220 1689 259 1717 ὅτι
271 1689 379 1727 σπέρμα
393 1688 517 1729 Ἀϐραάμ
533 1689 609 1725 ἐστε,
625 1687 694 1717 ἀλλὰ
709 1687 811 1723 ζητεῖτέ
833 1700 866 1726 με

71 1733 237 1769 ἀποκτεῖναι,
249 1734 289 1762 ὅτι
301 1735 314 1762 ὁ
329 1733 404 1772 λόγος
414 1735 427 1762 ὁ
445 1733 506 1771 ἐμὸς
522 1734 551 1762 οὐ
564 1737 647 1772 χωρεῖ
660 1734 686 1762 ἐν
699 1734 773 1770 ὑμῖν.
791 1731 865 1772 ³Εγὼ

70 1776 84 1805 8
101 1777 207 1817 ἑώρακα
221 1777 296 1818 παρὰ
310 1780 346 1817 τῷ
362 1778 450 1816 Πατρί
461 1789 529 1816 μου,
544 1771 626 1806 λαλῶ·
641 1777 686 1806 καὶ
702 1780 776 1815 ὑμεῖς
791 1771 836 1805 οὖν
852 1777 865 1806 ὃ

73 1821 210 1861 ἑωράκατε
234 1823 307 1861 παρὰ
328 1824 366 1861 τῷ
396 1823 484 1862 Πατρὶ
507 1824 582 1859 ὑμῶν
607 1823 715 1851 ποιεῖτε.
732 1833 746 1849 ι
773 1820 866 1858 Ὑμεῖς

70 1866 131 1902 μὲν,
147 1866 244 1905 φησὶν,
269 1866 375 1900 ἑαυτοὺς
392 1866 500 1906 σπέρμα
517 1866 639 1906 Ἀϐραὰμ
661 1870 769 1895 ποιεῖτε·
788 1864 864 1903 κάγὼ

71 1909 96 1939 δὲ
111 1913 189 1940 τοῦτο
203 1910 344 1950 σύμφημι,
361 1911 400 1940 ὅτι
416 1912 463 1947 τὴν
486 1912 613 1950 σαρχιχὴν
631 1910 784 1950 συγγένειαν
801 1910 866 1949 πρὸς

70 1954 113 1983 τὸν
133 1955 206 1994 ἅγιον
222 1957 320 1985 ἐκεῖνον
342 1956 448 1990 σώζετε·
474 1955 543 1991 πλὴν
560 1958 576 1991 ἡ
593 1955 662 1985 κατὰ
678 1957 784 1992 πνεῦμα
801 1966 865 1993 συγ-

73 1999 158 2036 γένεια
186 2000 298 2029 ἄπεστιν
323 2002 407 2037 ὑμῶν.
443 2001 559 2033 Ἐκεῖνος
574 2000 688 2037 δίκαιος,
706 2001 751 2029 χαὶ
770 1999 861 2039 φιλάν-

71 2046 187 2082 θρωπος,
213 2044 258 2074 καὶ
281 2045 419 2084 φιλόξενος·
437 2045 511 2084 ὑμεῖς
533 2045 575 2080 δὲ,
597 2044 639 2073 ἵνα
655 2045 698 2074 τὸν
715 2044 762 2083 μὲν
785 2044 863 2073 ἄλλον

73 2087 127 2127 βίον
145 2090 220 2127 ὑμῶν
233 2089 418 2129 παραδρᾶμω,
437 2090 500 2118 αὐτὸ
516 2090 542 2118 δὲ
558 2091 588 2119 τὸ
603 2088 734 2129 προφανὲς
749 2087 864 2122 ἐξετάσω

72 2131 85 2161 ὃ
107 2135 149 2162 νῦν
171 2133 321 2174 πράττετε,
348 2135 482 2174 μιαιφόνοι
509 2134 555 2163 χαὶ
580 2134 787 2173 ἀφιλάνθρωπον
813 2134 863 2168 ζη-

72 2180 139 2206 τεῖτε
160 2178 212 2218 γάρ
237 2190 270 2216 με
296 2180 468 2214 ἀποκτεῖναι,
497 2179 543 2208 χαὶ
569 2179 676 2218 quam?“
698 2180 757 2207 κατ’
785 2179 859 2216 ἐμοῦ.

74 2221 134 2254 Πῶς
149 2217 193 2251 οὖν
210 2222 309 2252 ἐκείνου
331 2224 382 2252 υἱοὶ
406 2223 486 2257 ὄντως
508 2223 582 2259 ἐστὲ,
606 2223 674 2252 οὕτω
698 2225 750 2252 τῶν
765 2233 864 2261 πατρι-

71 2267 122 2294 κῶν
140 2267 318 2307 χαρακτήρων
335 2269 557 2306 ἀπολειπόμενοις
580 2268 612 2298 Εἰ
632 2268 717 2296 τοίνυν
732 2267 780 2302 τὴν
803 2278 868 2306 συγ-

71 2310 175 2348 γένειαν,
191 2313 316 2351 αὖχεῖτε,
343 2312 460 2352 ὀφείλετε
487 2312 533 2341 καὶ
567 2312 616 2348 τὴν
645 2311 742 2351 ἀρετὴν
766 2312 866 2343 ἐκείνου

73 2358 216 2392 μιμεῖσθαι.
238 2351 320 2393 Εἶτα,
342 2351 385 2385 ἵνα
405 2357 442 2395 μὴ
466 2357 549 2397 ἔχωσι
573 2356 673 2396 λέγειν,
693 2355 733 2386 ὅτι
750 2358 865 2392 Δικαίως

72 2410 99 2427 σε
112 2401 241 2440 ζητοῦμεν
264 2403 438 2440 ἀποκτεῖναι,
460 2402 549 2438 τίθησι
572 2402 617 2437 τὴν
643 2401 741 2430 αἰτίαν·
757 2401 798 2430 Οὐ
814 2402 864 2442 γὰρ

71 2443 104 2471 δι’
119 2444 198 2483 ιίίλλο⁷
215 2446 294 2486 φησι,
310 2448 425 2475 λυσσᾶτε
444 2448 502 2475 κατ’
520 2447 602 2484 ἐμοῦ,
617 2447 639 2474 εἷ
659 2445 696 2484 μὴ
716 2446 760 2475 διὰ
776 2446 806 2475 τὸ
821 2447 865 2476 τὸν

71 2487 144 2526 λόγον
161 2490 205 2519 τὸν
227 2491 290 2528 ἐμὸν
307 2490 469 2530 ὑψηλότερον
484 2486 552 2520 εἶναι
574 2492 621 2526 τῆς
640 2492 713 2528 ὑμῶν
729 2491 846 2525 διανοίας
858 2515 866 2529 ,

71 2532 115 2561 καὶ
132 2533 168 2572 μὴ
192 2535 314 2574 χωρητὸν
338 2537 409 2573 ὑμῖν.
436 2536 532 2565 Καίτοι
562 2535 591 2564 οὖ
614 2535 656 2564 διὰ
682 2537 760 2564 τοῦτο
783 2537 865 2576 ἐχρῆν

72 2578 184 2618 ἀναιρεῖν
198 2600 206 2614 ,
223 2579 292 2608 ἀλλὰ
309 2581 409 2618 μᾶλλον
428 2580 515 2614 ἀξιοῦν
526 2603 534 2616 ,
549 2579 618 2608 ὥστε
642 2579 746 2613 διδάξαι
766 2580 796 2609 τὸ
813 2583 864 2610 τῶν

72 2622 207 2660 δογμάτων
230 2624 311 2663 ὕψος,
337 2625 383 2653 καὶ
405 2629 502 2664 τιμᾷν,
521 2624 566 2653 καὶ
590 2624 752 2664 θεραπεύειν.
782 2620 865 2662 Εἶτα,

73 2664 114 2695 ἵνα
125 2667 162 2704 μὴ
185 2667 294 2697 εἴπωσιν
318 2669 409 2708 αὐτῷ,
432 2669 472 2698 ὅτι
490 2669 543 2699 Καὶ
565 2670 671 2702 εἰκότως
693 2680 722 2698 σε
736 2673 865 2708 μισοῦμεν

74 2710 115 2739 διὰ
135 2711 177 2741 τὸν
201 2713 277 2751 λόγον
297 2724 353 2742 σουε
377 2715 406 2742 οὐ
431 2713 482 2754 γὰρ
501 2714 587 2754 λέγεις
612 2715 678 2752 ἡμῖν
699 2714 751 2743 ἀπὸ
772 2715 862 2750 Θεοῦ,

75 2755 130 2783 ἀλλ’
146 2757 199 2786 ἀπὸ
214 2761 312 2787 σαυτοῦ
322 2781 330 2795 ,
347 2758 392 2787 καὶ
405 2758 449 2787 διὰ
464 2761 542 2787 τοῦτο
554 2758 614 2788 οὔτε
628 2758 760 2797 δυνάμεθα
776 2761 865 2800 χιι)ρῆ

110 2835 130 2852 ³³
149 2837 231 2866 Rom.
244 2845 290 2871 ιιι,
305 2841 348 2866 23.
359 2838 379 2855 ’⁵
391 2837 476 2867 Hebr.
491 2845 546 2873 VII,
560 2841 602 2873 18,
616 2841 660 2866 28.
674 2839 783 2868 l“Joan.
799 2847 863 2874 XIV,
879 2843 905 2868 2.

924 993 936 1006 ι
959 983 1070 1014 Servus,
1082 982 1179 1016 inquit,
1193 989 1247 1009 non
1258 985 1351 1008 manet
1366 981 1394 1008 in
1405 980 1500 1013 domo,
1513 990 1526 1005 ι
1542 980 1594 1008 hoc
1605 984 1655 1013 est,
1669 988 1722 1007 non

924 1026 1007 1054 habet
1021 1030 1185 1062 potestatem
1203 1025 1388 1062 expendendi,
1403 1033 1436 1052 eo
1450 1024 1526 1061 quod
1552 1032 1608 1052 non
1623 1024 1658 1051 sit
1674 1032 1721 1059 pa-

922 1070 1100 1104 terfamilias,
1117 1071 1170 1098 hoc
1183 1075 1235 1103 est,
1250 1070 1381 1098 dominus
1393 1069 1507 1102 domus;
1531 1069 1614 1097 Filius
1627 1073 1723 1097 autem

921 1116 1053 1144 dominus
1060 1115 1160 1143 domus
1167 1120 1218 1149 est,
1228 1120 1255 1142 et
1261 1118 1353 1142 manet
1359 1115 1387 1142 in
1395 1115 1489 1142 domo.
1498 1116 1620 1142 Domum
1628 1118 1722 1142 autem

921 1160 990 1188 dicit
1012 1164 1188 1196 potestatem,
1212 1160 1286 1187 sicut
1309 1160 1364 1186 alio
1389 1159 1449 1186 loco
1475 1159 1661 1195 principatum
1685 1159 1721 1186 ita

920 1206 1047 1233 nominat
1061 1215 1068 1232 :
1081 1217 1092 1229 α
1111 1206 1142 1232 ιιι
1156 1205 1253 1238 domo,
1268 1204 1372 1236 dicens,
1387 1204 1478 1231 Patris
1493 1204 1548 1231 mei
1565 1204 1722 1231 mansiones

921 1250 1016 1278 multa;
1041 1254 1106 1278 sunt
1125 1250 1155 1276 ¹³.
1179 1262 1191 1273 ι»
1213 1250 1299 1285 Igitur
1323 1249 1404 1276 vestri
1424 1248 1537 1284 quidem
1564 1247 1721 1276 sacerdotes

920 1302 984 1322 cum
1005 1294 1076 1322 servi
1091 1294 1162 1325 sint,
1190 1297 1354 1329 potestatem
1369 1301 1425 1320 non
1442 1292 1543 1320 habent
1564 1292 1722 1320 remittendi

921 1342 1031 1375 peccata
1048 1349 1054 1366 :
1071 1343 1100 1366 at
1123 1338 1207 1366 Filius
1233 1346 1285 1373 ego
1308 1345 1408 1365 maneo
1428 1337 1458 1364 in
1479 1337 1576 1370 domo,
1601 1336 1653 1364 hoc
1669 1340 1721 1370 est,

921 1388 1054 1420 potestate
1068 1387 1095 1411 et
1110 1383 1251 1419 principali
1265 1382 1428 1410 auctoritate
1444 1390 1451 1408 :
1466 1386 1493 1409 et
1507 1389 1571 1409 cum
1587 1381 1640 1409 sim
1659 1383 1720 1408 Do-

921 1428 1011 1456 minus
1039 1427 1150 1461 domus,
1173 1427 1327 1455 libertatem
1352 1426 1432 1454 vobis
1454 1425 1587 1454 concedo.
1617 1426 1719 1454 Omnia

921 1473 995 1501 enim
1007 1480 1068 1500 mea
1078 1477 1154 1506 sunt,
1166 1476 1193 1499 et
1203 1472 1317 1508 aequalis
1332 1470 1462 1507 potentia:
1472 1474 1498 1498 et
1509 1470 1648 1506 potestatis
1658 1478 1722 1498 cum

922 1519 1000 1546 Patre
1025 1525 1086 1545 sum
1112 1526 1118 1544 :
1135 1521 1162 1544 et
1177 1517 1199 1544 si
1220 1524 1271 1551 ego
1291 1516 1390 1544 liberos
1415 1523 1463 1543 vos
1486 1515 1641 1549 reddidero,
1657 1519 1724 1543 tunc

921 1570 983 1589 vera
999 1562 1124 1589 libertate
1143 1561 1328 1589 redimemini.
1354 1561 1426 1587 Nam
1449 1567 1522 1588 nunc
1546 1560 1657 1596 quidem
1671 1559 1722 1587 fal-

919 1614 980 1634 sam
1004 1606 1161 1634 libertatem
1190 1605 1336 1634 celebratis
1373 1611 1437 1632 vere
1459 1608 1551 1632 autem
1578 1607 1605 1632 et
1633 1603 1721 1639 reipsa

922 1651 999 1679 liberi
1015 1659 1030 1678 a
1051 1659 1097 1679 me
1113 1651 1203 1679 eritis.

957 1697 1046 1724 Vsus.
1062 1699 1106 1729 37,
1132 1699 1176 1723 38.
1194 1706 1208 1720 ιι
1223 1695 1285 1723 Scio
1308 1693 1384 1731 quod
1399 1702 1495 1722 semen
1511 1693 1629 1722 Abrabe
1652 1693 1720 1726 sitis,

921 1740 968 1768 sed
990 1741 1113 1776 quaeritis
1150 1748 1195 1768 me
1225 1739 1387 1772 interﬁcere,
1421 1739 1485 1774 quia
1519 1746 1611 1766 sermo
1643 1746 1722 1766 meus

921 1793 977 1812 non
993 1785 1077 1813 habet
1089 1785 1181 1813 locum
1195 1785 1220 1812 in
1236 1784 1324 1812 vobis.
1348 1785 1406 1819 Ego
1421 1783 1495 1819 quod
1516 1783 1571 1810 vidi
1584 1783 1657 1819 apud
1673 1784 1722 1810 Pa-

920 1833 992 1857 trem
1011 1837 1115 1862 meum,
1143 1830 1255 1865 loquor;
1271 1833 1297 1856 et
1313 1837 1362 1855 vos
1375 1827 1449 1864 quod
1465 1828 1571 1855 vidistis
1591 1827 1662 1862 apud
1676 1836 1720 1863 pa-

919 1878 991 1901 trem
1001 1878 1132 1905 vestrum,
1144 1873 1243 1901 facitis.
1260 1884 1271 1897 ι
1282 1874 1338 1900 Vos
1347 1872 1470 1908 quidem,
1481 1872 1579 1906 inquit,
1589 1880 1637 1899 vos
1647 1873 1722 1906 ipsos

919 1917 1007 1946 facitis
1014 1925 1108 1945 semen
1117 1918 1234 1946 Abrahae
1243 1927 1249 1945 ε
1258 1921 1285 1944 et
1293 1925 1344 1952 ego
1353 1917 1430 1944 vobis
1438 1915 1573 1943 assentior
1579 1915 1653 1951 quod
1664 1924 1722 1943 car-

919 1962 1009 1990 nalem
1025 1962 1206 1995 nobilitatem,
1222 1969 1284 1998 qua:
1297 1965 1339 1989 est
1352 1969 1385 1988 ex
1399 1960 1445 1988 illo
1457 1964 1569 1994 sancto.
1592 1960 1718 1994 servetis;

919 2012 1109 2035 verumtamen
1122 2007 1269 2042 spiritualis
1291 2005 1420 2042 cognatio
1434 2013 1450 2032 a
1464 2004 1542 2032 vobis
1552 2005 1638 2032 abest.
1675 2005 1721 2033 llle

915 2052 1008 2088 justus
1031 2056 1057 2079 et
1076 2051 1242 2086 misericors,
1259 2055 1287 2079 et
1308 2050 1474 2086 hospitalis:
1495 2057 1542 2077 vos
1561 2053 1654 2078 autem
1679 2053 1721 2083 (ut

919 2097 1002 2125 aliam
1030 2101 1148 2124 vestram
1164 2096 1246 2124 vitam
1271 2099 1443 2132 praeteream,
1457 2095 1510 2122 hoc
1524 2094 1613 2130 ipsum
1626 2099 1720 2122 autem

919 2142 992 2178 quod
1005 2141 1182 2169 manifestum
1195 2147 1247 2174 est,
1262 2145 1291 2168 et
1308 2139 1381 2176 quod
1395 2147 1471 2167 nunc
1487 2138 1573 2175 624
1587 2140 1721 2175 operami-

920 2185 959 2218 ni,
972 2186 1135 2217 examinem)
1159 2184 1303 2212 homicida:
1323 2184 1400 2216 estis,
1423 2187 1451 2211 et
1473 2183 1718 2216 immisericordes;

895 2215 904 2241 )
920 2230 1041 2266 ψιωτὶιίδ
1061 2230 1135 2257 enim
1150 2238 1194 2257 me
1206 2229 1342 2262 occidere,
1357 2233 1386 2256 et
1401 2228 1497 2256 mortis
1511 2236 1590 2256 reum
1604 2235 1648 2255 me
1660 2235 1720 2255 esse

919 2274 1019 2302 dicitis.
1038 2273 1125 2310 Igitur
1144 2273 1284 2309 quomodo
1299 2273 1373 2300 illius
1392 2272 1440 2300 ﬁlii
1455 2280 1517 2300 vere
1527 2272 1603 2305 estis,
1625 2272 1670 2308 qui
1683 2272 1719 2299 ita

920 2322 1050 2354 paternos
1076 2320 1252 2346 characteres
1271 2317 1436 2353 reliquistis?
1463 2317 1491 2344 Si
1512 2317 1594 2352 igitur
1608 2316 1642 2344 de
1663 2317 1722 2352 ejus

919 2371 1029 2398 genere,
1045 2362 1200 2398 gloriamini
1214 2383 1221 2397 ,
1237 2361 1342 2390 debetis
1363 2366 1391 2389 et
1405 2361 1535 2389 virtutem
1558 2361 1629 2389 illius
1656 2360 1717 2388 imi-

919 2407 980 2434 tari.
999 2407 1106 2435 Deinde
1122 2411 1151 2434 ut
1164 2414 1220 2434 non
1234 2406 1340 2442 possint
1353 2405 1444 2434 dicere
1457 2414 1463 2433 :
1477 2407 1557 2433 Juste
1580 2409 1607 2433 te
1619 2405 1721 2441 quieri-

921 2459 983 2479 mus
1005 2451 1039 2480 ad
1067 2451 1256 2485 occidendum,
1285 2451 1362 2487 ponit
1385 2458 1495 2478 causam
1524 2461 1529 2478 :
1557 2451 1620 2478 Non
1644 2451 1719 2478 enim

920 2501 1032 2532 propter
1054 2496 1128 2524 aliud
1155 2496 1277 2524 insanitis
1299 2499 1395 2523 contra
1421 2503 1476 2529 me,
1500 2503 1582 2531 quam
1606 2499 1720 2530 propter

919 2548 1078 2568 sermonem
1102 2548 1207 2574 meum,
1221 2540 1268 2576 qui
1291 2539 1437 2567 sublimior
1451 2543 1494 2567 est
1508 2543 1599 2567 vestra
1614 2539 1719 2574 cogita-

918 2585 1003 2619 tione,
1025 2589 1053 2612 et
1065 2593 1080 2612 a
1097 2584 1173 2612 vobis
1188 2585 1246 2620 capi
1263 2584 1360 2620 nequit
1376 2584 1527 2619 :,.quamvis
1538 2591 1595 2612 non
1607 2586 1720 2618 propter

919 2629 971 2658 hoc
986 2629 1133 2666 oportebat
1153 2629 1288 2663 occidere,
1303 2629 1353 2656 sed
1369 2629 1456 2665 magis
1469 2637 1548 2656 orare
1563 2633 1592 2655 ut
1605 2627 1718 2654 doceam

919 2673 1083 2710 dogmatum
1094 2674 1304 2706 sublimitatem,
1317 2677 1344 2701 et
1360 2674 1461 2704 colere,
1470 2676 1498 2700 et
1508 2672 1664 2699 observare.
1675 2671 1719 2698 lu-

917 2727 999 2755 super
1014 2723 1088 2746 utne
1103 2718 1206 2753 dicant,
1222 2719 1285 2754 quia
1302 2719 1337 2746 Et
1349 2719 1447 2746 merito
1462 2721 1489 2744 te
1510 2716 1573 2744 odio
1586 2715 1719 2743 habemus

917 2768 1043 2801 propter,
1055 2771 1213 2792 sermonem
1233 2767 1313 2791 tuum
1330 2771 1337 2790 :
1353 2771 1411 2790 non
1426 2761 1500 2790 enim
1514 2760 1582 2788 dicis
1608 2768 1623 2788 a
1646 2761 1718 2794 Deo,
