1910 3077
228 157 254 182 Η
727 156 985 186 THEOPHYLAC’I‘I
1006 155 1183 183 BULGARUE
1202 155 1361 183 ARCHlEP.
1832 165 1858 190 12

225 217 330 245 dictum
344 222 395 251 est,
413 222 471 246 erat
491 219 584 246 Maria;
603 223 630 246 et
646 219 698 247 Dei
711 220 805 247 Filius.
822 229 837 246 ιι
851 219 904 254 Qui
924 223 1006 247 auten

1078 217 1228 256 φαινόμενος
1245 217 1394 257 ἅνθρωπος,
1412 220 1426 248 6
1439 219 1515 253 αὐτὸς
1528 215 1559 255 ἦν
1577 221 1620 249 καὶ
1642 221 1703 256 Υἱὸς
1714 225 1762 252 τοῦ
1777 225 1860 261 Θεοῦ,

223 263 357 297 sequitur,
371 263 471 298 inquit,
484 271 540 296 me,
551 264 638 299 616
651 272 706 291 non
725 264 876 292 ambulabit
891 264 919 291 in
946 267 1022 291 tene-

222 306 292 340 bris,
307 318 320 331 »
341 307 393 334 hoc
410 311 461 340 est,
478 315 537 334 non
552 309 673 336 manebit
694 309 721 336 in
735 317 837 342 errore,
854 308 904 336 sed
922 308 1020 335 libera-

222 351 299 378 bitur
317 351 352 378 ab
375 359 468 379 errore
486 356 513 379 et
524 353 656 380 tenebris.
671 354 776 381 interea
787 357 815 381 et
836 352 1018 381 Nicodemum

223 395 326 428 laudat,
338 400 366 423 et
376 396 516 424 ministros
523 396 597 432 quod
605 401 662 425 tam
679 398 763 426 libere
769 398 909 431 dixissent,
920 404 1019 432 nempe

222 439 298 475 quod
313 441 340 467 in
361 440 420 468 luce
446 444 549 468 essent.
573 443 715 470 Taxantur
726 447 819 470 autem
832 447 861 470 et
874 441 1017 475 Pharisaei,

220 484 295 520 quod
312 485 342 512 in
363 493 456 513 errore
479 490 507 514 et
529 487 650 515 tenebris
672 492 774 522 essent,
789 492 817 515 et
837 488 909 515 clam
935 486 1016 515 dolos

221 532 372 557 struerent.

1075 262 1120 291 καὶ
1136 264 1190 302 φῶς
1211 265 1256 291 τοῦ
1272 263 1382 300 κόσμου’
1405 264 1455 303 οὐχ
1478 264 1568 304 ὥσπερ
1595 265 1737 306 Νεστόριος
1756 269 1862 308 ἐλήρει⁷

1074 306 1115 335 ὅτι
1140 308 1165 335 ἐν
1191 309 1229 346 τῷ
1247 308 1376 350 ἆνθριῖξπῳ
1400 311 1438 348 τῷ
1459 310 1529 349 ψιλῷ
1552 309 1667 350 κατῴκει
1692 313 1705 340 ὁ
1731 306 1860 345 ΥἱὸςἾτοῦ

1075 353 1162 389 Θεοῦ,
1187 352 1289 391 ἄπαγεῑ
1316 348 1351 386 εἷς
1378 353 1445 392 γὰρ,
1471 348 1562 394 ὥσπερ
1585 348 1705 394 εἴρηται,
1729 352 1761 394 ἦν
1783 359 1797 386 6
1822 361 1862 394 τῆς

1073 395 1180 442 Μαρίας
1196 397 1298 425 καὶτοῦ
1315 398 1384 427 Θεοῦ
1401 398 1475 431 Υἱός.
1494 412 1505 423 α
1527 398 1561 428 Ὁ
1578 399 1604 428 δὲ
1624 401 1791 440 ἀκολουθῶν,
1808 414 1860 442 φη-

1073 440 1113 470 σὶν
1127 464 1134 476 ,
1153 441 1228 479 ἐμοὶ,
1250 442 1279 470 οὖ
1294 443 1332 479 μὴ
1347 443 1525 480 περιπατήσει
1544 445 1570 472 ἐν
1585 447 1617 484 τῇ
1643 446 1735 485 σκοτία
1748 471 1755 484 ,
1777 460 1788 473 ι
1805 440 1864 477 του-

1072 485 1173 521 τέστιν,
1192 487 1221 515 οὐ
1237 486 1309 524 μενεῖ
1331 488 1356 516 ἐν
1432 487 1538 527 πλάνῃ,
1569 489 1628 518 ἀλλ’
1645 491 1863 530 ἀπαλλαγήσεται

1070 532 1117 565 τῆς
1132 529 1234 565 πλάνης
1250 531 1295 560 καὶ
1310 533 1357 560 τοῦ
1381 531 1498 565 σκότους.
1522 532 1595 570 Ἅμα
1614 533 1640 562 δὲ
1658 534 1704 563 καὶ
1719 535 1763 564 τὸν
1787 537 1863 566 Νιχό-

219 574 302 611 δημον
319 575 436 613 ἐπαινεῖ,
458 575 503 605 καὶ
526 575 586 609 τοὺς
606 575 738 614 ὑπηρέτας
757 579 792 610 ὡς
815 572 1116 616 πεποιῤῥησιασμένους,
1136 575 1181 603 καὶ
1205 575 1247 603 διὰ
1269 578 1346 605 τοῦτο
1363 577 1389 604 ἐν
1412 578 1449 616 τῷ
1467 576 1534 616 φωτὶ
1553 577 1640 612 ὄντας.
1667 579 1819 609 Αἰνίττεται
1841 583 1864 612 δὲ

218 619 264 647 καὶ
280 618 339 653 τοὺς
357 620 524 660 Φαρισαίους
550 622 575 650 ἐν
591 624 624 661 τῇ
641 621 728 661 πλάνῃ
753 621 798 651 καὶ
819 623 858 660 τῷ
881 620 971 650 σκότει
982 620 1059 653 ὄντας
1069 641 1076 654 ,
1094 619 1140 648 χαὶ
1156 621 1242 665 ἔρυφῆ
1252 619 1313 666 Ξοὺς
1327 621 1416 654 δόλους
1431 623 1586 654 πλέκοντας.

254 669 343 696 Vens.
359 672 401 703 13,
420 672 461 697 14.
478 680 490 693 α
503 670 637 697 Dixerunt
649 678 713 706 ergo
726 671 750 698 ei
762 669 910 698 Pharisaei:
927 671 968 697 Tu
980 670 1016 697 de

217 712 304 748 teipso
331 713 446 748 testaris,
474 715 663 742 testimonium
683 719 762 742 tuum
786 723 840 742 non
855 719 897 742 est
912 722 1015 742 verum.

217 757 371 793 Respondit
383 759 464 786 Jesus
479 763 507 786 et
522 759 593 786 dixit
608 759 646 787 eis
663 761 714 787 :Et
728 759 750 787 si
759 767 809 794 ego
823 759 1017 787 testimonium

218 801 375 837 perhibeam
385 802 419 830 de
432 803 546 839 meipso,
557 808 699 832 verumest
707 804 898 832 testimonium
907 812 1013 837 meum,

217 847 281 882 quia
296 847 353 875 scio
375 847 447 876 unde
460 849 532 882 veni,
556 853 584 876 et
598 857 651 885 quo
673 849 758 883 vado;
784 857 833 877 vos
857 853 950 876 autem
965 856 1013 876 ne—

1111 677 1123 690 σι
1140 666 1221 694 Εἰπον
1237 667 1281 693 οὐν
1299 666 1370 705 αὐτῷ
1386 666 1410 694 οἱ
1436 667 1595 705 Φαρισαῖοι·
1618 667 1657 697 Σὺ
1671 669 1731 707 περὶ
1748 674 1857 700 σεαυτοῦ

1072 709 1221 748 μαρτυρεῖς·
1247 712 1261 745 ἡ
1285 709 1416 748 μαρτυρία
1432 722 1477 739 σου
1494 712 1541 740 οὐκ
1559 710 1629 740 ἔστιν
1653 713 1762 748 ἀληθής.
1787 714 1860 744 Ἀπε-

1070 755 1147 792 κρίθη
1163 754 1278 790 Ἰησοῦς,
1302 753 1349 784 καὶ
1368 749 1441 783 εἶπεν
1457 757 1553 789 αὐτοῖς.
1582 756 1638 786 Κᾶν
1659 757 1710 796 ἐγὼ
1736 763 1861 800 μαρτυρῶ

1071 799 1132 841 περὶ
1152 800 1282 841 ἐμαυτοῦ,
1305 800 1405 835 ἀληθής
1425 801 1495 829 ἐστιν
1522 803 1539 836 ἡ
1567 802 1699 841 μαρτυρία
1728 815 1797 840 μου,
1824 805 1861 833 ὅτι

1066 838 1126 871 οἶδα
1152 843 1229 872 πόθεν
1253 839 1350 880 ἦλθον,
1375 844 1420 873 καὶ
1449 849 1499 874 ποῦ
1523 847 1628 883 ὑπάγω·
1656 848 1730 884 ὑμεῖς
1760 848 1786 876 δὲ
1816 850 1861 878 οὐχ

216 891 291 919 scitis
305 892 377 920 unde
389 893 477 926 venio,
494 897 582 929 etquo
593 893 671 921 vado.
685 906 697 918 ι»
712 894 780 928 Quia
791 894 908 927 dixerat,
926 905 938 918 ι
954 895 1006 928 Egt

1078 887 1174 934 Edere,
1193 888 1271 917 πόθεν
1288 888 1421 928 ἔρχομαι,
1443 890 1489 918 καὶ
1510 892 1560 918 ποῦ
1583 890 1688 930 ὑπάγω.
1714 904 1728 919 n
1747 891 1860 929 Ἐπειδή

214 943 277 964 sum
292 937 335 964 lux
348 937 453 972 mundi,
471 949 482 961 ιι
499 938 681 966 criminantur
698 947 763 966 eum
778 939 857 974 quasi
877 938 911 966 de
922 938 1010 973 seipso

214 983 402 1010 testaretur.0
412 982 611 1017 insipientiam!
629 985 690 1019 ipse
705 992 812 1011 sursum
826 983 1010 1018 deorsumque

214 1026 368 1061 Scripturas
382 1027 477 1059 trahit,
493 1035 554 1062 qua:
578 1032 709 1055 testentur
728 1029 761 1056 de
782 1028 884 1063 seipso,
903 1032 931 1055 et
957 1028 1010 1062 ipsi

213 1075 332 1106 arguunt
353 1079 417 1099 eum
431 1072 508 1107 quasi
523 1072 556 1099 de
571 1080 599 1099 se
608 1077 764 1100 testaretur.
789 1072 854 1100 ideo
881 1072 915 1100 ad
935 1072 1009 1099 mali-

211 1115 345 1151 gnitatem
359 1116 482 1151 ipsorum
503 1117 588 1144 etiam
600 1117 750 1153 respondet
764 1117 819 1144 illis
835 1127 840 1144 :
857 1119 935 1150 Esto,
949 1117 1008 1152 ipse

210 1159 244 1188 de
267 1168 313 1188 me
335 1164 428 1194 tester,
443 1162 566 1196 quamvis
595 1161 648 1189 hoc
673 1170 730 1189 non
743 1161 859 1194 faciam,
880 1161 929 1189 sed
953 1166 1008 1188 tres

211 1204 327 1232 habeam
338 1210 432 1239 testes,
449 1207 561 1234 Patrum
576 1214 680 1239 meum,
692 1211 720 1234 et
733 1215 827 1243 opera,
843 1215 874 1234 ac
885 1206 1007 1242 Scriptu-

210 1257 263 1283 ras,
279 1250 351 1278 sicut
364 1255 392 1278 et
412 1258 495 1286 supra
511 1251 615 1279 dictum
638 1255 698 1286 est;
725 1255 846 1279 attamen
874 1258 1008 1287 ponamus

208 1294 281 1330 quod
293 1295 351 1331 ipse
363 1295 396 1323 de
409 1304 454 1323 me
469 1300 561 1330 tester,
574 1296 655 1332 igitur
666 1296 726 1324 licet
736 1296 819 1324 etiam
827 1304 876 1332 ego
885 1295 1006 1331 mihiipsi

207 1343 330 1374 testarer,
346 1350 361 1366 ιι
375 1341 566 1368 testimonium
583 1349 677 1368 meum
701 1345 771 1369 esset
787 1349 893 1375 verum,
911 1352 923 1364 ν
941 1341 1005 1376 quia

207 1384 265 1412 scio
277 1392 322 1412 me
343 1393 402 1412 esse
421 1386 523 1413 Filium
539 1385 601 1419 Dei,
617 1389 643 1413 et
661 1393 717 1413 non
733 1385 876 1413 hominem
893 1393 1002 1420 purum,

207 1428 256 1456 sed
275 1436 393 1464 superne
409 1429 563 1457 venientem
578 1433 607 1457 et
634 1431 734 1457 Deum.
752 1429 899 1464 Quomodo
921 1429 1003 1464 igitur

206 1474 322 1501 mendax
342 1474 395 1501 erit
415 1474 607 1502 testimonium
635 1482 738 1507 meum,
754 1482 817 1502 cum
844 1476 918 1501 Deus
937 1474 1000 1508 sim,

205 1522 234 1546 et
245 1522 386 1554 propterea
400 1518 548 1554 dignuscui
561 1519 705 1547 credatur?
716 1520 787 1547 Nam
796 1519 912 1546 omnino
926 1519 1002 1545 Deus

203 1563 307 1598 sibiipsi
326 1563 402 1591 testis
416 1564 536 1592 maxime
552 1563 669 1592 idoneus
679 1568 738 1597 est;
753 1563 802 1591 sed
816 1568 843 1591 et
857 1564 949 1590 volens
960 1563 1000 1591 ire

202 1607 238 1636 ad
256 1609 347 1636 Deum
365 1616 472 1643 verum,
493 1610 635 1645 quomodo
649 1609 782 1637 mentirer
798 1607 834 1636 ad
847 1616 905 1636 non
917 1616 999 1636 men—

202 1652 299 1681 dacem
324 1653 456 1682 abiturus.

236 1745 327 1773 Vens.
343 1746 387 1779 15,
404 1747 444 1772 16.
461 1756 474 1769 α
492 1745 548 1772 Vos
560 1743 713 1772 secundum
733 1751 844 1771 carnem
857 1743 996 1779 judicatis,

199 1797 250 1825 ego
264 1789 416 1826 nonjudico
428 1797 609 1825 quemquam.
626 1790 711 1816 Porro
726 1792 753 1816 et
765 1788 918 1823 sijudicem
933 1795 994 1824 ego,

194 1834 331 1870 judicium
353 1842 446 1862 meum
473 1842 570 1861 verum
594 1837 645 1867 est,
664 1833 730 1870 quia
745 1833 821 1860 solus
841 1841 898 1860 non
921 1841 994 1866 sum,

197 1878 245 1907 sed
258 1887 318 1916 ego,
342 1884 369 1907 et
382 1880 429 1915 qui
453 1879 526 1906 misit
541 1886 584 1906 me
598 1879 687 1906 Pater.
706 1889 718 1902 υ
736 1879 793 1914 Ego
811 1877 936 1914 quidem,
951 1877 994 1904 in-

195 1924 264 1959 quit,
284 1932 348 1952 cum
373 1926 446 1952 Deus
470 1924 533 1956 sim,
549 1927 577 1951 et
595 1931 610 1951 e
632 1923 757 1959 supernis
780 1923 911 1956 venerim,
929 1930 994 1950 vera

195 1968 229 1996 de
244 1969 349 2005 meipso
368 1973 472 2002 testor;
486 1976 535 1996 vos
555 1969 646 1996 solum
657 1967 788 2004 spectatis
801 1967 835 1995 ad
855 1967 908 1994 hoc
919 1966 993 2002 quod

193 2018 327 2049 apparet:
354 2017 381 2041 et
396 2013 460 2049 quia
485 2013 512 2040 in
537 2020 620 2040 carne
645 2020 720 2046 sum,
749 2020 862 2039 carnem
886 2019 992 2039 meram

194 2066 240 2086 me
250 2066 310 2086 esse
328 2057 519 2093 suspicamini,
536 2061 565 2084 et
578 2065 634 2084 non
647 2057 730 2084 etiam
746 2057 846 2089 Deum,
862 2064 893 2084 ac
903 2064 917 2083 a
933 2058 991 2084 Deo

194 2103 301 2130 venisse
317 2112 324 2130 :
343 2112 357 2129 ‹‹
372 2102 525 2130 secundum
540 2109 650 2129 carnem
670 2101 812 2138 judicatis,
830 2113 842 2125 ια
864 2100 918 2128 hoc
938 2106 988 2135 est,

192 2147 354 2184 periculose.
377 2148 448 2175 Nam
469 2147 541 2175 sicut
561 2147 607 2183 qui
622 2147 651 2174 in
680 2154 761 2174 carne
774 2146 850 2180 vivit,
867 2146 990 2182 improbe

1067 927 1158 969 εἶπεν,
1182 932 1245 962 ὅτιιι
1263 932 1337 972 Ἰῖγώ
1364 935 1418 971 εἰμι
1441 934 1471 962 τὸ
1495 937 1549 974 φῶς
1575 938 1621 963 τοῦ
1646 936 1768 972 κόσμου,
1788 951 1800 964 υ
1818 940 1860 967 αἰ-

1066 980 1173 1006 τιῶνται
1187 977 1264 1007 αὐτὸν
1285 979 1320 1011 ὡς
1342 979 1404 1017 περὶ
1421 980 1514 1008 ἑαυτοῦ
1538 983 1733 1019 μαρτυροῦντα.
1757 981 1798 1012 Ὦ
1816 985 1863 1018 τῆς

1065 1022 1170 1056 ἀνοίαςέ
1189 1022 1276 1055 Αὐτὸς
1295 1023 1351 1051 ἄνω
1366 1023 1412 1051 καὶ
1427 1023 1503 1052 κάτω
1517 1023 1561 1056 τὰς
1583 1024 1689 1063 Γραφὰς
1706 1021 1778 1056 εἷλκε
1795 1039 1862 1066 μαρ-

1063 1067 1189 1105 τυρούσας
1215 1067 1275 1105 περὶ
1297 1068 1410 1103 ἑαυτοῦ,
1443 1069 1488 1097 καὶ
1519 1069 1592 1097 αὐτοὶ
1615 1071 1752 1098 αἰτιῶνται
1782 1073 1861 1101 αὐτὸν

1062 1112 1097 1144 ὡς
1111 1112 1171 1150 περὶ
1189 1113 1281 1140 ἑαυτοῦ
1305 1115 1502 1151 μαρτυροῦντα·
1527 1113 1566 1141 διὸ
1591 1113 1654 1152 πρὸς
1679 1114 1727 1149 τὴν
1747 1127 1862 1155 κακουρ-

1062 1155 1122 1195 γίαν
1134 1157 1220 1184 αὐτῶν
1237 1157 1282 1185 καὶ
1297 1158 1371 1190 αὐτὸς
1391 1157 1478 1189 αὐτοῖς
1496 1157 1680 1196 ἀποκρίνεται,
1698 1158 1736 1187 ὅτι
1751 1158 1860 1196 Ἔστω,

1062 1200 1139 1233 αὐτὸς
1167 1201 1226 1239 περὶ
1245 1201 1359 1238 ἐμαυτοῦ
1382 1203 1528 1241 μαρτυρῶ,
1553 1204 1639 1230 καίτοι
1664 1215 1692 1240 γε
1719 1203 1756 1240 μὴ
1782 1208 1862 1234 τοῦτο

1060 1246 1158 1280 ποιῶν,
1175 1244 1243 1274 ἀλλὰ
1258 1246 1326 1285 τρεῖς
1341 1245 1411 1285 ἔχων
1436 1246 1587 1286 μάρτυρας,
1605 1247 1648 1276 τὸν
1662 1247 1772 1287 Πατέρα
1787 1261 1860 1288 μου²

1060 1290 1105 1318 καὶ
1119 1289 1153 1319 τὰ
1168 1290 1248 1328 ἔργα,
1267 1291 1312 1318 καὶ
1326 1290 1373 1323 τὰς
1388 1290 1494 1330 Γραφὰς
1504 1313 1512 1327 ,
1529 1291 1595 1320 καθὸ
1618 1291 1649 1326 δὴ
1670 1292 1715 1320 καὶ
1732 1293 1861 1333 ἀνωτέρω

1059 1333 1170 1372 εἴρηται“
1187 1334 1258 1372 ὅμως
1282 1337 1386 1372 θῶμεν,
1408 1334 1448 1363 ὅτι
1464 1335 1538 1368 αὐτὸς
1560 1336 1620 1374 περὶ
1645 1337 1760 1372 ἐμαυτοῦ
1783 1349 1858 1377 μαρ-

1058 1380 1139 1417 τυρῶ.
1160 1393 1171 1404 ιι
1190 1379 1246 1408 Κᾶν
1262 1375 1306 1408 οὖν
1323 1377 1374 1417 ἐγὼ
1391 1380 1500 1421 ἐμαυτῇ)
1517 1381 1660 1418 μαρτυρῶ,
1685 1383 1701 1414 ἡ
1716 1375 1858 1421 μαρτυρία

1059 1434 1110 1460 μου
1137 1423 1238 1458 ἀληθής
1268 1423 1339 1457 ἐστι,
1365 1423 1430 1451 διότι
1460 1418 1538 1458 οἶδα,
1565 1422 1603 1451 ὅτι
1630 1426 1674 1452 τοῦ
1699 1426 1769 1454 Θεοῦ
1795 1418 1857 1465 εἶμι

1058 1467 1137 1506 Υἱὸς,
1158 1467 1204 1496 καὶ
1227 1468 1274 1496 οὐκ
1290 1467 1532 1510 ἅνθρωποὶψιλὸς,
1558 1468 1617 1496 ἀλλ’
1643 1469 1743 1498 ἄνωθεν
1769 1472 1855 1510 ἐρχό-

1056 1524 1132 1548 μενος
1146 1512 1192 1541 mi
1213 1512 1292 1545 Θεός.
1320 1513 1384 1546 Πῶς
1406 1507 1449 1541 οῦν
1466 1512 1563 1551 ψευδὴς
1577 1513 1652 1542 ἔσται
1672 1515 1688 1549 ἡ
1715 1507 1858 1554 μαρτυρία

1055 1568 1106 1594 μου
1122 1558 1192 1587 Θεοῦ
1219 1558 1309 1592 ὄντος,
1334 1557 1379 1586 χαὶ
1396 1556 1438 1585 διὰ
1461 1559 1539 1586 τοῦτο
1563 1557 1636 1591 ἀξίου
1659 1558 1854 1595 meruissem;

1056 1601 1167 1635 Πάντως
1187 1601 1238 1641 γὰρ
1253 1604 1267 1630 ὁ
1282 1601 1350 1634 Θεὸς
1365 1601 1514 1634 ἀξιόπιστος
1530 1603 1614 1642 ἑαυτῷ
1639 1603 1748 1641 μάρτυς.
1769 1603 1858 1633 Ἀλλὰ

1053 1646 1100 1676 καὶ
1119 1646 1181 1686 πρὸς
1199 1647 1268 1676 Θεὸν
1285 1647 1388 1684 μέλλων
1408 1647 1531 1675 ἀπελθεῖν
1553 1646 1596 1675 τὸν
1619 1648 1704 1683 ἀληθῆ
1716 1669 1723 1680 ,
1742 1649 1799 1681 πῶς
1818 1649 1855 1678 ἂν

1052 1691 1198 1731 ψευδοίμην
1214 1691 1279 1730 πρὸς
1295 1691 1338 1719 τὸν
1352 1691 1438 1729 ἀληθῇ
1456 1691 1561 1728 μέλλων
1580 1693 1722 1728 ἀπελθεῖν;

1092 1749 1104 1762 α
1128 1735 1220 1773 Ὑμεῖς
1231 1735 1300 1764 κατὰ
1315 1734 1362 1770 τὴν
1380 1735 1466 1774 σάρκα
1489 1735 1609 1774 κρίνετε,
1633 1735 1684 1772 ἐγὼ
1700 1735 1782 1776 κρίνω
1804 1738 1856 1766 οὒ-

1052 1781 1122 1810 δένα.
1152 1780 1207 1810 Καὶ
1230 1780 1274 1809 ἐὰν
1298 1779 1378 1819 κρίνω
1398 1778 1460 1818 ἐγὼ,
1483 1781 1500 1814 ἡ
1518 1779 1603 1819 κρίσις
1627 1782 1643 1815 ἡ
1671 1780 1721 1817 ἐμὴ
1748 1782 1857 1818 ἀληθής

1051 1826 1136 1863 ἐστιν,
1152 1825 1190 1854 ὅτι
1217 1825 1293 1863 μόνος
1314 1825 1361 1853 οὐκ
1376 1823 1444 1863 ἐγὼ,
1465 1823 1524 1852 ἀλλ’
1540 1823 1608 1862 ἐγὼ,
1631 1824 1676 1853 καὶ
1701 1826 1714 1853 ὁ
1739 1825 1856 1865 πέμψας

1051 1882 1084 1908 με
1100 1870 1206 1910 Πατήρ.
1225 1884 1235 1895 ιι
1250 1868 1324 1908 Ἐγὼ
1340 1869 1405 1908 μὲν,
1422 1869 1486 1909 φησὶ
1498 1891 1506 1906 ,
1526 1869 1594 1902 Θεὸς
1609 1868 1661 1904 ὢν,
1680 1868 1725 1898 καὶ
1747 1869 1854 1899 ἄνωθεν

1049 1915 1148 1951 ἐλθὼν,
1165 1917 1250 1950 ἀληθῆ
1272 1915 1333 1954 περὶ
1354 1915 1470 1952 ἐμαυτοῦ
1496 1915 1632 1952 μαρτυρῶ·
1649 1914 1723 1950 ὑμεῖς
1738 1914 1764 1942 δὲ
1781 1914 1855 1953 πρὸς

1048 1960 1078 1989 τὸ
1105 1960 1261 2001 φαινόμενον
1297 1959 1375 1997 μόνον
1405 1957 1612 1994 ἀποϐλέποντες,
1647 1958 1692 1987 χαὶ
1723 1958 1789 1986 διότι
1822 1961 1852 1988 ἐν

1048 2005 1128 2044 σαρκί
1153 2005 1224 2042 εἶμι,
1248 2003 1336 2043 σάρκα
1361 2002 1442 2043 ψιλήν
1468 2014 1500 2040 με
1532 2002 1756 2040 ὑπολαμϐάνετε,
1780 2003 1850 2032 ἀλλ’

1047 2050 1106 2089 οὐχὶ
1123 2049 1169 2078 καὶ
1183 2049 1268 2084 Θεὸν,
1282 2048 1328 2077 καὶ
1351 2048 1380 2077 ἐχ
1395 2048 1466 2077 Θεοῦ
1495 2047 1613 2077 ἐλθόντα.
1631 2060 1642 2071 α
1661 2046 1740 2076 Κατὰ
1753 2047 1850 2086 σάρκα

1047 2094 1158 2134 κρίνετε⁸
1178 2108 1190 2120 ιι
1215 2092 1351 2122 τουτέστιν
1377 2093 1530 2131 ἐπισφαλῶς
1561 2091 1669 2131 ’Ὠσπερ
1693 2091 1744 2131 γὰρ
1774 2093 1787 2120 6
1820 2095 1850 2122 ἐν

1046 2139 1124 2178 σαρκὶ
1147 2140 1212 2175 ζῶν,
1234 2137 1339 2178 φαύλως
1367 2137 1473 2176 λέγεται
1581 2137 1650 2166 οὕτω
1673 2135 1718 2164 καὶ
1739 2137 1753 2163 6
1773 2137 1850 2178 κατὰ

192 2191 282 2220 vivere
295 2192 411 2226 dicitur;
427 2191 462 2220 ita
478 2197 505 2220 et
517 2192 563 2229 qui
587 2191 738 2220 secundum
751 2199 864 2219 carnem
874 2190 988 2227 judicat,
1003 2203 1006 2234 ς

1081 2195 1129 2224 pm
1159 2182 1271 2223 κρίνων,
1296 2182 1392 2214 ἀδίκως
1422 2181 1517 2220 κρίνων
1545 2180 1577 2209 ἂν
1608 2180 1723 2220 λεχθείη.
1771 2175 1847 2210 Εἶτα

1197 2228 1202 2234 .
1259 2228 1266 2234 .
1298 2227 1303 2234 .
1398 2225 1428 2234 m
1452 2226 1487 2234 ,Μ
1600 2225 1606 2234 ι
1717 2227 1725 2234 .
1767 2229 1776 2233 .
1836 2227 1844 2234 .

191 2236 290 2273 injuste
300 2236 425 2274 judicare
449 2237 539 2265 dictus
556 2241 606 2265 est.
624 2235 730 2264 Deinde
753 2235 988 2272 quemadmodum

190 2281 305 2310 dixisset
325 2281 472 2318 quispiam,
486 2282 514 2310 Si
525 2289 576 2309 nos
595 2279 851 2317 Judaaijudicamus
874 2279 986 2315 injuste,

190 2334 277 2362 quare
288 2335 345 2354 non
358 2327 450 2362 punis,
469 2334 527 2354 non
551 2325 745 2354 condemnas?
757 2325 824 2352 dicit
841 2333 848 2352 :
873 2326 936 2352 Non
952 2324 987 2352 ad

187 2369 320 2404 hocveni,
328 2371 503 2407 utjudicem;
512 2381 526 2397 ιι
535 2373 593 2406 Ego
600 2370 676 2398 enim
685 2370 792 2397 nullum
799 2369 984 2405 nuncjudico;

186 2420 215 2444 et
228 2417 252 2444 si
265 2416 537 2452 iudicem,judicium
557 2423 651 2444 meum
666 2423 764 2442 verum
774 2419 825 2442 est.
842 2426 854 2439 ι
874 2414 984 2442 Etenim

185 2461 361 2490 condemnati
392 2461 497 2495 essetis,
519 2461 657 2497 siquidem
680 2459 827 2487 voluissem
847 2459 981 2496 judicare,

183 2513 258 2534 nunc
267 2511 361 2535 autem
373 2506 579 2535 damnationem
591 2505 691 2541 fugitis,
708 2513 763 2533 non
778 2504 839 2541 quia
851 2504 982 2532 damnare

182 2558 231 2578 vos
243 2559 300 2578 non
318 2552 421 2578 valeam
431 2553 480 2584 (ιι),
501 2550 548 2578 sed
563 2550 626 2586 quia
642 2558 714 2578 nunc
723 2558 778 2577 non
793 2553 834 2577 est
850 2553 958 2584 tempus
974 2557 980 2574 :

179 2595 209 2623 in
222 2595 374 2624 adventum
399 2595 550 2624 secundum
576 2594 703 2623 ditleram
718 2594 979 2622 condemnationem

179 2645 298 2668 vestram
321 2650 328 2668 :
358 2640 592 2677 quemadmodum
629 2645 657 2668 et
679 2639 732 2667 alio
757 2640 817 2667 loco
843 2639 908 2666 dicit
931 2638 942 2654 ¹
969 2648 976 2666 :

181 2696 194 2710 ι
211 2687 275 2714 Non
289 2686 350 2713 veni
362 2689 394 2714 ut
402 2685 523 2722 judicem
532 2684 678 2720 mundum,
691 2684 739 2713 sed
745 2685 861 2713 salvam.
873 2695 886 2708 ιι
898 2682 980 2718 Quod

213 2761 224 2778 ²
238 2762 317 2790 Joan.
334 2769 390 2797 xu,
409 2765 454 2790 41.

1043 2228 1133 2269 ὥσπερ
1154 2228 1222 2262 τινὸς
1245 2227 1371 2260 εἰπόντος·
1398 2225 1429 2254 Εἰ
1445 2226 1540 2258 ἀδίκως
1563 2225 1686 2265 κρίνομεν
1712 2227 1788 2262 ἡμεῖς
1819 2227 1845 2255 οἱ

1043 2272 1180 2308 Ἰουδαῖοι,
1195 2272 1237 2301 διὰ
1252 2272 1277 2301 τί
1291 2272 1329 2310 μὴ
1341 2271 1476 2305 κολάζεις,
1493 2271 1535 2298 διὰ
1551 2269 1576 2298 τί
1589 2270 1627 2307 μὴ
1648 2269 1820 2308 κατακρίνεις
1834 2282 1842 2305 ;

1043 2318 1137 2358 φησὶν,
1155 2318 1194 2347 ὅτι
1209 2318 1267 2347 Οὐχ
1283 2316 1326 2346 ἐπὶ
1348 2316 1432 2355 τούτῳ
1450 2311 1529 2352 ἦλθον
1544 2314 1588 2343 ἴνα
1608 2314 1700 2354 κρίνω.
1735 2328 1747 2339 σι
1763 2313 1845 2352 Ἐγὼ

1040 2362 1091 2402 γὰρ
1115 2363 1208 2391 οὐδένα
1232 2361 1312 2400 κρίνω
1327 2363 1382 2389 νῦν·
1405 2360 1451 2389 καὶ
1475 2359 1520 2388 ἐὰν
1537 2359 1618 2398 κρίνω
1638 2358 1682 2395 δὲ,
1707 2361 1723 2394 ἡ
1752 2358 1843 2398 κρίσις·

1041 2401 1091 2444 μου
1116 2406 1214 2442 ἀληθής
1238 2408 1303 2436 ἐστι.
1328 2419 1339 2431 ιι
1364 2404 1418 2434 Καὶ
1441 2404 1493 2443 γὰρ
1518 2403 1772 2440 χαταδεδικασμένοι
1799 2401 1835 2431 ἂν

1038 2448 1102 2491 ἦτε,
1126 2451 1197 2491 εἴγε
1222 2451 1338 2486 ἠθέλησα
1361 2450 1459 2489 κρῖναι.
1487 2449 1544 2478 Νῦν
1568 2448 1595 2476 δὲ
1621 2447 1761 2487 ἐχφεύγετε
1788 2446 1839 2482 τὴν

1038 2498 1212 2536 κατάκρισιν,
1239 2497 1268 2525 οὐ
1305 2494 1372 2523 διότι
1399 2494 1521 2522 ἀδυνατῶ
1551 2494 1618 2531 ὑμᾶς
1652 2495 1833 2531 καταχρῖναι,

1040 2542 1109 2572 ἀλλὰ
1133 2542 1199 2571 διότι
1221 2541 1269 2570 οὖκ
1294 2539 1350 2569 ἔστι
1377 2541 1422 2568 νῦν
1450 2537 1550 2577 καιρός.
1576 2538 1619 2576 Τῇ
1644 2536 1695 2575 γὰρ
1727 2535 1838 2576 δευτέρᾳ

1035 2588 1168 2628 παρουσία
1190 2584 1352 2624 ταμιεύομαι
1374 2583 1421 2618 τὴν
1447 2582 1604 2628 χατάέρισιν
1635 2583 1718 2620 ὑμῶν·
1741 2580 1835 2618 ὥσπερ

1034 2622 1082 2662 καὶ¹
1096 2622 1213 2671 ἀλλαχοῦ
1230 2642 1310 2670 φησι,
1329 2629 1370 2657 ὅτι
1398 2640 1412 2655 ιι
1436 2629 1496 2657 Οὐχ
1514 2622 1592 2662 ἦλθον
1616 2630 1703 2666 κρῖναι
1724 2625 1768 2653 τὸν
1783 2624 1835 2653 χό-

1035 2689 1103 2716 σμον
1114 2700 1122 2715 ,
1141 2669 1210 2706 ἀλλὰ
1223 2669 1320 2704 σῶσαι·
1338 2686 1352 2702 »
1370 2672 1428 2702 ἐπεὶ
1447 2671 1488 2702 ὅτι
1502 2683 1531 2711 γε
1547 2672 1623 2705 αὐτός
1643 2672 1714 2700 ἐστιν
1731 2671 1745 2698 6
1759 2669 1834 2698 πάν-

211 2822 249 2855 (α)
269 2820 341 2850 Edit.
357 2821 423 2849 Lut.
442 2821 554 2856 omittit,
577 2828 648 2848 nunc
659 2822 750 2848 autem
764 2818 966 2847 damnationem
979 2817 1091 2851 fugitis,
1110 2823 1163 2842 non
1174 2815 1241 2850 quia
1255 2814 1386 2842 damnare
1399 2821 1444 2839 vos
1463 2818 1517 2839 non
1531 2808 1647 2836 valeam.
