1910 3077
43 174 65 200 l3
402 171 597 199 ENARRATIO
617 171 650 198 ΙΝ
669 170 883 198 EVANGELIUM
901 169 1039 198 JOANNIS
1059 185 1093 190 —
1112 170 1188 197 CAP.
1209 171 1281 198 Vlll.
1632 169 1664 196 14

40 246 82 264 των
99 234 196 274 κριτὴς,
219 233 298 263 ἄκουε
313 236 358 263 τοῦ
374 235 501 274 ἀψευδοῦς
521 233 652 271 στόματος
663 256 670 269 ,
689 233 730 262 ὅτι
748 246 759 259 ‹‹
779 232 814 263 Ὁ

917 240 961 260 em
975 233 1032 268 ipse
1042 232 1076 260 sit
1091 232 1216 260 omnium
1225 231 1318 267 judex,
1338 231 1402 259 audi
1417 239 1448 259 os
1459 231 1532 267 quod
1555 230 1666 258 mentiri

42 279 122 318 Πατὴρ
149 278 194 314 τὴν
221 279 306 317 κρίσιν
334 283 423 307 πᾶσαν
455 279 552 308 δέδωκε
575 280 612 317 τῷ
637 279 705 318 Υἰῷ.
730 277 816 308 Ὥστε

39 324 91 352 ὅταν
107 324 215 362 ἀκούῃς,
234 322 274 352 ὅτι
302 337 314 349 σι
327 323 400 361 Ἐγὼ
422 323 504 363 κρίνω
527 323 636 359 οὐδένα,
662 337 674 349 ιι
695 322 734 361 μὴ
754 322 817 362 περὶ

39 371 77 404 τῆς
100 368 237 406 μελλούσης
258 367 424 407 παρουσίας,
441 368 510 396 ἀλλὰ
531 370 578 404 τῆς
600 367 748 407 προτέρας,
762 367 817 397 νόει

39 412 145 451 λέγεσθαι
168 415 255 443 τοῦτο.
282 412 373 442 Εἰπὼν
395 411 443 448 δὲ,
469 412 509 441 ὅτι
535 425 549 439 α
564 413 623 441 Οὐκ
647 413 702 450 εἰμὶ
726 412 816 449 μόνος,

39 457 99 486 ἀλλὰ
111 457 151 486 καὶ
170 460 184 487 ὁ
201 457 295 496 Πατήρ
315 468 366 495 μου
387 458 445 494 μετ’
464 458 528 494 ἐμοῦ
554 457 625 486 ἐστιν
638 479 646 492 ,
673 471 685 482 ν
706 456 816 494 ἔδειξεν,

37 501 72 531 ὅτι
93 503 146 531 Οὐκ
167 501 218 540 ἐγὼ
245 502 322 540 μόνος
344 501 516 535 καταδικάζω
541 503 624 540 ὑμᾶς,
650 501 720 530 ἀλλὰ
743 500 789 530 καὶ
805 502 818 529 ὁ

40 547 135 585 Πατήρ.
161 547 202 576 Οὖ
218 547 270 586 γὰρ
295 546 382 579 ἄλλως
407 545 454 584 μὲν
471 545 522 584 ἐγὼ
544 546 640 585 κρίνω,
661 546 746 579 ἄλλως
761 545 788 574 δὲ
805 547 819 575 ὁ

38 591 135 631 Πατήρ·
156 591 214 620 ἀλλ’
229 590 320 630 ὥσπερ
343 590 375 619 ἂν
390 590 444 630 ἐγὼ
454 613 463 630 ,
479 590 549 620 οὕτω
568 592 698 624 κάκεῖνος·
722 590 768 620 καὶ
784 592 820 624 ὡς

36 636 123 668 ἐκεῖνος
129 658 137 671 ,
151 636 218 664 οὕτω
230 635 314 675 κάγώ.

75 694 87 706 α
102 680 151 711 Καὶ
165 682 190 710 ἐν
205 683 243 720 τῷ
259 680 333 720 νόμῳ
354 679 382 708 δὲ
403 681 441 720 τῷ
464 679 585 720 ὑμετέρῳ
599 680 758 720 γέγραπται,
778 680 820 710 ὅτι

36 725 77 755 δύο
100 724 238 765 ἀνθρώπων
253 728 270 761 ἡ
296 724 430 765 μαρτυρία
446 725 547 761 ἀληθής
564 727 643 756 ἐστιν.
673 725 746 764 Ἐγώ
763 727 819 763 εἰμι

35 772 48 800 ὁ
63 772 193 810 μαρτυρῶν
209 769 270 808 περὶ
293 771 429 808 ἐμαυτοῦ,
447 769 493 798 καὶ
513 770 644 809 μαρτυρεῖ
666 769 728 809 περὶ
754 771 820 808 ἐμοῦ

35 818 48 846 ὁ
62 815 163 855 πέμψας
177 827 211 850 με
230 814 339 854 Πατήρ.
356 828 368 840 υ
389 814 549 844 Εἶπάτωσαν
561 815 675 844 ἐνταῦθα
692 815 821 855 Ἀρειανοί

35 827 48 846 o
62 827 163 855 πεμψας
177 827 211 850 με
230 827 339 854 ιιατηρ.
356 828 368 840 υ
390 827 549 844 ιιιπατωσαν
561 827 675 844 ενταυυα
698 827 718 844 Α
739 827 820 844 ειανοι

35 872 62 889 τε
77 860 119 889 καὶ
135 859 310 897 Εὐνομιανοὶ,
324 859 348 888 οἱ
361 859 480 898 λέγοντες
499 859 536 897 μὴ
548 859 687 896 ὁμοούσιον
703 827 771 888 εἶξαι
783 861 821 899 τῷ

871 277 970 310 nescit,
989 289 1001 301 ι
1019 278 1100 304 Pater
1111 277 1195 312 617
1204 276 1337 312 judicium
1350 283 1431 303 omne
1449 276 1523 303 dedit
1538 276 1604 303 Filio
1616 275 1637 302 ³.
1650 285 1664 300 »

870 323 960 357 Atque
970 322 1006 349 ita
1017 321 1125 357 quando
1136 321 1225 353 audis,
1238 319 1312 357 quod
1324 331 1337 344 ι
1348 321 1405 356 Ego
1417 320 1522 347 nullum
1534 320 1639 355 judico,
1652 334 1664 346 ιο

870 374 925 394 non
948 366 982 394 de
1009 366 1102 394 futuro
1126 365 1254 398 adventu,
1281 365 1330 393 sed
1352 365 1386 392 de
1407 364 1534 400 prmsenti
1561 365 1667 394 dictum

871 411 1000 447 intellige.
1018 410 1140 438 Dicendo
1156 414 1262 444 autem,
1282 421 1295 434 ι
1312 410 1374 437 Non
1392 417 1456 437 sum
1471 409 1559 443 solus,
1573 409 1621 438 sed
1640 415 1667 438 et

871 456 953 483 Pater
963 463 1041 483 meus
1052 463 1160 483 mecum
1171 459 1222 488 est,
1240 466 1252 479 ι
1264 454 1385 482 ostendit
1397 452 1474 490 quod
1489 455 1551 482 Non
1562 461 1612 489 ego
1623 462 1667 482 so-

872 500 914 527 lus
934 500 1088 528 condemno
1109 508 1172 534 vos;
1199 499 1246 528 sed
1263 503 1291 527 ct
1309 501 1399 527 Pater.
1418 500 1479 526 Non
1502 499 1574 526 enim
1593 499 1670 527 aliter

873 545 984 580 quidem
998 553 1048 581 ego
1059 544 1162 581 judico,
1181 544 1261 572 aliter
1277 552 1340 572 vero
1356 545 1450 580 Pater;
1462 543 1510 572 sed
1521 543 1592 572 sicut
1605 551 1668 580 ego,

873 590 912 618 ita
927 594 954 618 et
964 590 1019 624 ille,
1032 594 1060 618 et
1073 590 1145 618 sicut
1162 589 1217 623 ille,
1232 593 1260 618 et
1273 597 1333 625 ego.

909 681 999 708 Vnns.
1023 682 1066 713 17,
1084 681 1126 708 18.
1145 691 1158 703 ι
1174 679 1246 713 Quin
1260 683 1288 707 et
1302 679 1331 706 in
1353 678 1412 714 lege
1433 683 1521 707 vestra
1536 679 1671 716 scriptum

873 729 929 759 est,
949 725 1024 760 quod
1045 724 1166 753 duorum
1187 724 1334 752 hominum
1359 724 1547 752 testimonium
1573 732 1671 752 verum

874 774 925 798 est.
941 771 1000 806 Ego
1018 777 1079 797 sum
1094 769 1140 805 qui
1165 769 1356 797 testimonium
1377 768 1435 796 fero
1456 768 1490 797 de
1510 769 1626 805 meipso,
1643 774 1671 798 et

873 814 1065 843 testimonium
1092 813 1145 841 fert
1168 814 1202 842 de
1229 822 1272 841 me
1296 813 1343 850 qui
1368 813 1445 841 misit
1471 821 1516 842 me
1541 815 1631 842 Pater.
1656 825 1670 838 ι·

875 860 974 888 Dicant
989 859 1040 887 hoc
1056 859 1115 887 loco
1130 859 1228 886 Ariani
1249 863 1278 886 et
1291 858 1466 891 Eunomiani,
1482 858 1603 887 dicentes
1617 867 1674 887 non

36 905 120 944 Πατρὶ
134 903 176 933 τὸν
197 905 274 934 Υἱόν⁴
300 905 322 933 εἴ
340 903 377 941 μὴ
403 904 539 942 ὁμοούσιος
562 899 611 940 ἧν,
632 907 687 938 πῶς
701 904 732 933 ἂν
749 898 820 934 ἔτιῆ-

917 913 935 932 ;e
959 903 1223 932 consubstantialem
1239 903 1313 931 Patri
1327 903 1427 931 Filium
1440 913 1448 931 :
1463 903 1486 931 si
1506 911 1562 931 non
1577 903 1674 932 fuisset

32 961 114 988 μησεν
129 950 227 988 εἰπεῖν,
247 948 287 977 ὅτι
309 949 365 983 Τῆς
389 949 470 984 αὐτῆς
485 949 620 982 αὐθεντίας
647 948 693 978 καὶ
718 948 822 983 ἀξιοπι-

32 995 107 1027 στίας
134 993 187 1032 εἰμὶ
274 993 380 1032 Πατρί,
401 992 508 1034 Ὥσπερ
534 993 585 1032 γὰρ
610 993 656 1022 δύο
676 993 822 1033 ἀνθρώπων

30 1038 92 1079 περί
116 1050 182 1071 τινος
209 1037 432 1078 μαρτυρούντων,
458 1037 504 1067 καὶ
534 1039 649 1073 ἀληθοῦς
673 1037 752 1073 οὔσης
777 1040 824 1074 τῆς

30 1082 174 1123 μαρτυρίας
187 1083 292 1119 αὐτῶν,
309 1083 441 1122 πρόδηλον
465 1082 506 1111 ὅτι
530 1082 575 1111 καὶ
596 1085 612 1118 ἦ
641 1082 791 1116 ἀξιοπιστία
806 1085 822 1118 ἡ

29 1128 109 1164 αὖτή”
136 1127 204 1156 οὕτω
227 1128 378 1163 κάνταῦθα,
392 1126 466 1156 οὐδὲν
490 1127 598 1157 ἔλαττον
614 1126 735 1167 ἐμφαίνει
754 1127 824 1166 ἔχειν

25 1173 78 1208 τὴν
94 1174 185 1202 ἑαυτοῦ
200 1171 264 1210 πρὸς
279 1171 326 1207 τὴν
351 1174 394 1201 τοῖ
418 1172 526 1210 Πατρὸς
553 1171 712 1212 μαρτυρίαν.
731 1170 825 1202 Ἄκουε

27 1217 83 1257 γὰρ
111 1218 266 1250 αὖθεντικῶς
290 1216 429 1256 λεγόμενον
452 1216 482 1245 τὸ
509 1216 612 1256 ἐφεΞῆςο
637 1228 651 1244 οι
670 1217 745 1255 Ἐγώ
770 1217 826 1254 εἶμι

23 1265 40 1292 ὁ
60 1263 202 1302 μαρτυρῶν
219 1261 279 1301 περὶ
295 1262 428 1299 ἐμαυτοῦ,
451 1261 497 1290 καὶ
523 1263 653 1300 μαρτυρεῖ
676 1261 738 1302 περὶ
761 1264 826 1300 ἐμοῦ

22 1307 76 1336 καὶ
93 1309 106 1335 ὁ
122 1305 227 1346 Πατήρ.
246 1317 259 1333 »
279 1305 364 1346 Ὁρᾷς
387 1305 434 1341 τὴν
450 1305 508 1340 ἴσην
526 1306 679 1341 αὖθεντίαν,
696 1306 742 1335 καὶ
756 1306 827 1338 ὅπως

25 1351 129 1381 ἑαυτὸν
144 1351 293 1385 ἀξιόπιστον
311 1354 442 1386 ποιεῖται,
460 1349 552 1390 ὥσπερ
574 1351 619 1380 καὶ
635 1350 678 1380 τὸν
699 1351 826 1391 "stipa;

23 1396 118 1435 Ὀπερ
135 1397 182 1426 οὐκ
207 1395 238 1424 ἂν
265 1395 411 1433 ἐτόλμησεν
428 1396 528 1431 εἰπεῖν,
547 1396 572 1424 εἴ
591 1407 621 1434 γε
637 1395 828 1435 ὑποδεέστερος

22 1438 62 1477 ἦν
78 1443 124 1470 τοῦ
143 1439 249 1479 Πατρὸς
271 1440 340 1470 κατὰ
360 1440 408 1475 τὴν
427 1439 521 1476 ἀξίαν,
543 1439 588 1469 καὶ
609 1442 656 1469 οὐκ
681 1440 735 1473 ἶσος
753 1442 827 1480 αὐτῷ

22 1486 77 1516 χαὶ
104 1485 253 1524 ὁμοούσιος.
283 1485 316 1514 Εἰ
340 1485 391 1524 γὰρ
422 1484 551 1520 ἠϐούλετο
577 1484 668 1525 ὕφεσίν
695 1497 753 1514 τινα
782 1487 828 1515 καὶ

877 949 1003 985 ejusdem
1020 949 1193 981 substantiae,
1208 947 1350 984 quomodo
1362 955 1445 976 ausus
1460 947 1557 976 fuisset
1569 948 1671 983 dicere,

878 994 1008 1030 Ejusdem
1031 993 1204 1022 auctoritatis
1225 1001 1288 1021 sum
1307 1001 1372 1021 cum
1394 993 1486 1027 Patre,
1504 997 1532 1020 et
1545 992 1676 1021 similiter

878 1038 980 1074 dignus
1002 1038 1047 1066 cui
1070 1038 1139 1065 fides
1164 1037 1316 1065 habeatur?
1339 1038 1412 1064 Nam
1436 1037 1674 1072 quemadmodum

878 1091 943 1111 cum
959 1082 1014 1111 duo
1034 1082 1159 1110 homines
1172 1081 1207 1110 de
1224 1081 1321 1110 eadem
1335 1089 1365 1110 re
1380 1085 1526 1116 testantur,
1540 1085 1568 1110 et
1579 1089 1675 1110 verum

879 1132 920 1156 est
951 1128 1060 1156 illorum
1090 1127 1295 1160 testimonium,
1327 1126 1504 1154 manifestum
1527 1130 1570 1154 est
1601 1125 1677 1162 quod

879 1173 1023 1208 utriusque
1045 1171 1142 1200 eadem
1159 1175 1201 1199 est
1221 1171 1354 1199 idoneitas
1374 1171 1403 1198 in
1421 1171 1547 1199 testando
1566 1181 1573 1199 :
1590 1171 1629 1199 ita
1649 1174 1677 1199 et

881 1217 934 1246 hoc
949 1218 1008 1246 loco
1020 1216 1087 1245 nihil
1102 1217 1194 1244 minus
1210 1216 1310 1244 habere
1323 1216 1443 1244 declarat
1455 1223 1537 1243 suum
1551 1216 1676 1243 testimo-

881 1263 956 1290 nium
969 1262 1056 1290 Patris
1066 1262 1234 1290 testimonio.
1252 1261 1321 1290 Audi
1332 1261 1407 1289 enim
1419 1260 1492 1297 quod
1503 1268 1677 1296 consequen-

882 1312 924 1336 ter
938 1315 1038 1343 magua
1052 1306 1216 1335 auctoritate
1230 1306 1342 1339 dicitur,
1360 1317 1371 1330 -
1386 1307 1444 1342 Ego
1459 1314 1522 1333 sum
1539 1306 1586 1341 qui
1599 1305 1678 1333 testi-

883 1353 1009 1380 monium
1023 1351 1082 1380 fero
1094 1352 1127 1380 de
1140 1351 1256 1386 meipso,
1271 1355 1299 1378 et
1312 1350 1501 1378 testimonium
1516 1350 1570 1378 fert
1584 1350 1619 1378 de
1634 1357 1680 1378 me

884 1399 973 1426 Pater.
993 1409 1006 1421 ι
1025 1396 1109 1424 Vides
1123 1396 1317 1423 auctoritatem
1333 1396 1368 1431 (a)
1384 1403 1488 1431 parem,
1501 1399 1529 1422 et
1538 1395 1679 1431 quomodo

883 1451 912 1470 se
922 1450 1000 1478 aeque
1007 1441 1041 1469 ad
1050 1441 1241 1470 testimonium
1250 1440 1316 1468 facit
1325 1440 1454 1468 idoneum
1463 1443 1546 1475 atque
1554 1441 1680 1467 Patrem?

884 1487 912 1515 ld
927 1487 1000 1523 quod
1015 1494 1073 1514 non
1091 1494 1175 1514 ausus
1195 1485 1294 1514 fuisset
1313 1484 1415 1519 dicere,
1434 1484 1571 1520 siquidem
1591 1484 1680 1520 digni-

23 1530 180 1560 ἐλάττωσιν
204 1528 384 1568 ἐνδείξασθαι,
407 1530 454 1559 οὐκ
478 1529 510 1558 ἂν
536 1530 627 1559 ἑαυτὸν
650 1529 820 1570 συνηρίθμησι

917 1536 940 1560 ιο
964 1534 1044 1560 Patre
1068 1530 1167 1559 fuisset
1189 1529 1311 1562 inferior,
1335 1533 1363 1557 et
1383 1537 1440 1557 non
1459 1529 1572 1565 aequalis
1593 1529 1633 1557 illi
1649 1536 1681 1557 ac

22 1577 67 1615 τῷ
88 1575 195 1614 “arpi,
212 1574 257 1603 καὶ
271 1574 319 1608 τὴν
330 1574 429 1603 οἰκείαν
450 1574 598 1614 μαρτυρίαν
613 1576 646 1613 τῇ
659 1577 705 1604 τοῦ
723 1576 827 1615 ΙΙατρὸς

22 1619 242 1658 συγκατέταττε·
269 1618 338 1648 ἀλλὰ
353 1619 444 1652 δοῦλος
465 1620 515 1655 ὢν,
542 1619 629 1652 καθὼς
652 1620 675 1648 οἱ
699 1619 826 1659 αἱρετικοὶ

22 1663 220 1700 δυσσεϐοῦσιν,
246 1664 282 1697 εἰς
301 1663 348 1693 ἕνα
362 1665 414 1692 τῶν
437 1663 588 1693 συνδούλων
605 1663 755 1704 ἀπέϐλεψεν
773 1664 804 1693 ἂν
816 1686 826 1703 ,

22 1711 153 1739 ιᾶκεῐνον
176 1708 355 1748 συμμάρτυρα
377 1708 540 1745 ἐποιήσατο,
561 1703 614 1737 οἷον
639 1708 683 1737 τὸν
698 1708 827 1746 Ἰωάννην

22 1755 114 1793 ιέγω,
139 1753 157 1788 ἢ
173 1753 233 1786 τοὺς
253 1752 398 1792 προφήτας·
428 1752 445 1788 ἢ
469 1753 573 1788 ἁπλῶς,
599 1752 623 1782 εἴ
645 1764 675 1791 γε
706 1753 828 1787 τοιαύτας

22 1799 108 1835 ἤθελε
128 1797 291 1837 μαρτυρίας,
309 1797 404 1837 μυρίας
420 1797 452 1826 ἂν
467 1793 537 1837 εἶρε.
553 1799 609 1827 Νῦν
624 1797 651 1826 δὲ
670 1797 717 1832 τὴν
733 1799 829 1836 ὁμοθυ-

22 1843 143 1878 τιότητα
158 1842 241 1871 Θέλων
263 1842 361 1880 δεῖξαι,
381 1842 415 1878 ἣν
432 1843 488 1881 ἔχει
504 1841 569 1882 πρὸς
589 1841 632 1871 τὸν
647 1842 757 1882 Πατέρα
768 1866 776 1878 ,
790 1844 829 1882 τῷ

24 1886 123 1926 Ῐατρὶ
140 1887 296 1925 συναριθμεῖ
309 1886 412 1917 ἑαυτόν.
437 1886 484 1922 Μὴ
504 1886 645 1926 θαυμάσῃς
670 1886 716 1923 δὲ,
737 1888 760 1916 εἰ
781 1889 830 1917 ἆλ-

22 1934 116 1972 aton
132 1931 181 1960 καὶ
195 1930 337 1967 Ἰωάννην,
355 1931 401 1960 καὶ
417 1933 537 1968 Μωσῆν,
556 1932 601 1960 καὶ
617 1930 677 1965 τοὺς
692 1931 830 1972 προφήτας

22 1977 146 2017 ταράγει
169 1975 231 2015 περὶ
258 1977 339 2004 αὐτοῦ
368 1978 578 2016 μαρτυροῦντας.
608 1977 680 2016 Πρὸς
701 1976 754 2017 γὰρ
781 1977 830 2012 τὴν

22 2025 76 2051 ὧν
112 2022 254 2061 ἀκροατῶν
289 2020 422 2060 ὑπόληψιν
448 2023 525 2050 τοῦτο
549 2023 631 2050 ποιεῖ·
662 2022 707 2050 καὶ
738 2021 830 2057 ἐπειδὴ

22 2071 124 2097 κεῖνοι
139 2066 185 2095 τὸν
209 2065 337 2101 Ἰωάννην
361 2066 406 2094 καὶ
429 2065 473 2095 τὸν
491 2067 593 2101 Μωσῆν
612 2066 692 2095 αὐτοῦ
722 2067 827 2106 προετί-

22 2123 124 2147 εσαν,
149 2110 244 2140 τούτου
265 2109 352 2139 ἕνεκεν
376 2109 436 2143 τοὺς
455 2110 642 2148 νομιζομένους
666 2111 729 2150 παρ’
744 2112 831 2144 αὐτοῖς

22 2155 152 2190 νδόξους
178 2156 224 2184 καὶ
245 2155 376 2193 μεγάλους
399 2155 434 2188 εἷς
459 2155 607 2194 μαρτυρίαν
631 2155 714 2185 ἕλκει.
744 2155 829 2185 Ὥστε

22 2200 84 2231 ιτεὶ
111 2200 161 2240 καὶ
181 2199 242 2238 περὶ
262 2201 308 2228 τοῦ
324 2200 396 2229 θεοῦ
421 2198 467 2228 καὶ
493 2199 599 2240 Πατρὸς
625 2200 745 2240 μεγάλην
768 2200 832 2230 ὑπό-

882 1575 1131 1605 consubstantialis.
1152 1576 1224 1602 Nam
1245 1574 1268 1602 si
1291 1574 1421 1602 voluisset
1441 1574 1640 1610 subjectionem
1654 1577 1682 1601 et

883 1621 1105 1649 imminutionem
1124 1619 1275 1656 quamdam
1294 1618 1449 1653 ostendere,
1470 1626 1526 1646 non
1539 1626 1598 1646 sese
1609 1617 1683 1646 Patri

882 1669 1121 1699 connumerasset,
1150 1672 1201 1692 nec
1224 1671 1306 1692 suum
1328 1671 1393 1691 cum
1416 1663 1504 1691 Patris
1523 1662 1684 1691 testimonio

883 1710 1009 1744 locasset,
1034 1709 1083 1738 sed
1111 1716 1213 1737 servus
1239 1716 1302 1736 cum
1327 1711 1399 1736 esset
1421 1708 1472 1744 (uti
1490 1708 1685 1743 blasphemant

883 1755 1014 1788 haeretici)
1038 1755 1067 1782 in
1086 1761 1182 1782 unum
1200 1761 1396 1781 conservorum
1419 1753 1593 1789 respexisset,
1608 1757 1635 1780 et
1655 1753 1686 1780 ll-

883 1800 942 1829 lum
957 1799 1107 1828 contestari
1131 1798 1257 1831 fecisset,
1272 1802 1303 1826 ut
1324 1800 1462 1826 Joannem
1476 1797 1540 1826 dico
1556 1797 1598 1825 vel
1621 1805 1685 1833 pro-

883 1845 981 1882 phetas
1004 1853 1009 1870 :
1029 1848 1057 1872 et
1078 1843 1106 1871 in
1131 1850 1250 1876 summa,
1277 1842 1301 1870 si
1324 1842 1437 1879 quidem
1459 1843 1526 1870 talia
1552 1841 1683 1870 voluisset

883 1888 1053 1922 testimonia,
1066 1888 1210 1916 innumera
1220 1887 1368 1914 invenisset
1379 1896 1386 1914 :
1397 1895 1473 1914 nunc
1483 1890 1577 1914 autem
1589 1886 1684 1914 volens

883 1941 912 1962 se
922 1933 995 1962 Patri
1007 1931 1270 1961 consubstantialem
1277 1931 1433 1965 ostendere,
1447 1938 1477 1958 se
1490 1931 1566 1958 Patri
1581 1937 1686 1958 connu-

885 1983 983 2007 merat.
999 1979 1040 2006 Ne
1057 1976 1167 2005 mireris
1180 1980 1273 2004 autem
1288 1976 1311 2004 si
1326 1975 1380 2003 alio
1395 1975 1455 2003 loco
1470 1980 1498 2003 et
1505 1976 1641 2002 Joannem
1655 1978 1684 2003 et

882 2025 981 2052 Mosen
1001 2027 1030 2050 et
1043 2021 1191 2058 prophetas
1205 2020 1318 2049 adducit
1339 2020 1373 2048 de
1387 2028 1416 2048 se
1438 2023 1569 2048 testantes
1582 2019 1603 2047 ‘.
1619 2020 1681 2047 Hoc

884 2069 960 2097 enim
983 2067 1048 2096 facit
1066 2066 1101 2095 ad
1123 2066 1283 2094 auditorum
1300 2065 1476 2093 sententiam.
1498 2066 1533 2093 Et
1547 2064 1683 2101 quoniam

885 2113 923 2142 illi
948 2114 1085 2141 Joannem
1099 2116 1127 2139 et
1150 2112 1245 2139 Mosen
1260 2109 1371 2138 Christo
1392 2109 1602 2146 praeponebant,
1624 2109 1684 2145 ejus

884 2158 970 2195 gratia
981 2165 1029 2185 eos
1042 2156 1089 2192 qui
1104 2154 1179 2191 apud
1197 2155 1256 2183 illos
1271 2154 1363 2191 magni
1377 2159 1404 2183 et
1416 2155 1525 2182 nobiles
1539 2154 1681 2182 existima-

886 2203 996 2235 bantur,
1012 2201 1042 2230 in
1055 2200 1247 2229 testimonium
1265 2199 1350 2227 trahit
1372 2209 1378 2226 :
1395 2204 1422 2227 et
1437 2199 1473 2227 ita
1486 2199 1552 2235 quia
1572 2199 1607 2227 de
1627 2200 1685 2226 Deo

22 2227 288 2285 ἧῷιέέῖχοζῖχοέι
299 2227 325 2272 τί
333 2227 392 2283 up
406 2227 519 2282 aut}
526 2227 569 2278 1;;
577 2227 656 2275 Voti;
665 2227 817 2283 253554;;

917 2227 1322 2282 inaénamrhabebant
1343 2227 1503 2280 opinionem
1517 2243 1593 2280 (quid
1611 2243 1689 2271 enim

24 2288 150 2330 αροὶγει
166 2291 212 2317 νῦν
234 2288 279 2318 καὶ
294 2288 373 2317 αὐτὸν
390 2289 489 2317 ἐκεῖνον
504 2288 547 2317 τὸν
563 2289 606 2318 ἐπὶ
623 2289 730 2318 πάντων
745 2290 815 2319 Θεὸν
825 2314 833 2326 ,

25 2336 170 2374 άρτυρα.
196 2333 275 2363 Ἐπεὶ
295 2331 386 2362 δὲκαὶ
409 2332 500 2362 ἑαυτὸν
525 2335 563 2372 τῷ
585 2333 697 2374 τοιούτῳ
721 2334 835 2375 μάρτυρι

22 2383 48 2420 ξς
85 2377 301 2418 ἄπαραγράπτῳ
316 2377 361 2407 καὶ
376 2378 567 2418 ἄψευδεστάτῳ
591 2377 730 2407 συν-τάττει
743 2403 749 2413 ,
767 2391 834 2418 προ-

22 2423 184 2460 ηλότατον
207 2421 274 2462 ἄρα,
295 2422 336 2451 ὅτι
356 2424 403 2458 τῆς
420 2423 500 2458 αὐτῆς
522 2423 561 2463 τῷ
584 2422 672 2463 Πατρὶ
699 2424 834 2457 αὖθεντίας

22 2470 61 2498 xi.
105 2466 232 2501 ἐξουσίας
261 2466 329 2498 ἐστί.
361 2466 415 2497 Καὶ
441 2467 659 2506 αἰσχυνέσθωσαν
687 2469 711 2498 οἱ
741 2469 835 2498 δοῦλον

22 2512 113 2543 Βτὸν
141 2511 190 2540 καὶ
220 2511 324 2541 ἐλάττω
358 2511 429 2541 κατὰ
455 2512 542 2541 πάντα
577 2515 622 2541 τοῦ
657 2512 763 2553 Πατρὺς
793 2513 836 2542 λέ-

22 2568 142 2589 αντες.

52 2614 80 2631 ει
115 2598 236 2639 Ἔλεγον
260 2595 304 2630 οὖν
325 2601 408 2642 αύτῷ·
434 2602 492 2631 Ποῦ
516 2601 587 2631 ἐστιν
612 2603 626 2630 ὃ
659 2602 749 2642 πατήρ
773 2614 834 2639 eoo;

30 2645 183 2684 πεκρίοη
214 2647 228 2674 ὁ
252 2645 366 2681 Ἰησοῦς·
393 2645 465 2676 Οὔτε
494 2646 541 2684 ἐμὲ
569 2645 678 2683 οἴδατε,
701 2647 761 2676 οὔτε
791 2647 835 2676 τὸν

30 2690 151 2728 ατέρα
169 2702 229 2728 μου.
283 2691 316 2720 Ei
343 2689 390 2728 ἐμὲ
405 2690 509 2730 ᾔδειτε,
523 2690 568 2721 καὶ
592 2691 636 2720 τὸν
653 2692 763 2732 Πατέρα
784 2704 834 2732 μου

39 2772 59 2789 3
82 2770 180 2797 Joan.
199 2777 225 2803 ν,
238 2773 281 2796 2:.
299 2769 308 2787 ⁵
321 2771 403 2798 Joan.
421 2778 470 2805 IlI,
490 2774 532 2798 14.

889 2292 963 2320 aliud
972 2290 1162 2328 glorificabant
1172 2294 1203 2318 ut
1214 2291 1305 2317 Deum
1311 2291 1346 2323 Ρ),
1360 2288 1473 2316 adducit
1485 2296 1559 2316 nunc
1569 2288 1685 2316 etillum

889 2338 978 2373 ipsum
994 2336 1040 2372 qui
1059 2343 1141 2371 super
1155 2342 1250 2362 omnes
1271 2338 1322 2368 est,
1339 2335 1427 2362 Deum
1444 2338 1554 2362 testem.
1572 2334 1607 2361 Et
1622 2333 1689 2369 quia

889 2382 1011 2418 seipsum
1025 2380 1060 2409 ad
1077 2380 1161 2408 talem
1179 2383 1289 2410 testem,
1304 2379 1350 2414 qui
1371 2386 1421 2406 nec
1436 2378 1492 2406 falli
1507 2386 1557 2406 nec
1575 2377 1688 2406 mentiri

890 2431 992 2463 potest,
1007 2425 1166 2459 adordinat,
1181 2423 1438 2452 manifestissimum
1449 2423 1524 2459 quod
1540 2422 1690 2450 auctorita-

891 2475 986 2500 tem'et
999 2473 1165 2507 potestatem
1175 2468 1299 2496 eamdem
1314 2476 1379 2496 cum
1394 2469 1474 2496 Patre
1485 2467 1592 2496 habeat.
1612 2468 1690 2496 Con-

891 2515 1043 2545 fundantur
1054 2514 1101 2551 qui
1113 2521 1221 2542 servum
1236 2513 1323 2546 illum,
1339 2516 1366 2540 et
1378 2521 1426 2548 per
1442 2512 1538 2541 omnia
1552 2512 1691 2541 minorem

893 2562 976 2589 Patre
987 2560 1094 2589 dicunt.

926 2607 1018 2634 Vens.
1037 2608 1083 2638 19,
1099 2606 1143 2631 20.
1157 2613 1170 2627 α
1185 2603 1323 2631 Dicebant
1335 2610 1400 2638 ergo
1420 2602 1445 2630 ei
1467 2610 1474 2628 :
1491 2601 1545 2630 Ubi
1561 2605 1602 2630 est
1614 2605 1693 2636 pater

890 2653 968 2679 tuus?
992 2647 1149 2684 Respondit
1163 2648 1243 2676 Jesus
1264 2656 1271 2674 :
1295 2648 1391 2683 Neque
1407 2654 1453 2675 me
1478 2646 1578 2680 nostis,
1599 2651 1690 2680 neque

890 2698 999 2724 Patrem
1012 2693 1099 2730 618
1119 2700 1227 2721 meum.
1247 2692 1274 2721 Si
1297 2699 1343 2721 me
1365 2691 1518 2726 novissetis,
1533 2694 1562 2719 et
1585 2691 1694 2718 Patrem

41 2830 113 2862 (α)
130 2825 207 2854 Edit.
223 2827 301 2860 Lut.,
317 2829 495 2856 autorz'tatem
506 2829 622 2864 qualem.
638 2825 759 2861 Deinde,
779 2828 889 2855 Patrem
901 2833 950 2862 pro
962 2831 1066 2861 parem-
