1910 3077
230 171 261 198 15
742 164 999 194 THEOPHYLACTI
1018 163 1196 192 BULGARUE
1216 163 1373 192 ARCHIEP.
1838 161 1864 186 l6

227 239 320 260 meum
343 230 499 258 novissetis.
521 230 587 258 Haec
608 229 690 257 verba
707 229 814 257 locutus
828 233 870 257 est
886 229 965 256 Iesus
992 227 1019 255 in
1037 227 1064 258 Α
1080 227 1164 267 ᾔδειτε
1186 227 1228 256 ἄν,

222 276 429 312 gazophylacio,
441 275 544 303 docens
558 276 586 302 in
600 275 715 310 templo.
732 276 768 302 Et
780 283 862 302 nemo
874 273 1022 309 apprehen-

222 319 263 348 dit
286 328 361 351 eum,
386 319 449 355 quia
472 319 597 347 nondum
622 323 732 346 venerat
751 318 817 346 hora
836 319 904 354 ejus.
922 329 935 343 »
952 317 1020 352 Quia

223 368 256 392 ut
286 367 427 392 tentantes
467 363 673 398 interrogabant
702 371 766 390 eum
789 362 822 390 de
861 363 958 395 Patre,
995 365 1023 388 et

223 417 281 436 non
308 407 427 436 discendi
451 407 546 443 gratia,
563 412 707 443 propterea
727 415 817 442 neque
829 414 961 442 responso
976 405 1022 432 di-

223 457 327 488 gnatur
344 453 415 487 illos,
439 453 487 480 sed
507 452 586 485 dicit,
605 463 618 476 ‹ι
639 453 737 487 Neque
752 459 798 479 me
822 451 919 484 nostis,
932 457 1020 486 neque

223 498 333 525 Patrem
348 505 452 531 meum,
473 508 487 522 »
502 496 531 524 id
551 501 601 530 est,
620 498 681 524 Non
697 496 810 532 potestis
829 495 898 524 scire
911 497 1021 522 Patrem

223 550 317 570 meum
329 542 387 569 sine
401 549 448 569 me
461 550 468 569 :
489 545 570 577 atque
581 541 616 568 ita
630 541 651 568 si
664 541 763 576 putatis
776 540 909 568 honorare
920 541 1020 573 Deum,

223 595 281 614 non
295 586 404 614 creditis
415 590 506 614 autem
519 586 611 621 ipsum
622 587 731 613 Patrem
750 593 808 613 esse
823 593 930 620 meum,
944 583 1022 620 cujus

223 640 302 659 verus
311 639 376 659 sum
391 631 489 664 Filius,
502 630 568 658 nihil
584 630 705 666 proderit
719 630 808 664 vobis,
827 638 915 666 neque
929 629 1022 657 novis-

222 676 255 704 tis
269 676 359 711 ipsum
378 680 409 703 ut
421 679 529 711 oportet
545 683 694 711 agnoscere
715 683 721 701 :
737 683 801 703 nam
819 674 1022 711 cognosceretis

221 725 248 749 et
263 720 452 754 honoraretis,
466 720 552 748 etiam
566 728 611 748 me
623 730 629 747 :
641 728 714 747 nunc
727 724 819 748 autem
838 720 901 755 quia
913 727 958 746 me
972 726 1022 746 ne-

222 766 310 799 scitis,
323 773 376 792 nec
391 765 544 798 honoratis,
560 765 637 792 illum
652 772 761 800 quoque
773 765 894 798 nescitis,
908 772 959 792 nec
974 763 1022 791 bo-

222 810 342 842 noratis,
359 809 466 836 etiamsi
489 809 598 845 putetis.
614 809 694 844 Quod
720 813 811 837 autem
838 817 884 837 me
898 809 1020 842 nescitis,

223 861 281 881 non
299 853 350 881 alia
369 853 447 881 vobis
467 861 548 880 causa
571 857 620 887 est,
637 853 685 882 sed
699 861 746 882 vos
768 853 918 889 vobisipsis.
937 852 1022 880 Audis

1272 227 1366 255 Ταῢτα
1388 224 1422 254 τὰ
1446 223 1553 264 ῥήματα
1575 222 1704 258 ἐλάλησεν
1729 223 1743 251 6
1764 221 1862 257 Ἰησοῦς

1075 266 1101 300 ἐν
1121 273 1158 309 τῷ
1179 269 1379 310 γαζοφυλακίῳ,
1406 270 1536 298 διδάσκων
1556 269 1583 296 ἐν
1603 270 1640 306 τῷ
1656 268 1731 306 ἱερῷ.
1752 266 1805 296 Καὶ
1821 266 1863 294 οὖ-

1077 316 1127 348 δεὶς
1143 315 1249 344 ἐπίασεν
1264 315 1342 344 αὐτὸν
1353 337 1360 346 ι
1375 313 1415 343 ἔτι
1430 313 1503 342 οὔπω
1516 312 1637 348 ἐληλύθει
1650 314 1666 347 ἡ
1681 311 1737 350 ὥρα
1752 313 1842 340 αὐτοῦ.
1854 325 1863 335 ι

1077 359 1187 395 Ἐπειδὴ
1223 363 1257 393 ὼς
1285 359 1451 398 πειράζοντες
1485 357 1564 386 αὐτὸν
1593 356 1703 396 ἠρώτων
1732 355 1792 395 περὶ
1820 358 1863 384 τοῦ

1078 404 1199 444 Πατρὶς,
1224 405 1268 434 καὶ
1285 404 1344 443 οὐχὶ
1358 405 1404 432 τοῦ
1421 404 1513 440 μαθεῖν
1537 401 1634 431 ἕνεκεν¹
1656 400 1700 430 διὰ
1716 403 1793 430 τοῦτο
1810 399 1863 428 οὐδὲ

1078 449 1243 488 ἀποκρίσεως
1269 447 1362 481 αὐτοὺς
1388 447 1469 482 ἀξιοῖ,
1496 447 1563 476 ἀλλά
1589 458 1678 486 φησιν’
1703 457 1717 473 α
1736 444 1863 481 Οὔτε

1077 495 1165 524 οἴδατε
1176 516 1183 529 ,
1195 493 1254 522 οὔτε
1269 493 1313 522 τὸν
1331 493 1439 531 Πατέρα
1457 501 1517 530 μου⁸
1534 491 1670 520 τουτέστιν
1683 513 1691 527 ,
1707 491 1747 520 Οὐ
1760 489 1864 518 δύνασθε

1077 540 1175 579 γνῶναι
1199 538 1305 577 Πατέρα
1326 549 1376 575 μου
1401 536 1484 576 χωρὶς
1506 537 1582 574 ἐμοῦ
1608 535 1675 565 ὥστε
1701 535 1751 564 κᾶν
1777 534 1865 579 δοκῆτε

1076 588 1157 624 τιμᾷν
1172 584 1216 612 τὸν
1231 583 1299 612 Θεὸν
1311 604 1318 618 ,
1338 583 1367 611 οὗ
1380 582 1520 616 πιστεύητε
1535 581 1562 610 δὲ
1581 581 1658 610 αὐτὸν
1676 579 1785 619 Πατέρα
1806 580 1866 606 εἶναι

1077 630 1140 666 ἐμοῦ
1157 631 1201 657 τοῦ
1221 628 1344 663 ἀληθινοῦ
1361 627 1446 665 Υἱοῧ,
1471 626 1544 655 οὐδὲν
1564 625 1715 666 ὠφελεῖσθε.
1743 623 1815 654 Οὐδὲ
1830 623 1865 652 οἶ-

1077 673 1142 702 δατε
1158 672 1236 701 αὐτὸν
1249 695 1257 710 ,
1278 671 1364 704 καθὼς
1386 672 1425 700 δεῖ
1445 672 1561 710 γνῶναι,
1583 671 1640 700 ἐπεὶ
1663 669 1820 709 ἐγινώσκετε
1838 667 1864 696 ἂν

1077 717 1124 747 καὶ
1143 718 1250 755 ἐτιμᾶτε
1267 716 1348 754 κάμέ·
1368 718 1412 744 νῦν
1432 716 1459 744 δὲ
1482 714 1539 744 ἐπεὶ
1561 715 1608 752 ἐμὲ
1629 717 1674 744 οὐκ
1689 713 1796 751 οἴδατε,
1813 711 1864 741 οὐδὲ

1077 766 1189 800 τιμᾶτε,
1213 760 1271 790 οὐδὲ
1288 761 1384 789 ἐκεῖνον
1407 760 1510 796 οἴδατε,
1524 759 1581 789 οὐδὲ
1597 758 1676 798 τιμὴν
1699 759 1770 798 αὐτῷ
1787 768 1865 796 προσ-

1077 806 1169 844 άγετε,
1186 805 1234 834 κᾶν
1250 806 1356 840 δοκῆτε.
1371 806 1426 834 Τοῦ
1444 805 1470 833 δὲ
1486 804 1523 843 μὴ
1545 804 1641 834 εἰδέναι
1657 816 1690 842 με
1702 826 1709 840 ,
1725 804 1772 832 οὒκ
1789 802 1863 833 ἄλλος

1077 852 1137 888 ὑμῖν
1151 850 1247 886 αἴτιος,
1265 851 1324 878 ἀλλ’
1339 850 1412 879 αὐτοὶ
1433 851 1543 882 ἑαυτοῖς.
1561 849 1691 885 Ἀκούεις,
1709 850 1723 877 6
1742 847 1787 877 τὸν
1803 846 1863 891 “Et!

224 898 270 934 qui
287 898 386 926 Filium
401 898 484 934 impie
496 898 568 925 Patri
589 897 719 934 subjicis?
729 898 786 926 Nisi
801 897 1015 926 consubstantia-

1077 895 1246 928 ὑποϐιϐάζων
1264 895 1365 927 ἀσεϐῶς
1388 896 1425 933 τῷ
1448 894 1555 933 "arpi;
1573 895 1606 924 Εἰ
1626 893 1664 932 μὴ
1688 892 1824 932 ὁμοούσιος
1839 892 1865 925 ἡν

223 942 255 970 lis
264 947 335 970 esset
345 942 430 976 Patri,
442 942 581 978 quomodo
593 942 706 971 dixisset
719 951 726 971 :
744 954 757 968 ι
770 943 798 970 Si
810 950 854 970 me
865 941 983 975 sciretis,
995 945 1024 968 et

221 987 333 1015 Patrem
347 995 440 1015 meum
458 987 564 1015 sciretis
578 988 691 1024 utique?
708 999 722 1012 ι
743 987 770 1016 Si
783 987 865 1021 enim,
877 991 909 1014 ut
922 986 1023 1020 dicitis,

222 1035 347 1059 creatura
356 1031 500 1065 estFilius,
509 1027 652 1068 quomodo
661 1033 707 1068 qui
715 1032 963 1064 novitcreaturam,
974 1039 1024 1059 no-

222 1076 261 1103 vit
270 1080 298 1103 et
309 1077 417 1103 Deum?
428 1077 490 1104 Non
505 1077 577 1104 enim
587 1076 632 1112 qui
647 1077 723 1104 novit
732 1076 913 1104 substantiam
925 1075 1010 1111 angeli
1023 1102 1031 1117 ,

221 1121 333 1148 novitet
343 1121 527 1148 substantiam
541 1122 600 1148 Dei.
613 1122 682 1156 Quia
694 1121 778 1157 igitur
793 1121 839 1156 qui
852 1121 903 1148 scit
911 1121 1022 1155 Filium,

221 1169 248 1193 et
261 1167 370 1193 Patrem
380 1166 430 1192 scit
441 1177 447 1198 ς
460 1166 584 1201 sequitur
596 1166 619 1201 ej
628 1165 724 1194 usdem
735 1165 897 1193 substantiae
909 1173 967 1193 esse
974 1167 1024 1193 Pa-

221 1213 292 1237 trem
307 1217 372 1237 cum
391 1210 468 1237 Filio.
490 1210 592 1244 Etiam,
610 1210 708 1246 inquit,
724 1214 750 1237 et
765 1211 789 1236 is
804 1210 851 1246 qui
864 1214 1021 1238 creaturam

222 1253 307 1286 novit,
324 1254 400 1281 novit
413 1255 512 1281 Deum.
526 1254 652 1281 Minime.
665 1254 746 1281 Multi
757 1254 845 1287 enim,
858 1254 915 1282 imo
926 1262 1022 1282 omnes

222 1302 381 1325 creaturam
394 1298 505 1333 quidem
518 1302 544 1326 et
555 1298 646 1326 vident
654 1303 681 1326 et
692 1298 791 1332 sciunt,
803 1311 815 1323 «
832 1300 917 1327 Deum
928 1303 1021 1327 autem

219 1350 311 1378 neque
322 1342 389 1370 vidit
401 1343 473 1378 quis,
489 1351 581 1379 neque
592 1343 666 1370 novit
677 1343 697 1369 ⁵.
718 1354 729 1367 υ
745 1344 813 1371 Haec
824 1347 918 1371 autem
929 1343 1020 1379 loque-

220 1385 303 1414 batur
317 1388 398 1414 Jesus
412 1387 441 1414 in
458 1387 650 1423 gazophylacio
663 1388 692 1414 in
708 1387 798 1415 medio
814 1388 919 1423 templi,
935 1391 963 1415 et
979 1388 1017 1415 ita

220 1430 306 1458 libere
316 1431 489 1466 loquebatur.
505 1434 635 1459 Attamen
648 1431 695 1467 qui
706 1431 830 1459 occidere
848 1432 925 1460 illum
940 1440 1016 1468 qua:-

220 1475 328 1509 rebant,
344 1480 371 1503 et
383 1476 410 1503 in
425 1475 636 1503 manibusillum
648 1476 796 1510 habebant,
811 1484 868 1505 non
882 1476 1018 1504 audebant

1080 942 1117 979 τῷ
1134 939 1235 978 Πατρὶ,
1259 941 1315 972 πῶς
1340 938 1371 968 ἂν
1388 934 1475 974 εἶπεν,
1499 937 1539 968 ὅτι
1563 952 1574 964 ε
1591 939 1624 968 Εἰ
1641 938 1687 976 ἐμὲ
1703 937 1810 976 ᾔδειτε,
1827 935 1865 964 καὶ

1078 984 1122 1013 τὸν
1145 983 1255 1023 Πατέρα
1271 983 1358 1023 ᾔδειτε
1375 983 1422 1020 civ;
1441 997 1452 1010 ιι
1472 984 1504 1013 Εἰ
1522 983 1574 1022 γὰρ
1597 984 1656 1012 καθ’
1683 984 1752 1019 ὑμᾶς
1770 981 1865 1017 κτίσμα

1078 1029 1147 1058 ἐστὶν
1165 1031 1179 1057 6
1197 1028 1273 1064 Υἱὸς,
1292 1031 1347 1062 πῶς
1367 1030 1381 1057 6
1396 1028 1470 1062 εἰδὼς
1491 1029 1520 1058 τὸ
1540 1027 1657 1066 κτίσμα,
1681 1023 1735 1057 οἶδε
1765 1024 1865 1055 καὶτὸν

1078 1073 1146 1102 Θεόν
1159 1083 1167 1111 ;
1183 1073 1223 1103 Οὐ
1238 1073 1289 1113 γὰρ
1305 1073 1393 1109 δήπου
1409 1075 1422 1102 6
1432 1072 1506 1107 εἰδὼς
1518 1073 1565 1108 τὴν
1581 1073 1672 1103 οὐσίαν
1684 1075 1728 1102 τοῦ
1745 1071 1865 1110 ἀγγέλου,

1078 1113 1133 1147 οἶδε
1147 1117 1192 1147 καὶ
1208 1117 1253 1153 τὴν
1269 1120 1313 1146 τοῦ
1335 1120 1418 1148 Θεοῦ.
1436 1117 1513 1148 Ἐπεὶ
1532 1113 1575 1148 οὖν
1591 1120 1605 1147 6
1619 1119 1664 1146 τὸν
1680 1117 1744 1147 Υἱὸν
1769 1114 1846 1146 εἰδὼς
1856 1136 1863 1148 τ

1077 1162 1121 1191 καὶ
1147 1162 1192 1192 τὸν
1219 1163 1328 1201 Πατέρα
1354 1156 1422 1198 οἶδε,
1449 1164 1496 1198 τῆς
1526 1163 1606 1198 αὐτῆς
1631 1162 1683 1202 ἄρα
1709 1161 1801 1194 οὐσίας
1830 1160 1865 1195 τῷ

1078 1208 1167 1247 Πατρὶ
1182 1210 1195 1236 6
1205 1207 1276 1239 Υἱός.
1296 1207 1348 1236 Ναὶ
1360 1230 1368 1246 ,
1389 1206 1469 1246 φησὶν
1479 1229 1486 1243 ,
1503 1208 1564 1235 ἀλλ’
1585 1209 1599 1236 6
1614 1206 1660 1242 τὴν
1681 1206 1766 1235 κτίσιν
1782 1203 1865 1237 εἰδὼς,

1076 1248 1128 1280 οἶδε
1146 1251 1192 1281 καὶ
1206 1251 1249 1280 τὸν
1263 1251 1341 1282 Θεόν.
1355 1252 1500 1289 Οὐδαμῶς·
1525 1251 1617 1281 πολλοὶ
1639 1251 1689 1291 γὰρ
1700 1273 1708 1288 ,
1721 1251 1825 1289 μᾶλλον
1843 1247 1865 1277 δὲ

1077 1295 1207 1332 ἅπαντες,
1233 1295 1279 1331 τὴν
1308 1295 1393 1324 κτίσιν
1421 1296 1468 1334 μὲν
1496 1296 1539 1324 καὶ
1568 1297 1663 1336 ὁρῶσι,
1704 1295 1748 1324 καὶ
1772 1294 1865 1324 οἴδασι·

1076 1342 1144 1371 Θεὸν
1164 1340 1191 1369 δὲ
1213 1339 1272 1369 οὔτε
1292 1342 1342 1380 ὁρᾷ
1359 1352 1415 1378 τις,
1444 1340 1502 1369 οὔτε
1519 1336 1582 1370 οἶδε.
1599 1342 1694 1370 Ταῦτα
1708 1341 1735 1369 δὲ
1750 1340 1841 1368 ἐλάλει
1855 1339 1865 1366 6

1077 1386 1178 1420 Ἰησοῦς
1200 1385 1225 1413 ἐν
1240 1386 1279 1413 τῶ
1294 1384 1482 1424 γαζοφυλακίῳ
1506 1386 1532 1414 ἐν
1548 1385 1621 1425 μέσῳ
1641 1388 1687 1414 τοῦ
1713 1386 1794 1423 ἱεροῦ·
1825 1382 1865 1411 καὶ

1073 1430 1156 1462 οὕτως
1176 1429 1398 1469 ἐπαῤῥησιᾶζετο.
1418 1429 1472 1458 Καὶ
1490 1428 1561 1467 ὅμως
1587 1431 1716 1470 φονῶντες
1740 1427 1800 1457 κατ’
1819 1429 1865 1456 αὐ-

1071 1476 1134 1510 τοῦ,
1163 1474 1207 1502 καὶ
1235 1475 1260 1502 ἐν
1289 1473 1380 1512 χερσὶν
1407 1474 1484 1502 αὐτὸν
1513 1474 1636 1514 ἔχοντες,
1668 1475 1715 1502 οὖκ
1746 1472 1865 1510 ἐτόλμων

1320 1517 1389 1548 Οὐδὲ
1414 1517 1482 1547 οὕτω
1504 1518 1644 1554 συνίεσαν,
1674 1518 1715 1547 ὅτι
1737 1518 1809 1550 Θείας
1832 1518 1865 1555 τῷ
1890 1531 1891 1542 ι

220 1519 424 1555 apprehendere
436 1528 510 1547 eum.
525 1521 560 1548 Et
575 1527 662 1556 neque
674 1520 714 1548 sic
729 1520 931 1554 intellexerunt,
943 1521 1015 1557 quod

1075 1518 1166 1548 πιάσαι
1185 1517 1273 1549 αὐτόν.

219 1572 314 1592 revera
330 1565 430 1593 divinae
449 1565 559 1592 virtutis
574 1569 633 1593 erat
647 1573 726 1601 opus,
741 1565 874 1601 stipatum
893 1566 1015 1594 hostibus

1075 1565 1128 1593 ὄντι
1143 1562 1282 1601 δυνάμεως
1308 1561 1382 1602 ἔργον
1407 1563 1477 1599 ἐστὶ,
1498 1562 1528 1592 τὸ
1544 1565 1569 1592 ἐν
1595 1563 1670 1603 μέσῳ
1697 1564 1749 1592 τῶν
1765 1563 1864 1601 ἐχθρῶν

219 1609 248 1636 in
260 1609 351 1637 medio
362 1609 475 1637 illorum
488 1609 603 1637 illaesum
615 1617 724 1637 manere
735 1618 766 1637 ac
776 1610 919 1644 intactum,
931 1611 1015 1638 maxi-

1075 1595 1328 1647 περιειλημμένον,¹
1343 1595 1663 1646 ,ἀϐλαϐἧγδιατηρείσθαί
1687 1606 1733 1636 καὶ
1760 1595 1862 1640 ἀνεπη-
1890 1595 1891 1648 i

219 1661 265 1681 me
279 1661 345 1682 cum
359 1654 397 1681 illi
418 1658 481 1683 ante
500 1654 603 1682 Pascha
619 1662 682 1682 eum
697 1655 882 1690 quaesiverint,
902 1659 931 1683 et
954 1655 1015 1683 insi-

1075 1652 1198 1692 ρέαστον,
1224 1652 1269 1681 καὶ
1284 1655 1386 1688 ταῦτα,
1411 1651 1556 1687 ζητούντων
1578 1652 1656 1681 αὐτὸν
1673 1651 1724 1690 πρό
1739 1652 1785 1680 τοῦ
1812 1650 1865 1679 Πά-
1890 1653 1891 1659 ‘

219 1698 285 1726 diati
300 1699 322 1726 ei
333 1698 445 1726 fuerint.
459 1700 548 1733 Quem
562 1699 653 1735 igitur,
665 1707 729 1727 cum
741 1708 798 1728 non
812 1700 930 1735 adesset,
943 1708 1019 1736 qum—-

219 1743 327 1776 rebant,
354 1747 451 1770 contra
483 1751 566 1778 quem
592 1743 758 1771 ferociebant
785 1744 825 1772 vel
855 1744 1016 1779 absentem,

217 1786 292 1815 hunc
303 1787 332 1814 in
347 1787 458 1815 medisis
479 1787 585 1815 retibus
600 1787 743 1822 habentes,
769 1796 865 1824 capere
877 1793 1018 1824 nequeunt

218 1839 307 1867 neque
321 1832 451 1859 virtutem
462 1831 519 1867 ejus
530 1832 570 1859 sic
582 1836 756 1869 agnoverunt
768 1841 774 1860 :
787 1845 799 1857 ιι
811 1833 874 1869 quia
882 1833 1017 1868 nondum,

219 1875 321 1911 inquit,
339 1880 452 1904 venerat
465 1876 532 1904 hora
546 1877 615 1912 ejus,
634 1888 646 1901 ν
669 1877 696 1905 id
713 1881 756 1905 est
773 1877 905 1905 idoneum
920 1877 1017 1906 mortis

215 1924 337 1956 tempus,
359 1929 415 1957 quo
440 1929 468 1949 se
486 1921 635 1949 traditurus
656 1926 725 1955 erat,
742 1922 867 1950 nondum
892 1922 1015 1958 urgebat.

217 1965 326 1993 Etenim
337 1973 425 2001 neque
440 1970 508 1993 tunc
520 1966 673 2001 potuissent
688 1966 790 2002 aliquid
803 1966 932 1994 adversus
942 1975 1015 2002 eum,

224 2009 277 2037 nisi
292 2009 390 2038 fuisset
401 2014 511 2046 tempus
527 2014 725 2046 opportunum,
736 2018 791 2046 quo
803 2011 859 2047 ipse
874 2011 925 2039 sibi
939 2011 1015 2040 dele-

222 2059 309 2090 gerat.
335 2056 399 2082 Non
423 2054 495 2082 enim
529 2054 699 2090 impotentiae
725 2060 783 2083 erat
812 2056 943 2092 cruciﬁgi,
965 2056 1015 2084 sed

221 2099 422 2134 permissionis.
451 2099 581 2126 Permisit
604 2099 680 2127 enim
701 2100 810 2135 quando
829 2101 936 2128 voluit:
951 2102 1015 2137 quia

220 2143 257 2171 illi
286 2143 454 2180 jampridem
484 2144 672 2172 desiderabant
705 2145 828 2173 occidere
854 2146 940 2180 illum,
968 2146 1016 2175 sed

1073 1708 1126 1736 σχα
1145 1698 1216 1735 (28)
1240 1696 1285 1726 καὶ
1310 1696 1505 1734 ἐνεδρευόντων.
1523 1696 1573 1725 Ὃν
1592 1692 1636 1725 οὖν
1663 1695 1700 1734 μὴ
1725 1695 1790 1724 ὄντα
1814 1694 1866 1729 ἐζή-

1072 1753 1148 1780 τουν,
1169 1741 1215 1770 καὶ
1230 1741 1289 1770 καθ’
1309 1737 1337 1770 οὗ
1358 1741 1495 1780 ἠγρίαινον
1518 1741 1563 1770 καὶ
1589 1741 1714 1776 ἀπόντος,
1729 1743 1827 1769 τοῦτον
1843 1740 1863 1768 ἐν

1073 1786 1164 1824 μέσοις
1201 1790 1252 1818 τοῖς
1281 1785 1392 1818 δικτύοις
1422 1785 1526 1825 ἔχοντες
1561 1780 1629 1820 εἶτα,
1659 1785 1696 1823 μὴ
1726 1784 1865 1822 δυνάμενοι

1072 1831 1155 1866 ἑλεῖν,
1183 1830 1240 1859 οὐδὲ
1267 1830 1348 1863 οὕτως
1374 1831 1550 1868 ἐπεγίνωσκον
1573 1830 1620 1864 τὴν
1647 1830 1726 1858 αὐτοῦ
1742 1829 1864 1867 δύναμιν.

1074 1886 1088 1904 α
1104 1874 1169 1905 ε¹Οτι
1191 1874 1279 1911 οὔπω,
1302 1875 1398 1913 φησιν,
1416 1876 1535 1910 ἐληλύθει
1559 1877 1575 1909 ἡ
1594 1874 1650 1913 ὥρα
1667 1875 1757 1903 αὐτοῦ·
1774 1887 1787 1900 ι
1804 1886 1864 1902 του-

1070 1920 1166 1955 τέστιν,
1180 1921 1194 1948 6
1216 1919 1362 1954 ἐπιτήδειος
1385 1919 1474 1958 καιρὸς
1493 1922 1538 1947 τοῦ
1555 1919 1667 1948 θανάτου
1691 1919 1771 1948 αὐτοῦ
1787 1918 1861 1948 οὔπω

1071 1965 1230 2001 ἐνειστήκει,
1254 1964 1312 1993 καθ’
1328 1963 1356 1993 ὃν
1378 1963 1488 2002 ἔμελλεν
1505 1962 1597 1992 ἑαυτὸν
1620 1964 1721 1994 δοῦναι.
1741 1963 1799 1993 Καὶ
1815 1963 1863 2002 γὰρ

1070 2009 1115 2038 καὶ
1131 2009 1190 2038 τότε
1205 2011 1252 2038 οὐκ
1268 2008 1298 2037 ἂν
1313 2007 1426 2048 ἴσχυσαν
1441 2009 1503 2037 κατ’
1524 2009 1619 2044 αὐτοῦ,
1636 2008 1658 2036 εἰ
1671 2008 1708 2045 μὴ
1726 2003 1758 2043 ἦν
1775 2007 1864 2047 καιρὸς

1071 2055 1084 2082 6
1098 2055 1257 2094 προσήκων,
1281 2053 1308 2082 ὃν
1331 2053 1408 2086 αὐτὸς
1433 2054 1519 2082 ἑαυτῶ
1544 2051 1730 2091 ἐταμιεύσατο.
1752 2054 1796 2083 Οὐ
1817 2052 1864 2091 γὰρ

1072 2099 1217 2137 ἀδυναμίας
1241 2094 1272 2133 ἦν
1296 2098 1326 2127 τὸ
1350 2100 1551 2137 σταυρωθῆναι,
1573 2099 1643 2128 ἀλλὰ
1657 2097 1862 2137 συγχωρήσεως.

1072 2143 1250 2183 Συνεχώρησε
1275 2143 1341 2182 γὰρ,
1369 2142 1432 2171 ὅταν
1461 2142 1598 2178 ἠϐούλετο⁸
1627 2142 1685 2172 ἐπεὶ
1715 2143 1814 2172 ἐκεῖνοί
1837 2153 1863 2180 γε

220 2189 382 2216 tenebantur
404 2188 581 2216 invisibilibus
595 2188 710 2216 vinculis
728 2189 834 2218 virtutis
850 2198 914 2218 sum.
929 2191 1014 2227 Opor-

1075 2187 1187 2218 ἔκπαλαι
1204 2186 1350 2226 ἐπεθύμουν
1368 2190 1412 2216 τοῦ
1438 2190 1589 2217 θανατῶσαι
1605 2188 1684 2217 αὐτὸν
1695 2209 1702 2223 ,
1727 2187 1800 2216 ἀλλὰ
1821 2198 1864 2216 κα-

220 2233 295 2260 tebat
310 2233 383 2260 enim
399 2241 464 2260 eum
478 2233 579 2261 diutius
607 2233 711 2261 versari
734 2234 763 2261 in
786 2235 841 2262 vita
862 2236 1014 2264 secundum

219 2285 340 2311 carnem,
354 2282 384 2305 ut
394 2277 549 2306 hominibus
559 2278 672 2314 majoris
682 2279 808 2307 utilitatis
822 2279 898 2308 ﬁeret
907 2285 1014 2314 auctor,

219 2321 400 2349 monstrando
420 2322 495 2358 signa
517 2327 545 2350 et
565 2331 708 2351 sermones
729 2328 757 2351 et
771 2323 915 2352 doctrinas.
945 2326 1013 2360 Qui-

218 2366 284 2394 dam
300 2371 393 2394 autem
406 2366 484 2402 illud,
504 2377 518 2392 (ι
529 2367 585 2394 Ubi
596 2372 636 2395 est
651 2372 728 2402 pater
741 2370 823 2397 tuus?
837 2378 852 2395 »
868 2369 906 2397 sic
920 2370 1014 2397 intelli-

220 2414 289 2446 gunt
301 2410 407 2439 dictum
424 2419 440 2439 a
460 2412 565 2440 Judaeis
579 2411 614 2440 ad
628 2413 790 2447 Dominum,
803 2414 879 2449 quasi
892 2414 926 2442 ad
939 2415 1014 2450 inju-

221 2455 290 2482 riam
314 2459 341 2483 et
352 2455 483 2491 probrum
501 2465 507 2483 ι
525 2456 725 2492 exprobrabant
750 2458 825 2486 enim
845 2459 868 2486 ei
889 2459 967 2494 quasi
981 2467 1014 2487 ex

216 2498 398 2528 fornicatione
409 2505 490 2528 natus
503 2501 589 2537 619
603 2506 689 2536 esset;
705 2506 732 2530 et
746 2503 822 2538 quasi
838 2511 894 2530 non
909 2511 1012 2539 cogno-

216 2547 308 2572 sceret
320 2549 426 2580 patrem
436 2553 529 2579 suum,
541 2546 602 2574 baro
609 2546 746 2574 dicebant.
759 2548 793 2574 Et
806 2547 895 2581 aliter,
907 2552 1013 2583 patrem

214 2588 274 2625 ejus
295 2594 325 2617 ut
339 2589 421 2618 vilem
443 2589 581 2618 habebant
595 2591 697 2627 Joseph
719 2601 726 2619 :
745 2596 772 2619 et
787 2591 905 2620 dicunt:
928 2603 940 2617 α
958 2593 1013 2621 Ubi

248 2669 258 2686 ⁵
272 2671 352 2698 Joan.
369 2671 447 2705 1,18.

1070 2233 1188 2272 τείχοντο
1214 2236 1268 2265 τοῖς
1296 2231 1417 2272 ἀοράτοις
1444 2232 1552 2270 δεσμοῖς
1580 2235 1624 2268 τῆς
1653 2231 1744 2271 ἰσχύος
1769 2233 1860 2260 αὐτοῦ.

1069 2277 1145 2307 Ἔδει
1170 2277 1221 2317 γὰρ
1249 2277 1325 2306 αὐτὸν
1351 2277 1393 2306 ἐπὶ
1419 2278 1509 2306 πλεῖον
1541 2276 1704 2317 ἐνδιατρίψαι
1732 2279 1765 2315 τῇ
1798 2276 1862 2305 κατὰ

1069 2322 1156 2362 σάρκα
1187 2323 1256 2360 ζωῇ,
1282 2320 1326 2350 ἵνα
1346 2321 1464 2355 πλείονος
1488 2321 1617 2361 ὠφελείας
1640 2325 1693 2354 τοῖς
1718 2321 1863 2361 ἀνθρώποις

1068 2366 1176 2405 γένηται
1199 2366 1321 2405 πρόξενος
1344 2366 1387 2394 διά
1414 2378 1441 2395 τε
1467 2366 1586 2403 σημείων
1608 2365 1739 2395 πλειόνων
1767 2364 1862 2394 ἐπιδεί-

1069 2410 1145 2447 ξεως,
1171 2411 1216 2440 καὶ
1231 2411 1316 2449 λόγων
1334 2411 1517 2444 διδασκαλίας,
1575 2410 1651 2444 Τινὲς
1668 2410 1694 2439 δὲ
1710 2410 1757 2446 τὸ,
1776 2423 1790 2437 α
1809 2411 1862 2440 Ποῦ

1068 2457 1138 2485 ἔστιν
1154 2458 1167 2485 6
1191 2455 1281 2494 πατήρ
1301 2467 1364 2492 sou;
1385 2469 1394 2480 -
1417 2455 1487 2484 οὕτω
1516 2458 1616 2485 νοοῦσιν
1645 2456 1767 2494 εἰρῆσθαι
1792 2453 1862 2493 παρᾶ

1067 2503 1119 2530 τῶν
1144 2500 1278 2530 Ἰουδαίων
1303 2500 1368 2539 πρὸς
1392 2500 1436 2528 τὸν
1454 2499 1567 2540 Κύριον,
1591 2502 1627 2533 ὡς
1655 2501 1697 2539 ἐφ’
1723 2499 1799 2539 ὕϐρει
1820 2497 1860 2528 καὶ

1068 2546 1171 2576 ὀνείδει.
1195 2544 1362 2584 Ὕεῗρίζοντες
1384 2544 1434 2584 γὰρ
1457 2545 1535 2574 αὐτὸν
1561 2546 1596 2577 ὡς
1620 2545 1650 2573 ἐκ
1673 2543 1798 2583 πορνείας
1824 2554 1861 2582 γε·

1067 2590 1179 2630 γονότα,
1197 2589 1241 2619 καὶ
1259 2589 1296 2628 μή
1314 2590 1477 2629 γινώσκοντα
1493 2588 1536 2618 τὸν
1552 2589 1655 2629 πατέρα
1680 2590 1776 2627 αὐτοῦ,
1801 2590 1860 2618 ταῦ-

703 2737 748 2768 Ex
770 2736 936 2770 collatione
959 2739 1053 2773 codd.
1078 2739 1185 2772 Venet.
1209 2741 1240 2772 S.
1264 2740 1372 2773 Marci.

244 2796 301 2830 (28)
317 2795 386 2824 Cod.
407 2798 452 2831 32,
468 2796 516 2831 πρὸ
528 2799 573 2823 τοῦ
592 2796 684 2832 Πάσχα
700 2798 794 2824 πιάσαι.
