1910 3077
217 199 251 225 19
724 194 980 224 THEOPHYLACTI
1000 195 1179 223 BULGARIE
1199 197 1354 225 ARCHIEP.
1837 203 1868 229 20

219 259 290 295 Quid
310 260 392 296 igitur
407 260 477 287 ultra
491 259 556 287 dicit
568 259 606 287 eis
620 259 775 287 Dominus?
790 270 802 283 ‹‹
814 258 844 286 Si
856 266 912 286 non
923 265 973 285 (ποι

1140 261 1212 288 ιτῶν
1240 259 1273 288 τὰ
1301 263 1347 290 τοῦ
1373 261 1475 300 κόσμου
1507 262 1682 303 φρονούντων·
1711 265 1746 296 ὡς
1775 263 1824 293 καὶ
1853 267 1864 293 ὁ

219 304 326 339 deritis,
339 305 438 340 inquit,
454 304 567 338 mihi,in
581 304 697 340 peccatis
709 303 806 332 vestris
817 302 986 331 moriemini.
999 313 1012 324 ιιι

217 350 288 377 Cum
310 349 383 376 enim
403 353 514 384 propter
528 349 582 377 hoc
600 349 714 383 venerit,
734 353 767 376 ut
783 348 889 376 «tollat
902 350 1015 383 peccata

218 394 315 421 mundi
321 393 342 427 9,
354 405 366 418 υ
382 393 454 421 haud
464 394 541 422 aliter
556 394 749 422 remissionem
756 397 934 430 peccatorum
945 391 1016 419 acci-

217 446 283 474 pere
297 446 453 474 possumus,
469 446 553 474 quam
575 446 624 474 per
645 438 825 474 baptismum.
841 435 1016 472 Impossibile

218 486 311 511 autem
333 487 374 511 est
385 483 517 519 baptizari
532 491 596 511 eum
611 484 658 520 qui
685 491 741 512 non
754 482 877 510 credidit.
894 480 1016 509 Omnino

218 527 303 563 igitur
323 529 509 556 necessarium
525 533 618 564 postea
633 529 662 556 in
679 536 729 557 suo
744 531 853 564 peccato
868 525 941 554 mori
955 524 1017 552 inli-

218 572 318 600 delem.
333 574 395 600 Non
409 574 485 601 enim
498 574 571 601 exuit
584 577 703 602 veterem
719 573 872 605 hominem,
886 570 949 606 quia
959 577 1017 597 non

216 617 374 653 baptizatus
384 616 446 646 fuit.
460 618 567 646 Idcirco
579 622 606 646 et
619 618 672 646 alio
682 618 742 646 loco
755 617 822 645 dicit
835 615 970 644 Dominus
983 613 1014 647 ιο,

220 673 233 686 κ
250 662 303 697 Qui
314 670 370 690 non
385 662 482 697 credit,
494 663 554 699 jam
565 663 704 699 judicatus
718 667 760 690 est
777 671 783 689 :
804 672 817 687 »
832 668 888 688 non
901 663 1013 695 propter

217 707 271 735 hoc
286 711 406 741 tantum,
417 708 490 743 quod
503 716 558 737 non
567 707 663 742 credit,
679 707 761 736 sedet
776 706 840 742 quia
848 705 940 742 priora
951 711 1013 740 pec-

217 755 277 780 cata
287 751 393 780 habens
404 753 532 780 moritur.

1070 304 1176 337 Παῦλος
1197 305 1260 344 πρός
1275 317 1345 338 τινας
1360 306 1440 348 λέγεν
1472 321 1484 334 ι
1498 308 1557 337 Οὐκ
1582 307 1640 337 ἐστὲ
1662 309 1690 337 ἐν
1710 309 1800 348 σαρκί·
1819 310 1865 337 οὐχ

1069 348 1227 386 ἀσωμάτους
1243 350 1334 383 αὐτοὺς
1351 346 1417 380 εἶναι
1438 351 1509 390 λέγει
1522 375 1530 390 ,
1550 354 1619 382 ἀλλὰ
1635 346 1798 393 φιλοσοφίαν
1817 355 1865 382 αὖ-

1068 396 1122 424 τοῖς
1130 393 1200 438 ,ηκαὶ
1217 396 1351 431 σαρκικῶν
1365 398 1456 425 παθῶν
1471 397 1628 436 ἀπαλλαγὴν
1649 409 1812 438 προσμαρτυ
1819 401 1867 437 psi.

1070 436 1106 465 Τί
1124 432 1168 466 οὖν
1190 438 1270 467 πάλιν
1287 440 1373 473 αὐτοῖς
1388 443 1402 470 ὃ
1418 441 1527 480 Κύριος;
1548 455 1560 467 ι
1578 432 1645 471 ⁸ἸΞᾶιν
1711 432 1866 479 πιστεύσῃ·
1894 438 1895 448 ‘

1069 492 1115 517 τε,
1138 482 1234 520 φησιν,
1250 484 1327 522 ἐμοὶ,
1349 486 1375 514 ἐν
1392 486 1448 518 ταῖς
1463 486 1608 526 ἁμαρτίαις
1623 488 1697 524 ὑμῶν
1716 489 1867 517 ἀποθανεῖ-

1071 528 1125 554 σθε.
1141 538 1153 551 ιν
1172 528 1204 556 Εἰ
1219 527 1271 567 γὰρ
1286 528 1329 557 διὰ
1341 533 1418 559 τοῦτο
1428 526 1506 565 ἦλθεν
1518 553 1525 565 ,
1540 529 1583 559 ἵνα
1600 530 1652 570 ἄρῃ
1667 531 1715 567 τὴν
1728 531 1868 571 ἁμαρτίαν
1894 548 1895 551 η

1070 572 1116 599 τοῦ
1132 571 1248 610 κόσμου,
1269 573 1314 602 καὶ
1338 575 1386 603 οὐκ
1410 574 1481 604 ἔστιν
1501 574 1587 608 ἄλλως
1610 576 1702 615 ἄφεσιν
1724 576 1866 616 ἁμαρτιῶν

1069 614 1176 652 λαϐεῖν,
1194 617 1216 645 εἰ
1232 616 1269 656 μὴ
1286 618 1328 647 διὰ
1351 621 1396 647 τοῦ
1422 619 1620 658 βαπτίσματος,
1634 614 1819 659 βαπτισθῆναι
1836 622 1862 650 δὲ

1068 659 1112 688 τὸν
1128 660 1165 698 μὴ
1183 662 1363 692 πιστεύσαντα
1386 663 1522 693 ἀδύνατον·
1543 665 1646 703 ἀνάγκη
1673 669 1746 694 πᾶσα
1774 666 1867 695 λοιπὸν

1070 705 1096 732 ἓν
1160 706 1244 746 οἰκείᾳ
1260 707 1379 748 ἁμαρτίᾳ
1403 709 1542 738 ἀποθανεῖν
1557 709 1601 738 τὸν
1618 709 1742 740 ἄπιστον.
1760 711 1804 740 Οὐ
1819 711 1869 750 γὰρ

1068 748 1207 783 ἐξεδύσατο
1221 752 1264 780 τὸν
1287 753 1401 782 παλαιὸν
1421 754 1558 794 ἄνθρωπον
1569 775 1578 790 ,
1595 753 1634 782 ὅτι
1651 753 1688 791 μὴ
1704 748 1864 784 ἐϐαπτίσαέ

217 808 256 827 το.
281 797 330 826 Διὸ
345 797 391 826 καὶ
419 798 539 836 ἀλλαχοῦ
562 810 641 837 φησιν
662 800 676 827 ὁ
697 795 810 838 Κύριος,
835 794 876 824 ὅτι
911 804 926 823 «
945 792 980 823 Ὁ
1064 795 1195 825 πιστεύων
1219 796 1270 833 ἤδη
1294 798 1426 838 κέκριται,
1449 811 1464 827 ιι
1488 799 1518 828 οὐ
1541 798 1611 828 κατὰ
1635 801 1711 828 τοῦτο
1733 799 1816 837 μόνον
1843 801 1868 829 τὸ

218 841 255 879 μὴ
268 844 424 879 πιστεῦσαι,
438 843 497 871 ἀλλ’
513 841 553 871 ὅτι
568 842 613 871 καὶ
626 841 659 871 τὰ
674 841 798 882 πρότερον
817 837 998 878 ἁμαρτήματα
1015 834 1084 882 ἔ-χζων
1106 838 1221 871 ἄπεισιν.

252 892 334 919 Vens.
350 877 443 919 25-2-7.
461 902 474 915 «ι
500 891 634 919 Dicebant
647 877 714 927 ergo
728 877 774 918 ei:
790 877 906 924 Turquis
916 888 961 914 es?
974 887 1011 914 Et
1025 877 1050 908 Β

216 934 285 963 dicit
297 936 337 963 eis
351 937 430 963 Iesus
446 945 453 962 :
470 937 503 964 In
515 936 621 972 primis,
633 935 709 972 quod
721 939 749 963 et
762 934 861 970 loquor
875 932 954 960 vobis
968 933 1014 964 (ιι).

215 979 302 1008 Multa
317 980 407 1008 habeo
429 988 490 1016 quae
513 981 547 1009 de
564 981 639 1009 vobis
659 981 755 1016 loquar
769 987 800 1007 ac
811 977 943 1015 judicem,
967 975 1016 1003 sed

215 1024 262 1060 qui
277 1032 323 1052 me
347 1024 434 1059 misit,
450 1033 532 1053 verax
545 1029 587 1053 est
604 1029 650 1053 :et
664 1033 715 1061 ego
727 1032 789 1060 quae
801 1023 898 1052 audivi
916 1020 950 1049 ab
971 1027 1014 1054 eo,

215 1069 274 1097 haec
289 1069 385 1104 loquor
399 1070 428 1097 in
439 1069 553 1098 mundo.
564 1071 600 1098 Et
613 1077 670 1098 non
694 1071 881 1106 cognoverunt
894 1064 970 1102 quod
982 1064 1015 1093 de

214 1115 295 1142 Patre
314 1113 399 1150 ipsius
420 1114 528 1143 locutus
547 1119 628 1143 esset.
648 1124 663 1141 )›
679 1116 745 1143 Post
767 1118 876 1142 tantum
893 1115 1014 1146 tempus,

214 1163 276 1194 post
293 1162 437 1187 tantorum
463 1160 663 1188 miraculorum
687 1159 874 1187 ostensionem
902 1159 1016 1189 interro-

213 1208 279 1240 gant
290 1211 363 1238 eum,
390 1216 404 1228 α
416 1205 459 1232 Tu
470 1205 530 1240 quis
543 1206 590 1232 es?
614 1216 628 1229 ν
645 1204 836 1233 contumeliosi
851 1208 878 1232 et
892 1204 929 1232 ita
950 1205 1013 1234 fue-

212 1253 278 1276 runt
300 1249 457 1285 insipientes
479 1249 615 1277 irrisores.
630 1250 668 1277 At
682 1249 819 1277 Dominus
832 1249 934 1285 inquit,
953 1260 966 1274 ιι
984 1252 1015 1278 1η

213 1293 320 1329 primis,
334 1293 410 1330 quod
422 1298 450 1321 et
464 1294 561 1329 loquor
576 1294 662 1322 vobis.
680 1304 693 1318 η
710 1294 777 1328 Vos,
792 1293 893 1329 inquit,
910 1294 1017 1329 indigni

212 1339 277 1366 estis
291 1342 321 1366 ut
334 1338 454 1366 audiatis
468 1346 484 1366 a
498 1346 543 1367 me
551 1346 704 1371 sermones,
719 1342 747 1365 et
759 1338 873 1366 discatis
888 1339 935 1374 qui
951 1339 1013 1368 sim.

213 1383 313 1410 Omnia
326 1382 401 1410 enim
420 1386 557 1411 tentantes
578 1383 680 1416 dicitis,
696 1386 724 1410 et
747 1382 816 1410 nihil
833 1390 865 1410 ex
886 1384 928 1410 his
951 1391 1018 1419 qua:

214 1427 323 1462 loquor,
343 1427 453 1455 auditis.
477 1429 536 1464 Ego
553 1432 647 1456 autem
668 1435 781 1463 possem
800 1435 849 1455 vos
864 1427 950 1455 etiam
973 1435 1015 1456 ar-

216 1479 312 1508 guere,
335 1476 363 1499 et
377 1479 433 1500 non
461 1472 553 1500 solum
566 1480 692 1509 arguere,
710 1471 759 1499 sed
773 1475 801 1499 et
814 1472 922 1507 punire.
948 1473 1015 1501 Eme

216 1516 290 1544 enim
304 1516 359 1544 duo
373 1516 505 1551 insinuat,
518 1517 613 1546 dicens
627 1526 634 1545 :
647 1529 661 1541 «ι
677 1517 747 1552 Quia
757 1517 845 1544 multa
857 1524 965 1552 possem
981 1516 1015 1545 de

1112 896 1126 911 ei
1151 884 1263 925 Ἔλεγον
1279 882 1322 916 οἷν
1343 888 1424 928 αὐτῷ·
1447 887 1486 918 Σὺ
1506 888 1545 922 τίς
1562 883 1601 925 si;
1618 888 1673 918 Καὶ
1690 883 1761 918 εἶπεν
1779 891 1867 923 αὐτοῖς

1071 931 1085 958 ὁ
1101 930 1216 966 Ἰησοῦς²
1234 931 1292 967 Τὴν
1314 932 1400 972 ἀρχὴν
1423 932 1439 962 ὅ
1455 945 1481 962 τι
1504 934 1549 962 καὶ
1572 935 1646 963 λαλῶ
1672 935 1742 971 ὑμῖν.
1774 935 1868 964 Πολλᾶ

1070 974 1126 1015 ἔχω
1146 975 1205 1015 περὶ
1230 977 1304 1014 ὑμῶν
1320 978 1409 1006 λαλεῖν
1435 978 1480 1007 καὶ
1502 978 1618 1018 κρίνειν,
1637 979 1698 1007 ἀλλ’
1715 979 1730 1007 ὁ
1755 979 1867 1019 πέμψας

1071 1031 1118 1057 με,
1136 1020 1234 1056 ἀληθής
1248 1021 1316 1051 ἐστι.
1334 1022 1417 1061 Κάγὼ
1437 1023 1453 1052 ἃ
1469 1024 1571 1059 ἤκουσα
1587 1022 1652 1062 παρ’
1670 1024 1763 1062 αὐτοῦ,
1781 1027 1866 1053 ταῦτα

1069 1064 1139 1103 λέγω
1154 1066 1189 1098 εἷς
1200 1066 1244 1095 τὸν
1258 1066 1366 1104 κόσμον.
1381 1069 1441 1097 Οὐκ
1455 1068 1572 1107 ἔγνωσαν
1587 1068 1612 1096 δὲ
1623 1090 1630 1104 ,
1643 1066 1682 1096 ὅτι
1694 1069 1737 1097 τὸν
1755 1069 1867 1108 Πατέρα

1070 1111 1149 1138 αὑτοῦ
1162 1109 1247 1149 ἔλεγε.
1267 1125 1278 1137 ι
1292 1111 1369 1141 Μετὰ
1386 1115 1510 1142 τοσοῦτον
1522 1112 1633 1152 χρόνον,
1648 1113 1715 1150 μετὰ
1731 1113 1867 1142 τοσούτων

1069 1153 1184 1196 σημείων
1206 1155 1347 1191 ἐπίδειξιν,
1374 1157 1507 1196 ἐρωτῶσιν
1529 1157 1620 1186 αὐτόν·
1642 1168 1656 1185 ι
1673 1156 1713 1187 Σὺ
1738 1158 1778 1190 τίς
1800 1153 1843 1196 εἷς
1859 1173 1866 1182 -

1069 1197 1151 1231 οὕτως
1166 1194 1234 1234 ἦσαν
1257 1201 1380 1237 ἀνόητοι,
1394 1201 1516 1241 ὕϐρισταί
1531 1213 1559 1230 τε
1577 1200 1622 1230 καὶ
1643 1202 1803 1240 χλευασταί,
1836 1203 1866 1233 Ὀ

1069 1242 1096 1271 δὲ
1114 1243 1226 1284 Κύριος,
1239 1259 1251 1270 ιι
1266 1246 1323 1282 Τὴν
1339 1246 1437 1286 ἀρχὴν,
1450 1247 1539 1286 φησὶν,
1553 1246 1603 1276 ὅτι
1619 1247 1664 1276 καὶ
1675 1247 1749 1276 λαλῶ
1766 1248 1844 1285 ὑμῖν,
1859 1262 1867 1273 ι

1071 1286 1178 1325 Ὑμεῖς,
1201 1290 1285 1329 φησὶ,
1306 1291 1410 1320 καὶτοῦ
1425 1291 1493 1325 ὅλως
1513 1291 1618 1320 ἀκούειν
1651 1293 1703 1320 τῶν
1715 1291 1781 1331 παρ’
1800 1294 1866 1330 ἓμοῑ

1070 1332 1167 1372 λόγων,
1181 1334 1280 1368 ἀνάξιοι
1296 1336 1369 1373 ἐστὲ,
1388 1336 1495 1376 μήτιγε
1512 1336 1558 1365 καὶ
1572 1335 1714 1374 μανθάνειν
1736 1337 1776 1370 τίς
1793 1338 1863 1375 εἶμι·

1071 1378 1156 1406 πάντα
1174 1377 1224 1418 γὰρ
1246 1380 1412 1420 πειράζοντες
1433 1380 1537 1419 λέγετε,
1563 1380 1609 1410 καὶ
1631 1380 1716 1410 οὐδενὶ
1732 1383 1785 1410 τῶν
1801 1383 1866 1422 παρ’

1070 1423 1136 1460 ἐμοῦ
1155 1423 1295 1463 προσέχειν
1322 1425 1451 1459 θέλοντες.
1480 1425 1555 1463 Ἐγὼ
1578 1424 1605 1454 δὲ
1633 1425 1791 1463 ἠδυνάμην,
1821 1427 1865 1455 καὶ

1071 1467 1139 1504 ὖμέἴς
1152 1467 1269 1507 ἐλέγχειν
1282 1491 1289 1505 ,
1304 1469 1349 1498 καὶ
1368 1470 1404 1508 μὴ
1417 1469 1496 1508 μόνον
1509 1471 1627 1509 ἐλέγχειν
1637 1492 1645 1506 ,
1667 1471 1737 1499 ἀλλὰ
1756 1470 1804 1500 καὶ
1824 1483 1866 1501 κο-

1070 1512 1165 1546 λάζειν.
1197 1513 1290 1543 Ταῦτα
1315 1514 1367 1554 γὰρ
1392 1514 1426 1543 τὰ
1455 1513 1500 1543 δύο
1527 1514 1672 1543 αἰνίττεται
1699 1515 1796 1552 εἰπὼν,
1827 1516 1865 1544 δτι

211 1561 290 1589 vobis
301 1561 384 1597 loqui,
396 1561 549 1598 etjudicare
562 1571 569 1590 :
582 1573 594 1587 ν
604 1562 743 1598 perloqui,
753 1561 965 1597 reprehensione

1112 1556 1207 1586 Πολλὰ
1239 1557 1292 1598 ἔχω
1320 1559 1382 1595 ὑμῖν
1482 1559 1544 1598 περὶ
1572 1559 1667 1598 ὑμῶν]
1697 1559 1791 1588 λαλεῖν
1821 1561 1864 1590 καὶ

212 1613 261 1642 per
271 1605 406 1642 judicare,
421 1607 681 1635 condemnationem
703 1606 842 1642 intelligit.
870 1615 883 1633 ί(
910 1608 948 1634 At
961 1606 1009 1642 qui

211 1658 257 1678 me
268 1651 355 1686 misit,
371 1663 384 1675 ν
399 1651 499 1687 inquit,
512 1651 612 1679 nonad
627 1651 679 1679 hoc
692 1651 767 1678 misit
779 1659 834 1683 me,
848 1651 1008 1688 utjudicem

211 1703 244 1723 ac
255 1703 378 1732 arguam.
396 1707 409 1720 ιι
424 1697 488 1724 Non
503 1696 578 1724 enim
592 1695 668 1724 misit
680 1698 753 1724 Deus
764 1695 865 1723 Filium
877 1704 957 1724 suum
978 1700 1010 1724 ut

206 1740 312 1776 judicet
324 1740 472 1775 mundum,
487 1740 535 1768 sed
549 1744 581 1768 ut
599 1740 685 1768 salvet
697 1740 835 1768 mundum
847 1740 878 1768 “.
895 1752 908 1765 π
924 1741 1009 1776 Igitur

210 1785 275 1821 quia
293 1787 375 1814 Pater
402 1793 482 1813 meus
500 1784 534 1812 ad
561 1784 724 1813 salvandum
757 1793 803 1813 me
820 1785 907 1819 misit,
927 1793 1008 1812 verax

211 1833 304 1857 autem
325 1833 376 1864 est,
392 1829 491 1857 merito
509 1829 616 1857 nullum
633 1829 728 1866 judico
743 1837 832 1863 nunc,
847 1829 894 1857 sed
918 1829 1008 1857 solum

209 1875 311 1910 loquor
324 1882 385 1910 quae
398 1874 488 1903 audivi
496 1873 531 1902 de
543 1875 623 1902 Patre
637 1882 712 1908 meo,
723 1882 755 1902 ea
768 1881 829 1910 qua:
843 1873 879 1902 ad
889 1874 1007 1902 salutem

210 1919 453 1955 scilicetspectant,
464 1927 521 1947 non
532 1918 566 1947 ad
575 1919 829 1955 reprehensionem.
838 1920 903 1947 Hac
914 1923 1006 1947 autem

209 1963 328 1998 dicebat,
343 1968 375 1992 ut
388 1972 425 1992 ne
443 1968 540 1999 putent
552 1964 626 1999 quod
642 1968 672 1991 ut
687 1964 825 1999 impotens
839 1971 895 1991 non
910 1964 1007 1999 puniat

209 2016 286 2037 eos:
313 2008 460 2036 ostendens
496 2008 571 2044 quod
598 2016 655 2036 non
684 2008 778 2044 puniat
804 2016 852 2036 eos
874 2012 1007 2044 tanquam

208 2053 360 2088 impotens,
374 2052 421 2080 sed
433 2061 492 2080 non
507 2052 615 2083 volens;
626 2053 689 2088 quia
701 2061 759 2080 non
774 2052 809 2081 ad
824 2053 1005 2089 puniendum,

209 2097 259 2125 sed
284 2097 447 2125 salvandum
470 2097 584 2125 venerit.
607 2098 674 2126 Haec
697 2101 793 2126 autem
816 2097 863 2126 illo
887 2097 1006 2133 dicente,

208 2145 266 2170 tam
280 2141 440 2177 insipientes
454 2145 543 2175 erant,
559 2146 589 2170 ut
602 2150 658 2170 non
681 2147 889 2178 cognoscerent,
906 2143 1004 2178 inquit,

207 2186 282 2222 quod
316 2187 429 2215 Patrem
458 2195 541 2215 suum
567 2187 606 2215 eis
633 2187 747 2222 diceret,
775 2187 901 2223 quamvis
928 2191 1004 2215 tanta

207 2231 242 2260 de
271 2233 351 2259 Patre
382 2231 421 2260 eis
443 2231 517 2260 dicta
531 2236 623 2260 essent
656 2241 664 2260 :
693 2232 770 2269 atqui
804 2241 867 2261 vere
889 2233 1005 2261 obtene-

205 2277 316 2305 bratum
342 2281 401 2304 erat
421 2276 555 2313 insipiens
577 2285 626 2305 cor
640 2285 748 2306 eorum.
773 2277 891 2312 Quidam
911 2282 1004 2306 autem

205 2321 246 2350 sic
268 2321 433 2358 intelligunt,
458 2333 472 2346 α
494 2322 546 2357 Qui
575 2323 649 2350 misit
674 2330 730 2356 me,
757 2330 840 2350 verax
863 2327 905 2351 est
940 2332 948 2351 :
985 2333 1000 2350 »

204 2367 330 2401 Possem,
351 2367 451 2403 inquit,
467 2371 495 2395 et
514 2375 589 2395 nunc
607 2367 731 2403 judicare
752 2375 810 2402 vos,
826 2367 874 2396 sed
894 2375 1002 2396 reservo

205 2412 235 2440 in
254 2411 382 2440 futurum
397 2412 538 2440 sacculum.
553 2413 614 2440 Non
639 2412 749 2440 creditis
764 2417 866 2447 autem,
884 2417 911 2440 et
924 2413 1001 2440 retri-

203 2456 326 2484 butionis
339 2460 449 2493 tempus
461 2465 518 2485 non
534 2458 617 2493 621
635 2457 821 2493 suspicamini.
838 2457 891 2486 Sed
905 2466 1001 2494 quam-

204 2501 245 2530 vis
257 2509 306 2529 vos
321 2510 378 2530 non
390 2502 517 2536 credatis,
534 2502 634 2530 saltem
646 2502 686 2529 vel
708 2503 790 2530 Pater
803 2510 883 2530 meus
898 2507 940 2530 est
954 2510 1001 2530 ve-

159 2575 170 2586 ,
201 2554 262 2581 rex,
286 2547 331 2582 qui
346 2547 440 2574 statuit
453 2546 528 2574 diem
548 2555 604 2583 quo
618 2547 784 2575 retribuatur
804 2547 882 2575 vobis
892 2569 899 2582 ,
915 2547 961 2583 qui
976 2551 1003 2574 et

201 2591 278 2620 misit
293 2600 337 2619 me
353 2596 384 2620 ut
402 2591 547 2627 praedicem
566 2592 623 2626 illa,
647 2596 675 2620 et
700 2591 877 2621 manifestem
894 2592 1000 2620 mundo

199 2637 261 2673 eius
269 2641 297 2665 et
307 2637 448 2673 justitiam
458 2641 485 2664 et
495 2636 636 2664 virtutem.

233 2803 334 2831 “Joan.
350 2811 372 2837 ῐ,
387 2805 429 2831 29.
469 2803 573 2832 1"Ibid.
591 2805 633 2832 18.
675 2804 696 2821 “
711 2805 793 2832 Joan.
814 2811 864 2838 In,
883 2808 926 2833 17.

1063 1600 1172 1640 κρίνειν·
1190 1614 1205 1629 in
1224 1603 1267 1631 διὰ
1282 1602 1329 1641 μὲν
1352 1606 1397 1633 τοῦ
1414 1605 1522 1641 λαλεῖν,
1541 1603 1572 1632 τὸ
1587 1603 1707 1642 ἐλέγιειν
1731 1605 1864 1644 παραδη-

1062 1646 1125 1674 λῶν·
1141 1646 1183 1675 διὰ
1199 1646 1226 1676 δὲ
1244 1651 1292 1677 τοῦ
1311 1647 1422 1687 κρίνειν,
1437 1648 1467 1677 τὸ
1493 1651 1664 1688 κατακρίνειν
1685 1648 1731 1677 καὶ
1747 1651 1863 1679 καταδι-

1063 1689 1162 1723 κάζειν.
1181 1691 1251 1720 Ἀλλ’
1275 1693 1411 1734 ὁττέμψας
1437 1704 1489 1731 με,
1508 1693 1605 1732 φησὶν,
1633 1693 1681 1721 οὖκ
1704 1693 1749 1722 ἐπὶ
1774 1694 1863 1734 τούτῳ

1063 1734 1166 1775 ἔπεμψέ
1180 1747 1229 1774 με,
1245 1737 1284 1776 ἐφ’
1296 1732 1318 1777 ᾧ
1328 1738 1423 1776 κρίνειν
1435 1738 1480 1766 καὶ
1493 1737 1623 1776 ἐλέγχειν.
1639 1748 1654 1764 α
1669 1737 1711 1766 Οὗ
1724 1737 1776 1777 γὰρ
1793 1732 1859 1768 ἀπέέ

1063 1781 1163 1809 στειλεν
1184 1783 1198 1809 ὁ
1222 1781 1290 1814 Θεὸς
1311 1782 1355 1811 τὸν
1372 1782 1434 1812 Υῖὸν
1456 1784 1563 1819 ἑαυτοῦ,
1579 1782 1622 1810 ἳνα
1648 1781 1726 1821 κρίνῃ
1750 1783 1796 1812 τὸν
1820 1784 1862 1813 χόη

1063 1835 1139 1862 σμον·
1155 1825 1213 1854 ἀλλ’
1227 1824 1269 1855 ἵνα
1283 1826 1356 1867 σώσῃ
1372 1827 1417 1856 τὸν
1430 1827 1539 1866 κόσμον.
1553 1841 1565 1852 ι
1577 1826 1655 1857 Ἐπεὶ
1669 1826 1755 1856 τοίνυν
1768 1830 1782 1857 ὁ
1800 1829 1861 1858 Πα-
1892 1827 1893 1830 ¹

1062 1868 1111 1906 τήρ
1124 1881 1174 1907 μου
1190 1871 1226 1904 εἷς
1238 1870 1267 1900 τὸ
1283 1871 1377 1901 σώσειν
1391 1883 1423 1909 με
1439 1872 1605 1906 ἀπέστειλεν,
1620 1870 1720 1906 ἀληθὴς
1735 1872 1763 1900 δέ
1775 1874 1858 1902 ἐστιν·
1893 1868 1895 1898 i

1062 1913 1168 1948 εἰκότως
1179 1915 1269 1945 οὐδένα
1285 1917 1365 1955 κρίνω
1377 1919 1422 1945 ν’ὗν
1433 1939 1441 1955 ,
1462 1917 1531 1946 ἀλλὰ
1544 1916 1620 1954 μόνον
1636 1916 1711 1944 λοιλῶ
1724 1916 1741 1945 ἃ
1753 1916 1858 1952 ἥκουσα

1061 1958 1135 1997 παρὰ
1154 1962 1199 1989 τοῦ
1221 1961 1328 2000 Πατρός
1346 1973 1414 1999 μου,
1438 1961 1472 1990 τὰ
1492 1961 1556 2000 πρὸς
1577 1960 1710 1999 σωτηρίαν
1733 1962 1857 1999 δηλαδὴ,

1061 2005 1090 2032 οὖ
1107 2003 1140 2032 τὰ
1166 2004 1230 2044 πρὸς
1255 2005 1375 2045 ἔλεγ’(ον.
1397 2007 1490 2035 Ταῦτα
1507 2005 1534 2034 δὲ
1559 2005 1664 2044 ἔλεγεν,
1687 2003 1731 2034 ἵνα
1760 2007 1799 2044 μὴ
1815 2019 1857 2036 νο-

1062 2048 1187 2086 μίσωσιν,
1204 2049 1244 2079 ὅτι
1257 2051 1308 2090 οὐχ
1323 2053 1356 2084 ὡς
1372 2052 1499 2084 ἀδύνατος
1514 2052 1543 2080 οὗ
1559 2051 1665 2084 κολάζει
1682 2051 1787 2084 αὐτούς·
1805 2052 1858 2080 δεί-

1061 2104 1151 2122 κνυσιν
1167 2089 1228 2130 οὖν,
1245 2095 1286 2124 ὅτι
1309 2096 1360 2135 οὐχ
1384 2097 1418 2129 ὡς
1436 2095 1560 2128 ἀδύνατος
1571 2118 1578 2131 ,
1601 2094 1664 2124 ἀλλ’
1683 2096 1718 2127 ὥς
1731 2096 1760 2124 οὐ
1778 2097 1859 2125 θέλων

1060 2138 1173 2168 κολάσαι
1189 2139 1298 2176 αὐτοὺς,
1314 2139 1359 2169 ἅτε
1375 2140 1407 2176 δὴ
1429 2140 1466 2179 μὴ
1482 2140 1524 2169 ἐπὶ
1542 2142 1580 2180 τῷ
1604 2141 1726 2178 κολάσαι,
1743 2140 1803 2169 ἀλλ’
1817 2141 1859 2170 ἐπὶ

1060 2184 1098 2225 τῷ
1123 2185 1209 2213 σῶσαι
1237 2185 1330 2215 ἐλθών.
1357 2186 1452 2215 Ταῦτα
1469 2184 1496 2214 δὲ
1513 2187 1592 2215 αὐτοῦ
1618 2185 1753 2225 λέγοντος,
1776 2185 1860 2218 οὕτως

1058 2222 1126 2262 ἦσαν
1143 2228 1264 2266 ἀνόητοι,
1289 2229 1357 2259 ὥστε
1373 2243 1385 2256 ιι
1405 2232 1452 2260 οὐκ
1473 2229 1610 2269 ἔγνωσαν,
1624 2231 1723 2270 φησὶν,
1748 2229 1791 2260 ὅτι
1814 2231 1859 2259 τὸν

1060 2272 1169 2313 Πατέρα
1186 2275 1264 2304 αὐτοῦ
1280 2276 1368 2308 αὐτοῖς
1382 2275 1466 2314 λέγει.
1485 2287 1500 2303 n
1519 2274 1614 2304 Καίτοι
1641 2275 1710 2305 πόσα
1730 2275 1795 2314 περὶ
1811 2278 1858 2304 τοῦ

1059 2318 1165 2357 Πατρὸς
1191 2322 1278 2353 αὐτοῖς
1306 2320 1445 2360 διελέχθης
1478 2321 1536 2350 ἀλλ’
1560 2320 1641 2353 ὅντως
1668 2319 1809 2356 ἐσκοτίσθη
1841 2322 1857 2355 ἡ

1057 2362 1179 2398 ἀσύνετος
1205 2366 1289 2393 αὐτῶν
1315 2366 1422 2405 καρδία.
1451 2365 1527 2398 Τινὲς
1552 2365 1577 2393 δὲ
1606 2366 1675 2394 οὕτω
1701 2368 1792 2394 νοοῦσι
1819 2366 1858 2394 τό·

1057 2420 1068 2433 α
1090 2407 1159 2438 Ἀλλ’
1183 2411 1197 2438 ὁ
1216 2409 1323 2450 πέμψας
1347 2422 1398 2448 με,
1415 2411 1514 2446 ἀληθής
1538 2410 1618 2439 ἐστιν·
1644 2424 1657 2436 ι
1678 2409 1857 2448 Ἠδυνάμην,

1058 2453 1140 2493 φησὶ,
1157 2454 1202 2484 καὶ
1217 2458 1261 2484 νῦν
1277 2459 1364 2495 κρῖναι
1381 2457 1463 2492 ὑμᾶς,
1483 2454 1551 2483 ἀλλὰ
1573 2456 1610 2495 τῷ
1627 2456 1751 2493 μέλλοντι
1777 2455 1857 2483 αἰῶνι

1057 2501 1136 2528 τοῦτο
1152 2502 1234 2538 τηρῶ.
1258 2499 1406 2529 ’Ᾱπιστεῖτε
1429 2499 1472 2535 δὲ,
1489 2499 1534 2528 καὶ
1554 2499 1597 2528 τὸν
1613 2502 1658 2536 τῆς
1674 2499 1718 2529 καὶ
1736 2501 1859 2528 ἀνταπο-

1058 2544 1154 2577 δόσεως
1177 2544 1268 2584 καιρὸν
1295 2545 1345 2583 οὐχ
1371 2543 1567 2583 ὕπολογίζεσϐε.
1586 2544 1656 2574 Ἀλλ’
1673 2546 1695 2573 εἰ
1717 2544 1763 2572 καὶ
1779 2545 1857 2582 ὑμεῖς

1057 2590 1193 2618 ἀπιστεῖτε
1204 2612 1212 2626 .,
1232 2591 1245 2618 ὃ
1256 2591 1316 2628 γοῦν
1337 2588 1433 2627 Πατήρ
1447 2600 1497 2626 μου
1515 2589 1614 2624 ἀληθής
1630 2590 1700 2618 ἐστιν
1714 2612 1721 2624 ,
1736 2588 1763 2621 ὃς
1780 2588 1860 2623 ἔστη-

1057 2646 1099 2663 σεν
1124 2634 1224 2674 ἡμέραν
1249 2634 1309 2663 καθ’
1331 2633 1364 2669 ἣν
1390 2633 1631 2669 ἀνταποδοθήσεται
1657 2635 1740 2672 ὑμῖν,
1767 2633 1796 2667 ὃς
1812 2634 1858 2662 καὶ

1056 2679 1194 2708 ἀπέστειλέ
1222 2691 1254 2717 με
1282 2678 1394 2718 κηρύξαι
1422 2681 1524 2717 ταῦτα,
1560 2679 1604 2708 καὶ
1633 2680 1788 2718 φανερῶσαι
1819 2680 1856 2717 τῷ

1056 2725 1149 2764 κόσμῳ
1165 2723 1213 2759 τὴν
1231 2725 1312 2753 αὐτοῦ
1330 2723 1497 2759 δικαιοσύνην
1514 2723 1558 2752 καὶ
1574 2723 1697 2762 δύναμιν.
1711 2754 1712 2759 η

234 2854 271 2886 (a)
281 2852 426 2881 Sensusest
437 2863 442 2881 :
459 2854 489 2881 id
499 2854 646 2889 imprimis,
656 2856 705 2880 aut
713 2854 836 2889 primum
844 2861 915 2888 sum,
923 2855 995 2889 quod
1004 2854 1069 2891 Adico
1077 2855 1163 2882 vobis.
1178 2854 1298 2891 Vulgata
1307 2853 1400 2887 latina,
1413 2853 1587 2888 principium.

1894 1192 1895 1244 ι

1892 1801 1895 1836 ι

1893 1921 1895 1976 l

1893 1985 1895 2069 Ι
