1910 3077
57 178 91 203 ‘2l
454 179 649 207 ENARRATIO
669 179 701 206 IN
722 179 856 207 EVANGE

955 179 1103 208 JOANNIS.
1124 194 1159 201 —-
1178 180 1255 208 CAP.
1275 182 1342 210 VIII.
1683 183 1718 210 22

106 251 123 266 α
156 235 240 271 Εἶπεν
255 237 298 272 οὖν
320 244 407 277 αὐτοῖς
419 244 434 272 ὁ
450 242 563 279 Ἰησοῦς
578 242 666 272 "Om-av
683 242 806 282 ὑψώσητε
821 241 858 271 τὸι

955 243 1048 270 Vsus.
1069 245 1115 277 28,
1132 246 1177 271 :9.
1203 254 1214 269 «
1233 243 1310 272 Dixit
1325 251 1390 280 ergo
1405 245 1487 273 Iesus
1501 253 1508 272 :
1528 245 1600 274 Cum
1613 245 1716 273 exalta-

59 285 132 314 Υἱὸν
149 289 198 315 τοῦ
221 288 379 328 ἀνθρώπου,
402 287 461 318 τότε
482 287 631 327 γνώσεσθε,
656 287 696 316 ὃτι
711 287 764 325 ἐγώ
791 288 864 325 εἰμι,

58 329 109 358 χαὶ
127 331 176 359 ἀπ’
193 331 309 370 ἐμαυτοῦ
323 335 392 364 ποιῶ
409 332 500 370 οὐδὲν,
517 333 584 362 ἀλλὰ
607 332 693 366 καθὼς
710 331 810 366 ἐδίδαξέ
833 344 866 371 με

59 376 73 403 ὃ
87 376 192 415 Πατήρ
207 389 257 414 μου
267 401 275 414 ,
299 382 384 408 ταῦτα
401 380 492 414 λαλῶ,
516 378 562 407 καὶ
587 379 601 406 ὁ
616 377 724 417 πέμψας
740 389 772 415 με
782 400 790 412 ,
807 378 865 414 μετ’

58 419 131 456 ἐμοῦ
147 421 231 451 ἐστιν.
255 425 315 452 Οὐκ
329 422 415 464 ἀφῆκέ
430 435 462 461 με
495 422 572 460 μόνον
592 423 606 451 ὃ
630 422 738 461 Πατὴρ,
758 421 799 451 ὅτι
814 421 866 460 ἐγὼ

58 464 95 493 ’τὰ
125 465 229 504 ἀρεστὰ
255 468 328 508 αὐτῷ
352 469 419 497 ποιῶ
449 467 571 497 πάντοτε.
601 480 612 492 ι
639 466 752 502 Ἐπειδὴ
777 466 865 496 πολλὰ

59 513 167 546 σημεῖα
189 511 303 547 ποιήσας
323 513 370 542 οὐχ
395 512 565 542 ἐπεσπάσατο
587 511 711 548 τούτους,
736 512 797 551 περὶ
819 514 864 541 τοῦ

60 557 184 593 σταυροῦ
201 558 286 591 αὐτοῖς
309 557 469 596 διαλέγεται.
494 556 588 594 Ὑμεῖς
611 557 658 595 μὲν
682 556 752 597 γὰρ,
779 557 863 597 φησὶ,

59 597 125 627 τότε
144 599 232 633 δόξετε
246 602 272 630 ἐν
295 604 419 631 παντελεῖ
443 601 590 641 ἆμεριμνίᾳ
615 596 697 637 εἶναι,
715 603 759 630 καὶ
778 603 866 631 ἀπαλ-

60 643 183 682 λαγῆναί
207 657 274 683 μου,
293 646 336 676 ὅτε
361 646 466 682 δηλαδή
489 657 526 684 με
546 645 726 685 σταυρώσετε.
747 646 821 686 Ἐγὼ
838 647 864 676 δὲ

59 687 152 726 λέγω,
171 689 211 719 ὅτι
229 704 240 716 ι
255 689 402 729 γνώσεσθε,
424 691 464 720 ὅτι
487 690 538 730 ἐγώ
560 692 624 727 εἰμι·
645 703 658 718 ι
677 691 829 728 τουτέστιν,
851 694 864 721 ὁ

63 733 185 770 Χριστὸς
209 737 223 764 ὁ
250 736 312 769 Υἱὸς
333 738 378 765 τοῦ
402 737 490 772 Θεοῦ,
514 738 528 765 ὁ
554 735 587 764 τὰ
611 737 698 766 πάντα
714 736 799 776 φέρων
819 737 864 766 καὶ

63 776 157 816 ἄγων,
184 779 228 808 καὶ
244 779 283 809 δτι
298 782 345 810 οὐκ
359 781 473 814 ἐναντίος
495 780 551 818 εἰμὶ
567 783 605 820 τῷ
621 781 723 819 Πατρὶ,
743 781 801 810 οὐδὲ
818 782 864 810 ἀπ’

63 822 185 860 ἐμαυτοῦ
211 827 292 862 ποιῶ,
318 825 335 861 ἢ
358 827 440 855 λαλῶ·
464 826 494 855 οὖ
522 825 574 864 γὰρ
596 826 650 865 ἔχω
674 826 739 855 ἴδιον
759 827 863 864 θέλημα

920 287 1014 314 veritis
1035 287 1135 315 Filium
1152 287 1286 322 hominis,
1307 293 1373 316 tunc
1390 290 1562 325 cognoscetis
1574 290 1647 326 quod
1662 298 1714 326 ego

920 331 985 365 sim,
1000 336 1028 360 et
1040 341 1054 360 a
1072 333 1192 369 meispso
1203 333 1302 362 faciam
1316 334 1394 368 nihil,
1406 334 1453 362 sed
1467 334 1505 362 ita
1517 339 1546 362 ut
1561 334 1656 363 docuit
1671 343 1716 363 me

921 377 1011 410 Pater,
1027 377 1086 406 haec
1103 378 1214 414 loquor,
1231 383 1259 406 et
1279 379 1326 415 qui
1347 387 1391 406 me
1412 379 1504 413 misit,
1531 387 1638 407 mecum
1662 383 1715 407 est.

919 421 982 449 Non
996 422 1106 458 reliquit
1121 430 1166 451 me
1179 423 1267 451 solum
1282 425 1374 458 Pater,
1389 424 1452 460 quia
1469 432 1518 459 ego
1535 431 1596 460 quae
1617 423 1715 459 placita

920 471 985 494 sunt
997 467 1032 500 ei,
1057 467 1126 495 facio
1148 476 1266 504 semper.
1291 480 1304 493 ι
1323 470 1471 504 Postquam
1486 470 1574 497 multa
1589 469 1666 504 signa
1680 468 1719 496 eis

920 510 986 538 fecit
1002 516 1030 539 et
1049 520 1104 540 non
1119 513 1234 541 attraxit
1256 513 1332 547 illos.
1353 521 1426 541 nunc
1446 513 1480 541 de
1500 521 1581 542 cruce
1599 521 1664 541 cum
1679 513 1718 541 eis

919 556 1052 592 loquitur.
1083 559 1139 585 Vos
1150 558 1235 591 enim,
1249 558 1349 594 inquit,
1363 563 1427 587 tunc
1441 559 1570 594 putabitis
1583 566 1630 586 vos
1640 562 1717 586 extra

919 608 1031 630 omnem
1036 602 1247 631 sollicitudinem
1254 608 1280 631 et
1287 608 1390 632 metum
1398 603 1466 637 fore,
1472 609 1519 631 eta
1526 612 1570 631 me
1577 603 1718 637 liberatos,

919 653 983 673 cum
999 655 1043 674 me
1057 648 1250 676 eruciﬁxeritis
1264 657 1270 674 :
1287 657 1336 684 ego
1351 653 1445 676 autem
1459 648 1522 676 dico
1532 649 1606 684 quod
1621 660 1633 673 ι
1650 653 1717 676 tunc

919 691 1012 719 scietis
1023 692 1096 727 quod
1107 701 1157 728 ego
1171 701 1246 728 sum;
1263 705 1275 718 ν
1290 693 1342 722 hoc
1354 697 1404 727 est,
1416 693 1542 721 Christus
1557 694 1644 722 Filius
1654 694 1714 727 Dei,

919 736 965 772 qui
986 737 1079 764 omnia
1095 742 1174 772 porto
1189 742 1217 766 et
1241 738 1312 766 duco
1325 759 1334 772 ,
1358 742 1386 766 et
1404 746 1461 766 non
1481 746 1545 766 sum
1566 738 1719 766 contrarius

918 781 1005 815 Patri,
1029 789 1120 818 neque
1139 790 1154 810 a
1178 783 1339 819 memetipso
1353 782 1425 810 facio
1449 783 1491 811 vel
1512 784 1634 819 loquor:
1658 791 1715 810 non

918 825 991 853 enim
1007 825 1096 854 habeo
1111 827 1279 855 voluntatem
1304 827 1442 863 propriam
1462 831 1619 863 separatam
1639 836 1654 855 a
1668 835 1716 855 vo-

61 869 264 908 κειωρισμένον
285 873 332 899 τοῦ
348 872 494 908 Πατρικοῧ.
519 872 579 903 Πῶς
594 870 621 899 δὲ
641 871 750 908 ἔμελλον
767 873 858 909 γνῶναι

951 874 1022 897 ntate
1031 871 1127 899 Patris.
1141 872 1288 906 Quomodo
1298 877 1389 900 autem
1397 873 1535 908 cognituri
1546 876 1614 900 sunt
1626 872 1716 907 ipsum

63 912 148 941 αὐτὸν
173 915 199 942 ἓν
220 915 258 954 τῷ
275 917 396 956 σταυρῷ;
414 915 478 944 Ἀπὸ
497 916 548 944 τῶν
571 914 691 952 σημείων
715 917 768 944 τῶν
791 929 864 952 τηνι-

61 959 153 986 καῦτα
163 979 171 993 ,
189 959 241 988 ἀπὸ
254 962 300 994 ἧς
316 959 485 993 ἀναστάσεως
502 960 603 995 καὶτῆς
615 959 752 994 ἁλώσεως.
768 963 864 991 Ταῦτα

61 1001 117 1040 γὰρ
143 1002 232 1031 πάντα
268 1005 348 1033 ἱκανὰ
374 1000 405 1040 ἧν
434 1005 550 1044 ἐμφῆναι
587 1004 635 1040 τὴν
663 1004 739 1044 ἰσχὺν
770 1007 862 1036 αὐτοῦ.

62 1045 217 1086 Ἀμφότερα
232 1050 317 1078 τοίνυν
334 1048 486 1089 γνώσεσθε,
505 1049 551 1078 καὶ
566 1048 612 1084 τὴν
629 1049 705 1088 ἰσχὺν
721 1049 770 1085 τὴν
785 1051 864 1088 ἐμὴν,

61 1089 130 1119 ὅταν
151 1092 323 1131 σταυρώσητέ
343 1105 391 1132 με,
411 1094 456 1122 καὶ
473 1093 519 1129 τὴν
541 1094 665 1130 ὁμόνοιαν
680 1094 727 1129 τὴν
741 1095 805 1134 πρὸς
819 1096 864 1125 τὸν

63 1136 190 1174 Πατέρα.
216 1140 257 1168 Οὐ
272 1138 323 1178 γὰρ
340 1138 371 1168 ἂν
385 1141 399 1168 ὁ
415 1139 511 1177 Πατὴρ
526 1138 543 1174 ἢ
557 1139 692 1174 ἐξιδίκησέ
707 1152 738 1177 με
751 1162 758 1176 ,
775 1153 864 1180 παρα-

63 1180 126 1214 δοὺς
145 1182 191 1218 τὴν
211 1183 288 1212 πόλιν
311 1185 385 1220 ὑμῶν
410 1188 464 1216 τοῖς
488 1183 652 1221 Ῥωμαίοις,
677 1184 693 1220 ἢ
717 1191 815 1223 σημεῖα
837 1188 863 1216 ἐν

62 1227 105 1264 τῷ
131 1229 238 1267 σταυρῷ
264 1228 396 1263 ἐπετέλει,
417 1229 439 1257 εἰ
456 1228 493 1265 μὴ
518 1229 582 1262 Υἱὸς
603 1228 677 1265 ἤμην
704 1230 800 1267 αὐτοῦ,
819 1231 864 1260 χαὶ

63 1271 248 1309 ὁμογνώμων,
274 1272 330 1301 ἀλλ’
353 1274 400 1302 οὐχ
418 1273 543 1306 ἀντίθεος.
570 1273 638 1302 Τότε
664 1269 708 1302 οὖν
736 1274 862 1314 εἴσεσθε,

63 1313 107 1343 ὅτι
123 1314 173 1344 ὅσα
196 1316 312 1346 διδάσκω
333 1318 378 1346 χαὶ
406 1317 492 1356 λέγω,
516 1319 561 1346 ἀπ’
589 1317 687 1347 ἐκείνου
715 1319 780 1354 εἰσὶ,
807 1323 863 1349 θεῖα

63 1359 172 1393 πάντως
197 1361 242 1390 καὶ
260 1362 330 1391 Θεοῦ
347 1362 471 1402 ῥήματα,
495 1363 539 1392 καὶ
564 1364 611 1392 οὐκ
635 1362 707 1401 ἐμὰ,
729 1364 798 1393 ἀλλὰ
815 1368 862 1394 τοῦ

64 1404 219 1443 πέμψαντός
242 1418 284 1444 με.
303 1403 369 1436 Εἶτα
394 1406 438 1436 ἵνα
452 1407 488 1445 μὴ
505 1407 649 1445 νομίσωσιν
661 1430 669 1446 ,
690 1408 730 1437 ὅτι
745 1408 776 1438 τὸ
790 1421 860 1448 πεμ-

64 1451 161 1489 φθῆναι
186 1450 230 1479 καὶ
257 1452 439 1486 ἀποσταλῆναι
469 1452 560 1491 ὕφεσιν
584 1453 678 1490 δηλοῖ,
706 1454 804 1493 φησὶν,
822 1455 862 1484 ὅτι

67 1505 84 1521 α
99 1492 133 1523 Ὁ
150 1495 245 1534 Πατήρ
260 1507 310 1533 μου
325 1496 382 1533 μετ’
399 1498 462 1534 ἐμοῦ
479 1498 559 1526 ἐστιν.
577 1507 591 1524 ))
611 1498 643 1526 Εἰ
661 1498 711 1536 γὰρ
731 1500 774 1527 χαὶ
794 1499 858 1528 ἀπέ-

65 1538 153 1567 στειλέ
177 1551 209 1577 με
240 1542 275 1573 ὡς
299 1540 453 1580 ἄνθρι-ιπον,
481 1541 541 1570 ἀλλ’
565 1537 610 1571 οὖν
638 1543 684 1571 οὐκ
711 1543 858 1582 ἐχωρίσθην
877 1552 899 1584 C

67 1583 166 1621 αὐτοῦ,
183 1585 252 1613 ἀλλὰ
269 1586 326 1623 μετ’
342 1586 406 1623 ἐμοῦ
431 1588 502 1615 ἐστιν
513 1609 520 1622 ,
543 1587 578 1619 ὡς
593 1586 661 1618 Θεὸς
684 1588 747 1626 Θεῷ
762 1588 857 1620 συνών,

67 1626 131 1657 Ἐπὶ
146 1628 175 1656 τὸ
196 1630 379 1668 ταπεινότερον
404 1631 431 1659 δὲ
458 1631 538 1660 πάλιν
559 1631 603 1660 τὸν
621 1631 696 1669 λόγον
718 1633 861 1672 κατάγων,

125 1672 130 1684 \
237 1674 242 1685 ι
278 1675 285 1685 s
333 1676 340 1686 ν
364 1678 379 1684 σ-
405 1675 412 1684 I
505 1675 512 1686 /
653 1678 659 1688 ν
684 1675 690 1686 \
771 1679 778 1689 ,

67 1683 148 1712 φησι,
166 1685 180 1700 α
195 1675 246 1703 Και
260 1686 307 1703 ουκ
326 1687 411 1713 αφηχε
429 1687 461 1713 με
477 1687 554 1713 μονον
567 1698 574 1711 ,
591 1675 631 1704 ὅτι
648 1688 699 1714 εγω
715 1676 748 1705 τὰ
764 1679 861 1717 αρεστὰ

67 1717 139 1757 αὐτῷ
152 1720 229 1748 ποιῶ.
244 1733 256 1744 -
273 1719 323 1748 Διὰ
336 1720 395 1753 τοὺς
408 1720 551 1752 Ἰουδαίους
565 1721 590 1750 δὲ
607 1723 690 1749 ταῦτα
706 1721 739 1750 τὰ
750 1725 862 1753 ταπεινὰ

67 1763 214 1801 φθέγγεται.
228 1763 307 1793 Ἐπεὶ
322 1764 374 1804 γὰρ
385 1765 476 1803 ἔλεγον
493 1766 604 1800 ἐκεῖνοι,
630 1767 669 1794 ὅτι
691 1778 704 1793 τι
720 1769 778 1796 Οὐκ
791 1768 860 1797 ἔστιν

67 1808 97 1835 ἐκ
117 1809 163 1835 τοῦ
189 1808 275 1845 Θεοῦ,
295 1808 335 1838 ὅτι
355 1810 386 1838 τὸ
412 1809 554 1839 Σάϐϐατον
583 1810 611 1838 οὖ
636 1814 718 1848 τηρεῖ·
742 1825 754 1836 :
771 1812 860 1850 φησίψ

66 1848 105 1879 σο
165 1851 171 1863 \
199 1853 206 1863 a
259 1852 285 1870 -ι
330 1854 337 1863 ν
361 1855 378 1861 ~
442 1857 456 1863 ιι
515 1853 527 1865 τι
575 1866 589 1872 __
632 1853 643 1863 Α
694 1855 698 1861 ι
719 1856 739 1873 γ
753 1856 758 1864 ι
777 1848 781 1850 ⁷

108 1863 132 1879 τι
144 1863 177 1880 τα
192 1864 292 1892 apes-.0:
308 1865 380 1894 αυτῳ
393 1866 472 1883 ποιω.
489 1868 499 1880 υ
529 1855 603 1883 Ωσιε
615 1866 663 1882 χαν
676 1866 705 1883 το
717 1856 860 1886 καϐϐατον

66 1894 139 1932 λύω,
157 1897 266 1935 ἀρεστὸν
283 1899 354 1938 αὐτῷ
366 1902 452 1928 τοῦτο.
474 1898 526 1928 Ἐκ
545 1898 643 1927 τούτων
659 1899 685 1928 δὲ
701 1901 753 1928 τῶν
767 1913 860 1930 ταπει-

68 1941 119 1968 νῶν
135 1941 261 1980 ῥημάτων
285 1943 363 1976 αὐτὸς
386 1942 433 1981 μὲν
457 1943 529 1972 οὐδὲν
547 1943 704 1980 ἐλυμαίνετο
718 1947 751 1982 τῇ
776 1946 860 1985 οἰκεία

67 1984 141 2023 δόξῃ,
163 1986 216 2018 τοῖς
232 1987 257 2016 δὲ
277 1988 416 2017 ἀκοῦουσιν
435 1989 565 2027 ὠφέλειαν
592 1989 690 2024 ἐποίει,
709 1991 811 2026 μᾶλλον
833 1991 860 2020 δὲ

67 2029 112 2058 καὶ
126 2030 171 2065 τὴν
188 2030 263 2065 δόξαν
281 2033 362 2061 αὐτοῦ
378 2033 488 2062 συνίστα
502 2032 544 2061 διὰ
560 2033 662 2062 τούτου.
675 2035 709 2062 Οἱ
722 2034 774 2074 γὰρ
785 2036 862 2064 ἀκού·

67 2085 136 2108 οντες
148 2075 227 2104 αὐτοῦ
240 2077 328 2106 πάντα
344 2079 379 2110 εἷς
390 2077 434 2106 τὸν
454 2077 564 2116 Πατέρα
586 2078 772 2118 ἀναφέροντος,
789 2082 859 2118 μᾶλ-

67 2119 111 2148 λον
136 2120 208 2159 αὐτῷ
240 2122 442 2160 προσετίθεντο,
466 2122 512 2150 καὶ
540 2122 677 2152 ἐπίστευον
703 2124 738 2156 εἷς
767 2125 857 2154 αὐτόν·

67 2163 134 2192 ὥστε
155 2163 187 2192 τὰ
208 2166 320 2195 ταπεινὰ
348 2168 449 2204 μᾶλλον
468 2166 549 2201 ὕψουν
573 2166 664 2197 αὐτόν.
718 2167 802 2209 ⁶Ορᾷς
827 2169 861 2198 τὰ

67 2208 260 2247 κατορθώματα
283 2213 330 2246 τῆς
357 2210 491 2251 μακαρίας
515 2211 720 2249 ταπεινώσεωςς
743 2208 809 2244 "Ott
832 2215 858 2244 δὲ

66 2255 149 2281 ταῦτα
168 2253 248 2287 οὕτως
264 2255 338 2294 ἔχει,
355 2255 433 2285 ἄκουε
450 2258 501 2284 τῶν
514 2256 616 2296 ἐφεξῆς.

80 2322 84 2325 .
111 2308 123 2325 α
146 2299 241 2327 Ταῦτα
258 2301 337 2329 αὐτοῦ
355 2301 514 2336 λαλοῦντος,
538 2302 630 2330 πολλοὶ
652 2301 809 2332 ἐπίστευσαν
825 2305 860 2338 εἷς

68 2341 155 2372 αὐτόν.
173 2341 285 2382 Ἔλεγεν
305 2339 348 2373 οὖν
366 2346 380 2374 ὁ
399 2345 504 2381 Ἰησοῦς
519 2345 583 2385 πρὸς
604 2346 663 2379 τοὺς
683 2348 858 2377 πεπιστευκό-

67 2397 113 2418 τας
128 2388 198 2428 αὐτῷ
219 2387 372 2422 Ἰουδαίους’
394 2389 457 2418 Ἐὰν
473 2391 547 2428 ὑμεῖς
564 2391 673 2427 μείνητε
687 2392 714 2421 ἐν
733 2394 770 2432 τῷ
787 2394 859 2433 λόγῳ

67 2431 104 2469 τῷ
119 2432 187 2471 iub},
211 2433 315 2468 ἀληθῶς
338 2434 457 2472 μαθηταί
482 2446 532 2472 μου
558 2434 636 2471 ἐστὲ,
664 2436 710 2464 καὶ
728 2431 858 2476 γνώσεσθε

67 2475 114 2519 τὴν
137 2476 280 2519 ἄλήθεῖαν,
303 2479 346 2507 χαὶ
367 2481 383 2514 ἦ
410 2480 521 2515 ἀλήθεια
540 2480 710 2519 ἐλευθερώσει
735 2483 814 2519 ὑμᾶς.
844 2496 856 2509 ι»

65 2518 152 2559 ⁸οπερ
175 2517 265 2558 εἷπον,
289 2523 328 2552 ὅτι
355 2523 398 2552 διὰ
424 2526 476 2553 τῶν
505 2526 701 2564 ταπεινοτέρων
732 2527 858 2565 ῥημάτων

68 2565 164 2600 μᾶλλον
179 2566 312 2605 ὑπήγοντο
326 2569 350 2596 οἱ
364 2568 511 2606 ἀκροαταὶ,
534 2571 617 2598 τοῦτο
632 2569 679 2598 χαὶ
695 2571 708 2598 ὁ
721 2571 856 2610 εὐαγγελι-

68 2608 129 2643 στὴς
143 2611 355 2647 ἐπισημαίνεται.
373 2624 387 2639 (ι
402 2615 496 2642 Ταῦτα
515 2613 581 2653 γὰρ,
599 2614 694 2653 φησὶν,
711 2616 792 2644 αὐτοῦ
811 2616 859 2644 λα-

69 2652 183 2693 λοῦντος,
213 2656 307 2686 πολλοὶ
333 2657 503 2687 ἐπίστευσαν·
530 2670 545 2686 η
567 2661 655 2687 ταῦτα
682 2661 716 2688 τὰ
746 2661 859 2690 ταπεινὰ

74 2697 191 2738 ῥήματα,
213 2699 259 2730 καὶ
275 2700 367 2735 ἀνάξια
393 2702 468 2736 δῆθεν
492 2705 539 2738 τῆς
559 2703 634 2738 δόξης
657 2704 750 2733 αὐτοῦ.
769 2704 858 2734 Ὥστε

71 2747 203 2783 πανταχοῦ
215 2767 222 2780 ,
250 2744 311 2774 ὅταν
327 2745 424 2784 ἀκούῃς
441 2748 520 2776 αὐτοῦ
532 2748 613 2786 μικρά
633 2760 690 2777 τινα
702 2748 747 2777 καὶ
767 2750 859 2785 εὖτελῆ

74 2787 130 2834 περὶ
151 2789 246 2834 ἑαυτοῦ
282 2790 416 2829 λέγοντος,
442 2791 479 2829 μὴ
504 2792 623 2832 θορυϐοὒ.
652 2792 702 2822 Διὰ
726 2793 776 2834 γὰρ
800 2794 860 2828 τοὺς

76 2833 203 2873 ἀκροατὰς
222 2836 305 2864 ταῦτα
331 2836 489 2877 φθέγγεται,
512 2837 550 2876 μὴ
576 2837 737 2876 δυναμένους
756 2839 858 2879 ὑψηλό-

920 914 948 942 in
959 918 1056 944 cruce?
1065 917 1089 943 Α
1102 916 1186 952 signis
1196 924 1257 952 qua:
1270 921 1334 944 tunc
1346 917 1421 952 ﬁent,
1437 921 1463 945 et
1475 926 1490 945 a
1502 917 1715 951 resurrectione,

918 963 946 987 et
962 960 1119 995 captivitate
1134 971 1140 989 :
1157 962 1248 988 omnia
1263 962 1338 989 enim
1353 962 1412 990 haec
1428 966 1556 997 poterant
1574 961 1714 990 declarare

917 1004 975 1039 ejus
991 1004 1193 1033 fortitudinem.
1214 1007 1372 1042 Utrumque
1394 1007 1477 1041 igitur
1491 1007 1594 1040 scietis,
1615 1011 1643 1034 et
1657 1006 1716 1035 for-

918 1049 1065 1077 titudinem
1081 1057 1170 1078 meam
1194 1050 1304 1087 quando
1323 1051 1510 1079 cruciﬁxeritis
1526 1060 1580 1083 me,
1606 1055 1633 1078 et
1647 1059 1715 1079 con-

917 1094 1038 1122 cordiam
1060 1102 1153 1122 meam
1166 1103 1229 1122 cum
1243 1097 1333 1123 Patre.
1348 1097 1444 1132 Neque
1458 1096 1532 1124 enim
1546 1097 1626 1124 Pater
1644 1096 1718 1124 ultus

918 1143 991 1166 esset
1008 1147 1051 1167 me
1073 1139 1137 1167 data
1163 1140 1273 1168 civitate
1295 1145 1383 1168 vestra
1408 1141 1552 1174 Romanis.
1576 1141 1616 1168 vel
1639 1141 1714 1175 signa

918 1183 945 1210 in
959 1191 1041 1211 cruce
1057 1184 1176 1216 fecisset,
1190 1185 1239 1212 nisi
1257 1185 1339 1213 Filius
1353 1185 1414 1222 ejus
1427 1194 1528 1219 essem,
1547 1190 1574 1213 et
1592 1185 1716 1222 ejusdem

918 1229 1071 1261 sententiae,
1097 1233 1125 1257 et
1146 1237 1202 1257 non
1224 1230 1387 1258 contrarius.
1410 1231 1490 1258 Tunc
1516 1230 1600 1266 igitur
1625 1230 1716 1258 scietis

918 1272 992 1308 quod
1006 1281 1068 1308 quae
1081 1273 1168 1301 doceo
1181 1278 1208 1302 et
1218 1275 1289 1307 dico.
1305 1275 1393 1302 abillo
1405 1275 1472 1309 sint,
1486 1275 1579 1303 divina
1592 1276 1715 1307 omnino,

917 1321 945 1345 et
960 1318 1040 1345 verba
1054 1318 1104 1346 Dei
1123 1327 1129 1346 :
1146 1327 1178 1346 ac
1199 1327 1254 1346 non
1269 1327 1330 1347 mea
1342 1341 1350 1354 ,
1364 1320 1412 1347 sed
1427 1320 1486 1355 ejus
1501 1320 1548 1356 qui
1568 1319 1644 1347 misit
1659 1327 1713 1347 me.

917 1362 1020 1389 Deinde
1029 1367 1102 1390 utne
1109 1367 1204 1398 putent
1214 1364 1299 1399 quod,
1310 1364 1424 1392 missum
1433 1372 1503 1397 esse,
1515 1364 1713 1400 subjectionem

916 1407 1063 1441 signiﬁcet,
1079 1408 1143 1435 dicit
1159 1418 1165 1435 :
1191 1418 1205 1434 ιι
1221 1409 1300 1436 Pater
1315 1417 1394 1437 meus
1409 1417 1518 1437 mecum
1534 1413 1585 1437 est.
1612 1421 1625 1433 υ
1642 1410 1715 1437 Nam

916 1452 1042 1487 quamvis
1058 1453 1166 1480 miserit
1180 1461 1225 1481 me
1240 1458 1270 1481 ut
1284 1453 1441 1486 hominem.
1455 1462 1510 1481 non
1524 1458 1619 1481 tamen
1635 1461 1713 1489 sepa-

916 1500 991 1524 ratus
1009 1505 1072 1524 sum
1085 1497 1119 1524 ab
1141 1506 1184 1528 eo.
1209 1498 1257 1526 sed
1273 1506 1371 1526 mecun
1387 1499 1432 1526 ille
1446 1503 1499 1533 est,
1515 1503 1545 1526 ut
1561 1500 1634 1526 Deus
1648 1506 1713 1526 cum

918 1541 986 1568 Deo.
1004 1542 1036 1568 Et
1051 1541 1150 1570 iterum
1170 1542 1205 1570 ad
1221 1542 1370 1571 humiliora
1385 1551 1543 1571 sermonem
1559 1543 1713 1576 deducens,

917 1586 1006 1621 inquit
1021 1596 1027 1613 :
1046 1597 1058 1610 α
1076 1588 1110 1614 Εῑ
1122 1595 1174 1614 non
1189 1587 1291 1615 dimisit
1303 1596 1345 1615 me
1361 1588 1462 1621 solum,
1477 1588 1539 1624 quia
1548 1596 1600 1624 ego
1613 1589 1712 1624 placita

917 1629 954 1657 illi
983 1630 1060 1658 facio.
1087 1641 1101 1655 n
1126 1632 1239 1667 Propter
1260 1632 1375 1660 Judaaos
1398 1638 1490 1660 autem
1517 1637 1575 1660 tam
1599 1633 1714 1660 humilia

915 1674 996 1702 verba
1012 1675 1142 1710 loquitur.
1155 1677 1224 1710 Quia
1239 1678 1313 1704 enim
1326 1677 1366 1704 illi
1380 1677 1508 1705 dicebant
1520 1677 1594 1713 quod
1610 1685 1666 1705 non
1677 1678 1715 1704 sit

916 1727 948 1746 ex
964 1721 1031 1752 Deo,
1054 1720 1116 1755 quia
1132 1721 1282 1748 Sabbatum
1297 1729 1351 1748 non
1374 1726 1463 1750 servat
1477 1733 1483 1750 :
1500 1722 1577 1754 dicit,
1607 1732 1621 1748 α
1643 1722 1714 1757 Quia

916 1771 978 1799 quae
1003 1763 1169 1800 beneplacita
1184 1770 1250 1793 sunt
1273 1766 1323 1799 illi,
1340 1765 1421 1799 facio;
1440 1778 1452 1790 π
1479 1771 1507 1794 et
1528 1767 1570 1794 ita
1590 1766 1715 1802 quamvis

915 1807 1067 1836 Sabbatum
1091 1810 1205 1842 solvam,
1230 1810 1358 1845 placitum
1389 1811 1442 1838 hoc
1465 1811 1503 1838 illi
1525 1815 1575 1838 est.
1603 1812 1642 1838 Ex
1671 1811 1714 1838 his

915 1857 1007 1880 autem
1030 1853 1180 1881 humilibus
1195 1855 1284 1882 verbis
1303 1855 1361 1890 ipse
1383 1855 1495 1891 quidem
1512 1856 1578 1883 nihil
1594 1856 1714 1883 nocebat

915 1904 973 1924 sua:
986 1897 1088 1932 gloriae,
1103 1898 1276 1926 auditoribus
1287 1903 1380 1926 autem
1398 1900 1544 1927 utilitatem
1557 1899 1690 1927 afferebat
1705 1921 1711 1927 .

915 1941 973 1969 imo
993 1946 1021 1969 et
1044 1942 1160 1977 gloriam
1176 1950 1255 1971 suam
1279 1951 1329 1979 per
1343 1943 1401 1971 haec
1423 1943 1615 1972 constituebat.
1641 1945 1712 1972 Nam

914 1985 1057 2014 audientes
1068 1995 1132 2014 eum
1153 1988 1226 2023 quod
1241 1988 1335 2016 omnia
1349 1989 1376 2016 in
1393 1990 1501 2016 Patrem
1518 1988 1641 2022 referret.
1658 1988 1709 2016 ad-

912 2031 1077 2067 jiciebantur
1091 2036 1119 2059 et
1141 2032 1292 2060 credebant
1316 2033 1345 2061 in
1366 2033 1452 2061 illum.
1478 2034 1514 2061 Et
1535 2033 1572 2061 ita
1597 2033 1713 2061 humilia

914 2076 1003 2111 magis
1040 2076 1198 2105 exaltabant
1239 2077 1327 2105 illum.
1374 2077 1458 2106 Vides
1501 2086 1584 2114 opera
1626 2077 1713 2106 beatae

916 2119 1126 2149 humiliationis.
1165 2123 1201 2149 Et
1224 2123 1299 2158 quod
1324 2122 1384 2151 haec
1405 2123 1476 2151 sicse
1496 2122 1624 2157 habeant,
1648 2123 1712 2151 audi

914 2166 1066 2202 sequentia.

951 2309 1044 2337 Vens.
1056 2312 1153 2337 30-32.
1169 2321 1180 2333 α
1201 2311 1267 2338 Haec
1282 2310 1328 2338 illo
1343 2311 1484 2346 loquente,
1496 2311 1575 2339 multi
1589 2311 1713 2340 credide-

914 2358 979 2381 runt
991 2354 1018 2381 in
1032 2362 1104 2382 eum.
1123 2354 1238 2382 Dicebat
1253 2363 1317 2391 ergo
1329 2356 1410 2383 Jesus
1422 2356 1457 2384 ad
1471 2364 1519 2384 eos
1529 2357 1576 2393 qui
1591 2356 1712 2385 credide-

915 2399 1035 2434 rantipsi
1046 2399 1174 2427 Iudaeos:
1191 2400 1220 2427 Si
1230 2407 1277 2427 vos
1291 2400 1446 2428 manseritis
1460 2401 1486 2428 in
1501 2409 1629 2429 sermone
1639 2409 1712 2436 meo,

915 2451 977 2471 vere
1001 2443 1125 2479 discipuli
1147 2445 1200 2472 mei
1223 2445 1298 2478 estis,
1314 2450 1343 2473 et
1362 2446 1535 2481 cognoscetis
1558 2447 1713 2480 veritatem,

914 2491 943 2515 et
956 2489 1055 2516 veritas
1068 2489 1167 2516 liberos
1182 2489 1277 2517 reddet
1292 2498 1347 2518 vos.
1366 2502 1378 2514 ιι
1402 2491 1442 2518 Ut
1452 2490 1576 2519 dicebam
1596 2500 1645 2527 per
1664 2492 1714 2519 hu-

914 2532 990 2560 milia
1005 2533 1087 2560 verba
1102 2533 1187 2569 622
1204 2534 1294 2570 plures
1306 2535 1448 2562 advenisse
1469 2535 1620 2570 auditores,
1635 2536 1672 2564 ita
1687 2540 1715 2563 et

914 2577 1076 2613 evangelista
1091 2578 1235 2614 signiﬁcat.
1265 2590 1277 2603 ι
1295 2581 1362 2608 Haac
1377 2580 1461 2614 enim,
1487 2580 1587 2616 inquit,
1612 2580 1657 2607 illo
1673 2580 1714 2607 lo-

915 2626 1026 2658 quente,
1042 2623 1122 2651 multi
1137 2623 1321 2651 crediderunt.
1337 2634 1352 2650 ι)
1379 2625 1448 2652 Haec
1472 2625 1584 2653 humilia
1599 2624 1714 2652 scillicet

914 2666 1006 2702 verba,
1023 2671 1050 2694 et
1064 2667 1173 2702 indigna
1188 2669 1281 2704 gloria:
1297 2677 1354 2697 sua:
1369 2678 1376 2695 :
1391 2673 1418 2697 et
1433 2670 1469 2696 ita
1484 2677 1592 2704 semper
1602 2668 1713 2704 quando

914 2711 992 2738 audis
1005 2719 1069 2739 eum
1090 2720 1203 2747 parvum
1217 2713 1346 2749 quiddam
1367 2718 1395 2741 et
1409 2713 1512 2741 humile
1532 2714 1565 2741 de
1581 2721 1610 2740 se
1625 2713 1711 2748 loqui,

915 2763 949 2782 ne
962 2755 1090 2784 turberis.
1112 2757 1227 2792 Propter
1246 2758 1386 2785 auditores
1404 2758 1478 2784 enim
1498 2757 1563 2784 talia
1580 2757 1713 2792 loquitur,

915 2808 972 2827 non
991 2800 1108 2828 valentes
1122 2801 1267 2830 sublimius
1283 2801 1415 2838 quiddam
1430 2809 1540 2837 sapere.
1559 2801 1606 2830 sed
1618 2802 1714 2830 statim

916 2844 1085 2874 ferocientes.
1100 2846 1172 2881 Quid
1182 2851 1275 2875 autem
1287 2855 1342 2874 non
1352 2846 1486 2875 evenisset
1496 2847 1529 2875 iis
1543 2846 1589 2883 qui
1597 2847 1633 2875 ad
1647 2855 1715 2884 pro—
