1910 3077
195 176 229 202 23
701 171 955 199 THEOPHYLACTI
975 172 1154 200 BULGARIE
1173 172 1331 199 ARCHIEP.
1812 175 1847 202 24
1890 190 1891 195 η

193 236 359 265 funditatem
370 234 521 270 theologici
539 234 708 262 sacramenti
721 235 877 270 pertingere
888 234 989 270 nequi-

1055 234 1121 273 τερόν
1147 247 1174 264 τι
1196 237 1307 272 νοῆσαι,
1325 235 1384 264 ἄλλ’
1398 234 1471 268 εὐθὺς
1487 235 1680 275 ἀγριαίνοντας.
1698 236 1734 266 Τί
1748 236 1780 266 δὲ
1801 238 1849 266 οὐχ

195 281 307 314 vissent,
322 287 387 308 cum
404 283 433 306 et
446 279 606 306 christianis
621 279 753 306 virtutem
768 278 826 314 eius
840 286 991 314 agnoscen-

194 326 280 357 tibus,
295 329 322 352 et
341 332 390 360 per
405 323 496 358 ipsum
511 323 630 357 salvatis,
646 323 803 351 sublimitas
823 324 918 359 gloriae
933 323 993 359 ejus

194 367 417 405 impertingibilis
426 368 479 395 sit?
489 367 616 395 Audiens
627 372 719 396 autem
732 368 807 403 quod
817 368 896 395 multi
907 368 993 395 credi-

195 415 294 447 derint,
316 413 355 441 sic
374 412 504 448 intellige,
520 412 595 448 quod
611 412 756 448 vulgariter
776 412 951 445 crediderint,
966 416 994 440 et

196 467 254 487 non
277 462 308 485 ut
334 457 490 492 oportebat,
514 457 560 485 sed
581 457 653 485 sicut
674 461 702 484 et
716 457 814 492 placati
832 461 860 485 et
876 457 993 485 demulsi

196 503 344 531 verborum
366 502 523 530 humilitate
547 512 553 530 :
572 501 646 538 quod
659 506 751 530 autem
763 502 832 530 tales
846 510 902 530 non
915 506 994 530 erant

195 556 258 576 vere
271 548 373 580 ﬁdeles,
384 547 566 577 manifestum
576 551 626 575 est.
643 558 656 571 ω
668 547 782 574 Dicebat
794 547 878 581 enim,
889 547 991 582 inquit,

196 593 231 621 ad
243 601 291 621 eos
308 594 354 629 qui
370 592 543 622 crediderant
557 591 670 620 Iudaeos
693 601 699 619 :
717 591 744 619 Si
767 599 814 619 vos
837 592 995 620 manseritis

195 638 360 666 in'sermone
373 646 448 666 meo.
467 649 479 660 ιδ
493 636 633 672 Signiﬁcat
645 636 718 664 enim
729 644 776 664 eos
790 637 995 672 superﬁcialiter

196 683 345 716 creddisse,
370 687 397 711 et
418 686 562 718 propterea
583 689 639 708 non
660 689 854 716 permansuros
878 681 907 708 in
930 681 992 709 ﬁde.

196 728 257 755 Hac
272 735 380 763 quoque
403 725 613 762 reprehensione
628 725 729 753 indicat
743 733 772 752 se
785 733 867 753 nosse
882 725 995 754 illorum

196 776 317 807 pectora,
341 777 368 800 et
381 771 455 808 quod
469 771 504 799 sit
525 772 608 798 Deus.
634 771 705 806 Quia
725 774 817 798 autem
832 774 859 797 et
873 778 994 798 recesse-

196 821 259 844 rant
283 816 398 852 quidam
421 815 467 852 qui
492 815 566 851 prius
590 814 755 850 putabantur
781 814 908 850 discipuli
936 815 996 850 ejus

197 868 268 895 esse,
290 861 350 889 ideo
362 860 397 889 ad
412 868 460 888 eos
481 861 527 895 qui
541 867 615 887 nunc
629 859 818 892 crediderunt,
834 859 902 887 dicit
921 859 995 895 quod

1046 279 1157 317 ἔμελλον
1180 282 1258 309 τοῦτο
1275 279 1406 319 πάσχειν,
1431 279 1468 317 μὴ
1492 280 1631 318 δυνάμενοι
1657 282 1692 314 εἰς
1714 281 1743 310 τὸ
1763 281 1849 321 βάθος

1045 327 1090 354 τοῦ
1107 325 1256 362 θεολογικοῦ
1280 325 1426 364 μυστηρίου
1447 324 1561 364 φθάσαι,
1576 325 1642 354 ὅπου
1658 337 1687 363 γε
1704 326 1749 355 καὶ
1770 327 1847 366 Χρι-

1046 372 1158 402 στιανοῖς
1174 368 1221 404 τὴν
1243 370 1322 398 αὐτοῦ
1347 369 1457 407 δύναμιν
1473 369 1617 408 ἐγνωκόσι,
1636 370 1680 399 καὶ
1697 371 1729 399 δι’
1752 372 1846 400 αὐτοῦ

1046 416 1162 450 σωθεῖσι,
1177 415 1206 443 τὸ
1220 413 1284 454 ὕψος
1297 417 1341 449 τῆς
1364 415 1442 443 αὐτοῦ
1457 414 1531 450 δόξης
1553 415 1692 455 ἀνέφικτον
1712 417 1846 456 ἓγένετος
1890 422 1891 436 ³

1045 458 1158 489 Ἀκούων
1175 459 1202 488 δὲ
1214 481 1222 494 ,
1243 460 1284 488 ὅτι
1307 471 1322 486 α
1339 460 1437 488 Πολλοὶ
1453 460 1628 497 ἐπίστευσαν,
1647 473 1660 488 ι)
1681 461 1749 490 οὕτω
1767 462 1845 497 νόει,

1045 504 1153 536 τούτους
1168 503 1377 540 πιστεύσαντας,
1392 503 1486 545 [οὐχ]
1500 505 1591 538 ἁπλῶς
1604 527 1611 541 ,
1628 507 1673 535 καὶ
1690 509 1724 539 ὡς
1739 506 1848 546 ἔτυχεν,

1045 550 1096 588 οὐχ
1105 551 1140 582 ὡς
1156 550 1251 589 ἐχρῆν,
1275 549 1333 577 ἀλλ’
1350 549 1463 588 ὡσπερεὶ
1480 550 1637 587 ἀρεσθέντας
1657 551 1701 579 καὶ
1718 552 1847 580 ἀναπαυ-
1890 569 1891 575 η

1047 593 1174 631 σαμένους
1191 594 1235 623 ἰπὶ
1250 596 1282 632 τῇ
1296 595 1347 622 τῶν
1362 593 1446 633 λόγων
1470 595 1652 630 ταπεινότητι.
1669 594 1737 625 Ὅτι
1753 594 1785 624 δὲ
1801 597 1848 625 οὐκ

1046 635 1115 674 ἦσαν
1130 641 1243 668 τοιοῦτοι
1255 639 1355 675 πιστοὶ,
1372 638 1488 678 ἀκριϐεῖς
1498 639 1618 675 δηλαδὴ,
1633 641 1723 676 δῆλον,
1738 653 1751 666 α
1765 639 1849 669 Ἐλε-

1046 695 1075 722 γε
1101 683 1169 722 γὰρ,
1188 684 1270 721 φησὶ,
1287 684 1351 722 πρὸς
1369 683 1427 716 τοὺς
1452 684 1663 718 πεπιστευκότας
1679 685 1846 717 Ἰουδαίους·

1047 728 1112 758 Ἐὰν
1125 729 1197 766 ὑμεῖς
1213 728 1318 766 μείνητε
1333 729 1359 757 ἐν
1375 730 1412 767 τῷ
1428 728 1497 768 λόγῳ
1514 731 1552 767 τῷ
1573 730 1644 769 ἐμῷ.
1663 743 1674 755 ιι
1692 730 1848 760 Αἰνίττεται

1047 772 1098 812 γὰρ
1123 772 1216 806 αὐτοὺς
1240 773 1432 806 πιστεύσαντας
1457 773 1522 810 μὲν,
1548 774 1708 807 ἐπιπολαίως
1734 774 1783 811 δὲ,
1801 775 1849 804 καὶ

1049 817 1092 847 διὰ
1107 820 1184 846 τοῦτο
1206 817 1274 855 μηδὲ
1295 821 1514 856 παραμενοῦντας
1533 819 1558 846 ἐν
1625 818 1726 849 πίστει.
1749 819 1848 856 Ἐλέγ-

1050 874 1105 901 χων
1125 861 1152 890 δὲ
1177 861 1270 895 αὐτοὺς
1295 861 1376 894 οὕτως
1399 861 1530 901 ἔχοντας,
1562 863 1710 899 δείκνυσιν,
1730 865 1767 896 ὡς
1795 859 1848 892 οἶδε

197 906 239 933 Illi
249 906 360 941 quidem
372 908 550 938 recesserunt,
564 903 585 931 si
598 907 690 932 autem
702 911 750 931 vos
760 903 892 932 maneatis
904 904 932 931 in
943 911 997 931 ser-

1055 907 1096 940 τὰς
1119 906 1228 946 καρδίας
1254 908 1355 942 αὐτῶν,
1381 906 1426 935 καὶ
1450 906 1518 939 Θεός
1541 908 1622 937 ἐστιν.
1644 907 1722 937 Ἐπεὶ
1749 907 1778 937 δὲ
1803 909 1848 937 καί

196 958 280 978 mone
292 955 319 978 et
331 950 393 983 ﬁde,
409 949 562 985 agnoscetis
572 949 723 981 veritatem,
736 948 788 976 hoc
800 953 850 982 est,
868 950 921 976 Me.
939 950 994 984 Ego

195 995 271 1022 enim
283 1002 345 1022 sum
360 994 468 1022 veritas.
485 993 571 1028 Quasi
586 993 678 1021 dicens
694 1003 700 1020 ε
717 994 796 1020 Nunc
811 992 920 1028 quidem
939 1001 994 1020 non

199 1039 349 1075 agnoscitis
363 1038 516 1066 veritatem.
533 1038 596 1065 Non
620 1037 695 1065 enim
707 1038 818 1071 veritas,
833 1037 881 1065 sed
898 1037 994 1065 umbra

196 1087 224 1111 et
235 1088 317 1120 typus
331 1087 398 1111 sunt
410 1082 502 1110 omnia
517 1089 578 1118 qua:
590 1090 638 1109 vos
653 1082 680 1109 in
696 1082 752 1118 lege
768 1086 858 1109 tenere
873 1082 993 1109 creditis.

197 1130 235 1157 At
246 1129 267 1156 si
278 1136 323 1156 me
333 1127 490 1164 agnoscitis,
500 1127 547 1163 qui
556 1135 619 1155 sum
627 1126 739 1159 veritas,
753 1138 765 1150 ει
778 1127 885 1154 Veritas
894 1127 996 1154 liberos

197 1181 245 1201 vos
266 1173 371 1207 reddet,
388 1184 401 1197 υ
418 1172 470 1200 hoc
491 1176 544 1205 est,
562 1173 631 1207 Ego,
647 1180 662 1199 a
678 1171 798 1206 peccatis
813 1172 926 1199 scilicet.
941 1171 995 1206 Qui

197 1217 271 1246 enim
286 1218 375 1245 credit
390 1217 417 1244 in
430 1224 494 1244 eum
507 1216 552 1252 qui
567 1216 636 1244 tollit
659 1221 800 1252 peccatum
813 1216 920 1249 mundi,
935 1224 994 1244 om-

198 1263 263 1291 nino
276 1262 404 1290 libcratus
419 1266 459 1289 est
474 1269 489 1289 a
500 1265 622 1297 peccato.
639 1261 715 1289 Sicut
732 1261 813 1297 igitur
826 1261 869 1288 his
881 1262 928 1296 qui
940 1269 995 1288 non

198 1308 326 1341 credunt,
341 1306 410 1335 dixit
436 1315 443 1334 :
462 1317 474 1330 ιι
498 1307 530 1333 1n
544 1306 661 1341 peccatis
686 1306 783 1334 vestris
797 1305 963 1338 moriemini,
980 1317 993 1329 ιν

199 1352 237 1380 ita
252 1352 293 1379 his
311 1351 357 1387 qui
378 1355 490 1379 manent
513 1351 541 1377 in
555 1349 619 1384 ﬁde,
643 1350 781 1385 promittit
806 1351 959 1378 libertatem
981 1358 995 1377 a

198 1396 325 1432 pecmtis.
343 1398 415 1423 Nam
435 1394 532 1430 legales
546 1394 657 1429 quidem
673 1395 844 1430 aspersiones
865 1398 894 1422 et
913 1394 995 1421 sacri-

199 1441 261 1468 ﬁcia
277 1448 334 1467 non
349 1440 464 1467 liberant
483 1447 498 1467 a
513 1439 632 1474 peccatis
655 1448 660 1466 :
676 1439 763 1474 ﬁgura
785 1439 857 1467 enim
874 1438 994 1466 fuerunt.

198 1485 347 1521 Spirituale
362 1489 454 1512 autem
475 1487 502 1511 et
525 1491 622 1511 verum
636 1483 798 1511 sacriﬁcium
813 1491 860 1519 per
872 1483 955 1510 ﬁdem
969 1488 997 1511 et

199 1529 368 1565 agnitionem
385 1529 481 1556 liberat
496 1536 558 1561 nos,
573 1528 618 1563 qui
641 1528 709 1555 ultra
728 1528 800 1556 servi
819 1536 876 1556 non
889 1535 995 1562 sumus,

199 1574 248 1602 sed
261 1574 306 1602 ﬁlii
323 1574 371 1601 Dei
386 1573 532 1602 efﬁcimur.

1049 963 1115 984 τινες
1141 951 1330 990 ἀνεχώρησαν,
1347 950 1438 990 πρώην
1463 952 1599 985 δοκοῦντες
1626 954 1707 981 αὐτοῦ
1725 953 1848 990 μαθηταὶ

1048 992 1115 1025 εἶναι
1126 1018 1133 1030 ,
1150 996 1192 1025 διὰ
1209 998 1286 1025 τοῦτο
1304 995 1370 1035 πρὸς
1392 995 1451 1030 τοὺς
1473 998 1517 1024 νῦν
1531 997 1726 1030 πιστεύσαντας
1743 1009 1845 1037 φησιν,

1047 1041 1087 1070 ὅτι
1104 1040 1220 1070 Ἰὶκεῖνοι
1236 1040 1283 1079 μὲν
1309 1040 1504 1079 ἀνεχώρησαν,
1522 1040 1567 1069 ἐὰν
1585 1041 1611 1070 δὲ
1633 1042 1707 1079 ίιμεῖς
1732 1042 1847 1079 μείνητε

1049 1087 1074 1114 ἔν
1089 1087 1125 1124 τῷ
1147 1085 1215 1125 λόγῳ
1229 1087 1266 1125 τῷ
1285 1086 1342 1124 ἐμῷ
1355 1085 1400 1113 καὶ
1421 1087 1453 1124 τῇ
1472 1085 1579 1120 πίστει,
1598 1085 1777 1124 ἐπιγνώσεσθε
1796 1086 1846 1121 τὴν

1048 1131 1183 1166 ἀλήθειαν·
1201 1129 1354 1165 τουτέστιν,
1373 1129 1451 1167 Ἐμέ
1476 1129 1528 1167 ἐγὼ
1545 1131 1594 1170 γάρ
1614 1133 1667 1168 εἰμι
1685 1133 1701 1166 ἡ
1719 1131 1846 1166 ἀλήθεια.

1049 1174 1099 1207 Ὡς
1123 1177 1169 1203 ν’ὖν
1186 1186 1215 1213 γε
1232 1176 1280 1203 οὐκ
1306 1173 1493 1212 ἐπιγινώσκετε
1517 1174 1564 1209 τὴν
1591 1175 1727 1210 ἀλήθειαν
1747 1176 1778 1204 οὖ
1796 1176 1848 1215 γὰρ

1050 1220 1160 1254 ἀλήθεια
1175 1241 1183 1256 ,
1202 1217 1271 1247 ἀλλὰ
1285 1217 1364 1250 τύπος
1379 1219 1423 1247 καὶ
1440 1220 1502 1248 σκιὰ
1526 1219 1612 1248 πάντα
1629 1219 1663 1248 τὰ
1684 1222 1730 1249 τοῦ
1746 1219 1849 1258 νόμου,

1049 1263 1077 1293 ὃν
1093 1264 1167 1301 ὑμεῖς
1187 1263 1286 1291 δοκεῖτε
1311 1264 1408 1301 τηρεῖν.
1431 1262 1500 1292 Ἀλλ’
1522 1264 1567 1293 ἐὰν
1585 1264 1632 1300 ἐμὲ
1651 1265 1779 1303 ἐπιγνῶτε
1804 1265 1847 1294 τὸν

1049 1309 1135 1343 ἀληοῆ
1147 1307 1228 1342 ὄντα,
1245 1321 1254 1333 ιι
1274 1309 1290 1341 ἡ
1308 1307 1418 1342 ἀλήθεια
1437 1308 1611 1347 ἐλευθερώσει
1624 1310 1702 1346 ὑμᾶς·
1720 1321 1735 1336 η
1753 1312 1848 1338 τουτέ-

1051 1364 1123 1388 στιν,
1142 1351 1214 1390 Ἒγὼ
1239 1352 1340 1387 δηλαδὴ
1357 1353 1410 1380 ἀπὸ
1427 1354 1478 1380 τῶν
1495 1353 1642 1392 ἁμαρτιῶν,
1668 1353 1702 1382 Ὁ
1728 1354 1781 1393 γὰρ
1799 1366 1846 1383 πι-

1050 1396 1147 1426 στεύων
1164 1397 1199 1428 εἷς
1219 1395 1262 1424 τὸν
1288 1395 1395 1434 αἴροντα
1419 1395 1466 1431 τὴν
1493 1397 1625 1436 ἁμαρτίαν
1648 1401 1692 1426 τοῦ
1718 1398 1846 1436 κόσμου,

1050 1440 1156 1473 πάντως
1171 1440 1344 1476 ἀπήλλακται
1359 1441 1410 1468 τῶν
1434 1441 1583 1481 ἁμαρτιῶν.
1609 1441 1715 1481 Ὥσπερ
1731 1437 1776 1471 οὖν
1795 1447 1850 1475 τοῖς

1051 1486 1210 1514 ἀπιστοῦσιν
1236 1480 1308 1514 εἶπεν
1340 1484 1381 1514 ὅτι
1412 1485 1485 1514 αἘν
1515 1487 1572 1518 ταῖς
1599 1487 1742 1525 ἁμαρτίαις
1772 1489 1849 1525 ὑμῶν

1051 1531 1244 1566 ἀποθανεῖσθε,
1263 1542 1276 1557 »
1290 1529 1360 1558 οὕτω
1375 1534 1429 1563 τοῖς
1441 1533 1640 1570 παραμενοῦσιν
1655 1534 1680 1561 ἐν
1697 1534 1729 1571 τῇ
1746 1533 1848 1567 πίστει,

1013 1575 1036 1607 C
1051 1573 1242 1613 ἐπαγγέλλεται
1259 1573 1306 1609 τὴν
1321 1574 1470 1613 ἐλευθερίαν
1490 1577 1541 1604 τῶν
1566 1576 1720 1614 ἁμαρτιῶν.
1744 1577 1782 1606 Αἱ
1802 1576 1849 1614 μὲν

199 1619 251 1659 γὰρ
276 1618 385 1657 νομικαὶ
407 1619 515 1656 θυσίαι,
538 1617 584 1647 καὶ
605 1618 628 1646 οἱ
660 1616 816 1657 ῥαντισμοὶ,
844 1617 892 1646 οὖκ
920 1616 1091 1652 ἀπήλλαττον
1121 1619 1266 1658 ἁμαρτιῶν·
1289 1619 1367 1648 τύποι
1392 1618 1443 1658 γὰρ
1466 1615 1545 1655 ἦσαν,
1573 1619 1605 1649 Ἠ
1628 1620 1654 1648 δὲ
1680 1621 1848 1658 πνευματική

199 1663 275 1693 θυσία
298 1663 365 1699 αὕτη
386 1663 432 1693 καὶ
454 1661 567 1698 ἀληθινὴ
597 1661 640 1691 διὰ
665 1664 711 1697 τῆς
732 1661 845 1695 πίστεως
870 1662 916 1690 καὶ
940 1662 1106 1702 ἐπιγνώσεως
1131 1664 1277 1703 ἐλευθεροῖ,
1307 1665 1354 1692 οὐκ
1375 1664 1414 1692 ἔτι
1439 1665 1545 1697 δούλους
1568 1667 1641 1702 ἡμᾶς
1667 1665 1761 1703 ὄντας,
1789 1666 1847 1694 ἀλλ’

199 1708 269 1742 υἱοὺς
286 1707 436 1747 γινομένους
455 1709 536 1738 Θεοῦ.

235 1759 321 1785 VEns.
338 1759 429 1785 33-36.
446 1768 458 1780 ιι
469 1754 682 1792 Respondentes
693 1755 820 1783 dixerunt
836 1755 860 1782 ei
878 1756 998 1783 :Semen

199 1801 318 1830 Abraha:
328 1809 436 1835 sumus,
450 1808 540 1837 neque
552 1800 680 1836 cuiquam
690 1799 855 1827 servivimus
865 1807 997 1836 unquam;

201 1846 341 1882 quomodo
356 1848 389 1874 tu
412 1845 481 1874 dicis
505 1854 511 1871 :
540 1844 633 1873 Liberi
653 1844 822 1872 reddeinini?
846 1844 999 1879 Respondit

201 1891 242 1918 eis
256 1892 336 1918 Jesus
354 1899 361 1918 :
377 1892 478 1924 Amen,
490 1897 573 1918 amen
585 1889 645 1917 dico
660 1889 749 1923 vobis,
763 1889 838 1925 quod
850 1889 940 1916 omnis
954 1889 999 1924 qui

200 1935 269 1964 facit
293 1939 446 1971 peccatum,
470 1943 565 1963 servus
589 1939 631 1962 est
652 1934 766 1970 peccati.
788 1935 887 1962 Servus
908 1938 999 1961 autem

201 1988 258 2008 non
274 1984 368 2008 manet
382 1979 410 2006 in
430 1979 515 2007 domo
542 1979 571 2007 in
590 1983 737 2013 mternum;
755 1978 840 2005 Filius
855 1982 949 2006 manet
972 1978 999 2005 in

201 2029 347 2053 aeternum.
363 2024 392 2052 Si
408 2032 474 2060 ergo
488 2023 574 2052 Filius
589 2031 637 2050 vos
652 2023 753 2050 liberos
767 2022 926 2056 reddiderit,
937 2030 999 2050 vere

200 2070 279 2097 liberi
294 2070 370 2097 estis.
393 2081 406 2094 »
421 2070 525 2097 Iterum
538 2072 698 2104 arrogantes
709 2068 744 2095 ad
756 2067 906 2103 ignobilem
921 2075 998 2095 suam

1091 1767 1103 1780 σι
1120 1752 1327 1792 Ἀπεκρίθησαν,
1344 1753 1389 1782 καὶ
1406 1748 1478 1782 εἷπον
1491 1755 1575 1793 αὐτῷ·
1595 1753 1708 1793 Σπέρμα
1722 1753 1848 1794 Ἀϐραάμ

1053 1799 1151 1835 ἔσμεν,
1176 1797 1221 1827 καὶ
1250 1798 1334 1827 οὐδενὶ
1357 1798 1564 1835 δεδουλεύκαμεν
1587 1798 1707 1827 πώποτε·
1731 1801 1791 1832 πῶς
1819 1799 1847 1827 σὺ

1052 1842 1147 1880 λέγεις,
1166 1841 1206 1871 ὅτι
1230 1842 1381 1882 Ἰἰλεύοεροι
1403 1842 1558 1880 γενήσεσϐες
1580 1842 1725 1883 Ἀπεκρίοη
1759 1844 1848 1875 αὐτοῖς

1053 1889 1066 1916 ὃ
1081 1886 1192 1922 Ἰησοῦς·
1209 1887 1302 1924 Ἀμὴν,
1329 1888 1402 1923 ἀμὴν
1420 1887 1490 1926 λέγω
1509 1889 1571 1923 ὑμῖν
1582 1909 1589 1922 ,
1613 1887 1652 1916 ὅτι
1668 1893 1720 1920 πᾶς
1737 1889 1751 1916 ὁ
1763 1890 1847 1917 ποιῶν

1053 1931 1099 1967 τὴν
1115 1932 1258 1971 ἁμαρτίαν,
1273 1931 1363 1964 δοῦλός
1379 1933 1436 1960 ἐστι
1451 1934 1496 1965 τῆς
1521 1931 1662 1971 ἁμαρτίας·
1684 1932 1717 1961 ’0
1735 1932 1762 1961 δὲ
1784 1933 1845 1961 δοῦ-

1054 1978 1097 2008 λος
1116 1977 1144 2005 οὖ
1163 1977 1237 2014 μένει
1253 1978 1278 2005 ἐν
1292 1979 1324 2014 τῇ
1340 1975 1410 2015 οἰκία
1426 1977 1460 2007 εἰς
1481 1976 1524 2004 τὸν
1542 1978 1638 2004 αἱῶα’
1658 1979 1671 2006 ὁ
1687 1978 1749 2009 Υἱὸς
1769 1977 1844 2015 μένει

1053 2021 1088 2053 εἷς
1100 2020 1143 2049 τὸν
1164 2022 1258 2049 αἰῶνα.
1278 2020 1342 2050 Ἐὰν
1358 2016 1402 2049 οὖν
1417 2022 1431 2048 ὁ
1445 2021 1506 2053 Υἱὸς
1518 2023 1585 2059 ὑμᾶς
1602 2021 1782 2060 ἐλευθερώσῃ,
1799 2021 1843 2050 ὄν-

1054 2077 1105 2098 τως
1124 2065 1254 2104 ἐλεύθεροί
1275 2066 1345 2094 ἐστε.
1365 2078 1377 2090 ιδ
1403 2065 1488 2094 Πάλιν
1511 2067 1534 2094 οἱ
1558 2066 1680 2100 ἀλαζόνες
1706 2065 1771 2104 πρὸς
1799 2065 1845 2100 τὴν

200 2114 370 2142 nobilitatem
398 2113 574 2149 respicientes
612 2113 799 2145 insolescunt,
839 2112 960 2140 dicentes
991 2122 997 2139 :

1057 2109 1146 2143 ἄδοξον
1184 2111 1269 2138 αὐτῶν
1300 2108 1431 2148 εὐγένειαν
1465 2110 1635 2149 ἀφορῶντες,
1660 2109 1844 2149 ἀγριαίνουσι,

202 2170 215 2184 ‹‹
227 2160 326 2187 Semen
341 2158 458 2186 Abrahae
468 2165 576 2192 sumus,
590 2169 603 2182 υ
616 2157 742 2193 quamvis
755 2157 788 2184 de
800 2156 851 2184 alio
864 2156 998 2192 indignari

200 2203 347 2237 debebant,
358 2203 495 2239 siquidem
504 2210 550 2230 eos
566 2201 702 2237 indignari
715 2201 870 2237 oportebat.
887 2202 999 2228 Dixerat

200 2249 275 2276 enim
285 2249 323 2276 eis
335 2257 341 2275 :
353 2259 366 2272 ιι
378 2248 531 2276 Veritatem
541 2247 648 2280 scietis;
661 2258 673 2270 ιο
684 2251 848 2282 quapropter
855 2245 999 2281 oportebat

200 2293 302 2327 dicere,
327 2292 400 2328 Quid
427 2292 529 2328 igitur?
556 2291 698 2319 veritatem
725 2299 797 2318 nunc
824 2291 998 2326 ignoramus?

199 2338 284 2373 623
315 2337 526 2365 mendaciumne
546 2340 610 2364 sunt
631 2336 723 2364 omnia
746 2343 807 2371 quae
834 2335 863 2362 in
886 2335 946 2371 lege
972 2339 1000 2363 et

198 2382 319 2419 cognitio
344 2385 456 2410 nostra?
483 2381 534 2409 Sed
561 2381 628 2408 nihil
645 2381 745 2409 horum
771 2380 811 2408 eis
832 2388 905 2408 curae
928 2385 997 2415 erat,

198 2428 249 2456 sed
282 2427 491 2463 suspicabantur
525 2425 686 2462 opprobrari
714 2425 765 2453 sibi
791 2425 947 2452 servitutem
972 2429 999 2453 et

198 2472 399 2508 ignobilitatem
431 2472 460 2500 in
501 2470 648 2499 mundanis
680 2470 807 2507 negotiis.
852 2481 864 2494 -
899 2471 997 2498 Semen

197 2517 317 2545 Abrahae
330 2524 435 2545 sumus.
461 2525 476 2542 ν
493 2516 636 2552 Nusquam
653 2523 789 2543 memores
803 2519 868 2543 sunt
883 2523 997 2543 suorum

195 2569 323 2598 operum,
346 2561 394 2588 sed
408 2561 444 2589 ad
458 2565 550 2596 patres
572 2564 726 2588 recurrunt.
744 2559 810 2588 Ideo
825 2564 852 2587 et
877 2560 997 2587 Joannes

195 2606 230 2634 ad
244 2614 291 2634 eos
306 2605 374 2632 dixit
389 2614 396 2633 :
419 2617 431 2629 ιι
460 2606 500 2633 Ne
513 2604 652 2640 coeperitis
667 2604 767 2638 dicere,
786 2606 896 2632 Patrem
912 2604 996 2632 habe-

196 2658 259 2678 mus
273 2650 413 2678 Abraham
427 2650 457 2677 ¹².
477 2661 490 2674 ι
504 2651 635 2686 Quamvis
650 2649 793 2677 manifeste
808 2649 916 2677 mentiti
930 2649 994 2683 sint,

196 2695 319 2723 dicentes
345 2703 383 2721 τα
411 2694 482 2722 Nulli
508 2695 684 2729 servivimus;
707 2706 720 2719 ι
739 2694 896 2722 servierunt
909 2694 994 2722 enim.

193 2739 301 2775 quoties
314 2738 343 2766 in
365 2740 551 2776 captivitatem
572 2739 646 2768 ducti
663 2743 737 2773 sunt,
764 2743 793 2767 et
806 2739 952 2776 Egyptiis,
969 2743 995 2767 et

232 2815 253 2831 ¹²
267 2814 364 2843 Matth.
377 2823 425 2851 Ill,
442 2819 469 2844 9.

1056 2165 1070 2180 α
1089 2154 1202 2194 Σπέρμα
1221 2154 1341 2194 Ἀϐραάμ
1357 2155 1454 2192 ἐσμεν,
1471 2166 1484 2183 »
1502 2154 1633 2193 λέγοντες.
1653 2154 1749 2184 Καίτοι
1766 2156 1845 2194 ἐχρῆν

1053 2197 1147 2232 αὐτοὺς
1171 2198 1212 2228 ἐπ’
1235 2199 1307 2238 ἄλλῳ
1333 2200 1535 2237 ἀγανακτῆσαι,
1564 2199 1588 2227 εἴ
1609 2211 1638 2237 γε
1670 2199 1721 2229 ἔδει
1747 2201 1846 2238 ἀγανα-

1053 2247 1133 2274 κτεῖν.
1153 2243 1220 2273 Εἶπε
1236 2245 1286 2283 γὰρ
1310 2245 1418 2281 αὐτοῖς,
1437 2243 1476 2272 ὅτι
1498 2259 1506 2268 ιι
1528 2243 1586 2279 Τὴν
1603 2244 1731 2280 ἀλήθειαν
1746 2243 1846 2281 γνώσε-

1053 2291 1109 2319 σθε.
1125 2302 1134 2314 η
1153 2288 1253 2328 Ἐχρῆν
1270 2284 1314 2318 οὖν
1339 2290 1430 2318 εἰπεῖν·
1455 2288 1491 2318 Τί
1512 2289 1559 2324 ὂέ;
1586 2292 1629 2317 ν’ὖν
1652 2289 1700 2324 τὴν
1720 2289 1844 2324 ἀλήθειαν

1053 2335 1098 2362 οὐκ
1114 2333 1188 2371 ἴσμεν
1199 2357 1205 2368 ,
1226 2334 1295 2362 ἀλλὰ
1308 2335 1401 2373 ψεῦδος
1417 2333 1522 2362 ἅπαντα
1539 2333 1572 2362 τὰ
1590 2336 1634 2362 τοῦ
1650 2334 1749 2371 νόμου,
1770 2333 1815 2362 καὶ
1830 2334 1844 2367 ἡ

1052 2379 1148 2416 γνῶσις
1176 2380 1192 2413 ἡ
1224 2378 1359 2417 ἡμετέρας
1394 2378 1464 2407 Ἀλλ’
1497 2378 1599 2410 οὐδενὸς
1628 2377 1728 2406 τούτων
1759 2377 1844 2409 αὐτοῖς

1053 2422 1147 2460 ἔμελεν
1160 2445 1168 2459 ,
1183 2423 1240 2451 ἀλλ’
1257 2422 1300 2452 ἐπὶ
1317 2426 1452 2460 κοσμικοῐς
1469 2423 1624 2461 πράγμασιν
1647 2423 1756 2460 ἀλγοῦσι
1767 2445 1775 2457 ,
1793 2423 1846 2451 δου-

1052 2467 1124 2496 λείαν
1142 2468 1316 2503 ὀνειδισϐῆναι
1339 2466 1463 2502 τοιαύτην
1487 2466 1533 2495 καὶ
1559 2467 1709 2504 δυσγένειαν
1744 2468 1843 2496 ὑπολα-

1052 2511 1151 2545 ϐόντες·
1168 2524 1183 2540 α
1200 2513 1315 2552 Σπέρμα
1332 2511 1453 2550 Ἀϐραάμ
1469 2512 1559 2549 ἐσμεν.
1572 2525 1582 2536 ιι
1598 2512 1726 2548 Οὐδαμοῢ
1738 2513 1790 2540 τῶν
1803 2512 1837 2539 οἷ-

1052 2556 1128 2586 κείων
1162 2556 1377 2596 κατορθωμάτων
1405 2555 1571 2594 μέμνηνται,
1608 2557 1668 2585 ἀλλ’
1705 2555 1749 2585 ἐπὶ
1786 2555 1843 2586 τοὺς

1052 2601 1168 2641 πατέρας
1211 2600 1395 2640 ἀνατρέχουσι·
1430 2601 1469 2630 διὸ
1507 2600 1552 2628 καὶ
1583 2602 1596 2629 ὁ
1631 2600 1754 2635 Ἰωάννης
1784 2599 1845 2638 πρὸς

1053 2647 1156 2679 αὐτούς·
1174 2658 1189 2673 ε
1207 2647 1253 2681 Μὴ
1270 2645 1396 2684 ἄρξησθε,
1412 2645 1495 2685 φησὶ,
1512 2645 1607 2683 λέγειν·
1624 2644 1733 2685 Πατέρα
1747 2644 1841 2684 ἔχομεν

1051 2690 1093 2720 τὸν
1111 2691 1243 2729 Ἁϐραάμ.
1263 2704 1274 2716 υ
1298 2690 1390 2719 Καίτοι
1412 2691 1552 2729 προρανῶς
1575 2690 1729 2729 ἐψεύδοντο,
1753 2689 1841 2728 λέγον·

1048 2747 1091 2768 τες
1122 2735 1206 2764 οὐδενὶ
1241 2734 1449 2764 δεδουλευκέναι.
1490 2734 1669 2764 Ἐδούλευσαν
1700 2733 1751 2773 γὰρ
1776 2732 1840 2762 ὁσά-

1889 1234 1891 1291 4

1889 1309 1891 1376 l

1889 1455 1891 1525 l

1889 1677 1891 1744 l

1890 1829 1891 1887 l
