1910 3077
81 189 116 215 25

81 262 122 284 κις
137 248 402 290 ᾐχμαλωτίσθησαν,
421 247 593 285 Αἰγυπτίοις,
615 249 660 276 xui
679 245 876 283 Βαϐυλωνίοις,
893 247 919 279 Α
933 253 1099 290 Βαιηιοιιίίε,
1120 256 1148 280 ει
1173 252 1221 280 alis
1245 251 1337 279 multis

81 295 126 324 xui
141 294 240 334 ἑτέροις
252 294 368 326 πολλοῖς.
399 293 458 322 Οὖκ
474 292 578 331 ἐλέγχει
593 291 620 320 δὲ
638 294 652 320 6
669 292 765 330 Κύριος
783 290 877 324 αὐτοὺς

81 339 272 380 ψευδομένους,
288 338 346 367 ἐπεὶ
367 337 404 375 μὴ
424 337 584 371 ἐσπούδαζεν
605 335 699 368 αὐτοὺς
714 336 796 370 δεῖξαι
816 335 877 365 δού-

81 387 141 418 λους
158 383 318 423 ἀνθρώπων,
339 383 406 411 ἀλλὰ
430 382 580 422 ἁμαρτίας,
601 381 658 416 ἥτις
678 381 723 409 καὶ
745 382 877 420 χαλεπω-

80 429 149 465 τάτη
173 428 277 458 δουλεία
291 428 362 457 ἐστὶν
372 450 380 466 ,
396 423 427 463 ἧς
441 427 518 465 μόνος
532 427 600 459 Θεὸς
615 425 768 459 ἀπαλλάξαι
790 425 876 454 δύνα-

79 486 134 503 ται.
151 473 191 503 Τὸ
205 473 256 512 γὰρ
268 473 372 512 ἆφεῖναι
384 471 532 511 ἁμαρτίας,
547 472 619 500 Θεοῦ
635 471 726 508 μόνου.
743 470 790 500 Διό
803 481 877 510 φησι·

82 530 96 547 (ι
112 519 172 551 Πᾶς
186 519 200 546 6
216 519 299 547 ποιῶν
315 517 363 552 τὴν
380 517 514 555 ἁμαρτίαν
524 539 532 551 ,
550 516 640 548 δοῦλός
656 516 713 544 ἐστι
728 517 774 550 τῆς
786 515 878 553 ἁμαρ-

80 563 147 596 τίας·
164 577 175 589 u
193 563 236 591 καὶ
256 562 330 600 ὑμεῖς
349 557 392 591 οῦν
409 561 497 590 δοῦλοί
520 563 594 595 ἐστε,
616 561 681 589 καθὸ
706 559 875 599 ἁμαρτωλοί.

82 603 152 638 Εἶτα
168 607 226 637 ἐπεὶ
242 607 310 640 εἰκὸς
325 602 356 642 ἦν
369 606 484 638 ἐκείνους
496 607 578 634 εἰπεῖν
588 627 595 640 ,
610 604 648 634 ὅτι
662 606 696 635 ΙΞῖ
715 604 759 633 καὶ
770 604 878 644 τοιαύτῃ

82 653 190 692 δουλεία
202 651 373 689 ὑποκείμεθα,
393 651 462 680 ἀλλὰ
477 650 567 682 θυσίας
583 649 692 689 ἔχομεν,
706 650 765 679 ἀλλ’
781 650 857 688 ἱερεῖς
869 672 877 688 ,

82 696 108 726 οἳ
123 697 312 736 καθαρίσουσιν
335 699 407 734 ἡμᾶς
427 697 457 725 ἐκ
476 697 528 724 τῶν
552 695 701 733 ἁμαρτιῶν·
723 694 820 733 φησὶν,
838 693 878 723 ὅτι

83 742 141 772 Καὶ
155 743 246 771 ἐκεῖνοι
269 741 354 770 δοῦλοί
368 742 430 770 εἰσι·
455 754 466 766 «ι
492 740 592 772 Πάντες
608 739 659 778 γὰρ
674 739 794 779 ἥμαρτον
804 760 811 773 ,
833 738 879 767 xui

82 788 254 825 ὑστεροῦνται
269 787 314 820 τῆς
328 785 402 821 δόξης
418 787 464 814 τοῦ
480 786 561 814 Θεοῦ.
579 797 594 812 a
614 784 668 814 Καὶ
683 784 775 813 λοιπὸν
791 784 879 812 δοῦλοι

82 832 206 860 κάκεῖνοι
228 830 300 862 ὄντες
319 831 343 858 οἱ
359 831 436 869 ἱερεῖς
449 831 524 867 ὑμῶν
536 852 544 867 ,
569 830 616 858 οὒκ
635 828 740 868 ἔχουσιν
759 827 879 861 ἐξουσίαν

82 875 188 915 ἀφιέναι
205 875 293 907 ἄλλοις
305 874 446 913 ἁμαρτίας.
467 873 503 904 ⁸0
523 874 568 902 καὶ
584 874 659 906 αὐτὸς
675 876 688 903 6
707 874 814 906 Παῦλος
829 884 878 902 σα-

442 183 637 212 ENARRATIO
657 182 924 219 INjEVANGELIUM
943 181 1091 210 JOANNIS.
1115 196 1143 201 —
1166 181 1329 216 CAP.‘,\"lll.

1695 181 1729 207 26

1362 259 1369 278 :
1393 259 1450 279 non
1464 255 1554 279 autem
1575 251 1663 287 arguit
1683 259 1730 279 eos

932 298 1067 327 Dominus
1086 296 1242 330 mendaces,
1264 296 1327 332 quia
1353 303 1410 323 non
1432 295 1559 323 studebat
1584 296 1729 324 ostendere

931 351 1025 371 servos
1046 341 1201 376 hominum,
1216 340 1264 368 sed
1285 341 1398 376 peccati,
1411 347 1472 376 quae
1492 340 1599 375 gravior
1612 342 1729 368 servitus

931 391 984 421 est,
1003 395 1019 415 a
1040 395 1094 423 qua
1117 386 1193 414 solus
1210 387 1283 412 Deus
1308 385 1424 412 liberare
1449 388 1546 419 potest.
1578 385 1730 412 Remittere

932 432 1006 460 enim
1022 435 1143 468 peccata,
1163 430 1246 458 solius
1260 430 1311 458 Dei
1327 434 1379 458 est.
1403 429 1467 457 Ideo
1492 429 1561 456 dicit
1577 437 1585 457 :
1607 440 1618 453 ε
1633 430 1732 457 Omnis

931 477 980 513 qui
994 476 1058 504 facit
1081 480 1231 512 peccatum,
1255 483 1349 503 servus
1377 478 1416 502 est
1438 474 1556 509 peccati.
1585 485 1598 498 ι»
1624 475 1660 501 Et
1684 482 1732 502 vos

933 521 1015 557 igitur
1032 521 1100 548 servi
1119 520 1204 548 estis:
1229 520 1294 556 quia
1329 523 1496 555 peccatores.
1528 519 1644 554 Insuper
1667 518 1731 554 quia

932 566 1076 594 verisimile
1090 569 1149 593 erat
1163 565 1224 593 illos
1248 564 1339 592 dicere
1360 573 1366 590 :
1385 563 1519 599 Quamvis
1538 562 1583 590 tali
1609 563 1733 591 servituti

933 611 1044 638 obnoxii
1056 618 1166 641 sumus,
1180 609 1229 638 sed
1243 609 1375 637 sacriﬁcia
1390 608 1534 641 habemus,
1547 607 1595 635 sed
1606 607 1733 636 sacerdo-

933 660 983 688 tes,
1007 655 1052 691 qui
1076 655 1231 691 purgabant
1245 661 1297 682 nos
1313 662 1328 681 a
1356 654 1495 689 peccatis:
1520 652 1586 680 dicit
1608 652 1683 689 quod
1707 657 1734 680 et

933 701 970 728 illi
983 700 1052 728 servi
1069 700 1137 733 sint;
1155 711 1167 724 ι
1190 700 1294 727 Omnes
1319 699 1394 726 enim
1410 702 1600 733 peccaverunt,
1616 702 1645 725 et
1658 697 1734 733 Lindi-

932 749 995 781 gent
1014 745 1097 780 gloria
1122 745 1171 772 Dei
1186 745 1218 773 ¹³,
1232 756 1244 768 ια
1273 745 1306 772 Et
1329 743 1485 771 sacerdotes
1511 743 1592 770 vestri
1619 751 1685 770 cum
1704 746 1733 770 et

934 790 983 826 ipsi
998 790 1066 818 servi
1087 789 1153 820 sint,
1167 797 1221 817 non
1244 789 1347 816 habent
1373 791 1535 824 potestatem
1559 787 1617 814 aliis
1642 787 1734 814 dimit-

932 834 1010 862 tendi
1021 839 1142 870 peccata.
1155 833 1237 870 Quod
1246 837 1274 861 et
1285 834 1343 869 ipse
1352 832 1450 860 Paulus
1460 831 1634 859 manifestius
1647 831 1732 859 dicit:

934 891 946 904 ε
969 880 1045 915 Opus
1052 879 1134 907 habet
1145 879 1272 907 sacerdos
1285 886 1334 914 pro
1344 878 1433 913 seipso
1446 877 1557 910 offerre,
1570 877 1639 904 sicut
1651 876 1734 904 etiam

82 919 207 959 φέστερόν
228 930 322 958 φησιν,
340 920 380 948 ὅτι
393 932 406 946 ι
431 918 549 958 Ὀφείλει
568 920 582 947 6
603 917 688 957 ἱερεὺς
704 917 768 957 ὑπὲρ
783 919 863 946 ἑαυτο

970 933 984 952 n
1000 925 1110 960 populo,
1121 924 1183 960 quia
1199 928 1227 951 et
1237 924 1297 959 ipse
1309 922 1461 950 inﬁrmitati
1473 922 1608 949 obnoxius
1621 926 1664 949 est
1677 921 1708 948 ¹⁸.
1718 931 1732 947 ιι

82 964 241 1004 προσφέρειν
251 987 259 999 ,
281 963 349 992 καθὰ
363 963 408 992 καὶ
425 963 492 1002 ὑπὲρ
510 967 554 992 τοῦ
569 964 634 992 λαοῦ
646 984 654 998 ,
669 963 726 991 ἐπεὶ
740 962 786 991 καὶ
802 961 880 994 αὐτὸς

81 1010 233 1048 περίκειται
244 1007 398 1041 ἀσθενείαις.
410 1020 422 1033 ιδ
431 1025 469 1031 —
479 1022 489 1033 ι
499 1007 534 1037 Ὁ
547 1009 635 1039 δοῦλος
643 1029 650 1042 ,
663 1007 752 1047 φησὶν,
764 1007 793 1035 οὗ
808 1006 880 1043 μένει

83 1054 110 1082 ἐν
173 1053 252 1093 οἰκία·
270 1066 281 1079 ι
305 1053 458 1088 τουτέστιν,
481 1054 528 1081 οὔκ
550 1054 605 1091 ἔχει
630 1051 749 1086 ἐξουσίαν
771 1050 880 1090 χαρίζε-

82 1101 162 1133 σθαι,
177 1097 223 1126 ἅτε
245 1098 282 1135 μὴ
301 1096 338 1126 ὢν
354 1097 551 1132 οἰκοδεσπότης·
569 1099 582 1125 6
598 1096 625 1125 δὲ
642 1096 705 1129 Υἱὸς
723 1094 880 1124 οἰκοδεσπό-

91 1142 213 1170 ττ”
289 1141 355 1152 ”
417 1139 780 1170 ’⁸⁷Ὀἰί““λ’

121 1154 142 1177 ,ς
161 1154 234 1176 εστι,
254 1154 298 1172 και
321 1153 394 1180 μενει
413 1155 438 1171 εν
456 1154 489 1181 τῃ
501 1153 580 1181 οικια.
635 1153 650 1169 κ
663 1153 694 1169 αν
709 1151 735 1169 οε
768 1139 880 1178 εγειτὴν

83 1186 218 1222 ἐξουσίαν,
235 1186 304 1216 καθὰ
323 1187 367 1215 xui
388 1187 508 1226 ἀλλαχοῦ
524 1186 571 1221 τὴν
589 1186 674 1225 ἀρχὴν
688 1184 770 1218 οὕτως
782 1185 880 1222 ὄνομά-

81 1233 138 1267 ζει,
151 1245 164 1257 σι
183 1231 229 1260 Ἐν
242 1234 274 1271 τῇ
292 1231 379 1272 οἰκίᾳ,
396 1231 495 1269 λέγων,
512 1233 568 1272 τοῦ,
583 1229 688 1269 Πατρός
710 1240 760 1267 μου
781 1229 880 1258 πολλαὶ

84 1275 164 1313 μοναί
186 1277 261 1306 εἰσιν.
293 1290 305 1302 ν
332 1270 450 1305 Ἰλζκεῖνοι
470 1275 518 1313 μὲν
539 1270 584 1304 οὖν
609 1275 633 1303 οἱ
657 1275 736 1314 ἱερεῖς
758 1274 879 1313 ὑμέτεροι

83 1321 172 1350 δοῦλοι
186 1321 271 1357 ὄντες,
289 1321 337 1350 οὐκ
357 1316 428 1359 εἶχον
452 1320 572 1354 ἐξουσίαν
594 1318 710 1359 ἀφιέναιι
732 1320 746 1347 6
772 1318 799 1347 δὲ
817 1317 880 1351 Υἱὸς

83 1364 140 1403 ἐγὼ
159 1365 244 1402 μένων
270 1367 296 1394 ἐν
325 1367 359 1404 τῇ
383 1365 468 1404 οἰκίᾳ,
485 1367 516 1405 τῇ
540 1363 660 1402 ἐξουσίᾳ,
678 1362 764 1403 φημὶ,
787 1362 833 1391 καὶ
845 1365 879 1402 τῇ

83 1411 184 1449 ἆρχικῇ
207 1409 346 1450 αὖθεντία,
372 1409 418 1439 καὶ
443 1409 631 1444 οἰκοδεσπότης
653 1407 706 1444 ὢν,
729 1406 878 1446 ἐλευθερίαν

82 1456 145 1492 ὑμῖν
169 1454 323 1494 χαρίζομαι.
342 1454 436 1484 Πάντα
453 1454 504 1493 γὰρ
517 1454 571 1492 ἐμά
589 1455 663 1489 ἐστι,
687 1452 733 1482 xui
749 1451 880 1490 ὁμοδύνα-

84 1498 132 1537 μός
146 1500 201 1536 εἶμι
215 1521 223 1534 ,
246 1499 291 1528 xui
310 1498 477 1538 ὁμοεξούσιος
502 1501 539 1539 τῷ
567 1497 665 1537 Πατρί·
690 1497 736 1525 xui
756 1496 801 1527 ἐὰν
827 1496 879 1535 ἐγὼ

83 1543 270 1582 ἐλευθερώσω,
291 1544 350 1573 τότε
367 1546 400 1583 τῇ
417 1545 509 1578 ἀληθεί
526 1543 660 1582 ἐλευθερία
679 1541 877 1580 τιμηθήσεσθε,

83 1589 119 1621 ὡς
144 1581 190 1616 νῦν
217 1600 246 1626 γε
272 1589 355 1628 ψευδῆ
380 1581 529 1627 ἐλευθερίαν
559 1581 662 1620 ἑαυτοῖς
697 1586 880 1626 ἔπιφημίζετε·
896 1581 918 1612 C

84 1633 165 1665 ὄντως
176 1632 209 1677 6i
228 1633 272 1662 xui
287 1635 389 1668 ἀληθῶς
403 1632 532 1677 ἐλειῖιθεροι
547 1631 610 1670 παρ’
626 1631 806 1677 ἐμοῦνέσεσθε.

125 1690 137 1703 ε
153 1674 222 1707 Οἶδα
233 1677 273 1706 ὅτι
285 1677 393 1716 σπέρμα
408 1676 530 1717 Ἀϐραάμ
547 1678 622 1714 ἐστε,
639 1675 708 1705 ἀλλὰ
723 1674 825 1711 ζητεῖτέ
847 1687 880 1714 με

83 1722 250 1758 ἀποκτεῖναι,
263 1722 302 1751 ὅτι
314 1724 328 1751 6
342 1722 418 1760 λόγος
428 1723 441 1750 6
459 1721 520 1759 ἐμὸς
535 1722 565 1750 οὐ
577 1725 661 1760 χωρεῖ
674 1722 700 1750 ἐν
713 1722 787 1758 ὑμῖν.
805 1719 879 1760 Ἐγὼ

83 1765 97 1795 8
116 1766 221 1806 ἑώρακα
235 1766 310 1806 παρὰ
323 1769 361 1806 τῷ
376 1759 463 1805 Πατρί
475 1777 543 1804 μου,
558 1759 640 1794 λαλῶ·
655 1765 701 1794 καὶ
716 1768 790 1803 ὑμεῖς
806 1759 849 1793 οῦν
865 1764 880 1793 ὃ

86 1810 224 1850 ἑωράκατε
247 1812 320 1850 παρὰ
342 1813 379 1850 τῷ
409 1811 498 1850 Πατρὶ
521 1812 596 1848 ὑμῶν
621 1811 729 1839 ποιεῖτε.
747 1820 760 1837 ι
787 1808 880 1846 Ὑμεῖς

84 1855 147 1892 μὲν,
163 1855 258 1894 φησὶν,
282 1855 389 1889 ἑαυτοὺς
406 1854 514 1894 σπέρμα
531 1854 653 1894 Ἀϐραὰμ
675 1857 784 1883 ποιεῖτε’
802 1852 879 1891 κάγὼ

83 1898 111 1928 δὲ
126 1902 204 1929 τοῦτο
218 1899 358 1939 σύμφημι,
374 1899 414 1929 ὅτι
430 1900 478 1936 τὴν
500 1899 627 1938 σαρκικὴν
645 1897 798 1938 συγγένειαν
815 1898 880 1936 πρὸς

82 1944 128 1973 τὸν
148 1944 221 1983 ἅγιον
236 1945 334 1974 ἐκεῖνον
356 1945 462 1978 σώζετε·
488 1944 557 1979 πλὴν
574 1946 590 1979 ἡ
607 1943 676 1973 κατὰ
693 1945 799 1980 πνεῦμα
816 1953 879 1981 συγ-

85 1989 174 2026 γένεια
201 1989 312 2018 ἄπεστιν
337 1990 421 2026 ὑμῶν.
457 1989 574 2021 Ἐκεῖνος
589 1988 702 2025 δίκαιος,
721 1988 765 2016 xui
785 1987 876 2027 φιλάν-

84 2035 202 2072 θρωπος,
228 2033 273 2062 καὶ
296 2033 434 2073 φιλόξενος·
452 2033 525 2072 ὑμεῖς
547 2033 589 2068 δὲ,
611 2032 654 2062 ἵνα
670 2033 712 2062 τὸν
729 2031 776 2070 μὲν
799 2032 878 2060 ἄλλον

85 2077 142 2117 βίον
160 2079 234 2115 ὑμῶν
248 2078 433 2117 παραδράμω,
451 2077 515 2106 αὐτὸ
531 2078 556 2106 δὲ
573 2078 602 2106 τὸ
618 2076 749 2117 προφανὲς
764 2075 879 2110 ἐξετάσω

83 2121 98 2151 ὃ
121 2124 165 2150 νῦν
187 2122 335 2162 πράττετε,
363 2122 497 2163 μιαιφόνοι
523 2122 569 2151 καὶ
594 2122 801 2161 ἀφιλάνθρωπον
827 2122 877 2155 ζη-

83 2170 154 2195 τεῖτε
175 2166 227 2207 γάρ
251 2179 285 2204 με
310 2169 483 2202 ἀποκτεῖναι,
512 2167 558 2196 xui
584 2167 691 2206 φωνεῖτε
713 2167 771 2195 κατ’
799 2166 874 2203 ἐμοῦ.

85 2212 148 2244 Πῶς
165 2206 208 2239 οὖν
225 2211 324 2240 ἐκείνου
346 2212 397 2240 υἱοὶ
421 2212 501 2245 ὅντως
522 2212 596 2248 ἐστὲ,
620 2210 688 2240 οὕτω
713 2213 764 2240 τῶν
779 2221 879 2248 πατρι-

82 2258 137 2285 κῶν
155 2255 333 2296 χαρακτήρων
350 2257 572 2294 ἀπολειπόμενοι;
595 2256 626 2286 Εἰ
646 2256 732 2284 τοίνυν
747 2254 795 2290 τὴν
817 2265 883 2293 συγ-

82 2300 191 2339 γένειαν
207 2301 331 2340 αὖχεῖτε,
358 2301 475 2340 ὀφείλετε
502 2301 548 2329 xui
582 2299 631 2336 τὴν
659 2299 757 2338 ἀρετὴν
781 2299 880 2331 ἐκείνου

83 2347 231 2383 μιμεῖσθαι.
252 2340 336 2382 Εἶτα,
357 2344 400 2374 ἵνα
419 2345 457 2384 μὴ
481 2345 564 2386 ἔχωσι
588 2344 688 2384 λέγειν,
709 2342 748 2374 ὅτι
766 2345 880 2379 Δικαίως

81 2400 112 2418 σε
127 2390 256 2428 ζητοῦμεν
279 2391 453 2428 ἀποκτεῖναι,
475 2390 564 2426 τίθησι
587 2390 633 2425 τὴν
658 2388 756 2418 αἰτίαν
772 2389 813 2418 Οὐ
829 2389 879 2429 γὰρ

82 2434 118 2462 δι’
134 2433 214 2471 ἄλλο,
229 2435 310 2474 φησὶ,
325 2437 439 2463 λυσσᾶτε
459 2436 518 2464 κατ’
535 2435 618 2472 ἐμοῦ,
633 2435 655 2462 εἷ
674 2433 711 2471 μὴ
732 2434 775 2462 διὰ
791 2433 821 2462 τὸ
836 2434 880 2463 τὸν

82 2478 159 2517 λόγον
176 2479 220 2508 τὸν
242 2479 305 2517 ἐμὸν
323 2479 484 2519 ὑψηλότερον
499 2475 567 2508 εἶναι
589 2480 637 2514 τῆς
655 2480 728 2516 ὑμῶν
744 2478 861 2512 διανοίας
873 2502 881 2516 ,

82 2522 128 2552 xui
146 2522 184 2562 μὴ
207 2524 329 2563 χωρητὸν
353 2525 424 2562 ὑμῖν.
451 2524 547 2554 Καίτοι
577 2523 606 2552 οὐ
629 2523 672 2552 διὰ
697 2525 775 2552 τοῦτο
798 2524 880 2563 ἐχρῆν

82 2569 200 2607 ἀναιρεῖν
213 2589 221 2603 ,
239 2568 307 2597 ἀλλὰ
324 2570 424 2607 μᾶλλον
444 2569 531 2602 ἀξιοῦν
542 2591 549 2604 ,
564 2567 634 2596 ὥστε
657 2567 761 2601 διδάξαι
781 2567 812 2596 τὸ
828 2570 880 2598 τῶν

81 2612 223 2651 δογμάτων
246 2613 327 2652 ὕψος,
353 2613 398 2641 καὶ
421 2617 518 2653 τιμᾷν,
537 2613 582 2641 καὶ
606 2611 767 2652 θεραπεύειν.
797 2607 880 2650 Εἶτα,

82 2656 126 2686 ἵνα
139 2656 177 2694 μὴ
200 2655 309 2686 εἴπωσιν
333 2658 424 2697 αὐτῷ,
448 2657 488 2686 ὅτι
506 2658 559 2687 Καὶ
580 2658 686 2690 εἰκότως
709 2668 738 2686 σε
752 2660 880 2696 μισοῦμεν

83 2702 128 2732 διὰ
149 2701 191 2730 τὸν
217 2701 292 2740 λόγον
313 2713 369 2731 σου·
393 2703 422 2731 οὐ
446 2702 498 2742 γὰρ
517 2702 603 2742 λέγεις
627 2702 694 2740 ἡμῖν
715 2702 767 2730 ἀπὸ
788 2702 878 2738 Θεοῦ,

83 2747 143 2776 ἀλλ’
160 2746 214 2775 ἀπὸ
230 2750 328 2776 σαυτοῦ
338 2769 346 2783 ,
362 2747 408 2776 καὶ
421 2746 465 2775 διὰ
480 2749 558 2776 τοῦτο
570 2746 629 2775 οὔτε
643 2747 776 2785 δυνάμεθα
792 2749 880 2787 χωρῆ-

120 2826 142 2843 ¹³
162 2827 247 2854 Rom.
261 2834 307 2860 tu,
320 2829 364 2855 23.
375 2826 395 2844 ¹⁴
408 2825 492 2855 Hebr.
507 2827 799 2861 νιι,18,28.¹⁵.ῐοει].
815 2835 879 2861 xxv,
895 2830 921 2854 2.

937 981 949 994 ι
972 970 1082 1002 Servus,
1093 969 1191 1004 inquit,
1205 976 1259 996 non
1270 971 1363 995 manet
1379 967 1406 995 in
1417 966 1512 999 domo.
1525 976 1538 991 ιι
1554 966 1606 994 hoc
1617 970 1667 999 est,
1681 974 1735 993 non

936 1013 1019 1041 habet
1034 1017 1198 1049 potestatem
1215 1012 1401 1048 expendendi,
1416 1019 1448 1039 eo
1462 1011 1538 1047 quod
1564 1018 1620 1038 non
1635 1010 1671 1037 sit
1686 1018 1733 1045 pa.

935 1058 1112 1091 terfamilias,
1130 1058 1182 1085 hoc
1196 1062 1247 1090 est,
1263 1057 1394 1085 dominus
1405 1056 1519 1089 domus;
1543 1055 1626 1083 Filius
1639 1059 1735 1083 autem

934 1103 1066 1131 dominus
1072 1102 1172 1130 domus
1179 1107 1231 1135 est,
1240 1107 1267 1130 et
1274 1105 1365 1129 manet
1372 1101 1400 1128 in
1408 1101 1502 1128 domo.
1512 1102 1632 1128 Domum
1641 1104 1735 1128 autem

934 1148 1002 1176 dicit
1025 1151 1201 1184 potestatem,
1225 1146 1300 1174 sicut
1321 1146 1376 1173 alio
1402 1146 1462 1173 loco
1487 1145 1674 1181 principatum
1698 1145 1734 1172 ita

933 1193 1060 1220 nominat
1074 1202 1080 1220 :
1094 1205 1105 1216 α
1123 1193 1154 1220 In
1168 1192 1265 1225 domo,
1281 1191 1385 1223 dicens,
1399 1190 1490 1218 Patris
1506 1190 1560 1218 mei
1577 1190 1735 1217 mansiones

934 1237 1029 1266 multa:
1054 1242 1119 1265 sunt
1138 1237 1168 1264 ¹³.
1192 1248 1204 1260 ν
1226 1236 1311 1271 Igitur
1335 1236 1417 1263 vestri
1437 1234 1550 1271 quidem
1577 1234 1733 1262 sacerdotes

933 1290 997 1309 cum
1018 1282 1089 1309 servi
1104 1281 1175 1313 sint,
1201 1283 1366 1316 potestatem
1382 1287 1438 1306 non
1455 1279 1556 1306 habent
1576 1278 1734 1306 remittendi

934 1330 1043 1362 peccata
1061 1337 1066 1354 :
1084 1330 1113 1353 at
1136 1325 1220 1353 Filius
1246 1333 1298 1360 ego
1321 1332 1421 1351 maneo
1441 1323 1471 1350 in
1492 1323 1589 1356 domo,
1613 1323 1667 1350 hoc
1682 1326 1733 1356 est,

934 1375 1067 1407 potestate
1081 1374 1108 1398 et
1122 1370 1264 1406 principali
1279 1369 1441 1397 auctoritate
1457 1377 1464 1396 :
1479 1372 1506 1395 et
1520 1375 1584 1396 cum
1599 1368 1653 1395 sim
1672 1369 1733 1394 Do-

934 1416 1024 1444 minus
1052 1415 1164 1448 domus,
1186 1414 1340 1442 libertatem
1366 1413 1445 1441 vobis
1467 1412 1600 1440 concedo.
1630 1411 1733 1440 Omnia

934 1460 1008 1489 enim
1020 1467 1081 1488 mea
1092 1463 1168 1493 sunt,
1179 1463 1207 1486 et
1216 1458 1330 1495 aequalis
1345 1457 1475 1494 potentia:
1485 1461 1512 1485 et
1522 1456 1661 1492 potestatis
1671 1464 1734 1484 cum

935 1507 1014 1533 Patre
1038 1512 1100 1532 sum
1125 1508 1176 1532 :et
1190 1504 1212 1531 si
1234 1511 1285 1539 ego
1303 1503 1404 1530 liberos
1428 1509 1476 1530 vos
1500 1501 1655 1535 reddidero,
1669 1505 1737 1529 tunc

934 1557 997 1577 vera
1013 1549 1136 1576 libertate
1156 1548 1342 1576 redimemini.
1367 1548 1439 1574 Nam
1462 1554 1535 1574 nunc
1559 1546 1670 1582 quidem
1685 1545 1736 1573 fal-

933 1601 993 1622 sam
1018 1593 1174 1621 libertatem
1204 1592 1350 1621 celebratis
1387 1598 1450 1618 vere
1472 1595 1565 1619 autem
1591 1594 1619 1618 et
1646 1590 1735 1626 reipsa

936 1639 1013 1666 liberi
1028 1647 1043 1666 a
1064 1646 1110 1666 me
1126 1638 1217 1666 eritis.

970 1685 1059 1711 Vsus.
1075 1686 1120 1716 37,
1145 1686 1189 1710 38.
1208 1693 1221 1707 ιι
1237 1682 1299 1710 Scio
1322 1679 1397 1718 quod
1413 1688 1508 1708 semen
1524 1679 1642 1708 Abrahae
1666 1679 1734 1713 sitis.

935 1727 982 1756 sed
1004 1727 1127 1763 quazritis
1163 1735 1209 1755 me
1238 1726 1401 1759 interﬁcere,
1435 1726 1498 1761 quia
1533 1732 1625 1752 sermo
1657 1732 1736 1752 meus

934 1781 991 1800 non
1008 1772 1091 1800 habet
1103 1773 1195 1800 locum
1208 1772 1234 1799 in
1250 1771 1338 1798 vobis.
1362 1772 1420 1806 Ego
1435 1769 1509 1806 quod
1529 1769 1585 1796 vidi
1598 1769 1672 1805 apud
1687 1770 1736 1796 Pa-

934 1821 1006 1844 trem
1025 1824 1129 1850 meum,
1156 1817 1269 1852 loquor;
1285 1820 1311 1843 et
1327 1823 1376 1842 vos
1388 1814 1463 1850 quod
1479 1814 1585 1842 vidistis
1605 1813 1676 1848 apud
1691 1821 1735 1849 pa-

933 1865 1006 1888 trem
1015 1865 1146 1891 vestrum,
1158 1860 1257 1888 facitis.
1274 1871 1285 1883 ν
1295 1861 1352 1887 Vos
1361 1859 1484 1895 quidem,
1495 1858 1593 1893 inquit,
1603 1865 1652 1885 vos
1662 1858 1736 1893 ipsos

933 1905 1022 1933 facitis
1028 1913 1122 1932 semen
1131 1905 1248 1932 Abrahze
1257 1914 1263 1931 ε
1272 1908 1299 1931 et
1307 1911 1358 1939 ego
1366 1903 1444 1931 vobis
1452 1902 1587 1930 assentior
1593 1902 1668 1938 quod
1678 1910 1736 1929 car-

933 1950 1024 1978 nalem
1039 1949 1221 1982 nobilitatem,
1236 1956 1298 1984 quae
1312 1953 1353 1976 est
1366 1955 1399 1975 ex
1412 1947 1459 1974 illo
1471 1950 1584 1980 sancto,
1606 1946 1732 1980 servetis;

934 1999 1124 2022 verumtamen
1136 1993 1284 2029 spiritualis
1306 1992 1434 2029 cognatio
1449 1999 1464 2019 a
1478 1991 1556 2019 vobis
1566 1991 1653 2018 abest.
1690 1991 1735 2019 llle

930 2039 1022 2075 justus
1045 2043 1072 2066 et
1091 2038 1256 2073 misericors,
1274 2042 1302 2066 et
1322 2037 1466 2073 hospitalis
1482 2045 1488 2062 :
1509 2043 1557 2064 vos
1575 2039 1668 2064 autem
1694 2038 1736 2069 (ut

935 2084 1017 2112 aliam
1044 2087 1162 2111 vestram
1178 2083 1261 2111 vitam
1285 2086 1458 2118 praeteream,
1472 2081 1524 2109 hoc
1539 2081 1628 2116 ipsum
1640 2085 1735 2108 autem

933 2129 1007 2165 quod
1020 2127 1196 2156 manifestum
1209 2134 1262 2161 est,
1277 2131 1305 2155 et
1323 2126 1396 2162 quod
1410 2134 1486 2154 nunc
1501 2124 1587 2161 624
1602 2125 1736 2161 operami-

935 2173 973 2206 ni,
987 2173 1150 2204 examinem)
1174 2170 1317 2199 homicidae
1338 2171 1414 2203 estis,
1438 2174 1465 2197 et
1488 2169 1733 2201 immisericordes;

935 2217 1056 2253 quatritis
1076 2217 1149 2244 enim
1165 2224 1209 2244 me
1220 2215 1357 2249 occidere,
1372 2219 1401 2243 et
1416 2214 1512 2242 mortis
1526 2222 1605 2242 reum
1619 2222 1662 2241 me
1675 2221 1735 2241 esse

935 2261 1034 2289 dicitis.
1054 2260 1140 2296 Igitur
1159 2259 1299 2296 quomodo
1315 2259 1388 2287 illius
1406 2258 1455 2286 ﬁlii
1470 2266 1532 2286 vere
1542 2258 1618 2291 estis,
1640 2258 1685 2294 qui
1697 2258 1734 2285 ita

935 2309 1064 2341 paternos
1091 2307 1267 2333 characteres
1286 2303 1451 2339 reliquistis?
1478 2303 1506 2331 Si
1527 2303 1609 2338 igitur
1623 2303 1657 2330 de
1678 2303 1736 2338 ejus

934 2358 1044 2385 genere,
1059 2349 1236 2385 gloriamini,
1252 2348 1356 2376 debetis
1378 2352 1406 2376 et
1419 2348 1550 2375 virtutem
1573 2347 1643 2375 illius
1670 2346 1732 2374 imi-

934 2395 995 2422 tari.
1014 2394 1121 2422 Deinde
1136 2397 1236 2421 utnon
1249 2393 1355 2429 possint
1368 2392 1459 2420 dicere
1472 2401 1478 2419 :
1493 2393 1572 2420 Juste
1594 2395 1622 2419 te
1634 2392 1735 2427 quaeri-

936 2447 999 2466 mus
1020 2438 1055 2466 ad
1082 2437 1272 2472 occidendum,
1300 2437 1377 2473 ponit
1400 2445 1510 2465 causam
1539 2447 1545 2464 :
1573 2438 1636 2464 Non
1660 2437 1734 2464 enim

934 2487 1047 2520 propter
1069 2483 1143 2511 aliud
1169 2483 1292 2510 insanitis
1314 2486 1410 2510 contra
1436 2489 1491 2515 me,
1515 2489 1597 2517 quam
1622 2485 1735 2516 propter

935 2535 1093 2556 Sermonem
1117 2534 1222 2561 meum,
1236 2526 1283 2563 qui
1306 2526 1452 2554 sublimior
1467 2529 1509 2553 est
1524 2529 1614 2554 vestra
1630 2525 1734 2560 cogita-

933 2573 1019 2606 tione,
1040 2576 1068 2600 et
1081 2580 1096 2600 a
1112 2571 1188 2599 vobis
1198 2571 1262 2607 capi
1279 2571 1376 2606 nequit
1391 2570 1542 2606 :Aquamvis
1554 2577 1611 2597 nou
1622 2572 1735 2604 propter

935 2616 987 2645 hoc
1002 2617 1149 2653 oportebat
1169 2616 1303 2649 occidere,
1319 2615 1368 2643 sed
1384 2615 1471 2651 magis
1485 2623 1564 2642 orare
1579 2618 1608 2641 ut
1621 2613 1734 2640 doceam

935 2661 1099 2697 dogmatum
1109 2661 1320 2693 sublimitatem,
1332 2664 1361 2688 et
1375 2660 1477 2691 colere,
1486 2662 1514 2686 et
1524 2659 1680 2686 observare.
1691 2657 1734 2683 lu-

933 2714 1015 2742 super
1029 2710 1060 2733 ut
1070 2713 1104 2734 ne
1118 2705 1222 2740 dicant,
1238 2705 1301 2741 quia
1319 2706 1352 2732 Et
1364 2705 1463 2732 merito
1479 2707 1504 2730 te
1526 2702 1588 2730 odio
1601 2701 1735 2729 habemus

934 2755 1059 2788 propter_
1071 2758 1228 2779 sermonem
1248 2754 1329 2778 tuum
1346 2758 1353 2776 :
1369 2757 1426 2776 non
1442 2747 1515 2776 enim
1530 2747 1598 2774 dicis
1623 2754 1638 2773 a
1662 2747 1733 2779 Deo,
