1910 3077
167 187 201 212 27
674 180 932 208 THEOPHYLACTI
951 180 1130 208 BULGARl/E
1148 180 1304 208 ARCHIEP.
1780 184 1818 210 28

164 247 282 276 sedate
303 246 374 283 ipso,
395 249 423 273 et
448 248 594 281 propterea
619 251 677 272 non
700 251 847 279 possumus
868 251 964 279 capere

1061 256 1068 272 ι
1086 243 1135 279 τὴν
1153 243 1328 273 διδασκαλίαν
1341 255 1398 273 σου’
1418 243 1512 284 φησὶν,
1528 243 1569 273 ὅτι
1587 245 1646 274 Οὐκ
1664 244 1712 273 ἀπ’
1729 246 1819 283 ἐμαυ-

165 292 319 321 doctrinam
332 295 420 323 tuam,
445 289 512 317 dicit
529 297 536 316 :
552 298 565 315 ιι
577 289 638 316 Non
649 297 663 316 a
677 289 780 323 meipso
792 288 900 324 loquor,
916 287 963 316 sed

164 345 228 374 qum
251 335 323 372 apud
344 337 457 363 Patrem
483 341 578 361 meum
604 333 671 366 vidi,
693 333 752 361 haec
778 333 889 368 loquor;
917 340 964 360 vos

164 386 259 410 autem
272 379 346 417 quod
362 379 465 407 vidistis
480 378 553 414 apud
568 382 673 414 patrem
687 382 818 410 vestrum,
836 377 931 405 facitis.
948 389 962 402 ν

162 428 235 455 Nam
247 433 297 461 ego
310 425 432 460 quidem,
448 424 545 460 inquit,
561 423 652 451 divina
672 427 700 450 et
716 422 837 451 coelestia
852 422 962 458 loquor,

165 475 194 499 et
203 472 313 498 Patrem
328 477 422 497 meum
434 477 481 504 per
507 468 566 496 haec
583 467 707 504 exprimo
722 477 729 495 τ
749 475 797 495 vos
811 472 904 495 autem
917 475 964 503 per

164 523 195 544 ea
214 522 276 551 quae
298 514 394 547 facitis,
422 513 506 549 patris
530 513 613 541 vestri
641 512 790 548 imaginem
815 512 965 548 perfectam

163 559 282 594 refertis,
307 558 408 587 diaboli
430 557 543 585 scilicet.
575 557 691 593 Quando
732 561 824 584 autem
860 556 962 584 audis:

167 616 180 630 α
202 605 283 640 Quod
299 603 354 631 vidi
366 604 474 638 loquor,
498 614 511 627 ιι
534 610 590 629 non
605 601 725 637 intellige
738 602 908 637 corporalem
923 601 964 628 vi-

164 649 284 683 sionem,
301 647 351 676 sed
366 647 521 675 naturalem
537 647 726 683 cognitionem
737 650 764 674 et
779 654 878 674 veram.
892 646 964 674 Nam

163 694 234 722 sicut
260 693 334 721 oculi
350 693 418 720 bene
443 691 566 720 videntes
590 691 686 719 vident
699 691 774 727 quod
800 699 896 718 verum
910 695 963 726 est,

165 743 192 767 et
205 746 262 766 non
276 737 465 766 mentiuntur:
479 737 516 765 ita
528 741 556 764 et
569 744 620 773 ego
635 744 696 764 vere
712 736 755 764 illa
777 736 884 772 loquor,
902 743 964 772 qua!

164 783 283 820 cognOvi
300 782 373 818 apud
387 783 508 810 Patrem.

202 829 292 856 Vnus.
302 829 397 855 39-41.
407 838 420 851 α
431 825 643 862 Responderunt
655 829 682 853 et
689 825 818 853 dixerunt
825 825 848 852 ei
865 827 966 854 :Pater

166 877 262 900 noster
272 871 411 900 Abraham
427 875 478 899 est.
491 871 562 899 Dicit
573 871 613 898 eis
626 871 705 898 Jesus
721 881 727 899 :
747 870 774 899 Si
785 870 831 898 lilii
846 871 964 899 Abrahae

166 917 272 951 essetis,
298 925 379 952 opera
401 916 519 945 Abrahae
537 915 672 950 faceretis,
687 917 767 944 Nunc
780 920 872 944 autem
887 923 962 951 quaa-
978 901 1002 932 Β

164 962 224 989 ritis
240 970 283 989 me
297 961 450 989 interﬁcere
471 961 624 994 hominem,
646 961 693 996 qui
718 961 860 989 veritatem
883 961 962 989 vobis

162 1006 270 1034 locutus
285 1014 358 1040 sum,
373 1014 458 1042 quam
480 1005 568 1033 audivi
593 1014 609 1033 a
633 1007 700 1033 Deo.
730 1007 790 1033 Hoc
817 1006 961 1034 Abraham

162 1059 221 1078 non
241 1050 315 1079 fecit.
334 1052 390 1079 Vos
414 1050 504 1079 facitis
518 1058 600 1085 opera
616 1050 699 1086 patris
714 1051 804 1078 vestri.
828 1051 962 1078 Dixerunt

160 1095 254 1131 itaque
266 1095 290 1123 ei
307 1105 312 1123 :
335 1097 392 1123 Nos
402 1103 417 1122 e
428 1099 524 1130 stupro
539 1103 597 1122 non
612 1103 709 1122 sumus
723 1095 792 1128 nati,
809 1103 897 1123 unum
909 1096 959 1123 Pa-

161 1145 233 1168 trem
253 1140 387 1169 habemus
410 1142 512 1168 Deum.
539 1151 552 1164 π
575 1141 636 1175 Ipse
663 1140 773 1176 quidem
795 1144 901 1176 patrem
924 1140 963 1167 eis

160 1185 272 1212 ascribit
295 1185 435 1213 diabolum
454 1185 520 1212 :cui
535 1184 635 1212 similes
654 1192 701 1211 eos
724 1184 851 1219 operibus
876 1184 961 1212 videt.

160 1230 262 1258 Contra
275 1230 311 1257 illi
327 1230 443 1257 multum
456 1237 484 1257 se
499 1228 534 1257 de
551 1229 691 1257 Abraham
711 1229 827 1265 jactant.
843 1231 881 1257 At
901 1231 964 1257 Dov

161 1275 254 1302 minus
276 1274 456 1310 sanguinariae
470 1281 569 1301 eorum
592 1273 739 1301 voluntatis
754 1274 893 1307 meminit,
907 1278 934 1302 et
946 1281 964 1301 a

163 1319 336 1355 generejusti
346 1327 392 1346 eos
405 1318 525 1352 abducit,
539 1323 569 1346 ut
579 1318 694 1346 nimiam
711 1319 904 1354 gloriationem
919 1326 964 1346 eo-

163 1372 227 1392 rum
242 1364 330 1398 tollat,
354 1367 381 1391 et
403 1363 566 1399 persuadeat
579 1371 614 1390 ne
629 1363 657 1390 in
680 1363 733 1390 hac
754 1371 822 1390 vana
848 1363 964 1391 carnalis

164 1409 317 1436 nobilitatis
340 1416 438 1443 spuma
461 1416 538 1444 spem
554 1407 682 1441 habeant,
703 1407 751 1435 sed
770 1408 798 1435 in
819 1408 964 1436 voluntatis

166 1453 352 1481 similitudine.
371 1454 406 1481 Et
420 1452 552 1489 profecto,
566 1453 636 1480 sicut
660 1452 786 1480 medicus
801 1452 968 1486 animarum,

167 1498 325 1534 comprimit
337 1498 581 1526 inﬂammatorium
595 1498 673 1525 ulcus
686 1497 760 1533 quod
774 1505 807 1524 ex
841 1497 970 1532 opinione

1019 291 1062 318 τοῦ
1085 289 1175 324 λαλῶ,
1193 288 1252 317 ἀλλ’
1276 301 1291 316 (ι
1308 289 1325 318 ἃ
1350 289 1456 329 ἑώρακα
1481 289 1554 330 παρὰ
1579 291 1617 330 τῷ
1633 289 1720 328 Πατρί
1745 301 1816 327 μου,

1016 336 1102 363 ταῦτα
1119 334 1203 362 λαλῶ·
1228 334 1273 363 καὶ
1294 336 1368 373 ὑμεῖς
1386 335 1412 363 δὲ
1430 334 1444 364 ὃ
1460 335 1595 374 ἑωράκατε
1618 334 1692 372 παρὰ
1705 336 1744 374 τῷ
1759 345 1818 363 πα-

1017 379 1060 418 τρὶ
1078 381 1168 416 ὓμῶν,
1184 383 1294 409 ποιεῖτε.
1310 392 1322 406 ι
1338 379 1409 418 Ἐγὼ
1431 379 1477 417 μὲν
1498 379 1564 419 γὰρ,
1588 379 1670 419 φησὶ,
1688 381 1744 408 θεῖα
1766 379 1818 408 καὶ

1017 423 1125 463 οὐράνια
1140 423 1303 463 φθέγγομαι,
1325 424 1370 454 καὶ
1387 425 1430 453 διὰ
1450 423 1549 453 τούτων
1566 423 1682 464 ἐκφαίνω
1695 423 1740 453 τὸν
1756 425 1820 453 Πα-

1017 468 1080 507 τέρα
1103 479 1164 506 μου·
1180 468 1225 497 καὶ
1246 470 1320 506 ὑμεῖς
1342 469 1369 498 δὲ
1382 469 1425 498 τὸν
1439 467 1564 508 ὑμέτερον
1588 468 1710 508 πατέρα,
1728 469 1761 496 δι’
1777 463 1818 496 ὧν

1017 513 1164 552 πράττετε,
1181 513 1334 550 εἰκονίζετε,
1350 514 1395 544 τὸν
1407 513 1530 543 διάϐολον
1545 513 1660 546 πάντως.
1677 511 1768 542 ⁸Οταν
1785 511 1815 541 δὲ

1018 558 1116 598 ἀκούῃς
1129 558 1265 597 λέγοντος,
1277 557 1318 588 ὅτι
1335 571 1348 586 α
1364 558 1402 588 ’³0
1417 558 1523 598 ἑώρακα
1533 560 1621 594 λαλῶ,
1635 572 1646 584 υ
1664 557 1701 596 μὴ
1719 569 1817 594 σωμα-

1017 602 1095 638 τικὴν
1114 602 1205 643 ὅρασιν
1220 603 1291 642 νόει,
1313 604 1382 633 ἀλλὰ
1396 603 1508 644 φυσικὴν
1525 605 1637 642 γνῶσιν,
1653 602 1699 631 καὶ
1714 603 1817 639 ἀληθῆ,

1017 647 1063 676 καὶ
1079 648 1300 686 πεπιστευμένην.
1325 648 1371 681 Ὡς
1393 649 1443 688 γὰρ
1459 647 1593 688 ὀφθαλμοὶ
1607 649 1717 686 ὁρῶντες
1735 649 1820 685 ὑγιῶς

1018 692 1048 721 τὸ
1063 692 1089 721 ὃν
1099 716 1108 730 ,
1129 692 1175 722 καὶ
1190 693 1297 731 ἀληθὲς,
1313 693 1417 729 ἀληθῶς
1432 695 1512 732 δρῶσι
1524 715 1532 727 ,
1549 691 1594 721 καὶ
1610 693 1638 721 οὖ
1653 691 1820 732 διαψεύδον-

1017 749 1070 766 ται·
1114 738 1182 766 οὕτω
1209 737 1284 776 κάγὼ
1320 739 1422 775 ἀληθῶς
1445 739 1531 767 ἐκεῖνα
1553 738 1645 774 λαλῶ,
1671 736 1688 765 ἃ
1712 736 1820 775 ἔγνωκα

1018 781 1092 822 παρὰ
1108 783 1145 822 τῷ
1160 782 1262 822 Πατρί.

1060 838 1074 855 σι
1092 827 1297 867 Ἀπεκρίθησαν,
1316 827 1361 856 καὶ
1382 822 1456 856 εἷπον
1481 827 1567 866 αὐτῷ’
1583 825 1617 856 Ὀ
1633 825 1723 866 πατὴρ
1739 827 1821 864 ἡμῶν

1018 871 1142 911 Ἀϐραάμ
1156 866 1223 901 ἔστι.
1250 872 1328 910 Λέγει
1348 873 1436 904 αὐτοῖς
1459 873 1473 900 ὁ
1487 871 1596 907 Ἰησοῖς·
1619 872 1652 900 Εἰ
1673 871 1753 899 τέκνα
1769 866 1821 906 ⁸ἦτε

1015 919 1060 946 τοῦ
1081 916 1223 955 Ἀϐραὰμ,
1239 916 1272 945 τὰ
1286 916 1350 956 ἔργα
1369 919 1416 945 τοῦ
1431 915 1553 955 Ἀϐραὰμ
1572 917 1684 945 ἐποιεῖτε
1698 916 1740 945 ἄν.
1760 917 1821 945 Νῦν

1016 961 1043 990 δὲ
1059 961 1162 997 ζητεῖτέ
1179 973 1212 999 με
1235 962 1389 991 ἀποκτεῖναι
1406 961 1560 1000 ἄνθρωπον,
1579 960 1606 994 ὃς
1618 960 1666 994 τὴν
1691 960 1820 995 ἀλήθειαν

1016 1008 1078 1044 ὑμῖν
1094 1006 1249 1041 λελάληκα,
1270 1006 1303 1042 ἣν
1325 1005 1429 1042 ἤκουσα
1450 1005 1525 1044 παρὰ
1541 1008 1587 1034 τοῦ
1614 1006 1698 1034 Θεοῦ.
1729 1006 1820 1034 Τοῦτο

1017 1050 1140 1090 Ἀϐραὰμ
1158 1052 1205 1080 οὐκ
1224 1051 1356 1086 ἐποίησεν.
1383 1050 1477 1088 ⁸Υμεῖς
1502 1054 1601 1079 ποιεῖτε
1625 1050 1659 1078 τὰ
1684 1049 1749 1090 ἔργα
1770 1051 1821 1078 τοῖ’)

1016 1095 1116 1136 πατρὸς
1138 1097 1223 1133 ὑμῶν.
1250 1091 1335 1125 Εἶπον
1356 1091 1401 1125 οὖν
1425 1097 1507 1135 αὐτῷ·
1525 1094 1621 1133 Ἡμεῖς
1645 1096 1674 1124 ἐκ
1695 1094 1823 1133 πορνείας

1017 1141 1045 1171 οὖ
1073 1140 1261 1179 γεγεννήμεθα·
1292 1140 1338 1169 ἕνα
1363 1140 1466 1179 πατέρα
1490 1140 1588 1180 ἔχομεν
1624 1139 1668 1168 τὸν
1695 1139 1775 1169 Θεόν.
1804 1152 1819 1166 ιι

1018 1185 1101 1218 Αὐτὸς
1131 1184 1177 1221 μὲν
1206 1185 1310 1224 πατέρα
1335 1185 1424 1217 αὐτοῖς
1449 1184 1588 1224 ἐπιγράφει
1612 1184 1655 1213 τὸν
1681 1183 1819 1213 διάϐολον·

1017 1229 1102 1267 τούτῳ
1116 1229 1167 1268 γὰρ
1185 1229 1301 1262 ἐοικότας
1321 1229 1413 1263 αὐτοὺς
1437 1230 1490 1258 ἀπὸ
1507 1231 1558 1258 τῶν
1573 1229 1656 1268 ἔργων
1670 1230 1729 1268 ὁρᾷ.
1748 1230 1816 1259 Αὖ-

1018 1274 1058 1304 τοὶ
1077 1275 1103 1303 δὲ
1119 1274 1174 1304 ἄνω
1186 1273 1231 1303 καὶ
1247 1275 1320 1304 κάτω
1341 1276 1383 1303 τὸν
1400 1274 1522 1314 Ἀϐραὰμ
1539 1275 1725 1314 προσφέρουσι.
1743 1274 1818 1302 Συν-

1020 1321 1086 1359 εχῶς
1113 1319 1140 1348 δὲ
1164 1321 1177 1347 δ
1205 1319 1302 1359 Κύριος
1322 1321 1371 1354 τῆς
1395 1321 1502 1359 φονικῆς
1525 1319 1611 1347 αὐτῶν
1638 1318 1823 1357 ἐπιμέμνηται

1018 1364 1211 1404 προαιρέσεως,
1245 1363 1291 1392 καὶ
1328 1363 1424 1402 ἀπάγει
1455 1365 1502 1398 τῆς
1527 1362 1677 1401 συγγενείας
1704 1365 1750 1392 τοῦ
1781 1363 1823 1391 δι-

1017 1408 1104 1437 καίου·
1123 1407 1167 1437 ἵνα
1188 1410 1217 1437 τό
1233 1420 1261 1436 τε
1276 1408 1398 1446 περιττὸν
1413 1407 1542 1447 καύχημα
1560 1408 1647 1436 αὐτῶν
1662 1408 1796 1447 περικόψῃ
1809 1430 1816 1442 ,

1024 1453 1070 1482 καὶ
1092 1453 1170 1492 πείσῃ
1189 1452 1225 1490 μὴ
1243 1453 1268 1481 ἐν
1289 1452 1373 1494 τούτῳ
1388 1455 1425 1492 τῷ
1450 1452 1556 1492 ματαίῳ
1580 1452 1624 1481 ἐπὶ
1703 1454 1822 1492 σαρκικῇ

1025 1498 1162 1538 συγγενείᾳ
1180 1497 1334 1536 φρυάγματι
1359 1497 1428 1536 ἔχειν
1447 1497 1492 1530 τὰς
1514 1497 1641 1533 ἐλπίδας,
1663 1496 1721 1526 ἀλλ’
1745 1498 1771 1525 ἐν
1788 1499 1824 1537 τῇ

166 1533 275 1579 generis
306 1543 426 1571 Abrahae
458 1547 557 1570 natum
585 1541 750 1578 prohibebat
776 1542 906 1570 accedere
932 1542 965 1570 ad

1109 1533 1262 1582 προαίρεσιν
1285 1533 1432 1580 ὁμοιότῆτι.
1459 1541 1564 1575 Ὄντως
1587 1541 1654 1580 γὰρ,
1680 1543 1716 1574 ὡς
1731 1533 1824 1580 ἰατρὸς

166 1587 317 1621 Christum,
331 1592 457 1623 putantes
475 1587 601 1615 sufﬁcere
616 1586 650 1614 ad
668 1587 785 1614 salutem
806 1586 876 1614 hanc
891 1586 971 1614 nobi-

166 1633 280 1661 litatem.
294 1634 357 1660 Non
368 1632 451 1669 igitur
459 1633 520 1660 estis
532 1631 579 1659 lilii
592 1632 721 1665 Abrahae,
729 1631 826 1667 inquit,
839 1639 902 1659 cum
911 1632 971 1659 sitis

165 1677 321 1712 homicidae,
340 1681 366 1705 et
390 1677 519 1713 quaeratis
546 1685 590 1704 me
613 1677 735 1704 ocidere.
765 1678 913 1712 Propterea
937 1685 972 1703 ne

166 1723 228 1758 quis
241 1722 324 1756 dicat,
336 1724 414 1750 Juste
427 1726 556 1758 quaerunt
569 1726 596 1749 te
609 1722 743 1755 occidere,
759 1721 859 1757 inquit,
877 1721 974 1748 Homi-

167 1775 231 1796 nem
246 1775 301 1795 non
317 1766 503 1795 adversarium
521 1768 590 1799 DeoI
602 1774 691 1802 neque
701 1774 784 1794 suam
799 1770 973 1801 qnwrentem

169 1812 294 1848 gloriam,
321 1811 369 1839 sed
385 1819 447 1848 qua:
461 1811 552 1839 audivi
568 1819 583 1838 a
606 1812 684 1838 Patre
698 1818 759 1838 meo
773 1831 782 1845 ,
798 1810 854 1844 illa,
875 1818 974 1846 nempe

168 1857 322 1890 veritatem.
338 1856 486 1884 dicentem.
503 1855 601 1892 Qualis
618 1859 711 1883 autem
726 1859 784 1883 erat
795 1855 892 1882 veritas
904 1855 975 1889 ista?

170 1902 216 1930 Vel
234 1901 308 1938 quod
324 1901 437 1937 aequalis
451 1902 487 1929 sit
503 1900 586 1933 Patri,
602 1904 630 1928 et
644 1909 698 1928 non
713 1908 807 1928 servus
819 1900 891 1927 sicut
904 1908 973 1928 unus

170 1947 379 1983 prophetarum,
397 1946 443 1974 Sed
455 1946 539 1982 625
556 1945 654 1978 Filius,
677 1944 746 1972 nihil
772 1946 911 1980 proprium
931 1946 973 1973 vel

171 1991 275 2019 faciens
302 1991 343 2019 vel
372 1991 485 2025 docens,
508 1991 556 2019 sed
568 1990 661 2018 omnia
681 1997 742 2026 quae
768 1990 877 2017 Patris?
902 1991 974 2018 Nam

171 2041 284 2072 propter
309 2036 367 2065 haec
404 2036 567 2072 quaerebant
592 2035 670 2062 illum
707 2034 841 2062 occidere.
871 2037 907 2062 At
935 2034 973 2062 illi

171 2089 283 2109 rursum
307 2081 436 2109 dicebant
453 2089 460 2107 :
484 2092 496 2104 α
514 2082 570 2108 Nos
586 2087 619 2107 ex
641 2078 828 2107 fornicatione
849 2087 904 2106 non
931 2087 975 2107 su-

172 2134 233 2154 mus
257 2127 324 2158 nati,
338 2134 426 2154 unum
448 2126 555 2153 Patrem
578 2124 714 2152 habemus
733 2126 837 2152 Deum.
860 2135 874 2148 ν
903 2123 974 2152 Vide

1025 1590 1077 1617 τῶν
1096 1589 1206 1628 ψυχῶν,
1229 1588 1403 1616 καταστέλλει
1423 1587 1470 1622 τὴν
1485 1588 1515 1616 ἐκ
1530 1589 1576 1621 τῆς
1589 1586 1700 1622 οἰήσεως
1716 1589 1761 1621 τῆς
1777 1587 1825 1616 ἐπὶ

1026 1635 1059 1673 τῇ
1074 1635 1121 1662 τοῦ
1146 1631 1267 1670 Ἀϐραὰμ
1282 1631 1419 1672 συγγενεῖς)
1443 1631 1609 1671 φλεγμονὴν,
1635 1632 1671 1660 δι’
1695 1631 1727 1667 ἣν
1751 1633 1824 1661 ἐκω-

1025 1677 1118 1707 λύοντο
1141 1679 1292 1716 προσελθεῖν
1316 1679 1354 1716 τῷ
1370 1678 1498 1716 Χριστῷ,
1524 1677 1613 1716 ἀρκεῖν
1640 1677 1725 1708 αὐτοῖς
1741 1675 1826 1714 ἡγού-

1028 1734 1101 1761 μενοι
1127 1721 1190 1761 πρὸς
1215 1721 1348 1761 σωτηρίαν
1370 1721 1418 1756 τὴν
1442 1721 1566 1756 τοιαύτην
1589 1720 1750 1759 συγγένειαν.
1782 1722 1824 1750 Οὖ

1027 1766 1110 1796 τοίνυν
1127 1765 1185 1796 ἐστὲ
1202 1766 1280 1795 τέκνα
1302 1769 1347 1795 τοῦ
1373 1766 1494 1804 Ἀϐραὰμ
1518 1765 1650 1805 μιαιφόνοι
1666 1765 1739 1797 ὄντες
1751 1788 1758 1801 ,
1777 1766 1824 1794 καὶ

1028 1811 1163 1847 ζητοῦντές
1177 1823 1208 1849 με
1223 1813 1384 1840 ἀποκτεῖναι.
1407 1806 1473 1840 Εἶτα
1484 1834 1491 1847 ,
1511 1810 1555 1839 ἵνα
1574 1810 1611 1848 μή
1626 1822 1664 1843 τις
1678 1809 1739 1848 εἴπῃ
1753 1832 1760 1846 ,
1776 1812 1825 1839 Δι-

1028 1857 1108 1890 καίως
1127 1867 1156 1884 σε
1173 1858 1293 1892 ζητοῦσιν
1307 1858 1481 1891 ἀποκτεῖναι,
1498 1855 1595 1895 φησὶν,
1610 1854 1761 1894 Ἄνθρωπον
1777 1856 1827 1884 οὐκ

1029 1902 1162 1937 ἀντίθεον,
1178 1902 1235 1930 οὐδὲ
1250 1901 1297 1935 τὴν
1310 1901 1408 1929 οἰκείαν
1430 1902 1593 1928 συνιστῶντα
1609 1899 1684 1933 δόξαν
1694 1922 1700 1933 ,
1730 1899 1789 1928 ἀλλ’
1810 1900 1827 1928 ἃ

1029 1946 1129 1982 ἤκουσα
1146 1945 1219 1984 παρὰ
1233 1948 1278 1974 τοῦ
1297 1945 1402 1982 Πατρός
1429 1956 1496 1982 μου,
1519 1947 1603 1973 ταῦτα
1627 1945 1754 1982 λέγοντα,
1777 1945 1827 1973 καὶ

1029 1992 1076 2026 τὴν
1105 1991 1234 2028 ἀλήθειαν,
1255 1989 1430 2030 κηρύττοντα.
1474 1989 1541 2018 Ποία
1566 1989 1592 2018 δὲ
1617 1984 1648 2024 ἦν
1675 1990 1690 2024 ἡ
1712 1989 1826 2024 ἀλήθεια

1030 2036 1115 2071 aiis-ri;
1135 2031 1168 2064 Ἦ
1187 2034 1225 2064 ὅτι
1238 2034 1294 2067 ἴσος
1313 2034 1368 2063 ἐστὶ
1383 2036 1419 2073 τῷ
1439 2034 1525 2073 Πατρὶ
1536 2056 1544 2069 ,
1561 2033 1606 2062 καὶ
1631 2034 1659 2062 οὗ
1675 2034 1775 2068 δοῦλος,
1791 2035 1828 2066 ὡς

1030 2077 1066 2113 εἷς
1081 2082 1133 2109 τῶν
1153 2082 1312 2119 προφητῶν,
1336 2079 1394 2107 ἀλλ’
1416 2078 1494 2112 Υἱὸς,
1517 2078 1590 2108 οὐδὲν
1617 2077 1682 2107 ἴδιον
1707 2080 1791 2106 ποιῶν
1809 2079 1826 2113 ἢ

1029 2126 1130 2164 λέγων,
1147 2125 1216 2153 ἀλλὰ
1231 2124 1317 2152 πάντα
1335 2123 1366 2152 τὰ
1390 2127 1435 2153 τοῦ
1458 2123 1574 2161 Πατρός.
1602 2122 1653 2152 Διὰ
1673 2122 1724 2161 γὰρ
1739 2125 1828 2151 ταῦτα

172 2172 272 2199 sultam
302 2171 485 2199 inﬂationem.
516 2169 653 2197 Dominus
693 2171 720 2196 et
756 2177 771 2196 a
804 2169 966 2204 cognatione

1060 2171 1135 2205 ήτουν
1161 2168 1239 2198 αὐτὸν
1267 2170 1433 2198 ἀποκτεῖναι.
1460 2169 1496 2197 Οἱ
1518 2168 1545 2196 δὲ
1570 2168 1660 2197 πάλιν·
1678 2180 1691 2195 ι
1710 2166 1826 2204 ιΗμεῖς,

172 2216 291 2244 Abrahae
315 2216 387 2251 ejicit
401 2223 458 2249 eos,
475 2218 505 2242 at
523 2215 561 2242 illi
575 2214 611 2241 ita
633 2213 796 2247 efferuntur,
812 2217 844 2241 ut
861 2221 918 2249 prae
928 2221 971 2241 ar-

171 2261 294 2296 rogantia
308 2260 413 2295 seipsos
426 2260 473 2287 Dei
489 2259 570 2287 etiam
592 2259 662 2286 ﬁlios
674 2257 785 2286 faciant.
806 2259 880 2286 Nam
908 2258 973 2294 quia

171 2306 347 2339 audiverant,
364 2316 377 2329 οι
391 2304 472 2332 Filius
484 2303 685 2340 primogenitus
696 2311 773 2330 meus
786 2303 879 2336 Israel,
894 2314 906 2327 υ
917 2303 974 2338 glo-

172 2350 313 2377 riabantur
326 2349 360 2377 de
376 2349 466 2377 divina
493 2349 639 2384 adoptione
665 2347 798 2375 :tamelsi
819 2355 868 2375 eos
891 2347 974 2375 etiam

173 2395 269 2422 audire
279 2394 424 2430 oportebat
433 2394 507 2430 quod
519 2395 592 2421 Deus
602 2393 656 2421 alio
669 2393 730 2420 loco
740 2392 805 2420 dicit
813 2393 835 2410 ¹⁶
849 2401 878 2420 :a
892 2392 974 2420 Filios

174 2439 256 2475 genui
266 2443 293 2466 et
309 2440 435 2473 exaltavi,
451 2439 590 2466 illiautem
604 2442 766 2474 spreverunt
778 2445 832 2465 me.
848 2448 861 2461 ν
874 2439 977 2473 Quam.

174 2484 212 2512 vis
233 2488 325 2512 autem
351 2484 487 2512 Dominus
503 2483 638 2519 potuisset
652 2491 700 2510 eos
716 2489 828 2517 arguere
842 2481 918 2517 quod
943 2490 974 2510 ex

174 2533 269 2564 stupro
284 2529 365 2556 multi
379 2537 477 2557 eorum
493 2528 609 2556 fuissent
622 2527 678 2554 nati
695 2527 766 2562 (nam
781 2531 877 2554 contra
888 2527 975 2562 legem

174 2574 397 2602 admiscebantur
407 2574 534 2610 gentibus
546 2573 671 2601 Hebraeae
684 2571 822 2606 mulieres,
835 2575 861 2599 et
869 2571 976 2599 Iudaeis

173 2619 287 2655 gentiles
301 2619 450 2652 mulieres),
464 2627 520 2645 non
543 2622 639 2646 tamen
653 2616 729 2644 facit.
746 2617 808 2645 Non
831 2616 904 2644 enim
919 2620 977 2643 stu—

174 2663 257 2691 debat
275 2663 473 2700 reprehendere
485 2671 582 2691 eorum
606 2662 747 2690 carnalem
763 2661 973 2697 ignobilitatem,

175 2709 222 2737 sed
238 2709 265 2736 in
280 2708 332 2736 hoc
345 2713 405 2736 toto
414 2708 508 2736 studio
522 2707 707 2740 incumbebat,
721 2711 753 2734 ut
767 2706 914 2742 degeneres
929 2713 977 2733 eos

176 2753 328 2782 secundum
342 2754 467 2790 spiritum
484 2753 651 2782 ostenderet.

1028 2214 1128 2255 φασὶν,
1154 2215 1184 2243 ἐκ
1214 2213 1335 2252 πορνείας
1362 2213 1390 2241 οὐ
1419 2211 1605 2252 γεγεννήμεθα·
1637 2211 1683 2241 ἕνα
1715 2211 1823 2251 πατέρα

1031 2260 1042 2270 sl
1164 2259 1170 2268 \
1254 2257 1259 2265 ¹
1321 2256 1333 2269 υ
1419 2259 1426 2269 ι
1454 2259 1458 2266 r
1563 2257 1569 2266 ι
1677 2255 1685 2265 ς
1742 2257 1749 2265 ν
1762 2256 1768 2264 1

1029 2270 1123 2298 εχομεν
1146 2270 1189 2287 τον
1205 2260 1283 2288 Θεον.
1297 2271 1308 2283 υ
1335 2259 1395 2298 Ορα
1412 2269 1524 2292 ανοητον
1538 2268 1660 2297 φύσημα.
1688 2257 1713 2285 Ο
1728 2257 1829 2294 λυριος

1029 2303 1075 2334 καὶ
1102 2306 1146 2339 τῆς
1169 2305 1214 2332 τοῦ
1238 2301 1360 2341 Ἀϐραὰμ
1390 2301 1542 2340 συγγενείας
1570 2301 1693 2331 ἐκϐάλλει
1723 2300 1828 2334 αὐτούς·

1079 2348 1102 2364 n;
1139 2347 1153 2359 τι
1241 2349 1248 2358 9
1288 2350 1299 2365 γ
1350 2347 1356 2356 I
1484 2346 1497 2358 υ
1521 2358 1535 2364 _
1586 2347 1592 2357 ι
1611 2345 1618 2356 \
1745 2344 1753 2357 \
1806 2345 1830 2356 ν

1029 2351 1053 2378 οἳ
1077 2360 1102 2377 οε
1124 2359 1206 2380 ουτως
1234 2347 1453 2382 αλαςονευονται,
1479 2358 1548 2375 ωσ.ε
1570 2358 1640 2379 υιους
1665 2346 1772 2377 ἑαυτούς
1802 2357 1830 2379 ες

1031 2392 1155 2425 ἀπονοίας
1169 2391 1215 2421 καὶ
1229 2392 1308 2420 αὐτοῦ
1335 2395 1380 2420 τοῦ
1408 2393 1481 2420 Θεοῦ
1497 2393 1645 2420 ποιοῦνται.
1674 2388 1753 2420 Ἐπεὶ
1775 2390 1830 2429 γὰρ

1029 2438 1162 2474 ἤκουσαν,
1178 2437 1217 2466 ὅτι
1232 2450 1245 2462 ιι
1266 2436 1328 2469 Υἱὸς
1351 2435 1516 2475 πρωτότοκός
1532 2447 1582 2473 μου
1600 2434 1711 2474 Ἰσραὴλ
1722 2456 1731 2472 ,
1747 2445 1761 2461 n
1781 2435 1830 2463 αὕη

1064 2486 1078 2491 ιι
1145 2482 1151 2493 \
1222 2480 1228 2490 Ι
1374 2481 1380 2491 l
1496 2479 1503 2490 Ι
1567 2480 1577 2491 1
1654 2480 1661 2490 3
1700 2478 1706 2489 λ
1751 2480 1758 2490 9
1794 2483 1813 2490 ~

1030 2494 1108 2523 χουσι
1124 2494 1172 2518 την
1191 2484 1260 2510 Θειαν
1281 2483 1424 2510 υἱοθεσιαν.
1449 2482 1543 2510 Καιτοι
1564 2481 1616 2509 εδει
1633 2491 1727 2512 αυτους
1744 2491 1831 2510 unou-

1032 2539 1076 2556 σαι
1090 2528 1209 2565 ἀλλαχοῦ
1234 2525 1311 2554 πάλιν
1327 2528 1370 2554 τοῦ
1387 2527 1458 2555 Θεοῦ
1477 2524 1604 2564 λέγοντος·
1630 2538 1642 2550 οι
1661 2523 1738 2556 Υἱοὺς
1753 2524 1832 2562 ἐγέν-

1031 2584 1099 2607 νησα
1120 2570 1166 2600 καὶ
1183 2570 1289 2610 ὕψωσα³
1308 2569 1381 2599 αὐτοὶ
1404 2569 1431 2598 δέ
1446 2582 1477 2608 με
1491 2569 1634 2605 ἠθέτησαν.
1653 2582 1664 2594 ³
1688 2569 1784 2598 Καίτοι
1804 2570 1832 2598 δὲ

1031 2616 1174 2653 δυνάμενος
1198 2617 1211 2643 ὁ
1229 2613 1325 2653 Κύριος
1345 2614 1448 2654 ἐλέγξαι
1472 2614 1582 2651 αὐτοὺς,
1600 2613 1640 2643 ὅτι
1656 2614 1686 2641 ἐκ
1704 2613 1832 2652 πορνείας

1031 2660 1126 2690 πολλοὶ
1155 2661 1241 2689 αὐτῶν
1266 2660 1441 2698 ἐγεννήθησαν
1470 2658 1535 2698 (καὶ
1572 2659 1623 2698 γὰρ
1653 2657 1832 2696 ἐπεμίγνυντο

1032 2705 1105 2745 παρὰ
1120 2705 1163 2734 τὸν
1185 2705 1263 2742 νόμον
1279 2705 1386 2737 ἐθνικοῐς
1402 2703 1529 2742 Ἑϐραῖοιι
1543 2707 1683 2742 γυναῖκες,
1700 2701 1745 2731 καὶ
1762 2702 1833 2733 Ἰου-

1034 2751 1115 2780 δαίοις
1132 2749 1262 2788 ἐθνικαὶ),
1279 2748 1349 2787 ὅμως
1373 2751 1401 2778 οὐ
1422 2753 1491 2778 ποιεῖ
1517 2751 1602 2778 τοῦτο,
1624 2748 1664 2776 Οὐ
1685 2746 1736 2787 γὰρ
1751 2750 1834 2778 τοῦτο

176 2798 335 2833 ἐσπούδαζεν
359 2800 444 2828 αὐτῶν
467 2799 585 2839 ἐλέγχειν
609 2797 658 2833 τὴν
682 2795 838 2836 σωματικὴν
852 2795 1018 2835 δυσγένειαν³
1036 2795 1105 2824 ἀλλὰ
1129 2795 1158 2824 τὸ
1173 2799 1226 2824 πᾶν
1256 2795 1328 2834 αὐτῷ
1358 2794 1538 2832 σπούδασμα,
1573 2793 1705 2832 δυσγενεῖς
1736 2793 1835 2826 αὐτοὺς

177 2843 246 2874 κατὰ
259 2847 365 2882 πνεῦμα
385 2845 477 2879 δεῖξαι.

214 2885 235 2901 ¹⁶
255 2887 305 2913 lsa.
325 2893 347 2920 ι,
361 2887 387 2913 2.

1895 1531 1898 1658 ι
