1910 3077
110 187 144 213 29

487 185 682 212 ENARRATIO
704 185 735 212 IN
758 185 973 213 EVANGELIUM
991 185 1142 213 JOANNIS.
1162 201 1195 205 —
1215 186 1290 214 CAP.
1311 187 1378 214 Vill.

1723 188 1758 215 30

153 259 168 275 ι
187 242 269 277 Εἶπεν
287 247 376 280 αὐτοῖς
398 249 412 277 6
428 246 541 283 Ἰησοῦς·
555 249 614 278 Ei6
633 247 702 280 Θεὸς
720 247 810 286 πατὴρ
834 249 900 286 ὑμῶι

1000 249 1091 276 Vsus.
1117 251 1212 280 42,43.
1234 260 1245 272 -
1273 249 1349 276 Dixit
1362 249 1401 276 eis
1414 250 1506 283 Iesus,
1529 249 1557 277 Si
1581 250 1656 277 Deus
1679 253 1759 285 pater

111 288 143 328 ἧν
154 316 162 330 ,
179 294 303 330 ἠγαπᾶτε
316 293 346 321 ἂν
362 291 420 330 ἐμέ.
437 291 510 331 Ἐγὼ
524 293 575 332 γὰρ
589 293 619 321 ἐκ
634 295 680 321 τοῦ
693 294 763 322 Θεοῦ
780 293 886 328 ἐξῆλθον
898 316 906 328 ,

109 337 155 366 καὶ
171 336 239 373 ἥκω.
254 337 325 367 Οὐδὲ
339 337 390 377 γὰρ
411 336 457 366 ἀπ’
473 338 590 375 ἐμαυτοῦ
608 338 722 373 ἐλήλυθα
736 363 741 373 ,
755 339 814 366 ἀλλ’
838 339 908 366 ἐκεῖ·

106 381 148 415 νός
164 393 197 420 με
213 381 378 411 ἀπέστειλεν.
400 381 452 411 Διὰ
473 381 499 411 τί
522 382 570 418 τὴν
589 382 684 412 λαλιὰν
713 382 760 418 τὴν
790 382 857 420 ἐμὴν
878 383 907 412 οὖ

106 426 270 466 γινώσκετε;
285 425 352 456 "On
376 427 405 455 οὐ
430 426 541 456 δύνασθε
562 427 666 456 ἀκούειν
688 427 732 457 τὸν
761 426 836 465 λόγον
863 427 908 457 τὸν

107 471 185 509 ἐμόν.
199 485 210 497 ι
223 470 335 506 Ἐπειδὴ
349 471 471 506 ἐξέϐαλεν
484 471 577 505 αὐτοὺς
586 473 633 507 τῆς
645 471 709 511 πρὸς
719 471 763 501 τὸν
785 471 908 512 Ἀϐραὰμ

122 517 138 532 ἰ
184 516 190 527 ¹
326 517 334 526 ⁷
371 515 438 545 ὶέὶ
470 516 477 525 “
534 521 544 526 ’
649 517 655 527 ¹
797 516 804 526 “
880 517 886 525 “

107 528 288 552 οικειοτ-ητος,
305 527 369 545 αυτο
408 528 427 544 π
453 527 482 545 το
499 518 588 554 μειζον
611 516 762 553 ἀνεϐησαν,
781 527 823 546 τον
837 518 906 546 Θεον

106 561 262 599 ποιούμενοι
283 560 396 600 πατέρα,
421 560 472 594 (Ως
499 561 551 601 γὰρ
579 561 713 590 ὠνείδισεν
734 562 841 598 αὐτοῖς,
867 561 907 592 ὅτι

106 606 243 646 μιαιφόνοι
277 605 353 634 εἰσίν·
385 605 460 634 αὐτοὶ
493 605 584 646 ὥσπερ
612 607 906 646 ὑπεραπολογούμενοι,

105 651 147 680 ὅτι
161 652 206 680 τὸν
230 652 300 681 Θεὸν
321 650 473 686 ἐκδικοῦσι,
498 651 543 680 καὶ
564 650 607 680 διὰ
630 654 708 681 τοῦτο
733 650 906 690 βουλεύονται

104 697 167 725 κατ’
193 697 290 732 αὐτοῦ,
304 698 413 724 τοιαῦτα
431 695 548 734 λέγουσι.
571 696 618 725 Διὸ
638 695 683 725 καὶ
699 697 713 725 6
730 696 830 735 Κύριος
845 697 907 725 δει-

105 741 212 776 κνύων,
229 742 264 773 ὡς
287 739 338 780 ἄρα
356 741 385 770 οὗ
397 740 441 769 τὸν
457 740 527 771 Θεὸν
548 741 711 777 ἐκδικοῦσιν,
738 740 799 770 οὐδὲ
823 740 906 771 τέκνα

107 785 161 815 εἰσὶ
173 787 218 814 τοῦ
239 786 326 821 Θεοῦ,
342 785 374 814 δι’
399 784 463 814 αὐτὸ
481 788 559 814 τοῦτο
572 785 603 815 τὸ
617 787 730 825 μελετᾷν
751 785 810 814 κατ’
825 787 906 816 αὐτοῦ

106 831 201 870 φόνον,
224 833 258 862 ὥς
282 831 376 859 ἐκεῖνοι
391 829 491 870 ᾤοντο,
513 830 581 859 ἀλλὰ
607 831 708 867 μᾶλλον
726 831 905 861 ἐναντιοῦνται

104 877 146 915 τῷ
161 876 241 914 Θεῷ,
256 874 348 915 φῃσὶν,
362 873 402 904 ὅτι
414 887 425 900 ιι
441 876 473 904 Εἰ
484 876 497 903 6
508 875 577 908 Θεὸς
593 875 684 914 πατὴρ
696 876 770 912 ὑμῶν
785 871 826 911 ἦν,
838 877 906 915 ἠγα-

107 924 178 949 πᾶτε
196 922 226 949 ἂν
243 919 300 957 ἐμέ.
327 919 401 959 Ἐγὼ
412 919 462 959 γὰρ
485 920 514 948 ἐκ
536 922 581 948 τοῦ
599 920 670 949 Θεοῦ
697 919 819 956 ἐξῆλθον,
839 934 852 946 ι
869 922 905 954 εἰς

105 965 153 993 τὸν
169 965 284 1002 κόσμον,
307 964 428 999 δηλονότι
453 963 522 993 κατὰ
533 964 581 999 τὴν
597 965 623 993 ἐν
638 964 718 1004 σαρκὶ
740 965 902 1004 παρουσίαν,

106 1009 156 1044 Μὴ
187 1009 238 1049 γὰρ
273 1008 390 1042 ἀντίθεός
416 1010 481 1047 εἰμι’
512 1008 558 1037 ἀπ’
585 1008 685 1038 ἐκείνου
713 1005 804 1045 ἦλθον·
835 1010 904 1039 ὥστε

105 1054 208 1083 ἐκείνου
229 1053 287 1082 ἐστὲ
301 1053 408 1093 ἐχθροὶ,
432 1052 491 1091 ἐμοὶ
508 1055 696 1092 πολεμοῦντες,
710 1067 723 1081 ι
744 1053 796 1083 Διὰ
816 1054 842 1084 τί
857 1054 904 1090 τὴν

106 1097 207 1127 λαλιὰν
226 1098 275 1133 τὴν
300 1097 367 1136 ἐμὴν
389 1099 418 1127 οὖ
435 1098 599 1137 γινώσκετε,
624 1113 636 1124 ιν
654 1098 713 1128 οὐδὲ
735 1098 836 1128 συνίετε
857 1099 903 1129 καὶ

103 1144 189 1172 νοεῖτε
205 1143 221 1172 ἃ
244 1142 328 1181 λέγως
349 1137 387 1172 ’Ἦ
406 1143 514 1176 πάντως
536 1144 568 1172 δι’
585 1142 658 1172 οὐδὲν
675 1143 757 1180 ἄλλο,
813 1143 843 1173 τὸ
865 1144 902 1182 μὴ

105 1188 234 1217 δύνασθαι
250 1187 353 1216 ἀκούειν
366 1187 410 1216 τὸν
422 1187 498 1226 λόγον
514 1199 564 1225 μου
575 1210 582 1223 ,
602 1187 739 1223 τουτέστι,
762 1188 792 1217 τὸ
809 1188 846 1226 μὴ
862 1188 904 1218 θέ-

101 1233 158 1261 λειν
171 1232 215 1271 (τὸ
225 1233 276 1271 γὰρ
289 1231 326 1270 μὴ
344 1231 487 1269 δύνασθαι,
502 1232 560 1261 ἀντὶ
574 1236 619 1262 τοῦ
633 1232 670 1271 μὴ
685 1232 768 1262 θέλειν
783 1233 900 1272 κεῖται),

100 1275 176 1310 ι’Έως
201 1276 253 1317 γὰρ
268 1276 356 1316 φθόνος
372 1278 398 1305 ἐν
423 1279 485 1314 ὑμῖν
509 1277 697 1313 πολιτεύεται,
721 1277 767 1307 καὶ
795 1279 901 1318 φονῶσα

104 1321 200 1361 γνώμη
211 1346 218 1356 ,
234 1323 289 1353 πῶς
301 1321 440 1356 δυνήσεσθε
458 1322 562 1350 ἀκούειν
578 1321 594 1350 ἃ
608 1321 694 1361 λέγως

146 1377 161 1394 (ί
179 1366 271 1404 Ὑμεῖς
287 1366 317 1395 ἐκ
327 1369 373 1395 τοῦ
386 1366 486 1404 πατρὸς
501 1369 546 1395 τοῦ
563 1366 687 1396 διαϐόλου
704 1366 763 1396 ἐστὶ
773 1388 781 1403 ,
794 1366 839 1396 καὶ
854 1366 900 1401 τὰς

99 1411 242 1448 ἐπιθυμίας
261 1414 306 1440 τοῦ
331 1410 430 1450 πατρὸς
447 1413 522 1449 ὑμῶν
546 1411 634 1441 θέλετε
659 1415 756 1442 ποιεῖν.
782 1411 900 1446 Ἐκεῖνος

100 1455 316 1495 ἀνθρωποκτόνος
332 1451 363 1491 ἦν
385 1455 431 1483 ἀπ’
448 1457 551 1495 ἀρχῆς,
569 1455 615 1485 καὶ
631 1457 657 1485 ἐν
675 1459 708 1495 τῇ
724 1457 836 1497 ἀληθείᾳ
851 1458 901 1497 οὐχ

101 1500 225 1536 ἕστηκεν,
237 1499 278 1529 ὅτι
290 1501 338 1529 οὒκ
350 1501 420 1529 ἔστιν
431 1501 542 1535 ἀλήθεια
554 1502 580 1530 ἐν
592 1501 674 1541 αὐτῷ.
685 1499 776 1530 c'0‘ch
790 1503 860 1542 λαλῇ
871 1503 900 1532 τὸ

98 1546 208 1585 ψεῦδος,
233 1546 263 1574 ἐκ
278 1546 330 1573 τῶν
347 1544 418 1574 ἰδίων
435 1545 530 1581 λαλεῖ,
547 1545 588 1574 ὅτι
603 1546 719 1586 ψεύστης
734 1546 803 1582 ἐστὶ,
822 1546 868 1575 καὶ
885 1548 899 1576 6

922 948 947 979 Β

962 297 1051 321 vester
1074 298 1155 327 esset,
1180 293 1328 329 diligeretis
1351 294 1447 329 utique
1463 301 1516 321 me.
1543 295 1601 329 Ego
1624 295 1699 322 enim
1723 303 1756 323 ex

964 339 1022 366 Dco
1038 339 1170 374 processi,
1186 342 1214 366 et
1229 339 1289 366 veni
1304 349 1310 367 :
1334 346 1422 374 neque
1437 339 1512 366 enim
1535 346 1549 366 a
1564 339 1668 374 meipso
1684 340 1756 374 veni,

962 382 1010 410 sed
1025 383 1070 410 ille
1084 391 1128 411 me
1139 383 1225 410 misit.
1243 383 1335 419 Quare
1350 383 1487 419 loquelam
1503 391 1594 410 meam
1607 391 1662 410 non
1673 391 1758 419 agno-

962 427 1056 456 scitis?
1069 428 1137 462 Quia
1149 436 1205 456 non
1217 428 1330 465 potestis
1346 428 1440 456 audire
1455 435 1612 455 sermonem
1624 435 1727 456 meum.
1743 439 1756 452 ιι

962 473 1115 508 Postquam
1130 473 1212 509 ejccit
1223 481 1271 500 eos
1286 480 1301 500 a
1317 472 1421 500 familia
1434 472 1565 506 Abrahae,
1581 473 1632 508 ipsi
1648 472 1674 500 in
1686 480 1759 500 arro-

962 518 1084 553 gantiam
1102 518 1285 554 prolicicntes,
1308 517 1414 546 faciunt
1430 519 1519 545 Deum
1543 521 1649 553 patrem
1665 525 1757 545 suum.

962 562 1019 590 Ubi
1034 562 1108 590 enim
1132 563 1314 598 opprobravit
1336 562 1377 590 eis
1392 562 1467 598 quod
1489 561 1637 590 homicidae
1653 566 1758 595 essent,

962 606 1014 643 ipsi
1029 615 1079 642 pro
1094 606 1254 635 defensione
1270 606 1390 635 afferunt
1404 605 1480 643 quod
1504 608 1606 641 _Dcum
1622 606 1759 634 vindicent

962 655 989 679 et
1005 656 1146 687 propterea
1159 653 1316 679 consultant
1329 655 1425 679 contra
1438 659 1512 684 eum,
1528 655 1555 678 et
1575 651 1639 679 talia
1650 651 1756 680 dicunt.

962 696 1027 724 ldeo
1042 701 1069 724 et
1087 697 1223 724 Dominus
1237 702 1396 724 monstrans
1412 695 1487 732 quod
1503 696 1582 731 plane
1597 703 1652 723 non
1667 697 1757 724 Deum

962 741 1110 775 vindicent,
1126 749 1214 777 neque
1237 741 1282 768 lilii
1297 742 1353 769 sint
1379 741 1439 774 Dei,
1466 740 1632 768 meditantes
1654 741 1757 770 eaedem

961 790 1056 814 contra
1072 794 1111 819 se,
1125 786 1196 814 sicut
1210 786 1247 814 illi
1263 786 1477 818 arbitrabantur,
1493 786 1540 813 sed
1556 786 1646 822 magis
1660 786 1757 814 adver-

961 832 1010 859 sati
1025 835 1119 859 essent
1134 833 1204 865 Deo,
1219 831 1283 858 dicit
1296 842 1301 858 :
1320 843 1332 855 ι
1348 831 1375 859 Si
1391 832 1464 859 Deus
1479 835 1556 866 pater
1570 835 1660 859 vester
1673 835 1755 865 esset,

960 876 1110 912 diligeretis
1125 884 1178 904 me.
1197 877 1253 912 ligo
1274 875 1349 904 enim
1365 884 1397 903 ex
1414 877 1471 903 Deo
1485 875 1567 909 exivi,
1586 887 1597 899 ι
1623 875 1650 903 in
1674 883 1756 903 mun-

959 920 1028 949 dum
1043 921 1179 954 videlicet,
1192 921 1275 957 juxta
1291 921 1438 948 adventum
1453 921 1481 948 in
1495 928 1588 948 carne.
1604 921 1666 948 Non
1681 921 1756 949 enim

960 973 1022 994 sum
1045 965 1216 993 adversarius
1240 966 1310 998 Deo,
1325 973 1340 992 a
1359 973 1414 1001 quo
1429 965 1501 998 veni,
1527 969 1555 992 et
1569 965 1607 993 ita
1622 965 1696 993 illius
1709 974 1758 993 vos

959 1010 1026 1038 estis
1047 1010 1164 1044 inimici,
1189 1017 1233 1037 me
1259 1010 1459 1046 impugnantes.
1485 1010 1576 1045 Quare
1599 1017 1755 1038 sermonem

959 1063 1053 1083 meum
1079 1063 1137 1082 non
1165 1055 1342 1090 cognoscitis,
1375 1062 1462 1090 neque
1486 1054 1635 1090 intelligitis
1666 1063 1756 1091 neque

958 1099 1082 1135 cogitatis
1101 1107 1162 1135 qua:
1184 1099 1294 1127 dicam?
1316 1099 1436 1127 Omnino
1462 1099 1544 1135 plane
1562 1103 1673 1135 propter
1687 1100 1754 1127 nihil

957 1144 1040 1179 aliud,
1055 1152 1141 1180 quam
1159 1144 1232 1180 quod
1257 1152 1313 1172 non
1339 1144 1452 1180 potestis
1475 1143 1570 1171 audire
1597 1152 1754 1172 sermonem

958 1197 1064 1220 meum.
1080 1189 1131 1216 hoc
1151 1194 1202 1224 est,
1224 1197 1281 1216 non
1299 1189 1388 1216 vultis.
1404 1190 1466 1216 Non
1491 1197 1570 1225 posse
1595 1189 1681 1222 enim,
1704 1197 1754 1224 pro

957 1242 1013 1262 non
1029 1234 1094 1262 velle
1121 1234 1243 1269 ponitur.
1272 1233 1402 1269 Quandiu
1416 1233 1493 1261 enim
1517 1233 1545 1261 iu
1560 1234 1639 1262 vobis
1656 1233 1754 1262 odium

957 1278 1051 1313 fuerit,
1079 1283 1106 1306 et
1134 1287 1214 1306 mens
1236 1278 1425 1315 sanguinaria,
1460 1278 1602 1314 quomodo
1629 1279 1752 1314 poteritis

956 1323 1051 1352 audire
1064 1331 1125 1360 quae
1138 1323 1220 1351 dico?

993 1369 1084 1396 Vens.
1100 1370 1194 1396 44-45.
1213 1377 1227 1394 α
1242 1369 1298 1396 Vos
1312 1375 1347 1396 ex
1361 1371 1438 1404 patre
1453 1367 1563 1395 diabolo
1576 1367 1651 1401 estis,
1665 1372 1692 1396 et
1704 1367 1751 1396 de-

955 1412 1054 1441 sideria
1069 1413 1154 1449 patris
1169 1413 1250 1440 vestri
1265 1413 1349 1441 vultis
1364 1413 1464 1441 facere.
1483 1412 1532 1440 llle
1545 1413 1684 1440 homicida
1694 1417 1754 1441 erat

955 1459 988 1486 ab
1004 1458 1094 1490 initio.
1119 1462 1147 1486 et
1171 1458 1198 1486 in
1220 1459 1338 1486 veritate
1363 1466 1418 1486 non
1441 1459 1526 1492 stetit,
1553 1459 1619 1494 quia
1639 1466 1695 1486 non
1710 1462 1753 1486 est

955 1504 1054 1531 veritas
1062 1503 1091 1530 in
1104 1511 1148 1531 eo.
1161 1504 1232 1531 Cum
1247 1503 1370 1539 loquitur
1384 1502 1573 1536 mendacium,
1589 1511 1620 1530 ex
1634 1503 1754 1539 propriis

954 1548 1088 1584 loquitur,
1115 1548 1179 1583 quia
1207 1548 1325 1576 mendax
1351 1552 1405 1582 est,
1436 1551 1463 1576 et
1487 1552 1564 1584 pater
1586 1548 1646 1583 ejus
1667 1557 1673 1576 ς
1701 1556 1752 1584 ego

99 1590 191 1628 πατὴρ
208 1590 300 1619 αὐτοῦ.
316 1588 389 1629 Ἐγὼ
406 1589 433 1618 δὲ
449 1589 488 1618 ὅτι
500 1590 548 1624 τὴν
567 1590 692 1625 ἀλήθειαν
706 1589 792 1629 λέγω,
809 1591 838 1619 οὐ
855 1603 899 1620 πι-

978 1597 1056 1625 item,
1072 1593 1136 1629 quia
1152 1593 1298 1621 veritatem
1323 1593 1395 1627 dico,
1420 1601 1478 1620 non
1500 1592 1611 1621 creditis
1635 1592 1712 1620 mihi.
1737 1604 1750 1617 ι

101 1634 207 1664 στεύετί
216 1646 271 1673 μοι.
285 1647 300 1662 ι)
316 1629 408 1672 Εἶπεν,
423 1633 462 1663 ὅτι
476 1646 489 1661 (ι
502 1635 542 1664 Οὐ
553 1634 664 1664 δύνασθε
680 1635 784 1664 ἀκούειν
795 1635 839 1664 τὸν
853 1636 898 1666 λό-

99 1690 147 1718 γον
161 1691 222 1718 μου,
236 1690 250 1707 ι»
264 1679 322 1708 ἀντὶ
336 1681 391 1715 τοῖ’),
405 1679 446 1709 Οὐ
457 1678 591 1718 βούλεσθε.
605 1675 672 1709 Εἶτα
685 1680 778 1718 ἐπάγει
790 1680 836 1710 καὶ
848 1680 896 1716 τὴν

119 1726 126 1736 3
149 1725 155 1734 Ι
308 1725 315 1735 Ἤ
410 1724 415 1733 Ι
563 1724 568 1732 ¹
607 1725 614 1734 ὶ
674 1727 690 1733 ~
771 1724 778 1735 ἲ
832 1728 848 1734 ιι.

99 1736 200 1760 αιτιαν,
208 1724 280 1753 διατί
291 1735 338 1752 ουκ
350 1724 506 1759 ἠϐουλοντο·
521 1727 594 1754 Διοτι
603 1736 633 1753 εκ
645 1736 690 1753 του
699 1736 797 1764 πατρος
803 1727 895 1754 reuol-

99 1768 173 1798 κείου
195 1770 256 1807 ὓμῑν
279 1770 346 1798 ἐστι’
362 1768 452 1805 ποίου,
478 1769 566 1807 λέγω;
583 1771 630 1798 τοῦ
649 1769 785 1799 διαϐόλου.
803 1769 898 1804 ’Υιιεῖς

98 1813 149 1852 μὲν
164 1812 215 1852 γὰρ
230 1812 274 1842 τὸν
288 1813 356 1843 Θεὸν
373 1815 474 1846 ἑαυτοῖς
490 1813 592 1854 πατέρα
610 1814 817 1852 ἀπονενοημένοι
833 1816 894 1844 ἐπι-

96 1859 238 1898 γράφεσθε·
255 1858 288 1886 τὰ
305 1857 332 1887 δὲ
347 1857 410 1898 ἔργα
425 1859 500 1896 ὑμῶν
521 1858 564 1887 τὸν
598 1858 720 1887 διάϐολον
737 1861 799 1897 ὑμῖν
813 1871 896 1899 προσ-

99 1904 230 1942 μαρτυρεῖ
252 1902 355 1941 πατέροι
373 1902 559 1942 γνησιώτερον·
574 1902 678 1943 ,τούτου
700 1902 752 1943 γὰρ
769 1903 818 1937 τὰς
833 1905 894 1934 ἐπι-

97 1947 196 1984 θυμίας
211 1948 300 1976 θέλετε
314 1951 408 1976 ποιεῖν.
430 1948 483 1977 Καὶ
499 1949 545 1977 οὐκ
563 1942 637 1983 εἷπε,
654 1947 697 1977 Τὰ
713 1942 794 1988 ἔργα,
811 1949 896 1986 ἀλλὰ,

98 2003 113 2020 ι
131 1992 188 2024 Τὰς
201 1991 358 2030 ἐπιθυμίας,
378 2003 392 2020 n
422 1991 523 2026 δεικνὺς
546 1992 586 2022 ὅτι
608 1992 708 2033 σφόδρα
734 1994 893 2031 ἐπιθυμητι-

95 2038 150 2070 κῶς
170 2037 298 2066 διέκειντο
317 2036 379 2075 περί
400 2048 429 2066 τε
450 2037 480 2066 τὸ
503 2038 597 2077 ψεῦδος
623 2037 667 2066 καὶ
694 2037 738 2067 τὸν
767 2038 862 2078 φόνον,
877 2039 894 2068 ἃ

97 2080 230 2110 ἰδιαίτατα
249 2080 324 2122 κακὰ
341 2083 388 2110 τοῦ
404 2081 538 2111 διαϐόλου.
559 2094 572 2109 ιι
591 2081 708 2115 Ἐκεῖνος
723 2082 774 2121 γὰρ
788 2084 892 2122 ἀνθρω-

94 2125 222 2160 ποκτόνος
245 2121 276 2161 ἦν
294 2125 341 2155 ἀπ’
356 2127 449 2166 ἀρ’(ἦςο
468 2139 482 2154 :o
509 2125 577 2156 ὥστε
603 2126 649 2155 καὶ
665 2129 739 2164 ὑμεῖς
754 2128 894 2163 ζητοῦντές

95 2182 131 2205 με
149 2172 318 2207 ἀποκτεῖναι,
341 2171 434 2211 ἐκείνῳ
457 2171 560 2200 ἐοίκατε
583 2173 622 2212 τῷ
641 2172 685 2200 τὸν
702 2171 796 2212 Ἀδὰμ
809 2176 893 2203 θανα-

94 2214 220 2245 τώσαντι.
234 2215 315 2245 Ἀλλὰ
335 2227 347 2244 ι
361 2216 406 2245 καὶ
422 2217 447 2244 ἐν
460 2218 492 2255 τῇ
509 2215 619 2257 ἀληθείᾳ
634 2217 684 2256 οὐχ
699 2216 810 2253 ἔστηκεν
821 2220 891 2248 ἐκεῖ·

951 1638 1074 1672 Dixerat,
1087 1639 1149 1666 Non
1167 1638 1282 1674 potestis
1301 1638 1395 1666 audire
1409 1645 1567 1666 sermonem
1582 1645 1688 1670 meum,
1700 1637 1751 1665 hoc

951 1687 1004 1717 est,
1015 1691 1073 1710 non
1085 1683 1178 1710 vultis.
1193 1682 1297 1711 Deinde
1309 1682 1400 1710 subdit
1409 1683 1493 1711 etiam
1504 1690 1629 1713 causam.
1640 1686 1751 1718 propter

951 1736 1034 1764 quam
1050 1736 1108 1755 non
1124 1728 1262 1761 volebant,
1279 1729 1317 1755 Eo
1331 1727 1416 1764 quod,
1432 1728 1529 1764 inquit,
1556 1735 1589 1755 ex
1604 1732 1680 1763 patre
1704 1727 1750 1755 illo

951 1777 1041 1800 vestro
1065 1773 1147 1806 estis,
1174 1781 1229 1808 quo
1243 1772 1324 1800 dico?
1352 1773 1473 1800 diabolo.
1506 1773 1577 1800 Nam
1592 1772 1678 1808 626
1702 1779 1752 1800 vos

951 1817 1061 1853 quidem
1076 1818 1198 1847 asseritis
1211 1817 1289 1845 vobis
1304 1821 1410 1852 patrem
1431 1818 1522 1844 Deum
1548 1825 1596 1852 per
1618 1825 1749 1852 arrogan-

950 1862 1029 1893 tiam,
1051 1865 1078 1888 et
1101 1870 1182 1897 opera
1208 1866 1297 1889 vestra
1321 1865 1458 1888 testantur
1481 1861 1620 1888 diabolum
1643 1865 1750 1896 patrem

949 1910 1073 1933 vestrum
1088 1906 1176 1942 magis
1189 1914 1361 1942 germanum.
1379 1907 1450 1934 Nam
1465 1905 1524 1940 ejus
1536 1905 1671 1933 desideria
1687 1905 1748 1933 vul-

948 1951 985 1978 tis
1001 1951 1102 1979 facere.
1121 1952 1156 1978 Et
1166 1959 1223 1979 non
1233 1951 1307 1979 dixit
1318 1951 1418 1986 Opera,
1431 1950 1480 1978 sed
1493 1950 1647 1984 Desideria,
1656 1954 1749 1978 osten-

949 1995 1015 2024 dens
1028 1996 1097 2024 mire
1112 1995 1229 2024 affectos
1251 1995 1392 2024 homicidii
1406 1994 1601 2030 mendaciique
1623 1994 1746 2029 libidine,

946 2048 1009 2077 quae
1025 2041 1145 2069 maxime
1158 2041 1269 2077 propria
1286 2040 1357 2068 mala
1371 2044 1437 2068 sunt
1452 2039 1564 2068 diaboli.
1580 2049 1595 2066 (ι
1608 2039 1657 2068 Ille
1672 2039 1745 2067 enim

948 2085 1086 2114 homicida
1103 2085 1157 2114 fuit
1181 2087 1216 2114 ab
1241 2086 1332 2119 initio,
1356 2096 1369 2110 ν
1394 2089 1476 2121 atque
1501 2085 1539 2112 ita
1564 2092 1616 2112 vos
1640 2092 1750 2120 quoque

948 2136 1102 2167 quzerentes
1117 2139 1162 2159 me
1183 2131 1316 2166 occidere,
1336 2131 1441 2158 similes
1455 2129 1521 2158 facti
1545 2130 1612 2157 estis
1635 2130 1683 2163 illi,
1700 2130 1747 2166 qui

947 2176 1036 2204 Adam
1049 2176 1156 2204 occidit.
1172 2176 1246 2211 Quin
1267 2187 1280 2200 α
1301 2179 1329 2203 et
1350 2175 1393 2203 ille
1420 2175 1447 2202 in
1463 2175 1577 2202 veritate
1590 2183 1646 2202 non
1661 2175 1746 2209 stetit,

948 2220 996 2248 sed
1012 2221 1150 2249 mendacii
1165 2225 1241 2257 pater
1258 2225 1315 2255 est;
1337 2232 1350 2245 ι
1371 2220 1455 2255 igitur
1469 2223 1497 2247 et
1512 2227 1560 2247 vos
1584 2219 1747 2247 mentientes

98 2272 160 2296 νος,
177 2273 190 2287 γ)
216 2259 285 2289 ἀλλὰ
302 2263 348 2289 τοῦ
370 2260 479 2301 ψεύδους
503 2261 559 2290 ἐστὶ
582 2261 683 2301 πατήρ·
701 2262 746 2290 καὶ
760 2264 834 2300 ὑμεῖς
849 2259 893 2292 οὖν

989 2266 1124 2300 dicentes,
1140 2267 1211 2302 quod
1227 2273 1286 2294 non
1301 2265 1353 2293 sim
1369 2273 1402 2292 ex
1417 2266 1488 2299 Deo,
1516 2268 1543 2292 et
1564 2272 1621 2292 non
1643 2267 1747 2292 stantes

93 2304 322 2345 καταψευδόμενοί
342 2317 408 2343 μου,
431 2305 475 2334 καὶ
502 2305 637 2344 λέγοντες,
654 2305 695 2335 ὅτι
719 2307 766 2336 οὖκ
788 2308 843 2345 εἰμὶ
861 2309 890 2337 ἐκ

93 2351 141 2378 τοῦ
157 2350 243 2386 Θεοῦ,
255 2349 301 2379 καὶ
317 2349 353 2387 μὴ
371 2350 510 2388 ἱστάμενοι
525 2351 552 2379 ἐν
563 2353 595 2390 τῇ
613 2351 739 2390 ἀληθείᾳ,
756 2352 825 2390 μηδὲ
843 2354 891 2391 ἐμ-

93 2395 214 2432 μένοντες
230 2396 267 2434 τῷ
291 2395 346 2434 ἐμῷ
361 2395 448 2434 λόγῳ,
467 2395 565 2424 ἐκείνου
586 2395 665 2424 τέκνα
688 2395 747 2425 ἐστὲ
759 2419 767 2432 ,
797 2399 844 2426 τοῦ
860 2398 890 2427 τὸ

92 2440 188 2479 ψεῦδος
199 2439 329 2472 τεκόντος.
345 2438 463 2472 Ἐκεῖνος
478 2439 529 2479 γὰρ
545 2440 590 2468 καὶ
606 2440 649 2469 τὸν
667 2440 737 2470 Θεὸν
753 2441 817 2481 πρὸς
831 2441 890 2475 τοὺς

91 2483 246 2523 ἀνθρώπους
260 2483 383 2523 διέϐαλε,
397 2485 461 2523 πρὸς
472 2484 519 2520 τὴν
535 2483 606 2514 Εὔαν
623 2484 705 2514 εἰπὼν
715 2507 722 2520 ,
735 2485 775 2514 ὅτι
787 2500 798 2511 α
815 2488 888 2516 Φθο-

89 2530 143 2556 νῶν
159 2530 221 2566 ὑμῖν
241 2528 361 2568 ἀπεῖρξεν
392 2530 459 2566 ὑμᾶς
483 2532 529 2558 τοῦ
557 2529 645 2563 ξύλου·
666 2542 679 2559 ιι
698 2530 744 2560 καὶ
761 2531 825 2571 πρὸς
845 2532 890 2560 τὸν

89 2573 161 2602 Θεὸν
187 2573 268 2602 πάλιν
290 2573 349 2607 τοὺς
367 2573 521 2612 ἀνθρώπους
543 2574 682 2611 διέϐαλεν,
698 2577 732 2608 ὡς
748 2575 791 2604 τὸν
807 2575 889 2613 Ἰὼϐ,

89 2617 186 2658 λέγων’
207 2629 221 2644 ιι
235 2617 281 2653 Μὴ
297 2619 398 2658 δωρεὰν
414 2618 477 2648 Ἰὼϐ
492 2618 600 2648 σέϐεται
615 2620 658 2649 τὸν
670 2620 756 2656 Θεόν;
773 2632 786 2649 ι)
801 2620 889 2651 Ὅταν

90 2657 134 2691 οἶν
149 2663 219 2701 λαλῇ
241 2662 270 2690 τὸ
286 2664 396 2702 ψεῦδος,
413 2665 442 2692 ἐκ
459 2665 510 2692 τῶν
536 2663 609 2693 ἰδίων
629 2665 714 2694 λοιλεῖ⁸
738 2666 887 2703 τουτέστιν,

89 2707 223 2746 ἄνθρωποι
248 2707 297 2743 μὲν
326 2709 363 2737 τῶ
390 2708 480 2747 ψεύδει
513 2708 668 2748 χρώμενοι,
696 2711 732 2744 ὡς
756 2711 887 2752 ἀλλοτρίῳ

88 2753 207 2791 χρῶνται
222 2751 317 2793 τούτῳ
331 2753 344 2781 6
367 2752 488 2786 διάϐολος
504 2753 531 2782 δὲ
552 2754 587 2787 ὡς
613 2753 670 2794 ἰδίῳ
687 2756 768 2784 αὐτοῦ
783 2751 885 2796 κέχρηέ

128 2836 150 2853 ¹⁷
165 2837 236 2866 Gen.
249 2844 296 2871 m,
311 2840 338 2866 5.
350 2837 371 2854 ¹³
384 2837 482 2866 Matth.
495 2846 526 2872 x,
543 2841 586 2866 34.

944 2310 972 2338 in
988 2311 1112 2345 veritate,
1136 2319 1224 2347 neque
1238 2314 1382 2338 manentes
1396 2310 1422 2337 in
1446 2317 1508 2337 meo
1523 2317 1660 2342 sermone,
1676 2309 1747 2336 illius

945 2355 993 2384 ﬁlii
1024 2356 1101 2389 estis,
1127 2356 1175 2392 qui
1203 2355 1379 2384 mendacium
1409 2355 1523 2390 peperit.
1554 2355 1626 2382 Nam
1650 2354 1695 2381 ille
1720 2357 1747 2381 et

943 2402 1035 2428 Deum
1050 2400 1122 2436 apud
1137 2401 1265 2428 homines
1283 2400 1444 2428 criminatus
1467 2403 1510 2427 est
1532 2400 1614 2433 Evae,
1638 2398 1745 2432 dicens,

947 2458 959 2470 ιι
978 2445 1107 2473 Invidens
1121 2446 1208 2477 vobis,
1225 2445 1365 2481 prohibuit
1379 2453 1428 2472 vos
1442 2453 1457 2472 a
1472 2443 1579 2481 ligno”.
1606 2456 1619 2468 ιο
1642 2445 1676 2472 Et
1691 2444 1743 2472 ite-

945 2499 1009 2518 rum
1024 2490 1096 2526 apud
1111 2493 1200 2518 Deum
1216 2490 1343 2518 homines
1361 2490 1500 2517 accusavit
1526 2489 1605 2523 falso,
1630 2493 1661 2516 ut
1680 2488 1743 2521 Job,

945 2535 1062 2564 dicens“l
1074 2544 1081 2563 :
1092 2547 1105 2560 «ι
1116 2537 1189 2563 Num
1201 2536 1285 2572 gratis
1296 2535 1349 2563 Job
1360 2535 1427 2563 colit
1440 2536 1570 2562 Deum?»
1581 2536 1650 2562 Cum
1665 2533 1746 2569 igitur

945 2580 1066 2616 loquitur
1080 2580 1265 2611 mendacium,
1282 2588 1314 2607 ex
1340 2580 1459 2615 propriis
1482 2579 1621 2613 loquitur:
1638 2577 1691 2605 hoc
1705 2580 1746 2604 est

946 2625 1073 2653 homines
1097 2625 1210 2662 quidem
1237 2625 1384 2653 mendacio
1416 2624 1470 2659 usi,
1499 2623 1575 2659 quasi
1605 2630 1634 2650 re
1657 2621 1744 2649 aliena

944 2674 1061 2698 utuntur
1077 2678 1124 2704 eo;
1141 2670 1270 2698 diabolus
1289 2674 1384 2698 autem
1399 2677 1463 2698 cum
1480 2667 1626 2696 mendacio
1646 2667 1742 2700 utitur,

942 2723 973 2743 re
989 2715 1098 2750 propria
1113 2715 1216 2743 utitur:
1242 2723 1309 2742 nam
1328 2715 1416 2750 ipsius
1441 2718 1482 2741 est
1503 2713 1606 2748 proles,
1633 2715 1660 2739 et
1686 2711 1743 2746 ipse

942 2759 1051 2796 proprie
1071 2764 1113 2788 est
1128 2760 1256 2794 mendax,
1265 2763 1293 2787 et
1309 2763 1384 2795 pater
1393 2759 1460 2794 ejus,
1474 2757 1526 2785 hoc
1537 2760 1590 2791 est,
1609 2755 1743 2785 mendacii
