1910 3077
176 194 206 220 3i
695 197 952 225 THEOPHYLACTI
971 197 1148 225 BULGARUE
1167 198 1324 225 ARCHIEP.
1792 200 1829 226 32

175 256 230 292 ipse
245 260 288 284 est
299 260 385 292 pater.
414 257 492 286 Dixit
505 260 577 287 enim
590 259 624 287 ad
635 259 742 288 Evam”
755 270 760 287 :
778 272 790 284 «ι
806 261 966 296 Quacunqm

1040 272 1075 289 ται
1095 262 1133 301 τῷ
1154 260 1255 301 ψεύδει²
1272 262 1351 290 αὐτοῦ
1378 260 1429 299 γάρ
1453 261 1508 289 ἐστι
1530 260 1667 300 γέννημα,
1685 261 1730 290 καὶ
1746 261 1829 294 αὐτός

173 300 217 328 die
231 301 418 336 comederitis,
442 303 515 331 eritis
530 304 602 332 sicut
622 304 671 332 dii.
689 316 701 328 υ
735 308 770 332 At
792 304 820 332 hi
848 309 968 333 mortem

173 345 262 380 magis
289 346 504 376 vindemiarunt.
527 360 539 372 α
568 350 625 384 Ego
649 353 751 383 autem,
779 349 879 386 inquit,
905 350 968 385 quia

171 390 317 418 veritatem
345 391 416 426 dico,
445 400 502 420 non
522 393 634 421 creditis
658 394 737 421 mihi.
762 406 774 418 ιι
798 394 872 422 Nihil
892 395 968 423 enim

171 434 247 463 aliud
256 436 368 470 potestis
382 436 409 463 in
420 445 463 465 me
476 445 599 474 arguere,
611 446 694 474 quam
707 439 794 467 solam
807 439 964 468 veritatem:

172 483 200 507 et
214 480 279 507 hinc
302 485 342 509 est
365 481 408 509 illa
431 486 519 510 vestra
546 487 643 511 contra
660 491 706 512 me
725 484 825 519 rabies,
841 485 905 521 quia
919 484 966 512 ﬁlii

171 525 257 560 patris
266 525 398 555 mendacii
411 527 486 555 estis.

206 661 296 690 Vens.
322 665 406 690 46-50
431 672 444 686 α
478 663 547 698 Quis
575 671 608 691 ex
636 663 711 692 vobis
736 668 831 700 arguet
867 672 913 692 me
931 664 966 693 de

170 708 297 742 peccato?
325 707 353 734 Si
382 707 524 735 veritarem
553 708 614 736 dico
636 708 721 742 vobis,
736 717 821 745 quare
840 718 888 737 vos
909 718 965 737 non

168 751 277 778 creditis
292 751 381 779 mihi?
395 752 448 788 Qui
470 761 503 780 ex
527 755 585 780 Deo
609 757 660 787 est,
682 754 764 782 verba
790 754 839 782 Dei
862 754 962 782 audit:

169 800 315 832 propterea
330 805 378 824 vos
392 805 448 825 non
464 797 576 832 auditis,
595 798 657 834 quia
682 807 715 826 ex
733 800 792 827 Deo
817 807 873 827 non
889 799 962 826 estis.

168 841 384 876 Responderunt
403 842 486 877 igitur
499 843 598 876 Judaei,
614 848 641 871 et
656 843 786 872 dixerunt
801 844 824 871 ei
839 853 846 871 :
865 845 964 871 Nonne

169 886 237 914 bene
264 886 380 914 dicimus
413 895 463 915 nos
491 888 564 923 quod
599 888 785 916 Samaritanus
812 896 841 916 es
871 893 908 922 tu,
937 893 963 915 et

167 930 340 959 daemonium
355 931 453 959 habes?
476 933 632 968 Respondit
651 934 733 960 Jesus
757 943 763 960 :
786 933 962 960 Dmmonium

167 983 225 1002 non
247 975 351 1010 habeo,
376 976 423 1004 sed
437 977 590 1005 cohonesto
605 979 716 1005 Patrem
735 985 829 1005 meum
853 988 859 1005 :
875 981 904 1005 et
918 985 966 1006 vos

168 1020 321 1056 ignominia
348 1020 479 1049 effecistis
508 1030 563 1050 me.
595 1023 652 1058 Ego
677 1026 768 1049 autem
793 1030 848 1049 non
871 1030 966 1058 qumro

167 1064 282 1100 gloriam
297 1073 408 1093 meam:
424 1071 467 1094 est
486 1067 531 1102 qui
553 1071 660 1102 quaerat
681 1070 708 1094 et
726 1066 842 1102 judicet.
862 1078 873 1091 η
895 1067 965 1102 Quia

168 1110 217 1138 Dei
234 1110 304 1137 lilios
319 1110 422 1146 seipsos
437 1111 628 1145 nominabant,
647 1111 749 1147 inquit,
775 1111 802 1138 Si
827 1112 877 1139 Dei
901 1112 966 1139 estis

169 1154 228 1187 lilii,
243 1155 336 1190 utique
352 1160 511 1190 peccantem
527 1155 631 1183 debetis
646 1155 710 1182 odio
723 1155 833 1183 habere.
849 1155 875 1184 Si
884 1156 967 1192 igitur

168 1202 195 1226 et
210 1207 254 1227 me
268 1207 350 1235 quem
362 1200 427 1228 odio
442 1201 549 1228 habetis
560 1221 566 1233 ,
582 1200 696 1235 potestis
713 1208 828 1236 arguere
848 1209 964 1236 peccan-

167 1247 236 1277 tem,
252 1244 430 1272 manil‘estum
445 1245 519 1281 quod
529 1245 604 1280 juste
617 1244 683 1271 odio
694 1253 739 1272 me
752 1246 963 1281 prosequimini;

167 1288 269 1324 quodsi
278 1297 359 1317 nemo
367 1298 410 1318 me
421 1294 511 1325 potest
526 1297 651 1324 arguere,
674 1290 866 1318 manisfestum
889 1291 965 1327 quod

166 1337 278 1368 propter
290 1335 432 1362 veritatem
446 1342 560 1362 exosum
573 1334 687 1362 habetis.
704 1335 793 1369 Quam
809 1340 902 1364 autem
918 1345 964 1364 ve-

166 1378 297 1406 ritatem?
320 1379 442 1407 Omnino
462 1378 523 1414 quia
548 1378 655 1406 dixerat
677 1387 706 1407 se
725 1380 777 1407 Dei
802 1380 913 1414 Filium,
941 1381 966 1409 id

166 1423 241 1458 quod
263 1423 436 1451 verissimum
457 1427 509 1450 est.
524 1422 599 1450 Sicut
613 1428 704 1451 autem
718 1424 742 1451 is
762 1436 773 1447 ιι
788 1424 833 1460 qui
859 1433 889 1452 ex
907 1426 966 1452 Deo

166 1471 223 1502 est,
244 1468 326 1496 verba
345 1467 397 1495 Dei
421 1467 519 1495 audit:
543 1479 556 1492 ν
580 1467 617 1496 ita
639 1469 720 1496 etiam
743 1476 792 1497 vos
810 1469 832 1497 si
848 1469 899 1496 Dei
920 1470 968 1497 ﬁlii

166 1513 272 1546 essetis,
294 1519 351 1539 non
373 1519 388 1539 a
408 1519 452 1539 me
467 1511 604 1540 audiendo
619 1513 810 1548 declinaretis,
829 1522 917 1550 neque
933 1514 967 1542 ad
983 1529 1005 1560 ρ

164 1562 287 1585 mortem
297 1557 457 1592 quazreretis
469 1564 533 1584 eum
546 1557 590 1593 qui
606 1565 620 1585 e
637 1558 762 1593 supernis
778 1558 851 1586 venit
868 1559 966 1587 Filium

165 1602 228 1634 Dei,
239 1605 265 1629 et
273 1609 303 1629 ea
315 1608 377 1637 quae
386 1601 436 1628 Dei
448 1606 526 1629 erant
537 1602 704 1637 loquentem.
723 1603 808 1639 igitur
829 1604 967 1632 Dominus

163 1646 275 1681 quidem
298 1646 335 1673 ita
359 1650 501 1674 mansuete
521 1655 584 1674 cum
609 1647 649 1674 eis
672 1647 779 1675 locutus
803 1648 887 1683 627
904 1653 964 1676 est:

164 1695 191 1718 at
203 1690 242 1718 illi
256 1689 291 1717 ad
305 1690 428 1718 convicia
442 1695 574 1727 pergunt:
593 1703 605 1715 «
621 1693 718 1720 Nonne
733 1692 810 1724 bene.
826 1693 965 1729 inquiunt.

164 1734 325 1762 dicebamus
340 1734 403 1770 quia
427 1736 617 1764 Samaritanus
641 1744 670 1763 es
684 1741 725 1770 tu,
746 1741 773 1764 et
796 1737 965 1766 daemonium

164 1778 269 1807 habes?
280 1789 294 1803 n
305 1780 506 1808 Samaritanum
515 1780 605 1816 ipsum
612 1780 750 1815 dicebant,
762 1782 836 1818 quod
859 1790 964 1811 morem

164 1823 312 1851 Judaicum
326 1823 489 1858 destrueret,
499 1833 598 1861 nempe
613 1825 763 1853 Sabbatum
782 1836 788 1854 τ
804 1828 963 1855 Samaritan

163 1867 240 1895 enim
258 1876 314 1896 non
327 1870 434 1905 egregie
446 1869 634 1905 judaizabant.
649 1872 858 1899 Daemoniacum
872 1876 963 1900 autem

163 1912 240 1940 illum
254 1918 363 1948 vocant,
389 1913 513 1943 fortassis
533 1915 647 1952 quidem
670 1921 697 1944 et
713 1916 766 1944 hoc
790 1916 886 1950 modo,
908 1925 963 1953 quo

162 1965 224 1985 eum
244 1958 340 1994 ejicere
363 1959 500 1987 dmmonia
524 1960 654 1989 dicebant
667 1961 694 1988 in
709 1961 832 1996 principe
855 1961 964 1990 daemo-

161 2001 273 2030 niorum
283 2003 317 2030 2°.
332 2004 435 2031 Omnes
456 2005 531 2032 enim
555 2005 603 2040 qui
614 2005 856 2032 calumniabantur
872 2006 963 2040 ipsum

161 2046 188 2074 in
202 2047 343 2075 Beelzebul
363 2048 503 2076 daemones
516 2049 622 2084 ejicere,
639 2057 705 2076 eum
717 2049 845 2077 dicebant
856 2049 963 2077 daemo-

160 2090 237 2119 nium
257 2092 402 2120 Beelzebul
427 2093 540 2126 habere,
565 2093 592 2120 in
617 2101 671 2129 quo
705 2094 835 2121 miracula
861 2093 964 2122 faceret

160 2137 296 2164 Fortassis
309 2141 403 2164 autem
420 2137 572 2165 secundum
592 2137 666 2173 quod
686 2138 813 2166 revelavit
833 2139 957 2175 ipsorum

1025 306 1094 334 ἒστιν
1116 307 1129 334 ὃ
1145 305 1241 345 κυρίως
1268 306 1398 345 ψεύστης,
1421 306 1466 334 καὶ
1489 309 1502 334 ὸ
1522 305 1612 345 πατὴρ
1635 307 1732 341 αὐτοῦ,
1755 318 1824 335 του-

1022 350 1110 386 τέστι,
1138 353 1182 379 τοῦ
1198 350 1324 390 ψεύδους,
1341 350 1417 382 αὐτός
1437 351 1517 379 ἐστιν.
1538 346 1605 380 Eine
1621 350 1672 390 γὰρ
1687 351 1755 389 πρὸς
1770 351 1826 386 τὴν

1022 394 1110 431 Εὔαν,
1126 394 1164 424 ὅτι
1184 407 1199 422 τι
1215 390 1253 438 ΤΙίί
1271 395 1302 424 ἂν
1318 394 1407 434 ἡμέρᾳ
1430 394 1543 435 φύγητε,
1561 395 1651 425 ἔσεσθε
1670 397 1705 429 ὥς
1719 395 1785 425 Θεοί.
1805 407 1820 423 ι

1022 442 1057 469 Οἱ
1071 439 1098 469 δὲ
1110 439 1221 468 θάνατον
1234 440 1335 478 μᾶλλον
1352 439 1511 478 ἐτρύγησαν.
1535 451 1549 468 (ί
1564 439 1638 479 Ἐγὼ
1658 439 1701 476 δὲ,
1721 440 1819 481 φησὶν,

1020 484 1061 514 ὅτι
1078 484 1124 519 τὴν
1139 484 1267 520 ἀλήθειαν
1280 484 1358 523 λέγω,
1379 485 1408 512 οὐ
1421 484 1559 513 πιστεύετέ
1574 497 1628 523 μοι.
1644 500 1655 511 υ
1670 485 1754 515 Οὐδὲν
1766 485 1823 525 γὰρ

1021 530 1086 558 ἄλλο
1102 530 1204 569 ἔχοντες
1220 530 1341 568 ἐγκαλεῖν
1351 551 1358 564 ,
1376 530 1398 556 εἰ
1415 527 1452 566 μὴ
1472 528 1549 566 μόνον
1560 530 1606 565 τὴν
1620 530 1760 566 ἀλήθειαν,
1773 530 1822 558 διὰ

1022 577 1096 604 τοῦτο
1118 576 1231 603 λυσσᾶτε
1257 575 1328 612 κατ’¹
1339 575 1420 611 ἐμοῦ,
1448 574 1483 606 ὡς
1499 573 1549 602 υἱοὶ
1578 577 1625 603 τοῦ
1642 574 1742 614 πατρὸς
1769 579 1822 605 τοῦ

1020 619 1142 659 ψεύδους.

1063 676 1077 691 (ι
1094 663 1143 697 Τίς
1164 663 1190 697 ἐξ
1206 664 1278 700 ὑμῶν
1296 663 1398 701 ἐλέγχει
1417 663 1457 700 ’με
1473 662 1533 702 περὶ
1557 662 1708 702 ἆμαρτίας;
1731 665 1766 694 Εἰ
1792 665 1822 693 δὲ

1020 708 1145 743 ἀλήθειαν
1157 707 1241 746 λέγω,
1259 707 1302 736 διὰ
1324 707 1350 736 τί
1363 709 1437 744 ὑμεῖς
1452 709 1480 737 οὐ
1495 707 1635 736 πιστεύετέ
1649 719 1710 746 μοι,
1725 707 1759 738 Ὁ
1780 707 1820 737 ὢν

1019 755 1048 782 ἐκ
1059 753 1144 787 Θεοῦ,
1157 751 1190 781 τὰ
1203 752 1310 790 ῥήματα
1324 755 1369 780 τοῦ
1378 754 1448 782 Θεοῦ
1461 751 1562 782 ἀκούει.
1579 751 1630 782 Διὰ
1647 755 1726 781 τοῦτο
1742 755 1821 791 ὑμεῖς

1019 798 1066 826 οὐκ
1081 797 1203 834 ἀκούετε,
1217 796 1257 826 ὅτι
1271 797 1300 825 ἐκ
1316 799 1359 826 τοῦ
1376 798 1447 826 Θεοῦ
1466 797 1514 826 οὐκ
1527 797 1596 827 ἐστέ.
1615 796 1817 837 Ἀπεκρίθησαν

1019 843 1042 870 οἱ
1057 842 1191 877 Ἰουδαῖοι,
1206 841 1251 870 καὶ
1264 837 1336 870 εἶπον
1352 843 1433 882 αὐτῷ·
1446 842 1487 871 Οὐ
1501 842 1588 874 καλῶς
1598 841 1711 880 λέγομεν
1726 842 1818 880 ἡμεῖς,

1019 887 1058 915 ὅτι
1074 886 1245 926 Σαμαρείτης
1258 881 1282 915 εἷ
1295 885 1326 915 σὺ
1336 908 1343 921 ,
1361 887 1406 915 καὶ
1420 887 1553 923 δαιμόνιον
1566 886 1652 926 ἔχεις
1669 886 1817 926 Ἀπεκρίθη

1020 931 1130 966 Ἰησοῦς·
1147 930 1219 968 Ἐγὼ
1232 931 1368 968 δαιμόνιον
1381 932 1427 959 οὐκ
1438 930 1507 970 ἔχω,
1524 930 1593 959 ἀλλὰ
1608 932 1680 968 τιμῶ
1695 931 1740 960 τὸν
1757 933 1822 961 Πα-

1019 975 1081 1015 τέρα
1099 988 1167 1015 μου,
1183 976 1228 1005 καὶ
1244 976 1317 1011 ὑμεῖς
1337 975 1479 1013 ἀτιμάζετέ
1495 987 1537 1013 με.
1554 975 1627 1013 Ἐγὼ
1646 975 1672 1004 δὲ
1687 976 1716 1005 οὐ
1740 978 1816 1012 ζητῶ

1018 1021 1066 1056 τὴν
1080 1021 1155 1055 δόξαν
1172 1031 1234 1058 μου·
1255 1020 1326 1049 ἔστιν
1341 1022 1353 1048 ὁ
1369 1021 1453 1055 ζητῶν
1472 1021 1517 1049 καὶ
1534 1020 1639 1059 κρίνων.
1659 1032 1672 1048 ››
1690 1021 1810 1057 Ἐπειδὴ

1018 1068 1064 1094 τοῦ
1078 1067 1147 1096 Θεοῦ
1163 1065 1232 1098 υἱοὺς
1256 1064 1364 1098 ἑαυτοὺς
1383 1065 1532 1102 ὀνόμαζον,
1551 1064 1645 1105 φησὶν,
1663 1065 1703 1093 ὅτι
1722 1067 1753 1095 Εἰ
1769 1069 1821 1095 τοῦ

1019 1110 1088 1140 Θεοῦ
1104 1111 1156 1140 υἱοί
1180 1112 1253 1145 ἐστε,
1277 1109 1382 1142 πάντως
1410 1109 1453 1138 τὸν
1482 1109 1671 1148 ἁμαρτάνοντα
1695 1110 1818 1150 ὀρείλετε

1082 1159 1092 1164 ο
1149 1155 1169 1165 ‘1
1221 1154 1227 1164 Ι
1324 1154 1329 1163 1
1354 1155 1361 1163 ἱ
1386 1153 1395 1170 ὲ
1536 1157 1544 1162 -
1616 1153 1641 1163 NI
1751 1156 1760 1163 ς
1774 1155 1783 1163 Ι

1020 1166 1118 1192 μισειν.
1137 1156 1170 1184 [Li
1186 1166 1272 1183 τοινυν
1288 1166 1333 1182 χαι
1350 1166 1414 1191 εμι,
1431 1153 1458 1182 ὃν
1471 1165 1575 1190 μισειτε
1589 1177 1595 1188 ,
1613 1156 1723 1183 ουνασθε
1739 1156 1817 1194 ἐΛεγ-

1019 1198 1061 1232 ξαι
1077 1199 1283 1238 ἁμαρτάνοντα,
1309 1198 1439 1237 πρόδηλον
1464 1197 1504 1227 ὅτι
1528 1198 1636 1230 δικαίως
1657 1199 1771 1237 μισεῖτε⁸
1791 1202 1818 1229 εἰ

1019 1244 1046 1273 δὲ
1062 1245 1109 1273 οὐκ
1124 1244 1180 1283 ἔχει
1194 1256 1233 1276 τις
1249 1242 1367 1281 ἐλέγξαι,
1386 1242 1496 1282 φανερὸν
1509 1242 1549 1287 ἔτι
1565 1242 1608 1271 διὰ
1622 1243 1669 1278 τὴν
1686 1243 1819 1278 ἀλήθειάν

1020 1300 1051 1327 με
1069 1290 1182 1327 μισεῖτε.
1203 1287 1286 1317 Ποίαν
1303 1287 1330 1316 δὲ
1350 1288 1494 1323 άλήθειαν;
1518 1286 1553 1316 Ἱι
1570 1287 1676 1321 πάντως
1695 1286 1735 1316 ὅτι
1753 1288 1820 1318 ἔλε-

1019 1345 1062 1371 γεν
1078 1333 1170 1361 ἑαυτὸν
1182 1332 1246 1362 Υἱὸν
1261 1333 1346 1368 Θεοῦ,
1362 1331 1426 1370 ὅπερ
1442 1330 1592 1366 πανάληθές
1609 1333 1693 1362 ἔστιν.
1707 1346 1718 1357 ιι
1728 1332 1762 1362 Ὁ
1779 1332 1819 1362 ὢν

1019 1377 1046 1406 δὲ
1070 1378 1099 1406 ἐκ
1113 1379 1159 1406 τοῦ
1177 1377 1259 1413 Θεοῦ,
1277 1374 1310 1405 τὰ
1328 1376 1435 1416 ῥήματα
1449 1379 1494 1405 τοῦ
1507 1377 1577 1406 Θεοῦ
1591 1375 1691 1405 ἀκούει·
1717 1389 1730 1404 ι)
1745 1377 1819 1407 ὥστε

1019 1422 1064 1451 καὶ
1082 1423 1171 1460 ὑμεῖς,
1196 1423 1218 1450 εἰ
1233 1424 1279 1449 τοῦ
1302 1422 1372 1450 Θεοῦ
1388 1419 1466 1449 τέκνα
1479 1415 1549 1457 fire,
1568 1421 1612 1450 οὖκ
1636 1422 1665 1450 ἂν
1683 1422 1746 1459 ἐμοῦ
1763 1435 1821 1451 πα-

1021 1467 1162 1506 ρηκούετε,
1179 1466 1233 1494 οὐδ’
1250 1465 1281 1494 ἂν
1297 1466 1405 1505 έφονᾶτε
1426 1464 1496 1494 κατὰ
1511 1467 1555 1493 τοῦ
1576 1464 1675 1494 ἄνωθεν
1698 1466 1820 1500 ἐλθόντος

1018 1512 1086 1541 Υῖοῧ
1101 1514 1145 1540 τοῦ
1160 1511 1230 1540 Θεοῦ
1243 1533 1250 1547 ,
1265 1510 1310 1539 καὶ
1325 1510 1357 1538 τὰ
1373 1512 1418 1538 τοῦ
1429 1510 1499 1539 Θεοῦ
1516 1509 1705 1549 φθεγγομένου.
1719 1510 1753 1540 Ὁ
1766 1512 1818 1549 μὲν

1019 1551 1063 1585 οὖν
1092 1555 1188 1595 Κύριος
1203 1554 1272 1584 οὕτω
1297 1555 1397 1593 πράως·
1415 1555 1438 1583 οἱ
1458 1553 1484 1582 δὲ
1508 1555 1544 1586 εἷς
1562 1554 1652 1593 ὕϐρεις
1667 1558 1816 1594 χωροῦσιν,

1022 1612 1036 1628 ‹‹
1058 1601 1100 1630 Οὐ
1121 1601 1208 1633 καλῶς
1221 1599 1283 1639 γὰρ,
1300 1599 1393 1639 φασὶν,
1418 1599 1557 1636 ἐλέγομεν,
1577 1598 1616 1627 ὅτι
1641 1600 1819 1639 Σαμαρείτης

1020 1640 1059 1680 εἷ,
1078 1644 1123 1674 καὶ
1141 1644 1275 1682 δαιμόνιον
1289 1642 1372 1682 ἔχειςς
1392 1655 1406 1670 ι)
1424 1643 1596 1682 Σαμαρείτην
1610 1643 1657 1680 μὲν
1674 1639 1718 1672 οὖν
1733 1645 1817 1674 αὐτὸν

1019 1689 1120 1727 ἔλεγον,
1137 1690 1171 1722 ὡς
1188 1688 1220 1718 τὰ
1238 1689 1372 1718 Ἰουδαϊκὰ
1386 1688 1432 1723 ἔϐη
1448 1687 1636 1728 παραλύοντα,
1656 1684 1708 1717 οἷον
1725 1689 1754 1718 τὸ
1766 1693 1817 1719 τοῦ

1020 1733 1174 1764 Σαϐϐἄτοιν
1202 1734 1224 1762 οἱ
1239 1733 1290 1772 γὰρ
1311 1734 1481 1772 Σαμαρεῖται
1504 1733 1550 1761 οὐκ
1567 1733 1682 1772 ἀκριϐῶς
1698 1733 1818 1763 Ἰουδάῖ-

1018 1781 1071 1813 ζον¹
1099 1779 1275 1816 δαιμονιῶντα
1297 1778 1324 1806 δὲ
1345 1779 1470 1806 καλοῦσιν
1492 1776 1588 1814 αὐτὸν,
1608 1777 1679 1816 τάχα
1703 1778 1752 1815 μὲν
1767 1781 1818 1809 καὶ

1018 1825 1077 1852 κατ’
1092 1824 1189 1852 ἐκεῖνον
1204 1822 1248 1851 τὸν
1263 1824 1359 1862 τρόπον
1369 1845 1376 1858 ,
1391 1822 1458 1851 καθὸ
1473 1821 1517 1850 καὶ
1535 1822 1560 1850 ἐν
1575 1822 1612 1861 τῷ
1633 1823 1744 1862 ἄρχοντι
1760 1825 1817 1852 τῶν

1019 1868 1159 1905 δαιμονίων
1176 1866 1315 1896 ἐκϐάλλειν
1330 1867 1408 1896 αὐτὸν
1423 1866 1455 1894 τὰ
1472 1867 1595 1903 δαιμόνια
1608 1867 1708 1903 ἔλεγον.
1730 1867 1812 1896 Πάν-

1018 1925 1057 1945 τες
1076 1913 1126 1951 γὰρ
1150 1914 1172 1941 οἱ
1188 1914 1412 1951 συκοφαντοῦντες
1437 1910 1516 1939 αὐτὸν
1541 1911 1566 1939 ἐν
1591 1911 1754 1945 Βεελζεϐοὺλ
1768 1914 1816 1942 ἐκ·

1019 1957 1125 1987 ϐάλλειν
1139 1955 1198 1989 τοὺς
1213 1956 1341 1991 δαίμονας
1351 1977 1359 1991 ,
1384 1954 1519 1993 δαιμόνιον
1536 1954 1607 1993 ἔλειν
1621 1955 1651 1984 τὸ
1665 1959 1710 1985 τοῦ
1728 1958 1814 1986 Βεελ-

1018 2001 1121 2036 ζεϐοὺλ,
1132 2002 1158 2029 ἐν
1173 1996 1194 2040 ᾧ
1207 2000 1290 2029 ἐτέλει
1310 1999 1343 2028 τὰ
1359 1998 1494 2038 θαύματα,
1510 1998 1609 2038 ἔλεγον.
1627 2001 1708 2040 Τάχα
1724 2001 1752 2030 δὲ
1767 2002 1817 2031 καὶ

1018 2047 1082 2075 καθὸ
1097 2045 1276 2074 ἀνεκάλυπτεν
1294 2046 1379 2074 αὐτῶν
1393 2043 1426 2072 τὰ
1439 2043 1605 2081 διανοήματα
1623 2045 1667 2074 καὶ
1683 2045 1715 2074 τὰ
1733 2047 1814 2074 ἐνθυ-

1019 2090 1148 2128 μήματα,
1176 2088 1311 2127 δαιμόνιον
1333 2089 1410 2117 αὐτὸν
1436 2088 1505 2128 ἔχειν
1533 2089 1670 2127 ἐνόμιζον,
1697 2090 1816 2127 οἰόμενοι

1018 2134 1091 2174 παρὰ
1117 2134 1248 2171 δαιμόνων
1268 2135 1338 2173 αὖτῷ
1358 2133 1390 2162 τὰ
1407 2134 1511 2172 κρυπτὰ
1529 2135 1577 2168 τῆς
1599 2134 1708 2173 καρδίας
1725 2136 1814 2164 αὐτῶν

1616 2179 1636 2196 ς,

599 2165 609 2173 ι
762 2165 765 2166 ν
793 2165 809 2166 η

161 2181 350 2217 cogitationes,
383 2181 553 2210 daemonium
576 2190 641 2210 eum
666 2182 766 2210 habere
788 2183 956 2219 cogitabant,

1059 2165 1063 2174 .
1163 2165 1167 2171 ι
1325 2165 1330 2173 ι
1419 2165 1433 2180 ς,
1558 2165 1562 2168 η
1637 2165 1642 2173 ι
1702 2165 1707 2167 -

1040 2178 1241 2218 τιγινώσκεσθαι.
1266 2178 1336 2208 Πότε
1360 2178 1387 2207 δὲ
1409 2181 1482 2207 εἶπον
1508 2177 1586 2206 αὐτὸν
1614 2179 1813 2218 Σαμαρείτην;

160 2230 317 2262 putantesa
339 2226 511 2255 daemonibus
541 2227 564 2255 ei
588 2227 704 2256 revelata
728 2228 817 2256 cordis
845 2237 955 2256 arcana.

159 2271 275 2306 Quando
289 2276 381 2299 autem
403 2271 533 2300 dixerunt
551 2281 615 2300 eum
634 2273 841 2301 Samaritanum
858 2275 869 2301 Ρ
890 2274 958 2301 Nus-

160 2324 245 2352 quam
257 2317 331 2344 euim
339 2317 507 2353 evangelista
518 2317 571 2345 hoc
586 2317 661 2345 dixit.
673 2317 864 2346 Manisfestum
875 2318 959 2354 igitur

159 2361 233 2398 quod
251 2361 338 2388 multa
371 2362 600 2397 praetermiserim
625 2363 813 2398 evangelista,
841 2367 868 2390 et
905 2371 959 2390 non

159 2406 250 2433 omnia
265 2406 432 2442 scripserint,
449 2407 523 2434 sicut
539 2407 593 2434 alio
608 2407 668 2435 loco
681 2407 890 2443 assignavimus.
907 2408 960 2444 Igi-

158 2454 204 2478 tur
217 2450 253 2478 illi
267 2451 379 2487 quidem
394 2451 456 2478 talia
472 2459 519 2486 per
530 2451 712 2488 ignominiam
725 2451 869 2487 proferunt
882 2461 888 2479 :
902 2452 959 2488 ipse

159 2499 252 2523 autem
268 2495 404 2531 patienter
424 2495 452 2523 in
473 2503 502 2523 se
517 2495 632 2531 injurias
651 2496 774 2532 suscipit.
805 2498 877 2524 Nam
896 2505 960 2525 cum

158 2540 262 2575 seipsos
288 2540 358 2568 [ilios
370 2540 423 2568 Dei
438 2539 573 2574 dicerent,
588 2540 767 2569 vehementer
791 2549 838 2569 eos
857 2542 958 2578 arguit,

159 2585 302 2612 veritatem
315 2584 474 2620 vindicans}:
500 2585 610 2621 quando
630 2589 724 2613 autem
746 2586 837 2621 ipsum
861 2586 958 2622 injuria

157 2628 288 2663 afficiunt,
311 2637 368 2656 non
394 2629 546 2662 ulciscitur,
570 2630 671 2658 docens
692 2630 777 2658 etiam
805 2639 868 2666 nos,
896 2639 960 2667 quae

157 2678 253 2702 contra
288 2676 377 2702 Deum
401 2677 476 2707 sunt,
498 2674 645 2709 vindicare,
671 2683 732 2711 quae
753 2680 847 2704 autem
862 2680 958 2704 contra

157 2727 219 2753 nos,
238 2723 384 2747 mansuete
396 2718 478 2753 ferre,
494 2720 564 2747 sicut
580 2724 608 2748 et
624 2720 682 2756 ipse
704 2725 847 2749 mansuete
868 2721 956 2749 dixit:

157 2775 170 2787 κ
191 2765 260 2800 Ego,
283 2763 381 2799 inquit,
401 2763 572 2792 daemonium
597 2773 653 2793 non
667 2764 766 2800 habeo,
782 2765 830 2794 sed
853 2765 958 2793 honoro

193 2839 214 2856 ¹⁹
228 2839 299 2868 Gen.
315 2847 362 2874 nr,
375 2843 401 2869 5.
415 2840 437 2858 ²⁰
450 2841 547 2869 Matth.
559 2849 589 2874 x,
606 2843 649 2869 34.

1012 2226 1140 2261 Οὐδαμοῖῑ
1162 2223 1375 2261 ὁεῦαγγελιστὴς
1399 2226 1477 2252 τοῦτο
1502 2223 1616 2261 εἴρηκεν.
1650 2223 1700 2253 Ἐκ
1717 2224 1814 2253 τούτου

1013 2265 1057 2298 οὖν
1071 2269 1150 2304 δῆλον
1162 2266 1202 2297 ὅτι
1220 2268 1307 2297 πολλὰ
1323 2267 1486 2307 παρέλειψαν
1503 2269 1526 2296 οἱ
1544 2267 1743 2306 εὐαγγελισταὶ,
1762 2269 1812 2298 καὶ

1013 2315 1063 2354 οὐχ
1079 2314 1183 2343 ἅπαντα
1209 2313 1424 2352 συνεγράψαντο,
1452 2312 1521 2342 καθὰ
1541 2311 1587 2340 καὶ
1610 2313 1728 2354 ἀλλαχοῦ
1749 2314 1816 2342 ἐπε-

1014 2352 1189 2397 σήμηνάμεθα
1213 2360 1290 2386 τοῦτο
1317 2358 1390 2387 αὐτό.
1414 2358 1529 2387 Ἐκεῖνοι
1554 2359 1601 2394 μὲν
1627 2352 1671 2386 οὖν
1697 2362 1811 2387 τοιαῦτα

1013 2404 1178 2443 ὑϐρίζουσιν,
1194 2403 1271 2435 αὐτὸς
1294 2402 1317 2431 δ’
1329 2402 1488 2436 ἀνεξικάκως
1501 2401 1548 2435 τὰς
1567 2403 1602 2434 εἰς
1626 2401 1703 2430 αὐτὸν
1720 2402 1811 2439 ὕϐρεις

1014 2449 1129 2488 δέχεται.
1157 2447 1227 2477 "Ore
1243 2447 1291 2484 μὲν
1307 2446 1358 2487 γὰρ
1384 2445 1493 2479 ἑαυτοὺς
1518 2446 1588 2479 υἱοὺς
1613 2447 1683 2475 Θεοῦ
1699 2446 1790 2485 ὒεγον
1804 2470 1813 2483 ,

1013 2494 1131 2532 σφοδρῶς
1147 2491 1241 2526 αὐτοὺς
1262 2493 1364 2531 ἐλεγχει
1377 2513 1385 2527 ,
1409 2490 1457 2525 τὴν
1480 2491 1603 2526 ἀλήθειαν
1624 2491 1743 2519 ἐκδικῶν·
1769 2491 1816 2520 ὅτε

1014 2538 1041 2566 δὲ
1066 2537 1145 2566 αὐτὸν
1169 2537 1337 2576 ὑϐρίζουσιν,
1363 2537 1410 2565 οὐκ
1434 2535 1579 2572 ἀμύνεται,
1605 2535 1736 2564 διδάσκων
1765 2536 1817 2564 καὶ

1013 2584 1100 2620 ἡμᾶς,
1117 2582 1150 2610 τὰ
1166 2582 1214 2620 μὲν
1231 2582 1267 2614 εἷς
1283 2580 1351 2610 Θεὸν
1377 2580 1506 2620 ἐκδικεῖν,
1534 2580 1568 2609 τὰ
1583 2579 1610 2608 δὲ
1626 2581 1661 2612 εἷς
1677 2583 1748 2616 ἡμᾶς
1765 2580 1817 2608 αὖ-

1012 2626 1072 2659 τοὺς
1095 2626 1186 2666 πράως
1214 2625 1310 2665 φέρειν·
1339 2624 1429 2665 ὥσπερ
1449 2619 1492 2653 οὖν
1519 2625 1563 2654 καὶ
1589 2625 1665 2656 αὐτὸς
1691 2623 1817 2663 ἡμέρως,

1013 2685 1024 2697 ι
1036 2670 1122 2710 Ἐγὼ,
1138 2670 1212 2711 φησὶ,
1226 2670 1362 2706 δαιμονιον
1380 2670 1426 2698 οὐκ
1441 2669 1513 2708 ἔχω,
1528 2668 1597 2698 ἀλλὰ
1609 2669 1678 2706 τιμῶ
1693 2668 1738 2697 τὸν
1752 2669 1816 2698 Παι-

1012 2715 1076 2756 τέρα
1093 2727 1153 2754 μου,
1168 2727 1183 2741 ι)
1202 2715 1266 2746 Πῶς
1281 2713 1307 2742 δὲ
1320 2714 1399 2751 ἐτίμα
1411 2713 1455 2742 τὸν
1470 2714 1596 2753 Πατέρα,
1613 2712 1750 2742 Ἐκδικῶν
1764 2714 1816 2742 αὖ-

1012 2761 1056 2789 τὸν
1067 2782 1075 2797 ,
1090 2759 1136 2789 καὶ
1149 2761 1196 2789 οὒκ
1209 2758 1368 2798 ἀνεχόμενος
1389 2757 1494 2795 αὐτοὺς,
1512 2758 1571 2791 τοὺς
1593 2757 1747 2797 μιαιφόνους
1763 2759 1813 2787 καὶ
