  <div class='ocr_page' id='page_1' title='image "/cluster/home/n/w/nwhite01/storage/ocr_20150623/124/njp.32101010942728/038.png"; bbox 0 0 1910 3077; ppageno 0'>
   <div class='ocr_carea' id='block_1_1' title="bbox 63 164 1714 201">
    <p class='ocr_par' dir='ltr' id='par_1_1' title="bbox 63 164 1714 201">
     <span class='ocr_line' id='line_1_1' title="bbox 63 164 1714 201; baseline 0 0"><span class='ocrx_word' id='word_1_1' title='bbox 63 174 96 201; x_wconf 87' lang='lat'><strong>33</strong></span> <span class='ocrx_word' id='word_1_2' title='bbox 445 169 641 199; x_wconf 69' lang='lat' dir='ltr'><strong>ENABRATIO</strong></span> <span class='ocrx_word' id='word_1_3' title='bbox 660 169 693 197; x_wconf 86' lang='lat' dir='ltr'><strong>IN</strong></span> <span class='ocrx_word' id='word_1_4' title='bbox 712 164 930 196; x_wconf 83' lang='lat' dir='ltr'><strong>EVANGELIUM</strong></span> <span class='ocrx_word' id='word_1_5' title='bbox 947 166 1096 195; x_wconf 78' lang='lat' dir='ltr'><strong>.IOANNIS.</strong></span> <span class='ocrx_word' id='word_1_6' title='bbox 1116 183 1153 189; x_wconf 94' lang='lat'><strong>-</strong></span> <span class='ocrx_word' id='word_1_7' title='bbox 1172 169 1248 198; x_wconf 86' lang='lat' dir='ltr'><strong>CAP.</strong></span> <span class='ocrx_word' id='word_1_8' title='bbox 1267 171 1333 198; x_wconf 89' lang='lat' dir='ltr'><strong>Vlll.</strong></span> <span class='ocrx_word' id='word_1_9' title='bbox 1680 173 1714 201; x_wconf 76' lang='grc'>34</span> 
     </span>
    </p>
   </div>
   <div class='ocr_carea' id='block_1_2' title="bbox 61 229 864 274">
    <p class='ocr_par' dir='ltr' id='par_1_2' title="bbox 61 230 857 274">
     <span class='ocr_line' id='line_1_2' title="bbox 61 230 857 274; baseline -0.009 -10"><span class='ocrx_word' id='word_1_10' title='bbox 61 233 196 274; x_wconf 79' lang='grc' dir='ltr'><strong>ψεύστας,</strong></span> <span class='ocrx_word' id='word_1_11' title='bbox 215 236 260 263; x_wconf 77' lang='grc' dir='ltr'><strong>τοῦ</strong></span> <span class='ocrx_word' id='word_1_12' title='bbox 282 235 406 274; x_wconf 79' lang='grc' dir='ltr'>Σωτῆρος</span> <span class='ocrx_word' id='word_1_13' title='bbox 428 233 474 262; x_wconf 79' lang='grc' dir='ltr'>καὶ</span> <span class='ocrx_word' id='word_1_14' title='bbox 499 234 612 269; x_wconf 74' lang='grc' dir='ltr'>ἀληθοῦς</span> <span class='ocrx_word' id='word_1_15' title='bbox 633 231 704 265; x_wconf 75' lang='grc' dir='ltr'>υἱοὺς</span> <span class='ocrx_word' id='word_1_16' title='bbox 727 230 857 268; x_wconf 78' lang='grc' dir='ltr'>ὀνομάζε-</span> 
     </span>
    </p>
   </div>
   <div class='ocr_carea' id='block_1_3' title="bbox 955 229 1711 274">
    <p class='ocr_par' dir='ltr' id='par_1_3' title="bbox 955 231 1711 266">
     <span class='ocr_line' id='line_1_3' title="bbox 955 231 1711 266; baseline 0.007 -8"><span class='ocrx_word' id='word_1_17' title='bbox 955 235 1021 258; x_wconf 89' lang='lat' dir='ltr'><strong>trem</strong></span> <span class='ocrx_word' id='word_1_18' title='bbox 1030 238 1132 259; x_wconf 87' lang='lat' dir='ltr'><strong>meum.</strong></span> <span class='ocrx_word' id='word_1_19' title='bbox 1145 243 1158 256; x_wconf 71' lang='grc' dir='ltr'><strong>ι</strong></span> <span class='ocrx_word' id='word_1_20' title='bbox 1165 231 1313 266; x_wconf 87' lang='lat' dir='ltr'><strong>Quomodo</strong></span> <span class='ocrx_word' id='word_1_21' title='bbox 1323 235 1415 260; x_wconf 88' lang='lat' dir='ltr'><strong>autem</strong></span> <span class='ocrx_word' id='word_1_22' title='bbox 1425 232 1577 262; x_wconf 82' lang='lat' dir='ltr'><strong>honorabat</strong></span> <span class='ocrx_word' id='word_1_23' title='bbox 1582 236 1711 263; x_wconf 79' lang='lat' dir='ltr'><strong>Patrem?</strong></span> 
     </span>
    </p>
   </div>
   <div class='ocr_carea' id='block_1_4' title="bbox 62 274 862 318">
    <p class='ocr_par' dir='ltr' id='par_1_4' title="bbox 62 274 862 318">
     <span class='ocr_line' id='line_1_4' title="bbox 62 274 862 318; baseline -0.008 -10"><span class='ocrx_word' id='word_1_24' title='bbox 62 282 134 309; x_wconf 82' lang='grc' dir='ltr'><strong>σθαι.</strong></span> <span class='ocrx_word' id='word_1_25' title='bbox 151 279 246 317; x_wconf 69' lang='grc' dir='ltr'>⁶Υμεῖς</span> <span class='ocrx_word' id='word_1_26' title='bbox 261 274 321 315; x_wconf 67' lang='grc' dir='ltr'>οὖν,</span> <span class='ocrx_word' id='word_1_27' title='bbox 342 279 406 318; x_wconf 77' lang='grc' dir='ltr'>φησὶ</span> <span class='ocrx_word' id='word_1_28' title='bbox 419 301 428 317; x_wconf 88' lang='grc'><strong>,</strong></span> <span class='ocrx_word' id='word_1_29' title='bbox 451 278 517 308; x_wconf 83' lang='grc' dir='ltr'>διότι</span> <span class='ocrx_word' id='word_1_30' title='bbox 536 278 579 307; x_wconf 83' lang='grc' dir='ltr'><strong>τὸν</strong></span> <span class='ocrx_word' id='word_1_31' title='bbox 599 276 708 316; x_wconf 72' lang='grc' dir='ltr'>Πατέρα</span> <span class='ocrx_word' id='word_1_32' title='bbox 727 287 777 313; x_wconf 83' lang='grc' dir='ltr'><strong>μου</strong></span> <span class='ocrx_word' id='word_1_33' title='bbox 792 275 862 311; x_wconf 95' lang='grc' dir='ltr'>τιμῶ</span> 
     </span>
    </p>
   </div>
   <div class='ocr_carea' id='block_1_5' title="bbox 63 321 862 363">
    <p class='ocr_par' dir='ltr' id='par_1_5' title="bbox 63 321 862 363">
     <span class='ocr_line' id='line_1_5' title="bbox 63 321 862 363; baseline -0.006 -10"><span class='ocrx_word' id='word_1_34' title='bbox 63 324 233 363; x_wconf 78' lang='grc' dir='ltr'>ὑϐριζόμενον</span> <span class='ocrx_word' id='word_1_35' title='bbox 249 335 286 352; x_wconf 78' lang='grc' dir='ltr'><strong>πα</strong></span> <span class='ocrx_word' id='word_1_36' title='bbox 292 325 313 363; x_wconf 86' lang='grc' dir='ltr'>ρ’</span> <span class='ocrx_word' id='word_1_37' title='bbox 329 325 403 361; x_wconf 69' lang='grc' dir='ltr'>ὑμῶν</span> <span class='ocrx_word' id='word_1_38' title='bbox 412 346 420 359; x_wconf 87' lang='grc'><strong>,</strong></span> <span class='ocrx_word' id='word_1_39' title='bbox 439 322 674 363; x_wconf 72' lang='grc' dir='ltr'>συκοφαντούντων</span> <span class='ocrx_word' id='word_1_40' title='bbox 691 321 770 350; x_wconf 78' lang='grc' dir='ltr'>αὐτὸν</span> <span class='ocrx_word' id='word_1_41' title='bbox 780 342 788 356; x_wconf 83' lang='grc'><strong>,</strong></span> <span class='ocrx_word' id='word_1_42' title='bbox 810 331 862 349; x_wconf 77' lang='grc' dir='ltr'>πα-</span> 
     </span>
    </p>
   </div>
   <div class='ocr_carea' id='block_1_6' title="bbox 63 363 863 408">
    <p class='ocr_par' dir='ltr' id='par_1_6' title="bbox 63 363 863 408">
     <span class='ocr_line' id='line_1_6' title="bbox 63 363 863 408; baseline -0.006 -11"><span class='ocrx_word' id='word_1_43' title='bbox 63 369 127 407; x_wconf 84' lang='grc' dir='ltr'>τέρα</span> <span class='ocrx_word' id='word_1_44' title='bbox 143 368 270 408; x_wconf 75' lang='grc' dir='ltr'>ὑμέτερον</span> <span class='ocrx_word' id='word_1_45' title='bbox 287 363 354 397; x_wconf 80' lang='grc' dir='ltr'>εἶναι</span> <span class='ocrx_word' id='word_1_46' title='bbox 365 390 373 403; x_wconf 84' lang='lat'><strong>,</strong></span> <span class='ocrx_word' id='word_1_47' title='bbox 388 367 433 397; x_wconf 76' lang='grc' dir='ltr'><strong>διὰ</strong></span> <span class='ocrx_word' id='word_1_48' title='bbox 447 367 525 397; x_wconf 80' lang='grc' dir='ltr'>τοῦτό</span> <span class='ocrx_word' id='word_1_49' title='bbox 542 379 574 405; x_wconf 72' lang='grc' dir='ltr'><strong>με</strong></span> <span class='ocrx_word' id='word_1_50' title='bbox 600 366 753 404; x_wconf 78' lang='grc' dir='ltr'>ἀτιμάζετε.</span> <span class='ocrx_word' id='word_1_51' title='bbox 792 364 863 394; x_wconf 83' lang='grc' dir='ltr'>Ἀλλ’</span> 
     </span>
    </p>
   </div>
   <div class='ocr_carea' id='block_1_7' title="bbox 63 408 860 451">
    <p class='ocr_par' dir='ltr' id='par_1_7' title="bbox 63 408 860 451">
     <span class='ocr_line' id='line_1_7' title="bbox 63 408 860 451; baseline -0.006 -9"><span class='ocrx_word' id='word_1_52' title='bbox 63 414 86 442; x_wconf 83' lang='grc' dir='ltr'>εἰ</span> <span class='ocrx_word' id='word_1_53' title='bbox 100 413 177 451; x_wconf 78' lang='grc' dir='ltr'><strong>κάγὼ</strong></span> <span class='ocrx_word' id='word_1_54' title='bbox 191 413 307 450; x_wconf 79' lang='grc' dir='ltr'>ἐμαυτὸν</span> <span class='ocrx_word' id='word_1_55' title='bbox 324 413 372 442; x_wconf 79' lang='grc' dir='ltr'><strong>οὐκ</strong></span> <span class='ocrx_word' id='word_1_56' title='bbox 388 413 484 442; x_wconf 83' lang='grc' dir='ltr'>ἐκδικῶ</span> <span class='ocrx_word' id='word_1_57' title='bbox 497 435 505 448; x_wconf 88' lang='grc'><strong>,</strong></span> <span class='ocrx_word' id='word_1_58' title='bbox 519 410 651 450; x_wconf 78' lang='grc' dir='ltr'>ἀνέχομαι</span> <span class='ocrx_word' id='word_1_59' title='bbox 668 409 694 440; x_wconf 81' lang='grc' dir='ltr'>δὲ</span> <span class='ocrx_word' id='word_1_60' title='bbox 719 408 860 447; x_wconf 63' lang='grc' dir='ltr'>ὓϐριζόμευ</span> 
     </span>
    </p>
   </div>
   <div class='ocr_carea' id='block_1_8' title="bbox 63 453 864 496">
    <p class='ocr_par' dir='ltr' id='par_1_8' title="bbox 63 453 864 496">
     <span class='ocr_line' id='line_1_8' title="bbox 63 453 864 496; baseline -0.007 -9"><span class='ocrx_word' id='word_1_61' title='bbox 63 469 122 493; x_wconf 88' lang='grc' dir='ltr'>νος,</span> <span class='ocrx_word' id='word_1_62' title='bbox 141 458 179 495; x_wconf 86' lang='grc' dir='ltr'>μὴ</span> <span class='ocrx_word' id='word_1_63' title='bbox 195 459 314 496; x_wconf 83' lang='grc' dir='ltr'>νομίζετε</span> <span class='ocrx_word' id='word_1_64' title='bbox 338 457 512 492; x_wconf 76' lang='grc' dir='ltr'><strong>ἀνεκδίκητον</strong></span> <span class='ocrx_word' id='word_1_65' title='bbox 531 456 692 491; x_wconf 81' lang='grc' dir='ltr'>ἐαθήσεσθαι</span> <span class='ocrx_word' id='word_1_66' title='bbox 715 454 763 489; x_wconf 88' lang='grc' dir='ltr'><strong>τὴν</strong></span> <span class='ocrx_word' id='word_1_67' title='bbox 788 453 864 492; x_wconf 81' lang='grc' dir='ltr'>ὕϐριν</span> 
     </span>
    </p>
   </div>
   <div class='ocr_carea' id='block_1_9' title="bbox 63 497 864 541">
    <p class='ocr_par' dir='ltr' id='par_1_9' title="bbox 63 497 864 541">
     <span class='ocr_line' id='line_1_9' title="bbox 63 497 864 541; baseline -0.006 -10"><span class='ocrx_word' id='word_1_68' title='bbox 63 502 175 538; x_wconf 81' lang='grc' dir='ltr'>ταύτην.</span> <span class='ocrx_word' id='word_1_69' title='bbox 193 501 274 532; x_wconf 82' lang='grc' dir='ltr'>’Ἐστι</span> <span class='ocrx_word' id='word_1_70' title='bbox 290 502 341 541; x_wconf 67' lang='grc' dir='ltr'><strong>γὰρ</strong></span> <span class='ocrx_word' id='word_1_71' title='bbox 355 504 368 530; x_wconf 82' lang='grc'><strong>6</strong></span> <span class='ocrx_word' id='word_1_72' title='bbox 386 502 492 541; x_wconf 77' lang='grc' dir='ltr'>Πατὴρ,</span> <span class='ocrx_word' id='word_1_73' title='bbox 504 500 531 534; x_wconf 79' lang='grc' dir='ltr'><strong>ὃς</strong></span> <span class='ocrx_word' id='word_1_74' title='bbox 546 501 592 539; x_wconf 83' lang='grc' dir='ltr'><strong>ἐμὲ</strong></span> <span class='ocrx_word' id='word_1_75' title='bbox 608 499 744 535; x_wconf 75' lang='grc' dir='ltr'><strong>ἐκδικήσει</strong></span> <span class='ocrx_word' id='word_1_76' title='bbox 760 498 803 528; x_wconf 82' lang='grc' dir='ltr'><strong>τὸν</strong></span> <span class='ocrx_word' id='word_1_77' title='bbox 820 497 864 526; x_wconf 78' lang='grc' dir='ltr'><strong>διὰ</strong></span> 
     </span>
    </p>
   </div>
   <div class='ocr_carea' id='block_1_10' title="bbox 63 543 865 586">
    <p class='ocr_par' dir='ltr' id='par_1_10' title="bbox 63 543 865 586">
     <span class='ocr_line' id='line_1_10' title="bbox 63 543 865 586; baseline -0.006 -10"><span class='ocrx_word' id='word_1_78' title='bbox 63 550 142 576; x_wconf 78' lang='grc' dir='ltr'>τοῦτο</span> <span class='ocrx_word' id='word_1_79' title='bbox 155 547 326 586; x_wconf 65' lang='grc' dir='ltr'>ὑϐριζόμενον</span> <span class='ocrx_word' id='word_1_80' title='bbox 339 569 347 585; x_wconf 79' lang='grc'><strong>,</strong></span> <span class='ocrx_word' id='word_1_81' title='bbox 369 546 408 576; x_wconf 77' lang='grc' dir='ltr'><strong>ὅτι</strong></span> <span class='ocrx_word' id='word_1_82' title='bbox 424 545 502 575; x_wconf 79' lang='grc' dir='ltr'>αὐτὸν</span> <span class='ocrx_word' id='word_1_83' title='bbox 521 546 635 580; x_wconf 82' lang='grc' dir='ltr'>ἐκδικῶ,</span> <span class='ocrx_word' id='word_1_84' title='bbox 649 544 695 574; x_wconf 68' lang='grc' dir='ltr'><strong>καὶ</strong></span> <span class='ocrx_word' id='word_1_85' title='bbox 710 545 758 573; x_wconf 87' lang='grc' dir='ltr'>οὖκ</span> <span class='ocrx_word' id='word_1_86' title='bbox 772 543 865 582; x_wconf 74' lang='grc' dir='ltr'>ἀνέχο-</span> 
     </span>
    </p>
   </div>
   <div class='ocr_carea' id='block_1_11' title="bbox 65 587 865 630">
    <p class='ocr_par' dir='ltr' id='par_1_11' title="bbox 65 587 865 630">
     <span class='ocr_line' id='line_1_11' title="bbox 65 587 865 630; baseline -0.005 -10"><span class='ocrx_word' id='word_1_87' title='bbox 65 604 114 629; x_wconf 77' lang='grc' dir='ltr'><strong>μαι</strong></span> <span class='ocrx_word' id='word_1_88' title='bbox 131 593 206 630; x_wconf 75' lang='grc' dir='ltr'>ὑμῶν</span> <span class='ocrx_word' id='word_1_89' title='bbox 228 591 372 621; x_wconf 74' lang='grc' dir='ltr'>ποιούντων</span> <span class='ocrx_word' id='word_1_90' title='bbox 400 590 508 624; x_wconf 75' lang='grc' dir='ltr'>ἑαυτοὺς</span> <span class='ocrx_word' id='word_1_91' title='bbox 530 590 600 624; x_wconf 80' lang='grc' dir='ltr'>υἱοὺς</span> <span class='ocrx_word' id='word_1_92' title='bbox 623 589 735 618; x_wconf 79' lang='grc' dir='ltr'>ἐκείνου.</span> <span class='ocrx_word' id='word_1_93' title='bbox 765 587 865 618; x_wconf 67' lang='grc' dir='ltr'>Ἔστιν</span> 
     </span>
    </p>
   </div>
   <div class='ocr_carea' id='block_1_12' title="bbox 65 632 864 674">
    <p class='ocr_par' dir='ltr' id='par_1_12' title="bbox 65 632 864 674">
     <span class='ocr_line' id='line_1_12' title="bbox 65 632 864 674; baseline -0.006 -8"><span class='ocrx_word' id='word_1_94' title='bbox 65 632 110 666; x_wconf 67' lang='grc' dir='ltr'><strong>οὖν</strong></span> <span class='ocrx_word' id='word_1_95' title='bbox 128 638 143 666; x_wconf 85' lang='lat'><strong>6</strong></span> <span class='ocrx_word' id='word_1_96' title='bbox 165 638 250 672; x_wconf 87' lang='grc' dir='ltr'>ζητῶν</span> <span class='ocrx_word' id='word_1_97' title='bbox 273 636 321 671; x_wconf 82' lang='grc' dir='ltr'><strong>τὴν</strong></span> <span class='ocrx_word' id='word_1_98' title='bbox 336 635 402 674; x_wconf 76' lang='grc' dir='ltr'>ἐμὴν</span> <span class='ocrx_word' id='word_1_99' title='bbox 423 635 518 671; x_wconf 76' lang='grc' dir='ltr'>δόξαν,</span> <span class='ocrx_word' id='word_1_100' title='bbox 543 635 588 664; x_wconf 81' lang='grc' dir='ltr'>καὶ</span> <span class='ocrx_word' id='word_1_101' title='bbox 604 633 641 673; x_wconf 81' lang='grc' dir='ltr'><strong>μὴ</strong></span> <span class='ocrx_word' id='word_1_102' title='bbox 658 634 735 672; x_wconf 82' lang='grc' dir='ltr'>μόνον</span> <span class='ocrx_word' id='word_1_103' title='bbox 761 635 844 669; x_wconf 80' lang='grc' dir='ltr'>ζητῶν</span> <span class='ocrx_word' id='word_1_104' title='bbox 856 655 864 668; x_wconf 89' lang='grc'><strong>,</strong></span> 
     </span>
    </p>
   </div>
   <div class='ocr_carea' id='block_1_13' title="bbox 66 677 866 720">
    <p class='ocr_par' dir='ltr' id='par_1_13' title="bbox 66 677 866 720">
     <span class='ocr_line' id='line_1_13' title="bbox 66 677 866 720; baseline -0.005 -10"><span class='ocrx_word' id='word_1_105' title='bbox 66 682 138 710; x_wconf 71' lang='grc' dir='ltr'>ἀλλὰ</span> <span class='ocrx_word' id='word_1_106' title='bbox 162 681 208 710; x_wconf 82' lang='grc' dir='ltr'><strong>καὶ</strong></span> <span class='ocrx_word' id='word_1_107' title='bbox 242 680 384 719; x_wconf 80' lang='grc' dir='ltr'>δυνάμενος</span> <span class='ocrx_word' id='word_1_108' title='bbox 410 684 499 720; x_wconf 79' lang='grc' dir='ltr'>κρῖναι</span> <span class='ocrx_word' id='word_1_109' title='bbox 530 680 575 708; x_wconf 83' lang='grc' dir='ltr'><strong>καὶ</strong></span> <span class='ocrx_word' id='word_1_110' title='bbox 605 678 786 708; x_wconf 80' lang='grc' dir='ltr'>καταδικάσαι</span> <span class='ocrx_word' id='word_1_111' title='bbox 808 677 866 711; x_wconf 79' lang='grc' dir='ltr'>τοὺς</span> 
     </span>
    </p>
   </div>
   <div class='ocr_carea' id='block_1_14' title="bbox 67 722 866 765">
    <p class='ocr_par' dir='ltr' id='par_1_14' title="bbox 67 722 866 765">
     <span class='ocr_line' id='line_1_14' title="bbox 67 722 866 765; baseline -0.005 -11"><span class='ocrx_word' id='word_1_112' title='bbox 67 725 170 764; x_wconf 74' lang='grc' dir='ltr'>ἀλόγως</span> <span class='ocrx_word' id='word_1_113' title='bbox 186 725 340 765; x_wconf 70' lang='grc' dir='ltr'>ὑϐρίζοντάς</span> <span class='ocrx_word' id='word_1_114' title='bbox 365 737 408 764; x_wconf 87' lang='grc' dir='ltr'>με.</span> <span class='ocrx_word' id='word_1_115' title='bbox 427 724 562 758; x_wconf 73' lang='grc' dir='ltr'>Πολλάκις</span> <span class='ocrx_word' id='word_1_116' title='bbox 589 724 638 763; x_wconf 75' lang='grc' dir='ltr'><strong>γάρ</strong></span> <span class='ocrx_word' id='word_1_117' title='bbox 656 736 695 757; x_wconf 83' lang='grc' dir='ltr'><strong>τις</strong></span> <span class='ocrx_word' id='word_1_118' title='bbox 722 724 796 758; x_wconf 78' lang='grc' dir='ltr'>ζητεῖ</span> <span class='ocrx_word' id='word_1_119' title='bbox 819 722 866 759; x_wconf 82' lang='grc' dir='ltr'>μὲν</span> 
     </span>
    </p>
   </div>
   <div class='ocr_carea' id='block_1_15' title="bbox 67 767 865 809">
    <p class='ocr_par' dir='ltr' id='par_1_15' title="bbox 67 767 865 809">
     <span class='ocr_line' id='line_1_15' title="bbox 67 767 865 809; baseline -0.005 -10"><span class='ocrx_word' id='word_1_120' title='bbox 67 771 241 805; x_wconf 73' lang='grc' dir='ltr'>ἐκδικηθῆναι</span> <span class='ocrx_word' id='word_1_121' title='bbox 264 770 313 805; x_wconf 84' lang='grc' dir='ltr'><strong>τὴν</strong></span> <span class='ocrx_word' id='word_1_122' title='bbox 330 770 406 809; x_wconf 78' lang='grc' dir='ltr'>ὕϐριν</span> <span class='ocrx_word' id='word_1_123' title='bbox 418 792 425 805; x_wconf 91' lang='grc'><strong>,</strong></span> <span class='ocrx_word' id='word_1_124' title='bbox 451 770 480 798; x_wconf 80' lang='grc' dir='ltr'><strong>οὐ</strong></span> <span class='ocrx_word' id='word_1_125' title='bbox 496 768 606 798; x_wconf 80' lang='grc' dir='ltr'>δύναται</span> <span class='ocrx_word' id='word_1_126' title='bbox 627 768 654 797; x_wconf 82' lang='grc' dir='ltr'>δὲ</span> <span class='ocrx_word' id='word_1_127' title='bbox 677 767 755 800; x_wconf 78' lang='grc' dir='ltr'>αὐτὸς</span> <span class='ocrx_word' id='word_1_128' title='bbox 768 767 865 807; x_wconf 84' lang='grc' dir='ltr'>κρῖναι·</span> 
     </span>
    </p>
   </div>
   <div class='ocr_carea' id='block_1_16' title="bbox 67 811 867 854">
    <p class='ocr_par' dir='ltr' id='par_1_16' title="bbox 67 811 867 854">
     <span class='ocr_line' id='line_1_16' title="bbox 67 811 867 854; baseline -0.005 -10"><span class='ocrx_word' id='word_1_129' title='bbox 67 816 81 844; x_wconf 96' lang='lat'><strong>6</strong></span> <span class='ocrx_word' id='word_1_130' title='bbox 106 814 290 854; x_wconf 68' lang='grc' dir='ltr'>γοῦνίΠατὴρ</span> <span class='ocrx_word' id='word_1_131' title='bbox 311 814 357 843; x_wconf 78' lang='grc' dir='ltr'><strong>καὶ</strong></span> <span class='ocrx_word' id='word_1_132' title='bbox 375 816 446 850; x_wconf 82' lang='grc' dir='ltr'><strong>ζητεί</strong></span> <span class='ocrx_word' id='word_1_133' title='bbox 469 814 517 848; x_wconf 76' lang='grc' dir='ltr'><strong>τὴν</strong></span> <span class='ocrx_word' id='word_1_134' title='bbox 542 816 588 854; x_wconf 77' lang='grc' dir='ltr'><strong>τοῦ</strong></span> <span class='ocrx_word' id='word_1_135' title='bbox 613 813 678 843; x_wconf 76' lang='grc' dir='ltr'><strong>Υἱοῦ</strong></span> <span class='ocrx_word' id='word_1_136' title='bbox 704 811 796 847; x_wconf 72' lang='grc' dir='ltr'>δόξαν,</span> <span class='ocrx_word' id='word_1_137' title='bbox 821 812 867 841; x_wconf 85' lang='grc' dir='ltr'><strong>καὶ</strong></span> 
     </span>
    </p>
   </div>
   <div class='ocr_carea' id='block_1_17' title="bbox 67 853 864 898">
    <p class='ocr_par' dir='ltr' id='par_1_17' title="bbox 67 853 864 898">
     <span class='ocr_line' id='line_1_17' title="bbox 67 853 864 898; baseline -0.003 -11"><span class='ocrx_word' id='word_1_138' title='bbox 67 853 291 898; x_wconf 18' lang='grc' dir='ltr'>δύνναταινκρῖναι.</span> <span class='ocrx_word' id='word_1_139' title='bbox 321 859 374 888; x_wconf 73' lang='grc' dir='ltr'>Διὰ</span> <span class='ocrx_word' id='word_1_140' title='bbox 390 861 467 889; x_wconf 73' lang='grc' dir='ltr'>τοῦτο</span> <span class='ocrx_word' id='word_1_141' title='bbox 482 854 526 888; x_wconf 70' lang='grc' dir='ltr'><strong>οὖν</strong></span> <span class='ocrx_word' id='word_1_142' title='bbox 544 853 626 887; x_wconf 66' lang='grc' dir='ltr'>εἶπεν·</span> <span class='ocrx_word' id='word_1_143' title='bbox 644 869 658 886; x_wconf 83' lang='grc'><strong>‹</strong></span> <span class='ocrx_word' id='word_1_144' title='bbox 677 856 774 886; x_wconf 76' lang='grc' dir='ltr'>Ἔστιν</span> <span class='ocrx_word' id='word_1_145' title='bbox 789 858 802 885; x_wconf 88' lang='lat'><strong>6</strong></span> <span class='ocrx_word' id='word_1_146' title='bbox 816 859 864 892; x_wconf 90' lang='grc' dir='ltr'>ζη-</span> 
     </span>
    </p>
   </div>
   <div class='ocr_carea' id='block_1_18' title="bbox 67 903 347 943">
    <p class='ocr_par' dir='ltr' id='par_1_18' title="bbox 67 903 347 943">
     <span class='ocr_line' id='line_1_18' title="bbox 67 903 347 943; baseline -0.004 -10"><span class='ocrx_word' id='word_1_147' title='bbox 67 905 123 933; x_wconf 79' lang='grc' dir='ltr'><strong>τῶν</strong></span> <span class='ocrx_word' id='word_1_148' title='bbox 139 904 184 933; x_wconf 75' lang='grc' dir='ltr'>καὶ</span> <span class='ocrx_word' id='word_1_149' title='bbox 205 903 314 943; x_wconf 87' lang='grc' dir='ltr'>κρίνων.</span> <span class='ocrx_word' id='word_1_150' title='bbox 333 916 347 932; x_wconf 74' lang='grc' dir='ltr'><strong>ιο</strong></span> 
     </span>
    </p>
   </div>
   <div class='ocr_carea' id='block_1_19' title="bbox 112 990 866 1032">
    <p class='ocr_par' dir='ltr' id='par_1_19' title="bbox 112 990 866 1032">
     <span class='ocr_line' id='line_1_19' title="bbox 112 990 866 1032; baseline -0.003 -12"><span class='ocrx_word' id='word_1_151' title='bbox 112 1005 128 1020; x_wconf 69' lang='grc' dir='ltr'>ι</span> <span class='ocrx_word' id='word_1_152' title='bbox 145 992 228 1032; x_wconf 71' lang='grc' dir='ltr'>Ἀμὴν</span> <span class='ocrx_word' id='word_1_153' title='bbox 239 1015 248 1030; x_wconf 88' lang='grc'><strong>,</strong></span> <span class='ocrx_word' id='word_1_154' title='bbox 263 992 334 1032; x_wconf 75' lang='grc' dir='ltr'>ἀμὴν</span> <span class='ocrx_word' id='word_1_155' title='bbox 352 992 422 1031; x_wconf 80' lang='grc' dir='ltr'>λέγω</span> <span class='ocrx_word' id='word_1_156' title='bbox 442 994 520 1031; x_wconf 76' lang='grc' dir='ltr'>ὑμῖν,</span> <span class='ocrx_word' id='word_1_157' title='bbox 543 991 588 1021; x_wconf 72' lang='grc' dir='ltr'><strong>ἐάν</strong></span> <span class='ocrx_word' id='word_1_158' title='bbox 603 1003 643 1024; x_wconf 88' lang='grc' dir='ltr'><strong>τις</strong></span> <span class='ocrx_word' id='word_1_159' title='bbox 663 991 708 1020; x_wconf 81' lang='grc' dir='ltr'><strong>τὸν</strong></span> <span class='ocrx_word' id='word_1_160' title='bbox 722 990 798 1030; x_wconf 87' lang='grc' dir='ltr'>λόγον</span> <span class='ocrx_word' id='word_1_161' title='bbox 822 990 866 1020; x_wconf 74' lang='grc' dir='ltr'><strong>τὸν</strong></span> 
     </span>
    </p>
   </div>
   <div class='ocr_carea' id='block_1_20' title="bbox 69 1035 866 1078">
    <p class='ocr_par' dir='ltr' id='par_1_20' title="bbox 69 1035 866 1078">
     <span class='ocr_line' id='line_1_20' title="bbox 69 1035 866 1078; baseline -0.005 -11"><span class='ocrx_word' id='word_1_162' title='bbox 69 1038 134 1076; x_wconf 76' lang='grc' dir='ltr'>ἐμὸν</span> <span class='ocrx_word' id='word_1_163' title='bbox 163 1038 288 1078; x_wconf 73' lang='grc' dir='ltr'>τηρήσῃ,</span> <span class='ocrx_word' id='word_1_164' title='bbox 327 1037 440 1067; x_wconf 85' lang='grc' dir='ltr'>θάνατον</span> <span class='ocrx_word' id='word_1_165' title='bbox 476 1038 504 1066; x_wconf 87' lang='grc' dir='ltr'>οὗ</span> <span class='ocrx_word' id='word_1_166' title='bbox 532 1037 569 1075; x_wconf 85' lang='grc' dir='ltr'><strong>μὴ</strong></span> <span class='ocrx_word' id='word_1_167' title='bbox 606 1036 728 1076; x_wconf 76' lang='grc' dir='ltr'><strong>θεωρήσῃ</strong></span> <span class='ocrx_word' id='word_1_168' title='bbox 757 1037 793 1068; x_wconf 80' lang='grc' dir='ltr'><strong>εἰς</strong></span> <span class='ocrx_word' id='word_1_169' title='bbox 821 1035 866 1064; x_wconf 84' lang='grc' dir='ltr'><strong>τὸν</strong></span> 
     </span>
    </p>
   </div>
   <div class='ocr_carea' id='block_1_21' title="bbox 69 1077 865 1121">
    <p class='ocr_par' dir='ltr' id='par_1_21' title="bbox 69 1077 865 1121">
     <span class='ocr_line' id='line_1_21' title="bbox 69 1077 865 1121; baseline -0.004 -10"><span class='ocrx_word' id='word_1_170' title='bbox 69 1084 162 1112; x_wconf 80' lang='grc' dir='ltr'>αἰῶνα.</span> <span class='ocrx_word' id='word_1_171' title='bbox 193 1077 276 1112; x_wconf 67' lang='grc' dir='ltr'>Εἶπον</span> <span class='ocrx_word' id='word_1_172' title='bbox 293 1078 337 1112; x_wconf 66' lang='grc' dir='ltr'><strong>οὖν</strong></span> <span class='ocrx_word' id='word_1_173' title='bbox 354 1083 426 1121; x_wconf 81' lang='grc' dir='ltr'>αὐτῷ</span> <span class='ocrx_word' id='word_1_174' title='bbox 449 1083 472 1111; x_wconf 74' lang='grc' dir='ltr'>οἱ</span> <span class='ocrx_word' id='word_1_175' title='bbox 500 1081 633 1112; x_wconf 84' lang='grc' dir='ltr'>Ἰουδαῖοι·</span> <span class='ocrx_word' id='word_1_176' title='bbox 662 1083 717 1110; x_wconf 69' lang='grc' dir='ltr'>Νῦν</span> <span class='ocrx_word' id='word_1_177' title='bbox 745 1080 865 1119; x_wconf 81' lang='grc' dir='ltr'>ἐγνώκα-</span> 
     </span>
    </p>
   </div>
   <div class='ocr_carea' id='block_1_22' title="bbox 69 1125 867 1166">
    <p class='ocr_par' dir='ltr' id='par_1_22' title="bbox 69 1125 867 1166">
     <span class='ocr_line' id='line_1_22' title="bbox 69 1125 867 1166; baseline -0.004 -10"><span class='ocrx_word' id='word_1_178' title='bbox 69 1139 136 1166; x_wconf 87' lang='grc' dir='ltr'>μεν,</span> <span class='ocrx_word' id='word_1_179' title='bbox 158 1127 198 1156; x_wconf 75' lang='grc' dir='ltr'><strong>ὅτι</strong></span> <span class='ocrx_word' id='word_1_180' title='bbox 215 1127 350 1165; x_wconf 84' lang='grc' dir='ltr'>δαιμόνιον</span> <span class='ocrx_word' id='word_1_181' title='bbox 375 1127 454 1166; x_wconf 69' lang='grc' dir='ltr'>ἔχεις.</span> <span class='ocrx_word' id='word_1_182' title='bbox 483 1126 608 1165; x_wconf 66' lang='grc' dir='ltr'>Ἀϐραὰμ</span> <span class='ocrx_word' id='word_1_183' title='bbox 624 1125 757 1160; x_wconf 79' lang='grc' dir='ltr'>ἀπέθανε,</span> <span class='ocrx_word' id='word_1_184' title='bbox 784 1125 829 1154; x_wconf 77' lang='grc' dir='ltr'><strong>καὶ</strong></span> <span class='ocrx_word' id='word_1_185' title='bbox 843 1126 867 1154; x_wconf 81' lang='grc' dir='ltr'><strong>οἱ</strong></span> 
     </span>
    </p>
   </div>
   <div class='ocr_carea' id='block_1_23' title="bbox 67 1170 867 1212">
    <p class='ocr_par' dir='ltr' id='par_1_23' title="bbox 67 1170 867 1212">
     <span class='ocr_line' id='line_1_23' title="bbox 67 1170 867 1212; baseline -0.004 -11"><span class='ocrx_word' id='word_1_186' title='bbox 67 1173 223 1212; x_wconf 69' lang='grc' dir='ltr'>προφῆται,</span> <span class='ocrx_word' id='word_1_187' title='bbox 248 1172 294 1200; x_wconf 86' lang='grc' dir='ltr'><strong>καὶ</strong></span> <span class='ocrx_word' id='word_1_188' title='bbox 323 1171 354 1200; x_wconf 76' lang='grc' dir='ltr'><strong>σὺ</strong></span> <span class='ocrx_word' id='word_1_189' title='bbox 378 1172 475 1209; x_wconf 78' lang='grc' dir='ltr'>λέγεις’</span> <span class='ocrx_word' id='word_1_190' title='bbox 505 1171 570 1200; x_wconf 74' lang='grc' dir='ltr'><strong>Ἐάν</strong></span> <span class='ocrx_word' id='word_1_191' title='bbox 597 1182 636 1201; x_wconf 83' lang='grc' dir='ltr'><strong>τις</strong></span> <span class='ocrx_word' id='word_1_192' title='bbox 662 1170 706 1199; x_wconf 79' lang='grc' dir='ltr'><strong>τὸν</strong></span> <span class='ocrx_word' id='word_1_193' title='bbox 724 1170 801 1208; x_wconf 89' lang='grc' dir='ltr'>λόγον</span> <span class='ocrx_word' id='word_1_194' title='bbox 817 1181 867 1206; x_wconf 88' lang='grc' dir='ltr'><strong>μου</strong></span> 
     </span>
    </p>
   </div>
   <div class='ocr_carea' id='block_1_24' title="bbox 69 1214 865 1255">
    <p class='ocr_par' dir='ltr' id='par_1_24' title="bbox 69 1214 865 1255">
     <span class='ocr_line' id='line_1_24' title="bbox 69 1214 865 1255; baseline -0.003 -11"><span class='ocrx_word' id='word_1_195' title='bbox 69 1216 175 1255; x_wconf 79' lang='grc' dir='ltr'>τηρήσῃ</span> <span class='ocrx_word' id='word_1_196' title='bbox 187 1238 194 1251; x_wconf 91' lang='grc'><strong>,</strong></span> <span class='ocrx_word' id='word_1_197' title='bbox 218 1217 247 1244; x_wconf 77' lang='grc' dir='ltr'><strong>οὐ</strong></span> <span class='ocrx_word' id='word_1_198' title='bbox 266 1216 303 1253; x_wconf 78' lang='grc' dir='ltr'><strong>μὴ</strong></span> <span class='ocrx_word' id='word_1_199' title='bbox 319 1216 447 1255; x_wconf 73' lang='grc' dir='ltr'>γεύσηται</span> <span class='ocrx_word' id='word_1_200' title='bbox 471 1215 586 1244; x_wconf 80' lang='grc' dir='ltr'>Θανάτου</span> <span class='ocrx_word' id='word_1_201' title='bbox 613 1216 648 1247; x_wconf 87' lang='grc' dir='ltr'>εἷς</span> <span class='ocrx_word' id='word_1_202' title='bbox 674 1214 718 1243; x_wconf 73' lang='grc' dir='ltr'><strong>τὸν</strong></span> <span class='ocrx_word' id='word_1_203' title='bbox 734 1215 832 1243; x_wconf 79' lang='grc' dir='ltr'>αἰῶνα.</span> <span class='ocrx_word' id='word_1_204' title='bbox 850 1226 865 1241; x_wconf 75' lang='grc' dir='ltr'><strong>ι</strong></span> 
     </span>
    </p>
   </div>
   <div class='ocr_carea' id='block_1_25' title="bbox 67 1258 867 1301">
    <p class='ocr_par' dir='ltr' id='par_1_25' title="bbox 67 1258 867 1301">
     <span class='ocr_line' id='line_1_25' title="bbox 67 1258 867 1301; baseline -0.003 -12"><span class='ocrx_word' id='word_1_205' title='bbox 67 1260 110 1289; x_wconf 84' lang='grc' dir='ltr'><strong>Ὢ</strong></span> <span class='ocrx_word' id='word_1_206' title='bbox 145 1263 192 1295; x_wconf 69' lang='grc' dir='ltr'><strong>τῆς</strong></span> <span class='ocrx_word' id='word_1_207' title='bbox 221 1260 435 1301; x_wconf 74' lang='grc' dir='ltr'>φιλανθρωπίας]</span> <span class='ocrx_word' id='word_1_208' title='bbox 468 1259 586 1289; x_wconf 66' lang='grc' dir='ltr'>Ἰἰκεῖνοι</span> <span class='ocrx_word' id='word_1_209' title='bbox 618 1259 665 1297; x_wconf 79' lang='grc' dir='ltr'>μὲν</span> <span class='ocrx_word' id='word_1_210' title='bbox 703 1258 867 1299; x_wconf 68' lang='grc' dir='ltr'>ὑϐρίζουσιν,</span> 
     </span>
    </p>
   </div>
   <div class='ocr_carea' id='block_1_26' title="bbox 70 1303 866 1343">
    <p class='ocr_par' dir='ltr' id='par_1_26' title="bbox 70 1303 866 1343">
     <span class='ocr_line' id='line_1_26' title="bbox 70 1303 866 1343; baseline -0.001 -10"><span class='ocrx_word' id='word_1_211' title='bbox 70 1304 149 1338; x_wconf 76' lang='grc' dir='ltr'>αὐτὸς</span> <span class='ocrx_word' id='word_1_212' title='bbox 175 1304 263 1339; x_wconf 77' lang='grc' dir='ltr'>δὲτὴν</span> <span class='ocrx_word' id='word_1_213' title='bbox 279 1304 402 1343; x_wconf 72' lang='grc' dir='ltr'>περὶτῆς</span> <span class='ocrx_word' id='word_1_214' title='bbox 418 1304 493 1339; x_wconf 78' lang='grc' dir='ltr'>δόξης</span> <span class='ocrx_word' id='word_1_215' title='bbox 516 1304 595 1332; x_wconf 74' lang='grc' dir='ltr'>αὐτοῦ</span> <span class='ocrx_word' id='word_1_216' title='bbox 622 1303 732 1338; x_wconf 82' lang='grc' dir='ltr'>ζήτησιν</span> <span class='ocrx_word' id='word_1_217' title='bbox 755 1303 800 1332; x_wconf 75' lang='grc' dir='ltr'><strong>καὶ</strong></span> <span class='ocrx_word' id='word_1_218' title='bbox 821 1304 866 1332; x_wconf 75' lang='grc' dir='ltr'><strong>ἐκ·</strong></span> 
     </span>
    </p>
   </div>
   <div class='ocr_carea' id='block_1_27' title="bbox 69 1347 864 1388">
    <p class='ocr_par' dir='ltr' id='par_1_27' title="bbox 69 1347 864 1388">
     <span class='ocr_line' id='line_1_27' title="bbox 69 1347 864 1388; baseline -0.003 -10"><span class='ocrx_word' id='word_1_219' title='bbox 69 1349 174 1384; x_wconf 85' lang='grc' dir='ltr'>δίκησιν</span> <span class='ocrx_word' id='word_1_220' title='bbox 189 1351 226 1387; x_wconf 79' lang='grc' dir='ltr'><strong>τῷ</strong></span> <span class='ocrx_word' id='word_1_221' title='bbox 244 1349 330 1388; x_wconf 81' lang='grc' dir='ltr'>ΙῘατρὶ</span> <span class='ocrx_word' id='word_1_222' title='bbox 353 1348 502 1384; x_wconf 66' lang='grc' dir='ltr'>ἀνατιθεὶς,</span> <span class='ocrx_word' id='word_1_223' title='bbox 529 1349 565 1381; x_wconf 81' lang='grc' dir='ltr'>εἰς</span> <span class='ocrx_word' id='word_1_224' title='bbox 584 1348 741 1386; x_wconf 83' lang='grc' dir='ltr'>παραίνεσιν</span> <span class='ocrx_word' id='word_1_225' title='bbox 763 1347 808 1376; x_wconf 81' lang='grc' dir='ltr'><strong>καὶ</strong></span> <span class='ocrx_word' id='word_1_226' title='bbox 824 1348 864 1376; x_wconf 86' lang='grc' dir='ltr'>δι-</span> 
     </span>
    </p>
   </div>
   <div class='ocr_carea' id='block_1_28' title="bbox 68 1392 864 1433">
    <p class='ocr_par' dir='ltr' id='par_1_28' title="bbox 68 1392 864 1433">
     <span class='ocr_line' id='line_1_28' title="bbox 68 1392 864 1433; baseline -0.001 -11"><span class='ocrx_word' id='word_1_227' title='bbox 68 1393 218 1422; x_wconf 76' lang='grc' dir='ltr'>δασκαλίαν</span> <span class='ocrx_word' id='word_1_228' title='bbox 247 1393 387 1432; x_wconf 72' lang='grc' dir='ltr'>τρέπεται,</span> <span class='ocrx_word' id='word_1_229' title='bbox 427 1395 568 1433; x_wconf 81' lang='grc' dir='ltr'>εὐεργετῶν</span> <span class='ocrx_word' id='word_1_230' title='bbox 599 1392 661 1426; x_wconf 83' lang='grc' dir='ltr'>τοὺς</span> <span class='ocrx_word' id='word_1_231' title='bbox 697 1392 864 1431; x_wconf 75' lang='grc' dir='ltr'>ὑϐρίζοντας.</span> 
     </span>
    </p>
   </div>
   <div class='ocr_carea' id='block_1_29' title="bbox 69 1433 867 1476">
    <p class='ocr_par' dir='ltr' id='par_1_29' title="bbox 69 1433 867 1476">
     <span class='ocr_line' id='line_1_29' title="bbox 69 1433 867 1476; baseline -0.003 -9"><span class='ocrx_word' id='word_1_232' title='bbox 69 1438 152 1468; x_wconf 74' lang='grc' dir='ltr'>Οὕτω</span> <span class='ocrx_word' id='word_1_233' title='bbox 168 1439 208 1466; x_wconf 89' lang='grc' dir='ltr'><strong>δεῖ</strong></span> <span class='ocrx_word' id='word_1_234' title='bbox 224 1437 269 1466; x_wconf 79' lang='grc' dir='ltr'><strong>καὶ</strong></span> <span class='ocrx_word' id='word_1_235' title='bbox 285 1439 357 1476; x_wconf 81' lang='grc' dir='ltr'>ἡμᾶς</span> <span class='ocrx_word' id='word_1_236' title='bbox 380 1439 527 1476; x_wconf 78' lang='grc' dir='ltr'>ἀμύνεσθαι</span> <span class='ocrx_word' id='word_1_237' title='bbox 542 1436 601 1470; x_wconf 76' lang='grc' dir='ltr'>τοὺς</span> <span class='ocrx_word' id='word_1_238' title='bbox 621 1437 739 1476; x_wconf 76' lang='grc' dir='ltr'>ἐχθρούς.</span> <span class='ocrx_word' id='word_1_239' title='bbox 772 1438 808 1467; x_wconf 83' lang='grc' dir='ltr'>Τί</span> <span class='ocrx_word' id='word_1_240' title='bbox 822 1433 867 1466; x_wconf 69' lang='grc' dir='ltr'><strong>οὖν</strong></span> 
     </span>
    </p>
   </div>
   <div class='ocr_carea' id='block_1_30' title="bbox 70 1482 861 1521">
    <p class='ocr_par' dir='ltr' id='par_1_30' title="bbox 70 1482 861 1521">
     <span class='ocr_line' id='line_1_30' title="bbox 70 1482 861 1521; baseline -0.001 -10"><span class='ocrx_word' id='word_1_241' title='bbox 70 1483 158 1516; x_wconf 76' lang='grc' dir='ltr'>αὐτοῖς</span> <span class='ocrx_word' id='word_1_242' title='bbox 182 1484 274 1519; x_wconf 74' lang='grc' dir='ltr'>εἷπενς</span> <span class='ocrx_word' id='word_1_243' title='bbox 295 1494 308 1510; x_wconf 77' lang='grc' dir='ltr'><strong>α</strong></span> <span class='ocrx_word' id='word_1_244' title='bbox 329 1482 395 1512; x_wconf 80' lang='grc' dir='ltr'>Ἐάν</span> <span class='ocrx_word' id='word_1_245' title='bbox 417 1494 456 1515; x_wconf 84' lang='grc' dir='ltr'><strong>τις</strong></span> <span class='ocrx_word' id='word_1_246' title='bbox 479 1482 523 1511; x_wconf 80' lang='grc' dir='ltr'><strong>τὸν</strong></span> <span class='ocrx_word' id='word_1_247' title='bbox 548 1483 625 1521; x_wconf 85' lang='grc' dir='ltr'>λόγον</span> <span class='ocrx_word' id='word_1_248' title='bbox 642 1493 692 1519; x_wconf 82' lang='grc' dir='ltr'><strong>μου</strong></span> <span class='ocrx_word' id='word_1_249' title='bbox 716 1482 830 1521; x_wconf 74' lang='grc' dir='ltr'>τηρήση-</span> <span class='ocrx_word' id='word_1_250' title='bbox 847 1492 861 1510; x_wconf 81' lang='lat' dir='ltr'><strong>n</strong></span> 
     </span>
    </p>
   </div>
   <div class='ocr_carea' id='block_1_31' title="bbox 916 276 1714 313">
    <p class='ocr_par' dir='ltr' id='par_1_31' title="bbox 916 276 1714 313">
     <span class='ocr_line' id='line_1_31' title="bbox 916 276 1714 313; baseline 0.004 -9"><span class='ocrx_word' id='word_1_251' title='bbox 916 276 1061 304; x_wconf 87' lang='lat' dir='ltr'><strong>Ulciscens</strong></span> <span class='ocrx_word' id='word_1_252' title='bbox 1072 276 1160 309; x_wconf 91' lang='lat' dir='ltr'><strong>illum,</strong></span> <span class='ocrx_word' id='word_1_253' title='bbox 1172 280 1199 304; x_wconf 89' lang='lat' dir='ltr'><strong>et</strong></span> <span class='ocrx_word' id='word_1_254' title='bbox 1208 284 1264 304; x_wconf 89' lang='lat' dir='ltr'><strong>non</strong></span> <span class='ocrx_word' id='word_1_255' title='bbox 1274 277 1365 304; x_wconf 89' lang='lat' dir='ltr'><strong>sinens</strong></span> <span class='ocrx_word' id='word_1_256' title='bbox 1372 285 1420 305; x_wconf 86' lang='lat' dir='ltr'><strong>eos</strong></span> <span class='ocrx_word' id='word_1_257' title='bbox 1427 278 1473 313; x_wconf 89' lang='lat' dir='ltr'><strong>qui</strong></span> <span class='ocrx_word' id='word_1_258' title='bbox 1483 278 1627 307; x_wconf 76' lang='lat' dir='ltr'><strong>homicidae</strong></span> <span class='ocrx_word' id='word_1_259' title='bbox 1636 283 1714 307; x_wconf 90' lang='lat' dir='ltr'><strong>erant</strong></span> 
     </span>
    </p>
   </div>
   <div class='ocr_carea' id='block_1_32' title="bbox 917 321 1710 355">
    <p class='ocr_par' dir='ltr' id='par_1_32' title="bbox 917 321 1710 355">
     <span class='ocr_line' id='line_1_32' title="bbox 917 321 1710 355; baseline 0.005 -7"><span class='ocrx_word' id='word_1_260' title='bbox 917 328 949 349; x_wconf 85' lang='lat' dir='ltr'><strong>ac</strong></span> <span class='ocrx_word' id='word_1_261' title='bbox 964 321 1118 355; x_wconf 83' lang='lat' dir='ltr'><strong>mendaces,</strong></span> <span class='ocrx_word' id='word_1_262' title='bbox 1135 321 1282 349; x_wconf 87' lang='lat' dir='ltr'><strong>Salvatoris</strong></span> <span class='ocrx_word' id='word_1_263' title='bbox 1300 326 1328 349; x_wconf 86' lang='lat' dir='ltr'><strong>et</strong></span> <span class='ocrx_word' id='word_1_264' title='bbox 1342 321 1462 350; x_wconf 77' lang='lat' dir='ltr'><strong>veritatis</strong></span> <span class='ocrx_word' id='word_1_265' title='bbox 1484 322 1553 350; x_wconf 88' lang='lat' dir='ltr'><strong>ﬁlios</strong></span> <span class='ocrx_word' id='word_1_266' title='bbox 1566 324 1710 352; x_wconf 85' lang='lat' dir='ltr'><strong>nominari.</strong></span> 
     </span>
    </p>
   </div>
   <div class='ocr_carea' id='block_1_33' title="bbox 916 366 1711 403">
    <p class='ocr_par' dir='ltr' id='par_1_33' title="bbox 916 366 1711 403">
     <span class='ocr_line' id='line_1_33' title="bbox 916 366 1711 403; baseline 0.004 -10"><span class='ocrx_word' id='word_1_267' title='bbox 916 366 972 394; x_wconf 92' lang='lat' dir='ltr'><strong>Vos</strong></span> <span class='ocrx_word' id='word_1_268' title='bbox 986 366 1079 402; x_wconf 79' lang='lat' dir='ltr'><strong>igitur,</strong></span> <span class='ocrx_word' id='word_1_269' title='bbox 1105 366 1202 402; x_wconf 74' lang='lat' dir='ltr'><strong>inquit,</strong></span> <span class='ocrx_word' id='word_1_270' title='bbox 1214 374 1247 394; x_wconf 91' lang='lat' dir='ltr'><strong>eo</strong></span> <span class='ocrx_word' id='word_1_271' title='bbox 1268 366 1342 402; x_wconf 88' lang='lat' dir='ltr'><strong>quod</strong></span> <span class='ocrx_word' id='word_1_272' title='bbox 1357 366 1464 394; x_wconf 91' lang='lat' dir='ltr'><strong>honoro</strong></span> <span class='ocrx_word' id='word_1_273' title='bbox 1478 368 1587 395; x_wconf 78' lang='lat' dir='ltr'><strong>Patrem</strong></span> <span class='ocrx_word' id='word_1_274' title='bbox 1603 376 1694 397; x_wconf 86' lang='lat' dir='ltr'><strong>meum</strong></span> <span class='ocrx_word' id='word_1_275' title='bbox 1704 390 1711 403; x_wconf 79' lang='lat'><strong>,</strong></span> 
     </span>
    </p>
   </div>
   <div class='ocr_carea' id='block_1_34' title="bbox 918 410 1714 448">
    <p class='ocr_par' dir='ltr' id='par_1_34' title="bbox 918 410 1714 448">
     <span class='ocr_line' id='line_1_34' title="bbox 918 410 1714 448; baseline 0.004 -10"><span class='ocrx_word' id='word_1_276' title='bbox 918 418 1001 446; x_wconf 83' lang='lat' dir='ltr'><strong>quem</strong></span> <span class='ocrx_word' id='word_1_277' title='bbox 1012 418 1060 438; x_wconf 93' lang='lat' dir='ltr'><strong>vos</strong></span> <span class='ocrx_word' id='word_1_278' title='bbox 1071 411 1170 447; x_wconf 86' lang='lat' dir='ltr'><strong>injuria</strong></span> <span class='ocrx_word' id='word_1_279' title='bbox 1180 410 1296 444; x_wconf 86' lang='lat' dir='ltr'><strong>afﬁcitis,</strong></span> <span class='ocrx_word' id='word_1_280' title='bbox 1307 411 1374 439; x_wconf 92' lang='lat' dir='ltr'><strong>dum</strong></span> <span class='ocrx_word' id='word_1_281' title='bbox 1386 411 1453 439; x_wconf 84' lang='lat' dir='ltr'><strong>falso</strong></span> <span class='ocrx_word' id='word_1_282' title='bbox 1467 411 1613 440; x_wconf 85' lang='lat' dir='ltr'><strong>afﬁrmatis</strong></span> <span class='ocrx_word' id='word_1_283' title='bbox 1624 412 1714 448; x_wconf 88' lang='lat' dir='ltr'><strong>ipsum</strong></span> 
     </span>
    </p>
   </div>
   <div class='ocr_carea' id='block_1_35' title="bbox 917 457 1715 493">
    <p class='ocr_par' dir='ltr' id='par_1_35' title="bbox 917 457 1715 493">
     <span class='ocr_line' id='line_1_35' title="bbox 917 457 1715 493; baseline 0.004 -10"><span class='ocrx_word' id='word_1_284' title='bbox 917 463 978 483; x_wconf 88' lang='lat' dir='ltr'><strong>esse</strong></span> <span class='ocrx_word' id='word_1_285' title='bbox 1010 457 1118 483; x_wconf 81' lang='lat' dir='ltr'><strong>Patrem</strong></span> <span class='ocrx_word' id='word_1_286' title='bbox 1146 460 1283 490; x_wconf 85' lang='lat' dir='ltr'><strong>vestrum,</strong></span> <span class='ocrx_word' id='word_1_287' title='bbox 1316 460 1457 492; x_wconf 85' lang='lat' dir='ltr'><strong>propterea</strong></span> <span class='ocrx_word' id='word_1_288' title='bbox 1492 464 1538 484; x_wconf 89' lang='lat' dir='ltr'><strong>me</strong></span> <span class='ocrx_word' id='word_1_289' title='bbox 1566 457 1715 493; x_wconf 77' lang='lat' dir='ltr'><strong>ignominia</strong></span> 
     </span>
    </p>
   </div>
   <div class='ocr_carea' id='block_1_36' title="bbox 918 499 1715 537">
    <p class='ocr_par' dir='ltr' id='par_1_36' title="bbox 918 499 1715 537">
     <span class='ocr_line' id='line_1_36' title="bbox 918 499 1715 537; baseline 0.003 -9"><span class='ocrx_word' id='word_1_290' title='bbox 918 499 1041 534; x_wconf 74' lang='lat' dir='ltr'><strong>efﬁcitis;</strong></span> <span class='ocrx_word' id='word_1_291' title='bbox 1057 500 1105 529; x_wconf 88' lang='lat' dir='ltr'><strong>sed</strong></span> <span class='ocrx_word' id='word_1_292' title='bbox 1118 501 1244 537; x_wconf 82' lang='lat' dir='ltr'><strong>quamvis</strong></span> <span class='ocrx_word' id='word_1_293' title='bbox 1266 507 1317 536; x_wconf 83' lang='lat' dir='ltr'><strong>ego</strong></span> <span class='ocrx_word' id='word_1_294' title='bbox 1342 501 1480 537; x_wconf 88' lang='lat' dir='ltr'><strong>meipsum</strong></span> <span class='ocrx_word' id='word_1_295' title='bbox 1502 509 1560 529; x_wconf 90' lang='lat' dir='ltr'><strong>non</strong></span> <span class='ocrx_word' id='word_1_296' title='bbox 1595 501 1715 537; x_wconf 87' lang='lat' dir='ltr'><strong>vindico,</strong></span> 
     </span>
    </p>
   </div>
   <div class='ocr_carea' id='block_1_37' title="bbox 919 545 1716 581">
    <p class='ocr_par' dir='ltr' id='par_1_37' title="bbox 919 545 1716 581">
     <span class='ocr_line' id='line_1_37' title="bbox 919 545 1716 581; baseline 0.004 -9"><span class='ocrx_word' id='word_1_297' title='bbox 919 545 967 573; x_wconf 86' lang='lat' dir='ltr'><strong>sed</strong></span> <span class='ocrx_word' id='word_1_298' title='bbox 986 553 1050 573; x_wconf 90' lang='lat' dir='ltr'><strong>cum</strong></span> <span class='ocrx_word' id='word_1_299' title='bbox 1072 545 1168 581; x_wconf 87' lang='lat' dir='ltr'><strong>injuria</strong></span> <span class='ocrx_word' id='word_1_300' title='bbox 1189 545 1305 579; x_wconf 79' lang='lat' dir='ltr'><strong>afﬁcior,</strong></span> <span class='ocrx_word' id='word_1_301' title='bbox 1329 546 1471 574; x_wconf 80' lang='lat' dir='ltr'><strong>sustineo:</strong></span> <span class='ocrx_word' id='word_1_302' title='bbox 1500 553 1536 573; x_wconf 92' lang='lat' dir='ltr'><strong>ne</strong></span> <span class='ocrx_word' id='word_1_303' title='bbox 1551 546 1716 576; x_wconf 81' lang='lat' dir='ltr'><strong>existimetis</strong></span> 
     </span>
    </p>
   </div>
   <div class='ocr_carea' id='block_1_38' title="bbox 918 590 1717 628">
    <p class='ocr_par' dir='ltr' id='par_1_38' title="bbox 918 590 1717 628">
     <span class='ocr_line' id='line_1_38' title="bbox 918 590 1717 628; baseline 0.003 -11"><span class='ocrx_word' id='word_1_304' title='bbox 918 590 1032 618; x_wconf 88' lang='lat' dir='ltr'><strong>inultam</strong></span> <span class='ocrx_word' id='word_1_305' title='bbox 1052 590 1110 618; x_wconf 85' lang='lat' dir='ltr'><strong>fore</strong></span> <span class='ocrx_word' id='word_1_306' title='bbox 1132 590 1260 626; x_wconf 88' lang='lat' dir='ltr'><strong>injuriam</strong></span> <span class='ocrx_word' id='word_1_307' title='bbox 1284 591 1365 618; x_wconf 87' lang='lat' dir='ltr'><strong>hanc.</strong></span> <span class='ocrx_word' id='word_1_308' title='bbox 1389 591 1439 618; x_wconf 88' lang='lat' dir='ltr'><strong>Est</strong></span> <span class='ocrx_word' id='word_1_309' title='bbox 1459 590 1532 618; x_wconf 91' lang='lat' dir='ltr'><strong>enim</strong></span> <span class='ocrx_word' id='word_1_310' title='bbox 1555 592 1645 624; x_wconf 87' lang='lat' dir='ltr'><strong>Pater,</strong></span> <span class='ocrx_word' id='word_1_311' title='bbox 1670 592 1717 628; x_wconf 93' lang='lat' dir='ltr'><strong>qui</strong></span> 
     </span>
    </p>
   </div>
   <div class='ocr_carea' id='block_1_39' title="bbox 919 635 1716 672">
    <p class='ocr_par' dir='ltr' id='par_1_39' title="bbox 919 635 1716 672">
     <span class='ocr_line' id='line_1_39' title="bbox 919 635 1716 672; baseline 0.003 -9"><span class='ocrx_word' id='word_1_312' title='bbox 919 643 964 664; x_wconf 85' lang='lat' dir='ltr'><strong>me</strong></span> <span class='ocrx_word' id='word_1_313' title='bbox 986 635 1134 668; x_wconf 87' lang='lat' dir='ltr'><strong>ulciscitur,</strong></span> <span class='ocrx_word' id='word_1_314' title='bbox 1155 636 1220 672; x_wconf 88' lang='lat' dir='ltr'><strong>quia</strong></span> <span class='ocrx_word' id='word_1_315' title='bbox 1245 640 1385 671; x_wconf 84' lang='lat' dir='ltr'><strong>propterea</strong></span> <span class='ocrx_word' id='word_1_316' title='bbox 1401 635 1498 671; x_wconf 86' lang='lat' dir='ltr'><strong>injuria</strong></span> <span class='ocrx_word' id='word_1_317' title='bbox 1511 635 1628 670; x_wconf 79' lang='lat' dir='ltr'><strong>afﬁcior,</strong></span> <span class='ocrx_word' id='word_1_318' title='bbox 1641 637 1716 672; x_wconf 88' lang='lat' dir='ltr'><strong>quod</strong></span> 
     </span>
    </p>
   </div>
   <div class='ocr_carea' id='block_1_40' title="bbox 919 680 1718 716">
    <p class='ocr_par' dir='ltr' id='par_1_40' title="bbox 919 680 1718 716">
     <span class='ocr_line' id='line_1_40' title="bbox 919 680 1718 716; baseline 0.003 -9"><span class='ocrx_word' id='word_1_319' title='bbox 919 681 1008 715; x_wconf 88' lang='lat' dir='ltr'><strong>ipsum</strong></span> <span class='ocrx_word' id='word_1_320' title='bbox 1036 680 1162 713; x_wconf 83' lang='lat' dir='ltr'><strong>ulciscor,</strong></span> <span class='ocrx_word' id='word_1_321' title='bbox 1185 685 1213 708; x_wconf 88' lang='lat' dir='ltr'><strong>et</strong></span> <span class='ocrx_word' id='word_1_322' title='bbox 1229 688 1286 707; x_wconf 92' lang='lat' dir='ltr'><strong>non</strong></span> <span class='ocrx_word' id='word_1_323' title='bbox 1304 681 1392 715; x_wconf 88' lang='lat' dir='ltr'><strong>patior</strong></span> <span class='ocrx_word' id='word_1_324' title='bbox 1406 688 1466 714; x_wconf 77' lang='lat' dir='ltr'><strong>vos,</strong></span> <span class='ocrx_word' id='word_1_325' title='bbox 1489 681 1536 716; x_wconf 88' lang='lat' dir='ltr'><strong>qui</strong></span> <span class='ocrx_word' id='word_1_326' title='bbox 1572 689 1621 708; x_wconf 89' lang='lat' dir='ltr'><strong>vos</strong></span> <span class='ocrx_word' id='word_1_327' title='bbox 1644 682 1718 710; x_wconf 89' lang='lat' dir='ltr'><strong>illius</strong></span> 
     </span>
    </p>
   </div>
   <div class='ocr_carea' id='block_1_41' title="bbox 920 724 1716 761">
    <p class='ocr_par' dir='ltr' id='par_1_41' title="bbox 920 724 1716 761">
     <span class='ocr_line' id='line_1_41' title="bbox 920 724 1716 761; baseline 0.003 -9"><span class='ocrx_word' id='word_1_328' title='bbox 920 725 991 753; x_wconf 85' lang='lat' dir='ltr'><strong>ﬁlios</strong></span> <span class='ocrx_word' id='word_1_329' title='bbox 1001 724 1130 753; x_wconf 85' lang='lat' dir='ltr'><strong>asseritis.</strong></span> <span class='ocrx_word' id='word_1_330' title='bbox 1146 727 1193 753; x_wconf 81' lang='lat' dir='ltr'><strong>Est</strong></span> <span class='ocrx_word' id='word_1_331' title='bbox 1206 725 1288 761; x_wconf 84' lang='lat' dir='ltr'><strong>igitur</strong></span> <span class='ocrx_word' id='word_1_332' title='bbox 1306 725 1352 761; x_wconf 87' lang='lat' dir='ltr'><strong>qui</strong></span> <span class='ocrx_word' id='word_1_333' title='bbox 1367 725 1466 760; x_wconf 63' lang='lat' dir='ltr'><strong>qumrit</strong></span> <span class='ocrx_word' id='word_1_334' title='bbox 1479 725 1596 761; x_wconf 81' lang='lat' dir='ltr'><strong>gloriam</strong></span> <span class='ocrx_word' id='word_1_335' title='bbox 1609 734 1716 761; x_wconf 87' lang='lat' dir='ltr'><strong>meam,</strong></span> 
     </span>
    </p>
   </div>
   <div class='ocr_carea' id='block_1_42' title="bbox 920 769 1718 806">
    <p class='ocr_par' dir='ltr' id='par_1_42' title="bbox 920 769 1718 806">
     <span class='ocr_line' id='line_1_42' title="bbox 920 769 1718 806; baseline 0.003 -9"><span class='ocrx_word' id='word_1_336' title='bbox 920 769 966 805; x_wconf 89' lang='lat' dir='ltr'><strong>qui</strong></span> <span class='ocrx_word' id='word_1_337' title='bbox 981 773 1006 797; x_wconf 89' lang='lat' dir='ltr'><strong>et</strong></span> <span class='ocrx_word' id='word_1_338' title='bbox 1017 774 1107 805; x_wconf 88' lang='lat' dir='ltr'><strong>potest</strong></span> <span class='ocrx_word' id='word_1_339' title='bbox 1124 770 1255 806; x_wconf 84' lang='lat' dir='ltr'><strong>judicare,</strong></span> <span class='ocrx_word' id='word_1_340' title='bbox 1277 774 1304 797; x_wconf 87' lang='lat' dir='ltr'><strong>et</strong></span> <span class='ocrx_word' id='word_1_341' title='bbox 1327 769 1510 798; x_wconf 86' lang='lat' dir='ltr'><strong>condemnare</strong></span> <span class='ocrx_word' id='word_1_342' title='bbox 1525 778 1583 803; x_wconf 89' lang='lat' dir='ltr'><strong>eos,</strong></span> <span class='ocrx_word' id='word_1_343' title='bbox 1602 772 1649 806; x_wconf 91' lang='lat' dir='ltr'><strong>qui</strong></span> <span class='ocrx_word' id='word_1_344' title='bbox 1672 779 1718 799; x_wconf 88' lang='lat' dir='ltr'><strong>me</strong></span> 
     </span>
    </p>
   </div>
   <div class='ocr_carea' id='block_1_43' title="bbox 920 814 1718 851">
    <p class='ocr_par' dir='ltr' id='par_1_43' title="bbox 920 814 1718 851">
     <span class='ocr_line' id='line_1_43' title="bbox 920 814 1718 851; baseline 0.003 -10"><span class='ocrx_word' id='word_1_345' title='bbox 920 814 1020 850; x_wconf 89' lang='lat' dir='ltr'><strong>injuria</strong></span> <span class='ocrx_word' id='word_1_346' title='bbox 1035 814 1166 842; x_wconf 86' lang='lat' dir='ltr'><strong>afﬁciunt.</strong></span> <span class='ocrx_word' id='word_1_347' title='bbox 1191 815 1268 849; x_wconf 64' lang='lat' dir='ltr'><strong>Saepe</strong></span> <span class='ocrx_word' id='word_1_348' title='bbox 1282 815 1356 842; x_wconf 91' lang='lat' dir='ltr'><strong>enim</strong></span> <span class='ocrx_word' id='word_1_349' title='bbox 1384 814 1444 850; x_wconf 86' lang='lat' dir='ltr'><strong>quis</strong></span> <span class='ocrx_word' id='word_1_350' title='bbox 1457 815 1558 851; x_wconf 66' lang='lat' dir='ltr'><strong>quierit</strong></span> <span class='ocrx_word' id='word_1_351' title='bbox 1572 815 1676 850; x_wconf 80' lang='lat' dir='ltr'><strong>ulcisci,</strong></span> <span class='ocrx_word' id='word_1_352' title='bbox 1689 820 1718 844; x_wconf 90' lang='lat' dir='ltr'><strong>et</strong></span> 
     </span>
    </p>
   </div>
   <div class='ocr_carea' id='block_1_44' title="bbox 920 859 1716 896">
    <p class='ocr_par' dir='ltr' id='par_1_44' title="bbox 920 859 1716 896">
     <span class='ocr_line' id='line_1_44' title="bbox 920 859 1716 896; baseline 0.003 -10"><span class='ocrx_word' id='word_1_353' title='bbox 920 859 1016 895; x_wconf 87' lang='lat' dir='ltr'><strong>nequit</strong></span> <span class='ocrx_word' id='word_1_354' title='bbox 1030 860 1086 894; x_wconf 86' lang='lat' dir='ltr'><strong>ipse</strong></span> <span class='ocrx_word' id='word_1_355' title='bbox 1094 859 1225 895; x_wconf 85' lang='lat' dir='ltr'><strong>judicare.</strong></span> <span class='ocrx_word' id='word_1_356' title='bbox 1238 860 1324 896; x_wconf 85' lang='lat' dir='ltr'><strong>igitur</strong></span> <span class='ocrx_word' id='word_1_357' title='bbox 1336 861 1413 888; x_wconf 82' lang='lat' dir='ltr'><strong>Pater</strong></span> <span class='ocrx_word' id='word_1_358' title='bbox 1427 863 1454 887; x_wconf 90' lang='lat' dir='ltr'><strong>et</strong></span> <span class='ocrx_word' id='word_1_359' title='bbox 1467 860 1567 895; x_wconf 72' lang='lat' dir='ltr'><strong>quaerit</strong></span> <span class='ocrx_word' id='word_1_360' title='bbox 1586 861 1646 888; x_wconf 81' lang='lat' dir='ltr'><strong>Filii</strong></span> <span class='ocrx_word' id='word_1_361' title='bbox 1661 861 1716 896; x_wconf 86' lang='lat' dir='ltr'><strong>glo-</strong></span> 
     </span>
    </p>
   </div>
   <div class='ocr_carea' id='block_1_45' title="bbox 921 903 1716 941">
    <p class='ocr_par' dir='ltr' id='par_1_45' title="bbox 921 903 1716 941">
     <span class='ocr_line' id='line_1_45' title="bbox 921 903 1716 941; baseline 0.001 -10"><span class='ocrx_word' id='word_1_362' title='bbox 921 903 1002 937; x_wconf 82' lang='lat' dir='ltr'><strong>riam,</strong></span> <span class='ocrx_word' id='word_1_363' title='bbox 1017 908 1043 931; x_wconf 89' lang='lat' dir='ltr'><strong>et</strong></span> <span class='ocrx_word' id='word_1_364' title='bbox 1057 907 1146 939; x_wconf 83' lang='lat' dir='ltr'><strong>potest</strong></span> <span class='ocrx_word' id='word_1_365' title='bbox 1165 904 1289 940; x_wconf 84' lang='lat' dir='ltr'><strong>judicare</strong></span> <span class='ocrx_word' id='word_1_366' title='bbox 1306 914 1312 932; x_wconf 88' lang='lat'><strong>:</strong></span> <span class='ocrx_word' id='word_1_367' title='bbox 1326 909 1470 940; x_wconf 84' lang='lat' dir='ltr'><strong>propterea</strong></span> <span class='ocrx_word' id='word_1_368' title='bbox 1485 904 1571 932; x_wconf 86' lang='lat' dir='ltr'><strong>dixit:</strong></span> <span class='ocrx_word' id='word_1_369' title='bbox 1586 916 1598 929; x_wconf 76' lang='grc' dir='ltr'><strong>ιι</strong></span> <span class='ocrx_word' id='word_1_370' title='bbox 1611 906 1659 932; x_wconf 85' lang='lat' dir='ltr'><strong>Est</strong></span> <span class='ocrx_word' id='word_1_371' title='bbox 1669 905 1716 941; x_wconf 89' lang='lat' dir='ltr'><strong>qui</strong></span> 
     </span>
    </p>
   </div>
   <div class='ocr_carea' id='block_1_46' title="bbox 921 948 1208 985">
    <p class='ocr_par' dir='ltr' id='par_1_46' title="bbox 921 948 1208 985">
     <span class='ocr_line' id='line_1_46' title="bbox 921 948 1208 985; baseline 0 -9"><span class='ocrx_word' id='word_1_372' title='bbox 921 949 1021 985; x_wconf 69' lang='lat' dir='ltr'><strong>quaerit</strong></span> <span class='ocrx_word' id='word_1_373' title='bbox 1035 948 1178 984; x_wconf 83' lang='lat' dir='ltr'><strong>etjudieat.</strong></span> <span class='ocrx_word' id='word_1_374' title='bbox 1195 961 1208 973; x_wconf 67' lang='grc' dir='ltr'><strong>ν</strong></span> 
     </span>
    </p>
   </div>
   <div class='ocr_carea' id='block_1_47' title="bbox 956 993 1718 1031">
    <p class='ocr_par' dir='ltr' id='par_1_47' title="bbox 956 993 1718 1031">
     <span class='ocr_line' id='line_1_47' title="bbox 956 993 1718 1031; baseline 0.003 -10"><span class='ocrx_word' id='word_1_375' title='bbox 956 995 1043 1021; x_wconf 74' lang='lat' dir='ltr'><strong>Vens.</strong></span> <span class='ocrx_word' id='word_1_376' title='bbox 1058 997 1103 1027; x_wconf 82' lang='grc'><strong>51,</strong></span> <span class='ocrx_word' id='word_1_377' title='bbox 1117 997 1162 1021; x_wconf 83' lang='lat'><strong>52.</strong></span> <span class='ocrx_word' id='word_1_378' title='bbox 1180 1005 1192 1018; x_wconf 80' lang='grc' dir='ltr'><strong>ι</strong></span> <span class='ocrx_word' id='word_1_379' title='bbox 1210 994 1310 1027; x_wconf 85' lang='lat' dir='ltr'><strong>Amen,</strong></span> <span class='ocrx_word' id='word_1_380' title='bbox 1324 1002 1405 1022; x_wconf 88' lang='lat' dir='ltr'><strong>amen</strong></span> <span class='ocrx_word' id='word_1_381' title='bbox 1430 993 1492 1022; x_wconf 88' lang='lat' dir='ltr'><strong>dico</strong></span> <span class='ocrx_word' id='word_1_382' title='bbox 1505 994 1593 1027; x_wconf 81' lang='lat' dir='ltr'><strong>vobis,</strong></span> <span class='ocrx_word' id='word_1_383' title='bbox 1609 994 1631 1022; x_wconf 91' lang='lat' dir='ltr'><strong>si</strong></span> <span class='ocrx_word' id='word_1_384' title='bbox 1656 995 1718 1031; x_wconf 89' lang='lat' dir='ltr'><strong>quis</strong></span> 
     </span>
    </p>
   </div>
   <div class='ocr_carea' id='block_1_48' title="bbox 920 1038 1718 1072">
    <p class='ocr_par' dir='ltr' id='par_1_48' title="bbox 920 1038 1718 1072">
     <span class='ocr_line' id='line_1_48' title="bbox 920 1038 1718 1072; baseline 0.001 -7"><span class='ocrx_word' id='word_1_385' title='bbox 920 1045 1079 1066; x_wconf 87' lang='lat' dir='ltr'><strong>sermonem</strong></span> <span class='ocrx_word' id='word_1_386' title='bbox 1099 1046 1192 1065; x_wconf 90' lang='lat' dir='ltr'><strong>meum</strong></span> <span class='ocrx_word' id='word_1_387' title='bbox 1205 1039 1363 1072; x_wconf 70' lang='lat' dir='ltr'><strong>sanaverit,</strong></span> <span class='ocrx_word' id='word_1_388' title='bbox 1374 1043 1493 1066; x_wconf 88' lang='lat' dir='ltr'><strong>mortem</strong></span> <span class='ocrx_word' id='word_1_389' title='bbox 1508 1047 1563 1066; x_wconf 93' lang='lat' dir='ltr'><strong>non</strong></span> <span class='ocrx_word' id='word_1_390' title='bbox 1576 1038 1678 1066; x_wconf 79' lang='lat' dir='ltr'><strong>videbit</strong></span> <span class='ocrx_word' id='word_1_391' title='bbox 1691 1040 1718 1067; x_wconf 92' lang='lat' dir='ltr'><strong>in</strong></span> 
     </span>
    </p>
   </div>
   <div class='ocr_carea' id='block_1_49' title="bbox 921 1082 1716 1119">
    <p class='ocr_par' dir='ltr' id='par_1_49' title="bbox 921 1082 1716 1119">
     <span class='ocr_line' id='line_1_49' title="bbox 921 1082 1716 1119; baseline 0.001 -9"><span class='ocrx_word' id='word_1_392' title='bbox 921 1086 1067 1110; x_wconf 59' lang='lat' dir='ltr'><strong>aeternum.</strong></span> <span class='ocrx_word' id='word_1_393' title='bbox 1083 1082 1218 1110; x_wconf 85' lang='lat' dir='ltr'><strong>Dixerunt</strong></span> <span class='ocrx_word' id='word_1_394' title='bbox 1232 1091 1296 1119; x_wconf 88' lang='lat' dir='ltr'><strong>ergo</strong></span> <span class='ocrx_word' id='word_1_395' title='bbox 1319 1083 1356 1110; x_wconf 91' lang='lat' dir='ltr'><strong>illi</strong></span> <span class='ocrx_word' id='word_1_396' title='bbox 1370 1083 1459 1111; x_wconf 68' lang='lat' dir='ltr'><strong>Judaei</strong></span> <span class='ocrx_word' id='word_1_397' title='bbox 1477 1091 1482 1108; x_wconf 88' lang='lat'>:</span> <span class='ocrx_word' id='word_1_398' title='bbox 1495 1084 1576 1111; x_wconf 90' lang='lat' dir='ltr'><strong>Nunc</strong></span> <span class='ocrx_word' id='word_1_399' title='bbox 1587 1084 1716 1119; x_wconf 81' lang='lat' dir='ltr'><strong>cognovi-</strong></span> 
     </span>
    </p>
   </div>
   <div class='ocr_carea' id='block_1_50' title="bbox 921 1127 1718 1164">
    <p class='ocr_par' dir='ltr' id='par_1_50' title="bbox 921 1127 1718 1164">
     <span class='ocr_line' id='line_1_50' title="bbox 921 1127 1718 1164; baseline 0.003 -9"><span class='ocrx_word' id='word_1_400' title='bbox 921 1135 985 1155; x_wconf 88' lang='lat' dir='ltr'><strong>mus</strong></span> <span class='ocrx_word' id='word_1_401' title='bbox 1008 1127 1080 1164; x_wconf 90' lang='lat' dir='ltr'><strong>quod</strong></span> <span class='ocrx_word' id='word_1_402' title='bbox 1103 1127 1273 1156; x_wconf 59' lang='lat' dir='ltr'><strong>damonium</strong></span> <span class='ocrx_word' id='word_1_403' title='bbox 1295 1127 1403 1156; x_wconf 88' lang='lat' dir='ltr'><strong>habeas.</strong></span> <span class='ocrx_word' id='word_1_404' title='bbox 1428 1127 1569 1155; x_wconf 77' lang='lat' dir='ltr'><strong>Abraham</strong></span> <span class='ocrx_word' id='word_1_405' title='bbox 1591 1132 1718 1157; x_wconf 88' lang='lat' dir='ltr'><strong>mortuus</strong></span> 
     </span>
    </p>
   </div>
   <div class='ocr_carea' id='block_1_51' title="bbox 921 1172 1717 1208">
    <p class='ocr_par' dir='ltr' id='par_1_51' title="bbox 921 1172 1717 1208">
     <span class='ocr_line' id='line_1_51' title="bbox 921 1172 1717 1208; baseline 0.001 -8"><span class='ocrx_word' id='word_1_406' title='bbox 921 1176 974 1206; x_wconf 89' lang='lat' dir='ltr'><strong>est,</strong></span> <span class='ocrx_word' id='word_1_407' title='bbox 996 1177 1024 1200; x_wconf 88' lang='lat' dir='ltr'><strong>et</strong></span> <span class='ocrx_word' id='word_1_408' title='bbox 1046 1172 1186 1208; x_wconf 64' lang='lat' dir='ltr'><strong>prophetae</strong></span> <span class='ocrx_word' id='word_1_409' title='bbox 1206 1180 1212 1198; x_wconf 87' lang='lat'><strong>:</strong></span> <span class='ocrx_word' id='word_1_410' title='bbox 1230 1176 1257 1200; x_wconf 90' lang='lat' dir='ltr'><strong>et</strong></span> <span class='ocrx_word' id='word_1_411' title='bbox 1279 1176 1309 1200; x_wconf 89' lang='lat' dir='ltr'><strong>tu</strong></span> <span class='ocrx_word' id='word_1_412' title='bbox 1327 1172 1416 1200; x_wconf 87' lang='lat' dir='ltr'><strong>dicis:</strong></span> <span class='ocrx_word' id='word_1_413' title='bbox 1439 1173 1466 1200; x_wconf 92' lang='lat' dir='ltr'><strong>Si</strong></span> <span class='ocrx_word' id='word_1_414' title='bbox 1488 1172 1548 1208; x_wconf 88' lang='lat' dir='ltr'><strong>quis</strong></span> <span class='ocrx_word' id='word_1_415' title='bbox 1561 1181 1717 1201; x_wconf 89' lang='lat' dir='ltr'><strong>sermonem</strong></span> 
     </span>
    </p>
   </div>
   <div class='ocr_carea' id='block_1_52' title="bbox 922 1217 1717 1252">
    <p class='ocr_par' dir='ltr' id='par_1_52' title="bbox 922 1217 1717 1252">
     <span class='ocr_line' id='line_1_52' title="bbox 922 1217 1717 1252; baseline 0.001 -7"><span class='ocrx_word' id='word_1_416' title='bbox 922 1225 1016 1245; x_wconf 89' lang='lat' dir='ltr'><strong>meum</strong></span> <span class='ocrx_word' id='word_1_417' title='bbox 1036 1217 1196 1250; x_wconf 84' lang='lat' dir='ltr'><strong>servaverit,</strong></span> <span class='ocrx_word' id='word_1_418' title='bbox 1224 1225 1279 1244; x_wconf 91' lang='lat' dir='ltr'><strong>non</strong></span> <span class='ocrx_word' id='word_1_419' title='bbox 1294 1217 1416 1252; x_wconf 84' lang='lat' dir='ltr'><strong>gustabit</strong></span> <span class='ocrx_word' id='word_1_420' title='bbox 1439 1222 1558 1245; x_wconf 86' lang='lat' dir='ltr'><strong>mortem</strong></span> <span class='ocrx_word' id='word_1_421' title='bbox 1582 1218 1611 1245; x_wconf 92' lang='lat' dir='ltr'><strong>in</strong></span> <span class='ocrx_word' id='word_1_422' title='bbox 1635 1222 1717 1246; x_wconf 58' lang='lat' dir='ltr'><strong>aiter-</strong></span> 
     </span>
    </p>
   </div>
   <div class='ocr_carea' id='block_1_53' title="bbox 921 1261 1718 1297">
    <p class='ocr_par' dir='ltr' id='par_1_53' title="bbox 921 1261 1718 1297">
     <span class='ocr_line' id='line_1_53' title="bbox 921 1261 1718 1297; baseline 0.001 -8"><span class='ocrx_word' id='word_1_423' title='bbox 921 1270 997 1290; x_wconf 88' lang='lat' dir='ltr'><strong>num.</strong></span> <span class='ocrx_word' id='word_1_424' title='bbox 1017 1274 1030 1285; x_wconf 65' lang='grc' dir='ltr'><strong>ν</strong></span> <span class='ocrx_word' id='word_1_425' title='bbox 1054 1263 1079 1290; x_wconf 95' lang='grc' dir='ltr'>Ο</span> <span class='ocrx_word' id='word_1_426' title='bbox 1104 1261 1335 1289; x_wconf 79' lang='lat' dir='ltr'><strong>misericordiam!</strong></span> <span class='ocrx_word' id='word_1_427' title='bbox 1352 1261 1392 1289; x_wconf 86' lang='lat' dir='ltr'><strong>illi</strong></span> <span class='ocrx_word' id='word_1_428' title='bbox 1414 1262 1527 1297; x_wconf 78' lang='lat' dir='ltr'><strong>quidem</strong></span> <span class='ocrx_word' id='word_1_429' title='bbox 1546 1261 1645 1297; x_wconf 85' lang='lat' dir='ltr'><strong>injuria</strong></span> <span class='ocrx_word' id='word_1_430' title='bbox 1659 1263 1718 1290; x_wconf 84' lang='lat' dir='ltr'><strong>afﬁ-</strong></span> 
     </span>
    </p>
   </div>
   <div class='ocr_carea' id='block_1_54' title="bbox 922 1304 1718 1342">
    <p class='ocr_par' dir='ltr' id='par_1_54' title="bbox 922 1304 1718 1342">
     <span class='ocr_line' id='line_1_54' title="bbox 922 1304 1718 1342; baseline 0.001 -8"><span class='ocrx_word' id='word_1_431' title='bbox 922 1307 1007 1339; x_wconf 90' lang='lat' dir='ltr'><strong>ciunt,</strong></span> <span class='ocrx_word' id='word_1_432' title='bbox 1020 1306 1077 1342; x_wconf 87' lang='lat' dir='ltr'><strong>ipse</strong></span> <span class='ocrx_word' id='word_1_433' title='bbox 1092 1310 1186 1334; x_wconf 88' lang='lat' dir='ltr'><strong>autem</strong></span> <span class='ocrx_word' id='word_1_434' title='bbox 1207 1304 1385 1342; x_wconf 66' lang='lat' dir='ltr'><strong>quiestioném</strong></span> <span class='ocrx_word' id='word_1_435' title='bbox 1411 1306 1444 1334; x_wconf 88' lang='lat' dir='ltr'><strong>de</strong></span> <span class='ocrx_word' id='word_1_436' title='bbox 1457 1307 1542 1341; x_wconf 83' lang='lat' dir='ltr'><strong>gloria</strong></span> <span class='ocrx_word' id='word_1_437' title='bbox 1556 1315 1616 1339; x_wconf 86' lang='lat' dir='ltr'><strong>sua,</strong></span> <span class='ocrx_word' id='word_1_438' title='bbox 1631 1311 1659 1334; x_wconf 87' lang='lat' dir='ltr'><strong>et</strong></span> <span class='ocrx_word' id='word_1_439' title='bbox 1671 1307 1718 1335; x_wconf 90' lang='lat' dir='ltr'><strong>de-</strong></span> 
     </span>
    </p>
   </div>
   <div class='ocr_carea' id='block_1_55' title="bbox 920 1349 1718 1385">
    <p class='ocr_par' dir='ltr' id='par_1_55' title="bbox 920 1349 1718 1385">
     <span class='ocr_line' id='line_1_55' title="bbox 920 1349 1718 1385; baseline 0.001 -7"><span class='ocrx_word' id='word_1_440' title='bbox 920 1349 1075 1378; x_wconf 86' lang='lat' dir='ltr'><strong>fensionem</strong></span> <span class='ocrx_word' id='word_1_441' title='bbox 1096 1351 1169 1378; x_wconf 89' lang='lat' dir='ltr'><strong>Patri</strong></span> <span class='ocrx_word' id='word_1_442' title='bbox 1194 1351 1366 1385; x_wconf 86' lang='lat' dir='ltr'><strong>permittens,</strong></span> <span class='ocrx_word' id='word_1_443' title='bbox 1391 1351 1425 1378; x_wconf 88' lang='lat' dir='ltr'><strong>ad</strong></span> <span class='ocrx_word' id='word_1_444' title='bbox 1455 1351 1670 1379; x_wconf 86' lang='lat' dir='ltr'><strong>admonitionem</strong></span> <span class='ocrx_word' id='word_1_445' title='bbox 1691 1356 1718 1379; x_wconf 90' lang='lat' dir='ltr'><strong>et</strong></span> 
     </span>
    </p>
   </div>
   <div class='ocr_carea' id='block_1_56' title="bbox 921 1395 1718 1432">
    <p class='ocr_par' dir='ltr' id='par_1_56' title="bbox 921 1395 1718 1432">
     <span class='ocr_line' id='line_1_56' title="bbox 921 1395 1718 1432; baseline 0.001 -9"><span class='ocrx_word' id='word_1_446' title='bbox 921 1395 1073 1423; x_wconf 89' lang='lat' dir='ltr'><strong>doctrinam</strong></span> <span class='ocrx_word' id='word_1_447' title='bbox 1105 1395 1232 1428; x_wconf 86' lang='lat' dir='ltr'><strong>vertitur,</strong></span> <span class='ocrx_word' id='word_1_448' title='bbox 1268 1395 1439 1423; x_wconf 83' lang='lat' dir='ltr'><strong>benefaciens</strong></span> <span class='ocrx_word' id='word_1_449' title='bbox 1468 1395 1528 1430; x_wconf 52' lang='lat' dir='ltr'><strong>hisi,</strong></span> <span class='ocrx_word' id='word_1_450' title='bbox 1558 1396 1603 1431; x_wconf 89' lang='lat' dir='ltr'><strong>qui</strong></span> <span class='ocrx_word' id='word_1_451' title='bbox 1620 1396 1718 1432; x_wconf 82' lang='lat' dir='ltr'><strong>injuria</strong></span> 
     </span>
    </p>
   </div>
   <div class='ocr_carea' id='block_1_57' title="bbox 921 1440 1717 1476">
    <p class='ocr_par' dir='ltr' id='par_1_57' title="bbox 921 1440 1717 1476">
     <span class='ocr_line' id='line_1_57' title="bbox 921 1440 1717 1476; baseline 0.001 -9"><span class='ocrx_word' id='word_1_452' title='bbox 921 1444 1130 1476; x_wconf 86' lang='lat' dir='ltr'><strong>persequuntur.</strong></span> <span class='ocrx_word' id='word_1_453' title='bbox 1146 1441 1185 1467; x_wconf 81' lang='lat' dir='ltr'><strong>Ita</strong></span> <span class='ocrx_word' id='word_1_454' title='bbox 1199 1443 1309 1475; x_wconf 88' lang='lat' dir='ltr'><strong>oportet</strong></span> <span class='ocrx_word' id='word_1_455' title='bbox 1332 1440 1416 1467; x_wconf 86' lang='lat' dir='ltr'><strong>etiam</strong></span> <span class='ocrx_word' id='word_1_456' title='bbox 1439 1448 1492 1467; x_wconf 86' lang='lat' dir='ltr'><strong>nos</strong></span> <span class='ocrx_word' id='word_1_457' title='bbox 1513 1440 1605 1468; x_wconf 89' lang='lat' dir='ltr'><strong>ulcisci</strong></span> <span class='ocrx_word' id='word_1_458' title='bbox 1621 1440 1717 1468; x_wconf 87' lang='lat' dir='ltr'><strong>inimi-</strong></span> 
     </span>
    </p>
   </div>
   <div class='ocr_carea' id='block_1_58' title="bbox 920 1483 1717 1520">
    <p class='ocr_par' dir='ltr' id='par_1_58' title="bbox 920 1483 1717 1520">
     <span class='ocr_line' id='line_1_58' title="bbox 920 1483 1717 1520; baseline 0.001 -8"><span class='ocrx_word' id='word_1_459' title='bbox 920 1493 977 1513; x_wconf 89' lang='lat' dir='ltr'><strong>cos.</strong></span> <span class='ocrx_word' id='word_1_460' title='bbox 994 1484 1068 1520; x_wconf 87' lang='lat' dir='ltr'><strong>Quid</strong></span> <span class='ocrx_word' id='word_1_461' title='bbox 1093 1485 1176 1520; x_wconf 88' lang='lat' dir='ltr'><strong>igitur</strong></span> <span class='ocrx_word' id='word_1_462' title='bbox 1193 1485 1246 1512; x_wconf 86' lang='lat' dir='ltr'><strong>illis</strong></span> <span class='ocrx_word' id='word_1_463' title='bbox 1272 1483 1358 1511; x_wconf 79' lang='lat' dir='ltr'><strong>dixit?</strong></span> <span class='ocrx_word' id='word_1_464' title='bbox 1374 1496 1386 1508; x_wconf 76' lang='grc' dir='ltr'>«ι</span> <span class='ocrx_word' id='word_1_465' title='bbox 1417 1485 1444 1512; x_wconf 91' lang='lat' dir='ltr'><strong>Si</strong></span> <span class='ocrx_word' id='word_1_466' title='bbox 1471 1484 1532 1520; x_wconf 89' lang='lat' dir='ltr'><strong>quis</strong></span> <span class='ocrx_word' id='word_1_467' title='bbox 1561 1492 1717 1513; x_wconf 88' lang='lat' dir='ltr'><strong>sermonem</strong></span> 
     </span>
    </p>
   </div>
   <div class='ocr_carea' id='block_1_59' title="bbox 68 1526 864 1566">
    <p class='ocr_par' dir='ltr' id='par_1_59' title="bbox 68 1526 864 1566">
     <span class='ocr_line' id='line_1_59' title="bbox 68 1526 864 1566; baseline -0.001 -10"><span class='ocrx_word' id='word_1_468' title='bbox 68 1527 222 1564; x_wconf 84' lang='grc' dir='ltr'>τουτέστιν,</span> <span class='ocrx_word' id='word_1_469' title='bbox 244 1527 289 1556; x_wconf 82' lang='grc' dir='ltr'>ἐὰν</span> <span class='ocrx_word' id='word_1_470' title='bbox 318 1526 386 1565; x_wconf 77' lang='grc' dir='ltr'>μετὰ</span> <span class='ocrx_word' id='word_1_471' title='bbox 411 1529 458 1556; x_wconf 70' lang='grc' dir='ltr'><strong>τοῦ</strong></span> <span class='ocrx_word' id='word_1_472' title='bbox 479 1529 638 1562; x_wconf 77' lang='grc' dir='ltr'>πιστεῦσαι,</span> <span class='ocrx_word' id='word_1_473' title='bbox 665 1527 712 1555; x_wconf 81' lang='grc' dir='ltr'>καὶ</span> <span class='ocrx_word' id='word_1_474' title='bbox 739 1527 795 1565; x_wconf 87' lang='grc' dir='ltr'>βίον</span> <span class='ocrx_word' id='word_1_475' title='bbox 816 1526 864 1566; x_wconf 79' lang='grc' dir='ltr'><strong>ἔχῃ</strong></span> 
     </span>
    </p>
   </div>
   <div class='ocr_carea' id='block_1_60' title="bbox 955 1526 1718 1566">
    <p class='ocr_par' dir='ltr' id='par_1_60' title="bbox 955 1529 1718 1562">
     <span class='ocr_line' id='line_1_60' title="bbox 955 1529 1718 1562; baseline 0.003 -6"><span class='ocrx_word' id='word_1_476' title='bbox 955 1538 1014 1557; x_wconf 79' lang='lat' dir='ltr'><strong>eum</strong></span> <span class='ocrx_word' id='word_1_477' title='bbox 1027 1529 1158 1562; x_wconf 83' lang='lat' dir='ltr'><strong>servabit,</strong></span> <span class='ocrx_word' id='word_1_478' title='bbox 1173 1541 1185 1553; x_wconf 74' lang='grc' dir='ltr'><strong>ι</strong></span> <span class='ocrx_word' id='word_1_479' title='bbox 1200 1529 1253 1556; x_wconf 91' lang='lat' dir='ltr'><strong>hoc</strong></span> <span class='ocrx_word' id='word_1_480' title='bbox 1271 1533 1322 1562; x_wconf 87' lang='lat' dir='ltr'><strong>est,</strong></span> <span class='ocrx_word' id='word_1_481' title='bbox 1337 1529 1475 1557; x_wconf 87' lang='lat' dir='ltr'><strong>credendo</strong></span> <span class='ocrx_word' id='word_1_482' title='bbox 1490 1529 1571 1557; x_wconf 86' lang='lat' dir='ltr'><strong>simul</strong></span> <span class='ocrx_word' id='word_1_483' title='bbox 1587 1534 1614 1558; x_wconf 90' lang='lat' dir='ltr'><strong>et</strong></span> <span class='ocrx_word' id='word_1_484' title='bbox 1635 1530 1718 1558; x_wconf 84' lang='lat' dir='ltr'><strong>vitam</strong></span> 
     </span>
    </p>
   </div>
   <div class='ocr_carea' id='block_1_61' title="bbox 70 1570 866 1612">
    <p class='ocr_par' dir='ltr' id='par_1_61' title="bbox 70 1570 866 1612">
     <span class='ocr_line' id='line_1_61' title="bbox 70 1570 866 1612; baseline -0.001 -11"><span class='ocrx_word' id='word_1_485' title='bbox 70 1572 196 1612; x_wconf 78' lang='grc' dir='ltr'>καθαρόν·</span> <span class='ocrx_word' id='word_1_486' title='bbox 216 1571 274 1600; x_wconf 79' lang='grc' dir='ltr'>τότε</span> <span class='ocrx_word' id='word_1_487' title='bbox 297 1572 350 1611; x_wconf 76' lang='grc' dir='ltr'><strong>γὰρ</strong></span> <span class='ocrx_word' id='word_1_488' title='bbox 371 1576 447 1611; x_wconf 86' lang='grc' dir='ltr'>τηριί</span> <span class='ocrx_word' id='word_1_489' title='bbox 470 1583 508 1604; x_wconf 83' lang='grc' dir='ltr'><strong>τις</strong></span> <span class='ocrx_word' id='word_1_490' title='bbox 534 1572 639 1606; x_wconf 79' lang='grc' dir='ltr'>ἀληθῶς</span> <span class='ocrx_word' id='word_1_491' title='bbox 663 1570 709 1605; x_wconf 78' lang='grc' dir='ltr'><strong>τὴν</strong></span> <span class='ocrx_word' id='word_1_492' title='bbox 735 1573 780 1600; x_wconf 80' lang='grc' dir='ltr'><strong>τοῦ</strong></span> <span class='ocrx_word' id='word_1_493' title='bbox 807 1572 866 1600; x_wconf 85' lang='grc' dir='ltr'><strong>Κυ-</strong></span> 
     </span>
    </p>
   </div>
   <div class='ocr_carea' id='block_1_62' title="bbox 71 1614 865 1656">
    <p class='ocr_par' dir='ltr' id='par_1_62' title="bbox 71 1614 865 1656">
     <span class='ocr_line' id='line_1_62' title="bbox 71 1614 865 1656; baseline -0.001 -11"><span class='ocrx_word' id='word_1_494' title='bbox 71 1615 128 1656; x_wconf 83' lang='grc' dir='ltr'>ρίου</span> <span class='ocrx_word' id='word_1_495' title='bbox 158 1617 352 1656; x_wconf 78' lang='grc' dir='ltr'>διδασκαλίαν,</span> <span class='ocrx_word' id='word_1_496' title='bbox 383 1615 426 1644; x_wconf 77' lang='grc' dir='ltr'><strong>δτε</strong></span> <span class='ocrx_word' id='word_1_497' title='bbox 457 1615 501 1644; x_wconf 73' lang='grc' dir='ltr'><strong>καὶ</strong></span> <span class='ocrx_word' id='word_1_498' title='bbox 527 1615 642 1655; x_wconf 82' lang='grc' dir='ltr'>καθαρὸν</span> <span class='ocrx_word' id='word_1_499' title='bbox 673 1615 728 1654; x_wconf 77' lang='grc' dir='ltr'>ἔχει</span> <span class='ocrx_word' id='word_1_500' title='bbox 757 1614 823 1655; x_wconf 84' lang='grc' dir='ltr'>βίον·</span> <span class='ocrx_word' id='word_1_501' title='bbox 852 1616 865 1644; x_wconf 87' lang='lat'><strong>6</strong></span> 
     </span>
    </p>
   </div>
   <div class='ocr_carea' id='block_1_63' title="bbox 69 1655 866 1700">
    <p class='ocr_par' dir='ltr' id='par_1_63' title="bbox 69 1655 866 1700">
     <span class='ocr_line' id='line_1_63' title="bbox 69 1655 866 1700; baseline 0.001 -11"><span class='ocrx_word' id='word_1_502' title='bbox 69 1655 184 1694; x_wconf 72' lang='grc' dir='ltr'>τοιοῦτος</span> <span class='ocrx_word' id='word_1_503' title='bbox 205 1655 250 1688; x_wconf 64' lang='grc' dir='ltr'><strong>οὖν</strong></span> <span class='ocrx_word' id='word_1_504' title='bbox 272 1661 320 1689; x_wconf 73' lang='grc' dir='ltr'><strong>οὐκ</strong></span> <span class='ocrx_word' id='word_1_505' title='bbox 343 1660 436 1700; x_wconf 76' lang='grc' dir='ltr'>ὄψεται</span> <span class='ocrx_word' id='word_1_506' title='bbox 452 1660 583 1696; x_wconf 77' lang='grc' dir='ltr'>θάνατον,</span> <span class='ocrx_word' id='word_1_507' title='bbox 609 1659 638 1689; x_wconf 85' lang='grc' dir='ltr'><strong>ὃν</strong></span> <span class='ocrx_word' id='word_1_508' title='bbox 661 1661 684 1688; x_wconf 83' lang='grc' dir='ltr'>οἱ</span> <span class='ocrx_word' id='word_1_509' title='bbox 710 1659 866 1699; x_wconf 78' lang='grc' dir='ltr'>ἁμαρτωλοὶ</span> 
     </span>
    </p>
   </div>
   <div class='ocr_carea' id='block_1_64' title="bbox 71 1703 867 1744">
    <p class='ocr_par' dir='ltr' id='par_1_64' title="bbox 71 1703 867 1744">
     <span class='ocr_line' id='line_1_64' title="bbox 71 1703 867 1744; baseline -0.001 -10"><span class='ocrx_word' id='word_1_510' title='bbox 71 1705 226 1740; x_wconf 78' lang='grc' dir='ltr'>θνήσκουσιν</span> <span class='ocrx_word' id='word_1_511' title='bbox 238 1726 246 1742; x_wconf 86' lang='grc'><strong>,</strong></span> <span class='ocrx_word' id='word_1_512' title='bbox 260 1706 296 1738; x_wconf 84' lang='grc' dir='ltr'>εἷς</span> <span class='ocrx_word' id='word_1_513' title='bbox 314 1705 356 1734; x_wconf 81' lang='grc' dir='ltr'><strong>τὸν</strong></span> <span class='ocrx_word' id='word_1_514' title='bbox 373 1705 456 1733; x_wconf 81' lang='grc' dir='ltr'>αἰῶνα</span> <span class='ocrx_word' id='word_1_515' title='bbox 471 1705 516 1733; x_wconf 83' lang='grc' dir='ltr'><strong>τὸν</strong></span> <span class='ocrx_word' id='word_1_516' title='bbox 532 1703 664 1742; x_wconf 78' lang='grc' dir='ltr'>μέλλοντα</span> <span class='ocrx_word' id='word_1_517' title='bbox 682 1705 807 1744; x_wconf 82' lang='grc' dir='ltr'>ἀθανάτῷ</span> <span class='ocrx_word' id='word_1_518' title='bbox 821 1716 867 1733; x_wconf 87' lang='grc' dir='ltr'>κο-</span> 
     </span>
    </p>
   </div>
   <div class='ocr_carea' id='block_1_65' title="bbox 71 1748 866 1788">
    <p class='ocr_par' dir='ltr' id='par_1_65' title="bbox 71 1748 866 1788">
     <span class='ocr_line' id='line_1_65' title="bbox 71 1748 866 1788; baseline 0 -10"><span class='ocrx_word' id='word_1_519' title='bbox 71 1749 147 1778; x_wconf 80' lang='grc' dir='ltr'>λάσει</span> <span class='ocrx_word' id='word_1_520' title='bbox 168 1750 392 1788; x_wconf 80' lang='grc' dir='ltr'>παραδιδόμενοι,</span> <span class='ocrx_word' id='word_1_521' title='bbox 419 1748 464 1777; x_wconf 78' lang='grc' dir='ltr'>καὶ</span> <span class='ocrx_word' id='word_1_522' title='bbox 490 1750 537 1784; x_wconf 81' lang='grc' dir='ltr'><strong>τῆς</strong></span> <span class='ocrx_word' id='word_1_523' title='bbox 566 1748 647 1782; x_wconf 84' lang='grc' dir='ltr'>ὅντως</span> <span class='ocrx_word' id='word_1_524' title='bbox 672 1750 739 1783; x_wconf 80' lang='grc' dir='ltr'><strong>ζωῆς</strong></span> <span class='ocrx_word' id='word_1_525' title='bbox 766 1749 866 1778; x_wconf 79' lang='grc' dir='ltr'>ἀποπί-</span> 
     </span>
    </p>
   </div>
   <div class='ocr_carea' id='block_1_66' title="bbox 70 1792 867 1832">
    <p class='ocr_par' dir='ltr' id='par_1_66' title="bbox 70 1792 867 1832">
     <span class='ocr_line' id='line_1_66' title="bbox 70 1792 867 1832; baseline -0.001 -9"><span class='ocrx_word' id='word_1_526' title='bbox 70 1805 189 1827; x_wconf 82' lang='grc' dir='ltr'>πτοντες.</span> <span class='ocrx_word' id='word_1_527' title='bbox 213 1793 285 1832; x_wconf 74' lang='grc' dir='ltr'>Ἅμα</span> <span class='ocrx_word' id='word_1_528' title='bbox 309 1793 397 1823; x_wconf 78' lang='grc' dir='ltr'>δὲκαὶ</span> <span class='ocrx_word' id='word_1_529' title='bbox 424 1793 565 1822; x_wconf 82' lang='grc' dir='ltr'>αἰνίττεται</span> <span class='ocrx_word' id='word_1_530' title='bbox 591 1794 691 1829; x_wconf 81' lang='grc' dir='ltr'>αὐτοῖς,</span> <span class='ocrx_word' id='word_1_531' title='bbox 718 1792 759 1822; x_wconf 76' lang='grc' dir='ltr'><strong>ὅτι</strong></span> <span class='ocrx_word' id='word_1_532' title='bbox 774 1793 838 1822; x_wconf 83' lang='grc' dir='ltr'><strong>Ἐὰν</strong></span> <span class='ocrx_word' id='word_1_533' title='bbox 854 1795 867 1822; x_wconf 91' lang='lat'><strong>6</strong></span> 
     </span>
    </p>
   </div>
   <div class='ocr_carea' id='block_1_67' title="bbox 69 1837 866 1877">
    <p class='ocr_par' dir='ltr' id='par_1_67' title="bbox 69 1837 866 1877">
     <span class='ocr_line' id='line_1_67' title="bbox 69 1837 866 1877; baseline 0 -10"><span class='ocrx_word' id='word_1_534' title='bbox 69 1839 114 1868; x_wconf 71' lang='grc' dir='ltr'><strong>τὸν</strong></span> <span class='ocrx_word' id='word_1_535' title='bbox 127 1840 205 1877; x_wconf 85' lang='grc' dir='ltr'>λόγον</span> <span class='ocrx_word' id='word_1_536' title='bbox 222 1851 272 1876; x_wconf 89' lang='grc' dir='ltr'><strong>μου</strong></span> <span class='ocrx_word' id='word_1_537' title='bbox 285 1841 370 1877; x_wconf 78' lang='grc' dir='ltr'>τηρῶν</span> <span class='ocrx_word' id='word_1_538' title='bbox 380 1861 388 1874; x_wconf 90' lang='grc'><strong>,</strong></span> <span class='ocrx_word' id='word_1_539' title='bbox 403 1839 450 1868; x_wconf 76' lang='grc' dir='ltr'><strong>οὐκ</strong></span> <span class='ocrx_word' id='word_1_540' title='bbox 471 1837 650 1874; x_wconf 68' lang='grc' dir='ltr'>ἀποθνήσκει,</span> <span class='ocrx_word' id='word_1_541' title='bbox 673 1838 772 1867; x_wconf 75' lang='grc' dir='ltr'>πολλοῦ</span> <span class='ocrx_word' id='word_1_542' title='bbox 788 1850 818 1877; x_wconf 85' lang='grc' dir='ltr'><strong>γε</strong></span> <span class='ocrx_word' id='word_1_543' title='bbox 834 1838 866 1873; x_wconf 88' lang='grc' dir='ltr'>δὴ</span> 
     </span>
    </p>
   </div>
   <div class='ocr_carea' id='block_1_68' title="bbox 71 1880 865 1924">
    <p class='ocr_par' dir='ltr' id='par_1_68' title="bbox 71 1880 865 1924">
     <span class='ocr_line' id='line_1_68' title="bbox 71 1880 865 1924; baseline -0.003 -11"><span class='ocrx_word' id='word_1_544' title='bbox 71 1883 133 1921; x_wconf 81' lang='grc' dir='ltr'>ἐγώ.</span> <span class='ocrx_word' id='word_1_545' title='bbox 149 1883 186 1912; x_wconf 83' lang='grc' dir='ltr'>Τί</span> <span class='ocrx_word' id='word_1_546' title='bbox 205 1880 250 1913; x_wconf 68' lang='grc' dir='ltr'><strong>οὖν</strong></span> <span class='ocrx_word' id='word_1_547' title='bbox 265 1888 360 1924; x_wconf 76' lang='grc' dir='ltr'>φονᾶτε</span> <span class='ocrx_word' id='word_1_548' title='bbox 376 1885 435 1912; x_wconf 77' lang='grc' dir='ltr'>κατ’</span> <span class='ocrx_word' id='word_1_549' title='bbox 452 1884 535 1920; x_wconf 74' lang='grc' dir='ltr'>ἐμοῦ,</span> <span class='ocrx_word' id='word_1_550' title='bbox 552 1885 597 1912; x_wconf 75' lang='grc' dir='ltr'><strong>τοῦ</strong></span> <span class='ocrx_word' id='word_1_551' title='bbox 609 1885 733 1912; x_wconf 76' lang='grc' dir='ltr'>τοσοῦτον</span> <span class='ocrx_word' id='word_1_552' title='bbox 758 1882 794 1920; x_wconf 84' lang='grc' dir='ltr'><strong>μὴ</strong></span> <span class='ocrx_word' id='word_1_553' title='bbox 817 1883 865 1911; x_wconf 84' lang='grc' dir='ltr'>δυ-</span> 
     </span>
    </p>
   </div>
   <div class='ocr_carea' id='block_1_69' title="bbox 70 1926 866 1968">
    <p class='ocr_par' dir='ltr' id='par_1_69' title="bbox 70 1926 866 1968">
     <span class='ocr_line' id='line_1_69' title="bbox 70 1926 866 1968; baseline -0.003 -11"><span class='ocrx_word' id='word_1_554' title='bbox 70 1928 187 1966; x_wconf 84' lang='grc' dir='ltr'>ναμένου</span> <span class='ocrx_word' id='word_1_555' title='bbox 200 1929 366 1968; x_wconf 80' lang='grc' dir='ltr'>κρατηθῆναι</span> <span class='ocrx_word' id='word_1_556' title='bbox 379 1927 500 1968; x_wconf 79' lang='grc' dir='ltr'>θανάτῳ,</span> <span class='ocrx_word' id='word_1_557' title='bbox 517 1926 586 1956; x_wconf 82' lang='grc' dir='ltr'>ὥστε</span> <span class='ocrx_word' id='word_1_558' title='bbox 601 1928 646 1956; x_wconf 84' lang='grc' dir='ltr'><strong>καὶ</strong></span> <span class='ocrx_word' id='word_1_559' title='bbox 662 1927 750 1960; x_wconf 81' lang='grc' dir='ltr'>ἄλλοις</span> <span class='ocrx_word' id='word_1_560' title='bbox 764 1927 866 1965; x_wconf 80' lang='grc' dir='ltr'>μᾶλλον</span> 
     </span>
    </p>
   </div>
   <div class='ocr_carea' id='block_1_70' title="bbox 69 1971 865 2012">
    <p class='ocr_par' dir='ltr' id='par_1_70' title="bbox 69 1971 865 2012">
     <span class='ocr_line' id='line_1_70' title="bbox 69 1971 865 2012; baseline 0 -12"><span class='ocrx_word' id='word_1_561' title='bbox 69 1972 226 2012; x_wconf 79' lang='grc' dir='ltr'>χαρίζεσθαι</span> <span class='ocrx_word' id='word_1_562' title='bbox 248 1973 297 2008; x_wconf 83' lang='grc' dir='ltr'><strong>τὴν</strong></span> <span class='ocrx_word' id='word_1_563' title='bbox 322 1972 404 2005; x_wconf 81' lang='grc' dir='ltr'>ὄντως</span> <span class='ocrx_word' id='word_1_564' title='bbox 431 1973 521 2009; x_wconf 76' lang='grc' dir='ltr'>ζωήνς</span> <span class='ocrx_word' id='word_1_565' title='bbox 551 1973 586 2002; x_wconf 82' lang='grc' dir='ltr'>Οἱ</span> <span class='ocrx_word' id='word_1_566' title='bbox 611 1973 662 2010; x_wconf 75' lang='grc' dir='ltr'><strong>γὰρ</strong></span> <span class='ocrx_word' id='word_1_567' title='bbox 679 1971 865 2007; x_wconf 77' lang='grc' dir='ltr'>πιστεύοντες,</span> 
     </span>
    </p>
   </div>
   <div class='ocr_carea' id='block_1_71' title="bbox 69 2016 866 2057">
    <p class='ocr_par' dir='ltr' id='par_1_71' title="bbox 69 2016 866 2057">
     <span class='ocr_line' id='line_1_71' title="bbox 69 2016 866 2057; baseline -0.001 -11"><span class='ocrx_word' id='word_1_568' title='bbox 69 2017 120 2045; x_wconf 75' lang='grc' dir='ltr'><strong>κᾶν</strong></span> <span class='ocrx_word' id='word_1_569' title='bbox 136 2017 288 2046; x_wconf 76' lang='grc' dir='ltr'>ἀποθάνωσι</span> <span class='ocrx_word' id='word_1_570' title='bbox 304 2020 437 2057; x_wconf 66' lang='grc' dir='ltr'>φυσικῶς,</span> <span class='ocrx_word' id='word_1_571' title='bbox 453 2017 525 2054; x_wconf 77' lang='grc' dir='ltr'>ὅμως</span> <span class='ocrx_word' id='word_1_572' title='bbox 541 2018 567 2046; x_wconf 83' lang='grc' dir='ltr'>ἐν</span> <span class='ocrx_word' id='word_1_573' title='bbox 585 2018 648 2056; x_wconf 79' lang='grc' dir='ltr'>Θεῷ</span> <span class='ocrx_word' id='word_1_574' title='bbox 665 2019 754 2051; x_wconf 78' lang='grc' dir='ltr'>ζῶσιν,</span> <span class='ocrx_word' id='word_1_575' title='bbox 794 2016 866 2046; x_wconf 84' lang='grc' dir='ltr'>Ἀλλ’</span> 
     </span>
    </p>
   </div>
   <div class='ocr_carea' id='block_1_72' title="bbox 70 2060 865 2102">
    <p class='ocr_par' dir='ltr' id='par_1_72' title="bbox 70 2060 865 2102">
     <span class='ocr_line' id='line_1_72' title="bbox 70 2060 865 2102; baseline 0 -12"><span class='ocrx_word' id='word_1_576' title='bbox 70 2063 95 2090; x_wconf 74' lang='grc' dir='ltr'>οἱ</span> <span class='ocrx_word' id='word_1_577' title='bbox 121 2060 242 2092; x_wconf 83' lang='grc' dir='ltr'>Ἰουδαῖοι</span> <span class='ocrx_word' id='word_1_578' title='bbox 258 2062 285 2092; x_wconf 89' lang='grc' dir='ltr'><strong>τί</strong></span> <span class='ocrx_word' id='word_1_579' title='bbox 311 2063 376 2102; x_wconf 81' lang='grc' dir='ltr'>πρὸς</span> <span class='ocrx_word' id='word_1_580' title='bbox 401 2063 483 2091; x_wconf 71' lang='grc' dir='ltr'>ταῦτά</span> <span class='ocrx_word' id='word_1_581' title='bbox 512 2073 594 2102; x_wconf 71' lang='grc' dir='ltr'>φασι,</span> <span class='ocrx_word' id='word_1_582' title='bbox 624 2064 760 2102; x_wconf 74' lang='grc' dir='ltr'>Δαιμονᾷν</span> <span class='ocrx_word' id='word_1_583' title='bbox 785 2061 865 2090; x_wconf 76' lang='grc' dir='ltr'>αὐτὸν</span> 
     </span>
    </p>
   </div>
   <div class='ocr_carea' id='block_1_73' title="bbox 69 2106 863 2146">
    <p class='ocr_par' dir='ltr' id='par_1_73' title="bbox 69 2106 863 2146">
     <span class='ocr_line' id='line_1_73' title="bbox 69 2106 863 2146; baseline 0.001 -11"><span class='ocrx_word' id='word_1_584' title='bbox 69 2106 186 2143; x_wconf 79' lang='grc' dir='ltr'>οἴονται,</span> <span class='ocrx_word' id='word_1_585' title='bbox 199 2109 233 2140; x_wconf 82' lang='grc' dir='ltr'>ὡς</span> <span class='ocrx_word' id='word_1_586' title='bbox 251 2106 383 2136; x_wconf 81' lang='grc' dir='ltr'>ἀλλόκοτοί</span> <span class='ocrx_word' id='word_1_587' title='bbox 397 2119 453 2136; x_wconf 87' lang='grc' dir='ltr'>τινα</span> <span class='ocrx_word' id='word_1_588' title='bbox 475 2107 503 2135; x_wconf 83' lang='grc' dir='ltr'>ἐκ</span> <span class='ocrx_word' id='word_1_589' title='bbox 519 2106 726 2146; x_wconf 75' lang='grc' dir='ltr'>φρενοϐλαϐείας</span> <span class='ocrx_word' id='word_1_590' title='bbox 740 2106 863 2144; x_wconf 86' lang='grc' dir='ltr'>λέγοντα.</span> 
     </span>
    </p>
   </div>
   <div class='ocr_carea' id='block_1_74' title="bbox 68 2150 865 2190">
    <p class='ocr_par' dir='ltr' id='par_1_74' title="bbox 68 2150 865 2190">
     <span class='ocr_line' id='line_1_74' title="bbox 68 2150 865 2190; baseline -0.001 -9"><span class='ocrx_word' id='word_1_591' title='bbox 68 2152 105 2182; x_wconf 78' lang='grc' dir='ltr'>Οἱ</span> <span class='ocrx_word' id='word_1_592' title='bbox 120 2150 171 2190; x_wconf 80' lang='grc' dir='ltr'><strong>γὰρ</strong></span> <span class='ocrx_word' id='word_1_593' title='bbox 187 2152 246 2185; x_wconf 79' lang='grc' dir='ltr'>τοὺς</span> <span class='ocrx_word' id='word_1_594' title='bbox 267 2151 358 2190; x_wconf 84' lang='grc' dir='ltr'>λόγους</span> <span class='ocrx_word' id='word_1_595' title='bbox 380 2154 428 2180; x_wconf 75' lang='grc' dir='ltr'><strong>τοῦ</strong></span> <span class='ocrx_word' id='word_1_596' title='bbox 453 2152 524 2181; x_wconf 73' lang='grc' dir='ltr'>Θεοῦ</span> <span class='ocrx_word' id='word_1_597' title='bbox 553 2152 741 2190; x_wconf 80' lang='grc' dir='ltr'>ἐνωτισάμενοι</span> <span class='ocrx_word' id='word_1_598' title='bbox 765 2151 865 2180; x_wconf 75' lang='grc' dir='ltr'>ἀπέθαο</span> 
     </span>
    </p>
   </div>
   <div class='ocr_carea' id='block_1_75' title="bbox 921 1574 1718 1610">
    <p class='ocr_par' dir='ltr' id='par_1_75' title="bbox 921 1574 1718 1610">
     <span class='ocr_line' id='line_1_75' title="bbox 921 1574 1718 1610; baseline 0.001 -8"><span class='ocrx_word' id='word_1_599' title='bbox 921 1574 1005 1602; x_wconf 88' lang='lat' dir='ltr'><strong>habet</strong></span> <span class='ocrx_word' id='word_1_600' title='bbox 1019 1582 1116 1609; x_wconf 90' lang='lat' dir='ltr'><strong>puram</strong></span> <span class='ocrx_word' id='word_1_601' title='bbox 1133 1584 1139 1601; x_wconf 88' lang='lat'><strong><em>:</em></strong></span> <span class='ocrx_word' id='word_1_602' title='bbox 1152 1578 1220 1601; x_wconf 92' lang='lat' dir='ltr'><strong>tunc</strong></span> <span class='ocrx_word' id='word_1_603' title='bbox 1232 1574 1307 1601; x_wconf 90' lang='lat' dir='ltr'><strong>enim</strong></span> <span class='ocrx_word' id='word_1_604' title='bbox 1321 1574 1384 1610; x_wconf 90' lang='lat' dir='ltr'><strong>quis</strong></span> <span class='ocrx_word' id='word_1_605' title='bbox 1401 1583 1463 1602; x_wconf 89' lang='lat' dir='ltr'><strong>vere</strong></span> <span class='ocrx_word' id='word_1_606' title='bbox 1479 1579 1553 1602; x_wconf 87' lang='lat' dir='ltr'><strong>tenet</strong></span> <span class='ocrx_word' id='word_1_607' title='bbox 1567 1575 1653 1610; x_wconf 73' lang='lat'><strong>628</strong></span> <span class='ocrx_word' id='word_1_608' title='bbox 1669 1575 1718 1603; x_wconf 89' lang='lat' dir='ltr'><strong>do-</strong></span> 
     </span>
    </p>
   </div>
   <div class='ocr_carea' id='block_1_76' title="bbox 920 1618 1716 1654">
    <p class='ocr_par' dir='ltr' id='par_1_76' title="bbox 920 1618 1716 1654">
     <span class='ocr_line' id='line_1_76' title="bbox 920 1618 1716 1654; baseline 0 -8"><span class='ocrx_word' id='word_1_609' title='bbox 920 1619 1037 1647; x_wconf 85' lang='lat' dir='ltr'><strong>ctrinam</strong></span> <span class='ocrx_word' id='word_1_610' title='bbox 1062 1618 1186 1652; x_wconf 84' lang='lat' dir='ltr'><strong>Domini,</strong></span> <span class='ocrx_word' id='word_1_611' title='bbox 1207 1618 1319 1654; x_wconf 87' lang='lat' dir='ltr'><strong>quando</strong></span> <span class='ocrx_word' id='word_1_612' title='bbox 1334 1623 1360 1646; x_wconf 90' lang='lat' dir='ltr'><strong>et</strong></span> <span class='ocrx_word' id='word_1_613' title='bbox 1377 1627 1473 1654; x_wconf 87' lang='lat' dir='ltr'><strong>puram</strong></span> <span class='ocrx_word' id='word_1_614' title='bbox 1503 1619 1587 1647; x_wconf 86' lang='lat' dir='ltr'><strong>habet</strong></span> <span class='ocrx_word' id='word_1_615' title='bbox 1608 1621 1691 1648; x_wconf 87' lang='lat' dir='ltr'><strong>vitam</strong></span> <span class='ocrx_word' id='word_1_616' title='bbox 1709 1628 1716 1646; x_wconf 85' lang='lat'><strong>:</strong></span> 
     </span>
    </p>
   </div>
   <div class='ocr_carea' id='block_1_77' title="bbox 922 1663 1719 1700">
    <p class='ocr_par' dir='ltr' id='par_1_77' title="bbox 922 1663 1719 1700">
     <span class='ocr_line' id='line_1_77' title="bbox 922 1663 1719 1700; baseline 0.001 -9"><span class='ocrx_word' id='word_1_617' title='bbox 922 1664 982 1691; x_wconf 89' lang='lat' dir='ltr'><strong>talis</strong></span> <span class='ocrx_word' id='word_1_618' title='bbox 1007 1663 1088 1699; x_wconf 84' lang='lat' dir='ltr'><strong>igitur</strong></span> <span class='ocrx_word' id='word_1_619' title='bbox 1124 1671 1180 1691; x_wconf 93' lang='lat' dir='ltr'><strong>non</strong></span> <span class='ocrx_word' id='word_1_620' title='bbox 1205 1663 1308 1691; x_wconf 85' lang='lat' dir='ltr'><strong>videbit</strong></span> <span class='ocrx_word' id='word_1_621' title='bbox 1331 1668 1461 1698; x_wconf 90' lang='lat' dir='ltr'><strong>mortem,</strong></span> <span class='ocrx_word' id='word_1_622' title='bbox 1485 1673 1538 1700; x_wconf 90' lang='lat' dir='ltr'><strong>qua</strong></span> <span class='ocrx_word' id='word_1_623' title='bbox 1562 1670 1719 1700; x_wconf 86' lang='lat' dir='ltr'><strong>peccatores</strong></span> 
     </span>
    </p>
   </div>
   <div class='ocr_carea' id='block_1_78' title="bbox 920 1708 1716 1745">
    <p class='ocr_par' dir='ltr' id='par_1_78' title="bbox 920 1708 1716 1745">
     <span class='ocr_line' id='line_1_78' title="bbox 920 1708 1716 1745; baseline 0.001 -9"><span class='ocrx_word' id='word_1_624' title='bbox 920 1709 1086 1742; x_wconf 89' lang='lat' dir='ltr'><strong>moriuntur,</strong></span> <span class='ocrx_word' id='word_1_625' title='bbox 1100 1713 1127 1736; x_wconf 90' lang='lat' dir='ltr'><strong>et</strong></span> <span class='ocrx_word' id='word_1_626' title='bbox 1152 1709 1181 1736; x_wconf 87' lang='lat' dir='ltr'><strong>in</strong></span> <span class='ocrx_word' id='word_1_627' title='bbox 1195 1708 1289 1736; x_wconf 83' lang='lat' dir='ltr'><strong>futuro</strong></span> <span class='ocrx_word' id='word_1_628' title='bbox 1302 1709 1404 1736; x_wconf 66' lang='lat' dir='ltr'><strong>saaculo</strong></span> <span class='ocrx_word' id='word_1_629' title='bbox 1417 1709 1564 1737; x_wconf 86' lang='lat' dir='ltr'><strong>immortali</strong></span> <span class='ocrx_word' id='word_1_630' title='bbox 1583 1710 1716 1745; x_wconf 87' lang='lat' dir='ltr'><strong>supplicio</strong></span> 
     </span>
    </p>
   </div>
   <div class='ocr_carea' id='block_1_79' title="bbox 921 1753 1719 1790">
    <p class='ocr_par' dir='ltr' id='par_1_79' title="bbox 921 1753 1719 1790">
     <span class='ocr_line' id='line_1_79' title="bbox 921 1753 1719 1790; baseline 0.001 -9"><span class='ocrx_word' id='word_1_631' title='bbox 921 1754 1076 1786; x_wconf 85' lang='lat' dir='ltr'><strong>traduntur,</strong></span> <span class='ocrx_word' id='word_1_632' title='bbox 1099 1758 1127 1781; x_wconf 87' lang='lat' dir='ltr'><strong>et</strong></span> <span class='ocrx_word' id='word_1_633' title='bbox 1141 1761 1202 1781; x_wconf 90' lang='lat' dir='ltr'><strong>vera</strong></span> <span class='ocrx_word' id='word_1_634' title='bbox 1215 1753 1268 1781; x_wconf 87' lang='lat' dir='ltr'><strong>vita</strong></span> <span class='ocrx_word' id='word_1_635' title='bbox 1288 1753 1427 1781; x_wconf 79' lang='lat' dir='ltr'><strong>excidunt.</strong></span> <span class='ocrx_word' id='word_1_636' title='bbox 1456 1755 1571 1790; x_wconf 85' lang='lat' dir='ltr'><strong>insuper</strong></span> <span class='ocrx_word' id='word_1_637' title='bbox 1585 1755 1669 1782; x_wconf 87' lang='lat' dir='ltr'><strong>etiam</strong></span> <span class='ocrx_word' id='word_1_638' title='bbox 1684 1755 1719 1782; x_wconf 90' lang='lat' dir='ltr'><strong>si-</strong></span> 
     </span>
    </p>
   </div>
   <div class='ocr_carea' id='block_1_80' title="bbox 920 1797 1717 1833">
    <p class='ocr_par' dir='ltr' id='par_1_80' title="bbox 920 1797 1717 1833">
     <span class='ocr_line' id='line_1_80' title="bbox 920 1797 1717 1833; baseline 0.001 -8"><span class='ocrx_word' id='word_1_639' title='bbox 920 1798 1032 1833; x_wconf 87' lang='lat' dir='ltr'><strong>gniﬁcat</strong></span> <span class='ocrx_word' id='word_1_640' title='bbox 1058 1798 1108 1831; x_wconf 88' lang='lat' dir='ltr'><strong>eis,</strong></span> <span class='ocrx_word' id='word_1_641' title='bbox 1130 1797 1203 1833; x_wconf 90' lang='lat' dir='ltr'><strong>quod</strong></span> <span class='ocrx_word' id='word_1_642' title='bbox 1217 1798 1243 1826; x_wconf 93' lang='lat' dir='ltr'><strong>Si</strong></span> <span class='ocrx_word' id='word_1_643' title='bbox 1259 1798 1306 1833; x_wconf 90' lang='lat' dir='ltr'><strong>qui</strong></span> <span class='ocrx_word' id='word_1_644' title='bbox 1330 1805 1487 1826; x_wconf 84' lang='lat' dir='ltr'><strong>sermonem</strong></span> <span class='ocrx_word' id='word_1_645' title='bbox 1501 1807 1595 1826; x_wconf 88' lang='lat' dir='ltr'><strong>meum</strong></span> <span class='ocrx_word' id='word_1_646' title='bbox 1610 1803 1717 1833; x_wconf 84' lang='lat' dir='ltr'><strong>servat,</strong></span> 
     </span>
    </p>
   </div>
   <div class='ocr_carea' id='block_1_81' title="bbox 922 1842 1718 1878">
    <p class='ocr_par' dir='ltr' id='par_1_81' title="bbox 922 1842 1718 1878">
     <span class='ocr_line' id='line_1_81' title="bbox 922 1842 1718 1878; baseline 0 -8"><span class='ocrx_word' id='word_1_647' title='bbox 922 1851 978 1870; x_wconf 92' lang='lat' dir='ltr'><strong>non</strong></span> <span class='ocrx_word' id='word_1_648' title='bbox 1002 1842 1129 1875; x_wconf 88' lang='lat' dir='ltr'><strong>moritur,</strong></span> <span class='ocrx_word' id='word_1_649' title='bbox 1146 1846 1248 1878; x_wconf 93' lang='lat' dir='ltr'><strong>quanto</strong></span> <span class='ocrx_word' id='word_1_650' title='bbox 1262 1842 1355 1869; x_wconf 89' lang='lat' dir='ltr'><strong>minus</strong></span> <span class='ocrx_word' id='word_1_651' title='bbox 1367 1850 1416 1878; x_wconf 86' lang='lat' dir='ltr'><strong>ego</strong></span> <span class='ocrx_word' id='word_1_652' title='bbox 1428 1844 1439 1869; x_wconf 72' lang='grc' dir='ltr'><strong>Ρ</strong></span> <span class='ocrx_word' id='word_1_653' title='bbox 1455 1843 1526 1877; x_wconf 89' lang='lat' dir='ltr'><strong>Quid</strong></span> <span class='ocrx_word' id='word_1_654' title='bbox 1542 1843 1624 1878; x_wconf 85' lang='lat' dir='ltr'><strong>igitur</strong></span> <span class='ocrx_word' id='word_1_655' title='bbox 1638 1844 1718 1871; x_wconf 64' lang='lat' dir='ltr'><strong>saevi-</strong></span> 
     </span>
    </p>
   </div>
   <div class='ocr_carea' id='block_1_82' title="bbox 921 1887 1717 1921">
    <p class='ocr_par' dir='ltr' id='par_1_82' title="bbox 921 1887 1717 1921">
     <span class='ocr_line' id='line_1_82' title="bbox 921 1887 1717 1921; baseline 0.001 -7"><span class='ocrx_word' id='word_1_656' title='bbox 921 1887 958 1914; x_wconf 91' lang='lat' dir='ltr'><strong>tis</strong></span> <span class='ocrx_word' id='word_1_657' title='bbox 980 1891 1075 1914; x_wconf 85' lang='lat' dir='ltr'><strong>contra</strong></span> <span class='ocrx_word' id='word_1_658' title='bbox 1089 1888 1152 1914; x_wconf 77' lang='lat' dir='ltr'><strong>me?</strong></span> <span class='ocrx_word' id='word_1_659' title='bbox 1166 1894 1181 1913; x_wconf 91' lang='lat' dir='ltr'><strong>a</strong></span> <span class='ocrx_word' id='word_1_660' title='bbox 1205 1893 1259 1921; x_wconf 93' lang='lat' dir='ltr'><strong>quo</strong></span> <span class='ocrx_word' id='word_1_661' title='bbox 1279 1890 1338 1913; x_wconf 87' lang='lat' dir='ltr'><strong>tam</strong></span> <span class='ocrx_word' id='word_1_662' title='bbox 1352 1887 1444 1921; x_wconf 85' lang='lat' dir='ltr'><strong>procul</strong></span> <span class='ocrx_word' id='word_1_663' title='bbox 1460 1887 1535 1914; x_wconf 85' lang='lat' dir='ltr'><strong>abest</strong></span> <span class='ocrx_word' id='word_1_664' title='bbox 1552 1891 1583 1914; x_wconf 89' lang='lat' dir='ltr'><strong>ut</strong></span> <span class='ocrx_word' id='word_1_665' title='bbox 1593 1887 1717 1915; x_wconf 86' lang='lat' dir='ltr'><strong>detinear</strong></span> 
     </span>
    </p>
   </div>
   <div class='ocr_carea' id='block_1_83' title="bbox 921 1930 1717 1966">
    <p class='ocr_par' dir='ltr' id='par_1_83' title="bbox 921 1930 1717 1966">
     <span class='ocr_line' id='line_1_83' title="bbox 921 1930 1717 1966; baseline 0 -7"><span class='ocrx_word' id='word_1_666' title='bbox 921 1939 936 1959; x_wconf 75' lang='grc' dir='ltr'>ει</span> <span class='ocrx_word' id='word_1_667' title='bbox 950 1935 1050 1965; x_wconf 91' lang='lat' dir='ltr'><strong>morte,</strong></span> <span class='ocrx_word' id='word_1_668' title='bbox 1065 1935 1095 1959; x_wconf 89' lang='lat' dir='ltr'><strong>ut</strong></span> <span class='ocrx_word' id='word_1_669' title='bbox 1109 1935 1135 1958; x_wconf 92' lang='lat' dir='ltr'><strong>et</strong></span> <span class='ocrx_word' id='word_1_670' title='bbox 1148 1931 1209 1958; x_wconf 87' lang='lat' dir='ltr'><strong>aliis</strong></span> <span class='ocrx_word' id='word_1_671' title='bbox 1225 1930 1313 1966; x_wconf 84' lang='lat' dir='ltr'><strong>magis</strong></span> <span class='ocrx_word' id='word_1_672' title='bbox 1336 1939 1429 1958; x_wconf 85' lang='lat' dir='ltr'><strong>veram</strong></span> <span class='ocrx_word' id='word_1_673' title='bbox 1459 1931 1601 1959; x_wconf 86' lang='lat' dir='ltr'><strong>conferam</strong></span> <span class='ocrx_word' id='word_1_674' title='bbox 1621 1932 1717 1965; x_wconf 89' lang='lat' dir='ltr'><strong>vitam,</strong></span> 
     </span>
    </p>
   </div>
   <div class='ocr_carea' id='block_1_84' title="bbox 921 1975 1716 2012">
    <p class='ocr_par' dir='ltr' id='par_1_84' title="bbox 921 1975 1716 2012">
     <span class='ocr_line' id='line_1_84' title="bbox 921 1975 1716 2012; baseline 0 -8"><span class='ocrx_word' id='word_1_675' title='bbox 921 1977 992 2004; x_wconf 82' lang='lat' dir='ltr'><strong>Nam</strong></span> <span class='ocrx_word' id='word_1_676' title='bbox 1015 1976 1060 2012; x_wconf 90' lang='lat' dir='ltr'><strong>qui</strong></span> <span class='ocrx_word' id='word_1_677' title='bbox 1088 1975 1213 2008; x_wconf 87' lang='lat' dir='ltr'><strong>credunt,</strong></span> <span class='ocrx_word' id='word_1_678' title='bbox 1231 1975 1356 2011; x_wconf 88' lang='lat' dir='ltr'><strong>quamvis</strong></span> <span class='ocrx_word' id='word_1_679' title='bbox 1375 1975 1529 2002; x_wconf 88' lang='lat' dir='ltr'><strong>moriantur</strong></span> <span class='ocrx_word' id='word_1_680' title='bbox 1544 1976 1716 2010; x_wconf 85' lang='lat' dir='ltr'><strong>naturaliter,</strong></span> 
     </span>
    </p>
   </div>
   <div class='ocr_carea' id='block_1_85' title="bbox 921 2019 1719 2056">
    <p class='ocr_par' dir='ltr' id='par_1_85' title="bbox 921 2019 1719 2056">
     <span class='ocr_line' id='line_1_85' title="bbox 921 2019 1719 2056; baseline -0.001 -7"><span class='ocrx_word' id='word_1_681' title='bbox 921 2025 1041 2049; x_wconf 86' lang='lat' dir='ltr'><strong>attamen</strong></span> <span class='ocrx_word' id='word_1_682' title='bbox 1055 2020 1083 2048; x_wconf 89' lang='lat' dir='ltr'><strong>in</strong></span> <span class='ocrx_word' id='word_1_683' title='bbox 1098 2021 1157 2048; x_wconf 89' lang='lat' dir='ltr'><strong>Deo</strong></span> <span class='ocrx_word' id='word_1_684' title='bbox 1182 2020 1287 2048; x_wconf 87' lang='lat' dir='ltr'><strong>vivunt.</strong></span> <span class='ocrx_word' id='word_1_685' title='bbox 1310 2019 1362 2048; x_wconf 89' lang='lat' dir='ltr'><strong>Sed</strong></span> <span class='ocrx_word' id='word_1_686' title='bbox 1374 2019 1463 2048; x_wconf 66' lang='lat' dir='ltr'><strong>Judaei</strong></span> <span class='ocrx_word' id='word_1_687' title='bbox 1477 2020 1544 2056; x_wconf 90' lang='lat' dir='ltr'><strong>quid</strong></span> <span class='ocrx_word' id='word_1_688' title='bbox 1559 2021 1593 2049; x_wconf 89' lang='lat' dir='ltr'><strong>ad</strong></span> <span class='ocrx_word' id='word_1_689' title='bbox 1605 2021 1664 2049; x_wconf 66' lang='lat' dir='ltr'><strong>haec</strong></span> <span class='ocrx_word' id='word_1_690' title='bbox 1675 2020 1719 2048; x_wconf 87' lang='lat' dir='ltr'><strong>di-</strong></span> 
     </span>
    </p>
   </div>
   <div class='ocr_carea' id='block_1_86' title="bbox 920 2065 1717 2101">
    <p class='ocr_par' dir='ltr' id='par_1_86' title="bbox 920 2065 1717 2101">
     <span class='ocr_line' id='line_1_86' title="bbox 920 2065 1717 2101; baseline -0.001 -7"><span class='ocrx_word' id='word_1_691' title='bbox 920 2068 1004 2094; x_wconf 75' lang='lat' dir='ltr'><strong>cunt?</strong></span> <span class='ocrx_word' id='word_1_692' title='bbox 1030 2065 1175 2094; x_wconf 67' lang='lat' dir='ltr'><strong>Daemonio</strong></span> <span class='ocrx_word' id='word_1_693' title='bbox 1207 2065 1299 2101; x_wconf 89' lang='lat' dir='ltr'><strong>ipsum</strong></span> <span class='ocrx_word' id='word_1_694' title='bbox 1323 2065 1367 2100; x_wconf 87' lang='lat' dir='ltr'><strong>agi</strong></span> <span class='ocrx_word' id='word_1_695' title='bbox 1389 2069 1497 2101; x_wconf 85' lang='lat' dir='ltr'><strong>putant,</strong></span> <span class='ocrx_word' id='word_1_696' title='bbox 1526 2065 1600 2101; x_wconf 91' lang='lat' dir='ltr'><strong>quod</strong></span> <span class='ocrx_word' id='word_1_697' title='bbox 1628 2066 1717 2094; x_wconf 86' lang='lat' dir='ltr'><strong>aliena</strong></span> 
     </span>
    </p>
   </div>
   <div class='ocr_carea' id='block_1_87' title="bbox 921 2109 1716 2148">
    <p class='ocr_par' dir='ltr' id='par_1_87' title="bbox 921 2109 1716 2148">
     <span class='ocr_line' id='line_1_87' title="bbox 921 2109 1716 2148; baseline 0.001 -10"><span class='ocrx_word' id='word_1_698' title='bbox 921 2111 1047 2148; x_wconf 67' lang='lat' dir='ltr'><strong>quaedam</strong></span> <span class='ocrx_word' id='word_1_699' title='bbox 1071 2110 1149 2146; x_wconf 86' lang='lat' dir='ltr'><strong>quasi</strong></span> <span class='ocrx_word' id='word_1_700' title='bbox 1163 2113 1255 2137; x_wconf 86' lang='lat' dir='ltr'><strong>mente</strong></span> <span class='ocrx_word' id='word_1_701' title='bbox 1270 2113 1366 2145; x_wconf 86' lang='lat' dir='ltr'><strong>captus</strong></span> <span class='ocrx_word' id='word_1_702' title='bbox 1388 2109 1498 2138; x_wconf 83' lang='lat' dir='ltr'><strong>diceret.</strong></span> <span class='ocrx_word' id='word_1_703' title='bbox 1520 2111 1591 2138; x_wconf 83' lang='lat' dir='ltr'><strong>Nam</strong></span> <span class='ocrx_word' id='word_1_704' title='bbox 1605 2110 1651 2147; x_wconf 92' lang='lat' dir='ltr'><strong>qui</strong></span> <span class='ocrx_word' id='word_1_705' title='bbox 1663 2119 1716 2139; x_wconf 84' lang='lat' dir='ltr'><strong>ser-</strong></span> 
     </span>
    </p>
   </div>
   <div class='ocr_carea' id='block_1_88' title="bbox 922 2154 1716 2190">
    <p class='ocr_par' dir='ltr' id='par_1_88' title="bbox 922 2154 1716 2190">
     <span class='ocr_line' id='line_1_88' title="bbox 922 2154 1716 2190; baseline -0.001 -6"><span class='ocrx_word' id='word_1_706' title='bbox 922 2164 1019 2184; x_wconf 88' lang='lat' dir='ltr'><strong>mones</strong></span> <span class='ocrx_word' id='word_1_707' title='bbox 1050 2155 1102 2182; x_wconf 89' lang='lat' dir='ltr'><strong>Dei</strong></span> <span class='ocrx_word' id='word_1_708' title='bbox 1136 2154 1248 2182; x_wconf 88' lang='lat' dir='ltr'><strong>auribus</strong></span> <span class='ocrx_word' id='word_1_709' title='bbox 1282 2159 1471 2190; x_wconf 87' lang='lat' dir='ltr'><strong>perceperunt,</strong></span> <span class='ocrx_word' id='word_1_710' title='bbox 1506 2155 1610 2183; x_wconf 89' lang='lat' dir='ltr'><strong>mortui</strong></span> <span class='ocrx_word' id='word_1_711' title='bbox 1640 2160 1716 2189; x_wconf 89' lang='lat' dir='ltr'><strong>sunt,</strong></span> 
     </span>
    </p>
   </div>
   <div class='ocr_carea' id='block_1_89' title="bbox 69 2195 864 2237">
    <p class='ocr_par' dir='ltr' id='par_1_89' title="bbox 69 2195 864 2236">
     <span class='ocr_line' id='line_1_89' title="bbox 69 2195 864 2236; baseline 0.001 -12"><span class='ocrx_word' id='word_1_712' title='bbox 69 2207 127 2231; x_wconf 89' lang='grc' dir='ltr'>νον,</span> <span class='ocrx_word' id='word_1_713' title='bbox 153 2195 274 2236; x_wconf 76' lang='grc' dir='ltr'>Ἀϐραὰμ</span> <span class='ocrx_word' id='word_1_714' title='bbox 300 2197 345 2226; x_wconf 84' lang='grc' dir='ltr'>καὶ</span> <span class='ocrx_word' id='word_1_715' title='bbox 370 2197 394 2225; x_wconf 85' lang='grc' dir='ltr'>οἱ</span> <span class='ocrx_word' id='word_1_716' title='bbox 421 2198 573 2235; x_wconf 59' lang='grc' dir='ltr'>προφῆται,</span> <span class='ocrx_word' id='word_1_717' title='bbox 599 2196 644 2225; x_wconf 82' lang='grc' dir='ltr'><strong>καὶ</strong></span> <span class='ocrx_word' id='word_1_718' title='bbox 672 2198 696 2225; x_wconf 78' lang='grc' dir='ltr'><strong>οἱ</strong></span> <span class='ocrx_word' id='word_1_719' title='bbox 720 2195 778 2229; x_wconf 82' lang='grc' dir='ltr'>τοὺς</span> <span class='ocrx_word' id='word_1_720' title='bbox 804 2195 864 2228; x_wconf 71' lang='grc' dir='ltr'>σοὺς</span> 
     </span>
    </p>
   </div>
   <div class='ocr_carea' id='block_1_90' title="bbox 955 2195 1717 2237">
    <p class='ocr_par' dir='ltr' id='par_1_90' title="bbox 955 2198 1717 2235">
     <span class='ocr_line' id='line_1_90' title="bbox 955 2198 1717 2235; baseline -0.001 -7"><span class='ocrx_word' id='word_1_721' title='bbox 955 2201 1063 2228; x_wconf 81' lang='lat' dir='ltr'><strong>)raham</strong></span> <span class='ocrx_word' id='word_1_722' title='bbox 1084 2203 1109 2227; x_wconf 91' lang='lat' dir='ltr'><strong>et</strong></span> <span class='ocrx_word' id='word_1_723' title='bbox 1124 2198 1276 2235; x_wconf 70' lang='lat' dir='ltr'><strong>prophetas,</strong></span> <span class='ocrx_word' id='word_1_724' title='bbox 1289 2203 1316 2226; x_wconf 89' lang='lat' dir='ltr'><strong>et</strong></span> <span class='ocrx_word' id='word_1_725' title='bbox 1341 2199 1386 2235; x_wconf 91' lang='lat' dir='ltr'><strong>qui</strong></span> <span class='ocrx_word' id='word_1_726' title='bbox 1405 2203 1468 2227; x_wconf 86' lang='lat' dir='ltr'><strong>tuos</strong></span> <span class='ocrx_word' id='word_1_727' title='bbox 1482 2200 1646 2233; x_wconf 79' lang='lat' dir='ltr'><strong>auscultant,</strong></span> <span class='ocrx_word' id='word_1_728' title='bbox 1661 2208 1717 2228; x_wconf 94' lang='lat' dir='ltr'><strong>non</strong></span> 
     </span>
    </p>
   </div>
   <div class='ocr_carea' id='block_1_91' title="bbox 69 2240 864 2280">
    <p class='ocr_par' dir='ltr' id='par_1_91' title="bbox 69 2240 864 2280">
     <span class='ocr_line' id='line_1_91' title="bbox 69 2240 864 2280; baseline -0.001 -11"><span class='ocrx_word' id='word_1_729' title='bbox 69 2241 268 2280; x_wconf 79' lang='grc' dir='ltr'>ἐνωτιζόμενοι,</span> <span class='ocrx_word' id='word_1_730' title='bbox 293 2243 323 2270; x_wconf 84' lang='grc' dir='ltr'>οὗ</span> <span class='ocrx_word' id='word_1_731' title='bbox 354 2243 509 2277; x_wconf 69' lang='grc' dir='ltr'>θανοῦνται,</span> <span class='ocrx_word' id='word_1_732' title='bbox 532 2240 638 2273; x_wconf 81' lang='grc' dir='ltr'>Ὄντως</span> <span class='ocrx_word' id='word_1_733' title='bbox 671 2243 733 2276; x_wconf 79' lang='grc' dir='ltr'>νῦν,</span> <span class='ocrx_word' id='word_1_734' title='bbox 767 2241 864 2280; x_wconf 75' lang='grc' dir='ltr'>φασὶν,</span> 
     </span>
    </p>
   </div>
   <div class='ocr_carea' id='block_1_92' title="bbox 69 2284 868 2325">
    <p class='ocr_par' dir='ltr' id='par_1_92' title="bbox 69 2284 868 2325">
     <span class='ocr_line' id='line_1_92' title="bbox 69 2284 868 2325; baseline 0.001 -12"><span class='ocrx_word' id='word_1_735' title='bbox 69 2284 223 2324; x_wconf 71' lang='grc' dir='ltr'>ἐγνώκαμεν</span> <span class='ocrx_word' id='word_1_736' title='bbox 250 2286 525 2325; x_wconf 66' lang='grc' dir='ltr'>πεπληροφορημένως</span> <span class='ocrx_word' id='word_1_737' title='bbox 542 2285 587 2314; x_wconf 82' lang='grc' dir='ltr'><strong>καὶ</strong></span> <span class='ocrx_word' id='word_1_738' title='bbox 605 2285 737 2324; x_wconf 79' lang='grc' dir='ltr'>βεϐαίως,</span> <span class='ocrx_word' id='word_1_739' title='bbox 755 2286 794 2314; x_wconf 78' lang='grc' dir='ltr'><strong>δτι</strong></span> <span class='ocrx_word' id='word_1_740' title='bbox 812 2285 868 2314; x_wconf 86' lang='grc' dir='ltr'>δαι-</span> 
     </span>
    </p>
   </div>
   <div class='ocr_carea' id='block_1_93' title="bbox 70 2330 410 2369">
    <p class='ocr_par' dir='ltr' id='par_1_93' title="bbox 70 2330 410 2369">
     <span class='ocr_line' id='line_1_93' title="bbox 70 2330 410 2369; baseline 0 -10"><span class='ocrx_word' id='word_1_741' title='bbox 70 2333 154 2369; x_wconf 81' lang='grc' dir='ltr'>μονᾷς</span> <span class='ocrx_word' id='word_1_742' title='bbox 164 2352 171 2366; x_wconf 86' lang='grc'><strong>,</strong></span> <span class='ocrx_word' id='word_1_743' title='bbox 186 2332 297 2359; x_wconf 77' lang='grc' dir='ltr'>τοιαῦτα</span> <span class='ocrx_word' id='word_1_744' title='bbox 314 2330 410 2369; x_wconf 80' lang='grc' dir='ltr'>λέγων.</span> 
     </span>
    </p>
   </div>
   <div class='ocr_carea' id='block_1_94' title="bbox 113 2370 866 2414">
    <p class='ocr_par' dir='ltr' id='par_1_94' title="bbox 113 2370 866 2414">
     <span class='ocr_line' id='line_1_94' title="bbox 113 2370 866 2414; baseline -0.001 -9"><span class='ocrx_word' id='word_1_745' title='bbox 113 2385 127 2401; x_wconf 66' lang='grc' dir='ltr'>ει</span> <span class='ocrx_word' id='word_1_746' title='bbox 159 2375 208 2411; x_wconf 80' lang='grc' dir='ltr'><strong>Μὴ</strong></span> <span class='ocrx_word' id='word_1_747' title='bbox 229 2375 261 2404; x_wconf 77' lang='grc' dir='ltr'><strong>σὺ</strong></span> <span class='ocrx_word' id='word_1_748' title='bbox 279 2374 373 2413; x_wconf 77' lang='grc' dir='ltr'>μείζων</span> <span class='ocrx_word' id='word_1_749' title='bbox 388 2370 413 2404; x_wconf 72' lang='grc' dir='ltr'>εἶ</span> <span class='ocrx_word' id='word_1_750' title='bbox 427 2377 473 2404; x_wconf 79' lang='grc' dir='ltr'><strong>τοῦ</strong></span> <span class='ocrx_word' id='word_1_751' title='bbox 490 2374 589 2414; x_wconf 78' lang='grc' dir='ltr'>πατρὸς</span> <span class='ocrx_word' id='word_1_752' title='bbox 615 2376 694 2412; x_wconf 78' lang='grc' dir='ltr'>ἡμῶν</span> <span class='ocrx_word' id='word_1_753' title='bbox 723 2373 866 2414; x_wconf 81' lang='grc' dir='ltr'>Ἀϐραὰμ,</span> 
     </span>
    </p>
   </div>
   <div class='ocr_carea' id='block_1_95' title="bbox 70 2419 868 2460">
    <p class='ocr_par' dir='ltr' id='par_1_95' title="bbox 70 2419 868 2460">
     <span class='ocr_line' id='line_1_95' title="bbox 70 2419 868 2460; baseline -0.001 -11"><span class='ocrx_word' id='word_1_754' title='bbox 70 2419 144 2452; x_wconf 78' lang='grc' dir='ltr'>ὅστις</span> <span class='ocrx_word' id='word_1_755' title='bbox 175 2419 303 2456; x_wconf 79' lang='grc' dir='ltr'>ἀπέθανε,</span> <span class='ocrx_word' id='word_1_756' title='bbox 329 2420 374 2449; x_wconf 82' lang='grc' dir='ltr'>καὶ</span> <span class='ocrx_word' id='word_1_757' title='bbox 402 2421 425 2449; x_wconf 78' lang='grc' dir='ltr'>οἱ</span> <span class='ocrx_word' id='word_1_758' title='bbox 461 2422 595 2460; x_wconf 69' lang='grc' dir='ltr'>προφῆται</span> <span class='ocrx_word' id='word_1_759' title='bbox 624 2419 773 2455; x_wconf 77' lang='grc' dir='ltr'>ἀπέθανον;</span> <span class='ocrx_word' id='word_1_760' title='bbox 800 2420 868 2449; x_wconf 84' lang='grc' dir='ltr'>Τίνα</span> 
     </span>
    </p>
   </div>
   <div class='ocr_carea' id='block_1_96' title="bbox 70 2463 868 2504">
    <p class='ocr_par' dir='ltr' id='par_1_96' title="bbox 70 2463 868 2504">
     <span class='ocr_line' id='line_1_96' title="bbox 70 2463 868 2504; baseline 0 -11"><span class='ocrx_word' id='word_1_761' title='bbox 70 2464 183 2494; x_wconf 80' lang='grc' dir='ltr'>σεαυτὸν</span> <span class='ocrx_word' id='word_1_762' title='bbox 213 2469 312 2501; x_wconf 56' lang='lat' dir='ltr'><strong>«cuiq;</strong></span> <span class='ocrx_word' id='word_1_763' title='bbox 347 2464 489 2504; x_wconf 79' lang='grc' dir='ltr'>Ἀπεκρίθη</span> <span class='ocrx_word' id='word_1_764' title='bbox 529 2466 543 2493; x_wconf 86' lang='lat'><strong>6</strong></span> <span class='ocrx_word' id='word_1_765' title='bbox 574 2464 688 2500; x_wconf 74' lang='grc' dir='ltr'>Ἰησοῦς·</span> <span class='ocrx_word' id='word_1_766' title='bbox 717 2464 783 2494; x_wconf 85' lang='grc' dir='ltr'>Ἐὰν</span> <span class='ocrx_word' id='word_1_767' title='bbox 815 2463 868 2504; x_wconf 77' lang='grc' dir='ltr'>ἐγὼ</span> 
     </span>
    </p>
   </div>
   <div class='ocr_carea' id='block_1_97' title="bbox 69 2507 868 2547">
    <p class='ocr_par' dir='ltr' id='par_1_97' title="bbox 69 2507 868 2547">
     <span class='ocr_line' id='line_1_97' title="bbox 69 2507 868 2547; baseline 0 -9"><span class='ocrx_word' id='word_1_768' title='bbox 69 2509 172 2543; x_wconf 75' lang='grc' dir='ltr'>δοξάζω</span> <span class='ocrx_word' id='word_1_769' title='bbox 198 2509 328 2547; x_wconf 82' lang='grc' dir='ltr'>ἐμαυτὸν,</span> <span class='ocrx_word' id='word_1_770' title='bbox 351 2511 366 2544; x_wconf 88' lang='grc' dir='ltr'><strong>ἡ</strong></span> <span class='ocrx_word' id='word_1_771' title='bbox 390 2509 451 2543; x_wconf 85' lang='grc' dir='ltr'>δόξα</span> <span class='ocrx_word' id='word_1_772' title='bbox 478 2521 528 2547; x_wconf 87' lang='grc' dir='ltr'><strong>μου</strong></span> <span class='ocrx_word' id='word_1_773' title='bbox 556 2509 631 2538; x_wconf 81' lang='grc' dir='ltr'>οὐδέν</span> <span class='ocrx_word' id='word_1_774' title='bbox 652 2511 734 2539; x_wconf 75' lang='grc' dir='ltr'>ἔστιν.</span> <span class='ocrx_word' id='word_1_775' title='bbox 772 2507 868 2539; x_wconf 82' lang='grc' dir='ltr'>Ἔστιν</span> 
     </span>
    </p>
   </div>
   <div class='ocr_carea' id='block_1_98' title="bbox 69 2553 867 2593">
    <p class='ocr_par' dir='ltr' id='par_1_98' title="bbox 69 2553 867 2593">
     <span class='ocr_line' id='line_1_98' title="bbox 69 2553 867 2593; baseline 0 -10"><span class='ocrx_word' id='word_1_776' title='bbox 69 2555 83 2582; x_wconf 93' lang='lat'><strong>6</strong></span> <span class='ocrx_word' id='word_1_777' title='bbox 105 2554 202 2593; x_wconf 81' lang='grc' dir='ltr'>Πατήρ</span> <span class='ocrx_word' id='word_1_778' title='bbox 228 2565 278 2592; x_wconf 87' lang='grc' dir='ltr'><strong>μου</strong></span> <span class='ocrx_word' id='word_1_779' title='bbox 297 2556 311 2583; x_wconf 86' lang='lat'><strong>6</strong></span> <span class='ocrx_word' id='word_1_780' title='bbox 335 2553 447 2588; x_wconf 79' lang='grc' dir='ltr'>δοξάζων</span> <span class='ocrx_word' id='word_1_781' title='bbox 473 2565 527 2592; x_wconf 86' lang='grc' dir='ltr'><strong>με,</strong></span> <span class='ocrx_word' id='word_1_782' title='bbox 548 2553 576 2583; x_wconf 82' lang='grc' dir='ltr'><strong>ὃν</strong></span> <span class='ocrx_word' id='word_1_783' title='bbox 602 2555 677 2591; x_wconf 80' lang='grc' dir='ltr'>ὑμεῖς</span> <span class='ocrx_word' id='word_1_784' title='bbox 694 2554 802 2593; x_wconf 81' lang='grc' dir='ltr'>λέγετε,</span> <span class='ocrx_word' id='word_1_785' title='bbox 827 2553 867 2583; x_wconf 76' lang='grc' dir='ltr'>ὅτι</span> 
     </span>
    </p>
   </div>
   <div class='ocr_carea' id='block_1_99' title="bbox 68 2597 867 2638">
    <p class='ocr_par' dir='ltr' id='par_1_99' title="bbox 68 2597 867 2638">
     <span class='ocr_line' id='line_1_99' title="bbox 68 2597 867 2638; baseline 0 -10"><span class='ocrx_word' id='word_1_786' title='bbox 68 2598 138 2631; x_wconf 83' lang='grc' dir='ltr'>Θεὸς</span> <span class='ocrx_word' id='word_1_787' title='bbox 162 2599 236 2636; x_wconf 76' lang='grc' dir='ltr'>ὑμῶν</span> <span class='ocrx_word' id='word_1_788' title='bbox 251 2599 324 2637; x_wconf 80' lang='grc' dir='ltr'>ἐστι,</span> <span class='ocrx_word' id='word_1_789' title='bbox 349 2597 393 2627; x_wconf 74' lang='grc' dir='ltr'>καὶ</span> <span class='ocrx_word' id='word_1_790' title='bbox 417 2599 464 2628; x_wconf 80' lang='grc' dir='ltr'>οὔκ</span> <span class='ocrx_word' id='word_1_791' title='bbox 488 2597 621 2638; x_wconf 83' lang='grc' dir='ltr'>ἐγνώκατε</span> <span class='ocrx_word' id='word_1_792' title='bbox 645 2598 734 2628; x_wconf 76' lang='grc' dir='ltr'>αὐτόν’</span> <span class='ocrx_word' id='word_1_793' title='bbox 765 2598 818 2638; x_wconf 78' lang='grc' dir='ltr'>ἐγὼ</span> <span class='ocrx_word' id='word_1_794' title='bbox 841 2599 867 2628; x_wconf 82' lang='grc' dir='ltr'>δὲ</span> 
     </span>
    </p>
   </div>
   <div class='ocr_carea' id='block_1_100' title="bbox 69 2638 867 2683">
    <p class='ocr_par' dir='ltr' id='par_1_100' title="bbox 69 2638 867 2683">
     <span class='ocr_line' id='line_1_100' title="bbox 69 2638 867 2683; baseline 0 -11"><span class='ocrx_word' id='word_1_795' title='bbox 69 2639 130 2672; x_wconf 79' lang='grc' dir='ltr'>οἶδα</span> <span class='ocrx_word' id='word_1_796' title='bbox 167 2642 264 2679; x_wconf 78' lang='grc' dir='ltr'>αὐτὸν,</span> <span class='ocrx_word' id='word_1_797' title='bbox 288 2643 334 2673; x_wconf 84' lang='grc' dir='ltr'><strong>καὶ</strong></span> <span class='ocrx_word' id='word_1_798' title='bbox 356 2643 401 2672; x_wconf 82' lang='grc' dir='ltr'>ἐὰν</span> <span class='ocrx_word' id='word_1_799' title='bbox 424 2643 506 2680; x_wconf 75' lang='grc' dir='ltr'>εἴπω,</span> <span class='ocrx_word' id='word_1_800' title='bbox 533 2642 573 2672; x_wconf 73' lang='grc' dir='ltr'><strong>ὅτι</strong></span> <span class='ocrx_word' id='word_1_801' title='bbox 610 2644 658 2672; x_wconf 83' lang='grc' dir='ltr'>οὐκ</span> <span class='ocrx_word' id='word_1_802' title='bbox 684 2638 742 2672; x_wconf 75' lang='grc' dir='ltr'>οἶδα</span> <span class='ocrx_word' id='word_1_803' title='bbox 771 2643 867 2683; x_wconf 82' lang='grc' dir='ltr'>αὐτὸν,</span> 
     </span>
    </p>
   </div>
   <div class='ocr_carea' id='block_1_101' title="bbox 69 2683 866 2728">
    <p class='ocr_par' dir='ltr' id='par_1_101' title="bbox 69 2683 866 2728">
     <span class='ocr_line' id='line_1_101' title="bbox 69 2683 866 2728; baseline 0 -12"><span class='ocrx_word' id='word_1_804' title='bbox 69 2687 168 2726; x_wconf 80' lang='grc' dir='ltr'>ἔσομαι</span> <span class='ocrx_word' id='word_1_805' title='bbox 211 2687 299 2726; x_wconf 78' lang='grc' dir='ltr'>ὅμοιος</span> <span class='ocrx_word' id='word_1_806' title='bbox 333 2690 395 2726; x_wconf 73' lang='grc' dir='ltr'>ὑμῖν</span> <span class='ocrx_word' id='word_1_807' title='bbox 427 2688 553 2728; x_wconf 79' lang='grc' dir='ltr'>ψεύστης·</span> <span class='ocrx_word' id='word_1_808' title='bbox 587 2688 646 2717; x_wconf 84' lang='grc' dir='ltr'>ἀλλ’</span> <span class='ocrx_word' id='word_1_809' title='bbox 680 2683 738 2717; x_wconf 66' lang='grc' dir='ltr'>οἶδα</span> <span class='ocrx_word' id='word_1_810' title='bbox 770 2688 866 2725; x_wconf 80' lang='grc' dir='ltr'>αὐτὸν,</span> 
     </span>
    </p>
   </div>
   <div class='ocr_carea' id='block_1_102' title="bbox 68 2732 867 2773">
    <p class='ocr_par' dir='ltr' id='par_1_102' title="bbox 68 2732 867 2773">
     <span class='ocr_line' id='line_1_102' title="bbox 68 2732 867 2773; baseline 0 -11"><span class='ocrx_word' id='word_1_811' title='bbox 68 2732 116 2762; x_wconf 78' lang='grc' dir='ltr'>καὶ</span> <span class='ocrx_word' id='word_1_812' title='bbox 138 2733 182 2762; x_wconf 85' lang='grc' dir='ltr'><strong>τὸν</strong></span> <span class='ocrx_word' id='word_1_813' title='bbox 196 2733 273 2770; x_wconf 87' lang='grc' dir='ltr'>λόγον</span> <span class='ocrx_word' id='word_1_814' title='bbox 293 2733 375 2763; x_wconf 79' lang='grc' dir='ltr'>αὐτοῦ</span> <span class='ocrx_word' id='word_1_815' title='bbox 389 2735 474 2773; x_wconf 83' lang='grc' dir='ltr'>τηρῶ,</span> <span class='ocrx_word' id='word_1_816' title='bbox 500 2746 511 2758; x_wconf 79' lang='grc' dir='ltr'><strong>ιι</strong></span> <span class='ocrx_word' id='word_1_817' title='bbox 529 2733 575 2767; x_wconf 82' lang='grc' dir='ltr'><strong>Μὴ</strong></span> <span class='ocrx_word' id='word_1_818' title='bbox 591 2732 721 2766; x_wconf 78' lang='grc' dir='ltr'>συνιέντες</span> <span class='ocrx_word' id='word_1_819' title='bbox 743 2734 767 2762; x_wconf 84' lang='grc' dir='ltr'>οἱ</span> <span class='ocrx_word' id='word_1_820' title='bbox 784 2732 867 2762; x_wconf 77' lang='grc' dir='ltr'>ἀσύν-</span> 
     </span>
    </p>
   </div>
   <div class='ocr_carea' id='block_1_103' title="bbox 68 2776 868 2817">
    <p class='ocr_par' dir='ltr' id='par_1_103' title="bbox 68 2776 868 2817">
     <span class='ocr_line' id='line_1_103' title="bbox 68 2776 868 2817; baseline 0 -11"><span class='ocrx_word' id='word_1_821' title='bbox 68 2789 124 2806; x_wconf 82' lang='grc' dir='ltr'>ετοι</span> <span class='ocrx_word' id='word_1_822' title='bbox 152 2778 228 2806; x_wconf 86' lang='grc' dir='ltr'>ποῖον</span> <span class='ocrx_word' id='word_1_823' title='bbox 257 2777 368 2806; x_wconf 84' lang='grc' dir='ltr'>θάνατον</span> <span class='ocrx_word' id='word_1_824' title='bbox 403 2779 418 2806; x_wconf 84' lang='lat'><strong>6</strong></span> <span class='ocrx_word' id='word_1_825' title='bbox 448 2776 544 2817; x_wconf 84' lang='grc' dir='ltr'>Κύριος</span> <span class='ocrx_word' id='word_1_826' title='bbox 574 2776 648 2816; x_wconf 82' lang='grc' dir='ltr'>ἔλεγε</span> <span class='ocrx_word' id='word_1_827' title='bbox 674 2776 710 2816; x_wconf 84' lang='grc' dir='ltr'><strong>μὴ</strong></span> <span class='ocrx_word' id='word_1_828' title='bbox 740 2777 868 2807; x_wconf 81' lang='grc' dir='ltr'>ἅπτεσθαι</span> 
     </span>
    </p>
   </div>
   <div class='ocr_carea' id='block_1_104' title="bbox 67 2821 865 2862">
    <p class='ocr_par' dir='ltr' id='par_1_104' title="bbox 67 2821 865 2862">
     <span class='ocr_line' id='line_1_104' title="bbox 67 2821 865 2862; baseline 0.003 -12"><span class='ocrx_word' id='word_1_829' title='bbox 67 2823 122 2851; x_wconf 80' lang='grc' dir='ltr'><strong>τῶν</strong></span> <span class='ocrx_word' id='word_1_830' title='bbox 151 2822 187 2855; x_wconf 85' lang='grc' dir='ltr'><strong>εἰς</strong></span> <span class='ocrx_word' id='word_1_831' title='bbox 210 2821 289 2851; x_wconf 76' lang='grc' dir='ltr'>αὐτὸν</span> <span class='ocrx_word' id='word_1_832' title='bbox 312 2821 508 2858; x_wconf 83' lang='grc' dir='ltr'>πιστευόντων,</span> <span class='ocrx_word' id='word_1_833' title='bbox 541 2821 700 2862; x_wconf 78' lang='grc' dir='ltr'>φθέγγονται</span> <span class='ocrx_word' id='word_1_834' title='bbox 727 2823 791 2862; x_wconf 84' lang='grc' dir='ltr'>πρὸς</span> <span class='ocrx_word' id='word_1_835' title='bbox 815 2823 865 2852; x_wconf 83' lang='grc' dir='ltr'><strong>αὖ·</strong></span> 
     </span>
    </p>
   </div>
   <div class='ocr_carea' id='block_1_105' title="bbox 924 2243 1717 2280">
    <p class='ocr_par' dir='ltr' id='par_1_105' title="bbox 924 2243 1717 2280">
     <span class='ocr_line' id='line_1_105' title="bbox 924 2243 1717 2280; baseline -0.001 -7"><span class='ocrx_word' id='word_1_836' title='bbox 924 2245 1093 2273; x_wconf 80' lang='lat' dir='ltr'><strong>morientur?</strong></span> <span class='ocrx_word' id='word_1_837' title='bbox 1109 2243 1234 2271; x_wconf 80' lang='lat' dir='ltr'><strong>Profecto</strong></span> <span class='ocrx_word' id='word_1_838' title='bbox 1247 2251 1328 2277; x_wconf 89' lang='lat' dir='ltr'><strong>nunc,</strong></span> <span class='ocrx_word' id='word_1_839' title='bbox 1349 2244 1435 2277; x_wconf 90' lang='lat' dir='ltr'><strong>aiunt,</strong></span> <span class='ocrx_word' id='word_1_840' title='bbox 1451 2245 1632 2280; x_wconf 87' lang='lat' dir='ltr'><strong>cognovimus</strong></span> <span class='ocrx_word' id='word_1_841' title='bbox 1646 2245 1717 2272; x_wconf 86' lang='lat' dir='ltr'><strong>mul-</strong></span> 
     </span>
    </p>
   </div>
   <div class='ocr_carea' id='block_1_106' title="bbox 920 2288 1719 2325">
    <p class='ocr_par' dir='ltr' id='par_1_106' title="bbox 920 2288 1719 2325">
     <span class='ocr_line' id='line_1_106' title="bbox 920 2288 1719 2325; baseline -0.001 -7"><span class='ocrx_word' id='word_1_842' title='bbox 920 2290 955 2318; x_wconf 87' lang='lat' dir='ltr'><strong>tis</strong></span> <span class='ocrx_word' id='word_1_843' title='bbox 982 2294 1008 2317; x_wconf 89' lang='lat' dir='ltr'><strong>et</strong></span> <span class='ocrx_word' id='word_1_844' title='bbox 1037 2289 1152 2325; x_wconf 89' lang='lat' dir='ltr'><strong>copiosis</strong></span> <span class='ocrx_word' id='word_1_845' title='bbox 1175 2288 1345 2324; x_wconf 86' lang='lat' dir='ltr'><strong>argumentis</strong></span> <span class='ocrx_word' id='word_1_846' title='bbox 1375 2289 1449 2324; x_wconf 92' lang='lat' dir='ltr'><strong>quod</strong></span> <span class='ocrx_word' id='word_1_847' title='bbox 1474 2289 1619 2318; x_wconf 61' lang='lat' dir='ltr'><strong>daemoniis</strong></span> <span class='ocrx_word' id='word_1_848' title='bbox 1641 2294 1719 2317; x_wconf 89' lang='lat' dir='ltr'><strong>actus</strong></span> 
     </span>
    </p>
   </div>
   <div class='ocr_carea' id='block_1_107' title="bbox 921 2334 1082 2363">
    <p class='ocr_par' dir='ltr' id='par_1_107' title="bbox 921 2334 1082 2363">
     <span class='ocr_line' id='line_1_107' title="bbox 921 2334 1082 2363; baseline -0.012 -1"><span class='ocrx_word' id='word_1_849' title='bbox 921 2335 980 2363; x_wconf 74' lang='lat' dir='ltr'><strong>haec</strong></span> <span class='ocrx_word' id='word_1_850' title='bbox 995 2334 1082 2361; x_wconf 88' lang='lat' dir='ltr'><strong>dicas.</strong></span> 
     </span>
    </p>
   </div>
   <div class='ocr_carea' id='block_1_108' title="bbox 955 2376 1718 2414">
    <p class='ocr_par' dir='ltr' id='par_1_108' title="bbox 955 2376 1718 2414">
     <span class='ocr_line' id='line_1_108' title="bbox 955 2376 1718 2414; baseline 0 -7"><span class='ocrx_word' id='word_1_851' title='bbox 955 2380 1045 2407; x_wconf 69' lang='lat' dir='ltr'><strong>Vens.</strong></span> <span class='ocrx_word' id='word_1_852' title='bbox 1057 2380 1148 2406; x_wconf 85' lang='lat'><strong>53-55.</strong></span> <span class='ocrx_word' id='word_1_853' title='bbox 1163 2389 1175 2402; x_wconf 80' lang='grc' dir='ltr'><strong>ι</strong></span> <span class='ocrx_word' id='word_1_854' title='bbox 1188 2376 1320 2413; x_wconf 83' lang='lat' dir='ltr'><strong>Nunquid</strong></span> <span class='ocrx_word' id='word_1_855' title='bbox 1335 2381 1364 2405; x_wconf 91' lang='lat' dir='ltr'><strong>tu</strong></span> <span class='ocrx_word' id='word_1_856' title='bbox 1378 2377 1468 2414; x_wconf 88' lang='lat' dir='ltr'><strong>major</strong></span> <span class='ocrx_word' id='word_1_857' title='bbox 1481 2386 1510 2406; x_wconf 89' lang='lat' dir='ltr'><strong>es</strong></span> <span class='ocrx_word' id='word_1_858' title='bbox 1534 2382 1610 2414; x_wconf 89' lang='lat' dir='ltr'><strong>patre</strong></span> <span class='ocrx_word' id='word_1_859' title='bbox 1623 2383 1718 2407; x_wconf 90' lang='lat' dir='ltr'><strong>nostro</strong></span> 
     </span>
    </p>
   </div>
   <div class='ocr_carea' id='block_1_109' title="bbox 921 2422 1718 2459">
    <p class='ocr_par' dir='ltr' id='par_1_109' title="bbox 921 2422 1718 2459">
     <span class='ocr_line' id='line_1_109' title="bbox 921 2422 1718 2459; baseline 0.001 -8"><span class='ocrx_word' id='word_1_860' title='bbox 921 2423 1074 2456; x_wconf 83' lang='lat' dir='ltr'><strong>Abraham,</strong></span> <span class='ocrx_word' id='word_1_861' title='bbox 1099 2422 1144 2458; x_wconf 92' lang='lat' dir='ltr'><strong>qui</strong></span> <span class='ocrx_word' id='word_1_862' title='bbox 1167 2426 1295 2450; x_wconf 89' lang='lat' dir='ltr'><strong>mortuus</strong></span> <span class='ocrx_word' id='word_1_863' title='bbox 1316 2426 1367 2455; x_wconf 88' lang='lat' dir='ltr'><strong>est,</strong></span> <span class='ocrx_word' id='word_1_864' title='bbox 1393 2427 1422 2450; x_wconf 90' lang='lat' dir='ltr'><strong>et</strong></span> <span class='ocrx_word' id='word_1_865' title='bbox 1446 2423 1586 2459; x_wconf 69' lang='lat' dir='ltr'><strong>prophetae</strong></span> <span class='ocrx_word' id='word_1_866' title='bbox 1615 2424 1718 2452; x_wconf 89' lang='lat' dir='ltr'><strong>mortui</strong></span> 
     </span>
    </p>
   </div>
   <div class='ocr_carea' id='block_1_110' title="bbox 920 2467 1719 2504">
    <p class='ocr_par' dir='ltr' id='par_1_110' title="bbox 920 2467 1719 2504">
     <span class='ocr_line' id='line_1_110' title="bbox 920 2467 1719 2504; baseline 0 -8"><span class='ocrx_word' id='word_1_867' title='bbox 920 2469 1003 2496; x_wconf 78' lang='lat' dir='ltr'><strong>sunt?</strong></span> <span class='ocrx_word' id='word_1_868' title='bbox 1027 2469 1117 2504; x_wconf 89' lang='lat' dir='ltr'><strong>Quem</strong></span> <span class='ocrx_word' id='word_1_869' title='bbox 1136 2471 1166 2495; x_wconf 88' lang='lat' dir='ltr'><strong>tu</strong></span> <span class='ocrx_word' id='word_1_870' title='bbox 1186 2467 1305 2502; x_wconf 86' lang='lat' dir='ltr'><strong>teipsum</strong></span> <span class='ocrx_word' id='word_1_871' title='bbox 1316 2467 1399 2495; x_wconf 79' lang='lat' dir='ltr'><strong>iacis?</strong></span> <span class='ocrx_word' id='word_1_872' title='bbox 1412 2468 1563 2504; x_wconf 85' lang='lat' dir='ltr'><strong>Respondit</strong></span> <span class='ocrx_word' id='word_1_873' title='bbox 1574 2469 1653 2496; x_wconf 74' lang='lat' dir='ltr'><strong>Iesus</strong></span> <span class='ocrx_word' id='word_1_874' title='bbox 1669 2469 1719 2497; x_wconf 88' lang='lat' dir='ltr'><strong>:Si</strong></span> 
     </span>
    </p>
   </div>
   <div class='ocr_carea' id='block_1_111' title="bbox 921 2512 1720 2550">
    <p class='ocr_par' dir='ltr' id='par_1_111' title="bbox 921 2512 1720 2550">
     <span class='ocr_line' id='line_1_111' title="bbox 921 2512 1720 2550; baseline 0 -9"><span class='ocrx_word' id='word_1_875' title='bbox 921 2521 972 2550; x_wconf 89' lang='lat' dir='ltr'><strong>ego</strong></span> <span class='ocrx_word' id='word_1_876' title='bbox 999 2512 1120 2549; x_wconf 87' lang='lat' dir='ltr'><strong>gloriﬁco</strong></span> <span class='ocrx_word' id='word_1_877' title='bbox 1142 2512 1289 2547; x_wconf 84' lang='lat' dir='ltr'><strong>meipsum,</strong></span> <span class='ocrx_word' id='word_1_878' title='bbox 1314 2512 1399 2548; x_wconf 80' lang='lat' dir='ltr'><strong>gloria</strong></span> <span class='ocrx_word' id='word_1_879' title='bbox 1424 2520 1486 2540; x_wconf 88' lang='lat' dir='ltr'><strong>mea</strong></span> <span class='ocrx_word' id='word_1_880' title='bbox 1508 2513 1575 2540; x_wconf 89' lang='lat' dir='ltr'><strong>nihil</strong></span> <span class='ocrx_word' id='word_1_881' title='bbox 1596 2517 1646 2541; x_wconf 91' lang='lat' dir='ltr'><strong>est.</strong></span> <span class='ocrx_word' id='word_1_882' title='bbox 1671 2515 1720 2541; x_wconf 89' lang='lat' dir='ltr'><strong>Est</strong></span> 
     </span>
    </p>
   </div>
   <div class='ocr_carea' id='block_1_112' title="bbox 921 2556 1718 2592">
    <p class='ocr_par' dir='ltr' id='par_1_112' title="bbox 921 2556 1718 2592">
     <span class='ocr_line' id='line_1_112' title="bbox 921 2556 1718 2592; baseline 0 -6"><span class='ocrx_word' id='word_1_883' title='bbox 921 2559 1003 2586; x_wconf 88' lang='lat' dir='ltr'><strong>Pater</strong></span> <span class='ocrx_word' id='word_1_884' title='bbox 1013 2565 1091 2585; x_wconf 90' lang='lat' dir='ltr'><strong>meus</strong></span> <span class='ocrx_word' id='word_1_885' title='bbox 1100 2557 1145 2592; x_wconf 92' lang='lat' dir='ltr'><strong>qui</strong></span> <span class='ocrx_word' id='word_1_886' title='bbox 1159 2556 1295 2592; x_wconf 89' lang='lat' dir='ltr'><strong>gloriﬁcat</strong></span> <span class='ocrx_word' id='word_1_887' title='bbox 1305 2565 1359 2591; x_wconf 92' lang='lat' dir='ltr'><strong>me,</strong></span> <span class='ocrx_word' id='word_1_888' title='bbox 1373 2565 1455 2592; x_wconf 90' lang='lat' dir='ltr'><strong>quem</strong></span> <span class='ocrx_word' id='word_1_889' title='bbox 1467 2565 1514 2585; x_wconf 89' lang='lat' dir='ltr'><strong>vos</strong></span> <span class='ocrx_word' id='word_1_890' title='bbox 1526 2558 1614 2586; x_wconf 87' lang='lat' dir='ltr'><strong>dicitis</strong></span> <span class='ocrx_word' id='word_1_891' title='bbox 1629 2560 1718 2586; x_wconf 88' lang='lat' dir='ltr'><strong>Deum</strong></span> 
     </span>
    </p>
   </div>
   <div class='ocr_carea' id='block_1_113' title="bbox 921 2603 1719 2638">
    <p class='ocr_par' dir='ltr' id='par_1_113' title="bbox 921 2603 1719 2638">
     <span class='ocr_line' id='line_1_113' title="bbox 921 2603 1719 2638; baseline 0.001 -9"><span class='ocrx_word' id='word_1_892' title='bbox 921 2607 1042 2631; x_wconf 89' lang='lat' dir='ltr'><strong>vestrum</strong></span> <span class='ocrx_word' id='word_1_893' title='bbox 1064 2610 1134 2635; x_wconf 89' lang='lat' dir='ltr'><strong>esse,</strong></span> <span class='ocrx_word' id='word_1_894' title='bbox 1147 2606 1174 2629; x_wconf 89' lang='lat' dir='ltr'><strong>et</strong></span> <span class='ocrx_word' id='word_1_895' title='bbox 1188 2605 1283 2629; x_wconf 81' lang='lat' dir='ltr'><strong>tamen</strong></span> <span class='ocrx_word' id='word_1_896' title='bbox 1295 2609 1352 2629; x_wconf 93' lang='lat' dir='ltr'><strong>non</strong></span> <span class='ocrx_word' id='word_1_897' title='bbox 1372 2603 1539 2638; x_wconf 79' lang='lat' dir='ltr'><strong>cognOvistis</strong></span> <span class='ocrx_word' id='word_1_898' title='bbox 1559 2611 1623 2630; x_wconf 92' lang='lat' dir='ltr'><strong>eum</strong></span> <span class='ocrx_word' id='word_1_899' title='bbox 1644 2613 1650 2630; x_wconf 89' lang='lat'>:</span> <span class='ocrx_word' id='word_1_900' title='bbox 1668 2610 1719 2638; x_wconf 82' lang='lat' dir='ltr'><strong>ego</strong></span> 
     </span>
    </p>
   </div>
   <div class='ocr_carea' id='block_1_114' title="bbox 921 2646 1718 2683">
    <p class='ocr_par' dir='ltr' id='par_1_114' title="bbox 921 2646 1718 2683">
     <span class='ocr_line' id='line_1_114' title="bbox 921 2646 1718 2683; baseline -0.001 -8"><span class='ocrx_word' id='word_1_901' title='bbox 921 2652 1012 2675; x_wconf 87' lang='lat' dir='ltr'><strong>autem</strong></span> <span class='ocrx_word' id='word_1_902' title='bbox 1036 2647 1100 2675; x_wconf 89' lang='lat' dir='ltr'><strong>novi</strong></span> <span class='ocrx_word' id='word_1_903' title='bbox 1125 2654 1199 2679; x_wconf 87' lang='lat' dir='ltr'><strong>eum,</strong></span> <span class='ocrx_word' id='word_1_904' title='bbox 1220 2650 1248 2673; x_wconf 89' lang='lat' dir='ltr'><strong>et</strong></span> <span class='ocrx_word' id='word_1_905' title='bbox 1271 2646 1294 2674; x_wconf 90' lang='lat' dir='ltr'><strong>si</strong></span> <span class='ocrx_word' id='word_1_906' title='bbox 1309 2646 1403 2675; x_wconf 83' lang='lat' dir='ltr'><strong>dixero</strong></span> <span class='ocrx_word' id='word_1_907' title='bbox 1423 2647 1498 2683; x_wconf 90' lang='lat' dir='ltr'><strong>quod</strong></span> <span class='ocrx_word' id='word_1_908' title='bbox 1521 2655 1578 2675; x_wconf 88' lang='lat' dir='ltr'><strong>non</strong></span> <span class='ocrx_word' id='word_1_909' title='bbox 1593 2647 1718 2674; x_wconf 88' lang='lat' dir='ltr'><strong>noverim</strong></span> 
     </span>
    </p>
   </div>
   <div class='ocr_carea' id='block_1_115' title="bbox 921 2690 1718 2725">
    <p class='ocr_par' dir='ltr' id='par_1_115' title="bbox 921 2690 1718 2725">
     <span class='ocr_line' id='line_1_115' title="bbox 921 2690 1718 2725; baseline -0.003 -5"><span class='ocrx_word' id='word_1_910' title='bbox 921 2700 995 2725; x_wconf 88' lang='lat' dir='ltr'><strong>eum,</strong></span> <span class='ocrx_word' id='word_1_911' title='bbox 1011 2699 1058 2719; x_wconf 90' lang='lat' dir='ltr'><strong>ero</strong></span> <span class='ocrx_word' id='word_1_912' title='bbox 1079 2691 1177 2719; x_wconf 86' lang='lat' dir='ltr'><strong>similis</strong></span> <span class='ocrx_word' id='word_1_913' title='bbox 1190 2690 1268 2718; x_wconf 84' lang='lat' dir='ltr'><strong>vobis</strong></span> <span class='ocrx_word' id='word_1_914' title='bbox 1292 2691 1410 2719; x_wconf 82' lang='lat' dir='ltr'><strong>mendax</strong></span> <span class='ocrx_word' id='word_1_915' title='bbox 1426 2701 1432 2719; x_wconf 94' lang='lat'>:</span> <span class='ocrx_word' id='word_1_916' title='bbox 1450 2691 1500 2720; x_wconf 89' lang='lat' dir='ltr'><strong>sed</strong></span> <span class='ocrx_word' id='word_1_917' title='bbox 1514 2691 1579 2719; x_wconf 90' lang='lat' dir='ltr'><strong>novi</strong></span> <span class='ocrx_word' id='word_1_918' title='bbox 1601 2698 1677 2725; x_wconf 87' lang='lat' dir='ltr'><strong>eum,</strong></span> <span class='ocrx_word' id='word_1_919' title='bbox 1690 2694 1718 2718; x_wconf 86' lang='lat' dir='ltr'><strong>et</strong></span> 
     </span>
    </p>
   </div>
   <div class='ocr_carea' id='block_1_116' title="bbox 921 2735 1716 2772">
    <p class='ocr_par' dir='ltr' id='par_1_116' title="bbox 921 2735 1716 2772">
     <span class='ocr_line' id='line_1_116' title="bbox 921 2735 1716 2772; baseline -0.003 -7"><span class='ocrx_word' id='word_1_920' title='bbox 921 2744 1078 2765; x_wconf 84' lang='lat' dir='ltr'><strong>sermonem</strong></span> <span class='ocrx_word' id='word_1_921' title='bbox 1103 2735 1162 2771; x_wconf 90' lang='lat' dir='ltr'><strong>ejus</strong></span> <span class='ocrx_word' id='word_1_922' title='bbox 1184 2743 1273 2763; x_wconf 85' lang='lat' dir='ltr'><strong>servo.</strong></span> <span class='ocrx_word' id='word_1_923' title='bbox 1300 2747 1313 2760; x_wconf 76' lang='grc' dir='ltr'>ι»</span> <span class='ocrx_word' id='word_1_924' title='bbox 1335 2736 1497 2772; x_wconf 88' lang='lat' dir='ltr'><strong>lnsipientes</strong></span> <span class='ocrx_word' id='word_1_925' title='bbox 1518 2735 1557 2763; x_wconf 91' lang='lat' dir='ltr'><strong>illi</strong></span> <span class='ocrx_word' id='word_1_926' title='bbox 1575 2743 1639 2763; x_wconf 89' lang='lat' dir='ltr'><strong>cum</strong></span> <span class='ocrx_word' id='word_1_927' title='bbox 1660 2743 1716 2763; x_wconf 91' lang='lat' dir='ltr'><strong>non</strong></span> 
     </span>
    </p>
   </div>
   <div class='ocr_carea' id='block_1_117' title="bbox 923 2780 1718 2817">
    <p class='ocr_par' dir='ltr' id='par_1_117' title="bbox 923 2780 1718 2817">
     <span class='ocr_line' id='line_1_117' title="bbox 923 2780 1718 2817; baseline -0.003 -8"><span class='ocrx_word' id='word_1_928' title='bbox 923 2781 1102 2817; x_wconf 85' lang='lat' dir='ltr'><strong>intelligerent</strong></span> <span class='ocrx_word' id='word_1_929' title='bbox 1117 2780 1150 2808; x_wconf 89' lang='lat' dir='ltr'><strong>de</strong></span> <span class='ocrx_word' id='word_1_930' title='bbox 1164 2788 1218 2816; x_wconf 82' lang='lat' dir='ltr'><strong>qua</strong></span> <span class='ocrx_word' id='word_1_931' title='bbox 1244 2784 1332 2808; x_wconf 88' lang='lat' dir='ltr'><strong>morte</strong></span> <span class='ocrx_word' id='word_1_932' title='bbox 1356 2781 1494 2808; x_wconf 87' lang='lat' dir='ltr'><strong>Dominus</strong></span> <span class='ocrx_word' id='word_1_933' title='bbox 1513 2780 1626 2813; x_wconf 90' lang='lat' dir='ltr'><strong>diceret,</strong></span> <span class='ocrx_word' id='word_1_934' title='bbox 1656 2788 1718 2816; x_wconf 77' lang='lat' dir='ltr'><strong>qua:</strong></span> 
     </span>
    </p>
   </div>
   <div class='ocr_carea' id='block_1_118' title="bbox 921 2825 1719 2861">
    <p class='ocr_par' dir='ltr' id='par_1_118' title="bbox 921 2825 1719 2861">
     <span class='ocr_line' id='line_1_118' title="bbox 921 2825 1719 2861; baseline -0.003 -6"><span class='ocrx_word' id='word_1_935' title='bbox 921 2826 1062 2855; x_wconf 88' lang='lat' dir='ltr'><strong>credentes</strong></span> <span class='ocrx_word' id='word_1_936' title='bbox 1087 2825 1116 2853; x_wconf 91' lang='lat' dir='ltr'><strong>in</strong></span> <span class='ocrx_word' id='word_1_937' title='bbox 1141 2833 1171 2854; x_wconf 89' lang='lat' dir='ltr'><strong>se</strong></span> <span class='ocrx_word' id='word_1_938' title='bbox 1194 2825 1292 2853; x_wconf 70' lang='lat' dir='ltr'><strong>laasura</strong></span> <span class='ocrx_word' id='word_1_939' title='bbox 1319 2833 1374 2853; x_wconf 89' lang='lat' dir='ltr'><strong>non</strong></span> <span class='ocrx_word' id='word_1_940' title='bbox 1402 2828 1490 2857; x_wconf 80' lang='lat' dir='ltr'><strong>esset,</strong></span> <span class='ocrx_word' id='word_1_941' title='bbox 1508 2825 1659 2861; x_wconf 90' lang='lat' dir='ltr'><strong>loquuntur</strong></span> <span class='ocrx_word' id='word_1_942' title='bbox 1685 2825 1719 2853; x_wconf 87' lang='lat' dir='ltr'><strong>ad</strong></span> 
     </span>
    </p>
   </div>
  </div>
