1910 3077
188 168 221 193 35
687 164 952 191 THEOPHYLACTI
972 163 1150 192 BULGARHS
1169 164 1325 192 ARCHIEP.
1804 165 1838 190 36

187 235 249 255 eum
272 225 436 254 stultissima
455 225 582 262 quedam
601 229 628 253 et
650 225 870 262 insipientissima
893 227 941 255 ver

787 227 870 254 ssima
893 226 985 255 verba.
1000 230 1027 261 Α
1043 227 1088 256 τὸν
1117 226 1245 266 ἄλόγιστά
1272 238 1332 255 τινα
1358 225 1404 255 καὶ
1431 226 1539 261 ἀνόητα.

185 271 251 300 Vide
265 271 341 299 enim
354 270 498 307 quomodo
513 270 702 306 respondent:
719 283 732 295 α
758 273 831 299 Num
851 276 880 299 tu
897 272 986 308 major

184 324 214 345 es
234 320 309 352 patre
333 321 428 344 nostro
448 315 605 344 Abraham?
637 326 650 341 »
670 317 702 343 Et
715 316 808 352 utique
825 317 864 344 sic
877 322 987 352 oporte-

185 361 232 389 bat
245 361 351 395 dicere,
365 362 439 388 Num
455 365 484 388 tu
500 361 589 396 major
603 369 632 389 es
646 363 722 390 Deo?
739 361 776 388 Hi
791 369 919 389 sermone
934 361 986 390 Dei

186 406 281 434 audito
301 405 404 434 mortui
419 410 503 434 sunt:
517 410 544 433 et
558 406 602 442 qui
617 409 697 433 tuum
711 406 836 438 audiunt,
852 414 910 434 non
924 414 984 434 mo-

185 452 313 479 riuntur?
341 451 389 479 sed
412 459 468 479 non
484 451 523 479 sic
547 461 554 478 :
577 455 605 478 et
624 451 689 487 quid
709 451 828 479 dicunt?
853 451 985 479 Volentes

185 504 249 524 eum
271 495 415 524 ostendere
431 500 459 524 et
479 495 640 524 Abrahamo
659 496 795 524 minorem
811 505 818 522 :
835 508 848 520 ι
868 497 942 524 Num
954 500 986 524 tu

187 541 275 577 major
288 549 334 576 es,
350 541 436 573 aiunt,
462 545 538 577 patre
559 545 657 568 nostro
679 540 838 569 Abraham?
854 553 866 565 ν
884 541 929 568 ille
942 549 987 569 au-

188 590 246 614 tem
263 586 399 614 Dominus
414 593 472 613 non
486 586 586 613 revelat
596 586 636 613 eis
650 585 683 614 de
695 593 748 622 qua
763 590 851 614 morte
863 585 965 614 dixerit
978 593 985 612 :

183 630 257 667 quod
281 635 374 659 autem
397 630 554 658 Abrahamo
579 631 746 666 prestantior
768 631 816 665 sit,
838 631 984 667 persuadet

184 684 231 704 eos
243 676 322 712 paulo
338 679 408 712 post.
423 678 459 703 At
471 676 545 712 quod
554 675 652 704 dicunt
668 686 674 703 ε
691 688 703 700 ‹ι
718 677 808 712 Quem
820 680 851 704 tu
864 677 986 712 teipsum

184 721 287 748 facis?»
302 721 501 748 contumeliose
509 720 607 748 dicunt
617 730 623 747 :
633 721 674 748 Tu
686 721 733 756 qui
743 721 846 749 nullius
855 720 987 749 momenti

182 774 224 799 es,
236 766 282 801 qui
297 765 368 794 fabri
383 765 463 800 tilius,
481 766 527 801 qui
541 773 575 793 ex
591 766 722 800 Galilaaa,
740 778 752 791 ιι
770 774 854 802 quem
870 766 986 802 teipsum

182 810 265 839 facis?
278 822 291 836 ι
306 812 370 839 Non
383 818 474 846 opera.
490 818 578 846 neque
597 812 705 843 veritas,
732 819 821 847 neque
836 811 988 848 Scriptura,

183 855 236 884 sed
259 860 299 890 tu,
320 867 333 880 οι
349 864 431 892 quem
455 855 575 892 teipsum
595 855 679 884 facis?
694 867 707 880 ι
732 856 807 892 rapis
828 856 903 884 enim
928 856 987 892 glo-

1592 225 1666 265 Ὅρα
1695 225 1747 266 γὰρ
1775 227 1839 258 ’πῶς

1040 272 1239 311 ἀποκρίνονταιο
1256 285 1268 298 α
1286 270 1332 306 Μὴ
1349 271 1380 300 σὺ
1404 271 1500 309 μείζων
1529 266 1553 299 εἶ
1572 273 1617 299 τοῦ
1643 271 1744 309 πατρὸς
1759 272 1838 307 ἡμῶν

1039 316 1176 356 Ἀϐραάμ;
1195 330 1208 342 ι
1234 315 1285 346 Καὶ
1303 315 1356 353 μὴν
1379 316 1460 346 οὕτως
1486 315 1538 344 ἔδει
1566 314 1659 349 αὐτοὺς
1675 316 1769 344 εἰπεῖν·
1790 314 1838 350 Μὴ

1040 361 1071 390 σὺ
1098 362 1194 399 μείζων
1222 356 1246 391 εἶ
1270 364 1315 390 τοῦ
1341 362 1432 398 Θεοῦς
1461 362 1496 391 Οἱ
1521 360 1565 389 τὸν
1595 360 1672 400 λόγον
1697 363 1742 389 τοῦ
1766 360 1840 390 Θεοῦ

1039 405 1215 442 ἀκούσαντες,
1245 406 1385 435 ἀπέθανον
1409 406 1455 435 καὶ
1479 405 1503 434 οἱ
1528 405 1573 434 τὸν
1599 406 1644 434 σὸν
1675 403 1836 440 ἀκούοντες,

1039 452 1087 481 οὐκ
1102 453 1312 487 ἀποθανοῦνται,
1339 450 1408 480 Ἀλλ’
1430 451 1480 489 οὐχ
1499 449 1596 485 οὕτως,
1610 449 1680 479 ἀλλὰ
1700 449 1726 479 τί
1750 449 1837 489 φασιξ

1040 495 1202 533 Βουλόμενοι
1215 495 1296 529 δεῖξαι
1315 495 1394 524 αὗτὸν
1419 495 1464 524 καὶ
1480 497 1528 524 τοῦ
1545 493 1668 533 Ἀϐραὰμ
1685 494 1816 523 ἐλάττονα
1830 516 1838 530 ,

1040 554 1052 568 κ
1078 541 1124 576 Μὴ
1147 541 1178 570 σὺ
1208 542 1303 580 μείζων
1333 535 1374 575 εἷ,
1410 539 1532 578 λέγουσι,
1561 542 1607 568 τοῦ
1636 538 1734 579 πατρὸς
1759 541 1840 577 ἡμῶν

1040 585 1181 625 Ἀϐραάμς
1200 585 1308 619 »Αὐτὸς
1324 585 1358 614 ’δὲ
1377 586 1391 614 6
1413 585 1527 623 Κύριος,
1547 583 1607 623 περὶ
1630 583 1678 620 μὲν
1695 583 1771 612 ποίου
1789 586 1838 612 θα-

1040 631 1123 660 νᾶτου
1145 630 1265 671 εἴρηκεν,
1287 631 1334 659 oin:
1352 629 1534 658 ἀποκαλύπτει
1559 629 1658 662 αὐτοῖς’
1684 627 1724 657 ὅτι
1739 629 1767 657 δὲ
1788 631 1842 658 τοῦ

1041 674 1164 715 Ἀϐραὰμ
1188 674 1315 716 κρείττων
1341 674 1412 711 ἐστὶ,
1434 675 1517 704 πείθει
1540 673 1633 707 αὖτοὺς
1652 672 1745 712 μικρὸν
1769 675 1839 703 ὕπο-

1041 721 1151 750 κατιών.
1169 721 1208 750 Τὸ
1231 720 1275 758 δὲ,
1301 734 1313 747 α
1330 720 1400 750 Τίνα
1416 719 1448 749 σὺ
1469 719 1580 748 σεαυτὸν
1605 718 1707 757 ποιεῖς
1728 731 1740 744 ι
1761 718 1838 757 ὕϐρι-

1042 767 1139 798 στικῶς
1162 764 1279 803 λέγουσι*
1313 764 1353 795 Σὺ
1377 766 1391 794 6
1415 764 1526 801 μηδενὸς
1555 763 1625 798 ἄξιος
1649 762 1745 801 λόγου,
1761 764 1775 792 6
1791 766 1839 792 τοῦ

1041 810 1161 843 τέκτονος
1194 810 1265 845 υἱὸς,
1294 812 1308 839 6
1333 810 1362 838 ἐκ
1398 809 1560 843 Γαλιλαίας,
1589 821 1602 835 ι
1636 807 1695 836 τίνα
1727 808 1837 837 σεαυτὸν

1042 858 1139 890 ποιεῖς;
1155 868 1168 880 ιι
1180 855 1220 884 Οὐ
1235 854 1268 883 τὰ
1281 853 1360 893 ἔργα,
1382 854 1439 883 οὐδὲ
1453 855 1469 889 ἡ
1491 853 1619 888 ἀλήθεια,
1637 853 1696 881 οὐδὲ
1714 854 1742 882 αἱ
1762 854 1838 892 Γρα-

183 901 264 928 riam.
291 902 328 928 At
356 901 490 928 Dominus
509 910 515 928 :
534 911 547 924 ι
571 901 599 928 Si
619 909 669 937 ego
694 901 816 936 gloriﬁco
837 901 937 935 meipsr

1085 912 1106 938 ι,
1134 899 1220 937 ἀλλὰ,
1247 913 1258 926 Ιι
1291 899 1322 928 σὺ
1350 899 1408 927 τίνα
1439 900 1522 931 ποιεῖς
1550 898 1678 934 σεαυτόν;
1710 898 1839 936 ἇρπάζεις

183 946 267 982 gloria
291 953 350 973 mea
364 945 431 973 nihil
455 949 505 979 est,
522 956 536 970 »
554 945 623 972 sicut
635 953 681 973 vos
694 945 797 980 putatis
813 953 820 972 :
837 952 912 972 nunc
936 952 985 972 au-

185 993 243 1018 tem
260 994 302 1018 est
314 990 384 1018 alius
403 990 450 1026 qui
461 990 597 1025 gloriﬁcat
609 998 667 1023 me,
691 990 773 1017 Pater
793 997 882 1017 meus.
898 989 987 1018 Glori-

182 1035 246 1063 ﬁcat
267 1035 339 1062 enim
363 1035 455 1071 ipsum
478 1043 596 1071 semper,
612 1039 693 1070 atque
714 1033 743 1062 id
764 1042 812 1070 per
827 1034 985 1070 prophetias

181 1079 215 1108 de
227 1079 284 1113 illo,
308 1084 335 1107 et
350 1087 398 1115 per
410 1079 567 1107 testimonia
581 1079 617 1107 de
635 1079 724 1111 ccelis,
739 1082 766 1106 et
779 1087 827 1114 per
841 1079 985 1107 innumera

180 1129 209 1152 et
228 1124 365 1152 immensa
377 1124 515 1152 miracula.
534 1125 615 1152 Hunc
636 1127 730 1151 autem
742 1131 792 1151 vos
806 1124 929 1157 Patrem,
942 1123 984 1151 in-

179 1169 248 1205 quit,
272 1169 361 1197 dicitis
384 1169 458 1206 quod
483 1169 519 1197 sit
546 1171 621 1197 Deus
645 1174 742 1196 vester.
768 1167 820 1196 Sed
843 1176 932 1204 neque
953 1173 985 1197 ut

181 1222 274 1242 meum
288 1215 396 1242 Patrem
420 1213 512 1249 ipsum
537 1212 696 1248 agnoscitis,
724 1221 813 1249 neque
837 1217 868 1240 ut
891 1215 979 1241 Deum

181 1263 312 1287 vestrum.
331 1260 402 1287 Nam
425 1258 448 1286 si
464 1263 495 1286 ut
515 1259 626 1286 Patrem
650 1265 746 1286 meum
760 1258 837 1286 illum
852 1266 984 1293 agnosce-

180 1304 258 1337 retis,
283 1303 387 1332 honore
408 1303 503 1339 utique
518 1302 618 1331 Filium
639 1302 699 1339 ejus
719 1303 976 1338 prosequeremini:

182 1356 257 1376 nunc
277 1353 372 1376 autem
392 1347 461 1376 dum
489 1347 589 1375 Filium
603 1355 658 1375 non
681 1347 782 1382 colitis,
799 1347 982 1375 manifestum

182 1393 256 1429 quod
270 1401 327 1421 non
342 1393 506 1429 cognoscitis
528 1393 605 1420 illum
620 1397 652 1420 ut
674 1394 785 1420 Patrem
809 1400 916 1420 meum.
930 1391 983 1420 Sed

180 1446 270 1474 neque
285 1442 316 1465 ut
328 1440 417 1466 Deum
432 1437 519 1473 629
531 1437 698 1473 cognoscitis
712 1437 805 1480 illum;
829 1437 929 1473 alioqui
947 1437 984 1464 ti-

179 1482 291 1511 meretis
313 1490 454 1511 sermones
474 1482 532 1518 ejus
546 1486 576 1510 ut
591 1482 643 1510 Dei
658 1492 666 1509 :
680 1490 754 1510 nunc
777 1486 869 1510 autem
892 1489 977 1517 usque

180 1527 248 1556 adeo
277 1527 457 1556 contemnitis
485 1535 561 1560 eum,
584 1531 616 1555 ut
643 1535 709 1555 cum
740 1527 784 1554 ille
810 1526 979 1562 praeceperit,
999 1550 1020 1582 Ο

214 1574 247 1582 ‘v,
272 1573 408 1582 ,,,‘IA,II
478 1580 524 1582 "4-
541 1571 712 1582 ‘4-)2A‘__!_!
741 1576 856 1582 .._A_L__.
874 1579 962 1582 ____...

181 1584 193 1597 α
214 1574 252 1600 Ne
267 1573 376 1600 occidas
389 1573 424 1606 ³1,
440 1582 454 1598 ιι
478 1580 525 1599 vos
541 1571 713 1599 meditemini
740 1576 859 1599 mortem
874 1579 976 1605 meam,

180 1617 261 1654 idque
276 1625 342 1645 cum
358 1625 415 1644 non
427 1616 535 1651 possitis
548 1624 592 1644 me
613 1625 729 1653 arguere
745 1616 781 1644 de
796 1621 917 1652 peccato.
936 1618 975 1644 Ex

179 1662 223 1690 bis
242 1662 326 1698 igitur
350 1660 528 1689 manifestum
553 1661 627 1697 quod
654 1669 718 1689 eum
737 1661 828 1690 modis
847 1661 978 1689 omnibus

178 1707 321 1743 ignoretis.
338 1708 397 1742 Ego
418 1714 484 1734 vero
499 1706 557 1734 scio
579 1714 644 1734 eum
670 1706 843 1740 naturaliter,
864 1714 977 1734 omnem

178 1751 237 1788 ejus
251 1751 382 1778 notitiam
406 1750 519 1779 habens.
542 1751 634 1786 Qualis
657 1751 734 1779 enim
754 1759 816 1778 sum
838 1759 899 1787 ego,
915 1751 977 1779 talis

177 1800 204 1824 et
227 1797 316 1824 Pater.
346 1797 434 1832 Igitur
455 1795 518 1831 quia
532 1796 589 1824 scio
603 1796 752 1831 meipsum,
769 1799 796 1824 et
810 1795 887 1823 illum
908 1795 973 1823 scio.

178 1851 191 1864 ι
220 1840 248 1868 Si
264 1844 357 1868 autem
372 1840 466 1869 dixero
481 1840 555 1877 quod
570 1841 694 1869 nesciam
716 1848 790 1875 eum,
815 1849 862 1868 ero
876 1840 975 1868 similis

176 1885 254 1912 vobis
276 1885 403 1914 mendax.
421 1897 434 1911 ι
455 1887 524 1914 Nam
541 1894 589 1914 vos
598 1886 709 1922 quidem
723 1894 770 1922 per
785 1886 974 1922 arrogantiam

176 1929 292 1958 dicendo
306 1931 381 1967 quod
401 1939 464 1959 eum
493 1931 596 1965 sciatis,
623 1930 780 1959 mentimini
798 1940 804 1958 :
826 1930 903 1966 atqui
923 1938 974 1966 ego

175 1983 239 2003 cum
251 1976 334 2003 sciam
349 1984 424 2010 eum,
443 1976 464 2004 si
479 1975 574 2004 dixero
589 1984 634 2004 me
647 1976 760 2011 nescire,
778 1975 884 2012 negabo
908 1975 974 2002 veri-

174 2023 272 2048 tatem.
300 2021 390 2056 Quam
413 2021 499 2056 igitur
511 2021 697 2056 conjecturam
711 2020 796 2048 affers
819 2019 895 2055 quod
906 2019 976 2047 scias

174 2067 255 2094 eum?
270 2065 349 2101 Quia,
363 2065 461 2102 inquit,
475 2073 631 2093 sermonem
641 2065 700 2101 ejus
709 2073 805 2092 servo:
817 2071 975 2092 sermonem

173 2110 295 2138 vocando
322 2110 464 2138 mandata.
493 2111 588 2146 Neque
612 2110 686 2138 enim
710 2109 883 2137 adversarius
912 2116 974 2136 sum

173 2154 222 2189 illi,
250 2163 340 2191 neque
372 2154 545 2183 adversarius
579 2156 639 2182 Deo
672 2158 837 2189 arroganter
866 2153 973 2189 loquor,

173 2207 262 2236 neque
287 2199 418 2227 mandata
440 2199 499 2236 ejus
512 2199 597 2227 solvo.
618 2200 674 2227 Vos
688 2204 781 2227 autem
804 2198 851 2234 qui
866 2205 973 2226 sermo-

1040 943 1092 983 γὰρ
1109 943 1156 979 τὴν
1173 943 1258 977 δόξαν.
1286 943 1318 974 Ὀ
1342 943 1368 972 δὲ
1389 943 1498 983 Κύριος·
1528 955 1540 969 ι
1570 942 1635 971 Ἐὰν
1661 941 1714 982 ἐγὼ
1737 943 1839 976 δοξάζω

1039 989 1170 1027 ἐμαυτὸν,
1199 991 1215 1024 ἡ
1234 988 1295 1023 δόξα
1319 1001 1369 1027 μου
1389 988 1463 1017 οὐδέν
1491 989 1579 1024 ἐστιν,
1601 1001 1613 1013 ιι
1639 990 1674 1022 ὼς
1699 989 1772 1026 ὑμεῖς
1790 988 1839 1018 δο-

1038 1038 1117 1063 κεῖτε·
1142 1036 1186 1062 νῦν
1205 1033 1232 1062 δὲ
1256 1033 1326 1062 ἔστιν
1349 1034 1426 1065 ἄλλος
1454 1034 1468 1062 6
1493 1032 1607 1066 δοξάζων
1635 1043 1686 1070 με,
1706 1035 1720 1062 6
1739 1032 1838 1072 Πατήρ

1038 1090 1100 1115 μου.
1112 1077 1238 1112 Ἐδόξαζε
1254 1077 1304 1117 γὰρ
1333 1077 1412 1106 αὐτὸν
1431 1077 1473 1107 διὰ
1500 1077 1614 1115 παντὸς,
1630 1079 1707 1106 τοῦτο
1725 1077 1771 1113 μὲν
1790 1077 1839 1106 διὰ

1038 1125 1089 1152 τῶν
1105 1123 1164 1162 περὶ
1185 1123 1265 1152 αὐτοῦ
1285 1123 1451 1163 προφητειῶν
1461 1144 1470 1161 ,
1484 1124 1563 1151 τοῦτο
1579 1121 1605 1150 δὲ
1627 1121 1673 1150 καὶ
1687 1120 1732 1150 διὰ
1747 1124 1795 1157 τῆς
1810 1122 1839 1156 ἐξ

1037 1168 1153 1206 οὐρανῶν
1183 1167 1346 1207 μαρτυρίας,
1368 1169 1447 1196 τοῦτο
1469 1167 1496 1196 δὲ
1514 1166 1557 1195 διὰ
1581 1167 1633 1195 τῶν
1659 1166 1761 1206 μυρίων
1789 1167 1839 1196 καὶ

1039 1212 1153 1250 ἀπείρων
1182 1212 1337 1250 θαυμάτων.
1366 1213 1467 1242 Τοῦτον
1494 1211 1521 1240 δὲ
1543 1211 1588 1240 τὸν
1613 1210 1724 1251 Πατέρα
1740 1212 1837 1248 ὑμεῖς,

1038 1256 1122 1296 φησὶ,
1149 1256 1256 1295 λέγετε,
1283 1256 1324 1285 δτι
1340 1256 1409 1288 Θεὸς
1437 1257 1510 1294 ὑμῶν
1534 1256 1616 1285 ἔστιν’
1635 1255 1697 1284 ἀλλ’
1721 1255 1782 1285 οὔτε
1801 1258 1840 1289 ὥς

1039 1301 1148 1340 Πατέρα
1163 1301 1226 1339 ἐμὸν
1242 1301 1320 1330 αὐτὸν
1335 1300 1533 1339 ἐπιγινώσκετε,
1542 1300 1601 1330 οὔτε
1617 1302 1651 1332 ὡς
1665 1299 1733 1330 Θεὸν
1745 1302 1832 1339 ὑμῶν.

1038 1347 1071 1376 Εἴ
1087 1345 1138 1385 γὰρ
1158 1348 1194 1379 ὡς
1219 1346 1329 1385 Πατέρα
1355 1345 1418 1384 ἐμὸν
1442 1346 1520 1374 αὐτὸν
1545 1345 1754 1384 ἐπιγινώσκετε,
1779 1347 1838 1375 ἐτι-

1038 1390 1142 1428 μήσατε
1160 1390 1193 1420 ἂν
1208 1390 1252 1419 τὸν
1276 1391 1340 1421 Υἱὸν
1363 1391 1456 1419 αὐτοῦ’
1471 1392 1516 1418 νῦν
1537 1389 1564 1419 δὲ
1585 1390 1629 1420 τὸν
1654 1390 1718 1420 Υῖὸν
1739 1390 1776 1428 μὴ
1794 1403 1838 1419 τι-

1038 1437 1156 1473 μῶντες,
1174 1435 1292 1472 εὔδηλον,
1314 1435 1355 1466 ὅτι
1369 1436 1397 1464 οὖ
1412 1434 1556 1474 γινώσκετε
1572 1435 1652 1464 αὐτὸν
1671 1437 1706 1468 ὡς
1722 1435 1838 1476 Πατέρα

1037 1481 1112 1518 ἐμόν.
1135 1480 1206 1510 Ἀλλ’
1226 1480 1284 1510 οὐδὲ
1303 1481 1339 1514 ὡς
1363 1480 1432 1511 Θεὸν
1455 1480 1547 1514 ἁπλῶς
1572 1481 1761 1519 ἐπιγινώσκετε
1787 1482 1838 1510 αὖ-

1035 1524 1092 1554 τόν·
1109 1521 1126 1561 ἦ
1140 1524 1192 1564 γὰρ
1208 1524 1240 1554 ἂν
1263 1525 1386 1566 ἐτρέμετε
1402 1524 1460 1558 τοὺς
1480 1524 1572 1564 λόγους
1588 1526 1667 1554 αὐτοῦ
1689 1527 1724 1558 ὡς
1747 1528 1836 1556 Θεοῦ.

1035 1572 1079 1599 νῦν
1096 1571 1123 1599 δὲ
1155 1573 1280 1600 τοσοῦτον
1304 1570 1495 1610 καταφρονεῖτε
1523 1571 1617 1606 αὐτοῦ,
1643 1569 1729 1606 ὥστε,
1753 1584 1765 1595 ι
1784 1571 1836 1603 Μὴ

1035 1614 1178 1654 φονεύσῃς,
1204 1628 1216 1640 ι
1235 1615 1336 1644 ἐκείνου
1360 1614 1600 1653 νομοθετήσαντος,
1634 1617 1709 1651 ὑμεῖς
1734 1620 1839 1655 φονᾶτε

1033 1661 1093 1688 κατ’
1110 1660 1193 1698 ἐμοῦ,
1209 1660 1254 1689 καὶ
1278 1662 1362 1689 ταῦτα
1386 1658 1424 1698 μὴ
1450 1659 1554 1698 ἔχοντές
1579 1671 1612 1698 με
1631 1659 1750 1698 ἐλέγχειν
1771 1660 1839 1699 περὶ

1033 1704 1175 1745 ἁμαρτίας.
1192 1704 1242 1735 Ἐκ
1265 1704 1366 1734 τούτων
1382 1701 1429 1733 οὖν
1444 1705 1534 1741 δῆλον,
1552 1703 1593 1733 ὅτι
1619 1705 1736 1742 ἀγνοεῖτε
1753 1705 1837 1734 αὐτὸν

1032 1750 1213 1780 παντάπασιν.
1237 1749 1311 1788 Ἐγὼ
1326 1749 1353 1778 δὲ
1375 1744 1433 1778 οἶδα
1465 1749 1543 1778 αὐτὸν
1570 1751 1704 1788 φυσικῶς,
1726 1750 1838 1782 πάντως

1032 1793 1080 1829 τὴν
1096 1796 1176 1823 αὐτοῦ
1200 1796 1297 1833 γνῶσιν
1320 1793 1398 1833 ἔχωνο
1415 1789 1467 1827 οἶος
1482 1793 1533 1833 γάρ
1548 1795 1603 1831 εἰμι
1627 1792 1695 1832 ἐγὼ,
1717 1796 1837 1828 τοιοῦτος

1032 1838 1078 1867 καὶ
1099 1840 1113 1868 6
1129 1839 1238 1877 Πατήρ·
1254 1839 1311 1868 ἐπεὶ
1329 1835 1373 1868 οὖν
1388 1834 1447 1868 οἶδα
1465 1839 1598 1876 ἐμαυτὸν,
1613 1839 1741 1868 κάκεῖνον
1758 1834 1834 1868 οἶδα.

1032 1896 1043 1910 ι
1060 1883 1126 1913 Ἐὰν
1149 1883 1175 1912 δὲ
1199 1883 1285 1919 εἷ’ττω,⁸
1303 1883 1342 1912 ὅτι
1362 1884 1410 1913 οὒκ
1435 1879 1493 1912 οἶδα
1511 1883 1601 1919 αὐτὸν,
1623 1882 1717 1921 ἔσομαι
1744 1883 1838 1921 ὅμοιος

1031 1929 1105 1966 ὑμῶν
1121 1927 1246 1968 ψεύστης.
1265 1943 1277 1954 ι
1294 1928 1389 1965 ²Υμεῖς
1407 1928 1454 1965 μὲν
1468 1928 1531 1967 γὰρ,
1549 1927 1645 1957 εἰδέναι
1670 1927 1750 1957 αὐτὸν
1763 1929 1838 1958 ἆλᾶ-

1031 1973 1196 2010 ζονευόμενοι
1207 1995 1214 2008 ,
1235 1972 1371 2013 ψεύδεσθε·
1388 1972 1440 2011 ἐγὼ
1464 1973 1491 2002 δὲ
1507 1973 1582 2006 εἰδὼς
1601 1972 1680 2002 αὐτὸν
1695 1995 1703 2008 ,
1723 1973 1746 2001 εἷ
1762 1972 1835 2003 εἴπω

1031 2016 1069 2054 μὴ
1086 2016 1198 2052 εἰδέναι,
1216 2019 1347 2056 ἀρνοῦμαι
1367 2017 1415 2052 τὴν
1430 2017 1568 2052 ἀλήθειαν.
1604 2017 1640 2047 Τί
1655 2013 1700 2046 οὖν
1729 2019 1835 2056 τεκμήι

1031 2073 1085 2101 ριον
1102 2062 1178 2094 δίδως
1192 2065 1238 2091 τοῦ
1258 2062 1353 2091 εἰδέναι
1374 2062 1468 2097 αὖτόνς
1485 2062 1568 2099 Ὅτι,
1590 2062 1672 2101 φησὶ,
1691 2062 1735 2091 τὸν
1752 2063 1835 2102 λόγον

1030 2107 1111 2136 αὐτοῦ
1125 2109 1213 2146 τηρῶ,
1231 2119 1244 2134 ι)
1263 2107 1339 2145 λόγον
1354 2107 1436 2146 λέγων
1455 2107 1504 2140 τὰς
1524 2106 1632 2140 ἐντολὰς
1644 2107 1735 2138 αὐτοῦ.
1752 2107 1831 2137 Οὔτε

1029 2150 1080 2190 γὰρ
1096 2153 1265 2189 ἐναντιοῧμαι
1282 2152 1386 2192 ἐκείνῳ,
1399 2152 1416 2187 ἢ
1429 2154 1464 2186 ὡς
1479 2153 1594 2185 ἀντίθεος
1609 2151 1810 2190 ἀλαζονεύομαι
1823 2177 1831 2189 ,

1029 2195 1088 2225 οὔτε
1119 2196 1166 2229 τὰς
1189 2196 1295 2230 ἐντολὰς
1321 2198 1400 2226 αὐτοῦ
1427 2197 1567 2237 παραλύω.
1595 2196 1691 2235 ⁴Υμεῖς
1713 2196 1740 2226 δὲ
1767 2197 1832 2226 ἐπεὶ

173 2234 239 2272 num
253 2244 312 2280 ejus
336 2234 555 2281 transgressores
568 2243 645 2277 estis,
671 2243 797 2279 captique
813 2243 890 2271 malis
904 2251 927 2271 ct

1079 2254 1081 2263 ν
1098 2242 1209 2270 ἐντολῶν
1225 2242 1305 2270 αὐτοῦ
1331 2234 1486 2282 παραϐάται
1503 2241 1658 2277 ἁλίσκεσθε,
1675 2242 1833 2280 ἐπιθυμίαις

173 2289 346 2325 cupiscentiis
361 2289 594 2325 constringimini,
620 2293 648 2316 et
659 2288 747 2316 caedes
766 2288 855 2322 sititis,
879 2292 907 2316 et
920 2287 973 2316 alia

172 2335 260 2362 multa
285 2335 345 2369 lege
379 2334 521 2362 interdicta
540 2333 761 2369 concupiscendo
788 2332 887 2367 facitis,
913 2341 973 2360 ma-

172 2378 269 2406 nifeste
279 2378 422 2407 declaratis
445 2387 493 2407 vos
505 2379 634 2414 ignorare
654 2378 741 2406 illum.
755 2379 824 2406 Nam
840 2378 862 2406 si
872 2385 973 2414 cogno-

173 2423 290 2458 vissetis,
315 2423 458 2452 servaretis
489 2423 582 2459 utique
602 2430 761 2452 sermonem
786 2423 856 2459 ejus,
877 2423 904 2451 id
932 2428 973 2451 est

172 2468 313 2496 mandata.
339 2468 457 2503 Quidam
485 2472 581 2497 autem
599 2468 639 2496 sic
663 2468 815 2505 intelligunt
831 2478 837 2495 :
857 2480 869 2493 α
887 2469 972 2497 Servo

172 2520 330 2541 sermonem
350 2513 420 2549 ejus,
433 2525 446 2538 ιι
474 2512 503 2540 id
518 2517 559 2541 est
580 2517 727 2549 propterea
740 2513 798 2541 scio
813 2521 876 2541 eum
886 2534 894 2547 ,
907 2513 972 2549 quia

171 2557 261 2586 baheo
284 2558 314 2586 in
328 2559 435 2594 meipso
457 2557 591 2586 rationem
611 2558 738 2586 essentize
763 2558 820 2595 ejus
840 2558 877 2586 nil
890 2557 972 2586 diffe-

172 2607 288 2636 rentem,
305 2603 332 2631 id
347 2607 389 2630 est
403 2602 593 2631 deﬁnitionem
610 2612 618 2630 :
631 2607 660 2630 et
684 2602 781 2631 eadem
797 2607 895 2631 natura
911 2611 972 2631 ser-

171 2655 284 2676 monem
294 2668 302 2681 ,
317 2656 399 2684 quem
412 2650 493 2676 Pater
509 2647 601 2682 habet,
617 2647 690 2676 hunc
705 2656 756 2684 ego
769 2656 928 2676 sermonem
943 2648 971 2676 in

170 2692 245 2720 nullo
271 2693 409 2720 minorem
430 2697 457 2720 et
482 2692 540 2729 ipse
565 2693 668 2726 habeo;
706 2701 771 2721 nam
799 2693 896 2721 eadem
929 2697 971 2721 est

170 2741 267 2765 natura
279 2741 308 2765 et
326 2737 399 2766 idem
411 2745 503 2766 sermo
521 2738 681 2766 substantiae
694 2738 768 2766 Patri
788 2743 817 2766 et
834 2737 904 2766 Filio
921 2748 928 2767 :
942 2742 971 2766 et

207 2808 226 2826 ’³
239 2808 326 2838 Exod.
338 2817 390 2846 xx,
408 2813 453 2845 13;
471 2812 553 2839 Deut.
572 2819 599 2845 ν,
619 2814 661 2838 16.

1027 2298 1054 2315 τε
1072 2290 1203 2326 πονηραῖς
1221 2286 1395 2326 ἐνεχόμενοι,
1422 2287 1467 2316 καὶ
1495 2286 1571 2327 φόνον
1608 2287 1751 2326 διψῶντες,
1782 2288 1834 2316 καὶ

1027 2331 1112 2360 τᾶλλα
1131 2332 1326 2369 ἐπιθυμητικῶς
1348 2332 1381 2360 τὰ
1397 2332 1423 2360 ἐν
1444 2333 1483 2372 τῷ
1497 2331 1570 2371 νόμῳ
1591 2332 1758 2370 ἀπειρημένα
1780 2343 1834 2360 τε-

1026 2377 1147 2412 λοῦντες,
1170 2378 1288 2416 φανερῶς
1311 2376 1469 2416 γνωρίζεσθε
1496 2378 1650 2415 ἀγνοοῦντες
1677 2375 1769 2405 αὐτόν.
1795 2377 1830 2406 Εἰ

1025 2420 1076 2460 γὰρ
1090 2420 1263 2460 ἔγινώσκετε,
1290 2422 1408 2460 ἑτηρεῖτε
1431 2421 1462 2450 ἂν
1478 2421 1521 2450 τὸν
1547 2421 1623 2459 λόγον
1644 2421 1742 2457 αὖτοῧῖ,
1764 2432 1833 2450 του-

1025 2465 1109 2504 τέστι,
1127 2465 1173 2499 τὰς
1193 2466 1310 2498 ἐντολάς.
1326 2466 1403 2498 Τινὲς
1418 2465 1445 2494 δὲ
1461 2465 1530 2494 οὕτω
1552 2468 1641 2494 νοοῦσι
1657 2465 1695 2506 το,
1713 2478 1723 2491 α
1740 2466 1833 2506 Τηρῶ

1025 2510 1070 2539 τὸν
1089 2511 1166 2549 λόγον
1194 2511 1283 2540 αὐτοῦ·
1298 2525 1309 2535 ι
1332 2511 1467 2546 τουτέστι,
1490 2509 1541 2540 Διὰ
1555 2513 1632 2540 τοῦτο
1654 2504 1713 2539 οἶδα
1727 2510 1831 2546 ιιιύτὸν⁷

1025 2554 1065 2584 ὅτι
1089 2554 1143 2595 ἔχω
1171 2556 1197 2584 ἐν
1224 2556 1332 2595 ἐμαυτῷ
1357 2555 1562 2594 ἀπαράλλακτον
1596 2554 1640 2584 τὸν
1673 2554 1751 2594 λόγον
1782 2557 1837 2591 τῆς

1025 2600 1114 2633 οὐσίας
1140 2601 1237 2635 αὐτοῦ,
1264 2599 1404 2637 τουτέστι,
1439 2599 1484 2629 τὸν
1513 2599 1633 2640 ὁρισμόν·
1661 2600 1708 2629 καὶ
1732 2599 1760 2628 ὃν
1796 2599 1833 2628 ἂν

1024 2644 1103 2684 λόγον
1126 2645 1228 2685 φύσεως
1248 2646 1262 2674 6
1281 2645 1375 2684 Πατὴρ
1399 2645 1464 2685 ἔχῃ,
1485 2647 1602 2674 τοιοῦτον
1624 2645 1668 2674 τὸν
1684 2643 1763 2683 λόγον
1780 2644 1834 2674 καὶ

1026 2689 1104 2722 αὐτὸς
1130 2689 1194 2729 ἔχω’
1223 2691 1239 2725 ἡ
1268 2689 1334 2725 αὐτὴ
1361 2689 1412 2729 γάρ
1435 2691 1490 2719 ἐστι
1517 2689 1607 2729 φύσις,
1638 2688 1685 2719 καὶ
1710 2691 1724 2718 ὁ
1749 2689 1837 2723 αὐτὸς

1024 2734 1103 2774 λόγος
1119 2736 1164 2770 τῆς
1186 2734 1276 2768 οὐσίας
1297 2734 1385 2774 Πατρί
1408 2746 1436 2764 τε
1459 2734 1504 2764 καὶ
1526 2735 1594 2775 Υῖῷ·
1613 2733 1682 2764 ὥστε
1705 2734 1764 2763 οἰδα
1782 2735 1836 2764 τὸν
