1910 3077
56 177 88 204 37
428 175 622 204 ENARRATIO
643 175 674 202 IN
694 172 910 201 EVANGELIUM
928 173 1081 203 JOANNlS.
1100 190 1137 196 —
1151 177 1228 204 CAP.
1251 177 1316 204 V'lll.
1666 180 1700 205 38

59 238 180 278 Πατέρα’
207 238 253 268 καὶ
268 238 319 278 γὰρ
334 238 378 268 τὸν
402 238 480 278 λόγον
501 239 580 268 αὐτοῦ
604 240 653 273 τῆς
678 236 768 270 οὖσίας
783 237 853 265 ἄπο-

945 236 1014 266 .scio
1024 239 1134 266 Patrem
1151 248 1156 266 :
1172 247 1239 266 nam
1251 243 1279 266 et
1288 246 1446 267 sermonem
1465 240 1522 275 ejus
1535 240 1699 269 substantia

59 283 133 318 σώζω
148 284 366 323 ἀπαράλλακτον.
389 285 430 314 Τὸ
450 284 477 313 δὲ
492 286 586 323 σχῆμα
611 285 687 312 τοῦτο
710 284 754 310 τοῦ
772 281 850 320 λόγου

58 328 166 364 σύνηθες
181 328 255 368 παρὰ
318 330 429 369 Γραφῇ,
445 330 480 363 ὥς
494 328 538 364 τὸ,
552 342 563 354 α
577 328 637 361 Διὸς
653 330 716 366 ἡμῖν
730 326 852 366 βοήθειαν

58 375 87 402 ἐκ
101 373 232 414 θλίψεως,
248 374 294 403 καὶ
317 374 418 411 ματαία
445 373 564 413 σωτηρία
589 372 740 412 ἀνθρώπου.
763 386 774 397 ι
792 371 854 401 Ἰἰν-

58 421 140 448 ταῦθοι
155 420 206 459 γὰρ
221 419 251 448 τὸ
262 441 270 455 ,
282 432 295 445 ι
308 419 354 448 καὶ
363 441 370 455 ,
382 433 394 444 κ
407 419 465 447 ἀντὶ
480 421 526 447 τοῦ
537 441 544 456 ,
558 431 569 444 ι
582 418 643 456 γὰρ,
655 431 665 443 -
676 421 772 446 κιίται·
785 415 853 445 ὥστε

58 457 172 492 εἶναιτὸ
198 463 339 503 λεγόμενον
363 465 486 492 τοιοῦτον
513 477 523 490 ι
549 462 600 496 Δὸς
622 464 687 500 ἡμῖν
710 462 852 501 βοήθειαν,

59 508 162 544 ματαία
182 507 233 547 γὰρ
260 507 378 547 σωτηρία
394 507 543 547 ἀνθρώπου.
566 521 578 534 ι
606 508 687 537 Οὖτω
709 507 855 535 minuma-

59 566 71 577 ι
91 547 160 582 οἶδα
176 552 272 591 αὐτὸν,
285 553 330 582 καὶ
345 551 389 581 τὸν
409 552 487 591 λόγον
506 553 587 582 αὐτοῦ
610 553 694 591 τηρῶ.
714 564 727 577 ι
748 551 778 580 τὸ
790 550 853 591 γὰρ,

59 610 71 623 σι
87 597 151 634 καὶ,
163 612 175 623 ι
187 598 245 626 ἀντὶ
260 600 304 627 τοῦ
315 620 323 634 ,
338 611 350 623 ι
359 597 419 637 γὰρ,
432 612 444 623 ι
456 597 550 627 κεῖται·
565 611 577 623 ιι
589 596 642 626 Τὸν
654 596 704 636 γὰρ
718 596 794 634 λόγον
809 596 856 625 αὖ-

59 644 122 678 τοῢ,
138 643 216 682 φησὶ,
231 644 313 681 τηρῶ.
334 656 346 668 ι

101 701 113 712 ι
128 686 251 727 Ἀϐραὰμ
264 690 277 717 6
292 686 383 726 πατὴρ
399 687 471 723 ὑμῶν
485 686 680 725 ἠγαλλιάσατο,
695 685 738 727 ἵνα
751 684 855 727 ἴδῃὴτὴν

59 731 164 771 ἡμέραν
179 725 228 768 ἢν
248 731 326 770 ἐμήν
347 731 392 761 καὶ
405 727 457 761 εἶδε
467 754 474 767 ,
497 731 542 761 καὶ
557 733 653 771 ἐχάρη.
677 726 761 760 Εἶπον
776 725 820 760 οὖν
833 731 857 760 οἱ

62 775 184 806 Ἰουδαῖοι
211 777 275 816 πρὸς
301 777 392 806 αὖτόν¹
412 776 584 812 Πεντήκοντα
608 775 683 805 οὔπω
698 775 767 816 ἔχεις
791 775 854 812 ίτηΙΙ

62 822 109 850 καὶ
134 821 256 860 Ἀϐραὰμ
281 821 414 860 ἑώρακας
449 817 531 851 Εἶπεν
557 817 601 850 οὖν
628 821 724 854 αὐτοῖς·
757 820 855 859 Ἀμὴν,

62 865 133 904 ἀμὴν
161 866 229 905 λέγω
265 869 340 904 ὑμῖν,
371 867 432 906 πρὶν
465 865 588 906 Ἀϐραὰμ
624 866 762 905 γενέσθαι,
804 865 857 904 ἐγώ

63 912 130 949 εἶμι.
149 906 241 950 ’Ἦραν
257 907 299 940 οἷν
313 911 416 946 λίθους,
432 912 474 940 ἵνα
494 912 613 951 βάλωσιν
631 910 672 940 ἐπ’
688 911 778 940 αὐτόν.
795 910 855 946 Ίη-

63 958 124 989 σοῦς
146 956 173 986 δὲ
189 955 306 996 ἐκρύϐη,
325 956 369 985 καὶ
391 956 495 992 ἐξῆλθεν
523 957 551 985 ἐκ
567 959 612 985 τοῦ
638 956 726 995 ἱεροῦ,
746 955 856 985 διελθὼν

62 1000 105 1029 διὰ
132 1001 214 1039 μέσου
239 1002 336 1030 αὐτῶν·
359 1001 403 1030 καὶ
431 1003 550 1040 παρῆγεν
578 1000 668 1033 οὕτως.
685 1015 698 1026 ι
724 1000 857 1031 Ἐνταῦθα

62 1046 269 1080 κατασκευάζει,
287 1044 326 1075 ὅτι
353 1046 449 1084 μείζων
475 1046 531 1074 ἐστὶ
552 1049 599 1076 τοῦ
624 1045 757 1085 Ἀϐραάμ.
776 1044 856 1085 Ἐπεὶ

60 1089 112 1130 γὰρ
137 1091 230 1120 ἐκεῖνοι
260 1090 401 1130 προέφερον
428 1091 510 1130 αὐτῷ·
535 1105 547 1117 ιι
575 1091 621 1125 Μὴ
647 1084 680 1119 οὗ
707 1091 802 1128 μείζων
833 1084 858 1118 εἷ

59 1137 107 1163 τοῦ
130 1136 230 1174 πατρὸς
252 1136 328 1172 ἡμῶν
353 1135 494 1175 Ἀϐραὰμς
515 1150 526 1162 ι
550 1135 628 1176 φησὶν
653 1135 785 1171 ἐνταῦθα,
816 1134 856 1163 ὅτι

60 1180 115 1209 Ναὶ
135 1181 230 1217 μείζων
253 1179 319 1218 εἰμί.
346 1194 358 1207 ι
377 1181 492 1214 Ἐκεῖνος
515 1181 567 1221 γάρ
590 1191 631 1210 τοι
656 1180 855 1218 ἠγαλλιάσατο,

59 1223 104 1254 ἵνα
131 1224 174 1263 ἴδῃ
206 1224 256 1260 τὴν
283 1224 386 1264 ἡμέραν
410 1225 458 1261 τὴν
481 1226 584 1262 ἐμήν·-
617 1225 753 1260 τοντέστι,
782 1235 856 1263 περι-

59 1268 226 1298 σπούδαστον
256 1271 302 1298 καὶ
329 1269 453 1299 εὐκταίαν
480 1265 536 1309 εἶχε
569 1270 668 1306 ταύτην
698 1268 747 1298 καὶ
769 1274 855 1308 χαρᾶς

59 1313 201 1353 πρόξενον,
229 1314 349 1348 δηλονότι
373 1314 479 1347 πάντως
510 1313 551 1344 ἐπ’
576 1313 713 1354 εὐεργεσίᾳ
739 1313 854 1354 γενομέ-

58 1370 126 1394 νην,
149 1360 184 1391 ὡς
204 1358 249 1387 καὶ
265 1359 294 1387 οὗ
311 1361 408 1396 μικροῧ
433 1370 520 1396 τινος,
543 1358 601 1388 οὐδὲ
626 1358 752 1398 τυχόντος
773 1353 854 1387 οὖσαν

58 1403 177 1443 ἡμέραν,
200 1402 270 1431 ἀλλὰ
295 1403 421 1440 μείζονος.
439 1403 560 1443 Ἡμέραν
577 1403 602 1431 δὲ
618 1404 689 1441 λέγει
711 1403 756 1432 σὸν
773 1415 854 1432 σταυ-

59 1447 114 1487 ρόν.
141 1449 241 1477 Τοῦτον
265 1447 317 1486 γὰρ
338 1448 486 1487 προετύπου
510 1451 524 1477 6
548 1447 671 1488 Ἀϐραὰμ
695 1449 721 1477 ἐν
749 1450 782 1487 τῇ
807 1451 854 1477 τοῦ

59 1491 157 1522 Ἰσαὰκ
183 1494 366 1532 προσαγωγῇ,
391 1492 435 1521 καὶ
462 1494 494 1532 τῇ
517 1496 563 1522 τοῦ
589 1495 663 1532 κριοῦ
690 1492 778 1532 θυσία.
806 1492 854 1526 Ὡς

58 1537 108 1576 γὰρ
125 1538 220 1570 ἐκεῖνος
245 1537 278 1566 τὰ
304 1537 385 1573 ξύλα,
413 1537 496 1571 οὕτως
518 1539 532 1566 6
556 1537 650 1577 Κύριος
679 1537 722 1566 τὸν
740 1537 854 1576 σταυρὸν

58 1581 200 1611 ἐϐάστασε·
227 1582 272 1611 καὶ
298 1583 333 1615 ὡς
362 1582 456 1622 ἀφείθη
483 1583 530 1620 μὲν
561 1582 670 1618 Ἰσαὰκ,
700 1582 777 1617 ἐτύθη
795 1583 820 1610 δὲ
840 1584 854 1611 6

56 1627 137 1666 κριός⁴
165 1626 248 1659 οὕτως
270 1627 284 1655 6
306 1626 353 1664 μὲν
377 1628 444 1660 Θεὸς
470 1627 542 1659 ἐκτὸς
571 1627 678 1662 πάθους,
700 1628 737 1666 τῷ
761 1628 788 1656 δὲ
807 1628 853 1656 ἆν-

57 1670 182 1710 ορωπίνῳ
204 1671 249 1700 καὶ
271 1673 304 1710 τῇ
327 1671 407 1709 σαρκὶ
434 1671 524 1702 ἔπαθε.
548 1671 658 1706 Ταύτην
675 1671 723 1707 τὴν
748 1671 852 1710 ἡμέραν

56 1714 104 1750 τὴν
126 1718 172 1745 τοῦ
196 1718 310 1755 σταυροῦ
333 1714 457 1755 Ἀϐραὰμ
479 1715 596 1755 προϊδὼν
615 1716 718 1755 ἐχάρη,
743 1717 777 1748 ὡς
803 1727 852 1745 κο-

56 1763 154 1796 σμικῆς
179 1760 358 1798 γενησομένης
383 1759 526 1799 σωτηρίας.
561 1759 634 1797 Ἅμα
662 1761 688 1790 δὲ
719 1760 851 1790 δείκνυσιν

55 1806 170 1834 ἐνταῦθα
192 1805 284 1838 αὐτοὺς
308 1804 460 1844 ἀλλοτρίους
486 1807 529 1834 τοῦ
553 1804 692 1843 Ἀϐραὰμ,
717 1804 786 1843 εἴγε
811 1806 851 1842 ἐφ’

54 1843 91 1881 οἶς
115 1850 214 1882 ἐκεῖνος
241 1849 364 1888 ἔχαιρεν,
390 1845 462 1878 οὗτοι
488 1850 603 1879 λυττῶσι
626 1850 671 1878 καὶ
697 1850 849 1888 μαίνονται.

53 1895 139 1929 Δηλοῖ
155 1894 182 1923 δὲ
194 1916 202 1930 ,
217 1893 256 1923 ὅτι
273 1895 319 1923 οὐκ
336 1894 405 1923 ἄκων
421 1893 465 1923 ἐπὶ
487 1893 517 1923 τὸ
533 1894 614 1926 πάθος
630 1894 736 1934 ἔρχεται
752 1916 759 1928 ,
781 1893 806 1922 εἴ
821 1905 851 1932 γε

54 1939 159 1967 ἐπαινεῖ
173 1938 216 1967 τὸν
234 1938 347 1974 ἡσθέντα
372 1939 416 1967 ἐπὶ
437 1940 474 1978 τῷ
491 1940 606 1978 σταυρῷ-
623 1941 702 1968 τοῦτο
725 1938 798 1978 γὰρ’,
816 1939 851 1972 ὡς

54 1983 176 2022 εἴρηται,
201 1983 319 2022 σωτηρία
334 1985 382 2018 τῆς
399 1983 567 2022 οἰκουμένης.
591 1982 679 2013 Ἄλλοι
704 1983 730 2012 δὲ
745 1983 850 2022 ἡμέραν

52 2026 98 2056 τὸν
114 2027 220 2056 ἅπαντα
236 2029 326 2067 καιρὸν
348 2029 436 2057 νοοῦσι
459 2030 505 2063 τῆς
528 2031 573 2057 τοῦ
602 2029 720 2067 Χριστοῦ
745 2039 849 2067 παρου-

52 2071 132 2106 σίας,
149 2071 183 2107 ἡν
198 2073 211 2100 ὃ
235 2071 356 2112 Ἀϐραὰμ
377 2071 504 2111 προειδὼς
529 2073 630 2112 ἐχάρη,
655 2072 694 2102 ὅτι
718 2072 744 2106 ἐξ
770 2073 850 2102 αὐτοῦ

52 2116 102 2145 καὶ
123 2119 170 2145 τοῦ
202 2116 354 2156 σπέρματος
380 2118 461 2145 αὐτοῦ
493 2117 673 2153 ἀναστήσεται
701 2119 715 2146 6
743 2117 849 2156 Σωτήρ.

53 2161 111 2190 Καὶ
125 2161 198 2200 τάχα
210 2162 239 2190 οὗ
256 2161 332 2199 μόνος
347 2163 362 2190 6
378 2160 502 2200 Ἀϐραὰμ
518 2161 601 2201 ἐχάρη
612 2185 620 2199 ,
635 2161 706 2190 ἀλλὰ
724 2161 769 2190 καὶ
783 2162 849 2190 πάν-

906 291 1040 311 conservo
1055 284 1084 311 in
1099 283 1176 311 nullo
1193 284 1345 312 minorem.
1370 285 1418 311 Est
1433 288 1526 312 autem
1542 284 1601 313 haec
1616 285 1703 322 ﬁgura

906 333 1036 356 consueta
1050 329 1079 356 in
1106 329 1254 364 Scriptura,
1270 333 1301 356 ut
1315 337 1379 356 cum
1391 328 1492 356 dicitur
1506 337 1513 356 :
1532 341 1544 353 ι
1562 331 1602 357 Da
1627 331 1707 359 nobis

906 373 1042 401 auxilium
1066 373 1101 401 de
1116 373 1302 407 tribulatione,
1318 378 1346 401 et
1363 381 1431 401 vana
1447 374 1520 401 salus
1534 373 1662 403 hominis.
1690 387 1702 399 ιι

908 419 970 445 Hoc
997 418 1056 446 loco
1074 418 1147 446 enim
1163 418 1320 454 conjunctio
1347 428 1361 444 ι(
1379 422 1417 451 et,
1444 430 1455 442 ιι
1473 426 1532 453 pro,
1559 430 1571 442 α
1588 419 1674 454 enim,
1693 431 1706 444 ι

909 463 1022 498 ponitur
1043 472 1050 490 :
1076 467 1108 490 ut
1134 463 1209 499 quod
1227 463 1338 497 dicitur,
1367 463 1440 491 hunc
1454 463 1552 491 habeat
1567 471 1681 492 sensum
1700 473 1707 493 :

912 517 928 533 ι
944 509 983 535 Da
999 507 1076 535 nobis
1089 508 1232 540 auxilium,
1245 516 1315 536 vana
1330 510 1401 536 enim
1413 508 1488 536 salus
1508 507 1628 536 hominis
1644 509 1676 535 ³³.
1695 521 1707 534 ν

909 553 949 580 lta
964 552 1047 580 etiam
1063 552 1115 581 hoc
1126 553 1187 581 loco
1203 562 1210 581 :
1228 562 1243 580 α
1258 553 1319 581 Scio
1332 553 1419 588 illum,
1437 557 1464 581 et
1477 561 1636 581 sermonem
1649 554 1709 589 ejus

909 605 998 631 servo,
1014 610 1027 623 ι
1043 598 1202 634 conjunctio
1219 609 1231 622 ι
1255 601 1292 632 et,
1309 610 1322 622 ν
1338 606 1388 634 pro
1405 610 1418 623 ιι
1441 598 1524 633 enim,
1538 610 1551 623 ι
1573 599 1685 634 ponitur
1699 609 1705 627 :

911 653 924 667 α
935 643 1097 670 Sermonem
1115 645 1185 670 enim
1195 644 1262 679 ejus,
1280 643 1380 680 inquit,
1393 651 1483 671 servo.
1500 654 1515 668 ››

945 689 1032 716 Vens.
1047 691 1143 716 56-59.
1166 700 1178 712 σι
1200 687 1342 716 Abraham
1358 693 1435 724 pater
1459 693 1549 716 vester
1560 689 1708 717 exsultavit

911 737 943 760 ut
954 733 1057 761 videret
1070 733 1143 761 diem
1157 741 1250 761 meum
1268 741 1276 760 :
1293 737 1321 761 et
1335 733 1413 766 vidit,
1428 737 1509 769 atque
1523 734 1632 770 gavisus
1655 738 1706 762 est.

910 778 1048 805 Dixerunt
1059 786 1125 814 ergo
1141 779 1231 806 Judmi
1247 778 1282 806 ad
1295 786 1360 806 eum
1377 788 1384 806 :
1400 779 1608 814 Quinquaginta
1622 787 1709 808 annos

911 822 1035 850 nondum
1044 823 1136 857 habes,
1153 828 1181 851 et
1194 823 1336 851 Abraham
1352 823 1461 851 vidisti?
1478 824 1554 851 Dixxt
1564 825 1604 852 eis
1618 826 1707 859 .li-sus,

912 869 1002 895 Amen
1017 876 1098 896 amen
1112 868 1174 896 dico
1188 868 1276 902 vobis,
1292 872 1440 903 antequam
1463 869 1604 896 Abraham
1621 869 1709 903 ﬁeret,

912 920 962 948 ego
984 921 1056 940 sum.
1079 913 1223 940 'l‘ollebant
1252 921 1317 949 ergo
1347 913 1460 948 lapides,
1481 917 1511 941 ut
1535 913 1661 950 jacerent
1681 915 1708 942 in

910 965 987 985 eum.
1000 958 1080 986 Jesus
1093 962 1185 986 autem
1207 958 1351 986 abscondit
1365 966 1404 992 se,
1421 963 1448 985 et
1466 958 1549 986 exivit
1562 967 1577 986 e
1595 959 1708 994 templo,

911 1002 1045 1030 transiens
1058 1011 1106 1038 per
1114 1003 1234 1031 medium
1246 1003 1380 1038 ipsorum,
1390 1003 1553 1038 etprzcteriit
1563 1003 1608 1030 sic.
1625 1013 1640 1029 ι)
1649 1004 1710 1031 Hoc

910 1046 972 1074 loco
995 1047 1076 1075 docet
1089 1047 1162 1083 quod
1175 1047 1265 1083 major
1291 1047 1327 1075 sit
1354 1047 1512 1075 Abrahamo
1531 1068 1538 1075 .
1549 1048 1620 1084 Quia
1635 1048 1709 1076 enim

911 1091 948 1119 illi
961 1091 1090 1119 dicebant
1104 1093 1150 1120 ei:
1173 1103 1185 1116 οι
1209 1093 1281 1120 Νυηι
1304 1096 1333 1120 ιιι
1358 1100 1388 1120 es
1401 1092 1489 1128 major
1515 1096 1592 1129 patre
1613 1097 1709 1121 nostro

911 1136 1071 1165 Abraham?
1099 1148 1111 1161 ι
1135 1136 1205 1164 dicit
1227 1137 1279 1164 hoc
1300 1137 1360 1164 loco
1382 1146 1389 1164 :
1413 1137 1501 1165 Etiam
1526 1137 1615 1174 major
1636 1146 1707 1166 sum.

914 1192 928 1206 ι(
944 1181 1054 1209 Etenim
1069 1181 1113 1209 ille
1130 1181 1286 1215 exsultavit,
1301 1185 1332 1209 ut
1353 1181 1458 1210 videret
1473 1182 1548 1210 diem
1574 1191 1678 1216 meum,
1695 1194 1708 1208 υ

910 1225 962 1253 hoc
973 1230 1026 1259 est,
1049 1226 1232 1254 desideratum
1254 1230 1282 1254 et
1297 1230 1426 1262 optatum
1451 1226 1546 1254 habuit
1569 1227 1655 1260 illum,
1683 1231 1711 1255 et

910 1271 1001 1306 gaudii
1024 1276 1177 1305 auctorem,
1202 1271 1316 1306 scilicet,
1340 1280 1373 1299 eo
1396 1271 1469 1306 quod
1493 1272 1521 1299 in
1545 1272 1710 1300 beneﬁcium

909 1315 1029 1349 cederet,
1044 1320 1137 1344 etnon
1153 1317 1231 1352 parvi
1252 1316 1370 1352 alicujus
1385 1324 1475 1352 neque
1501 1316 1619 1353 vulgaris
1634 1321 1708 1345 esset

909 1360 977 1393 dies,
1001 1360 1048 1389 sed
1070 1361 1174 1396 magni.
1189 1361 1265 1388 Diem
1289 1365 1381 1388 autem
1401 1361 1465 1388 dicit
1482 1369 1604 1389 crucem.
1624 1361 1710 1398 63o

909 1406 980 1433 Nam
1018 1405 1211 1441 praligurabat
1237 1406 1313 1433 illam
1341 1405 1482 1433 Abraham
1512 1406 1541 1433 in
1572 1407 1711 1434 oblatione

911 1451 996 1483 Isaac,
1020 1455 1046 1478 et
1061 1451 1153 1478 arietis
1168 1450 1305 1478 sacrillcio
1322 1450 1356 1478 ".
1371 1451 1452 1478 Sicut
1464 1451 1540 1478 enim
1563 1450 1618 1478 illic.
1635 1452 1709 1479 Isaac

909 1494 992 1530 ligna,
1009 1495 1044 1522 ita
1059 1495 1198 1522 Dominus
1213 1503 1324 1523 crucem
1345 1495 1466 1530 portavit
1482 1504 1488 1522 :
1515 1499 1544 1523 et
1562 1495 1634 1523 sicut
1649 1495 1712 1523 reli-

907 1543 968 1566 ctus
980 1539 1091 1575 quidem
1109 1544 1152 1567 est
1166 1541 1251 1573 lsaac,
1278 1540 1436 1567 immolatus
1460 1544 1553 1568 autem
1574 1540 1656 1573 aries,
1671 1540 1709 1568 ita

908 1588 934 1612 et
955 1585 1030 1612 Deus
1046 1584 1158 1620 quidem
1181 1585 1285 1612 alienus
1299 1589 1339 1612 est
1356 1592 1371 1611 a
1387 1585 1523 1620 passione,
1542 1585 1571 1612 in
1584 1584 1707 1613 humana

906 1632 1000 1656 autem
1015 1633 1112 1656 natura
1127 1634 1155 1656 et
1166 1637 1246 1656 carne
1270 1637 1364 1664 passus
1388 1633 1439 1657 est.
1457 1630 1538 1657 Hunc
1557 1629 1631 1657 diem
1646 1637 1707 1657 cru-

906 1673 946 1701 cis
955 1682 1020 1701 cum
1036 1674 1206 1709 przevidisset
1227 1673 1378 1707 Abraham,
1398 1673 1508 1709 gavisus
1522 1678 1574 1707 est,
1590 1678 1618 1701 et
1631 1673 1707 1710 quod

905 1717 1015 1746 futurus
1040 1723 1110 1746 essat
1125 1718 1152 1746 in
1166 1718 1285 1746 salutem
1307 1719 1412 1746 mundi.
1435 1719 1550 1754 Insuper
1573 1719 1626 1746 hoc
1646 1719 1706 1747 loco

906 1763 1027 1791 ostendit
1039 1771 1086 1791 eos
1101 1763 1205 1791 alienos
1223 1771 1284 1791 esse
1303 1763 1337 1791 ab
1359 1763 1508 1796 Abraham,
1524 1763 1658 1799 siquidem
1673 1763 1707 1792 de

905 1808 1006 1843 quibus
1024 1808 1068 1835 ille
1081 1808 1228 1844 gaudebat.
1252 1807 1280 1835 hi
1294 1808 1479 1835 insaniebant.
1502 1808 1642 1843 Signiﬁcat
1656 1817 1707 1836 au-

905 1855 962 1880 tem
978 1852 1053 1888 quod
1077 1860 1132 1879 non
1152 1852 1252 1879 invitus
1271 1852 1425 1887 passionem
1450 1852 1649 1888 aggrediatur:
1672 1853 1707 1880 si-

905 1896 1017 1932 quidem
1039 1896 1130 1924 laudat
1149 1904 1212 1924 eum
1235 1897 1281 1931 qui
1296 1896 1446 1924 exsultavit
1461 1901 1572 1932 propter
1584 1905 1704 1925 crucem.

904 1941 976 1968 Nam
997 1939 1061 1968 inde
1076 1942 1119 1975 (ut
1140 1940 1245 1968 dictum
1265 1942 1316 1973 est)
1337 1940 1412 1967 salus
1428 1940 1510 1967 orbis.
1536 1940 1590 1967 Alii
1609 1945 1704 1969 autem

905 1985 1062 2021 intelligunt
1074 1993 1122 2021 per
1136 1985 1210 2012 diem
1227 1992 1309 2013 omne
1321 1989 1431 2020 tempus
1444 1984 1577 2012 adventus
1591 1985 1704 2019 Christi,

905 2029 979 2066 quod
1001 2038 1065 2058 cum
1081 2030 1222 2058 Abraham
1247 2029 1426 2065 pmvidisset,
1442 2029 1550 2065 gavisus
1564 2033 1615 2063 est,
1631 2029 1706 2065 quod

904 2082 936 2102 ex
960 2074 1018 2110 ipso
1039 2079 1067 2102 et
1080 2075 1184 2102 semine
1207 2074 1266 2110 ejus
1283 2079 1459 2102 surrecturus
1481 2077 1554 2102 esset
1567 2074 1703 2103 Salvator.

904 2120 940 2146 Et
958 2118 1083 2147 fortassis
1105 2127 1161 2147 non
1181 2119 1256 2147 solus
1282 2119 1424 2147 Abraham
1447 2119 1554 2155 gavisus
1581 2123 1632 2152 est,
1657 2120 1707 2148 sed

905 2168 933 2192 et
947 2172 1054 2198 omnes,
1071 2164 1144 2192 sicut
1154 2164 1240 2192 David
1255 2163 1324 2192 dicit
1337 2163 1374 2192 “z
1393 2175 1406 2188 ι
1416 2165 1484 2192 Haec
1498 2169 1540 2192 est
1553 2164 1611 2192 dies
1620 2172 1705 2200 quam

50 2216 106 2240 τες,
123 2206 159 2238 ὡς
175 2204 260 2235 Δαυῒδ
276 2205 356 2244 λίγει-
373 2220 384 2231 α
398 2205 475 2241 Αὕτη
492 2209 509 2242 ἡ
528 2205 633 2245 ἡμέρα,
652 2207 684 2242 ἣν
700 2205 822 2241 ἐποίησεν
835 2208 849 2236 ὁ

945 2209 974 2236 :it
989 2209 1134 2242 Dominus,
1151 2209 1319 2237 exsultemus
1333 2213 1360 2236 et
1377 2209 1504 2237 lmtemur
1532 2209 1561 2236 in
1575 2217 1615 2237 ea.
1641 2221 1653 2233 ι·
1671 2211 1707 2237 Et

52 2250 164 2290 Κύριος⁸
179 2249 417 2291 ἀγαλλιασώμιθα,
429 2250 474 2280 καὶ
491 2251 677 2291 εὐφρανθῶμεν
694 2252 720 2280 ἐν
737 2251 814 2291 αὐτῇ,
836 2264 848 2278 ιι

51 2295 141 2328 Αὐτὸς
155 2294 203 2332 μὲν
217 2290 260 2324 οὖν
282 2298 376 2325 ταῦτα.
396 2296 431 2325 Οἱ
451 2295 478 2325 δὲ
491 2318 499 2332 ,
583 2296 724 2334 δυνάμενοι
748 2295 849 2336 φθάσαι

40 2341 86 2372 εἰς
108 2339 140 2368 τὸ
164 2339 230 2379 ὕψος
249 2341 300 2369 τῶν
323 2340 488 2379 λεγομένων,
505 2339 564 2370 οὔτε
589 2340 730 2380 ἀνέχονται
752 2341 849 2380 ἐρωτῆ-

47 2396 97 2414 σαι
139 2384 185 2413 καὶ
214 2387 325 2423 μαθεῖν,
354 2385 413 2414 τίνα
448 2384 526 2424 φησὶν
568 2385 688 2425 ἡμέραν,
718 2385 752 2421 ἣν
781 2380 847 2415 εἶδεν

42 2429 184 2468 Ἀϐραάμ·
201 2430 271 2458 ἀλλὰ
286 2429 331 2458 καὶ
347 2430 448 2467 μᾶλλον
471 2430 688 2469 διαχλευάζουσιν
701 2453 709 2468 ,
735 2431 771 2462 ὡς
794 2442 849 2468 μα-

44 2474 134 2509 νιώδη
156 2473 215 2502 τινὰ
240 2474 427 2514 φθεγγόμινον.
445 2488 457 2501 ιι
474 2475 648 2511 Πεντήκοντα
662 2475 713 2514 γὰρ
724 2497 732 2510 ,
752 2474 848 2514 φησὶν,

43 2518 96 2554 ἔτη
114 2519 189 2547 οὔπω
213 2518 302 2558 ἔχεις,
319 2519 363 2548 καὶ
379 2519 502 2558 Ἀϐραὰμ
523 2518 658 2559 ἑώρακαςς
676 2533 688 2545 ι
713 2521 801 2548 Τοῦτο
821 2519 848 2549 δὲ

42 2559 141 2600 εἶπον,
166 2564 316 2601 νομίζοντες
338 2564 369 2593 τὸ
398 2564 494 2602 Κύριον
520 2563 596 2603 ἐγγὺς
621 2559 690 2593 εἶναι
714 2567 767 2593 τῶν
783 2576 848 2593 πεν-

41 2608 184 2644 τήκοντα,
211 2607 297 2637 καίτοι
322 2608 434 2649 περίπου
461 2608 604 2648 τριάκοντα
639 2609 685 2638 καὶ
713 2608 774 2648 τρία
801 2609 848 2645 ἔτη

41 2652 106 2683 τότε
125 2653 260 2692 γεγονότα.
278 2648 363 2687 Τίνος
377 2654 404 2684 δὲ
425 2653 510 2683 ἔνεκεν
529 2654 577 2682 οὐκ
595 2648 678 2682 εἶπον.
701 2654 848 2694 Τεσσαρά-

41 2709 130 2727 κοντα
151 2697 199 2734 ἔτη
215 2697 290 2728 οὔπω
305 2698 389 2738 ἔχεις,
411 2698 498 2734 ἀλλὰ,
524 2711 536 2726 ι
557 2699 745 2735 Πεντήκοντα;
763 2713 774 2724 -
791 2700 849 2728 Πι-

42 2742 135 2782 ριττὸν
161 2742 208 2782 μὲν
224 2743 254 2772 τὸ
277 2746 394 2773 τοιοῦτον
416 2742 556 2783 ἐρώτημα.
570 2742 672 2778 Ἆπλῶς
693 2743 745 2783 γὰρ
766 2742 849 2777 οὕτως

904 2254 962 2289 ipse
977 2253 1090 2289 quidem
1110 2253 1169 2281 haec
1186 2253 1269 2285 dixit;
1285 2258 1314 2281 at
1328 2254 1366 2281 illi
1381 2261 1438 2281 non
1457 2258 1584 2290 poterant
1606 2255 1705 2290 pertin-

903 2306 967 2334 gere
985 2298 1019 2326 ad
1037 2298 1237 2326 sublimitatem
1252 2298 1401 2332 dictorum,
1417 2306 1505 2335 neque
1523 2298 1706 2334 dignabantur

903 2343 1071 2380 interrogare
1097 2343 1137 2371 vel
1160 2343 1266 2371 discere
1280 2344 1341 2378 quis
1364 2347 1436 2371 esset
1452 2343 1511 2371 dies
1533 2343 1588 2377 ille,
1612 2349 1705 2380 ;quem

904 2388 1015 2416 vidisset
1025 2388 1165 2416 Abraham
1181 2397 1188 2416 :
1202 2388 1259 2416 imo
1270 2387 1384 2416 irrident
1399 2396 1462 2416 cum
1474 2392 1506 2416 ut
1520 2388 1616 2416 insana
1630 2397 1706 2425 quaa-

903 2433 970 2461 dam
992 2433 1161 2468 loquentem.
1187 2444 1200 2457 an
1229 2433 1436 2469 Quinquaginta
1463 2433 1548 2467 enim,
1564 2433 1704 2470 inquiunt,

903 2485 990 2506 annos
1013 2477 1141 2506 nondum
1167 2477 1261 2510 habes,
1276 2482 1304 2505 et
1322 2477 1461 2506 Abraham
1481 2478 1592 2505 vidisti?
1611 2490 1624 2502 ι
1645 2480 1706 2506 Hoc

903 2527 997 2551 autem
1010 2522 1147 2557 dicebant,
1158 2522 1347 2550 existimantes
1356 2523 1508 2550 Dominum
1523 2523 1611 2551 ferme
1625 2523 1704 2559 quin-

903 2567 1032 2604 quaginta
1054 2575 1191 2595 annorum
1212 2575 1272 2595 esse
1291 2576 1298 2594 :
1324 2568 1432 2595 tametsi
1455 2572 1522 2595 tunc
1549 2568 1659 2603 triginta
1677 2572 1703 2595 et

903 2617 959 2640 tres
971 2617 1079 2640 tantum
1094 2620 1184 2640 annos
1197 2612 1317 2640 haberet.
1345 2613 1436 2647 Quare
1448 2617 1540 2640 autem
1553 2621 1609 2640 non
1627 2612 1704 2639 dixe-

903 2662 979 2690 runt,
985 2657 1173 2694 Quadraginta
1179 2664 1267 2685 annos
1275 2658 1401 2685 nondum
1409 2657 1503 2690 habes,
1510 2657 1556 2685 sed
1569 2657 1704 2692 quinqua-

903 2703 998 2739 ginta?
1012 2702 1153 2731 Curiosior
1177 2709 1243 2730 sane
1267 2701 1329 2730 haec
1345 2702 1536 2738 interrogatio.
1550 2702 1620 2728 Nam
1635 2700 1701 2728 sim-

902 2747 1009 2784 pliciter
1023 2747 1064 2776 sic
1075 2747 1175 2776 incidit
1186 2747 1241 2782 eis,
1254 2751 1286 2776 ut
1308 2755 1447 2776 memores
1461 2750 1554 2775 essent
1568 2745 1704 2781 quinqua-

79 2824 104 2841 ²²
119 2823 192 2853 Psal.
208 2831 272 2858 ux,
289 2827 332 2852 13.
369 2823 394 2842 ”
407 2824 479 2852 Gen.
495 2831 572 2858 xxu,
587 2827 598 2852 1
611 2831 687 2860 seqq.
726 2822 748 2841 "
761 2823 833 2852 Psal.
854 2830 949 2858 cxvn,
961 2826 1006 2853 24.
