1910 3077
204 181 238 206 89
704 175 961 203 THEOPHYLACTI
981 174 1160 202 BULGARUE
1179 175 1337 202 ARCHIEP.
1823 174 1854 200 40

201 240 275 275 ginta
309 247 456 267 annorum.
497 239 698 266 Verumtamen
739 237 834 266 dicunt
872 237 1002 274 quidam,

1097 237 1165 266 ελθὸν
1187 238 1292 274 αὐτοῖς,
1312 237 1482 276 ἐμνήσθησαν
1509 239 1560 266 τῶν
1585 237 1748 273 πεντήκοντα
1774 237 1852 265 ἐτῶν.

200 284 458 320 quinquagesimum
465 283 504 310 eis
513 290 616 310 annum
627 282 661 310 ad
672 282 805 310 honorem
816 282 878 310 anni
892 282 1001 310 Jubilai

199 329 306 358 dictum
316 348 324 362 ,
339 336 394 364 quo
412 332 440 356 et
454 335 547 355 servos
561 327 661 356 liberos
680 327 874 362 dimittebant,
893 331 921 354 et
935 335 1001 362 pos—

200 373 337 402 sessiones
357 377 460 408 emptae
474 371 675 406 reddebantur,
698 376 725 400 et
741 372 833 400 omnia
852 372 904 400 alia
918 371 1000 407 perﬁ—

199 418 357 451 ciebantur,
379 425 441 453 quae
456 417 491 445 ad
513 417 649 444 honorem
665 416 716 445 Dei
742 417 889 445 constituta
908 416 940 444 ³⁵.
964 420 1001 445 At

200 462 341 491 Dominus
354 461 418 498 quid
434 461 521 490 dicit?
548 473 560 486 ι
571 465 728 497 Antequam
749 461 891 490 Abraham
911 461 999 495 ﬁeret,

200 515 252 544 ego
267 515 338 535 sum.
359 518 372 531 ιι
394 506 479 541 Vide,
503 515 559 534 non
583 506 663 541 dicit,
679 507 999 542 AntequamiAbraham

201 552 295 587 ﬁeret,
311 560 360 588 ego
372 560 447 580 eram
462 560 469 578 :
483 551 545 586 sed,
559 563 571 576 α
588 559 659 579 sum.
674 563 686 576 ν
700 551 779 579 Istud
790 551 863 579 enim
873 551 997 585 verbum,

203 609 215 622 ιι
231 598 315 631 Sum,
333 608 344 620 ιι
357 599 416 624 Deo
430 596 541 632 proprie
556 595 701 631 convenit,
713 603 746 624 eo
763 596 837 631 quod
853 601 999 632 perpetuus

200 642 237 670 sit
253 645 280 670 et
295 641 493 677 sempiternus,
509 641 536 669 id
558 641 633 677 quod
650 641 703 669 hoc
717 641 831 668 verbum
851 641 996 677 signiﬁcat.

200 688 298 722 Itaque
313 687 394 714 Pater
415 686 474 722 ejus
493 686 521 713 in
537 686 619 713 veteri
645 686 704 721 lege
723 685 774 713 hoc
795 685 877 713 verbo
902 686 997 719 utitur,

203 743 216 756 α
233 733 288 767 Ego
311 739 373 759 sum
387 730 434 766 qui
456 739 517 758 sum
534 731 565 758 ²⁶.
587 742 598 754 ι»
619 732 661 758 De
685 729 822 758 Abraham
843 739 907 758 vero
929 730 999 758 dixit

199 776 295 811 ﬁeret,
314 775 431 808 merito,
450 779 582 811 tanquam
606 775 640 803 de
657 775 839 811 corruptibili.
862 777 932 803 Nam
952 775 998 811 qui

200 820 290 848 factus
313 825 368 853 est.
384 824 411 848 et
431 820 629 855 corrumpitur.
653 819 776 847 Verbum
797 824 890 848 autem
910 822 999 856 Sum,

200 865 320 894 divinam
348 869 376 892 et
398 865 433 892 ab
455 865 530 892 omni
553 864 728 900 corruptione
756 864 873 893 alienam
899 865 999 901 sempi-

199 910 358 938 ternitatem
380 910 524 946 signiﬁcat.
548 911 720 945 Quapropter
748 913 775 937 et
795 909 882 938 Judaei
910 910 999 938 existi-
1015 901 1038 931 Β

201 959 310 982 mantes
330 954 382 982 hoc
403 955 597 989 blaSphemum
617 954 734 982 verbum
760 954 826 990 (soli
845 955 919 982 enim
940 956 997 983 Deo

200 999 347 1032 convenit)
365 1011 376 1023 ιι
389 999 511 1027 tulerunt
531 998 633 1034 lapides
648 1011 660 1023 υ
680 1003 776 1027 contra
795 1007 869 1027 eum.
889 1002 925 1027 At
940 1000 999 1035 ipse

199 1044 296 1072 iterum
307 1043 460 1077 delitescit,
474 1051 503 1072 se
517 1043 679 1078 humiliaus,
691 1052 726 1071 ne
739 1048 801 1072 ante
817 1048 927 1080 tempus
940 1052 999 1072 mo-

199 1089 293 1117 riatur.
309 1088 458 1124 Quomodo
473 1092 566 1116 autem
580 1096 610 1116 se
632 1089 770 1116 occultat?
784 1090 848 1117 Non
868 1089 897 1116 in
910 1097 998 1125 angu-

201 1133 259 1161 lum
279 1133 374 1169 templi
405 1141 434 1161 se
458 1133 590 1169 conjecit,
622 1141 710 1169 neque
743 1134 771 1161 in
800 1134 998 1162 domunculam

201 1178 347 1214 quamdam
362 1178 443 1214 fugit,
457 1186 544 1214 neque
560 1182 622 1214 post
638 1179 771 1213 parietem
785 1179 825 1207 vel
841 1179 997 1206 columnam

201 1230 230 1250 se
251 1223 415 1257 incurvavit,
437 1222 484 1250 sed
499 1229 548 1250 sua
562 1230 663 1258 magna
685 1226 821 1259 potestate
837 1223 1000 1251 invisibilem

201 1267 283 1302 631
305 1275 335 1295 se
350 1266 413 1295 fecit
433 1266 653 1301 insidiatoribus,
669 1267 793 1303 quamvis
810 1275 859 1303 per
873 1267 999 1295 medium

201 1311 312 1339 illorum
325 1311 421 1340 exiret.
439 1312 473 1339 Et
486 1322 498 1334 ιι
512 1311 661 1347 praeterivit
674 1312 713 1339 sic
724 1333 732 1346 ,
750 1323 763 1335 η
777 1311 805 1339 id
817 1315 858 1339 est
873 1312 1000 1339 transivit

201 1356 360 1392 simpliciter
374 1360 402 1384 et
415 1355 516 1391 absque
532 1356 633 1384 labore.
657 1355 727 1384 Vide
747 1361 838 1384 autem
857 1356 999 1392 quomodo

201 1400 259 1436 ipse
274 1401 385 1436 quidem
400 1400 492 1428 omnia
514 1408 576 1436 qua:
596 1400 733 1434 debebat,
757 1401 890 1436 implevit.
928 1402 999 1428 Nam

202 1445 261 1481 ipse
275 1445 388 1481 quidem
400 1445 467 1473 satis
477 1453 526 1473 eos
540 1445 635 1473 docuit
653 1449 680 1473 et
696 1445 731 1473 de
745 1453 775 1473 se
785 1466 792 1479 ,
809 1449 837 1472 et
851 1444 884 1472 de
901 1447 996 1478 Patre,

203 1494 231 1517 et
245 1490 406 1518 monstravit
427 1489 466 1517 eis
481 1490 652 1518 nobilitatem
671 1493 699 1517 et
715 1489 867 1517 libertatem
887 1497 997 1523 veram,

201 1541 263 1570 qua:
286 1542 301 1562 a
325 1534 441 1571 peccatis
465 1535 552 1562 libera
578 1539 637 1568 est,
657 1538 685 1562 et
705 1534 779 1569 quod
803 1534 860 1562 sola
882 1534 999 1562 servitus

1058 282 1134 317 Πλὴν
1149 282 1214 322 φασί
1227 294 1310 318 τινες,
1335 282 1374 311 ὅτι
1387 282 1429 311 διὰ
1444 282 1474 311 τὸ
1493 282 1672 318 πεντηκοστὸν
1692 281 1749 313 ἔτος
1765 282 1854 313 αὐτοῖς

1056 326 1099 355 διὰ
1113 328 1189 364 τιμῆς
1200 326 1324 365 ἄγεσθαι,
1339 327 1384 356 τὸν
1403 326 1547 362 ἰωϐηλαὶόν
1559 339 1628 368 φημι
1647 325 1782 362 ἐνιαυτὸν,
1793 326 1853 354 καθ’

1055 371 1083 400 ὃν
1098 372 1142 401 καὶ
1156 372 1260 405 δούλους
1279 372 1451 411 ἠλευθέρουν,
1469 372 1515 400 καὶ
1537 372 1656 407 κτήσεως
1672 372 1781 406 ὠνητῶν
1803 382 1854 399 παι

1055 415 1205 456 ρεχώρουν⁷
1227 416 1272 445 καὶ
1293 418 1316 445 τ’
1333 416 1402 445 ἄλλα
1422 416 1510 446 πάντα
1527 417 1646 452 ἐτέλουν,
1658 415 1707 446 ὅσα
1723 417 1760 448 εἰς
1779 416 1853 444 Θεοῦ

1053 459 1133 499 τιμὴν
1148 461 1250 500 ἔφερεν.
1268 460 1303 490 ⁸0
1324 461 1351 490 δὲ
1363 461 1460 500 Κύριος
1478 461 1505 490 τί
1520 473 1601 501 gnat;
1619 474 1631 486 ι
1648 460 1716 500 Πρὶν
1729 459 1855 499 Ἀϐραὰμ

1053 505 1174 544 γενέσθαι
1184 529 1191 541 ,
1206 505 1258 544 ἐγώ
1271 507 1336 544 εἶμι.
1351 521 1363 532 ιο
1378 506 1452 546 Ὅρα
1463 528 1471 542 ,
1493 507 1541 535 οὖκ
1561 501 1627 535 εἶπε·
1642 506 1711 544 Πρὶν
1725 504 1853 544 Ἀϐραὰμ

1053 550 1186 589 γενέσθαι,
1213 550 1302 588 ἤμην,
1323 551 1382 580 ἀλλ’
1410 565 1421 577 σι
1442 550 1520 589 Εἰμί.
1540 564 1551 577 ι
1577 550 1652 586 Αὕτη
1677 550 1760 590 γὰρὴ
1782 549 1853 583 λέξις

1053 595 1100 631 τὸ,
1115 609 1126 622 ι
1142 595 1222 633 Εἰμὶ,
1240 608 1251 621 ι
1267 595 1310 624 ἐπὶ
1325 597 1396 625 Θεοῦ
1411 595 1575 635 κυριωτέρα,
1597 595 1644 624 ἅτε
1661 597 1704 624 τοῦ
1721 595 1852 629 διηνεκῶς

1053 635 1118 669 εἶναι
1142 641 1187 669 καὶ
1216 640 1256 669 ἀεὶ
1279 640 1442 677 σημαντική-
1466 640 1556 680 ὥσπερ
1579 635 1624 669 οὖν
1650 640 1695 669 καὶ
1718 641 1732 668 ὁ
1753 638 1852 677 Πατὴρ

1053 686 1132 714 αὐτοῦ
1156 687 1182 714 ἐν
1255 685 1382 726 Παλαιᾷ,
1407 685 1491 723 ταύτῃ
1514 685 1652 724 κέχρηται·
1678 698 1690 710 ι
1705 683 1780 723 Ἐγώ
1794 685 1852 721 εἶμι

1052 731 1066 758 ὁ
1087 729 1134 760 ὤν.
1148 743 1161 755 ιν
1183 729 1248 759 Ἐπὶ
1264 729 1291 758 δὲ
1304 732 1348 758 τοῦ
1369 729 1491 767 Ἀϐραὰμ
1507 724 1564 758 εἶπε
1577 729 1624 765 τὸ,
1640 743 1652 755 ι
1667 729 1794 759 Γενέσθαι
1809 753 1816 762 ,
1835 739 1850 755 ι

1054 775 1176 810 εἰκότως,
1199 775 1234 807 ὡς
1256 777 1382 814 φθαρτοῦ.
1400 775 1440 804 Τὸ
1459 774 1510 813 γὰρ
1527 774 1646 812 γεγονὸς,
1670 774 1715 803 καὶ
1739 773 1850 813 φθείρε-

1054 831 1107 848 ταν
1129 819 1218 854 τὸδὲ,
1244 833 1256 846 τι
1274 819 1354 856 Εἰμὶ,
1375 834 1386 844 ι
1412 819 1501 854 πάσης
1524 821 1621 859 φθορᾶς
1639 818 1780 857 ἆμεθεξίαν
1803 817 1850 846 καὶ

1054 864 1189 899 ἀϊδιότητςι
1203 864 1274 893 θείαν
1296 863 1427 903 ἐμφαίνει.
1456 865 1503 893 Διὸ
1520 863 1564 892 καὶ
1587 864 1661 892 αὐτοὶ
1688 863 1852 903 βλάσφημον

1055 909 1084 938 τὸ
1120 911 1193 948 eam
1227 907 1379 946 νομίσαντες
1410 909 1488 948 (Θεῷ
1515 907 1566 947 γὰρ
1600 909 1672 948 μόνῳ
1707 908 1852 947 ἀρμάξεὼ

1056 968 1067 980 ι
1084 949 1152 993 ἦραν
1177 954 1263 986 λίθους
1281 967 1293 980 υ
1318 955 1360 983 ἐπ’
1377 953 1454 982 αὐτόν
1466 965 1472 971 ³
1498 954 1573 986 αὐτὸς
1591 953 1618 982 δὲ
1635 952 1781 992 κρύπτεται
1798 952 1853 981 πά-

1053 999 1093 1027 λιν
1111 998 1335 1036 συστελλόμενος,
1351 997 1395 1026 ἵνα
1411 997 1448 1035 μὴ
1466 997 1517 1038 πρὸ
1535 1001 1626 1037 καιροῦ
1642 997 1772 1036 ἀποθάνῃ.
1791 998 1854 1030 Πῶς

1054 1043 1080 1072 δὲ
1097 1042 1149 1083 ἄρα
1172 1043 1338 1081 κρύπτεται;
1368 1044 1426 1072 Οὐκ
1443 1043 1478 1076 εἷς
1496 1043 1592 1080 γωνίαν
1615 1046 1659 1072 τοῦ
1682 1044 1751 1081 ἱεροῦ
1776 1043 1852 1070 δεδυ-

1053 1087 1122 1126 κὼς,
1147 1088 1200 1116 οὐδ’
1219 1089 1254 1120 εἰς
1275 1088 1390 1117 οἰκίσκον
1409 1089 1589 1126 καταφυγὼν,
1612 1087 1629 1122 ἢ
1654 1087 1740 1115 ὀπίσω
1760 1087 1853 1125 τοίχου

1054 1133 1098 1161 καὶ
1120 1132 1216 1161 στύλου
1241 1133 1429 1171 περικάμψας,
1454 1133 1512 1160 ἀλλ’
1536 1132 1640 1170 ἐξουσίᾳ
1665 1133 1741 1170 Θεῖκῇ
1770 1131 1854 1170 ἀόρα-

1053 1189 1096 1206 τον
1121 1178 1212 1206 ἑαυτὸν
1241 1180 1294 1209 τοῖς
1321 1176 1519 1206 ἐπιϐουλεύουσι
1551 1176 1736 1211 καταστήσας,
1764 1175 1855 1204 καίτοι

1054 1222 1097 1250 διὰ
1124 1221 1204 1260 μέσου
1231 1221 1315 1250 αὐτῶν
1353 1220 1439 1254 ἐξιών,
1467 1235 1478 1246 ι
1510 1221 1563 1250 Καὶ
1593 1223 1711 1260 παρῆγεν
1734 1220 1815 1249 οὕτω·
1844 1236 1854 1244 -

1053 1266 1191 1303 τουτέστι,
1219 1265 1343 1305 διήρχετο
1368 1266 1458 1297 ἁπλῶς
1490 1266 1559 1295 οὕτω
1584 1265 1630 1294 καὶ
1658 1265 1804 1303 ἀπράκτως
1830 1267 1854 1294 ἐν

1053 1312 1091 1350 τῷ
1115 1313 1186 1343 τέως.
1236 1309 1310 1349 ΕΌροι
1330 1309 1358 1338 δέ
1374 1321 1433 1347 μοι,
1454 1311 1509 1342 πῶς
1533 1310 1609 1342 αὐτὸς
1631 1309 1678 1347 μὲν
1704 1311 1794 1338 πάντα
1822 1309 1857 1338 τὰ

1055 1356 1146 1384 ἑαυτοῦ
1161 1355 1344 1393 πεπλήρωκεν.
1367 1353 1478 1387 Ἱκανῶς
1497 1365 1525 1383 τε
1547 1354 1598 1394 γὰρ
1620 1353 1713 1387 αὖτοὺς
1732 1353 1855 1390 ἐδίδαξε,

1055 1401 1100 1430 καὶ
1128 1400 1189 1439 περὶ
1211 1402 1304 1430 ἑαυτοῦ
1327 1399 1372 1428 καὶ
1397 1403 1443 1428 τοῦ
1472 1399 1590 1439 Πατρὸς,
1623 1399 1669 1428 καὶ
1698 1398 1746 1434 τὴν
1773 1399 1858 1432 ὄντως

1055 1445 1184 1483 εὐγένειαν
1214 1445 1259 1473 καὶ
1288 1444 1434 1483 ἐλευθερίαν
1464 1444 1512 1480 τὴν
1542 1446 1596 1473 ἀπὸ
1625 1446 1677 1473 τῶν
1713 1443 1857 1483 ἁμαρτιῶν

1053 1489 1186 1526 ὑπέδειξε,
1209 1489 1253 1519 καὶ
1269 1489 1307 1518 ὅτι
1332 1490 1399 1526 μόνη
1423 1488 1526 1518 δουλεία
1550 1489 1650 1528 αἰσχρὰ
1665 1490 1682 1523 ἡ
1697 1490 1744 1524 τῆς
1760 1489 1857 1528 ἆμαρ-

1053 1534 1109 1568 τίας
1121 1557 1128 1571 ,
1145 1535 1190 1563 καὶ
1207 1534 1314 1567 ἁπλῶς,
1340 1532 1413 1562 οὐδὲν
1437 1537 1490 1563 τῶν
1505 1533 1615 1563 δεόντων
1639 1533 1780 1572 ἐνέλειψεψ
1808 1535 1856 1562 αὖ·

202 1580 302 1614 peccati
318 1579 390 1607 foeda
409 1588 416 1607 :
431 1584 458 1608 et
470 1579 497 1607 in
510 1587 619 1607 summa
629 1600 637 1612 ,
649 1579 714 1606 nihil
729 1587 825 1606 eorum
839 1587 900 1614 quae
913 1587 998 1615 opor-

1121 1579 1148 1609 δὲ
1181 1578 1226 1608 καὶ
1253 1578 1434 1607 λιθοϐολοῦσιν
1472 1578 1560 1608 αὐτόν.
1596 1579 1644 1608 Διὸ
1671 1578 1716 1607 καὶ
1743 1577 1857 1618 ἀφίησιν

201 1624 288 1658 tebat,
307 1625 415 1660 reliquit
434 1633 441 1652 :
462 1624 500 1652 illi
522 1629 616 1652 autem
638 1623 759 1659 lapidant
775 1631 850 1651 eum.
867 1623 932 1651 ldeo
954 1632 998 1651 re-

201 1669 300 1705 linquit
313 1669 383 1702 illos,
395 1668 458 1705 quia
473 1677 530 1696 non
539 1668 606 1696 ultra
617 1667 817 1695 correctionem
826 1667 996 1703 recipiebant.

204 1713 313 1742 Adnota
338 1717 431 1742 autem
460 1712 537 1748 quod
566 1711 720 1747 lapidantes
747 1712 840 1746 illum,
870 1712 896 1740 hi
923 1717 1000 1740 erant

200 1757 237 1785 de
262 1758 363 1794 quibus
389 1757 458 1785 dixit
484 1756 651 1792 evangelista
679 1757 752 1792 quod
781 1757 946 1785 crediderint
971 1758 1000 1785 in

200 1810 283 1836 eum,
307 1803 346 1830 ita
371 1801 440 1829 fides
461 1801 572 1829 illorum
589 1809 646 1828 non
669 1807 728 1829 erat
751 1802 834 1836 lides,
861 1802 909 1830 sed
932 1807 1001 1830 tem-

200 1847 307 1882 poraria
331 1845 458 1882 quaedam
488 1849 516 1874 et
541 1844 641 1882 frigida
673 1846 783 1875 affectio
810 1848 838 1875 in
866 1847 907 1875 his
940 1855 1001 1883 qua:

204 1891 316 1920 Christo
332 1890 500 1919 dicebantur.

503 1946 625 1974 CAPUT
644 1947 696 1974 IX.

456 1990 492 2011 De
506 1996 564 2012 ceco
574 1997 589 2012 α
600 1990 737 2012 nativitate.

235 2027 325 2054 Vens.
345 2029 374 2060 1,
390 2029 416 2054 2.
433 2037 445 2049 ιι
459 2027 493 2053 Et
504 2026 662 2062 praeteriens
681 2029 761 2054 Jesus
774 2026 843 2054 vidit
859 2026 1003 2055 hominem

201 2079 304 2099 caecum
323 2079 338 2098 a
358 2071 514 2105 nativitate,
534 2075 563 2099 et.
584 2071 826 2105 interrogaverunt
846 2079 909 2099 eum
925 2072 1004 2100 disci.

200 2115 256 2152 puli
274 2115 349 2152 ejus,
366 2115 489 2143 dicentes
506 2125 512 2142 :
530 2115 634 2148 Rabbi,
654 2115 716 2150 quis
733 2116 873 2150 peccavit,
890 2116 949 2149 hic,
967 2125 1003 2145 an

200 2165 326 2196 parentes
349 2160 422 2196 ejus,
443 2164 474 2188 ut
495 2167 586 2188 caecus
608 2163 785 2188 nasceretur?
802 2172 814 2184 ι
831 2160 922 2188 Exivit
936 2162 1000 2197 qui-

197 2205 262 2234 dem
275 2204 310 2233 de
324 2206 428 2241 templo
442 2205 597 2239 Dominus,
614 2208 646 2232 ut
659 2205 737 2232 furor
750 2204 910 2233 Iudaeorum
925 2206 998 2234 miti-

199 2254 311 2286 garetur
327 2260 333 2278 :
356 2249 391 2277 ad
410 2249 565 2277 sanandum
585 2253 678 2276 autem
695 2257 799 2277 caecum
820 2251 998 2285 convertitur,

199 2295 281 2322 etiam
304 2303 351 2330 per
373 2294 426 2322 hoc
447 2294 558 2330 signum
581 2293 711 2322 duritiam
735 2298 762 2322 et
785 2295 1000 2330 impersuasibili-

199 2343 284 2367 tatem
309 2347 406 2367 eorum
428 2339 555 2375 frangere
575 2346 693 2373 conaris,
722 2339 832 2367 tametsi
854 2339 921 2368 nihil
946 2341 999 2369 illis

199 2384 350 2420 prodesset.
377 2384 492 2419 Insuper
507 2388 534 2411 et
559 2383 681 2411 ostendit
703 2383 742 2411 eis
761 2383 836 2419 quod
863 2392 920 2412 non
941 2385 999 2413 sine

199 2436 280 2456 causa
295 2436 385 2464 neque
398 2432 560 2464 arroganter
573 2427 670 2455 dixerit
687 2437 694 2456 :
713 2439 726 2453 «
739 2429 901 2465 Priusquam
914 2431 999 2458 Abra-

201 2473 266 2500 ham
289 2472 380 2506 ﬁeret,
404 2481 455 2509 ego
483 2481 546 2500 sum
559 2472 592 2500 ²’¹.
617 2484 630 2497 ιι
659 2474 728 2501 Ecce
743 2473 817 2501 enim
834 2475 998 2503 miraculum

198 2516 281 2551 facit,
303 2518 382 2553 quale
405 2518 497 2546 nullus
519 2526 641 2554 unquam
666 2519 748 2554 prius.
772 2519 840 2546 Nam
866 2520 915 2548 etsi
940 2521 1000 2556 quis

199 2562 338 2598 aperuerit
354 2563 448 2590 oculos
467 2563 532 2590 caeci
543 2583 550 2596 ,
570 2571 625 2590 non
637 2567 731 2591 tamen
747 2564 814 2592 eieci
828 2564 894 2592 nati.
915 2565 1001 2592 Mani-

196 2606 302 2635 festum
318 2607 402 2643 igitur
414 2607 488 2642 quod
505 2609 577 2636 Deus
590 2608 642 2642 sit,
657 2612 685 2636 et
701 2613 766 2636 ante
781 2608 923 2637 Abraham
935 2630 942 2643 ,
954 2610 1001 2645 qui

198 2651 263 2680 fecit
284 2652 337 2680 hoc
360 2652 436 2688 quod
455 2660 470 2680 a
493 2653 596 2680 saeculo
619 2661 675 2680 non
699 2652 803 2681 factum
823 2658 876 2682 est.
902 2654 1001 2682 Dedita

197 2702 292 2726 autem
313 2705 395 2732 opera
419 2697 453 2725 ad
473 2705 577 2725 cwcum
601 2697 689 2732 venit,
709 2706 767 2726 non
788 2698 831 2726 ille
846 2698 881 2726 ad
901 2699 1001 2734 ipsum.

201 2741 320 2770 Proinde
334 2745 363 2769 et
377 2740 502 2778 discipuli
520 2750 585 2770 cum
605 2742 735 2770 vidissent
748 2750 813 2770 eum
826 2747 883 2770 tam
899 2742 1004 2772 intente

1053 1623 1161 1661 αὐτοὺς,
1185 1626 1220 1656 ὡς
1245 1623 1340 1661 μηκέτι
1369 1623 1529 1662 δεχομένους
1554 1623 1700 1662 διόρθωσιν.
1729 1621 1857 1658 Ἐπεσή-

1054 1680 1120 1707 μηνε
1147 1669 1188 1704 δὲ,
1216 1668 1256 1697 ὅτι
1283 1663 1354 1696 οὗτοι
1373 1669 1395 1696 οἱ
1421 1667 1615 1701 λιθοϐολοῧντες
1648 1667 1743 1702 αὐτὸν,
1777 1668 1857 1697 αὖτοί

1053 1709 1119 1748 ἦσαν
1145 1712 1187 1746 οὓς
1214 1707 1286 1741 εἶπεν
1306 1714 1320 1740 ὁ
1342 1712 1544 1751 εὐαγγελιστὴς,
1571 1712 1620 1742 ὅτι.
1643 1726 1654 1738 ι
1671 1711 1856 1742 Ἐπίστευσαν

1054 1760 1089 1790 εἰς
1112 1758 1199 1786 αὐτόν’
1225 1771 1236 1782 ιι
1260 1757 1340 1789 οὕτως
1365 1757 1415 1796 ἄρα
1441 1759 1456 1792 ἡ
1481 1759 1566 1789 πίστις
1593 1758 1679 1786 αὐτῶν
1704 1757 1733 1786 οὖ
1763 1757 1858 1790 πίστις

1055 1798 1104 1839 ἦν,
1123 1801 1191 1830 ἀλλὰ
1215 1800 1374 1841 πρόσκαιρός
1397 1813 1434 1834 τις
1454 1801 1499 1830 καὶ
1515 1801 1606 1841 ψυχρὰ
1628 1801 1793 1834 συνδιάθεσις
1812 1802 1856 1830 ἐπὶ

1053 1849 1107 1880 τοῖς
1123 1846 1174 1876 ὑπὸ
1189 1847 1303 1886 Χριστοῦ
1325 1845 1485 1884 λεγομένοις.

1348 1937 1493 1966 ΚΕψΑΛ.
1518 1935 1564 1966 ϐ’.

1266 1985 1322 2015 Περὶ
1337 1988 1380 2008 τοῦ
1396 1985 1423 2009 ἐκ
1435 1988 1532 2015 γενετῆς
1545 1986 1641 2016 τυφλοῦ.

1097 2038 1108 2051 ιι
1122 2026 1177 2054 Καὶ
1193 2027 1333 2064 παράγων,
1348 2020 1415 2054 εἶδεν
1432 2026 1567 2065 ἄνθρωπον
1578 2025 1673 2064 τυφλὸν
1690 2025 1719 2054 ἐκ
1732 2028 1854 2063 γενετῆς.

1057 2070 1103 2098 καὶ
1131 2069 1273 2108 ἠρώτησαν
1299 2070 1376 2098 αὐτὸν
1413 2071 1436 2099 οἱ
1463 2071 1581 2108 μαθηταὶ
1615 2071 1695 2099 αὐτοῦ
1724 2069 1856 2108 λέγοντες

1057 2113 1173 2149 (Ραϐϐὶ,
1199 2114 1239 2147 τίς
1263 2114 1398 2154 ἥμαρτεν,
1415 2110 1488 2148 οὗτος
1551 2115 1574 2143 οἱ
1592 2119 1676 2153 γονεῖς
1696 2115 1795 2150 αὐτοῦ,
1812 2115 1856 2143 ἵνα

1055 2159 1149 2198 τυφλὸς
1163 2161 1277 2199 γενηοῇ;
1295 2173 1307 2185 ιι
1323 2159 1424 2192 Ἕξεισι
1440 2159 1486 2198 μὲν
1508 2161 1538 2188 ἐκ
1553 2161 1597 2188 τοῦ
1615 2161 1685 2199 ἱεροῦ
1699 2159 1712 2186 ὁ
1741 2159 1854 2198 Κύριος,

1054 2205 1094 2243 τῷ
1107 2205 1181 2243 θυμῷ
1198 2205 1248 2232 τῶν
1273 2204 1406 2234 Ἰουδαίων
1423 2205 1587 2243 παραψυχήν
1604 2216 1662 2232 τινα
1685 2203 1855 2242 μηχανώμε-

1054 2259 1105 2280 νος·
1129 2247 1173 2276 ἐπὶ
1185 2248 1326 2286 θεραπείαν
1347 2248 1372 2278 δὲ
1395 2251 1439 2277 τοῦ
1464 2250 1561 2288 τυφλοῦ
1583 2247 1724 2288 τρέπεται,
1745 2247 1791 2276 διὰ
1810 2250 1855 2277 τοῦ

1055 2293 1165 2329 σημείου
1190 2293 1282 2322 τούτου
1307 2293 1336 2322 τὸ
1363 2293 1478 2332 σκληρὸν
1508 2294 1594 2322 αὐτῶν
1618 2292 1664 2321 καὶ
1679 2291 1786 2324 ἀπειθὲς
1802 2304 1855 2330 μα-

1056 2338 1160 2366 λάσσων
1171 2359 1179 2374 ,
1198 2339 1220 2367 εἰ
1239 2338 1284 2367 καὶ
1301 2338 1383 2376 μηδὲν
1408 2339 1566 2378 ὠφελοῦντοθ
1583 2337 1678 2378 ἅμαλδὲ
1695 2337 1799 2369 δεικνὺς
1814 2339 1857 2365 αὖ-

1054 2386 1106 2415 τοῖς
1118 2405 1126 2419 ,
1143 2383 1182 2411 ὅτι
1204 2384 1232 2411 οὖ
1247 2383 1352 2420 μάτην,
1366 2382 1424 2412 οὐδὲ
1442 2383 1586 2419 κομπάζων
1596 2403 1604 2415 ,
1625 2376 1683 2410 εἷπε
1702 2381 1741 2410 τό·
1756 2395 1768 2406 ι
1786 2381 1855 2418 Πρὶν

1054 2426 1176 2466 Ἀϐραὰμ
1205 2427 1343 2465 γενέσθαι,
1372 2426 1425 2465 ἐγώ
1455 2428 1521 2465 εἰμι.
1550 2441 1562 2453 ιι
1589 2425 1656 2456 Ἰδοὺ
1681 2425 1732 2465 γὰρ
1762 2428 1855 2463 Θαῧμα

1054 2472 1136 2507 τελεῖ,
1161 2467 1212 2501 οἷον
1229 2471 1312 2505 οὐδεὶς
1331 2472 1439 2501 πώποτε
1464 2471 1604 2511 πρότερον,
1624 2472 1657 2500 Εἰ
1677 2471 1728 2510 γὰρ
1743 2471 1792 2499 καὶ
1808 2482 1855 2499 τυ-

1054 2518 1121 2555 φλοῦ
1147 2516 1297 2557 ὀφθαλμοὺς
1324 2516 1420 2557 ἀνξῳξέ
1441 2528 1499 2555 τις,
1524 2515 1582 2545 ἀλλ’
1608 2517 1637 2545 οὐ
1660 2515 1856 2554 γεγεννημένου

1053 2561 1160 2600 τυφλοῦ·
1184 2561 1315 2601 προφανὲς
1339 2556 1400 2596 οὖν,
1429 2561 1469 2590 ὅτι
1499 2562 1535 2594 ὡς
1563 2560 1631 2593 Θεὸς
1657 2559 1703 2589 καὶ
1729 2559 1783 2599 πρὸ
1811 2563 1857 2589 τοῦ

1053 2605 1175 2644 Ἀϐραὰμ
1196 2605 1250 2642 ὢν,
1274 2607 1343 2634 τελεὶ
1371 2609 1448 2635 τοῦτο
1475 2605 1504 2634 τὸ
1533 2605 1617 2644 μήπω
1645 2604 1670 2639 ἐξ
1695 2605 1793 2637 αἰῶνος
1819 2617 1858 2634 τε·

1059 2650 1160 2679 λισθέν.
1186 2650 1327 2687 Ἒπίτηδες
1355 2651 1400 2680 καὶ
1432 2650 1476 2679 ἐπὶ
1497 2651 1542 2680 τὸν
1566 2650 1662 2690 τυφλὸν
1685 2645 1780 2685 ἦλθεν,
1812 2651 1857 2678 οὐκ

1059 2697 1154 2729 ἐκεῖνος
1170 2695 1233 2735 πρὸς
1249 2695 1338 2726 αὐτόν.
1362 2695 1442 2725 Οὕτω
1458 2698 1521 2734 γοῦν
1536 2695 1582 2725 καὶ
1603 2697 1626 2724 οἱ
1646 2693 1766 2732 μαθηταὶ
1783 2694 1855 2724 ἰδόν-

1057 2752 1098 2773 τες
1118 2740 1196 2770 αὐτὸν
1221 2742 1400 2781 προσεκτιχῶς
1420 2740 1591 2780 ἐμϐλέψαντα
1611 2741 1649 2780 τῷ
1667 2740 1776 2779 τυφλῷ,
1793 2741 1857 2780 ἐρωη

236 2818 257 2834 ’⁵
276 2817 362 2845 Levit.
374 2825 478 2853 xxvu,
494 2822 540 2853 24,
553 2826 631 2854 seqq.
649 2818 671 2835 ²⁶
686 2817 773 2846 Exod.
792 2826 842 2853 ut,
862 2819 936 2848 14,³⁷
948 2822 1030 2849 Joan.
1048 2829 1117 2855 vni,
1133 2824 1177 2849 58.
