1910 3077
55 174 84 201 41
447 173 641 201 ENARRATIO
663 174 694 201 lN
714 174 927 203 EVANGELIUM
945 175 1094 204 JOANNIS.
1115 192 1150 197 —
1169 178 1244 206 CAP.
1267 179 1308 206 IX.
1665 180 1698 207 42

54 237 129 264 τῶσι·
154 235 203 268 Τίς
230 234 365 274 ἥμαρτεν,
389 230 463 269 οὗτος
485 234 502 270 ἢ
525 237 548 265 οἳ
571 240 654 274 γονεῖς
683 237 776 273 αὐτοῦ,
801 237 843 267 ἵνα

924 243 1073 267 ιεοῐθηιοηι
1088 247 1203 273 caecum,
1218 239 1390 275 interrogant
1405 250 1411 266 :
1429 251 1443 266 ιι
1459 241 1528 275 Quis
1549 242 1693 276 peccavit?

56 280 150 317 τυφλὸς
160 282 271 318 γεννηθῇ
283 289 291 317 ;
302 293 313 305 ιι
321 279 453 309 Φαίνεται
465 276 570 323 μὲν-οὖν
580 282 596 315 ἡ
608 280 737 320 ἐρώτησις
751 284 850 323 ἐσφαλ-

56 325 131 362 μένη.
160 326 220 357 Πῶς
235 323 285 364 γὰρ
308 325 340 353 ἂν
364 323 483 362 ἥμαρτεν
499 320 572 357 οὗτος
594 325 655 363 πρὶν
679 320 851 366 γεννηθῖξναη

58 371 97 398 Οὐ
120 368 173 408 γὰρ
190 368 274 403 δήπου
289 368 465 408 παρεδέξαντο
486 370 510 398 οἱ
526 369 669 399 ἀπόστολοι
685 371 731 404 τὰς
749 371 849 409 Ἑλλη-

56 414 126 458 νιξιὰς
141 413 285 453 φλυαρίας,
298 412 338 442 ὅτι
353 416 369 449 ἡ
385 414 457 453 ψυχὴ
471 414 522 452 πρὸ
530 417 580 458 τοῦ
597 414 720 452 σώματος
735 417 761 444 ἓν
777 417 850 458 ἄλλῳ

55 457 147 498 κόσμῳ
167 458 314 496 διάγουσαι,
335 457 501 496 ἁμαρτάνει,
520 454 566 487 εἶθ’
580 458 649 488 οὕτω
663 459 773 490 χόλασίν
790 454 848 492 τινα

54 503 150 538 ταύτην
166 502 316 531 ἀποτιννύει
331 502 378 538 τὴν
394 503 436 531 ἐπὶ
452 503 482 532 τὸ
498 504 578 540 σῶμα
603 503 724 534 κάθοδον.
754 505 849 542 Ἁλιεῖς

55 546 105 586 γὰρ
133 546 207 580 ὄντες
244 546 304 577 οὐδὲ
330 547 447 583 ἤκουσαν
470 547 500 576 ἂν
529 548 645 577 τοιοῦτον
670 561 714 585 τι,
749 551 849 581 ἐπείτοι

53 594 137 620 ταῦτα
152 593 206 621 τῶν
225 592 374 632 φιλοσόφων
398 591 433 620 τὰ
448 592 578 631 δόγματα.
612 593 745 623 Φαίνεται
760 596 848 626 τοίνυν

55 635 161 672 ἀνόητος
172 639 189 671 ἡ
205 637 342 675 ἐρώτησις,
358 637 416 665 ἀλλ’
430 638 459 666 οὐ
470 640 507 677 τῷ
525 649 555 675 γε
565 638 736 677 προσέχοντι.
770 641 849 671 Μάν-

53 683 112 710 θανε
127 681 189 720 γάρ·
214 682 238 710 οἱ
257 682 398 710 ἀπόστολοι
421 682 562 716 ἀκούοντες
582 686 627 712 τοῦ
652 685 767 722 Χριστοῦ
784 686 850 726 πρὸς

54 725 96 754 τὸν
111 727 267 765 παράλυτον
284 727 418 762 εἰπόντος,
439 741 450 752 ι
472 727 529 756 Ἰδε
554 727 627 766 ὑγιὴς
648 729 774 768 γέγονας,
796 743 848 768 μη-

54 770 109 799 κέτι
122 771 280 809 ἁμάρτανε,
302 769 345 800 ἴνα
362 770 399 808 μὴ
416 771 504 811 χεῖρόν
520 771 544 800 τί
559 783 600 801 σοι
617 772 747 812 γένηται,
765 788 776 799 ιι
790 776 847 805 ἐπεὶ

53 814 95 844 τὸν
115 816 215 854 τυφλὸν
240 811 326 853 εἶδον,
352 818 499 855 ἀποροῦσι,
528 817 573 845 καὶ
596 818 710 856 ὡσπερεὶ
737 821 846 850 τοιαῦταί

53 871 140 900 φασιν·
156 859 253 890 Ἔστω
269 862 366 894 ἐκεῖνος
380 861 412 889 δι’
427 861 609 900 ἁμαρτήματα
626 863 773 901 παρελύθη·
787 865 846 904 περὶ

52 904 143 934 τούτου
161 905 188 934 τί
205 905 236 934 ἂν
259 905 359 942 cinere;
380 905 462 939 Αὐτὸς
484 905 627 945 ἥμαρτεν;
643 908 704 936 ἀλλ’
715 909 762 937 οὐκ
775 909 846 938 ἔστιν

53 949 142 978 εἰπεῖν·
168 951 198 979 ἐκ
214 952 320 988 γενετῆς
335 951 386 990 γάρ
408 951 464 981 ἐστι
489 951 595 989 τυφλός.
621 951 695 981 Ἀλλ’
719 955 743 982 οῖ
763 955 848 992 γονεῖς

52 995 146 1030 αὐτοῦ,
163 995 227 1023 ἀλλ’
243 995 300 1023 οὐδὲ
317 997 403 1024 τοῦτο’
436 999 498 1028 παῖς
523 996 574 1034 γὰρ
602 996 668 1036 ὑπὲρ
696 998 796 1037 πατρὸς
810 1000 846 1036 ίοῦ

53 1039 203 1073 κολάζεται.
221 1040 261 1068 Οὐ
275 1042 399 1069 τοσοῦτον
424 1035 468 1069 οὖν
486 1035 660 1079 ἐρωτῶντες,
671 1042 730 1070 ὅσον
747 1035 845 1072 διαπνο-

53 1085 154 1123 ροῦντες
168 1106 176 1119 ,
194 1087 280 1113 ταῦτα
296 1083 427 1123 λέγουσιν.
443 1083 477 1114 ’0
492 1085 578 1114 τοίνυν
602 1084 698 1124 Κύριος
710 1086 779 1116 λύων
795 1089 845 1116 αὖ·

51 1132 102 1161 τοῖς
126 1127 174 1164 τὴν
200 1129 330 1168 ἀπορίαν,
355 1128 444 1168 φησίν·
472 1143 484 1154 σι
500 1129 571 1159 Οὔτε
598 1126 670 1163 οὗτος
693 1130 816 1171 ἥμαρτε,
835 1146 846 1159 ι

54 1173 128 1210 (πῶς
142 1173 195 1214 γὰρ
213 1173 275 1213 πρὶν
299 1173 317 1208 ἢ
330 1175 504 1211 γεννηθῆναι;
518 1177 526 1211 )
548 1188 559 1200 α
575 1173 634 1204 οὔτε
650 1176 673 1204 οἱ
692 1180 775 1214 γονεῖς
795 1178 844 1206 αὐ-

51 1220 106 1247 τοῦ.
119 1219 179 1248 Οὐκ
193 1217 372 1247 ἀπαλλάττων
386 1218 413 1247 δὲ
432 1218 526 1252 αὐτοὺς
541 1219 754 1259 ἁμαρτημάτων,
768 1222 844 1250 τοῦτό

51 1273 138 1302 φησιν.
163 1263 206 1292 Οὐ
231 1264 282 1302 γὰρ
307 1263 398 1295 ἁπλῶς
425 1259 514 1301 εἶπεν,
537 1263 578 1293 ὅτι
602 1266 663 1303 Οὐχ
688 1264 808 1303 ἥμαρτον
823 1267 846 1295 οἱ

51 1308 150 1349 γονεῖς,
169 1307 239 1336 ἀλλὰ
260 1308 434 1346 προσέθηκεν·
450 1322 463 1334 κ
485 1308 546 1338 Ἵνα
570 1309 667 1347 τυφλὸς
682 1312 807 1349 γεννηθῇ.
835 1324 846 1337 υ

49 1348 192 1391 ⁸⁷Ημαρτον
206 1352 253 1390 μὲν
266 1352 318 1392 γὰρ
337 1354 361 1381 οἱ
379 1353 461 1391 γονεῖς
482 1354 575 1389 αὐτοῦ,
590 1355 649 1382 ἀλλ’
663 1355 709 1382 οὖιι
728 1348 845 1384 ἐντεῗιοεν

52 1398 68 1431 ἡ
83 1396 202 1436 πήρωσις
218 1395 313 1436 τούτῳ.
334 1398 375 1426 Οὐ
390 1396 441 1436 γὰρ
456 1397 590 1437 ἁμαρτίας
606 1397 730 1438 πατέρων
744 1399 846 1429 δίκαιόν

53 1441 106 1469 ἐστι
131 1441 210 1470 παισὶ
234 1441 316 1478 μηδὲν
336 1442 470 1470 ἀδικοῦσιν
495 1442 668 1472 ἐπιτίθεσθαι.
695 1443 747 1472 Καὶ
768 1447 847 1474 τοῦτο

53 1487 66 1514 ὁ
79 1486 146 1518 Θεὸς
159 1485 278 1514 διδάσκει
295 1485 342 1523 μὲν
353 1486 395 1514 διὰ
409 1486 548 1522 Ἰεζεχιὴλ,
563 1487 632 1516 οὕτω
653 1487 746 1526 λέγων·
763 1503 775 1514 ι
787 1490 847 1519 Οὐχ

53 1529 125 1559 ἔσται
139 1532 155 1565 ἡ
173 1529 318 1569 παραϐολὴ
343 1530 410 1566 αὕτη
428 1530 466 1559 ἔτι
481 1534 498 1566 ἡ
519 1531 661 1570 λεγομένη·
683 1534 718 1562 υἱ
736 1535 847 1573 πατέρες

54 1574 147 1615 ἔφαγον
163 1574 275 1615 ὄμφακα
286 1601 292 1613 ,
315 1575 360 1604 καὶ
379 1577 403 1605 οἱ
420 1576 521 1610 ὀδόντες
537 1579 590 1606 τῶν
608 1577 706 1606 τέκνων
728 1579 848 1617 ᾑμωδία-

54 1630 110 1648 σαν·
131 1633 142 1645 ι
157 1622 292 1657 νομοθετεῖ
309 1619 336 1650 δὲ
356 1620 402 1649 καὶ
427 1621 469 1650 διὰ
493 1621 622 1654 Μωσέως’
637 1637 649 1649 ιι
665 1624 724 1652 Οὐκ
746 1625 847 1653 ἀποθα-

53 1668 134 1693 νεῖται
144 1663 236 1703 πατὴρ
253 1663 320 1708 ύπὲρ
337 1665 440 1695 τέκνου.
460 1679 471 1691 η
487 1665 584 1702 Ἀλλὰ,
601 1667 653 1696 Καὶ
670 1669 745 1703 πῶς,
760 1669 845 1708 φησὶ,

53 1707 210 1748 γέγραπται·
226 1722 238 1735 ι
253 1707 413 1743 Ἀποδιδοὺς
429 1710 561 1749 ἁμαρτίας
583 1711 681 1750 γονέων
697 1713 742 1741 ἐπὶ
765 1707 846 1742 τέκνα

55 1753 96 1782 ἐπὶ
109 1754 202 1793 τρίτην
222 1753 267 1782 καὶ
282 1754 410 1791 τετάρτην
425 1755 532 1792 γενεάν,
548 1769 560 1780 ι-
577 1754 672 1785 ’Ίέστιν
692 1751 736 1785 οὖν
751 1758 846 1797 εἰπεῖν,

53 1797 91 1826 ὅτι
105 1799 213 1837 πρῶτον
229 1799 290 1836 μὲν,
304 1798 362 1828 οὐδὲ
383 1800 508 1835 καθολική
533 1801 604 1828 ἐστιν
622 1800 688 1836 αὕτη
706 1803 723 1836 ἡ
744 1802 848 1842 ἀπόφα-

54 1854 90 1876 σις
101 1865 109 1879 ,
126 1842 186 1871 οὐδὲ
203 1843 271 1871 κατὰ
287 1844 394 1872 πάντων
414 1845 542 1883 ῥηθεῖσα,
563 1844 632 1874 ἀλλὰ
653 1845 740 1884 μόνων
756 1848 808 1875 τῶν
821 1847 846 1880 ἐξ

54 1887 189 1926 Αἰγύπτου
214 1887 377 1921 ἐξελθόντων.
403 1886 520 1918 Ἔπειτα
545 1890 641 1918 σκόπει
664 1901 711 1929 μοι
736 1890 781 1919 καὶ
801 1891 845 1920 τὸν

53 1934 110 1975 [οὖν
124 1934 170 1968 τῆς
188 1933 359 1972 ἀποφάσεως.
376 1935 417 1963 Οὐ
432 1933 482 1973 γὰρ
498 1934 575 1964 τοῦτό
592 1946 688 1974 φησιν,
705 1934 745 1964 ὅτι
763 1935 848 1975 Ὑπὲρ

54 1972 87 2005 ὧν
107 1975 227 2014 ἥμαρτον
242 1979 266 2007 οἱ
290 1977 416 2017 πατέρες,
442 1972 601 2013 κολάζονται
614 1981 638 2008 οἱ
654 1980 746 2012 παῖδες
757 2003 765 2016 ,
788 1972 848 2009 ἀλλ’

55 2021 93 2050 ὅτι
109 2022 141 2051 ΑΞ
163 2021 293 2060 ἁμαρτίαι
319 2023 370 2051 τῶν
384 2023 524 2062 πατέρων,
552 2023 704 2060 τουτέστιν,
728 2026 755 2053 αἱ
782 2025 848 2061 ὑπὲρ

54 2067 104 2094 τῶν
124 2066 329 2105 ἁμαρτημάτων
347 2068 471 2101 κολάσεις
494 2069 704 2104 ἆποδοθήσονται
728 2070 774 2098 καὶ
796 2074 848 2103 τοῖς

55 2109 143 2139 παισὶν
165 2111 252 2140 αὐτῶν
266 2134 273 2147 ,
296 2113 330 2144 ὡς
344 2111 378 2140 τὰ
393 2112 473 2150 ὅμοια
494 2113 763 2151 πεπλημμεληκόσιν.
787 2113 848 2144 Ἵνα

55 2155 104 2194 γὰρ
119 2154 156 2193 μὴ
176 2155 318 2193 νομίζωσιν
334 2157 355 2185 οἱ
379 2155 404 2190 ἐξ
429 2157 564 2196 Αἰγύπτου
588 2157 747 2195 ἐξελθόντες,
770 2158 809 2188 ὅτι
827 2159 848 2188 εἷ

907 283 963 315 hic,
978 284 1018 311 vel
1034 289 1158 320 parentes
1172 284 1241 319 ejus,
1256 289 1287 311 ut
1305 292 1394 312 caecus
1407 287 1580 312 nasceretur?
1595 297 1608 309 ι
1625 286 1697 314 Nam

904 333 1014 364 apparet
1039 329 1148 364 quidem
1176 329 1353 365 interrogatio
1388 328 1523 364 frigidior.
1550 330 1698 364 Quomodo

904 373 978 401 enim
994 378 1133 409 peccasset
1145 374 1307 410 priusquam
1325 375 1499 402 nasceretur?
1514 375 1607 409 Neque
1623 375 1698 402 enim

903 419 1018 453 apostoli
1037 419 1155 452 gentiles
1193 426 1278 454 nugas
1309 423 1481 454 receperunt.
1507 417 1581 454 quod
1609 419 1699 446 anima

903 467 966 490 ante
980 471 1079 499 corpus
1091 463 1118 490 in
1129 463 1180 491 alio
1196 463 1302 490 mundo
1315 471 1427 491 versans
1439 467 1543 498 peccet,
1559 471 1591 490 ac
1601 462 1700 491 deinde

903 515 1015 542 poenam
1041 507 1190 544 quamdam
1212 508 1326 544 recipiat
1349 508 1375 535 in
1395 516 1497 543 corpus
1516 507 1697 535 descendens.

904 552 1058 580 Piscatores
1072 552 1144 580 enim
1157 560 1221 580 cum
1234 557 1335 586 essent,
1353 560 1442 588 neque
1456 552 1620 580 audiverant
1643 552 1698 580 tale

903 596 1052 632 quiddam,
1069 598 1133 633 quia
1145 597 1203 625 haec
1225 597 1453 632 philosophorum
1464 596 1596 632 dogmata
1609 600 1696 624 erant.

904 641 1017 669 Videtur
1040 642 1123 677 igitur
1152 641 1281 677 insipiens
1308 642 1432 677 qlizestio,
1455 642 1502 669 sed
1527 649 1583 669 non
1612 641 1636 668 ei
1650 641 1698 677 qui

901 686 1027 714 attendit.
1041 687 1121 714 Disce
1143 686 1215 714 enim
1230 686 1303 722 quod
1322 686 1449 722 apostoli,
1466 686 1573 714 dicente
1593 686 1700 714 Christo

901 731 935 759 ad
951 732 1140 768 paralyticum,
1155 743 1167 756 υ
1194 733 1263 759 Ecce
1283 739 1367 759 sanus
1381 731 1471 759 factus
1485 739 1524 764 es,
1549 740 1605 759 non
1628 732 1698 760 ultra

902 784 1006 811 pecces,
1030 781 1062 804 ut
1090 785 1124 804 ne
1146 776 1267 804 deterius
1297 776 1427 812 quiddam
1450 776 1497 804 tibi
1524 776 1582 809 ﬁat,
1614 788 1626 800 π
1654 776 1699 804 ubi

899 829 1003 848 caecum
1028 821 1162 854 viderunt,
1180 821 1352 854 dubitabant,
1368 825 1395 848 et
1408 821 1484 856 quasi
1501 821 1566 848 talia
1578 820 1674 848 dicunt
1690 831 1697 848 :

902 866 970 893 Esto
994 866 1039 893 ille
1067 869 1179 902 propter
1209 870 1318 901 peccata
1354 866 1519 902 paralyticus
1547 865 1646 899 fuerit;
1665 865 1699 893 de

902 910 955 938 hoc
968 918 1034 938 vero
1053 910 1118 946 quid
1132 910 1255 938 dixeris?
1269 910 1400 946 Nunquid
1416 911 1473 946 ipse
1487 911 1625 946 peccavit?
1646 909 1700 938 Sed

902 954 954 982 hoc
976 955 1067 982 dicere
1081 963 1138 982 non
1157 959 1245 990 potes,
1261 963 1326 982 nam
1341 963 1355 982 a
1371 955 1518 982 nativitate
1538 962 1627 983 caecus
1647 959 1696 982 est.

903 1001 975 1027 Num
1002 1003 1127 1036 parentes
1146 999 1222 1034 ejus?
1249 999 1301 1027 Sed
1328 1008 1417 1035 neque
1442 999 1508 1032 hoc;
1536 1007 1594 1026 non
1621 999 1699 1026 enim

901 1044 971 1071 ﬁlius
984 1052 1033 1079 pro
1045 1048 1120 1078 patre
1134 1044 1255 1079 punitur.
1272 1044 1358 1077 Igitur
1372 1051 1427 1070 non
1440 1047 1498 1071 tam
1515 1044 1696 1077 interrogant,

901 1097 985 1124 quam
998 1089 1082 1124 632
1093 1088 1245 1116 dubitando
1255 1088 1314 1116 haec
1327 1088 1432 1116 dicunt.
1447 1091 1482 1116 At
1495 1088 1629 1116 Dominus
1641 1088 1699 1116 sol-

901 1141 965 1161 vens
977 1133 1091 1161 dubium
1102 1133 1225 1165 illorum,
1239 1133 1304 1160 dicit
1318 1142 1324 1160 :
1340 1144 1352 1156 ιι
1370 1133 1463 1168 Neque
1475 1132 1520 1160 hic
1533 1133 1665 1168 peccavit,
1683 1144 1696 1156 ιι

902 1181 977 1211 (nam
994 1178 1136 1214 quomodo
1160 1182 1297 1213 peccasset
1318 1177 1477 1213 priusquam
1502 1179 1698 1211 nasceretur?),

903 1234 916 1247 ι
930 1230 1019 1258 neque
1034 1226 1162 1257 parentes
1176 1222 1244 1258 ejus.
1262 1234 1275 1246 ν
1292 1223 1353 1250 Non
1369 1221 1434 1249 dicit
1448 1225 1542 1249 autem
1559 1221 1610 1249 hoc
1625 1221 1699 1257 quod

901 1267 1056 1295 liberaverit
1075 1275 1121 1294 eos
1151 1275 1166 1294 a
1189 1266 1309 1302 peccatis
1334 1275 1342 1294 :
1364 1274 1422 1294 non
1445 1266 1518 1294 enim
1534 1266 1696 1301 simpliciter

901 1312 969 1340 dixit
983 1311 1057 1347 quod
1078 1312 1140 1339 Non
1161 1315 1345 1347 peccaverunt
1365 1315 1505 1346 parentes.
1521 1311 1568 1338 sed
1583 1310 1699 1344 addidit,

903 1368 915 1381 ι
930 1358 969 1385 Ut
982 1364 1071 1384 caseus
1093 1360 1258 1383 nasceretur.
1283 1367 1295 1380 ι
1313 1357 1380 1383 Nam
1396 1360 1575 1391 peceaverant
1589 1355 1698 1391 quidem

901 1405 1027 1438 parentes
1039 1401 1108 1436 ejus,
1118 1400 1166 1428 sed
1178 1408 1231 1428 non
1242 1400 1376 1428 indehuic
1388 1400 1506 1428 caecitas.
1519 1401 1613 1435 Neque
1623 1400 1697 1427 enim

897 1446 1004 1482 justum
1030 1449 1072 1473 est
1086 1449 1197 1481 propter
1219 1449 1365 1481 parentum
1388 1449 1499 1480 peccata
1514 1443 1598 1479 afﬂigi
1613 1444 1694 1476 ﬁlios,

901 1491 946 1526 qui
961 1498 1018 1517 non
1031 1490 1130 1526 injuste
1145 1493 1229 1525 agunt
1245 1499 1252 1517 ς
1267 1494 1294 1517 et
1312 1489 1365 1517 hoc
1380 1490 1452 1516 Deus
1472 1489 1553 1516 docet
1568 1497 1615 1523 per
1630 1490 1696 1516 Eze-

901 1535 1031 1567 chielem,
1047 1535 1159 1562 dicens:
1178 1546 1190 1558 ιι
1204 1535 1267 1562 Νοι]
1279 1534 1330 1562 erit
1345 1533 1463 1568 amplius
1479 1533 1538 1561 haec
1558 1533 1698 1568 parabola,

903 1587 954 1615 qua
964 1579 1064 1607 dicitur
1079 1588 1085 1606 ε
1103 1581 1198 1607 Patres
1212 1579 1394 1606 comederunt
1406 1586 1489 1605 uvam
1511 1578 1648 1608 acerbam,
1671 1581 1699 1605 et

899 1623 993 1652 dentes
1006 1624 1124 1652 ﬁliorum
1135 1623 1334 1659 obstupescunt
1348 1623 1382 1650 ³⁸.
1399 1634 1412 1646 ι
1425 1624 1527 1658 Legem
1543 1623 1609 1649 item
1622 1622 1700 1657 ponit

901 1673 928 1697 et
943 1677 990 1704 per
1007 1670 1100 1695 Mosen
1116 1678 1122 1695 :
1150 1680 1162 1692 οι
1180 1670 1241 1696 Non
1256 1668 1391 1695 morietur
1408 1671 1485 1702 pater
1499 1675 1548 1702 pro
1563 1667 1618 1694 ﬁlio
1630 1666 1661 1693 ’9.
1682 1678 1694 1690 ιι

901 1713 966 1745 Sed.
986 1713 1085 1741 dixerit
1103 1713 1174 1749 quis,
1197 1712 1339 1748 quomodo
1358 1713 1491 1747 scriptum
1508 1711 1582 1747 quod
1599 1711 1696 1738 reddat

903 1770 915 1782 ε
942 1762 1052 1794 peccata
1081 1763 1189 1793 patrum
1213 1759 1240 1784 in
1256 1757 1326 1784 ﬁlios
1350 1757 1378 1784 in
1394 1756 1504 1784 tertiam
1524 1760 1551 1783 et
1571 1760 1698 1792 quartam

901 1803 1104 1838 generationem
1121 1802 1162 1830 3°?
1185 1814 1196 1826 ιι
1214 1801 1366 1828 Dicendum
1382 1801 1465 1836 igitur
1479 1800 1553 1836 quod
1576 1800 1698 1835 primum

900 1847 1011 1882 quidem
1032 1854 1088 1873 non
1114 1847 1150 1873 sit
1184 1845 1318 1881 generalis
1342 1844 1401 1872 haec
1427 1844 1574 1876 sententia,
1608 1851 1700 1879 neque

901 1894 995 1918 contra
1022 1897 1116 1917 omnes
1143 1889 1226 1923 dicta,
1249 1888 1296 1916 sed
1331 1888 1421 1915 solum
1450 1892 1545 1914 contra
1573 1895 1620 1914 eos
1650 1887 1697 1922 qui

901 1934 1003 1971 egressi
1018 1938 1083 1961 sunt
1103 1933 1137 1960 de
1150 1934 1275 1968 Aigypto.
1297 1932 1414 1967 Insuper
1437 1930 1549 1959 attende
1571 1934 1698 1958 mentem

900 1979 1055 2008 sententiae.
1081 1979 1144 2006 Non
1158 1977 1233 2005 enim
1256 1976 1309 2004 hoc
1320 1976 1397 2009 dixit,
1418 1975 1492 2011 quod
1506 1977 1559 2003 Pro
1580 1974 1700 2010 peccatis

901 2028 1011 2060 patrum
1034 2024 1183 2058 puniuntur
1206 2021 1262 2055 ﬁlii,
1277 2021 1326 2049 sed
1347 2020 1421 2057 quod
1436 2022 1550 2048 Peccata
1575 2025 1699 2055 patrum,

902 2069 956 2097 hoc
968 2073 1009 2096 est
1024 2075 1112 2103 poenae
1130 2075 1179 2103 pro
1202 2066 1320 2102 peccatis
1346 2065 1498 2100 irrogandae
1524 2068 1590 2092 sunt
1613 2064 1698 2092 etiam

901 2114 965 2141 ﬁliis
990 2113 1124 2149 ipsorum,
1147 2115 1241 2147 utpote
1274 2110 1316 2138 bis
1331 2109 1376 2146 qui
1405 2109 1504 2136 similia
1524 2108 1699 2143 deliquerint.

903 2159 972 2186 Nam
992 2161 1022 2185 ut
1044 2165 1078 2184 ne
1089 2160 1185 2192 putent
1211 2155 1239 2183 hi
1255 2155 1300 2190 qui
1316 2163 1347 2182 ex
1361 2155 1478 2190 Egypto
1492 2153 1596 2189 egressi
1625 2156 1700 2187 sunt,

55 2199 98 2228 καὶ
116 2199 199 2240 χείρω
214 2201 266 2229 τῶν
292 2200 415 2240 πατέρων
438 2202 652 2242 ἁμαρτήσουσιν,
671 2204 700 2232 οὗ
717 2205 770 2236 τοῖς
796 2204 844 2232 αὖ·

924 2202 978 2230 uod
995 2201 1122 2237 quamvis
1143 2200 1251 2236 gravius
1272 2199 1445 2235 peccaverint
1458 2206 1540 2234 quam
1564 2201 1701 2232 parentes,

55 2247 107 2276 τοῖς
125 2245 367 2284 τιμωρηθήσονται·
389 2247 487 2285 φησὶν,
505 2245 545 2276 ὅτι
571 2248 633 2286 Οὐχ
655 2247 738 2281 οὕτως
758 2248 849 2285 ἔσται,

57 2287 114 2332 ἄλλ’
131 2291 160 2318 αἱ
183 2289 314 2329 ἁμαρτίαι
337 2291 388 2319 τῶν
404 2293 542 2330 πατέρων,
567 2292 626 2327 ἤτοι
643 2293 669 2321 αἱ
686 2292 787 2332 ποιναὶ,
805 2293 849 2322 καὶ

58 2331 95 2371 ἐρ’
110 2334 180 2371 ὑμᾶς
195 2333 363 2371 ἐλεύσονται,
377 2334 416 2364 ὅτι
435 2336 472 2374 μή
495 2336 612 2375 βελτίους
631 2337 749 2375 ἐγένεσθε
759 2360 766 2373 ,
781 2337 850 2367 ἀλλὰ

57 2376 88 2405 τὰ
101 2377 166 2406 αὐτὰ
178 2401 187 2414 ,
203 2378 220 2414 ἢ
235 2379 280 2408 χαὶ
302 2379 384 2419 χείρω
404 2381 663 2419 πεπλημμελήχατε.
692 2383 724 2411 Εἰ
741 2383 767 2411 δὲ
785 2382 848 2421 βλέ-

57 2431 112 2454 πεις
126 2423 256 2456 πολλάκις
279 2424 325 2452 καὶ
349 2424 431 2459 νήπια
454 2425 624 2465 ἁρπαζόμεναι
636 2448 643 2462 ,
663 2426 705 2455 διὰ
720 2426 850 2466 τιμωρίαν

57 2465 130 2500 δῆθεν
145 2466 258 2506 γονέων,
281 2469 341 2497 ἀλλ’
362 2464 391 2498 εὖ
407 2464 479 2505 ἴσθι,
494 2470 536 2499 ὅτι
561 2471 604 2500 διὰ
620 2464 820 2510 φιλανθρωπίαν
837 2472 851 2500 ὁ

57 2510 122 2544 Θεὸς
138 2513 303 2552 προαρπάζει
326 2517 410 2543 ταῦτα
432 2517 477 2544 τοῦ
501 2515 568 2555 βίου·
582 2517 625 2544 ἵνα
650 2515 687 2554 μὴ
715 2515 849 2552 ζήσαντα,

55 2555 134 2595 χείρω
150 2559 202 2586 τῶν
216 2557 313 2596 γονέων
328 2558 476 2598 γένωνται,
495 2559 540 2588 καὶ
565 2560 608 2590 ἐπὶ
629 2562 704 2600 κακῷ
719 2563 766 2596 τ’ἤς
783 2562 848 2590 ἑαυ-

57 2601 106 2628 τῶν
130 2603 218 2641 ψυχῆς
241 2601 321 2637 ἢχαὶ
346 2603 433 2633 ἄλλων
459 2605 566 2634 πολλῶν
593 2604 737 2644 βιώσωσιν.
770 2605 851 2635 Ἀλλὰ

57 2647 140 2674 ταῦτα
165 2645 212 2684 μὲν
245 2649 261 2682 ἡ
291 2649 342 2676 τῶν
366 2648 441 2678 θείων
474 2649 612 2689 χριμάτων
642 2649 757 2684 ἄϐυσσος
786 2651 850 2690 παρ’

58 2689 138 2729 ἑαυτῇ
153 2689 208 2730 ἔχει
222 2691 374 2732 καλύψασα·
393 2695 471 2732 ἡμεῖς
487 2694 514 2723 δὲ
530 2694 574 2723 ἐπὶ
590 2694 624 2724 τὰ
641 2694 699 2731 ἑξῆς
715 2694 808 2734 ἴωμεν.

99 2747 110 2760 ι
127 2736 266 2776 Ἀπεκρίθη
291 2739 305 2766 ὁ
317 2737 431 2773 Ἰησοῦς·
451 2737 522 2768 Οὔτε
539 2734 614 2772 οὗτος
635 2739 771 2780 ἥμαρτεν,
791 2739 852 2769 οὗτε

904 2255 959 2275 non
979 2246 1075 2274 iisdem
1093 2244 1234 2280 suppliciis
1258 2244 1416 2278 puniantur,
1446 2242 1551 2278 inquit,
1579 2243 1641 2269 Non
1663 2240 1702 2268 sic

903 2291 964 2325 erit,
987 2289 1035 2318 sed
1057 2293 1168 2325 peccata
1183 2292 1304 2324 patrum,
1319 2287 1372 2315 hoc
1393 2292 1434 2314 est
1447 2294 1546 2322 poenae,
1571 2286 1656 2313 etiam
1666 2284 1703 2313 ad

904 2343 953 2363 vos
972 2334 1144 2371 pervenient.
1169 2332 1233 2368 quia
1260 2339 1315 2359 non
1334 2330 1398 2359 facti
1411 2332 1477 2358 estis
1492 2330 1630 2362 meliores,
1650 2328 1700 2357 sed

905 2380 1002 2408 eadem
1026 2386 1057 2406 ac
1083 2377 1219 2405 deteriora
1239 2375 1376 2412 peccastis.
1400 2375 1480 2411 Quod
1512 2379 1605 2402 autem
1630 2381 1703 2409 saape

906 2424 980 2452 vides
992 2431 1090 2459 pueros
1105 2422 1185 2456 mori,
1202 2421 1285 2455 idque
1299 2423 1411 2456 propter
1425 2423 1567 2455 parentum
1582 2425 1702 2454 panem,

905 2469 976 2497 scias
998 2467 1072 2504 quod
1089 2469 1163 2495 Deus
1187 2469 1298 2502 propter
1322 2464 1540 2492 misericordiam
1565 2462 1706 2499 praeripiat

903 2513 1014 2541 illorum
1043 2512 1136 2545 vitam,
1158 2515 1190 2538 ut
1206 2518 1241 2538 ne
1256 2517 1320 2538 cum
1346 2508 1555 2544 supervixerint,
1580 2506 1704 2534 deterio-

904 2566 949 2586 res
974 2556 1131 2594 parentibus
1150 2555 1227 2589 ﬁant,
1252 2558 1279 2582 et
1295 2554 1324 2581 in
1348 2554 1452 2581 malum
1466 2560 1581 2580 suarum
1599 2551 1706 2578 anima-

904 2610 966 2631 rum
980 2607 1008 2630 et
1020 2601 1136 2629 aliorum
1148 2600 1303 2628 multorum
1316 2598 1416 2625 vivant.
1425 2599 1628 2626 Verumtamen
1645 2594 1705 2621 haec

905 2647 1019 2683 abyssus
1048 2645 1207 2674 divinorum
1236 2642 1401 2679 judiciorum
1420 2641 1495 2678 apud
1513 2649 1542 2669 se
1569 2638 1703 2667 continet.

905 2693 963 2720 Nos
983 2691 1017 2718 ad
1029 2689 1169 2726 sequentia
1187 2695 1333 2724 pergamus
1348 2696 1354 2714 :

942 2744 1029 2771 Vens.
1055 2744 1115 2770 3-5.
1146 2752 1159 2765 α
1176 2738 1329 2775 Respondit
1341 2739 1442 2766 Iesus:
1458 2738 1553 2772 Neque
1575 2733 1619 2762 hic
1644 2740 1705 2769 pec-

95 2828 120 2846 "
135 2829 230 2858 Ezech.
246 2839 336 2866 xvru,
347 2834 373 2859 2.
413 2831 435 2849 ὀ
446 2833 527 2861 Deut.
541 2841 632 2868 xxw,
646 2836 688 2862 16.
727 2833 753 2853 3°
763 2833 851 2862 Exod.
869 2841 923 2867 xx,
943 2835 970 2860 5.

201 2875 315 2905 PATROL.
335 2877 384 2905 Gn.
405 2877 514 2905 CXXlV.

1510 2873 1527 2899 2
