1910 3077
206 180 239 208 43
711 175 967 204 THEOPHYLACTI
987 174 1164 202 ΒυιῦΑῆἰῶ
1182 173 1340 201 ARCHIEP.
1737 190 1741 193 -
1819 171 1851 198 44

206 246 288 280 cavit,
310 254 398 282 neque
412 249 537 281 parentes
546 244 605 279 ejus
615 247 645 270 ut
663 250 753 271 caecus
763 245 931 276 nasceretur,
949 249 960 268 ε

1097 240 1177 274 γονεῖς
1197 236 1276 265 αὐτοῦ
1287 259 1296 274 ,
1309 234 1353 264 ἵνα
1371 234 1466 275 τυφλὸς
1483 237 1609 274 γεννηθῇ,
1626 235 1686 263 ἀλλ’
1702 233 1749 263 ἵνα
1769 245 1851 274 φανε-

203 295 235 319 ut
248 291 459 319 manifestentur
487 296 569 324 opera
596 287 646 316 Dei
672 288 698 315 in
726 287 782 315 illo.
817 288 936 322 Oportet
955 294 999 313 me

204 335 315 371 operari
345 341 426 370 opera
442 334 501 369 ejus
521 333 567 369 qui
594 332 669 360 misit
681 340 735 366 me,
760 332 848 359 donec
872 331 930 358 dies
947 335 998 358 est.

204 380 286 408 Venit
306 387 372 412 nox,
396 378 506 414 quando
525 385 606 405 nemo
632 381 722 412 potest
736 376 854 412 operari.
871 375 1000 410 Quandiu

204 424 282 453 fuero
306 423 335 450 iu
359 422 473 455 mundo,
502 422 547 450 lux
562 430 624 450 sum
648 421 756 449 mundi.
784 433 796 444 ιι
818 422 887 448 Ecce
901 421 1000 448 iterum

204 468 255 496 alia
269 467 411 495 dubitatio.
420 468 530 502 Quaeret
543 467 616 494 enim
628 466 763 502 quispiam
779 465 937 501 :Quomodo
949 465 1001 492 hoc

205 512 309 540 dictum
325 516 367 539 cst
384 522 389 539 :
405 512 506 548 Injuria
518 511 593 539 enim
608 510 724 538 affectus
738 514 779 538 est
789 509 872 538 homo
882 510 1001 545 privatus

203 556 319 590 lumine,
329 568 342 580 «
350 556 681 591 utmanifestenturopera
690 555 756 583 Dei?
765 567 776 578 ››
783 556 847 582 Non
854 558 1002 590 potuerunt

205 601 249 629 illa
273 601 350 629 aliter
368 601 560 629 manifestari?
581 600 660 635 Quali
677 600 807 636 injustitia
824 599 939 627 affectus
959 606 999 632 es,

205 655 222 674 ο
235 646 337 674 homo?
348 648 433 680 Luce,
448 646 549 682 inquit,
563 646 684 681 privatus
697 653 769 672 sum.
790 646 824 672 Et
835 644 914 680 quale
927 643 1002 672 dam-

204 699 272 719 num
284 699 315 718 ex
327 699 360 719 eo
374 690 449 727 quod
461 689 583 718 sensibili
596 690 654 717 luce
670 690 788 725 privatus
799 689 851 717 sit?
866 690 925 717 Imo
936 695 1000 717 vero

204 736 294 772 majus
308 736 414 771 accepit
426 735 598 763 beneﬁcium.
615 735 710 763 Oculis
720 735 793 763 enim
807 734 909 762 animae
918 733 1000 761 simul

205 785 232 809 et
243 781 364 817 corporis
373 781 543 808 illuminatus
555 784 606 814 est,
616 784 643 807 et
652 780 687 807 ita
700 780 810 808 cmcitas
821 779 848 807 in
862 779 965 807 bonum
977 777 1001 806 ei

205 825 288 854 cessit
303 834 349 861 per
363 826 532 854 sanationem
541 825 717 861 cognoscenti
731 832 824 852 verum
837 823 1002 860 justitiazso-

207 871 260 898 lem
273 880 279 898 :
290 879 344 898 non
359 869 579 906 igiturinjustitia
587 869 703 898 affectus
715 873 764 903 est,
776 869 823 897 sed
834 869 999 896 beneﬁcium

205 916 307 951 accepit
320 923 408 943 cacus
418 919 508 943 natus.
521 917 633 950 Insuper
645 919 672 942 et
680 914 733 942 hoc
747 914 817 942 scias
826 913 950 950 quisquis
962 913 1001 940 di-

206 961 267 988 vina
276 960 411 993 scrutaris,
425 960 500 996 quod
511 960 624 987 verbum
633 960 676 985 ἵνα
689 963 715 987 et
729 960 802 992 ὅπως,
815 959 867 986 hoc
882 962 923 986 est
930 957 1002 994 apud

205 1013 268 1039 nos,
282 1008 323 1039 ut,
336 1013 407 1040 saepe
418 1005 445 1032 in
458 1004 594 1040 Scriptura
606 1009 755 1040 ponuntur,
766 1012 822 1032 non
835 1008 865 1032 ut
877 1011 999 1037 causam,

204 1050 251 1079 sed
267 1055 297 1077 ut
322 1054 450 1078 eventum
466 1049 628 1085 designent;
649 1049 720 1077 sicut
741 1053 769 1076 et
791 1048 864 1084 apud
885 1047 972 1075 David
991 1056 998 1074 :

206 1107 219 1119 «ι
235 1096 275 1122 Ut
289 1095 373 1130 633
386 1094 546 1130 justiﬁceris
560 1094 586 1122 in
600 1094 775 1122 sermonibus
791 1094 843 1122 tuis
858 1092 892 1120 ⁸ι.
908 1104 920 1117 ι
939 1094 1001 1120 Non

204 1135 278 1162 enim
295 1135 418 1170 peccavit
436 1134 523 1162 David
537 1139 567 1162 ut
578 1134 744 1170 justiﬁcetur
758 1136 832 1162 Deus
850 1133 915 1161 :sed
936 1133 1000 1168 quia

205 1188 237 1206 ex
265 1183 364 1207 eventu
399 1183 511 1214 peccato
538 1186 554 1206 a
584 1179 688 1207 Davide
710 1182 867 1214 perpetrato
890 1177 1001 1213 contigit

200 1223 345 1260 justiﬁcari
363 1225 464 1252 Deum.
479 1225 547 1252 Nam
562 1231 626 1251 cum
642 1225 717 1252 Deus
741 1223 851 1259 quidem
869 1227 946 1251 tanta
963 1222 999 1249 illi

204 1268 340 1302 dedisset,
369 1272 470 1304 quanta
492 1268 616 1304 accipere
637 1269 737 1304 dignus
759 1276 814 1296 non
848 1271 916 1301 erat,
946 1267 1001 1302 ipse

205 1317 297 1341 autem
315 1313 475 1341 mandatum
494 1314 545 1342 Dei
559 1318 747 1349 transgressus
761 1317 842 1347 esset,
858 1317 884 1340 et
897 1311 1000 1340 eadem

204 1366 267 1386 cum
277 1357 409 1386 adulterio
424 1358 617 1392 commisisset,
632 1362 659 1385 et
670 1366 754 1394 regno
765 1358 792 1385 in
807 1361 1000 1392 contemptum

204 1402 256 1430 Dei
277 1403 380 1430 abusus
400 1406 483 1436 esset,
511 1402 576 1438 quid
590 1401 662 1430 aliud
678 1410 710 1430 ex
725 1406 822 1429 eventu
849 1400 1000 1434 accidebat,

204 1455 288 1483 quam
304 1447 419 1475 omnino
432 1451 462 1474 ut
472 1448 546 1474 Deus
568 1447 614 1482 qui
629 1446 808 1482 judicabatur
821 1450 847 1473 et
864 1446 1001 1480 discepta-

204 1491 250 1519 bat
264 1499 328 1519 cum
357 1491 456 1525 David,
471 1491 682 1527 justiﬁcaretur,
707 1495 735 1518 et
751 1491 835 1518 victor
859 1494 1002 1526 appareret

203 1535 386 1564 condemnato
402 1543 468 1571 rege
480 1535 523 1563 3'?
538 1535 612 1570 Quia
624 1543 639 1563 a
654 1543 708 1571 quo
719 1543 833 1571 regnum
849 1538 1001 1570 acceperat,

204 1580 277 1608 illius
291 1580 365 1616 leges
378 1581 474 1615 rejecit
500 1584 612 1616 propter
631 1580 705 1608 istud
726 1580 826 1616 ipsum,
855 1579 930 1616 quod
952 1587 1000 1607 rex

205 1629 274 1653 erat.
297 1626 370 1652 Nam
397 1625 419 1652 si
447 1625 568 1660 privatus
594 1625 702 1658 fuisset,
726 1633 781 1652 non
795 1625 850 1653 duo
870 1624 914 1652 illa
927 1625 1000 1652 mala

205 1668 285 1697 facile
303 1669 385 1697 simul
404 1670 578 1697 committere
600 1670 742 1705 potuisset.
758 1669 842 1697 Vides
860 1669 1000 1705 quomodo

205 1713 308 1747 hic,Ut
320 1713 489 1749 jnstiﬁceris,
503 1722 560 1741 non
572 1721 695 1747 causam,
711 1714 758 1742 sed
773 1718 901 1742 eventum
912 1713 999 1746 dicat;

207 1762 235 1786 et
257 1759 401 1786 innumera
415 1759 480 1786 talia
496 1759 580 1786 etiam
601 1759 674 1794 apud
686 1759 852 1794 Apostolum
868 1759 1000 1791 invenies,

205 1807 237 1830 ut
261 1803 338 1839 quod
350 1807 392 1831 est
413 1803 440 1831 in
468 1804 588 1839 Epistola
603 1804 637 1832 ad
673 1805 819 1832 Romanos
846 1813 854 1832 :
883 1815 895 1828 «
921 1803 1001 1840 Quod

205 1848 280 1875 enim
289 1852 385 1876 notum
397 1852 438 1876 est
453 1848 515 1882 Dci,
530 1848 708 1876 manifestum
727 1853 769 1877 est
780 1848 808 1876 in
826 1849 954 1885 gentibus
966 1847 1001 1876 ad

204 1891 269 1927 hoc,
291 1896 323 1920 ut
336 1893 391 1920 sint
412 1893 608 1921 inexcusabiles
623 1893 647 1912 ³³
665 1904 671 1922 :
690 1905 702 1917 ιι
724 1894 847 1930 quamvis
867 1902 923 1922 non
939 1893 1001 1921 ideo

202 1938 279 1966 Deus
301 1937 431 1974 gentibus
452 1938 559 1967 dederit
579 1939 732 1973 scientiam,
755 1943 786 1967 ut
804 1939 1001 1967 inexcusabiles

203 1987 323 2018 peccent.
338 1985 408 2011 Nam
424 1984 480 2018 ipse
507 1983 620 2019 quidem
646 1983 723 2012 dedit
743 1988 775 2011 ut
792 1992 849 2011 non
863 1988 977 2019 peccent
992 1993 1000 2011 :

204 2027 301 2056 deinde
315 2028 378 2063 quia
404 2032 600 2063 peccaverunt,
615 2036 646 2055 ex
660 2032 759 2055 eventu
781 2028 900 2064 cognitio
922 2028 1002 2056 cessit

205 2071 244 2099 eis
283 2071 310 2099 in
347 2071 410 2105 hoc,
444 2075 474 2099 ut
506 2072 560 2100 sint
585 2072 794 2100 inexcusabiles.
819 2074 855 2100 Et
890 2073 1000 2106 iterum,

208 2127 221 2140 οι
241 2116 300 2143 Lex
326 2115 491 2156 subintravit
508 2119 538 2143 ut
553 2115 705 2144 abundaret
726 2117 921 2145 condemnatio
935 2116 972 2145 3‘.
987 2129 1000 2141 ι

205 2160 289 2196 Atqui
310 2168 369 2188 non
383 2164 493 2196 propter
520 2160 572 2189 hoc
593 2161 655 2190 data
667 2166 708 2190 est
726 2162 777 2196 lex,
796 2162 844 2191 sed
865 2167 895 2190 ut
911 2162 1002 2199 magis

204 2205 434 2241 comprimeretur
445 2210 595 2241 peccatum.
606 2207 674 2243 Quia
683 2211 777 2235 autem
789 2215 846 2235 non
857 2207 1001 2235 voluerunt

203 2250 271 2278 illud
282 2250 432 2285 reprimere
439 2249 465 2277 hi
475 2251 522 2287 qui
534 2251 622 2287 legem
631 2256 817 2287 susceperant,
830 2251 900 2280 facta
913 2256 955 2280 est
962 2252 1001 2280 eis

204 2295 249 2323 lex
269 2294 298 2322 in
308 2294 504 2323 abundantiam
525 2298 627 2332 peccati
640 2305 648 2324 '.
661 2297 780 2333 amplius
792 2297 864 2325 enim
878 2301 906 2325 et
915 2298 1001 2333 magis

204 2339 373 2375 imputatum
379 2344 420 2368 est
428 2341 467 2368 eis
475 2345 630 2376 peccatum,
647 2341 722 2378 quod
734 2345 762 2369 et
772 2341 857 2378 legem
870 2341 1001 2371 habentes

206 2385 384 2420 peccaverint.
391 2385 522 2422 Sicigitur
528 2390 555 2414 et
561 2386 690 2420 hocloco,
699 2398 711 2411 α
720 2387 1000 2423 Utappareantopera

204 2429 254 2456 Dei
264 2429 292 2457 in
298 2429 354 2463 illo,
367 2441 378 2454 π
386 2438 441 2458 non
450 2439 540 2464 causa,
548 2431 596 2459 sed
605 2435 718 2459 eventus
724 2431 891 2467 designatur.
902 2433 942 2460 Ex
948 2431 1001 2460 hoc

203 2474 276 2502 enim
284 2474 357 2511 quod
366 2480 478 2504 sanatus
484 2480 523 2504 est
529 2484 629 2509 cacus,
638 2476 729 2504 evenit
742 2476 885 2512 gloriﬁcari
899 2479 997 2506 Deum.

224 2527 268 2547 am
276 2520 423 2557 sicutsaepe
429 2521 597 2549 architectus
603 2520 718 2549 domum
726 2522 823 2557 partim
829 2522 938 2558 quidem
945 2523 998 2550 ela-

202 2563 293 2599 borat,
309 2566 410 2601 partim
422 2565 614 2601 imperfectam
623 2566 752 2602 relinquit
767 2576 773 2594 :
786 2570 816 2594 ut
826 2567 847 2594 si
856 2567 916 2603 quis
930 2567 999 2596 forte

201 2609 286 2638 einon
297 2610 532 2646 credatquodipse
541 2610 577 2637 sit
585 2610 679 2645 illequi
689 2616 794 2646 partem
809 2611 883 2639 illam
894 2616 999 2640 exstru-

200 2654 283 2688 xerit,
300 2655 387 2690 possit
397 2653 540 2682 condendo
557 2659 585 2682 et
596 2655 760 2690 perﬁciendo
783 2655 810 2684 id
832 2657 914 2685 etiam
925 2657 998 2693 quod

201 2703 260 2726 erat
273 2698 466 2734 imperfectum
479 2699 635 2735 ostendere,
644 2700 718 2736 quod
728 2701 784 2737 ipse
795 2702 923 2730 exstructi
938 2702 996 2738 opi-

200 2743 248 2771 fex
265 2744 302 2771 sit
317 2752 324 2770 :
344 2743 381 2771 ita
397 2748 425 2771 et
433 2745 507 2772 Deus
517 2749 609 2773 noster
626 2746 706 2774 Jesus
721 2752 855 2775 excaecata
872 2747 996 2775 membra

273 2831 295 2850 ³¹
313 2833 385 2861 Psal.
405 2841 432 2869 ι,
452 2838 480 2863 6.
522 2835 569 2863 Ill
580 2837 650 2872 Reg.
666 2843 724 2870 xu,
743 2839 784 2865 13.

1055 284 1125 321 ρωθῇ
1140 281 1173 310 τὰ
1186 281 1252 321 ἔργα
1267 283 1312 309 τοῦ
1322 280 1393 310 Θεοῦ
1407 281 1433 309 ἐν
1454 280 1535 319 αὐτῷ.
1553 279 1622 318 Ἐμὲ
1637 280 1676 308 δεῖ
1691 279 1852 318 ἐργάζεσθαι

1054 326 1088 355 τὰ
1115 325 1180 365 ἔργα
1208 328 1254 355 τοῦ
1275 324 1427 365 πέμψαντός
1453 336 1500 362 με,
1514 323 1561 357 ἕως
1577 324 1666 363 ἡμέρα
1682 323 1768 354 ἐστίν.
1785 321 1854 362 Ἔρ-

1054 383 1130 410 χεται
1146 370 1205 406 νὺξ,
1218 369 1261 410 ὅτε
1276 370 1359 403 οὐδεὶς
1375 369 1484 398 δύναται
1509 369 1681 408 ἐργάσασθαι.
1718 367 1813 398 Ὅταν
1828 369 1854 397 ἰν

1054 418 1092 455 τῷ
1114 415 1204 454 κόσμῳ
1230 408 1266 449 ὦ,
1286 415 1339 454 φῶς
1365 415 1420 453 εἰμι
1444 417 1489 443 τοῦ
1514 414 1627 452 κόσμου.
1657 412 1752 443 »Ἰδοὺ
1767 413 1853 442 πάλιν

1055 461 1153 500 ἄπορον
1169 460 1245 489 ἄλλο.
1261 459 1390 495 Ζητήσειε
1406 459 1457 498 γὰρ
1474 459 1505 488 ἄν
1518 471 1568 495 τις,
1593 460 1657 491 Πῶς
1685 461 1764 487 τοῦτο
1781 457 1855 497 εἴρη-

1055 517 1109 534 κεν·
1133 503 1266 540 Ἦδικήθη
1284 503 1335 543 γὰρ
1351 505 1364 533 6
1377 503 1512 543 ἄνθρωπος
1526 504 1662 543 στερηθεὶς
1681 505 1728 532 τοῦ
1746 505 1835 541 φωτὸς
1846 525 1854 538 ,

1055 564 1067 577 α
1083 549 1127 579 ἵνα
1145 551 1281 589 φανερωθῇ
1297 548 1331 577 τὰ
1352 548 1416 588 ἔργα
1432 551 1478 577 τοῦ
1499 549 1589 584 Θεοῦ;
1614 561 1626 573 ι
1641 547 1743 580 Ἄλλως
1759 546 1788 576 δὲ
1805 548 1855 577 οὔκ

1056 596 1116 630 ἐνῆν
1131 595 1315 634 φανερωθῆναι
1337 595 1436 630 ταῦτα;
1463 593 1548 623 Ποίαν
1579 592 1683 622 ἀδικίαν
1709 591 1855 628 ἠδικήθης¹

1056 640 1192 678 ἅνθρωπε;
1209 640 1234 668 Τ
1236 640 1265 668 οῦ
1282 637 1366 678 φωτὸς
1378 661 1386 674 ,
1404 637 1470 679 φησί
1482 660 1491 676 ,
1507 649 1550 668 στε
1557 637 1690 678 ρούμενος.
1712 637 1768 667 Καὶ
1787 637 1853 666 ποία

1058 683 1145 724 βλάϐη
1160 685 1189 712 ἐκ
1209 685 1254 712 τοῦ
1281 684 1430 723 στερεῖσθαι
1449 686 1495 712 τοῦ
1519 683 1645 717 αἰσθητοῦ
1666 681 1766 722 φωτός
1790 682 1853 711 τοῦ-

1055 728 1157 758 ναντίον
1171 724 1216 758 οῦν
1243 729 1343 766 μᾶλλον
1371 727 1557 767 εὖηργέτηται.
1581 726 1656 764 Ἅμα
1671 726 1721 766 γὰρ
1794 738 1853 756 σω-

1056 776 1156 813 ματικῇ
1179 772 1270 812 ὁράσει
1296 772 1416 806 καὶτοὺς
1431 774 1478 808 τῆς
1496 773 1583 812 ψυχῆς
1608 770 1760 812 ὀφθαλμοὺς
1783 772 1855 811 ἐφω-

1055 819 1142 854 τίσθη.
1158 817 1247 848 τὨιι-τε
1269 817 1334 856 πρὸς
1358 817 1439 846 καλὸν
1465 817 1537 856 αὐτῷ
1558 819 1574 852 ἡ
1599 817 1719 857 πήρωσις
1740 815 1854 854 ἀπέϐη,

1057 863 1100 893 διὰ
1117 865 1162 899 τῆς
1186 862 1281 896 ἰάσεως
1306 862 1438 901 ἐπιγνόντι
1453 862 1496 891 τὸν
1516 863 1602 897 ἀληθῆ
1620 863 1666 897 τῆς
1681 861 1854 897 δικαιοσύνης

1056 907 1163 938 ἽΙλιον.
1178 906 1282 938 Οὔκουν
1297 907 1440 943 ἠδίκηται,
1453 906 1511 936 ἀλλ’
1527 906 1701 946 εὖηργέτηται
1715 907 1730 934 6
1744 907 1855 946 τυφλός.

1056 952 1171 983 Ἰἰπειτα
1197 951 1244 981 καὶ
1268 955 1345 981 τοῦτο
1359 952 1489 992 γίνωσκε,
1512 956 1565 985 πᾶς
1588 953 1602 980 6
1624 953 1678 980 τῶν
1699 951 1775 980 θείων
1793 951 1854 986 ἐξε-

1055 998 1154 1035 ταστὴς
1163 1022 1170 1034 ,
1183 996 1279 1033 ὅτιτὸ,
1295 1011 1306 1023 ι
1318 996 1378 1027 Ἵνα
1387 1021 1394 1034 ,
1406 1010 1418 1024 ι
1433 997 1532 1033 amb-:0,
1549 1010 1559 1023 α
1570 996 1684 1034 Ὅπως,
1702 1009 1714 1021 ι
1731 996 1808 1035 παρὰ

1057 1045 1149 1083 Γραφῇ
1167 1043 1306 1081 πολλαχοῦ
1321 1043 1369 1071 οὐκ
1385 1043 1585 1081 αἰτιολογικῶς,
1605 1042 1664 1070 ἀλλ’
1679 1041 1856 1075 dri-0611qu

1055 1093 1167 1124 κεῖνται,
1181 1087 1294 1126 ὡσπερεὶ
1311 1088 1341 1116 τὸ
1357 1087 1430 1126 παρὰ
1444 1089 1481 1126 τῷ
1494 1084 1595 1122 muta,
1613 1099 1628 1113 (ι
1642 1085 1738 1119 ’Ὅπως
1756 1085 1790 1114 ἂν
1811 1087 1857 1114 δι-

1055 1135 1170 1171 καιωθῇς
1195 1133 1220 1162 ἐν
1249 1136 1302 1165 τοϊς
1321 1133 1408 1170 λόγοις
1436 1143 1491 1161 σου.
1521 1145 1533 1158 ιι
1559 1132 1600 1162 Οὖ
1624 1130 1676 1170 γὰρ
1704 1131 1748 1159 διὰ
1773 1133 1858 1160 τοῦτο

1055 1177 1174 1217 ἥμαρτεν
1199 1180 1212 1207 6
1236 1176 1336 1213 Δαυῒδ,
1357 1176 1401 1206 ἵνα
1423 1177 1550 1215 δικαιωθῇ
1567 1178 1581 1205 6
1601 1177 1684 1211 Θεὸς,
1701 1175 1758 1203 ἀλλ’
1771 1176 1808 1208 ὡς
1829 1175 1858 1209 ἐξ

1056 1222 1269 1260 ἀποτελέσματος
1285 1220 1450 1261 ἁμαρτόντος
1471 1223 1517 1250 τοῦ
1533 1218 1634 1256 Anicia,
1658 1219 1799 1248 ἀποϐαίνει
1824 1221 1858 1248 τὸ

1055 1267 1225 1302 δικαιωθῆναι
1245 1267 1288 1296 τὸν
1303 1267 1382 1296 Θεόν.
1420 1265 1510 1295 τὈτιιιν
1536 1265 1588 1304 γὰρ
1603 1267 1617 1294 6
1637 1264 1705 1297 Θεὸς
1724 1263 1772 1302 μὲν
1803 1276 1856 1294 το-

1054 1315 1137 1342 σαῦτα
1151 1313 1222 1352 αὐτῷ
1238 1312 1364 1348 δέδωκεν,
1383 1310 1433 1340 ὅσα
1446 1311 1499 1339 οὖκ
1515 1306 1547 1346 ἦν
1563 1310 1633 1344 ἄξιος
1647 1309 1753 1345 λαϐεῖν,
1771 1310 1858 1342 αὐτὸς

1055 1356 1081 1385 δὲ
1092 1355 1199 1395 παρέϐη
1212 1357 1259 1392 τὴν
1272 1355 1378 1391 ἐντολὴν
1393 1358 1437 1385 τοῦ
1453 1356 1523 1385 Θεοῦ
1532 1378 1540 1391 ,
1556 1355 1601 1385 καὶ
1614 1354 1690 1394 φόνον
1703 1354 1857 1394 εἰργάσατο

1055 1401 1098 1431 ἐπὶ
1111 1403 1144 1441 τῇ
1161 1401 1281 1441 μοιχείᾳ,
1296 1401 1342 1430 καὶ
1354 1402 1387 1438 τῇ
1405 1400 1529 1441 βασιλεία
1543 1399 1719 1439 ἀπεχρήσατο
1736 1400 1772 1432 εἷς
1787 1399 1855 1428 ἀθέ-

1053 1457 1129 1481 τησιν
1141 1449 1185 1475 τοῦ
1201 1447 1280 1476 Θεοῦ·
1296 1445 1322 1474 τί
1336 1445 1402 1474 ἄλλο
1419 1445 1442 1478 ἐξ
1457 1444 1677 1481 ἀποτελέσματος
1692 1443 1858 1481 συμϐαίνει,

1054 1490 1070 1526 ἣ
1092 1490 1196 1524 πάντως
1216 1490 1246 1520 τὸ
1258 1513 1266 1528 ,
1281 1490 1432 1530 κρινόμενον
1449 1490 1492 1519 τὸν
1517 1489 1586 1519 Θεὸν
1603 1488 1648 1518 καὶ
1662 1488 1859 1527 διαλεγόμενον

1054 1535 1120 1574 πρὸς
1130 1535 1174 1564 τὸν
1190 1531 1291 1572 Δαυῒδ,
1307 1536 1495 1570 δικαιωθῆναι,
1511 1534 1556 1564 καὶ
1572 1533 1619 1567 τὴν
1640 1534 1758 1562 νικῶσαν
1783 1533 1859 1562 ἄπε-

1056 1580 1201 1618 νέγκασθαι
1211 1603 1219 1616 ,
1236 1580 1459 1619 κατακρινομένου
1473 1581 1522 1608 τοῦ
1537 1578 1686 1618 βασιλέωςς
1705 1577 1770 1607 Ὅτι
1786 1580 1856 1618 παρ’

1054 1620 1084 1653 οῦ
1099 1624 1146 1659 τὴν
1165 1625 1303 1664 βασιλείαν
1314 1624 1395 1653 ἔλαϐε
1405 1646 1414 1660 ,
1430 1623 1522 1653 τούτου
1534 1623 1593 1657 τοὺς
1607 1622 1703 1661 νόμους
1716 1622 1836 1658 ἠθέτησι
1848 1646 1857 1660 ,

1055 1668 1087 1699 δι’
1100 1670 1163 1699 αὐτὸ
1185 1673 1278 1708 τοῦτο,
1298 1669 1340 1698 ὅτι
1365 1668 1489 1708 βασιλεὺς
1509 1664 1553 1704 ἦν.
1576 1667 1696 1704 ’ἰδιώτης
1711 1667 1764 1707 γὰρ
1793 1666 1833 1696 ὢν
1849 1691 1858 1705 ,

1055 1715 1101 1743 οὐκ
1128 1713 1159 1743 ἂν
1191 1715 1307 1750 ἠδυνήθη
1331 1716 1440 1742 τοιαῦτα
1472 1713 1518 1742 δύο
1541 1712 1613 1742 κακὰ
1650 1711 1720 1741 οὕτω
1750 1712 1856 1752 ῥᾳδίως

1055 1759 1282 1799 κατεργάσασθαι.
1300 1758 1400 1798 Ὁρᾷς,
1423 1756 1463 1786 ὅτι
1479 1758 1526 1794 τὸ,
1548 1772 1560 1783 ι(
1583 1757 1679 1790 εὍπως
1695 1756 1727 1786 ἂν
1743 1757 1859 1786 δικαιω-

1055 1805 1100 1842 οῇς
1110 1827 1118 1840 ,
1137 1817 1147 1829 ι·
1158 1805 1206 1833 οὐκ
1219 1805 1403 1843 αἰτιολογικὶὖς
1417 1804 1515 1838 κεῖται,
1529 1801 1597 1832 ἀλλὰ
1612 1802 1682 1832 κατὰ
1697 1801 1856 1838 ἆπόϐασιν;

1057 1848 1111 1878 Καὶ
1134 1850 1216 1888 μυρία
1242 1853 1354 1879 τοιαῦτα
1377 1847 1423 1877 καὶ
1438 1847 1513 1886 παρὰ
1532 1849 1570 1887 τῷ
1595 1846 1749 1886 Ἀποστόλῳ
1773 1847 1859 1884 εὑρή-

1056 1905 1126 1929 σεις,
1142 1889 1195 1923 οἶον
1211 1893 1257 1923 καὶ
1278 1893 1308 1922 τὸ
1332 1894 1358 1923 ἐν
1431 1893 1496 1933 πρὸς
1518 1891 1680 1930 Ῥωμαίους·
1709 1905 1721 1917 α
1742 1891 1785 1921 Τὸ
1803 1891 1858 1932 γὰρ

1056 1937 1171 1977 γνωστὸν
1187 1942 1233 1968 τοῦ
1248 1939 1321 1968 Θεοῦ
1333 1960 1340 1972 ,
1364 1937 1486 1977 φαινερόν
1499 1939 1570 1966 ἐστιν
1589 1938 1615 1966 ἐν
1634 1941 1689 1970 τοῖς
1703 1935 1857 1974 Ἕλλησιν,

1070 1984 1078 1994 ν
1128 1983 1134 1991 ι
1174 1978 1188 2011 ἶ
1274 1984 1282 1993 τ
1318 1982 1326 1994 \
1371 1983 1378 1993 ν
1509 1982 1516 1992 r
1647 1983 1656 1991 ν
1684 1982 1690 1992 I
1769 1982 1777 1992 a
1813 1982 1824 1991 κ
1843 1983 1851 1992 ι

1056 1994 1092 2016 εις
1111 1995 1141 2012 το
1164 1995 1175 2012 ε
1189 1994 1231 2012 ναι
1253 1995 1346 2016 αυτους
1364 1984 1587 2020 αναπολογητους.
1605 1995 1616 2007 ιι
1636 1983 1731 2011 λαιτοι
1751 1993 1782 2011 ου
1810 1991 1858 2011 οια

1056 2029 1134 2056 τοῦτο
1153 2028 1167 2056 6
1181 2026 1248 2060 Θεὸς
1275 2026 1357 2056 ἔδωκε
1381 2030 1433 2060 τοῖς
1456 2025 1575 2062 εἙλληοί
1593 2026 1641 2062 τὴν
1664 2028 1780 2065 γνῶσιν,
1812 2025 1858 2055 ἵνα

1058 2066 1122 2101 ὦσιν
1135 2072 1330 2111 ἄναπολόγητοι
1345 2071 1492 2111 πταίοντες.
1511 2072 1595 2104 Αὐτὸς
1615 2070 1663 2108 μὲν
1675 2070 1726 2110 γὰρ
1737 2071 1841 2100 ἔδωκεν
1851 2094 1858 2108 ,

1058 2116 1101 2145 ἵνα
1119 2115 1156 2154 μὴ
1181 2110 1320 2146 πταίωσιν·
1348 2110 1406 2146 εἶτα
1427 2115 1516 2151 ἐπειδὴ
1535 2116 1681 2149 ἔπταισαν,
1700 2115 1726 2149 ἐξ
1751 2116 1855 2144 ἀποτε-

1057 2160 1186 2200 λέσματος
1201 2163 1217 2196 ἡ
1231 2163 1325 2199 γνῶσις
1347 2163 1434 2195 αὐτοῖς
1452 2161 1540 2197 ἀπέϐη
1563 2161 1598 2194 εἷς
1612 2160 1642 2189 τὸ
1663 2155 1730 2189 εἶναι
1748 2161 1856 2190 ἀναπο-

1057 2206 1193 2245 λογήτους.
1222 2206 1275 2236 Καὶ
1297 2206 1387 2236 πάλιν·
1405 2217 1418 2234 α
1435 2206 1525 2245 Νόμος
1541 2206 1568 2235 δὲ
1593 2206 1788 2245 παρεισῆλθεν,
1813 2204 1860 2234 ἵνα

1055 2250 1187 2291 πλεονάσῃ
1206 2251 1234 2280 τὸ
1249 2251 1412 2291 κατάκριμα·
1434 2265 1445 2276 ιι
1461 2251 1547 2280 καίτοι
1562 2251 1591 2279 οὖ
1608 2251 1651 2279 διὰ
1668 2253 1746 2280 τοῦτο
1760 2250 1861 2287 ἐδόθη,

1055 2295 1113 2324 ἀλλ’
1134 2295 1177 2324 ἵνα
1192 2296 1291 2334 μᾶλλον
1315 2297 1451 2333 ἄνασταλῇ
1467 2298 1483 2331 ἡ
1506 2295 1634 2335 ἁμαρτία.
1652 2294 1730 2325 Ἐπεὶ
1751 2294 1779 2323 δὲ
1809 2295 1861 2324 οὗι

1055 2340 1187 2376 ἠθέλησαν
1210 2341 1365 2370 ἀναστεῖλαι
1383 2341 1483 2376 ταύτην
1504 2341 1527 2370 οἱ
1543 2339 1588 2369 τὸν
1603 2339 1682 2378 νόμον
1698 2338 1860 2377 δεξάμενοι,

1055 2385 1158 2423 ἐγένετο
1184 2386 1271 2419 αὐτοῖς
1304 2388 1318 2416 6
1346 2385 1425 2423 νόμος
1453 2386 1487 2419 εἰς
1513 2386 1681 2423 πλεονασμὸν
1709 2384 1861 2423 ἁμαρτίας·

1054 2431 1151 2459 πλείων
1166 2430 1216 2469 γὰρ
1237 2430 1360 2470 ἐλογίσθη
1377 2432 1465 2464 αὐτοῖς
1488 2429 1534 2459 καὶ
1551 2430 1650 2469 μείζων
1666 2433 1683 2466 ἡ
1710 2428 1859 2470 ἁμαρτία,

1054 2475 1093 2505 ὅτι
1108 2475 1154 2504 καὶ
1175 2475 1256 2514 νόμον
1273 2476 1377 2514 ἔχοντες
1398 2475 1563 2514 ἡμάρτανον.
1601 2475 1696 2507 Οὕτως
1717 2468 1763 2503 οὖν
1788 2475 1862 2504 κᾶν-

1053 2522 1138 2549 ταῦθα
1152 2520 1201 2557 τὸ,
1226 2534 1236 2545 ι
1250 2519 1310 2549 Ἵνα
1331 2522 1469 2559 φανερωθῇ
1484 2519 1517 2548 τὰ
1534 2520 1597 2559 ἔργα
1611 2522 1656 2548 τοῦ
1673 2520 1757 2556 Θεοῦ,
1769 2532 1783 2544 ι
1810 2520 1862 2548 οὐκ

1074 2565 1235 2592 ’)·’“μ
1278 2568 1299 2582 -·
1391 2564 1537 2594 ww;
1605 2563 1747 2587 ’ν-’λξ
1826 2563 1842 2592 ιι

1055 2576 1235 2603 αιτιοιοίικω..
1257 2576 1358 2600 κειται,
1383 2577 1399 2593 α
1467 2576 1519 2594 απο
1540 2577 1637 2598 ατικως
1676 2575 1766 2599 απελη
1805 2575 1823 2602 γ
1847 2576 1862 2603 ρ

1054 2610 1083 2639 ἐκ
1097 2611 1142 2638 τοῦ
1154 2609 1198 2638 τὸν
1216 2610 1313 2649 τυφλὸν
1337 2611 1550 2648 θεραπευθῆναι,
1577 2609 1608 2639 τὸ
1633 2608 1796 2643 δοξασθῆναι
1814 2608 1862 2637 τὸν

1053 2654 1133 2684 Θεόν.
1149 2652 1259 2694 Ὥσπερ
1275 2653 1326 2692 γὰρ
1343 2654 1472 2687 πολλάκις
1486 2653 1624 2691 οἰκοδόμος
1645 2665 1684 2686 τις
1701 2653 1790 2686 οἰκίας
1804 2676 1814 2691 ,
1827 2654 1863 2682 τὸ

1054 2698 1102 2737 μὲν
1115 2698 1272 2738 εἰργάσατο,
1295 2698 1324 2727 τὸ
1339 2698 1367 2727 δὲ
1389 2700 1489 2739 ἀφῆκεν
1511 2697 1724 2733 ἆτέλεστον,ἵνα
1740 2697 1765 2727 εἴ
1790 2709 1863 2728 ποτε

1053 2743 1178 2780 ἀπιστοίη
1201 2756 1240 2777 τις
1268 2744 1357 2784 αὐτῷ,
1377 2743 1418 2773 ὅτι
1441 2745 1490 2774 οὐκ
1511 2744 1584 2774 ἔστιν
1607 2743 1683 2776 αὐτὸς
1697 2745 1711 2772 6
1731 2743 1762 2772 τὸ
1775 2744 1864 2784 μέρος

824 2836 847 2854 ³³
866 2838 952 2866 Rom.
964 2845 986 2872 1,
1005 2839 1049 2872 19,
1063 2841 1108 2867 20.
1146 2837 1168 2856 ³⁸
1178 2839 1261 2867 Rom.
1277 2846 1309 2874 ν,
1322 2841 1368 2866 20.
