1910 3077
61 152 94 178 45

463 153 658 181 ENARRATIO
678 154 709 180 IN
731 153 946 182 EVANGELIUM
963 155 1112 183 JOANNIS.
1131 171 1167 176 —
1185 158 1259 185 CAP.
1282 160 1322 186 IX.

1681 165 1715 192 46

59 215 257 253 οἰκοδομήσας,
274 215 323 255 ἔχῃ
335 214 379 244 διὰ
396 218 442 245 τοῦ
458 216 655 255 δημιουργῆσαι
667 216 713 246 καὶ
729 216 758 246 τὸ
769 217 843 246 ἀτελὲ

922 225 1022 252 lanans,
1029 222 1057 246 et
1065 219 1094 246 in
1102 226 1180 247 suam
1192 225 1319 248 naturam
1328 222 1506 257 constituens,
1515 225 1631 254 ostendit
1638 227 1713 262 quod

61 261 163 297 ἐκεῖνο,
192 261 334 297 δεικνύειν,
354 261 395 290 ὅτι
420 261 465 290 καὶ
491 265 536 292 τοῦ
557 262 762 302 ᾠκοδομημένου
786 263 864 297 αὐτὸς

61 305 187 346 τεχνίτης
209 306 288 336 ἐστίν·
314 305 385 336 οὕτω
406 307 452 336 καὶ
475 308 488 335 6
515 308 582 342 θεὸς
600 309 677 346 ἡμῶν
702 307 806 344 Ἰησοῦς
828 308 863 338 τὰ

59 351 246 391 πεπηρωμένοι
267 351 335 389 μέλη
360 351 488 390 ἰώμενος,
511 355 556 381 καὶ
580 355 766 382 ἆποκαθιστῶν
780 355 818 386 εἷς
832 353 862 383 τὸ

59 395 129 425 κατὰ
145 395 223 436 φύσιν
234 419 241 432 ,
258 396 406 435 δείκνυσιν,
424 398 458 430 ὡς
474 397 525 436 ἄρα
543 397 619 431 αὐτός
637 398 707 426 ἐστιν
721 399 734 426 6
745 398 791 427 καὶ
808 399 862 427 τῶν

59 439 150 470 ἄλλων
178 443 265 479 μελῶν
293 441 460 480 δημιουργός.
491 442 583 472 Εἰπὼν
599 442 643 479 δὲ,
664 440 751 473 «Ἵνα
776 455 861 484 φανε-

60 487 134 525 ρωθῇ
147 488 165 521 ἡ
178 486 239 519 δόξα
259 489 304 515 τοῦ
319 488 388 516 Θεοῦ
399 509 407 522 ,
425 500 435 511 ιι
450 487 510 526 περὶ
527 489 622 516 ἑαυτοῦ
635 499 714 527 φησιν
725 510 733 524 ,
750 488 779 517 οὗ
801 488 861 528 περὶ

57 532 104 559 τοῦ
123 530 238 571 Πατρός·
259 530 358 560 ἐκείνου
381 530 431 570 γὰρ
454 534 471 567 ἡ
498 532 557 566 δόξα
582 533 682 573 φανερὰ
704 528 753 569 ῆν,
769 532 816 568 τὴν
834 532 861 562 δὲ

57 575 140 605 αὐτοῦ
164 575 217 605 ἔδει
235 578 438 615 φανερωθῆναι,
466 579 510 606 καὶ
533 576 576 607 ὅτι
601 578 678 611 αὐτός
702 579 772 607 ἐστιν
795 579 809 606 6
834 577 860 612 ἐξ

57 620 146 659 ἀρχῆς
170 620 274 655 πλάσας
299 621 344 650 τὸν
371 621 518 660 ἄνθρωπον.
545 623 587 652 Οὔ
604 622 687 662 μικρὰ
704 622 731 651 δὲ
754 622 860 656 πάντως

58 664 123 698 δόξα
139 664 169 694 τὸ
185 668 386 706 φανερωθῆναι,
401 666 442 696 ὅτι
462 666 540 700 αὐτὸς
555 669 568 696 6
584 669 627 696 νῦν
645 666 734 707 φανεὶς
761 667 860 708 ἄνθρω-

56 721 125 747 πος,
145 710 355 750 ἐδημιούργησεν
370 712 396 740 ἐν
413 712 483 750 ἀρχῇ
496 713 531 745 ὡς
547 712 616 745 Θεὸς
638 712 681 740 τὸν
707 712 856 752 ἄνθρωπον.

56 752 126 785 Ὅτι
152 755 179 784 δὲ
202 755 263 795 περὶ
286 757 380 785 ἑαυτοῦ
399 759 476 786 τοῦτο
502 757 582 795 λέγει,
603 756 683 786 ἄκουε
711 759 762 786 τῶν
787 757 856 793 ἑξῆς.

57 798 200 840 Ἐπιφέρει
216 800 279 840 γάρ·
305 814 317 826 ι
332 800 400 839 Ἐμὲ
423 801 463 831 δεῖ
488 802 643 841 ἐργάζεσθαι
664 801 699 830 τὰ
723 801 787 842 ἔργα
812 806 859 833 τοῦ

56 844 215 884 πέμψαντός
228 856 272 884 με.
293 857 307 874 ι)
325 861 365 868 -ι
381 859 392 872 ιι
408 845 492 884 Ἐμὲ,
512 860 523 871 ιι
541 846 624 886 φησὶ,
642 846 682 875 δεῖ
704 848 856 886 φανερῶσαι

916 262 975 298 ipse
985 263 1020 290 sit
1045 264 1089 299 qui
1104 264 1192 292 etalia
1208 265 1332 292 membra
1348 267 1480 295 condidit.
1494 268 1590 297 Dicens
1606 275 1710 306 autem,

920 317 933 332 (ι
949 308 988 335 Ut
995 308 1188 336 manifestatur
1198 310 1282 345 gloria
1293 310 1352 344 Dei,
1367 322 1379 335 ν
1387 311 1420 339 de
1426 312 1514 348 seipso
1524 313 1600 347 dicit,
1612 323 1667 343 non
1677 316 1712 344 de

916 352 1005 380 Patre.
1033 354 1104 381 Nam
1128 353 1200 381 illius
1212 354 1297 389 gloria
1311 355 1457 383 manifesta
1472 361 1541 391 erat,
1567 366 1645 387 suam
1660 368 1709 388 au-

915 400 971 424 tem
987 399 1130 433 oportebat
1151 399 1337 432 manifestare,
1355 400 1430 436 quod
1454 401 1512 436 ipse
1524 407 1584 430 erat
1597 403 1642 431 ille
1663 405 1710 440 qui

916 451 929 465 (ι
950 441 985 469 ab
994 442 1072 469 initio
1079 442 1332 472 fecerathominem
1344 443 1396 479 34';
1413 457 1426 469 ι»
1435 450 1463 473 et
1473 446 1551 482 plane
1562 455 1618 475 non
1628 456 1710 484 parva

914 490 973 513 erat
988 486 1073 522 gloria
1098 492 1127 515 ut
1151 488 1377 517 manifestaretur
1398 490 1470 526 quod
1495 491 1553 527 ipse
1576 493 1623 528 qui
1638 500 1712 521 nunc

914 532 1039 566 apparuit
1064 532 1160 567 homo,
1175 534 1246 561 sicut
1271 535 1346 562 Deus
1361 534 1387 562 in
1403 535 1539 571 principio
1554 537 1712 568 condiderit

916 575 1068 604 hominem.
1095 577 1174 612 Quod
1199 582 1290 606 autem
1310 578 1344 606 de
1357 580 1446 615 seipse
1469 580 1522 608 hoc
1545 581 1631 616 dicat,
1646 583 1710 611 audi

913 621 1070 657 sequentia;
1101 623 1196 650 subdit
1224 623 1311 655 enim,
1336 635 1348 647 α
1379 625 1495 660 Oportet
1522 633 1567 654 me
1601 627 1710 663 operari

911 674 993 701 opera
1010 668 1069 703 ejus
1080 668 1127 704 qui
1142 667 1215 695 misit
1227 676 1271 696 me
1284 668 1317 696 ³⁵.
1328 680 1340 693 υ
1355 669 1529 705 Oportetme,
1541 671 1641 707 inquit,
1654 679 1711 700 ma-

912 713 1042 741 nifestare
1058 713 1206 749 meipsum,
1217 717 1243 740 et
1255 713 1344 741 facere
1357 721 1438 749 opera
1453 723 1515 751 quae
1531 720 1649 751 possunt
1664 724 1710 745 me

913 758 1056 786 ostendere
1078 758 1167 786 facere
1191 758 1285 786 eadem
1318 766 1379 794 qua:
1408 760 1497 787 Pater.
1524 760 1592 788 Vide
1616 766 1710 790 autem

913 803 1053 839 quomodo
1068 811 1124 830 non
1137 802 1237 830 dixerit
1250 803 1323 838 quod
1341 803 1417 831 Talia
1441 803 1527 840 634
1542 810 1638 842 operat
1649 813 1710 842 qua:

913 847 995 875 faciat
1015 849 1106 882 Pater,
1130 851 1239 883 oportet
1253 851 1281 875 et
1294 855 1339 875 me
1353 848 1472 884 operari,
1500 849 1559 883 sed,
1586 849 1636 878 Illa
1652 850 1710 886 ipsa

55 889 195 927 ἐμαυτὸν,
208 890 253 919 καὶ
269 892 380 925 ποιῆσαι
393 890 457 930 ἔργα
472 889 505 920 τὰ
519 891 654 930 δυνάμενά
667 903 700 930 με
716 891 843 926 ἀποδεῐξα

922 891 1068 928 :quzefacit
1074 893 1310 920 Poterat—«Nam
1318 897 1427 928 oportet
1434 901 1487 927 me,
1494 893 1593 930 inquit,
1602 895 1710 931 operari

56 933 144 963 ταύτὰ
159 937 197 975 τῷ
213 935 454 976 Πατρὶγποιοῧντα.
470 933 546 975 Ὅρα
562 937 618 970 πῶς
635 937 682 965 οὐκ
699 931 772 965 εἶπεν
783 959 790 972 ,
807 936 857 976 ὅτι,

56 979 179 1009 Τοιαῦτα
200 979 266 1019 ἔργα
291 975 334 1009 οἶα
346 984 416 1009 ποιεῖ
442 981 456 1009 6
479 980 594 1021 Πατὴρ,
624 981 663 1010 δεῖ
685 980 755 1016 κάμὲ
780 981 857 1021 ἐργά-

56 1025 163 1060 ζεσθαι,
181 1024 252 1061 ἀλλ’,
277 1023 351 1054 Αὖτὰ
370 1024 456 1054 ἐκεῖνα
479 1039 491 1052 ιι
506 1025 523 1054 ἃ
543 1026 639 1055 ποιεῖὸ
653 1024 760 1065 Πατήρ.
784 1039 796 1052 ι
818 1044 857 1049 —-

58 1082 71 1094 α
87 1069 136 1098 Δεῖ
157 1068 208 1108 γάρ
231 1080 280 1107 με,
295 1069 389 1109 φησὶν,
414 1070 570 1109 ἐργάζεσθαι
591 1069 625 1100 τὰ
647 1069 711 1109 ἔργα
726 1080 740 1098 n
770 1072 857 1100 ἐκεῖνα

58 1112 146 1151 αὐτὰ,
159 1113 176 1142 ἃ
192 1115 209 1151 6_
223 1113 332 1154 πέμψας
353 1125 386 1153 με
401 1119 483 1146 ποιεῖ.
503 1117 597 1146 Ταῦτα
613 1114 639 1144 δὲ
658 1116 698 1143 δεῖ
723 1127 756 1153 με
782 1116 857 1155 ἐργά-

28 1177 31 1179 -
56 1160 149 1193 ζισθαι
162 1173 173 1184 ι
187 1158 236 1191 ἕως
255 1158 344 1199 ἡμέρα
369 1159 451 1188 ἐστί’»
476 1159 612 1189 τουτέστιν
625 1183 633 1199 ,
648 1159 723 1193 "Eme
746 1161 760 1189 6
785 1172 856 1201 παρ-

56 1201 94 1233 ὼν
118 1202 173 1242 βίος
188 1204 348 1240 ἀνέστηκεν,
374 1203 419 1233 καὶ
445 1204 570 1235 δύνανται
597 1204 732 1234 πιστεύειν
751 1206 786 1239 εἷς
809 1206 855 1244 ἐμὲ

55 1248 82 1278 οἱ
105 1247 253 1288 ἄνθρωποι·
278 1248 378 1278 ἐπείτοι
400 1261 430 1288 γε
453 1263 466 1276 α
493 1249 601 1289 ἔρχεται
623 1249 685 1287 νὺξ,
709 1251 751 1278 ὅτε
774 1251 856 1284 οὐδεὶς

56 1291 171 1322 δύναται
197 1292 367 1332 ἐργάσασθαι·
387 1307 399 1319 ι
427 1294 565 1330 τουτέστι,
598 1297 748 1324 πιστεῦσαι·
780 1295 854 1334 ἔργον

55 1337 110 1377 γὰρ
124 1337 173 1373 τὴν
187 1338 275 1366 πίστιν
295 1338 432 1377 ὀνομάζει.
454 1338 503 1369 Ἐν
518 1340 556 1379 τῷ
579 1339 702 1378 μέλλοντι
720 1335 763 1368 οὖν
781 1341 855 1369 αἰῶνι

73 1383 82 1393 9
92 1382 104 1392 Ν
118 1382 125 1394 1
177 1381 185 1392 I
366 1386 382 1392 ιι-
462 1383 470 1392 (
527 1383 534 1395 Ι
682 1384 688 1395 η
824 1384 831 1394 \
844 1397 848 1403 ἡ

56 1393 142 1415 ουοεις
155 1384 266 1412 δυναται
287 1394 440 1412 πιστευσαι.
474 1385 569 1424 Ημερα
593 1383 641 1422 μὲν
660 1396 711 1423 γαρ
727 1385 741 1413 6
761 1396 854 1424 παρωι

57 1426 114 1466 βίος
124 1449 134 1465 ,
151 1427 218 1457 διότι
233 1426 368 1466 δυνάμεθα
380 1429 414 1461 ὥς
429 1429 456 1458 ἓν
473 1428 561 1469 ἡμέρᾳ
576 1428 739 1468 ἐργάσασθαι
753 1428 794 1469 (εἰ
808 1430 855 1459 καὶ

55 1473 70 1501 6
88 1473 194 1505 Παῦλος
207 1471 289 1502 νύκτα
302 1475 395 1502 τοῦτον
409 1473 546 1511 ὀνομάζει,
563 1474 606 1503 διά
615 1486 644 1503 τε
659 1474 690 1503 τὸ
705 1474 855 1513 ἀγνοεῖσθαι

56 1518 169 1547 ἐνταῦθα
190 1516 296 1555 τοὺς,ἢ
320 1518 433 1557 ἀρετὴν,
461 1518 478 1553 ἢ
495 1518 608 1555 κακίαν,
632 1519 789 1556 μετιόντας,
808 1518 852 1548 καὶ
869 1539 890 1570 (π

63 1563 71 1570 ι
153 1561 159 1570 \
228 1561 234 1570 Ι
393 1565 410 1570 -ι
456 1562 489 1570 lsi
644 1563 651 1570 \
747 1565 755 1570 ι
774 1564 779 1570 ι
811 1566 817 1570 ι
881 1559 890 1570 Α

57 1563 96 1595 ὣς
112 1561 180 1599 πρὸς
204 1561 340 1602 σύγκρισιν
362 1565 410 1592 τοῦ
429 1562 570 1602 μέλλοντος
586 1563 670 1604 φωτὸς
686 1564 853 1604 περιλάμψαι
869 1559 892 1570 υ

56 1605 117 1639 τοὺς
138 1606 280 1645 δικαίους)⁶
304 1606 348 1641 νὺξ
373 1607 400 1636 δὲ
424 1609 437 1636 6
460 1608 585 1646 μέλλων,
611 1609 679 1637 διότι
695 1609 750 1637 ἐκεῖ
769 1609 852 1643 οὐδεὶς

56 1650 166 1681 δύναται
181 1651 362 1691 ἐργάσασθαι,
379 1653 400 1681 εἴ
416 1652 460 1681 καὶ
474 1654 488 1682 6
509 1654 616 1687 Παῦλος
636 1653 738 1693 ἡμέραν
760 1656 852 1683 τοῦτον

55 1696 150 1733 καλεῖ,
167 1697 210 1725 διὰ
228 1696 276 1732 τὴν
291 1697 474 1737 φωτοφάνειαν
491 1699 543 1726 τῶν
567 1697 691 1735 δικαίων,
713 1698 758 1727 καὶ
773 1698 853 1739 φανέ-

57 1752 140 1779 ρωσιν
152 1742 204 1770 τῶν
220 1741 326 1781 ἑκάστῳ
341 1741 523 1781 βεϐιωμένων.
546 1743 594 1773 Ἐν
609 1744 646 1782 τῷ
663 1742 786 1781 μέλλοντι
810 1739 854 1773 οὖν

75 1787 105 1797 ,θ’
182 1786 188 1797 Ι
280 1787 287 1797 Ί
432 1788 440 1797 3
552 1786 559 1797 \
625 1787 631 1797 Ι
775 1787 788 1798 Ἰ

56 1797 134 1814 αιωνι
157 1797 247 1820 πιστις
263 1798 310 1816 ουκ
325 1786 409 1823 ἔστιν,
426 1786 495 1816 αλλὰ
517 1799 563 1816 και
586 1788 688 1821 ἔχοντες
704 1787 750 1816 καὶ
770 1799 850 1817 ακον-

55 1841 98 1864 τες
115 1831 322 1862 ὑπακούσονται.
346 1845 358 1859 ι
373 1830 460 1862 ⁶¹Οταν
475 1826 520 1860 οὖν
540 1833 568 1861 ἐν
583 1833 620 1872 τῷ
637 1832 729 1872 κόσμῳ
744 1826 784 1869 ὦ,
799 1835 854 1872 φῶς

56 1875 114 1914 εἶμι
135 1877 182 1905 τοῦ
195 1875 306 1914 κόσμου·
325 1890 338 1902 ι
353 1876 396 1906 διὰ
410 1876 460 1916 γὰρ
476 1879 522 1912 τῆς
549 1876 725 1911 διδασκαλίας
746 1876 791 1906 καὶ
807 1881 854 1914 τῆς

53 1919 206 1954 ἐπιδείξεως
218 1922 270 1950 τῶν
296 1922 439 1960 θαυμάτων
455 1922 560 1962 φωτίζω
583 1921 630 1955 τὰς
645 1921 742 1962 ψυχάς,
766 1921 854 1953 "Dare

913 945 994 973 opera
1012 947 1027 963 »
1052 937 1095 965 illa
1114 937 1182 972 ipsa,
1205 945 1266 973 qua:
1288 937 1312 965 is
1326 937 1373 974 qui
1388 937 1463 965 misit
1476 946 1532 972 me,
1547 938 1624 967 facit.
1641 941 1710 968 Haec

913 986 1007 1010 autem
1017 986 1124 1018 oportet
1131 990 1175 1009 me
1182 981 1310 1017 operaria
1323 982 1444 1018 quandiu
1454 982 1511 1010 dies
1520 987 1573 1017 est,
1583 995 1596 1007 ν
1608 983 1661 1011 hoc
1668 988 1710 1012 est

912 1026 1034 1064 quandiu
1054 1034 1176 1062 prmsens
1191 1027 1245 1054 vita
1260 1026 1361 1062 agitur,
1376 1031 1407 1054 ut
1420 1026 1548 1055 homines
1564 1029 1671 1064 possint
1682 1028 1710 1056 in

912 1079 956 1099 me
982 1071 1095 1100 credere
1120 1079 1126 1098 :
1149 1071 1212 1107 quia
1239 1080 1253 1096 ιι
1281 1075 1393 1099 ventura
1426 1075 1469 1099 est
1500 1079 1566 1106 nox,
1599 1073 1627 1100 in
1653 1081 1708 1109 qua

911 1116 1002 1144 nullus
1015 1116 1115 1152 poterit
1128 1115 1236 1152 operari
1245 1114 1278 1149 “,
1296 1127 1308 1139 ιι
1319 1115 1344 1144 id
1360 1119 1402 1144 est
1413 1116 1533 1145 credere.
1547 1118 1624 1153 Opus
1635 1118 1708 1146 enim

911 1160 994 1188 ﬁdem
1009 1160 1140 1188 nominat.
1154 1162 1249 1196 Itaque
1259 1160 1285 1187 in
1301 1159 1395 1188 futuro
1405 1161 1507 1189 saeculo
1518 1162 1608 1190 nullus
1619 1166 1709 1198 potest

909 1205 1030 1233 credere.
1058 1206 1129 1234 Nam
1153 1205 1212 1233 dies
1227 1204 1338 1240 quidem
1370 1213 1492 1241 praesens
1517 1206 1573 1234 vita
1601 1211 1654 1240 est,
1675 1215 1708 1235 eo

911 1250 983 1286 quod
1000 1258 1144 1285 possumus
1155 1258 1228 1278 nunc
1241 1249 1312 1277 sicut
1326 1249 1353 1277 in
1366 1249 1410 1277 die
1429 1251 1538 1286 operari
1559 1260 1565 1278 :
1580 1252 1708 1287 quamvis

911 1299 938 1322 et
958 1295 1061 1322 Paulus
1088 1294 1159 1322 hanc
1180 1298 1290 1322 noctem
1313 1294 1451 1328 nominet,
1471 1302 1504 1323 eo
1524 1296 1599 1332 quod
1624 1296 1652 1323 in
1675 1304 1707 1325 ea

911 1339 1049 1375 ignoretur
1067 1339 1127 1375 quis
1151 1339 1282 1367 virtutem
1308 1339 1348 1366 vel
1370 1343 1512 1374 peccatum
1528 1344 1668 1375 operetur,
1680 1344 1708 1369 et

911 1383 1003 1420 quoad
1024 1382 1260 1419 comparationem
1289 1382 1387 1411 futurae
1411 1383 1481 1411 lucis
1504 1392 1565 1420 qua:
1587 1385 1707 1414 circum-

910 1427 1025 1465 fulgebit
1039 1428 1140 1463 jnstos.
1153 1429 1212 1456 Nox
1238 1431 1329 1455 autem
1347 1432 1390 1456 est
1413 1427 1537 1456 futurum
1562 1429 1707 1463 sarculum,

910 1481 942 1501 eo
968 1473 1040 1508 quod
1068 1473 1160 1500 nullus
1185 1472 1240 1501 illic
1261 1472 1362 1508 poterit
1384 1473 1507 1508 operari;
1533 1475 1658 1509 quamvis
1680 1478 1708 1503 et

911 1518 1011 1546 Paulus
1042 1517 1094 1545 hoc
1125 1517 1198 1545 diem
1226 1521 1322 1551 vocet,
1345 1525 1379 1545 eo
1402 1517 1477 1553 quod
1497 1521 1561 1546 tunc
1583 1523 1615 1546 ut
1638 1530 1651 1544 ι
1678 1520 1707 1548 in

905 1563 965 1590 luce
979 1561 1153 1598 refulgebunt
1175 1561 1252 1598 justi,
1272 1566 1299 1590 et
1313 1562 1482 1597 apparebunt
1495 1563 1708 1600 uniuscujusque

907 1606 979 1635 facta
990 1606 1055 1634 3".n
1067 1608 1163 1643 Itaque
1173 1606 1200 1634 in
1213 1606 1310 1634 futuro
1324 1607 1424 1635 saeculo
1438 1606 1506 1635 fides
1515 1616 1570 1635 non
1585 1609 1648 1642 erit,
1659 1608 1708 1637 sed

907 1656 935 1680 et
941 1651 1087 1680 voluntarii
1098 1651 1304 1687 etinvoluntarii
1312 1651 1449 1680 obedient.
1461 1663 1474 1676 ι
1486 1652 1614 1687 Quandin
1623 1653 1708 1689 igitur

909 1696 937 1725 in
948 1696 1050 1725 mundo
1058 1704 1117 1732 ero,
1131 1696 1175 1724 lux
1189 1703 1249 1723 sum
1262 1696 1361 1724 mundi
1373 1705 1379 1723 :
1391 1704 1456 1732 ’ρει-
1467 1696 1624 1726 doctrinam
1633 1698 1708 1726 enim

909 1746 938 1770 et
947 1741 1145 1770 miraculorum
1155 1741 1365 1769 ostentationem
1376 1741 1482 1769 illustro
1491 1742 1610 1777 animas,
1625 1747 1708 1779 atque

909 1787 947 1815 ita
963 1790 1071 1823 oportet
1091 1794 1137 1814 me
1152 1786 1237 1814 etiam
1251 1794 1324 1814 nunc
1349 1787 1504 1815 multorum
1518 1787 1626 1815 animas
1641 1788 1704 1816 illu-

908 1832 1023 1867 minare,
1050 1839 1097 1867 per
1121 1831 1174 1859 hoc
1206 1830 1280 1866 quod
1304 1838 1371 1859 sano
1397 1839 1513 1866 cazcum,
1537 1835 1565 1860 et
1590 1832 1707 1868 pupillas

909 1876 1056 1904 oculorum
1081 1874 1141 1910 ejus
1164 1874 1279 1902 illustro.
1296 1875 1367 1902 Nam
1383 1875 1447 1910 quia
1468 1875 1512 1903 lux
1528 1884 1602 1909 sum,
1627 1884 1708 1912 opor-

908 1925 951 1949 tet
973 1928 1019 1948 me
1047 1922 1075 1948 et
1098 1918 1266 1947 sensibiliter
1288 1923 1316 1947 et
1337 1919 1516 1955 spiritualiter
1540 1920 1706 1949 illuminare.

53 1965 97 1994 δεῖ
110 1977 144 2003 με
166 1965 212 1994 καὶ
235 1969 279 1996 νῦν
300 1967 414 2006 φωτίσαι
435 1967 541 1997 πολλῶν
562 1966 665 2007 ψυχὰς,
681 1966 724 1996 διὰ
744 1969 790 1996 τοῦ
811 1970 972 2009 (θεραπεῦσαι
989 1965 1033 1995 τὸν
1053 1964 1169 2005 τυφλὸν,
1190 1963 1236 1994 καὶ
1259 1963 1373 2004 φωτίσαι
1395 1964 1475 1994 αὐτοῦ
1493 1963 1541 1998 τὰς
1555 1964 1635 2005 κόρας
1655 1967 1708 1995 τῶν

53 2009 199 2049 ὀμμάτων·
211 2011 269 2040 ἐπεὶ
283 2010 334 2050 γὰρ
346 2013 400 2051 φῶς
415 2013 486 2050 εἶμι,
505 2012 545 2041 δεῖ
559 2023 591 2050 με
603 2012 649 2041 καὶ
663 2013 793 2048 αἰσθητῶς
808 2014 853 2043 καὶ
868 2011 1052 2051 πνευματικῶς
1070 2010 1204 2051 φωτίζειν.

116 2068 128 2082 ι
153 2056 246 2085 Ταῦτα
276 2055 373 2092 εἰπὼν,
408 2056 505 2085 ἔπτυσε
531 2056 637 2097 χαμαὶ,
671 2056 716 2086 καὶ
743 2057 851 2093 ἐποίησε

54 2098 142 2135 πηλὸν
158 2100 189 2129 ἐκ
213 2102 257 2129 τοῦ
282 2100 454 2140 πτύσματος,
480 2101 526 2130 καὶ
551 2101 676 2141 ἐπέχρισε
699 2102 743 2130 τὸν
766 2103 850 2138 πηλὸν
865 2113 890 2144 D

56 2144 101 2173 ἐπὶ
127 2144 187 2178 τοὺς
212 2144 361 2184 ὄρθαλμοὺς
391 2148 436 2175 τοῦ
463 2147 578 2187 τυφλοῦ,
609 2147 654 2175 καὶ
679 2141 750 2175 εἶπεν
771 2147 851 2187 αὐτῷ·

54 2188 184 2229 ι⁷Υπαγι,
210 2189 286 2230 νίψαι
306 2191 341 2224 εἰς
367 2190 415 2226 τὴν
444 2190 631 2231 κολυμϐήθραν
647 2193 693 2221 τοῦ
720 2191 851 2228 Σιλωὰμ,

53 2233 69 2263 ὃ
111 2233 288 2273 ἑρμηνεύεται
321 2235 597 2274 ἀπεσταλμένος.
642 2235 771 2271 Ἀπῆλθεν
808 2231 853 2266 οὖν

54 2277 101 2308 καὶ
131 2278 254 2319 ἐνίψατο,
293 2280 339 2308 καὶ
378 2275 440 2316 ἦλθε
475 2279 591 2319 βλέπων.
623 2294 635 2306 ι
675 2297 716 2303 —
741 2280 851 2319 Εἰπὼν,

54 2323 138 2363 φησὶ,
174 2326 256 2353 ταῦτα
292 2325 306 2353 6
337 2324 459 2360 Ἰησοῦς,
497 2325 545 2354 οὐκ
583 2325 646 2364 ἄχρι
681 2327 733 2354 τῶν
766 2326 853 2366 ῥημά-

53 2379 108 2397 των
141 2367 223 2404 ἔστη,
257 2369 325 2398 ἀλλὰ
348 2368 395 2398 καὶ
421 2369 452 2398 τὸ
486 2368 560 2408 ἔργον
586 2369 722 2406 ἐπέθηκεν.
752 2384 764 2396 ι
803 2369 854 2400 Ἐ-

52 2424 139 2442 πτυσε
159 2413 211 2453 γὰρ
227 2413 334 2454 χαμαὶ,
353 2413 401 2442 καὶ
419 2413 504 2449 πηλὸν
524 2414 636 2450 ποιήσας
658 2414 779 2454 ἐπέχρισε
794 2414 852 2449 τοὺς

51 2457 203 2498 ὀφθαλμοὺς
231 2461 276 2488 τοῦ
304 2460 413 2499 τυφλοῦ·
433 2472 445 2485 ι
467 2459 592 2488 δεικνύων
612 2458 656 2488 διὰ
685 2463 730 2488 τοῦ
750 2461 851 2497 πηλοῦ,

51 2501 93 2531 ὅτι
109 2501 184 2536 αὐτός
209 2503 280 2532 ἐστιν
300 2504 314 2532 6
328 2503 373 2533 καὶ
389 2503 432 2533 τὸν
448 2503 533 2541 Ἀδὰμ
553 2503 605 2533 ἀπὸ
624 2506 710 2540 πηλοῦ
731 2504 847 2539 πλάσας.

79 2547 92 2568 λ
117 2546 164 2568 ..ἓν
181 2547 232 2568 "Am
249 2548 330 2568 εἵη-ατη
362 2548 398 2568 π..
431 2547 504 2568 ’Πιηΐι
529 2549 580 2568 .i...
598 2551 611 2568 ἲ.
627 2549 669 2568 -λυ
682 2548 763 2568 τη)...
781 2549 835 2568 ..δέ

51 2547 92 2577 Τὸ
116 2547 164 2584 μὲν
181 2547 232 2587 γὰρ
248 2548 346 2586 εἰπεῖν,
361 2548 416 2585 ὅτι,
431 2547 504 2588 Ἐγώ
528 2549 582 2587 εἶμι
597 2551 611 2578 6
627 2549 669 2578 τὸν
682 2548 767 2587 ’Λδᾶμ
781 2549 850 2578 πλά-

51 2603 117 2627 σας,
152 2592 298 2630 πρόσαντες
326 2592 410 2622 ἐδόκει
433 2597 487 2627 τοῖς
506 2592 644 2623 ἀκούουσι·
677 2593 720 2622 διὰ
751 2593 777 2623 δὲ
805 2597 849 2624 τοῦ

51 2636 128 2676 ἔργου
152 2636 337 2675 δεικνύμενον,
361 2639 409 2668 οὐκ
433 2638 472 2667 ἔτι
493 2638 585 2667 λοιπὸν
608 2638 783 2678 προσίστατο·
807 2638 850 2668 διὰ

50 2683 128 2711 τοῦτο
144 2682 188 2711 καὶ
205 2681 257 2711 ἀπὸ
272 2683 359 2718 πηλοῦ
375 2683 409 2712 τὰ
431 2682 543 2724 ὄμματα
567 2684 739 2723 δημιουργεῖ,
758 2683 849 2724 ἐκείνῳ

50 2727 88 2766 τῷ
116 2727 208 2767 τρόπῳ
232 2728 281 2763 τῆς
302 2727 492 2767 δημιουργίας,
510 2722 532 2767 ᾧ
554 2728 599 2757 καὶ
624 2728 667 2757 τὸν
682 2728 768 2767 Ἀδὰμ
789 2729 850 2764 ἐδη-

123 2820 157 2838 ³⁴⁵
172 2821 272 2851 Matth.
285 2829 359 2858 xm,
370 2825 398 2851 4.

454 2820 572 2852 “Joan.
595 2829 645 2859 Ix,
675 2826 702 2852 4.
758 2821 786 2861 ⁵⁸,
802 2823 875 2852 Ibid.

942 2062 1033 2089 Vens.
1049 2063 1104 2088 6—7.
1134 2067 1149 2086 α
1175 2059 1236 2086 Hoc
1248 2065 1312 2086 cum
1336 2057 1459 2092 dixisset,
1479 2058 1585 2094 exspuit
1611 2058 1639 2087 in
1651 2063 1708 2089 ter-

907 2114 977 2139 ram,
992 2109 1020 2133 et
1034 2103 1096 2132 fecit
1110 2103 1198 2131 lutum
1211 2111 1245 2131 ex
1264 2106 1356 2139 sputo,
1378 2107 1405 2131 et
1426 2103 1510 2132 illevit
1529 2103 1617 2132 lutum
1627 2112 1710 2141 super

909 2151 1003 2179 oculos
1026 2149 1102 2183 caeci,
1120 2153 1147 2177 et
1172 2148 1240 2176 dixit
1271 2147 1294 2176 ei
1322 2147 1432 2182 :Vade,
1456 2148 1515 2176 lava
1541 2149 1570 2176 in
1598 2149 1703 2185 piscina

909 2196 998 2229 Siloa},
1023 2193 1097 2231 quod
1118 2193 1142 2220 si
1160 2192 1358 2229 interpreteris,
1383 2197 1463 2221 sonat
1488 2194 1602 2221 missus.
1627 2194 1708 2222 Abiit

907 2248 983 2276 ergo,
994 2243 1022 2268 et
1040 2237 1117 2272 lavit,
1130 2238 1242 2266 etvenit
1254 2237 1360 2265 videns.
1377 2249 1387 2262 ι
1408 2237 1523 2272 Dicens,
1539 2237 1640 2274 inquit,
1650 2238 1709 2267 hinc

906 2287 996 2318 Jesus,
1017 2292 1075 2312 non
1101 2283 1144 2310 his
1160 2282 1249 2311 verbis
1278 2286 1426 2310 contentus
1447 2287 1502 2317 est,
1527 2283 1614 2311 sedet
1639 2291 1709 2319 opus

906 2329 1021 2357 addidit.
1037 2340 1050 2353 ι
1066 2327 1184 2364 Exspuit
1197 2327 1271 2355 enim
1284 2327 1312 2354 in
1336 2331 1449 2361 terram,
1467 2331 1494 2354 et
1518 2327 1607 2355 lutum
1632 2327 1707 2362 fecit,

905 2373 1065 2410 inunxitque
1089 2373 1183 2400 oculos
1207 2371 1272 2400 caeci
1299 2381 1336 2399 ξι
1365 2371 1512 2400 ostendens
1538 2379 1586 2408 per
1601 2372 1708 2408 lutum,

905 2419 980 2455 quod
1007 2419 1066 2455 ipse
1093 2418 1129 2446 sit
1154 2417 1201 2454 qui
1230 2421 1258 2444 et
1275 2416 1365 2444 Adam
1385 2416 1419 2444 de
1448 2417 1507 2444 luto
1531 2416 1705 2446 formaverit.

906 2462 1031 2492 Dicendo
1048 2462 1124 2491 enim
1151 2471 1157 2489 :
1184 2463 1241 2497 Ego
1253 2469 1316 2489 sum
1345 2461 1390 2497 qui
1417 2461 1506 2489 Adam
1530 2461 1648 2490 formavi
1671 2462 1695 2481 ³⁷

905 2508 1076 2544 arrogantius
1090 2508 1180 2535 visum
1206 2505 1302 2534 fuisset
1325 2505 1500 2534 audientibus
1523 2515 1530 2534 :
1557 2507 1630 2542 quod
1661 2515 1710 2543 per

905 2561 973 2589 opus
988 2556 1172 2581 monstratum
1185 2559 1240 2579 non
1260 2551 1297 2578 ita
1322 2549 1439 2579 offendit
1453 2560 1460 2579 :
1479 2555 1622 2587 propterea
1634 2555 1660 2579 et
1673 2551 1708 2579 de

906 2598 963 2626 luto
977 2597 1072 2626 oculos
1100 2597 1139 2625 illi
1158 2596 1259 2624 format
1281 2603 1358 2624 more
1381 2595 1481 2631 opiﬁcii
1504 2604 1559 2632 quo
1575 2600 1603 2624 et
1616 2595 1707 2623 Adam

904 2641 1040 2671 formatus
1051 2646 1100 2670 est.
1116 2642 1180 2669 Non
1208 2640 1334 2668 formavit
1356 2644 1449 2668 autem
1465 2644 1574 2667 tantum
1598 2639 1704 2673 oculos,

904 2695 992 2724 neque
1024 2687 1132 2723 aperuit
1162 2688 1282 2717 tantum,
1308 2685 1356 2713 sed
1382 2689 1411 2713 et
1440 2685 1531 2712 videre
1557 2683 1706 2718 concessit;

903 2732 977 2760 unde
996 2732 1108 2768 signum
1122 2734 1164 2759 est
1177 2730 1251 2766 quod
1262 2734 1290 2758 et
1302 2729 1370 2758 Adae
1383 2729 1506 2757 animam
1523 2728 1710 2764 inspiraverit.

911 2822 947 2842 ⁸⁶⁴
960 2821 1059 2852 Matth.
1071 2829 1141 2857 x111,
1156 2823 1202 2850 43.
1216 2819 1239 2839 ³⁷
1254 2821 1324 2850 Gen.
1341 2827 1378 2854 ιι,
1391 2822 1417 2846 7.
