1910 3077
75 149 114 176 49
481 151 676 179 ENARRATIO
697 152 728 179 IN
749 151 964 179 EVANGELIUM
982 152 1133 180 JOANNIS.
1154 167 1188 172 —
1207 152 1282 180 CAP.
1306 153 1347 180 ΙΧ.
1701 155 1736 182 50

75 214 171 250 λ-ογεῖ.

78 258 178 293 ἔστης
193 256 258 287 ’Λπὸ
281 259 326 293 τῆς
349 257 415 297 πρὸς
435 258 494 292 τοὺς
511 259 630 296 μαθητὰς
651 259 801 293 διαλέξεως·
827 260 884 289 ἐπεὶ

79 301 137 342 γὰρ
154 301 300 342 ἠρώτησαν
326 303 373 341 μὲν
393 304 417 333 οἱ
446 304 565 341 μαθηταὶ
586 304 646 342 περὶ
660 305 742 334 αὐτοῦ
764 304 807 334 τὸν
830 304 884 335 Κύ-

81 358 141 386 ριον
154 370 164 385 ,
181 349 195 376 6
214 347 240 376 δὲ
254 348 338 377 πλείω
353 347 476 388 διελέχθη
498 350 602 384 αὐτοῖς,
626 349 666 378 ὅτι
689 361 717 379 τε
728 372 737 389 ,
764 363 776 376 ι
793 349 841 379 Δεῖ
853 362 886 388 με

80 392 247 432 ἐργάζεσθαι
271 392 305 422 τὰ
323 392 386 432 ἔργα
403 395 448 422 τοῦ
471 392 624 434 πέμψαντός
651 406 701 432 με,
727 405 741 422 ›)
765 394 810 423 καὶ
826 395 884 432 ὅτι,

82 447 97 464 α
117 438 189 470 Φῶς
212 438 266 474 εἶμι
282 440 329 466 τοῦ
352 437 468 476 κόσμου,
487 450 500 466 ι)
524 441 634 467 τοιαῦτα
658 439 684 467 δὲ
707 438 791 472 οὐδεὶς
808 439 885 472 ἄλλος

78 481 245 517 ἐδίδασκεν,
272 483 294 511 εἷ
323 482 360 520 μὴ
384 482 460 520 μόνος
475 482 618 520 ὁἸησοῧς,
645 484 690 512 καὶ
714 484 815 516 τούτοις
832 484 886 516 τοῖς

79 526 192 566 ῥήμασι
209 526 338 566 συχνάκις
363 526 508 566 ἐκέχρητό,
530 530 559 557 ἐκ
573 528 672 557 τούτων
694 529 795 568 ἐπέγνω
811 530 825 557 6
841 540 885 557 τυ-

222 212 308 242 Πόθεν
331 213 358 242 δὲ
384 213 559 252 ἐπεγίνωσκεν
588 214 680 250 αὑτὸν,
707 214 750 244 ὅτι
781 214 881 251 Ἰησοῦς

975 219 1099 251 queretur
1111 215 1162 248 eis,
1176 223 1275 250 nempe
1289 236 1296 249 ,
1314 227 1325 238 τι
1343 215 1460 250 Oportet
1471 223 1515 244 me
1530 217 1638 251 operari
1652 224 1735 252 opera

939 259 999 295 ejus
1015 260 1060 296 qui
1076 260 1151 287 misit
1163 267 1218 292 me,
1229 263 1266 292 et,
1283 272 1294 283 α
1316 261 1374 287 Lux
1389 267 1450 287 sum
1467 260 1558 287 mundi
1572 261 1595 279 ³⁸
1615 270 1622 289 :
1639 273 1652 285 ι›
1668 261 1734 289 talia

940 309 1032 332 autem
1047 305 1139 332 nullus
1155 304 1224 332 alius
1238 304 1362 338 docebat,
1384 305 1436 332 nisi
1452 305 1526 332 solus
1538 306 1628 339 Jcsus,
1642 310 1670 333 et
1681 306 1734 334 illis

941 349 1030 377 verbis
1058 349 1154 377 crebro
1174 357 1240 377 usus
1265 353 1328 377 est:
1352 349 1415 377 inde
1439 349 1547 384 agnovit
1568 358 1631 378 eum
1646 358 1734 379 caecus

940 393 1012 430 quod
1027 395 1107 422 Jesus
1134 398 1215 422 esset.
1232 395 1300 422 Nam
1323 393 1465 422 facientem
1482 394 1581 427 lutum,
1602 398 1629 421 et
1650 395 1734 422 inun-

939 443 1049 474 gentem
1071 438 1175 473 oculos,
1191 447 1223 467 ex
1245 443 1371 466 contactu
1382 439 1502 474 agnovit,
1519 443 1663 474 spuentem
1678 447 1734 466 non

940 483 1015 511 item.
1039 485 1101 511 Non
1125 484 1199 511 enim
1227 484 1343 517 sciebat,
1368 488 1395 512 et
1415 487 1556 519 propterea
1583 483 1657 520 quod
1684 490 1734 511 ne-

941 528 1055 562 sciebat,
1075 536 1131 556 non
1145 528 1258 560 addidit,
1278 529 1347 556 adeo
1366 533 1425 556 erat
1443 528 1526 556 homo
1540 536 1631 556 verax.

79 571 166 611 φλὸς,
191 570 232 614 ὅτι
256 571 358 607 Ἰησοῦς
381 573 447 602 ἐστι.
473 573 513 602 Τὸ
539 572 586 611 μὲν
611 568 656 602 οὖν
677 575 788 608 ποιῆσαι
813 574 917 610 πηλὸν,
944 573 990 602 καὶ
1016 574 1152 613 ἐπιχρῐσαι
1172 574 1231 607 τοὺς
1258 574 1424 614 ὀφθαλμοὺς,
1453 574 1481 602 ἐκ
1513 575 1560 608 τ’ἤς
1584 573 1652 610 ἀρῆς
1675 573 1735 602 ἐπι-

79 615 164 654 γνοὺς
197 611 264 645 εἶπε·
292 616 322 645 τὸ
353 616 378 645 δὲ
409 617 506 646 πτύσαι
536 618 582 646 οὐκ
611 617 661 649 ἔτι.
689 619 730 648 Οὐ
759 618 810 658 γὰρ
839 613 901 647 οἶδε·
931 618 1021 659 διόπερ
1049 620 1096 648 οὔκ
1130 619 1252 658 ἐπέγνω,
1279 611 1342 649 ὀῦδὲ
1372 621 1559 658 προστίθησιν,
1589 618 1670 651 οὕτως
1702 613 1735 655 ἧν

79 661 189 696 ἀληθὴς
212 663 225 690 6
250 661 393 700 ἅνθρωπος.

125 720 137 732 ι
158 700 244 747 Ἐξίπον
270 701 314 735 οὖν
339 707 428 746 αὐτῷ·
456 708 513 736 Ποῖῐ
538 708 609 737 ἐστιν
640 709 749 746 ἐκεῖνος
791 707 883 747 Λέγει·

81 751 146 780 Οὖκ
163 745 232 780 οἶδα,
255 749 379 792 Ἄγουσιν
397 751 474 780 αὐτὸν
491 752 556 791 πρὸς
575 752 634 786 τοὺς
659 753 825 792 Φαρισαίους
836 745 882 782 ’τόν

975 714 1064 742 Vens.
1091 716 1185 742 12-16.
1213 726 1225 738 α
1242 715 1377 742 Dixerunt
1399 721 1464 749 ergo
1480 713 1505 740 ei
1522 723 1528 741 :
1542 713 1596 741 Ubi
1613 716 1656 741 est
1672 712 1735 741 ille?

939 758 984 786 Ait
998 767 1004 784 :
1031 760 1140 787 Nescio.
1158 758 1307 787 Adducunt
1325 758 1360 786 ad
1378 758 1530 786 Pharists
1544 765 1607 785 eum
1622 757 1668 793 qui
1683 757 1734 785 du-

82 807 151 825 ποτε
168 795 275 834 τυςιλόν.
294 791 348 826 Ἶιν
369 796 396 825 δὲ
413 797 554 826 Σάϐϐατον
569 797 611 827 ὅτε
632 798 676 827 τὸν
696 791 780 831 πηλὸν
797 798 881 834 ἐποίη-

980 811 1007 831 ιη
1019 811 1108 832 caecus
1117 803 1215 832 fuerat.
1225 805 1293 831 Erat
1305 807 1397 831 autem
1410 803 1561 831 Sabbatum
1573 791 1734 830 cunilutum

82 852 131 869 σεν
153 842 168 870 6
186 840 302 887 Ἰησοῦς,
322 841 367 870 καὶ
390 841 500 881 ἀνέῳξεν
529 843 609 872 αὐτοῦ
634 842 695 876 τοὺς
719 843 881 882 ὀφθαλμούς.

86 886 178 914 Πάλιν
201 886 246 914 οὖν
266 887 377 924 ἠρώτων
407 887 484 916 αὑτὸν
511 889 534 916 οἱ
562 888 728 926 Φαρισαῖοι,
757 889 812 920 πῶς
835 890 884 916 ἆν-

82 929 208 970 έϐλεψεν.
225 929 259 960 Ὁ
280 931 307 959 δὲ
332 926 403 961 εἶπεν
429 932 535 965 αὐτοῖς·
570 933 662 967 Πηλὸν
689 932 814 968 ἐπέθηκεν
840 932 884 961 ἐπὶ

79 974 145 1008 τοὺς
158 975 308 1017 ὄξροαλμούς
324 987 373 1013 μου
383 999 390 1013 ,
403 976 448 1004 καὶ
464 976 611 1017 ἐνιψάμην,
622 977 668 1006 καὶ
685 977 786 1016 βλέπω.
801 976 882 1006 1Ἑλε-

83 1031 130 1058 γον
157 1015 201 1049 οὖν
219 1021 248 1049 ἐκ
263 1022 315 1049 τῶν
333 1020 492 1061 Φαρισαίων
511 1015 594 1055 τινές·
614 1015 700 1054 Οὗτος
721 1024 734 1050 6
751 1022 885 1061 ἅνθρωπος

81 1066 133 1093 οὖκ
157 1064 214 1094 ἔστι
239 1065 312 1105 παρὰ
332 1066 421 1103 θεοῦ,
447 1065 487 1095 ὅτι
516 1066 546 1095 τὸ
574 1066 716 1096 Σάϐϐατον
744 1067 773 1095 οὐ
798 1071 883 1106 τηρεῖ.

79 1108 176 1138 Ἄλλοι
202 1109 303 1149 ἔλεγον
333 1111 398 1143 Πῶς
427 1111 539 1140 δύναται
562 1111 698 1151 ἅνθρωπος
727 1111 885 1151 ἁμαρτωλὸς

81 1156 196 1183 τοιαῦτα
212 1160 311 1194 σημεῖα
328 1159 410 1184 ποιεῖν
424 1167 432 1191 ;
464 1156 518 1185 Καὶ
534 1156 637 1195 σχίσμα
660 1152 693 1191 ’ἦν
716 1157 741 1185 ἐν
757 1157 854 1188 αὐτοῖς.
873 1169 884 1183 ιι

82 1198 200 1235 Ἐπειδὴ
221 1202 235 1229 6
261 1200 357 1239 Κύριος
381 1200 555 1240 θεραπεύων,
584 1201 630 1230 καὶ
659 1203 751 1239 Οαῦμα
778 1203 882 1238 ποιῶν,

84 1242 178 1272 εἴωθεν
211 1244 322 1274 ἐκνεύειν
351 1244 394 1274 διὰ
428 1245 458 1274 τὸ
485 1245 678 1284 ἀκόμπαστον,
706 1246 847 1285 ἐρωτηθεὶς
870 1248 884 1274 6

81 1289 202 1329 τυφλὸς,
232 1291 287 1320 Ποῦ
312 1291 381 1319 ἔστιν
404 1291 514 1326 ἐκεῖνος
542 1290 622 1329 λέγει’
653 1302 667 1319 ι(
693 1292 752 1320 Οὐκ
779 1285 854 1327 οἶδα,
871 1304 883 1317 ι

83 1333 224 1369 ἀληθεύων
250 1335 356 1368 πάντως
381 1337 430 1364 κᾶν
458 1335 551 1374 τούτῳ.
569 1349 581 1361 ιι
608 1333 723 1373 Ἀγουσι
752 1335 779 1364 δὲ
806 1336 883 1365 αὐτὸν

83 1378 153 1416 πρὸς
178 1379 236 1412 τοὺς
253 1380 438 1419 Φαρισαίους,
457 1393 467 1406 η
496 1380 538 1409 διὰ
564 1379 593 1409 τὸ
616 1380 790 1420 σφοδροτέρας
817 1382 882 1420 ἔρω-

84 1423 189 1459 τῆσεως
219 1425 266 1454 καὶ
289 1425 447 1464 δριμυτέρας
473 1425 628 1461 ἀξιωθῆναι,
658 1425 883 1463 Ἐπισημαίνεται

84 1468 114 1498 δὲ
128 1470 142 1497 6
157 1469 344 1508 εὖαγγελιστῆς
355 1493 362 1506 ,
379 1471 419 1500 ὅτι
444 1470 588 1500 Σάϐϐατον
608 1465 654 1506 ἦν,
674 1470 717 1500 ἵνα
735 1470 882 1506 ἐνδείξηται

82 1512 133 1548 τὴν
160 1514 287 1554 πονηρίαν
317 1516 423 1552 αὐτῶν,
452 1518 487 1548 ὡς
519 1514 704 1555 δρασσομίνων
738 1515 881 1556 προεράσεις

83 1558 155 1588 κατὰ
171 1560 305 1598 Χριστοῦ,
321 1559 366 1588 καὶ
389 1559 569 1599 ἐγκαλούντων
587 1561 658 1598 αὖτῷ
674 1559 721 1595 τὴν
742 1562 789 1589 τοῦ
805 1560 880 1590 Σαϐ-

87 1602 172 1633 ϐάτου
189 1603 360 1643 παράϐασιν,
375 1605 420 1634 καὶ
442 1605 485 1634 διὰ
506 1606 605 1641 ταύτην
622 1605 770 1638 συσκιάζειν
785 1617 882 1645 πειρω-

87 1647 174 1685 μένων
198 1648 229 1677 rb
252 1651 352 1687 θαῦμα·
383 1649 423 1678 διὸ
454 1649 512 1678 οὐδὲ
542 1651 672 1689 ἐρωτῶσιν
699 1649 792 1686 αὐτὸν,
820 1651 882 1683 Πῶς

86 1693 243 1733 ἄνέϐλεψας,
258 1694 338 1732 ἀλλὰ,
347 1707 360 1719 ι
373 1695 437 1727 Πῶς
452 1693 550 1734 ἀνέῳξέ
560 1706 606 1724 σου
623 1694 681 1728 τοὺς
691 1695 841 1733 ὀφθαλμούς
852 1707 859 1732 ;
870 1708 882 1721 υ

85 1736 115 1765 τὸ
131 1737 189 1766 ὅλον
206 1738 393 1772 διαϐάλλοντες
407 1739 450 1767 τὸν
470 1738 579 1778 Κύριον,
596 1740 631 1772 ὥς
645 1740 671 1768 ἐν
687 1740 724 1778 τῷ
743 1739 881 1780 Σαϐϐάτῳ

85 1781 284 1821 ἐργασάμενον,
307 1783 496 1822 ἀναγκάζοντες
525 1783 603 1812 αὐτὸν
630 1783 675 1812 τὸν
698 1783 795 1822 τυφλὸν
819 1785 879 1813 ἐπι-

87 1829 254 1864 μνησθῆναι,
282 1827 320 1856 ὅτι
334 1828 418 1863 πηλὸν
439 1828 561 1864 ἐποίησεν
585 1829 610 1857 ἐν
626 1830 664 1868 τῷ
680 1828 817 1868 Σαϐϐάτῳ
833 1829 882 1864 δη-

86 1870 166 1906 λαδή.
183 1871 268 1905 Αὐτὸς
286 1871 313 1901 δὲ
324 1874 357 1906 ὡς
372 1873 436 1912 προς
456 1873 604 1908 ἀκηκοότας
619 1873 670 1908 ἤδη
687 1872 882 1912 διαλεγόμενος,

87 1914 147 1946 οὔτε
171 1919 217 1946 τοῦ
240 1917 368 1955 ὀνόματος
388 1921 434 1947 τοῦ
449 1917 538 1954 Ἰησοῦ
563 1918 743 1956 μνημονεύει,
772 1916 830 1946 οὔτε
856 1919 882 1947 τί

86 1960 149 2000 πρὸς
164 1962 242 1991 αὐτὸν
265 1964 279 1991 6
298 1962 394 2002 Κύριος
424 1962 567 1999 ἐλάλησεν,
590 1964 649 1992 ἀλλ’
673 1962 690 1998 ἢ
717 1962 815 2001 μόνον,
842 1963 881 1992 ὅτι

87 2018 99 2031 ι
119 2007 211 2042 Πηλὸν
228 2007 355 2043 ἐπέθηκεν
371 2007 414 2037 ἐπὶ
430 2006 490 2040 τοὺς
506 2008 658 2047 ὀφθαλμούς
678 2020 742 2046 μου,
763 2007 810 2037 καὶ
826 2009 880 2037 ἐνι-

86 2055 190 2095 ψάμην,
221 2051 266 2081 καὶ
290 2052 389 2092 βλέπω.
411 2066 422 2079 ι
447 2053 524 2086 Εἰκὸς
548 2053 599 2092 γὰρ
624 2049 656 2089 ἦν
684 2053 880 2093 προακηκοέναι

938 848 1039 876 faceret
1052 849 1142 882 Iesus,
1156 853 1183 876 et
1208 849 1327 884 aperiret
1340 848 1433 876 oculos
1449 847 1516 883 ejus.
1547 848 1651 875 lterum
1670 855 1735 882 ergo

938 893 1147 929 interrogabant
1167 893 1252 929 636
1266 901 1329 921 cum
1343 897 1371 920 et
1391 892 1529 923 Pbarismi,
1543 891 1685 928 quomodo
1699 892 1736 919 vi-

939 946 1001 966 sum
1016 938 1172 974 recepisset.
1190 938 1237 965 lllc
1260 942 1352 965 autem
1376 937 1444 965 dixit
1458 937 1518 964 eis:
1541 938 1644 964 Lutum
1667 936 1734 964 mihi

939 982 1070 1018 imposuit
1093 991 1174 1018 super
1188 983 1293 1014 oculos,
1317 987 1344 1010 et
1359 982 1420 1016 lavi,
1442 986 1469 1009 et
1488 981 1573 1009 video.
1601 981 1736 1009 Dicebant

938 1035 1004 1064 ergo
1016 1035 1049 1055 ex
1063 1026 1207 1055 Pbarisacis
1217 1026 1346 1063 quidam:
1361 1028 1422 1054 Non
1431 1030 1471 1053 est
1485 1026 1530 1053 bic
1541 1025 1625 1053 homo
1639 1034 1655 1053 a
1663 1027 1733 1059 Deo,

939 1072 1002 1108 quia
1016 1071 1165 1100 Sabbatum
1181 1079 1238 1099 non
1253 1071 1388 1099 observat.
1405 1071 1458 1098 Alii
1472 1075 1566 1098 autem
1582 1070 1709 1098 dicebant
1726 1079 1732 1098 :

939 1116 1085 1152 Quomodo
1107 1121 1197 1152 potest
1220 1115 1304 1144 homo
1324 1120 1447 1152 peccator
1467 1115 1525 1143 haec
1545 1115 1621 1151 signa
1635 1114 1734 1142 edere?

939 1164 974 1191 Et
993 1161 1128 1190 dissensio
1144 1165 1202 1189 erat
1217 1162 1288 1188 inter
1310 1169 1368 1188 eos.
1408 1172 1420 1184 ιι
1442 1160 1581 1195 Quoniam
1598 1159 1735 1187 Dominus

938 1215 1038 1235 sanans
1051 1210 1079 1234 et
1093 1206 1255 1234 miraculum
1276 1205 1390 1239 faciens,
1412 1207 1600 1237 consueverat,
1615 1212 1648 1232 eo
1660 1203 1733 1240 quod

938 1252 1041 1280 alienus
1064 1256 1136 1279 esset
1161 1251 1195 1278 ab
1215 1251 1410 1283 ostentatione,
1430 1249 1566 1282 secedere,
1582 1249 1732 1284 interroga-

938 1300 983 1324 tus
997 1303 1095 1328 caacus.
1113 1307 1126 1320 ιι
1145 1295 1200 1324 Ubi
1216 1300 1257 1323 est
1276 1295 1338 1323 ille?
1355 1307 1367 1320 ν
1393 1294 1471 1328 dicit,
1489 1306 1500 1318 ι
1518 1294 1616 1322 Nescio
1633 1303 1639 1321 :
1655 1303 1669 1320 »
1688 1301 1732 1322 ve-

939 1349 1001 1369 rum
1024 1340 1141 1369 omnino
1165 1340 1279 1375 loquens
1302 1343 1330 1368 et
1352 1339 1378 1366 in
1395 1339 1456 1367 hoc.
1482 1348 1496 1364 ι(
1515 1340 1627 1366 Ducunt
1641 1342 1732 1366 autem

938 1386 1014 1414 illum
1041 1385 1075 1412 ad
1099 1384 1261 1417 Pliarisaeos,
1280 1395 1292 1408 υ
1320 1388 1351 1412 ut
1376 1383 1531 1419 diligentius
1563 1387 1589 1410 et
1614 1383 1733 1411 exactius

937 1431 1159 1465 interrogaretur.
1180 1430 1267 1457 Porro
1281 1428 1445 1464 evangelista
1461 1428 1610 1464 assignavit
1629 1427 1732 1455 Sabba-

937 1480 995 1503 tum
1010 1483 1078 1508 esse,
1095 1478 1126 1501 ut
1140 1473 1298 1501 ostendatur
1312 1473 1416 1501 malitia
1436 1472 1556 1506 illorum,
1578 1471 1651 1508 quod
1666 1480 1732 1499 con-

936 1524 977 1548 tra
991 1519 1132 1547 Christum
1152 1518 1382 1554 apprehenderint
1396 1517 1578 1549 occasionem,
1594 1521 1621 1544 et
1638 1524 1734 1551 argue-

937 1566 993 1593 rint
1027 1565 1103 1591 illum
1142 1567 1252 1600 propter
1279 1563 1456 1590 violationem
1483 1561 1603 1595 Snbbati,
1636 1565 1663 1589 et
1694 1561 1732 1589 ita

937 1609 1067 1636 tentarint
1089 1607 1253 1636 adumbrare
1278 1607 1453 1635 miraculum.
1477 1608 1622 1642 Propterea
1643 1614 1733 1641 neque

936 1654 1106 1689 interrogant
1119 1653 1194 1681 illum
1207 1651 1355 1688 Quomodo
1371 1651 1478 1685 viderit,
1492 1651 1539 1679 sed
1556 1663 1568 1675 σι
1585 1651 1732 1686 Quomodo

937 1699 1031 1727 oculos
1051 1698 1109 1735 ejus
1132 1698 1282 1734 aperuerit,
1300 1709 1312 1722 ιο
1339 1705 1386 1733 per
1406 1697 1501 1724 omnia
1533 1696 1732 1724 calumniantes

936 1745 1099 1777 Dominum,
1116 1742 1231 1779 quodin
1249 1742 1368 1770 Sabbato
1383 1746 1514 1777 operatus
1528 1740 1618 1774 fuerit,
1633 1749 1733 1776 cogen-

936 1793 978 1816 tes
992 1788 1070 1816 illum
1084 1795 1186 1815 ciccum
1199 1794 1430 1820 commemorare,
1442 1785 1517 1822 quod
1526 1786 1614 1813 lutum
1625 1785 1730 1819 fecerit,

936 1833 963 1860 in
984 1833 1104 1861 Sabbato
1127 1832 1237 1859 scilicet.
1260 1832 1320 1866 Ipse
1341 1835 1433 1858 autem
1460 1830 1529 1857 sicut
1559 1830 1592 1857 ad
1614 1838 1661 1857 eos
1685 1831 1732 1866 qui

937 1877 1078 1905 audierant
1091 1877 1149 1912 jam
1172 1876 1294 1909 loquens,
1314 1883 1400 1910 neque
1414 1874 1533 1901 nominis
1547 1875 1611 1901 Jesu
1627 1882 1733 1902 memor

937 1926 988 1956 est,
1003 1929 1093 1957 neque
1108 1920 1173 1956 quid
1187 1920 1221 1947 ad
1238 1920 1327 1955 ipsum
1343 1919 1478 1946 Dominus
1495 1918 1607 1951 dixerit,
1622 1918 1671 1946 sed
1685 1926 1732 1945 so-

937 1967 1004 2000 lum,
1023 1977 1037 1992 ιι
1058 1967 1159 1993 Lutum
1173 1965 1304 2000 imposuit
1322 1971 1404 1999 super
1419 1963 1512 1990 oculos
1527 1970 1615 1997 meos,
1629 1966 1656 1990 et
1670 1962 1731 1996 lavi,

936 2016 965 2040 et
988 2011 1076 2039 video.
1103 2022 1115 2034 γι
1131 2009 1284 2038 Verisimile
1307 2009 1381 2037 enim
1407 2008 1460 2036 fuit
1483 2007 1556 2043 quod
1582 2007 1734 2034 audiverint

937 2056 1068 2084 Pharisaei
1082 2055 1117 2082 ab
1132 2055 1164 2082 iis
1177 2055 1223 2090 qui
1237 2054 1408 2082 adducebant
1428 2052 1518 2088 ipsum
1539 2051 1573 2080 ad
1592 2052 1663 2085 illos,
1686 2052 1731 2087 qui

86 2098 146 2132 τοὺς
161 2097 326 2136 Φαρισαίους
347 2097 420 2137 παρὰ
440 2099 491 2126 τῶν
513 2097 558 2126 καὶ
577 2098 622 2126 τὸν
644 2097 740 2138 τυςρλὸν
766 2099 879 2136 ἀγαγόν-

975 2105 1009 2129 'te
1028 2100 1191 2128 accusabant
1206 2099 1356 2126 Dominum
1375 2102 1402 2126 et
1421 2097 1557 2131 dicebant,
1582 2098 1649 2124 Ecce
1668 2104 1734 2132 qua-

86 2155 139 2173 των
160 2142 224 2182 πρὸς
245 2141 350 2178 αὖτοὺς,
382 2141 578 2171 διαϐαλλόντων
607 2142 670 2175 ἴσως
693 2142 738 2171 τὸν
764 2143 880 2182 Κύριον,

86 2187 132 2218 καὶ
156 2186 281 2216 εἰπόντων
302 2186 345 2216 ἄν·
363 2184 419 2216 Ἴδε
441 2182 484 2216 οἷα
507 2188 578 2216 ποιεῖ
591 2189 616 2216 ἓν
640 2187 775 2227 Σαϐϐάτῳ
799 2189 813 2216 6
828 2187 881 2223 Ἰη-

87 2237 154 2266 σοῦς.
179 2231 264 2265 Ἄξιον
286 2230 313 2260 δὲ
338 2232 402 2260 ἰδεῖν
435 2231 483 2267 τὴν
512 2232 665 2272 παῤῥησίαν
695 2235 741 2261 τοῦ
766 2233 881 2272 τυφλοῦ,

86 2277 157 2310 ὅπως
181 2275 225 2305 καὶ
252 2277 304 2309 τοῖς
321 2276 481 2316 Φαρισαίοις
506 2276 694 2311 ἀνεκπλήκτως
719 2277 879 2316 διαλέγεται.

89 2323 168 2352 Αὐτοὶ
194 2320 242 2358 μὲν
268 2321 383 2360 ἤνεγκαν
400 2321 494 2356 αὐτὸν,
520 2320 563 2349 ἵνα
587 2323 624 2361 τῷ
651 2321 725 2362 φόϐῳ
742 2322 882 2350 καταπλα-

87 2367 158 2404 γεὶς,
186 2364 335 2404 ἀρνήσηται
362 2365 412 2401 τὴν
442 2365 592 2405 θεραπείαν
624 2367 636 2394 6
666 2365 692 2395 δὲ
718 2365 882 2405 τρανώτερον

87 2410 184 2450 ἐκϐοᾷ,
201 2409 241 2438 ὅτι
257 2424 268 2435 ι
282 2410 388 2439 Βλέπω.
409 2423 481 2436 υ--κ
497 2409 611 2449 Ἔλεγον
625 2405 669 2440 οὖν
686 2413 715 2440 ἐκ
726 2413 777 2440 τῶν
793 2412 882 2450 Φαρι-

87 2456 168 2485 σαίων
187 2455 269 2492 τινὲς,
287 2469 298 2480 υ
324 2454 383 2484 ἀλλ’
410 2455 468 2495 οὐχὶ
491 2454 605 2491 πάντες,
634 2456 703 2485 ἀλλὰ
729 2457 752 2484 οἱ
777 2455 883 2493 ἰταμώ-

87 2509 168 2539 τεροι·
189 2511 203 2527 ¢
221 2495 308 2532 Οῧτος
335 2501 349 2528 6
373 2499 508 2538 ἄνθρωπος
530 2500 577 2528 οὐκ
602 2500 672 2529 ἔστιν
688 2501 717 2529 ἐκ
738 2503 783 2529 τοῦ
798 2501 879 2530 Θεοῦ.

87 2544 176 2574 Ἄλλοι
192 2543 219 2572 δὲ
243 2544 349 2583 ἔλεγον,
375 2544 415 2573 ὅτι
431 2545 494 2578 Πῶς
516 2544 625 2573 δύναται
641 2545 775 2584 ἄνθρωπος
791 2545 881 2584 ἆμαρ-

87 2590 169 2622 τωλὸς
193 2592 304 2618 τοιαῦτα
331 2593 435 2626 ποιεῑν;
463 2603 475 2614 ιι
501 2588 584 2629 Ὁρᾷς
604 2588 665 2622 τοὺς
688 2589 800 2623 πολλοὺς
830 2590 883 2618 ἀπὸ

87 2636 138 2663 τῶν
161 2634 280 2671 σημείων
306 2633 541 2672 μαλαττομένους;
560 2634 630 2664 Ἰδοὺ
647 2630 719 2664 οὗτοι
734 2635 883 2672 Φαρισαῖοι

89 2679 133 2708 καὶ
156 2678 297 2718 ἄρχοντες,
326 2678 396 2715 ὅμως
421 2679 475 2708 ἀπὸ
508 2681 552 2708 τοῦ
578 2679 689 2717 σημείου
721 2679 883 2708 καταδυσω-

90 2726 214 2758 ποῦνται,
243 2723 288 2752 καὶ
313 2724 588 2763 ὑπεραπολογόῦνται,
621 2734 634 2752 ιι
652 2724 697 2753 καὶ
720 2724 822 2764 σχίσμα
851 2719 884 2759 ἦν

157 2817 180 2835 ³⁸
195 2819 276 2846 Joan.
292 2825 342 2851 ιχ,
357 2821 385 2852 4,
401 2821 428 2845 5.
465 2816 488 2834 ⁸ο
501 2818 582 2845 Joan.
599 2825 644 2845 vn
655 2837 662 2851 ,
682 2819 724 2846 l‘t.

937 2146 974 2174 lia
996 2145 1059 2173 facit
1082 2146 1111 2172 in
1132 2144 1251 2172 Sabbato
1272 2145 1361 2171 Jesus.
1379 2144 1476 2178 Opera:
1500 2141 1619 2177 pretium
1641 2146 1733 2169 autem

937 2195 979 2219 est
992 2190 1083 2218 videre
1096 2190 1160 2217 εἱειξὶ
1183 2189 1210 2216 in
1232 2188 1348 2216 dicendo
1368 2187 1532 2220 libertatem,
1554 2190 1584 2214 ut
1598 2190 1624 2214 et
1639 2185 1734 2214 Phari-

935 2243 1005 2264 szeos
1034 2234 1170 2271 impavide
1193 2233 1346 2269 alloquitur.
1367 2233 1437 2260 Nam
1463 2232 1500 2259 illi
1525 2230 1635 2267 quidem
1649 2231 1733 2259 addu-

936 2280 1035 2308 eebant
1049 2287 1121 2313 eum,
1138 2282 1168 2306 ut
1182 2282 1258 2306 metu
1274 2277 1414 2314 perculsus
1426 2280 1538 2312 negaret
1552 2275 1732 2303 sanationem.

936 2323 1280 2357 Atilleclariusexclamat,
1294 2334 1305 2346 ιι
1318 2321 1415 2349 Video.
1430 2333 1495 2346 υ-ιι
1509 2321 1642 2348 Dicebant
1653 2321 1735 2356 igitur

936 2370 1047 2406 quidam
1061 2377 1093 2397 ex
1112 2368 1262 2399 l’hariszeis,
1273 2379 1285 2391 υ
1300 2375 1356 2394 non
1370 2374 1476 2399 omnes,
1491 2365 1538 2393 Sed
1551 2365 1735 2401 impudentio-

936 2423 980 2443 res
1007 2425 1013 2442 :
1046 2425 1058 2438 οι
1085 2414 1136 2441 Hic
1164 2413 1247 2440 homo
1274 2421 1330 2440 non
1358 2416 1400 2439 est
1413 2419 1445 2438 ex
1471 2412 1539 2438 Deo.
1565 2411 1616 2438 Alii
1642 2416 1736 2438 autem

937 2459 1063 2488 dicebant
1089 2468 1095 2486 :
1123 2456 1271 2492 Quomodo
1301 2460 1393 2492 potest
1416 2456 1500 2483 homo
1524 2459 1650 2491 peccator
1674 2454 1736 2482 talia

937 2503 1042 2532 facere?
1064 2515 1076 2527 ι
1101 2503 1183 2530 Vides
1204 2502 1305 2529 multos
1325 2509 1340 2528 a
1364 2500 1448 2535 signis
1470 2500 1600 2528 mulceri?
1618 2501 1686 2527 Ecce
1709 2502 1737 2526 et

937 2549 964 2576 hi
992 2548 1120 2576 Pharisaei
1146 2551 1173 2574 et
1199 2546 1334 2581 principes
1361 2549 1448 2577 erant,
1474 2549 1597 2572 attamen
1624 2552 1638 2571 a
1658 2543 1737 2578 signo

939 2594 1081 2629 placantur
1093 2596 1121 2619 et
1135 2591 1325 2619 defensionem
1341 2590 1504 2624 suscipiunt.
1526 2601 1538 2612 α
1555 2590 1588 2616 Et
1606 2586 1736 2614 dissensio

937 2642 995 2666 erat
1014 2638 1040 2664 in
1055 2637 1101 2664 eis.
1127 2648 1140 2661 ν
1166 2637 1231 2664 Ηξηα
1246 2634 1380 2663 dissensio
1397 2634 1470 2669 prius
1492 2638 1552 2660 orta
1566 2633 1618 2659 fuit
1638 2631 1664 2658 in
1679 2634 1736 2658 tur-

938 2683 971 2711 ba
989 2691 994 2710 :
1013 2692 1027 2708 ιι
1039 2681 1061 2698 ³³
1077 2683 1146 2709 Nam
1157 2681 1203 2708 alii
1219 2679 1332 2716 quidem
1343 2679 1482 2713 dicebant,
1494 2677 1603 2706 Seducit
1614 2675 1734 2709 turbam,

937 2728 983 2755 alii
1006 2731 1109 2760 autem,
1132 2727 1203 2754 Non.
1231 2736 1243 2750 ι
1270 2725 1351 2753 Nunc
1365 2728 1459 2753 autem
1483 2726 1511 2751 et
1528 2722 1556 2750 in
1571 2719 1738 2757 principibus
