  <div class='ocr_page' id='page_1' title='image "/cluster/home/n/w/nwhite01/storage/ocr_20150623/124/njp.32101010942728/047.png"; bbox 0 0 1910 3077; ppageno 0'>
   <div class='ocr_carea' id='block_1_1' title="bbox 179 161 1831 197">
    <p class='ocr_par' dir='ltr' id='par_1_1' title="bbox 179 161 1831 197">
     <span class='ocr_line' id='line_1_1' title="bbox 179 161 1831 197; baseline -0.004 0"><span class='ocrx_word' id='word_1_1' title='bbox 179 172 209 197; x_wconf 78' lang='grc'><strong>51</strong></span> <span class='ocrx_word' id='word_1_2' title='bbox 689 167 949 195; x_wconf 77' lang='lat' dir='ltr'><strong>THEOPHYLACTI</strong></span> <span class='ocrx_word' id='word_1_3' title='bbox 968 167 1146 196; x_wconf 66' lang='lat' dir='ltr'><strong>BULGARIE</strong></span> <span class='ocrx_word' id='word_1_4' title='bbox 1165 166 1321 195; x_wconf 79' lang='lat' dir='ltr'><strong>ARCHIEP.</strong></span> <span class='ocrx_word' id='word_1_5' title='bbox 1801 161 1831 186; x_wconf 69' lang='lat'><strong>52</strong></span> 
     </span>
    </p>
   </div>
   <div class='ocr_carea' id='block_1_2' title="bbox 178 222 981 269">
    <p class='ocr_par' dir='ltr' id='par_1_2' title="bbox 178 229 980 266">
     <span class='ocr_line' id='line_1_2' title="bbox 178 229 980 266; baseline -0.002 -6"><span class='ocrx_word' id='word_1_6' title='bbox 178 232 277 266; x_wconf 88' lang='lat' dir='ltr'><strong>oritur,</strong></span> <span class='ocrx_word' id='word_1_7' title='bbox 301 236 329 260; x_wconf 90' lang='lat' dir='ltr'><strong>et</strong></span> <span class='ocrx_word' id='word_1_8' title='bbox 350 231 432 259; x_wconf 90' lang='lat' dir='ltr'><strong>multi</strong></span> <span class='ocrx_word' id='word_1_9' title='bbox 457 239 490 259; x_wconf 86' lang='lat' dir='ltr'><strong>ex</strong></span> <span class='ocrx_word' id='word_1_10' title='bbox 515 230 660 259; x_wconf 67' lang='lat' dir='ltr'><strong>Pharisaeis</strong></span> <span class='ocrx_word' id='word_1_11' title='bbox 685 229 763 258; x_wconf 89' lang='lat' dir='ltr'><strong>divisi</strong></span> <span class='ocrx_word' id='word_1_12' title='bbox 777 230 812 258; x_wconf 85' lang='lat' dir='ltr'><strong>ab</strong></span> <span class='ocrx_word' id='word_1_13' title='bbox 832 230 895 259; x_wconf 83' lang='lat' dir='ltr'><strong>aliis</strong></span> <span class='ocrx_word' id='word_1_14' title='bbox 907 234 980 264; x_wconf 92' lang='lat' dir='ltr'><strong>sunt,</strong></span> 
     </span>
    </p>
   </div>
   <div class='ocr_carea' id='block_1_3' title="bbox 1078 222 1831 269">
    <p class='ocr_par' dir='ltr' id='par_1_3' title="bbox 1078 222 1831 269">
     <span class='ocr_line' id='line_1_3' title="bbox 1078 222 1831 269; baseline -0.012 -9"><span class='ocrx_word' id='word_1_15' title='bbox 1078 232 1164 264; x_wconf 77' lang='grc' dir='ltr'>αὐτοῖς</span> <span class='ocrx_word' id='word_1_16' title='bbox 1181 230 1257 269; x_wconf 67' lang='grc'><strong>(29).</strong></span> <span class='ocrx_word' id='word_1_17' title='bbox 1282 242 1294 255; x_wconf 74' lang='grc' dir='ltr'><strong>υ</strong></span> <span class='ocrx_word' id='word_1_18' title='bbox 1312 230 1400 258; x_wconf 75' lang='grc' dir='ltr'>Τοῦτο</span> <span class='ocrx_word' id='word_1_19' title='bbox 1414 226 1444 256; x_wconf 78' lang='grc' dir='ltr'><strong>τὸ</strong></span> <span class='ocrx_word' id='word_1_20' title='bbox 1469 225 1571 266; x_wconf 80' lang='grc' dir='ltr'><strong>σχίσμα</strong></span> <span class='ocrx_word' id='word_1_21' title='bbox 1591 224 1716 264; x_wconf 84' lang='grc' dir='ltr'>πρότερον</span> <span class='ocrx_word' id='word_1_22' title='bbox 1740 222 1790 261; x_wconf 82' lang='grc' dir='ltr'>μὲν</span> <span class='ocrx_word' id='word_1_23' title='bbox 1806 223 1831 269; x_wconf 52' lang='grc' dir='ltr'>ἐν</span> 
     </span>
    </p>
   </div>
   <div class='ocr_carea' id='block_1_4' title="bbox 179 275 984 312">
    <p class='ocr_par' dir='ltr' id='par_1_4' title="bbox 179 275 984 312">
     <span class='ocr_line' id='line_1_4' title="bbox 179 275 984 312; baseline -0.002 -7"><span class='ocrx_word' id='word_1_24' title='bbox 179 281 206 305; x_wconf 86' lang='lat' dir='ltr'><strong>et</strong></span> <span class='ocrx_word' id='word_1_25' title='bbox 229 277 440 312; x_wconf 86' lang='lat' dir='ltr'><strong>patrocinantur</strong></span> <span class='ocrx_word' id='word_1_26' title='bbox 469 275 614 304; x_wconf 90' lang='lat' dir='ltr'><strong>miraculo.</strong></span> <span class='ocrx_word' id='word_1_27' title='bbox 638 276 834 303; x_wconf 77' lang='lat' dir='ltr'><strong>Verumtamen</strong></span> <span class='ocrx_word' id='word_1_28' title='bbox 856 275 984 312; x_wconf 84' lang='lat' dir='ltr'><strong>quamvis</strong></span> 
     </span>
    </p>
   </div>
   <div class='ocr_carea' id='block_1_5' title="bbox 179 320 983 356">
    <p class='ocr_par' dir='ltr' id='par_1_5' title="bbox 179 320 983 356">
     <span class='ocr_line' id='line_1_5' title="bbox 179 320 983 356; baseline -0.002 -6"><span class='ocrx_word' id='word_1_29' title='bbox 179 321 259 350; x_wconf 85' lang='lat' dir='ltr'><strong>divisi</strong></span> <span class='ocrx_word' id='word_1_30' title='bbox 275 321 386 354; x_wconf 80' lang='lat' dir='ltr'><strong>fuerint,</strong></span> <span class='ocrx_word' id='word_1_31' title='bbox 401 320 584 356; x_wconf 82' lang='lat' dir='ltr'><strong>negligentius</strong></span> <span class='ocrx_word' id='word_1_32' title='bbox 606 324 701 348; x_wconf 86' lang='lat' dir='ltr'><strong>tamen</strong></span> <span class='ocrx_word' id='word_1_33' title='bbox 715 320 820 348; x_wconf 77' lang='lat' dir='ltr'><strong>instant</strong></span> <span class='ocrx_word' id='word_1_34' title='bbox 841 328 889 356; x_wconf 90' lang='lat' dir='ltr'><strong>pro</strong></span> <span class='ocrx_word' id='word_1_35' title='bbox 905 320 983 348; x_wconf 88' lang='lat' dir='ltr'><strong>Chri-</strong></span> 
     </span>
    </p>
   </div>
   <div class='ocr_carea' id='block_1_6' title="bbox 181 365 984 401">
    <p class='ocr_par' dir='ltr' id='par_1_6' title="bbox 181 365 984 401">
     <span class='ocr_line' id='line_1_6' title="bbox 181 365 984 401; baseline -0.001 -7"><span class='ocrx_word' id='word_1_36' title='bbox 181 370 235 398; x_wconf 88' lang='lat' dir='ltr'><strong>sto,</strong></span> <span class='ocrx_word' id='word_1_37' title='bbox 261 370 290 393; x_wconf 87' lang='lat' dir='ltr'><strong>et</strong></span> <span class='ocrx_word' id='word_1_38' title='bbox 311 365 467 394; x_wconf 83' lang='lat' dir='ltr'><strong>dubitanter</strong></span> <span class='ocrx_word' id='word_1_39' title='bbox 497 369 525 393; x_wconf 89' lang='lat' dir='ltr'><strong>et</strong></span> <span class='ocrx_word' id='word_1_40' title='bbox 549 365 651 400; x_wconf 89' lang='lat' dir='ltr'><strong>duplici</strong></span> <span class='ocrx_word' id='word_1_41' title='bbox 668 365 763 393; x_wconf 88' lang='lat' dir='ltr'><strong>animo</strong></span> <span class='ocrx_word' id='word_1_42' title='bbox 789 365 877 401; x_wconf 80' lang='lat' dir='ltr'><strong>magis</strong></span> <span class='ocrx_word' id='word_1_43' title='bbox 898 373 984 401; x_wconf 85' lang='lat' dir='ltr'><strong>quam</strong></span> 
     </span>
    </p>
   </div>
   <div class='ocr_carea' id='block_1_7' title="bbox 180 409 984 446">
    <p class='ocr_par' dir='ltr' id='par_1_7' title="bbox 180 409 984 446">
     <span class='ocr_line' id='line_1_7' title="bbox 180 409 984 446; baseline 0 -8"><span class='ocrx_word' id='word_1_44' title='bbox 180 410 308 439; x_wconf 87' lang='lat' dir='ltr'><strong>ﬁrmiter.</strong></span> <span class='ocrx_word' id='word_1_45' title='bbox 323 410 396 438; x_wconf 79' lang='lat' dir='ltr'><strong>Audi</strong></span> <span class='ocrx_word' id='word_1_46' title='bbox 411 410 485 438; x_wconf 85' lang='lat' dir='ltr'><strong>enim</strong></span> <span class='ocrx_word' id='word_1_47' title='bbox 496 410 561 446; x_wconf 89' lang='lat' dir='ltr'><strong>quid</strong></span> <span class='ocrx_word' id='word_1_48' title='bbox 571 410 665 438; x_wconf 85' lang='lat' dir='ltr'><strong>dicant</strong></span> <span class='ocrx_word' id='word_1_49' title='bbox 679 420 684 438; x_wconf 90' lang='lat'><strong>:</strong></span> <span class='ocrx_word' id='word_1_50' title='bbox 702 421 715 434; x_wconf 78' lang='grc' dir='ltr'><strong>α</strong></span> <span class='ocrx_word' id='word_1_51' title='bbox 732 409 879 445; x_wconf 88' lang='lat' dir='ltr'><strong>Quomodo</strong></span> <span class='ocrx_word' id='word_1_52' title='bbox 894 414 984 446; x_wconf 78' lang='lat' dir='ltr'><strong>potest</strong></span> 
     </span>
    </p>
   </div>
   <div class='ocr_carea' id='block_1_8' title="bbox 182 455 984 491">
    <p class='ocr_par' dir='ltr' id='par_1_8' title="bbox 182 455 984 491">
     <span class='ocr_line' id='line_1_8' title="bbox 182 455 984 491; baseline 0 -9"><span class='ocrx_word' id='word_1_53' title='bbox 182 455 269 483; x_wconf 89' lang='lat' dir='ltr'><strong>homo</strong></span> <span class='ocrx_word' id='word_1_54' title='bbox 292 459 419 491; x_wconf 84' lang='lat' dir='ltr'><strong>peccator</strong></span> <span class='ocrx_word' id='word_1_55' title='bbox 441 455 505 483; x_wconf 88' lang='lat' dir='ltr'><strong>talia</strong></span> <span class='ocrx_word' id='word_1_56' title='bbox 526 455 633 483; x_wconf 82' lang='lat' dir='ltr'><strong>facere?</strong></span> <span class='ocrx_word' id='word_1_57' title='bbox 657 466 669 478; x_wconf 74' lang='lat' dir='ltr'><strong>n</strong></span> <span class='ocrx_word' id='word_1_58' title='bbox 687 455 770 482; x_wconf 88' lang='lat' dir='ltr'><strong>Vides</strong></span> <span class='ocrx_word' id='word_1_59' title='bbox 790 463 873 491; x_wconf 90' lang='lat' dir='ltr'><strong>quam</strong></span> <span class='ocrx_word' id='word_1_60' title='bbox 888 455 984 483; x_wconf 83' lang='lat' dir='ltr'><strong>leviter</strong></span> 
     </span>
    </p>
   </div>
   <div class='ocr_carea' id='block_1_9' title="bbox 183 499 983 536">
    <p class='ocr_par' dir='ltr' id='par_1_9' title="bbox 183 499 983 536">
     <span class='ocr_line' id='line_1_9' title="bbox 183 499 983 536; baseline -0.001 -8"><span class='ocrx_word' id='word_1_61' title='bbox 183 502 313 536; x_wconf 75' lang='lat' dir='ltr'><strong>urgeant?</strong></span> <span class='ocrx_word' id='word_1_62' title='bbox 328 499 396 527; x_wconf 90' lang='lat' dir='ltr'><strong>Vide</strong></span> <span class='ocrx_word' id='word_1_63' title='bbox 411 504 502 527; x_wconf 86' lang='lat' dir='ltr'><strong>autem</strong></span> <span class='ocrx_word' id='word_1_64' title='bbox 524 503 551 528; x_wconf 89' lang='lat' dir='ltr'><strong>et</strong></span> <span class='ocrx_word' id='word_1_65' title='bbox 566 499 699 527; x_wconf 80' lang='lat' dir='ltr'><strong>malitiam</strong></span> <span class='ocrx_word' id='word_1_66' title='bbox 714 507 812 527; x_wconf 87' lang='lat' dir='ltr'><strong>eorum</strong></span> <span class='ocrx_word' id='word_1_67' title='bbox 827 499 874 536; x_wconf 92' lang='lat' dir='ltr'><strong>qui</strong></span> <span class='ocrx_word' id='word_1_68' title='bbox 890 499 983 527; x_wconf 89' lang='lat' dir='ltr'><strong>crimi-</strong></span> 
     </span>
    </p>
   </div>
   <div class='ocr_carea' id='block_1_10' title="bbox 182 544 981 578">
    <p class='ocr_par' dir='ltr' id='par_1_10' title="bbox 182 544 981 578">
     <span class='ocr_line' id='line_1_10' title="bbox 182 544 981 578; baseline 0 -6"><span class='ocrx_word' id='word_1_69' title='bbox 182 549 293 573; x_wconf 86' lang='lat' dir='ltr'><strong>nantur.</strong></span> <span class='ocrx_word' id='word_1_70' title='bbox 319 546 381 572; x_wconf 87' lang='lat' dir='ltr'><strong>Non</strong></span> <span class='ocrx_word' id='word_1_71' title='bbox 406 544 483 572; x_wconf 89' lang='lat' dir='ltr'><strong>enim</strong></span> <span class='ocrx_word' id='word_1_72' title='bbox 506 544 602 572; x_wconf 88' lang='lat' dir='ltr'><strong>dicunt</strong></span> <span class='ocrx_word' id='word_1_73' title='bbox 627 545 703 572; x_wconf 83' lang='lat' dir='ltr'><strong>:Hic</strong></span> <span class='ocrx_word' id='word_1_74' title='bbox 723 553 779 572; x_wconf 90' lang='lat' dir='ltr'><strong>non</strong></span> <span class='ocrx_word' id='word_1_75' title='bbox 797 548 838 572; x_wconf 89' lang='lat' dir='ltr'><strong>est</strong></span> <span class='ocrx_word' id='word_1_76' title='bbox 852 552 885 572; x_wconf 83' lang='lat' dir='ltr'><strong>ex</strong></span> <span class='ocrx_word' id='word_1_77' title='bbox 909 546 981 578; x_wconf 93' lang='lat' dir='ltr'><strong>Deo,</strong></span> 
     </span>
    </p>
   </div>
   <div class='ocr_carea' id='block_1_11' title="bbox 182 589 982 626">
    <p class='ocr_par' dir='ltr' id='par_1_11' title="bbox 182 589 982 626">
     <span class='ocr_line' id='line_1_11' title="bbox 182 589 982 626; baseline 0 -9"><span class='ocrx_word' id='word_1_78' title='bbox 182 589 247 626; x_wconf 90' lang='lat' dir='ltr'><strong>quia</strong></span> <span class='ocrx_word' id='word_1_79' title='bbox 261 589 289 617; x_wconf 93' lang='lat' dir='ltr'><strong>in</strong></span> <span class='ocrx_word' id='word_1_80' title='bbox 312 589 433 617; x_wconf 89' lang='lat' dir='ltr'><strong>Sabbato</strong></span> <span class='ocrx_word' id='word_1_81' title='bbox 455 593 545 623; x_wconf 83' lang='lat' dir='ltr'><strong>sanat;</strong></span> <span class='ocrx_word' id='word_1_82' title='bbox 562 589 620 623; x_wconf 83' lang='lat' dir='ltr'><strong>sed,</strong></span> <span class='ocrx_word' id='word_1_83' title='bbox 645 601 657 614; x_wconf 76' lang='grc' dir='ltr'><strong>α</strong></span> <span class='ocrx_word' id='word_1_84' title='bbox 681 589 750 624; x_wconf 90' lang='lat' dir='ltr'><strong>Quia</strong></span> <span class='ocrx_word' id='word_1_85' title='bbox 764 589 912 617; x_wconf 88' lang='lat' dir='ltr'><strong>Sabbatum</strong></span> <span class='ocrx_word' id='word_1_86' title='bbox 926 597 982 617; x_wconf 91' lang='lat' dir='ltr'><strong>non</strong></span> 
     </span>
    </p>
   </div>
   <div class='ocr_carea' id='block_1_12' title="bbox 182 633 983 669">
    <p class='ocr_par' dir='ltr' id='par_1_12' title="bbox 182 633 983 669">
     <span class='ocr_line' id='line_1_12' title="bbox 182 633 983 669; baseline -0.001 -6"><span class='ocrx_word' id='word_1_87' title='bbox 182 638 273 663; x_wconf 83' lang='lat' dir='ltr'><strong>servat</strong></span> <span class='ocrx_word' id='word_1_88' title='bbox 288 644 295 662; x_wconf 91' lang='lat'><strong>:</strong></span> <span class='ocrx_word' id='word_1_89' title='bbox 317 644 329 660; x_wconf 85' lang='lat'>»</span> <span class='ocrx_word' id='word_1_90' title='bbox 346 642 455 662; x_wconf 86' lang='lat' dir='ltr'><strong>sursum</strong></span> <span class='ocrx_word' id='word_1_91' title='bbox 477 634 659 669; x_wconf 88' lang='lat' dir='ltr'><strong>deorsumque</strong></span> <span class='ocrx_word' id='word_1_92' title='bbox 670 642 725 662; x_wconf 90' lang='lat' dir='ltr'><strong>non</strong></span> <span class='ocrx_word' id='word_1_93' title='bbox 742 633 918 668; x_wconf 89' lang='lat' dir='ltr'><strong>beneﬁcium,</strong></span> <span class='ocrx_word' id='word_1_94' title='bbox 934 634 983 662; x_wconf 86' lang='lat' dir='ltr'><strong>sed</strong></span> 
     </span>
    </p>
   </div>
   <div class='ocr_carea' id='block_1_13' title="bbox 183 679 983 714">
    <p class='ocr_par' dir='ltr' id='par_1_13' title="bbox 183 679 983 714">
     <span class='ocr_line' id='line_1_13' title="bbox 183 679 983 714; baseline -0.001 -6"><span class='ocrx_word' id='word_1_95' title='bbox 183 679 237 708; x_wconf 88' lang='lat' dir='ltr'><strong>diei</strong></span> <span class='ocrx_word' id='word_1_96' title='bbox 259 679 437 706; x_wconf 89' lang='lat' dir='ltr'><strong>violationem</strong></span> <span class='ocrx_word' id='word_1_97' title='bbox 463 679 681 714; x_wconf 87' lang='lat' dir='ltr'><strong>pronuntiantes.</strong></span> <span class='ocrx_word' id='word_1_98' title='bbox 706 680 818 706; x_wconf 74' lang='lat' dir='ltr'><strong>Annota</strong></span> <span class='ocrx_word' id='word_1_99' title='bbox 840 683 934 707; x_wconf 89' lang='lat' dir='ltr'><strong>autem</strong></span> <span class='ocrx_word' id='word_1_100' title='bbox 955 683 983 707; x_wconf 87' lang='lat' dir='ltr'><strong>et</strong></span> 
     </span>
    </p>
   </div>
   <div class='ocr_carea' id='block_1_14' title="bbox 183 723 981 760">
    <p class='ocr_par' dir='ltr' id='par_1_14' title="bbox 183 723 981 760">
     <span class='ocr_line' id='line_1_14' title="bbox 183 723 981 760; baseline -0.001 -8"><span class='ocrx_word' id='word_1_101' title='bbox 183 724 247 757; x_wconf 90' lang='lat' dir='ltr'><strong>hoc,</strong></span> <span class='ocrx_word' id='word_1_102' title='bbox 259 724 342 759; x_wconf 79' lang='lat'><strong>637</strong></span> <span class='ocrx_word' id='word_1_103' title='bbox 354 723 494 759; x_wconf 91' lang='lat' dir='ltr'><strong>quomodo</strong></span> <span class='ocrx_word' id='word_1_104' title='bbox 508 723 643 759; x_wconf 85' lang='lat' dir='ltr'><strong>principes</strong></span> <span class='ocrx_word' id='word_1_105' title='bbox 655 724 794 759; x_wconf 79' lang='lat' dir='ltr'><strong>segniores</strong></span> <span class='ocrx_word' id='word_1_106' title='bbox 806 732 890 760; x_wconf 88' lang='lat' dir='ltr'><strong>quam</strong></span> <span class='ocrx_word' id='word_1_107' title='bbox 902 724 981 752; x_wconf 91' lang='lat' dir='ltr'><strong>turba</strong></span> 
     </span>
    </p>
   </div>
   <div class='ocr_carea' id='block_1_15' title="bbox 183 767 982 804">
    <p class='ocr_par' dir='ltr' id='par_1_15' title="bbox 183 767 982 804">
     <span class='ocr_line' id='line_1_15' title="bbox 183 767 982 804; baseline 0 -8"><span class='ocrx_word' id='word_1_108' title='bbox 183 768 238 796; x_wconf 88' lang='lat' dir='ltr'><strong>sint</strong></span> <span class='ocrx_word' id='word_1_109' title='bbox 258 768 287 796; x_wconf 87' lang='lat' dir='ltr'><strong>in</strong></span> <span class='ocrx_word' id='word_1_110' title='bbox 307 768 390 796; x_wconf 93' lang='lat' dir='ltr'><strong>bono.</strong></span> <span class='ocrx_word' id='word_1_111' title='bbox 410 769 482 796; x_wconf 87' lang='lat' dir='ltr'><strong>Nam</strong></span> <span class='ocrx_word' id='word_1_112' title='bbox 507 768 586 796; x_wconf 87' lang='lat' dir='ltr'><strong>turba</strong></span> <span class='ocrx_word' id='word_1_113' title='bbox 601 767 713 804; x_wconf 90' lang='lat' dir='ltr'><strong>quidem</strong></span> <span class='ocrx_word' id='word_1_114' title='bbox 729 768 806 804; x_wconf 88' lang='lat' dir='ltr'><strong>prius</strong></span> <span class='ocrx_word' id='word_1_115' title='bbox 825 768 908 796; x_wconf 87' lang='lat' dir='ltr'><strong>divisa</strong></span> <span class='ocrx_word' id='word_1_116' title='bbox 924 772 982 796; x_wconf 86' lang='lat' dir='ltr'><strong>erat</strong></span> 
     </span>
    </p>
   </div>
   <div class='ocr_carea' id='block_1_16' title="bbox 184 812 980 849">
    <p class='ocr_par' dir='ltr' id='par_1_16' title="bbox 184 812 980 849">
     <span class='ocr_line' id='line_1_16' title="bbox 184 812 980 849; baseline 0 -9"><span class='ocrx_word' id='word_1_117' title='bbox 184 813 337 848; x_wconf 83' lang='lat' dir='ltr'><strong>sententiis,</strong></span> <span class='ocrx_word' id='word_1_118' title='bbox 360 817 387 841; x_wconf 89' lang='lat' dir='ltr'><strong>et</strong></span> <span class='ocrx_word' id='word_1_119' title='bbox 405 821 463 840; x_wconf 89' lang='lat' dir='ltr'><strong>nou</strong></span> <span class='ocrx_word' id='word_1_120' title='bbox 478 821 574 841; x_wconf 90' lang='lat' dir='ltr'><strong>omnes</strong></span> <span class='ocrx_word' id='word_1_121' title='bbox 597 812 664 841; x_wconf 91' lang='lat' dir='ltr'><strong>dura</strong></span> <span class='ocrx_word' id='word_1_122' title='bbox 678 813 863 849; x_wconf 85' lang='lat' dir='ltr'><strong>loquebantur</strong></span> <span class='ocrx_word' id='word_1_123' title='bbox 883 817 980 841; x_wconf 91' lang='lat' dir='ltr'><strong>contra</strong></span> 
     </span>
    </p>
   </div>
   <div class='ocr_carea' id='block_1_17' title="bbox 185 857 978 894">
    <p class='ocr_par' dir='ltr' id='par_1_17' title="bbox 185 857 978 894">
     <span class='ocr_line' id='line_1_17' title="bbox 185 857 978 894; baseline 0 -9"><span class='ocrx_word' id='word_1_124' title='bbox 185 857 323 886; x_wconf 88' lang='lat' dir='ltr'><strong>Christum</strong></span> <span class='ocrx_word' id='word_1_125' title='bbox 340 866 348 885; x_wconf 94' lang='lat'>:</span> <span class='ocrx_word' id='word_1_126' title='bbox 366 858 505 893; x_wconf 87' lang='lat' dir='ltr'><strong>Principes</strong></span> <span class='ocrx_word' id='word_1_127' title='bbox 526 862 620 886; x_wconf 91' lang='lat' dir='ltr'><strong>autem</strong></span> <span class='ocrx_word' id='word_1_128' title='bbox 634 857 767 894; x_wconf 88' lang='lat' dir='ltr'><strong>posterius</strong></span> <span class='ocrx_word' id='word_1_129' title='bbox 781 857 809 885; x_wconf 91' lang='lat' dir='ltr'><strong>in</strong></span> <span class='ocrx_word' id='word_1_130' title='bbox 828 857 898 886; x_wconf 90' lang='lat' dir='ltr'><strong>hanc</strong></span> <span class='ocrx_word' id='word_1_131' title='bbox 920 858 978 886; x_wconf 86' lang='lat' dir='ltr'><strong>lau-</strong></span> 
     </span>
    </p>
   </div>
   <div class='ocr_carea' id='block_1_18' title="bbox 184 901 979 938">
    <p class='ocr_par' dir='ltr' id='par_1_18' title="bbox 184 901 979 938">
     <span class='ocr_line' id='line_1_18' title="bbox 184 901 979 938; baseline 0.001 -9"><span class='ocrx_word' id='word_1_132' title='bbox 184 901 303 930; x_wconf 88' lang='lat' dir='ltr'><strong>dabilem</strong></span> <span class='ocrx_word' id='word_1_133' title='bbox 324 901 520 930; x_wconf 85' lang='lat' dir='ltr'><strong>dissensionem</strong></span> <span class='ocrx_word' id='word_1_134' title='bbox 544 906 690 930; x_wconf 88' lang='lat' dir='ltr'><strong>venerunt.</strong></span> <span class='ocrx_word' id='word_1_135' title='bbox 727 902 869 938; x_wconf 80' lang='lat' dir='ltr'><strong>Contiugit</strong></span> <span class='ocrx_word' id='word_1_136' title='bbox 908 902 979 930; x_wconf 92' lang='lat' dir='ltr'><strong>enim</strong></span> 
     </span>
    </p>
   </div>
   <div class='ocr_carea' id='block_1_19' title="bbox 185 946 981 980">
    <p class='ocr_par' dir='ltr' id='par_1_19' title="bbox 185 946 981 980">
     <span class='ocr_line' id='line_1_19' title="bbox 185 946 981 980; baseline 0 -6"><span class='ocrx_word' id='word_1_137' title='bbox 185 946 267 974; x_wconf 89' lang='lat' dir='ltr'><strong>etiam</strong></span> <span class='ocrx_word' id='word_1_138' title='bbox 300 946 370 974; x_wconf 89' lang='lat' dir='ltr'><strong>bene</strong></span> <span class='ocrx_word' id='word_1_139' title='bbox 394 946 550 980; x_wconf 85' lang='lat' dir='ltr'><strong>dissentire,</strong></span> <span class='ocrx_word' id='word_1_140' title='bbox 573 946 644 974; x_wconf 88' lang='lat' dir='ltr'><strong>sicut</strong></span> <span class='ocrx_word' id='word_1_141' title='bbox 668 950 696 974; x_wconf 88' lang='lat' dir='ltr'><strong>et</strong></span> <span class='ocrx_word' id='word_1_142' title='bbox 728 947 870 975; x_wconf 88' lang='lat' dir='ltr'><strong>Dominus</strong></span> <span class='ocrx_word' id='word_1_143' title='bbox 893 946 981 975; x_wconf 89' lang='lat' dir='ltr'><strong>dicit:</strong></span> 
     </span>
    </p>
   </div>
   <div class='ocr_carea' id='block_1_20' title="bbox 185 990 982 1027">
    <p class='ocr_par' dir='ltr' id='par_1_20' title="bbox 185 990 982 1027">
     <span class='ocr_line' id='line_1_20' title="bbox 185 990 982 1027; baseline 0.001 -9"><span class='ocrx_word' id='word_1_144' title='bbox 185 1001 199 1016; x_wconf 76' lang='grc' dir='ltr'>α</span> <span class='ocrx_word' id='word_1_145' title='bbox 225 990 356 1019; x_wconf 89' lang='lat' dir='ltr'><strong>Gladium</strong></span> <span class='ocrx_word' id='word_1_146' title='bbox 387 990 448 1019; x_wconf 87' lang='lat' dir='ltr'><strong>veni</strong></span> <span class='ocrx_word' id='word_1_147' title='bbox 475 991 584 1019; x_wconf 86' lang='lat' dir='ltr'><strong>mittere</strong></span> <span class='ocrx_word' id='word_1_148' title='bbox 607 999 690 1027; x_wconf 85' lang='lat' dir='ltr'><strong>super</strong></span> <span class='ocrx_word' id='word_1_149' title='bbox 712 994 817 1019; x_wconf 88' lang='lat' dir='ltr'><strong>terram</strong></span> <span class='ocrx_word' id='word_1_150' title='bbox 831 991 864 1024; x_wconf 74' lang='grc' dir='ltr'><strong>⁸ο,</strong></span> <span class='ocrx_word' id='word_1_151' title='bbox 889 1003 902 1016; x_wconf 75' lang='grc' dir='ltr'>ιο</span> <span class='ocrx_word' id='word_1_152' title='bbox 927 999 982 1027; x_wconf 92' lang='lat' dir='ltr'><strong>quo</strong></span> 
     </span>
    </p>
   </div>
   <div class='ocr_carea' id='block_1_21' title="bbox 183 1035 983 1073">
    <p class='ocr_par' dir='ltr' id='par_1_21' title="bbox 183 1035 983 1073">
     <span class='ocr_line' id='line_1_21' title="bbox 183 1035 983 1073; baseline 0.003 -10"><span class='ocrx_word' id='word_1_153' title='bbox 183 1035 328 1064; x_wconf 64' lang='lat' dir='ltr'><strong>sententiae</strong></span> <span class='ocrx_word' id='word_1_154' title='bbox 360 1036 473 1065; x_wconf 90' lang='lat' dir='ltr'><strong>omnino</strong></span> <span class='ocrx_word' id='word_1_155' title='bbox 497 1035 533 1064; x_wconf 91' lang='lat' dir='ltr'><strong>ob</strong></span> <span class='ocrx_word' id='word_1_156' title='bbox 566 1035 672 1064; x_wconf 88' lang='lat' dir='ltr'><strong>bonum</strong></span> <span class='ocrx_word' id='word_1_157' title='bbox 695 1039 724 1065; x_wconf 85' lang='lat' dir='ltr'><strong>et</strong></span> <span class='ocrx_word' id='word_1_158' title='bbox 748 1036 879 1073; x_wconf 84' lang='lat' dir='ltr'><strong>pietatem</strong></span> <span class='ocrx_word' id='word_1_159' title='bbox 913 1036 983 1065; x_wconf 89' lang='lat' dir='ltr'><strong>divi-</strong></span> 
     </span>
    </p>
   </div>
   <div class='ocr_carea' id='block_1_22' title="bbox 183 1079 296 1109">
    <p class='ocr_par' dir='ltr' id='par_1_22' title="bbox 183 1079 296 1109">
     <span class='ocr_line' id='line_1_22' title="bbox 183 1079 296 1109; baseline 0.009 -1"><span class='ocrx_word' id='word_1_160' title='bbox 183 1079 296 1109; x_wconf 88' lang='lat' dir='ltr'><strong>duntur.</strong></span> 
     </span>
    </p>
   </div>
   <div class='ocr_carea' id='block_1_23' title="bbox 220 1219 983 1256">
    <p class='ocr_par' dir='ltr' id='par_1_23' title="bbox 220 1219 983 1256">
     <span class='ocr_line' id='line_1_23' title="bbox 220 1219 983 1256; baseline 0 -8"><span class='ocrx_word' id='word_1_161' title='bbox 220 1220 309 1248; x_wconf 75' lang='lat' dir='ltr'><strong>Vsns.</strong></span> <span class='ocrx_word' id='word_1_162' title='bbox 329 1221 423 1248; x_wconf 82' lang='lat'><strong>17-19.</strong></span> <span class='ocrx_word' id='word_1_163' title='bbox 450 1231 464 1245; x_wconf 82' lang='grc' dir='ltr'><strong>ι</strong></span> <span class='ocrx_word' id='word_1_164' title='bbox 486 1219 590 1247; x_wconf 88' lang='lat' dir='ltr'><strong>Dicunt</strong></span> <span class='ocrx_word' id='word_1_165' title='bbox 610 1227 683 1248; x_wconf 63' lang='lat' dir='ltr'><strong>ceco</strong></span> <span class='ocrx_word' id='word_1_166' title='bbox 707 1219 806 1248; x_wconf 89' lang='lat' dir='ltr'><strong>iterum</strong></span> <span class='ocrx_word' id='word_1_167' title='bbox 828 1229 834 1247; x_wconf 92' lang='lat'>:</span> <span class='ocrx_word' id='word_1_168' title='bbox 851 1221 904 1255; x_wconf 89' lang='lat' dir='ltr'><strong>Tu,</strong></span> <span class='ocrx_word' id='word_1_169' title='bbox 919 1219 983 1256; x_wconf 91' lang='lat' dir='ltr'><strong>quid</strong></span> 
     </span>
    </p>
   </div>
   <div class='ocr_carea' id='block_1_24' title="bbox 185 1263 984 1300">
    <p class='ocr_par' dir='ltr' id='par_1_24' title="bbox 185 1263 984 1300">
     <span class='ocr_line' id='line_1_24' title="bbox 185 1263 984 1300; baseline 0 -8"><span class='ocrx_word' id='word_1_170' title='bbox 185 1263 253 1292; x_wconf 88' lang='lat' dir='ltr'><strong>dicis</strong></span> <span class='ocrx_word' id='word_1_171' title='bbox 261 1264 295 1292; x_wconf 91' lang='lat' dir='ltr'><strong>de</strong></span> <span class='ocrx_word' id='word_1_172' title='bbox 304 1264 352 1292; x_wconf 93' lang='lat' dir='ltr'><strong>illo</strong></span> <span class='ocrx_word' id='word_1_173' title='bbox 363 1264 427 1300; x_wconf 87' lang='lat' dir='ltr'><strong>quia</strong></span> <span class='ocrx_word' id='word_1_174' title='bbox 447 1265 553 1300; x_wconf 87' lang='lat' dir='ltr'><strong>aperuit</strong></span> <span class='ocrx_word' id='word_1_175' title='bbox 565 1264 613 1292; x_wconf 89' lang='lat' dir='ltr'><strong>tibi</strong></span> <span class='ocrx_word' id='word_1_176' title='bbox 626 1265 718 1293; x_wconf 91' lang='lat' dir='ltr'><strong>oculos</strong></span> <span class='ocrx_word' id='word_1_177' title='bbox 729 1266 812 1292; x_wconf 77' lang='lat' dir='ltr'><strong>tuos?</strong></span> <span class='ocrx_word' id='word_1_178' title='bbox 825 1265 873 1292; x_wconf 89' lang='lat' dir='ltr'><strong>Ille</strong></span> <span class='ocrx_word' id='word_1_179' title='bbox 891 1269 984 1293; x_wconf 86' lang='lat' dir='ltr'><strong>autem</strong></span> 
     </span>
    </p>
   </div>
   <div class='ocr_carea' id='block_1_25' title="bbox 187 1308 984 1346">
    <p class='ocr_par' dir='ltr' id='par_1_25' title="bbox 187 1308 984 1346">
     <span class='ocr_line' id='line_1_25' title="bbox 187 1308 984 1346; baseline 0.001 -10"><span class='ocrx_word' id='word_1_180' title='bbox 187 1308 257 1336; x_wconf 85' lang='lat' dir='ltr'><strong>dixit</strong></span> <span class='ocrx_word' id='word_1_181' title='bbox 274 1318 280 1336; x_wconf 75' lang='grc' dir='ltr'><strong>ε</strong></span> <span class='ocrx_word' id='word_1_182' title='bbox 301 1308 441 1344; x_wconf 86' lang='lat' dir='ltr'><strong>Propheta</strong></span> <span class='ocrx_word' id='word_1_183' title='bbox 461 1313 512 1337; x_wconf 89' lang='lat' dir='ltr'><strong>est.</strong></span> <span class='ocrx_word' id='word_1_184' title='bbox 533 1310 594 1338; x_wconf 87' lang='lat' dir='ltr'><strong>Non</strong></span> <span class='ocrx_word' id='word_1_185' title='bbox 615 1309 788 1338; x_wconf 86' lang='lat' dir='ltr'><strong>crediderunt</strong></span> <span class='ocrx_word' id='word_1_186' title='bbox 812 1317 877 1346; x_wconf 84' lang='lat' dir='ltr'><strong>ergo</strong></span> <span class='ocrx_word' id='word_1_187' title='bbox 895 1309 984 1337; x_wconf 75' lang='lat' dir='ltr'><strong>Judmi</strong></span> 
     </span>
    </p>
   </div>
   <div class='ocr_carea' id='block_1_26' title="bbox 187 1353 984 1390">
    <p class='ocr_par' dir='ltr' id='par_1_26' title="bbox 187 1353 984 1390">
     <span class='ocr_line' id='line_1_26' title="bbox 187 1353 984 1390; baseline -0.001 -8"><span class='ocrx_word' id='word_1_188' title='bbox 187 1353 221 1382; x_wconf 91' lang='lat' dir='ltr'><strong>de</strong></span> <span class='ocrx_word' id='word_1_189' title='bbox 244 1353 291 1382; x_wconf 92' lang='lat' dir='ltr'><strong>illo</strong></span> <span class='ocrx_word' id='word_1_190' title='bbox 314 1353 389 1390; x_wconf 87' lang='lat' dir='ltr'><strong>quod</strong></span> <span class='ocrx_word' id='word_1_191' title='bbox 420 1362 510 1382; x_wconf 73' lang='lat' dir='ltr'><strong>caecus</strong></span> <span class='ocrx_word' id='word_1_192' title='bbox 538 1353 642 1388; x_wconf 86' lang='lat' dir='ltr'><strong>fuisset,</strong></span> <span class='ocrx_word' id='word_1_193' title='bbox 669 1359 697 1382; x_wconf 89' lang='lat' dir='ltr'><strong>et</strong></span> <span class='ocrx_word' id='word_1_194' title='bbox 719 1354 808 1382; x_wconf 83' lang='lat' dir='ltr'><strong>visum</strong></span> <span class='ocrx_word' id='word_1_195' title='bbox 829 1354 984 1389; x_wconf 88' lang='lat' dir='ltr'><strong>recepisset,</strong></span> 
     </span>
    </p>
   </div>
   <div class='ocr_carea' id='block_1_27' title="bbox 188 1397 986 1435">
    <p class='ocr_par' dir='ltr' id='par_1_27' title="bbox 188 1397 986 1435">
     <span class='ocr_line' id='line_1_27' title="bbox 188 1397 986 1435; baseline 0 -9"><span class='ocrx_word' id='word_1_196' title='bbox 188 1397 278 1426; x_wconf 88' lang='lat' dir='ltr'><strong>donec</strong></span> <span class='ocrx_word' id='word_1_197' title='bbox 298 1403 464 1426; x_wconf 87' lang='lat' dir='ltr'><strong>vocaverunt</strong></span> <span class='ocrx_word' id='word_1_198' title='bbox 485 1403 610 1434; x_wconf 88' lang='lat' dir='ltr'><strong>parentes</strong></span> <span class='ocrx_word' id='word_1_199' title='bbox 622 1399 682 1435; x_wconf 90' lang='lat' dir='ltr'><strong>ejus</strong></span> <span class='ocrx_word' id='word_1_200' title='bbox 700 1399 748 1435; x_wconf 88' lang='lat' dir='ltr'><strong>qui</strong></span> <span class='ocrx_word' id='word_1_201' title='bbox 767 1399 855 1426; x_wconf 90' lang='lat' dir='ltr'><strong>visum</strong></span> <span class='ocrx_word' id='word_1_202' title='bbox 874 1406 986 1433; x_wconf 87' lang='lat' dir='ltr'><strong>recepe-</strong></span> 
     </span>
    </p>
   </div>
   <div class='ocr_carea' id='block_1_28' title="bbox 189 1443 986 1479">
    <p class='ocr_par' dir='ltr' id='par_1_28' title="bbox 189 1443 986 1479">
     <span class='ocr_line' id='line_1_28' title="bbox 189 1443 986 1479; baseline 0 -9"><span class='ocrx_word' id='word_1_203' title='bbox 189 1446 243 1477; x_wconf 87' lang='lat' dir='ltr'><strong>rat,</strong></span> <span class='ocrx_word' id='word_1_204' title='bbox 255 1446 282 1471; x_wconf 88' lang='lat' dir='ltr'><strong>et</strong></span> <span class='ocrx_word' id='word_1_205' title='bbox 293 1443 531 1479; x_wconf 85' lang='lat' dir='ltr'><strong>interrogaverunt</strong></span> <span class='ocrx_word' id='word_1_206' title='bbox 547 1451 605 1478; x_wconf 91' lang='lat' dir='ltr'><strong>eos,</strong></span> <span class='ocrx_word' id='word_1_207' title='bbox 624 1444 749 1472; x_wconf 90' lang='lat' dir='ltr'><strong>dicentes</strong></span> <span class='ocrx_word' id='word_1_208' title='bbox 766 1443 840 1471; x_wconf 85' lang='lat' dir='ltr'><strong>:Hic</strong></span> <span class='ocrx_word' id='word_1_209' title='bbox 859 1447 900 1471; x_wconf 88' lang='lat' dir='ltr'><strong>est</strong></span> <span class='ocrx_word' id='word_1_210' title='bbox 915 1443 986 1471; x_wconf 88' lang='lat' dir='ltr'><strong>ﬁlius</strong></span> 
     </span>
    </p>
   </div>
   <div class='ocr_carea' id='block_1_29' title="bbox 188 1488 985 1524">
    <p class='ocr_par' dir='ltr' id='par_1_29' title="bbox 188 1488 985 1524">
     <span class='ocr_line' id='line_1_29' title="bbox 188 1488 985 1524; baseline 0.001 -9"><span class='ocrx_word' id='word_1_211' title='bbox 188 1491 289 1522; x_wconf 86' lang='lat' dir='ltr'><strong>vester,</strong></span> <span class='ocrx_word' id='word_1_212' title='bbox 304 1495 388 1524; x_wconf 89' lang='lat' dir='ltr'><strong>quem</strong></span> <span class='ocrx_word' id='word_1_213' title='bbox 399 1496 447 1516; x_wconf 89' lang='lat' dir='ltr'><strong>vos</strong></span> <span class='ocrx_word' id='word_1_214' title='bbox 461 1488 592 1517; x_wconf 88' lang='lat' dir='ltr'><strong>dicebatis</strong></span> <span class='ocrx_word' id='word_1_215' title='bbox 602 1497 705 1517; x_wconf 68' lang='lat' dir='ltr'><strong>caecum</strong></span> <span class='ocrx_word' id='word_1_216' title='bbox 715 1493 809 1516; x_wconf 90' lang='lat' dir='ltr'><strong>natum</strong></span> <span class='ocrx_word' id='word_1_217' title='bbox 824 1490 900 1516; x_wconf 79' lang='lat' dir='ltr'><strong>esse?</strong></span> <span class='ocrx_word' id='word_1_218' title='bbox 915 1496 985 1524; x_wconf 91' lang='lat' dir='ltr'><strong>quo—</strong></span> 
     </span>
    </p>
   </div>
   <div class='ocr_carea' id='block_1_30' title="bbox 1037 266 1832 316">
    <p class='ocr_par' dir='ltr' id='par_1_30' title="bbox 1037 266 1832 316">
     <span class='ocr_line' id='line_1_30' title="bbox 1037 266 1832 316; baseline -0.013 -10"><span class='ocrx_word' id='word_1_219' title='bbox 1037 279 1074 315; x_wconf 83' lang='grc' dir='ltr'><strong>τῷ</strong></span> <span class='ocrx_word' id='word_1_220' title='bbox 1090 276 1161 316; x_wconf 78' lang='grc' dir='ltr'>ὄχλῳ</span> <span class='ocrx_word' id='word_1_221' title='bbox 1175 266 1250 316; x_wconf 43' lang='grc' dir='ltr'><strong>ἐ-φύγγ</strong></span> <span class='ocrx_word' id='word_1_222' title='bbox 1266 276 1290 304; x_wconf 81' lang='grc' dir='ltr'>οἱ</span> <span class='ocrx_word' id='word_1_223' title='bbox 1311 273 1358 312; x_wconf 83' lang='grc' dir='ltr'>μὲν</span> <span class='ocrx_word' id='word_1_224' title='bbox 1379 271 1430 312; x_wconf 75' lang='grc' dir='ltr'><strong>γὰρ</strong></span> <span class='ocrx_word' id='word_1_225' title='bbox 1450 271 1553 310; x_wconf 86' lang='grc' dir='ltr'>ἔλεγον,</span> <span class='ocrx_word' id='word_1_226' title='bbox 1577 270 1617 299; x_wconf 78' lang='grc' dir='ltr'><strong>ὅτι</strong></span> <span class='ocrx_word' id='word_1_227' title='bbox 1634 282 1649 297; x_wconf 76' lang='grc' dir='ltr'><strong>α</strong></span> <span class='ocrx_word' id='word_1_228' title='bbox 1667 271 1767 316; x_wconf 59' lang='grc' dir='ltr'>Πλανᾷ</span> <span class='ocrx_word' id='word_1_229' title='bbox 1791 266 1832 297; x_wconf 78' lang='grc' dir='ltr'><strong>τὸν</strong></span> 
     </span>
    </p>
   </div>
   <div class='ocr_carea' id='block_1_31' title="bbox 1037 313 1833 361">
    <p class='ocr_par' dir='ltr' id='par_1_31' title="bbox 1037 313 1833 361">
     <span class='ocr_line' id='line_1_31' title="bbox 1037 313 1833 361; baseline -0.011 -11"><span class='ocrx_word' id='word_1_230' title='bbox 1037 313 1125 361; x_wconf 63' lang='grc' dir='ltr'><strong>ὄχλονἰ</strong></span> <span class='ocrx_word' id='word_1_231' title='bbox 1141 313 1165 350; x_wconf 70' lang='grc' dir='ltr'>ὁὶ</span> <span class='ocrx_word' id='word_1_232' title='bbox 1227 344 1234 356; x_wconf 86' lang='grc'><strong>,</strong></span> <span class='ocrx_word' id='word_1_233' title='bbox 1249 321 1288 350; x_wconf 81' lang='grc' dir='ltr'><strong>ὅτι</strong></span> <span class='ocrx_word' id='word_1_234' title='bbox 1310 317 1361 349; x_wconf 85' lang='grc' dir='ltr'><strong>Οὔ.</strong></span> <span class='ocrx_word' id='word_1_235' title='bbox 1377 332 1390 344; x_wconf 77' lang='grc' dir='ltr'><strong>υ</strong></span> <span class='ocrx_word' id='word_1_236' title='bbox 1410 319 1466 348; x_wconf 76' lang='grc' dir='ltr'>Νῦν</span> <span class='ocrx_word' id='word_1_237' title='bbox 1485 317 1512 345; x_wconf 78' lang='grc' dir='ltr'>δὲ</span> <span class='ocrx_word' id='word_1_238' title='bbox 1528 315 1573 345; x_wconf 81' lang='grc' dir='ltr'><strong>καὶ</strong></span> <span class='ocrx_word' id='word_1_239' title='bbox 1588 315 1700 354; x_wconf 80' lang='grc' dir='ltr'>ἄρχουσι</span> <span class='ocrx_word' id='word_1_240' title='bbox 1717 313 1833 353; x_wconf 68' lang='grc' dir='ltr'>φύεται,</span> 
     </span>
    </p>
   </div>
   <div class='ocr_carea' id='block_1_32' title="bbox 1037 359 1834 403">
    <p class='ocr_par' dir='ltr' id='par_1_32' title="bbox 1037 359 1834 403">
     <span class='ocr_line' id='line_1_32' title="bbox 1037 359 1834 403; baseline -0.011 -8"><span class='ocrx_word' id='word_1_241' title='bbox 1037 359 1082 396; x_wconf 67' lang='grc' dir='ltr'>καὶ</span> <span class='ocrx_word' id='word_1_242' title='bbox 1105 366 1161 395; x_wconf 75' lang='grc' dir='ltr'>ἰδοὺ</span> <span class='ocrx_word' id='word_1_243' title='bbox 1176 365 1270 395; x_wconf 78' lang='grc' dir='ltr'>πολλοὶ</span> <span class='ocrx_word' id='word_1_244' title='bbox 1295 366 1348 394; x_wconf 78' lang='grc' dir='ltr'><strong>τῶν</strong></span> <span class='ocrx_word' id='word_1_245' title='bbox 1372 362 1531 403; x_wconf 77' lang='grc' dir='ltr'><strong>Φαρισαίων</strong></span> <span class='ocrx_word' id='word_1_246' title='bbox 1561 359 1767 399; x_wconf 77' lang='grc' dir='ltr'><strong>ἀποσχισθέντες</strong></span> <span class='ocrx_word' id='word_1_247' title='bbox 1781 359 1834 387; x_wconf 80' lang='grc' dir='ltr'><strong>τῶν</strong></span> 
     </span>
    </p>
   </div>
   <div class='ocr_carea' id='block_1_33' title="bbox 1038 403 1836 450">
    <p class='ocr_par' dir='ltr' id='par_1_33' title="bbox 1038 403 1836 450">
     <span class='ocr_line' id='line_1_33' title="bbox 1038 403 1836 450; baseline -0.013 -10"><span class='ocrx_word' id='word_1_248' title='bbox 1038 411 1143 447; x_wconf 80' lang='grc' dir='ltr'>ἄλλων,</span> <span class='ocrx_word' id='word_1_249' title='bbox 1160 412 1334 450; x_wconf 73' lang='grc' dir='ltr'>συνηγοροῦσι</span> <span class='ocrx_word' id='word_1_250' title='bbox 1357 409 1396 448; x_wconf 80' lang='grc' dir='ltr'><strong>τῷ</strong></span> <span class='ocrx_word' id='word_1_251' title='bbox 1421 407 1548 445; x_wconf 81' lang='grc' dir='ltr'><strong>θαύματι.</strong></span> <span class='ocrx_word' id='word_1_252' title='bbox 1578 405 1653 439; x_wconf 84' lang='grc' dir='ltr'>Πλὴν</span> <span class='ocrx_word' id='word_1_253' title='bbox 1671 406 1692 433; x_wconf 87' lang='grc' dir='ltr'><strong>εἰ</strong></span> <span class='ocrx_word' id='word_1_254' title='bbox 1717 403 1764 432; x_wconf 78' lang='grc' dir='ltr'>καὶ</span> <span class='ocrx_word' id='word_1_255' title='bbox 1786 403 1836 431; x_wconf 78' lang='grc' dir='ltr'><strong>ἄπ-</strong></span> 
     </span>
    </p>
   </div>
   <div class='ocr_carea' id='block_1_34' title="bbox 1036 448 1834 496">
    <p class='ocr_par' dir='ltr' id='par_1_34' title="bbox 1036 448 1834 496">
     <span class='ocr_line' id='line_1_34' title="bbox 1036 448 1834 496; baseline -0.011 -11"><span class='ocrx_word' id='word_1_256' title='bbox 1036 456 1213 496; x_wconf 74' lang='grc' dir='ltr'>εσχίσθησαν,</span> <span class='ocrx_word' id='word_1_257' title='bbox 1234 448 1304 484; x_wconf 60' lang='grc' dir='ltr'>ἀλλὰ</span> <span class='ocrx_word' id='word_1_258' title='bbox 1323 451 1512 492; x_wconf 73' lang='grc' dir='ltr'>μαλακώτερον</span> <span class='ocrx_word' id='word_1_259' title='bbox 1535 451 1670 480; x_wconf 80' lang='grc' dir='ltr'>ἐνίσταντο</span> <span class='ocrx_word' id='word_1_260' title='bbox 1697 448 1766 496; x_wconf 65' lang='grc' dir='ltr'>θπὲρ</span> <span class='ocrx_word' id='word_1_261' title='bbox 1790 449 1834 496; x_wconf 51' lang='lat' dir='ltr'><strong>re?</strong></span> 
     </span>
    </p>
   </div>
   <div class='ocr_carea' id='block_1_35' title="bbox 1037 492 1834 540">
    <p class='ocr_par' dir='ltr' id='par_1_35' title="bbox 1037 492 1834 540">
     <span class='ocr_line' id='line_1_35' title="bbox 1037 492 1834 540; baseline -0.01 -10"><span class='ocrx_word' id='word_1_262' title='bbox 1037 492 1170 540; x_wconf 63' lang='grc' dir='ltr'>Χριστοῦ,</span> <span class='ocrx_word' id='word_1_263' title='bbox 1200 492 1245 530; x_wconf 52' lang='lat' dir='ltr'><strong>uel</strong></span> <span class='ocrx_word' id='word_1_264' title='bbox 1270 498 1424 539; x_wconf 63' lang='grc' dir='ltr'>ἀμφιϐόλως</span> <span class='ocrx_word' id='word_1_265' title='bbox 1453 497 1555 536; x_wconf 78' lang='grc' dir='ltr'>μᾶλλον</span> <span class='ocrx_word' id='word_1_266' title='bbox 1581 495 1627 524; x_wconf 81' lang='grc' dir='ltr'>καὶ</span> <span class='ocrx_word' id='word_1_267' title='bbox 1653 492 1834 540; x_wconf 28' lang='grc' dir='ltr'>διψύχωςκῆ</span> 
     </span>
    </p>
   </div>
   <div class='ocr_carea' id='block_1_36' title="bbox 1038 536 1836 585">
    <p class='ocr_par' dir='ltr' id='par_1_36' title="bbox 1038 536 1836 585">
     <span class='ocr_line' id='line_1_36' title="bbox 1038 536 1836 585; baseline -0.011 -11"><span class='ocrx_word' id='word_1_268' title='bbox 1038 536 1166 585; x_wconf 46' lang='grc' dir='ltr'>βέϐαίωςί</span> <span class='ocrx_word' id='word_1_269' title='bbox 1196 536 1293 575; x_wconf 75' lang='grc' dir='ltr'>’Ἄκουε</span> <span class='ocrx_word' id='word_1_270' title='bbox 1316 536 1367 583; x_wconf 77' lang='grc' dir='ltr'><strong>γὰρ</strong></span> <span class='ocrx_word' id='word_1_271' title='bbox 1393 542 1418 571; x_wconf 85' lang='grc' dir='ltr'><strong>τί</strong></span> <span class='ocrx_word' id='word_1_272' title='bbox 1448 550 1522 582; x_wconf 83' lang='grc' dir='ltr'>φασι”</span> <span class='ocrx_word' id='word_1_273' title='bbox 1557 541 1619 573; x_wconf 75' lang='grc' dir='ltr'><strong>Πῶς</strong></span> <span class='ocrx_word' id='word_1_274' title='bbox 1647 539 1759 569; x_wconf 84' lang='grc' dir='ltr'>δύναται</span> <span class='ocrx_word' id='word_1_275' title='bbox 1793 536 1836 566; x_wconf 82' lang='grc' dir='ltr'>ἄν·</span> 
     </span>
    </p>
   </div>
   <div class='ocr_carea' id='block_1_37' title="bbox 1036 583 1835 630">
    <p class='ocr_par' dir='ltr' id='par_1_37' title="bbox 1036 583 1835 630">
     <span class='ocr_line' id='line_1_37' title="bbox 1036 583 1835 630; baseline -0.013 -10"><span class='ocrx_word' id='word_1_276' title='bbox 1036 593 1136 630; x_wconf 86' lang='grc' dir='ltr'>θρωπος</span> <span class='ocrx_word' id='word_1_277' title='bbox 1159 589 1317 629; x_wconf 74' lang='grc' dir='ltr'>ἁμαρτωλὸς</span> <span class='ocrx_word' id='word_1_278' title='bbox 1340 590 1450 617; x_wconf 80' lang='grc' dir='ltr'>τοιαῦτα</span> <span class='ocrx_word' id='word_1_279' title='bbox 1474 586 1574 623; x_wconf 85' lang='grc' dir='ltr'>ποιεῖν;</span> <span class='ocrx_word' id='word_1_280' title='bbox 1593 598 1606 613; x_wconf 73' lang='grc' dir='ltr'><strong>ιι</strong></span> <span class='ocrx_word' id='word_1_281' title='bbox 1620 584 1703 625; x_wconf 79' lang='grc' dir='ltr'>Ὁρᾷς</span> <span class='ocrx_word' id='word_1_282' title='bbox 1729 583 1760 612; x_wconf 81' lang='grc' dir='ltr'><strong>τὸ</strong></span> <span class='ocrx_word' id='word_1_283' title='bbox 1781 595 1835 630; x_wconf 64' lang='grc' dir='ltr'>μαι</span> 
     </span>
    </p>
   </div>
   <div class='ocr_carea' id='block_1_38' title="bbox 1036 627 1835 675">
    <p class='ocr_par' dir='ltr' id='par_1_38' title="bbox 1036 627 1835 675">
     <span class='ocr_line' id='line_1_38' title="bbox 1036 627 1835 675; baseline -0.011 -10"><span class='ocrx_word' id='word_1_284' title='bbox 1036 636 1116 665; x_wconf 73' lang='grc' dir='ltr'>λαχὸν</span> <span class='ocrx_word' id='word_1_285' title='bbox 1143 638 1189 670; x_wconf 67' lang='grc' dir='ltr'><strong>τῆς</strong></span> <span class='ocrx_word' id='word_1_286' title='bbox 1216 634 1376 669; x_wconf 83' lang='grc' dir='ltr'>ἐνστάσεως;</span> <span class='ocrx_word' id='word_1_287' title='bbox 1418 631 1492 672; x_wconf 88' lang='grc' dir='ltr'><strong>Ὅρα</strong></span> <span class='ocrx_word' id='word_1_288' title='bbox 1517 630 1562 660; x_wconf 79' lang='grc' dir='ltr'>καὶ</span> <span class='ocrx_word' id='word_1_289' title='bbox 1589 630 1637 666; x_wconf 79' lang='grc' dir='ltr'><strong>τήν</strong></span> <span class='ocrx_word' id='word_1_290' title='bbox 1668 627 1835 675; x_wconf 55' lang='grc' dir='ltr'>καξουργίαν</span> 
     </span>
    </p>
   </div>
   <div class='ocr_carea' id='block_1_39' title="bbox 1035 674 1837 716">
    <p class='ocr_par' dir='ltr' id='par_1_39' title="bbox 1035 674 1837 716">
     <span class='ocr_line' id='line_1_39' title="bbox 1035 674 1837 716; baseline -0.011 -6"><span class='ocrx_word' id='word_1_291' title='bbox 1035 682 1087 710; x_wconf 77' lang='grc' dir='ltr'><strong>τῶν</strong></span> <span class='ocrx_word' id='word_1_292' title='bbox 1111 680 1317 710; x_wconf 79' lang='grc' dir='ltr'>διαϐαλλόντων.</span> <span class='ocrx_word' id='word_1_293' title='bbox 1343 679 1384 708; x_wconf 83' lang='grc' dir='ltr'><strong>Οὐ</strong></span> <span class='ocrx_word' id='word_1_294' title='bbox 1403 677 1454 716; x_wconf 77' lang='grc' dir='ltr'><strong>γὰρ</strong></span> <span class='ocrx_word' id='word_1_295' title='bbox 1470 676 1591 715; x_wconf 87' lang='grc' dir='ltr'>λέγουσιν</span> <span class='ocrx_word' id='word_1_296' title='bbox 1603 698 1610 711; x_wconf 94' lang='grc'><strong>,</strong></span> <span class='ocrx_word' id='word_1_297' title='bbox 1626 674 1666 704; x_wconf 78' lang='grc' dir='ltr'><strong>ὅτι</strong></span> <span class='ocrx_word' id='word_1_298' title='bbox 1686 674 1776 707; x_wconf 72' lang='grc' dir='ltr'>Οὗτος</span> <span class='ocrx_word' id='word_1_299' title='bbox 1789 674 1837 702; x_wconf 72' lang='grc' dir='ltr'><strong>οὒκ</strong></span> 
     </span>
    </p>
   </div>
   <div class='ocr_carea' id='block_1_40' title="bbox 1036 717 1836 762">
    <p class='ocr_par' dir='ltr' id='par_1_40' title="bbox 1036 717 1836 762">
     <span class='ocr_line' id='line_1_40' title="bbox 1036 717 1836 762; baseline -0.011 -7"><span class='ocrx_word' id='word_1_300' title='bbox 1036 725 1105 755; x_wconf 75' lang='grc' dir='ltr'>ἔστιν</span> <span class='ocrx_word' id='word_1_301' title='bbox 1119 727 1147 754; x_wconf 76' lang='grc' dir='ltr'><strong>ἐκ</strong></span> <span class='ocrx_word' id='word_1_302' title='bbox 1161 726 1249 762; x_wconf 76' lang='grc' dir='ltr'>Θεοῦ,</span> <span class='ocrx_word' id='word_1_303' title='bbox 1266 724 1306 754; x_wconf 71' lang='grc' dir='ltr'><strong>ὅτι</strong></span> <span class='ocrx_word' id='word_1_304' title='bbox 1322 724 1347 752; x_wconf 81' lang='grc' dir='ltr'>ἐν</span> <span class='ocrx_word' id='word_1_305' title='bbox 1364 721 1501 761; x_wconf 73' lang='grc' dir='ltr'>Σαϐϐάτῳ</span> <span class='ocrx_word' id='word_1_306' title='bbox 1515 719 1669 760; x_wconf 78' lang='grc' dir='ltr'><strong>θεραπεύει,</strong></span> <span class='ocrx_word' id='word_1_307' title='bbox 1684 718 1784 757; x_wconf 35' lang='grc' dir='ltr'>ἀλλ’,ιι</span> <span class='ocrx_word' id='word_1_308' title='bbox 1797 717 1836 746; x_wconf 79' lang='grc' dir='ltr'><strong>ὅτι</strong></span> 
     </span>
    </p>
   </div>
   <div class='ocr_carea' id='block_1_41' title="bbox 1036 762 1835 808">
    <p class='ocr_par' dir='ltr' id='par_1_41' title="bbox 1036 762 1835 808">
     <span class='ocr_line' id='line_1_41' title="bbox 1036 762 1835 808; baseline -0.01 -9"><span class='ocrx_word' id='word_1_309' title='bbox 1036 770 1066 799; x_wconf 73' lang='grc' dir='ltr'><strong>τὸ</strong></span> <span class='ocrx_word' id='word_1_310' title='bbox 1091 769 1234 800; x_wconf 73' lang='grc' dir='ltr'>Σάϐϐατον</span> <span class='ocrx_word' id='word_1_311' title='bbox 1259 769 1288 797; x_wconf 83' lang='grc' dir='ltr'><strong>οὐ</strong></span> <span class='ocrx_word' id='word_1_312' title='bbox 1316 772 1408 808; x_wconf 83' lang='grc' dir='ltr'>τηρεῖ,</span> <span class='ocrx_word' id='word_1_313' title='bbox 1436 781 1448 792; x_wconf 84' lang='grc' dir='ltr'><strong>ιι</strong></span> <span class='ocrx_word' id='word_1_314' title='bbox 1475 766 1528 795; x_wconf 74' lang='grc' dir='ltr'><strong>ἄνω</strong></span> <span class='ocrx_word' id='word_1_315' title='bbox 1554 765 1599 794; x_wconf 66' lang='grc' dir='ltr'>καὶ</span> <span class='ocrx_word' id='word_1_316' title='bbox 1627 764 1700 794; x_wconf 75' lang='grc' dir='ltr'>κάτω</span> <span class='ocrx_word' id='word_1_317' title='bbox 1726 764 1757 792; x_wconf 79' lang='grc' dir='ltr'>οὗ</span> <span class='ocrx_word' id='word_1_318' title='bbox 1787 762 1835 798; x_wconf 71' lang='grc' dir='ltr'>τὴν</span> 
     </span>
    </p>
   </div>
   <div class='ocr_carea' id='block_1_42' title="bbox 1036 809 1836 855">
    <p class='ocr_par' dir='ltr' id='par_1_42' title="bbox 1036 809 1836 855">
     <span class='ocr_line' id='line_1_42' title="bbox 1036 809 1836 855; baseline -0.01 -11"><span class='ocrx_word' id='word_1_319' title='bbox 1036 814 1202 855; x_wconf 77' lang='grc' dir='ltr'>εὐεργεσίαν,</span> <span class='ocrx_word' id='word_1_320' title='bbox 1229 811 1298 842; x_wconf 78' lang='grc' dir='ltr'>ἀλλὰ</span> <span class='ocrx_word' id='word_1_321' title='bbox 1325 813 1372 848; x_wconf 77' lang='grc' dir='ltr'><strong>τὴν</strong></span> <span class='ocrx_word' id='word_1_322' title='bbox 1396 811 1545 850; x_wconf 75' lang='grc' dir='ltr'>παράλυσιν</span> <span class='ocrx_word' id='word_1_323' title='bbox 1576 809 1739 848; x_wconf 64' lang='grc' dir='ltr'>τῆςῆμέρας</span> <span class='ocrx_word' id='word_1_324' title='bbox 1766 819 1836 847; x_wconf 82' lang='grc' dir='ltr'>προ-</span> 
     </span>
    </p>
   </div>
   <div class='ocr_carea' id='block_1_43' title="bbox 1035 853 1836 900">
    <p class='ocr_par' dir='ltr' id='par_1_43' title="bbox 1035 853 1836 900">
     <span class='ocr_line' id='line_1_43' title="bbox 1035 853 1836 900; baseline -0.009 -12"><span class='ocrx_word' id='word_1_325' title='bbox 1035 853 1169 900; x_wconf 73' lang='grc' dir='ltr'>φέροντες.</span> <span class='ocrx_word' id='word_1_326' title='bbox 1189 858 1348 897; x_wconf 85' lang='grc' dir='ltr'>Σημείωσαι</span> <span class='ocrx_word' id='word_1_327' title='bbox 1364 857 1391 887; x_wconf 84' lang='grc' dir='ltr'>δὲ</span> <span class='ocrx_word' id='word_1_328' title='bbox 1406 856 1452 886; x_wconf 76' lang='grc' dir='ltr'><strong>καὶ</strong></span> <span class='ocrx_word' id='word_1_329' title='bbox 1467 858 1560 892; x_wconf 76' lang='grc' dir='ltr'>τοῦτο,</span> <span class='ocrx_word' id='word_1_330' title='bbox 1578 854 1648 888; x_wconf 66' lang='grc' dir='ltr'>επως</span> <span class='ocrx_word' id='word_1_331' title='bbox 1661 856 1686 884; x_wconf 79' lang='grc' dir='ltr'>οἱ</span> <span class='ocrx_word' id='word_1_332' title='bbox 1706 853 1836 892; x_wconf 78' lang='grc' dir='ltr'>ἄρχοντες</span> 
     </span>
    </p>
   </div>
   <div class='ocr_carea' id='block_1_44' title="bbox 1038 896 1838 944">
    <p class='ocr_par' dir='ltr' id='par_1_44' title="bbox 1038 896 1838 944">
     <span class='ocr_line' id='line_1_44' title="bbox 1038 896 1838 944; baseline -0.009 -11"><span class='ocrx_word' id='word_1_333' title='bbox 1038 896 1191 944; x_wconf 77' lang='grc' dir='ltr'>νωθρότεροι</span> <span class='ocrx_word' id='word_1_334' title='bbox 1216 905 1261 932; x_wconf 74' lang='grc' dir='ltr'><strong>τοῦ</strong></span> <span class='ocrx_word' id='word_1_335' title='bbox 1278 903 1359 942; x_wconf 80' lang='grc' dir='ltr'>ὄχλου</span> <span class='ocrx_word' id='word_1_336' title='bbox 1380 901 1430 931; x_wconf 85' lang='grc' dir='ltr'>εἶσὶ</span> <span class='ocrx_word' id='word_1_337' title='bbox 1453 902 1514 940; x_wconf 80' lang='grc' dir='ltr'>περὶ</span> <span class='ocrx_word' id='word_1_338' title='bbox 1526 899 1556 929; x_wconf 81' lang='grc' dir='ltr'><strong>τὸ</strong></span> <span class='ocrx_word' id='word_1_339' title='bbox 1577 899 1670 929; x_wconf 84' lang='grc' dir='ltr'>καλόν.</span> <span class='ocrx_word' id='word_1_340' title='bbox 1701 897 1772 928; x_wconf 81' lang='grc' dir='ltr'>Ἰδοὺ</span> <span class='ocrx_word' id='word_1_341' title='bbox 1787 896 1838 936; x_wconf 72' lang='grc' dir='ltr'><strong>γὰρ</strong></span> 
     </span>
    </p>
   </div>
   <div class='ocr_carea' id='block_1_45' title="bbox 1037 942 1838 989">
    <p class='ocr_par' dir='ltr' id='par_1_45' title="bbox 1037 942 1838 989">
     <span class='ocr_line' id='line_1_45' title="bbox 1037 942 1838 989; baseline -0.011 -10"><span class='ocrx_word' id='word_1_342' title='bbox 1037 951 1051 978; x_wconf 82' lang='grc' dir='ltr'>ὁ</span> <span class='ocrx_word' id='word_1_343' title='bbox 1067 942 1114 988; x_wconf 65' lang='grc' dir='ltr'><strong>μέν</strong></span> <span class='ocrx_word' id='word_1_344' title='bbox 1130 942 1208 989; x_wconf 83' lang='grc' dir='ltr'>ὄχλος</span> <span class='ocrx_word' id='word_1_345' title='bbox 1228 948 1354 988; x_wconf 86' lang='grc' dir='ltr'>πρότερον</span> <span class='ocrx_word' id='word_1_346' title='bbox 1377 946 1538 986; x_wconf 73' lang='grc' dir='ltr'><strong>ἐσχίσθησαν</strong></span> <span class='ocrx_word' id='word_1_347' title='bbox 1555 946 1613 977; x_wconf 83' lang='grc' dir='ltr'>ταῖς</span> <span class='ocrx_word' id='word_1_348' title='bbox 1628 943 1766 983; x_wconf 77' lang='grc' dir='ltr'>γνώμαις,</span> <span class='ocrx_word' id='word_1_349' title='bbox 1792 942 1838 989; x_wconf 49' lang='grc' dir='ltr'><strong>καί</strong></span> 
     </span>
    </p>
   </div>
   <div class='ocr_carea' id='block_1_46' title="bbox 1037 986 1839 1034">
    <p class='ocr_par' dir='ltr' id='par_1_46' title="bbox 1037 986 1839 1034">
     <span class='ocr_line' id='line_1_46' title="bbox 1037 986 1839 1034; baseline -0.009 -10"><span class='ocrx_word' id='word_1_350' title='bbox 1037 986 1096 1034; x_wconf 79' lang='grc' dir='ltr'>οὐχὶ</span> <span class='ocrx_word' id='word_1_351' title='bbox 1123 986 1219 1027; x_wconf 49' lang='grc' dir='ltr'>παντες</span> <span class='ocrx_word' id='word_1_352' title='bbox 1247 986 1407 1032; x_wconf 54' lang='grc' dir='ltr'>ὧμοῂώνουν</span> <span class='ocrx_word' id='word_1_353' title='bbox 1431 990 1501 1020; x_wconf 73' lang='grc' dir='ltr'>κατὰ</span> <span class='ocrx_word' id='word_1_354' title='bbox 1525 993 1570 1019; x_wconf 73' lang='grc' dir='ltr'><strong>τοῦ</strong></span> <span class='ocrx_word' id='word_1_355' title='bbox 1598 991 1726 1030; x_wconf 78' lang='grc' dir='ltr'>Χριστοῦ·</span> <span class='ocrx_word' id='word_1_356' title='bbox 1759 986 1839 1034; x_wconf 17' lang='grc' dir='ltr'>οἶᾲδὲ</span> 
     </span>
    </p>
   </div>
   <div class='ocr_carea' id='block_1_47' title="bbox 1038 1031 1838 1079">
    <p class='ocr_par' dir='ltr' id='par_1_47' title="bbox 1038 1031 1838 1079">
     <span class='ocr_line' id='line_1_47' title="bbox 1038 1031 1838 1079; baseline -0.011 -10"><span class='ocrx_word' id='word_1_357' title='bbox 1038 1031 1162 1079; x_wconf 62' lang='grc' dir='ltr'>ἄρχοντες</span> <span class='ocrx_word' id='word_1_358' title='bbox 1177 1038 1285 1078; x_wconf 70' lang='grc' dir='ltr'>ὕστερον</span> <span class='ocrx_word' id='word_1_359' title='bbox 1308 1039 1384 1066; x_wconf 77' lang='grc' dir='ltr'>τοῦτο</span> <span class='ocrx_word' id='word_1_360' title='bbox 1403 1035 1434 1065; x_wconf 77' lang='grc' dir='ltr'><strong>τὸ</strong></span> <span class='ocrx_word' id='word_1_361' title='bbox 1454 1034 1589 1064; x_wconf 77' lang='grc' dir='ltr'>ἐπαινετὸν</span> <span class='ocrx_word' id='word_1_362' title='bbox 1610 1034 1714 1074; x_wconf 79' lang='grc' dir='ltr'>σχίσμα</span> <span class='ocrx_word' id='word_1_363' title='bbox 1729 1031 1838 1062; x_wconf 79' lang='grc' dir='ltr'>πεπόν-</span> 
     </span>
    </p>
   </div>
   <div class='ocr_carea' id='block_1_48' title="bbox 1038 1075 1840 1122">
    <p class='ocr_par' dir='ltr' id='par_1_48' title="bbox 1038 1075 1840 1122">
     <span class='ocr_line' id='line_1_48' title="bbox 1038 1075 1840 1122; baseline -0.011 -8"><span class='ocrx_word' id='word_1_364' title='bbox 1038 1075 1123 1114; x_wconf 64' lang='grc' dir='ltr'>θασιν.</span> <span class='ocrx_word' id='word_1_365' title='bbox 1147 1082 1228 1113; x_wconf 77' lang='grc' dir='ltr'>Ἐστι</span> <span class='ocrx_word' id='word_1_366' title='bbox 1243 1075 1302 1122; x_wconf 38' lang='grc' dir='ltr'>’γὰρ</span> <span class='ocrx_word' id='word_1_367' title='bbox 1328 1081 1374 1111; x_wconf 81' lang='grc' dir='ltr'>καὶ</span> <span class='ocrx_word' id='word_1_368' title='bbox 1395 1081 1483 1122; x_wconf 80' lang='grc' dir='ltr'>καλῶς</span> <span class='ocrx_word' id='word_1_369' title='bbox 1499 1082 1652 1120; x_wconf 71' lang='grc' dir='ltr'>σχισθῆναι·</span> <span class='ocrx_word' id='word_1_370' title='bbox 1669 1078 1739 1107; x_wconf 81' lang='grc' dir='ltr'>καθὰ</span> <span class='ocrx_word' id='word_1_371' title='bbox 1764 1075 1812 1106; x_wconf 75' lang='grc' dir='ltr'>καὶ</span> <span class='ocrx_word' id='word_1_372' title='bbox 1828 1078 1840 1105; x_wconf 80' lang='grc' dir='ltr'><strong>ὁ</strong></span> 
     </span>
    </p>
   </div>
   <div class='ocr_carea' id='block_1_49' title="bbox 1039 1121 1839 1168">
    <p class='ocr_par' dir='ltr' id='par_1_49' title="bbox 1039 1121 1839 1168">
     <span class='ocr_line' id='line_1_49' title="bbox 1039 1121 1839 1168; baseline -0.009 -10"><span class='ocrx_word' id='word_1_373' title='bbox 1039 1128 1136 1168; x_wconf 82' lang='grc' dir='ltr'>Κύριός</span> <span class='ocrx_word' id='word_1_374' title='bbox 1151 1137 1226 1168; x_wconf 80' lang='grc' dir='ltr'>φησι⁵</span> <span class='ocrx_word' id='word_1_375' title='bbox 1242 1138 1258 1156; x_wconf 78' lang='grc' dir='ltr'><strong>α</strong></span> <span class='ocrx_word' id='word_1_376' title='bbox 1276 1127 1420 1166; x_wconf 78' lang='grc' dir='ltr'>Μάχαιραν</span> <span class='ocrx_word' id='word_1_377' title='bbox 1433 1121 1512 1162; x_wconf 70' lang='grc' dir='ltr'>ἦλθον</span> <span class='ocrx_word' id='word_1_378' title='bbox 1530 1125 1622 1164; x_wconf 84' lang='grc' dir='ltr'>βαλεῖν</span> <span class='ocrx_word' id='word_1_379' title='bbox 1635 1123 1678 1152; x_wconf 73' lang='grc' dir='ltr'>ἐπὶ</span> <span class='ocrx_word' id='word_1_380' title='bbox 1690 1122 1738 1158; x_wconf 81' lang='grc' dir='ltr'><strong>τὴν</strong></span> <span class='ocrx_word' id='word_1_381' title='bbox 1749 1123 1816 1168; x_wconf 53' lang='grc' dir='ltr'>γῆν,</span> <span class='ocrx_word' id='word_1_382' title='bbox 1829 1135 1839 1147; x_wconf 86' lang='grc' dir='ltr'><strong>ι</strong></span> 
     </span>
    </p>
   </div>
   <div class='ocr_carea' id='block_1_50' title="bbox 1038 1166 1839 1212">
    <p class='ocr_par' dir='ltr' id='par_1_50' title="bbox 1038 1166 1839 1212">
     <span class='ocr_line' id='line_1_50' title="bbox 1038 1166 1839 1212; baseline -0.007 -11"><span class='ocrx_word' id='word_1_383' title='bbox 1038 1166 1142 1209; x_wconf 75' lang='grc' dir='ltr'>τὴνέπὶ</span> <span class='ocrx_word' id='word_1_384' title='bbox 1157 1166 1234 1212; x_wconf 46' lang='lat' dir='ltr'><strong>ita)“;</strong></span> <span class='ocrx_word' id='word_1_385' title='bbox 1254 1172 1359 1203; x_wconf 80' lang='grc' dir='ltr'>πάντως</span> <span class='ocrx_word' id='word_1_386' title='bbox 1381 1171 1427 1200; x_wconf 80' lang='grc' dir='ltr'>καὶ</span> <span class='ocrx_word' id='word_1_387' title='bbox 1449 1169 1568 1209; x_wconf 76' lang='grc' dir='ltr'>εὐσεϐείᾳ</span> <span class='ocrx_word' id='word_1_388' title='bbox 1591 1166 1839 1209; x_wconf 75' lang='grc' dir='ltr'>ὃιχογνωμοσύνην.</span> 
     </span>
    </p>
   </div>
   <div class='ocr_carea' id='block_1_51' title="bbox 1078 1211 1841 1256">
    <p class='ocr_par' dir='ltr' id='par_1_51' title="bbox 1078 1211 1841 1256">
     <span class='ocr_line' id='line_1_51' title="bbox 1078 1211 1841 1256; baseline -0.008 -11"><span class='ocrx_word' id='word_1_389' title='bbox 1078 1232 1091 1245; x_wconf 84' lang='grc' dir='ltr'><strong>α</strong></span> <span class='ocrx_word' id='word_1_390' title='bbox 1119 1211 1234 1254; x_wconf 81' lang='grc' dir='ltr'><strong>Λέγουσι</strong></span> <span class='ocrx_word' id='word_1_391' title='bbox 1261 1218 1300 1256; x_wconf 80' lang='grc' dir='ltr'><strong>τῷ</strong></span> <span class='ocrx_word' id='word_1_392' title='bbox 1320 1217 1411 1256; x_wconf 64' lang='grc' dir='ltr'>τυφλῷ</span> <span class='ocrx_word' id='word_1_393' title='bbox 1431 1215 1520 1244; x_wconf 72' lang='grc' dir='ltr'>πάλιν*</span> <span class='ocrx_word' id='word_1_394' title='bbox 1546 1214 1585 1244; x_wconf 79' lang='grc' dir='ltr'><strong>Σὺ</strong></span> <span class='ocrx_word' id='word_1_395' title='bbox 1611 1214 1636 1243; x_wconf 83' lang='grc' dir='ltr'><strong>τί</strong></span> <span class='ocrx_word' id='word_1_396' title='bbox 1661 1213 1746 1252; x_wconf 81' lang='grc' dir='ltr'>λέγεις</span> <span class='ocrx_word' id='word_1_397' title='bbox 1756 1211 1841 1256; x_wconf 39' lang='grc' dir='ltr'>ῌπερὶ</span> 
     </span>
    </p>
   </div>
   <div class='ocr_carea' id='block_1_52' title="bbox 1039 1252 1840 1300">
    <p class='ocr_par' dir='ltr' id='par_1_52' title="bbox 1039 1252 1840 1300">
     <span class='ocr_line' id='line_1_52' title="bbox 1039 1252 1840 1300; baseline -0.007 -10"><span class='ocrx_word' id='word_1_398' title='bbox 1039 1263 1118 1292; x_wconf 74' lang='grc' dir='ltr'>αὖτοῧ</span> <span class='ocrx_word' id='word_1_399' title='bbox 1128 1285 1136 1300; x_wconf 85' lang='grc'><strong>,</strong></span> <span class='ocrx_word' id='word_1_400' title='bbox 1161 1252 1201 1292; x_wconf 58' lang='lat' dir='ltr'><strong>gn</strong></span> <span class='ocrx_word' id='word_1_401' title='bbox 1216 1252 1302 1298; x_wconf 68' lang='grc' dir='ltr'>ἤνοιξέ</span> <span class='ocrx_word' id='word_1_402' title='bbox 1327 1252 1374 1290; x_wconf 81' lang='grc' dir='ltr'><strong>σου</strong></span> <span class='ocrx_word' id='word_1_403' title='bbox 1390 1252 1450 1294; x_wconf 75' lang='grc' dir='ltr'>τοὺς</span> <span class='ocrx_word' id='word_1_404' title='bbox 1471 1258 1620 1300; x_wconf 73' lang='grc' dir='ltr'>ὀφθαλμούς</span> <span class='ocrx_word' id='word_1_405' title='bbox 1629 1269 1642 1300; x_wconf 17' lang='grc' dir='ltr'>ί,</span> <span class='ocrx_word' id='word_1_406' title='bbox 1654 1257 1688 1289; x_wconf 75' lang='grc' dir='ltr'><strong>Ὀ</strong></span> <span class='ocrx_word' id='word_1_407' title='bbox 1703 1257 1730 1286; x_wconf 79' lang='grc' dir='ltr'><strong>δὲ</strong></span> <span class='ocrx_word' id='word_1_408' title='bbox 1746 1252 1840 1293; x_wconf 75' lang='grc' dir='ltr'>εἶπεν,</span> 
     </span>
    </p>
   </div>
   <div class='ocr_carea' id='block_1_53' title="bbox 1039 1299 1841 1348">
    <p class='ocr_par' dir='ltr' id='par_1_53' title="bbox 1039 1299 1841 1348">
     <span class='ocr_line' id='line_1_53' title="bbox 1039 1299 1841 1348; baseline -0.009 -12"><span class='ocrx_word' id='word_1_409' title='bbox 1039 1307 1080 1336; x_wconf 82' lang='grc' dir='ltr'>δτι</span> <span class='ocrx_word' id='word_1_410' title='bbox 1096 1306 1240 1348; x_wconf 71' lang='grc' dir='ltr'>Προφήτης</span> <span class='ocrx_word' id='word_1_411' title='bbox 1257 1305 1339 1336; x_wconf 82' lang='grc' dir='ltr'>ἐστίν.</span> <span class='ocrx_word' id='word_1_412' title='bbox 1359 1307 1419 1348; x_wconf 49' lang='lat' dir='ltr'><strong>Odit</strong></span> <span class='ocrx_word' id='word_1_413' title='bbox 1435 1305 1595 1334; x_wconf 79' lang='grc' dir='ltr'>ἐπίστευσαν</span> <span class='ocrx_word' id='word_1_414' title='bbox 1613 1299 1657 1333; x_wconf 61' lang='grc' dir='ltr'><strong>οὖν</strong></span> <span class='ocrx_word' id='word_1_415' title='bbox 1671 1304 1694 1332; x_wconf 72' lang='grc' dir='ltr'>οἱ</span> <span class='ocrx_word' id='word_1_416' title='bbox 1711 1302 1841 1332; x_wconf 72' lang='grc' dir='ltr'>Ἰουδαῖοι</span> 
     </span>
    </p>
   </div>
   <div class='ocr_carea' id='block_1_54' title="bbox 1038 1345 1841 1392">
    <p class='ocr_par' dir='ltr' id='par_1_54' title="bbox 1038 1345 1841 1392">
     <span class='ocr_line' id='line_1_54' title="bbox 1038 1345 1841 1392; baseline -0.009 -10"><span class='ocrx_word' id='word_1_417' title='bbox 1038 1352 1098 1392; x_wconf 79' lang='grc' dir='ltr'>περὶ</span> <span class='ocrx_word' id='word_1_418' title='bbox 1120 1345 1215 1388; x_wconf 66' lang='grc' dir='ltr'>αὐτοῦ,</span> <span class='ocrx_word' id='word_1_419' title='bbox 1230 1351 1269 1381; x_wconf 74' lang='grc' dir='ltr'><strong>ὅτι</strong></span> <span class='ocrx_word' id='word_1_420' title='bbox 1284 1350 1380 1391; x_wconf 59' lang='grc' dir='ltr'>τυφλὸς</span> <span class='ocrx_word' id='word_1_421' title='bbox 1401 1345 1432 1386; x_wconf 73' lang='grc' dir='ltr'><strong>ἦν</strong></span> <span class='ocrx_word' id='word_1_422' title='bbox 1444 1373 1452 1385; x_wconf 93' lang='grc'><strong>,</strong></span> <span class='ocrx_word' id='word_1_423' title='bbox 1471 1349 1516 1378; x_wconf 79' lang='grc' dir='ltr'><strong>καὶ</strong></span> <span class='ocrx_word' id='word_1_424' title='bbox 1535 1348 1694 1388; x_wconf 67' lang='grc' dir='ltr'>ἀνέϐλεψεν,</span> <span class='ocrx_word' id='word_1_425' title='bbox 1710 1347 1760 1380; x_wconf 81' lang='grc' dir='ltr'>ἕως</span> <span class='ocrx_word' id='word_1_426' title='bbox 1779 1347 1841 1376; x_wconf 74' lang='grc' dir='ltr'>ὅτου</span> 
     </span>
    </p>
   </div>
   <div class='ocr_carea' id='block_1_55' title="bbox 1040 1390 1842 1436">
    <p class='ocr_par' dir='ltr' id='par_1_55' title="bbox 1040 1390 1842 1436">
     <span class='ocr_line' id='line_1_55' title="bbox 1040 1390 1842 1436; baseline -0.009 -10"><span class='ocrx_word' id='word_1_427' title='bbox 1040 1390 1177 1436; x_wconf 64' lang='grc' dir='ltr'>ἓφωνησαν</span> <span class='ocrx_word' id='word_1_428' title='bbox 1200 1395 1261 1430; x_wconf 76' lang='grc' dir='ltr'>τοὺς</span> <span class='ocrx_word' id='word_1_429' title='bbox 1276 1390 1358 1433; x_wconf 78' lang='grc' dir='ltr'>γονεῖς</span> <span class='ocrx_word' id='word_1_430' title='bbox 1376 1395 1456 1424; x_wconf 75' lang='grc' dir='ltr'>αὐτοῦ</span> <span class='ocrx_word' id='word_1_431' title='bbox 1479 1396 1525 1423; x_wconf 73' lang='grc' dir='ltr'><strong>τοῦ</strong></span> <span class='ocrx_word' id='word_1_432' title='bbox 1553 1393 1772 1433; x_wconf 69' lang='grc' dir='ltr'>ἀναϐλέψαντος,</span> <span class='ocrx_word' id='word_1_433' title='bbox 1795 1390 1842 1420; x_wconf 70' lang='grc' dir='ltr'><strong>καὶ</strong></span> 
     </span>
    </p>
   </div>
   <div class='ocr_carea' id='block_1_56' title="bbox 1039 1434 1843 1481">
    <p class='ocr_par' dir='ltr' id='par_1_56' title="bbox 1039 1434 1843 1481">
     <span class='ocr_line' id='line_1_56' title="bbox 1039 1434 1843 1481; baseline -0.009 -10"><span class='ocrx_word' id='word_1_434' title='bbox 1039 1441 1183 1481; x_wconf 74' lang='grc' dir='ltr'>ἠρώτησαν</span> <span class='ocrx_word' id='word_1_435' title='bbox 1212 1440 1319 1476; x_wconf 75' lang='grc' dir='ltr'>αὐτοὺς,</span> <span class='ocrx_word' id='word_1_436' title='bbox 1352 1439 1481 1479; x_wconf 85' lang='grc' dir='ltr'>λέγοντες·</span> <span class='ocrx_word' id='word_1_437' title='bbox 1524 1434 1610 1471; x_wconf 62' lang='grc' dir='ltr'>Οὗτός</span> <span class='ocrx_word' id='word_1_438' title='bbox 1643 1439 1714 1466; x_wconf 80' lang='grc' dir='ltr'>ἐστιν</span> <span class='ocrx_word' id='word_1_439' title='bbox 1742 1438 1756 1466; x_wconf 84' lang='grc' dir='ltr'>ὁ</span> <span class='ocrx_word' id='word_1_440' title='bbox 1787 1435 1843 1468; x_wconf 74' lang='grc' dir='ltr'>υἱὸς</span> 
     </span>
    </p>
   </div>
   <div class='ocr_carea' id='block_1_57' title="bbox 1040 1481 1843 1524">
    <p class='ocr_par' dir='ltr' id='par_1_57' title="bbox 1040 1481 1843 1524">
     <span class='ocr_line' id='line_1_57' title="bbox 1040 1481 1843 1524; baseline -0.007 -9"><span class='ocrx_word' id='word_1_441' title='bbox 1040 1487 1128 1522; x_wconf 75' lang='grc' dir='ltr'>ὑμῶν,</span> <span class='ocrx_word' id='word_1_442' title='bbox 1151 1484 1178 1514; x_wconf 85' lang='grc' dir='ltr'><strong>ὃν</strong></span> <span class='ocrx_word' id='word_1_443' title='bbox 1198 1487 1274 1524; x_wconf 81' lang='grc' dir='ltr'>ὑμεῖς</span> <span class='ocrx_word' id='word_1_444' title='bbox 1293 1484 1415 1524; x_wconf 80' lang='grc' dir='ltr'><strong>ἐλέγετε,</strong></span> <span class='ocrx_word' id='word_1_445' title='bbox 1431 1482 1472 1512; x_wconf 76' lang='grc' dir='ltr'><strong>ὅτι</strong></span> <span class='ocrx_word' id='word_1_446' title='bbox 1494 1483 1590 1523; x_wconf 76' lang='grc' dir='ltr'>τυφλὸς</span> <span class='ocrx_word' id='word_1_447' title='bbox 1616 1481 1758 1522; x_wconf 80' lang='grc' dir='ltr'>ἐγεννήθη;</span> <span class='ocrx_word' id='word_1_448' title='bbox 1784 1482 1843 1513; x_wconf 78' lang='grc' dir='ltr'><strong>πῶς</strong></span> 
     </span>
    </p>
   </div>
   <div class='ocr_carea' id='block_1_58' title="bbox 189 1524 981 1574">
    <p class='ocr_par' dir='ltr' id='par_1_58' title="bbox 189 1531 981 1568">
     <span class='ocr_line' id='line_1_58' title="bbox 189 1531 981 1568; baseline 0.001 -8"><span class='ocrx_word' id='word_1_449' title='bbox 189 1531 273 1560; x_wconf 91' lang='lat' dir='ltr'><strong>modo</strong></span> <span class='ocrx_word' id='word_1_450' title='bbox 287 1540 351 1568; x_wconf 84' lang='lat' dir='ltr'><strong>ergo</strong></span> <span class='ocrx_word' id='word_1_451' title='bbox 369 1540 442 1561; x_wconf 91' lang='lat' dir='ltr'><strong>nunc</strong></span> <span class='ocrx_word' id='word_1_452' title='bbox 454 1533 538 1561; x_wconf 87' lang='lat' dir='ltr'><strong>videt.</strong></span> <span class='ocrx_word' id='word_1_453' title='bbox 557 1545 569 1558; x_wconf 72' lang='grc' dir='ltr'><strong>ιι</strong></span> <span class='ocrx_word' id='word_1_454' title='bbox 592 1534 645 1568; x_wconf 89' lang='lat' dir='ltr'><strong>Qui</strong></span> <span class='ocrx_word' id='word_1_455' title='bbox 663 1532 774 1561; x_wconf 85' lang='lat' dir='ltr'><strong>fuerunt</strong></span> <span class='ocrx_word' id='word_1_456' title='bbox 788 1533 981 1568; x_wconf 75' lang='lat' dir='ltr'><strong>interrogantes</strong></span> 
     </span>
    </p>
   </div>
   <div class='ocr_carea' id='block_1_59' title="bbox 1078 1524 1841 1574">
    <p class='ocr_par' dir='ltr' id='par_1_59' title="bbox 1078 1524 1841 1570">
     <span class='ocr_line' id='line_1_59' title="bbox 1078 1524 1841 1570; baseline -0.008 -10"><span class='ocrx_word' id='word_1_457' title='bbox 1078 1543 1085 1560; x_wconf 71' lang='grc' dir='ltr'><em>α</em></span> <span class='ocrx_word' id='word_1_458' title='bbox 1115 1530 1174 1570; x_wconf 83' lang='grc' dir='ltr'>ἄρτι</span> <span class='ocrx_word' id='word_1_459' title='bbox 1201 1529 1309 1570; x_wconf 72' lang='grc' dir='ltr'>βλέπεις</span> <span class='ocrx_word' id='word_1_460' title='bbox 1327 1542 1342 1557; x_wconf 81' lang='lat'>»</span> <span class='ocrx_word' id='word_1_461' title='bbox 1367 1529 1442 1562; x_wconf 82' lang='grc' dir='ltr'>Τίνες</span> <span class='ocrx_word' id='word_1_462' title='bbox 1470 1524 1538 1564; x_wconf 72' lang='grc' dir='ltr'>ἦσαν</span> <span class='ocrx_word' id='word_1_463' title='bbox 1565 1529 1589 1556; x_wconf 78' lang='grc' dir='ltr'>οἱ</span> <span class='ocrx_word' id='word_1_464' title='bbox 1615 1529 1764 1567; x_wconf 77' lang='grc' dir='ltr'>ἐρωτῶντες</span> <span class='ocrx_word' id='word_1_465' title='bbox 1796 1526 1841 1554; x_wconf 84' lang='grc' dir='ltr'><strong>τὸν</strong></span> 
     </span>
    </p>
   </div>
   <div class='ocr_carea' id='block_1_60' title="bbox 189 1577 986 1614">
    <p class='ocr_par' dir='ltr' id='par_1_60' title="bbox 189 1577 986 1614">
     <span class='ocr_line' id='line_1_60' title="bbox 189 1577 986 1614; baseline -0.001 -9"><span class='ocrx_word' id='word_1_466' title='bbox 189 1585 304 1612; x_wconf 58' lang='lat' dir='ltr'><strong>caecum,</strong></span> <span class='ocrx_word' id='word_1_467' title='bbox 328 1589 341 1603; x_wconf 76' lang='grc' dir='ltr'><strong>α</strong></span> <span class='ocrx_word' id='word_1_468' title='bbox 367 1579 408 1606; x_wconf 93' lang='lat' dir='ltr'><strong>Tu</strong></span> <span class='ocrx_word' id='word_1_469' title='bbox 431 1577 497 1614; x_wconf 91' lang='lat' dir='ltr'><strong>quid</strong></span> <span class='ocrx_word' id='word_1_470' title='bbox 516 1578 586 1606; x_wconf 90' lang='lat' dir='ltr'><strong>dicis</strong></span> <span class='ocrx_word' id='word_1_471' title='bbox 600 1578 635 1606; x_wconf 91' lang='lat' dir='ltr'><strong>de</strong></span> <span class='ocrx_word' id='word_1_472' title='bbox 647 1578 711 1606; x_wconf 82' lang='lat' dir='ltr'><strong>illo?</strong></span> <span class='ocrx_word' id='word_1_473' title='bbox 727 1588 740 1602; x_wconf 84' lang='grc' dir='ltr'>‹ι</span> <span class='ocrx_word' id='word_1_474' title='bbox 762 1579 848 1605; x_wconf 83' lang='lat' dir='ltr'><strong>Erant</strong></span> <span class='ocrx_word' id='word_1_475' title='bbox 863 1577 941 1613; x_wconf 86' lang='lat' dir='ltr'><strong>plane</strong></span> <span class='ocrx_word' id='word_1_476' title='bbox 953 1585 986 1605; x_wconf 83' lang='lat' dir='ltr'><strong>ex</strong></span> 
     </span>
    </p>
   </div>
   <div class='ocr_carea' id='block_1_61' title="bbox 189 1621 987 1658">
    <p class='ocr_par' dir='ltr' id='par_1_61' title="bbox 189 1621 987 1658">
     <span class='ocr_line' id='line_1_61' title="bbox 189 1621 987 1658; baseline -0.003 -7"><span class='ocrx_word' id='word_1_477' title='bbox 189 1622 385 1651; x_wconf 90' lang='lat' dir='ltr'><strong>benevolorum</strong></span> <span class='ocrx_word' id='word_1_478' title='bbox 397 1627 479 1650; x_wconf 89' lang='lat' dir='ltr'><strong>sorte.</strong></span> <span class='ocrx_word' id='word_1_479' title='bbox 490 1624 562 1651; x_wconf 87' lang='lat' dir='ltr'><strong>Nam</strong></span> <span class='ocrx_word' id='word_1_480' title='bbox 577 1627 723 1658; x_wconf 88' lang='lat' dir='ltr'><strong>postquam</strong></span> <span class='ocrx_word' id='word_1_481' title='bbox 737 1621 875 1656; x_wconf 76' lang='lat' dir='ltr'><strong>dixerunt,</strong></span> <span class='ocrx_word' id='word_1_482' title='bbox 892 1634 903 1646; x_wconf 81' lang='grc' dir='ltr'>α</span> <span class='ocrx_word' id='word_1_483' title='bbox 916 1623 987 1657; x_wconf 87' lang='lat' dir='ltr'><strong>Quo-</strong></span> 
     </span>
    </p>
   </div>
   <div class='ocr_carea' id='block_1_62' title="bbox 188 1666 986 1703">
    <p class='ocr_par' dir='ltr' id='par_1_62' title="bbox 188 1666 986 1703">
     <span class='ocr_line' id='line_1_62' title="bbox 188 1666 986 1703; baseline -0.001 -8"><span class='ocrx_word' id='word_1_484' title='bbox 188 1666 273 1695; x_wconf 90' lang='lat' dir='ltr'><strong>modo</strong></span> <span class='ocrx_word' id='word_1_485' title='bbox 298 1672 388 1703; x_wconf 88' lang='lat' dir='ltr'><strong>potest</strong></span> <span class='ocrx_word' id='word_1_486' title='bbox 410 1672 536 1703; x_wconf 87' lang='lat' dir='ltr'><strong>peccator</strong></span> <span class='ocrx_word' id='word_1_487' title='bbox 558 1667 623 1695; x_wconf 87' lang='lat' dir='ltr'><strong>talia</strong></span> <span class='ocrx_word' id='word_1_488' title='bbox 645 1667 720 1703; x_wconf 83' lang='lat' dir='ltr'><strong>signa</strong></span> <span class='ocrx_word' id='word_1_489' title='bbox 743 1666 847 1695; x_wconf 78' lang='lat' dir='ltr'><strong>facere?</strong></span> <span class='ocrx_word' id='word_1_490' title='bbox 873 1679 885 1691; x_wconf 80' lang='grc' dir='ltr'><strong>ιι</strong></span> <span class='ocrx_word' id='word_1_491' title='bbox 908 1671 938 1694; x_wconf 92' lang='lat' dir='ltr'><strong>ut</strong></span> <span class='ocrx_word' id='word_1_492' title='bbox 952 1675 986 1694; x_wconf 91' lang='lat' dir='ltr'><strong>ne</strong></span> 
     </span>
    </p>
   </div>
   <div class='ocr_carea' id='block_1_63' title="bbox 189 1711 984 1748">
    <p class='ocr_par' dir='ltr' id='par_1_63' title="bbox 189 1711 984 1748">
     <span class='ocr_line' id='line_1_63' title="bbox 189 1711 984 1748; baseline 0.001 -10"><span class='ocrx_word' id='word_1_493' title='bbox 189 1711 336 1740; x_wconf 87' lang='lat' dir='ltr'><strong>videantur</strong></span> <span class='ocrx_word' id='word_1_494' title='bbox 350 1712 401 1747; x_wconf 91' lang='lat' dir='ltr'><strong>ipsi</strong></span> <span class='ocrx_word' id='word_1_495' title='bbox 415 1711 518 1740; x_wconf 85' lang='lat' dir='ltr'><strong>frustra</strong></span> <span class='ocrx_word' id='word_1_496' title='bbox 534 1711 709 1746; x_wconf 84' lang='lat' dir='ltr'><strong>patrocinari,</strong></span> <span class='ocrx_word' id='word_1_497' title='bbox 726 1719 790 1739; x_wconf 92' lang='lat' dir='ltr'><strong>eum</strong></span> <span class='ocrx_word' id='word_1_498' title='bbox 814 1711 859 1748; x_wconf 90' lang='lat' dir='ltr'><strong>qui</strong></span> <span class='ocrx_word' id='word_1_499' title='bbox 881 1711 984 1739; x_wconf 60' lang='lat' dir='ltr'><strong>benelio</strong></span> 
     </span>
    </p>
   </div>
   <div class='ocr_carea' id='block_1_64' title="bbox 189 1755 985 1793">
    <p class='ocr_par' dir='ltr' id='par_1_64' title="bbox 189 1755 985 1793">
     <span class='ocr_line' id='line_1_64' title="bbox 189 1755 985 1793; baseline -0.001 -9"><span class='ocrx_word' id='word_1_500' title='bbox 189 1755 262 1784; x_wconf 88' lang='lat' dir='ltr'><strong>cium</strong></span> <span class='ocrx_word' id='word_1_501' title='bbox 284 1761 433 1793; x_wconf 86' lang='lat' dir='ltr'><strong>acceperat,</strong></span> <span class='ocrx_word' id='word_1_502' title='bbox 456 1756 486 1783; x_wconf 90' lang='lat' dir='ltr'><strong>in</strong></span> <span class='ocrx_word' id='word_1_503' title='bbox 506 1760 606 1784; x_wconf 85' lang='lat' dir='ltr'><strong>testem</strong></span> <span class='ocrx_word' id='word_1_504' title='bbox 625 1756 776 1790; x_wconf 89' lang='lat' dir='ltr'><strong>adducunt,</strong></span> <span class='ocrx_word' id='word_1_505' title='bbox 800 1761 830 1784; x_wconf 89' lang='lat' dir='ltr'><strong>ut</strong></span> <span class='ocrx_word' id='word_1_506' title='bbox 849 1765 897 1792; x_wconf 89' lang='lat' dir='ltr'><strong>per</strong></span> <span class='ocrx_word' id='word_1_507' title='bbox 922 1765 985 1784; x_wconf 92' lang='lat' dir='ltr'><strong>eum</strong></span> 
     </span>
    </p>
   </div>
   <div class='ocr_carea' id='block_1_65' title="bbox 189 1800 985 1836">
    <p class='ocr_par' dir='ltr' id='par_1_65' title="bbox 189 1800 985 1836">
     <span class='ocr_line' id='line_1_65' title="bbox 189 1800 985 1836; baseline 0 -7"><span class='ocrx_word' id='word_1_508' title='bbox 189 1801 236 1836; x_wconf 91' lang='lat' dir='ltr'><strong>qui</strong></span> <span class='ocrx_word' id='word_1_509' title='bbox 261 1801 390 1829; x_wconf 84' lang='lat' dir='ltr'><strong>virtutem</strong></span> <span class='ocrx_word' id='word_1_510' title='bbox 410 1804 545 1834; x_wconf 88' lang='lat' dir='ltr'><strong>senserat,</strong></span> <span class='ocrx_word' id='word_1_511' title='bbox 575 1800 747 1829; x_wconf 83' lang='lat' dir='ltr'><strong>conlutarent</strong></span> <span class='ocrx_word' id='word_1_512' title='bbox 769 1801 985 1829; x_wconf 85' lang='lat' dir='ltr'><strong>calumniatores.</strong></span> 
     </span>
    </p>
   </div>
   <div class='ocr_carea' id='block_1_66' title="bbox 189 1844 985 1881">
    <p class='ocr_par' dir='ltr' id='par_1_66' title="bbox 189 1844 985 1881">
     <span class='ocr_line' id='line_1_66' title="bbox 189 1844 985 1881; baseline 0.001 -8"><span class='ocrx_word' id='word_1_513' title='bbox 189 1845 259 1874; x_wconf 83' lang='lat' dir='ltr'><strong>Vide</strong></span> <span class='ocrx_word' id='word_1_514' title='bbox 289 1846 364 1873; x_wconf 89' lang='lat' dir='ltr'><strong>enim</strong></span> <span class='ocrx_word' id='word_1_515' title='bbox 396 1845 535 1881; x_wconf 91' lang='lat' dir='ltr'><strong>quomodo</strong></span> <span class='ocrx_word' id='word_1_516' title='bbox 560 1844 688 1873; x_wconf 90' lang='lat' dir='ltr'><strong>benevole</strong></span> <span class='ocrx_word' id='word_1_517' title='bbox 714 1846 892 1881; x_wconf 81' lang='lat' dir='ltr'><strong>interrogant.</strong></span> <span class='ocrx_word' id='word_1_518' title='bbox 923 1847 985 1874; x_wconf 84' lang='lat' dir='ltr'><strong>Non</strong></span> 
     </span>
    </p>
   </div>
   <div class='ocr_carea' id='block_1_67' title="bbox 190 1890 985 1927">
    <p class='ocr_par' dir='ltr' id='par_1_67' title="bbox 190 1890 985 1927">
     <span class='ocr_line' id='line_1_67' title="bbox 190 1890 985 1927; baseline 0.001 -10"><span class='ocrx_word' id='word_1_519' title='bbox 190 1890 265 1917; x_wconf 89' lang='lat' dir='ltr'><strong>enim</strong></span> <span class='ocrx_word' id='word_1_520' title='bbox 280 1890 422 1925; x_wconf 81' lang='lat' dir='ltr'><strong>dixerunt,</strong></span> <span class='ocrx_word' id='word_1_521' title='bbox 448 1901 460 1914; x_wconf 75' lang='grc' dir='ltr'><strong>ιι</strong></span> <span class='ocrx_word' id='word_1_522' title='bbox 476 1891 518 1918; x_wconf 93' lang='lat' dir='ltr'><strong>Tu</strong></span> <span class='ocrx_word' id='word_1_523' title='bbox 534 1890 599 1926; x_wconf 90' lang='lat' dir='ltr'><strong>quid</strong></span> <span class='ocrx_word' id='word_1_524' title='bbox 612 1890 680 1919; x_wconf 89' lang='lat' dir='ltr'><strong>dicis</strong></span> <span class='ocrx_word' id='word_1_525' title='bbox 693 1890 728 1918; x_wconf 91' lang='lat' dir='ltr'><strong>de</strong></span> <span class='ocrx_word' id='word_1_526' title='bbox 742 1891 801 1925; x_wconf 88' lang='lat' dir='ltr'><strong>illo,</strong></span> <span class='ocrx_word' id='word_1_527' title='bbox 819 1902 831 1914; x_wconf 73' lang='grc' dir='ltr'>ι</span> <span class='ocrx_word' id='word_1_528' title='bbox 854 1891 918 1927; x_wconf 89' lang='lat' dir='ltr'><strong>quia</strong></span> <span class='ocrx_word' id='word_1_529' title='bbox 941 1891 985 1918; x_wconf 92' lang='lat' dir='ltr'><strong>lu-</strong></span> 
     </span>
    </p>
   </div>
   <div class='ocr_carea' id='block_1_68' title="bbox 189 1934 984 1970">
    <p class='ocr_par' dir='ltr' id='par_1_68' title="bbox 189 1934 984 1970">
     <span class='ocr_line' id='line_1_68' title="bbox 189 1934 984 1970; baseline 0.001 -8"><span class='ocrx_word' id='word_1_530' title='bbox 189 1938 251 1962; x_wconf 88' lang='lat' dir='ltr'><strong>tum</strong></span> <span class='ocrx_word' id='word_1_531' title='bbox 266 1934 341 1968; x_wconf 86' lang='lat' dir='ltr'><strong>fecit,</strong></span> <span class='ocrx_word' id='word_1_532' title='bbox 356 1934 418 1970; x_wconf 84' lang='lat' dir='ltr'><strong>quia</strong></span> <span class='ocrx_word' id='word_1_533' title='bbox 442 1934 594 1962; x_wconf 89' lang='lat' dir='ltr'><strong>Sabbatum</strong></span> <span class='ocrx_word' id='word_1_534' title='bbox 608 1943 664 1962; x_wconf 89' lang='lat' dir='ltr'><strong>non</strong></span> <span class='ocrx_word' id='word_1_535' title='bbox 683 1936 818 1963; x_wconf 85' lang='lat' dir='ltr'><strong>servavit?</strong></span> <span class='ocrx_word' id='word_1_536' title='bbox 841 1936 888 1963; x_wconf 88' lang='lat' dir='ltr'><strong>sed</strong></span> <span class='ocrx_word' id='word_1_537' title='bbox 902 1936 984 1963; x_wconf 91' lang='lat' dir='ltr'><strong>mira-</strong></span> 
     </span>
    </p>
   </div>
   <div class='ocr_carea' id='block_1_69' title="bbox 189 1978 986 2015">
    <p class='ocr_par' dir='ltr' id='par_1_69' title="bbox 189 1978 986 2015">
     <span class='ocr_line' id='line_1_69' title="bbox 189 1978 986 2015; baseline 0.003 -9"><span class='ocrx_word' id='word_1_538' title='bbox 189 1979 243 2006; x_wconf 90' lang='lat' dir='ltr'><strong>culi</strong></span> <span class='ocrx_word' id='word_1_539' title='bbox 275 1979 445 2006; x_wconf 87' lang='lat' dir='ltr'><strong>mentionem</strong></span> <span class='ocrx_word' id='word_1_540' title='bbox 475 1978 591 2014; x_wconf 77' lang='lat' dir='ltr'><strong>faciunt,</strong></span> <span class='ocrx_word' id='word_1_541' title='bbox 617 1991 630 2004; x_wconf 81' lang='grc' dir='ltr'><strong>ιι</strong></span> <span class='ocrx_word' id='word_1_542' title='bbox 656 1979 726 2015; x_wconf 86' lang='lat' dir='ltr'><strong>Quia</strong></span> <span class='ocrx_word' id='word_1_543' title='bbox 757 1980 863 2015; x_wconf 89' lang='lat' dir='ltr'><strong>aperuit</strong></span> <span class='ocrx_word' id='word_1_544' title='bbox 892 1981 986 2008; x_wconf 90' lang='lat' dir='ltr'><strong>oculos</strong></span> 
     </span>
    </p>
   </div>
   <div class='ocr_carea' id='block_1_70' title="bbox 190 2023 985 2060">
    <p class='ocr_par' dir='ltr' id='par_1_70' title="bbox 190 2023 985 2060">
     <span class='ocr_line' id='line_1_70' title="bbox 190 2023 985 2060; baseline 0.003 -9"><span class='ocrx_word' id='word_1_545' title='bbox 190 2027 255 2052; x_wconf 88' lang='lat' dir='ltr'><strong>tuos</strong></span> <span class='ocrx_word' id='word_1_546' title='bbox 278 2033 286 2051; x_wconf 91' lang='lat'><em>:</em></span> <span class='ocrx_word' id='word_1_547' title='bbox 305 2033 319 2050; x_wconf 61' lang='grc' dir='ltr'><strong>ι</strong></span> <span class='ocrx_word' id='word_1_548' title='bbox 338 2023 419 2059; x_wconf 87' lang='lat' dir='ltr'><strong>quasi</strong></span> <span class='ocrx_word' id='word_1_549' title='bbox 441 2028 605 2051; x_wconf 83' lang='lat' dir='ltr'><strong>exacuentes</strong></span> <span class='ocrx_word' id='word_1_550' title='bbox 619 2029 745 2051; x_wconf 90' lang='lat' dir='ltr'><strong>curatum</strong></span> <span class='ocrx_word' id='word_1_551' title='bbox 767 2029 797 2052; x_wconf 90' lang='lat' dir='ltr'><strong>ut</strong></span> <span class='ocrx_word' id='word_1_552' title='bbox 812 2033 860 2060; x_wconf 91' lang='lat' dir='ltr'><strong>pro</strong></span> <span class='ocrx_word' id='word_1_553' title='bbox 876 2024 985 2053; x_wconf 87' lang='lat' dir='ltr'><strong>Christo</strong></span> 
     </span>
    </p>
   </div>
   <div class='ocr_carea' id='block_1_71' title="bbox 189 2067 983 2104">
    <p class='ocr_par' dir='ltr' id='par_1_71' title="bbox 189 2067 983 2104">
     <span class='ocr_line' id='line_1_71' title="bbox 189 2067 983 2104; baseline 0.004 -9"><span class='ocrx_word' id='word_1_554' title='bbox 189 2075 253 2104; x_wconf 68' lang='lat' dir='ltr'><strong>quae</strong></span> <span class='ocrx_word' id='word_1_555' title='bbox 277 2067 358 2103; x_wconf 79' lang='lat' dir='ltr'><strong>digna</strong></span> <span class='ocrx_word' id='word_1_556' title='bbox 384 2072 472 2102; x_wconf 88' lang='lat' dir='ltr'><strong>erant,</strong></span> <span class='ocrx_word' id='word_1_557' title='bbox 487 2067 598 2096; x_wconf 88' lang='lat' dir='ltr'><strong>diceret.</strong></span> <span class='ocrx_word' id='word_1_558' title='bbox 622 2070 655 2096; x_wconf 87' lang='lat' dir='ltr'><strong>In</strong></span> <span class='ocrx_word' id='word_1_559' title='bbox 681 2070 845 2097; x_wconf 86' lang='lat' dir='ltr'><strong>memoriam</strong></span> <span class='ocrx_word' id='word_1_560' title='bbox 869 2070 941 2097; x_wconf 91' lang='lat' dir='ltr'><strong>enim</strong></span> <span class='ocrx_word' id='word_1_561' title='bbox 960 2070 983 2098; x_wconf 84' lang='lat' dir='ltr'><strong>ei</strong></span> 
     </span>
    </p>
   </div>
   <div class='ocr_carea' id='block_1_72' title="bbox 188 2112 986 2149">
    <p class='ocr_par' dir='ltr' id='par_1_72' title="bbox 188 2112 986 2149">
     <span class='ocr_line' id='line_1_72' title="bbox 188 2112 986 2149; baseline 0.003 -9"><span class='ocrx_word' id='word_1_562' title='bbox 188 2112 325 2140; x_wconf 87' lang='lat' dir='ltr'><strong>reducunt</strong></span> <span class='ocrx_word' id='word_1_563' title='bbox 347 2122 354 2140; x_wconf 89' lang='lat'><strong>:</strong></span> <span class='ocrx_word' id='word_1_564' title='bbox 372 2124 383 2137; x_wconf 79' lang='grc' dir='ltr'><strong>α</strong></span> <span class='ocrx_word' id='word_1_565' title='bbox 406 2113 476 2147; x_wconf 87' lang='lat' dir='ltr'><strong>Quia</strong></span> <span class='ocrx_word' id='word_1_566' title='bbox 495 2113 600 2149; x_wconf 89' lang='lat' dir='ltr'><strong>aperuit</strong></span> <span class='ocrx_word' id='word_1_567' title='bbox 620 2114 713 2142; x_wconf 89' lang='lat' dir='ltr'><strong>oculos</strong></span> <span class='ocrx_word' id='word_1_568' title='bbox 728 2118 799 2142; x_wconf 89' lang='lat' dir='ltr'><strong>tuos.</strong></span> <span class='ocrx_word' id='word_1_569' title='bbox 818 2126 829 2138; x_wconf 78' lang='grc' dir='ltr'><strong>ιι</strong></span> <span class='ocrx_word' id='word_1_570' title='bbox 847 2115 986 2143; x_wconf 83' lang='lat' dir='ltr'><strong>Beneﬁcio</strong></span> 
     </span>
    </p>
   </div>
   <div class='ocr_carea' id='block_1_73' title="bbox 189 2157 986 2195">
    <p class='ocr_par' dir='ltr' id='par_1_73' title="bbox 189 2157 986 2195">
     <span class='ocr_line' id='line_1_73' title="bbox 189 2157 986 2195; baseline 0.004 -11"><span class='ocrx_word' id='word_1_571' title='bbox 189 2161 216 2185; x_wconf 88' lang='lat' dir='ltr'><strong>te</strong></span> <span class='ocrx_word' id='word_1_572' title='bbox 232 2161 392 2193; x_wconf 88' lang='lat' dir='ltr'><strong>prosecutus</strong></span> <span class='ocrx_word' id='word_1_573' title='bbox 406 2162 457 2191; x_wconf 82' lang='lat' dir='ltr'><strong>est,</strong></span> <span class='ocrx_word' id='word_1_574' title='bbox 472 2157 565 2186; x_wconf 89' lang='lat' dir='ltr'><strong>dicunt</strong></span> <span class='ocrx_word' id='word_1_575' title='bbox 583 2167 590 2186; x_wconf 88' lang='lat'><strong>:</strong></span> <span class='ocrx_word' id='word_1_576' title='bbox 609 2162 638 2186; x_wconf 87' lang='lat' dir='ltr'><strong>et</strong></span> <span class='ocrx_word' id='word_1_577' title='bbox 651 2159 687 2186; x_wconf 89' lang='lat' dir='ltr'><strong>ita</strong></span> <span class='ocrx_word' id='word_1_578' title='bbox 700 2158 783 2187; x_wconf 85' lang='lat' dir='ltr'><strong>debes</strong></span> <span class='ocrx_word' id='word_1_579' title='bbox 796 2159 872 2187; x_wconf 93' lang='lat' dir='ltr'><strong>illum</strong></span> <span class='ocrx_word' id='word_1_580' title='bbox 888 2160 986 2195; x_wconf 57' lang='lat' dir='ltr'><strong>praedi-</strong></span> 
     </span>
    </p>
   </div>
   <div class='ocr_carea' id='block_1_74' title="bbox 1039 1571 1841 1615">
    <p class='ocr_par' dir='ltr' id='par_1_74' title="bbox 1039 1571 1841 1615">
     <span class='ocr_line' id='line_1_74' title="bbox 1039 1571 1841 1615; baseline -0.007 -11"><span class='ocrx_word' id='word_1_581' title='bbox 1039 1575 1155 1615; x_wconf 74' lang='grc' dir='ltr'>τυφλὸν,</span> <span class='ocrx_word' id='word_1_582' title='bbox 1172 1587 1185 1602; x_wconf 73' lang='grc' dir='ltr'>ι</span> <span class='ocrx_word' id='word_1_583' title='bbox 1214 1573 1254 1604; x_wconf 77' lang='grc' dir='ltr'><strong>Σὺ</strong></span> <span class='ocrx_word' id='word_1_584' title='bbox 1268 1574 1293 1603; x_wconf 85' lang='grc' dir='ltr'><strong>τί</strong></span> <span class='ocrx_word' id='word_1_585' title='bbox 1308 1575 1392 1614; x_wconf 83' lang='grc' dir='ltr'>λέγεις</span> <span class='ocrx_word' id='word_1_586' title='bbox 1414 1573 1473 1612; x_wconf 83' lang='grc' dir='ltr'>περὶ</span> <span class='ocrx_word' id='word_1_587' title='bbox 1496 1574 1623 1615; x_wconf 40' lang='grc' dir='ltr'>αὐτοῦς]</span> <span class='ocrx_word' id='word_1_588' title='bbox 1639 1573 1696 1608; x_wconf 75' lang='grc' dir='ltr'>Τῆς</span> <span class='ocrx_word' id='word_1_589' title='bbox 1719 1572 1773 1600; x_wconf 77' lang='grc' dir='ltr'><strong>τῶν</strong></span> <span class='ocrx_word' id='word_1_590' title='bbox 1797 1571 1841 1599; x_wconf 82' lang='grc' dir='ltr'><strong>εὖ-</strong></span> 
     </span>
    </p>
   </div>
   <div class='ocr_carea' id='block_1_75' title="bbox 1039 1612 1843 1659">
    <p class='ocr_par' dir='ltr' id='par_1_75' title="bbox 1039 1612 1843 1659">
     <span class='ocr_line' id='line_1_75' title="bbox 1039 1612 1843 1659; baseline -0.007 -10"><span class='ocrx_word' id='word_1_591' title='bbox 1039 1612 1181 1659; x_wconf 79' lang='grc' dir='ltr'>γνωμόνων</span> <span class='ocrx_word' id='word_1_592' title='bbox 1199 1618 1291 1659; x_wconf 80' lang='grc' dir='ltr'>μοίρας</span> <span class='ocrx_word' id='word_1_593' title='bbox 1310 1612 1377 1655; x_wconf 66' lang='grc' dir='ltr'>ἦσαν</span> <span class='ocrx_word' id='word_1_594' title='bbox 1389 1628 1396 1635; x_wconf 94' lang='grc'><strong>·</strong></span> <span class='ocrx_word' id='word_1_595' title='bbox 1428 1618 1505 1647; x_wconf 80' lang='grc' dir='ltr'>Ἐπεὶ</span> <span class='ocrx_word' id='word_1_596' title='bbox 1521 1616 1571 1657; x_wconf 75' lang='grc' dir='ltr'><strong>γὰρ</strong></span> <span class='ocrx_word' id='word_1_597' title='bbox 1587 1612 1675 1652; x_wconf 81' lang='grc' dir='ltr'>εἶπον,</span> <span class='ocrx_word' id='word_1_598' title='bbox 1689 1615 1729 1646; x_wconf 80' lang='grc' dir='ltr'><strong>ὅτι</strong></span> <span class='ocrx_word' id='word_1_599' title='bbox 1744 1628 1756 1642; x_wconf 73' lang='grc' dir='ltr'><strong>ε</strong></span> <span class='ocrx_word' id='word_1_600' title='bbox 1777 1616 1843 1648; x_wconf 78' lang='grc' dir='ltr'><strong>Πῶς</strong></span> 
     </span>
    </p>
   </div>
   <div class='ocr_carea' id='block_1_76' title="bbox 1042 1659 1841 1703">
    <p class='ocr_par' dir='ltr' id='par_1_76' title="bbox 1042 1659 1841 1703">
     <span class='ocr_line' id='line_1_76' title="bbox 1042 1659 1841 1703; baseline -0.004 -10"><span class='ocrx_word' id='word_1_601' title='bbox 1042 1665 1150 1694; x_wconf 86' lang='grc' dir='ltr'>δύναται</span> <span class='ocrx_word' id='word_1_602' title='bbox 1170 1664 1326 1703; x_wconf 82' lang='grc' dir='ltr'>ἁμαρτωλὸς</span> <span class='ocrx_word' id='word_1_603' title='bbox 1342 1665 1451 1692; x_wconf 73' lang='grc' dir='ltr'>τοιαῦτα</span> <span class='ocrx_word' id='word_1_604' title='bbox 1471 1666 1569 1700; x_wconf 80' lang='grc' dir='ltr'>σημεῖα</span> <span class='ocrx_word' id='word_1_605' title='bbox 1585 1663 1687 1698; x_wconf 74' lang='grc' dir='ltr'>ποιεῖνς</span> <span class='ocrx_word' id='word_1_606' title='bbox 1704 1674 1716 1687; x_wconf 82' lang='grc' dir='ltr'><strong>ν</strong></span> <span class='ocrx_word' id='word_1_607' title='bbox 1736 1659 1784 1690; x_wconf 76' lang='grc' dir='ltr'><strong>ἵνα</strong></span> <span class='ocrx_word' id='word_1_608' title='bbox 1803 1659 1841 1699; x_wconf 80' lang='grc' dir='ltr'><strong>μὴ</strong></span> 
     </span>
    </p>
   </div>
   <div class='ocr_carea' id='block_1_77' title="bbox 1041 1704 1841 1747">
    <p class='ocr_par' dir='ltr' id='par_1_77' title="bbox 1041 1704 1841 1747">
     <span class='ocr_line' id='line_1_77' title="bbox 1041 1704 1841 1747; baseline -0.008 -8"><span class='ocrx_word' id='word_1_609' title='bbox 1041 1709 1149 1743; x_wconf 78' lang='grc' dir='ltr'>δόξωσιν</span> <span class='ocrx_word' id='word_1_610' title='bbox 1171 1708 1246 1738; x_wconf 82' lang='grc' dir='ltr'>αὐτοὶ</span> <span class='ocrx_word' id='word_1_611' title='bbox 1271 1709 1356 1746; x_wconf 75' lang='grc' dir='ltr'>μάτην</span> <span class='ocrx_word' id='word_1_612' title='bbox 1381 1712 1550 1747; x_wconf 81' lang='grc' dir='ltr'>συνηγορεῖν,</span> <span class='ocrx_word' id='word_1_613' title='bbox 1582 1706 1625 1735; x_wconf 82' lang='grc' dir='ltr'><strong>τὸν</strong></span> <span class='ocrx_word' id='word_1_614' title='bbox 1652 1705 1770 1735; x_wconf 77' lang='grc' dir='ltr'>λαϐόντα</span> <span class='ocrx_word' id='word_1_615' title='bbox 1792 1704 1841 1740; x_wconf 81' lang='grc' dir='ltr'><strong>τὴν</strong></span> 
     </span>
    </p>
   </div>
   <div class='ocr_carea' id='block_1_78' title="bbox 1040 1750 1842 1794">
    <p class='ocr_par' dir='ltr' id='par_1_78' title="bbox 1040 1750 1842 1794">
     <span class='ocr_line' id='line_1_78' title="bbox 1040 1750 1842 1794; baseline -0.005 -11"><span class='ocrx_word' id='word_1_616' title='bbox 1040 1755 1206 1794; x_wconf 79' lang='grc' dir='ltr'>εὐεργεσίαν,</span> <span class='ocrx_word' id='word_1_617' title='bbox 1234 1753 1310 1782; x_wconf 79' lang='grc' dir='ltr'>αὐτὸν</span> <span class='ocrx_word' id='word_1_618' title='bbox 1337 1753 1488 1792; x_wconf 70' lang='grc' dir='ltr'>παράγουσι</span> <span class='ocrx_word' id='word_1_619' title='bbox 1519 1751 1661 1792; x_wconf 74' lang='grc' dir='ltr'>μάρτυρα,</span> <span class='ocrx_word' id='word_1_620' title='bbox 1682 1753 1718 1783; x_wconf 81' lang='grc' dir='ltr'>ὡς</span> <span class='ocrx_word' id='word_1_621' title='bbox 1745 1750 1842 1779; x_wconf 77' lang='grc' dir='ltr'>αἰσθό-</span> 
     </span>
    </p>
   </div>
   <div class='ocr_carea' id='block_1_79' title="bbox 1041 1794 1842 1837">
    <p class='ocr_par' dir='ltr' id='par_1_79' title="bbox 1041 1794 1842 1837">
     <span class='ocr_line' id='line_1_79' title="bbox 1041 1794 1842 1837; baseline -0.005 -9"><span class='ocrx_word' id='word_1_622' title='bbox 1041 1811 1118 1837; x_wconf 85' lang='grc' dir='ltr'>μενον</span> <span class='ocrx_word' id='word_1_623' title='bbox 1142 1801 1189 1834; x_wconf 70' lang='grc' dir='ltr'><strong>τῆς</strong></span> <span class='ocrx_word' id='word_1_624' title='bbox 1215 1797 1365 1835; x_wconf 81' lang='grc' dir='ltr'>δυνάμεως,</span> <span class='ocrx_word' id='word_1_625' title='bbox 1390 1799 1424 1831; x_wconf 81' lang='grc' dir='ltr'><strong>ὡς</strong></span> <span class='ocrx_word' id='word_1_626' title='bbox 1439 1797 1470 1826; x_wconf 83' lang='grc' dir='ltr'><strong>ἂν</strong></span> <span class='ocrx_word' id='word_1_627' title='bbox 1487 1796 1679 1835; x_wconf 83' lang='grc' dir='ltr'>ἐπιστομίσωσι</span> <span class='ocrx_word' id='word_1_628' title='bbox 1702 1794 1761 1828; x_wconf 73' lang='grc' dir='ltr'>τοὺς</span> <span class='ocrx_word' id='word_1_629' title='bbox 1782 1796 1842 1824; x_wconf 83' lang='grc' dir='ltr'>δια-</span> 
     </span>
    </p>
   </div>
   <div class='ocr_carea' id='block_1_80' title="bbox 1041 1841 1841 1883">
    <p class='ocr_par' dir='ltr' id='par_1_80' title="bbox 1041 1841 1841 1883">
     <span class='ocr_line' id='line_1_80' title="bbox 1041 1841 1841 1883; baseline -0.005 -11"><span class='ocrx_word' id='word_1_630' title='bbox 1041 1843 1137 1877; x_wconf 79' lang='grc' dir='ltr'>ϐολεῑς.</span> <span class='ocrx_word' id='word_1_631' title='bbox 1164 1842 1238 1883; x_wconf 81' lang='grc' dir='ltr'><strong>Ὅρα</strong></span> <span class='ocrx_word' id='word_1_632' title='bbox 1264 1842 1314 1882; x_wconf 81' lang='grc' dir='ltr'><strong>γὰρ</strong></span> <span class='ocrx_word' id='word_1_633' title='bbox 1339 1844 1396 1876; x_wconf 79' lang='grc' dir='ltr'><strong>πῶς</strong></span> <span class='ocrx_word' id='word_1_634' title='bbox 1421 1841 1593 1881; x_wconf 76' lang='grc' dir='ltr'>εὐγνωμόνως</span> <span class='ocrx_word' id='word_1_635' title='bbox 1622 1841 1768 1880; x_wconf 75' lang='grc' dir='ltr'>ἐρωτῶσιν.</span> <span class='ocrx_word' id='word_1_636' title='bbox 1800 1841 1841 1869; x_wconf 84' lang='grc' dir='ltr'><strong>Οὖ</strong></span> 
     </span>
    </p>
   </div>
   <div class='ocr_carea' id='block_1_81' title="bbox 1040 1884 1842 1928">
    <p class='ocr_par' dir='ltr' id='par_1_81' title="bbox 1040 1884 1842 1928">
     <span class='ocr_line' id='line_1_81' title="bbox 1040 1884 1842 1928; baseline -0.006 -10"><span class='ocrx_word' id='word_1_637' title='bbox 1040 1889 1091 1928; x_wconf 80' lang='grc' dir='ltr'><strong>γὰρ</strong></span> <span class='ocrx_word' id='word_1_638' title='bbox 1122 1884 1209 1920; x_wconf 78' lang='grc' dir='ltr'>εἶπον.</span> <span class='ocrx_word' id='word_1_639' title='bbox 1239 1886 1277 1916; x_wconf 66' lang='grc' dir='ltr'><strong>Σὺ</strong></span> <span class='ocrx_word' id='word_1_640' title='bbox 1304 1887 1331 1916; x_wconf 80' lang='grc' dir='ltr'><strong>τί</strong></span> <span class='ocrx_word' id='word_1_641' title='bbox 1358 1886 1443 1925; x_wconf 85' lang='grc' dir='ltr'>λέγεις</span> <span class='ocrx_word' id='word_1_642' title='bbox 1472 1888 1532 1926; x_wconf 72' lang='grc' dir='ltr'>περὶ</span> <span class='ocrx_word' id='word_1_643' title='bbox 1563 1886 1663 1924; x_wconf 75' lang='grc' dir='ltr'>αὐτοῦ,</span> <span class='ocrx_word' id='word_1_644' title='bbox 1694 1885 1734 1914; x_wconf 77' lang='grc' dir='ltr'><strong>ὅτι</strong></span> <span class='ocrx_word' id='word_1_645' title='bbox 1753 1884 1842 1920; x_wconf 67' lang='grc' dir='ltr'>πηλὸν</span> 
     </span>
    </p>
   </div>
   <div class='ocr_carea' id='block_1_82' title="bbox 1040 1928 1842 1970">
    <p class='ocr_par' dir='ltr' id='par_1_82' title="bbox 1040 1928 1842 1970">
     <span class='ocr_line' id='line_1_82' title="bbox 1040 1928 1842 1970; baseline -0.005 -8"><span class='ocrx_word' id='word_1_646' title='bbox 1040 1933 1181 1970; x_wconf 64' lang='grc' dir='ltr'>ἐποίησεν,</span> <span class='ocrx_word' id='word_1_647' title='bbox 1201 1931 1241 1962; x_wconf 68' lang='grc' dir='ltr'>ὅτι</span> <span class='ocrx_word' id='word_1_648' title='bbox 1267 1931 1297 1961; x_wconf 80' lang='grc' dir='ltr'>τὸ</span> <span class='ocrx_word' id='word_1_649' title='bbox 1313 1930 1455 1961; x_wconf 73' lang='grc' dir='ltr'>Σαϐϐαῖον</span> <span class='ocrx_word' id='word_1_650' title='bbox 1474 1931 1521 1961; x_wconf 78' lang='grc' dir='ltr'>οὐχ</span> <span class='ocrx_word' id='word_1_651' title='bbox 1547 1930 1690 1969; x_wconf 73' lang='grc' dir='ltr'>ἐτήρησεν;</span> <span class='ocrx_word' id='word_1_652' title='bbox 1704 1928 1776 1959; x_wconf 79' lang='grc' dir='ltr'>ἀλλὰ</span> <span class='ocrx_word' id='word_1_653' title='bbox 1795 1933 1842 1958; x_wconf 69' lang='grc' dir='ltr'>τοῦ</span> 
     </span>
    </p>
   </div>
   <div class='ocr_carea' id='block_1_83' title="bbox 1040 1973 1842 2016">
    <p class='ocr_par' dir='ltr' id='par_1_83' title="bbox 1040 1973 1842 2016">
     <span class='ocr_line' id='line_1_83' title="bbox 1040 1973 1842 2016; baseline -0.004 -10"><span class='ocrx_word' id='word_1_654' title='bbox 1040 1977 1176 2016; x_wconf 79' lang='grc' dir='ltr'>θαύματος</span> <span class='ocrx_word' id='word_1_655' title='bbox 1206 1975 1432 2015; x_wconf 81' lang='grc' dir='ltr'>μνημονεύουσιν,</span> <span class='ocrx_word' id='word_1_656' title='bbox 1459 1989 1470 2001; x_wconf 76' lang='grc' dir='ltr'><strong>ιι</strong></span> <span class='ocrx_word' id='word_1_657' title='bbox 1496 1974 1559 2004; x_wconf 68' lang='grc' dir='ltr'><strong>ςὈτι</strong></span> <span class='ocrx_word' id='word_1_658' title='bbox 1589 1975 1676 2010; x_wconf 78' lang='grc' dir='ltr'>ἤνοιξέ</span> <span class='ocrx_word' id='word_1_659' title='bbox 1705 1986 1752 2004; x_wconf 85' lang='grc' dir='ltr'><strong>σου</strong></span> <span class='ocrx_word' id='word_1_660' title='bbox 1782 1973 1842 2007; x_wconf 76' lang='grc' dir='ltr'>τοὺς</span> 
     </span>
    </p>
   </div>
   <div class='ocr_carea' id='block_1_84' title="bbox 1040 2019 1842 2062">
    <p class='ocr_par' dir='ltr' id='par_1_84' title="bbox 1040 2019 1842 2062">
     <span class='ocr_line' id='line_1_84' title="bbox 1040 2019 1842 2062; baseline -0.005 -11"><span class='ocrx_word' id='word_1_661' title='bbox 1040 2021 1199 2062; x_wconf 78' lang='grc' dir='ltr'>ὀφθαλμούς·</span> <span class='ocrx_word' id='word_1_662' title='bbox 1216 2035 1227 2046; x_wconf 78' lang='grc' dir='ltr'>ι</span> <span class='ocrx_word' id='word_1_663' title='bbox 1244 2021 1383 2060; x_wconf 78' lang='grc' dir='ltr'>μονονουχὶ</span> <span class='ocrx_word' id='word_1_664' title='bbox 1408 2020 1453 2049; x_wconf 82' lang='grc' dir='ltr'>καὶ</span> <span class='ocrx_word' id='word_1_665' title='bbox 1469 2020 1512 2049; x_wconf 74' lang='grc' dir='ltr'><strong>τὸν</strong></span> <span class='ocrx_word' id='word_1_666' title='bbox 1535 2019 1731 2060; x_wconf 82' lang='grc' dir='ltr'>θεραπευθέντα</span> <span class='ocrx_word' id='word_1_667' title='bbox 1751 2031 1842 2059; x_wconf 79' lang='grc' dir='ltr'>παρα-</span> 
     </span>
    </p>
   </div>
   <div class='ocr_carea' id='block_1_85' title="bbox 1042 2063 1841 2105">
    <p class='ocr_par' dir='ltr' id='par_1_85' title="bbox 1042 2063 1841 2105">
     <span class='ocr_line' id='line_1_85' title="bbox 1042 2063 1841 2105; baseline -0.001 -10"><span class='ocrx_word' id='word_1_668' title='bbox 1042 2067 1164 2105; x_wconf 81' lang='grc' dir='ltr'>θήγοντες</span> <span class='ocrx_word' id='word_1_669' title='bbox 1192 2067 1228 2100; x_wconf 80' lang='grc' dir='ltr'>εἷς</span> <span class='ocrx_word' id='word_1_670' title='bbox 1263 2065 1293 2095; x_wconf 82' lang='grc' dir='ltr'><strong>τὸ</strong></span> <span class='ocrx_word' id='word_1_671' title='bbox 1319 2065 1385 2105; x_wconf 77' lang='grc' dir='ltr'>ὑπὲρ</span> <span class='ocrx_word' id='word_1_672' title='bbox 1410 2066 1527 2104; x_wconf 72' lang='grc' dir='ltr'>Χριστοῦ</span> <span class='ocrx_word' id='word_1_673' title='bbox 1561 2064 1595 2094; x_wconf 86' lang='grc' dir='ltr'><strong>τὰ</strong></span> <span class='ocrx_word' id='word_1_674' title='bbox 1625 2063 1715 2093; x_wconf 79' lang='grc' dir='ltr'>εἰκότα</span> <span class='ocrx_word' id='word_1_675' title='bbox 1746 2064 1841 2094; x_wconf 72' lang='grc' dir='ltr'>εἰπεῖν.</span> 
     </span>
    </p>
   </div>
   <div class='ocr_carea' id='block_1_86' title="bbox 1041 2109 1841 2150">
    <p class='ocr_par' dir='ltr' id='par_1_86' title="bbox 1041 2109 1841 2150">
     <span class='ocr_line' id='line_1_86' title="bbox 1041 2109 1841 2150; baseline -0.003 -10"><span class='ocrx_word' id='word_1_676' title='bbox 1041 2111 1285 2150; x_wconf 77' lang='grc' dir='ltr'>Ἀναμιμνήσκουσι</span> <span class='ocrx_word' id='word_1_677' title='bbox 1311 2110 1362 2150; x_wconf 82' lang='grc' dir='ltr'><strong>γὰρ</strong></span> <span class='ocrx_word' id='word_1_678' title='bbox 1389 2110 1484 2146; x_wconf 83' lang='grc' dir='ltr'>αὐτὸν,</span> <span class='ocrx_word' id='word_1_679' title='bbox 1515 2109 1561 2139; x_wconf 86' lang='grc' dir='ltr'>χαὶ</span> <span class='ocrx_word' id='word_1_680' title='bbox 1587 2109 1722 2139; x_wconf 77' lang='grc' dir='ltr'>νύττουσιν</span> <span class='ocrx_word' id='word_1_681' title='bbox 1751 2109 1841 2138; x_wconf 73' lang='grc' dir='ltr'>αὐτόν·</span> 
     </span>
    </p>
   </div>
   <div class='ocr_carea' id='block_1_87' title="bbox 1048 2153 1841 2195">
    <p class='ocr_par' dir='ltr' id='par_1_87' title="bbox 1048 2153 1841 2195">
     <span class='ocr_line' id='line_1_87' title="bbox 1048 2153 1841 2195; baseline -0.005 -9"><span class='ocrx_word' id='word_1_682' title='bbox 1048 2170 1060 2181; x_wconf 73' lang='grc' dir='ltr'>α</span> <span class='ocrx_word' id='word_1_683' title='bbox 1071 2155 1137 2186; x_wconf 86' lang='grc' dir='ltr'>Ὅτι</span> <span class='ocrx_word' id='word_1_684' title='bbox 1152 2155 1237 2192; x_wconf 82' lang='grc' dir='ltr'>ἤνοιξέ</span> <span class='ocrx_word' id='word_1_685' title='bbox 1252 2166 1298 2184; x_wconf 88' lang='grc' dir='ltr'><strong>σου</strong></span> <span class='ocrx_word' id='word_1_686' title='bbox 1315 2154 1374 2189; x_wconf 67' lang='grc' dir='ltr'>τοὺς</span> <span class='ocrx_word' id='word_1_687' title='bbox 1388 2153 1550 2195; x_wconf 70' lang='grc' dir='ltr'>ὀφθαλμούς.</span> <span class='ocrx_word' id='word_1_688' title='bbox 1566 2165 1580 2183; x_wconf 88' lang='grc'><strong>)›</strong></span> <span class='ocrx_word' id='word_1_689' title='bbox 1607 2153 1785 2194; x_wconf 79' lang='grc' dir='ltr'>Εὖηργέτησε</span> <span class='ocrx_word' id='word_1_690' title='bbox 1803 2154 1841 2188; x_wconf 82' lang='grc' dir='ltr'>σὲ,</span> 
     </span>
    </p>
   </div>
   <div class='ocr_carea' id='block_1_88' title="bbox 190 2198 981 2241">
    <p class='ocr_par' dir='ltr' id='par_1_88' title="bbox 190 2202 981 2241">
     <span class='ocr_line' id='line_1_88' title="bbox 190 2202 981 2241; baseline 0.004 -12"><span class='ocrx_word' id='word_1_691' title='bbox 190 2210 261 2230; x_wconf 86' lang='lat' dir='ltr'><strong>care.</strong></span> <span class='ocrx_word' id='word_1_692' title='bbox 279 2202 343 2230; x_wconf 91' lang='lat' dir='ltr'><strong>Ideo</strong></span> <span class='ocrx_word' id='word_1_693' title='bbox 365 2206 393 2230; x_wconf 90' lang='lat' dir='ltr'><strong>et</strong></span> <span class='ocrx_word' id='word_1_694' title='bbox 406 2210 494 2230; x_wconf 74' lang='lat' dir='ltr'><strong>caecus</strong></span> <span class='ocrx_word' id='word_1_695' title='bbox 516 2203 661 2231; x_wconf 87' lang='lat' dir='ltr'><strong>conﬁtetur</strong></span> <span class='ocrx_word' id='word_1_696' title='bbox 675 2207 739 2232; x_wconf 87' lang='lat' dir='ltr'><strong>tunc</strong></span> <span class='ocrx_word' id='word_1_697' title='bbox 753 2204 782 2232; x_wconf 91' lang='lat' dir='ltr'><strong>id</strong></span> <span class='ocrx_word' id='word_1_698' title='bbox 798 2205 870 2241; x_wconf 89' lang='lat' dir='ltr'><strong>quod</strong></span> <span class='ocrx_word' id='word_1_699' title='bbox 887 2204 981 2240; x_wconf 84' lang='lat' dir='ltr'><strong>potuit.</strong></span> 
     </span>
    </p>
   </div>
   <div class='ocr_carea' id='block_1_89' title="bbox 1078 2198 1842 2241">
    <p class='ocr_par' dir='ltr' id='par_1_89' title="bbox 1080 2198 1842 2240">
     <span class='ocr_line' id='line_1_89' title="bbox 1080 2198 1842 2240; baseline -0.004 -10"><span class='ocrx_word' id='word_1_700' title='bbox 1080 2201 1137 2237; x_wconf 74' lang='grc' dir='ltr'>σὶν,</span> <span class='ocrx_word' id='word_1_701' title='bbox 1155 2199 1223 2230; x_wconf 79' lang='grc' dir='ltr'>ὥστε</span> <span class='ocrx_word' id='word_1_702' title='bbox 1240 2200 1352 2240; x_wconf 67' lang='grc' dir='ltr'>ὀψείλεις</span> <span class='ocrx_word' id='word_1_703' title='bbox 1377 2199 1540 2240; x_wconf 80' lang='grc' dir='ltr'>ἄναχηρύξαι</span> <span class='ocrx_word' id='word_1_704' title='bbox 1564 2199 1652 2229; x_wconf 72' lang='grc' dir='ltr'>αὐτόν.</span> <span class='ocrx_word' id='word_1_705' title='bbox 1687 2198 1735 2228; x_wconf 80' lang='grc' dir='ltr'>Διὸ</span> <span class='ocrx_word' id='word_1_706' title='bbox 1764 2198 1842 2228; x_wconf 83' lang='grc' dir='ltr'>καὶὸ</span> 
     </span>
    </p>
   </div>
   <div class='ocr_carea' id='block_1_90' title="bbox 190 2247 988 2284">
    <p class='ocr_par' dir='ltr' id='par_1_90' title="bbox 190 2247 988 2284">
     <span class='ocr_line' id='line_1_90' title="bbox 190 2247 988 2284; baseline 0.004 -11"><span class='ocrx_word' id='word_1_707' title='bbox 190 2247 263 2282; x_wconf 86' lang='lat' dir='ltr'><strong>quod</strong></span> <span class='ocrx_word' id='word_1_708' title='bbox 277 2255 333 2274; x_wconf 90' lang='lat' dir='ltr'><strong>non</strong></span> <span class='ocrx_word' id='word_1_709' title='bbox 345 2247 379 2274; x_wconf 90' lang='lat' dir='ltr'><strong>sit</strong></span> <span class='ocrx_word' id='word_1_710' title='bbox 393 2251 530 2283; x_wconf 88' lang='lat' dir='ltr'><strong>peccator,</strong></span> <span class='ocrx_word' id='word_1_711' title='bbox 545 2248 593 2276; x_wconf 88' lang='lat' dir='ltr'><strong>sed</strong></span> <span class='ocrx_word' id='word_1_712' title='bbox 607 2256 638 2276; x_wconf 84' lang='lat' dir='ltr'><strong>ex</strong></span> <span class='ocrx_word' id='word_1_713' title='bbox 653 2250 722 2277; x_wconf 91' lang='lat' dir='ltr'><strong>Deo.</strong></span> <span class='ocrx_word' id='word_1_714' title='bbox 740 2259 754 2275; x_wconf 76' lang='grc' dir='ltr'><strong>α</strong></span> <span class='ocrx_word' id='word_1_715' title='bbox 767 2249 904 2284; x_wconf 81' lang='lat' dir='ltr'><strong>Propheta</strong></span> <span class='ocrx_word' id='word_1_716' title='bbox 915 2249 988 2276; x_wconf 92' lang='lat' dir='ltr'><strong>enim</strong></span> 
     </span>
    </p>
   </div>
   <div class='ocr_carea' id='block_1_91' title="bbox 189 2291 989 2329">
    <p class='ocr_par' dir='ltr' id='par_1_91' title="bbox 189 2291 989 2329">
     <span class='ocr_line' id='line_1_91' title="bbox 189 2291 989 2329; baseline 0.001 -10"><span class='ocrx_word' id='word_1_717' title='bbox 189 2295 242 2325; x_wconf 84' lang='lat' dir='ltr'><strong>est,</strong></span> <span class='ocrx_word' id='word_1_718' title='bbox 260 2303 273 2315; x_wconf 72' lang='grc' dir='ltr'><strong>ν</strong></span> <span class='ocrx_word' id='word_1_719' title='bbox 289 2291 355 2319; x_wconf 85' lang='lat' dir='ltr'><strong>dicit</strong></span> <span class='ocrx_word' id='word_1_720' title='bbox 372 2301 378 2319; x_wconf 88' lang='lat'>:</span> <span class='ocrx_word' id='word_1_721' title='bbox 396 2292 521 2328; x_wconf 88' lang='lat' dir='ltr'><strong>quamvis</strong></span> <span class='ocrx_word' id='word_1_722' title='bbox 535 2303 548 2317; x_wconf 82' lang='grc' dir='ltr'><strong>ιι</strong></span> <span class='ocrx_word' id='word_1_723' title='bbox 564 2293 607 2321; x_wconf 89' lang='lat' dir='ltr'><strong>alii</strong></span> <span class='ocrx_word' id='word_1_724' title='bbox 623 2293 744 2322; x_wconf 90' lang='lat' dir='ltr'><strong>dicerent</strong></span> <span class='ocrx_word' id='word_1_725' title='bbox 758 2293 833 2329; x_wconf 90' lang='lat' dir='ltr'><strong>quod</strong></span> <span class='ocrx_word' id='word_1_726' title='bbox 848 2301 904 2321; x_wconf 88' lang='lat' dir='ltr'><strong>non</strong></span> <span class='ocrx_word' id='word_1_727' title='bbox 918 2297 989 2321; x_wconf 91' lang='lat' dir='ltr'><strong>esset</strong></span> 
     </span>
    </p>
   </div>
   <div class='ocr_carea' id='block_1_92' title="bbox 188 2337 987 2373">
    <p class='ocr_par' dir='ltr' id='par_1_92' title="bbox 188 2337 987 2373">
     <span class='ocr_line' id='line_1_92' title="bbox 188 2337 987 2373; baseline 0.004 -10"><span class='ocrx_word' id='word_1_728' title='bbox 188 2343 220 2363; x_wconf 87' lang='lat' dir='ltr'><strong>ex</strong></span> <span class='ocrx_word' id='word_1_729' title='bbox 233 2337 301 2371; x_wconf 86' lang='lat' dir='ltr'><strong>Deo,</strong></span> <span class='ocrx_word' id='word_1_730' title='bbox 321 2344 353 2364; x_wconf 89' lang='lat' dir='ltr'><strong>eo</strong></span> <span class='ocrx_word' id='word_1_731' title='bbox 372 2337 446 2373; x_wconf 93' lang='lat' dir='ltr'><strong>quod</strong></span> <span class='ocrx_word' id='word_1_732' title='bbox 460 2337 612 2366; x_wconf 84' lang='lat' dir='ltr'><strong>Sabbatum</strong></span> <span class='ocrx_word' id='word_1_733' title='bbox 627 2347 682 2366; x_wconf 89' lang='lat' dir='ltr'><strong>non</strong></span> <span class='ocrx_word' id='word_1_734' title='bbox 694 2342 817 2366; x_wconf 85' lang='lat' dir='ltr'><strong>servaret</strong></span> <span class='ocrx_word' id='word_1_735' title='bbox 830 2348 836 2365; x_wconf 90' lang='lat'><strong>:</strong></span> <span class='ocrx_word' id='word_1_736' title='bbox 853 2349 866 2362; x_wconf 72' lang='grc' dir='ltr'><strong>ν</strong></span> <span class='ocrx_word' id='word_1_737' title='bbox 882 2339 987 2366; x_wconf 89' lang='lat' dir='ltr'><strong>tametsi</strong></span> 
     </span>
    </p>
   </div>
   <div class='ocr_carea' id='block_1_93' title="bbox 188 2380 987 2419">
    <p class='ocr_par' dir='ltr' id='par_1_93' title="bbox 188 2380 987 2419">
     <span class='ocr_line' id='line_1_93' title="bbox 188 2380 987 2419; baseline 0.003 -11"><span class='ocrx_word' id='word_1_738' title='bbox 188 2380 310 2409; x_wconf 89' lang='lat' dir='ltr'><strong>Christus</strong></span> <span class='ocrx_word' id='word_1_739' title='bbox 326 2389 381 2409; x_wconf 88' lang='lat' dir='ltr'><strong>uno</strong></span> <span class='ocrx_word' id='word_1_740' title='bbox 403 2381 487 2418; x_wconf 85' lang='lat' dir='ltr'><strong>digito</strong></span> <span class='ocrx_word' id='word_1_741' title='bbox 507 2382 597 2411; x_wconf 91' lang='lat' dir='ltr'><strong>lutum</strong></span> <span class='ocrx_word' id='word_1_742' title='bbox 620 2384 756 2419; x_wconf 83' lang='lat' dir='ltr'><strong>inungens</strong></span> <span class='ocrx_word' id='word_1_743' title='bbox 771 2382 919 2410; x_wconf 86' lang='lat' dir='ltr'><strong>Sabbatum</strong></span> <span class='ocrx_word' id='word_1_744' title='bbox 933 2383 987 2410; x_wconf 92' lang='lat' dir='ltr'><strong>sol-</strong></span> 
     </span>
    </p>
   </div>
   <div class='ocr_carea' id='block_1_94' title="bbox 188 2425 986 2463">
    <p class='ocr_par' dir='ltr' id='par_1_94' title="bbox 188 2425 986 2463">
     <span class='ocr_line' id='line_1_94' title="bbox 188 2425 986 2463; baseline 0.004 -11"><span class='ocrx_word' id='word_1_745' title='bbox 188 2433 253 2453; x_wconf 88' lang='lat' dir='ltr'><strong>vere</strong></span> <span class='ocrx_word' id='word_1_746' title='bbox 269 2425 411 2454; x_wconf 87' lang='lat' dir='ltr'><strong>videbatur</strong></span> <span class='ocrx_word' id='word_1_747' title='bbox 428 2435 434 2454; x_wconf 87' lang='lat'>:</span> <span class='ocrx_word' id='word_1_748' title='bbox 453 2427 503 2463; x_wconf 89' lang='lat' dir='ltr'><strong>ipsi</strong></span> <span class='ocrx_word' id='word_1_749' title='bbox 521 2432 615 2455; x_wconf 89' lang='lat' dir='ltr'><strong>autem</strong></span> <span class='ocrx_word' id='word_1_750' title='bbox 633 2432 691 2455; x_wconf 87' lang='lat' dir='ltr'><strong>tota</strong></span> <span class='ocrx_word' id='word_1_751' title='bbox 707 2435 792 2455; x_wconf 91' lang='lat' dir='ltr'><strong>manu</strong></span> <span class='ocrx_word' id='word_1_752' title='bbox 808 2426 944 2455; x_wconf 87' lang='lat' dir='ltr'><strong>solventes</strong></span> <span class='ocrx_word' id='word_1_753' title='bbox 959 2428 986 2455; x_wconf 87' lang='lat' dir='ltr'><strong>in</strong></span> 
     </span>
    </p>
   </div>
   <div class='ocr_carea' id='block_1_95' title="bbox 187 2470 986 2508">
    <p class='ocr_par' dir='ltr' id='par_1_95' title="bbox 187 2470 986 2508">
     <span class='ocr_line' id='line_1_95' title="bbox 187 2470 986 2508; baseline 0.004 -11"><span class='ocrx_word' id='word_1_754' title='bbox 187 2470 307 2498; x_wconf 87' lang='lat' dir='ltr'><strong>Sabbato</strong></span> <span class='ocrx_word' id='word_1_755' title='bbox 327 2472 455 2499; x_wconf 89' lang='lat' dir='ltr'><strong>animalia</strong></span> <span class='ocrx_word' id='word_1_756' title='bbox 486 2477 516 2500; x_wconf 89' lang='lat' dir='ltr'><strong>ut</strong></span> <span class='ocrx_word' id='word_1_757' title='bbox 540 2477 638 2508; x_wconf 90' lang='lat' dir='ltr'><strong>potum</strong></span> <span class='ocrx_word' id='word_1_758' title='bbox 661 2472 735 2506; x_wconf 90' lang='lat' dir='ltr'><strong>dent,</strong></span> <span class='ocrx_word' id='word_1_759' title='bbox 749 2471 921 2507; x_wconf 79' lang='lat' dir='ltr'><strong>&#39;_videbantur</strong></span> <span class='ocrx_word' id='word_1_760' title='bbox 949 2473 986 2508; x_wconf 87' lang='lat' dir='ltr'><strong>pii</strong></span> 
     </span>
    </p>
   </div>
   <div class='ocr_carea' id='block_1_96' title="bbox 222 2532 472 2569">
    <p class='ocr_par' dir='ltr' id='par_1_96' title="bbox 222 2532 472 2569">
     <span class='ocr_line' id='line_1_96' title="bbox 222 2532 472 2569; baseline 0.012 -10"><span class='ocrx_word' id='word_1_761' title='bbox 222 2532 247 2555; x_wconf 71' lang='lat'><strong>4°</strong></span> <span class='ocrx_word' id='word_1_762' title='bbox 260 2533 357 2562; x_wconf 83' lang='lat' dir='ltr'><strong>Matth.</strong></span> <span class='ocrx_word' id='word_1_763' title='bbox 374 2542 410 2569; x_wconf 84' lang='lat' dir='ltr'><strong>x,</strong></span> <span class='ocrx_word' id='word_1_764' title='bbox 426 2537 472 2562; x_wconf 86' lang='lat'><strong>34.</strong></span> 
     </span>
    </p>
   </div>
   <div class='ocr_carea' id='block_1_97' title="bbox 1042 2243 1841 2285">
    <p class='ocr_par' dir='ltr' id='par_1_97' title="bbox 1042 2243 1841 2285">
     <span class='ocr_line' id='line_1_97' title="bbox 1042 2243 1841 2285; baseline -0.003 -11"><span class='ocrx_word' id='word_1_765' title='bbox 1042 2246 1139 2285; x_wconf 79' lang='grc' dir='ltr'>τυφλὸς</span> <span class='ocrx_word' id='word_1_766' title='bbox 1158 2246 1283 2283; x_wconf 73' lang='grc' dir='ltr'>ὁμολογεῖ</span> <span class='ocrx_word' id='word_1_767' title='bbox 1300 2244 1365 2278; x_wconf 83' lang='grc' dir='ltr'>τέως</span> <span class='ocrx_word' id='word_1_768' title='bbox 1386 2244 1451 2284; x_wconf 77' lang='grc' dir='ltr'>ὅπερ</span> <span class='ocrx_word' id='word_1_769' title='bbox 1473 2243 1588 2280; x_wconf 83' lang='grc' dir='ltr'>ἠδύνατο</span> <span class='ocrx_word' id='word_1_770' title='bbox 1600 2267 1608 2280; x_wconf 91' lang='grc'><strong>,</strong></span> <span class='ocrx_word' id='word_1_771' title='bbox 1631 2243 1671 2274; x_wconf 75' lang='grc' dir='ltr'><strong>ὅτι</strong></span> <span class='ocrx_word' id='word_1_772' title='bbox 1687 2243 1746 2273; x_wconf 74' lang='grc' dir='ltr'><strong>Οὖκ</strong></span> <span class='ocrx_word' id='word_1_773' title='bbox 1768 2243 1841 2273; x_wconf 81' lang='grc' dir='ltr'>ἔστιν</span> 
     </span>
    </p>
   </div>
   <div class='ocr_carea' id='block_1_98' title="bbox 1043 2288 1841 2330">
    <p class='ocr_par' dir='ltr' id='par_1_98' title="bbox 1043 2288 1841 2330">
     <span class='ocr_line' id='line_1_98' title="bbox 1043 2288 1841 2330; baseline -0.004 -11"><span class='ocrx_word' id='word_1_774' title='bbox 1043 2290 1212 2330; x_wconf 75' lang='grc' dir='ltr'>ἁμαρτωλὸς,</span> <span class='ocrx_word' id='word_1_775' title='bbox 1226 2291 1284 2318; x_wconf 75' lang='grc' dir='ltr'>ἀλλ’</span> <span class='ocrx_word' id='word_1_776' title='bbox 1298 2290 1328 2319; x_wconf 76' lang='grc' dir='ltr'><strong>ἐκ</strong></span> <span class='ocrx_word' id='word_1_777' title='bbox 1345 2293 1390 2320; x_wconf 75' lang='grc' dir='ltr'><strong>τοῦ</strong></span> <span class='ocrx_word' id='word_1_778' title='bbox 1402 2291 1485 2320; x_wconf 72' lang='grc' dir='ltr'>Θεοῦ.</span> <span class='ocrx_word' id='word_1_779' title='bbox 1502 2303 1514 2315; x_wconf 67' lang='grc' dir='ltr'><strong>σι</strong></span> <span class='ocrx_word' id='word_1_780' title='bbox 1530 2288 1672 2328; x_wconf 50' lang='grc' dir='ltr'>Προφήτης</span> <span class='ocrx_word' id='word_1_781' title='bbox 1683 2288 1734 2328; x_wconf 79' lang='grc' dir='ltr'><strong>γάρ</strong></span> <span class='ocrx_word' id='word_1_782' title='bbox 1745 2289 1816 2325; x_wconf 77' lang='grc' dir='ltr'>ἐστι,</span> <span class='ocrx_word' id='word_1_783' title='bbox 1831 2302 1841 2313; x_wconf 76' lang='grc' dir='ltr'><strong>ιι</strong></span> 
     </span>
    </p>
   </div>
   <div class='ocr_carea' id='block_1_99' title="bbox 1041 2333 1840 2375">
    <p class='ocr_par' dir='ltr' id='par_1_99' title="bbox 1041 2333 1840 2375">
     <span class='ocr_line' id='line_1_99' title="bbox 1041 2333 1840 2375; baseline -0.003 -11"><span class='ocrx_word' id='word_1_784' title='bbox 1041 2335 1090 2364; x_wconf 76' lang='grc' dir='ltr'><strong>κᾶν</strong></span> <span class='ocrx_word' id='word_1_785' title='bbox 1106 2335 1191 2375; x_wconf 77' lang='grc' dir='ltr'>ἕτεροι</span> <span class='ocrx_word' id='word_1_786' title='bbox 1215 2334 1348 2373; x_wconf 86' lang='grc' dir='ltr'>λέγωσιν,</span> <span class='ocrx_word' id='word_1_787' title='bbox 1376 2334 1415 2363; x_wconf 76' lang='grc' dir='ltr'><strong>ὅτι</strong></span> <span class='ocrx_word' id='word_1_788' title='bbox 1435 2344 1450 2361; x_wconf 83' lang='grc' dir='ltr'><strong>ιι</strong></span> <span class='ocrx_word' id='word_1_789' title='bbox 1473 2334 1531 2363; x_wconf 78' lang='grc' dir='ltr'><strong>Οὐκ</strong></span> <span class='ocrx_word' id='word_1_790' title='bbox 1553 2334 1623 2362; x_wconf 87' lang='grc' dir='ltr'>ἔστιν</span> <span class='ocrx_word' id='word_1_791' title='bbox 1641 2334 1670 2362; x_wconf 83' lang='grc' dir='ltr'><em>ἐκ</em></span> <span class='ocrx_word' id='word_1_792' title='bbox 1684 2336 1730 2362; x_wconf 73' lang='grc' dir='ltr'><strong>τοῦ</strong></span> <span class='ocrx_word' id='word_1_793' title='bbox 1753 2333 1840 2362; x_wconf 75' lang='grc' dir='ltr'>Θεοῧ”</span> 
     </span>
    </p>
   </div>
   <div class='ocr_carea' id='block_1_100' title="bbox 1042 2377 1842 2419">
    <p class='ocr_par' dir='ltr' id='par_1_100' title="bbox 1042 2377 1842 2419">
     <span class='ocr_line' id='line_1_100' title="bbox 1042 2377 1842 2419; baseline -0.003 -11"><span class='ocrx_word' id='word_1_794' title='bbox 1042 2380 1106 2408; x_wconf 80' lang='grc' dir='ltr'>διότι</span> <span class='ocrx_word' id='word_1_795' title='bbox 1121 2379 1151 2408; x_wconf 81' lang='grc' dir='ltr'>τὸ</span> <span class='ocrx_word' id='word_1_796' title='bbox 1173 2379 1317 2409; x_wconf 70' lang='grc' dir='ltr'>Σάϐϐατον</span> <span class='ocrx_word' id='word_1_797' title='bbox 1331 2381 1358 2408; x_wconf 75' lang='grc' dir='ltr'>οὖ</span> <span class='ocrx_word' id='word_1_798' title='bbox 1381 2383 1466 2419; x_wconf 86' lang='grc' dir='ltr'>τηρεῖ.</span> <span class='ocrx_word' id='word_1_799' title='bbox 1486 2391 1501 2407; x_wconf 71' lang='grc' dir='ltr'><strong>ιι</strong></span> <span class='ocrx_word' id='word_1_800' title='bbox 1523 2377 1616 2408; x_wconf 84' lang='grc' dir='ltr'>Καίτοι</span> <span class='ocrx_word' id='word_1_801' title='bbox 1633 2379 1646 2407; x_wconf 85' lang='grc' dir='ltr'>ὁ</span> <span class='ocrx_word' id='word_1_802' title='bbox 1661 2377 1708 2416; x_wconf 80' lang='grc' dir='ltr'>μὲν</span> <span class='ocrx_word' id='word_1_803' title='bbox 1725 2377 1842 2417; x_wconf 81' lang='grc' dir='ltr'>Χριστὸς</span> 
     </span>
    </p>
   </div>
   <div class='ocr_carea' id='block_1_101' title="bbox 1042 2423 1842 2464">
    <p class='ocr_par' dir='ltr' id='par_1_101' title="bbox 1042 2423 1842 2464">
     <span class='ocr_line' id='line_1_101' title="bbox 1042 2423 1842 2464; baseline -0.003 -11"><span class='ocrx_word' id='word_1_804' title='bbox 1042 2424 1079 2453; x_wconf 78' lang='grc' dir='ltr'><strong>ἑνὶ</strong></span> <span class='ocrx_word' id='word_1_805' title='bbox 1094 2424 1217 2464; x_wconf 79' lang='grc' dir='ltr'>δακτύλῳ</span> <span class='ocrx_word' id='word_1_806' title='bbox 1238 2423 1282 2453; x_wconf 83' lang='grc' dir='ltr'><strong>τὸν</strong></span> <span class='ocrx_word' id='word_1_807' title='bbox 1303 2423 1389 2459; x_wconf 71' lang='grc' dir='ltr'>πηλὸν</span> <span class='ocrx_word' id='word_1_808' title='bbox 1415 2423 1567 2464; x_wconf 79' lang='grc' dir='ltr'>ἐπιχρίσας,</span> <span class='ocrx_word' id='word_1_809' title='bbox 1592 2423 1737 2463; x_wconf 75' lang='grc' dir='ltr'>παραλύειν</span> <span class='ocrx_word' id='word_1_810' title='bbox 1756 2423 1842 2451; x_wconf 77' lang='grc' dir='ltr'>ἐδόκει</span> 
     </span>
    </p>
   </div>
   <div class='ocr_carea' id='block_1_102' title="bbox 1041 2467 1842 2509">
    <p class='ocr_par' dir='ltr' id='par_1_102' title="bbox 1041 2467 1842 2509">
     <span class='ocr_line' id='line_1_102' title="bbox 1041 2467 1842 2509; baseline -0.002 -10"><span class='ocrx_word' id='word_1_811' title='bbox 1041 2470 1071 2499; x_wconf 81' lang='grc' dir='ltr'>τὸ</span> <span class='ocrx_word' id='word_1_812' title='bbox 1094 2469 1248 2499; x_wconf 75' lang='grc' dir='ltr'>Σάϐϐατον·</span> <span class='ocrx_word' id='word_1_813' title='bbox 1267 2468 1342 2498; x_wconf 80' lang='grc' dir='ltr'>αὐτοὶ</span> <span class='ocrx_word' id='word_1_814' title='bbox 1368 2467 1394 2497; x_wconf 77' lang='grc' dir='ltr'><strong>δὲ</strong></span> <span class='ocrx_word' id='word_1_815' title='bbox 1418 2469 1466 2508; x_wconf 77' lang='grc' dir='ltr'>ὅλῃ</span> <span class='ocrx_word' id='word_1_816' title='bbox 1489 2468 1559 2509; x_wconf 83' lang='grc' dir='ltr'>χειρὶ</span> <span class='ocrx_word' id='word_1_817' title='bbox 1584 2468 1689 2502; x_wconf 83' lang='grc' dir='ltr'>λύοντες</span> <span class='ocrx_word' id='word_1_818' title='bbox 1710 2469 1749 2507; x_wconf 80' lang='grc' dir='ltr'><strong>τῷ</strong></span> <span class='ocrx_word' id='word_1_819' title='bbox 1766 2467 1842 2497; x_wconf 66' lang='grc' dir='ltr'>Σαϐ-</span> 
     </span>
    </p>
   </div>
   <div class='ocr_carea' id='block_1_103' title="bbox 726 2583 1306 2616">
    <p class='ocr_par' dir='ltr' id='par_1_103' title="bbox 726 2583 1306 2616">
     <span class='ocr_line' id='line_1_103' title="bbox 726 2583 1306 2616; baseline 0.002 -3"><span class='ocrx_word' id='word_1_820' title='bbox 726 2584 769 2613; x_wconf 85' lang='lat' dir='ltr'><strong>Ex</strong></span> <span class='ocrx_word' id='word_1_821' title='bbox 785 2583 943 2615; x_wconf 80' lang='lat' dir='ltr'><strong>collatione</strong></span> <span class='ocrx_word' id='word_1_822' title='bbox 957 2584 1046 2615; x_wconf 80' lang='lat' dir='ltr'><strong>codd.</strong></span> <span class='ocrx_word' id='word_1_823' title='bbox 1063 2586 1159 2616; x_wconf 87' lang='lat' dir='ltr'><strong>Venet</strong></span> <span class='ocrx_word' id='word_1_824' title='bbox 1175 2585 1205 2615; x_wconf 90' lang='lat' dir='ltr'><strong>S.</strong></span> <span class='ocrx_word' id='word_1_825' title='bbox 1220 2584 1306 2615; x_wconf 82' lang='lat' dir='ltr'><strong>Mari.</strong></span> 
     </span>
    </p>
   </div>
   <div class='ocr_carea' id='block_1_104' title="bbox 220 2648 979 2718">
    <p class='ocr_par' dir='ltr' id='par_1_104' title="bbox 220 2648 979 2718">
     <span class='ocr_line' id='line_1_104' title="bbox 220 2648 979 2718; baseline 0 -41"><span class='ocrx_word' id='word_1_826' title='bbox 220 2649 287 2718; x_wconf 48' lang='lat'><strong>(29%</strong></span> <span class='ocrx_word' id='word_1_827' title='bbox 309 2650 398 2679; x_wconf 84' lang='lat' dir='ltr'><strong>Codd.</strong></span> <span class='ocrx_word' id='word_1_828' title='bbox 423 2651 458 2677; x_wconf 71' lang='lat'><strong>26</strong></span> <span class='ocrx_word' id='word_1_829' title='bbox 485 2653 513 2677; x_wconf 83' lang='lat' dir='ltr'><strong>et</strong></span> <span class='ocrx_word' id='word_1_830' title='bbox 535 2652 584 2683; x_wconf 83' lang='grc'><strong>32,</strong></span> <span class='ocrx_word' id='word_1_831' title='bbox 607 2649 654 2675; x_wconf 77' lang='grc' dir='ltr'>Καὶ</span> <span class='ocrx_word' id='word_1_832' title='bbox 677 2649 772 2685; x_wconf 75' lang='grc' dir='ltr'>σχίσμα</span> <span class='ocrx_word' id='word_1_833' title='bbox 797 2648 827 2684; x_wconf 82' lang='grc' dir='ltr'><strong>ἦν</strong></span> <span class='ocrx_word' id='word_1_834' title='bbox 846 2649 871 2676; x_wconf 80' lang='grc' dir='ltr'>ἐν</span> <span class='ocrx_word' id='word_1_835' title='bbox 887 2651 979 2682; x_wconf 72' lang='grc' dir='ltr'>αὐτοῖς.</span> 
     </span>
     <span class='ocr_line' id='line_1_105' title="bbox 220 2685 979 2718; baseline 0.003 -7"><span class='ocrx_word' id='word_1_836' title='bbox 220 2686 271 2712; x_wconf 81' lang='grc' dir='ltr'><strong>πειό</strong></span> <span class='ocrx_word' id='word_1_837' title='bbox 315 2686 329 2712; x_wconf 86' lang='grc' dir='ltr'>ὁ</span> <span class='ocrx_word' id='word_1_838' title='bbox 362 2687 504 2718; x_wconf 81' lang='grc' dir='ltr'>θεραπεύων</span> <span class='ocrx_word' id='word_1_839' title='bbox 540 2685 582 2711; x_wconf 69' lang='grc' dir='ltr'>καὶ</span> <span class='ocrx_word' id='word_1_840' title='bbox 613 2686 800 2718; x_wconf 74' lang='grc' dir='ltr'>θαυματοποιῶν</span> <span class='ocrx_word' id='word_1_841' title='bbox 837 2685 910 2718; x_wconf 78' lang='grc' dir='ltr'>εἶώθη</span> <span class='ocrx_word' id='word_1_842' title='bbox 942 2687 979 2713; x_wconf 70' lang='grc' dir='ltr'>διὰ</span> 
     </span>
    </p>
   </div>
   <div class='ocr_carea' id='block_1_105' title="bbox 187 2683 982 2720">
    <p class='ocr_par' dir='ltr' id='par_1_105' title="bbox 187 2683 982 2720">
     <span class='ocr_line' id='line_1_106' title="bbox 187 2683 982 2720; baseline 0.003 -9"><span class='ocrx_word' id='word_1_843' title='bbox 187 2683 287 2718; x_wconf 75' lang='grc' dir='ltr'>Ἐπειδὴ</span> <span class='ocrx_word' id='word_1_844' title='bbox 315 2686 329 2712; x_wconf 86' lang='grc' dir='ltr'>ὁ</span> <span class='ocrx_word' id='word_1_845' title='bbox 362 2687 504 2720; x_wconf 83' lang='grc' dir='ltr'>θεραπεύων</span> <span class='ocrx_word' id='word_1_846' title='bbox 540 2685 582 2711; x_wconf 69' lang='grc' dir='ltr'>καὶ</span> <span class='ocrx_word' id='word_1_847' title='bbox 613 2683 800 2720; x_wconf 69' lang='grc' dir='ltr'>θαυματοποιῶν</span> <span class='ocrx_word' id='word_1_848' title='bbox 837 2685 910 2720; x_wconf 78' lang='grc' dir='ltr'>εἶώθη</span> <span class='ocrx_word' id='word_1_849' title='bbox 942 2687 982 2713; x_wconf 80' lang='grc' dir='ltr'>διὰ</span> 
     </span>
    </p>
   </div>
   <div class='ocr_carea' id='block_1_106' title="bbox 183 2721 982 2757">
    <p class='ocr_par' dir='ltr' id='par_1_106' title="bbox 183 2721 982 2757">
     <span class='ocr_line' id='line_1_107' title="bbox 183 2721 982 2757; baseline 0.003 -10"><span class='ocrx_word' id='word_1_850' title='bbox 183 2721 212 2757; x_wconf 75' lang='grc' dir='ltr'>τὸ</span> <span class='ocrx_word' id='word_1_851' title='bbox 240 2721 573 2757; x_wconf 21' lang='grc' dir='ltr'>ἀκόμπαστονγέχνεύεινν</span> <span class='ocrx_word' id='word_1_852' title='bbox 594 2722 738 2756; x_wconf 84' lang='grc' dir='ltr'>ἑρωτησθεὶς</span> <span class='ocrx_word' id='word_1_853' title='bbox 769 2721 783 2747; x_wconf 86' lang='grc'>6</span> <span class='ocrx_word' id='word_1_854' title='bbox 813 2722 903 2757; x_wconf 68' lang='grc' dir='ltr'>τυφλὸς</span> <span class='ocrx_word' id='word_1_855' title='bbox 931 2723 982 2749; x_wconf 78' lang='grc' dir='ltr'><strong>Ποῦ</strong></span> 
     </span>
    </p>
   </div>
   <div class='ocr_carea' id='block_1_107' title="bbox 185 2755 982 2794">
    <p class='ocr_par' dir='ltr' id='par_1_107' title="bbox 185 2755 982 2794">
     <span class='ocr_line' id='line_1_108' title="bbox 185 2755 982 2794; baseline 0.003 -11"><span class='ocrx_word' id='word_1_856' title='bbox 185 2756 254 2794; x_wconf 50' lang='grc' dir='ltr'>ἔστη</span> <span class='ocrx_word' id='word_1_857' title='bbox 282 2757 369 2794; x_wconf 53' lang='grc' dir='ltr'>λέγει,</span> <span class='ocrx_word' id='word_1_858' title='bbox 390 2756 441 2783; x_wconf 84' lang='grc' dir='ltr'><strong>Οὖκ</strong></span> <span class='ocrx_word' id='word_1_859' title='bbox 465 2755 542 2794; x_wconf 74' lang='grc' dir='ltr'>οἶδα,</span> <span class='ocrx_word' id='word_1_860' title='bbox 562 2756 689 2790; x_wconf 79' lang='grc' dir='ltr'>ἀληθεύων</span> <span class='ocrx_word' id='word_1_861' title='bbox 705 2759 800 2789; x_wconf 81' lang='grc' dir='ltr'>πάντως</span> <span class='ocrx_word' id='word_1_862' title='bbox 826 2755 872 2784; x_wconf 72' lang='grc' dir='ltr'><strong>κᾶν</strong></span> <span class='ocrx_word' id='word_1_863' title='bbox 891 2759 982 2794; x_wconf 80' lang='grc' dir='ltr'>τούτῳ.</span> 
     </span>
    </p>
   </div>
   <div class='ocr_carea' id='block_1_108' title="bbox 184 2792 981 2827">
    <p class='ocr_par' dir='ltr' id='par_1_108' title="bbox 184 2792 981 2827">
     <span class='ocr_line' id='line_1_109' title="bbox 184 2792 981 2827; baseline 0.005 -9"><span class='ocrx_word' id='word_1_864' title='bbox 184 2792 264 2818; x_wconf 75' lang='grc' dir='ltr'>Τοῦτο</span> <span class='ocrx_word' id='word_1_865' title='bbox 281 2793 310 2818; x_wconf 73' lang='grc' dir='ltr'>τὸ</span> <span class='ocrx_word' id='word_1_866' title='bbox 325 2793 435 2827; x_wconf 69' lang='grc' dir='ltr'>σχίσμα,</span> <span class='ocrx_word' id='word_1_867' title='bbox 451 2803 475 2820; x_wconf 80' lang='grc' dir='ltr'><strong>κ.</strong></span> <span class='ocrx_word' id='word_1_868' title='bbox 491 2802 515 2820; x_wconf 83' lang='grc' dir='ltr'>τ.</span> <span class='ocrx_word' id='word_1_869' title='bbox 531 2792 556 2820; x_wconf 91' lang='grc' dir='ltr'>λ.</span> <span class='ocrx_word' id='word_1_870' title='bbox 575 2804 587 2816; x_wconf 76' lang='grc' dir='ltr'><strong>ει</strong></span> <span class='ocrx_word' id='word_1_871' title='bbox 604 2795 640 2821; x_wconf 82' lang='lat' dir='ltr'><strong>Et</strong></span> <span class='ocrx_word' id='word_1_872' title='bbox 658 2793 790 2821; x_wconf 82' lang='lat' dir='ltr'><strong>dissensio</strong></span> <span class='ocrx_word' id='word_1_873' title='bbox 811 2799 871 2822; x_wconf 88' lang='lat' dir='ltr'><strong>erat</strong></span> <span class='ocrx_word' id='word_1_874' title='bbox 889 2795 918 2822; x_wconf 91' lang='lat' dir='ltr'><strong>in</strong></span> <span class='ocrx_word' id='word_1_875' title='bbox 932 2792 981 2822; x_wconf 82' lang='lat' dir='ltr'><strong>eis.</strong></span> 
     </span>
    </p>
   </div>
   <div class='ocr_carea' id='block_1_109' title="bbox 185 2827 982 2867">
    <p class='ocr_par' dir='ltr' id='par_1_109' title="bbox 185 2827 982 2867">
     <span class='ocr_line' id='line_1_110' title="bbox 185 2827 982 2867; baseline 0.005 -12"><span class='ocrx_word' id='word_1_876' title='bbox 185 2827 324 2864; x_wconf 86' lang='lat' dir='ltr'><strong>Quoniam</strong></span> <span class='ocrx_word' id='word_1_877' title='bbox 341 2832 435 2857; x_wconf 86' lang='lat' dir='ltr'><strong>autem</strong></span> <span class='ocrx_word' id='word_1_878' title='bbox 455 2829 611 2864; x_wconf 88' lang='lat' dir='ltr'><strong>Dominus,</strong></span> <span class='ocrx_word' id='word_1_879' title='bbox 637 2837 701 2858; x_wconf 90' lang='lat' dir='ltr'><strong>cum</strong></span> <span class='ocrx_word' id='word_1_880' title='bbox 724 2830 884 2867; x_wconf 88' lang='lat' dir='ltr'><strong>quempiam</strong></span> <span class='ocrx_word' id='word_1_881' title='bbox 903 2838 982 2859; x_wconf 83' lang='lat' dir='ltr'><strong>sana-</strong></span> 
     </span>
    </p>
   </div>
   <div class='ocr_carea' id='block_1_110' title="bbox 1036 2649 1842 2685">
    <p class='ocr_par' dir='ltr' id='par_1_110' title="bbox 1036 2649 1842 2685">
     <span class='ocr_line' id='line_1_111' title="bbox 1036 2649 1842 2685; baseline 0 -7"><span class='ocrx_word' id='word_1_882' title='bbox 1036 2651 1094 2685; x_wconf 88' lang='lat' dir='ltr'><strong>bat,</strong></span> <span class='ocrx_word' id='word_1_883' title='bbox 1126 2651 1167 2678; x_wconf 90' lang='lat' dir='ltr'><strong>vel</strong></span> <span class='ocrx_word' id='word_1_884' title='bbox 1190 2650 1263 2678; x_wconf 90' lang='lat' dir='ltr'><strong>aliud</strong></span> <span class='ocrx_word' id='word_1_885' title='bbox 1279 2650 1441 2678; x_wconf 86' lang='lat' dir='ltr'><strong>miraculum</strong></span> <span class='ocrx_word' id='word_1_886' title='bbox 1467 2650 1602 2685; x_wconf 86' lang='lat' dir='ltr'><strong>patrabat,</strong></span> <span class='ocrx_word' id='word_1_887' title='bbox 1623 2650 1728 2677; x_wconf 89' lang='lat' dir='ltr'><strong>solebat</strong></span> <span class='ocrx_word' id='word_1_888' title='bbox 1744 2657 1760 2677; x_wconf 88' lang='lat' dir='ltr'><strong>e</strong></span> <span class='ocrx_word' id='word_1_889' title='bbox 1780 2649 1842 2678; x_wconf 85' lang='lat' dir='ltr'><strong>loco</strong></span> 
     </span>
    </p>
   </div>
   <div class='ocr_carea' id='block_1_111' title="bbox 1037 2685 1842 2721">
    <p class='ocr_par' dir='ltr' id='par_1_111' title="bbox 1037 2685 1842 2721">
     <span class='ocr_line' id='line_1_112' title="bbox 1037 2685 1842 2721; baseline -0.001 -7"><span class='ocrx_word' id='word_1_890' title='bbox 1037 2687 1147 2721; x_wconf 88' lang='lat' dir='ltr'><strong>cedere,</strong></span> <span class='ocrx_word' id='word_1_891' title='bbox 1174 2687 1237 2721; x_wconf 91' lang='lat' dir='ltr'><strong>quia</strong></span> <span class='ocrx_word' id='word_1_892' title='bbox 1256 2691 1315 2714; x_wconf 86' lang='lat' dir='ltr'><strong>erat</strong></span> <span class='ocrx_word' id='word_1_893' title='bbox 1338 2687 1373 2714; x_wconf 88' lang='lat' dir='ltr'><strong>ab</strong></span> <span class='ocrx_word' id='word_1_894' title='bbox 1395 2687 1520 2714; x_wconf 89' lang='lat' dir='ltr'><strong>omnium</strong></span> <span class='ocrx_word' id='word_1_895' title='bbox 1536 2686 1687 2714; x_wconf 88' lang='lat' dir='ltr'><strong>ambitione</strong></span> <span class='ocrx_word' id='word_1_896' title='bbox 1702 2685 1842 2713; x_wconf 86' lang='lat' dir='ltr'><strong>alienissi-</strong></span> 
     </span>
    </p>
   </div>
   <div class='ocr_carea' id='block_1_112' title="bbox 1037 2721 1840 2758">
    <p class='ocr_par' dir='ltr' id='par_1_112' title="bbox 1037 2721 1840 2758">
     <span class='ocr_line' id='line_1_113' title="bbox 1037 2721 1840 2758; baseline -0.001 -9"><span class='ocrx_word' id='word_1_897' title='bbox 1037 2731 1113 2755; x_wconf 84' lang='lat' dir='ltr'><strong>mus;</strong></span> <span class='ocrx_word' id='word_1_898' title='bbox 1128 2722 1229 2749; x_wconf 89' lang='lat' dir='ltr'><strong>idcirco</strong></span> <span class='ocrx_word' id='word_1_899' title='bbox 1245 2730 1333 2750; x_wconf 73' lang='lat' dir='ltr'><strong>caecus</strong></span> <span class='ocrx_word' id='word_1_900' title='bbox 1351 2723 1543 2758; x_wconf 85' lang='lat' dir='ltr'><strong>interrogatus,</strong></span> <span class='ocrx_word' id='word_1_901' title='bbox 1558 2722 1676 2756; x_wconf 86' lang='lat' dir='ltr'><strong>Quinam</strong></span> <span class='ocrx_word' id='word_1_902' title='bbox 1692 2721 1745 2758; x_wconf 14' lang='lat' dir='ltr'><strong>ille?</strong></span> <span class='ocrx_word' id='word_1_903' title='bbox 1754 2726 1840 2758; x_wconf 77' lang='lat' dir='ltr'><strong>esset,</strong></span> 
     </span>
    </p>
   </div>
   <div class='ocr_carea' id='block_1_113' title="bbox 1037 2757 1839 2791">
    <p class='ocr_par' dir='ltr' id='par_1_113' title="bbox 1037 2757 1839 2791">
     <span class='ocr_line' id='line_1_114' title="bbox 1037 2757 1839 2791; baseline -0.001 -6"><span class='ocrx_word' id='word_1_904' title='bbox 1037 2760 1085 2791; x_wconf 89' lang='lat' dir='ltr'><strong>ait,</strong></span> <span class='ocrx_word' id='word_1_905' title='bbox 1111 2759 1224 2786; x_wconf 76' lang='lat' dir='ltr'><strong>Nescio:</strong></span> <span class='ocrx_word' id='word_1_906' title='bbox 1248 2758 1330 2785; x_wconf 91' lang='lat' dir='ltr'><strong>etiam</strong></span> <span class='ocrx_word' id='word_1_907' title='bbox 1352 2758 1379 2786; x_wconf 92' lang='lat' dir='ltr'><strong>in</strong></span> <span class='ocrx_word' id='word_1_908' title='bbox 1401 2757 1467 2786; x_wconf 34' lang='lat' dir='ltr'><strong>hoc’</strong></span> <span class='ocrx_word' id='word_1_909' title='bbox 1477 2766 1572 2786; x_wconf 88' lang='lat' dir='ltr'><strong>verum</strong></span> <span class='ocrx_word' id='word_1_910' title='bbox 1597 2757 1712 2786; x_wconf 89' lang='lat' dir='ltr'><strong>omnino</strong></span> <span class='ocrx_word' id='word_1_911' title='bbox 1731 2757 1839 2786; x_wconf 86' lang='lat' dir='ltr'><strong>dicens.</strong></span> 
     </span>
    </p>
   </div>
   <div class='ocr_carea' id='block_1_114' title="bbox 1038 2794 1362 2829">
    <p class='ocr_par' dir='ltr' id='par_1_114' title="bbox 1038 2794 1362 2829">
     <span class='ocr_line' id='line_1_115' title="bbox 1038 2794 1362 2829; baseline 0 -7"><span class='ocrx_word' id='word_1_912' title='bbox 1038 2795 1106 2823; x_wconf 65' lang='lat' dir='ltr'><strong>Haec</strong></span> <span class='ocrx_word' id='word_1_913' title='bbox 1120 2794 1265 2829; x_wconf 86' lang='lat' dir='ltr'><strong>dissensio,</strong></span> <span class='ocrx_word' id='word_1_914' title='bbox 1281 2805 1294 2820; x_wconf 76' lang='grc' dir='ltr'><strong>η</strong></span> <span class='ocrx_word' id='word_1_915' title='bbox 1311 2798 1362 2822; x_wconf 84' lang='lat' dir='ltr'><strong>etc.</strong></span> 
     </span>
    </p>
   </div>
  </div>
