1910 3077
83 157 123 184 53

493 158 688 186 ENARRATIO
708 158 740 185 lN
760 158 973 186 EVANGEUUM
990 158 1140 186 JOANNIS.
1157 173 1194 180 —
1212 159 1286 187 CAP.
1308 160 1348 187 lX.
1712 164 1746 191 54

83 219 170 259 ϐάτῳ
186 218 289 261 τᾲνζῶα
305 219 369 260 πρὸς
382 220 510 258 ποτισμὸν
521 243 529 258 ,
545 220 650 250 ἐδόκουν
667 220 794 250 εὐσεϐεῖν.
827 222 892 251 Φω-

951 228 1017 249 esse.
1032 223 1139 250 Vocant
1150 222 1233 258 igitur
1253 222 1313 250 duri
1325 226 1353 250 et
1366 221 1596 259 impersuasibiles
1618 230 1744 261 parentes

82 266 183 294 vo'ﬁctv
199 259 244 294 οὖν
266 265 290 294 οἷ
317 265 428 305 σκληροὶ
452 265 497 294 καὶ
525 266 639 299 ἀπειθεῖς
661 265 720 300 τοὺς
747 267 830 304 γονεῖς
845 267 894 295 αὖ-

83 311 159 345 τοῧ,
181 310 217 342 εἰς
241 309 355 348 ἀγωνίαν
381 309 475 343 αὐτοὺς
497 310 623 348 ἐμϐαλεῖν
651 311 826 350 βουλόμενοι,
849 312 893 341 καὶ

84 353 133 383 διὰ
160 353 261 390 ταύτης
287 355 322 388 εἰς
345 354 454 394 ἄρνησιν
471 357 518 391 ἧς
543 354 688 394 πηρώσεως
713 358 759 386 τοῦ
782 356 888 390 παιδός·

83 398 174 429 Ἐπεὶ
209 398 261 438 γὰρ
300 400 394 428 ἐκεῖνοι
421 400 468 429 οὔκ
495 400 663 436 ἠδυνήθησαν
695 400 726 430 τὸ
759 403 892 440 εὖγνῶμον

83 442 183 482 στόμα
208 443 358 484 ἐμφράξαι,
378 443 437 477 τοὺς
455 446 538 483 γονεῖς
565 445 774 482 ἐκδεδίττονται,
798 446 893 486 τιτρώ-

81 500 166 517 σκειν
193 488 262 518 οὕτω
287 489 317 518 τὸ
345 491 435 528 θαῦμα
460 490 668 528 προσδοκῶντες.
698 489 821 521 Ἱστῶσιν
847 486 892 520 οὖν

82 532 189 566 αὐτοὺς
215 534 241 562 ἐν
267 535 305 574 τῷ
335 533 424 574 μέσῳ,
446 534 490 563 καὶ
516 534 584 573 μετὰ
607 536 706 564 πολλοῦ
731 538 814 574 θυμοῦ
843 535 892 572 τὴν

81 577 223 618 ἐρώτησιν
237 581 392 620 ποιοῦνται,
414 579 514 620 μᾶλλον
529 579 555 608 δὲ
572 579 641 618 μετὰ
656 581 756 615 πολλῆς
772 591 889 620 κακουρ-

81 623 160 661 γίας.
177 624 219 652 Οὐ
246 623 297 662 γὰρ
324 618 412 660 εἷπον,
435 619 522 657 Οὗτός
549 625 620 653 ἔστιν
651 626 665 654 ὁ
693 624 749 658 υίὸς
777 618 891 664 ὑμῶν-ὁ

82 667 157 697 ποτὲ
175 668 290 708 τυφλὸς,
317 668 388 704 ἀλλ’,
419 682 431 694 σι
446 668 498 698 ιῸν
524 669 599 707 ὗμεῖς
628 669 744 707 ἐλέγετεο
762 683 774 695 ι
797 682 890 708 μονον-

81 712 152 752 ουχὶ
183 715 260 742 τοῦτο
283 713 413 752 λέγοντες.
444 712 497 743 Ὃν
516 715 591 752 ὑμεῖς
617 714 758 750 ἐποιήσατε
772 715 888 754 τυφλὸν,

82 757 136 787 καὶ
161 760 299 797 πανταχοῦ
328 757 508 798 διεφημήσατε
532 759 575 788 τὸν
603 758 698 797 λόγον,
722 760 890 798 πλασάμενοι

79 801 196 836 πάντως
213 803 260 831 καὶ
277 803 517 842 καταψευσάμενοι.
541 802 622 839 Ἀλλ’,
641 798 663 832 ὦ
687 805 776 844 μιαροὶ
798 805 888 845 Φαρι-

79 851 176 885 σαῖοι,
199 847 238 880 τίς
257 846 288 876 ἂν
307 847 398 887 πατὴρ
423 847 567 888 ἀνάσχοιτο
580 851 688 878 τοιαῦτα
711 849 884 890 καταψεύσα-

79 894 150 920 σθαι
173 892 267 926 παιδὸς
283 892 397 928 οἷκείου;
424 892 491 922 Δυσὶ
511 893 538 922 δὲ
553 892 653 927 τούτοις
677 897 883 934 στενοχωροῧσιν

79 936 198 975 αὖτοὺς,
222 938 268 966 καὶ
293 936 426 976 βιάζονται
454 936 620 978 ἀρνήσασθαι
636 938 680 968 τὸν
700 938 775 975 υἱὸν,
800 941 837 979 τῷ
857 951 885 969 τε

80 981 185 1018 εἰπεῖν,
203 995 214 1007 ι
226 981 279 1011 ’³ον
304 983 379 1018 ὑμεῖς
401 982 518 1020 ἐλέγετε,
546 996 558 1008 ιι
584 982 629 1012 καὶ
646 984 702 1023 τῷ,
727 997 740 1010 ε
758 985 823 1016 Πῶς
838 979 883 1013 οὖν

81 1025 149 1066 ἄρτι
171 1026 278 1066 βλέπεις
296 1039 308 1052 ι»
323 1024 425 1067 Ὁρᾷς,
450 1026 490 1056 ὅτι
511 1029 546 1060 ὡς
567 1028 735 1101 Ψευδομένων
751 1029 837 1057 αὐτῶν
855 1028 884 1058 τὸ

81 1070 213 1101 πρότερον
224 1093 233 1101 .
248 1071 317 1101 omni
334 1071 381 1101 δὴ.
403 1071 433 1100 τὸ
447 1071 545 1101 τυφλὸν
561 1084 571 1101 ε
584 1084 628 1100 ναι
647 1072 692 1101 τὸν
714 1074 813 1101 παῖδα.
833 1085 883 1101 στι-

79 1070 213 1111 πρότερον
224 1093 233 1107 ,
248 1071 317 1109 φημὶ
334 1071 381 1108 δὴ,
403 1071 433 1100 τὸ
447 1071 545 1112 τυφλὸν
561 1070 628 1101 εἶναι
647 1072 692 1102 τὸν
714 1074 813 1108 παῖδα,
833 1085 883 1109 0n-

947 265 1015 302 ejus,
1040 267 1161 294 volentes
1175 267 1236 294 illos
1250 267 1391 302 perplexos
1407 267 1528 301 reddere,
1544 273 1572 297 et
1585 270 1623 298 ita
1642 279 1745 307 negare

947 311 1098 339 caecitatem
1113 311 1172 339 ﬁlii.
1187 313 1259 340 Nam
1272 312 1336 348 quia
1348 312 1420 340 illius
1433 317 1543 348 gratum
1557 321 1589 341 os
1600 314 1742 345 obstruere

948 363 1003 384 non
1034 361 1172 392 poterant,
1202 361 1326 392 parentes
1356 357 1415 393 ejus
1441 357 1585 394 ambiguos
1612 359 1741 395 reddunt,

949 408 1019 437 quos
1033 405 1157 429 statuunt
1172 402 1200 428 in
1213 401 1315 433 medio,
1331 406 1359 430 et
1373 409 1436 430 cum
1452 403 1541 430 multo
1556 402 1650 431 furore
1665 405 1745 433 inter-

946 450 1053 482 rogant.
1067 446 1123 474 imo
1140 454 1204 474 cum
1215 446 1301 474 multa
1312 447 1426 475 malitia.
1439 448 1501 475 Non
1515 447 1589 476 enim
1600 448 1742 484 dixerunt,

946 490 998 519 Hic
1023 495 1065 518 est
1093 491 1167 519 ﬁlius
1196 495 1296 525 vester,
1324 491 1370 528 qui
1405 491 1510 520 dudum
1546 500 1646 528 caecus,
1681 494 1741 527 sed,

948 546 960 559 ι
981 536 1069 571 Quem
1096 544 1144 564 vos
1163 535 1263 570 dicitis,
1292 547 1305 561 ιο
1329 537 1406 573 quasi
1430 536 1562 572 dicentes,
1587 545 1669 573 quem
1692 547 1741 567 vos

945 588 1050 608 caecum
1065 580 1176 613 fecistis,
1191 581 1291 617 ubique
1305 589 1461 609 sermonem
1472 582 1549 610 illum
1561 583 1740 618 seminantes,

944 625 1079 661 ﬁngentes
1092 630 1118 653 et
1133 626 1305 654 mentientes.
1321 627 1435 659 Verum,
1448 634 1464 654 ο
1479 626 1582 655 scelesti
1597 628 1740 661 Pharismi,

945 670 1007 706 quis
1031 674 1106 706 pater
1134 671 1199 698 talia
1221 674 1317 698 contra
1344 671 1432 698 ﬁlium
1452 679 1533 699 suum
1558 673 1740 700 mentiretur?

945 715 1061 743 Duobus
1073 719 1164 743 autem
1179 715 1238 743 illos
1253 716 1375 752 angustis
1391 716 1460 744 locis
1473 721 1582 753 urgent,
1597 721 1625 745 et
1638 722 1740 753 cogunt

943 767 1042 795 negare
1064 760 1162 794 ﬁlium,
1177 760 1304 794 dicendo,
1319 772 1332 785 α
1347 762 1436 796 Quem
1454 769 1501 789 vos
1516 761 1656 796 dicebatis,
1673 772 1687 788 ››
1701 767 1739 797 et,

944 815 957 828 ι
978 805 1125 841 Quomodo
1140 805 1222 840 igitur
1235 813 1309 832 nunc
1323 805 1414 833 videt?
1430 817 1442 830 ιι
1465 805 1548 834 Vides
1567 807 1643 834 enim
1664 806 1739 843 quod

941 849 1049 885 signum
1072 849 1135 883 hoc,
1157 849 1232 885 quod
1247 854 1339 885 postea
1358 850 1401 878 ille
1424 850 1535 883 viderit,
1560 851 1594 878 ita
1616 856 1737 885 narrant.

902 882 926 914 Β
941 894 1018 930 quasi
1040 894 1116 929 prius
1139 901 1203 922 eum
1225 902 1328 922 ciccum
1349 894 1430 922 fuisse
1451 895 1558 923 mentiti
1578 896 1617 923 illi
1637 900 1737 924 essent.

939 940 1009 966 Nam
1026 938 1198 966 mendacium
1213 943 1264 973 est,
1277 939 1365 973 aiunt,
1381 939 1423 967 vel
1435 940 1500 967 illud
1516 940 1588 976 quod
1600 941 1656 976 ipse
1666 949 1738 969 nunc

938 983 1020 1016 videt,
1036 983 1078 1011 vel
1094 983 1158 1010 illud
1173 983 1247 1018 quod
1260 991 1351 1012 cacus
1371 988 1440 1012 esset
1455 993 1461 1012 :
1478 984 1525 1012 sed
1541 984 1607 1012 illud
1626 985 1736 1019 veritas,

938 1027 1011 1055 videt
1024 1028 1110 1064 638
1123 1028 1196 1056 enim
1211 1037 1218 1056 :
1231 1029 1405 1056 mendacium
1419 1029 1503 1064 igitur
1515 1029 1591 1065 quod
1603 1037 1650 1058 vos
1665 1038 1737 1066 pra:-

937 1073 1059 1107 dicastis,
1075 1080 1179 1100 caecum
1195 1073 1272 1101 illum
1287 1072 1371 1101 fuisse
1384 1073 1467 1109 prius.

81 1121 161 1153 μεῖον
185 1117 346 1156 προφέρουσι
370 1118 463 1159 τοῧμτο,
489 1116 518 1146 τὸ
544 1117 651 1157 ὕστερον
671 1117 750 1147 αὐτὸν
770 1117 888 1157 βλέπειν.
911 1117 948 1147 Ἦ
977 1117 1029 1157 γὰρ
1043 1117 1135 1155 τοῦτὸ,
1159 1117 1241 1157 φασὶ,
1257 1117 1367 1159 ψευδὲς,
1388 1119 1419 1148 τὸ
1444 1118 1550 1158 βλέπειν
1571 1118 1650 1149 αὐτὸν
1673 1121 1732 1157 νῦν,

80 1159 101 1196 ἢ
119 1155 222 1203 ἐκεῖνον,
238 1162 269 1190 τὸ
288 1160 384 1201 τυφλὸν
399 1155 480 1192 εἶναι.
510 1161 592 1192 Ἀλλὰ
610 1155 669 1201 μὴν
687 1155 774 1192 τοῦτο’
789 1161 899 1199 ἀληθὲς,
928 1155 1020 1202 βλέπει
1042 1162 1103 1203 γάρ’
1118 1155 1211 1203 ψεῦδος
1233 1155 1286 1203 ἄρα
1314 1162 1329 1192 ὃ
1354 1155 1429 1202 ὗμεῗς
1444 1155 1612 1203 ⁷ἐκηρύξατε,
1637 1163 1667 1194 τὸ
1688 1155 1733 1194 1o-

81 1205 152 1246 φλὸν
167 1200 234 1234 εἶναι
248 1205 278 1235 τὸ
297 1205 435 1245 πρότερον.

129 1262 146 1278 α
161 1250 353 1290 Ἀπεκρίθησαν
377 1252 465 1284 αὐτοῖς
480 1251 504 1280 οἱ
518 1255 602 1289 γονεῖς
620 1252 717 1289 αὐτοῦ,
738 1250 784 1280 καὶ
797 1247 881 1281 εἶπονο

80 1295 208 1334 Οἴδαμεν
223 1294 262 1324 δτι
277 1291 351 1328 οὗτός
378 1295 449 1324 ἐστιν
476 1297 489 1325 ὁ
513 1295 566 1329 υἱὸς
581 1297 673 1334 ἡμῶν,
699 1295 745 1325 καὶ
768 1295 808 1325 ὅτι
832 1308 880 1325 τυ-

81 1339 151 1380 φλὸς
170 1339 306 1379 ἓγεννήθη·
326 1341 382 1372 πῶς
406 1340 432 1368 δὲ
452 1343 497 1369 νῦν
516 1340 627 1379 βλέπει,
652 1341 699 1370 οὐκ
724 1340 879 1380 οἴδαμεν-ἢ

79 1384 123 1417 τίς
148 1384 247 1420 ἤνοιξεν
274 1385 354 1414 αὐτοῦ
369 1383 427 1418 τοὺς
451 1384 622 1425 ὀφθαλμοὺς,
646 1387 723 1424 ἡμεῖς
739 1386 787 1415 οὖκ
806 1386 880 1415 οἴδα-

81 1441 143 1468 μεν·
169 1430 246 1463 αὐτὸς
279 1429 382 1464 ἡλικίαν
413 1428 478 1468 ἔχει,
501 1429 577 1459 αὐτὸν
604 1430 774 1469 ἐρωτήσατε,
803 1430 880 1464 αὐτὸς

81 1474 145 1514 περὶ
161 1476 255 1504 ἑαυτοῦ
271 1474 393 1510 λαλήσει.
424 1475 518 1504 Ταῦτα
538 1469 611 1504 εἷπον
635 1475 657 1504 οἱ
673 1477 757 1514 γονεῖς
777 1476 879 1513 αὐτοῦ,

81 1518 124 1548 ὅτι
145 1519 288 1557 ἐφοϐοῦντο
312 1518 371 1552 τοὺς
389 1518 541 1552 Ἰουδαίους.
566 1518 640 1555 Ἤδη
666 1519 716 1559 γὰρ
743 1520 880 1550 συνέθεντο

81 1564 107 1593 οἱ
133 1564 266 1601 Ἰουδαῖοι,
290 1563 333 1593 ἵνα
349 1563 395 1593 ἐάν
418 1576 457 1597 τις
472 1564 549 1593 αὐτὸν
574 1565 727 1604 ὁμολογήσῃ
745 1565 878 1605 Χριστὸν,

83 1609 288 1647 ἀποσυνάγωγος
311 1608 431 1647 γένηται.
457 1607 509 1638 Διὰ
535 1611 614 1638 τοῦτο
643 1610 667 1638 οἳ
691 1613 774 1648 γονεῖς
798 1611 878 1640 αὐτοῦ

83 1649 174 1689 εἷπον,
198 1653 238 1683 ὅτι
254 1653 378 1684 Ἡλικίαν
407 1653 478 1694 ἔχει,
499 1654 576 1683 αὐτὸν
595 1654 756 1694 ἐρωτήσατε.
777 1656 881 1695 »Τρεῖς

81 1698 222 1738 ἐρωτήσεις
235 1699 259 1728 οἱ
275 1699 421 1738 Φαρισαῖοι
437 1698 624 1738 προσήνεγκαν
639 1703 692 1732 τοῖς
708 1701 812 1738 γονεῦσι
832 1703 880 1729 τοῦ

83 1744 197 1783 τυφλοῦ,
222 1744 245 1772 εἰ
259 1744 313 1778 υίὸς
330 1745 416 1772 αὐτῶν
433 1739 464 1780 ἧν
476 1766 484 1779 ,
509 1744 532 1772 εἰ
554 1743 650 1784 τυφλὸς
671 1744 811 1783 ἐγεννήθη,
834 1745 879 1774 καὶ

83 1789 139 1821 πῶς
163 1788 316 1828 ἀνέϐλεψεν.
341 1789 376 1818 Οἱ
392 1787 437 1824 δὲ,
460 1788 506 1821 τὰς
525 1789 572 1826 μὲν
589 1788 650 1824 δύο,
666 1787 705 1817 ὅτι
721 1800 749 1818 τε
764 1789 818 1822 υἷος
835 1790 880 1819 αὖ-

83 1835 136 1862 τῶν
161 1833 235 1869 ἔστι,
256 1833 300 1862 καὶ
328 1833 368 1862 ὅτι
391 1833 487 1874 τυφλὸς
509 1829 560 1869 ἦν,
587 1835 754 1873 ὁμολογοῦσι·
781 1834 827 1863 τὸν
851 1835 878 1864 δὲ

83 1876 179 1918 τρόπον
207 1879 254 1914 τῆς
280 1877 420 1918 θεραπείας
441 1879 613 1916 ἀγνοοῦντες,
638 1879 668 1907 οὖ
692 1879 877 1917 προστιθέασι.

86 1921 139 1952 Καὶ
152 1924 229 1951 τοῦτο
251 1922 277 1952 δὲ
303 1923 408 1956 πάντως
433 1922 499 1963 ὑπὲρ
526 1925 571 1952 τοῦ
592 1923 641 1958 τὴν
658 1923 784 1959 ἀλήθειαν
811 1925 878 1961 ὁμο-

83 1968 227 2006 λογηθῆναι
254 1967 441 2008 βεϐαιότερον,
466 1967 586 2006 γίνεται,
623 1967 692 1997 ὥστε
724 1968 803 1998 αὐτὸν
833 1968 877 1998 τὸν

84 2013 130 2048 τῆς
144 2011 292 2052 εὐεργεσίας
315 2012 522 2049 ἀπολαύσαντα,
544 2013 588 2041 τὸν
604 2012 649 2042 καὶ
665 2012 878 2054 ἀξιοπιστότερον

85 2056 162 2094 ὄντα,
180 2059 349 2098 μαρτυρῆσαι
375 2061 470 2087 ταῦτα’
500 2057 568 2086 καθὰ
585 2057 630 2087 καὶ
648 2059 671 2087 οἳ
693 2062 775 2096 γονεῖς
799 2059 877 2087 αὐτοῦ

84 2111 173 2142 φασιν·
202 2115 215 2129 ι
242 2102 326 2135 Αὐτὸς
356 2102 463 2137 ἡλικίαν
500 2104 566 2141 ἔχει.
591 2116 602 2127 ι)
635 2102 679 2137 Μὴ
706 2102 758 2142 γὰρ
785 2102 878 2138 νήπιός

85 2147 169 2183 ἔστιν,
236 2146 345 2184 ἀτελὴς,
363 2146 431 2175 ὥστε
446 2147 483 2184 μὴ
505 2146 620 2176 συνιέναι
642 2148 698 2180 πῶς
717 2147 877 2186 τεθεράπευ-

83 2203 143 2227 ται;
159 2190 298 2221 ιΤοιαῦτα
309 2190 336 2220 δὲ
351 2187 424 2220 εἶπον
440 2194 464 2222 οἱ
474 2196 558 2230 γονεῖς
574 2192 654 2221 αὐτοῦ
665 2214 674 2228 ,
691 2205 702 2217 ιι
718 2192 877 2232 φοϐούμενοι

85 2237 130 2264 τοῦ
150 2236 326 2276 Φαρισαίους·
353 2235 435 2269 οὕτως
460 2235 500 2265 ἔτι
525 2232 593 2272 ἦσαν
621 2236 721 2270 ἀτελεῖς
744 2236 790 2265 καὶ
816 2238 877 2275 ἆγε-

85 2280 197 2321 νέστεροι
212 2283 259 2310 τοῦ
282 2280 387 2314 παιδός.

85 2326 199 2361 πληκτος
220 2324 328 2354 ἵσταται
355 2327 401 2361 τῆς
425 2324 560 2362 ἀληθείας·
578 2325 660 2359 οὕτως
682 2325 816 2366 ἐφωτίσθη
832 2327 878 2356 καὶ

86 2369 142 2403 τοὺς
156 2369 258 2410 νοεροὺς
280 2369 437 2410 ὀφθαλμούς.

128 2425 140 2443 α
157 2414 315 2454 Ἐφώνησαν
331 2410 375 2455 οὖν
401 2417 430 2444 ἐκ
451 2415 572 2455 δευτέρου
593 2414 638 2444 τὸν
661 2414 797 2455 ἄνθρωπον
812 2439 820 2454 ,
850 2415 878 2450 ὃς

88 2454 104 2470 τ
197 2453 214 2469 Vt
357 2453 374 2470 Υ
466 2460 475 2471 s
499 2453 532 2468 κ’
577 2459 584 2470 \
655 2459 674 2469 νν
711 2453 716 2455 ”
752 2463 769 2469 συ
849 2462 866 2469 κ

86 2471 117 2494 ην
140 2461 251 2500 τυφλος,
278 2459 325 2489 καὶ
349 2471 422 2489 ειπον
447 2471 527 2500 αυτῳ·
553 2461 605 2493 Δος
633 2460 709 2494 δοξαν
733 2472 771 2501 τῳ
803 2462 877 2500 Θεῳ·

87 2503 181 2542 Ἦμεῐς
215 2504 323 2543 οἴδαμεν
347 2505 387 2534 ὅτι
410 2507 424 2534 ὁ
450 2505 585 2545 ἄνθρωπος
614 2501 688 2538 οὗτος
718 2505 877 2544 ἁμαρτωλός

88 2549 164 2580 ἔστιν.
189 2549 327 2591 Ἀπεκρίθη
351 2544 395 2591 οὖν
419 2544 530 2591 ἐκεῖνος,
553 2549 598 2578 καὶ
610 2544 695 2579 εἶπεν.
723 2551 755 2580 Εἰ
783 2550 877 2590 ἁμαρ-

87 2593 164 2627 τωλός
186 2595 256 2636 ἐστιν
299 2596 347 2624 οὐκ
369 2589 437 2623 οἶδα·
456 2594 484 2623 ἓν
500 2589 572 2630 οἶδα,
587 2594 627 2624 ὅτι
642 2594 737 2636 τυφλὸς
752 2593 803 2631 ὢν,
818 2589 877 2635 ἄρτι

89 2638 183 2677 βλέπω.
208 2633 293 2668 Εἶπον
316 2639 343 2669 δὲ
367 2640 440 2679 αὖτῷ
460 2639 548 2668 πάλιν·
567 2639 604 2670 Τί
616 2633 724 2675 ἐποίησέ
738 2652 797 2676 σοι;
821 2633 877 2674 πῶς

86 2682 166 2726 ἤνοιξέ
207 2694 254 2713 σου
281 2683 340 2718 τοὺς
377 2684 545 2724 ὀφθαλμούςς
599 2685 741 2726 Ἀπεκρίθη
779 2687 875 2718 αὐτοῖς·

88 2723 165 2758 Εἶπον
185 2729 247 2767 ὑμῖν
271 2729 322 2765 ἤδη
334 2751 343 2765 ,
357 2729 402 2758 καὶ
417 2730 464 2758 οὔκ
479 2729 629 2766 ἠκούσατε,
646 2730 672 2758 τί
691 2730 771 2759 πάλιν
789 2731 876 2760 θέλετε

88 2772 200 2809 timum;
223 2773 271 2809 Μὴ
292 2774 338 2803 καὶ
364 2776 438 2812 ὑμεῖς
459 2775 576 2812 μαθηταὶ
597 2775 676 2804 αὐτοῦ
703 2775 790 2805 θέλετε
805 2775 875 2815 γενέ-

89 2820 160 2856 σθαι;
184 2818 378 2859 Ἔλοιδόρησαν
391 2815 436 2848 οὖν
453 2818 546 2856 αὐτὸν,
569 2820 614 2849 καὶ
627 2815 711 2849 εἶπον·
727 2819 767 2850 Σὺ
783 2816 808 2850 εἶ
825 2833 876 2859 μα-

442 2280 558 2314 Ἐχεῖνος
577 2281 671 2321 γάρτοι
686 2281 786 2321 μάρτυς
801 2269 877 2311 ἀνέκ-
891 2269 915 2300 D
933 2281 1073 2316 perculsus
1098 2281 1176 2309 testis
1199 2289 1207 2308 :

971 1253 1062 1280 Vsus.
1079 1254 1172 1280 20-23.
1189 1263 1202 1276 ε
1218 1252 1431 1288 Responderunt
1449 1256 1541 1280 autem
1556 1253 1595 1280 eis
1610 1257 1735 1288 parentes

935 1295 1004 1331 ejus,
1019 1300 1047 1324 et
1057 1296 1186 1324 dixerunt
1202 1305 1208 1324 :
1224 1297 1334 1324 Scimus
1346 1297 1420 1332 quod
1434 1297 1478 1325 hic
1491 1301 1534 1324 est
1545 1297 1616 1325 ﬁlius
1629 1302 1734 1332 noster,

934 1345 962 1369 et
984 1349 1072 1369 caecus
1087 1345 1169 1369 natus
1187 1346 1237 1369 est.
1256 1342 1404 1378 Quomodo
1429 1346 1520 1370 autem
1543 1350 1618 1370 nunc
1633 1343 1733 1378 videat,

934 1386 1086 1419 nescimus;
1121 1390 1171 1413 aut
1196 1386 1258 1421 quis
1284 1386 1343 1422 ejus
1370 1386 1464 1414 oculos
1503 1387 1652 1422 aperuerit,
1682 1395 1734 1416 nos

933 1431 1088 1464 nescimus;
1104 1430 1160 1466 ipse
1183 1435 1293 1458 aetatem
1321 1431 1413 1465 habet,
1441 1431 1530 1466 ipsum
1553 1431 1730 1468 interrogate,

934 1475 993 1511 ipse
1015 1474 1049 1503 de
1068 1483 1097 1503 se
1117 1475 1257 1511 loquatur.
1281 1476 1347 1503 Haec
1365 1475 1492 1503 dixerunt
1516 1480 1643 1511 parentes
1661 1476 1730 1512 ejus,

933 1519 1006 1555 quod
1030 1520 1161 1547 timerent
1182 1519 1302 1548 Judaaos.
1328 1521 1389 1548 Jam
1413 1520 1487 1548 enim
1510 1521 1731 1556 conspiraverant

934 1564 1034 1598 Judaei,
1057 1569 1088 1592 ut
1110 1565 1131 1592 si
1146 1565 1208 1600 quis
1222 1573 1285 1592 eum
1300 1565 1480 1592 conﬁteretur
1500 1573 1559 1593 esse
1579 1565 1729 1599 Christum,

896 1610 919 1642 C
933 1617 949 1636 e
977 1610 1120 1645 Synagoga
1155 1610 1309 1645 ejiceretur:
1339 1610 1483 1645 Propterea
1518 1614 1645 1645 parentes
1671 1611 1731 1646 ejus

935 1653 1063 1682 dixerunt
1096 1663 1103 1682 :
1134 1655 1253 1682 ditatem
1276 1653 1367 1688 habet,
1400 1654 1489 1690 ipsum
1512 1654 1686 1690 interrogate.
1714 1667 1727 1679 ι-

933 1700 1001 1726 Tres
1023 1699 1248 1735 interrogationes
1269 1699 1425 1727 obtulerant
1458 1699 1587 1727 Pharisaei
1612 1700 1730 1735 parenti-

934 1743 984 1771 bus
997 1743 1072 1778 czeci;
1101 1752 1166 1771 num
1178 1744 1248 1772 ﬁlius
1260 1752 1357 1772 eorum
1368 1748 1449 1779 esset,
1463 1752 1530 1772 num
1549 1752 1639 1772 cacus
1648 1750 1729 1773 natus

933 1793 1013 1820 esset,
1029 1793 1055 1816 et
1078 1789 1218 1824 quomodo
1239 1789 1325 1817 visum
1347 1789 1502 1824 recepisset.
1518 1790 1552 1816 Et
1566 1789 1602 1816 illi
1617 1789 1727 1825 quidem

932 1832 987 1860 duo
1010 1832 1140 1867 fatentur,
1167 1833 1243 1869 quod
1269 1834 1341 1861 ﬁlius
1362 1841 1470 1867 eorum,
1495 1837 1523 1861 et
1545 1833 1620 1869 quod
1641 1842 1729 1862 caecus

932 1876 1029 1911 fuerit;
1045 1877 1160 1905 modum
1175 1882 1268 1905 autem
1290 1877 1440 1905 sanationis
1455 1878 1582 1913 ignorant
1606 1886 1613 1904 :
1628 1883 1655 1905 et
1675 1878 1727 1906 hoc

932 1921 1047 1949 omnino
1071 1921 1246 1957 contingebat
1264 1926 1295 1950 ut
1317 1921 1455 1949 confessio
1479 1921 1599 1949 veritatis
1622 1922 1728 1950 ﬁrmior

933 1966 1018 2001 ﬁeret,
1038 1970 1065 1995 et
1084 1967 1122 1994 ita
1135 1967 1192 2002 ipse
1214 1967 1261 2003 qui
1285 1966 1446 1994 benelicium
1468 1966 1563 1999 sensit,
1579 1970 1607 1993 et
1621 1966 1674 1994 ﬁde
1687 1967 1728 1994 ἀί-

932 2011 1011 2048 gnior
1031 2015 1099 2045 erat,
1124 2015 1270 2039 testaretur
1296 2011 1350 2045 illa,
1375 2011 1445 2039 sicut
1466 2015 1495 2039 et
1521 2015 1644 2046 parentes
1669 2011 1727 2047 ejus

932 2055 1038 2089 dicunt,
1054 2067 1066 2080 σι
1087 2057 1147 2092 ipse
1162 2060 1274 2084 aetatem
1288 2055 1378 2084 habet.
1397 2068 1409 2080 ι-
1427 2056 1557 2092 Nunquid
1573 2056 1660 2084 infans
1674 2061 1725 2089 est,

932 2101 972 2128 vel
995 2101 1128 2136 stupidus,
1154 2105 1185 2128 ut
1201 2109 1259 2129 non
1278 2101 1440 2129 intellexerit
1461 2101 1602 2137 quomodo
1618 2105 1728 2129 senatus

932 2146 984 2174 sit?
999 2157 1012 2170 α
1031 2147 1098 2174 Haec
1109 2150 1204 2174 autem
1219 2145 1347 2174 dixerunt
1368 2149 1495 2182 parentes
1509 2146 1577 2181 ejus,
1595 2157 1607 2170 υ
1626 2146 1725 2173 timen-

932 2194 973 2218 tes
998 2190 1150 2218 Phariszeos
1176 2200 1183 2218 :
1212 2191 1248 2218 ita
1273 2190 1363 2218 adhuc
1397 2194 1474 2218 erant
1502 2190 1672 2218 inexercitati
1701 2193 1728 2217 et

932 2235 1105 2271 ignobiliores
1136 2236 1198 2263 lilio.
1229 2236 1299 2264 Nam
1328 2235 1373 2263 ille
1401 2235 1520 2263 veritatis
1546 2235 1647 2263 mansit
1673 2235 1725 2262 im-

1230 2281 1267 2308 ita
1288 2284 1316 2308 et
1340 2280 1466 2308 illustrati
1490 2284 1568 2309 erant
1595 2279 1727 2308 mentales

933 2325 992 2361 ejus
1006 2325 1088 2354 oculi.

968 2421 1056 2447 Vens.
1082 2422 1178 2448 24-29.
1205 2431 1218 2444 α
1235 2420 1407 2447 Vocaverunt
1425 2426 1492 2455 ergo
1510 2427 1621 2447 rursum
1635 2419 1726 2447 homi-

932 2472 996 2492 nem
1010 2464 1056 2500 qui
1081 2464 1169 2492 fucrat
1183 2472 1281 2498 caecus,
1298 2468 1326 2492 et
1350 2464 1477 2492 dixerunt
1491 2464 1515 2492 ei
1532 2473 1539 2492 :
1556 2466 1598 2492 Da
1613 2464 1728 2500 gloriam

932 2511 1002 2537 Deo.
1034 2510 1089 2537 Nos
1115 2509 1216 2537 scimus
1241 2509 1315 2544 quod
1343 2509 1387 2536 hic
1410 2508 1494 2537 homo
1523 2513 1649 2544 peccator
1674 2513 1726 2536 est.

932 2553 1085 2590 Respondit
1113 2562 1177 2590 ergo
1203 2554 1258 2586 ille,
1286 2558 1313 2581 et
1333 2553 1400 2581 dixit
1427 2563 1433 2581 :
1458 2555 1503 2581 An
1531 2558 1659 2589 peccator
1681 2553 1726 2586 sit,

931 2599 1024 2627 nescio
1038 2607 1046 2626 :
1061 2607 1148 2626 unum
1163 2599 1230 2632 scio,
1244 2598 1317 2634 quod
1342 2606 1431 2626 caecus
1452 2600 1521 2626 cum’
1538 2606 1639 2630 essem,
1653 2604 1727 2624 nunc

933 2643 1048 2672 videam.
1071 2643 1206 2671 Dixerunt
1227 2651 1292 2679 ergo
1305 2643 1341 2671 illi
1356 2643 1457 2671 iterum
1474 2651 1480 2669 :
1495 2642 1567 2677 Quid
1584 2641 1647 2668 fecit
1661 2640 1725 2668 tibi?

932 2688 1075 2725 quomodo
1089 2688 1195 2724 aperuit
1209 2688 1270 2715 tibit
1287 2688 1400 2716 oculos?
1418 2687 1569 2722 Respondit
1584 2686 1623 2713 eis
1639 2694 1646 2712 :
1664 2685 1726 2712 Dixi

932 2733 1008 2761 vobis
1026 2733 1096 2769 jam,
1111 2741 1163 2761 nec
1183 2733 1307 2766 audistis,
1327 2741 1378 2760 cur
1393 2732 1492 2760 iterum
1517 2731 1599 2758 vultis
1613 2729 1726 2758 audire?

933 2779 1003 2805 Num
1019 2778 1100 2806 etiam
1113 2786 1161 2806 vos
1177 2778 1258 2806 vultis
1270 2777 1394 2812 disoipuli
1415 2776 1474 2811 ejus
1490 2775 1566 2802 ﬁeri?
1577 2775 1728 2803 Couviciati

931 2827 996 2851 sunt
1010 2830 1076 2860 ergo
1091 2822 1126 2857 ei,
1139 2827 1167 2851 et
1181 2823 1308 2851 dixerunt
1332 2830 1338 2848 :
1355 2823 1396 2849 Tu
1408 2820 1555 2855 discipulus
1569 2819 1640 2848 illius
1654 2824 1725 2852 esto,
