1910 3077
225 164 258 191 43
730 160 986 188 THEOPHYLACTI
1005 160 1183 188 BULGARI/E
1201 161 1358 188 ARCHIEP.
1754 179 1758 181 -
1826 162 1851 189 Η

224 229 305 263 cavit,
326 237 415 264 neque
429 232 556 264 parentes
565 227 624 263 ejus
634 232 664 255 ut
683 235 772 255 caecus
783 232 951 262 nasceretur,
968 227 1013 255 sed

1072 224 1094 253 οἷ
1113 227 1196 261 γονεῖς
1216 223 1315 261 αὐτοῦ,
1328 222 1371 252 ἵνα
1390 221 1484 262 τυφλὸς
1501 224 1627 262 γεννηθῇ,
1645 223 1705 251 cur
1720 221 1765 251 ἵνα
1784 234 1852 263 φανε-

220 278 252 302 ut
264 273 477 302 manifestentur
506 280 588 308 opera
614 272 665 300 Dei
691 273 718 300 in
745 272 801 300 illo.
836 273 955 308 Oportet
974 280 1018 299 me

221 319 332 354 operari
363 325 445 353 opera
461 318 520 353 ejus
540 317 586 353 qui
613 317 688 345 misit
700 325 755 352 me,
779 317 867 345 donec
890 317 948 344 dies
966 321 1016 344 est.

220 363 304 391 Venit
324 370 390 396 nox,
415 362 524 398 quando
543 369 626 390 nemo
651 366 740 397 potest
754 362 872 397 operari.
890 361 1018 396 Quandiu

221 407 300 436 fuero
325 407 353 434 in
377 407 491 439 mundo,
521 406 565 434 lux
581 414 643 434 sum
667 406 775 434 mundi.
803 419 815 430 »ι
835 408 906 434 Ecce
919 407 1018 434 iterum

222 452 273 480 alia
288 451 548 485 dubitatio.Quzeret
561 452 634 479 enim
647 451 780 487 quispiam
797 451 955 487 :Quomodo
967 451 1019 479 hoc

223 497 327 524 dictum
344 500 386 524 est
402 506 408 523 :
423 496 524 532 Injuria
536 496 611 524 enim
626 495 741 523 affectus
755 500 797 524 est
807 495 891 524 homo
900 496 1019 531 privatus

221 540 338 575 lumine,
348 552 360 565 «
368 545 398 569 ut
404 540 699 576 manifestenturopera
707 541 774 568 Dei?
783 553 794 563 ιι
802 542 864 568 Non
871 544 1020 576 potuerunt

223 585 268 614 illa
291 586 368 614 aliter
386 585 577 614 manifestari?
599 585 677 620 Quali
693 585 823 621 injustitia
841 584 957 613 affectus
977 593 1016 618 es,

223 639 240 658 ο
253 631 355 659 homo?
365 632 451 665 Luce,
465 631 567 666 inquit,
581 631 701 666 privatus
715 638 787 658 sum.
807 632 842 658 Et
853 630 931 666 quale
945 630 1020 658 dam-

222 683 290 703 num
302 683 333 703 ex
345 683 377 704 eo
392 675 467 711 quod
479 674 600 703 sensibili
613 675 672 703 luce
687 675 806 711 privatus
817 675 869 703 sit?
884 676 943 703 imo
954 682 1019 703 vero

221 721 312 757 majus
325 721 432 756 accepit
445 721 615 748 beneﬁcium.
633 721 727 748 Oculis
738 721 812 748 enim
825 721 927 748 animae
937 719 1018 747 simul

222 770 250 794 et
261 765 382 802 corporis
391 765 561 794 illuminatus
573 770 624 800 est,
634 769 660 793 et
670 765 705 792 ita
719 766 828 793 caecitas
839 765 866 793 in
880 766 983 793 bonum
995 764 1020 792 ei

223 811 306 838 cessit
321 818 367 846 per
381 811 550 838 sanationem
559 811 736 846 cognoscenti
749 818 843 838 verum
855 810 972 846 justitia:
980 817 1020 837 so-

225 855 278 883 lem
292 864 298 882 :
308 863 363 883 non
376 855 459 891 igitur
467 855 598 891 iniustitia
605 855 721 883 affectus
733 859 783 889 est,
794 855 841 883 sed
853 855 1018 882 beneﬁcium

223 901 325 935 accepit
338 908 427 928 caecus
435 905 526 928 natus.
538 902 651 936 Insuper
663 904 689 928 et
699 900 751 927 hoc
766 900 836 928 scias
844 899 968 936 quisquis
980 899 1020 926 di-

225 945 285 972 vina
294 945 429 979 scrutaris,
443 945 518 981 quod
528 945 641 973 verbum
651 945 694 971 ἵνα
706 949 733 973 et
747 946 820 979 ὅπως,
833 945 885 972 hoc
900 943 1020 980 estapud

222 997 285 1023 nos,
300 993 340 1024 ut,
353 998 425 1025 saepe
435 990 462 1017 in
475 990 611 1025 Scriptura
623 994 773 1026 ponuntur,
784 998 840 1017 non
852 994 882 1017 ut
895 997 1017 1023 causam,

221 1034 268 1062 sed
284 1038 314 1061 ut
339 1038 466 1062 eventum
482 1034 645 1070 designent;
667 1035 737 1062 sicut
760 1039 787 1062 et
808 1034 882 1070 apud
902 1033 990 1061 David
1008 1042 1015 1060 :

223 1091 236 1103 «ι
251 1080 292 1107 Ut
305 1079 389 1115 633
402 1079 562 1115 justiﬁceris
576 1079 603 1106 in
618 1079 792 1107 sermonibus
807 1079 860 1107 tuis
875 1077 909 1106 δι.
925 1090 938 1103 ι
955 1080 1018 1106 Non

221 1119 294 1147 enim
312 1119 434 1154 peccavit
452 1119 539 1147 David
554 1124 584 1147 ut
595 1119 761 1155 justiﬁcetur
775 1121 848 1148 Deus
866 1119 931 1147 :sed
953 1119 1017 1154 quia

221 1172 254 1191 ex
282 1168 381 1191 eventu
415 1168 528 1199 peccato
555 1171 570 1192 a
601 1165 704 1192 Davide
727 1168 884 1200 perpetrato
907 1163 1018 1199 contigit

216 1207 361 1244 justiﬁcari
378 1210 480 1236 Deum.
495 1210 564 1236 Nam
579 1217 643 1236 cum
658 1210 734 1237 Deus
758 1209 868 1244 quidem
885 1213 962 1236 tanta
979 1208 1016 1235 illi

221 1253 357 1286 dedisset,
386 1257 487 1289 quanta
509 1253 632 1288 accipere
653 1253 754 1289 dignus
776 1261 831 1281 non
865 1257 932 1286 erat,
963 1253 1018 1288 ipse

221 1301 313 1326 autem
331 1298 493 1326 mandatum
511 1299 562 1326 Dei
576 1303 763 1334 transgressus
778 1302 859 1332 esset,
874 1302 901 1326 et
914 1297 1016 1326 caedem

220 1350 283 1370 cum
293 1342 426 1370 adulterio
440 1342 633 1377 commisisset,
649 1347 676 1370 et
688 1351 770 1379 regno
782 1342 808 1370 in
823 1346 1016 1377 contemptum

221 1387 273 1413 Dei
294 1387 397 1414 abusus
417 1391 499 1420 esset,
528 1387 593 1422 quid
607 1387 679 1414 aliud
695 1395 727 1414 ex
742 1391 839 1414 eventu
865 1385 1016 1419 accidebat,

221 1439 306 1466 quam
321 1431 436 1458 omnino
448 1435 479 1458 ut
488 1433 562 1458 Deus
585 1431 630 1466 qui
646 1430 824 1466 judicabatur
837 1436 863 1458 et
880 1431 1017 1466 discepta-

221 1475 267 1502 bat
281 1483 345 1502 cum
374 1475 472 1509 David,
488 1475 698 1510 justiﬁcaretur,
723 1480 751 1503 et
767 1475 851 1503 victor
875 1479 1018 1511 appareret

220 1519 404 1547 condemnato
419 1527 484 1555 rege
497 1519 539 1547 3’?
555 1520 628 1554 Quia
640 1527 655 1547 a
670 1527 725 1555 quo
736 1528 849 1556 regnum
865 1524 1017 1556 acceperat,

221 1563 294 1590 illius
307 1563 382 1599 leges
394 1564 490 1599 rejecit
517 1568 628 1600 propter
648 1564 722 1592 istud
742 1565 842 1600 ipsum,
872 1565 946 1601 quod
969 1573 1016 1593 rex

223 1612 291 1636 erat.
314 1609 386 1635 Nam
414 1608 436 1635 si
464 1609 584 1644 privatus
609 1609 717 1643 fuisset,
742 1617 797 1637 non
811 1610 866 1638 duo
886 1610 929 1637 illa
943 1610 1015 1638 mala

222 1651 301 1680 facile
320 1652 401 1680 simul
420 1653 594 1681 committere
616 1654 758 1689 potuisset.
775 1655 857 1682 Vides
875 1654 1016 1690 quomodo

221 1696 325 1731 hic,Ut
336 1697 505 1732 justiﬁceris,
519 1706 575 1726 non
587 1706 710 1733 causam,
726 1699 774 1726 sed
788 1704 917 1727 eventum
928 1699 1014 1732 dicat;

224 1745 251 1769 et
273 1742 417 1770 innumera
431 1742 496 1770 talia
512 1743 596 1770 etiam
616 1743 689 1779 apud
702 1744 868 1779 Apostolum
883 1744 1015 1777 invenies,

221 1790 253 1814 ut
277 1787 354 1823 quod
366 1791 407 1815 est
428 1787 456 1815 in
483 1788 604 1824 Epistola
618 1789 653 1816 ad
688 1790 834 1818 Romanos
862 1798 868 1818 :
898 1801 911 1814 ‹‹
937 1789 1017 1826 Quod

221 1831 296 1859 enim
305 1836 401 1860 notum
412 1836 453 1860 est
468 1833 530 1866 Dei,
544 1832 722 1862 manifestum
743 1838 784 1862 est
796 1834 823 1862 in
841 1834 969 1870 gentibus
980 1834 1016 1862 ad

219 1875 284 1910 hoc,
306 1881 338 1904 ut
351 1876 407 1904 sint
427 1877 623 1906 inexcusabiles
638 1878 662 1897 ³³
680 1889 686 1907 :
706 1890 717 1903 π
738 1880 862 1915 quamvis
882 1888 938 1908 non
954 1879 1016 1908 ideo

217 1922 294 1950 Deus
317 1922 446 1958 gentibus
467 1923 573 1951 dederit
594 1924 747 1958 scientiam,
770 1929 801 1952 ut
818 1925 1016 1953 inexcusabiles

217 1971 338 2002 peccent.
352 1969 423 1995 Nam
438 1968 495 2003 ipse
522 1969 634 2003 quidem
660 1969 738 1997 dedit
758 1973 789 1996 ut
806 1978 864 1997 non
877 1974 991 2005 peccent
1007 1979 1015 1997 :

217 2011 316 2039 deinde
330 2012 392 2047 quia
419 2017 613 2047 peccaverunt,
629 2021 660 2040 ex
673 2017 773 2041 eventu
795 2014 914 2049 cognitio
936 2014 1017 2042 cessit

219 2055 258 2083 eis
297 2055 325 2082 in
360 2055 424 2089 hoc,
458 2060 488 2083 ut
520 2057 574 2084 sint
598 2057 808 2086 inexcusabiles.
833 2059 869 2085 Et
904 2058 1014 2093 iterum,

222 2111 235 2123 «ι
255 2100 314 2126 Lex
341 2099 504 2140 subintravit
522 2104 551 2128 ut
566 2100 719 2129 abundaret
739 2101 935 2131 condemnatio
948 2102 985 2131 3‘.
1001 2114 1013 2128 η

219 2143 303 2179 Atqui
324 2151 381 2172 non
397 2149 507 2180 propter
533 2145 586 2173 hoc
607 2146 669 2174 data
682 2151 722 2175 est
741 2147 792 2181 lex,
810 2147 858 2176 sed
879 2152 909 2176 ut
925 2148 1016 2184 magis

218 2188 448 2224 comprimeretur
459 2194 609 2224 peccatum.
620 2191 689 2227 Quia
697 2196 791 2220 autem
803 2200 860 2220 non
870 2193 1016 2221 voluerunt

217 2233 285 2261 illud
296 2234 446 2269 reprimere
453 2234 479 2261 hi
489 2235 536 2271 qui
549 2235 637 2271 legem
646 2241 831 2272 susceperant,
844 2237 914 2266 facta
927 2241 969 2265 est
976 2238 1015 2266 eis

218 2277 262 2306 lex
283 2278 312 2305 in
322 2278 518 2307 abundantiam
539 2282 642 2316 peccati
655 2290 662 2309 :
676 2282 793 2318 amplius
805 2282 877 2310 enim
891 2287 919 2311 et
928 2283 1016 2318 magis

218 2322 387 2358 imputatum
393 2328 434 2352 est
443 2325 481 2352 eis
490 2329 645 2360 peccatum,
661 2326 736 2362 quod
748 2331 775 2354 et
785 2326 871 2363 legem
884 2327 1015 2356 habentes

219 2369 398 2403 peccaverint.
405 2369 537 2406 Sicigitur
543 2374 570 2398 et
576 2370 704 2406 hocloco,
713 2383 726 2396 «ι
733 2372 1014 2408 Utappareantopera

218 2412 268 2440 Dei
278 2412 368 2447 inillo,
381 2425 393 2438 ν
401 2422 456 2442 non
465 2422 555 2448 causa,
563 2415 610 2443 sed
619 2420 731 2444 eventus
738 2416 904 2453 designatur.
916 2419 956 2445 Ex
962 2417 1015 2445 hoc

217 2457 290 2485 enim
299 2458 372 2494 quod
381 2464 492 2488 sanatus
499 2464 642 2494 estcaecus,
652 2461 742 2489 evenit
755 2461 899 2497 gloriﬁcari
912 2464 1012 2491 Deum.

238 2509 283 2530 am
290 2502 359 2531 sicut
366 2511 438 2540 saepe
444 2504 611 2533 architectus
616 2505 731 2534 domum
739 2507 952 2543 partimquidem
960 2508 1012 2536 ela-

216 2546 308 2583 borat,
323 2550 425 2583 partim
437 2549 627 2585 imperfectam
636 2551 766 2587 relinquit
781 2561 786 2579 :
800 2555 831 2580 ut
840 2552 861 2579 si
870 2553 931 2588 quis
944 2552 1013 2581 forte

216 2591 301 2621 einon
312 2594 546 2630 credatquodipse
554 2595 590 2622 sit
598 2595 643 2623 ille
649 2596 692 2631 qui
702 2601 809 2632 partem
823 2597 898 2624 illam
908 2601 1012 2625 exstru-

214 2638 297 2673 xerit,
314 2639 554 2674 possitcondendo
571 2644 598 2668 et
610 2640 774 2676 perﬁciendo
797 2641 825 2669 id
847 2642 927 2669 etiam
939 2642 1012 2678 quod

215 2687 275 2711 erat
287 2683 479 2719 imperfectum
492 2684 649 2720 ostendere,
657 2685 732 2721 quod
743 2686 798 2722 ipse
810 2687 937 2715 exstructi
952 2687 1010 2723 opi-

214 2727 262 2755 fex
279 2728 315 2756 sit
331 2737 338 2756 :
357 2728 394 2756 ita
411 2732 438 2756 et
446 2730 520 2757 Deus
530 2733 624 2758 noster
640 2731 720 2758 Jesus
736 2736 869 2760 excaecata
886 2732 1010 2760 membra

287 2816 308 2835 ἰ
326 2818 398 2846 Psal.
418 2826 446 2853 ι,
465 2823 494 2847 6.

1074 271 1144 308 ρωθῇ
1159 268 1192 296 τὰ
1205 268 1271 308 ἔργα
1285 270 1330 296 τοῦ
1341 267 1412 297 Θεοῦ
1426 268 1452 296 ἐν
1472 267 1554 306 αὐτῷ.
1571 266 1641 305 Ἐμὲ
1656 268 1695 296 δεῖ
1709 267 1851 306 ἐργάζεσθαι

1073 312 1106 342 τὰ
1134 312 1198 352 ἔργα
1227 315 1272 341 τοῦ
1294 311 1445 352 πέμψαντός
1471 324 1519 350 με,
1532 311 1580 345 ἕως
1596 311 1684 351 ἡμέρα
1701 311 1782 342 ἐστίν.
1797 311 1852 352 Ἔρ-

1073 369 1148 397 χεται
1164 357 1224 393 νὺξ,
1236 357 1280 397 ὅτε
1294 357 1378 390 οὐδεὶς
1394 356 1502 386 δύναται
1527 357 1700 396 ἐργάσασθαι.
1736 355 1820 387 Ὀταν
1831 359 1852 387 ἐν

1072 404 1110 442 τῷ
1132 402 1223 441 κόσμῳ
1249 395 1285 437 ὦ,
1304 403 1358 441 φῶς
1383 403 1439 440 εἰμι
1463 404 1507 431 τοῦ
1532 401 1645 440 κόσμου.
1675 401 1768 431 »Ἰδοὺ
1782 402 1851 432 πάλιν

1073 447 1170 487 ἄπορον
1187 447 1263 476 ἄλλο.
1279 446 1408 482 Ζητήσειε
1424 446 1475 486 γὰρ
1493 446 1523 475 ἄν
1536 458 1586 482 τις,
1613 447 1676 479 Πῶς
1703 449 1779 475 τοῦτο
1793 446 1852 486 εἴρη-

1073 503 1126 521 κεν·
1151 490 1284 527 Ἦδικήθη
1302 491 1354 530 γὰρ
1369 493 1382 520 ὁ
1395 490 1530 531 ἄνθρωπος
1544 491 1680 530 στερηθεὶς
1699 493 1746 520 τοῦ
1762 494 1851 530 φωτὸς,

1073 550 1085 563 α
1102 535 1145 565 ἵνα
1162 538 1300 576 φανερωθῇ
1315 535 1350 564 τὰ
1370 535 1435 575 ἔργα
1451 538 1496 565 τοῦ
1517 537 1607 572 Θεοῦ;
1633 549 1644 561 ι
1659 534 1760 568 Ἄλλως
1774 535 1799 565 δὲ
1813 538 1852 566 οὔκ

1074 583 1134 617 ἐνῆν
1149 582 1334 621 φανερωθῆναι.
1355 583 1453 617 sufﬁta;
1481 580 1566 610 Ποίαν
1597 580 1701 610 ἀδικίαν
1727 579 1852 617 ἠδικήθης,

1074 626 1210 665 ἅνθρωπε;
1227 627 1284 655 Τοῦ
1300 625 1404 665 φωτὸς,
1422 625 1487 666 φησὶ
1500 648 1509 663 ,
1525 637 1568 655 στε
1575 624 1708 665 ροῦμενος.
1730 625 1783 654 Καὶ
1798 625 1850 655 ποία

1076 670 1163 710 βλάϐη
1178 672 1208 699 ἐκ
1227 672 1272 699 τοῦ
1300 671 1448 710 στερεῖσθαι
1467 673 1513 700 τοῦ
1537 670 1662 705 αἰσθητοῦ
1684 670 1782 709 φωτός;
1801 671 1850 699 τοῦ-

1073 715 1175 745 ναντίον
1190 711 1234 745 οῦν
1261 715 1362 753 μᾶλλον
1389 714 1574 754 εὖηργέτηται.
1599 713 1674 752 Ἅμα
1689 714 1785 754 γὰρ
1805 727 1850 744 σω-

1075 762 1174 799 ματικῇ
1197 759 1287 799 ὁράσει
1313 759 1434 793 καὶτοὺς
1449 761 1495 795 τῆς
1514 761 1601 799 ψυχῆς
1626 758 1776 799 ὀφθαλμοὺς
1796 760 1852 799 ἐφω-

1073 806 1160 840 τίσθη.
1176 804 1265 834 ²¹Ωστε
1287 804 1352 843 πρὸς
1376 804 1457 834 καλὸν
1482 805 1555 844 αὖτῷ
1575 806 1592 840 ἡ
1617 804 1737 844 πήρωσις
1757 804 1851 843 ἀπέϐη,

1075 850 1118 879 διὰ
1135 852 1180 886 τῆς
1204 849 1299 882 ἰάσεως
1323 849 1456 888 ἐπιγνόντι
1471 849 1514 878 τὸν
1534 851 1620 885 ἀληθῆ
1638 851 1684 885 τῆς
1699 849 1851 885 δικαιοσύνης

1074 893 1181 925 ἽΙλιον.
1195 893 1299 924 Οὔκουν
1314 894 1440 930 ἠδίκηται
1450 916 1457 930 ,
1471 893 1529 923 ἀλλ’
1544 893 1719 934 εὖηργέτηται
1733 895 1748 922 ὁ
1762 895 1852 934 τυφλός.

1074 938 1188 970 Ἰἰπειτα
1215 938 1261 968 καὶ
1285 941 1363 969 τοῦτο
1377 939 1507 979 γίνωσκε,
1529 944 1582 972 πᾶς
1605 940 1619 968 ὁ
1642 940 1695 968 τῶν
1717 939 1791 968 θείων
1806 939 1852 973 ἔξε-

1073 985 1187 1021 ταστὴς,
1200 983 1296 1020 ὅτιτὸ,
1313 998 1324 1010 ι
1335 983 1411 1021 Ἵνα,
1423 997 1436 1011 ι
1451 984 1550 1020 καὶετὸ,
1566 998 1577 1010 ιι
1587 984 1701 1023 Ὅπως,
1719 997 1731 1009 ι
1749 984 1852 1023 «mpm

1073 1032 1166 1070 Γραφῇ
1184 1029 1323 1068 πολλαχοῦ
1338 1030 1385 1058 οὐκ
1403 1030 1602 1068 αἷτιολογικῶς,
1622 1030 1681 1058 ἀλλ’
1696 1029 1854 1063 ἀποϐατικῶς

1072 1080 1184 1111 κεῖνται,
1198 1074 1311 1113 ὡσπερεὶ
1328 1075 1358 1104 τὸ
1374 1074 1447 1113 παρὰ
1462 1076 1499 1114 τῷ
1511 1071 1612 1110 Δαυῒδ,
1630 1086 1645 1101 (ι
1659 1073 1757 1107 (Ὅπως
1775 1073 1804 1103 ἂν
1823 1075 1854 1102 δι-

1072 1122 1187 1158 καιωθῇς
1211 1120 1236 1148 ἐν
1267 1123 1319 1152 τοῖς
1338 1119 1424 1157 λόγοις
1453 1131 1508 1148 σου.
1538 1132 1549 1145 ιι
1577 1120 1617 1149 Οὐ
1641 1118 1692 1158 γὰρ
1721 1119 1767 1147 διὰ
1791 1121 1854 1148 τοῦτο

1072 1163 1190 1203 ἥμαρτεν
1215 1167 1228 1194 ὁ
1253 1163 1353 1200 Δαυῖδ,
1374 1163 1418 1193 ἵνα
1441 1164 1566 1203 δικαιωθῇ
1585 1165 1598 1193 ὃ
1617 1164 1701 1198 Θεὸς,
1718 1163 1821 1195 ἀλλ’ὡς
1837 1163 1855 1196 ἐξ

1073 1209 1286 1247 ἀποτελέσματος
1302 1207 1467 1248 ἁμαρτόντος
1488 1210 1534 1237 τοῦ
1550 1205 1651 1245 Δαυῒδ,
1674 1207 1813 1237 ἀποϐαίνει
1834 1208 1856 1236 τὸ

1072 1253 1242 1289 δικαιωθῆναι
1261 1254 1305 1283 τὸν
1320 1253 1399 1283 Θεόν.
1437 1252 1527 1282 ²¹Οταν
1553 1253 1605 1292 γὰρ
1621 1255 1634 1281 ὁ
1654 1252 1721 1285 Θεὸς
1744 1251 1791 1290 μὲν
1816 1264 1854 1281 ἰο-

1071 1302 1154 1328 σαῦτα
1168 1300 1238 1338 αὐτῷ
1255 1298 1381 1335 δέδωκεν,
1401 1297 1450 1327 ὅσα
1462 1299 1515 1327 οὐκ
1532 1294 1563 1333 ἧν
1580 1297 1649 1332 ἄξιος
1664 1297 1773 1334 λαϐεῖν,
1790 1297 1855 1329 αὐτὸς

1071 1342 1098 1371 δὲ
1109 1342 1215 1382 παρέϐη
1227 1343 1275 1379 τὴν
1289 1342 1394 1378 ἐντολὴν
1409 1345 1454 1372 τοῦ
1469 1343 1556 1379 Θεοῦ,
1572 1343 1617 1372 καὶ
1630 1342 1707 1382 φόνον
1719 1342 1855 1382 εἰργάσατο

1071 1387 1114 1416 ἐπὶ
1127 1389 1161 1427 τῇ
1178 1388 1297 1428 μοιχείᾳ,
1313 1387 1358 1416 καὶ
1370 1389 1403 1425 τῇ
1422 1387 1545 1428 βασιλείᾳ
1560 1387 1736 1427 ἀπεχρήσατο
1755 1388 1791 1420 εἷς
1804 1386 1854 1416 ἀθέ-

1070 1443 1145 1467 τησιν
1157 1435 1201 1461 τοῦ
1217 1434 1296 1462 Θεοῦ·
1312 1432 1338 1461 τί
1353 1432 1418 1461 ἄλλο
1435 1431 1459 1466 ἐξ
1474 1432 1693 1470 ἀποτελέσματος
1708 1431 1855 1470 συμϐαίνει,

1070 1476 1087 1512 ἢ
1109 1476 1212 1510 πάντως
1232 1477 1262 1506 τὸ
1274 1500 1282 1514 ,
1298 1477 1448 1516 κρινόμενον
1465 1477 1508 1506 τὸν
1533 1477 1602 1507 Θεὸν
1620 1476 1663 1505 καὶ
1677 1476 1855 1516 διαλεγόμενον

1071 1521 1136 1560 πρὸς
1146 1521 1190 1550 τὸν
1206 1518 1307 1559 Δαυῒδ,
1323 1523 1511 1558 δικαιωθῆναι,
1527 1521 1572 1551 καὶ
1587 1521 1635 1556 τὴν
1656 1522 1776 1550 νικῶσαν
1798 1521 1855 1550 ἀπε·

1073 1566 1217 1604 νέγκασθαι
1227 1589 1234 1603 ,
1253 1567 1475 1606 κατακρινομένου
1489 1568 1538 1595 τοῦ
1552 1566 1702 1606 βασιλέωςς
1721 1565 1787 1596 ’Ότι
1801 1566 1852 1604 παρ’

1070 1606 1100 1639 οἷ
1115 1610 1162 1645 τὴν
1181 1611 1319 1651 βασιλείαν
1330 1610 1411 1640 ἔλαϐε
1421 1634 1429 1647 ,
1445 1610 1538 1640 τούτου
1550 1610 1609 1644 τοὺς
1622 1610 1719 1649 νόμους
1732 1610 1854 1647 ἠθέτησε,

1070 1655 1102 1685 δι’
1115 1656 1178 1685 αὐτὸ
1201 1659 1293 1695 τοῦτο,
1314 1655 1355 1685 ὅτι
1381 1655 1505 1695 βασιλεὺς
1525 1652 1569 1692 ἦν.
1591 1655 1711 1692 ’ἰδιώτης
1728 1655 1781 1695 γὰρ
1807 1653 1854 1691 ὢν,

1070 1701 1117 1729 οὐκ
1144 1699 1175 1729 ἂν
1207 1701 1322 1736 ἠδυνήθη
1346 1703 1455 1729 τοιαῦτα
1487 1700 1533 1730 δύο
1557 1700 1628 1730 κακὰ
1665 1700 1735 1730 οὕτω
1767 1700 1853 1741 ῥᾳδίως

1070 1745 1298 1785 κατεργάσασθαι.
1315 1745 1415 1786 (Ορᾷς,
1438 1743 1478 1774 ὅτι
1494 1745 1541 1782 τὸ,
1563 1759 1575 1772 ιι
1598 1744 1694 1778 "Omne
1711 1745 1743 1774 ἂν
1760 1746 1855 1774 δικαιωο

1070 1791 1115 1829 θῇς
1126 1813 1134 1826 ,
1152 1804 1162 1816 ιι
1174 1792 1222 1820 οὐκ
1235 1791 1418 1830 αἰτιολογικῶς
1432 1792 1530 1827 κεῖται,
1544 1789 1613 1820 ἀλλὰ
1627 1790 1697 1820 κατὰ
1712 1789 1852 1823 ἀπόϐασιν;

1072 1835 1126 1864 Καὶ
1149 1836 1232 1874 μυρία
1257 1840 1370 1866 τοιαῦτα
1391 1835 1438 1864 καὶ
1452 1835 1528 1874 παρὰ
1547 1837 1585 1875 τῷ
1610 1835 1765 1875 Ἀποστόλῳ
1790 1834 1854 1872 εὑρή-

1070 1891 1141 1916 σεις,
1157 1875 1211 1910 οἷον
1226 1880 1272 1910 καὶ
1293 1881 1323 1910 τὸ
1347 1882 1373 1910 ἐν
1396 1882 1428 1919 τῇ
1446 1881 1510 1920 πρὸς
1532 1879 1695 1916 Ῥωμαίους·
1724 1893 1736 1906 ιι
1759 1880 1800 1910 Τὸ
1815 1878 1853 1917 γὰρ

1071 1924 1186 1963 γνωστὸν
1202 1929 1247 1955 τοῦ
1263 1926 1335 1955 Θεοῦ
1348 1948 1355 1960 ,
1378 1924 1502 1964 φαινερόν
1514 1925 1585 1952 ἐστιν
1605 1924 1630 1951 ἔν
1649 1927 1705 1956 τοῖς
1718 1923 1852 1959 υΕλλησιν,

1071 1970 1106 2002 εἰς
1126 1970 1155 1998 τὸ
1179 1965 1246 1998 εἶναι
1268 1968 1361 2002 αὐτοὺς
1379 1967 1602 2005 ἀναπολογήτους.
1620 1981 1631 1993 ιι
1651 1968 1746 1997 Καίτοι
1767 1971 1798 1998 οὗ
1821 1968 1853 1997 διὰ

1071 2015 1147 2042 τοῦτο
1168 2015 1181 2042 ὁ
1196 2013 1262 2046 Θεὸς
1289 2012 1371 2042 ἔδωκε
1395 2016 1448 2045 τοῖς
1472 2010 1590 2048 ’Ἕλλησι
1608 2012 1656 2048 τὴν
1678 2014 1796 2052 γνῶσιν,
1822 2011 1853 2041 ἵνα

1072 2053 1136 2086 ὦσιν
1150 2057 1344 2097 ἂναπολόγητοι
1360 2056 1506 2097 πταίοντες.
1525 2057 1610 2090 Αὐτὸς
1629 2056 1677 2094 μὲν
1689 2056 1740 2096 γὰρ
1752 2058 1853 2093 ἔδωκενγ

1072 2102 1115 2131 ἵνα
1133 2101 1170 2140 μὴ
1195 2101 1335 2131 πταίωσιν·
1363 2096 1421 2131 εἶτα
1441 2101 1530 2137 ἐπειδὴ
1549 2101 1676 2131 ἔπταισαν
1688 2124 1695 2136 ,
1714 2101 1739 2136 ἐξ
1766 2103 1851 2131 ἀποτε-

1071 2146 1201 2185 λέσματος
1216 2149 1232 2182 ἡ
1245 2148 1340 2185 γνῶσις
1361 2148 1449 2180 αὐτοῖς
1466 2146 1553 2182 ἀπέϐη
1577 2147 1612 2180 εἷς
1625 2146 1656 2175 τὸ
1677 2141 1743 2175 εἶναι
1762 2149 1852 2176 ἀναπο-

1071 2191 1207 2230 λογήτους.
1237 2191 1290 2221 Καὶ
1311 2192 1401 2221 πάλιν·
1419 2203 1432 2220 ιι
1449 2192 1539 2231 Νόμος
1555 2191 1581 2221 δὲ
1606 2192 1800 2231 παρεισῆλθεν,
1821 2190 1854 2219 ἵνα

1069 2236 1201 2276 πλεονάσῃ
1220 2236 1249 2265 τὸ
1264 2236 1427 2277 κατάκριμα·
1448 2250 1459 2262 ιι
1475 2236 1560 2266 καίτοι
1576 2236 1604 2265 οὖ
1621 2236 1664 2265 διὰ
1682 2239 1760 2266 τοῦτο
1774 2236 1854 2270 ἐδόθη,

1070 2280 1128 2310 ἀλλ’
1148 2281 1191 2309 ἵνα
1206 2282 1305 2320 μᾶλλον
1329 2282 1464 2319 ἀνασταλῇ
1481 2283 1497 2317 ἡ
1519 2281 1647 2320 ἁμαρτία.
1665 2280 1743 2311 Ἐπεὶ
1765 2281 1793 2310 δὲ
1816 2280 1854 2309 οὖι

1069 2325 1201 2362 ἠθέλησαν
1224 2327 1378 2355 ἀναστεῖλαι
1397 2326 1497 2361 ταύτην
1517 2327 1540 2356 οἳ
1556 2325 1600 2355 τὸν
1616 2325 1695 2363 νόμον
1711 2325 1853 2364 δεξάμενοι,

1069 2369 1172 2409 ἐγένετο
1198 2371 1284 2404 αὐτοῖς
1318 2373 1332 2401 ὃ
1359 2370 1438 2409 νόμος
1466 2371 1500 2405 εἷς
1526 2371 1694 2408 πλεονασμὸν
1723 2369 1853 2410 ἁμαρτίας

1068 2415 1165 2444 πλείων
1180 2415 1230 2454 γὰρ
1250 2415 1372 2456 ἐλογίσθη
1389 2417 1478 2450 αὐτοῖς
1501 2415 1548 2445 καὶ
1564 2415 1663 2454 μείζων
1680 2418 1696 2452 ἡ
1723 2414 1851 2456 ἁμαρτία,

1067 2460 1107 2490 ὅτι
1122 2461 1167 2489 καὶ
1189 2460 1269 2499 νόμον
1286 2461 1390 2500 ἔχοντες
1411 2460 1576 2500 ἡμάρτανον.
1615 2460 1709 2493 Οὕτως
1731 2455 1776 2489 οῦν
1799 2459 1853 2489 κᾶν·

1067 2507 1151 2534 ταῦθα
1165 2505 1213 2542 τὸ,
1239 2519 1249 2530 u
1263 2505 1323 2535 Ἵνα
1344 2507 1482 2545 φανερωθῇ
1497 2505 1530 2534 τὰ
1548 2505 1610 2544 ἔργα
1625 2508 1670 2534 τοῦ
1686 2505 1770 2542 Θεοῦ,
1782 2518 1795 2530 1
1815 2504 1852 2532 οὐκ

1068 2551 1247 2588 αἰτιολογικῶς
1270 2554 1372 2586 κεῖται,
1397 2551 1456 2579 ἀλλ’
1481 2550 1660 2583 ἆποϐατικῶς·
1689 2549 1779 2585 ἀπέϐη
1811 2546 1852 2586 γὰρ

1067 2596 1096 2624 ἐκ
1110 2596 1154 2624 τοῦ
1166 2595 1210 2623 τὸν
1228 2595 1326 2635 τυφλὸν
1350 2597 1562 2634 θεραπευθῆναι,
1591 2595 1620 2624 τὸ
1646 2593 1804 2630 δοξασθῆναι
1818 2591 1852 2620 τὸν

1066 2639 1145 2670 θεόν.
1162 2637 1272 2679 ιὨσπερ
1287 2638 1338 2678 γὰρ
1356 2639 1485 2672 πολλάκις
1499 2638 1637 2677 οἰκοδόμος
1658 2650 1697 2672 τις
1715 2635 1852 2676 οἷκίας,ίῐὸ

1067 2684 1114 2722 μὲν
1128 2685 1285 2724 εἰργάσατο,
1309 2683 1338 2713 τὸ
1352 2684 1381 2713 δὲ
1402 2685 1502 2725 ἀφῆκεν
1524 2682 1737 2719 ἄτέλεστον,ἵνα
1753 2682 1778 2712 εἴ
1799 2691 1852 2711 ποτε

1066 2728 1191 2765 ἀπιστοίη
1213 2741 1253 2763 τις
1281 2729 1370 2770 αὐτῷ,
1390 2729 1431 2759 ὅτι
1455 2731 1503 2760 οὐκ
1525 2729 1597 2759 ἔστιν
1620 2729 1696 2762 αὐτὸς
1711 2731 1724 2757 ὁ
1743 2729 1774 2757 τὸ
1786 2727 1852 2767 μέρος

535 2824 546 2838 ³
557 2820 583 2848 lI
594 2821 664 2857 Reg.
680 2828 737 2856 xu,
755 2824 797 2850 13.
837 2821 860 2839 ³³
879 2823 964 2851 Rom.
977 2830 999 2858 1,
1017 2824 1061 2857 19,
1075 2826 1121 2853 20.
1158 2823 1274 2853 “Rom.
1290 2831 1322 2859 ν,
1335 2826 1381 2852 20.
