1910 3077
55 160 87 187 45

455 161 650 189 ENARRATIO
670 162 702 189 IN
723 161 938 190 EVANGELIUM
955 162 1104 191 JOANNlS.
1124 179 1159 184 —
1177 166 1252 193 CAP.
1274 168 1314 194 IX.

1673 173 1707 200 48

53 223 250 261 οἰκοδομήσας,
266 222 315 263 ἔχῃ
328 222 372 252 διὰ
388 225 434 253 τοῦ
450 224 647 263 δημιουργῆσαι
659 225 705 254 καὶ
721 225 750 254 τὸ
761 225 844 255 ἀτελὲι

915 232 1014 260 lanans,
1021 230 1049 254 et
1057 226 1086 254 in
1094 234 1172 255 suam
1184 232 1311 256 naturam
1320 230 1498 264 constituens,
1506 233 1623 262 ostendit
1630 235 1705 270 quod

55 271 156 305 ἐκεῖνο,
186 269 326 305 δεικνύειν,
347 269 387 298 ὅτι
412 269 458 298 καὶ
483 273 528 299 τοῦ
549 270 754 310 ᾠκοδομημένου
778 271 856 305 αὐτὸς

55 314 180 354 τεχνίτης
203 314 280 344 ἐστίν·
307 313 377 343 οὕτω
399 315 445 344 καὶ
467 316 481 344 6
507 316 575 349 Θεὸς
593 317 669 353 ἡμῶν
694 315 798 352 Ἰησοῦς
821 316 855 346 τὰ

54 360 240 399 πεπηρωμένοι
259 360 328 397 μέλη
353 359 481 398 ἰώμενος,
503 362 548 389 καὶ
573 363 759 390 ἆποκαθιστῶν
773 363 810 394 εἷς
824 361 854 390 τὸ

54 403 121 433 κατὰ
137 403 216 444 φύσιν
227 427 234 440 ,
251 404 380 433 δείκνυσιν
391 427 399 442 ,
416 405 450 438 ὡς
466 405 517 444 ἄρα
535 405 612 439 αὐτός
629 406 699 434 ἐστιν
713 407 726 434 6
738 405 783 435 καὶ
801 407 854 435 τῶν

55 449 142 478 ἄλλων
170 451 258 488 μελῶν
285 449 452 488 δημιουργός.
483 449 576 480 Εἰπὼν
592 450 636 486 δὲ,
657 448 744 480 «Ἵνα
768 463 854 492 φανε-

54 496 125 533 ρωθῇ
138 496 156 530 ἡ
170 493 232 527 δόξα
251 497 297 523 τοῦ
311 496 381 523 Θεοῦ
392 517 399 530 ,
417 509 427 519 ιι
443 495 503 534 περὶ
520 497 614 524 ἑαυτοῦ
628 507 706 535 φησιν
718 518 725 531 ,
742 496 772 525 οὗ
793 495 854 536 περὶ

52 540 96 567 τοί
114 538 230 578 Πατρός·
251 538 350 568 ἐκείνου
373 539 424 578 γὰρ
447 542 463 576 ἡ
490 539 550 574 δόξα
575 541 675 581 φανερὰ
697 536 746 577 ἦν,
761 540 809 576 τὴν
827 540 854 570 δὲ

53 583 130 612 αὐτοῦ
155 583 210 613 ἔδει
228 586 430 624 φανερωθῆναι,
459 586 503 614 καὶ
525 584 568 615 δ’τι
594 586 671 619 αὐτός
695 587 765 615 ἐστιν
787 587 801 614 6
827 585 852 620 ἐξ

53 628 136 667 ἀρχῆς
161 628 266 663 πλάσας
291 629 336 658 τὸν
363 629 510 668 ἄνθρωπον.
538 630 579 660 Οὖ
596 629 680 670 μικρᾶ
697 630 723 659 δὲ
747 630 853 664 πάντως

53 673 113 706 δόξα
129 672 160 702 τὸ
177 676 378 713 φανερωθῆναι,
394 674 435 703 ὅτι
454 674 533 708 αὐτὸς
547 676 560 704 6
576 677 620 704 ν’ὗν
637 674 726 716 φανεὶς
753 675 853 715 ἄνθρω-

52 728 98 750 πος
108 740 116 754 ,
135 718 347 758 ἐδημιούργησεν
363 719 389 747 ἐν
405 719 476 758 ἀρχῇ
489 721 524 753 ὡς
540 720 608 753 Θεὸς
630 720 673 748 τὸν
700 720 848 760 ἄνθρωπον.

52 760 116 793 Ὅτι
142 762 170 792 δὲ
193 763 255 803 περὶ
278 765 372 792 ἑαυτοῦ
391 767 469 794 τοῦτο
495 765 575 803 λέγει,
595 764 675 794 ἄκουε
703 766 755 794 τῶν
779 765 848 801 ἑξῆς.

53 806 191 848 Ἐπιφέρει
208 808 272 848 γάρ’
298 808 392 847 «Ἐμὲ
415 809 456 839 δεῖ
480 810 636 849 ἐργάζεσθαι
657 808 691 838 τὰ
715 809 780 850 ἔργα
805 814 851 840 τοῦ

52 852 208 892 πέμψαντός
221 864 265 892 με.
286 864 300 882 ι>
317 868 359 876 ·-·
374 867 385 879 α
400 853 485 892 Ἰἰμὲ,
505 868 515 879 ιι
533 854 616 894 φησὶ,
635 854 674 883 δεῖ
696 856 849 894 φανερῶσοιι

908 270 967 306 ipse
977 271 1012 298 sit
1037 271 1082 307 qui
1096 275 1123 299 et
1132 272 1184 300 alia
1200 273 1324 300 membra
1340 275 1472 303 condidit.
1486 276 1582 306 Dicens
1599 283 1703 314 autem,

913 325 926 340 ιι
941 316 980 343 Ut
989 316 1181 344 manifestetur
1190 318 1274 353 gloria
1285 318 1344 351 Dei,
1359 330 1371 343 ι
1379 319 1412 346 de
1418 320 1507 355 seipse
1517 321 1592 356 dicit,
1604 331 1659 352 non
1670 324 1704 352 de

908 360 997 388 Patre.
1026 362 1097 389 Nam
1120 362 1192 389 illius
1204 362 1289 397 gloria
1304 362 1449 391 manifesta
1465 369 1533 399 erat,
1559 374 1637 395 suam
1653 376 1701 396 au-

908 407 963 432 tem
979 407 1122 440 oportebat
1143 406 1329 440 manifestare,
1347 408 1422 443 quod
1447 409 1504 444 ipse
1516 414 1576 438 erat
1589 411 1634 439 ille
1655 413 1702 448 qui

908 459 920 472 «
942 449 977 477 ab
987 450 1324 479 iuitiofecerathominem
1336 452 1388 487 3";
1406 465 1418 477 ιι
1427 458 1455 481 et
1465 454 1544 489 plane
1554 463 1611 483 non
1621 464 1703 492 parva

907 498 965 521 erat
980 495 1065 529 gloria
1090 500 1119 523 ut
1143 496 1370 525 manifestaretur
1390 498 1462 533 quod
1487 499 1545 535 ipse
1569 500 1615 536 qui
1630 508 1704 529 nunc

907 539 1031 574 apparuit
1056 539 1152 575 homo,
1167 541 1238 569 sicut
1263 543 1339 569 Deus
1354 542 1379 569 in
1396 543 1531 579 principio
1547 544 1704 576 condiderit

908 583 1060 612 hominem.
1087 585 1167 620 Quod
1192 590 1283 614 autem
1302 586 1336 614 de
1349 587 1438 622 seipso
1461 587 1514 616 hoc
1538 589 1623 624 dicat,
1638 590 1702 619 audi

905 629 1062 665 sequentia;
1094 630 1188 658 subdit
1216 631 1303 663 enim.
1328 642 1340 655 ‹‹
1372 633 1488 668 Oportet
1514 641 1560 661 me
1593 635 1702 670 operari

903 682 986 709 opera
1003 676 1061 711 ejus
1073 676 1119 712 qui
1134 675 1207 703 misit
1219 684 1264 704 me
1276 675 1310 703 ³⁸.
1320 688 1332 700 υ
1347 677 1458 712 Oportet
1466 685 1521 712 me,
1534 678 1634 715 inquit,
1645 687 1703 708 ma-

904 720 1035 749 nifestare
1050 721 1197 757 meipsum,
1209 725 1236 748 et
1248 720 1336 749 facere
1349 729 1431 757 opera
1445 731 1507 758 qua:
1523 728 1642 758 possunt
1657 732 1702 753 me

906 766 1048 794 ostendere
1070 765 1159 794 facere
1183 766 1277 793 eadem
1310 773 1371 802 qua:
1400 768 1489 794 Pater.
1516 767 1585 796 Vide
1608 774 1703 797 autem

905 811 1045 846 quomodo
1060 819 1116 838 non
1129 809 1229 838 dixerit
1242 810 1315 846 quod
1333 811 1408 838 Talia
1434 811 1520 848 635.
1535 818 1630 849 operat
1641 821 1703 849 qua:

905 855 988 883 faciat
1007 857 1098 889 Pater,
1122 859 1231 890 oportet
1245 859 1274 882 et
1286 863 1331 882 me
1346 856 1465 891 operari,
1492 857 1551 891 sed,
1579 857 1629 885 Illa
1644 858 1702 894 ipsa

52 897 186 935 ἐμαυτὸν,
199 898 246 927 καὶ
261 900 373 934 ποιῆσαι
386 898 449 937 ἔργα
465 897 498 928 τὰ
512 898 646 938 δυνάμενοί
659 911 693 938 με
708 899 844 934 ἀποδεῖξαι

915 908 987 936 :qua:
994 898 1060 928 facit
1067 901 1302 928 Pater.n—-Nam
1311 904 1419 936 oportet
1426 901 1585 938 me,inquit,
1594 903 1702 938 operari

53 942 133 971 ταύτὰ
149 945 188 983 τῷ
205 943 294 983 Πατρὶ
309 945 446 974 ποιοῦντα.
463 941 539 983 Ὅρα
554 945 610 978 πῶς
627 944 675 973 οὐκ
692 938 782 980 εἶπεν,
799 943 849 983 ὅτι,

52 986 170 1016 Τοιαῦτα
191 987 258 1026 ἔργα
284 983 326 1016 οἶα
339 991 409 1017 ποιεῖ
434 989 448 1016 6
472 988 587 1029 Πατὴρ,
617 989 655 1017 δεῖ
678 988 748 1024 κάμὲ
773 989 849 1029 ἐργά-

53 1032 154 1068 ζεσθαι,
171 1033 245 1069 ἀλλ’,
270 1031 344 1062 Ain-6:
362 1033 448 1062 ἐκεῖνα
471 1047 483 1060 ι
499 1033 516 1062 ἃ
535 1036 605 1063 ποιεῖ
617 1034 631 1062 6
645 1032 752 1072 Πατήρ.
777 1047 789 1059 ι
810 1051 850 1056 -

54 1089 66 1102 ι
80 1077 127 1106 Δεῖ
147 1076 199 1116 γάρ
223 1088 273 1115 με,
287 1077 382 1117 φησὶν,
407 1078 562 1117 ἐργάζεσθαι
583 1077 617 1108 τὰ
639 1077 704 1117 ἔργα
719 1088 733 1106 ))
762 1079 849 1108 ἐκεῖνα

55 1120 136 1159 αὐτὰ,
150 1121 166 1150 ἃ
183 1123 201 1159 ὁ.
215 1121 325 1162 πέμψας
347 1134 379 1161 με
394 1127 476 1153 ποιεῖ.
495 1125 590 1153 Ταῦτα
605 1122 632 1151 δὲ
650 1124 691 1151 δεῖ
715 1134 749 1161 με
775 1123 850 1162 ἐργά-

33 1184 36 1187 -
53 1167 139 1200 ζεσθαι
152 1181 164 1192 ι
178 1166 229 1200 ἕως
247 1166 336 1206 ἡμέρα
362 1167 443 1196 ἐστί-ιι
469 1167 605 1197 τουτέστιν
617 1190 626 1207 ,
641 1167 716 1201 Ἕως
739 1168 752 1196 ὃ
778 1180 849 1208 παρ’

53 1209 88 1241 ὼν
110 1210 164 1250 βίος
178 1211 341 1248 ἀνέστηκεν,
367 1211 412 1241 καὶ
438 1212 563 1242 δύνανται
589 1212 724 1242 πιστεύειν
743 1214 779 1246 εἷς
801 1213 848 1251 ἐμὲ

52 1255 76 1285 οἳ
97 1254 246 1296 ἄνθρωπον
271 1256 370 1286 ἐπείτοι
393 1269 423 1296 γε
446 1271 458 1284 σι
486 1257 594 1297 ἔρχεται
616 1257 677 1294 νὺξ,
702 1258 743 1286 ὅτε
767 1258 849 1291 οὐδεὶς

54 1299 163 1330 δύναται
188 1300 360 1340 ἐργάσασθαι·
380 1315 391 1327 ι
419 1302 557 1338 τουτέστι,
590 1304 741 1331 πιστεῦσαι·
773 1303 847 1342 ἔργον

53 1345 103 1385 γὰρ
117 1345 165 1381 τὴν
179 1346 267 1374 πίστιν
288 1346 424 1384 ὀνομάζει.
447 1345 495 1377 Ἐν
511 1348 548 1387 τῷ
571 1347 694 1386 μέλλοντι
712 1342 756 1376 οὖν
774 1349 848 1376 αἰῶνι

55 1389 134 1423 οὐδεὶς
147 1389 258 1420 δύναται
280 1394 433 1420 πιστεῦσαι.
455 1390 562 1431 Ἡμέρα
586 1391 634 1430 μὲν
652 1392 703 1431 γὰρ
720 1393 733 1421 6
754 1391 847 1431 παρὼν

55 1433 125 1473 βίος,
143 1434 210 1464 διότι
226 1435 360 1473 δυνάμεθα
372 1437 407 1469 ὡς
422 1436 448 1465 ἓν
466 1436 554 1476 ἡμέρᾳ
569 1436 732 1476 ἓργαίσασϐαι
745 1436 786 1476 (εἴ
801 1437 848 1467 καὶ

54 1480 67 1508 6
81 1481 185 1514 Παῦλος
199 1479 282 1510 νύκτα
294 1483 388 1510 τοῦτον
401 1481 539 1519 ὀνομάζει,
555 1482 598 1511 διά
608 1494 636 1511 τε
652 1482 682 1511 τὸ
697 1482 848 1520 ἀγνοεῖσθαι

55 1525 160 1554 ἐνταῦθα
181 1525 258 1563 τοὺς,
273 1524 289 1560 ἦ
313 1525 425 1565 ἀρετὴν,
453 1525 471 1561 ἢ
487 1526 600 1562 κακίαν,
625 1527 782 1564 μετιόντας,
800 1526 845 1556 καὶ
861 1547 884 1578 C

61 1569 68 1578 ρ
144 1569 150 1578 ι
220 1569 227 1578 ι
386 1572 403 1578 ...
449 1569 482 1578 ,μ
637 1570 644 1578 ι
740 1573 747 1578 .
767 1572 772 1578 .
804 1573 810 1578 .

56 1569 91 1602 ὡς
105 1569 170 1607 πρὸς
195 1569 333 1609 σύγκρισιν
355 1572 403 1600 τοῦ
422 1569 563 1609 μέλλοντος
579 1570 663 1612 φωτὸς
679 1572 846 1612 περιλάμψαι

55 1612 110 1646 τοὺς
130 1614 273 1653 δικαίους)’
296 1614 341 1649 νὺξ
366 1614 393 1644 δὲ
417 1617 430 1644 6
452 1616 577 1654 μέλλων,
604 1616 672 1645 διότι
688 1616 742 1645 ἐκεῖ
761 1617 845 1651 οὐδεὶς

55 1657 157 1688 δύναται
171 1659 336 1699 ἐργάσασθαι
346 1682 354 1696 ,
372 1661 393 1689 εἶ
409 1660 453 1689 καὶ
467 1662 481 1690 6
502 1662 609 1694 Παῦλος
629 1661 731 1701 ἡμέραν
752 1664 844 1691 τοῦτον

55 1703 141 1740 καλεῖ,
158 1705 202 1734 διὰ
221 1704 268 1740 τὴν
284 1705 467 1745 φωτοφάνειαν
483 1707 535 1734 τῶν
559 1706 684 1743 δικαίων,
705 1705 751 1735 καὶ
766 1706 846 1747 φανέ-

57 1759 131 1785 ρωσιν
143 1750 195 1778 τῶν
213 1749 319 1789 ἑκάστῳ
334 1749 516 1789 βεϐιωμένων.
539 1751 586 1780 Ἐν
601 1752 639 1790 τῷ
656 1750 779 1789 μέλλοντι
803 1747 847 1781 οὖν

56 1793 100 1820 “3"
172 1794 178 1805 I
273 1795 280 1805 ’
322 1794 331 1806 ί
425 1795 433 1806 θ
545 1795 551 1805 1
618 1795 624 1804 Ῑ
768 1795 780 1806 V

74 1805 127 1821 ιωνι
147 1805 238 1828 πιστις
255 1806 303 1824 ουκ
318 1806 402 1831 εστιν,
418 1794 487 1824 αλλὰ
510 1807 556 1824 και
579 1796 680 1829 ἑκοντες
696 1795 742 1824 καὶ
763 1807 843 1825 ακον-

56 1847 94 1870 τες
108 1839 314 1870 ὓπακούσονται.
338 1853 351 1866 ι
366 1838 453 1870 Ὅταν
468 1834 512 1868 οὖν
533 1841 560 1869 ἐν
575 1841 613 1879 τῷ
629 1840 722 1880 κόσμῳ
737 1834 776 1877 ὦ,
792 1843 847 1880 φῶς

58 1881 108 1920 εἶμι
127 1885 171 1912 τοῦ
184 1883 298 1922 κόσμου·
318 1898 331 1910 ι
346 1884 389 1914 διὰ
403 1883 453 1924 γὰρ
469 1887 514 1920 τῆς
541 1884 717 1919 διδασκαλίας
738 1884 784 1915 καὶ
800 1888 847 1922 τῆς

56 1926 197 1962 ἐπιδείξεως
211 1930 263 1958 τῶν
289 1930 432 1967 Θαυμάτων
448 1930 552 1970 φωτίζω
576 1929 622 1963 τὰς
637 1929 735 1970 ψυχάς.
759 1929 846 1961 ’Ὥστε

905 952 987 981 opera
1005 955 1019 971 »
1045 945 1088 972 illa
1107 945 1175 980 ipsa,
1197 952 1259 981 qua:
1281 945 1304 972 is
1318 945 1365 981 qui
1380 945 1454 973 misit
1468 954 1524 980 me,
1539 946 1617 974 facit.
1634 948 1702 976 Haec

905 994 1000 1018 autem
1009 993 1117 1026 oportet
1123 997 1167 1017 me
1174 989 1279 1024 operari
1290 1001 1302 1014 ι
1315 989 1437 1025 quandiu
1446 990 1503 1018 dies
1512 995 1565 1025 est,
1576 1003 1588 1015 ιι
1601 991 1654 1019 hoc
1660 996 1703 1020 est

905 1034 1026 1071 quandiu
1047 1042 1169 1070 praesens
1185 1034 1238 1061 vita
1252 1034 1354 1070 agitur,
1368 1038 1400 1062 ut
1412 1034 1541 1063 homines
1557 1037 1664 1071 possint
1675 1036 1702 1064 in

905 1086 949 1107 me
974 1079 1087 1107 credere
1112 1087 1119 1106 :
1141 1078 1205 1114 quia
1231 1087 1245 1104 ιι
1273 1083 1385 1107 ventura
1419 1083 1461 1107 est
1492 1087 1558 1114 nox,
1591 1081 1620 1108 in
1646 1089 1701 1117 qua

904 1123 994 1151 nullus
1007 1124 1107 1159 poterit
1121 1122 1228 1159 operari
1237 1122 1270 1157 ³⁸,
1289 1134 1301 1147 υ
1311 1123 1337 1151 id
1352 1127 1393 1151 est
1405 1123 1525 1153 credere.
1540 1125 1617 1161 Opus
1627 1125 1701 1154 enim

904 1167 986 1196 ﬁdem
1002 1168 1133 1196 nominat.
1146 1169 1241 1204 Itaque
1252 1167 1278 1195 in
1294 1167 1388 1196 futuro
1398 1169 1500 1196 saeculo
1510 1169 1601 1198 nullus
1612 1174 1702 1205 potest

902 1213 1022 1241 credere.
1051 1214 1122 1241 Nam
1146 1212 1204 1240 dies
1220 1212 1330 1248 quidem
1363 1220 1484 1248 praesens
1509 1214 1566 1242 vita
1594 1218 1647 1248 est,
1667 1223 1700 1243 eo

903 1258 976 1294 quod
992 1265 1137 1293 possumus
1148 1265 1220 1285 nunc
1234 1257 1304 1285 sicut
1318 1257 1345 1284 in
1359 1256 1402 1285 die
1421 1258 1531 1294 operari
1551 1268 1558 1286 :
1572 1260 1700 1295 quamvis

903 1306 931 1330 et
951 1303 1054 1330 Paulus
1080 1302 1151 1330 hanc
1172 1305 1283 1330 noctem
1306 1301 1443 1336 nominet.
1464 1310 1497 1330 eo
1517 1303 1592 1340 quod
1617 1304 1644 1331 in
1667 1312 1700 1332 ea

903 1347 1042 1382 ignoretur
1059 1346 1120 1383 quis
1144 1346 1274 1374 virtutem
1301 1346 1340 1374 vel
1363 1351 1505 1382 peccatum
1521 1352 1661 1383 operetur,
1672 1352 1701 1377 et

904 1391 996 1427 quoad
1016 1391 1253 1427 comparationem
1281 1390 1379 1419 futurae
1404 1391 1474 1419 lucis
1496 1399 1558 1428 qua:
1580 1393 1699 1421 circum-

903 1435 1017 1472 fulgebit
1032 1435 1133 1471 justus.
1146 1437 1205 1464 Nox
1231 1439 1322 1463 autem
1340 1439 1382 1463 est
1405 1435 1529 1464 futurum
1554 1437 1700 1471 saeculum,

903 1489 935 1509 eo
961 1480 1032 1516 quod
1061 1481 1153 1508 nullus
1177 1480 1232 1508 illic
1254 1480 1354 1516 poterit
1377 1481 1500 1516 operari;
1525 1482 1651 1517 quamvis
1673 1486 1701 1511 et

904 1525 1004 1554 Paulus
1034 1525 1087 1553 hoc
1118 1524 1191 1553 diem
1218 1529 1314 1559 vocet,
1338 1533 1371 1553 eo
1395 1525 1469 1561 quod
1489 1529 1553 1554 tunc
1576 1531 1608 1554 ut
1630 1538 1644 1552 ι
1671 1528 1699 1555 in

898 1571 958 1598 luce
973 1570 1146 1605 refulgebunt
1167 1569 1245 1605 justi,
1265 1574 1291 1597 et
1305 1570 1475 1605 apparebunt
1487 1571 1700 1608 uniuscujusque

899 1614 971 1643 facta
983 1614 1048 1643 3".»
1059 1616 1156 1650 Itaque
1166 1614 1192 1642 in
1205 1613 1302 1642 futuro
1317 1614 1417 1642 saeculo
1430 1614 1498 1643 ﬁdes
1508 1624 1563 1643 non
1577 1616 1641 1650 erit,
1652 1617 1700 1645 sed

900 1663 928 1688 et
934 1659 1080 1688 voluntarii
1091 1658 1442 1694 et_involuntariiobedient.
1454 1671 1467 1684 ι
1478 1660 1606 1694 Quandiu
1616 1661 1700 1696 igitur

901 1704 930 1732 in
940 1704 1042 1732 mundo
1051 1712 1109 1739 ero,
1124 1703 1168 1731 lux
1182 1711 1242 1731 sum
1255 1704 1371 1732 mundi:
1384 1712 1449 1740 »ροι-
1459 1704 1616 1733 doctrinam
1625 1706 1701 1734 enim

902 1753 930 1778 et
939 1749 1137 1778 miraculorum
1148 1749 1357 1777 ostentationem
1368 1749 1474 1777 illustro
1483 1750 1603 1784 animas,
1618 1755 1701 1787 atque

902 1795 940 1823 ita
956 1798 1064 1831 oportet
1084 1801 1130 1822 me
1145 1794 1230 1822 etiam
1243 1802 1317 1821 nunc
1342 1795 1496 1822 multorum
1511 1795 1618 1823 animas
1634 1796 1697 1823 illu-

901 1840 1016 1875 minare,
1043 1847 1090 1875 per
1114 1838 1167 1866 hoc
1199 1838 1273 1874 quod
1297 1846 1364 1867 sano
1389 1846 1505 1874 caecum,
1530 1844 1558 1867 et
1583 1840 1700 1875 pupillas

902 1884 1048 1912 oculorum
1073 1882 1133 1918 ejus
1157 1882 1272 1910 illustro.
1289 1883 1360 1910 Nam
1376 1883 1440 1918 quia
1460 1883 1505 1911 lux
1521 1891 1594 1916 sum,
1621 1892 1700 1920 opor-

901 1932 943 1957 tet
966 1935 1011 1956 me
1040 1931 1067 1955 et
1091 1926 1258 1955 sensibiliter
1280 1930 1309 1955 et
1329 1927 1508 1962 spiritualiter
1533 1928 1698 1957 illuminare.

56 1971 92 2000 δεῖ
105 1984 137 2010 με
157 1973 205 2002 καὶ
228 1977 272 2004 ν’ὗν
293 1975 407 2014 φωτίσαι
428 1975 534 2004 πολλῶν
554 1973 658 2015 ψυχὰς,
674 1974 717 2004 διὰ
737 1977 783 2004 τοῦ
804 1977 964 2017 θεραπεῦσαι
982 1973 1026 2003 τὸν
1045 1972 1162 2013 τυφλὸν,
1182 1971 1229 2001 καὶ
1251 1971 1365 2011 φωτίσαι
1387 1972 1468 2002 αὐτοῦ
1486 1971 1534 2007 τὰς
1547 1972 1628 2013 κόρας
1647 1975 1700 2003 τῶν

56 2016 190 2055 δμμάτων·
204 2018 262 2048 ἐπεὶ
276 2018 327 2058 γὰρ
338 2020 392 2059 φῶς
407 2021 462 2057 εἰμι
471 2042 479 2057 ,
497 2020 538 2048 δεῖ
551 2031 583 2059 με
596 2020 642 2049 καὶ
655 2021 786 2056 αἰσθητῶς
800 2022 846 2050 καὶ
860 2019 1045 2059 πνευματικῶς
1063 2018 1197 2058 φωτίζειν.

110 2075 122 2089 ι
145 2064 239 2093 Ταῦτα
268 2063 365 2100 εἰπὼν,
401 2064 498 2093 ἔπτυσε
523 2064 629 2105 χαμαὶ,
664 2064 709 2094 καὶ
736 2065 844 2101 ἐποίησε

57 2105 135 2141 πηλὸν
150 2108 180 2137 ἐκ
206 2110 250 2137 τοῦ
275 2108 447 2148 πτύσματος⁷
473 2109 518 2138 καὶ
544 2109 668 2149 ἐπέχρισε
691 2110 736 2138 τὸν
759 2110 843 2146 πηλὸν
858 2121 883 2152 D

59 2150 97 2195 ἐπὶ
121 2151 178 2186 τοὺς
205 2152 354 2191 ὀφθαλμοὺς
383 2156 428 2183 τοῦ
455 2155 570 2194 τυφλοῦ,
601 2154 646 2183 καὶ
671 2149 743 2183 εἶπεν
764 2155 844 2195 αὐτῷ·

57 2192 175 2236 ”1’παγε,
203 2197 279 2237 νίψαι
299 2199 334 2231 εἷς
361 2198 408 2234 τὴν
437 2192 624 2238 κολυμϐήθραν
640 2201 685 2229 τοῦ
713 2192 844 2237 Σιλωὰμ,

57 2238 70 2267 ὃ
107 2241 280 2280 ἑρμηνεύεται
314 2244 357 2272 ἀπ
366 2254 377 2272 ε
387 2254 448 2272 στα
456 2244 472 2272 λ
481 2256 500 2282 μ
509 2243 521 2272 έ
529 2254 590 2276 νος.
634 2243 764 2279 Ἀπῆλθεν
801 2239 846 2273 οὖν

58 2283 98 2313 καὶ
126 2286 246 2327 ἐνίψατο,
286 2287 332 2316 καὶ
371 2283 433 2323 ἦλθε
468 2287 584 2327 βλέπων.
616 2302 628 2314 ι
668 2305 709 2311 -
734 2287 844 2327 Εἰπὼν⁷

59 2329 132 2368 φησὶ,
167 2335 249 2361 ταῦτα
285 2333 299 2361 6
330 2331 452 2369 Ἰησοῦς,
490 2333 538 2362 οὐκ
575 2332 638 2372 ἄχρι
674 2335 726 2362 τῶν
759 2334 846 2373 ῥημά-

57 2384 104 2402 των
135 2375 216 2413 ἔστη,
249 2376 318 2406 ἀλλὰ
341 2377 387 2406 καὶ
414 2377 445 2406 τὸ
479 2376 553 2416 ἔργον
578 2377 715 2414 ἐπέθηκεν.
745 2391 756 2404 α
796 2377 847 2408 Ἔ-

57 2429 134 2448 πτυσε
153 2420 204 2461 γὰρ
220 2421 327 2462 χαμαὶ,
346 2421 393 2450 καὶ
412 2421 497 2457 πηλὸν
517 2422 630 2458 ποιήσας
650 2422 771 2462 ἐπέχρισε
787 2423 844 2458 τοὺς

57 2462 195 2502 ὀφθαλμοὺς
224 2469 269 2496 τοῦ
297 2467 406 2507 τυφλοῦ-
426 2480 438 2493 ι
460 2466 585 2496 δεικνύων
605 2467 649 2496 διὰ
678 2470 723 2496 τοῦ
743 2469 844 2505 πηλοῦ,

57 2505 93 2535 ὅτι
107 2509 178 2543 αὐτός
201 2511 272 2540 ἐστιν
292 2512 306 2540 6
321 2511 366 2541 καὶ
382 2511 425 2541 τὸν
441 2511 526 2549 Ἀδὰμ
546 2511 598 2540 ἀπὸ
617 2513 702 2548 πηλοῦ
724 2513 840 2547 πλάσας.

57 2551 92 2580 Τὸ
113 2553 158 2591 μὲν
175 2554 225 2595 γὰρ
242 2556 339 2593 εἰπεῖν,
354 2555 408 2592 ὅτι,
423 2555 497 2596 Ἐγώ
521 2557 575 2595 εἶμι
590 2559 603 2586 6
619 2557 662 2586 τὸν
675 2556 760 2595 ’Λδὰμ
774 2557 843 2586 πλοί-

58 2606 114 2633 σας,
147 2600 290 2638 πρόσαντες
319 2600 403 2630 ἐδόκει
426 2605 480 2634 τοῖς
499 2601 637 2631 ἀκούουσι”
670 2601 713 2630 διὰ
743 2601 770 2630 δὲ
798 2605 842 2632 τοῦ

57 2638 125 2679 ἔργου
148 2643 330 2683 δεικνύμενον,
354 2647 402 2676 οὖκ
427 2645 465 2675 ἔτι
485 2645 578 2675 λοιπὸν
601 2646 775 2686 προσίστατο·
799 2646 843 2676 διὰ

57 2687 126 2716 τοῦτο
140 2689 183 2718 καὶ
199 2689 250 2719 ἀπὸ
265 2691 352 2726 πηλοῦ
368 2691 402 2720 τὰ
424 2690 536 2729 ὄμματα
560 2691 732 2730 δημιουργεῖ,
751 2691 842 2732 ἐκείνῳ

57 2730 91 2769 τῷ
115 2733 202 2774 τρόπῳ
226 2736 274 2771 τῆς
295 2735 485 2775 δημιουργίας,
502 2730 524 2776 ᾧ
547 2735 592 2765 καὶ
616 2736 660 2765 τὸν
674 2736 761 2774 Ἀδὰμ
781 2730 843 2772 £61,-

122 2825 155 2843 '"
168 2829 265 2858 Matth.
278 2837 352 2865 xm,
363 2832 391 2858 4.

447 2829 470 2848 ³⁸
483 2830 565 2860 Joan.
588 2837 638 2866 Ix,
667 2834 695 2860 4.
751 2829 778 2868 ³⁸-
795 2831 868 2860 Ibid.

935 2070 1026 2097 Vens.
1042 2070 1097 2096 6—7.
1127 2075 1142 2094 ιι
1167 2067 1228 2094 Hoc
1241 2073 1304 2094 cum
1329 2065 1452 2100 dixisset,
1471 2066 1578 2102 exspuit
1604 2066 1631 2095 in
1644 2070 1700 2096 ter-

899 2122 970 2146 ram,
985 2117 1013 2141 et
1026 2111 1088 2140 fecit
1103 2111 1191 2139 lutum
1204 2119 1236 2139 ex
1257 2114 1348 2147 sputo,
1371 2115 1398 2139 et
1418 2111 1502 2140 illevit
1521 2111 1610 2140 lutum
1620 2120 1703 2149 super

901 2158 996 2187 oculos
1018 2157 1094 2191 caeci,
1113 2161 1140 2184 et
1164 2156 1232 2184 dixit
1263 2155 1287 2184 ei
1315 2155 1425 2189 :Vade,
1449 2156 1508 2184 lava
1534 2156 1562 2184 in
1590 2157 1696 2193 piscina

901 2203 991 2237 Siloaa,
1015 2201 1090 2238 quod
1111 2201 1134 2228 si
1153 2200 1352 2236 interpreteris,
1376 2205 1456 2228 sonat
1480 2202 1594 2229 missus.
1620 2201 1701 2230 Abiit

900 2256 975 2285 ergo,
986 2251 1015 2276 et
1033 2245 1110 2280 lavit,
1123 2250 1150 2274 et
1160 2246 1235 2273 venit
1246 2245 1352 2273 videns.
1369 2256 1381 2269 ι-
1401 2245 1516 2280 Dicens,
1532 2245 1632 2282 inquit,
1643 2246 1702 2275 hinc

899 2294 989 2326 Iesus,
1010 2299 1068 2320 non
1094 2291 1136 2318 his
1153 2290 1242 2318 verbis
1271 2293 1418 2318 contentus
1440 2294 1494 2325 est,
1520 2290 1567 2318 sed
1580 2294 1608 2318 et
1632 2299 1702 2327 opus

898 2337 1014 2365 addidit.
1030 2348 1043 2361 ει
1059 2335 1176 2371 Exspuit
1190 2334 1263 2363 enim
1276 2335 1305 2362 in
1329 2339 1442 2368 terram,
1459 2339 1487 2362 et
1511 2335 1600 2363 lutum
1625 2334 1699 2370 fecit,

898 2382 1058 2418 inunxitque
1082 2381 1176 2408 oculos
1200 2379 1265 2408 caeci
1291 2388 1329 2407 ει
1357 2378 1505 2407 ostendens
1531 2388 1579 2416 per
1594 2380 1700 2416 lutum,

898 2427 973 2463 quod
999 2427 1058 2462 ipse
1086 2426 1122 2453 sit
1147 2424 1193 2462 qui
1223 2428 1250 2452 et
1269 2424 1357 2452 Adam
1377 2424 1412 2452 de
1441 2424 1500 2452 luto
1524 2424 1697 2454 formaverit.

899 2470 1023 2499 Dicenda
1041 2470 1117 2498 enim
1143 2479 1150 2497 :
1177 2471 1234 2505 Ego
1245 2477 1309 2497 sum
1337 2469 1383 2505 qui
1410 2469 1499 2497 Adam
1522 2468 1640 2498 formavi
1663 2469 1688 2488 ³⁷

898 2515 1069 2552 arrogantius
1083 2515 1173 2543 visum
1199 2513 1294 2542 fuisset
1318 2513 1492 2542 audientibus
1516 2523 1522 2542 :
1549 2515 1624 2550 quod
1654 2522 1702 2550 per

897 2570 966 2597 opus
981 2564 1164 2588 monstratum
1178 2567 1232 2587 non
1254 2558 1290 2586 ita
1315 2557 1432 2586 offendit
1446 2567 1453 2587 :
1472 2563 1615 2595 propterea
1627 2562 1653 2586 et
1666 2558 1701 2586 de

898 2606 956 2634 luto
970 2605 1065 2634 oculos
1092 2605 1132 2632 illi
1151 2604 1252 2632 format
1274 2611 1350 2631 more
1374 2603 1474 2639 opificii
1497 2611 1552 2640 quo
1568 2607 1596 2631 et
1609 2602 1700 2630 Adam

897 2649 1033 2678 formatus
1043 2654 1093 2678 est.
1109 2650 1172 2677 Non
1200 2648 1327 2676 formavit
1349 2652 1442 2676 autem
1458 2651 1567 2675 tantum
1591 2646 1697 2681 oculos,

896 2703 984 2731 neque
1017 2694 1125 2731 aperuit
1155 2696 1275 2725 tantum,
1301 2692 1349 2720 sed
1375 2697 1404 2721 et
1433 2691 1524 2720 videre
1550 2691 1698 2726 concessit;

896 2739 970 2768 unde
989 2740 1100 2776 signum
1115 2742 1156 2767 est
1170 2737 1244 2774 quod
1255 2741 1283 2766 et
1295 2737 1363 2766 Ade
1376 2737 1499 2765 animam
1516 2735 1703 2772 inspiraverit.

904 2830 939 2850 ³⁸⁸
953 2829 1052 2859 Matth.
1063 2837 1134 2864 XIII,
1149 2831 1195 2858 43.
1209 2827 1231 2847 ³⁷
1247 2829 1317 2858 Gen.
1333 2835 1371 2862 ιι,
1384 2830 1410 2854 7.
