1910 3077
65 154 101 180 49
478 156 673 183 ENARRATIO
694 156 726 184 IN
746 155 961 183 EVANGELIUM
979 155 1130 183 JOANNIS.
1152 171 1186 176 —
1205 156 1279 184 CAP.
1303 157 1344 183 IX.
1698 159 1733 186 50

65 217 158 255 ὶογεῖ.

68 263 166 297 ἓστιν;
184 261 256 292 ’Λπὸ
278 264 324 298 τῆς
347 262 412 302 πρὸς
432 262 491 296 τοὺς
508 263 628 300 μαθητὰς
647 263 798 297 διαλέξεως·
825 264 882 293 ἐπεὶ

68 305 123 346 γὰρ
141 306 297 346 ἠρώτησαν
324 307 370 345 μὲν
391 309 414 338 οἱ
444 309 562 346 μαθηταὶ
583 309 643 347 περὶ
657 310 739 338 αὐτοῦ
761 308 804 337 τὸν
827 309 882 339 Κύ-

71 363 128 390 ριον
141 374 151 389 ,
170 354 186 380 ὁ
207 352 238 381 δὲ
252 352 335 382 πλείω
351 352 472 393 διελέχθη
495 354 599 389 αὐτοῖς,
623 352 664 382 ὅτι
686 365 734 393 τε,
761 367 773 379 ι
791 353 838 383 Δεῖ
851 365 883 392 με

70 396 245 436 ἐργάζεσθαι
268 397 303 426 τὰ
320 397 384 436 ἔργα
400 400 445 427 τοῦ
469 397 622 438 πέμψαντός
649 411 698 436 με,
725 409 739 426 )›
762 398 808 428 καὶ
824 399 882 436 ὅτι,

71 452 86 468 ι
105 442 179 474 Φῶς
206 443 263 479 εἶμι
280 445 327 471 τοῦ
349 442 466 480 κόσμου,
484 454 497 470 ii
521 445 632 472 τοιαῦτα
655 443 681 472 δὲ
704 443 788 476 οὐδεὶς
805 443 883 476 ἄλλος

67 485 242 522 ἐδίδασκεν,
269 488 291 516 εἷ
321 487 357 525 μὴ
381 487 457 524 μόνος
472 487 616 525 ὁἸησοῧς,
643 488 687 517 καὶ
711 488 812 520 τούτοις
830 488 883 520 τοῖς

69 531 182 571 ῥήμασι
203 531 336 570 συχνάκις
361 531 505 572 ἐκέχρητό,
527 534 556 562 ἐκ
571 532 670 562 τούτων
692 533 793 571 ἐπέγνω
809 534 822 562 6
838 545 883 561 τυ-

218 217 304 248 Πόθεν
327 218 355 247 δὲ
381 217 556 257 ἐπεγίνωσκεν
585 218 677 254 αὐτὸν,
704 218 747 248 ὅτι
778 218 880 254 Ἰησοῦς

972 222 1097 255 queretur
1108 219 1159 251 eis,
1174 227 1272 254 nempe
1286 240 1293 252 ,
1311 231 1322 242 α
1340 219 1457 254 Oportet
1468 227 1512 247 me
1527 220 1634 255 operari
1649 228 1732 256 opera

937 263 997 299 ejus
1013 264 1058 299 qui
1074 264 1148 291 misit
1160 267 1264 296 me,et,
1281 275 1292 286 ιι
1314 264 1372 290 Lux
1387 271 1447 291 sum
1464 264 1556 291 mundi
1569 264 1592 283 ³³
1611 274 1619 292 :
1637 276 1649 288 υ
1665 265 1730 292 talia

937 312 1030 336 autem
1045 308 1136 335 nullus
1152 308 1221 336 alius
1235 308 1359 341 docebat,
1381 308 1433 335 nisi
1449 308 1523 335 soliis
1535 310 1625 342 Jesus,
1639 313 1667 336 et
1679 310 1731 338 illis

938 353 1028 381 verbis
1055 353 1152 381 crebro
1171 361 1238 380 usus
1262 357 1326 381 est:
1349 352 1412 381 inde
1436 353 1544 388 agnovit
1565 361 1628 381 eum
1643 361 1731 383 cmcus

937 397 1010 434 quod
1024 399 1104 426 Jesus
1131 402 1212 426 esset.
1229 399 1297 425 Nam
1320 397 1463 425 facientem
1479 397 1578 430 lutum,
1599 402 1626 425 et
1647 398 1732 426 inun-

937 446 1047 478 gentem
1069 442 1173 477 oeulos,
1189 451 1221 470 ex
1242 446 1368 470 contactu
1379 443 1500 478 agnovit,
1516 446 1661 477 spuentem
1676 450 1731 470 non

938 487 1013 515 item.
1037 489 1098 516 Non
1122 487 1197 515 enim
1225 487 1340 520 sciebat,
1366 491 1393 515 et
1412 491 1553 522 propterea
1581 486 1655 523 quod
1682 493 1731 514 ne-

938 532 1053 566 sciebat,
1073 540 1128 560 non
1143 532 1255 564 addidit,
1276 532 1344 560 adeo
1363 536 1422 559 erat
1441 531 1524 559 homo
1538 539 1628 559 verax.

69 575 153 616 φλὸς,
181 575 229 618 ὅτι
253 575 356 612 Ἰησοῦς
379 577 445 606 ἐστι.
470 577 510 606 Τὸ
537 577 584 615 μὲν
608 572 653 606 οὖν
675 580 785 612 ποιῆσαι
810 578 914 614 πηλὸν,
942 577 988 606 καὶ
1014 578 1150 616 ἐπιχρῖσαι
1170 577 1228 610 τοὺς
1256 577 1422 618 ὀρθαλμοὺς,
1450 577 1479 605 ἐκ
1511 578 1558 612 τῆς
1581 575 1650 613 ἁφῆς
1673 576 1732 605 ἔπι-

69 619 150 659 γνοὺς
189 616 261 650 εἶπε·
290 621 319 650 τὸ
350 621 376 650 δὲ
406 621 503 651 πτύσαι
533 623 580 651 οὒκ
608 621 658 653 ἔτι.
687 623 728 653 Οὐ
757 622 807 662 γὰρ
837 617 899 651 οἶδε’
928 622 1018 662 διόπερ
1047 623 1094 652 οὐκ
1127 622 1250 661 ἐπέγνω,
1277 616 1340 652 οὐδὲ
1370 624 1556 662 προστίθησιν,
1586 621 1668 655 οὕτως
1699 616 1733 658 ἦν

69 665 179 700 ἀληθὴς
205 667 221 694 ὃ
247 665 391 705 ἅνθρωπος.

113 725 125 736 ι
144 705 240 750 Εἶπον
267 706 312 739 οἶν
337 712 426 750 αὐτῷ’
454 713 510 741 ῐῖοῧ
536 713 607 741 ἐστιν
638 713 747 749 ἐκεῖνος
789 711 881 750 Λέγει·

71 755 133 784 Οὐκ
150 749 230 784 οῖδα.
253 754 377 794 Ἄγουσιν
395 756 472 785 αὐτὸν
489 757 553 795 πρὸς
572 757 632 791 τοὺς
657 757 822 796 Φαρισαίους
834 749 880 786 τόν

972 718 1062 746 Vatis.
1088 720 1182 746 12-16.
1211 729 1222 741 α
1241 718 1375 745 Dixerunt
1397 725 1462 752 ergo
1477 716 1502 744 ei
1520 716 1594 744 :Ubi
1611 719 1653 744 est
1670 716 1733 744 ille?

937 762 1002 790 Ait:
1029 763 1138 791 Nescio.
1156 761 1305 790 Adducunt
1323 761 1358 790 ad
1376 761 1528 789 Pliarismos
1542 768 1605 788 eum
1620 760 1666 796 qui
1681 761 1732 788 dii-

72 811 138 829 ποτε
156 799 273 839 τυτκλόν.
292 796 346 830 ΊἨν
367 801 394 829 δὲ
411 801 552 831 Σάϐϐατον
567 801 609 831 ὅτε
630 802 674 832 τὸν
693 802 778 835 πηλὸν
795 802 880 838 ἐποίη-

972 815 1004 835 im
1017 815 1106 835 caacus
1115 807 1212 835 fuerat.
1223 809 1291 835 Erat
1303 811 1394 835 autem
1408 806 1559 834 Sabbatum
1571 814 1634 833 cum
1643 806 1731 833 lutum

72 856 118 873 σεν
140 847 155 874 ὁ
176 844 300 887 Ἰησοῦς,
321 845 365 875 καὶ
388 846 498 886 ἀνέῳξεν
527 847 606 876 αὖτοῐῖ
632 847 693 880 τοὺς
717 847 879 887 ὀφθαλμούς.

76 890 167 919 Πάλιν
193 885 243 919 οὖν
263 891 375 929 ἠρώτων
405 891 482 920 αὐτὸν
509 893 532 920 οἱ
561 885 810 930 Φαρισαῖοιίπῶς
833 893 882 920 ἂν-

72 934 201 974 έϐλεψεν.
220 934 257 964 Ὀ
278 935 305 964 δὲ
330 931 402 965 εἶπεν
427 936 533 970 αὐτοῖς’
569 937 660 972 Πηλὸν
687 936 812 972 ἐπέθηκεν
838 936 882 965 ἐπὶ

72 977 133 1013 τοὺς
146 980 306 1021 ὀφθαλμούς
322 992 388 1018 μου,
401 980 446 1009 καὶ
462 981 609 1021 ἐνιψάμην,
621 981 666 1010 καὶ
683 981 784 1020 βλέπω.
798 980 880 1010 ’Ἑλε-

74 1036 119 1062 γον
145 1020 194 1054 οὖν
214 1025 246 1053 ἐκ
261 1027 313 1054 τῶν
331 1025 490 1065 Φαρισαίων
513 1026 592 1059 τινές·
612 1021 698 1059 Οὗτος
719 1028 732 1054 6
749 1026 883 1065 ἄνθρωπος

73 1070 122 1098 οὐκ
146 1069 208 1099 ἔστι
237 1069 311 1110 παρὰ
330 1071 419 1107 Θεοῦ,
446 1070 485 1099 ὅτι
514 1070 544 1100 τὸ
572 1070 714 1100 Σάϐϐατον
742 1071 771 1100 οὗ
796 1076 881 1110 τηρεῖ.

73 1113 168 1143 Ἄλλοι
195 1114 301 1154 ἔλεγονο
331 1116 396 1148 Πῶς
426 1115 537 1144 δύναται
560 1115 696 1155 ἅνθρωπος
725 1115 883 1154 ἁμαρτωλὸς

74 1161 189 1188 τοιαῦτα
207 1164 309 1198 σημεῖα
326 1163 430 1196 ποιεῖν;
461 1160 516 1190 Καὶ
532 1160 635 1199 σχίσμα
658 1156 692 1196 ἦν
714 1161 739 1189 ἐν
755 1161 853 1193 αὐτοῖς,
871 1173 882 1186 ι

76 1203 195 1240 Ἐπειδὴ
219 1207 232 1234 6
259 1204 356 1243 Κύριος
380 1205 553 1244 θεραπεύων,
582 1205 628 1234 καὶ
657 1208 749 1244 θαῦμα
776 1207 880 1241 ποιῶν,

77 1247 172 1277 εἴωθεν
207 1250 320 1279 ἐκνεύειν
349 1249 393 1278 διὰ
426 1250 456 1278 τὸ
484 1249 676 1288 ἀκόμπαστον,
704 1249 845 1290 ἐρωτηθεὶς
869 1252 882 1279 6

76 1294 198 1334 τυφλὸς,
229 1296 285 1324 Ποῦ
310 1295 379 1323 ἐστιν
403 1295 512 1330 ἐκεῖνος
541 1294 620 1333 λέγει·
651 1306 665 1323 ι
691 1296 750 1324 Οὖκ
777 1289 852 1331 οἶδα,
869 1308 882 1321 ι

78 1338 221 1373 ἀληθεύων
247 1339 354 1372 πάντως
379 1341 428 1368 κᾶν
456 1340 550 1379 τούτῳ.
568 1354 579 1365 ιι
607 1337 721 1377 Ἀγουσι
750 1338 777 1368 δὲ
804 1340 882 1369 αὐτὸν

78 1383 146 1420 πρὸς
172 1383 233 1417 τοὺς
251 1385 437 1424 Φαρισαίους,
455 1398 466 1410 ι
494 1384 536 1413 διᾶ
563 1384 591 1413 τὸ
615 1384 788 1425 σφοεροτέρας
815 1386 881 1424 ἔρω-

79 1427 183 1463 τῆσεως
217 1430 263 1458 καὶ
287 1429 446 1468 δριμυτέρας
472 1429 626 1465 ἀξιωθῆναι.
656 1429 881 1468 Ἐπισημαίνεται

79 1472 106 1501 δὲ
120 1474 134 1502 6
150 1474 342 1513 εὖαγγελιστὴς
353 1497 361 1510 ,
377 1475 417 1504 ὅτι
442 1475 586 1504 Σάϐϐατον
606 1470 652 1510 ἧν,
673 1474 716 1504 ἰ’να
734 1474 880 1511 ἐνδείξηται

78 1515 126 1552 τὴν
152 1519 286 1558 πονηρίαν
315 1520 422 1555 αὐτῶν,
450 1522 486 1553 ὡς
517 1519 703 1559 δρασσομένων
736 1519 880 1560 προφάσεις

80 1562 148 1592 κατὰ
165 1565 304 1603 Χριστοῦ,
319 1564 364 1593 καὶ
387 1564 568 1603 ἐγκαλούντων
585 1565 656 1602 αὐτῷ
673 1563 720 1599 τὴν
741 1567 787 1594 τοῦ
804 1565 878 1594 Σαϐ-

83 1606 165 1637 ϐάτου
184 1608 358 1648 παράϐασιν,
373 1610 418 1638 καὶ
440 1609 483 1638 διὰ
504 1610 603 1644 ταύτην
620 1609 769 1642 συσκιάζειν
784 1621 880 1649 πειρω-

83 1651 168 1688 μένων
193 1653 227 1682 τὸ
251 1655 351 1692 θαῦμα·
382 1654 421 1683 διὸ
452 1654 512 1683 οὐδὲ
541 1655 671 1693 ἐρωτῶσιν
698 1654 790 1690 αὐτὸν,
819 1655 880 1687 Πῶς

82 1696 242 1738 ἀνέϐλεψας,
256 1698 337 1736 ἀλλὰ,
346 1712 359 1724 ι
373 1699 435 1731 Πῶς
450 1698 548 1738 ἀνέῳξέ
559 1710 605 1728 σου
622 1698 680 1732 τοὺς
690 1698 839 1737 ὀφθαλμούς
850 1711 858 1736 ;
869 1712 880 1725 υ

82 1739 110 1768 τὸ
125 1741 183 1771 ὅλον
203 1742 391 1776 διαϐάλλοντες
406 1744 449 1772 τὸν
468 1743 578 1782 Κύριον,
595 1744 630 1776 ὡς
644 1744 670 1772 ἐν
685 1744 723 1783 τῷ
742 1743 880 1784 Σαϐϐάτῳ

82 1785 282 1825 ἐργασάμενον,
305 1787 495 1826 ἀναγκάζοντες
523 1787 601 1816 αὐτὸν
629 1788 673 1817 τὸν
697 1788 794 1826 τυφλὸν
817 1789 878 1817 ἐπι-

85 1833 252 1869 μνησθῆναι,
279 1832 318 1861 ὅτι
333 1832 417 1868 πηλὸν
438 1833 560 1868 ἐποίησεν
583 1833 609 1861 ἐν
625 1834 662 1872 τῷ
679 1832 815 1873 Σαϐϐάτῳ
831 1833 881 1868 δη-

84 1874 161 1911 λαδή.
179 1877 267 1910 Αὐτὸς
285 1876 312 1906 δὲ
322 1879 357 1911 ὣς
371 1878 435 1917 πρὸς
455 1877 602 1912 ἀκηκοότας
617 1877 669 1912 ἤδη
685 1877 880 1916 διαλεγόμενος,

85 1917 143 1948 οὔτε
167 1925 214 1951 τοῦ
239 1922 367 1960 ὀνόματος
387 1926 432 1952 τοῦ
448 1922 537 1958 Ἰησοῦ
562 1922 742 1961 μνημονεύει,
771 1921 828 1950 οὔτε
855 1922 881 1951 τί

85 1963 146 2004 πρὸς
161 1967 240 1996 αὐτὸν
265 1969 279 1996 6
297 1967 393 2007 Κύριος
422 1967 566 2003 ἐλάλησεν,
589 1969 648 1996 ἀλλ’
673 1966 689 2002 ἢ
716 1967 814 2006 μόνον,
841 1967 880 1996 ὅτι

86 2021 97 2034 ι
117 2010 209 2047 Πηλὸν
226 2012 354 2048 ἐπέθηκεν
369 2012 412 2042 ἐπὶ
429 2011 489 2044 τοὺς
505 2012 657 2052 ὀφθαλμούς
677 2024 741 2050 μου,
763 2011 808 2041 καὶ
825 2013 878 2041 ἐνι-

85 2057 187 2097 ψάμην,
219 2057 266 2086 καὶ
289 2057 388 2096 βλέπω.
411 2070 422 2084 ι
446 2057 523 2090 Εἰκὸς
547 2057 598 2096 γὰρ
623 2053 656 2094 ἦν
682 2057 879 2097 προακηκοέναι

935 851 1037 880 faceret
1050 853 1141 885 Jesus,
1154 857 1182 880 et
1206 852 1324 888 aperiret
1338 851 1431 879 oculos
1446 851 1514 887 ejus.
1545 852 1649 878 lterum
1668 858 1733 886 ergo

937 897 1144 933 interrogabant
1165 897 1250 932 636
1264 905 1327 925 eum
1341 901 1369 924 et
1389 895 1527 926 Pliarismi.
1541 895 1683 931 quomodo
1697 895 1733 922 vi-

936 950 999 970 sum
1014 942 1170 978 recepisset.
1188 942 1235 969 Ille
1258 946 1350 969 autem
1374 940 1442 968 dixit
1456 941 1516 968 eis:
1539 941 1641 967 Lutum
1665 939 1731 967 milii

936 986 1067 1022 imposuit
1091 994 1172 1022 super
1186 986 1291 1018 oculos,
1315 990 1342 1013 et
1357 985 1418 1019 lavi,
1440 989 1467 1012 et
1486 985 1571 1012 video.
1600 984 1734 1012 Dicebant

936 1039 1002 1068 ergo
1014 1039 1047 1059 ex
1062 1030 1205 1059 Pbarismis
1215 1030 1327 1066 quidam
1338 1039 1344 1058 2
1359 1031 1420 1058 Non
1429 1033 1469 1057 est
1483 1029 1527 1057 bic
1539 1029 1623 1056 homo
1637 1030 1732 1062 aDeo,

937 1076 1000 1112 quia
1013 1075 1163 1104 Sabbatum
1179 1083 1236 1103 non
1251 1075 1386 1103 observat.
1404 1074 1456 1101 Alii
1470 1078 1564 1102 autem
1580 1073 1707 1101 dicebant
1724 1083 1730 1101 :

937 1120 1083 1156 Quomodo
1105 1125 1195 1156 potest
1218 1119 1302 1148 homo
1322 1123 1446 1155 peccator
1465 1118 1523 1146 haec
1543 1119 1619 1154 signa
1633 1117 1732 1146 edere?

937 1168 972 1194 Et
991 1165 1127 1193 dissensio
1143 1169 1201 1192 erat
1215 1166 1286 1192 inter
1308 1172 1366 1192 eos.
1406 1176 1418 1188 ιι
1439 1163 1579 1199 Quoniam
1596 1162 1733 1190 Dominus

936 1218 1036 1239 sanans
1049 1214 1075 1238 et
1091 1210 1253 1238 miraculum
1275 1209 1388 1242 faciens,
1410 1211 1598 1240 consueverat,
1613 1215 1646 1235 eo
1658 1207 1731 1243 quod

936 1256 1040 1284 alienus
1062 1259 1135 1283 esset
1159 1254 1193 1282 ab
1214 1254 1408 1287 ostentatione,
1429 1253 1564 1285 secedere.
1581 1252 1730 1288 interroga-

936 1305 982 1328 tus
995 1307 1093 1331 caecus.
1111 1310 1123 1323 α
1144 1298 1198 1327 Ubi
1214 1303 1255 1326 est
1275 1299 1336 1326 ille?
1353 1311 1366 1323 η
1391 1297 1470 1331 dicit,
1487 1310 1499 1322 ι
1517 1297 1614 1325 Nescio
1631 1306 1637 1324 :
1654 1307 1667 1322 ι)
1685 1304 1730 1325 ve-

937 1353 999 1373 rum
1023 1344 1139 1373 omnino
1162 1344 1277 1378 loquens
1300 1347 1328 1371 et
1350 1343 1376 1370 in
1393 1343 1454 1370 hoc.
1481 1352 1493 1367 ι(
1513 1343 1626 1370 Ducunt
1639 1345 1730 1369 autem

936 1390 1013 1418 illum
1039 1388 1073 1416 ad
1098 1388 1260 1421 Pliarisaeus,
1278 1399 1290 1412 ι
1319 1392 1350 1415 ιιι
1374 1387 1529 1422 diligentius
1561 1391 1588 1414 et
1613 1386 1731 1414 exactius

936 1435 1158 1469 interrogaretur.
1179 1434 1265 1460 Porro
1279 1431 1443 1467 evangelista
1459 1431 1608 1467 assignavit
1627 1430 1730 1458 Sabba-

935 1484 993 1508 tum
1009 1486 1077 1512 esse,
1094 1481 1124 1505 ut
1138 1477 1297 1505 ostendatur
1311 1476 1414 1504 malitia
1434 1476 1554 1509 illorum,
1576 1475 1649 1512 quod
1665 1483 1730 1503 con-

934 1528 976 1552 tra
989 1523 1131 1551 Christum
1150 1521 1380 1558 apprehenderint
1394 1520 1576 1552 occasionem,
1592 1524 1619 1547 et
1637 1527 1732 1555 argue-

936 1573 992 1597 riut
1026 1569 1101 1596 illum
1141 1571 1250 1603 propter
1278 1566 1454 1594 violationem
1481 1565 1602 1598 Sabbati,
1634 1569 1662 1592 et
1693 1565 1730 1592 ita

935 1613 1065 1640 tcntarint
1088 1611 1252 1640 adumbrare
1277 1611 1451 1638 miraculum.
1475 1611 1620 1646 Propterea
1642 1617 1731 1645 neque

935 1658 1105 1693 interrogant
1118 1657 1193 1684 illum
1206 1655 1353 1692 Quomodo
1370 1655 1477 1688 viderit,
1491 1655 1537 1683 sed
1555 1666 1566 1678 α
1583 1654 1730 1690 Quomodo

935 1703 1029 1730 oculos
1049 1702 1108 1739 ejus
1131 1702 1280 1737 aperuerit,
1298 1713 1310 1725 ι
1338 1709 1384 1736 per
1405 1700 1498 1728 omnia
1531 1699 1730 1727 calumniantes

934 1748 1098 1780 Dominum,
1115 1746 1190 1783 quod
1202 1747 1229 1774 in
1247 1745 1366 1773 Sabbato
1381 1750 1512 1781 operatus
1527 1743 1617 1778 fuerit,
1631 1752 1732 1779 cogen-

935 1797 976 1820 tes
991 1792 1069 1819 illuni
1082 1799 1186 1819 ciccum
1197 1798 1428 1823 commemorare,
1440 1789 1515 1825 quod
1524 1789 1612 1817 lutum
1623 1789 1729 1822 fecerit,

935 1837 962 1864 in
983 1836 1102 1864 Sabbato
1125 1835 1236 1863 scilicet.
1259 1836 1319 1870 Ipse
1340 1839 1432 1861 autem
1459 1834 1528 1860 sicut
1557 1833 1591 1860 ad
1613 1841 1660 1861 eos
1683 1834 1730 1869 qui

936 1881 1077 1909 audierant
1089 1881 1148 1916 jam
1170 1880 1293 1913 loquens,
1313 1886 1399 1914 neque
1413 1878 1532 1905 nominis
1546 1879 1610 1904 Jesu
1625 1885 1732 1905 memor

935 1930 987 1960 est,
1002 1933 1092 1961 neque
1107 1924 1171 1960 quid
1186 1923 1220 1951 ad
1238 1923 1326 1959 ipsum
1343 1922 1477 1950 Dominus
1494 1922 1605 1954 dixerit,
1621 1921 1669 1949 sed
1684 1930 1730 1948 so,

936 1970 1004 2003 lum,
1021 1980 1035 1996 ‹‹
1056 1971 1158 1997 Lutum
1172 1968 1302 2004 imposuit
1321 1975 1403 2003 super
1417 1967 1511 1994 oculos
1526 1974 1614 2000 meos,
1628 1969 1654 1993 et
1669 1965 1730 1999 lavi,

935 2020 963 2044 et
987 2014 1075 2042 video.
1103 2026 1114 2037 -
1130 2013 1283 2041 Verisimile
1306 2013 1380 2040 cnim
1407 2011 1460 2039 fuit
1482 2010 1555 2046 quod
1581 2010 1732 2038 audiverint

936 2059 1067 2088 Pharisaei
1081 2059 1116 2086 ab
1131 2059 1163 2086 iis
1176 2059 1222 2094 qui
1235 2057 1407 2085 adducebant
1427 2056 1517 2091 ipsum
1538 2055 1572 2083 ad
1591 2055 1662 2089 illos,
1684 2055 1730 2090 qui

85 2101 143 2135 τοὺς
159 2101 325 2141 Φαρισαίους
346 2102 419 2141 παρὰ
439 2103 490 2130 τῶν
512 2101 557 2130 καὶ
576 2102 620 2130 τὸν
642 2101 739 2142 τυφλὸν
765 2102 878 2141 ἀγαγόν-

972 2108 1008 2133 rte
1027 2104 1190 2132 accusabant
1206 2102 1354 2130 Dominum
1374 2105 1401 2129 et
1420 2101 1556 2134 dicebant,
1579 2101 1648 2128 Ecce
1667 2108 1733 2136 qua-

86 2157 136 2176 των
157 2148 223 2187 πρὸς
244 2145 350 2182 αὐτοὺς,
381 2146 577 2175 διαϐαλλόντων
606 2146 669 2180 ἴσως
692 2146 736 2175 τὸν
763 2146 879 2186 Κύριον,

87 2190 130 2220 καὶ
153 2191 280 2221 εἰπόντων
301 2191 345 2220 ἄν’
362 2188 418 2220 Ἴδε
440 2187 484 2220 οἷα
507 2193 577 2220 ποιεῖ
590 2193 615 2221 ἐν
640 2191 774 2231 Σαϐϐάτῳ
798 2193 812 2220 6
827 2191 880 2227 Ἰη·

87 2239 152 2269 σοῢς.
177 2235 264 2270 Ἄξιον
285 2235 312 2265 δὲ
338 2237 401 2265 ἰδεῖν
434 2235 482 2271 τὴν
511 2236 664 2276 παρρησίαν
694 2239 739 2265 τοῦ
766 2237 880 2276 τυφλοῦ,

86 2279 156 2314 ὅπως
179 2280 225 2310 καὶ
251 2282 304 2314 τοῖς
320 2280 480 2320 Φαρισαίοις
505 2281 694 2316 ἀνεκπλήκτως
718 2281 878 2320 διαλέγεται.

90 2325 166 2354 Αὐτοὶ
193 2324 241 2363 μὲν
267 2325 382 2364 ἤνεγκαν
399 2325 492 2361 αὐτὸν,
519 2325 562 2353 ἵνα
586 2327 623 2365 τῷ
650 2325 724 2366 φόϐῳ
741 2326 881 2354 καταπλα-

88 2370 156 2405 γεὶς,
185 2369 334 2409 ἆρνήσηται
361 2370 411 2405 τὴν
441 2369 592 2409 Θεραπείαν’
623 2371 636 2398 6
665 2369 691 2399 δὲ
717 2369 880 2409 τρανώτερον

89 2413 166 2454 ἐκϐοᾷ
176 2437 184 2452 ,
200 2413 240 2443 ὅτι
255 2428 267 2440 ιι
281 2415 388 2444 Βλέπω.
409 2428 480 2440 ιι-ι
496 2414 611 2453 Ἔλεγον
624 2410 668 2444 οὖν
685 2417 714 2444 ἐκ
725 2417 776 2443 τῶν
793 2416 881 2454 Φαριο

88 2458 167 2487 σαίων
186 2459 268 2496 τινὲς,
286 2474 297 2485 ιι
324 2459 382 2488 ἀλλ’
409 2459 468 2499 οὐχὶ
490 2459 604 2495 πάντες,
633 2460 702 2489 ἀλλὰ
728 2461 752 2489 οἱ
776 2459 882 2496 ἰταμώ-

89 2513 168 2541 τεροι·
189 2516 202 2532 α
221 2500 307 2537 Οὗτος
334 2505 348 2532 ὁ
373 2504 507 2542 ἄνθρωπος
529 2504 576 2533 οὐκ
601 2504 670 2533 ἔστιν
687 2505 716 2533 ἐκ
737 2507 782 2534 τοῦ
798 2505 879 2534 Θεοῦ.

90 2544 176 2576 Ἄλλοι
192 2548 219 2577 δὲ
243 2548 349 2588 ἔλεγον,
374 2548 415 2577 ὅτι
430 2550 494 2582 Πῶς
515 2548 625 2577 δύναται
640 2549 774 2588 ἅνθρωπος
790 2549 880 2587 ἁμαρ-

91 2592 170 2626 τωλὸς
193 2596 303 2622 τοιαῦτα
331 2597 435 2629 ποιεῖν,
463 2607 475 2619 1
500 2592 583 2633 Ὁρᾷς
604 2593 664 2627 τοὺς
687 2593 800 2628 πολλοὺς
829 2594 882 2623 ἀπὸ

90 2637 139 2664 τῶν
162 2639 279 2676 σημείων
305 2637 540 2677 μαλαττομένους;
559 2638 629 2668 Ἰδοὺ
647 2633 718 2668 οὗτοι
733 2639 883 2677 Φαρισαῖοι

93 2680 134 2709 καὶ
158 2682 297 2722 ἄρχοντες,
325 2682 396 2719 ὅμως
421 2683 473 2713 ἀπὸ
507 2686 552 2712 τοῦ
577 2683 688 2721 σημείου
720 2683 883 2712 καταδυσω-

94 2727 215 2763 ποῦνται,
243 2728 288 2757 καὶ
313 2729 588 2768 ὕπεραπολογοῢνται,
621 2739 634 2756 α
651 2728 696 2757 καὶ
720 2728 822 2768 σχίσμα
851 2723 884 2763 ἦν

160 2820 182 2838 ³⁸
196 2823 277 2851 Joan.
292 2829 342 2856 ix,
357 2826 384 2856 4,
401 2825 428 2850 5.
465 2821 487 2838 ⁸⁰
500 2822 582 2850 Joan.
599 2829 662 2855 vn,
681 2824 724 2850 I‘Z.

936 2150 973 2178 lia
995 2149 1058 2177 facit
1081 2149 1110 2176 in
1131 2148 1250 2175 Sabbato
1272 2148 1360 2175 Jcsus.
1378 2147 1475 2182 Operae
1499 2145 1618 2181 pretium
1640 2149 1732 2172 autem

936 2199 978 2223 est
992 2194 1082 2222 videre
1095 2193 1159 2221 caici
1182 2193 1209 2220 in
1231 2191 1347 2220 dicendo
1367 2191 1531 2224 libertatem,
1553 2194 1583 2218 ut
1596 2193 1623 2217 et
1638 2189 1732 2217 Phari-

933 2247 1004 2268 δαῖος
1034 2238 1169 2274 impavide
1192 2237 1346 2272 alloquitur.
1367 2237 1435 2263 Nam
1461 2235 1500 2263 illi
1524 2234 1634 2270 quidem
1648 2234 1732 2262 addu-

935 2284 1035 2312 cebant
1048 2291 1120 2317 eum,
1136 2286 1167 2310 ut
1181 2286 1257 2310 metu
1273 2281 1413 2317 perculsus
1427 2284 1536 2316 negaret
1551 2278 1731 2307 sanationem.

935 2327 1279 2360 Atillcclariiiscxclamat,
1293 2338 1304 2350 ις
1317 2325 1414 2353 Video.
1429 2336 1494 2350 n—a
1508 2324 1641 2351 Dicebant
1652 2324 1734 2360 igitur

935 2374 1047 2410 quidam
1060 2381 1093 2401 ex
1112 2372 1261 2403 Pliarismis.
1271 2383 1284 2395 υ
1299 2379 1356 2398 ιιοιι
1369 2378 1476 2403 omnes,
1490 2369 1537 2397 sed
1550 2369 1734 2404 iiiipudentio-

936 2427 979 2447 rcs
1007 2429 1012 2446 :
1045 2429 1057 2442 σι
1085 2418 1135 2445 llic
1164 2417 1246 2444 homo
1274 2424 1329 2443 non
1358 2420 1399 2442 est
1412 2423 1444 2442 ex
1470 2416 1538 2442 Deo.
1563 2414 1615 2441 Alii
1641 2420 1734 2441 autem

936 2463 1062 2492 dicebant
1088 2472 1094 2490 :
1122 2461 1270 2496 Quomodo
1301 2464 1392 2496 potest
1416 2459 1500 2487 homo
1523 2462 1650 2494 peccator
1673 2458 1735 2486 talia

936 2507 1042 2536 facere?
1063 2519 1075 2531 ιι
1100 2507 1182 2534 Vides
1203 2506 1304 2533 multos
1324 2513 1340 2532 a
1363 2504 1447 2538 signis
1469 2503 1599 2531 mulceri?
1616 2505 1685 2530 Ecce
1709 2505 1736 2529 et

936 2552 964 2580 hi
991 2551 1119 2580 Pliarisaai
1145 2555 1172 2578 et
1199 2550 1334 2585 principes
1360 2553 1448 2581 erant,
1474 2552 1597 2576 attamen
1623 2555 1637 2574 a
1658 2547 1736 2581 signo

938 2598 1080 2633 placantur
1093 2600 1120 2623 et
1135 2594 1324 2623 defensionem
1341 2593 1503 2628 suscipiunt.
1526 2604 1537 2616 ιι
1554 2593 1587 2619 Et
1605 2590 1736 2618 dissensio

936 2646 995 2670 erat
1014 2642 1039 2668 in
1055 2641 1101 2669 eis.
1127 2652 1139 2665 ν
1165 2641 1230 2667 llaec
1245 2638 1380 2666 dissensio
1396 2638 1469 2673 prius
1492 2641 1550 2664 orta
1566 2635 1617 2663 fuit
1638 2635 1663 2662 in
1678 2638 1736 2661 tur-

937 2687 970 2715 ba
988 2695 994 2714 :
1013 2696 1026 2712 ι(
1039 2685 1060 2702 ³⁸
1077 2687 1146 2713 Nam
1157 2685 1202 2712 alii
1219 2683 1332 2720 quidem
1343 2683 1481 2716 dicebant,
1493 2680 1602 2710 Seducit
1613 2678 1734 2712 turbam,

937 2732 983 2759 alii
1006 2735 1109 2764 autem,
1131 2731 1202 2758 Non.
1231 2740 1243 2754 ο
1269 2729 1350 2757 Nunc
1364 2731 1459 2756 autem
1483 2730 1510 2755 et
1528 2725 1556 2753 in
1571 2722 1737 2760 principibus
