1910 3077
175 173 204 198 51
685 168 944 196 THEOPHYLACTI
964 168 1142 196 BULGARLE
1160 167 1317 196 ARCHlEP.
1804 162 1843 187 52

174 232 273 266 oritur,
297 237 325 260 et
346 232 428 260 multi
452 239 486 260 ex
511 231 656 259 Pharismis
681 230 759 259 divisi
773 231 808 259 ab
828 231 890 260 aliis
903 235 976 265 sunt,

1073 232 1160 265 αὐτοῖς
1177 232 1253 270 (9.9).
1277 243 1290 256 ιι
1307 231 1395 260 Τοῦτο
1410 227 1440 257 τὸ
1464 226 1566 267 σχίσμα
1586 225 1712 265 πρότερον
1735 223 1789 262 μὶν
1808 224 1842 270 ἐν

175 281 202 305 et
225 277 436 313 patrocinantur
464 276 609 304 miraculo.
634 277 830 304 Verumtamen
852 276 979 312 quamvis

175 321 255 351 divisi
271 321 381 355 fuerint,
398 321 580 357 negligentius
602 325 697 349 tamen
711 321 816 349 instant
837 329 885 357 pro
900 321 979 350 Chri-

177 371 231 399 sto,
258 370 286 394 et
307 366 462 394 dubitanter
492 370 521 394 et
545 365 647 401 duplici
664 366 759 394 animo
785 366 873 402 magis
894 374 979 402 quam

176 411 304 439 ﬁrmiter.
318 410 392 438 Audi
407 411 481 438 enim
492 410 557 446 quid
567 410 660 438 dicant
675 421 681 438 :
698 421 711 435 «ι
728 410 875 446 Quomodo
890 414 979 447 potest

179 456 265 484 homo
289 460 416 491 peccator
437 455 500 484 talia
521 455 628 483 facere?
653 467 666 479 η
682 455 766 483 Vides
786 464 869 491 quam
884 455 979 484 leviter

179 502 310 537 urgeant?
325 500 392 528 Vide
406 504 498 528 autem
520 504 547 528 et
561 500 695 528 malitiam
710 508 807 528 eorum
823 500 870 536 qui
885 500 979 528 crimi-

178 549 289 573 nantur.
315 547 377 573 Non
402 545 478 573 enim
502 545 598 573 dicunt
623 545 698 573 :Hic
718 553 775 572 non
793 549 834 573 est
848 553 880 573 ex
906 547 976 580 Deo,

178 590 243 626 quia
257 590 286 617 in
308 589 429 618 Sabbato
451 593 541 624 sanat;
558 590 616 624 sed,
640 602 653 614 ιι
677 590 745 624 Quia
759 590 907 618 Sabbatum
922 598 978 618 non

179 639 270 663 servat
284 644 291 662 :
313 644 326 660 »
342 642 451 662 sursum
472 635 654 670 deorsumque
666 642 721 662 non
738 634 914 669 beneﬁcium,
929 635 978 663 sed

179 679 233 708 diei
255 679 433 707 violationem
458 679 677 715 pronuntiantes.
702 680 813 707 Annota
836 684 929 708 autem
951 683 979 708 et

179 724 243 758 hoc,
255 724 338 760 637
350 723 491 760 quomodo
503 723 639 760 principes
650 724 790 760 segniores
802 732 886 760 quam
896 725 978 753 turba

179 768 234 797 sint
254 768 283 796 in
304 768 386 796 bono.
406 769 478 796 Nam
503 768 582 796 turba
597 768 709 804 quidem
725 769 801 804 prius
820 769 904 796 divisa
919 773 978 797 erat

180 813 333 848 sententiis,
356 817 383 841 et
401 821 459 841 non
474 821 569 841 omnes
593 813 660 841 dura
674 813 858 849 loquebantur
879 817 976 842 contra

181 857 320 886 Christum
336 866 344 886 :
362 858 501 894 Principes
522 862 614 886 autem
630 858 763 894 posterius
777 858 805 886 in
824 858 894 886 hanc
916 858 974 886 lau-

180 901 300 931 dabilem
321 902 516 930 dissensionem
540 907 685 930 venerunt.
723 903 864 939 Contingit
903 903 975 931 enim

181 947 263 974 etiam
297 947 366 974 bene
390 947 545 981 dissentire,
569 947 640 975 sicut
664 951 692 974 et
723 947 865 975 Dominus
888 947 977 976 dicit:

181 1001 195 1016 ιι
220 990 352 1019 Gladium
383 991 443 1020 veni
470 992 580 1020 mittere
603 999 686 1028 super
708 995 813 1020 terram
827 992 859 1025 ιο,
885 1004 897 1017 υ
922 1000 977 1029 quo

179 1036 325 1064 sententiae
356 1036 469 1065 omnino
493 1036 529 1065 ob
561 1036 668 1065 bonum
691 1040 720 1065 et
743 1037 874 1073 pietatem
908 1037 978 1065 divi-

179 1079 293 1109 duntur.

216 1220 306 1248 Vnus.
324 1222 418 1248 17-19.
445 1231 459 1245 ιι
482 1220 586 1248 Dicunt
605 1227 679 1249 caeco
702 1220 802 1248 iterum
823 1229 830 1247 :
847 1221 899 1255 Tu,
915 1220 979 1256 quid

181 1264 249 1292 dicis
257 1264 291 1292 de
301 1264 348 1292 illo
359 1264 423 1300 quia
443 1265 548 1300 aperuit
561 1265 608 1292 tibi
621 1265 714 1293 oculos
725 1266 808 1293 tuos?
821 1265 868 1292 Ille
886 1269 979 1293 autem

183 1308 277 1337 dixit:
298 1309 436 1345 Propheta
457 1313 508 1338 est.
527 1311 589 1338 Non
610 1310 784 1338 crediderunt
808 1317 872 1346 ergo
891 1310 979 1338 Judaei

183 1353 217 1381 de
240 1353 287 1382 illo
310 1354 384 1390 quod
415 1362 504 1383 cmcus
533 1353 638 1389 fuisset,
666 1359 693 1382 et
715 1354 804 1382 visum
824 1354 980 1390 recepisset,

183 1398 273 1426 donec
294 1403 459 1427 vocaverunt
481 1403 606 1435 parentes
617 1399 677 1435 ejus
696 1399 743 1435 qui
762 1399 850 1426 visum
870 1407 982 1433 recepe-

185 1447 238 1477 rat,
250 1447 277 1471 et
288 1444 526 1480 interrogaverunt
543 1452 601 1478 eos,
620 1444 745 1472 dicentes
762 1443 835 1471 :Hic
854 1448 896 1471 est
912 1443 982 1472 ﬁlius

183 1492 283 1522 vester,
298 1497 382 1525 quem
394 1496 443 1516 vos
457 1488 588 1517 dicebatis
598 1497 700 1517 caecum
710 1493 804 1516 natum
819 1490 896 1516 esse?
910 1496 981 1524 quo—

1032 279 1070 316 τῷ
1085 276 1157 317 ὄχλῳ
1171 267 1246 317 ἐιρύη·
1262 277 1285 305 οἱ
1306 274 1353 313 μὲν
1374 272 1426 313 γὰρ
1445 272 1548 311 ἔλεγον,
1572 271 1613 300 ὅτι
1629 283 1644 298 ιι
1662 271 1764 317 Πλανιᾷ
1790 267 1843 298 τὸν

1033 314 1121 362 ὄχλονἰ
1137 314 1161 351 οἱ
1185 314 1212 351 δὲ
1223 345 1230 357 ,
1245 322 1284 350 ὅτι
1306 318 1356 349 Οὔ.
1373 332 1385 345 ν
1407 320 1462 349 Νῦν
1480 318 1507 346 δὲ
1523 316 1569 346 καὶ
1584 316 1701 362 ἄρχουσι.
1712 314 1821 362 φύεται
1832 336 1842 351 ,

1033 360 1078 396 διαὶ
1101 366 1157 397 ἰδοὺ
1171 366 1265 396 πολλοὶ
1291 367 1343 395 τῶν
1368 362 1527 404 Φαρισαίων
1556 360 1763 400 ἀποσχισθέντες
1779 360 1842 388 τῶν

1033 412 1139 448 ἄλλων,
1156 413 1330 451 συνηγοροῦσι
1353 410 1391 449 τῷ
1416 407 1544 446 θαύματι.
1573 406 1649 440 Πλὴν
1666 407 1688 434 εἰ
1711 403 1758 451 καὶ
1784 404 1844 432 ἄπ-

1032 457 1208 496 εσχίσθησαν,
1231 456 1300 485 ἀλλὰ
1319 453 1508 493 μαλακώτερον
1531 452 1666 481 ἐνίσταντο
1692 449 1761 489 ὑπὲρ
1788 450 1841 478 τοῦ

1033 493 1166 541 Χριστοῦ,
1196 493 1240 530 iui
1266 499 1419 540 ἀμφιϐόλως
1449 498 1550 536 μᾶλλον
1577 496 1622 525 καὶ
1649 493 1838 541 διψύχωςηιῆ

1033 538 1157 586 βεϐαίως.
1191 544 1286 576 Ἄκουε
1312 538 1363 584 γὰρ
1389 542 1414 572 1i
1444 551 1517 582 φασι·
1552 542 1615 574 Πῶς
1643 540 1753 570 δύναται
1790 538 1841 567 ἄν·

1031 584 1132 631 θρωπος
1155 590 1312 630 ἁμαρτωλὸς
1335 591 1445 618 τοιαῦτα
1469 587 1570 623 ποιεῖν;
1588 599 1602 614 ιδ
1616 585 1698 626 Ὁρᾷς
1723 584 1753 614 τὸ
1778 596 1839 631 μα-

1032 637 1112 666 λακὸν
1139 639 1185 671 τ’ἧς
1212 635 1372 670 ἐνστάσεωςς
1413 632 1487 673 Ὀρα
1512 631 1558 661 καὶ
1585 631 1632 667 τὴν
1664 628 1838 676 καιρουργίαν

1031 683 1082 711 τῶν
1107 681 1313 710 διαϐαλλόντων.
1339 680 1380 709 Οὐ
1399 678 1450 717 γὰρ
1467 677 1587 716 λέγουσιν
1598 699 1606 712 ,
1621 675 1662 705 ὅτι
1681 675 1771 707 Οὗτος
1785 675 1840 703 οὐκ

1032 726 1101 756 ἔστιν
1115 727 1143 755 ἐκ
1158 727 1227 756 Θεοῦ
1237 748 1245 763 ,
1261 724 1301 755 ὅτι
1317 725 1343 753 ἐν
1359 723 1496 762 Σαϐϐάτῳ
1511 720 1665 761 θεραπεύει,
1679 719 1779 758 ἀλλ’,μ
1794 718 1837 748 ὅτι

1032 771 1062 800 τὸ
1087 770 1229 800 Σάϐϐατον
1255 770 1284 798 οὗ
1312 773 1403 808 τηρεῖ,
1431 782 1443 793 ι·
1470 767 1524 796 ἄνω
1550 766 1594 796 καὶ
1623 765 1696 795 κάτω
1721 765 1751 794 οὖ
1783 764 1836 799 τὴν

1032 815 1197 855 εὐεργεσίαν,
1225 813 1294 843 ἀλλὰ
1320 814 1367 849 τὴν
1391 812 1542 851 παράλυσιν
1571 813 1616 846 τῆς
1632 811 1735 849 ἡμέρας
1759 820 1836 848 προ-

1031 854 1164 901 φέροντες,
1185 859 1343 897 Σημείωσαι
1359 858 1386 888 δὲ
1402 857 1447 887 καὶ
1462 859 1556 892 τοῦτο,
1574 855 1644 889 ὅπως
1657 857 1681 885 οἱ
1701 854 1835 901 ἄρχοντες

1033 897 1187 944 νωθρότεροι
1211 906 1256 933 τοῦ
1274 903 1354 943 ὄχλου
1376 902 1426 931 εἶσὶ
1449 903 1509 941 περὶ
1521 900 1551 930 τὸ
1573 900 1665 930 καλόν.
1696 898 1765 929 Ἰδοὺ
1782 897 1838 937 γὰρ

1033 951 1047 979 ὃ
1062 943 1110 988 μὲν
1125 943 1203 990 ὄχλος
1224 949 1349 988 πρότερον
1373 946 1534 986 ἐσχίσθησαν
1551 947 1609 978 ταῖς
1623 944 1759 983 γνώμαις,

1032 987 1091 1035 οὐχὶ
1118 987 1214 1028 παντες
1243 987 1402 1033 ὦμοςρώνουν
1427 990 1496 1020 κατᾶ
1520 993 1565 1020 τοῦ
1594 991 1722 1030 Χριστοῦ’
1754 989 1780 1018 οἱ
1809 987 1837 1016 δὲ

1033 1041 1157 1080 ἄρχοντες
1172 1039 1280 1078 ὕστερον
1303 1040 1380 1067 τοῦτο
1399 1036 1429 1066 τὸ
1449 1035 1585 1065 ἐπαινετὸν
1606 1035 1710 1074 σχίσμα
1724 1032 1835 1062 πεπόν-

1033 1077 1119 1115 θασιν.
1143 1083 1223 1114 Ἔστι
1239 1077 1298 1122 γὰρ
1324 1082 1370 1112 χαὶ
1391 1082 1479 1114 καλῶς
1494 1083 1647 1120 σχισθῆναι*
1665 1078 1734 1108 καθὰ
1758 1077 1808 1107 καὶ
1823 1079 1837 1106 ὁ

1035 1129 1131 1168 Κύριός
1146 1138 1221 1169 φησι⁸
1238 1139 1253 1157 (ι
1271 1127 1416 1166 Μαχαιραν
1428 1122 1507 1162 ἦλθον
1526 1126 1617 1164 βαλεῖν
1630 1124 1673 1153 ἐπὶ
1685 1123 1733 1159 τὴν
1745 1124 1811 1169 γῇν,
1824 1136 1836 1148 I

1033 1167 1138 1209 τὴνέπὶ
1153 1167 1229 1213 ααλῷ
1250 1172 1355 1204 πάντως
1377 1171 1423 1201 καὶ
1444 1170 1564 1210 εὐσεϐείᾳ
1586 1167 1835 1209 διχογνωμοσῦνην.

1073 1232 1087 1246 ι
1114 1212 1229 1255 Λέγουσι
1257 1219 1295 1256 τῷ
1316 1217 1406 1256 τυφλῷ
1427 1215 1516 1245 πάλιν
1541 1215 1580 1244 Σὺ
1606 1214 1632 1244 τί
1657 1212 1837 1256 λέγειςῌπερὶ

1035 1263 1132 1301 αὐτοῦ,
1157 1253 1196 1292 ἔτι
1212 1253 1298 1298 ἤνοιξέ
1323 1253 1370 1291 σου
1385 1253 1445 1295 τοὺς
1467 1259 1616 1300 ὀφθαλμούς
1624 1269 1638 1301 ς,
1649 1258 1683 1289 Ὁ
1699 1258 1726 1287 δὲ
1742 1253 1835 1294 εἶπεν,

1035 1308 1075 1337 ὅτι
1092 1307 1236 1348 Προφήτης
1252 1306 1335 1337 ἐστίν.
1355 1307 1414 1336 Οὐκ
1431 1305 1590 1335 ἐπίστευσαν
1609 1300 1653 1334 οῦν
1667 1305 1690 1333 οἱ
1706 1303 1836 1332 Ἰουδαῖοι

1034 1353 1094 1393 περὶ
1116 1346 1210 1389 αὐτοῦ,
1225 1351 1264 1381 ὅτι
1279 1351 1375 1391 τυφλὸς
1396 1346 1428 1387 ’ἧν
1440 1373 1447 1386 ,
1467 1350 1512 1379 καὶ
1530 1348 1690 1389 ἀνέϐλεψεν,
1706 1347 1756 1381 ἕως
1772 1347 1836 1393 ὅτου

1035 1397 1173 1437 ἔρώνησαν
1196 1396 1256 1430 τοὺς
1271 1400 1353 1434 γονεῖς
1372 1396 1452 1425 αὐτοῦ
1474 1397 1520 1423 τοῦ
1549 1393 1766 1434 ἀναϐλέψαντος,
1789 1392 1837 1421 καὶ

1035 1441 1178 1481 ἠρώτησαν
1207 1440 1314 1476 αὐτοὺς,
1347 1440 1477 1480 λέγοντες
1519 1435 1605 1471 Οἷτός
1639 1439 1710 1467 ἐστιν
1737 1439 1752 1467 ὁ
1780 1435 1838 1469 υἱὸς

1035 1488 1123 1523 ὑμῶν,
1146 1485 1174 1515 ὃν
1194 1487 1269 1524 ὑμεῖς
1288 1485 1410 1524 ἐλέγετε,
1427 1483 1468 1513 ὅτι
1490 1484 1585 1524 τυφλὸς
1612 1482 1754 1522 ἐγεννήθη;
1777 1483 1837 1514 πῶς

184 1532 267 1561 modo
281 1524 346 1569 ergo
363 1541 437 1561 nunc
450 1533 533 1561 videt.
553 1545 565 1557 τι
588 1534 641 1568 Qui
658 1532 770 1561 fuerunt
784 1533 976 1569 interrogantes

1058 1527 1080 1560 εν
1110 1530 1170 1570 ἄρτι
1196 1530 1304 1570 βλέπεις
1322 1542 1337 1558 ν
1362 1530 1437 1562 Τίνες
1465 1524 1534 1565 ἦσαν
1561 1529 1584 1556 οἱ
1610 1529 1759 1567 ἐρωτῶντες
1789 1526 1835 1555 τὸν

184 1585 298 1612 caecum,
323 1589 335 1603 ι
362 1579 403 1606 Tu
427 1577 493 1614 quid
512 1578 581 1606 dicis
596 1578 630 1605 de
643 1578 707 1606 illo?
723 1588 736 1602 α
758 1579 843 1606 Erant
857 1577 936 1614 plane
949 1585 981 1605 ex

183 1622 380 1651 benevolorum
392 1627 474 1650 sorte.
487 1624 558 1650 Nam
574 1627 719 1658 postquam
733 1622 870 1656 dixerunt,
887 1634 898 1646 ιι
912 1623 983 1657 Quo-

183 1667 267 1696 modo
293 1672 383 1703 potest
405 1671 532 1703 peccator
554 1667 619 1694 talia
641 1666 716 1703 signa
739 1666 842 1695 facere?
868 1679 880 1692 ιι
902 1671 933 1695 ut
947 1675 981 1695 ne

183 1712 332 1740 videantur
347 1711 397 1747 ipsi
411 1711 514 1739 frustra
530 1711 704 1746 patrocinari,
722 1719 786 1739 eum
809 1712 854 1748 qui
876 1712 979 1740 beneﬁ-

184 1757 257 1784 cium
279 1759 429 1791 acceperat,
453 1756 482 1783 in
501 1760 601 1784 testem
620 1756 772 1790 adducunt,
795 1761 825 1784 ut
845 1765 892 1792 per
917 1765 981 1784 eum

183 1801 231 1837 qui
256 1801 386 1828 virtutem
406 1804 540 1835 senserat,
569 1800 742 1829 confutarent
764 1801 980 1830 calumniatores.

184 1845 254 1873 Vide
284 1844 360 1872 enim
392 1845 530 1881 quomodo
555 1845 684 1874 benevole
709 1846 887 1881 interrogant.
918 1848 980 1875 Non

185 1889 261 1917 enim
275 1888 416 1925 dixerunt,
442 1901 455 1914 α
471 1891 512 1918 Tu
529 1890 594 1926 quid
607 1890 675 1919 dicis
688 1890 723 1918 de
738 1891 796 1925 illo,
814 1903 826 1915 ι
850 1891 913 1927 quia
936 1891 980 1919 lu-

184 1938 246 1961 tum
262 1933 335 1968 fecit,
351 1934 413 1970 quia
437 1935 589 1962 Sabbatum
603 1943 659 1963 non
678 1936 813 1963 servavit?
836 1936 882 1964 sed
898 1937 979 1964 mira-

184 1978 239 2006 culi
270 1979 440 2007 mentionem
470 1978 586 2014 faciunt,
612 1991 625 2004 ιι
651 1980 721 2015 Quia
752 1980 858 2016 aperuit
887 1982 981 2009 oculos

185 2027 250 2052 tuos
272 2033 281 2051 :
299 2032 314 2050 r.
335 2024 413 2060 quasi
436 2028 600 2052 exacuentes
614 2029 740 2052 curatum
762 2029 792 2052 ut
807 2033 856 2061 pro
871 2025 979 2054 Christo

184 2075 247 2103 quae
272 2067 353 2104 digna
379 2072 466 2102 erant,
482 2068 592 2097 diceret.
617 2070 650 2096 In
676 2071 841 2098 memoriam
865 2071 936 2098 enim
956 2071 980 2098 ei

183 2112 320 2140 reducunt
342 2121 349 2141 :
366 2124 379 2138 ιι
401 2113 471 2148 Quia
490 2114 594 2149 aperuit
615 2114 708 2142 oculos
724 2119 795 2143 tuos.
813 2127 825 2139 ιι
843 2115 981 2143 Beneﬁcio

183 2161 210 2184 te
227 2162 387 2193 prosecutus
401 2162 452 2191 est,
467 2158 560 2186 dicunt
577 2168 584 2186 :
604 2163 632 2187 et
645 2160 682 2187 ita
695 2159 779 2188 debes
791 2161 868 2188 illum
884 2160 982 2196 pradi-

1035 1575 1150 1616 τυφλὸν,
1168 1588 1180 1602 ιι
1209 1574 1249 1605 Σὺ
1264 1575 1289 1604 τί
1304 1576 1387 1614 λέγεις
1409 1573 1468 1613 περὶ
1491 1574 1587 1609 αὐτοῦ;
1607 1586 1618 1599 ι
1635 1574 1692 1608 Τῆς
1714 1573 1766 1600 τῶν
1790 1571 1835 1600 εὖ·

1035 1613 1176 1659 γνωμόνων
1195 1619 1286 1660 μοίρας
1306 1613 1373 1656 ἦσαν
1384 1628 1392 1636 ”
1424 1618 1501 1648 Ἐπεὶ
1517 1617 1566 1658 γὰρ
1583 1613 1670 1653 εἶπον,
1684 1616 1724 1647 ὅτι
1739 1629 1752 1643 ιι
1771 1617 1837 1649 Πῶς

1037 1666 1146 1695 δύναται
1165 1664 1322 1704 ἁμαρτωλὸς
1337 1665 1446 1693 τοιαῦτα
1465 1667 1564 1701 σημεῖα
1579 1664 1683 1699 ποιεῖνς
1699 1676 1712 1687 ιι
1731 1660 1777 1690 ἵνα
1797 1660 1834 1699 μὴ

1037 1710 1144 1744 δόξωσιν
1167 1709 1242 1739 αὐτοὶ
1267 1709 1351 1746 μάτην
1376 1713 1545 1747 συνηγορεῖν,
1577 1707 1620 1736 τὸν
1647 1706 1764 1736 λαϐόντα
1785 1705 1834 1742 τὴν

1036 1755 1202 1795 εὐεργεσίαν,
1229 1754 1306 1782 αὐτὸν
1333 1754 1483 1793 παράγουσι
1514 1753 1656 1792 μάρτυρα,
1678 1754 1713 1785 ὡς
1740 1751 1835 1780 αἰσθό-

1036 1811 1113 1837 μενον
1137 1802 1185 1834 τῆς
1210 1798 1360 1836 δυνάμεως,
1385 1800 1419 1831 ὡς
1435 1797 1465 1826 ἂν
1482 1797 1674 1835 ἐπιστομίσωσι
1697 1795 1757 1829 τοὺς
1775 1797 1836 1825 δια-

1036 1843 1132 1877 ϐολεῖς.
1159 1843 1234 1884 Ὅρα
1258 1843 1310 1883 γὰρ
1334 1845 1391 1877 πῶς
1417 1842 1588 1881 εὐγνωμόνως
1617 1842 1763 1880 ἐρωτῶσιν.
1793 1841 1834 1870 Οὖ

1035 1889 1086 1929 γὰρ
1118 1884 1204 1920 εἶπον.
1234 1887 1272 1918 Σὺ
1299 1887 1326 1917 τί
1353 1887 1438 1926 λέγεις
1467 1889 1527 1927 περὶ
1558 1887 1658 1925 αὐτοῦ,
1689 1885 1729 1915 ὅτι
1749 1885 1835 1921 πηλὸν

1035 1934 1176 1970 ἐποίησεν,
1197 1932 1237 1962 ὅτι
1262 1932 1292 1961 τὸ
1309 1932 1451 1962 Σαϐϐαῖον
1469 1932 1516 1962 οὐκ
1543 1931 1685 1970 ἐτήρησεν;
1699 1929 1769 1960 ἀλλὰ
1787 1933 1834 1959 τοῦ

1036 1977 1171 2016 θαύματος
1202 1976 1427 2016 μνημονεύουσιν,
1455 1990 1465 2002 ιι
1491 1975 1554 2005 ⁶Οτι
1584 1976 1670 2011 ἤνοιξέ
1700 1987 1746 2005 σου
1775 1974 1835 2008 τοὺς

1035 2022 1195 2062 ὀφθαλμούς·
1211 2035 1222 2046 ι
1240 2022 1378 2061 μονονουχὶ
1403 2021 1448 2049 καὶ
1463 2021 1507 2050 τὸν
1530 2020 1726 2061 θεραπευθέντα
1745 2032 1835 2059 παρα-

1037 2067 1159 2105 θήγοντες
1187 2067 1223 2100 εἷς
1258 2065 1288 2096 τὸ
1314 2065 1380 2106 ὑπὲρ
1405 2067 1522 2105 Χριστοῦ
1556 2065 1590 2094 τὰ
1620 2065 1710 2094 εἰκότα
1741 2065 1834 2094 εἰπεῖν.

1037 2111 1280 2150 Ἀναμιμνήσχουσι
1306 2110 1358 2150 γὰρ
1384 2111 1479 2147 αὐτὸν,
1510 2111 1556 2140 χαὶ
1582 2109 1717 2140 νύττουσιν
1745 2109 1834 2139 αὐτόν·

1044 2170 1055 2182 α
1067 2155 1132 2186 Ὀτι
1147 2155 1231 2192 ἤνοιξέ
1247 2167 1293 2184 σου
1310 2155 1369 2189 τοὺς
1384 2155 1545 2196 ὀφθαλμούς.
1561 2166 1575 2184 )›
1603 2154 1778 2195 Εὐηργέτησε
1793 2155 1833 2189 σὲ,

185 2209 255 2230 care.
274 2202 338 2230 [deo
360 2206 388 2230 et
401 2210 489 2231 caecus
511 2203 655 2232 conﬁtetur
669 2209 735 2233 tunc
748 2205 778 2232 id
794 2205 866 2241 quod
882 2205 976 2240 potuit.

1092 2202 1097 2213 Ὺ
1155 2200 1168 2212 θ
1241 2202 1247 2211 ’
1286 2201 1292 2211 Ι
1379 2202 1387 2211 5
1483 2200 1505 2210 Ιν
1579 2201 1586 2211 9
1616 2199 1622 2208 Ι
1717 2199 1724 2208 \

1058 2213 1133 2237 ασιν,
1151 2212 1219 2230 ωστε
1235 2202 1347 2241 οφειλεις
1372 2211 1535 2240 ανακηρυςαι
1559 2212 1647 2230 αυτον.
1682 2201 1730 2229 Διο
1758 2198 1804 2229 καὶ
1821 2201 1834 2228 ὅ

185 2246 258 2282 quod
272 2255 328 2274 non
340 2247 374 2275 sit
389 2252 525 2283 peccator,
540 2249 588 2277 sed
601 2257 633 2276 ex
648 2251 718 2277 Deo.
736 2259 750 2276 α
762 2249 898 2285 Propheta
910 2249 982 2277 enim

184 2296 237 2325 est,
255 2303 268 2316 ››
284 2291 350 2319 dicit
367 2301 373 2319 2
391 2293 516 2328 quamvis
529 2304 542 2318 «
559 2294 602 2322 alii
618 2294 740 2322 dicerent
754 2293 829 2330 quod
843 2302 899 2321 non
913 2298 984 2321 esset

182 2344 215 2364 ex
228 2338 296 2371 Deo,
316 2344 348 2364 eo
367 2337 441 2373 quod
454 2338 607 2367 Sabbatum
622 2347 678 2366 non
690 2343 812 2367 servaret
825 2348 831 2366 :
848 2350 861 2363 υ
877 2339 983 2366 tametsi

183 2381 305 2409 Christus
321 2390 376 2409 uno
398 2381 482 2419 digito
502 2382 592 2411 lutum
616 2383 751 2419 inungens
767 2382 914 2411 Sabbatum
929 2383 982 2411 sol-

184 2433 247 2453 vere
265 2425 406 2454 videbatur
423 2435 429 2454 :
447 2428 498 2463 ipsi
516 2432 610 2456 autem
629 2432 686 2456 tota
702 2436 787 2455 manu
803 2427 939 2456 solventes
955 2428 981 2456 in

182 2470 302 2498 Sabbato
322 2471 450 2499 animalia
481 2477 511 2500 ut
536 2477 633 2508 potum
656 2471 917 2507 dent,'videbantur
945 2473 981 2508 pii

217 2533 242 2555 ιο
255 2533 352 2562 Matth.
369 2542 405 2569 x,
421 2537 466 2562 34.

1037 2246 1134 2286 τυφλὸς
1153 2247 1278 2284 ὁμολογεῖ
1295 2245 1360 2279 τέως
1381 2245 1446 2284 ὅπερ
1468 2244 1602 2281 ἠδύνατο,
1625 2244 1666 2275 ὅτι
1682 2245 1740 2274 Οὔκ
1763 2244 1833 2274 ἔστιν

1038 2291 1207 2330 ἁμαρτωλὸς,
1221 2291 1279 2319 ἀλλ’
1293 2291 1323 2319 ἐκ
1340 2294 1385 2320 τοῦ
1397 2292 1480 2320 Θεοῦ.
1498 2303 1509 2315 α
1524 2289 1668 2328 Προφήτης
1679 2289 1728 2328 γάρ
1740 2289 1808 2326 ἔστι,
1823 2303 1833 2314 ιι

1037 2336 1086 2364 κᾶν
1101 2335 1186 2375 ἕτεροι
1210 2334 1343 2374 λέγωσιν,
1371 2334 1410 2364 ὅτι
1430 2345 1445 2362 ιι
1468 2335 1526 2364 Οὐκ
1548 2334 1618 2363 ἔστιν
1635 2335 1665 2363 ἐκ
1679 2337 1725 2363 τοῦ
1747 2335 1831 2363 Θεοῦ·

1037 2381 1102 2409 διότι
1117 2380 1146 2409 τὸ
1169 2380 1312 2410 Σάϐϐατον
1326 2381 1353 2408 οὐ
1376 2383 1462 2420 τηρεῖ.
1482 2392 1496 2407 ιι
1518 2378 1612 2408 Καίτοι
1628 2380 1640 2407 ὁ
1656 2378 1703 2416 μὲν
1720 2378 1834 2418 Χριστὸς

1037 2425 1074 2454 ἑνὶ
1090 2425 1212 2464 δακτύλῳ
1234 2424 1277 2453 τὸν
1298 2424 1383 2460 πηλὸν
1409 2423 1563 2465 ἐπιχρίσας,
1587 2424 1732 2464 παραλύειν
1750 2424 1834 2452 ἐδόκει

1037 2471 1066 2500 τὸ
1089 2469 1243 2500 Σάϐϐατον·
1262 2468 1337 2499 αὐτοὶ
1363 2468 1389 2498 δὲ
1412 2469 1461 2508 ὅλῃ
1484 2469 1554 2509 χειρὶ
1579 2469 1683 2502 λύοντες
1705 2469 1744 2508 τῷ
1760 2467 1834 2498 Σαϐ-

720 2584 764 2614 Ex
780 2584 938 2616 collatione
952 2585 1042 2617 codd.
1058 2587 1154 2616 Venet
1170 2586 1199 2616 S.
1215 2585 1301 2616 Mari.

215 2650 280 2695 (ΜΞ)
305 2650 393 2695 (Eodnrl.
418 2652 458 2694 26’
480 2654 508 2677 et
529 2652 579 2695 32‘,
602 2649 648 2695 ςαὶ
672 2650 777 2695 σχίσμα.
792 2649 822 2684 ἦν
877 2651 974 2695 ριῦτοξςι.

182 2684 283 2718 Ἐπειδὴ
310 2686 324 2712 ὁ
358 2687 498 2720 θεραπεύων
535 2685 577 2711 καὶ
607 2684 795 2721 θαυματοποιῶν
832 2686 906 2721 etnon
937 2688 976 2714 διὰ

178 2722 208 2758 τὸ
236 2722 569 2758 ἀκόμπαστον-ἐκνε-ύεινη
589 2723 733 2756 ἑρωτησθεὶς
764 2722 778 2748 ὁ
808 2723 897 2758 τυφλὸς
925 2725 976 2750 Ποῦ

180 2756 248 2796 iam;
277 2757 364 2796 λέγει,
385 2756 436 2783 Οὖκ
460 2756 536 2796 οἶδα,
557 2756 684 2791 ἀληθεύων
699 2759 796 2790 πάντως
821 2756 867 2785 κᾶν
887 2760 976 2796 τούτῳ.

179 2792 259 2819 Τοῦτο
276 2793 305 2819 τὸ
319 2793 430 2828 σχίσμα,
446 2803 470 2820 κ.
486 2803 510 2821 τ.
526 2793 551 2820 λ.
570 2804 583 2817 ιι
598 2796 635 2822 Et
653 2795 785 2823 dissensio
807 2799 866 2822 erat
885 2796 913 2823 in
927 2792 976 2824 eis.

179 2828 318 2864 Quoniam
336 2832 430 2857 autem
450 2829 606 2866 Dominus,
631 2838 696 2859 cum
719 2831 880 2868 quempiam
898 2839 977 2860 sana-

1031 2652 1088 2685 bat,
1120 2651 1161 2679 vel
1185 2651 1258 2679 aliud
1274 2651 1436 2679 miraculum
1461 2651 1598 2687 patrabat,
1618 2651 1723 2678 solebat
1739 2658 1754 2678 e
1775 2650 1834 2679 loco

1031 2688 1142 2722 cedere,
1169 2688 1233 2722 quia
1250 2692 1310 2715 erat
1333 2688 1368 2715 ab
1390 2688 1515 2715 omnium
1531 2688 1682 2715 ambitione
1697 2687 1833 2714 alienissi-

1032 2732 1107 2757 mus;
1123 2723 1224 2751 idcirco
1240 2731 1328 2751 caecus
1345 2723 1538 2759 interrogatus,
1553 2723 1671 2759 Quinam
1687 2722 1831 2759 illehesset.

1032 2762 1079 2793 ait,
1106 2760 1219 2787 Nescio:
1243 2759 1325 2787 etiam
1347 2759 1374 2787 in
1396 2757 1463 2787 hoc'
1472 2767 1567 2787 verum
1592 2758 1706 2787 omnino
1725 2757 1830 2787 dicens.

1033 2796 1100 2824 Haec
1114 2795 1259 2830 dissensio,
1276 2806 1289 2820 ιι
1306 2799 1356 2823 etc.
