1910 3077
81 155 122 182 53
490 155 684 183 ENARRATIO
705 155 736 183 ΙΝ
757 155 970 183 EVANGELIUM
986 155 1137 184 JOANNIS.
1154 170 1190 178 --
1209 156 1282 184 CAP.
1305 157 1345 184 IX.
1709 161 1742 187 54

82 215 170 257 ϐάτῳ
184 215 286 258 τᾷγζῶα
302 217 365 258 πρὸς
378 217 507 255 ποτισμὸν
517 241 526 255 ,
542 217 647 247 ἐδόκουν
663 217 791 248 εὐσεϐεῖν.
824 219 876 248 Φιιι

949 226 1013 246 esse.
1029 220 1135 247 Vocant
1146 219 1230 255 igitur
1249 219 1310 247 duri
1322 223 1350 247 et
1363 219 1592 256 impersuasibiles
1615 227 1741 258 parentes

80 264 181 292 νοῦσιν
196 257 240 292 οῦν
262 263 287 292 οἱ
313 262 424 302 σκληροὶ
449 262 494 292 καὶ
521 263 636 296 ἀπειθεῖς
657 263 716 297 τοὺς
743 265 827 302 γονεῖς
842 264 890 292 αὖ-

80 308 158 343 τοῖῖ,
178 308 214 340 εἷς
238 306 352 346 ἀγωνίαν
377 306 471 340 αὐτοὺς
493 307 620 346 ἐμϐαλεῖν
647 308 822 347 βουλόμενοι,
845 309 889 338 καὶ

82 351 133 380 διὰ
159 351 258 387 ταύτης
284 353 319 385 εἰς
341 351 451 391 ἄρνησιν
468 354 514 388 τῆς
540 352 684 391 πηρώσεως
709 355 756 383 τοῦ
779 353 885 387 παιδός·

81 395 171 426 Ἐπεὶ
205 396 258 436 γὰρ
297 397 391 426 ἐκεῖνοι
417 397 465 426 οὐχ
492 398 659 433 ἠδυνήθησαν
692 397 723 428 τὸ
755 400 889 437 εὐγνῶμον

81 440 180 479 στόμα
204 441 354 481 ἐμφράξαι,
374 441 433 474 τοὺς
452 443 536 480 γονεῖς
562 442 771 479 ἐκδεδίττονται,
795 442 889 482 τιτρώ·

80 497 163 515 σχειν
190 485 259 515 οὕτω
284 486 314 515 τὸ
341 488 431 525 θαῦμα
456 487 665 526 προσδοκῶντες.
694 487 818 518 Ἱστῶσιν
844 483 888 517 οὖν

80 529 185 564 αὖτοὺς
212 531 238 560 ἐν
263 532 302 571 τῷ
331 530 421 571 μέσῳ,
443 531 488 560 καὶ
513 531 580 570 μετὰ
604 533 703 562 πολλοῦ
728 535 811 571 θυμοῦ
839 532 888 569 τὴν

80 574 220 615 ἐρώτησιν
234 579 389 617 ποιοῦνται,
410 576 511 614 μᾶλλον
525 577 552 606 δὲ
569 576 637 615 μετὰ
653 578 753 612 πολλῆς
769 589 885 617 κακουρ-

79 620 156 658 γίας.
173 621 216 650 Οὖ
241 620 293 660 γὰρ
320 616 408 657 εἶπον,
432 616 519 654 Οὗτός
545 622 616 651 ἐστιν
648 624 662 651 ὁ
689 621 745 656 υίὸς
773 616 888 661 ὑμῶνγὸ

80 664 153 694 ποτὲ
171 666 287 706 τυφλὸς,
314 665 385 701 ἀλλ’,
415 679 428 691 α
442 665 495 696 ⁸ον
521 666 595 704 ὗμεῖς
625 666 740 705 ἷλέγετε·
759 680 770 693 ι
794 679 886 706 μονον-

79 709 148 749 ουχὶ
180 712 257 739 τοῦτο
280 710 409 749 λέγοντες.
441 709 494 740 Ὃν
514 712 588 748 ὑμεῖς
613 711 755 748 ἐποιήσατε
769 712 885 752 τυφλὸν,

79 755 132 784 καὶ
156 758 296 794 πανταχοῦ
325 755 504 795 διιφημήσατε
529 756 572 785 τὸν
600 755 695 795 λόγον,
719 757 887 795 πλασάμενοι

76 799 193 832 πάντως
211 800 256 829 καὶ
273 800 513 840 καταψευσάμενοι.
538 799 618 836 Ἀλλ’,
637 795 660 830 ὦ
683 802 773 841 μιαροὶ
795 803 885 842 Φαρι-

75 848 172 882 σαῖοι,
195 844 235 878 τίς
254 844 284 873 ἂν
303 845 394 885 πατὴρ
421 845 564 886 ἀνάσχοιτο
577 849 686 875 τοιαῦτα
708 846 880 887 καταψεύσα-

75 891 145 918 σθαι
169 889 264 923 παιδὸς
280 889 393 925 οἰκείους
421 889 488 920 Δυσὶ
508 891 534 920 δὲ
549 889 650 924 τούτοις
673 895 880 931 στενοχωροῦσιν

75 934 195 972 αὖτοὺς,
219 936 265 963 καὶ
289 934 423 974 βιάζονται
451 934 617 975 ἀρνήσασθαι
633 935 677 965 τὸν
697 935 771 972 υἱὸν,
797 939 834 976 τῷ
853 949 882 966 τε

75 979 182 1015 εἰπεῖν,
199 993 211 1005 ι
223 978 276 1009 ⁸ον
301 980 376 1016 ὑμεῖς
397 979 514 1018 ἐλέγετε,
542 993 555 1006 ν
581 980 626 1009 καὶ
643 982 698 1020 τῷ,
724 994 737 1007 ι
755 982 820 1014 Πῶς
835 977 880 1010 οῦν

77 1023 144 1063 ἄρτι
167 1023 276 1063 βλέπεις
293 1036 304 1049 ι
320 1022 422 1064 Ὁρᾷς,
447 1023 487 1053 ὅτι
508 1026 542 1057 ὡς
564 1025 732 1064 ψευδομένων
748 1026 834 1054 αὐτῶν
851 1025 880 1056 τὸ

74 1068 210 1108 πρότερον
221 1090 230 1105 ,
246 1068 314 1106 φημὶ
331 1068 377 1105 δὴ,
400 1068 429 1098 τὸ
444 1069 542 1109 τυφλὸν
557 1068 624 1098 εἶναι
643 1069 689 1099 τὸν
711 1071 810 1105 παῖδα,
830 1082 879 1106 ση-

943 263 1012 299 ejus,
1036 263 1158 292 volentes
1171 264 1232 292 illos
1247 265 1388 300 perplexos
1403 264 1525 298 reddere,
1541 270 1568 294 et
1582 267 1619 295 ita
1639 275 1741 304 negare

944 308 1095 336 caecitatem
1110 309 1169 336 ﬁlii.
1184 310 1255 337 Nam
1269 309 1332 345 quia
1345 309 1416 337 illius
1430 314 1539 345 gratum
1554 318 1585 338 os
1597 311 1739 341 obstruere

944 361 1000 380 non
1030 358 1168 389 poterant,
1198 358 1322 390 parentes
1352 354 1412 390 ejus
1438 354 1582 391 ambiguos
1609 356 1737 392 reddunt,

945 405 1016 434 quos
1029 402 1154 426 statuunt
1169 399 1196 426 in
1210 398 1312 431 medio,
1328 403 1356 426 et
1369 407 1433 427 cum
1448 400 1538 427 multo
1553 399 1646 428 furore
1661 401 1742 430 inter-

943 447 1050 479 rogant,
1063 442 1120 471 imo
1137 451 1201 471 cum
1212 443 1298 472 multa
1309 443 1422 472 malitia.
1436 445 1497 472 Non
1511 444 1586 472 enim
1596 444 1738 481 dixerunt,

943 487 995 516 Hic
1020 492 1061 516 est
1089 488 1163 516 ﬁlius
1193 493 1293 522 vester,
1320 489 1367 524 qui
1401 489 1506 517 dudum
1542 497 1643 524 caecus,
1677 491 1737 524 sed,

944 544 957 556 ιι
978 533 1066 568 Quem
1093 541 1141 561 vos
1159 533 1260 567 dicitis,
1289 545 1302 558 ιο
1326 534 1403 570 quasi
1426 533 1558 569 dicentes,
1583 542 1666 570 quem
1688 543 1737 564 vos

942 585 1047 606 caecum
1062 577 1173 610 fecistis.
1187 578 1287 615 ubique
1302 586 1458 606 sermonem
1468 579 1545 607 illum
1558 580 1737 615 seminantes,

940 622 1075 658 ﬁngentes
1089 627 1115 650 et
1129 623 1301 651 mentientes.
1318 625 1431 658 Verum,
1445 631 1461 651 ο
1476 623 1579 652 scelesti
1594 625 1736 659 Pharisaei,

941 667 1004 703 quis
1027 671 1103 703 pater
1131 668 1195 695 talia
1218 672 1313 695 contra
1342 668 1429 696 ﬁlium
1448 676 1530 696 suum
1555 670 1736 698 mentiretur?

942 712 1058 740 Duobus
1069 716 1161 740 autem
1175 713 1236 740 illos
1250 713 1372 749 angustis
1388 713 1456 741 locis
1470 718 1579 749 urgent,
1594 718 1622 742 et
1635 719 1737 750 cogunt

940 764 1039 792 negare
1060 757 1159 791 ﬁlium,
1174 757 1300 791 dicendo,
1316 769 1329 782 α
1344 759 1433 793 Quem
1451 766 1498 786 vos
1513 759 1653 793 dicebatis,
1669 769 1684 786 )›
1698 764 1736 795 et,

941 812 954 826 ι
975 801 1122 838 Quomodo
1136 802 1219 838 igitur
1232 810 1306 829 nunc
1320 802 1410 830 videt?
1427 814 1439 827 υ
1462 803 1544 831 Vides
1564 804 1641 831 enim
1661 804 1736 840 quod

938 846 1046 882 signum
1069 847 1132 880 hoc,
1154 846 1229 882 quod
1244 851 1336 882 postea
1355 847 1398 875 ille
1422 847 1532 880 viderit.
1556 848 1591 876 ita
1612 853 1734 882 narrant,

899 879 922 910 Β
938 891 1015 927 quasi
1037 891 1113 926 prius
1136 898 1199 919 eum
1221 899 1325 919 earcum
1345 891 1427 919 fuisse
1448 892 1555 920 mentili
1576 892 1613 920 illi
1634 898 1734 921 essent.

936 937 1006 964 Nam
1022 935 1195 963 mendacium
1210 940 1261 970 est,
1274 936 1362 970 aiunt,
1378 936 1420 964 vel
1432 937 1498 964 illud
1513 937 1586 972 quod
1597 937 1653 973 ipse
1663 946 1735 966 nunc

935 980 1017 1013 videt,
1034 981 1074 1008 vel
1090 980 1155 1008 illud
1170 980 1244 1016 quod
1257 988 1348 1008 caecus
1367 985 1437 1009 esset
1452 990 1458 1008 :
1475 981 1522 1009 sed
1537 981 1604 1009 illud
1623 982 1732 1017 veritas,

935 1025 1008 1052 videt
1021 1025 1107 1060 638
1120 1025 1194 1052 enim
1208 1034 1214 1053 :
1228 1026 1402 1054 mendacium
1416 1026 1499 1062 igitur
1511 1026 1587 1062 quod
1599 1034 1647 1054 vos
1661 1035 1734 1062 pra:—

933 1069 1056 1104 dicastis,
1071 1077 1176 1098 caecum
1192 1070 1269 1098 illum
1284 1069 1368 1098 fuisse
1381 1071 1464 1106 prius.

76 1118 157 1151 μεῖον
182 1114 343 1154 προφέρουσι
367 1116 460 1156 τοῦτο,
486 1114 516 1143 τὸ
540 1114 648 1154 ὕστερον
668 1114 746 1144 αὐτὸν
767 1115 886 1154 βλέπειν.
908 1114 946 1144 Ἦ
974 1114 1025 1154 γὰρ
1040 1114 1132 1152 τοῦτὸ,
1156 1115 1238 1154 φασὶ,
1254 1114 1364 1156 ψευδὲς,
1385 1116 1416 1145 τὸ
1441 1115 1547 1155 βλέπειν
1568 1115 1647 1146 αὐτὸν
1669 1118 1729 1154 νῦν,

75 1157 95 1194 ἢ
113 1152 219 1200 ἐκεῖνο,
235 1152 266 1187 τὸ
285 1157 380 1198 τυφλὸν
396 1152 476 1189 εἶναι.
507 1158 589 1189 Ἀλλὰ
607 1152 665 1198 μὴν
684 1152 772 1189 τοῦτο’
786 1159 896 1196 ἀληθὲς,
925 1152 1018 1200 βλέπει
1039 1160 1100 1200 γάρ’
1115 1152 1208 1200 ψεῦδος
1231 1152 1283 1200 ἄρα
1311 1159 1326 1189 ὂ
1351 1152 1426 1199 ὗμεῖς
1441 1152 1608 1200 ἰίκηρύξατι,
1634 1160 1664 1191 τὸ
1685 1152 1730 1191 tu.

75 1203 146 1244 φλὸν
163 1198 230 1232 εἶναι
245 1202 274 1232 τὸ
294 1202 432 1242 πρότερον.

124 1259 141 1276 α
157 1247 350 1288 Ἀπεκρίθησαν
374 1249 462 1281 αὐτοῖς
477 1249 501 1277 οἱ
515 1252 599 1287 γονεῖς
617 1250 714 1286 αὖτοῦ,
735 1247 781 1277 καὶ
794 1244 877 1278 εἶπον·

75 1292 205 1331 Οἴδαμεν
220 1291 259 1321 ὅτι
274 1288 348 1326 οὗτός
375 1293 446 1321 ἐστιν
472 1294 486 1322 ὁ
510 1293 563 1326 υίὸς
578 1294 670 1331 ἡμῶν,
697 1293 742 1322 καὶ
765 1292 806 1322 ὅτι
829 1305 878 1322 τυ-

75 1337 146 1377 φλὸς
167 1336 303 1376 ἐγεννήθη⁵
323 1339 378 1370 πῶς
403 1337 429 1366 δὲ
449 1340 494 1366 νῦν
512 1337 623 1376 βλέπει,
649 1338 696 1367 οὒκ
721 1337 876 1377 οἴδαμεψῆ

75 1381 117 1415 τίς
144 1381 244 1418 ἤνοιξεν
271 1383 350 1412 αὐτοῦ
366 1381 424 1415 τοὺς
448 1381 619 1422 ὀφθαλμοὺς,
643 1384 720 1421 ἡμεῖς
736 1383 784 1412 οὒκ
803 1383 878 1412 οἴδα-

76 1438 137 1465 μεν”
166 1427 243 1461 αὐτὸς
276 1426 379 1461 ἡλικίαν
410 1425 474 1465 ἔχει,
499 1427 574 1456 αὐτὸν
602 1427 772 1467 ἐρωτήσατε,
800 1427 877 1461 αὐτὸς

75 1471 140 1511 περὶ
157 1473 253 1501 ἑαυτοῦ
268 1471 390 1507 λαλήσει.
421 1472 515 1501 Ταῦτα
535 1467 609 1501 εἶπον
631 1473 654 1501 οἱ
670 1474 754 1511 γονεῖς
775 1473 876 1510 αὐτοῦ,

74 1515 118 1546 ὅτι
141 1516 284 1555 ἐῳοϐοῦντο
309 1515 368 1549 τοὺς
386 1516 538 1549 Ἰουδαίους.
563 1515 636 1552 Ἤδη
663 1516 713 1556 γὰρ
740 1517 877 1547 συνέθεντο

75 1562 100 1590 οἱ
127 1561 264 1597 Ἰουδαῖοι,
288 1560 330 1590 ἵνα
345 1560 391 1590 ἐάν
415 1573 454 1594 τις
469 1561 546 1591 αὐτὸν
571 1562 724 1601 ὁμολογήσῃ
742 1562 875 1602 Χριστὸν,

969 1250 1059 1277 Vsns.
1075 1251 1169 1277 20-23.
1187 1260 1198 1273 -
1215 1249 1428 1284 Responderunt
1446 1253 1538 1277 autem
1553 1250 1592 1277 eis
1607 1254 1732 1285 parentes

932 1293 1001 1328 ejus,
1016 1297 1044 1320 et
1054 1293 1182 1321 dixerunt
1199 1303 1205 1321 :
1221 1294 1330 1322 Scimus
1343 1294 1417 1329 quod
1431 1294 1476 1322 hic
1488 1299 1531 1322 est
1543 1294 1613 1322 ﬁlius
1626 1299 1730 1329 noster,

931 1342 959 1366 et
981 1345 1070 1366 caecus
1084 1342 1166 1366 natus
1184 1343 1234 1366 est.
1253 1338 1401 1375 Quomodo
1426 1343 1517 1366 autem
1540 1347 1615 1366 nunc
1630 1339 1729 1374 videat,

931 1383 1083 1417 nescimus;
1118 1387 1167 1410 aut
1193 1383 1254 1418 quis
1282 1383 1340 1419 ejus
1368 1383 1461 1411 oculos
1499 1383 1649 1418 aperuerit,
1679 1392 1730 1412 nos

930 1428 1085 1460 nescimus;
1101 1427 1157 1463 ipse
1180 1431 1290 1456 aetatem
1318 1428 1410 1462 habet,
1438 1428 1527 1463 ipsum
1550 1428 1727 1464 interrogate,

931 1472 990 1508 ipse
1012 1472 1046 1500 de
1065 1480 1094 1500 se
1114 1472 1254 1508 loquatur.
1278 1473 1344 1500 Hmc
1362 1472 1489 1500 dixerunt
1512 1477 1640 1507 parentes
1658 1473 1727 1508 ejus,

930 1516 1004 1552 quod
1027 1517 1158 1544 timerent
1179 1517 1300 1545 Iudaeos.
1325 1518 1387 1545 Jam
1410 1517 1485 1544 enim
1507 1517 1728 1552 conspiraverant

931 1561 1031 1595 Judaei,
1054 1566 1085 1589 ut
1107 1562 1128 1589 si
1143 1562 1205 1597 quis
1219 1570 1282 1590 eum
1298 1562 1476 1589 conﬁteretur
1497 1569 1556 1590 esse
1576 1562 1726 1596 Christum,

75 1606 286 1644 ἀποσυνάγωγος
308 1605 428 1644 γένηται.
454 1604 506 1636 Διὰ
532 1608 611 1636 τοῦτο
640 1607 664 1635 οἳ
688 1610 771 1645 γονεῖς
795 1608 876 1637 αὐτοῦ

974 1607 1117 1642 Synagoga
1152 1607 1305 1642 ejiceretur:
1336 1607 1481 1642 Propterea
1515 1611 1642 1642 parentes
1667 1607 1728 1643 eju

75 1646 170 1686 εἷπον,
195 1650 235 1680 ὅτι
251 1650 374 1681 Ἡλικίαν
403 1651 474 1691 ἔχει,
496 1651 572 1680 αὐτὸν
592 1652 754 1691 ἐρωτήσατε.
774 1653 878 1693 ’Τρεῖς

75 1695 219 1735 ἐρωτήσεις
233 1697 256 1725 οἱ
272 1696 418 1735 Φαρισαῖοι
434 1695 620 1736 προσήνεγκαν
636 1700 689 1729 τοῖς
705 1699 809 1735 γονεῦσι
829 1700 877 1726 τοῦ

75 1742 194 1780 τυφλοῦ,
218 1741 242 1770 εἰ
255 1741 310 1775 υἱὸς
327 1742 413 1770 αὐτῶν
430 1736 461 1777 ἦν
473 1763 481 1777 ,
507 1741 529 1770 εἴ
551 1741 647 1781 τυφλὸς
667 1741 808 1780 ἐγεννήθη,
831 1742 876 1771 καὶ

75 1787 134 1818 πῶς
159 1785 313 1825 ἀνέϐλεψεν.
338 1786 373 1815 Οἱ
390 1785 434 1821 δὲ,
457 1785 502 1819 τὰς
522 1786 569 1823 μὲν
586 1785 648 1821 δύο,
663 1785 702 1814 ὅτι
718 1797 746 1815 τε
761 1786 815 1820 υίὸς
832 1787 877 1816 αὖ-

75 1832 130 1860 τῶν
158 1830 231 1867 ἔστι,
251 1831 297 1859 καὶ
325 1830 365 1859 ὅτι
388 1830 484 1871 τυφλὸς
506 1826 557 1866 ἦν,
585 1832 752 1870 ὁμολογοῦσι·
779 1831 824 1860 τὸν
848 1832 875 1861 δὲ

75 1874 176 1915 τρόπον
204 1877 251 1911 τῆς
277 1874 418 1915 θεραπείας
438 1877 610 1913 ἀγνοοῦντες,
635 1877 665 1905 οὖ
690 1876 874 1914 προστιθέασι.

78 1919 134 1950 Καὶ
149 1922 227 1949 τοῦτο
248 1919 275 1949 δὲ
300 1920 405 1954 πάντως
430 1919 496 1960 ὑπὲρ
524 1923 568 1949 τοῦ
590 1920 638 1955 τὴν
655 1920 781 1956 ἀλήθειαν
808 1922 876 1959 ὁμο-

75 1965 224 2004 λογηθῆναι
252 1964 438 2005 βεϐαιότερον,
463 1965 583 2003 γίνεται,
620 1965 689 1994 ὥστε
721 1965 800 1994 αὐτὸν
831 1966 875 1995 τὸν

75 2011 124 2045 τῆς
141 2009 290 2049 εὐεργεσίας
312 2010 519 2046 ἀπολαύσαντα,
541 2009 585 2038 τὸν
601 2010 646 2039 καὶ
663 2009 875 2050 ἀξιοπιστότερον

76 2053 159 2092 ὄντα,
177 2056 346 2095 μαρτυρῆσαι
372 2058 467 2084 ταῦτα’
497 2054 566 2084 καθὰ
583 2054 627 2084 καὶ
645 2056 669 2084 οἱ
690 2059 771 2093 γονεῖς
796 2056 875 2084 αὐτοῦ

76 2109 170 2138 φασιν·
199 2113 212 2126 ι
239 2100 324 2133 Αὐτὸς
353 2100 460 2134 ἡλικίαν
497 2101 563 2138 ἔχει.
589 2113 599 2125 υ
632 2099 676 2134 Μὴ
703 2099 755 2138 γὰρ
782 2099 875 2135 νήπιός

77 2145 166 2180 ἔστιν,
233 2143 342 2181 ἀτελὴς,
360 2143 428 2173 ὥστε
443 2144 481 2181 μὴ
502 2143 618 2173 συνιέναι
639 2145 695 2177 πῶς
714 2144 874 2184 τεθεράπευ-

76 2200 139 2224 ται;
156 2188 295 2218 ιΤοιαῧτα
306 2187 333 2218 δὲ
348 2184 421 2218 εἷπον
437 2191 461 2218 οἱ
471 2193 554 2227 γονεῖς
571 2189 652 2218 αὐτοῦ
662 2211 671 2226 ,
689 2202 699 2214 ιι
715 2189 874 2228 φοϐούμενοι

77 2235 124 2262 τοῦ
146 2233 323 2273 Φαρισαίους·
350 2232 432 2267 οὕτως
457 2232 497 2262 ἔτι
523 2229 590 2269 ἦσαν
618 2234 718 2267 ἀτελεῖς
741 2234 787 2262 καὶ
813 2235 874 2272 ἆγε-

77 2277 194 2318 νέστεροι
209 2280 255 2308 τοῦ
279 2277 384 2311 παιδός.

78 2323 196 2358 πληκτος
217 2322 325 2352 ἵσταται
352 2325 398 2359 τῆς
423 2321 557 2359 ἆληθείας¹
575 2322 658 2356 οὕτως
680 2322 813 2363 ἐφωτίσθη
830 2324 876 2353 καὶ

78 2366 138 2400 τοὺς
153 2367 255 2408 νοεροὺς
277 2367 434 2407 ὀψθαλμούς.

121 2423 136 2440 ‹
153 2411 312 2452 Ἐφώνησαν
328 2407 372 2452 οὖν
398 2414 427 2441 ἐκ
449 2412 569 2452 δευτέρου
590 2411 635 2441 τὸν
657 2411 794 2452 ἄνθρωπον
809 2436 817 2451 ,
847 2412 875 2447 ὃς

78 2451 109 2492 ἧν
135 2451 248 2497 τυφλὸς,
275 2457 322 2486 καὶ
346 2451 419 2486 εἶπον
444 2457 525 2496 αὗτῷ’
550 2456 602 2490 Δὸς
630 2456 707 2491 δόξαν
731 2459 769 2498 τῷ
801 2459 874 2497 Θεῷ·

79 2500 178 2539 (Ημεῖς
211 2501 320 2540 οἴδαμεν
344 2502 384 2531 ὅτι
407 2504 421 2532 ὁ
447 2502 582 2542 ἄνθρωπος
612 2498 685 2535 οὗτος
716 2502 874 2542 ἁμαρτωλός

80 2546 162 2577 ἐστιν.
186 2546 324 2588 Ἀπεκρίθη
348 2542 392 2588 οῦν
417 2541 528 2588 ἐκεῖνος,
550 2547 596 2576 καὶ
608 2541 692 2577 εἶπεν.
720 2549 752 2577 Εἰ
781 2547 875 2587 ἀμαρ-

79 2591 160 2624 τωλός
183 2592 253 2632 ἐστιν
267 2614 275 2629 ,
296 2593 344 2621 οὐκ
366 2587 434 2621 οἶδα·
454 2591 481 2621 ἓν
497 2587 569 2627 οἶδα,
585 2591 624 2621 ὅτι
639 2591 734 2632 τυφλὸς
749 2591 800 2628 ὢν,
815 2592 874 2632 ἄρτι

81 2635 179 2674 βλέπω.
205 2631 290 2666 Εἶπον
313 2636 340 2667 δὲ
364 2637 437 2676 αὖτῷ
457 2636 546 2666 πάλιν·
565 2637 601 2667 Τί
614 2631 721 2672 ἐποίησέ
736 2649 794 2673 σοι;
819 2639 874 2671 πῶς

79 2679 162 2722 ἤνοιξέ
203 2692 251 2711 σου
279 2681 337 2715 τοὺς
375 2681 543 2722 ὀφθαλμούς
596 2682 739 2722 Ἀπεκρίθη
777 2685 872 2715 αὐτοῖς·

80 2721 162 2755 Εἶπον
182 2727 244 2764 ὑμῖν
268 2726 319 2763 ἤδη
331 2748 339 2763 ,
354 2727 398 2756 καὶ
414 2727 461 2756 οὐκ
476 2727 626 2763 ἠκούσατε,
643 2727 669 2755 τί
689 2727 769 2757 πάλιν
787 2728 874 2757 θέλετε

80 2770 197 2807 iamiam;
221 2771 268 2807 Μὴ
289 2772 335 2801 καὶ
360 2773 435 2810 ὑμεῖς
456 2772 574 2810 μαθηταὶ
595 2773 674 2801 αὐτοῦ
701 2772 788 2802 θέλετε
802 2772 873 2812 γενέ-

81 2817 157 2854 seat;
181 2816 375 2857 Ἔλοιδόρησαν
388 2812 433 2846 οῦν
450 2816 544 2854 αὐτὸν,
567 2817 611 2847 καὶ
625 2812 709 2847 εἶπον·
725 2816 764 2847 Σὺ
781 2813 806 2846 εἶ
823 2830 874 2856 μα-

439 2277 555 2311 Ἐκεῖνος
575 2278 668 2318 γάρτοι
683 2278 784 2318 μάρτυς
798 2266 874 2308 ἀνέκ-
887 2266 912 2297 D

932 1651 1060 1679 dixerunt
1093 1660 1100 1679 :
1131 1653 1250 1679 ditatem
1273 1651 1364 1685 habet,
1398 1651 1486 1687 ipsum
1508 1651 1683 1687 interrogate.
1711 1663 1724 1676 ιι

930 1697 998 1724 Tres
1020 1696 1246 1732 interrogationes
1267 1696 1422 1724 obtulerant
1456 1696 1584 1724 Pharisaei
1609 1697 1726 1732 parenti-

931 1741 981 1768 bus
994 1741 1069 1775 caeci;
1098 1749 1163 1769 num
1175 1741 1245 1769 ﬁlius
1257 1749 1354 1770 eorum
1365 1745 1446 1775 esset,
1460 1749 1527 1769 num
1546 1749 1636 1769 caecus
1646 1746 1726 1770 natus

930 1790 1010 1817 esset,
1026 1790 1052 1813 et
1075 1787 1215 1821 quomodo
1236 1786 1322 1814 visum
1344 1787 1499 1821 recepisset.
1515 1787 1549 1814 Et
1563 1786 1599 1814 illi
1614 1786 1724 1822 quidem

929 1829 984 1857 duo
1008 1829 1138 1864 fatentur,
1165 1830 1240 1866 quod
1266 1831 1338 1858 ﬁlius
1359 1838 1467 1864 eorum,
1493 1834 1520 1858 et
1543 1831 1617 1866 quod
1638 1839 1726 1859 caecus

929 1874 1026 1908 fuerit;
1043 1874 1157 1902 modum
1172 1879 1265 1902 autem
1287 1874 1436 1902 sanationis
1451 1875 1579 1910 ignorant
1603 1883 1610 1901 :
1625 1879 1652 1902 et
1672 1875 1724 1903 hoc

930 1918 1044 1946 omnino
1069 1918 1243 1954 contingebat
1262 1923 1291 1946 ut
1313 1917 1452 1946 confessio
1475 1918 1596 1946 veritatis
1619 1918 1725 1946 ﬁrmior

930 1963 1016 1998 ﬁeret,
1035 1967 1062 1992 et
1081 1963 1119 1991 ita
1133 1963 1190 1999 ipse
1211 1963 1258 1999 qui
1283 1963 1443 1991 beneﬁcium
1465 1963 1560 1995 sensit,
1577 1967 1604 1990 et
1619 1963 1671 1991 ﬁde
1684 1963 1724 1991 di-

929 2008 1008 2045 gnior
1028 2012 1096 2042 erat,
1121 2012 1267 2036 testaretur
1292 2008 1348 2041 illa,
1372 2007 1442 2036 sicut
1464 2012 1492 2035 et
1519 2012 1641 2043 parentes
1666 2008 1724 2044 ejus

929 2053 1035 2087 dicunt,
1051 2064 1064 2077 οι
1085 2054 1145 2088 Ipse
1159 2057 1271 2081 aetatem
1284 2053 1375 2080 habet.
1394 2064 1407 2077 ιι
1424 2053 1555 2089 Nunquid
1570 2053 1657 2080 infans
1671 2057 1722 2086 est,

929 2097 969 2125 vel
993 2098 1126 2134 stupidus,
1151 2102 1182 2125 ut
1198 2106 1256 2126 non
1275 2097 1437 2126 intellexerit
1459 2097 1599 2134 quomodo
1615 2101 1725 2126 sanatus

929 2143 981 2170 sit?
997 2154 1009 2167 α
1028 2144 1096 2171 Haec
1107 2147 1202 2171 autem
1216 2142 1344 2170 dixerunt
1366 2146 1492 2178 parentes
1506 2143 1574 2178 ejus,
1592 2154 1605 2166 ν
1623 2143 1722 2170 timen-

929 2191 971 2215 tes
995 2187 1147 2215 Pharisaros
1174 2196 1181 2214 :
1210 2188 1245 2215 ita
1270 2187 1360 2215 adhuc
1394 2191 1471 2215 erant
1499 2186 1669 2215 inexercitati
1697 2190 1725 2214 et

929 2232 1102 2267 ignobiliores
1133 2233 1195 2260 lilio.
1225 2233 1297 2260 Nam
1326 2232 1370 2260 ille
1398 2232 1518 2260 veritatis
1543 2232 1645 2260 mansit
1670 2232 1722 2259 im-

930 2278 1070 2313 perculsus
1095 2277 1173 2306 testis
1197 2286 1204 2305 :
1228 2277 1264 2305 ita
1285 2281 1313 2305 et
1338 2277 1464 2305 illustrati
1487 2281 1566 2305 erant
1592 2276 1724 2305 mentales

929 2322 990 2358 ejus
1004 2322 1086 2351 oculi.

966 2417 1054 2444 Vens.
1080 2419 1176 2444 24-29.
1203 2428 1216 2440 «ι
1233 2417 1405 2444 Vocaverunt
1423 2423 1489 2451 ergo
1507 2423 1618 2444 rursum
1633 2415 1724 2444 homi-

930 2469 993 2489 nem
1008 2461 1054 2498 qui
1080 2460 1167 2489 fuerat
1180 2468 1279 2495 czecus,
1296 2465 1323 2488 et
1347 2461 1474 2489 dixerunt
1488 2461 1512 2488 ei
1529 2470 1536 2488 :
1553 2463 1596 2488 Da
1611 2461 1726 2497 gloriam

928 2507 1000 2534 Deo.
1032 2507 1087 2534 Nos
1113 2506 1214 2534 scimus
1239 2506 1313 2541 quod
1341 2505 1384 2533 hic
1407 2505 1492 2534 homo
1521 2510 1647 2541 peccator
1672 2510 1724 2533 est.

930 2550 1083 2587 Respondit
1110 2559 1175 2586 ergo
1201 2551 1256 2583 ille,
1283 2554 1310 2578 et
1331 2550 1398 2578 dixit
1424 2560 1430 2578 :
1456 2551 1500 2578 An
1528 2555 1656 2586 peccator
1679 2550 1723 2582 sit,

929 2596 1022 2623 nescio
1036 2604 1043 2623 :
1059 2603 1146 2623 unum
1161 2595 1227 2629 scio,
1242 2595 1315 2631 quod
1339 2603 1429 2623 caecus
1450 2597 1518 2623 cum'
1536 2603 1636 2626 essem,
1651 2601 1724 2620 nunc

931 2640 1046 2668 videam.
1069 2640 1203 2668 Dixerunt
1224 2648 1289 2675 ergo
1302 2640 1338 2668 illi
1355 2640 1455 2668 iterum
1471 2647 1478 2666 :
1493 2639 1565 2674 Quid
1581 2639 1644 2666 fecit
1658 2637 1722 2664 tibi?

930 2685 1072 2721 quomodo
1086 2685 1192 2720 aperuit
1206 2685 1267 2712 tibit
1285 2685 1397 2712 oculos?
1416 2684 1567 2719 Respondit
1582 2683 1620 2710 eis
1636 2691 1643 2708 :
1662 2681 1723 2708 Dixi

930 2730 1005 2758 vobis
1024 2730 1093 2766 jam,
1109 2738 1160 2757 nec
1180 2729 1305 2763 audistis,
1325 2737 1375 2757 cur
1391 2729 1490 2756 iterum
1514 2727 1597 2755 vultis
1611 2725 1723 2754 audire?

930 2776 1001 2802 Num
1017 2775 1098 2803 etiam
1111 2783 1159 2803 vos
1175 2774 1256 2802 vultis
1268 2773 1392 2809 discipuli
1412 2773 1471 2808 ejus
1488 2772 1564 2800 ﬁeri?
1576 2770 1726 2800 Conviciati

930 2824 994 2848 sunt
1008 2827 1074 2858 ergo
1089 2820 1124 2854 ei,
1137 2824 1165 2847 et
1178 2820 1305 2848 dixerunt
1329 2827 1336 2845 :
1353 2819 1393 2846 Tu
1405 2817 1553 2853 discipulus
1567 2816 1638 2844 illius
1652 2819 1724 2847 esto,
