1910 3077
184 161 216 187 55
694 156 951 184 THEOPHYLACTI
970 155 1147 183 BULGABL/E
1166 154 1322 182 ARCHIEP.

1805 154 1844 180 56

181 230 231 250 nos
254 226 344 250 autem
364 221 435 249 Mosi
449 220 573 256 discipuli
587 228 692 248 sumus.
710 221 767 248 Nos
785 220 888 248 scimus
902 218 971 255 quod

1046 217 1111 254 ητὴς
1132 217 1250 256 ἐκείνου,
1277 220 1354 255 ἡμεῖς
1381 216 1408 246 δὲ
1440 216 1560 249 Μωσέως
1588 216 1666 253 ἱσμὲν
1695 215 1839 254 μαθηταί.

180 267 249 295 Mosi
264 268 372 294 locutus
396 270 434 293 est
450 267 535 298 Deus,
559 265 630 292 hunc
645 269 735 292 autem
751 264 887 292 nescimus
902 263 974 291 unde

179 312 223 340 sit.
249 324 261 336 ι»
284 314 433 346 Postquam
458 314 584 346 parentes
605 310 748 338 incitarant
769 314 799 337 ut
819 309 891 337 ﬁlius
909 316 974 336 suus

179 357 401 392 interrogaretur,
421 354 474 381 hoc
494 353 596 382 faciunt
610 354 769 390 importuni,
790 358 817 381 et
833 353 975 381 adducunt

178 401 259 428 illum
271 408 326 427 non
342 403 371 426 ut
386 399 567 434 interrogent,
582 398 631 426 sed
645 403 676 426 ut
689 398 873 426 calumniandi
888 397 974 425 medi-

178 453 242 473 cum
255 444 398 472 materiam
412 443 461 479 ipsi
477 443 659 479 suppeditent.
688 455 701 468 α
720 445 759 471 Da
770 444 844 471 enim
860 443 974 479 gloriam

178 491 249 523 Deo,
263 501 275 513 ιι
287 489 435 524 signiﬁcat:
447 488 584 515 Conﬁtere
596 488 668 524 quod
678 489 758 516 Jcsus
773 488 975 523 nihiloperatus

180 538 221 561 est
240 534 269 561 in
284 541 340 561 me.
363 533 487 561 Gloriam
500 533 574 560 enim
589 540 646 560 esse
660 532 709 560 Dei
729 536 836 568 putant,
856 532 891 559 de
910 533 975 559 Jesu

178 578 244 606 nihil
259 578 362 606 bonum
377 577 508 605 attestari.
523 589 535 601 ‹ι
547 579 603 605 Nos
618 577 690 604 enim
706 577 819 613 scimus,
834 576 973 612 inquiunt,

179 623 253 658 quod
268 623 302 650 sit
321 627 454 658 peccator.
479 634 491 646 ι
513 622 660 658 Quomodo
676 622 755 657 igitur
770 630 825 649 non
849 620 974 657 arguistis

179 676 242 696 eum
265 667 374 703 quando
399 666 552 702 provocavit
577 674 634 700 vos,
661 666 755 694 dicens
781 676 787 693 :
813 678 824 688 ιι
851 666 919 700 Quis
941 673 974 692 ex

179 712 257 740 vobis
278 715 374 748 arguet
392 719 437 739 me
452 711 485 739 de
508 716 619 747 peccato
631 713 672 739 4'?
687 723 699 735 ι»
714 713 750 739 At
768 719 857 739 caecus
873 710 973 746 inquit,

180 767 194 781 κ
215 757 241 784 Si
263 757 372 792 quidem
395 761 519 792 peccator
539 761 593 790 est,
609 756 716 790 nescio;
744 768 756 781 ι»
780 756 833 783 hoc
854 760 904 787 est.
920 763 975 782 non

177 809 251 829 nunc
265 802 390 829 examino
406 801 469 834 hoc,
486 809 572 837 neque
588 800 695 828 afﬁrmo
719 809 726 829 :
753 811 765 825 α
781 800 846 828 illud
862 799 974 836 quidem

178 846 323 874 manifeste
333 846 400 880 scio,
412 857 424 870 ιι
439 845 514 882 quod
525 845 721 873 miraculumiu
734 853 778 873 me
789 844 901 881 perfecit
915 854 921 871 :
933 851 976 872 res

178 890 236 926 ipsa
259 899 332 918 nunc
352 899 400 926 per
422 891 537 926 seipsam
556 890 754 924 consideretur,
772 895 799 917 et
810 889 974 917 sententiam

178 935 214 963 de
235 944 265 963 se
280 935 359 963 ferat.
383 935 489 962 Deinde
509 935 570 971 quia
585 943 657 970 saepe
672 935 870 970 interrogantes
886 934 972 967 illum,

178 979 250 1014 Quid
274 979 337 1007 fecit
351 979 421 1007 tibi?
440 984 552 1015 pr0pter
566 979 726 1007 unctionem
742 980 806 1012 luti,
823 987 885 1015 qum
901 979 973 1006 facta

178 1028 235 1052 erat
247 1024 332 1060 639
342 1024 369 1051 in
383 1024 513 1058 Sabbato,
526 1024 725 1052 insidiabantur
737 1024 880 1055 Salvatori,
890 1024 975 1051 sensit

178 1073 271 1096 autem
285 1069 368 1096 homo
380 1077 435 1096 non
446 1069 479 1096 ad
489 1068 661 1102 discendum,
673 1069 721 1096 sed
731 1069 764 1096 ad
775 1068 973 1101 insidiandum,

177 1113 417 1149 interrogationem
441 1113 624 1149 proposuisse,
645 1113 782 1141 austerius
804 1113 842 1141 eis
865 1120 976 1148 respon-

178 1157 218 1186 dit
233 1159 346 1194 :Neque
359 1159 442 1191 enim,
459 1158 555 1194 inquit,
575 1166 703 1186 sermone
718 1159 788 1186 ultra
805 1165 853 1185 vos
866 1157 974 1193 dignor.

179 1204 248 1230 Nam
264 1203 372 1238 quoties
387 1203 463 1230 vobis
477 1203 544 1236 dixi,
565 1207 593 1230 et
609 1211 664 1230 non
680 1202 852 1230 attendistis?
866 1201 974 1228 Deinde

179 1247 252 1283 quod
270 1247 388 1274 maxime
400 1247 462 1274 illos
473 1247 624 1281 cruciabat,
637 1246 729 1274 subdit
741 1255 747 1274 :
766 1258 778 1271 ι
792 1248 868 1274 Num
885 1250 913 1273 et
927 1253 974 1273 vos

182 1291 263 1319 vultis
281 1291 404 1326 discipuli
426 1292 484 1327 ejus
508 1291 585 1319 ﬁeri?
606 1303 618 1316 η
644 1292 771 1319 Declarat
784 1295 874 1318 autem
900 1289 975 1325 quod

179 1335 237 1371 ipse
260 1336 372 1371 quidem
393 1336 541 1372 discipulus
564 1336 623 1372 ejus
649 1344 707 1363 esse
733 1336 802 1363 velit.
828 1336 974 1368 Caeterum,

179 1380 316 1408 incessens
346 1388 394 1408 eos
415 1380 520 1416 placide
546 1381 604 1408 haec
633 1381 710 1413 dicit,
735 1379 809 1415 quod
832 1387 897 1407 sane
924 1378 976 1407 fuit

179 1425 278 1452 anima:
303 1425 395 1452 liberae
419 1429 446 1452 et
468 1425 620 1460 intrepidae,
644 1429 670 1451 et
689 1432 744 1452 non
765 1424 884 1451 curantis
900 1423 974 1451 insa-

179 1469 250 1496 niam
267 1469 387 1497 illorum.
405 1469 450 1497 Ad
464 1469 541 1505 cujus
562 1469 712 1496 convitium
736 1468 783 1500 illi,
810 1480 821 1492 ι
835 1470 879 1496 Tu
899 1467 975 1495 disci-

1031 263 1127 301 Ἡμεῖς
1150 262 1276 300 οἴδαμεν,
1293 261 1332 290 ὅτι
1352 263 1445 291 Μωσεί
1458 261 1585 297 ἐλάλησεν
1610 262 1622 289 ὁ
1643 260 1719 293 Θεός·
1735 262 1839 289 τοῦτον

1029 307 1055 338 δὲ
1072 309 1119 337 οὐκ
1131 307 1256 345 οἴδαμεν,
1281 305 1360 335 πόθεν
1380 307 1462 336 ἐστίν.
1480 319 1490 331 ι
1507 305 1618 340 Ἐπειδή
1641 308 1666 335 οἱ
1681 306 1770 344 γονεῖς
1788 303 1838 333 τὸν

1028 354 1083 382 υἱὸν
1099 353 1184 382 αὐτῶν
1199 352 1251 380 δεῖν
1265 352 1428 391 ἐρωτηθῆναι
1443 350 1634 387 διανέστησαν,
1648 353 1724 379 τοῦτο
1735 351 1840 378 ποιοῦ-

1029 410 1069 427 σιν
1095 399 1119 427 οἱ
1146 396 1319 437 ἐπηρεασταί⁸
1348 397 1394 425 καὶ
1418 396 1449 429 δὴ
1472 396 1637 434 παράγουσιν
1666 395 1764 432 αὐτὸν,
1783 395 1840 433 οὐχ

1029 443 1097 472 ὥστε
1113 444 1262 482 ἐρωτῆσαι,
1280 442 1340 470 ἀλλ’
1355 440 1424 470 ὥστε
1442 440 1585 470 ὑποϐαλεῖν
1611 441 1682 479 αὐτῷ
1708 450 1838 478 κατηγο-

1030 489 1110 526 ρῆσαι
1133 490 1178 516 τοῦ
1205 488 1378 526 θεραπευτοῧ.
1408 485 1447 515 Τὸ
1474 486 1543 524 γὰρ,
1574 499 1585 510 α
1609 484 1659 518 Δὸς
1683 484 1761 518 δόξαν
1793 485 1838 523 τῷ

1029 533 1103 572 Θεῷ,
1134 545 1146 558 ιο
1173 535 1250 561 τοῦτο
1274 531 1411 568 σημαίνει⁸
1435 530 1628 569 Ὁμλόγησον,
1659 529 1754 570 φησὶν,
1772 528 1838 572 ..ὅτι

1030 568 1133 612 Ἰησοῧς
1157 576 1231 606 οὐδὲν
1263 576 1405 616 εἰργάσατο
1429 576 1465 608 εἷς
1490 568 1536 612 ἐμέ
1567 568 1670 611 (τοῦτο
1685 573 1737 614 γὰρ
1761 568 1837 602 εἶναι

1030 622 1106 656 δόξαν
1119 621 1248 657 Θεοῦ,τὸ
1268 623 1306 659 τῷ
1324 621 1411 655 Ἰησοῦ
1427 619 1509 657 μηδὲν
1530 619 1627 658 ἀγαθὸν
1653 629 1836 659 προσμαρτυ-

1030 669 1141 706 ρεῖσθαι.
1153 666 1164 706 )
1177 679 1188 692 ι
1203 667 1297 702 Ἡμεῖς
1309 664 1359 704 γὰρ
1374 666 1482 702 οἴδαμεν
1492 687 1500 701 ,
1522 664 1600 704 φασὶν
1612 687 1620 700 ,
1639 663 1679 693 ὅτι
1696 664 1836 702 ἁμαρτωη

1028 705 1072 744 λός
1087 712 1154 741 ἔστι.
1174 722 1188 739 ι
1209 711 1271 742 Πῶς
1287 705 1329 738 οὖν
1347 710 1394 738 οὐκ
1410 709 1538 748 ἠλέγχετε
1556 709 1650 746 αὐτὸν,
1671 708 1734 738 ὅταν
1753 719 1833 746 προ-

1029 756 1149 785 εκαλεῖτο
1175 756 1244 793 ὑμᾶς
1270 755 1369 792 λέγων’
1394 768 1406 780 σι
1436 754 1485 786 Τίς
1511 754 1536 787 ἐξ
1560 755 1635 791 ὑμῶν
1667 752 1775 792 ἐλέγχει
1798 763 1835 791 με

1029 800 1089 839 περὶ
1106 799 1255 839 ἁμαρτίας
1275 811 1288 829 ι)
1306 799 1341 829 Ὁ
1364 799 1391 828 δὲ
1413 798 1524 838 τυφλὸς,
1546 809 1560 825 υ.
1585 799 1617 828 Εἰ
1633 798 1679 836 μὲν
1705 797 1838 837 ἁμαρτω-

1030 845 1088 880 λὸς,
1112 844 1205 884 φησὶν,
1230 843 1318 881 ἔστιν,
1344 846 1391 874 οὐκ
1409 839 1479 872 οἶδα·
1507 855 1518 869 ι
1540 844 1690 878 τουτέστιν,
1717 844 1759 871 Οὐ
1785 844 1834 870 ν’ὗν

989 880 1013 912 Β
1031 888 1142 923 ἐξετάζω
1177 891 1266 925 τοῦτο,
1300 888 1359 918 οὐδὲ
1395 887 1586 928 ἀποφαίνομαι·
1623 888 1708 916 ἐκεῖνο
1737 885 1834 924 μέντοι

1028 935 1086 962 οἰδα
1103 935 1208 974 σαφῶς,
1235 933 1275 963 ὅτι
1295 936 1385 972 θαῦμα
1406 933 1446 962 ἐπ’
1461 933 1521 970 ἐμοὶ
1539 932 1653 962 ἐτέλεσε.
1682 932 1723 961 Τὸ
1742 930 1832 960 τοίνυν

1028 983 1140 1018 πρᾶγμα
1162 978 1226 1008 αὐτὸ
1249 978 1308 1008 καθ’
1323 977 1387 1007 αὑτὸ
1410 977 1575 1013 σκοπείσθω,
1603 976 1650 1006 καὶ
1666 975 1714 1012 τὴν
1737 978 1832 1016 ψῆφον

1028 1024 1089 1063 περὶ
1114 1024 1194 1052 αὐτοῦ
1229 1022 1370 1063 ἐκφερέτω.
1401 1018 1467 1053 Εἶτα
1492 1023 1584 1057 ἐπειδὴ
1607 1022 1687 1050 πάλιν
1716 1020 1834 1060 ἠρώτων

1029 1068 1116 1097 αὐτόν*
1141 1079 1156 1096 (‹
1171 1067 1207 1097 Τί
1223 1067 1332 1103 ἐποίησέ
1356 1079 1416 1102 σοι,
1432 1081 1444 1093 ι
1469 1066 1512 1095 διὰ
1532 1066 1580 1102 τὴν
1596 1068 1623 1095 ἐν
1636 1067 1674 1105 τῷ
1692 1065 1834 1105 Σαϐϐάτῳ

1028 1113 1132 1145 πάντως
1153 1112 1296 1151 γενομένην
1317 1113 1448 1152 ἐπίχρισιν
1471 1114 1518 1141 τοῦ
1538 1112 1624 1146 πηλοῦ
1641 1111 1835 1150 ἐπηρεάζοντες

1028 1159 1066 1197 τῷ
1083 1158 1205 1196 Σωτῆρι,
1221 1158 1317 1196 ᾔσθετο
1339 1157 1366 1186 δὲ
1382 1159 1396 1186 ὁ
1412 1157 1549 1196 ἅνθρωπος
1564 1155 1658 1188 αὐτοὺς
1668 1177 1677 1192 ,
1694 1156 1744 1194 οὐχ
1759 1155 1833 1184 ὥστε

1030 1206 1139 1240 μαθεῖν,
1166 1202 1225 1230 ἀλλ’
1253 1201 1320 1230 ὥστε
1336 1201 1498 1242 ἐπηρεάσαι,
1513 1201 1560 1237 τὴν
1589 1200 1717 1239 ἐρώτησιν
1735 1211 1832 1228 ποιοιμ

1030 1246 1140 1284 μένους,
1174 1246 1389 1285 πληκτικώτερον
1427 1247 1513 1278 αὐτοῖς
1542 1244 1724 1284 ἀποκρίνεται·
1757 1243 1832 1274 Οὐδὲ

1028 1291 1122 1329 λόγου,
1139 1291 1236 1331 φησὶν,
1262 1291 1301 1320 ἔτι
1317 1293 1386 1326 ὓμᾶς
1408 1290 1481 1324 ἀξιῶ·
1497 1290 1626 1323 πολλάκις
1651 1289 1702 1329 γὰρ
1727 1289 1832 1319 εἰπόντι

1029 1337 1057 1364 οὖ
1073 1336 1286 1374 προσεσχήκατε.
1306 1331 1375 1365 Εἶτα
1389 1336 1419 1364 τὸ
1438 1336 1555 1374 μάλιστα
1571 1334 1715 1372 δυνάμενον
1734 1333 1832 1366 αὐτοὺς

1028 1381 1138 1416 πλῆξαι,
1163 1379 1264 1418 ἐπάγει·
1291 1394 1304 1406 ι
1322 1380 1367 1416 Μὴ
1386 1380 1431 1410 καὶ
1453 1382 1527 1417 ὑμεῖς
1551 1378 1676 1418 βούλεσθε
1705 1378 1830 1416 μαθηταὶ

1029 1426 1108 1455 αὐτοῦ
1130 1424 1272 1463 γενέσθαι,
1290 1438 1301 1451 ι
1328 1424 1471 1465 Ἐμ-ραίνει
1499 1427 1576 1462 γοῦν,
1603 1423 1642 1452 ὅτι
1666 1424 1743 1457 αὐτὸς
1771 1435 1828 1461 μα-

1029 1468 1109 1504 θητὴς
1132 1471 1213 1498 αὐτοῦ
1236 1465 1302 1498 εἶναι
1326 1470 1458 1508 βούλεταν
1485 1469 1585 1503 παίζων
1613 1468 1640 1497 δὲ
1663 1468 1756 1501 αὐτοὺς
1783 1467 1830 1496 καὶ

179 1514 258 1550 pulus
278 1514 348 1542 illius
367 1514 416 1547 sis,
429 1522 480 1541 nos
497 1518 590 1541 autem
614 1513 684 1540 Mosi
695 1513 818 1548 discipuli
835 1520 941 1540 sumus.
958 1522 971 1538 »

1047 1514 1164 1553 ωμῳδῶν
1175 1536 1183 1549 ,
1200 1513 1288 1553 ἠρέμα
1302 1513 1388 1543 ταῦτά
1404 1525 1497 1554 φησιν,
1514 1513 1528 1543 ὃ
1543 1514 1629 1553 ψυχῆς
1653 1512 1709 1542 ἐστι
1726 1513 1832 1552 πεπαῤ-

179 1559 309 1586 Videntur
322 1564 414 1586 autem
423 1562 450 1585 et
464 1559 492 1585 in
504 1558 558 1585 hoc
573 1557 732 1590 mendaces;
747 1565 810 1584 nam
823 1557 846 1584 si
857 1557 975 1585 fuissent

178 1602 300 1639 discipuli
317 1604 410 1636 Mosis,
426 1607 453 1630 et
467 1602 568 1630 Christi
581 1602 696 1629 fuissent
708 1601 842 1636 discipuli,
858 1602 931 1629 sicut
947 1606 974 1629 et

178 1647 235 1683 ipse
250 1648 358 1676 dicebat
383 1647 431 1678 eis,
459 1658 472 1671 ι
497 1647 524 1674 Si
550 1646 698 1674 crederetis
718 1646 800 1680 Mosi,
826 1645 975 1674 crederetis

178 1692 272 1727 utique
287 1691 364 1719 mihi.
380 1703 390 1714 ιε
404 1692 464 1718 Non
479 1691 608 1718 dixerunt
620 1694 721 1723 autem,
735 1692 791 1718 Nos
802 1691 972 1719 audivimus:

181 1736 243 1768 sed,
258 1747 270 1759 «
288 1737 344 1764 Nos
360 1735 464 1762 scimus
475 1735 550 1770 quod
563 1735 636 1762 Mosi
651 1735 758 1762 locutus
772 1735 807 1763 sit
820 1737 895 1763 Deus
906 1736 942 1768 ἀι,
958 1745 971 1761 ι»

180 1779 307 1816 quamvis
335 1787 350 1806 a
370 1779 527 1814 parentibus
548 1779 603 1807 suis
626 1779 775 1813 audissent,
799 1784 921 1808 exactam
945 1788 975 1808 se

179 1824 279 1852 habere
300 1823 441 1851 scientiam
457 1823 582 1852 dicebant
604 1824 637 1852 de
652 1824 685 1852 iis
699 1832 761 1860 quae
785 1833 832 1860 per
852 1825 974 1853 auditum

180 1873 341 1904 receperant
356 1878 362 1896 :
374 1876 438 1897 eum
452 1873 544 1897 autem
556 1877 641 1905 quem
654 1869 738 1897 oculis
752 1869 876 1897 viderant
891 1870 972 1897 mira-

181 1913 240 1941 cula
255 1913 406 1948 facientem,
422 1918 540 1950 etquem
558 1914 701 1942 audierant
714 1914 803 1942 divina
818 1918 846 1942 et
858 1922 974 1950 superna

180 1957 350 1993 loquentem,
375 1959 555 1995 impostorem
576 1959 719 1986 vocabant.
742 1958 826 1986 Vides
846 1959 972 1994 insipien-

179 2004 246 2032 tiam
258 2013 272 2032 a
286 2005 387 2033 malitia
400 2005 568 2041 proiectam?

1031 1557 1211 1598 ῥησιασμένης
1226 1559 1270 1587 καὶ
1291 1558 1516 1594 ἀκαταπλήκτου,
1540 1560 1585 1587 κἰὶ
1603 1557 1640 1594 μὴ
1660 1556 1830 1595 πτοουμένης

1030 1602 1077 1638 τὴν
1103 1602 1199 1641 μανίαν
1224 1603 1323 1633 αὐτῶν.
1368 1603 1485 1632 Ἐκεῖνοι
1509 1603 1536 1632 δὲ
1562 1602 1626 1641 πρὸς
1651 1601 1728 1641 ὕϐριν
1746 1602 1831 1630 αὐτοῦ

1030 1657 1105 1687 φασι⁸
1125 1658 1139 1674 α
1163 1646 1202 1676 Σὺ
1218 1642 1243 1675 εἶ
1266 1647 1386 1684 μαθητὴς
1411 1649 1526 1682 ἐκείνου,
1543 1648 1621 1684 ἡμεῖς
1643 1646 1672 1675 δὲ
1695 1648 1740 1675 τοῦ
1763 1647 1832 1675 Μω-

1030 1692 1095 1725 σέως
1119 1692 1198 1729 ἐσμὲν
1215 1692 1343 1729 μαθηταί.
1368 1706 1379 1718 ι
1398 1692 1546 1721 Φαίνονται
1564 1691 1590 1720 δὲ
1607 1692 1633 1720 ἐν
1656 1690 1742 1730 τούτῳ
1765 1692 1832 1730 ψευ-

1029 1736 1145 1775 δόμενοι.
1204 1737 1237 1766 Εἰ
1253 1736 1302 1775 γὰρ
1323 1733 1391 1772 ἦσαν
1420 1739 1465 1765 τοῦ
1487 1736 1608 1769 Μωσέως
1629 1735 1767 1773 μαθηταὶ,
1785 1736 1832 1764 καὶ

1028 1784 1075 1810 τοῦ
1101 1781 1217 1820 Χριστοῦ
1244 1780 1275 1810 ἂν
1294 1777 1372 1818 ἦσαν·
1401 1781 1470 1810 καθὰ
1501 1782 1546 1810 καὶ
1572 1780 1649 1813 αὐτὸς
1671 1780 1761 1819 ἔλεγεν
1781 1781 1832 1809 αὖ-

1029 1831 1091 1860 τοῑς·
1109 1840 1121 1853 ι
1138 1826 1171 1855 Εἴ
1193 1826 1345 1856 ἐπιστεύετε
1363 1828 1475 1862 Μωσεῖ,
1499 1825 1651 1855 ἐπιστεύετε
1677 1825 1708 1853 ἂν
1724 1824 1798 1862 ἐμοί.
1818 1840 1830 1853 ι

1030 1873 1087 1901 Οὐκ
1100 1866 1171 1900 εἷπον
1183 1869 1222 1906 δὲ,
1238 1870 1278 1899 ὅτι
1292 1870 1386 1909 Ἡμεῖς
1402 1870 1562 1906 ἠκούσαμεν,
1576 1870 1635 1898 ἀλλ’
1650 1869 1691 1898 ὅτι
1706 1882 1718 1896 α
1735 1868 1833 1907 Ἡμεῖς

1030 1916 1149 1953 οἴδαμεν,
1165 1914 1204 1943 δτι
1222 1917 1316 1944 Μωσεί
1332 1916 1479 1950 λελάληκεν
1500 1918 1511 1944 δ
1531 1915 1609 1948 θεός.
1629 1926 1643 1942 ι)
1664 1915 1762 1943 Καίτοι
1776 1916 1830 1943 τῶν

1029 1960 1164 1999 προγόνων
1200 1960 1287 1992 αὐτοῖς
1331 1960 1565 1998 ἀπαγγειλάντων,
1603 1959 1701 1998 ἀκριϐῆ
1734 1961 1831 1997 γνῶσιν

1031 2006 1099 2044 ἔχειν
1124 2005 1264 2043 λέγουσιν,
1291 2000 1327 2033 ὧν
1352 2004 1378 2038 ἐξ
1402 2006 1481 2039 ἀκοῆς
1505 2004 1722 2044 παρειλήφεισαν·
1746 2003 1774 2033 ὃν
1802 2004 1831 2033 δὲ

179 2051 232 2082 τοῖς
255 2051 398 2089 ὀφθαλμοῖς
427 2050 538 2079 ἔϐλεπον
569 2052 836 2088 θαυματουργοῦντα,
863 2049 908 2078 καὶ
945 2046 974 2079 οὗ
996 2050 1092 2086 ἤκουον
1118 2050 1174 2079 θεῖα
1200 2050 1245 2079 καὶ
1273 2048 1370 2079 ἄνωθεν
1395 2049 1592 2090 φθεγγομένου,
1613 2050 1705 2078 τοῦτον
1731 2048 1832 2078 πλάνον

181 2094 302 2123 ἐκάλουν.
319 2094 402 2134 Ὁρᾷς
419 2095 545 2129 ἀνοησίαν
566 2094 618 2122 ἀπὸ
633 2094 728 2127 κακίας
744 2094 1025 2134 δεδημιουργημένηνς

218 2144 308 2171 Vsus.
323 2145 415 2171 30-33.
438 2154 451 2167 α
469 2142 672 2179 Responditille
692 2142 785 2177 homo,
801 2147 829 2171 et
842 2143 910 2171 dixit
920 2144 958 2171 eis
972 2152 977 2171 :
994 2141 1020 2173 D

180 2189 211 2216 In
223 2188 276 2216 hoc
292 2188 365 2215 enim
379 2187 502 2215 mirabile
514 2187 654 2223 quoddam
667 2192 717 2222 est,
731 2188 803 2224 quod
815 2196 863 2216 vos
875 2189 978 2216 nescia-

178 2232 213 2260 tis
234 2232 306 2260 unde
320 2232 365 2265 sit,
382 2236 409 2260 et
432 2237 524 2260 tamen
544 2233 648 2268 aperuit
662 2233 757 2261 oculos
772 2241 857 2261 meos.
871 2233 978 2261 Scimus

179 2281 273 2304 autem
294 2276 370 2312 quod
385 2280 539 2312 peccatores
556 2279 627 2305 Deus
645 2286 700 2305 non
718 2278 804 2311 audit,
819 2278 867 2306 sed
885 2278 907 2305 si
919 2278 978 2314 quis

179 2322 229 2349 Dei
252 2321 342 2349 cultor
364 2326 415 2354 est,
436 2326 463 2349 et
483 2321 612 2350 voluntati
628 2323 687 2359 ejus
708 2323 889 2358 obtemperat,
906 2322 978 2350 hunc

180 2365 264 2394 audit.
277 2367 302 2393 Α
315 2367 416 2394 sazculo
430 2374 485 2394 non
504 2371 545 2394 est
564 2367 690 2394 auditum
705 2367 779 2403 quod
794 2367 857 2402 quis
870 2367 978 2402 aperuit

181 2411 276 2438 oculos
289 2411 352 2438 calci
365 2410 430 2438 nati.
446 2410 503 2438 Nisi
523 2416 595 2439 esset
607 2411 651 2439 hic
662 2419 677 2438 a
690 2413 760 2445 Deo,
775 2419 831 2438 non
846 2411 978 2446 potuisset

181 2454 269 2482 facere
284 2455 444 2491 quidquam.
462 2467 474 2480 ι
492 2457 557 2489 Vos,
576 2456 676 2492 inquit,
703 2463 719 2482 ο
734 2455 832 2489 Judaei,
848 2456 977 2492 rejecistis

180 2507 244 2527 eum
259 2500 305 2535 qui
330 2508 372 2527 me
387 2500 500 2532 sanavit,
523 2501 601 2536 quasi
621 2500 773 2528 nescientes
787 2508 851 2528 eum
870 2510 883 2526 α
904 2501 978 2528 unde

179 2543 215 2572 sit
230 2553 236 2571 :
255 2556 267 2568 ιι
291 2552 341 2580 ego
361 2549 454 2572 autem
476 2544 538 2572 dico
554 2544 629 2580 quod
648 2549 758 2580 propter
769 2544 822 2573 hoc
837 2546 923 2582 magis
937 2550 978 2574 est

179 2589 320 2622 mirabilis,
333 2589 393 2625 quia
409 2589 496 2617 homo
507 2597 562 2616 non
577 2594 618 2616 est
637 2597 671 2617 ex
684 2589 821 2617 nobilibus
835 2590 907 2625 apud
919 2599 975 2625 vos,

177 2641 264 2669 neque
286 2641 319 2661 ex
337 2633 443 2661 honore
467 2633 599 2668 praeditis,
616 2635 662 2669 qui
678 2634 740 2661 talia
766 2639 864 2670 potest.
884 2637 918 2663 Et
941 2636 977 2664 ita

178 2678 296 2713 undique
311 2678 489 2705 manifestum
504 2682 545 2705 est
558 2679 632 2714 quod
653 2679 690 2706 sit
705 2679 816 2715 majoris
834 2680 976 2717 cujusdam

178 2722 318 2758 potentiae,
337 2730 423 2758 neque
445 2721 566 2750 humano
587 2722 709 2759 indigeat
728 2725 838 2753 auxilio.
860 2726 975 2761 Insuper

228 2819 236 2831 ι
250 2813 330 2839 Joan.
349 2819 417 2845 vui,
430 2815 475 2840 46.
514 2813 538 2833 ει
553 2813 632 2841 Joan.
650 2821 678 2848 ν,
691 2817 735 2842 46.

1075 2153 1086 2165 σι
1110 2139 1249 2179 Ἀπεκρίθη
1277 2141 1290 2168 ὁ
1314 2138 1467 2178 ἄνθρωπος,
1498 2138 1544 2167 καὶ
1559 2133 1630 2168 εἶπεν
1648 2139 1744 2171 αὐτοῖς·
1783 2137 1831 2168 Ἐν

1032 2183 1082 2224 γὰρ
1105 2184 1189 2224 τούτῳ
1211 2183 1362 2222 ϐκυμαστόν
1388 2185 1473 2220 ἐστιν,
1504 2184 1544 2212 ὅτι
1569 2184 1643 2220 ὑμεῖς
1667 2183 1716 2212 οὐκ
1740 2183 1828 2212 οἴδατε

1032 2230 1110 2258 πόθεν
1132 2229 1188 2258 ἐστὶ
1198 2251 1206 2266 ,
1226 2229 1271 2258 καὶ
1287 2228 1383 2267 ἀνέῳξέ
1395 2241 1444 2266 μου
1458 2227 1516 2261 τοὺς
1531 2227 1694 2268 ὀφθαλμούς.
1743 2227 1828 2258 Οἴδα-

1034 2286 1081 2312 μεν
1096 2274 1139 2310 δὲ,
1157 2273 1196 2302 ὅτι
1220 2274 1388 2313 ἁμαρτωλῶν
1404 2275 1417 2302 ὃ
1429 2273 1495 2306 Θεὸς
1519 2273 1566 2302 οὐκ
1587 2271 1689 2301 άκοῦειθ
1710 2273 1770 2301 ἀλλ’
1785 2273 1829 2303 ἐάν

1032 2331 1072 2352 τις
1095 2318 1221 2354 θεοσεϐὴς
1243 2314 1275 2358 ᾗ,
1297 2318 1342 2347 καὶ
1363 2318 1393 2347 τὸ
1411 2318 1515 2355 θέλημα
1538 2318 1618 2347 αὐτοῦ
1638 2319 1719 2357 ποιῇ,
1736 2317 1829 2347 τούτου

1033 2363 1135 2393 ἀκούει.
1170 2363 1219 2393 Ἐκ
1240 2366 1284 2392 τοῦ
1302 2365 1395 2396 αἰῶνος
1409 2363 1456 2391 οὐκ
1470 2361 1606 2399 ἠκούσθη,
1627 2361 1667 2391 ὅτι
1691 2361 1777 2397 ἤνοιξέ
1790 2375 1829 2395 τις

1032 2407 1185 2448 ὀγθαλμοὺς
1209 2409 1308 2449 τυφλοῦ
1333 2407 1537 2445 γεγεννημένου.
1583 2408 1615 2436 Εἰ
1641 2405 1678 2444 μὴ
1703 2402 1734 2441 ἦν
1757 2402 1830 2440 οὗτος

1034 2452 1105 2492 παρὰ
1127 2454 1217 2489 Θεοῦ,
1244 2454 1292 2481 οὐκ
1313 2452 1426 2487 ἠδύνατο
1448 2453 1531 2480 ποιεῖν
1551 2450 1636 2481 οὐδέν.
1655 2463 1670 2479 »
1715 2450 1826 2489 (huic,

1033 2497 1125 2538 φησὶν,
1145 2492 1167 2526 ὦ
1183 2497 1322 2534 Ἰουδαῖοι,
1347 2495 1532 2526 ἄποῦάλλεσθε
1555 2497 1598 2525 τὸν
1628 2495 1830 2535 θεραπεύσαντά

1110 2544 1117 2553 ε
1236 2542 1275 2554 es!
1366 2541 1373 2551 )
1396 2541 1402 2549 ι
1535 2541 1541 2551 Ι
1606 2542 1612 2551 ν
1652 2540 1657 2550 ι
1731 2542 1738 2551 9
1763 2539 1769 2551 \
1803 2541 1829 2551 τυ

1033 2553 1081 2580 με,
1104 2555 1140 2575 ως
1158 2542 1194 2580 μὴ
1221 2553 1319 2574 ειοοτες
1344 2553 1436 2575 αυτον,
1469 2554 1481 2568 α
1506 2544 1584 2570 ποθεν
1602 2550 1682 2570 εστιν·
1697 2555 1708 2566 ι
1727 2552 1779 2580 εγω
1801 2552 1828 2569 οε

1032 2598 1116 2626 φημι,
1142 2586 1183 2616 ὅτι
1207 2586 1250 2616 διὰ
1276 2588 1353 2614 τοῦτο
1377 2584 1479 2618 μᾶλλόν
1503 2586 1559 2614 ἐστι
1588 2585 1757 2620 θαυμαστὸς,
1788 2585 1828 2614 ὅτι

1032 2632 1170 2670 ἄνθρωπος
1186 2632 1215 2659 οὗ
1229 2632 1282 2659 τῶν
1298 2630 1437 2668 ἐπισήμων
1466 2631 1529 2670 παρ’
1543 2632 1616 2667 ὑμῶν
1634 2628 1687 2665 ὢν,
1704 2629 1761 2658 οὐδὲ
1777 2631 1828 2658 τῶν

1032 2675 1246 2714 δεδοξασμένων,
1274 2677 1383 2704 τοιαῦτα
1408 2674 1538 2710 δύναται,
1564 2673 1633 2704 ὥστε
1655 2669 1722 2703 εἶναι
1749 2675 1826 2710 δῆλον

1031 2721 1177 2757 πάντοθεν,
1199 2721 1234 2754 ὡς
1259 2719 1314 2749 ἔστι
1338 2719 1485 2760 κρείττονός
1503 2731 1572 2752 τινος
1597 2719 1752 2758 δυνάμεως,
1779 2720 1823 2748 οὗ-
