1910 3077
57 182 86 208 57
438 175 634 203 ENARRATIO
654 176 686 202 IN
707 175 923 203 EVANGELIUM
941 175 1090 203 JOANNIS.
1112 191 1143 195 —
1163 175 1238 203 CAP.
1261 177 1300 203 l.\'.
1659 179 1694 205 08

56 244 140 280 δεμιᾶς
175 237 338 278 ἀνθρωπίνης
377 237 498 277 βοηθείας
527 238 658 276 δεόμενος.
693 233 759 267 Εἶτα
798 238 842 267 καὶ

901 243 960 278 quia
974 243 1049 278 prius
1062 242 1189 270 dixerant
1201 242 1313 278 quidam
1330 250 1361 269 cx
1377 243 1426 275 eis,
1448 254 1460 267 ‹‹
1480 245 1627 279 Quomodo
1643 253 1694 280 po-

56 284 141 320 ἔπειδή
172 283 364 323 προλαϐόντες,
394 282 467 311 εἶπόν
490 295 558 316 τινες
587 283 612 317 ἐξ
626 284 720 312 αὐτῶν·
744 297 754 308 ι
780 285 844 317 Ῐιῶς

56 332 156 360 δύναται
206 328 342 367 ἄνθρωπος
385 327 542 367 ἁμαρτωλὸς
593 330 692 365 σημεῖα
734 331 842 358 τοιαῦτα

54 376 146 410 ποιεῖν;
165 388 177 400 ι
192 373 281 403 λοιπὸν
302 371 347 401 καὶ
365 373 413 407 τὴν
432 372 536 401 ἐκείνων
552 372 759 412 παραλαμϐάνει
783 373 842 412 κρί-

56 432 108 456 σιν,
127 418 171 448 καὶ
191 419 242 446 τῶν
257 417 359 446 οἰκείων
377 416 470 451 αὐτοὺς
491 417 688 454 ὑπομιμνήσκει
704 417 841 457 ῥημάτιον.

55 479 67 491 ι
87 463 203 501 Οἴδαμεν
220 476 231 488 ι
245 461 308 502 γὰρ,
326 462 408 502 φησὶ,
424 462 530 497 πάντες,
547 476 557 488 α
581 462 621 491 ὅτι
636 462 806 501 ἁμαρτωλῶν
830 464 844 492 ὁ

54 509 115 541 Θεὸς
139 509 185 537 οὐκ
212 506 311 536 ἀκούει·
335 507 393 536 ἀλλ’
420 506 465 536 ἐάν
486 519 524 540 τις
547 506 669 542 θεοσεϐὴς
694 503 722 546 ᾖ,
745 507 790 536 καὶ
814 507 843 536 τὸ

54 554 148 591 θέλημα
177 553 256 581 αὐτοῦ
282 553 359 590 ποιῇ,
387 550 480 580 τούτου
510 551 609 581 ἀκούει.
635 565 646 577 ιι
677 552 777 581 Σκόπει
798 564 843 590 μοι

54 599 170 633 ἐντεῦθεν,
207 598 264 629 πῶς
295 598 324 625 οὖ
356 595 435 634 μόνον
470 596 608 636 ἁμαρτιῶν
639 597 775 631 ἀπήλλαξε
801 597 843 626 τὸν

55 642 158 682 Κύριον,
175 641 244 670 ἀλλὰ
266 640 312 669 καὶ
328 641 429 681 σφόδρα
453 641 530 670 αὐτὸν
553 640 700 680 ἀρέσκοντα
725 643 762 680 τῷ
781 643 843 680 Θεῷ

53 687 168 723 δείκνυσι,
195 686 240 715 καὶ
265 686 297 715 τὰ
327 685 427 715 ἐκείνου
453 686 540 714 πάντα
564 687 725 725 πράττοντα,
751 687 777 715 ἐν
806 688 843 726 τῷ

53 733 135 761 εἰπεῖν·
161 744 174 758 α
199 730 270 760 Ἀλλ’
292 730 336 758 ἐάν
360 742 397 763 τις
419 730 541 763 θεοσεϐὴς
563 726 596 769 ᾗ,
615 730 660 759 καὶ
681 730 711 759 τὸ
740 731 842 769 θέλημα

53 778 125 806 αὐτοῦ
137 778 207 815 ποιῇ.
226 791 236 801 -
259 771 328 805 Εἶτα
347 776 404 804 ἐπεὶ
421 775 562 813 ἐγίνωσκεν
583 775 676 808 αὐτοὺς
695 777 843 810 συσκιάζειν

53 820 217 860 βουλομένους
238 820 268 850 τὸ
293 823 395 858 θαῦμα,
416 821 493 852 αὐτὸς
517 821 616 856 πολλῆς
642 821 769 854 συνέσεως
799 821 842 859 γέ-

52 878 111 904 μων,
126 866 170 901 τὴν
195 865 347 904 εὐεργεσίαν
371 863 557 904 ἀνακηρύττειε
588 879 599 890 κ
620 866 650 894 lii
677 864 713 903 μὴ
741 865 793 904 γὰρ
810 861 841 901 ἧν

897 291 949 314 test
966 288 1050 315 homo
1065 292 1194 322 peccator
1206 287 1283 322 signa
1299 286 1385 315 facere
1398 288 1479 315 talia?
1494 300 1505 312 ι
1524 289 1582 324 jam
1597 290 1695 317 etillo-

897 341 958 360 rum
979 332 1093 360 assumit
1113 332 1260 367 judicium,
1288 332 1315 359 iu
1331 333 1496 360 memoriam
1513 334 1552 360 eis
1568 334 1691 369 ipsorum

897 377 977 404 verba
992 377 1137 404 reducens.
1162 388 1174 400 ι
1198 377 1304 404 Scimus
1330 389 1341 400 ν
1358 376 1444 411 enim,
1462 377 1560 412 inquit,
1582 387 1690 412 omnes,

899 433 911 446 σι
928 421 1001 458 quod
1015 423 1089 449 Dens
1104 426 1260 457 peccatores
1281 429 1337 449 non
1351 422 1437 454 audit,
1451 422 1497 449 sed
1520 422 1542 450 si
1559 422 1620 458 quis
1641 423 1692 450 Dei

896 467 986 494 cultor
1000 466 1092 499 fuerit,
1114 470 1143 494 et
1162 466 1334 494 voluntatem
1353 466 1411 502 ejus
1427 466 1532 499 fecerit,
1548 466 1622 494 hunc
1642 475 1693 495 au-

896 511 946 540 dit.
963 523 976 535 ι
992 511 1140 539 Considera
1156 511 1208 538 hoc
1225 511 1286 538 loco
1302 511 1443 547 quomodo
1458 519 1514 538 non
1533 512 1623 538 solum
1639 513 1694 539 Do-

896 557 1004 584 minum
1022 556 1140 583 alienum
1156 555 1238 583 faciat
1253 563 1269 583 a
1296 556 1424 591 peccatis,
1446 555 1493 583 sed
1514 560 1540 583 et
1563 556 1694 584 ostendat

897 609 961 629 eum
976 600 1053 628 valde
1070 601 1175 635 placere
1192 602 1259 632 Deo.
1276 605 1303 628 et
1316 599 1462 628 facientem
1476 601 1570 628 omnia
1583 609 1645 636 qua:
1659 601 1693 629 ad

898 646 974 673 illum
991 645 1155 681 pertineant,
1171 645 1286 672 dicendo
1301 655 1307 672 ;
1324 656 1337 670 ι)
1355 646 1408 673 Sed
1426 646 1448 672 si
1463 646 1524 681 quis
1538 646 1589 672 Dei
1603 646 1693 674 cultor

897 691 988 724 fuerit,
1012 695 1038 718 et
1060 691 1226 718 voluntatem
1241 689 1298 724 ejus
1319 689 1428 718 fecerit.
1454 701 1467 715 δ)
1492 692 1606 726 Insuper
1627 690 1692 726 quia

895 736 1075 770 cognoscebat
1096 743 1142 762 eos
1160 734 1323 762 adumbrare
1346 735 1412 762 velle
1435 734 1611 765 miraculum.
1636 734 1694 770 ipse

897 779 1041 813 prudentia
1058 779 1162 815 plenus,
1184 779 1392 807 beneﬁcentiam
1411 779 1540 814 praelii-at
1561 789 1567 806 :
1598 792 1610 803 ιι
1633 779 1693 807 Nisi

897 825 969 852 enim
985 825 1028 852 hic
1041 832 1056 851 a
1074 826 1130 851 Deo
1156 823 1262 857 fuisset,
1281 834 1293 849 ››
1312 832 1367 851 non
1381 824 1489 851 fecisset
1511 825 1564 851 tale
1578 824 1695 851 miracu-

897 869 966 903 lum,
990 869 1068 905 qualc
1092 869 1181 896 nullus
1203 878 1217 895 a
1241 869 1351 896 saeculo.
1382 871 1453 896 Nam
1477 869 1563 904 aperti
1586 869 1696 896 fuerunt

52 907 116 944 οὗτος
139 909 189 939 ἀπὸ
205 911 294 946 Θεοῦ,
316 923 327 936 ι
353 910 401 938 οὐκ
424 909 455 938 ἂν
482 911 571 948 θαῦμα
592 911 733 944 τηλικοῦτο
755 910 842 948 εἰργοί-

901 914 1019 942 lortassis
1034 922 1168 941 cmeorum
1184 914 1267 947 oculi,
1291 913 1339 941 sed
1361 914 1397 940 illi
1414 922 1469 940 non
1492 913 1604 941 fuerunt
1617 921 1632 941 ει
1647 921 1694 941 na-

52 967 128 991 σατο,
156 950 208 984 οἷον
237 954 320 987 οὐδεὶς
336 955 388 983 τῶν
406 955 453 983 ἀπ’
471 955 575 988 αἰῶνος.
606 954 771 991 ’Πνοίγησαν
793 954 840 992 μὲν

51 999 97 1039 γὰρ
120 999 250 1040 ὀφθαλμοὶ
274 1000 380 1039 τυφλῶν
397 999 495 1039 τυχὸν,
523 999 581 1027 ἀλλ’
599 1000 646 1028 οὐκ
669 999 721 1027 ἀπὸ
736 1001 842 1037 γενετῆς

54 1044 247 1084 πεπηρωμένοι,
267 1044 319 1073 ἀπό
345 1055 412 1076 τινος
437 1043 463 1072 δὲ
490 1044 598 1076 πάθους·
627 1046 704 1072 τοῦτο
729 1043 756 1072 δέ
785 1044 842 1072 ἐστι

50 1089 78 1118 τὸ
94 1088 171 1125 ξένον,
193 1088 207 1118 ὃ
223 1091 271 1117 νῦν
295 1089 410 1127 ἐγένετο.
456 1088 595 1128 Πρόδηλον
612 1083 671 1124 οὖν,
691 1087 731 1116 ὅτι
747 1089 841 1125 μείζων

50 1132 146 1168 ἢκατὰ
169 1132 307 1172 ἄνθρωπόν
322 1134 394 1163 ἐστιν
419 1135 432 1162 ὃ
454 1133 596 1168 τηλικοῦτο
612 1135 700 1171 θαῦμα
722 1133 839 1166 τελέσας.

51 1177 116 1207 Ἀλλ’
137 1177 268 1218 ἀποροῦσί
292 1190 359 1210 τινες
385 1177 490 1217 ψυχρὰν
516 1177 560 1206 καὶ
589 1177 745 1217 σοφιστικὴν
776 1179 841 1206 ἀπο-

51 1222 114 1260 ρίαν.
141 1224 220 1260 Πῶς,
239 1222 328 1263 φασὶν,
354 1218 436 1259 εἶπεν,
454 1221 494 1251 ὅτι
511 1236 522 1247 ιι
541 1221 719 1261 Ἁμαρτωλίῦν
737 1224 750 1251 ὁ
776 1223 843 1256 Θεὸς

51 1268 96 1296 οὐκ
121 1267 227 1302 ἆκούει;
258 1280 270 1293 ι
302 1267 354 1297 Καὶ
384 1267 437 1305 μὴν
467 1267 617 1305 εὐχομένων
635 1269 841 1306 συγχωρηθῆναι

49 1311 94 1344 τὰς
119 1311 253 1351 ἁμαρτίας
279 1311 414 1341 ἐπακούει·
439 1313 621 1351 φιλάνθρωπος
642 1312 692 1350 γάρ
718 1312 785 1340 ἐστι.
808 1311 842 1340 Τί

49 1352 91 1385 οῦν
114 1358 180 1394 ἐστι,
197 1356 286 1396 φασὶν,
309 1355 448 1385 ὃένταῦθα
464 1357 547 1394 λέγει,
569 1357 609 1385 ὅτι
635 1370 646 1382 ι
663 1355 842 1394 Ἃμαρτωλῶν

48 1403 61 1430 ὂ
81 1401 146 1434 Θεὸς
168 1403 214 1430 οὐκ
242 1400 347 1437 ἀκούεις
369 1414 380 1426 ιι
404 1399 482 1430 Ἐδει
510 1400 558 1437 μὲν
585 1401 650 1440 πρὸς
675 1401 708 1430 τὰ
731 1403 842 1429 τοιαῦτα

50 1445 113 1483 μηβὲ
141 1445 339 1486 ἀποκρίνεσθαι·
366 1444 436 1484 ὅμως
460 1444 551 1484 ῥητέον
565 1446 604 1474 δτι
627 1446 656 1475 τὸ
674 1446 842 1484 ἁμαρτωλῶν

50 1489 85 1528 μὴ
99 1489 201 1519 ἀκούειν
240 1490 284 1518 τὸν
311 1490 392 1527 Θεὸν,
417 1492 494 1519 τοῦτο
517 1490 651 1528 σημαίνει,
678 1490 718 1519 ὅτι
740 1492 753 1518 ὁ
776 1490 843 1523 Θεὸς

51 1536 142 1572 σημεῖα
159 1534 316 1574 ἐργάζεσθαι
344 1536 397 1568 τοῖς
413 1534 582 1574 ἁμαρτωλοῖς
607 1536 636 1564 οὖ
658 1535 777 1564 δίδωσιν.
801 1535 842 1563 Οὐ

49 1578 96 1619 γὰρ
112 1580 244 1615 ἐνοικήσει
266 1580 296 1608 τὸ
310 1580 421 1617 Πνεῦμα
445 1581 490 1608 τοῦ
504 1582 574 1609 Θεοῦ
589 1581 615 1608 ἐν
640 1579 747 1618 σώματι
761 1591 842 1608 κατα-

49 1623 116 1663 χρέῳ
137 1623 291 1663 ἁμαρτίαις.
318 1624 486 1661 Αἰτουμένων
514 1623 605 1662 μέντοι
633 1623 726 1662 ἄρεσιν
757 1624 845 1663 ἆμαρ-

48 1669 106 1696 τιῶν
129 1669 233 1704 ἀληθῶς
258 1667 304 1697 καὶ
329 1668 382 1696 ἀπὸ
409 1668 531 1707 καρδίας,
557 1668 707 1706 εἰσακούει,
739 1671 788 1708 οὐχ
810 1669 844 1702 ὡς

49 1712 223 1752 ἁμαρτωλῶν,
253 1713 310 1742 ἀλλ’
334 1714 368 1746 ὡς
397 1713 604 1751 μετανοούντων,
628 1712 716 1750 Ὁμοῦ
740 1725 769 1743 τε
793 1711 844 1752 γὰρ

51 1758 180 1787 αἰτοῦνται
201 1757 252 1793 τὴν
275 1757 378 1796 ἄφεσιν,
397 1757 441 1786 καὶ
459 1757 625 1795 μετέστησαν
642 1757 694 1786 ἀπὸ
716 1760 763 1793 τῆς
791 1760 842 1786 τῶν

51 1801 215 1841 ἁμαρτωλῶν
243 1802 339 1836 τάξεως
360 1802 395 1835 εἷς
410 1802 458 1837 τὴν
481 1803 533 1830 τῶν
559 1801 768 1839 μετανοούντων.
796 1803 844 1831 Εἶ-

49 1846 126 1879 κότως
151 1842 195 1876 οῦν
219 1847 323 1886 εἴρηται
351 1845 391 1876 ὅτι
416 1859 428 1873 ι
451 1846 640 1886 Ἀμοιρτωλῶν
662 1849 675 1876 ὃ
704 1847 771 1879 Θεὸς
797 1848 844 1876 οὐκ

49 1890 143 1922 ἀκούει,
170 1905 182 1918 ιι
206 1892 280 1922 Οὔτε
302 1891 354 1930 γὰρ
385 1891 553 1932 ἁμαρτωλοῖς
580 1890 670 1920 δίδωσι
692 1890 740 1926 τὴν
765 1891 843 1930 χάριν

47 1938 96 1964 τῶν
122 1937 253 1973 σημείων.
285 1938 347 1969 Πῶς
362 1937 424 1976 γὰρ,
448 1936 510 1974 οὓς,
527 1936 572 1965 καὶ
603 1935 647 1966 ἐὰν
678 1935 844 1971 αἰτήσωνταί

49 1992 110 2010 ποτε
125 1982 185 2021 περί
204 1993 276 2014 τινος
292 1979 422 2019 τοιούτου,
446 1985 534 2018 μισεῖ,
554 1983 587 2014 ὡς
602 1979 635 2009 τὰ
652 1981 733 2018 μηδὲν
757 1981 844 2013 αὐτοῖς

48 2025 215 2064 προσήκοντα
240 2025 488 2066 σφετεριζομένους
513 2026 558 2069 καὶ
584 2024 628 2054 ἐὰν
654 2025 736 2064 ἀκούῃ
753 2025 781 2055 δὲ
802 2026 844 2054 αἱ·

48 2071 178 2107 τουμένων
204 2070 310 2110 ἄφεσιν,
336 2071 386 2109 οὐχ
409 2073 444 2103 ὡς
463 2070 628 2110 ἁμαρτωλῶν
642 2093 649 2106 ,
666 2071 724 2099 ἀλλ’
741 2071 776 2103 ὡς
796 2082 842 2107 με·

48 2115 207 2144 τανοούντων
226 2115 324 2144 ἀκούει.
341 2114 443 2145 Σκόπει
467 2114 494 2143 δὲ
509 2117 565 2147 πῶς
590 2110 672 2150 εἶπεν,
687 2115 728 2144 ὅτι
746 2129 758 2142 ιι
777 2115 842 2145 Ἐάν

48 2170 85 2192 τις
109 2159 236 2195 θεοσεϐὴς
253 2155 280 2200 ᾗ,
300 2173 312 2186 ιι
338 2160 383 2190 καὶ
399 2160 567 2200 προσέθηκε,
583 2174 595 2185 α
616 2159 661 2189 καὶ
685 2159 715 2188 τὸ
739 2160 842 2197 θέλημα

50 2204 126 2233 αὐτοῦ
141 2207 216 2244 ποιῇ.
239 2217 250 2230 ι
269 2205 367 2234 Πολλοὶ
382 2205 445 2244 γὰρ,
460 2204 589 2237 θεοσεϐεῖς
606 2205 653 2242 μὲν
670 2205 730 2241 εἶσὶ,
746 2204 776 2234 τί)
800 2204 841 2234 θέ-

48 2248 122 2286 λημα
138 2248 166 2278 δὲ
183 2252 231 2278 τοῦ
246 2250 316 2278 Θεοῦ
331 2251 360 2278 οὐ
375 2252 491 2278 ποιοῦσι.
509 2251 556 2278 Δεῖ
571 2249 597 2279 δὲ
611 2249 747 2289 ἀμφότερα
763 2261 843 2289 προσ-

52 2296 133 2330 εῖναι,
154 2294 201 2323 καὶ
226 2293 388 2332 θεοσέϐειαν,
413 2294 458 2323 καὶ
478 2293 625 2329 θελήματος
648 2295 718 2323 Θεοῦ
747 2294 844 2328 ἐκπλή-

52 2349 144 2376 ρωσιν,
173 2338 234 2374 ἤτοι
264 2338 353 2368 πίστιν
386 2339 431 2368 καὶ
459 2338 534 2378 ἔργα,
559 2338 594 2374 ἢ,
622 2340 656 2370 ὡς
689 2340 703 2367 ὁ
740 2339 847 2372 Παῦλος

50 2383 180 2421 ὀνομάζει,
196 2397 208 2410 (ι
223 2383 311 2412 πίστιν
325 2384 370 2413 καὶ
383 2383 484 2422 ἀγαθὴν
498 2383 655 2419 συνείδησιν·
673 2397 683 2408 ιι
698 2385 847 2423 κεφαλαιω-

50 2427 168 2467 δέστερον
191 2428 219 2457 δὲ
246 2429 340 2464 εἰπεῖν,
365 2428 478 2468 θεωρίαν
497 2428 543 2458 καὶ
567 2428 673 2467 πρᾶξιν.
702 2428 771 2458 Τότε
795 2428 846 2468 γὰρ

50 2470 127 2506 ὄντως
147 2473 178 2512 ζῇ
245 2472 344 2510 πίστις,
370 2473 413 2502 ὅτε
432 2473 477 2502 καὶ
501 2473 535 2502 τὰ
558 2473 623 2513 ἔργα
645 2473 702 2512 ἔχει
723 2472 756 2501 τὰ
782 2472 844 2501 θεά-

51 2527 146 2555 ρεστα,
163 2517 189 2551 ἐξ
204 2512 241 2546 ὧν
257 2519 274 2553 ἡ
297 2517 383 2556 ἀγαθὴ
400 2518 548 2554 συνείδησις
563 2517 741 2559 περιγίνεται,
757 2516 846 2557 ὥσπερ

51 2561 101 2602 ἀπὸ
117 2563 169 2590 τῶν
185 2564 309 2601 πονηρῶν
338 2561 421 2602 ἔργων
449 2564 465 2599 ἡ
489 2562 592 2602 πονηρὰ
621 2562 780 2598 συνείδησις·
800 2563 846 2591 καὶ

51 2599 83 2634 αδ
101 2606 134 2635 τὰ
154 2606 220 2646 ἔργα
235 2607 294 2636 τότε
318 2609 359 2646 ζ’ᾗ,
374 2606 417 2636 ὅτε
438 2607 482 2636 καὶ
498 2607 586 2636 πίστιν
604 2606 667 2647 ἔχει·
683 2608 847 2646 χωρισθέντα

51 2649 77 2678 3i;
94 2651 141 2679 ἀπ’
158 2651 294 2687 ἀλλήλων,
311 2652 392 2690 νεκρά
413 2652 476 2682 ἐστι·
493 2652 561 2681 καθὰ
585 2651 697 2692 εἴρηταν
720 2666 730 2676 -
753 2652 848 2685 Πίστις

49 2694 130 2734 χωρὶς
143 2695 241 2735 ἔργων,
258 2696 346 2736 νεκροί·
371 2709 383 2722 ι
398 2697 445 2725 καὶ
465 2697 539 2736 ἔργα,
557 2696 618 2736 δίχα
636 2697 758 2730 πίστεως.
772 2695 847 2737 θΟρα

51 2738 79 2768 δέ
93 2751 138 2778 μοι
153 2740 200 2769 καὶ
220 2741 275 2774 πῶς
290 2742 306 2776 ἡ
324 2740 436 2777 ἀλήθεια
448 2742 678 2781 παρρησιάζεσθαι
694 2742 786 2771 δίδωσι
809 2743 845 2781 τῷ

84 2832 106 2850 ⁴³
120 2834 181 2861 Jac.
202 2837 294 2867 v,1l.

331 2834 352 2850 "'
369 2835 430 2870 Sp.
448 2841 476 2868 ι,
493 2839 517 2861 ιι.
555 2834 577 2851 ⁵⁸
591 2835 619 2862 II
633 2835 706 2863 Tim.
723 2843 749 2870 ι,
766 2837 792 2862 3.

894 959 999 986 tivitate
1015 958 1100 994 640
1113 958 1190 990 caeci,
1206 958 1253 985 scd
1269 959 1322 985 alio
1345 958 1465 994 quodam
1489 963 1589 986 eventu
1611 967 1618 986 :
1641 959 1694 986 hoc

895 1008 988 1031 autem
1009 1011 1112 1035 rarum,
1136 1002 1208 1038 quod
1223 1011 1297 1029 nunc
1314 1002 1418 1030 factum
1439 1007 1490 1030 est.
1515 1001 1694 1030 Manifestum

895 1048 978 1084 igitur
992 1047 1065 1083 quod
1079 1047 1166 1083 major
1180 1055 1262 1083 quam
1279 1047 1405 1074 homines
1419 1051 1495 1079 sunt,
1506 1047 1569 1074 talis
1581 1051 1632 1081 est,
1644 1047 1694 1083 qui

896 1092 1059 1120 miraculum
1076 1091 1148 1119 fecit.
1163 1091 1215 1120 Sed
1239 1096 1369 1127 qtucruut
1383 1091 1493 1127 quidam
1511 1091 1641 1127 frigidam
1664 1096 1691 1120 et

895 1137 1073 1172 sophisticam
1089 1137 1266 1172 quaestionem
1281 1146 1286 1163 :
1305 1137 1450 1171 Quomodo
1464 1137 1540 1168 dixit,
1558 1136 1694 1172 inquiunt,

897 1182 969 1218 quod
993 1186 1148 1217 peccatores
1164 1184 1239 1209 Deus
1256 1190 1310 1208 non
1329 1181 1432 1214 audiat,
1455 1189 1518 1209 cum
1540 1181 1634 1208 audiat
1649 1189 1696 1210 eos

897 1231 1035 1263 precantes
1058 1231 1086 1253 ut
1102 1227 1279 1254 remittantur
1294 1229 1424 1261 peccata?
1450 1227 1520 1253 Nam
1538 1226 1696 1254 misericors

898 1276 938 1299 est
953 1271 987 1299 ³³.
1004 1271 1075 1306 Quid
1092 1271 1175 1307 igitur
1199 1275 1249 1302 est.
1265 1270 1368 1304 dicunt,
1387 1271 1460 1306 quod
1477 1270 1529 1299 hoc
1542 1271 1602 1298 loco
1620 1271 1697 1304 dicit,

898 1328 911 1341 ι
933 1317 1093 1344 Peecatores
1106 1323 1161 1343 non
1173 1315 1265 1343 audit?
1283 1327 1295 1339 ν
1311 1315 1462 1351 Oportebat
1476 1320 1569 1343 autem
1584 1315 1618 1343 ad
1632 1315 1694 1343 talia

895 1368 929 1388 ne
957 1360 1122 1396 respondere
1152 1360 1279 1396 quidem;
1310 1360 1532 1396 respondendum
1557 1364 1653 1387 tamen
1687 1368 1693 1387 :

895 1405 974 1441 Quod
990 1418 1002 1429 α
1014 1406 1089 1432 Deus
1104 1409 1259 1440 peceatores
1275 1413 1330 1432 nou
1345 1405 1432 1438 audit,
1450 1416 1461 1428 ιι
1478 1404 1530 1432 hoc
1544 1404 1692 1439 signiﬁcat,

897 1450 970 1487 quod
994 1453 1068 1478 Deus
1097 1458 1152 1477 non
1175 1449 1301 1477 concedit
1334 1448 1522 1485 peccatoribus
1555 1450 1696 1485 signorum

897 1495 1097 1530 operationem.
1115 1507 1126 1518 ιι
1154 1495 1215 1522 Non
1237 1495 1311 1522 enim
1326 1493 1431 1521 habitat
1454 1493 1568 1529 Spiritus
1594 1493 1643 1521 Dei
1667 1493 1695 1521 in

897 1548 1011 1576 corpore
1030 1539 1140 1567 subdito
1156 1539 1271 1574 peccatis
1291 1538 1324 1566 “.
1343 1551 1355 1562 ν
1373 1538 1457 1566 Audit
1472 1538 1556 1573 igitur
1571 1542 1695 1574 petentes

899 1585 1092 1612 remissionem
1117 1588 1292 1620 peccatorum
1317 1591 1378 1611 vere
1393 1588 1418 1610 et
1434 1591 1466 1610 ex
1486 1582 1582 1616 corde,
1596 1591 1651 1610 non
1667 1587 1696 1610 ut

899 1634 1065 1666 peccatores,
1081 1628 1129 1656 sed
1153 1633 1182 1656 ut
1208 1629 1382 1664 pmuiteutes.
1409 1629 1478 1655 Nam
1505 1627 1588 1656 simul
1613 1631 1695 1663 atque

899 1675 1046 1710 petiveriut
1077 1674 1280 1707 remissionem,
1305 1672 1509 1700 transferuntur
1534 1673 1568 1700 ab
1597 1672 1694 1700 ordine

899 1723 1075 1755 peccatorum
1091 1719 1118 1746 in
1135 1719 1259 1746 ordinem
1283 1718 1485 1753 ptuuiteutium.
1511 1717 1699 1744 Verisimiliter

899 1764 982 1800 igitur
1008 1763 1113 1791 dictum
1135 1767 1177 1790 est
1197 1763 1271 1798 quod
1299 1764 1374 1790 Deus
1395 1766 1548 1798 peccatores
1572 1770 1627 1789 non
1647 1769 1699 1789 au-

898 1808 962 1836 diat.
986 1810 1079 1843 Neque
1095 1807 1168 1834 enim
1194 1807 1380 1842 peccatoribus
1403 1807 1449 1834 dat
1471 1807 1590 1842 gratiam
1605 1806 1696 1841 signo-

898 1861 971 1880 rum.
1006 1851 1153 1886 Quomodo
1178 1852 1253 1878 enim
1276 1851 1382 1878 audiret
1408 1858 1477 1886 quos
1511 1850 1576 1877 odio
1604 1850 1697 1884 habet,

898 1896 1004 1924 etiamsi
1026 1895 1170 1932 petiverint
1193 1895 1340 1930 aliquando
1364 1895 1397 1922 de
1415 1903 1442 1922 re
1464 1894 1594 1930 quapiam
1608 1894 1697 1922 istius-

899 1941 986 1974 modi,
1002 1945 1047 1968 tan
1059 1948 1131 1975 tuam
1146 1948 1177 1967 ea
1197 1939 1246 1966 sibi
1258 1947 1320 1974 qua:
1341 1939 1456 1966 minime
1471 1938 1639 1966 conveniunt
1652 1942 1695 1965 at-

898 1986 1071 2013 tribuentes?
1094 1986 1129 2012 Et
1152 1984 1276 2020 quamvis
1297 1983 1393 2011 audiat
1415 1987 1536 2019 petentes
1551 1982 1695 2010 remissio—

897 2038 972 2064 nem,
987 2038 1041 2058 non
1062 2034 1155 2057 tamen
1180 2033 1209 2056 ut
1233 2033 1399 2064 peccatores,
1415 2027 1462 2056 sed
1478 2032 1508 2055 ut
1531 2027 1698 2063 poenitentes

897 2075 982 2103 audit.
1017 2074 1166 2102 Considera
1197 2078 1290 2101 autem
1318 2073 1458 2109 quomodo
1484 2072 1593 2107 dixerit,
1622 2081 1636 2098 ‹ι
1662 2072 1690 2099 Si

896 2121 956 2156 quis
972 2120 1020 2148 Dei
1035 2120 1124 2147 cultor
1138 2119 1226 2152 fuerit,
1242 2128 1254 2144 »
1271 2122 1299 2146 et
1312 2127 1373 2146 mox
1392 2118 1559 2154 opposuerit,
1577 2128 1590 2141 α
1606 2121 1633 2144 et
1648 2125 1697 2144 vo-

899 2165 1029 2193 luntatem
1040 2164 1098 2200 ejus
1111 2163 1203 2192 fecerit
1218 2173 1224 2191 :
1240 2174 1253 2189 ››
1270 2163 1346 2191 multi
1359 2164 1431 2190 enim
1445 2163 1492 2190 Dei
1507 2162 1626 2189 cultores
1635 2162 1694 2197 qui-

857 2220 884 2254 D
899 2209 960 2237 dem
971 2213 1047 2242 sunt,
1060 2209 1225 2236 voluntatem
1233 2213 1326 2236 autem
1336 2208 1382 2235 Dei
1392 2215 1446 2234 non
1455 2206 1568 2234 faciunt.
1579 2207 1698 2242 Oportet

900 2258 993 2281 autem
1009 2258 1122 2290 utraque
1137 2253 1240 2286 adesse,
1254 2253 1304 2280 Dei
1324 2253 1439 2285 cultum,
1453 2256 1480 2279 et
1493 2252 1640 2279 voluntatis
1655 2251 1695 2279 di-

901 2299 971 2327 vina:
985 2298 1219 2334 adimplctionem,
1234 2297 1263 2325 id
1273 2302 1314 2325 est
1332 2297 1414 2324 [idem
1428 2301 1455 2324 et
1468 2305 1550 2332 opera
1567 2307 1572 2324 :
1590 2297 1629 2324 vel
1653 2297 1699 2331 [ut

902 2344 1001 2371 Paulus
1035 2344 1174 2377 nominat]
1200 2353 1213 2368 ι)
1247 2342 1342 2375 ﬁdem,
1366 2346 1393 2370 ct
1417 2342 1520 2369 bonam
1550 2341 1694 2369 conscien-

900 2389 968 2416 tiam
981 2388 1002 2405 ⁸⁵
1019 2398 1026 2417 z
1045 2401 1057 2413 ιι
1074 2388 1114 2416 vel
1129 2388 1237 2415 brevius
1252 2387 1378 2421 dicendo,
1394 2387 1532 2414 theoriam
1549 2390 1575 2413 et
1588 2386 1693 2422 praxin.

900 2436 977 2462 Tunc
1003 2434 1077 2461 enim
1101 2441 1189 2460 revera
1210 2432 1275 2460 vivit
1294 2432 1373 2465 lides,
1389 2431 1499 2467 quando
1515 2439 1596 2466 opera
1619 2431 1701 2458 habet

902 2481 960 2506 Deo
983 2478 1124 2514 placentia,
1140 2477 1262 2513 equibus
1284 2476 1355 2504 bona
1371 2477 1538 2504 conscientia
1567 2477 1700 2510 nascitur,

901 2523 969 2551 sicut
990 2531 1005 2550 ξι
1024 2523 1104 2551 malis
1118 2523 1245 2558 operibus
1260 2523 1332 2550 mala
1348 2521 1531 2556 conscientia;
1556 2525 1582 2549 et
1605 2528 1700 2548 rursus

901 2577 985 2604 opera
996 2572 1060 2596 tunc
1071 2567 1173 2600 vivunt,
1185 2566 1295 2603 quando
1307 2566 1389 2594 [idem
1403 2566 1557 2600 habuerint,
1571 2569 1693 2600 separata

901 2618 994 2641 autem
1016 2612 1050 2640 ab
1074 2613 1188 2640 invicem
1213 2616 1322 2639 mortua
1344 2615 1418 2639 sunt.
1443 2611 1519 2638 Sicut
1532 2609 1643 2646 quando
1658 2611 1702 2635 est

904 2669 916 2681 α
938 2657 1006 2685 ﬁdes
1019 2657 1077 2684 sine
1093 2656 1231 2692 operibus,
1247 2660 1356 2683 mortua
1371 2660 1412 2682 est
1426 2654 1458 2688 ‘6,
1475 2666 1487 2679 ι)
1503 2659 1531 2682 et
1544 2661 1627 2688 opera
1638 2652 1698 2679 sine

902 2701 956 2729 ﬁde
984 2704 1094 2728 mortua
1123 2704 1195 2728 sunt.
1222 2700 1291 2728 Vide.
1315 2703 1408 2727 autem
1433 2697 1574 2734 quomodo
1602 2695 1699 2722 veritas

902 2745 1028 2774 mendico
1053 2745 1155 2773 nullius
1177 2744 1311 2772 momenti
1333 2742 1457 2771 conferat
1482 2741 1634 2768 libertatem
1659 2739 1699 2766 di-

831 2835 854 2853 “
866 2836 926 2864 Jac.
942 2843 982 2869 ll,
1001 2838 1044 2863 20.
