1910 3077
213 174 246 200 59
722 171 979 199 THEOPHYLACTI
999 171 1176 199 BULGARLE
1194 171 1350 200 ARCHIEP.
1830 174 1865 201 60

211 235 303 269 cendi,
324 239 353 263 et
374 233 556 270 redarguendi
571 241 619 262 eos
633 233 680 270 qui
701 233 773 269 apud
785 233 896 262 Judaaos
915 234 1004 270 magni

1104 234 1158 275 ιιίτῃ
1187 236 1225 276 τῷ
1247 233 1350 267 οὐδενὸς
1375 233 1455 274 λόγου
1485 233 1560 274 ἀξίῳ,
1586 233 1632 263 καὶ
1650 233 1710 274 ἓλέγ
1725 245 1769 274 χει
1803 234 1863 268 τοὺς

208 284 238 308 et
251 279 389 308 honorati.
417 279 460 306 Ita
486 286 587 314 magna
607 278 666 314 ejus
680 278 765 306 virtus
789 278 859 306 sicut
879 283 907 306 et
932 287 1008 306 men-

209 324 321 354 dacium
336 323 466 352 libertatis
477 323 607 358 carentia,
619 327 647 351 et
668 322 826 351 humiliatus
853 331 944 351 sermo
962 331 1006 352 se-

211 370 316 406 quitur.

247 422 335 449 VEns.
363 423 453 449 34-38.
481 430 496 447 ιι
521 420 732 456 Responderunt
755 424 782 448 et
806 420 933 448 dixerunt
952 421 976 448 ei
997 430 1004 448 ε

210 467 243 493 1n
263 465 382 501 peccatis
401 469 483 493 natus
509 472 538 493 es
559 469 646 498 totus,
670 469 697 492 et
718 469 748 492 tu
775 465 857 493 doces
878 467 950 493 nos?
974 467 1008 493 Et

210 510 349 546 ejecerunt
368 517 433 538 eum
448 509 533 538 foras.
550 509 663 538 Audivit
684 511 764 537 Jesus
779 509 853 545 quod
867 510 1006 546 ejecisseut

212 563 276 583 eum
293 555 369 583 foras
393 563 400 583 :
416 562 533 590 cumque
552 555 698 582 invenisset
721 563 795 588 cum,
811 555 878 582 dixit
892 555 914 582 ei
932 565 937 583 :
965 556 1006 582 Tu

211 599 299 628 credis
320 599 348 627 in
363 599 463 628 Filium
481 599 547 627 Dei?
570 599 726 635 Respondit
744 599 787 627 ille
798 603 825 627 et
839 599 907 627 dixit
921 609 926 628 :
940 599 1007 634 Quis

211 648 262 678 est,
280 644 413 677 Domine,
429 647 459 671 ut
473 643 584 671 credam
601 644 627 671 in
641 643 725 671 eum?
746 645 778 671 Et
790 644 857 671 dixit
870 643 894 671 ei
907 645 1005 672 Jesus:

210 690 246 718 Et
260 689 350 716 vidisti
366 696 442 722 eum,
458 693 486 716 et
511 688 556 724 qui
572 688 693 724 loquitur
707 692 810 722 tecum,
823 688 881 724 ipse
901 692 952 717 est.
971 692 1007 717 At

209 734 254 761 ille
265 734 304 761 ait
320 733 571 767 :Credo,Domine.
583 734 618 760 Et
630 733 836 761 adoraviteum.
851 744 863 757 ι
877 733 1006 767 Quandiu

210 778 358 814 sperabant
382 777 417 805 ab
443 777 556 806 homine
582 777 657 813 quod
681 778 719 805 eis
744 782 818 813 grata
837 778 1004 814 loqueretur,

210 823 384 852 advocabant
397 831 461 850 eum
474 827 502 851 et
518 822 734 858 interrogabant,
749 822 833 858 idque
849 831 930 859 saepe.
947 823 1004 851 Ubi

210 872 305 896 autem
326 872 495 903 agnoverunt
514 875 579 896 eum
598 875 631 895 ex
645 868 782 903 responsis
794 876 849 895 non
864 868 947 904 641
964 876 1007 897 sa-

210 921 275 949 pere
296 920 357 949 quae
376 913 497 946 illorum,
511 912 559 940 sed
573 911 665 940 favere
680 912 784 940 veritati
802 921 808 940 :
824 918 1005 941 contemnunt

209 957 321 993 quidem
341 957 429 991 illum,
443 961 538 993 utpote
553 957 578 985 in
594 957 712 993 peccatis
722 961 829 991 natum,
848 957 1006 993 insipienter

209 1001 322 1030 omnino
343 1002 496 1030 caecitatem
514 1002 536 1030 ei
563 1001 738 1038 objicientes,
764 1006 792 1030 et
818 1002 1004 1031 existimantes

209 1047 283 1083 quod
294 1046 370 1082 quasi
390 1046 563 1081 maledictus,
577 1050 604 1074 et
615 1051 680 1074 ante
695 1047 863 1075 nativitatem
873 1047 1004 1076 condem-

207 1095 288 1120 natus
309 1095 380 1120 esset
402 1095 432 1119 ut
453 1099 543 1120 cacus
558 1095 715 1119 nasceretur
732 1101 738 1118 :
762 1091 788 1120 id
803 1092 877 1127 quod
900 1093 1005 1121 ratione

207 1136 328 1165 carebat.
355 1136 477 1172 Ejiciunt
492 1141 588 1164 autem
611 1137 690 1164 illum
711 1141 787 1165 extra
801 1137 946 1173 templum,
974 1142 1005 1165 ut

207 1180 394 1209 confessorem
417 1181 548 1215 veritatis,
571 1181 619 1208 ﬁlii
642 1181 792 1210 mendacii.
818 1181 870 1209 Sed
885 1181 946 1209 vide
961 1181 1005 1209 lu-

208 1234 296 1254 crum.
311 1226 421 1262 Ejectus
439 1230 480 1254 est
498 1234 530 1254 ex
545 1226 661 1262 templo,
675 1230 702 1254 et
715 1226 805 1254 statim
818 1226 923 1254 invenit
942 1234 1005 1254 eum

207 1271 344 1298 Dominus
356 1271 462 1306 templi.
478 1272 663 1307 Contemptus
678 1270 729 1299 fuit
744 1272 873 1307 opinione
893 1271 1004 1299 illorum

207 1320 319 1352 propter
339 1315 490 1349 Christum,
512 1320 538 1343 et
553 1315 703 1344 honoratus
721 1320 763 1344 est
784 1316 923 1352 agnitione
943 1315 1005 1344 Filii

208 1361 270 1389 Dei.
285 1361 391 1388 Invenit
405 1361 478 1388 enim
488 1360 576 1394 illum,
586 1361 684 1397 inquit,
695 1363 785 1396 Jesus,
800 1361 1006 1397 quodammodo

208 1405 301 1433 dedita
314 1413 394 1441 opera
407 1405 441 1433 ad
463 1406 516 1433 hoc
530 1406 654 1439 veniens,
670 1410 700 1433 ut
720 1406 797 1433 illum
817 1405 1006 1433 consolaretur

208 1450 286 1486 quasi
298 1450 477 1486 agonothetes
500 1450 634 1478 athletam
656 1451 703 1486 qui
721 1450 840 1478 multum
862 1450 1002 1478 laborave-

209 1499 261 1529 rat,
282 1500 307 1523 et
320 1499 484 1523 coronatum
503 1495 663 1531 suscipiens.
685 1497 718 1523 Et
733 1495 799 1530 quid
809 1495 892 1522 dicit?
912 1504 927 1521 (ι
939 1495 1005 1523 Cre-

1061 280 1136 320 παρὰ
1163 283 1219 313 τοῖς
1244 279 1382 313 Ἰουδαίοις
1405 279 1535 319 μεγάλους
1557 279 1604 309 καί
1630 279 1763 318 ἐντίμους·
1792 279 1862 309 οὕτω

1062 325 1168 364 μεγάλη
1195 325 1294 361 ταύτης
1315 327 1331 360 ἡ
1354 323 1475 362 δύναμις,
1504 323 1596 365 ὥσπερ
1619 325 1728 354 καὶτοῦ
1748 323 1862 364 ψεύδους

1061 371 1078 406 ἡ
1097 369 1213 406 συστολὴ
1229 369 1276 398 xui
1288 369 1319 398 τὸ
1333 369 1567 410 ἀπαρρησίαστον.

1104 427 1117 442 α
1141 414 1335 454 Ἀπεκρίθησαν
1361 413 1408 443 καὶ
1435 408 1509 444 εἷπον
1536 415 1624 454 αὐτῷ’
1643 414 1691 444 Ἐν
1716 414 1863 454 ἁμαρτίαις

1061 459 1094 489 σὺ
1124 459 1265 498 ἐγεννήθης
1294 459 1365 496 ὅλος,
1392 459 1438 488 καὶ
1469 458 1501 487 σὺ
1528 459 1659 492 διδάσκεις
1688 461 1774 498 ἡμᾶς
1805 460 1863 489 Καὶ

1061 504 1184 539 ἐξέϐαλον
1211 505 1288 534 αὐτὸν
1315 503 1374 539 ἔξω.
1416 503 1552 534 Ἤκουσεν
1575 506 1589 533 6
1604 503 1726 540 Ἰησοῦς,
1753 503 1794 533 ὅτι
1819 503 1862 538 ἐξ·

1061 549 1157 579 ἔϐαλον
1182 549 1261 579 αὐτὸν
1283 549 1342 584 ἔξω·
1370 549 1416 579 xui
1440 549 1524 589 εὑρὼν
1557 548 1651 587 αὐτὸν,
1677 544 1749 579 εἶπεν
1777 550 1861 590 αὐτῷ·

1062 598 1101 628 Σὺ
1127 599 1260 632 πιστεύεις
1285 600 1321 632 εἷς
1346 598 1392 628 τὸν
1419 598 1485 629 Υῐὸν
1512 600 1560 628 τοῦ
1591 600 1680 637 Θεοῦ;
1717 598 1862 638 Ἀπεκρίθη

1061 644 1157 677 ἐκεῖνος
1191 643 1237 672 xui
1265 637 1341 672 εἶπε·
1371 643 1426 673 Καὶ
1455 642 1493 676 τίς
1517 644 1588 682 ἐστι,
1615 643 1709 682 Κύριε,
1737 643 1781 672 ἵνα
1803 637 1862 672 71n—

1061 689 1163 718 στεύσω
1189 689 1226 722 εἷς
1253 688 1348 725 αὖτόν;
1378 684 1448 719 Eine
1469 687 1496 717 δὲ
1525 689 1597 728 αὐτῷ
1617 689 1631 716 6
1657 687 1777 723 Ἰησοῦς·
1807 688 1863 718 Καὶ

1062 733 1181 773 ἑώρακας
1199 733 1290 773 αὐτὸν,
1307 733 1352 762 καὶ
1370 735 1384 762 6
1398 734 1487 761 λαλῶν
1506 732 1573 771 μετὰ
1587 735 1644 771 σοῦ,
1663 732 1759 766 ἐκεῖνός
1774 733 1859 762 ἐστιν.

1060 777 1095 808 Ὁ
1109 777 1136 807 δὲ
1152 778 1216 818 ἔφη·
1241 779 1374 814 Πιστεύω,
1402 778 1498 817 Κύριε·
1522 777 1569 807 xui
1583 778 1783 818 προσεκύνησεν
1804 779 1862 807 αὖ-

1061 823 1117 852 τόν.
1136 835 1149 848 ν
1190 822 1265 856 ’Ἕως
1288 823 1336 860 μὲν
1360 822 1538 862 προσεδόκων,
1561 822 1605 851 τὸν
1623 822 1761 862 ἄνθρωπον
1779 835 1862 862 κεχα-

1026 887 1049 918 Β
1066 868 1176 908 ρισμένα
1215 869 1302 901 αὐτοῖς
1338 867 1509 908 φθέγξεσθαι,
1538 869 1751 907 προσεκαλοῐῖντο
1782 867 1862 897 αὐτὸν

1064 913 1109 941 xui
1125 912 1244 952 ἠρώτων,
1271 912 1316 942 xui
1342 914 1393 952 οὐχ
1422 911 1494 946 ἅπαξ
1518 915 1611 942 τοῦτο·
1636 912 1693 941 ἐπεὶ
1716 911 1745 941 δὲ
1779 912 1862 952 ἔγνων

1061 957 1139 986 αὐτὸν
1166 959 1197 987 ἐκ
1221 960 1273 987 τῶν
1299 954 1465 997 ἀποκρίσεων
1482 957 1520 995 μὴ
1540 957 1574 986 τὰ
1589 958 1677 986 αὐτῶν
1698 960 1860 997 φρονοῦντα,

1060 1002 1128 1031 ἀλλὰ
1147 1004 1180 1041 τῇ
1206 1002 1316 1042 ἀληθείᾳ
1330 1002 1520 1042 χαριζόμενον,
1535 1001 1696 1036 ἐξουθενοῧσι
1709 1001 1758 1040 μὲν
1773 1002 1862 1038 αὐτὸν,

1060 1048 1096 1080 ὡς
1118 1049 1144 1077 ἐν
1169 1047 1312 1086 ἁμαρτίαις
1337 1045 1510 1086 γεννηθέντα·
1534 1047 1650 1083 ἀνοήτως
1675 1046 1783 1080 πάντως
1816 1046 1862 1082 τὴν

1061 1091 1196 1132 τύφλωσιν
1215 1092 1287 1132 αὐτῷ
1309 1091 1491 1132 προφέροντες,
1516 1090 1562 1120 καὶ
1588 1091 1738 1129 νομίζοντες
1764 1090 1810 1120 ὅτι
1828 1094 1862 1125 ὡς

1060 1136 1285 1175 κατακεχριμένος
1312 1136 1358 1164 καὶ
1388 1136 1440 1174 πρὸ
1464 1135 1590 1175 γενέσεως
1610 1135 1791 1171 κατεδικάσθη
1813 1148 1860 1166 τυ-

1060 1180 1122 1220 φλὸς
1147 1183 1315 1219 γεννηθῆναι,
1334 1180 1400 1220 ὅπερ
1428 1180 1505 1220 λόγον
1529 1182 1578 1210 οὖχ
1593 1175 1678 1221 εἶχεν·
1699 1180 1862 1210 ἐκϐάλλουσι

1060 1225 1088 1254 δὲ
1105 1225 1183 1254 αὐτὸν
1206 1225 1256 1259 ἔξω
1279 1228 1326 1254 τοῦ
1341 1227 1411 1265 ἱεροῦ
1426 1227 1461 1259 ὡς
1480 1225 1649 1264 ὁμολογητὴν
1665 1225 1712 1260 τῆς
1736 1226 1863 1261 ἀληθείας

1060 1269 1084 1299 όὶ
1100 1272 1145 1299 τοῦ
1169 1269 1279 1310 ψεύδους
1297 1269 1361 1300 υἱοί.
1383 1269 1454 1299 Ἀλλ’
1467 1271 1516 1309 ὅρα
1533 1269 1563 1299 τὸ
1584 1269 1689 1309 κέρδος·
1712 1269 1862 1306 Ἐξεϐλήθη

1061 1314 1114 1344 ἀπὸ
1142 1317 1188 1344 τοῦ
1216 1316 1296 1354 ἱεροῦ,
1318 1314 1364 1344 xui
1387 1314 1462 1348 εὐθὺς
1485 1310 1557 1354 εὗρεν
1584 1314 1663 1344 αὐτὸν
1686 1315 1700 1343 6
1722 1315 1862 1350 Δεσπότης

1060 1361 1105 1388 τοῦ⁵
1130 1360 1210 1399 ἱεροῦ·
1240 1359 1378 1396 ἡτιμάσθη
1406 1361 1444 1398 τῷ
1471 1359 1555 1389 δοκεῖν
1586 1359 1629 1388 διὰ
1657 1359 1789 1399 Χριστὸν,
1818 1360 1862 1389 καὶ

1061 1404 1173 1441 ἐτιμήθη
1187 1405 1218 1442 τῇ
1242 1403 1383 1443 ἐπιγνώσει
1397 1407 1443 1434 τοῦ
1461 1405 1526 1433 Υἳοῢ
1544 1406 1589 1433 τοῦ
1609 1405 1689 1435 Θεοῦ.
1715 1399 1787 1443 Εἷρε
1802 1405 1863 1444 γὰρ,

1061 1448 1152 1488 φησὶν,
1176 1449 1254 1478 αὐτὸν
1283 1451 1296 1478 6
1313 1448 1425 1485 Ἰησοῧς,
1448 1449 1539 1488 ὥσπερ
1561 1448 1682 1485 ἐπίτηδες
1705 1449 1749 1479 ἐπὶ
1774 1450 1862 1490 τούτῳ

1061 1492 1158 1531 ἐλθὼν,
1170 1491 1214 1522 ἵνα
1233 1492 1311 1523 αὐτὸν
1333 1493 1575 1533 παραμυθήσηται,
1591 1494 1711 1533 καθάπερ
1729 1505 1768 1528 τις
1791 1495 1862 1533 ἀγω-

207 1539 250 1568 dis
267 1539 296 1567 in
308 1539 406 1567 Filium
422 1541 488 1568 Dei?
506 1552 517 1564 ιι
532 1540 603 1575 Quid
617 1544 678 1575 post
691 1543 798 1567 tantam
811 1538 1004 1567 contradictio-

1104 1538 1173 1574 ὶέτης
1198 1537 1315 1575 ἀθλητὴν
1337 1539 1423 1568 πολλὰ
1448 1538 1569 1577 καμόντα
1586 1539 1631 1568 xui
1661 1540 1862 1580 στεφανωθέντα

208 1591 274 1612 nem
301 1592 364 1612 cum
386 1584 498 1618 Iudaeis,
523 1589 585 1620 post
612 1588 688 1611 tanta
711 1584 792 1611 verba
815 1588 904 1620 rogat,
933 1585 1004 1612 Num

208 1629 314 1657 credis?
340 1630 400 1657 Non
424 1629 556 1666 ignorans
579 1629 632 1657 hoc
655 1628 734 1661 facit,
750 1628 798 1656 sed
814 1629 908 1657 volens
932 1637 1005 1657 caaco

207 1675 325 1710 seipsum
340 1678 438 1702 notum
451 1674 552 1702 facere.
563 1673 634 1708 Quia
657 1673 732 1701 enim
748 1681 859 1709 prorsus
871 1681 934 1701 eum
949 1682 1006 1701 non

209 1719 325 1753 viderat,
348 1727 382 1747 ne
397 1724 460 1755 post
481 1719 652 1746 sanationem
675 1718 784 1754 quidem
813 1720 852 1751 (et
867 1718 1005 1755 quomodo

209 1764 352 1799 potuisset,
374 1764 438 1799 quia
460 1771 475 1790 a
499 1763 625 1798 pessimis
646 1763 757 1791 canibus
777 1763 880 1791 Judaeis
902 1763 956 1791 huc
979 1767 1007 1791 et

207 1809 271 1837 illuc
296 1808 484 1841 trahebatur?)
506 1807 565 1843 ejus
586 1808 670 1844 gratia
694 1816 769 1835 nunc
790 1808 868 1836 illum
893 1808 1006 1836 interro-

207 1858 275 1890 gat:
292 1858 324 1881 ut
349 1854 372 1880 si
397 1853 442 1880 ille
454 1853 605 1889 interroget
628 1852 756 1889 quisnam
779 1854 815 1881 sit
837 1853 921 1882 Filius
942 1854 1004 1888 Dei,

207 1902 407 1934 consequenter
419 1905 447 1925 se
459 1898 592 1927 ostendat.
610 1899 724 1934 Insuper
737 1902 763 1925 et
777 1897 879 1926 indicat
893 1898 917 1926 ei
932 1898 1005 1934 quod

209 1943 293 1972 ﬁdem
319 1942 392 1970 illius
418 1942 495 1970 valde
519 1944 600 1976 colat,
636 1943 712 1978 quasi
737 1943 766 1970 in
792 1943 865 1970 hunc
889 1943 1004 1971 modum

207 1988 301 2016 dicens
315 1995 322 2014 :
348 1987 520 2015 Contumelia
535 1995 580 2015 me
600 1986 694 2014 affecit
709 1987 824 2022 populus
836 1991 937 2022 tantus,
956 1987 1005 2015 sed

207 2033 282 2060 nulla
304 2031 372 2060 mihi
388 2031 498 2059 illorum
519 2039 593 2059 cura.
617 2032 709 2060 Unius
723 2031 785 2059 ﬁdei
800 2032 935 2060 rationem
959 2032 1006 2060 ha-

207 2077 270 2105 beo.
286 2077 378 2104 Atille
398 2086 404 2104 :
429 2086 443 2103 ιι
464 2076 533 2111 Quis
558 2080 610 2110 est,
634 2076 763 2111 Domine,
790 2088 802 2101 ››
826 2077 913 2105 Filius
933 2077 1006 2105 Dei?

206 2121 394 2150 Desiderantis
417 2121 518 2149 anima:
532 2121 644 2149 verbum
661 2121 768 2149 locutus
790 2125 841 2150 est.
868 2123 1006 2150 Cazterum

207 2167 252 2194 ille
268 2176 274 2194 :
291 2178 304 2191 α
319 2168 353 2194 Et
367 2166 468 2200 vidisti,
482 2166 578 2202 inquit,
591 2174 665 2201 eum,
679 2171 705 2194 et
718 2167 762 2202 qui
773 2167 895 2203 loquitur
905 2171 1005 2200 tecum,

1059 1582 1211 1622 δεχόμενος.
1257 1583 1310 1613 Καὶ
1327 1582 1352 1612 τί
1367 1593 1450 1623 φησι,
1474 1597 1486 1610 ι
1510 1583 1652 1616 Πιστεύεις
1677 1585 1713 1617 εἰς
1728 1583 1774 1613 τὸν
1799 1584 1862 1615 Tib:

1058 1630 1106 1656 τοῦ
1131 1629 1216 1664 Θεοῦ,
1234 1641 1246 1654 ιο
1268 1627 1304 1657 Τί
1328 1630 1426 1666 τοῦτο,
1450 1627 1519 1666 μετὰ
1543 1628 1677 1663 τοσαύτην
1705 1627 1863 1668 ἀντίρρησιν

1058 1671 1106 1708 τήν
1140 1673 1206 1712 πρὸς
1229 1671 1289 1705 τοὺς
1310 1672 1470 1710 Ἰουδαίους,
1505 1672 1572 1710 μετὰ
1602 1675 1720 1702 τοσαῦτα
1751 1674 1862 1713 ῥήματι

1059 1718 1156 1758 ἐρωτᾷ,
1177 1718 1212 1747 Εἴ
1226 1716 1376 1754 πιστεύεις,
1392 1719 1450 1747 Οὐκ
1474 1718 1576 1757 ἀγνοῶν
1591 1721 1668 1747 τοῦτο
1692 1722 1773 1753 ποιεῖ,
1794 1719 1861 1748 ἀλλὰ

1061 1762 1218 1801 βουλόμενος
1242 1764 1279 1801 τῷ
1304 1763 1395 1802 τυφλῷ
1411 1762 1506 1792 ἑαυτὸν
1521 1762 1661 1802 γνωρίσαι.
1680 1762 1795 1799 Ἐπειδὴ
1814 1763 1861 1803 γὰρ

1059 1807 1113 1836 οὐδ’
1130 1806 1198 1841 ὅλως
1214 1802 1281 1836 εἶδεν
1298 1807 1378 1836 αὐτὸν
1393 1807 1450 1836 οὐδὲ
1472 1807 1539 1842 μετὰ
1552 1807 1599 1842 τὴν
1613 1806 1683 1836 ἴασιν
1703 1807 1783 1848 (πῶς
1800 1808 1859 1848 γὰρ,

1059 1851 1109 1881 ὑπὸ
1124 1853 1176 1881 τῶν
1193 1851 1326 1882 κακίστων
1343 1853 1428 1881 κυνῶν
1452 1854 1505 1881 τῶν
1526 1851 1662 1882 Ἰουδαίων
1684 1853 1861 1892 περιελκόμε-

1058 1897 1140 1936 vo“)
1164 1896 1258 1926 τούτου
1288 1896 1374 1926 ἕνεκεν
1392 1898 1479 1937 ἐρωτᾷ
1504 1896 1584 1926 αὐτὸν
1605 1899 1663 1935 ν’ῠν,
1690 1895 1734 1925 ἵνα
1761 1898 1861 1928 ἐκείνου

1059 1940 1258 1981 ἐρωτήσαντος,
1278 1954 1291 1967 ι
1315 1940 1369 1971 Καὶ
1393 1941 1432 1974 τίς
1457 1942 1527 1970 ἔστιν
1545 1955 1556 1967 ιι
1577 1943 1591 1971 6
1611 1942 1674 1975 Υἱὸς
1694 1943 1742 1971 τοῦ
1770 1942 1861 1978 Θεοῧ;

1060 1985 1211 2019 ἀκολούθως
1233 1985 1327 2015 ἑαυτὸν
1351 1985 1478 2026 ἐπιδείξῃ.
1520 1985 1593 2024 Ἅμα
1616 1985 1644 2015 δὲ
1671 1985 1716 2015 καὶ
1731 1986 1862 2016 δείκνυσιν

1060 2031 1143 2069 αὐτῷ,
1168 2029 1208 2059 ὅτι
1230 2029 1278 2066 τὴν
1300 2031 1382 2060 αὐτοῦ
1405 2030 1492 2060 πίστιν
1507 2033 1607 2060 πολλοῦ
1626 2035 1748 2068 τιμᾶται,
1764 2032 1863 2062 ὡσανεὶ

1060 2077 1169 2103 τοιαῦτα
1206 2074 1302 2114 λέγων·
1328 2074 1446 2114 ’Ὑϐρισέ
1473 2087 1506 2113 με
1532 2076 1614 2113 δῆμος
1639 2078 1774 2113 τοσοῦτος,
1801 2077 1862 2105 ἀλλ’

1061 2119 1144 2152 οὐδεὶς
1175 2119 1233 2157 ἐμοὶ
1268 2119 1344 2156 λόγος
1371 2120 1490 2149 ἐκείνων·
1530 2120 1585 2153 ἑνός
1615 2131 1662 2159 μοι
1698 2120 1787 2159 pater,
1818 2124 1863 2150 τοῦ

1061 2166 1213 2193 πιστεῦσαι.
1257 2163 1291 2193 Ὁ
1317 2165 1354 2201 δὲ,
1375 2164 1443 2194 ιΚαὶ
1464 2164 1503 2198 τίς
1523 2165 1590 2202 ἐστι,
1609 2164 1708 2204 Κύριε.
1733 2179 1746 2190 ι·
1763 2166 1778 2194 ὃ
1802 2166 1864 2198 Υἱὸς

207 2211 251 2239 ille
265 2215 314 2239 est.
332 2222 346 2236 λ)
362 2212 425 2240 Non
440 2211 508 2239 dixit
528 2220 534 2238 :
557 2212 615 2247 Ego
637 2219 699 2239 sum
714 2212 762 2247 qui
787 2216 813 2240 te
831 2211 934 2244 sanavi,
958 2211 1003 2247 qui

1128 2209 1216 2244 Θεοῦς
1235 2208 1373 2245 Ποθούσης
1387 2210 1475 2249 ψυχῆς
1491 2211 1564 2249 ῥῆμα
1588 2209 1741 2249 ἐφθέγξατο.
1763 2210 1800 2239 ³0
1817 2210 1857 2246 δὲ,

206 2256 263 2285 dixi
277 2256 336 2290 tibi,
345 2255 430 2289 Vade,
442 2256 530 2284 lavare
541 2266 547 2283 :
559 2256 606 2284 sed
616 2256 752 2284 submisse
763 2256 873 2292 quidem
886 2256 1006 2291 primum

207 2305 234 2329 et
256 2301 372 2329 obscure
391 2309 398 2328 :
415 2312 427 2325 ι
443 2302 478 2328 Et
497 2301 605 2335 Vidisti,
620 2301 720 2337 inquit,
741 2309 821 2335 eum;
841 2311 854 2327 »
870 2299 969 2328 deinde
981 2304 1008 2328 et

207 2345 378 2374 manifestius
401 2356 407 2374 :
425 2357 438 2370 ιι
463 2347 496 2373 Et
519 2346 565 2382 qui
587 2346 710 2383 loquitur
729 2350 831 2380 tecum,
854 2346 901 2373 ille
922 2349 973 2374 est.
992 2356 1004 2370 υ

206 2391 323 2419 Videtur
341 2395 433 2419 autem
453 2392 586 2419 Dominus
599 2391 691 2419 dedita
704 2398 786 2426 opera
800 2390 892 2418 dicere
908 2400 914 2418 :
930 2402 942 2414 «ι
956 2391 1004 2418 Vi—

206 2435 268 2464 disti
282 2443 356 2471 eum,
381 2448 392 2461 υ
407 2439 439 2464 ut
459 2437 573 2464 omnino
588 2436 615 2464 in
629 2435 793 2463 memoriam
811 2443 869 2463 suae
883 2435 1005 2463 sanatio—

205 2481 249 2508 nis
261 2481 337 2509 illum
362 2481 486 2515 reducat,
500 2486 527 2509 et
549 2481 622 2517 quod
637 2489 652 2508 a
673 2489 702 2508 se
725 2480 859 2508 virtutum
875 2481 1006 2517 receperit

205 2526 325 2554 videndi.
349 2528 384 2554 Et
396 2527 441 2554 ille
462 2527 557 2555 statim
579 2525 674 2559 credit,
697 2533 817 2561 opusque
829 2525 957 2553 ferventis
977 2530 1005 2554 et

206 2579 276 2600 verae
294 2571 356 2599 ﬁdei
371 2571 489 2599 ostendit
510 2571 639 2604 adorans,
653 2570 821 2598 conﬁrmans
844 2578 1003 2599 sermonem

203 2624 294 2652 opere,
308 2617 382 2653 quod
395 2621 425 2644 ut
439 2618 530 2644 Deum
541 2615 676 2651 gloriﬁcet
687 2614 845 2643 Christum.
865 2616 936 2643 Nam
951 2616 1001 2643 soli

203 2661 314 2698 quidem
337 2663 396 2689 Deo
420 2660 611 2688 adorationem
633 2659 844 2695 impendendam
864 2660 920 2696 lege
940 2669 1002 2688 cau-

203 2711 265 2735 tum
288 2706 322 2732 ‘7.
339 2705 460 2741 lntellige
473 2709 565 2732 autem
581 2704 634 2733 hoc
655 2705 816 2733 miraculum
831 2705 914 2733 etiam
927 2706 1003 2741 spiri-

202 2751 313 2779 tualiter
327 2750 481 2786 impletum.
499 2751 572 2778 Nam
586 2750 800 2786 caecusquidem
815 2755 873 2779 erat
887 2750 928 2778 vel
944 2758 1003 2778 om»

240 2841 262 2858 ⁵⁷
275 2842 358 2868 Deut.
375 2849 417 2875 v1,
431 2844 459 2868 5.

1062 2266 1073 2279 αι
1098 2253 1154 2283 Καὶ
1182 2253 1321 2292 ἑώρακας,
1348 2253 1437 2294 φησιν,
1466 2253 1554 2290 αὐτὸν,
1574 2254 1620 2282 καὶ
1640 2256 1653 2283 6
1677 2254 1767 2282 λαλῶν
1794 2256 1863 2292 μετὰ

1061 2300 1119 2336 σοῦ,
1138 2298 1234 2332 ἐκεῖνός
1251 2300 1334 2329 ἐστιν.
1354 2313 1365 2324 ιο
1382 2300 1442 2329 Οὖκ
1458 2295 1541 2334 εἶπεν,
1560 2299 1599 2328 ὅτι
1614 2297 1688 2338 Ἐγώ
1710 2299 1766 2336 εἶμι
1788 2300 1805 2328 ὁ
1818 2311 1863 2329 τε-

1060 2343 1228 2382 θεραπευκὼς
1254 2355 1295 2382 σε,
1318 2345 1332 2373 ὁ
1352 2343 1434 2373 εἰπών
1455 2355 1512 2379 σοι,
1535 2342 1657 2382 ⁷Υπαγε,
1684 2343 1777 2384 viil/ur
1804 2345 1863 2374 ἀλλ’

1059 2388 1265 2426 ὕπεσταλμένως
1290 2388 1338 2427 μὲν
1360 2390 1464 2428 πρῶτον
1488 2387 1534 2418 καὶ
1552 2389 1677 2428 ἀσαφῶς,
1694 2402 1706 2414 ιι
1727 2387 1782 2418 Καὶ
1813 2390 1864 2418 ἑώ-

1062 2444 1153 2472 ρακας,
1175 2433 1267 2473 φησιν,
1284 2432 1374 2462 αὐτόν·
1393 2447 1405 2459 ν
1420 2427 1478 2462 εἶτα
1502 2433 1548 2462 καὶ
1564 2427 1756 2474 φανερώτερον,
1775 2447 1789 2460 ε
1810 2435 1864 2464 Καὶ

1059 2479 1073 2507 6
1089 2478 1177 2507 λαλῶν
1192 2477 1259 2516 μετὰ
1273 2481 1330 2515 σοῦ,
1342 2478 1438 2511 ἐκεῖνός
1452 2479 1534 2507 ἔστιν.
1551 2490 1563 2504 ι
1605 2477 1700 2507 Ἔοικε
1717 2477 1745 2507 δὲ
1765 2479 1780 2507 6
1803 2478 1863 2509 K6«

1059 2534 1111 2562 ριος
1135 2522 1256 2559 ἐπίτηδες
1276 2524 1358 2552 εἰπεῖν
1380 2523 1426 2558 τὸ,
1455 2536 1467 2548 ιι
1488 2521 1631 2562 (Εώρακας
1657 2522 1746 2559 αὐτὸν,
1773 2536 1786 2550 ι
1821 2524 1863 2553 ἵνα

1058 2567 1164 2600 πάντως
1188 2568 1223 2601 εἷς
1250 2567 1399 2606 ἀνάμνησιν
1427 2567 1505 2596 αὐτὸν
1531 2567 1619 2606 ἀγάγῃ
1638 2569 1685 2602 τῆς
1706 2569 1863 2606 θεραπείας,

1057 2612 1103 2641 καὶ
1118 2611 1157 2641 ὅτι
1174 2613 1218 2640 ὑπ’
1242 2613 1322 2641 αὐτοῦ
1342 2612 1390 2648 τὴν
1417 2615 1462 2641 τοῦ
1477 2614 1540 2652 ὁρᾷν
1559 2612 1638 2642 ἔλαϐε
1663 2612 1787 2650 δύναμιν.
1810 2613 1864 2644 Καὶ

1058 2657 1093 2689 ὡς
1189 2657 1228 2696 ὃς]
1247 2656 1321 2690 εὐθύς
1339 2668 1368 2685 τε
1388 2656 1516 2693 πιστεύει,
1534 2657 1579 2686 xui
1596 2659 1693 2696 θερμῆς
1718 2656 1795 2697 ἔργον
1820 2658 1864 2688 xui

1058 2702 1170 2737 ἀληθοῦς
1196 2702 1308 2734 πίστεως
1329 2701 1520 2737 ἐπιδείκνυται,
1550 2704 1714 2740 προσκυνῶν,
1741 2703 1790 2732 καὶ
1819 2715 1863 2732 ττι-

1057 2746 1200 2785 στούμενος
1214 2746 1258 2776 τὸν
1282 2745 1358 2786 λόγον
1377 2748 1415 2787 τῷ
1432 2746 1511 2786 ἔργῳ,
1530 2746 1575 2775 xui
1591 2746 1633 2776 ὅτι
1647 2747 1683 2780 ὣς
1697 2747 1770 2777 Θεὸν
1784 2748 1865 2782 δοξά-
