1910 3077
73 192 98 217 δι
454 187 648 216 ENARRATIO
668 188 700 216 IN
720 188 934 217 sumsum
951 190 1100 219 JOANNIS.
1121 207 1155 213 —
1175 194 1249 222 CAP.
1270 196 1311 223 ιχ.
1669 199 1701 226 62

71 255 103 287 ζει
129 250 211 280 αὐτόν·
235 249 306 290 μόνῳ
332 249 384 290 γὰρ
408 249 492 287 δήπου
508 251 571 291 Θεῷ
597 250 645 288 τὴν
671 251 844 291 προσκύνησιν

906 257 949 284 nis
964 257 1050 286 homo
1064 267 1078 286 ει
1104 261 1257 293 nativitate.
1284 262 1310 290 id
1326 266 1367 290 est
1381 271 1414 290 ex
1434 267 1493 292 toto
1507 268 1630 301 tempore
1644 273 1700 302 quo

70 296 197 334 ἀπονέμων
285 295 444 335 ἀπονέμειν]
469 296 632 333 νενόμισται.
661 297 791 335 Λάμϐοινε
822 297 851 326 δέ

69 353 109 380 μοι
132 340 160 369 τὸ
182 342 268 378 θαῦμα
292 342 386 377 τοῦτο,
407 341 452 370 καὶ
473 343 573 377 νοητῶς
596 341 770 371 ἐπιτελεσθέν.
794 343 849 372 Τυ-

69 385 130 426 φλὸς
146 384 191 424 μὲν
206 385 256 424 γὰρ
276 380 319 422 ἧν,
340 384 392 414 εἴτε
417 385 506 420 ἁπλῶς
527 391 579 419 πᾶς
600 386 735 426 ἄνθρωπος
757 387 786 415 ἐκ
805 398 849 426 γε·

68 433 142 467 νετῆς,
175 431 243 459 τοῦτ’
273 430 358 468 ἔστιν,
387 431 417 459 ἐκ
442 435 488 461 τοῦ
515 430 565 460 ὑπὸ
593 431 695 470 γένεσιν
730 425 806 468 εἶναι,

67 475 161 510 πάντως
180 474 224 504 καὶ
239 477 256 511 ἡ
283 474 366 514 φθορὰ
391 475 560 510 συνέζευκται
584 476 640 517 (ἀφ’
657 472 686 505 οἷ
713 475 765 516 γὰρ
788 479 849 512 θνη-

67 520 164 556 τότητος
182 520 426 558 κατεδικάσθημεν,
454 521 501 550 καὶ
524 521 567 550 διὰ
582 523 629 556 τῖς
649 522 783 560 ἐμπαθοῧς
806 533 850 560 γε-

63 565 150 598 νέσεως
183 564 340 600 αὐξάνεσθαι
373 565 577 605 κατεκρίθημεν,
602 565 691 595 ἔκτοτε
723 566 796 605 παχύ
823 578 848 596 τι

64 610 130 650 νέφος
145 609 188 640 καὶ
209 610 364 650 δερμάτινος
386 610 456 650 τάχα
476 610 569 650 χιτὼν,
587 611 622 644 ὥς
647 622 712 650 φασι
731 610 764 640 τὰ
790 610 847 650 ἱερὰ

65 655 150 694 Λόγια,
173 654 287 694 ἐπεχύθη
309 656 363 688 τοῖς
387 657 485 695 νοεροῖς
502 657 578 694 ἡμῶν
605 654 768 696 ὀρθαλμοῖςγ
796 657 847 686 εἴτε

64 699 102 728 καὶ
127 701 139 728 ὁ
163 701 213 741 τῷν
240 700 318 728 ἐθνῶν
345 699 414 732 λαός.
439 700 493 730 Καὶ
519 696 593 733 οὗτος
612 701 663 741 γὰρ
687 701 716 730 ἐκ
741 703 848 739 γενετῆς

62 744 156 783 τυφλὸς,
180 740 230 774 οἶοι
245 745 268 773 οἱ
287 743 429 780 ⁸Ελληνες·
444 746 474 774 ἐκ
489 748 534 774 τοῦ
559 745 590 774 τὰ
607 746 657 774 ὑπὸ
683 745 784 784 γένεσιν
802 746 846 776 καὶ

63 788 149 829 φθορὰν
175 791 345 825 Gmnasium.
372 789 558 828 τυφλωθέντες,
574 790 643 819 κατὰ
667 791 707 826 τὸ,
725 804 737 815 ι
753 790 848 821 Ἐσκοο

62 834 161 870 τίσθηὴ
187 834 313 867 ἀσύνετος
339 835 424 864 αὐτῶν
443 835 549 874 καρδία.
575 836 722 865 »Τοιοῦτοι
747 835 793 864 καὶ
822 837 845 866 οἵ

61 878 126 917 παρὰ
156 878 272 918 Πέρσαις
309 878 390 918 μάγοι
429 879 530 919 γενέσει
568 880 612 909 καὶ
648 881 846 923 γενεθλιαλογίᾳ

61 924 320 963 προσδαπανήσαντες
335 924 384 960 τὴν
410 925 497 954 αὐτῶν
511 924 592 960 ζωήν.
610 927 636 955 Τ
638 927 713 955 οῦτον
736 921 780 954 οὖν
801 927 846 956 τὸν

60 968 147 1008 τυφλὸν
166 969 234 1009 (εἴτε
259 969 351 1003 ἅπλῶς
369 969 457 998 πάντα
474 969 620 1010 ἄνθρωπον,
641 970 693 1000 εἴτε
713 971 756 1000 τὸν
779 972 846 1000 ἕθνι-

60 1012 100 1042 κὸν
118 1013 193 1054 λαὸν)
222 1009 291 1043 εἶδεν
314 1015 328 1043 ὃ
349 1013 464 1049 Ἰησοῦς.
493 1014 571 1045 Ἐπεὶ
597 1015 649 1054 γὰρ
676 1016 772 1048 ἐκεῖνος
798 1017 846 1046 οὐκ

59 1057 164 1093 ἠδύνατο
183 1059 227 1088 τὸν
242 1059 409 1098 Δημιουργὸν
427 1059 501 1095 ἰδεῖν,
524 1059 602 1093 αὐτὸς
617 1074 629 1085 ι
645 1060 687 1089 διὰ
703 1060 845 1100 σπλάγχνα

58 1102 137 1146 ἐλέους
150 1103 315 1144 ἐπεσκέψατο
334 1105 405 1142 ἡμᾶς
420 1104 536 1140 ἀνατολὴ
551 1104 577 1139 ἐξ
601 1105 690 1146 ὕψους.
714 1118 725 1130 ι
744 1107 805 1138 Πῶς
818 1106 845 1136 δὲ

58 1142 123 1184 εἶδες
140 1162 150 1174 ι
167 1149 314 1188 Παράγων,
341 1162 353 1175 ν
369 1149 500 1185 τουτέστι,
519 1149 557 1188 μὴ
581 1151 606 1180 ἐν
619 1151 657 1189 τῷ
677 1151 780 1190 οὐρανῷ
794 1149 844 1190 ὧν,

58 1192 120 1221 ἀλλὰ
141 1193 280 1234 παρελθὼν
304 1193 440 1227 κενώσεως
458 1193 554 1233 λόγοις,
585 1195 630 1224 καὶ
651 1196 679 1224 ἐκ
700 1197 746 1224 τοῦ
766 1196 845 1235 οὐρα-

57 1239 113 1275 νοῦ,
127 1238 194 1267 κατὰ
209 1239 255 1268 τὸν
272 1238 422 1279 προφήτην,
442 1239 582 1280 διακύψας,
603 1239 649 1268 καὶ
663 1238 726 1268 ἰδὼν
742 1239 846 1274 πάντας

56 1280 112 1315 τοὺς
127 1282 193 1316 υἱοὺς
215 1285 267 1312 τῶν
283 1283 439 1324 ἀνθρώπων·
467 1284 513 1313 καὶ
533 1285 620 1318 ἄλλως
641 1284 680 1313 δέ·
698 1285 845 1324 Παράγων,

55 1326 92 1356 ἴδε
113 1327 154 1357 τὸν
176 1329 276 1358 tam?”
298 1329 381 1365 λαὸν,
409 1329 555 1365 τουτέστιν,
585 1330 615 1359 οὖ
641 1329 845 1368 προηγουμένως

55 1371 94 1400 ἐπ’
114 1372 188 1402 αὐτὸν
213 1373 306 1403 ἐλθών.
334 1375 380 1407 Εἷς
398 1373 451 1413 γὰρ
476 1374 510 1403 τὰ
534 1374 693 1404 ἀπολωλότα
720 1373 843 1414 πρόϐατα

54 1415 120 1446 οἴκου
146 1417 258 1458 Ἰσραὴλ
289 1414 380 1454 ἦλθεν·
409 1414 467 1448 εἶτα
493 1418 584 1458 ὥσπερ
616 1419 678 1448 ὁδοῦ
712 1419 843 1459 πάρεργον

55 1462 192 1498 ἐποιήσατο
206 1463 256 1499 τὴν
272 1463 411 1504 ἐπίσκεψιν
427 1466 472 1494 τοῦ
493 1465 519 1493 ἓν
535 1466 574 1503 τῷ
590 1465 678 1494 σκότει
694 1465 843 1502 καθημένου

54 1508 96 1542 τῆς
121 1509 266 1542 παντελοῦς
293 1509 426 1547 ἀγνωσίας
454 1510 531 1540 λαοῖὶ.
559 1510 622 1544 Πῶς
651 1509 676 1538 δὲ
705 1509 844 1549 θεραπεύει

905 306 964 330 erat
981 303 1033 330 sub
1047 305 1223 339 generatione
1239 306 1280 334 cui
1296 307 1408 335 omnino
1421 308 1566 344 conjuncta
1581 314 1622 337 est
1638 318 1701 338 cor-

904 347 1007 382 ruptio.
1025 356 1040 375 a
1059 356 1111 384 qua
1127 350 1288 378 mortalitati
1304 351 1479 380 condemnati
1495 361 1592 381 sumus
1611 358 1638 382 et
1650 354 1701 382 ad-

901 390 1028 427 judicati,
1044 393 1109 421 dum
1125 395 1272 423 crescimus
1287 404 1301 423 a
1312 396 1452 424 nativitate
1467 397 1513 425 illa
1529 398 1702 433 passionibus

904 435 1032 466 obnoxia.
1054 439 1123 466 Nam
1146 447 1180 467 ex
1198 444 1262 467 tunc
1283 448 1373 470 crassa
1395 441 1522 478 quaedam
1540 442 1651 476 nebula,
1675 446 1701 470 et

903 481 1013 516 pellicea
1033 482 1156 511 fortassis
1180 484 1269 512 tunica
1286 487 1327 518 (ut
1357 485 1454 513 dicunt
1475 494 1551 514 sacra
1572 487 1700 522 Eloquia)

903 525 990 554 effusa
1012 531 1052 555 est
1068 536 1149 564 super
1170 530 1269 557 mentis
1283 535 1386 559 nostrae
1411 530 1514 559 oculos.
1541 531 1589 559 Vel
1615 532 1699 560 etiam

902 577 992 599 caecus
1014 576 1072 600 erat
1093 573 1234 608 gentilium
1259 575 1385 610 populus.
1406 577 1477 603 Nam
1497 580 1524 603 et
1538 575 1583 604 hic
1597 583 1612 603 a
1628 576 1700 604 nati-

903 615 986 644 vitate
1003 621 1061 644 erat
1079 625 1177 651 cmcus,
1199 626 1232 646 eo
1247 619 1320 654 quod
1335 620 1470 654 exciecati,
1487 628 1518 647 ea
1533 628 1594 656 qua:
1610 620 1700 655 genita

902 665 929 688 et
951 662 1146 697 corruptibilia,
1163 662 1340 698 deificabant,
1353 665 1437 700 juxta
1463 664 1529 693 illud
1552 674 1590 693 τα
1615 665 1700 693 Obte—

902 705 1046 734 nehratum
1062 712 1103 734 est
1118 707 1246 744 insipiens
1262 717 1310 736 cor
1322 717 1419 737 eorum
1435 709 1470 738 ⁸⁸.
1496 722 1508 734 ι
1529 709 1608 738 Tales
1623 714 1701 738 erant

901 752 1043 779 Persarum
1068 752 1152 788 magi,
1172 753 1255 781 vitam
1276 762 1357 781 suam
1375 754 1562 782 nativitatibus
1577 759 1605 782 et
1626 754 1700 783 futu-

901 803 995 824 rorum
1015 797 1183 832 przedietioni
1207 797 1291 834 642
1310 798 1489 827 insumentes.
1514 800 1593 827 Hunc
1615 799 1700 836 igitur

900 845 1014 871 caecum,
1039 837 1098 865 sive
1124 837 1285 874 simpliciter
1309 847 1421 867 omnem
1453 839 1607 873 hominem,
1644 839 1699 868 sive

901 882 984 910 etiam
1009 882 1137 917 gentilem
1161 884 1303 918 populum,
1325 884 1393 912 vidit
1411 885 1502 912 Jesus.
1527 885 1596 919 Quia
1622 885 1698 913 enim

901 935 958 954 non
970 928 1058 962 potuit
1068 927 1247 955 Conditorem
1259 927 1364 963 videre,
1378 928 1434 964 ipse
1451 940 1463 952 -
1478 937 1525 964 per
1536 929 1636 957 viscera
1649 929 1699 957 mi-

900 971 1056 999 sericordias
1068 972 1186 1000 visitavit
1196 981 1246 1000 nos
1257 973 1347 1001 oriens
1357 981 1390 1000 ex
1403 974 1457 1001 alto
1469 973 1502 1000 4’.
1520 985 1533 998 ιο
1549 974 1698 1009 Quomodo

901 1020 993 1044 autem
1008 1016 1092 1045 vidit?
1109 1027 1120 1040 α
1145 1017 1317 1050 Praeterieris,
1338 1028 1351 1042 ι)
1374 1017 1426 1046 hoc
1445 1022 1498 1052 est,
1512 1026 1567 1046 non
1584 1018 1610 1046 in
1627 1018 1697 1046 caelo

899 1061 1041 1094 exsistens,
1056 1061 1105 1089 sed
1120 1061 1295 1098 progrediens
1309 1062 1486 1090 sermonibus
1499 1063 1696 1097 evacuationis,

900 1109 927 1134 et
939 1105 1107 1142 prospiciens
1117 1114 1132 1134 e
1145 1107 1214 1135 coelo
1223 1107 1302 1143 juxta
1316 1107 1490 1144 prophetiam
1504 1108 1539 1142 ⁵ο,
1551 1108 1698 1144 vidensque

900 1158 998 1178 omnes
1018 1151 1091 1179 ﬁlios
1111 1151 1265 1179 hominum.
1289 1153 1324 1180 Et
1337 1152 1436 1181 aliter:
1453 1153 1615 1181 Prwteriens
1633 1153 1698 1181 vidit

900 1195 1030 1232 populum
1046 1196 1188 1232 gentilem,
1203 1196 1230 1224 id
1245 1201 1297 1230 est,
1310 1205 1365 1224 non
1381 1198 1500 1233 primum
1513 1197 1547 1226 ad
1560 1197 1639 1226 illum
1653 1205 1696 1226 ve-

899 1241 980 1268 niens
997 1250 1004 1269 :
1022 1241 1096 1269 venit
1111 1241 1185 1269 enim
1204 1241 1236 1269 ad
1253 1249 1317 1269 oves
1331 1250 1392 1278 quae
1408 1242 1547 1278 perierant
1565 1242 1599 1270 de
1613 1243 1697 1271 domo

898 1285 981 1313 Israel
1007 1285 1041 1314 5'.
1060 1286 1165 1314 Deinde
1186 1286 1263 1323 quasi
1281 1287 1370 1314 obiter
1385 1287 1412 1314 iu
1427 1287 1468 1314 via
1483 1286 1548 1315 fecit.
1562 1287 1696 1316 visitatio-

899 1338 963 1358 nem
987 1330 1046 1367 ejus
1069 1331 1172 1367 populi,
1197 1331 1243 1366 qui
1261 1331 1376 1359 omnino
1402 1331 1514 1359 sedebat
1528 1332 1556 1360 in
1578 1332 1696 1360 tenebris

899 1375 989 1403 omnis
1010 1375 1178 1411 ignorantiae.
1205 1376 1352 1410 Quomodo
1377 1380 1467 1404 autem
1487 1381 1568 1405 sanat
1586 1377 1695 1406 caecita-

899 1421 970 1448 tem?
983 1421 1055 1448 Cum
1075 1421 1213 1456 expuisset
1227 1421 1256 1448 in
1279 1424 1393 1455 terram,
1417 1425 1444 1448 et
1465 1421 1553 1449 lutum
1576 1421 1694 1450 fecisset.

899 1465 1062 1500 Quicunque
1076 1465 1150 1493 enim
1165 1465 1311 1493 crediderit
1325 1465 1399 1501 quod
1420 1466 1491 1493 sicut
1512 1465 1646 1494 distillans
1669 1466 1696 1494 in

899 1513 1012 1544 terram,
1025 1509 1145 1537 Verbum
1162 1509 1252 1545 ipsum
1265 1509 1439 1537 descenderit
1453 1510 1482 1538 in
1496 1515 1620 1538 sanctam
1636 1510 1696 1539 Vir-

54 1552 98 1589 τὴν
120 1553 268 1594 τύφλωσιη
288 1553 396 1587 Πτύσας
421 1554 521 1594 χαμαὶ,
540 1555 586 1584 καὶ
612 1555 697 1591 πηλὸν
721 1554 842 1590 ποιήσας.

900 1555 1002 1592 ginem,
1023 1554 1103 1590 hujus
1121 1559 1259 1591 ungentur
1276 1555 1432 1591 spirituales
1452 1555 1525 1583 oculi
1544 1555 1603 1584 luto
1622 1555 1694 1584 facto

52 1597 98 1631 Ὃς
111 1598 159 1638 γὰρ
172 1599 204 1628 ἂν
222 1598 398 1635 πιστεύσειεν,
414 1600 454 1628 ὅτι
475 1599 538 1629 ὡσεὶ
552 1599 658 1639 σταγὼν
678 1602 695 1636 ἡ
710 1601 842 1634 στάζουσα

53 1642 92 1671 ἐπὶ
110 1643 155 1680 τὴν
177 1647 238 1684 γῆν,
257 1644 442 1681 καταϐέϐηκεν
473 1644 517 1674 ἐπὶ
533 1645 579 1680 τὴν
601 1644 678 1684 ἁγίαν
708 1645 842 1685 Παρθένον

51 1688 170 1727 ὁΑόγος,
190 1685 267 1723 οἶτος
288 1690 411 1729 χρίσεται
433 1689 493 1722 τοὺς
507 1689 610 1729 νοεροὺς
630 1690 779 1729 ὀφθαλμοὺς
804 1692 841 1729 τῷ

50 1733 76 1761 ἐκ
92 1736 136 1762 τοῦ
158 1734 314 1772 πτύσματος
336 1734 381 1764 καὶ
405 1737 452 1770 τῆς
467 1736 516 1774 γῆς
532 1735 621 1774 πηλῷ,
643 1734 724 1774 ἤγουν
740 1737 779 1775 τῷ
803 1735 841 1764 ἑνὶ

50 1777 152 1818 Χριστῷ
167 1781 205 1819 τῷ
229 1780 258 1808 ἐκ
273 1779 395 1816 θεότητος
414 1775 456 1818 (ἧς
480 1779 614 1818 σύμϐολον
634 1782 650 1815 ἠ
675 1780 781 1818 σταγὼν
797 1780 842 1809 καὶ

50 1821 240 1864 τὸῘττύσμαδ
261 1823 307 1852 καὶ
326 1824 526 1864 ἀνθρωπότητος
540 1820 588 1860 (ἧς
605 1824 738 1862 σύμϐολον
756 1826 772 1860 ἡ
795 1826 840 1863 γῆ,

47 1865 72 1900 ἐξ
84 1862 114 1902 ἧς
130 1867 223 1898 τὸτοῦ
244 1867 345 1908 Κυρίου
361 1869 466 1908 σῶμα).
509 1868 564 1908 Ἆρ’
581 1864 625 1897 οὖν
645 1869 708 1908 ἄχρι
728 1871 772 1898 τοῦ
797 1881 841 1898 πι-

48 1913 150 1942 στεῦσαι
167 1912 216 1949 τὴν
234 1913 378 1953 θεραπείαν
393 1913 534 1949 στήσεται;
555 1912 703 1952 Οὔμενουν,
720 1913 790 1942 ἀλλὰ
803 1915 842 1943 δεῖ

46 1955 89 1985 καὶ
103 1957 146 1987 ἐπὶ
165 1958 210 1988 τὸν
237 1957 353 1997 Σιλωὰμ
374 1959 469 1995 ἐλθεῖν,
496 1958 544 1995 τὴν
561 1957 653 1998 πηγὴν
672 1960 718 1988 τοῦ
739 1958 842 1997 βαπτί-

47 2011 157 2040 σματος,
186 2002 234 2032 καὶ
270 2005 449 2042 βαπτισθῆναι
484 2005 521 2037 εἰς
544 2003 589 2032 τὸν
617 2004 842 2042 ἀπεσταλμένον,

44 2047 112 2075 τοῦτ’
125 2045 193 2085 ἔστι,
209 2046 345 2086 Χριστόν.
386 2045 469 2077 ⁸1Ὀσοι
483 2047 535 2088 γὰρ
553 2047 752 2086 ἐϐαπτίσθημεν
766 2060 841 2079 πνευ-

46 2093 173 2128 ματικῶς,
194 2093 231 2126 εἷς
246 2091 364 2132 Χριστὸν
383 2091 596 2132 ἐϐαπτίσθημεν.
640 2092 708 2123 Μεθ’
725 2092 739 2122 ὃ
755 2092 782 2122 δὲ
795 2094 840 2123 καὶ

45 2136 200 2174 βαπτισθείη
248 2149 302 2173 τις,
347 2137 392 2166 καὶ
439 2142 597 2178 πειρασμοῖς
643 2142 837 2178 περιπεσεῖται.

45 2178 200 2219 Ἀλθήσεται
225 2181 276 2222 γὰρ
304 2181 376 2222 τάχα
401 2182 446 2212 ἐπὶ
473 2183 590 2221 βασιλεῖς
620 2181 666 2211 καὶ
696 2183 838 2221 ἡγεμόνας,

43 2223 126 2254 ἕνεκεν
141 2229 188 2256 τοῦ
204 2225 420 2266 θεραπεύσαντος
445 2227 526 2256 αὐτὸν
547 2228 677 2267 Χριστοῦ.
692 2228 740 2257 Δεῖ
754 2228 840 2258 τοίνυν

45 2269 155 2308 βεϐαίως
175 2270 257 2312 ἔχειν,
280 2271 324 2300 καὶ
338 2270 465 2301 ἵστασθαι
481 2271 524 2300 ἐπὶ
540 2274 586 2307 τῆς
604 2272 746 2311 ὁμολογίας
762 2274 837 2302 ἀκλι-

44 2315 105 2350 νίῦς,
130 2316 168 2353 μὴ
192 2315 237 2346 διὰ
263 2315 344 2356 φόϐον
370 2316 550 2356 ἀρνούμενον,
566 2317 645 2353 ἀλλὰ,
668 2316 717 2346 κᾶν
741 2318 835 2357 δεήσῃ,

43 2359 203 2399 ἐκκήρυκτον
228 2360 274 2390 καὶ
304 2360 512 2400 ἀποσυνάγωγον
539 2361 685 2401 γινόμενον,
703 2361 772 2391 κατὰ
797 2363 838 2400 τὸ,

42 2417 54 2430 α
76 2403 191 2435 Ἐσεσθε
209 2405 364 2445 μισούμενοι
386 2405 436 2435 ὑπὸ
450 2405 557 2436 πάντων
573 2407 616 2436 διὰ
632 2406 662 2436 τὸ
675 2406 757 2445 ὄνομά
774 2419 836 2446 μου,

41 2448 84 2478 καὶ
99 2450 325 2490 ἀποσυναγώγους
340 2451 495 2486 ποιήσουσιν
511 2453 592 2489 ὑμᾶς.
610 2466 621 2478 υ
666 2452 724 2482 Κᾶν
740 2452 838 2482 ἐκϐάλ-

41 2493 104 2524 λωσι
123 2493 152 2524 δὲ
182 2495 226 2526 τὸν
249 2495 417 2534 δμολογητὴν
444 2497 467 2524 οἱ
496 2495 643 2535 ἄνθρωποι,
671 2499 706 2536 τῇ
727 2498 836 2537 ἀληθείᾳ

40 2538 234 2578 ἐχθραίνοντες,
260 2539 306 2569 καὶ
334 2540 462 2575 διώξωσιν
492 2541 546 2571 ἀπὸ
572 2543 625 2570 τῶν
661 2543 725 2581 παρ’
750 2543 838 2576 αὐτοῖς

39 2582 114 2623 ἱερῶν
129 2584 177 2614 καὶ
200 2585 306 2623 τιμίων,
331 2585 459 2624 πλούτου,
483 2585 562 2623 λέγω,
587 2585 633 2615 καὶ
654 2585 740 2622 δόξης·
757 2586 837 2627 εὖρή-

39 2639 78 2657 σει
93 2629 174 2659 αὐτὸν
191 2631 206 2658 ὁ
219 2630 330 2667 Ἰησοῦς,
347 2630 393 2660 καὶ
407 2630 466 2661 τότε
487 2631 605 2669 μᾶλλον,
625 2629 668 2660 ὅτε
692 2631 766 2670 παρὰ
785 2633 836 2661 τῶν

39 2674 140 2713 ἐχθρῶν
159 2675 330 2712 ἀτιμασθείη,
353 2675 427 2714 παρὰ
452 2677 570 2716 Χριστοῦ
594 2675 780 2714 τιμηθήσεται,
803 2679 836 2716 τῇ

37 2719 180 2758 ἐπιγνώσει
203 2720 249 2750 καὶ
269 2722 302 2760 τῇ
327 2720 503 2761 ἀκριϐεστέρα
529 2720 628 2750 πίστει.
653 2721 838 2760 Προσκυνήσει

36 2762 88 2804 γὰρ
103 2764 163 2794 τότε
180 2765 283 2803 μᾶλλον
298 2765 342 2795 τὸν
358 2765 485 2806 Χριστὸν,
503 2768 538 2800 ὡς
561 2765 698 2806 ἄνθρωπον
715 2766 762 2805 μὲν
778 2778 837 2807 φαι-

70 2822 92 2839 ⁸⁸
106 2824 193 2851 Rom.
208 2831 230 2857 ι,
245 2827 288 2852 2|.
345 2824 367 2841 ⁵³
382 2826 449 2852 an.
462 2832 484 2858 ι,
498 2828 542 2852 78.

36 2865 66 2893 x,
83 2862 126 2887 18.
177 2859 201 2876 “
217 2859 285 2890 lbid.
302 2863 346 2889 22.
399 2861 420 2877 ³⁵
433 2861 514 2889 Joau.
530 2867 596 2895 xvr,
612 2863 640 2892 2,

590 2824 612 2840 ⁵ο
626 2825 698 2855 Psal.
711 2833 783 2860 xm,
799 2829 832 2862 2;
849 2835 902 2862 ιιι,
918 2830 943 2854 3.

899 1609 914 1629 e
938 1604 1019 1636 sputo
1047 1604 1073 1628 et
1095 1604 1178 1634 terra,
1205 1600 1258 1628 hoc
1276 1604 1316 1628 est
1338 1601 1419 1628 unico
1444 1600 1563 1628 Christo.
1586 1601 1638 1637 Qui
1660 1609 1693 1629 ex

895 1644 1006 1679 deitate,
1019 1644 1098 1681 cujus
1112 1644 1270 1681 symbolum
1288 1645 1358 1672 stilla
1373 1650 1400 1673 et
1413 1650 1537 1682 sputum,
1553 1649 1580 1673 et
1594 1645 1694 1674 huma-

896 1690 990 1724 nitate,
1015 1690 1094 1726 cujus
1117 1689 1272 1726 symbolum
1288 1694 1371 1724 terra,
1392 1698 1425 1717 ex
1439 1699 1492 1726 qua
1509 1690 1620 1718 Domini
1633 1699 1682 1719 cor

896 1743 956 1770 pus.
979 1737 1053 1763 Num
1078 1735 1159 1771 igitur
1186 1735 1248 1762 finis
1267 1735 1414 1763 sanationis
1436 1735 1463 1763 in
1484 1735 1622 1764 credendo
1637 1737 1693 1764 est?

896 1780 1074 1816 Neutiquam,
1095 1780 1142 1808 sed
1161 1784 1270 1815 oportet
1282 1784 1309 1807 et
1321 1779 1355 1808 ad
1370 1781 1472 1808 Siloam
1487 1781 1572 1815 abire,
1588 1781 1693 1809 fontem

895 1824 1075 1860 baptismatis,
1103 1828 1132 1852 et
1159 1824 1287 1860 baptizari
1312 1824 1341 1852 in
1373 1825 1469 1859 misso,
1497 1825 1549 1853 hoc
1577 1829 1628 1860 est,
1664 1826 1693 1853 in

895 1869 1014 1897 Christo.
1033 1880 1046 1892 ι
1070 1870 1213 1904 Quotquot
1234 1869 1306 1896 enim
1323 1869 1452 1904 baptizati
1476 1877 1572 1897 sumus
1588 1882 1600 1893 ι»
1615 1870 1693 1905 spiri-

895 1913 1016 1947 tualiter,
1034 1924 1046 1937 ι
1064 1913 1090 1940 in
1113 1912 1221 1940 Christo
1243 1913 1370 1948 baptizati
1393 1921 1490 1941 sumus
1506 1913 1541 1941 ⁵³.
1560 1925 1572 1938 ν
1589 1915 1691 1942 Verum

895 1958 940 1986 ubi
976 1958 1130 1994 baptizatus
1160 1958 1220 1993 quis
1243 1957 1336 1992 fuerit,
1362 1962 1425 1986 tunc
1448 1962 1475 1986 et
1498 1958 1692 1986 tentationihus

893 2003 1055 2039 suhjacebit.
1077 2004 1201 2030 Ducetur
1220 2003 1292 2030 enim
1307 2002 1421 2030 fortasse
1435 2003 1468 2030 ad
1483 2011 1561 2039 reges
1582 2007 1692 2040 propter

895 2047 1047 2081 Christum.
1061 2048 1106 2084 qui
1122 2047 1228 2075 sanavit
1242 2047 1321 2075 illum
1335 2047 1369 2075 53.
1383 2048 1500 2083 Oportet
1510 2048 1592 2083 igitur
1603 2048 1691 2076 firmi-

894 2096 934 2121 ter
960 2101 989 2120 se
1015 2100 1118 2129 gerere,
1143 2096 1171 2120 et
1189 2096 1262 2120 stare
1279 2092 1306 2120 in
1327 2091 1499 2120 confessione
1520 2097 1690 2127 constanter,

894 2146 945 2165 nec
960 2141 1071 2173 propter
1081 2141 1186 2165 metum
1198 2145 1309 2173 negare,
1325 2137 1372 2165 sed
1385 2141 1412 2165 et
1426 2137 1448 2164 si
1461 2145 1530 2173 opus
1545 2137 1639 2171 fuerit,
1649 2146 1692 2165 ex-

896 2182 956 2218 pelli
971 2186 998 2210 et
1012 2182 1281 2210 excommunicatnm
1296 2181 1365 2215 ﬁeri,
1375 2181 1455 2218 juxta
1470 2181 1537 2210 illud
1553 2191 1560 2210 :
1577 2194 1590 2206 ι
1608 2183 1689 2211 Exosi

895 2227 970 2256 eritis
993 2227 1123 2255 omnibus
1149 2231 1260 2262 propter
1286 2235 1389 2255 nomen
1410 2235 1505 2255 meum
1522 2227 1556 2260 54,
1572 2231 1599 2255 et
1613 2231 1689 2256 extra

892 2280 1044 2308 synagogas
1058 2271 1161 2300 facient
1177 2279 1224 2300 vos
1241 2271 1278 2299 ⁵⁵.
1303 2284 1314 2295 ›ι
1335 2273 1437 2300 Verum
1452 2272 1561 2300 etiamsi
1580 2272 1690 2308 ejiciant

891 2317 1070 2346 confitentem
1091 2316 1218 2344 homines
1243 2316 1383 2344 veritatem
1407 2316 1473 2344 odio
1496 2316 1639 2352 habentes,
1662 2321 1690 2345 et

892 2366 1087 2398 persequantur
1107 2365 1219 2397 propter
1241 2361 1300 2389 illas
1323 2369 1385 2397 qua:
1409 2361 1448 2389 eis
1478 2369 1562 2390 sacrae
1579 2366 1645 2390 sunt
1662 2366 1690 2390 et

891 2406 1068 2441 venerabiles,
1085 2406 1195 2434 divitias
1209 2405 1272 2434 dico
1298 2410 1325 2434 et
1348 2406 1465 2442 gloriam
1488 2414 1550 2434 eum
1570 2407 1691 2435 inveniet

889 2452 980 2485 Iesus,
1004 2455 1033 2479 et
1054 2455 1118 2478 tunc
1134 2452 1220 2486 magis
1235 2450 1346 2486 quando
1361 2451 1395 2478 ab
1408 2451 1524 2479 inimicis
1537 2451 1688 2488 ignominia

891 2500 1003 2524 notatus
1023 2495 1113 2529 fuerit,
1134 2503 1149 2523 a
1167 2495 1277 2523 Christo
1293 2495 1475 2523 honorabitur
1495 2496 1644 2532 agnitione,
1660 2500 1690 2524 et

891 2542 1008 2569 certiore
1027 2539 1089 2568 fide.
1112 2541 1180 2567 Nam
1205 2544 1270 2568 tunc
1285 2540 1372 2576 magis
1385 2540 1511 2568 adorabit
1532 2541 1685 2575 Christum,

890 2586 936 2622 qui
951 2590 1063 2622 apparet
1078 2589 1108 2612 ut
1128 2585 1220 2619 homo,
1237 2589 1279 2612 est
1293 2589 1387 2612 autem
1401 2590 1429 2613 et
1447 2585 1532 2614 Filius
1549 2586 1609 2614 Dei.
1626 2587 1688 2613 Non

891 2631 966 2659 enim
984 2631 1054 2658 alius
1067 2634 1108 2657 est
1123 2630 1208 2658 Filius
1223 2630 1284 2664 Dei,
1299 2634 1325 2658 et
1339 2630 1410 2658 alius
1425 2630 1521 2658 Mariae
1535 2633 1612 2663 (nam
1628 2629 1688 2657 hinc

891 2675 1010 2705 Nestorii
1025 2675 1172 2711 impietas),
1197 2674 1245 2703 sed
1260 2683 1330 2702 unus
1344 2678 1371 2702 et
1392 2674 1465 2702 idem
1480 2679 1521 2702 est
1539 2674 1587 2702 Dei
1602 2673 1688 2701 Filius

890 2725 918 2749 et
938 2720 1066 2748 hominis.
1083 2719 1151 2748 Vide
1170 2719 1245 2747 enim
1260 2719 1399 2755 quomodo
1416 2719 1563 2751 Dominus,
1579 2718 1688 2746 dicente

889 2774 963 2794 caeco
985 2775 992 2794 :
1010 2777 1022 2789 κ
1038 2764 1106 2801 Quis
1120 2769 1162 2793 est
1177 2765 1262 2793 Filius
1277 2765 1339 2799 Dei,
1356 2768 1386 2792 ut
1399 2763 1512 2791 credam
1533 2763 1561 2790 in
1577 2765 1657 2791 eum?
1670 2774 1683 2789 ιι

991 2825 1012 2843 ¹¹
1026 2823 1126 2853 Matth.
1141 2833 1168 2860 ιι,
1184 2827 1211 2852 6.
1258 2824 1280 2842 "
1295 2823 1383 2853 Galat.
1400 2830 1446 2857 In,
1462 2825 1508 2851 27.
1550 2822 1572 2840 ⁵³
1584 2823 1685 2852 Matth.
