1910 3077
204 156 236 183 63
712 154 969 183 THEOPHYLACTI
989 153 1165 181 BULGARl/E
1183 153 1341 181 ARCHIEP.
1827 150 1862 176 64

201 234 237 238 -
256 230 268 242 ιι
285 219 321 245 Et
335 218 438 253 vidisti,
453 219 552 254 inquit,
567 226 642 251 eum,
659 222 685 246 et
698 219 745 254 qui
760 218 880 254 loquitur
894 221 997 252 tecum,

1106 228 1176 254 ενον,
1192 216 1255 246 ὄντα
1271 216 1298 245 δὲ
1315 216 1359 245 xui
1381 216 1446 247 Υἱὸν
1462 218 1508 245 τοῦ
1529 217 1608 246 Θεοῦ.

202 263 248 290 ille
261 267 312 291 est.
329 274 341 287 α
360 264 427 298 Quis
440 264 522 300 igitur
537 268 594 290 erat
610 264 742 298 loquens?
758 262 880 290 Omnino
897 262 940 289 ille
954 262 998 298 qui

202 315 236 335 ex
249 307 336 335 Maria
351 312 432 335 natus
447 307 557 343 quidem
573 311 599 334 et
614 307 699 335 Filius
713 307 774 340 Dei,
787 315 841 334 non
856 307 924 334 alius
935 314 999 341 ergo

201 355 227 379 et
240 352 308 379 alius
325 362 333 378 :
349 351 422 379 unde
436 352 543 387 proprie
564 352 676 382 θεοτόκος
689 355 780 379 sancta
795 351 892 384 Maria,
906 354 1000 386 utpote

201 403 264 431 quae
279 395 379 423 Filium
392 396 442 423 Dei
458 404 568 424 carnem
585 396 687 423 factum
701 395 834 430 genuerit,
852 394 1001 423 indivisibi-

203 439 257 467 lem
282 440 468 474 exsistentem,
490 444 518 468 et
531 448 620 468 unum
635 440 781 476 duplicem,
797 439 844 476 qui
867 443 907 467 est
921 440 1001 467 Jesus

205 483 339 512 Christus.

1651 215 1692 245 Οὖ
1708 213 1761 253 γὰρ
1779 213 1864 246 ἄλλος

1054 263 1067 290 ὃ
1085 262 1148 295 Υἱὸς
1163 265 1208 291 τοῦ
1223 262 1309 297 Θεοῦ,
1333 261 1378 290 καὶ
1394 262 1472 295 ἅὶλος
1486 263 1499 290 ὁ
1519 262 1547 290 ἐκ
1571 260 1679 300 Μαρίας
1695 259 1793 298 (τοῦτο
1809 258 1863 297 γὲιρ

1054 306 1199 346 Νεστορίου
1216 306 1245 335 τὸ
1273 306 1398 343 ἀσέϐημα
1410 306 1432 346 ),
1451 305 1511 335 ἀλλ’
1535 301 1570 339 εἶς
1586 306 1631 334 xui
1659 307 1672 334 ὁ
1697 304 1779 337 αὐτὸς
1798 303 1863 335 Υἱὸς

1055 353 1125 381 Θεοῦ
1140 351 1185 380 καὶ
1211 351 1358 391 ἀνθρώπου.
1370 349 1444 391 Ὅρα
1462 350 1513 390 γὰρ
1528 351 1584 383 πῶς
1601 352 1614 380 ὃ
1631 349 1740 390 Κύριος,
1769 349 1864 377 εἶπόν-

1054 407 1097 429 τος
1112 399 1159 425 τοῦ
1182 408 1246 426 ποτε
1268 398 1378 436 τυφλοῖ,
1405 410 1416 421 ιι
1434 396 1489 426 Καὶ
1504 395 1543 429 τίς
1561 396 1633 424 ἐστιν
1652 409 1662 421 ι
1689 396 1703 423 ὁ
1718 394 1787 426 Υἱὸς
1813 395 1863 421 to;

1055 441 1136 478 Θεοῦ⁷
1156 454 1167 466 κ
1190 440 1234 470 ἵνα
1258 441 1392 470 πιστεύσω
1408 442 1444 474 εἷς
1459 440 1555 479 αὐτόν;
1573 453 1586 466 ν
1605 457 1646 461 -
1669 453 1682 465 ιι
1699 439 1754 469 Καὶ
1772 437 1864 476 ἑώρα-

1057 497 1116 523 κας,
1133 486 1228 526 φησὶν,
1255 486 1345 522 αὐτὸν,
1373 485 1418 514 καὶ
1433 487 1447 515 ὁ
1471 486 1559 515 λαλῶν
1585 484 1653 523 μετὰ
1677 486 1735 519 σοῦ,
1757 482 1863 515 ἐκεῖνός

204 530 283 558 ἔστιν,
301 543 313 556 ο
332 530 381 563 Τίς
407 525 450 559 οὖν
477 526 508 566 ἦν
524 532 537 559 ὅ
559 531 666 566 λαλῶν;
682 525 721 560 ⁹Ἦ
741 530 844 562 πάντως
864 530 878 558 ὁ
898 530 926 558 ἔκ
943 528 1052 569 Μαρίας
1067 530 1217 568 γεννηθείς;
1247 532 1260 559 ὁ
1286 530 1363 564 αὐτὸς
1393 530 1420 559 δὲ
1446 530 1490 560 xui
1517 530 1579 562 Υἱὸς
1603 530 1685 567 Θεοῦ,
1703 529 1751 558 οὐκ
1781 528 1866 560 ἄλλος

203 574 256 613 ἄρα
279 574 324 603 καὶ
349 575 436 608 ἄλλος.
454 575 536 605 ⁶¹Οθεν
556 575 601 604 καὶ
623 574 718 615 κυρίως
740 574 870 607 Gentem;
894 576 910 609 ἡ
935 574 998 613 ἁγία
1024 575 1136 614 Μαρία,
1155 577 1190 608 ὡς
1209 576 1254 605 τὸν
1279 576 1342 606 Υἱὸν
1364 578 1409 606 τοῦ
1428 576 1499 605 Θεοῦ
1523 574 1610 615 σάρκα
1625 574 1750 614 γεγονότα
1765 572 1865 612 γεννή-

204 630 287 655 σασα,
315 620 461 659 ἀδιαίρετον
491 620 567 656 ὄντα,
594 620 639 649 xui
668 619 715 649 ἕνα
740 621 785 649 τὸν
812 620 933 655 διπλοῦν,
963 619 990 652 ὃς
1008 619 1064 648 ἐστι
1079 621 1195 660 Χριστὸς
1214 621 1322 660 Κύριος.

237 669 328 697 Vens.
346 672 440 697 89-“.
466 681 478 693 α
496 671 530 697 Et
548 669 618 696 dixit.
633 669 712 696 Jesus
728 679 734 697 :
751 670 782 696 in
801 668 936 705 judicium
953 676 1003 704 ego

204 714 233 741 in
248 713 320 742 hunc
333 714 468 742 mundum
484 714 555 747 veni,
575 718 605 741 ut
624 714 671 749 qui
686 721 742 741 non
754 713 856 748 vident,
873 713 1001 740 videant:

205 758 289 794 64.3
305 763 333 786 et
346 759 392 794 qui
402 760 504 793 vident,
517 759 580 788 caeci
594 759 672 787 ﬁant.
684 761 718 787 Et
728 758 879 786 audierunt
892 758 1003 794 quidam

209 811 241 831 ex
264 803 407 831 Phariszeis
420 804 489 838 hate,
512 805 558 840 qui
581 812 643 832 cum
660 805 717 839 ipso
733 807 820 837 erant,
837 808 864 830 et
877 803 1005 831 dixerunt

206 849 229 875 ei
256 857 262 875 :
277 850 352 876 Num
368 853 395 876 et
410 857 460 876 nos
475 849 539 877 caeci
562 850 679 877 sumus?
694 848 769 876 Dixit
793 848 832 876 eis
850 848 930 875 Jesus
951 856 959 875 :
975 845 1005 874 Si

1099 679 1110 691 τι
1135 665 1190 695 Καὶ
1215 661 1287 695 εἶπεν
1313 665 1453 701 ὁἸησοῧς⁶
1479 666 1526 698 Εἷς
1553 668 1637 704 κρῖμα
1669 663 1721 704 ἐγὼ
1746 664 1785 696 εἷς
1815 662 1864 691 τὸν

1057 709 1158 748 κόσμον
1177 714 1267 740 τοῦτον
1289 706 1386 746 ἦλθον,
1404 709 1448 739 ἵνα
1471 711 1494 740 οἱ
1511 709 1548 747 μὴ
1567 710 1707 749 βλέποντες
1725 707 1862 748 βλέπωσι,

1059 754 1104 783 xui
1119 757 1143 784 οἱ
1159 755 1300 795 βλέποντες
1318 755 1412 796 τυφλοὶ
1436 754 1574 793 γένωνται.
1621 753 1676 784 Καὶ
1693 754 1815 798 ἤκουσα-ν
1834 753 1864 781 ἐκ

1059 801 1110 828 τῶν
1125 799 1283 839 Φαρισαίων
1299 803 1396 838 ταῦτα,
1415 801 1437 829 οἱ
1451 799 1523 833 ὄντες
1538 798 1596 838 μετ’
1612 800 1704 834 αὐτοῦ,
1722 797 1769 827 xui
1785 797 1862 826 εἷπον

1060 846 1150 884 αὐτῷ·
1169 844 1216 880 Μὴ
1232 845 1278 874 καὶ
1293 847 1371 883 ἡμεῖς
1397 844 1491 885 τυφλοί
1516 845 1613 880 ἐσμεν,
1640 839 1722 873 Εἶπεν
1740 843 1835 875 αὐτοῖς
1850 843 1863 870 ὁ

205 893 272 920 casei
295 893 401 927 essetis,
425 901 481 921 non
503 893 639 921 haberetis
654 897 819 929 peccatum:
843 900 916 920 nunc
936 899 1000 920 vero

1104 891 1172 923 σοῢς·
1205 891 1236 919 Εἰ
1262 889 1355 929 τυφλοὶ
1377 885 1435 925 ἦτε,
1463 890 1510 918 οὐκ
1535 888 1565 918 ἂν
1588 887 1672 928 εἴχετε
1708 887 1860 926 ἁμαρτίαν·

205 937 303 971 dicitis,
317 937 458 971 Videmus,
472 937 570 965 idcirco
585 942 727 973 peceatum
740 941 859 964 vestrum
875 940 976 964 manet.
991 947 1004 960 ν

204 983 353 1018 Postquam
378 982 448 1010 vidit
470 983 605 1010 Dominus
636 982 792 1010 Pharisaaos
815 989 850 1009 ex
873 981 1006 1010 miraculo

203 1027 291 1062 magis
304 1026 418 1061 offendi,
431 1035 512 1060 quam
524 1027 671 1055 utilitatem
684 1027 833 1062 percipere,
845 1030 871 1054 et
882 1031 1007 1062 propter-

205 1079 236 1099 ea
258 1071 356 1107 majori
370 1071 605 1100 condemnatione
621 1072 728 1108 dignos,
745 1071 820 1105 dicit,
835 1071 906 1098 sicut
927 1071 1006 1099 vide-

204 1120 250 1143 tur
264 1120 291 1143 et
305 1116 394 1144 evenit
410 1125 416 1143 :
433 1128 445 1140 α
461 1118 495 1144 In
506 1116 642 1153 judicium
661 1125 711 1152 ego
727 1117 799 1151 veni,
814 1127 827 1140 ν
844 1115 897 1143 hoc
910 1120 962 1149 est,
979 1115 1007 1143 in

205 1161 337 1196 majorem
352 1160 614 1189 condemnationem
629 1166 656 1189 et
674 1161 702 1188 in
727 1169 851 1196 poenam,
874 1172 887 1185 α
905 1162 944 1189 Ut
959 1160 1005 1196 qui

204 1213 262 1233 non
284 1205 389 1239 vident,
405 1206 524 1240 videant,
540 1211 566 1234 et
581 1207 629 1242 qui
653 1205 757 1239 vident,
776 1217 789 1230 ιδ
806 1205 937 1234 Phariswi
951 1205 1007 1233 sci-

206 1250 280 1284 licet,
303 1260 317 1276 «
332 1250 397 1278 cmci
423 1251 506 1279 oculis
532 1252 631 1278 animo?
652 1251 729 1278 ﬁant.
747 1262 760 1276 η
778 1251 848 1278 Ecce
866 1250 939 1278 enim
962 1249 1007 1277 ille

205 1295 316 1331 quidem
332 1303 347 1323 a
358 1295 497 1323 nativitate
508 1303 566 1323 non
577 1295 697 1328 videbat,
712 1300 738 1322 et
747 1303 820 1323 nunc
830 1295 904 1322 videt
917 1295 1007 1322 anima

206 1344 234 1367 et
245 1348 367 1376 corpore.
382 1341 435 1375 Qui
449 1345 543 1368 autem
559 1340 685 1368 videntur
700 1340 803 1375 videre,
817 1344 909 1367 mente
922 1347 1008 1367 excze~

205 1385 257 1412 cati
278 1390 350 1412 sunt.
376 1386 452 1413 Duos
473 1386 548 1413 enim
564 1385 647 1419 visus,
664 1389 691 1412 et
713 1385 781 1412 duas
801 1385 942 1412 caecitates
956 1384 1007 1411 hoc

207 1429 268 1457 loco
281 1429 354 1456 dicit.
373 1430 503 1458 Pharisaei
518 1434 621 1464 autem,
635 1429 680 1465 qui
695 1437 803 1465 semper
817 1429 852 1457 ad
866 1429 1006 1456 sensibilia

208 1478 273 1502 sunt
292 1474 386 1502 intenti
407 1475 598 1502 existimantes
621 1482 685 1502 eum
704 1474 738 1501 de
752 1473 872 1501 sensibili
886 1474 1007 1501 cmcitate

209 1519 296 1555 loqui,
321 1530 333 1543 α
358 1521 432 1547 Num
448 1524 475 1547 et
489 1528 550 1553 nos,
571 1519 710 1555 inquiunt,
726 1519 790 1546 ειησὶ
808 1520 922 1546 sumus?
941 1528 954 1544 »
974 1520 1008 1546 Et

209 1563 278 1591 hanc
299 1564 386 1592 solam
411 1565 581 1600 corporalem
603 1563 768 1591 erubescunt
790 1563 949 1590 caecitatem.
974 1566 1008 1591 At

209 1609 344 1636 Dominus
360 1609 503 1637 ostendere
516 1609 555 1637 eis
574 1609 668 1636 volens
682 1608 755 1642 quod
771 1608 868 1635 melius
882 1612 953 1635 esset
971 1608 1009 1635 eis

209 1661 268 1680 esse
280 1661 365 1682 caecos
377 1662 503 1690 corpore,
526 1657 552 1680 et
567 1661 623 1680 non
637 1651 803 1685 incredulos,
819 1652 907 1688 inquit
921 1662 929 1679 :
952 1663 964 1676 ιι
981 1653 1008 1680 Si

209 1698 274 1726 caeci
288 1699 393 1733 essetis,
416 1707 471 1726 nou
487 1698 624 1726 haberetis
638 1702 790 1733 pec-fatum.
809 1709 821 1721 υ
836 1698 906 1725 Nam
921 1697 943 1724 si
963 1705 1010 1732 per

208 1743 398 1770 necessitatem
412 1747 519 1770 natura:
533 1742 661 1770 excaecati
679 1742 786 1776 essetis,
809 1741 883 1769 venia
899 1741 1010 1770 daretur

211 1787 286 1815 vobis
307 1787 499 1815 incredulitate
516 1787 702 1814 laborantibus
725 1796 731 1814 :
746 1795 819 1814 nunc
838 1790 930 1814 autem
946 1787 1008 1822 quia

210 1831 298 1860 dicitis
313 1840 362 1860 vos
378 1832 478 1865 videre,
495 1835 522 1859 et
536 1831 614 1867 plane
630 1831 714 1859 etiam
728 1831 778 1867 ipsi
793 1831 856 1859 facti
871 1835 1009 1867 spectato-

210 1885 255 1904 res
274 1876 358 1913 hujus
377 1876 504 1904 miraculi
520 1876 548 1903 in
567 1884 651 1911 czeco,
675 1876 862 1905 incredulitate
876 1876 1010 1904 laboratis

210 1921 309 1953 adhuc,
325 1930 380 1949 non
395 1921 470 1956 digni
480 1921 543 1948 estis
556 1922 642 1949 venia.
656 1923 727 1949 Nam
737 1925 878 1957 peccatum
890 1925 1009 1948 vestrum

212 1966 356 1994 indelebile
369 1970 478 1999 manet;
492 1970 519 1993 et
538 1966 624 2001 magis
645 1966 808 2001 puniemini,
828 1973 861 1993 eo
882 1965 955 2001 quod
978 1973 1009 1992 ex

212 2011 354 2038 miraculis
389 2018 449 2046 quae
469 2010 575 2043 videtis,
601 2010 635 2037 ad
668 2010 751 2037 [idem
777 2018 833 2037 non
858 2010 1008 2038 trahimini.

212 2056 293 2082 Forte
308 2059 400 2082 autem
415 2055 477 2090 quis
491 2055 576 2082 etiam
592 2055 631 2082 sic
644 2055 808 2082 intellexerit
829 2065 835 2082 :
861 2066 873 2078 ιι
896 2055 923 2082 Si
945 2055 1010 2083 eieci

213 2100 317 2132 essetis,
329 2108 387 2127 non
407 2099 544 2127 haberetis
557 2104 705 2134 peccatum.
723 2110 736 2124 ν
750 2101 820 2127 Nam
831 2107 877 2127 vos
888 2099 1010 2136 quidem,

213 2144 313 2180 inquit,
327 2144 360 2172 de
375 2144 511 2179 corporali
524 2145 646 2172 cmcitate
658 2144 840 2181 interrogatis,
851 2153 901 2180 ego
917 2149 1010 2172 autem

213 2188 249 2216 de
271 2189 373 2217 anima:
387 2189 510 2217 caecitate
527 2189 601 2223 dico,
622 2189 696 2225 quod
716 2190 738 2217 si
752 2190 846 2217 essetis
864 2190 941 2222 caeci,
959 2189 1011 2217 hoc

214 2238 256 2261 est
280 2234 394 2270 imperiti
417 2234 628 2270 Scripturarum,
647 2242 704 2262 non
725 2234 859 2262 haberetis
878 2234 930 2262 tale
950 2242 1010 2269 pec-

214 2282 317 2311 catum,
335 2279 398 2314 quia
421 2287 468 2314 per
486 2279 668 2315 ignorantiam
687 2279 835 2315 peccaretis
850 2288 857 2306 :
879 2286 951 2306 nunc
965 2286 1015 2306 au-

214 2328 271 2351 tem
287 2323 378 2352 dicitis
395 2324 469 2360 quod
485 2324 608 2359 videatis,
633 2329 660 2352 et
682 2324 829 2360 prudentes
851 2323 974 2358 vosipsos
989 2327 1016 2351 et

215 2368 381 2404 legisperitos
395 2369 493 2400 facitis,
515 2373 542 2397 et
560 2369 597 2398 ita
620 2377 668 2405 per
683 2377 730 2397 vos
749 2370 823 2405 ipsos
842 2367 1015 2396 condemnati

217 2413 292 2447 estis,
309 2418 336 2442 et
352 2414 438 2450 majus
453 2414 559 2443 habetis
573 2419 727 2451 peccatum,
745 2414 809 2449 quia
823 2413 938 2441 scienter
950 2421 1015 2449 pec-

216 2457 292 2486 catis.

516 2617 639 2644 CAPUT
674 2615 714 2643 X.

215 2685 248 2705 De
261 2684 319 2706 bono
331 2686 428 2710 pastore
440 2685 461 2703 et
473 2681 630 2702 mercenaria.
641 2681 762 2709 Quomodo
771 2681 842 2702 Jesus
855 2682 1014 2708 interrogatus

402 2719 432 2740 si!
449 2718 473 2738 in
485 2717 588 2743 porticu,
602 2716 658 2738 dum
671 2715 813 2738 ambularet.

250 2779 337 2805 Vens.
357 2779 408 2803 1-5.
421 2787 433 2799 α
444 2777 546 2808 Amen,
559 2782 639 2802 amen
652 2774 715 2803 dico
730 2775 806 2804 vobis
822 2785 828 2803 :
842 2776 889 2812 qui
904 2783 960 2803 non
971 2776 1012 2804 in-

214 2826 270 2850 trat
300 2829 348 2857 per
370 2820 464 2848 ostiun
486 2819 514 2848 in
543 2819 681 2849 stabulum
704 2820 808 2855 ovium,
832 2821 881 2849 sed
905 2820 1014 2849 aliunde

1059 937 1104 963 νῧν
1130 934 1157 963 δὲ
1171 933 1272 974 λέγετε,
1295 934 1335 964 ὅτι
1353 935 1502 972 Βλέπομεν·
1562 929 1606 963 οἷν
1632 932 1753 972 ἁμαρτία
1783 933 1860 969 ὑμῶν

1060 978 1141 1017 μένει.
1169 993 1180 1005 ιι
1203 979 1315 1014 Ἐπειδὴ
1341 974 1407 1008 εἶδεν
1435 980 1449 1008 ὁ
1479 977 1576 1018 Κύριος
1603 977 1663 1011 τοὺς
1690 976 1864 1016 Φαρισαίους

1061 1023 1211 1064 βλαϐέντας
1228 1025 1341 1062 μᾶλλον,
1364 1026 1411 1054 οὐχ
1436 1024 1622 1064 ὠφεληθέντας
1647 1023 1677 1051 ἐκ
1691 1024 1737 1051 τοῦ
1755 1021 1863 1058 θαύμα-

1059 1081 1115 1104 τος,
1132 1069 1179 1098 καὶ
1198 1069 1242 1098 διὰ
1256 1071 1336 1098 τοῦτο
1359 1069 1404 1098 καὶ
1421 1069 1538 1106 μείζονος
1564 1066 1746 1107 κατακρίσεως
1762 1066 1862 1101 ἀξίους,

1060 1113 1139 1153 φησὶν
1150 1136 1158 1151 ,
1174 1113 1228 1150 ὅτι,
1243 1115 1279 1147 ὡς
1294 1114 1377 1150 ἔοικε,
1389 1114 1434 1143 καὶ
1448 1115 1483 1147 ὡς
1500 1112 1637 1143 ἀποϐαίνει
1649 1112 1682 1140 τὰ
1697 1111 1862 1151 πράγματα,

1060 1171 1072 1184 ἰ
1096 1159 1142 1190 Εἷς
1156 1160 1239 1198 κρῖμα
1257 1154 1337 1195 ’ἦλθον
1352 1158 1415 1198 ἐγὼ,
1433 1173 1444 1185 ν
1461 1158 1519 1187 ἀντὶ
1541 1161 1606 1194 τοῦ,
1631 1158 1668 1190 εἷς
1694 1155 1805 1195 μείζονα
1820 1155 1864 1184 χό-

1059 1203 1135 1232 λασιν
1163 1203 1208 1232 καὶ
1224 1203 1398 1242 κατάκρισιν,
1420 1217 1432 1229 σι
1458 1202 1502 1232 ἵνα
1524 1204 1548 1232 οἱ
1570 1202 1609 1241 μὴ
1636 1200 1779 1241 βλέποντες
1800 1200 1863 1239 βλέ-

1059 1259 1143 1284 πωσι,
1160 1247 1205 1276 καὶ
1228 1249 1252 1277 οἱ
1269 1247 1424 1287 βλέποντες,
1440 1262 1452 1275 »
1482 1242 1531 1277 οἶοι
1549 1248 1572 1276 οἳ
1592 1248 1756 1286 Φαρισαῖοι,
1786 1259 1797 1270 ι
1817 1257 1863 1274 τυ-

1060 1292 1120 1332 φλοὶ
1135 1306 1147 1318 ιι
1162 1291 1220 1326 τοὺς
1235 1294 1281 1328 τῆς
1294 1294 1381 1332 ψυχῆς
1397 1291 1549 1333 ὀφθαλμοὺς
1565 1304 1576 1316 α
1593 1291 1733 1330 γένωνται.
1754 1303 1766 1315 ι
1792 1289 1863 1319 Ἰδοὺ

1060 1337 1111 1376 γὰρ
1126 1338 1140 1366 ὁ
1157 1336 1204 1375 μὲν
1228 1338 1258 1366 ἐκ
1282 1340 1389 1376 γενετῆς
1405 1337 1442 1376 μὴ
1469 1336 1574 1376 βλέπων
1593 1335 1696 1375 βλέπει,
1725 1335 1771 1364 xui.

1060 1381 1105 1410 xui
1127 1380 1244 1419 σώμασιν
1261 1383 1284 1410 οἳ
1309 1382 1335 1412 δὲ
1356 1383 1491 1415 δοκοῦντες
1516 1381 1642 1421 βλέπειν,
1669 1379 1863 1420 ἐτυφλώθησαν

1061 1425 1129 1455 κατὰ
1144 1429 1213 1455 νοῦν.
1243 1426 1296 1456 Δύο
1319 1426 1370 1467 γὰρ
1399 1426 1558 1466 ἀναϐλέψας
1590 1427 1703 1455 ἐνταῦθα
1726 1424 1803 1463 λέγει
1819 1425 1862 1454 xui

1061 1469 1106 1500 δύο
1121 1471 1297 1512 τυφλότητας.
1323 1473 1360 1502 Οἱ
1377 1472 1403 1501 δὲ
1420 1472 1484 1511 πρὸς
1499 1471 1533 1501 τὰ
1555 1470 1670 1505 αἷσῧητὰ
1687 1470 1727 1499 ἀεὶ
1743 1470 1863 1509 κεχηνό-

1062 1527 1103 1549 τες
1120 1517 1278 1555 Φαρισαῖοι,
1305 1517 1462 1554 νομίσαντες
1483 1516 1543 1556 περὶ
1558 1517 1685 1552 αἰσθητῆς
1709 1514 1799 1553 λέγειν
1818 1516 1863 1544 αὖε

1062 1562 1106 1590 τὸν
1119 1560 1281 1602 πηρώσεως,
1297 1574 1308 1588 α
1325 1561 1372 1597 Μὴ
1386 1562 1431 1590 καὶ
1442 1563 1528 1600 ἡμεῖς,
1540 1561 1618 1601 φασὶ,
1633 1559 1725 1600 τυφλοί
1741 1561 1842 1597 ἐσμενς
1854 1574 1864 1584 -

1062 1604 1160 1641 ταύτην
1189 1605 1269 1643 μόνην
1293 1605 1339 1640 τὴν
1362 1606 1518 1644 σωματικὴν
1548 1605 1733 1645 αἰσχυνόμενοι
1757 1604 1865 1644 τύφλωα

1063 1662 1116 1680 σιν.
1141 1649 1176 1679 Ὀ
1201 1650 1228 1679 δὲ
1256 1650 1366 1689 Κύριος,
1393 1651 1475 1684 δεῖξαι
1506 1651 1593 1683 αὐτοῖς
1619 1648 1792 1689 βουλόμενος,
1827 1649 1864 1678 ὅτι

1064 1694 1166 1734 βέλτιον
1194 1694 1307 1735 τυφλοὺς
1333 1689 1400 1724 εἶναι
1433 1695 1540 1731 σώματι
1576 1695 1622 1724 καὶ
1649 1693 1686 1732 μὴ
1719 1693 1862 1730 ἀπίστους,

1064 1738 1151 1778 φησίν·
1176 1753 1188 1766 α
1210 1741 1244 1769 Εἰ
1266 1739 1360 1780 τυρλοὶ
1378 1736 1425 1776 ἦτε
1452 1741 1498 1769 οὐχ.
1520 1739 1550 1768 ἂν
1574 1739 1659 1779 εἴχετε
1675 1738 1828 1778 ἁμαρτίαν,
1853 1752 1863 1765 ι

1065 1785 1096 1813 Εἰ
1111 1784 1162 1823 γὰρ
1189 1785 1249 1814 κατ’
1275 1785 1393 1823 ἀνάγκην
1418 1785 1447 1814 ἐκ
1472 1785 1573 1825 φύσεως
1590 1784 1777 1823 ἐπεπήρωσθε,
1809 1784 1863 1812 ἐδί-

1064 1829 1125 1858 δοτο
1157 1829 1188 1858 ἄν
1219 1841 1258 1863 τις
1281 1830 1427 1868 συγγνώμη
1457 1829 1583 1858 ἀπιστίαν
1614 1831 1731 1858 νοσοῦσι’
1760 1831 1812 1858 ν’ὖν
1837 1829 1861 1858 δὲ

1063 1873 1180 1912 λέγοντες
1198 1874 1317 1913 βλέπειν,
1335 1874 1380 1903 καὶ
1404 1874 1452 1912 μέν
1475 1885 1515 1903 τοι
1540 1874 1584 1903 xui
1609 1873 1737 1902 αὐτόπται
1756 1876 1806 1903 τοῦ
1824 1875 1863 1902 ἐπὶ

1063 1920 1101 1959 τῷ
1117 1920 1206 1958 τυφλῷ
1222 1919 1358 1957 γενόμενοι
1371 1919 1513 1956 θαύματος,
1535 1913 1592 1947 εἶτα
1608 1917 1733 1946 ἀπιστίαν
1756 1921 1865 1947 νοσοῦν-

1064 1975 1105 1996 τες
1124 1963 1184 2003 Ιἔτι,
1200 1965 1247 1992 οὐκ
1262 1963 1329 1996 ἄξιοί
1355 1965 1413 1992 ἐστε
1429 1962 1596 2002 συγγνώμης.
1639 1962 1675 1992 Ἦ
1691 1961 1742 2002 γὰρ
1770 1963 1866 2002 ἆμαρ-

1065 2007 1108 2037 τίκ
1153 2009 1226 2045 ὑμῶν
1281 2008 1464 2041 ἀνεξάλειπτος
1502 2009 1592 2045 μένει,
1640 2007 1685 2036 καὶ
1737 2008 1865 2045 μειζόνως

1064 2053 1276 2089 κολασθήσεσοε,
1303 2052 1348 2082 ἅτε
1378 2053 1415 2090 μὴ
1436 2053 1462 2087 ἐξ
1483 2049 1519 2082 ὧν
1542 2055 1621 2093 ὁρᾶτε
1647 2052 1808 2090 Θαυμασίων
1832 2054 1864 2086 εἷς

1065 2097 1156 2127 πίστιν
1178 2097 1328 2138 ἐρχόμενοι.
1347 2098 1427 2138 Τάχα
1444 2099 1467 2127 δ’
1491 2098 1522 2126 ἄν
1537 2110 1576 2131 τις
1596 2098 1642 2127 καὶ
1667 2097 1736 2126 οὕτω
1760 2097 1864 2134 νοήσειε

1065 2142 1105 2178 τὸ,
1134 2156 1146 2168 σι
1176 2144 1210 2173 Εἰ
1234 2142 1328 2180 τυφλοὶ
1352 2138 1411 2180 ἦτε,
1440 2144 1487 2172 οὐκ
1514 2142 1544 2171 ἂν
1572 2142 1657 2182 εἴχετε
1680 2142 1828 2181 ἁμαρτίαν·
1854 2157 1865 2169 ι

1066 2186 1160 2224 Ἱ“μεῖς
1184 2187 1232 2226 μὲν
1260 2187 1328 2227 γὰρ,
1356 2187 1439 2227 φησὶ,
1472 2187 1533 2227 περὶ
1562 2189 1719 2225 σωματικῆς
1746 2187 1865 2227 ἐρωτᾶτε

1065 2232 1238 2272 τυφλότητος,
1261 2234 1297 2266 ὡς
1320 2233 1401 2270 μόνην
1426 2232 1525 2268 ταύτην
1552 2232 1789 2271 ἐπαισχυνόμενοι·
1816 2233 1866 2272 ἐγὼ

1070 2276 1096 2306 δὲ
1121 2277 1182 2316 περὶ
1209 2279 1254 2312 τ’ἧς
1285 2279 1402 2317 ψυχικῆς
1428 2279 1503 2314 ὑμῶν
1529 2276 1599 2315 λέγω
1623 2276 1793 2317 τυελώσεως,
1829 2278 1866 2307 ὅτι

1069 2334 1080 2347 α
1104 2320 1148 2350 ἐὰν
1164 2318 1210 2357 ἦτε
1225 2323 1328 2362 τυφλοὶ,
1346 2335 1357 2348 ιι
1373 2322 1516 2358 τουτέστιν,
1534 2322 1644 2360 ἀμαθεῖς
1657 2323 1711 2350 τῶν
1737 2322 1864 2362 rga-silv,

1070 2379 1082 2391 ι
1103 2367 1150 2396 οὐκ
1167 2366 1196 2395 ἂν
1213 2366 1345 2406 ἁμαρτίαν
1361 2365 1446 2406 εἴχετε
1458 2380 1469 2391 ν
1483 2366 1660 2401 τηλικαύτην,
1676 2368 1710 2399 ὡς
1731 2367 1757 2394 ἔν
1772 2367 1865 2407 ἀγνοῖς

1069 2410 1275 2450 ἁμαρτάνοντες·
1301 2415 1344 2440 νῦν
1377 2411 1404 2439 δὲ
1438 2410 1544 2449 λέγετε,
1581 2411 1621 2439 ὅτι
1654 2410 1783 2450 βλέπετε,
1823 2414 1864 2440 xz't

1069 2455 1208 2495 φρονίμους
1241 2455 1350 2488 ἑαυτοὺς
1374 2455 1420 2484 καὶ
1447 2457 1605 2494 νομομαθεῖς
1635 2457 1766 2492 ποιεῖσθε,
1796 2456 1865 2486 ὥστε

1068 2501 1287 2540 αὖτοκατάκριτοί
1320 2501 1399 2538 ἐστε,
1432 2500 1476 2529 xui
1505 2501 1612 2539 μείζονα
1649 2500 1696 2536 τὴν
1727 2500 1865 2540 ἁμαρτίαν

1067 2545 1155 2585 ἔχετε,
1171 2548 1206 2579 ὡς
1221 2546 1248 2574 ἐν
1264 2545 1361 2585 γνώσει
1379 2545 1585 2585 ἁμαρτάνοντες.

1370 2618 1514 2648 ΚΕΦΑΛ,
1533 2616 1564 2646 l’.

1067 2676 1126 2708 Περί
1148 2679 1190 2700 τοῦ
1208 2676 1281 2699 καλοῦ
1299 2676 1426 2706 ποιμὲιος,
1444 2676 1484 2700 καὶ
1502 2677 1633 2707 μισῦωτοῡ.
1655 2675 1713 2706 Περὶ
1728 2677 1772 2700 τοῦ
1786 2675 1865 2705 Ἰησοῦ

1193 2712 1348 2743 ἐρωτηθέντος
1362 2712 1422 2743 ἐντῇ
1434 2714 1503 2743 στοᾷ,
1517 2712 1541 2736 ἐν
1549 2714 1583 2743 τῷ
1589 2714 1736 2742 περιπατεῖν.

1109 2785 1121 2797 α
1144 2769 1238 2808 Ἀμὴν,
1262 2769 1334 2809 ἆμὴν
1350 2770 1420 2809 λέγω
1443 2771 1515 2808 ὑμῖν,
1535 2771 1547 2798 ὁ
1567 2770 1604 2807 μὴ
1620 2769 1810 2810 εἰσερχόμενος
1827 2770 1865 2799 διὰ

1069 2818 1116 2852 τῆς
1136 2815 1215 2855 θύρας
1233 2817 1268 2849 εἷς
1287 2815 1335 2852 τὴν
1352 2814 1435 2851 αὐλὴν
1457 2816 1510 2845 τῶν
1524 2814 1676 2855 προϐάτων,
1703 2814 1776 2844 ἀλλὰ
1801 2817 1866 2844 ἄνα-
