1910 3077
69 173 100 198 65
465 167 661 196 ENARRATIO
681 167 713 195 IN
731 165 948 194 EVANGELIUM
966 164 1114 193 JOANNIS.
1134 178 1170 185 —
1188 165 1265 193 CAP.
1285 165 1316 192 X.
1678 167 1713 193 66

67 233 166 262 ϐαίνων
185 230 351 272 ἀλλαχόθεν,
372 232 467 264 ἐκεῖνος
485 231 600 267 κλέπτης
616 229 671 260 ἐστὶ
690 229 736 259 καὶ
750 231 821 270 λῃστπ

959 231 1047 265 :endit,
1074 232 1120 260 ille
1144 231 1189 259 fur
1211 235 1252 260 est
1275 235 1303 259 et
1328 231 1408 259 latro.
1433 231 1485 266 Qui
1511 236 1604 260 autem
1627 232 1713 260 intrat

68 277 101 308 Ὁ
123 277 150 306 δὲ
173 276 356 317 εἰσερχόμενος
373 276 415 305 διὰ
431 277 477 312 τῆς
501 275 592 315 θύραις,
615 275 715 314 ποιμήν
731 277 786 305 ἐστι
806 277 858 304 τῶν

67 322 218 362 προϐάτων.
245 321 341 361 Τούτῳ
367 323 380 349 ὁ
402 320 516 361 θυρωρὸς
536 321 647 360 ἀνοίγει,
672 320 718 349 καὶ
744 319 777 349 τὰ
794 320 859 360 πρό-

69 367 135 396 ϐατα
150 369 197 402 τῆς
219 368 305 406 φωνῆς
327 367 406 395 αὐτοῦ
421 365 527 395 ἀκούειθ
543 365 588 394 καὶ
608 365 642 395 τὰ
656 364 710 394 ἴδια
734 364 859 404 πρόϐατα

69 413 142 441 καλεῖ
173 411 232 440 κατ’
256 411 353 449 ὄνομα,
379 410 424 439 καὶ
448 410 533 448 ἐξάγει
559 409 638 440 αὐτοί.
668 409 720 439 Καὶ
739 409 801 438 ὅταν
827 409 859 438 τὰ

67 456 118 485 ἴδια
135 455 260 496 πρόϐατα
285 455 403 494 ἐκϐάλῃ,
426 455 572 494 ἔμπροσθεν
597 455 683 483 αὐτῶν
703 454 858 494 πορεύεται,

68 500 119 530 xai'
130 500 163 530 τὰ
176 499 301 540 πρόϐατα
319 501 391 540 αὖτῷ
408 500 561 535 ἀκολουθεῖ,
578 499 618 528 ὅτι
635 499 721 528 οἴδασι
737 498 785 534 τὴν
802 511 858 538 φω-

66 545 111 581 νὴν
125 546 214 574 αὐτοῦ.
231 544 372 585 Ἀλλοτρίῳ
395 544 421 573 δὲ
444 545 472 573 οὗ
487 544 524 582 μὴ
548 544 773 579 ἀκολουθήσωσιν,
791 543 860 573 ἀλλὰ

67 588 201 629 φεύξονται
218 590 265 618 ἀπ’
282 590 377 625 αὐτοῦ,
404 588 443 618 ὅτι
464 590 512 618 οὐκ
533 589 620 618 οἴδασι
639 591 690 618 τῶν
714 589 859 628 ἀλλοτρίων

67 634 112 671 τὴν
122 633 222 674 φωνήν,
240 648 251 660 υ
262 633 374 669 Ἐπειδὴ
388 633 512 662 ἀπιστίαν
523 634 610 666 αὐτοῖς
621 633 753 662 ὠνείδισεν
765 632 859 671 εἰπὼν,

67 679 103 708 ὅτι
118 679 222 719 Τυφλοὶ
237 678 317 712 ὅντως
337 679 396 708 ἐστὲ
417 677 486 708 κατὰ
507 679 613 718 ψυχὴν,
638 678 680 707 διὰ
700 680 779 708 τοῦτο
795 678 859 707 αὐτὸ

67 724 94 753 τὸ
103 725 148 758 τῆς
165 723 289 757 ἀπιστίας
307 723 388 756 πάθος
399 746 407 758 ,
425 722 468 751 ἵνα
484 722 522 761 μὴ
538 722 621 763 ἔχωσι
643 722 741 761 λέγειν,
759 721 800 751 ὅτι
817 723 858 752 Οὖ

66 768 106 797 διὰ
124 769 151 797 τὸ
170 764 239 798 εἶναι
258 767 364 808 τυφλοὶ,
388 768 448 796 ἀλλ’
466 769 501 801 ὡς
521 768 619 797 πλάνον
638 767 776 808 φεύγοντες
792 769 859 797 ἄπο-

67 812 245 852 στρεφόμεθα,
272 812 338 852 ὑπὲρ
356 812 448 841 τούτου
463 812 555 841 λοιπὸν
576 811 658 841 πολὺν
675 814 793 841 ποιεῖται
814 812 858 841 τὸν

66 857 153 896 λόγον·
171 857 217 886 καὶ
236 856 263 886 τί
284 861 371 896 ποιεῖ,
396 857 440 887 Τὰ
459 857 631 896 γνωρίσματα
657 857 743 893 τίθησι
762 858 809 886 τοῦ
830 868 859 886 τε

68 902 186 938 ἀληθινοῦ
212 902 357 941 ποιμένος,
383 901 428 930 καὶ
457 905 502 931 τοῦ
526 902 607 931 λύκου
640 901 685 931 καὶ
708 903 858 940 λυμεῶνος,

67 946 110 975 καὶ
130 946 211 980 οὕτως
228 946 321 976 ἑαυτὸν
338 946 509 976 ἀποδείκνυσι
523 949 571 982 τ’ἧς
590 949 689 986 ἀγαθῆς
711 946 775 976 ὄντα
793 946 856 984 μοί-

69 1002 126 1031 ρας,
145 991 197 1021 ἀπὸ
218 993 272 1020 τῶν
296 991 462 1031 πραγμάτιον
486 991 534 1026 τὴν
560 991 709 1031 μαρτυρίαν
729 991 858 1030 ποιούμε-

67 1047 117 1069 νος·
132 1035 176 1065 καὶ
197 1036 325 1076 πρότερον
349 1035 382 1065 τὰ
406 1035 638 1076 χαρακτηριστικὰ
658 1038 703 1065 τοῦ
724 1037 858 1074 λυμεῶνος

67 1080 174 1116 τίθησιν.
204 1081 324 1114 Ἐκεῖνος
353 1081 419 1120 γὰρ,
442 1081 537 1121 φησὶν,
567 1082 615 1110 οὐκ
639 1080 789 1120 εἰσέρχεται
815 1080 858 1109 διὰ

67 1127 110 1160 τῆς
122 1125 207 1166 θύρας,
222 1127 355 1161 τουτέστι,
374 1125 417 1154 διὰ
433 1127 484 1154 τῶν
498 1127 625 1166 Γραφῶν·
643 1125 672 1154 οὖ
689 1125 741 1165 γὰρ
758 1130 858 1165 χρᾶται

66 1175 120 1203 ταῖς
145 1171 265 1210 Γραφαῐς
288 1170 435 1210 μάρτυσιν,
467 1170 524 1200 οὐδὲ
549 1175 602 1202 τοῖς
624 1171 780 1210 προφήταις.

67 1214 117 1242 ὄντι
138 1215 187 1254 γὰρ
201 1214 267 1254 θύρα
290 1217 316 1244 αἱ
341 1215 463 1256 Γραφαί·
491 1215 522 1244 δι’
544 1216 630 1244 αὐτῶν
650 1215 700 1254 γὰρ
724 1216 857 1254 προσαγόη

69 1261 133 1297 μεθα
148 1261 185 1299 τῷ
207 1260 280 1300 Θεῷ.
302 1255 387 1289 Αἷται
403 1260 463 1294 τοὺς
478 1259 571 1292 λύκους
591 1261 638 1289 ούκ
652 1261 757 1299 ἀφιᾶσιν
773 1260 858 1288 εἰσελς

66 1306 131 1333 θεῖν·
154 1304 305 1345 ἀπείργουσι
328 1305 379 1344 γὰρ
401 1304 460 1337 τοὺς
485 1304 654 1344 αἱρετικοὺς,
679 1305 704 1333 ἐν
727 1304 858 1345 depulsio}

68 1351 138 1386 ἡμᾶς
156 1344 333 1386 καθιστῶσαι,
352 1349 397 1378 καὶ
423 1348 531 1387 γνώμας
552 1350 670 1378 διδοῦσαι
689 1349 748 1388 περὶ
773 1344 809 1377 ὧν
827 1348 858 1377 ἂν

69 1393 222 1432 βουλοίμεθα
236 1394 351 1423 πάντων.
374 1394 496 1429 Κλέπτης
514 1389 557 1422 οὖν
571 1395 584 1422 ὃ
601 1393 638 1432 μὴ
655 1393 697 1422 διὰ
715 1395 764 1422 τῶν
788 1394 858 1433 Γρα-

69 1439 118 1477 φῶν
145 1439 329 1478 εἰσερχόμενος
360 1439 396 1472 εἰς
424 1438 471 1474 τὴν
503 1438 586 1474 αὐλὴν
614 1440 666 1467 τῶν
696 1437 857 1476 προϐάτιον,

68 1480 133 1511 ὥστε
156 1485 324 1523 προνοεῖσθαι
351 1484 454 1519 αὖτῶν“,
475 1483 533 1512 ἀλλ’
559 1482 709 1513 ἀναϐαίνων
732 1483 856 1517 ἄλλοθεν,

68 1527 210 1564 τουτέστιν,
232 1528 323 1567 ἑτέραν
340 1529 426 1568 ἑαυτῷ
449 1528 508 1557 ὁδὸν
528 1528 629 1565 τέμνων
651 1528 696 1557 καὶ
720 1529 855 1563 ἀσυνήθη·

68 1569 153 1612 ὥσπερ
172 1575 186 1602 ὁ
204 1573 312 1606 Θευδᾶς
339 1573 384 1602 καὶ
405 1571 528 1611 Ἰούδας,
553 1571 578 1602 οἳ
601 1572 652 1612 πρὸ
673 1575 719 1602 τοῦ
741 1574 857 1611 Χριστοῦ

69 1617 246 1652 πλανήσαντες
269 1617 313 1646 τὸν
335 1617 414 1654 λαὸν,
436 1617 583 1657 διέφθειράν
603 1629 631 1646 τε
649 1617 692 1646 καὶ
714 1617 856 1657 διεφθάρη-

69 1671 126 1689 σαν-
145 1657 194 1694 οἶος
209 1661 286 1690 ἔσται
307 1662 352 1691 καὶ
371 1664 384 1691 ὁ
407 1662 500 1700 μιαρὸς
520 1662 710 1701 Ἀντίχριστος.
733 1664 773 1691 Οὐ
800 1662 854 1701 γὰρ

68 1707 94 1734 ἐκ
113 1708 162 1735 τῶν
177 1708 292 1748 Γραφῶν
309 1707 409 1740 τούτοις
430 1709 446 1742 ἡ
470 1707 612 1747 μαρτυρία.
641 1706 723 1736 Ἀλλὰ
739 1706 790 1746 γὰρ
811 1706 857 1736 καὶ

69 1749 122 1784 τοὺς
150 1753 323 1790 Γραμματεῐς
350 1751 507 1788 αἰνίττεται,
539 1751 564 1780 οἳ
591 1753 642 1780 τῶν
669 1751 716 1789 μὲν
742 1753 857 1788 νομικῶν

69 1795 235 1833 ἓνταλμάτων
265 1797 359 1826 οὐδένα
389 1796 465 1835 λόγον
498 1797 620 1833 ἐποίουν,
647 1796 801 1834 ἐντάλματα
830 1797 857 1826 δὲ

69 1839 204 1880 ἇινθρώπων
231 1841 279 1870 καὶ
297 1841 456 1880 παραδόσεις
482 1840 628 1870 ἐδίδασκον.
660 1841 805 1880 ΙΙροσφυῶς
830 1840 857 1869 δὲ

69 1878 122 1913 εἶπε
141 1885 185 1921 τὸ,
202 1899 214 1912 ι
241 1885 417 1924 Ἀναϐαίνων,
442 1899 454 1912 ο
479 1885 493 1914 ὃ
519 1885 635 1914 κλέπτου
655 1886 713 1914 ἐστὶ
736 1884 856 1924 φραγμὸν

69 1928 283 1969 ὓπερπηδῶντος,
309 1931 354 1959 καὶ
375 1930 462 1960 πάντα
491 1929 660 1963 ἐπικινδύνοις
684 1929 856 1969 πράττοντος.

69 1968 139 2006 Εἶδες
160 1974 192 2003 τὶ
207 1975 382 2014 γνωρίσματα
397 1978 443 2004 τοῦ
461 1977 576 2014 Marcii;
597 1973 672 2015 Ὅρα
695 1974 741 2004 καὶ
762 1974 793 2003 τὰ
812 1977 858 2004 τοῦ

68 2017 191 2056 ποιμένος,
211 2019 247 2049 ’0
273 2020 323 2059 γὰρ
347 2020 446 2058 ποιμὴν
465 2020 508 2049 διὰ
530 2021 582 2049 τῶν
605 2022 718 2060 Γραφὶῖιν
739 2019 856 2059 εἰσέρχε-

69 2074 126 2102 ται,
138 2063 182 2092 καὶ
196 2063 283 2104 τούτῳ
298 2066 312 2093 ὃ
333 2065 447 2105 θυρωρὸς
469 2065 576 2103 ἀνοίγει.
591 2065 719 2104 Θυρωρὸν
738 2065 765 2094 δὲ
780 2065 797 2100 ἢ
813 2065 857 2094 τὸν

70 2107 165 2137 Μωσέα
184 2120 228 2147 μοι
244 2109 296 2138 νόει
314 2105 404 2147 (οἶτος
424 2109 476 2150 γὰρ
491 2112 537 2138 τοῦ
559 2111 630 2140 Θεοῦ
654 2109 794 2146 ἐπιστεύθη
811 2110 856 2138 λό-

68 2163 125 2190 για·
140 2153 224 2188 ἤνοιξε
246 2154 272 2183 δὲ
288 2155 302 2182 ὁ
319 2155 420 2189 Μωσῆς
434 2156 472 2194 τῷ
485 2154 597 2194 Κυρίῳ,
616 2154 676 2194 περὶ
696 2155 775 2183 αὐτοῦ
790 2153 856 2183 πάν-

915 285 963 314 per
983 277 1097 312 ostium,
1119 281 1214 313 pastor
1235 280 1277 304 est
1295 276 1398 304 ovium.
1415 277 1487 304 Huic
1501 277 1632 304 ostiarius
1646 285 1713 313 ape—

913 323 958 356 rit,
983 326 1010 350 et
1034 330 1097 350 oves
1123 329 1218 349 vocem
1234 321 1292 356 ejus
1315 321 1438 348 audiunt.
1455 322 1491 348 Et
1507 322 1628 357 proprias
1649 330 1714 350 oves

914 371 993 395 vocat
1003 367 1180 400 nominatim,
1192 370 1218 394 et
1229 365 1319 393 educit
1331 373 1386 393 eas.
1399 367 1506 393 Etcum
1518 367 1641 401 proprias
1651 374 1714 394 oves

914 412 1046 445 emiserit,
1072 416 1134 440 ante
1146 420 1191 440 eas
1207 411 1290 444 radit,
1317 415 1345 439 et
1364 419 1428 438 oves
1450 411 1526 438 illum
1551 415 1714 446 sequuntur,

913 457 977 493 quia
992 461 1130 484 novemnt
1151 464 1246 484 vocem
1263 455 1331 491 ejus.
1348 456 1476 483 Alienum
1492 459 1585 483 autem
1599 463 1656 483 non
1671 464 1715 483 se-

914 506 1045 537 quentur,
1065 501 1112 529 sed
1127 499 1234 537 fugient
1249 500 1284 527 ab
1299 508 1342 533 eo,
1358 500 1421 536 quia
1445 508 1500 528 non
1515 504 1652 528 noverunt
1666 507 1715 528 vo-

913 554 974 574 cem
985 546 1147 574 alienorum.
1164 556 1177 571 »
1192 544 1278 581 644
1298 545 1447 581 Postquam
1463 545 1516 573 illis
1538 544 1715 573 incredulita-

913 594 970 618 tem
984 591 1095 627 objecit,
1111 591 1206 618 dicens
1225 599 1232 618 :
1250 593 1318 619 Vere
1330 591 1393 619 caeci
1409 590 1474 618 estis
1487 591 1640 618 secundum
1656 590 1717 617 ani-

913 643 991 662 mam
1007 639 1119 671 propter
1138 635 1338 664 incredulitatis
1359 635 1497 667 morbum,
1515 638 1546 662 ut
1559 643 1593 662 ne
1608 635 1716 670 possint

913 679 1004 707 dicere
1019 689 1025 706 :
1048 681 1111 707 Non
1124 687 1282 708 aversamur
1296 681 1372 716 quasi
1386 680 1461 713 caeci,
1475 679 1521 707 sed
1543 683 1572 706 ut
1587 679 1714 707 seducto-

913 732 972 751 rem
986 728 1013 751 te
1028 723 1161 760 fugimus,
1176 724 1210 752 de
1225 725 1276 753 hoc
1293 734 1364 753 nunc
1379 725 1443 753 facit
1458 724 1595 758 prolixum
1610 732 1713 752 sermo-

912 777 977 797 nem
995 778 1002 796 :
1026 772 1053 796 et
1072 769 1138 805 quid
1155 768 1241 797 facit?
1256 770 1359 798 Indicia
1375 769 1451 806 ponit
1467 769 1523 796 veri
1539 769 1665 805 pastoris,
1687 773 1715 796 et

913 813 968 849 lupi
994 817 1021 840 et
1045 814 1200 849 perniciosi,
1217 818 1244 842 et
1260 815 1299 842 sic
1314 815 1438 850 seipsum
1461 814 1582 842 ostendit
1597 822 1613 842 a
1638 817 1714 849 parte

913 857 1050 886 bonorum
1073 866 1143 891 esse,
1167 859 1357 887 testimonium
1378 859 1412 887 ab
1436 859 1564 895 operibus
1585 866 1711 886 sumens.

914 903 949 930 Et
970 903 1046 939 prius
1066 903 1165 931 indicia
1190 905 1267 940 ponit
1282 904 1436 940 perniciosi.
1452 905 1498 932 Ille
1513 904 1595 938 enim,
1612 903 1713 940 inquit,

913 955 970 976 non
986 948 1140 984 ingreditur
1158 957 1206 985 per
1226 949 1341 982 ostium,
1357 949 1411 977 hoc
1424 953 1466 977 est
1485 957 1533 985 per
1552 949 1713 984 Scripturas.

913 993 974 1020 Non
990 993 1062 1020 enim
1084 994 1172 1020 utitur
1192 994 1338 1030 Scripturis
1353 994 1478 1027 testibus,
1493 1002 1581 1029 neque
1595 993 1714 1029 prophe-

913 1037 957 1064 tis.
985 1038 1055 1065 Nam
1078 1038 1200 1073 profecto
1222 1039 1366 1074 Scriptura:
1387 1039 1491 1066 ostium
1506 1042 1570 1066 sunt
1585 1046 1632 1073 per
1646 1045 1714 1073 quas

913 1081 1078 1109 adducimur
1092 1082 1126 1110 ad
1143 1084 1247 1116 Deum;
1263 1083 1315 1111 illa:
1330 1083 1410 1119 lupos
1424 1091 1481 1111 non
1497 1083 1659 1119 permittunt
1671 1083 1713 1110 in-

913 1130 987 1154 trare
1002 1135 1009 1154 :
1027 1127 1172 1162 prohibent
1192 1128 1265 1156 enim
1281 1128 1434 1162 haereticos,
1458 1132 1488 1155 ut
1503 1136 1553 1155 nos
1573 1128 1660 1155 securi
1675 1127 1713 1155 si-

913 1179 975 1199 mus
991 1179 997 1198 :
1021 1176 1049 1200 et
1062 1172 1096 1200 de
1111 1173 1241 1200 omnibus
1256 1174 1389 1201 rationem
1405 1173 1483 1206 dant,
1499 1173 1534 1200 de
1549 1173 1648 1208 quibus
1663 1180 1714 1200 vo-

912 1215 1055 1245 luerimus.
1074 1218 1128 1245 Fur
1143 1217 1225 1253 igitur
1239 1222 1279 1245 est
1295 1219 1341 1255 qui
1364 1227 1419 1246 non
1436 1227 1484 1254 per
1497 1218 1650 1253 Scripturas
1669 1218 1713 1245 in-

913 1262 1038 1296 greditur
1061 1262 1088 1289 in
1115 1263 1255 1290 stabulum
1272 1264 1378 1297 ovium,
1404 1268 1436 1290 ut
1453 1263 1506 1290 illis
1535 1263 1680 1298 prospiciat
1705 1271 1710 1288 :

913 1305 962 1333 sed
983 1306 1106 1334 ascendit
1137 1307 1257 1341 aliunde,
1284 1307 1335 1335 hoc
1358 1312 1400 1335 est
1422 1307 1502 1335 aliam
1518 1307 1567 1334 sibi
1592 1307 1664 1335 viam
1687 1310 1715 1334 et

914 1350 1051 1378 insolitam
1065 1356 1153 1387 parat,
1177 1352 1413 1388 quemadmodum
1429 1351 1556 1380 Theudas
1575 1355 1602 1379 et
1616 1351 1712 1384 Judas,

914 1395 959 1430 qui
985 1403 1049 1423 cum
1072 1400 1134 1423 ante
1158 1396 1258 1424 Christi
1280 1401 1403 1432 tempora
1431 1396 1561 1432 populum
1585 1395 1712 1423 seduxis—

915 1444 985 1474 sent,
1011 1440 1101 1475 ipsum
1127 1440 1304 1476 perdiderunt
1328 1445 1356 1469 et
1379 1441 1460 1468 simul
1490 1441 1540 1477 ipsi
1564 1441 1712 1476 perierunt.

914 1484 986 1512 Talis
1010 1489 1038 1512 et
1053 1485 1240 1513 Antichristus
1263 1486 1323 1513 erit.
1347 1486 1408 1513 Non
1429 1486 1503 1513 enim
1517 1493 1552 1513 ex
1567 1485 1714 1521 Scripturis

912 1528 963 1557 illis
986 1530 1151 1557 testimonia.
1176 1531 1290 1566 Insuper
1311 1535 1338 1558 et
1352 1531 1461 1558 Scribas
1483 1534 1569 1558 notat.
1594 1531 1666 1558 Nam
1686 1530 1712 1558 hi

911 1574 1023 1610 quidem
1039 1574 1171 1603 mandata
1188 1575 1252 1611 legis
1265 1575 1487 1611 parvifuciebant,
1509 1575 1642 1603 mandata
1661 1583 1712 1602 au-

911 1623 969 1646 tem
994 1619 1139 1647 hominum
1163 1624 1190 1648 et
1214 1620 1377 1648 traditiones
1403 1620 1539 1648 docebant
1557 1620 1710 1656 diligenter.

912 1664 1044 1699 Apposite
1057 1669 1149 1692 autem
1162 1664 1229 1692 dicit
1245 1677 1257 1689 α
1275 1665 1327 1700 Qui
1341 1665 1473 1699 ascendit,
1490 1676 1500 1689 ι
1516 1665 1543 1692 id
1556 1665 1629 1701 quod
1646 1664 1713 1691 iuris

912 1713 954 1736 est
963 1717 1055 1744 sepem
1067 1709 1254 1743 transilientis,
1265 1714 1291 1737 et
1302 1710 1394 1737 omnia
1407 1718 1471 1738 cum
1484 1710 1605 1746 periculo
1616 1709 1713 1737 facien-

910 1753 956 1780 tis.
972 1754 1068 1781 Vidisti
1081 1754 1180 1782 indicia
1195 1755 1328 1782 latronis?
1339 1755 1410 1783 Vide
1425 1759 1453 1782 et
1465 1763 1527 1791 qua:
1542 1755 1599 1782 sint
1614 1759 1711 1790 pasto-

912 1797 958 1825 ris.
985 1799 1082 1826 Pastor
1106 1799 1179 1826 enim
1209 1807 1257 1835 per
1277 1800 1433 1835 Scripturas
1447 1800 1609 1835 ingreditur,
1636 1804 1663 1826 et
1687 1800 1713 1827 ei

912 1842 1041 1870 ostiarius
1055 1843 1150 1878 aperit.
1172 1843 1323 1871 Ostiarium
1337 1848 1429 1871 autem
1444 1845 1484 1871 vel
1507 1845 1602 1871 Mosen
1616 1843 1713 1871 intelli~

912 1895 955 1922 ge,
980 1887 1024 1914 cui
1048 1887 1138 1915 divina
1163 1887 1278 1923 Eloquia
1301 1888 1458 1916 concredita
1473 1887 1594 1915 fuerunt.
1618 1889 1713 1923 Aperit

913 1936 1006 1959 autem
1022 1933 1112 1960 Moses
1132 1932 1262 1966 Domino,
1276 1933 1309 1960 de
1325 1933 1383 1968 ipso
1397 1933 1512 1960 omnino
1524 1932 1624 1966 dicens,
1640 1933 1713 1960 sicut

913 1980 940 2004 et
955 1976 1093 2004 Dominus
1107 1976 1164 2012 ipse
1177 1975 1246 2004 dicit
1259 1986 1264 2004 :
1282 1988 1294 2001 α
1309 1977 1338 2005 Si
1351 1977 1496 2005 crederetis
1515 1977 1598 2010 Mosi,
1616 1977 1712 2005 crede-

911 2021 977 2049 retis
992 2021 1087 2057 utique
1106 2021 1174 2050 mihi
1189 2021 1224 2050 55.
1248 2034 1261 2047 ο
1278 2022 1327 2050 Vel
1348 2022 1466 2058 Spiritus
1488 2026 1597 2049 sanctus
1611 2026 1652 2050 est
1663 2030 1713 2050 05--

912 2065 1017 2094 tiarius.
1034 2067 1105 2094 Nam
1119 2066 1180 2102 quia
1202 2067 1229 2094 in
1255 2067 1358 2102 Spiritu
1373 2071 1467 2094 sancto
1483 2066 1670 2102 intelliguntur
1685 2070 1713 2094 et

913 2111 1073 2146 aperiuntur
1082 2111 1229 2147 Scriptura:
1242 2119 1303 2148 qua:
1313 2111 1462 2140 ostendunt
1471 2112 1550 2139 nobis
1560 2111 1712 2144 Christum,

914 2156 1014 2183 merito
1028 2156 1157 2183 ostiarius
1172 2156 1272 2184 dicitur
1291 2157 1408 2192 Spiritus
1421 2161 1541 2190 sanctus,
1561 2156 1587 2183 in
1603 2164 1657 2192 quo
1682 2160 1714 2184 ut

70 2207 116 2230 τως
129 2198 208 2227 εἰπὼν
233 2199 310 2239 (30],
329 2200 362 2232 ὡς
383 2199 428 2228 καὶ
448 2201 462 2228 ὁ
487 2200 581 2238 Κύριος
605 2199 682 2233 αὐτός
703 2211 796 2239 φησιν,
819 2202 824 2228 ἰ

953 2201 1017 2229 iritu
1039 2201 1179 2237 sapientia:
1199 2205 1227 2229 et
1239 2201 1359 2229 scientiae
1371 2202 1521 2237 Scriptura:
1538 2201 1707 2237 aperiuntur,

70 2254 81 2266 ι
98 2242 128 2271 Εἰ
143 2243 290 2273 ἐπιστεύετε
307 2245 394 2283 Μωσῇ
407 2267 414 2280 ,
429 2244 578 2273 ἐπιστεύετε
595 2244 626 2273 ἂν
646 2244 704 2281 ἐμοί
721 2246 761 2281 »)’
779 2243 796 2279 ἢ
812 2244 856 2273 καὶ

70 2286 97 2315 τὸ
118 2289 226 2326 Πνεῦμα
249 2288 279 2317 τὸ
303 2288 378 2327 ἅγιόν
401 2291 469 2318 ἐστιν
493 2290 507 2318 ὁ
521 2289 645 2328 θυρωρός.
662 2289 739 2318 Ἐπεὶ
760 2289 811 2328 γὰρ
831 2290 856 2318 ἐν

72 2331 203 2369 Πνεύματι
219 2333 286 2373 ἁγίῳ
309 2333 448 2371 νοούμεναι
470 2334 516 2363 καὶ
540 2334 709 2373 ἀνοιγόμεναι
733 2335 760 2362 αἱ
786 2335 856 2374 Γρα-

71 2375 126 2414 φαὶ,
140 2377 299 2407 δεικνύουσιν
317 2378 380 2416 ἡμῖν
396 2379 438 2408 τὸν
461 2378 594 2418 Χριστὸν,
616 2379 723 2412 εἰκότως
744 2378 857 2418 θυρωρὸς

69 2419 96 2448 τὸ
112 2422 222 2460 Πνεῦμα
244 2423 272 2452 τὸ
288 2423 362 2462 ἅγιον
373 2444 381 2459 ,
407 2424 432 2453 ἐν
454 2419 476 2464 ᾧ
497 2425 531 2457 ὡς
548 2423 687 2462 ΙΙνεύματι
704 2423 797 2464 σοφίας
812 2424 857 2453 καὶ

68 2464 179 2503 γνώσεως
192 2468 219 2496 αἱ
239 2467 344 2508 Γραφαὶ
368 2463 557 2507 διανοῖγοντιι,
583 2469 618 2497 δι’
641 2463 678 2498 ὧν
705 2469 855 2508 εἰσέρχεται

70 2510 82 2537 ὃ
104 2511 195 2550 Κύριος
211 2512 246 2546 εἷς
260 2511 306 2548 τὴν
329 2514 407 2551 ἡμῶν
422 2513 582 2551 κηδεμονίαν
593 2534 601 2549 ,
617 2513 664 2542 καὶ
685 2513 719 2542 δι’
733 2509 769 2542 ὧν
788 2516 854 2543 ἀπο-

103 2581 124 2598 "
138 2583 216 2611 Joau.
233 2591 264 2618 ν,
282 2586 326 2612 46.
378 2583 400 2601 ⁸⁷
413 2586 492 2613 Joan.
510 2593 568 2620 vu,
583 2589 608 2614 4.

913 2254 961 2282 per
983 2253 1050 2281 quas
1071 2246 1222 2282 ingreditur
1244 2246 1383 2274 Dominus
1407 2247 1441 2274 ad
1456 2247 1544 2274 nostri
1560 2254 1667 2280 curam,
1684 2250 1712 2274 et

912 2298 960 2326 per
975 2298 1043 2327 quas
1058 2291 1215 2318 ostenditur
1229 2296 1332 2327 pastor.
1348 2292 1450 2319 Vocem
1472 2296 1564 2319 autem
1589 2291 1648 2327 ejus
1663 2299 1711 2326 pa-

912 2335 994 2363 storis
1016 2335 1133 2363 audiunt
1156 2344 1230 2364 oves.
1247 2337 1317 2363 Nam
1333 2336 1394 2371 quia
1416 2336 1451 2363 illi
1465 2344 1537 2372 saepe
1560 2344 1623 2363 eum
1638 2335 1714 2364 dice-

911 2380 978 2408 bant
991 2380 1176 2416 deceptorem,
1198 2385 1225 2408 et
1241 2381 1293 2408 hoc
1314 2389 1346 2408 ex
1360 2389 1408 2409 sua
1425 2381 1547 2417 ipsorum
1563 2380 1713 2408 increduli~

910 2429 968 2453 tate
983 2426 1194 2460 confirmabant,
1209 2425 1331 2454 dicentes
1347 2435 1354 2452 :
1369 2437 1382 2450 ‹‹
1396 2428 1469 2454 Num
1482 2427 1544 2462 quis
1557 2426 1712 2462 principum

910 2473 1025 2502 credidit
1047 2474 1074 2502 in
1097 2475 1175 2502 illum
1194 2474 1233 2502 57?
1264 2474 1387 2503 ostendit
1412 2474 1538 2502 Christus
1565 2475 1638 2510 quod
1658 2483 1714 2502 non

910 2523 1033 2555 oporteat
1057 2519 1151 2548 haberi
1174 2528 1203 2548 se
1229 2528 1278 2556 pro
1292 2520 1426 2549 damnoso
1454 2528 1486 2548 eo
1510 2520 1584 2556 quod
1599 2520 1636 2548 illi
1658 2527 1714 2546 non

579 2658 622 2688 Ex
638 2657 798 2689 collatione
813 2657 903 2690 codd.
921 2658 1028 2690 Venet.
1046 2659 1078 2691 S.
1094 2660 1198 2692 Marci.

115 2721 331 2760 (30)_C0d5731,
357 2724 418 2760 Περὶ
441 2724 516 2751 αὺτοῦ
542 2725 640 2756 πάντως
667 2724 751 2752 εἰπών·
786 2725 859 2760 Προι

71 2755 163 2796 φῇτηνγ
179 2758 250 2796 ὒλμῖν
271 2755 446 2794 ἀναστήσει
469 2761 574 2796 Κύριος
593 2761 606 2788 ὁ
630 2755 722 2794 Θεὸς,
740 2761 777 2792 ὡς
799 2755 860 2796 ἐμέ*

71 2791 159 2819 αὺτοῦ
187 2791 364 2823 ἀκούσεσθε
386 2791 470 2823 κατὰ
496 2791 609 2824 π’άντα.
635 2797 667 2823 Ὃ
692 2791 781 2824 καὶὸ
806 2791 860 2823 Κύ-

71 2835 146 2861 ριος,
160 2839 183 2857 κ.
201 2839 224 2857 τ.
238 2831 264 2860 λ.
281 2842 292 2857 ι
309 2833 350 2861 De
366 2832 425 2869 ipso
440 2832 555 2861 omnino
570 2833 665 2862 dicens
681 2843 687 2861 ι
703 2834 863 2869 Prop/letam

915 2727 989 2754 vobis
1003 2728 1148 2755 suscitabit
1167 2729 1296 2755 Dominus
1311 2729 1391 2761 Deus,
1407 2730 1536 2762 tanquam
1551 2734 1607 2762 me;
1623 2726 1711 2762 ipsum

916 2763 1036 2790 audietis
1046 2763 1134 2798 juxta.
1151 2766 1243 2792 omnia
1259 2765 1329 2797 (Act.
1346 2771 1393 2797 ιιι⁷
1411 2760 1468 2796 22)ῖ
1480 2761 1559 2796 Quod
1573 2765 1601 2790 et
1615 2760 1713 2788 Domi-

917 2807 980 2833 nus,
999 2811 1010 2823 ιι
1027 2803 1081 2827 etc.
