1910 3077
199 145 232 172 67
707 149 964 178 THEOPHYLACTI
984 148 1164 177 BULGARLE
1181 148 1338 177 ARCHIEP.
1823 147 1860 173 68

196 207 319 241 credant,
332 207 380 235 sed
395 207 469 244 ipsos
479 208 646 245 abjiciendos
659 217 718 238 esse
732 219 764 239 ex
779 212 872 240 ovium
887 220 989 248 genere.

1086 212 1186 242 ίκνυται
1201 211 1313 250 ποιμήν.
1338 209 1394 241 Καὶ
1416 210 1465 246 τὴν
1486 209 1575 250 φωνὴν
1600 208 1628 238 δὲ
1654 210 1701 238 τοῦ
1725 207 1860 246 ποιμένος

196 252 266 280 Nam
285 251 308 279 si
323 259 375 288 ego
391 252 514 288 quidem,
530 254 628 289 inquit,
644 263 692 291 per
714 256 825 292 januam
850 257 996 293 ingredior,

195 296 373 324 manifestum
390 298 465 333 quod
481 306 542 326 vere
557 307 619 327 sum
641 305 748 336 pastor;
776 310 823 329 vos
839 307 931 330 autem
949 302 995 338 qui

195 349 251 369 non
260 341 345 370 secuti
359 342 434 378 estis,
448 342 574 371 videmini
585 352 640 372 non
653 353 712 374 esse
724 354 796 375 oves.
808 347 889 375 Unde
902 351 995 374 autem

195 386 288 415 educit
316 395 381 415 oves
413 388 546 424 proprias,
572 389 622 417 nisi
646 398 679 418 ex
715 391 808 419 medio
832 391 994 426 inﬁdelium,

196 432 267 460 sicut
289 436 318 460 et
340 440 442 460 caecum
463 433 496 461 de
518 434 611 462 medio
626 435 789 465 Judmorum
813 441 840 464 et
854 437 898 472 qui
913 437 995 464 audi-

196 478 235 505 vit
249 486 321 510 eum,
333 484 361 508 et
371 479 482 515 agnovit
494 480 577 506 eum?
595 481 628 507 Et
641 484 705 508 ante
715 489 779 509 oves
789 490 897 517 quoque
909 482 992 516 vadit,

197 526 324 560 quamvis
337 532 414 553 secus
427 524 510 562 645
531 524 567 551 sit
601 532 663 552 cum
684 527 872 562 corporalibus
887 527 994 561 ovibus,

197 574 260 606 post
273 570 330 598 illas
345 570 420 598 enim
441 568 547 596 vadunt
569 573 702 604 pastores.
718 570 771 598 Sed
785 571 839 599 isto
864 571 924 599 loco
946 579 993 599 os-

196 615 287 644 tendit
301 615 377 652 quod
394 622 490 642 omnes
504 613 585 641 ducet
599 613 633 642 ad
648 615 789 644 veritatem
807 625 814 644 ε
830 617 894 652 quia
909 616 992 644 disci-

194 660 274 696 pulos
287 660 363 696 quasi
376 666 449 696 ioves
473 658 502 686 in
532 658 653 686 medium
669 659 797 696 luporum
820 661 907 689 mittit
930 661 993 689 :sic

192 705 277 741 igitur
298 712 369 733 nova
392 707 434 732 est
454 703 599 740 pastoralis
613 711 677 732 cura
697 705 810 733 Christi.
833 717 846 730 «ί
861 706 992 734 Alienum

194 754 288 778 autem
308 757 364 778 non
387 752 549 785 sequentur;
566 756 623 776 non
644 749 716 778 enim
742 755 913 787 cognoscunt
927 751 992 779 alie-

193 802 298 823 norum
320 802 427 822 vocem.
450 805 463 818 ι
481 795 584 820 lterum
600 793 652 821 hoc
672 794 733 822 loco
745 795 889 823 Thcudam
904 800 931 823 et
945 797 993 824 Ju-

194 839 260 867 dam
274 843 361 873 notat,
377 846 447 875 quos
461 846 519 866 non
533 841 633 866 secutae
647 844 711 867 sunt
723 847 796 868 ores.
812 841 883 868 Nam
894 848 993 875 paucos

194 883 331 921 quosdam
345 884 469 912 suffurati
489 887 553 911 sunt
567 893 575 918 ;
592 887 620 910 et
635 883 661 911 hi
675 889 737 920 post
750 889 870 912 mortem
884 885 995 913 illorum

195 929 388 958 discesserunt.
406 929 545 958 Christum
556 934 651 958 autem
664 930 801 957 viventem
814 934 842 958 et
851 934 995 958 mortuum

194 974 315 1002 maxime
336 978 409 1002 totus
423 974 544 1003 mundus
566 979 608 1003 est
621 978 744 1002 secutus.
760 976 844 1002 Notat
858 979 951 1003 autem
967 979 994 1003 et

193 1019 405 1048 Antichristum.
429 1019 481 1047 Hic
504 1019 579 1048 enim
593 1027 658 1048 cum
679 1019 816 1047 seduxerit
829 1019 863 1048 ad
877 1027 992 1056 parvum

192 1068 311 1100 tempus,
326 1072 383 1092 non
400 1064 512 1093 habebit
533 1073 582 1093 eos
596 1065 642 1101 qui
657 1069 818 1100 sequantur,
837 1069 899 1101 post
913 1073 993 1093 suam

193 1109 384 1145 perditionem.
411 1111 482 1138 Nam
506 1109 578 1138 istud
602 1119 615 1136 ι(
637 1117 693 1137 non
715 1114 873 1145 sequentur,
901 1122 913 1135 ιο
942 1110 993 1138 hoc

193 1154 361 1189 manifestat,
391 1154 456 1191 quia
479 1158 542 1190 post
576 1159 695 1182 mortem
717 1155 906 1183 seducentium
939 1163 993 1183 non

193 1199 244 1227 erit
266 1199 312 1236 qui
333 1199 458 1227 attendat
472 1199 512 1227 vel
527 1204 667 1236 sequatur.
684 1200 772 1227 Janua
787 1200 901 1236 quidem
921 1200 992 1228 Scri-

193 1248 272 1280 ptura
293 1248 343 1272 est.
365 1243 464 1272 Educit
485 1248 578 1272 autem
604 1244 638 1272 ad
660 1252 761 1280 pasoua
778 1245 916 1272 Dominus
931 1253 994 1272 oves

193 1297 240 1325 per
257 1289 370 1325 januam
392 1288 469 1317 hanc.
497 1289 571 1325 Quid
595 1293 689 1317 autem
704 1289 853 1325 pabulum?
879 1289 927 1317 Vel
953 1289 994 1316 fu-

193 1338 263 1362 turae
281 1334 399 1368 deliciae,
422 1333 463 1361 vel
487 1333 595 1370 requies
616 1334 643 1362 in
665 1341 749 1370 quam
769 1342 820 1362 nos
843 1334 995 1363 introducit

193 1379 340 1406 Dominus.
363 1378 495 1413 Quamvis
517 1382 611 1406 autem
626 1383 653 1406 et
671 1379 725 1406 alio
740 1379 800 1406 loco
815 1379 935 1414 seipsum
952 1387 995 1407 os-

192 1423 264 1452 tium
279 1424 415 1457 nominat,
430 1431 486 1450 non
501 1427 542 1451 est
554 1423 722 1451 mirandum.
735 1423 804 1450 Cum
817 1423 891 1451 enim
901 1431 994 1452 curam

192 1476 271 1497 suam
286 1469 344 1496 vult
362 1468 556 1496 demonstrare
575 1476 637 1504 erga
653 1476 712 1503 nos,
739 1472 877 1503 pastorem
899 1476 928 1496 se
943 1477 992 1497 no-

1053 257 1143 287 ἀκούει
1157 256 1191 286 τὰ
1207 256 1339 297 πρόϐατα.
1358 254 1438 285 Ἐπεὶ
1456 254 1507 295 γὰρ
1522 255 1615 284 ἐκεῖνοι
1633 253 1689 283 ἄνω
1711 253 1757 283 καὶ
1775 253 1858 282 κάτω

1054 302 1144 341 ἔλεγον
1164 301 1241 331 αὐτὸν
1269 303 1428 337 ἀπατεῶνα,
1455 301 1501 329 καὶ
1526 301 1603 328 τοῦτο
1623 300 1654 328 ἐκ
1675 302 1722 335 τῆς
1747 300 1857 327 ἑαυτῶν

1051 347 1176 380 ἀπιστίας
1199 346 1337 376 ἐϐεϐαίουν
1362 346 1494 385 λέγοντες’
1520 358 1532 372 σι
1565 344 1612 380 Μὴ
1639 345 1692 372 τῶν
1712 343 1856 383 ἀρχόντων

1050 404 1088 426 τις
1101 392 1253 422 ἐπίστευσεν
1275 393 1311 425 εἷς
1333 391 1424 427 αὖτόν;
1448 404 1459 416 ιο
1484 389 1613 419 δείκνυσιν
1635 390 1649 418 6
1676 389 1792 428 Κύριος,
1812 388 1858 418 ὅτι

1050 439 1097 466 οὐκ
1117 437 1195 466 αὐτὸν
1216 437 1268 476 χρὴ
1289 436 1402 474 νομίζειν
1418 436 1559 473 λυμεῶνα,
1585 433 1651 463 διότι
1673 435 1768 463 ἐκεῖνοι
1785 435 1857 463 ἀπι-

1050 484 1172 518 στοῦσιν,
1197 482 1256 510 ἄλλ’
1273 480 1366 514 αὐτοὺς
1390 480 1553 516 ἐκϐληθῆναι
1571 482 1618 515 τῆς
1633 480 1686 508 τῶν
1704 478 1856 518 προϐάτων

1049 526 1156 560 τάξεως.
1175 525 1248 564 Ἐγὼ
1267 526 1315 564 μὲν
1341 525 1409 565 γὰρ,
1436 524 1517 565 φησὶ,
1535 523 1579 553 διὰ
1594 526 1642 560 τῆς
1667 523 1747 564 θύρας
1763 524 1855 563 εἰσερ-

1047 571 1178 612 χόμενος,
1203 571 1352 611 πρόδηλον,
1373 572 1408 603 ὡς
1431 571 1535 605 ἀληθῶς
1559 570 1615 607 εἶμι
1629 568 1748 612 ποιμήν·
1771 569 1854 607 ὗμεῐς

1049 609 1122 646 disci
1139 609 1176 654 μὴ
1192 609 1431 651 ἀκολουθήσαντες,
1451 614 1555 644 ἐοίκατε
1572 613 1609 653 μὴ
1628 609 1696 643 εἶναι
1710 612 1852 653 πρόϐατα.

1049 662 1134 691 Πόθεν
1155 660 1182 690 δὲ
1197 660 1284 700 ἐξάγει
1305 660 1338 690 τὰ
1357 659 1411 689 ἴδια
1433 658 1572 699 πρόϐατα,
1593 658 1610 694 ἢ
1633 659 1664 688 ἐκ
1683 658 1765 698 μέσου
1795 660 1854 688 τῶν

1048 704 1297 746 ἀπίστωνίξῶσπερ
1312 705 1357 734 καὶ
1377 705 1422 734 τὸν
1445 704 1542 744 τυφλὸν
1559 705 1588 733 ἐκ
1607 703 1688 741 μέσου
1710 705 1762 733 τῶν
1782 703 1856 734 Ἰου-

1049 751 1128 780 δαίων
1138 773 1146 787 ,
1163 750 1188 784 ὃς
1204 750 1249 780 καὶ
1264 750 1375 785 ἤκουσεν
1387 750 1482 786 αὐτοῦ,
1498 748 1544 778 καὶ
1559 749 1661 788 ἐπέγνω
1677 748 1773 785 αὖτόν;
1793 749 1853 778 Καὶ

1048 795 1198 836 ἔμπροσθεν
1216 795 1244 824 δὲ
1263 796 1316 824 τῶν
1340 793 1482 834 προϐάτων
1502 793 1660 833 πορεύεται,
1682 793 1769 823 καίτοι
1786 794 1851 822 τοῦ-

1048 840 1149 869 ναντίον
1164 840 1208 870 ἐπὶ
1230 842 1283 869 τῶν
1303 840 1462 878 σωματικῶν
1486 839 1619 876 ποιμένων
1639 838 1754 877 γίνεται·
1781 838 1850 867 ὄπι-

1051 889 1109 915 σθεν
1130 885 1182 925 γὰρ
1205 883 1370 925 πορεύονται.
1397 883 1468 914 Ἀλλ’
1493 884 1604 913 ἐνταῦθα
1628 883 1778 919 δείκνυσιν,
1809 883 1852 912 ὅτι

1049 931 1150 964 πάντας
1165 931 1292 969 ὁδηγήσει
1304 930 1368 969 πρὸς
1378 927 1424 964 τὴν
1434 928 1572 967 ἀλήθειαν,
1584 927 1642 957 ἐπεὶ
1658 928 1705 958 καὶ
1717 927 1779 961 τοὺς
1792 940 1852 967 μα-

1050 975 1130 1012 θητὰς
1156 977 1192 1008 ὡς
1214 974 1337 1015 πρόϐατα
1360 975 1385 1003 ἐν
1415 973 1489 1014 μέσῳ
1512 973 1600 1003 λύκων
1625 972 1741 1011 πέμπει·
1762 972 1853 1007 οὕτως

1049 1020 1100 1059 ἄρα
1122 1019 1262 1059 καινοτέρα
1277 1021 1294 1055 ἡ
1320 1020 1366 1047 τοῦ
1390 1019 1510 1058 Χριστοῦ
1524 1017 1701 1056 ποιμαντική.
1728 1032 1741 1044 κ
1757 1017 1854 1048 Ἀλλο-

1047 1064 1112 1105 τρίῳ
1139 1064 1166 1094 δὲ
1185 1065 1214 1094 οὖ
1238 1064 1275 1102 μὴ
1301 1063 1533 1102 ἄκολουθήσωσιν,
1557 1065 1585 1092 οὗ
1608 1063 1661 1103 γὰρ
1684 1063 1772 1092 οἴδασι
1796 1064 1852 1092 τῶν

1049 1109 1196 1149 ἀλλοτρίων
1221 1109 1269 1144 τὴν
1286 1108 1386 1149 φωνήν.
1404 1122 1416 1134 ι
1441 1109 1585 1138 Κάνταῦθα
1606 1108 1640 1149 δὲ,
1655 1107 1761 1142 πάντως
1785 1107 1848 1142 τοὺς

1048 1154 1109 1193 περὶ
1124 1147 1228 1184 Θευδᾶν
1244 1147 1296 1183 καί
1306 1153 1409 1184 Ἰούδαν
1428 1152 1588 1190 αἰνίττεται,
1612 1147 1649 1186 οἶς
1664 1153 1712 1182 οὐκ
1733 1152 1852 1188 ἠκολούο

1049 1202 1132 1236 θησαν
1157 1199 1190 1228 τὰ
1205 1198 1336 1239 πρόϐατα.
1355 1198 1460 1237 Ὀλίγοι
1475 1198 1526 1237 γάρ
1543 1209 1610 1231 τινες
1627 1197 1849 1235 ὕποκλαπέντες,

1049 1244 1093 1273 καὶ
1115 1239 1185 1274 οἷτοι
1210 1243 1279 1282 μετὰ
1294 1243 1406 1272 θάνατον
1429 1243 1515 1271 αὐτῶν
1537 1242 1712 1278 ἀπέστησαν·
1737 1243 1852 1282 Χριστῷ

1049 1288 1094 1325 δὲ,
1118 1289 1163 1318 καὶ
1179 1291 1257 1323 ζῶντι
1271 1288 1317 1318 καὶ
1338 1287 1526 1323 τελευτήσαντι
1551 1288 1669 1326 μάλιστα
1682 1311 1690 1325 ,
1710 1289 1725 1317 6
1747 1287 1852 1326 κόσμος

1048 1334 1106 1367 ὅλος
1132 1335 1219 1364 ὀπίσω
1242 1334 1356 1368 ἀπῆλθεν
1379 1335 1469 1362 αὐτοῦ.
1496 1333 1645 1362 Ᾱῖνίττεται
1674 1332 1702 1362 δὲ
1727 1333 1775 1362 καὶ
1804 1333 1850 1362 τὸν

1049 1378 1242 1418 Ἀντίχριστον·
1265 1379 1309 1407 καὶ
1326 1377 1401 1411 αὐτὸς
1422 1377 1474 1417 γὰρ
1492 1377 1558 1417 πρὸς
1577 1378 1667 1416 ὀλίγον
1687 1377 1848 1414 πλανήσας,

1049 1424 1098 1463 οὐχ
1113 1423 1164 1458 ἕξει
1182 1423 1241 1456 τοὺς
1263 1422 1495 1458 ἀκολουθήσαντας
1510 1423 1578 1461 μετὰ
1598 1422 1646 1458 τὴν
1673 1424 1754 1451 αὑτοῦ
1771 1422 1851 1452 ἀπώ-

1048 1469 1132 1499 λειαν.
1148 1468 1189 1498 Τὸ
1208 1467 1259 1508 γὰρ
1281 1481 1292 1494 ι
1305 1469 1346 1497 Οὐ
1360 1468 1397 1506 μὴ
1415 1467 1624 1504 ἀκολουθήσωσι,
1641 1480 1653 1493 ιο
1668 1470 1746 1497 τοῦτο
1761 1468 1852 1505 δηλοῖ,

192 1513 280 1542 minat
300 1523 306 1541 :
321 1513 432 1550 quando
445 1517 539 1541 autem
554 1512 698 1540 ostendere
720 1512 778 1540 vult
789 1513 863 1548 quod
879 1513 936 1549 ipse
957 1514 989 1541 sit

1086 1538 1087 1541 η
1109 1513 1177 1553 μετὰ
1197 1514 1246 1549 τὴν
1269 1512 1394 1547 τελευτὴν
1418 1514 1471 1541 τῶν
1494 1512 1674 1550 πλανώντων,
1701 1512 1748 1541 οὐκ
1772 1511 1852 1555 ἔσται

191 1558 236 1586 ille
250 1558 295 1594 qui
309 1558 392 1586 ducat
405 1557 438 1585 ad
450 1559 570 1590 Patrem,
583 1562 648 1585 tunc
659 1557 772 1592 januam
786 1565 815 1585 se
828 1557 893 1585 dicit
908 1567 915 1586 :
929 1559 992 1594 quia

191 1603 250 1639 ipse
260 1603 341 1638 juxta
355 1602 442 1630 alium
456 1606 483 1629 et
493 1602 578 1629 alium
591 1609 702 1629 sensum
717 1602 776 1629 ovis
796 1606 837 1630 est
852 1607 879 1630 et
891 1607 992 1638 pastor.

190 1649 307 1683 Insuper
329 1647 351 1675 si
371 1646 484 1682 quidem
504 1654 646 1675 sermones
663 1647 818 1674 divinarum
842 1648 992 1683 Scriptura-

191 1700 254 1720 rum
269 1696 333 1719 sunt
345 1692 457 1723 ostium,
472 1695 500 1719 et
513 1692 650 1719 Dominus
665 1691 721 1727 ipse
737 1700 797 1719 esse
814 1691 915 1720 dicitur
929 1694 993 1721 Ver-

192 1736 272 1772 bum,
290 1736 392 1764 merito
408 1741 521 1764 vocatur
534 1740 561 1764 et
576 1736 687 1764 ostium.

1047 1571 1085 1593 τις
1108 1552 1196 1592 αὐτοῖς
1212 1557 1369 1597 προσέχων,
1386 1557 1403 1592 ἢ
1421 1558 1582 1588 ἀκολουθῶν.
1605 1558 1685 1597 Θύρα
1698 1556 1746 1595 μὲν
1761 1552 1810 1586 οὖν
1823 1559 1852 1586 αἱ

1048 1603 1166 1644 Γραφαὶ,
1185 1603 1273 1641 ἐξάγει
1293 1602 1319 1631 δὲ
1343 1602 1387 1631 ἐπὶ
1402 1601 1485 1640 νομὴν
1508 1602 1541 1630 τὰ
1567 1601 1692 1642 πρόϐατα
1708 1603 1721 1630 6
1749 1602 1851 1643 Κύριος

1048 1649 1092 1679 διὰ
1107 1651 1153 1684 τῆς
1177 1647 1257 1688 θύρας
1273 1645 1383 1683 ταύτης.
1401 1647 1451 1680 Τίς
1468 1646 1495 1675 δὲ
1509 1649 1526 1682 ἡ
1546 1646 1632 1684 νομή;
1658 1645 1692 1676 Ἦ
1709 1646 1851 1685 μέλλουσα

1046 1693 1131 1733 τρυφὴ
1148 1692 1196 1722 καὶ
1217 1691 1379 1727 ἀνάπαυσις,
1402 1692 1437 1724 εἷς
1451 1691 1483 1726 ἣν
1505 1693 1578 1730 ἡμᾶς
1592 1691 1692 1730 εἰσάγει
1709 1693 1723 1721 6
1738 1692 1850 1732 Κύριος.

1048 1740 1082 1769 Εἰ
1107 1738 1134 1767 δὲ
1156 1738 1278 1777 ἀλλαχοῦ
1303 1736 1348 1765 καὶ
1366 1735 1446 1776 θύραν
1471 1736 1562 1765 ἑαυτὸν
1583 1737 1720 1774 ὀνομάζει,
1745 1737 1777 1765 οὐ
1798 1737 1850 1776 χρὴ

194 1782 349 1821 θαυμάζειν.
374 1781 462 1811 ²¹Οταν
489 1781 537 1820 μὲν
557 1781 609 1821 γὰρ
634 1781 682 1816 τὴν
703 1782 860 1820 κηδεμονίαν
889 1783 1005 1823 ἐμφῆναι
1032 1783 1160 1825 βούληται
1183 1782 1230 1817 τὴν
1259 1781 1321 1821 περὶ
1342 1783 1430 1820 ἡμᾶς,
1451 1781 1565 1819 ποιμένα
1593 1781 1686 1810 ἑαυτὸν
1708 1782 1852 1820 ὀνομάζει·

191 1825 255 1856 ὅταν
269 1825 295 1856 δὲ
312 1826 374 1866 θέλῃ
397 1826 487 1863 δεῖξαι1
513 1826 553 1855 ὅτι
570 1826 647 1860 αὐτός
665 1827 734 1855 ἔστιν
759 1828 773 1855 6
795 1827 936 1867 προσάγων
957 1831 993 1869 τῷ
1019 1828 1125 1868 Πατρὶ,
1139 1828 1197 1857 τότε
1215 1826 1295 1867 θύραν
1314 1826 1407 1856 ἑαυτὸν
1429 1825 1501 1865 λέγει
1512 1838 1518 1844 ·
1534 1826 1591 1855 ἐπεὶ
1604 1828 1618 1855 6
1634 1825 1712 1860 αὐτὸς
1727 1827 1776 1856 καὶ
1791 1829 1851 1856 κατ’

192 1871 275 1908 ἄλλην
303 1871 348 1901 καὶ
373 1871 457 1908 ἄλλην
481 1871 579 1901 ἔννοιαν
604 1871 648 1900 καὶ
675 1871 808 1912 πρόϐατόν
835 1873 957 1902 ἐστικαὶ
983 1875 1091 1913 ποιμήν,
1114 1872 1230 1902 Ἔπειτα
1263 1872 1336 1911 εἴπερ
1363 1870 1414 1900 εἰσὶ
1442 1871 1508 1911 θύρα
1533 1872 1557 1902 οἱ
1582 1870 1655 1911 λόγοι
1684 1872 1737 1900 τῶν
1766 1872 1847 1901 θείων

191 1918 316 1956 Γραφῶν,
332 1916 378 1946 καὶ
397 1917 475 1950 αὐτὸς
491 1916 518 1946 δὲ
536 1918 549 1946 6
566 1917 662 1957 Κύριος
679 1917 762 1955 Λόγος
778 1918 849 1955 ἐστὶ,
863 1918 909 1947 καὶ
922 1920 1058 1956 καλεῖται,
1077 1918 1182 1951 εἰκότως
1198 1918 1228 1946 ἂν
1245 1916 1355 1952 κληθείη
1370 1915 1448 1956 θύρα.

226 1967 315 1994 Vens.
338 1969 397 1994 6-8.
420 1978 433 1990 α
455 1967 533 1994 Hanc
559 1966 720 2001 parmmiam
743 1966 813 1994 dixit
836 1965 875 1994 eis
897 1968 989 1995 Jesus.

189 2011 231 2039 illi
246 2015 340 2039 autem
354 2019 409 2039 non
423 2015 612 2047 cognoverunt
631 2018 693 2046 quae
707 2014 799 2038 essent
814 2018 876 2047 qua:
896 2011 989 2047 loque-

190 2060 267 2084 retur
278 2056 326 2084 eis.
343 2056 419 2084 Dixit
430 2056 514 2092 igitur
524 2055 625 2083 iterum
635 2055 675 2082 eis
686 2056 766 2082 Jesus
779 2065 785 2083 ι
799 2057 898 2089 Amen,
909 2063 992 2084 amen

190 2101 250 2129 dico
272 2101 358 2136 vobis,
378 2103 437 2136 Ego
458 2108 521 2128 sum
546 2100 647 2127 ostium
668 2099 769 2127 ovium.
786 2101 891 2128 Omnes
912 2105 992 2136 quot-

190 2150 256 2182 quot
264 2150 327 2174 aute
337 2154 381 2174 me
391 2149 537 2179 venerunt,
547 2143 621 2172 fures
629 2148 693 2172 sunt
700 2148 727 2171 et
737 2145 855 2172 latrones
865 2145 926 2173 :sed
934 2154 991 2173 non

189 2191 338 2220 audierunt
350 2199 398 2219 eos
408 2199 481 2218 oves.
497 2201 549 2214 »--
558 2201 570 2213 α
580 2190 668 2223 Hauc,
682 2189 781 2225 inquit,
788 2191 962 2225 parmmiam,
978 2202 991 2216 η

189 2235 243 2264 hoc
257 2240 298 2265 est
311 2235 482 2272 parabolam,
500 2245 513 2258 ι
528 2233 597 2262 dixit
617 2233 655 2261 eis
674 2235 764 2268 Jesus,
782 2246 794 2258 ιι
812 2235 926 2263 obscure
950 2235 990 2263 eis

187 2280 312 2317 loquens,
326 2284 358 2308 ut
371 2279 536 2308 attentiores
548 2278 608 2306 illos
620 2277 730 2306 faceret.
744 2279 893 2315 Postquam
907 2279 989 2315 igitur

187 2325 242 2354 hoc
263 2325 370 2360 docuit,
393 2324 473 2352 solvit
493 2331 569 2351 nunc
589 2323 796 2358 obscuritatem,
819 2325 858 2352 sic
873 2325 987 2353 dicens:

190 2382 203 2395 ει
216 2372 275 2406 Ego
287 2378 350 2398 sum
365 2369 477 2397 ostium.
491 2378 505 2395 ιι
519 2368 597 2404 Quod
608 2373 702 2397 autem
714 2368 792 2403 dicit,
807 2380 818 2393 α
833 2370 934 2397 Omnes
943 2369 988 2405 qui

188 2419 332 2449 venerunt,
351 2425 362 2439 η
379 2421 435 2442 non
449 2414 483 2442 de
503 2413 642 2450 prophetis
659 2413 732 2447 dicit,
757 2413 828 2442 sicut
843 2414 989 2443 Manicheei

188 2459 314 2488 delirant.
339 2459 412 2487 Nam
427 2458 464 2486 illi
491 2459 613 2486 volentes
629 2458 775 2486 ostendere
791 2459 875 2487 Vetus
890 2460 987 2487 Testa-

187 2508 312 2532 mentum
336 2511 392 2532 non
417 2512 475 2532 esse
495 2512 510 2531 a
535 2506 602 2536 Deo,
628 2507 656 2531 et
671 2503 818 2539 prophetas
843 2511 900 2532 non
928 2512 987 2532 esse

187 2549 287 2577 missos
298 2557 314 2577 a
324 2550 395 2582 Deo,
409 2553 525 2576 utuntur
538 2548 590 2576 hoc
604 2548 678 2576 dicto
693 2558 698 2574 :
715 2559 726 2572 τι
740 2549 841 2576 Omnes
853 2549 899 2584 qui
911 2557 988 2577 vene-

186 2598 253 2622 runt
266 2598 327 2622 ante
340 2602 395 2628 me,
409 2594 482 2622 fures
495 2597 558 2621 sunt
570 2597 598 2621 et
611 2593 740 2620 latrones.
756 2604 768 2616 ιι
783 2594 845 2620 Non
860 2593 941 2630 igitur
953 2593 986 2622 de

185 2638 325 2675 prophetis
347 2639 400 2667 hoc
420 2639 496 2671 dicit,
508 2637 557 2666 sed
578 2637 613 2665 de
625 2637 739 2665 Thcuda
755 2642 782 2665 ct
805 2637 874 2665 Juda
889 2642 916 2666 et
928 2639 987 2667 aliis

185 2684 330 2713 seditiosis.
347 2684 428 2719 Quod
446 2687 540 2711 autem
563 2682 598 2710 de
626 2682 668 2709 his
690 2681 772 2715 dicat,
793 2682 983 2713 manifestum.

186 2741 199 2754 α
213 2731 273 2758 Non
286 2729 449 2758 audiverunt
461 2727 548 2760 enim,
562 2727 663 2762 inquit,
676 2726 736 2754 illos
760 2735 834 2755 oves.
848 2739 860 2752 ν
873 2728 986 2757 Seditio-

184 2782 230 2803 sos
243 2774 317 2803 enim
334 2774 396 2802 illos
410 2781 468 2801 non
483 2772 628 2800 audierunt
642 2779 715 2805 oves,
733 2772 879 2809 prophetas
893 2778 985 2803 autem

183 2818 356 2853 audiverunt,
374 2822 402 2847 et
421 2825 470 2854 per
488 2817 559 2851 illos,
572 2816 619 2853 qui
639 2816 781 2846 Christum
793 2817 911 2848 confessi
922 2824 986 2848 sunt

1086 1977 1098 1990 α
1120 1962 1228 1998 Ταύτην
1248 1961 1296 1997 τὴν
1319 1961 1466 2000 παροιμίαν
1481 1955 1554 1990 εἶπεν
1580 1960 1667 1994 αὐτοῖς
1687 1961 1702 1989 6
1721 1959 1844 1996 Ἰησοῦς.

1046 2010 1139 2037 ἐκεῖνοι
1161 2006 1188 2036 δὲ
1205 2007 1253 2036 οὐκ
1278 2006 1411 2045 ἔγνωσαν,
1438 2006 1497 2035 τίνα
1519 2001 1550 2041 ἦν
1580 2004 1596 2034 ἃ
1623 2004 1713 2034 ἐλάλει
1741 2006 1844 2039 αὐτοῖς.

1047 2047 1129 2083 Εἶπεν
1146 2047 1190 2081 οὖν
1206 2051 1286 2080 πάλιν
1300 2051 1387 2083 αὐτοῖς
1402 2052 1416 2079 6
1430 2050 1555 2086 ,Ἰησοῦς-
1570 2049 1653 2088 Ἀμὴν
1664 2073 1672 2088 ,
1688 2050 1761 2089 ἀμὴν
1776 2051 1849 2091 λέγω

1046 2099 1118 2136 ὑμῖν,
1138 2095 1178 2125 ότι
1203 2095 1255 2135 ἐγώ
1276 2097 1331 2134 εἰμι
1348 2097 1363 2130 ἡ
1385 2095 1450 2135 θύρα
1465 2097 1518 2124 τῶν
1538 2094 1691 2135 προϐάτων.
1717 2095 1846 2133 Πάντες,

1046 2142 1102 2172 ὅσοι
1122 2137 1211 2178 ἦλθον,
1230 2140 1342 2170 κλέπται
1361 2140 1410 2169 εἰσὶ
1429 2140 1474 2170 καὶ
1490 2140 1603 2180 λῃσταὶ,
1619 2139 1677 2169 ἀλλ’
1693 2141 1741 2170 οὖκ
1760 2140 1847 2176 ἤκου-

1008 2181 1034 2214 Ι)
1048 2199 1096 2216 σαν
1117 2188 1203 2215 αὐτῶν
1227 2185 1261 2215 τὰ
1280 2185 1413 2224 πρόϐατα.
1434 2199 1445 2212 ν
1461 2202 1500 2207 ——
1517 2199 1528 2211 ι
1543 2186 1664 2226 Ταύτην,
1688 2185 1771 2226 φησὶ,
1796 2186 1845 2222 τὴν

1043 2232 1203 2272 παροιμίαν,
1225 2244 1236 2257 ιι
1253 2230 1313 2266 ἤτοι
1327 2230 1375 2265 τὴν
1389 2229 1564 2269 παραϐολὴν,
1586 2242 1599 2256 ι
1620 2224 1695 2259 εἶπεν
1714 2230 1809 2264 αὐτοῖς
1833 2233 1848 2260 6

1045 2276 1147 2312 Ἰησοῦς
1157 2299 1165 2312 ,
1190 2277 1297 2315 ἀσαφῶς
1312 2275 1400 2307 αὖτοῐς
1413 2274 1608 2314 φθεγγόμενος,
1632 2274 1677 2303 ἵνα
1696 2285 1844 2315 προσεκτι-

1043 2321 1171 2361 κωτέρους
1187 2320 1297 2360 ποιήσῃ.
1313 2319 1392 2350 Ἐπεὶ
1408 2315 1452 2349 οῦν
1468 2322 1546 2349 τοῦτο
1566 2319 1763 2356 κατεσκεύασε,
1782 2320 1842 2350 λύει

1043 2366 1134 2395 λοιπὸν
1159 2365 1207 2401 τὴν
1229 2366 1374 2406 ἀσάφειαν,
1402 2365 1470 2394 οὕτω
1489 2364 1587 2404 λέγων·
1610 2377 1623 2390 α
1649 2363 1721 2403 Ἐγώ
1748 2366 1806 2404 εἶμι
1830 2368 1845 2400 ἡ

1043 2411 1118 2451 θύρα.
1143 2425 1154 2437 υ
1171 2411 1211 2441 Τὸ
1227 2410 1271 2450 δὲ,
1288 2405 1429 2445 ιιΠάντες,
1448 2410 1504 2439 ὅσοι
1526 2405 1623 2446 ἦλθον,
1640 2422 1652 2435 ι»
1667 2410 1696 2438 οὗ
1712 2410 1775 2450 περὶ
1793 2412 1846 2440 τῶν

1043 2458 1184 2497 προφητῶν
1198 2456 1289 2495 λέγει,
1307 2457 1341 2488 ὡς
1356 2457 1380 2485 οἱ
1392 2455 1538 2494 Μανιχαῖοι
1553 2457 1739 2495 παρανοοῦσιν.
1756 2454 1848 2485 Ἐκεῖ-

1042 2512 1081 2530 νοι
1113 2502 1164 2541 γὰρ
1189 2500 1269 2534 δεῖξαι
1296 2500 1452 2541 βουλόμενοι
1476 2499 1525 2536 τὴν
1553 2499 1679 2529 Παλαιὰν
1703 2499 1846 2537 Διαθήκην

1043 2546 1182 2586 ἀλλοτρίαν
1204 2541 1284 2575 οὖσαν
1309 2548 1354 2574 τοῦ
1377 2546 1470 2584 Θεοῦ,
1491 2543 1537 2573 καὶ
1562 2543 1622 2577 τοὺς
1641 2543 1779 2584 προφήτας
1807 2545 1845 2584 μὴ

1043 2592 1071 2620 ἐκ
1086 2593 1156 2622 Θεοῦ
1175 2591 1357 2626 ἀπεστάλθαι,
1380 2592 1498 2629 χρῶνται
1514 2590 1552 2629 τῷ
1568 2591 1640 2629 ῥητῷ
1655 2588 1752 2628 τούτῳ.
1771 2589 1845 2620 Ἰδοὺ

1041 2637 1105 2676 γὰρ,
1125 2636 1223 2676 φησὶν,
1238 2637 1252 2664 6
1271 2635 1366 2675 Κύριος
1383 2630 1472 2671 εἶπεν,
1488 2633 1528 2663 ὅτι
1543 2647 1555 2660 ι
1572 2633 1692 2670 Πάντες,
1713 2634 1771 2664 ὅσοι
1791 2631 1847 2671 ἦλ-

1041 2683 1084 2711 θον
1095 2704 1102 2717 ,
1113 2681 1225 2711 κλέπται
1241 2680 1293 2709 εἶσὶ
1305 2680 1352 2709 καὶ
1365 2679 1474 2720 λῃσταί.
1493 2693 1504 2705 ν
1516 2677 1620 2708 Οὔκουν
1633 2678 1694 2719 περὶ
1709 2680 1762 2708 τῶν
1773 2691 1845 2720 προ-

1040 2728 1132 2766 φητῶν
1149 2725 1227 2755 τοῦτό
1245 2737 1327 2765 φησι,
1344 2725 1413 2754 ἀλλὰ
1427 2724 1487 2764 περὶ
1501 2724 1593 2754 Θευόᾶ
1616 2723 1661 2753 καὶ
1677 2723 1779 2762 Ἰούδα,
1798 2726 1845 2754 καὶ

1039 2773 1092 2800 τῶν
1112 2771 1200 2801 ἄλλων
1215 2772 1393 2800 στασιαστῶν.
1416 2768 1482 2799 "Ott
1501 2768 1527 2798 δὲ
1545 2768 1605 2809 περὶ
1627 2768 1727 2798 τούτων
1746 2768 1842 2808 λέγει,

1040 2816 1134 2856 δῆλον·
1155 2829 1166 2843 ι
1183 2816 1243 2846 Οὐκ
1266 2815 1384 2852 ἤκουσαν
1409 2814 1478 2854 γὰρ,
1499 2813 1596 2854 φησὶν,
1619 2814 1707 2843 αὐτῶν
1721 2813 1757 2844 τὰ
1778 2815 1844 2856 πρό-
