1910 3077
42 170 74 195 69
443 159 638 190 ENARRATIO
657 159 690 187 IN
711 157 925 186 EVANGELIUM
943 155 1093 184 JOANNIS.
1111 170 1145 175 -—
1164 155 1240 183 CAP.
1260 155 1291 182 Χ.
1653 155 1687 181 70

42 231 122 260 ϐατα.
148 242 159 255 ι
176 229 239 259 Τῶν
264 227 314 266 γὰρ
335 225 502 255 στασιαστῶν
529 222 627 253 τούτων
649 223 696 251 οὐκ
719 221 835 257 ἤκουσαν

937 218 1076 247 diderunt.
1099 219 1236 246 Caeterum
1258 216 1336 250 illud,
1352 228 1364 240 ιι
1380 217 1442 244 Non
1455 216 1615 245 audiverunt
1627 216 1689 245 illos

41 276 73 305 τὰ
85 273 229 314 πρόϐατα,
244 274 296 301 τῶν
313 270 340 300 δὲ
363 271 505 310 προφητῶν
524 268 569 298 καὶ
586 268 702 303 ἤκουσαν
713 289 722 303 ,
740 265 786 295 καὶ
802 265 834 294 δι’

41 319 144 350 ἐκείνων
160 318 334 352 ἐπίστευσαν,
347 315 404 345 ὅσοι
418 314 464 344 καὶ
482 313 640 342 ἐπίστευσαν
654 313 691 351 τῷ
713 310 834 351 Χριστῷ.

40 363 141 397 Ἄλλως
157 375 186 392 τε
207 363 257 401 τὸ,
273 375 285 388 ι
308 362 366 391 Οὐκ
380 359 498 395 ἤκουσαν
516 359 600 386 αὐτῶν
617 355 650 386 τὰ
667 355 788 396 πρόϐατα
800 378 807 390 ,
825 367 836 379 ιι

43 411 155 440 ἐπαινῶν
181 403 273 445 εἶπεν,
298 407 418 444 οὐδαμοῦ
439 403 466 433 δὲ
494 404 609 432 ἐπαινῶν
635 401 757 442 φαίνεται
780 398 838 432 τοὺς

41 453 263 494 παρακούσαντας
287 453 339 480 τῶν
355 450 497 489 προφητῶν
508 470 516 484 ,
534 446 602 476 ἀλλὰ
623 445 772 476 τούναντίον
786 456 838 473 κα-

40 488 117 534 κίζιιιν
132 497 177 527 καὶ
199 496 350 526 διαϐάλλων
374 494 503 534 σφοδρῶς.
521 491 641 534 Ἔπειτα
657 490 774 531 πρόοχες
794 488 840 518 καὶ

42 547 78 583 τῇ
110 541 234 583 ἀκριϐείᾳ
257 543 303 576 τῆς
328 532 471 573 mea“;
498 535 580 567 ⁸οσοι
598 532 687 572 ἦλθον,
710 549 722 561 ιι
738 534 838 574 φησιν,

43 580 102 617 ἀλλ’
120 580 185 626 οἰσὶ,
197 580 280 616 νοσοι
295 584 498 619 ἀπεστάλησαν.
516 583 551 612 Οἱ
573 581 621 620 μὲν
639 580 690 620 γὰρ
705 581 842 620 προφῆται

43 625 236 665 ἀποσταλέντες
268 629 462 669 παρεγένοντο⁶
498 628 521 657 οἳ
550 626 579 655 δὲ
605 625 841 666 ψευδοπροφῆται,

890 271 966 297 oves,
979 274 992 288 υ
1001 262 1114 290 laudans
1124 262 1204 290 dixit.
1213 263 1354 296 Nusquam
1363 264 1454 288 autem
1464 261 1570 289 videtur
1578 261 1689 289 laudare

892 308 1078 336 iuobedientes
1102 307 1254 344 prophetis,
1277 305 1324 334 sed
1349 314 1365 333 e
1385 305 1494 334 diverso
1515 306 1690 334 vehementer

890 357 1000 381 accusat
1023 357 1049 381 et
1064 352 1245 388 persequitur.
1274 351 1388 386 Insuper
1409 350 1553 386 diligenter
1579 350 1690 379 attende

892 399 1008 426 verbum
1019 398 1119 434 ipsum:
1134 409 1146 421 »
1159 397 1320 433 Quicunque
1333 399 1474 429 venerunt,
1489 407 1502 420 ι
1515 395 1611 430 inquit,
1622 403 1690 429 non,

894 443 1054 479 Quicunque
1067 443 1145 471 missi
1159 446 1231 470 sunt.
1246 443 1315 470 Nam
1328 440 1468 476 propheta:
1480 439 1593 476 quidem
1605 439 1692 475 646

894 488 969 516 missi
994 487 1164 516 advenerunt
1189 496 1194 514 :
1212 485 1455 523 pseudopropheta:
1473 489 1576 517 autem.
1597 485 1693 520 quales

895 536 924 560 et
946 532 1067 561 seditiosi
1083 532 1121 560 illi
1145 531 1222 563 dicti.
1245 540 1260 559 a
1283 531 1359 558 nullo
1373 530 1448 558 missi
1463 533 1608 563 venerunt,
1623 529 1694 557 sicut

895 581 921 606 et
931 578 1065 605 Dominus
1074 577 1146 606 dixit
1159 587 1166 605 ;
1179 589 1190 601 α
1204 576 1368 610 Currebam,
1378 575 1467 612 etlego
1478 583 1535 603 non
1548 574 1693 602 mittebam

897 629 945 650 EOS
959 622 995 650 ⁵³.
1014 634 1027 647 n

42 673 92 708 οἶοι
124 677 170 707 καὶ
201 677 225 705 οἱ
261 675 382 716 ῥηθέντες
413 671 595 707 στασιασταὶ,
629 669 740 708 μηδενὸς
770 666 996 705 ἀποστείλαντος,
1023 667 1137 708 ἤρχοντο
1165 667 1209 697 ἐπὶ
1239 667 1385 708 διαστροφῇ
1417 667 1469 696 τῶν
1497 663 1695 705 ἇπατωμένυιν·

41 723 132 763 ὥσπερ
143 721 188 751 καὶ
203 723 216 750 ὁ
230 711 297 753 eid;
309 730 388 760 φησιν
398 731 406 738 ο
425 730 439 747 ιι
455 715 529 756 Ἐγὼ
543 717 590 746 οὐκ
606 714 768 745 ἀπέστελλον
783 711 878 746 αὐτοὺς
889 735 897 748 ,
915 715 1034 742 κάκεῖνοι
1046 714 1163 753 ἔτρεχον,
1181 727 1192 739 ι

83 782 97 794 ι
119 758 198 806 ’Ἐγώ
223 766 278 803 εἶμι
343 763 422 803 θύρα·
449 763 482 792 δι’
511 763 573 800 ἐμοῦ
597 760 642 806 ἓοὶν
663 771 702 806 τις
717 758 842 806 εἰσέλθῃ,

43 812 212 848 σωθήσεται,
234 809 281 840 καὶ
303 808 499 843 εἰσελεύσεται,
526 806 571 835 καὶ
597 803 778 839 ἐξελεύσεται,
798 803 843 832 καὶ

934 764 1024 791 Vens.
1040 765 1067 790 9.
1085 774 1097 786 α
1114 764 1170 798 Ego
1183 770 1243 790 sum
1255 761 1370 790 ostium:
1386 769 1435 797 per
1445 767 1492 789 me
1506 759 1527 788 si
1537 759 1598 796 quis
1610 759 1696 788 intra-

899 807 976 842 verit,
1002 807 1162 842 servabitur,
1183 811 1212 835 et
1235 807 1402 842 ingredietur
1427 809 1454 834 et
1479 805 1643 842 egredietur.
1668 808 1698 833 et

43 857 128 896 νομὴν
160 854 276 895 εὑρήσει.
301 867 314 880 ι
340 853 375 883 (0
392 851 534 887 εἰσελθὼν,
560 850 645 891 φησὶ,
670 848 702 878 δι’
717 849 781 896 ἐμοῦ
798 849 844 883 τῆς

937 860 1000 880 scua
1020 852 1150 880 inveniet.
1167 863 1181 877 ι
1211 852 1263 887 Qui
1289 852 1437 888 ingressus,
1462 850 1561 887 inquit,
1590 858 1638 886 per
1650 857 1696 878 me

43 892 140 942 θύρας,
165 892 211 930 καὶ
236 898 396 939 προσαχθεὶς
429 899 466 937 τῷ
493 896 600 935 “arpi,
633 895 679 942 καὶ
705 892 842 942 πρόϐατον

45 946 147 977 ἐκείνου
169 944 301 985 γεγονὼς,
326 942 493 978 σωθήσεταιο
519 941 565 970 καὶ
582 940 611 969 οὖ
625 939 702 977 μόνον
725 937 843 973 σωθήσε-

43 1004 98 1028 ται,
114 982 184 1020 ἄλλα
200 982 264 1024 καὶ,
281 991 316 1022 ὡς
334 987 428 1026 Κύριος
444 987 489 1016 καὶ
504 984 642 1020 Δεσπότης
653 1007 660 1021 ,
675 982 778 1018 πολλὴν
792 982 845 1017 ἔξει

43 1038 94 1072 τὴν
118 1036 248 1075 ἀφοϐίαν·
274 1038 350 1064 τοῦτο
378 1033 429 1073 γὰρ
455 1031 580 1070 σημαίνει
609 1029 652 1059 διὰ
677 1031 725 1058 τοῦ
745 1029 843 1058 εἰπεῖν·

45 1097 58 1110 σι
84 1084 141 1112 Καὶ
166 1079 365 1115 εἰσελεύσεται,
385 1077 431 1108 καὶ
448 1077 628 1111 ἐξελεύσεται·
652 1088 665 1101 ιι
690 1073 780 1114 ὥσπερ
801 1072 845 1103 καὶ

47 1129 73 1156 οἱ
94 1126 240 1156 ἀπόστολοι
257 1124 390 1164 εἰσῄεσαν,
414 1122 459 1152 καὶ
481 1122 591 1162 ἐξῄεσαν
607 1119 726 1149 ἐναντίον
750 1118 846 1158 τυράν-

45 1184 99 1201 νων
128 1169 396 1210 παρῥησιαζόμενοι,
424 1167 470 1197 καὶ
497 1166 607 1201 ἐξιόντες
634 1164 772 1205 χαίροντες
801 1162 846 1192 καὶ

47 1216 190 1252 ἀήττητοι.
210 1229 222 1242 ι
240 1214 295 1244 Καὶ
311 1213 405 1251 νομὴν,
421 1211 511 1252 φησὶν,
534 1210 657 1251 εὑρήσει·
674 1223 685 1235 ι
710 1207 846 1243 τουτέστι,

45 1261 148 1302 τροφὴν
164 1259 276 1295 πολλήν.
303 1258 355 1288 Καὶ
381 1257 467 1288 ἄλλως
494 1256 539 1285 δέ·
552 1254 631 1285 Ἐπεὶ
653 1253 761 1302 διπλοῦς
776 1253 846 1302 ἐστιν

44 1297 115 1344 ἡμῖν
141 1306 155 1334 ὁ
173 1305 328 1344 ἄνθρωπος,
355 1302 408 1332 ἔσω
432 1312 461 1330 τε
485 1301 530 1331 καὶ
547 1300 597 1334 ἔξω
619 1298 758 1338 λεγόμενος
774 1297 847 1338 παρὰ

45 1353 98 1381 τοῦ
126 1342 247 1385 Παύλου,
276 1347 443 1388 εἷσέρχεσθαι
471 1345 519 1384 μὲν
545 1347 641 1378 ἐκεῖνος
665 1343 696 1372 ἂν
718 1342 848 1382 λέγοιτοδ

46 1395 207 1434 ἐπιμέλειαν
231 1393 384 1431 ποιούμενος
410 1394 455 1421 τοῦ
490 1390 543 1420 ἔσω
568 1389 720 1429 ἀνθρώπου·
745 1387 849 1427 ἐξέρχε-

47 1431 112 1470 σθαι
130 1438 157 1468 δὲ
170 1439 263 1475 πάλιν,
283 1439 297 1467 ὁ
309 1438 409 1476 νεκρῶν
429 1435 462 1465 τὰ
477 1436 545 1474 μέλη
560 1434 593 1464 τὰ
608 1434 651 1463 ἐπὶ
666 1435 712 1469 τῆς
726 1434 787 1471 γῆς,
804 1431 849 1461 καὶ

48 1485 99 1518 τὰς
123 1483 232 1524 πράξεις
251 1485 299 1512 τοῦ
323 1475 447 1520 σώματος
471 1481 496 1510 ἐν
522 1480 632 1519 Χριστῷ
657 1479 787 1508 θανατῶν.
813 1475 848 1505 Ὀ

46 1532 164 1563 τοιοῦτος
185 1523 229 1558 οῦν
247 1541 260 1555 ε
285 1526 331 1558 καὶ
345 1525 429 1564 νομὴν
455 1524 562 1565 εὑρήσει
591 1538 602 1549 υ
624 1525 650 1553 ἐν
667 1525 704 1563 τῷ
729 1523 846 1560 μέλλοντι

937 1524 980 1552 Iod
994 1524 1062 1552 dicit
1076 1523 1208 1559 propheta

50 1576 142 1610 αἰῶνι,
158 1573 228 1603 κατὰ
240 1572 282 1611 τὸ,
301 1586 313 1597 ιι
334 1569 431 1611 Κύριος
447 1571 582 1609 ποιμαίνει
602 1580 646 1608 με,
663 1568 708 1597 καὶ
725 1567 797 1596 οὐδέν
817 1578 850 1604 με

48 1619 207 1660 ὖστερήσει,
223 1630 236 1644 ιο
251 1616 299 1647 καὶ
312 1615 347 1645 τὰ
363 1615 433 1650 ἑξῆς.

92 1677 106 1690 ιι
119 1655 168 1693 ’Ὁ
191 1663 306 1698 κλέπτης
328 1661 376 1690 οὐκ
391 1660 509 1699 ἔρχεται,
523 1660 546 1688 εἰ
563 1656 601 1696 μὴ
616 1656 659 1687 ἵνα
674 1656 760 1697 κλέψῃ
772 1678 782 1694 ,
804 1655 851 1685 καὶ

49 1708 138 1748 οὔσῃ,
153 1707 199 1737 καὶ
211 1706 341 1746 ἀπολέσῃ.
360 1703 433 1744 Ἐγὼ
444 1700 535 1741 ἦλθον,
552 1702 595 1731 ἵνα
610 1702 680 1737 ζωὴν
694 1702 790 1741 ἔχωσι,
805 1700 851 1748 καὶ

49 1745 180 1794 περισσὸν
204 1752 313 1792 ἔχωσιν.
340 1749 414 1789 Ἐγώ
440 1750 494 1787 εἰμι
515 1750 529 1777 ὁ
552 1747 651 1794 ποιμὴν
677 1748 690 1775 ὁ
713 1747 800 1794 καλός.
814 1745 849 1776 (Ο

49 1791 155 1837 ποιμὴν
180 1798 195 1826 ὁ
213 1796 294 1830 καλὸς
309 1795 356 1831 τὴν
375 1794 465 1835 ψυχὴν
480 1795 559 1823 αὐτοῦ
584 1792 686 1828 τίθησιν
703 1791 772 1830 ὑπὲρ
799 1792 852 1837 τῶν

49 1829 214 1884 προϐάτων
234 1843 248 1871 ὃ
263 1829 394 1880 μισθοιτὸς
414 1829 461 1876 ἑὲ,
478 1838 524 1868 καὶ
549 1837 597 1867 οὖκ
626 1836 662 1865 ὢν
685 1829 806 1884 ποιμὴν,
823 1829 853 1864 οὗ

50 1879 104 1919 οῦκ
118 1887 171 1917 εἶσὶ
190 1886 224 1916 τὰ
239 1886 362 1926 πρόϐατα
377 1883 444 1921 ἴδια,
468 1883 561 1923 Θεωρεῖ
583 1881 626 1911 τὸν
642 1880 722 1910 λύκον
743 1879 855 1919 ἐρχόμε-

50 1944 111 1969 νον,
128 1931 175 1962 καὶ
190 1924 284 1972 ἆφίηοι
295 1930 330 1960 τὰ
344 1928 467 1970 πρόϐατα
477 1951 485 1965 ,
500 1929 547 1957 καὶ
563 1926 674 1972 φεύγει,
689 1924 735 1954 καὶ
749 1924 855 1972 ὁΔλύχος

57 1977 180 2019 ἁρπάζει
210 1968 278 2005 αὐτὰ
291 1998 299 2013 ,
320 1968 372 2004 καί
387 1974 522 2019 σκορπίζει
547 1971 581 2019 τᾲ
605 1968 855 2019 πρόϐατα..’ομδὲ

52 2014 190 2062 μισθωτὸς
212 2020 315 2061 φεύγει,
337 2019 378 2050 ὅτι
403 2017 535 2057 μισθωτός
560 2018 635 2054 ἔστι,
663 2015 709 2045 καὶ
732 2015 760 2044 οὗ
781 2014 855 2052 μέλει

52 2069 131 2107 αὖτῷ
148 2059 283 2105 περὶ-τῶν
297 2064 451 2104 προϐάτοιν.
477 2076 489 2089 ια
511 2061 623 2096 Ἐπειδὴ
648 2062 672 2091 οἱ
692 2061 731 2100 τῷ
744 2059 855 2100 eausa,

51 2112 104 2143 καὶ
121 2110 225 2150 Ἰούδᾳ,
241 2109 288 2139 καὶ
303 2113 355 2142 τοῖς
371 2108 475 2141 λοιποῖς
489 2106 653 2140 ἀποστάταις
668 2104 855 2143 συναπαχθέν-

51 2169 111 2196 τες,
134 2149 290 2196 ἐσφάγησαν
315 2154 361 2184 καὶ
385 2152 537 2189 ἀπώλοντο,
561 2150 604 2180 διᾶ
634 2152 711 2179 τοῦτο
737 2149 855 2189 ἐπήγαγε

53 2193 162 2241 λέγων·
173 2193 194 2226 ἰ
208 2199 243 2230 ’0
266 2198 382 2234 κλέπτης
397 2199 444 2228 οὐκ
460 2197 580 2237 ἔρχεται,
598 2196 620 2225 εἰ
643 2194 680 2241 μὴ
694 2193 737 2241 ⁸ἷξνιιι
757 2194 855 2241 κλέψῃ,

54 2238 106 2276 xui.
129 2245 196 2284 θύσῃ
211 2244 257 2276 καὶ
281 2243 416 2283 ἀπολέσῃ,
442 2257 454 2269 ιι
477 2241 589 2275 ἐκείνους
611 2240 658 2270 καὶ
674 2239 734 2284 τοῦς
753 2238 857 2276 ὁμοίους

56 2292 150 2324 αὐτοῖς
164 2280 279 2323 κλέπτας
291 2280 391 2319 καλῶν,
409 2302 420 2314 σι
434 2286 507 2327 Ἐγὼ
525 2286 551 2316 δὲ
565 2309 572 2324 ,
587 2285 683 2326 φησὶν,
702 2280 792 2320 ἦλθον,
805 2283 852 2312 ἵνα

57 2336 132 2371 ζωὴν
157 2334 267 2375 ἔχωσιν.
300 2347 313 2360 ιν
337 2333 450 2363 Ἐκεῖνοι
483 2332 609 2371 ἔσφαττον
644 2330 689 2360 καὶ
718 2327 857 2358 ἀπώλλυον

55 2381 120 2414 τοὺς
135 2382 341 2412 ἀκολουθοῦντας
351 2379 452 2414 αὐτοῖς,
469 2391 479 2403 α
493 2375 567 2415 Ἐγὼ
585 2372 676 2412 ἦλθον,
687 2373 732 2403 ἵνα
749 2373 859 2410 ζήσωσι,

56 2425 108 2456 καί
124 2438 136 2451 ι
152 2437 177 2454 τι
192 2424 238 2454 καὶ
249 2424 375 2463 περισσὸν
391 2422 486 2462 ἔχωσι,
501 2433 514 2450 ιι
526 2421 573 2457 τὴν
587 2423 632 2450 τοῦ
644 2419 720 2458 ἁγίου
736 2418 862 2456 Πνεύμα-

57 2482 106 2504 τος
131 2470 266 2510 μετοχὴν
281 2469 314 2505 ἣν
338 2468 384 2497 καὶ
411 2466 549 2508 βασιλείαν
573 2466 690 2505 οὐρανῶν
713 2463 767 2504 χρὴ
786 2463 861 2492 νοεῖν.

56 2508 255 2556 Ἔχονυσινηοῦν
273 2513 387 2546 ἅπαντες
401 2512 448 2548 τὴν
465 2511 533 2547 ζωὴν
548 2512 574 2540 ἐν
592 2511 710 2551 Χριστῷ.
731 2523 742 2534 κ
760 2508 862 2542 Πάντες

55 2554 118 2601 γὰρ
135 2559 348 2597 ἀναστήσονται,
365 2571 378 2584 ι
399 2557 445 2588 καὶ
470 2557 612 2592 ζήσουσιν,
634 2555 692 2584 ἀλλ’
716 2555 738 2583 οἱ
763 2554 861 2583 δίκαιοι

57 2599 157 2645 ἔχουσι
179 2605 224 2634 καί
239 2617 264 2634 τι
280 2603 418 2644 περισσὸν,
443 2601 490 2637 τὴν
509 2601 649 2641 βασιλείαν
667 2601 719 2629 τῶν
734 2599 860 2639 οὐρανῶν.

58 2641 133 2680 lifts:
159 2650 205 2680 καὶ
230 2649 293 2688 περὶ
313 2651 358 2679 τοῦ
382 2649 484 2681 πάθους
507 2645 669 2685 διαλέγεται,
694 2645 739 2674 καί
764 2656 862 2685 φησιν,

57 2696 103 2725 ὅτι
119 2710 131 2722 α
149 2695 209 2731 Τὴν
224 2694 312 2735 ψυχήν
329 2705 379 2731 μου
400 2693 494 2731 τίθημι
514 2691 580 2731 ὑπὲρ
603 2693 655 2720 τῶν
675 2690 830 2735 προϐᾴτωψ
846 2701 862 2717 ι)

59 2739 217 2782 ἐμφαίνων,
232 2734 281 2769 γὸτι
302 2739 350 2768 οὖκ
373 2738 461 2775 ἄκων,
487 2738 546 2766 ἀλλ’
574 2735 640 2766 ἑκὼν
667 2735 711 2764 ἐπὶ
726 2734 756 2764 τὸ
781 2734 865 2767 πάθος

897 898 1010 931 ostium,
1035 901 1063 925 et
1077 897 1186 925 oblatus
1199 897 1285 931 Patri,
1306 900 1334 925 et
1348 897 1407 924 ovis
1428 895 1501 923 illius
1523 895 1611 923 factus
1636 894 1696 923 fue-

898 942 944 975 rit,
968 942 1116 970 salvabitur
1140 952 1147 970 :
1170 946 1197 970 et
1222 949 1280 970 non
1301 941 1391 969 solum
1412 939 1572 973 salvabitur,
1595 939 1644 968 sed
1669 943 1698 967 et

897 987 968 1014 sicut
990 987 1136 1021 Dominus,
1151 994 1282 1022 magnam
1295 985 1410 1014 habebit
1423 985 1609 1013 securitatem.
1638 984 1697 1011 Hoc

899 1031 970 1059 enim
993 1031 1128 1067 signiﬁcat
1143 1039 1191 1066 per
1205 1031 1256 1059 hoc
1271 1030 1345 1067 quod
1360 1030 1438 1062 dicit,
1456 1039 1470 1055 «
1485 1033 1512 1057 et
1527 1028 1698 1064 ingredietur

900 1080 928 1104 et
941 1076 1096 1112 egredietur
1119 1086 1132 1102 ιι
1157 1076 1228 1104 sicut
1241 1079 1269 1103 et
1289 1075 1405 1111 apostoli
1427 1073 1648 1110 ingrediebantur
1670 1076 1699 1101 et

899 1121 1118 1156 egrediebantur,
1148 1128 1243 1148 coram
1275 1119 1402 1156 tyrannis
1427 1119 1510 1146 libere
1544 1118 1696 1154 loquentes.

901 1167 971 1194 Nam
987 1170 1013 1193 ct
1036 1170 1178 1198 exeuntes,
1196 1165 1250 1193 laeti
1266 1169 1356 1199 erant,
1371 1168 1399 1192 et
1412 1163 1504 1191 invicti
1517 1163 1551 1191 ".
1571 1175 1583 1187 ι
1601 1164 1634 1190 Et
1653 1170 1700 1199 pa-

901 1219 977 1244 scua,
993 1211 1094 1246 inquit,
1111 1210 1240 1244 inveniet,
1269 1221 1281 1234 ι
1305 1210 1358 1238 hoc
1380 1213 1422 1237 est
1437 1208 1578 1244 copiosum
1593 1208 1697 1236 cibum.

903 1257 936 1283 Et
950 1255 1030 1283 aliter
1043 1265 1049 1282 :
1064 1256 1135 1290 Quia
1147 1255 1247 1291 duplex
1262 1259 1304 1282 est
1317 1258 1411 1282 noster
1424 1253 1518 1286 homo,
1538 1253 1664 1281 internus
1673 1256 1702 1280 et

902 1304 1042 1333 externus.
1069 1304 1100 1328 ut
1122 1299 1226 1327 dicitur
1248 1307 1264 1327 a
1288 1299 1383 1332 Paulo,
1408 1298 1564 1334 Ingreditur
1588 1297 1699 1334 quidem

903 1344 956 1378 illc,
972 1345 1070 1373 dixerit
1084 1344 1157 1381 quis,
1174 1344 1224 1381 qui
1246 1351 1340 1371 curam
1356 1343 1425 1379 gerit
1438 1343 1539 1370 interni
1555 1342 1676 1370 hominis
1692 1351 1698 1369 :

903 1393 930 1417 et
942 1389 1083 1425 egreditur
1096 1389 1208 1423 iterum,
1223 1388 1268 1424 qui
1286 1400 1297 1413 ι
1315 1387 1463 1416 mortiﬁcat
1476 1387 1602 1415 membra
1620 1394 1702 1422 super

903 1438 1018 1468 terram,
1031 1438 1058 1462 et
1070 1442 1150 1470 opera
1164 1433 1288 1469 corporis
1300 1433 1327 1461 in
1336 1433 1446 1461 Christo
1455 1432 1489 1459 5°.
1504 1442 1516 1458 ιι
1532 1431 1606 1459 Talis
1619 1431 1703 1467 igitur

904 1489 917 1504 «
938 1487 1036 1514 pascua
1052 1479 1173 1507 inveniet
1189 1490 1200 1503 ιι
1217 1483 1248 1506 et
1270 1478 1298 1506 in
1313 1478 1407 1506 futuro
1422 1477 1533 1510 sacculo,
1549 1475 1703 1504 secundum

1231 1534 1237 1552 :
1263 1535 1276 1547 ι
1302 1522 1437 1551 Dominus
1452 1522 1520 1558 regit
1534 1529 1590 1555 me,
1612 1525 1640 1548 et
1658 1521 1703 1548 ni-

907 1569 943 1597 bil
959 1569 1035 1597 mihil
1049 1569 1139 1598 deerit
1153 1568 1191 1603 ει,
1207 1578 1221 1594 ι›
1239 1572 1290 1596 etc.

940 1663 1030 1690 Vnus.
1047 1664 1140 1690 10-13.
1159 1672 1172 1686 α
1188 1661 1244 1689 Fur
1263 1668 1316 1688 non
1333 1659 1406 1688 venit
1427 1659 1477 1687 nisi
1493 1662 1526 1686 ut
1546 1658 1662 1692 l'nretur,
1677 1661 1705 1686 et

905 1711 1009 1735 mactet
1031 1715 1062 1734 ac
1087 1705 1190 1742 perdat.
1216 1707 1272 1741 Ego
1295 1705 1356 1733 veni
1371 1709 1400 1732 ut
1415 1704 1500 1732 vitam
1523 1704 1653 1737 habeant,
1679 1706 1707 1730 et

906 1751 1089 1780 abundantius
1110 1751 1238 1779 habeant.
1262 1752 1319 1786 Ego
1341 1757 1403 1778 sum
1426 1754 1520 1785 pastor
1539 1749 1582 1776 ille
1606 1748 1705 1776 bonus.

908 1798 1000 1824 Bonus
1015 1800 1106 1832 pastor
1120 1796 1243 1823 animam
1262 1803 1340 1822 suam
1353 1794 1431 1830 ponit
1446 1802 1494 1829 pro
1514 1793 1617 1821 ovibus.
1635 1794 1707 1820 Mer-

908 1841 1033 1869 cenarius
1053 1844 1147 1869 autem
1163 1844 1191 1868 et
1213 1840 1260 1876 qui
1281 1847 1337 1866 non
1361 1843 1401 1866 est
1426 1843 1529 1874 pastor,
1549 1837 1628 1873 cujus
1651 1845 1708 1865 non

909 1889 973 1913 sunt
1001 1893 1066 1913 oves
1099 1884 1227 1920 proprize,
1262 1883 1335 1911 videt
1358 1883 1453 1918 lupum
1475 1882 1630 1910 venientem
1675 1889 1708 1909 ac

909 1930 1009 1959 deserit
1024 1937 1098 1963 oves,
1122 1928 1255 1965 fugitque,
1278 1932 1306 1956 et
1320 1928 1400 1962 lupus
1423 1927 1506 1962 rapit,
1530 1930 1557 1954 et
1577 1925 1709 1961 dispergit

908 1983 982 2004 oves.
1006 1974 1192 2002 Mercenarius
1215 1977 1307 2001 autem
1329 1971 1410 2008 fugit,
1432 1971 1496 2007 quia
1519 1970 1708 1999 mercenarius

909 2025 961 2054 est,
975 2023 1003 2048 et
1014 2027 1078 2048 oves
1093 2027 1149 2047 non
1162 2022 1227 2046 sunt
1242 2017 1280 2046 illi
1301 2025 1382 2045 curae.
1400 2027 1413 2042 ιι
1429 2016 1569 2052 Quoniam
1581 2014 1709 2043 Theudae

910 2069 937 2094 et
957 2065 1042 2092 Judas
1056 2064 1139 2092 etiam
1153 2071 1215 2092 cum
1231 2063 1337 2091 caeteris
1352 2061 1486 2098 apostatis
1497 2059 1620 2093 abducti.
1636 2059 1708 2087 occi-

910 2110 933 2138 si
957 2110 1107 2138 fueruntet
1130 2108 1271 2144 perierunt
1286 2117 1293 2135 τ
1310 2110 1452 2144 propterea
1475 2105 1570 2134 subdit
1590 2104 1683 2133 dicens
1699 2113 1706 2132 :

870 2167 898 2201 Β
917 2166 932 2201 ιι⁸
951 2155 1006 2182 Fur
1017 2162 1072 2182 non
1080 2153 1152 2201 venit
1160 2153 1211 2201 nisi
1221 2157 1252 2181 ut
1259 2151 1368 2180 furetur
1378 2156 1406 2180 et
1414 2155 1518 2179 mactet
1529 2158 1561 2178 ac
1575 2149 1680 2185 perdat,
1695 2161 1708 2174 ι

915 2199 978 2227 illos
992 2203 1020 2227 et
1033 2198 1137 2226 similes
1158 2197 1198 2225 eis
1212 2198 1286 2225 fures
1301 2204 1411 2224 vocans.
1436 2206 1450 2222 ιι
1473 2197 1532 2231 Ego
1547 2199 1650 2228 autem,
1665 2195 1709 2222 in-

912 2243 981 2280 quit,
1002 2242 1061 2271 veni
1084 2247 1115 2270 ut
1136 2242 1221 2270 vitam
1245 2241 1373 2269 habeant.
1395 2252 1408 2265 ι
1430 2240 1471 2268 llli
1497 2238 1659 2267 occiderunt
1684 2242 1712 2266 et

914 2288 1090 2324 perdiderunt
1103 2295 1151 2315 eos
1157 2287 1205 2322 qui
1215 2286 1301 2314 secuti
1315 2290 1389 2318 sunt,
1403 2297 1416 2310 α
1433 2287 1488 2321 Ego
1504 2284 1566 2311 veni
1581 2287 1611 2312 ut
1625 2283 1710 2311 vitam

914 2333 1042 2366 habeant,
1053 2343 1066 2359 ιι
1082 2336 1111 2361 et
1120 2331 1222 2368 aliquid
1234 2331 1316 2359 etiam
1331 2343 1344 2355 ιι
1358 2329 1542 2358 abundantius
1553 2328 1682 2362 habeant,
1699 2339 1711 2353 ι

914 2379 1002 2407 sancti
1015 2378 1133 2414 Spiritus
1147 2377 1371 2405 communionem
1384 2385 1391 2404 :
1405 2384 1452 2411 per
1465 2383 1550 2411 quam
1562 2378 1588 2402 et
1599 2381 1714 2410 regnum

917 2424 1052 2452 cmlorum
1079 2422 1228 2458 intelligere
1250 2425 1368 2458 oportet.
1393 2421 1504 2449 Habent
1518 2419 1601 2456 igitur
1615 2426 1714 2447 omnes

917 2468 1037 2497 vitamin
1046 2468 1165 2496 Christo.
1183 2480 1194 2491 ιι
1205 2468 1309 2495 Omnes
1317 2466 1390 2494 enim
1405 2469 1550 2501 resurgent
1563 2464 1586 2483 ⁸³
1600 2475 1613 2489 ››
1629 2469 1658 2492 et
1671 2463 1716 2491 vi-

919 2517 992 2548 vent,
1008 2513 1056 2541 sed
1072 2513 1139 2549 justi
1153 2512 1220 2549 quid
1243 2512 1360 2548 amplius
1375 2511 1489 2544 habent,
1511 2517 1626 2545 regnum
1641 2507 1716 2536 scili-

918 2563 961 2587 cet
977 2558 1119 2586 cmlorum.
1145 2559 1260 2593 Insuper
1283 2561 1310 2584 et
1329 2555 1366 2584 de
1389 2555 1514 2591 passione
1542 2554 1661 2587 disserit,
1685 2561 1718 2580 ac

919 2603 1009 2640 inquit
1023 2613 1029 2631 :
1047 2612 1062 2630 ιι
1073 2602 1201 2631 Animam
1212 2609 1303 2629 meam
1316 2609 1387 2636 pono
1399 2607 1448 2636 pro
1461 2600 1568 2633 ovibus,
1583 2608 1597 2625 ιι
1613 2598 1660 2626 sed
1671 2597 1717 2624 de-

919 2648 1026 2676 clarans
1039 2647 1114 2684 quod
1129 2655 1185 2675 non
1201 2646 1411 2679 involuntarius,
1426 2644 1475 2673 sed
1489 2642 1660 2672 voluntarius
1681 2640 1716 2668 ad

919 2694 1075 2729 passionem
1086 2692 1208 2720 accedat.
1223 2703 1236 2716 ι
1251 2692 1328 2719 Ροιιο
1342 2701 1356 2717 ιι
1368 2690 1443 2718 enim
1458 2688 1592 2724 signiﬁcat
1608 2697 1614 2714 :
1628 2687 1717 2714 Nemo

920 2738 993 2774 rapit
1007 2746 1040 2767 ex
1065 2745 1109 2766 me
1131 2737 1198 2771 8m,
1213 2737 1261 2765 sed
1275 2744 1325 2772 ego
1340 2743 1401 2763 eam
1419 2735 1537 2770 depono.
1565 2733 1648 2759 Natat
1667 2737 1718 2757 au—

99 2797 361 2830 "Jer.xx1u,2t.
400 2795 598 2828 ‘°Act.v,4t.
638 2793 846 2826 5°Rom.vu,A

940 2799 994 2821 oss.
1008 2799 1056 2825 III,
1070 2793 1101 2825 5;
1114 2791 1178 2819 Cor.
1190 2798 1225 2823 ιι,
1241 2792 1279 2817 10.
1319 2788 1340 2806 σι
1354 2788 1425 2816 Psal.
1438 2793 1515 2821 χχιι,
1528 2788 1552 2813 ι.
1590 2784 1617 2803 σε
1631 2784 1718 2811 ICor.

60 2842 120 2869 xv,
137 2836 183 2861 δι.
