  <div class='ocr_page' id='page_1' title='image "/cluster/home/n/w/nwhite01/storage/ocr_20150623/124/njp.32101010942728/063.png"; bbox 0 0 1910 3077; ppageno 0'>
   <div class='ocr_carea' id='block_1_1' title="bbox 195 182 1845 212">
    <p class='ocr_par' dir='ltr' id='par_1_1' title="bbox 195 182 1845 212">
     <span class='ocr_line' id='line_1_1' title="bbox 195 182 1845 212; baseline -0.001 0"><span class='ocrx_word' id='word_1_1' title='bbox 195 186 228 212; x_wconf 83' lang='lat'><strong>59</strong></span> <span class='ocrx_word' id='word_1_2' title='bbox 704 182 746 209; x_wconf 91' lang='lat' dir='ltr'><strong>TH</strong></span> <span class='ocrx_word' id='word_1_3' title='bbox 751 182 959 210; x_wconf 78' lang='lat' dir='ltr'><strong>EOPHYLACTI</strong></span> <span class='ocrx_word' id='word_1_4' title='bbox 978 182 1156 210; x_wconf 68' lang='lat' dir='ltr'><strong>BULGARIE</strong></span> <span class='ocrx_word' id='word_1_5' title='bbox 1175 182 1332 210; x_wconf 84' lang='lat' dir='ltr'><strong>ARCHIEP.</strong></span> <span class='ocrx_word' id='word_1_6' title='bbox 1809 185 1845 212; x_wconf 86' lang='lat'><strong>60</strong></span> 
     </span>
    </p>
   </div>
   <div class='ocr_carea' id='block_1_2' title="bbox 193 243 986 286">
    <p class='ocr_par' dir='ltr' id='par_1_2' title="bbox 193 244 986 282">
     <span class='ocr_line' id='line_1_2' title="bbox 193 244 986 282; baseline -0.005 -6"><span class='ocrx_word' id='word_1_7' title='bbox 193 247 284 281; x_wconf 86' lang='lat' dir='ltr'><strong>cendi,</strong></span> <span class='ocrx_word' id='word_1_8' title='bbox 306 251 335 275; x_wconf 89' lang='lat' dir='ltr'><strong>et</strong></span> <span class='ocrx_word' id='word_1_9' title='bbox 356 245 537 282; x_wconf 82' lang='lat' dir='ltr'><strong>redarguendi</strong></span> <span class='ocrx_word' id='word_1_10' title='bbox 552 252 600 273; x_wconf 92' lang='lat' dir='ltr'><strong>eos</strong></span> <span class='ocrx_word' id='word_1_11' title='bbox 615 245 660 281; x_wconf 88' lang='lat' dir='ltr'><strong>qui</strong></span> <span class='ocrx_word' id='word_1_12' title='bbox 682 244 754 280; x_wconf 89' lang='lat' dir='ltr'><strong>apud</strong></span> <span class='ocrx_word' id='word_1_13' title='bbox 766 244 877 273; x_wconf 64' lang='lat' dir='ltr'><strong>Judmos</strong></span> <span class='ocrx_word' id='word_1_14' title='bbox 896 245 986 281; x_wconf 82' lang='lat' dir='ltr'>magni</span> 
     </span>
    </p>
   </div>
   <div class='ocr_carea' id='block_1_3' title="bbox 1085 243 1843 286">
    <p class='ocr_par' dir='ltr' id='par_1_3' title="bbox 1085 243 1843 286">
     <span class='ocr_line' id='line_1_3' title="bbox 1085 243 1843 286; baseline 0.001 -12"><span class='ocrx_word' id='word_1_15' title='bbox 1085 245 1139 285; x_wconf 84' lang='grc' dir='ltr'>ιίτῃ</span> <span class='ocrx_word' id='word_1_16' title='bbox 1168 247 1207 286; x_wconf 83' lang='grc' dir='ltr'><strong>τῷ</strong></span> <span class='ocrx_word' id='word_1_17' title='bbox 1229 244 1332 278; x_wconf 77' lang='grc' dir='ltr'>οὐδενὸς</span> <span class='ocrx_word' id='word_1_18' title='bbox 1357 244 1436 284; x_wconf 86' lang='grc' dir='ltr'><strong>λόγου</strong></span> <span class='ocrx_word' id='word_1_19' title='bbox 1466 243 1542 285; x_wconf 78' lang='grc' dir='ltr'>ἀξίῳ,</span> <span class='ocrx_word' id='word_1_20' title='bbox 1568 244 1614 274; x_wconf 82' lang='grc' dir='ltr'><strong>καὶ</strong></span> <span class='ocrx_word' id='word_1_21' title='bbox 1632 244 1692 284; x_wconf 79' lang='grc' dir='ltr'>ἐλέγ</span> <span class='ocrx_word' id='word_1_22' title='bbox 1707 256 1751 284; x_wconf 85' lang='grc' dir='ltr'><strong>χει</strong></span> <span class='ocrx_word' id='word_1_23' title='bbox 1783 245 1843 280; x_wconf 79' lang='grc' dir='ltr'>τοὺς</span> 
     </span>
    </p>
   </div>
   <div class='ocr_carea' id='block_1_4' title="bbox 190 289 989 325">
    <p class='ocr_par' dir='ltr' id='par_1_4' title="bbox 190 289 989 325">
     <span class='ocr_line' id='line_1_4' title="bbox 190 289 989 325; baseline -0.004 -5"><span class='ocrx_word' id='word_1_24' title='bbox 190 296 220 321; x_wconf 89' lang='lat' dir='ltr'><strong>et</strong></span> <span class='ocrx_word' id='word_1_25' title='bbox 233 291 371 320; x_wconf 83' lang='lat' dir='ltr'><strong>honorati.</strong></span> <span class='ocrx_word' id='word_1_26' title='bbox 398 291 441 318; x_wconf 84' lang='lat' dir='ltr'><strong>Ita</strong></span> <span class='ocrx_word' id='word_1_27' title='bbox 467 297 568 325; x_wconf 86' lang='lat' dir='ltr'><strong>magna</strong></span> <span class='ocrx_word' id='word_1_28' title='bbox 588 290 647 325; x_wconf 89' lang='lat' dir='ltr'><strong>ejus</strong></span> <span class='ocrx_word' id='word_1_29' title='bbox 661 289 746 317; x_wconf 84' lang='lat' dir='ltr'><strong>virtus</strong></span> <span class='ocrx_word' id='word_1_30' title='bbox 770 289 840 317; x_wconf 81' lang='lat' dir='ltr'><strong>sicut</strong></span> <span class='ocrx_word' id='word_1_31' title='bbox 860 294 887 317; x_wconf 88' lang='lat' dir='ltr'><strong>et</strong></span> <span class='ocrx_word' id='word_1_32' title='bbox 912 297 989 317; x_wconf 89' lang='lat' dir='ltr'><strong>men-</strong></span> 
     </span>
    </p>
   </div>
   <div class='ocr_carea' id='block_1_5' title="bbox 191 333 987 369">
    <p class='ocr_par' dir='ltr' id='par_1_5' title="bbox 191 333 987 369">
     <span class='ocr_line' id='line_1_5' title="bbox 191 333 987 369; baseline -0.006 -3"><span class='ocrx_word' id='word_1_33' title='bbox 191 337 302 366; x_wconf 87' lang='lat' dir='ltr'><strong>dacium</strong></span> <span class='ocrx_word' id='word_1_34' title='bbox 317 335 448 364; x_wconf 76' lang='lat' dir='ltr'><strong>libertatis</strong></span> <span class='ocrx_word' id='word_1_35' title='bbox 458 334 587 369; x_wconf 78' lang='lat' dir='ltr'><strong>carentia,</strong></span> <span class='ocrx_word' id='word_1_36' title='bbox 600 338 628 362; x_wconf 90' lang='lat' dir='ltr'><strong>et</strong></span> <span class='ocrx_word' id='word_1_37' title='bbox 649 333 807 362; x_wconf 84' lang='lat' dir='ltr'><strong>humiliatus</strong></span> <span class='ocrx_word' id='word_1_38' title='bbox 834 342 925 362; x_wconf 85' lang='lat' dir='ltr'><strong>sermo</strong></span> <span class='ocrx_word' id='word_1_39' title='bbox 944 342 987 362; x_wconf 87' lang='lat' dir='ltr'><strong>se-</strong></span> 
     </span>
    </p>
   </div>
   <div class='ocr_carea' id='block_1_6' title="bbox 193 382 298 418">
    <p class='ocr_par' dir='ltr' id='par_1_6' title="bbox 193 382 298 418">
     <span class='ocr_line' id='line_1_6' title="bbox 193 382 298 418; baseline -0.01 -9"><span class='ocrx_word' id='word_1_40' title='bbox 193 382 298 418; x_wconf 83' lang='lat' dir='ltr'><strong>quitur.</strong></span> 
     </span>
    </p>
   </div>
   <div class='ocr_carea' id='block_1_7' title="bbox 228 431 986 467">
    <p class='ocr_par' dir='ltr' id='par_1_7' title="bbox 228 431 986 467">
     <span class='ocr_line' id='line_1_7' title="bbox 228 431 986 467; baseline 0 -7"><span class='ocrx_word' id='word_1_41' title='bbox 228 434 317 460; x_wconf 72' lang='lat' dir='ltr'><strong>Vnns.</strong></span> <span class='ocrx_word' id='word_1_42' title='bbox 345 435 434 460; x_wconf 77' lang='lat'><strong>34-38.</strong></span> <span class='ocrx_word' id='word_1_43' title='bbox 462 441 477 459; x_wconf 78' lang='grc' dir='ltr'><strong>α</strong></span> <span class='ocrx_word' id='word_1_44' title='bbox 502 431 713 467; x_wconf 76' lang='lat' dir='ltr'><strong>Responderunt</strong></span> <span class='ocrx_word' id='word_1_45' title='bbox 736 435 763 459; x_wconf 88' lang='lat' dir='ltr'><strong>et</strong></span> <span class='ocrx_word' id='word_1_46' title='bbox 787 431 914 459; x_wconf 84' lang='lat' dir='ltr'><strong>dixerunt</strong></span> <span class='ocrx_word' id='word_1_47' title='bbox 933 431 958 459; x_wconf 90' lang='lat' dir='ltr'><strong>ei</strong></span> <span class='ocrx_word' id='word_1_48' title='bbox 979 441 986 460; x_wconf 88' lang='lat'><strong>:</strong></span> 
     </span>
    </p>
   </div>
   <div class='ocr_carea' id='block_1_8' title="bbox 191 475 989 513">
    <p class='ocr_par' dir='ltr' id='par_1_8' title="bbox 191 475 989 513">
     <span class='ocr_line' id='line_1_8' title="bbox 191 475 989 513; baseline 0 -9"><span class='ocrx_word' id='word_1_49' title='bbox 191 479 225 505; x_wconf 88' lang='lat' dir='ltr'><strong>In</strong></span> <span class='ocrx_word' id='word_1_50' title='bbox 245 476 364 513; x_wconf 79' lang='lat' dir='ltr'><strong>peccatis</strong></span> <span class='ocrx_word' id='word_1_51' title='bbox 383 481 465 504; x_wconf 79' lang='lat' dir='ltr'><strong>natus</strong></span> <span class='ocrx_word' id='word_1_52' title='bbox 490 484 520 505; x_wconf 90' lang='lat' dir='ltr'><strong>es</strong></span> <span class='ocrx_word' id='word_1_53' title='bbox 541 481 626 510; x_wconf 89' lang='lat' dir='ltr'><strong>totus,</strong></span> <span class='ocrx_word' id='word_1_54' title='bbox 651 481 678 503; x_wconf 85' lang='lat' dir='ltr'><strong>et</strong></span> <span class='ocrx_word' id='word_1_55' title='bbox 699 481 729 504; x_wconf 89' lang='lat' dir='ltr'><strong>tu</strong></span> <span class='ocrx_word' id='word_1_56' title='bbox 756 475 838 504; x_wconf 86' lang='lat' dir='ltr'><strong>doces</strong></span> <span class='ocrx_word' id='word_1_57' title='bbox 859 478 931 504; x_wconf 80' lang='lat' dir='ltr'><strong>nos?</strong></span> <span class='ocrx_word' id='word_1_58' title='bbox 955 477 989 504; x_wconf 90' lang='lat' dir='ltr'><strong>Et</strong></span> 
     </span>
    </p>
   </div>
   <div class='ocr_carea' id='block_1_9' title="bbox 192 520 988 558">
    <p class='ocr_par' dir='ltr' id='par_1_9' title="bbox 192 520 988 558">
     <span class='ocr_line' id='line_1_9' title="bbox 192 520 988 558; baseline -0.001 -9"><span class='ocrx_word' id='word_1_59' title='bbox 192 522 330 558; x_wconf 86' lang='lat' dir='ltr'><strong>ejecerunt</strong></span> <span class='ocrx_word' id='word_1_60' title='bbox 350 529 415 550; x_wconf 90' lang='lat' dir='ltr'><strong>eum</strong></span> <span class='ocrx_word' id='word_1_61' title='bbox 430 520 514 549; x_wconf 83' lang='lat' dir='ltr'><strong>foras.</strong></span> <span class='ocrx_word' id='word_1_62' title='bbox 531 521 643 549; x_wconf 81' lang='lat' dir='ltr'><strong>Audivit</strong></span> <span class='ocrx_word' id='word_1_63' title='bbox 665 522 745 548; x_wconf 89' lang='lat' dir='ltr'><strong>Jesus</strong></span> <span class='ocrx_word' id='word_1_64' title='bbox 761 521 835 557; x_wconf 91' lang='lat' dir='ltr'><strong>quod</strong></span> <span class='ocrx_word' id='word_1_65' title='bbox 849 521 988 557; x_wconf 76' lang='lat' dir='ltr'><strong>ejecissent</strong></span> 
     </span>
    </p>
   </div>
   <div class='ocr_carea' id='block_1_10' title="bbox 193 566 989 602">
    <p class='ocr_par' dir='ltr' id='par_1_10' title="bbox 193 566 989 602">
     <span class='ocr_line' id='line_1_10' title="bbox 193 566 989 602; baseline -0.003 -7"><span class='ocrx_word' id='word_1_66' title='bbox 193 575 258 595; x_wconf 91' lang='lat' dir='ltr'><strong>eum</strong></span> <span class='ocrx_word' id='word_1_67' title='bbox 275 566 351 595; x_wconf 82' lang='lat' dir='ltr'><strong>foras</strong></span> <span class='ocrx_word' id='word_1_68' title='bbox 374 575 381 594; x_wconf 86' lang='lat'><strong>:</strong></span> <span class='ocrx_word' id='word_1_69' title='bbox 397 574 515 602; x_wconf 89' lang='lat' dir='ltr'><strong>cumque</strong></span> <span class='ocrx_word' id='word_1_70' title='bbox 534 566 679 593; x_wconf 76' lang='lat' dir='ltr'><strong>invenisset</strong></span> <span class='ocrx_word' id='word_1_71' title='bbox 703 574 777 600; x_wconf 88' lang='lat' dir='ltr'><strong>eum,</strong></span> <span class='ocrx_word' id='word_1_72' title='bbox 792 566 860 593; x_wconf 80' lang='lat' dir='ltr'><strong>dixit</strong></span> <span class='ocrx_word' id='word_1_73' title='bbox 874 566 896 593; x_wconf 92' lang='lat' dir='ltr'><strong>ei</strong></span> <span class='ocrx_word' id='word_1_74' title='bbox 913 577 919 594; x_wconf 91' lang='lat'>:</span> <span class='ocrx_word' id='word_1_75' title='bbox 947 567 989 593; x_wconf 89' lang='lat' dir='ltr'><strong>Tu</strong></span> 
     </span>
    </p>
   </div>
   <div class='ocr_carea' id='block_1_11' title="bbox 193 610 989 646">
    <p class='ocr_par' dir='ltr' id='par_1_11' title="bbox 193 610 989 646">
     <span class='ocr_line' id='line_1_11' title="bbox 193 610 989 646; baseline -0.001 -7"><span class='ocrx_word' id='word_1_76' title='bbox 193 611 281 639; x_wconf 79' lang='lat' dir='ltr'><strong>credis</strong></span> <span class='ocrx_word' id='word_1_77' title='bbox 302 611 330 638; x_wconf 94' lang='lat' dir='ltr'><strong>in</strong></span> <span class='ocrx_word' id='word_1_78' title='bbox 344 611 445 639; x_wconf 87' lang='lat' dir='ltr'><strong>Filium</strong></span> <span class='ocrx_word' id='word_1_79' title='bbox 462 611 529 639; x_wconf 82' lang='lat' dir='ltr'><strong>Dei?</strong></span> <span class='ocrx_word' id='word_1_80' title='bbox 552 610 707 646; x_wconf 73' lang='lat' dir='ltr'><strong>Respondit</strong></span> <span class='ocrx_word' id='word_1_81' title='bbox 726 611 769 638; x_wconf 89' lang='lat' dir='ltr'><strong>ille</strong></span> <span class='ocrx_word' id='word_1_82' title='bbox 780 615 807 638; x_wconf 90' lang='lat' dir='ltr'><strong>et</strong></span> <span class='ocrx_word' id='word_1_83' title='bbox 821 611 889 638; x_wconf 91' lang='lat' dir='ltr'><strong>dixit</strong></span> <span class='ocrx_word' id='word_1_84' title='bbox 903 620 908 638; x_wconf 96' lang='lat'>:</span> <span class='ocrx_word' id='word_1_85' title='bbox 922 610 989 645; x_wconf 87' lang='lat' dir='ltr'><strong>Quis</strong></span> 
     </span>
    </p>
   </div>
   <div class='ocr_carea' id='block_1_12' title="bbox 192 654 987 690">
    <p class='ocr_par' dir='ltr' id='par_1_12' title="bbox 192 654 987 690">
     <span class='ocr_line' id='line_1_12' title="bbox 192 654 987 690; baseline -0.003 -6"><span class='ocrx_word' id='word_1_86' title='bbox 192 660 244 690; x_wconf 88' lang='lat' dir='ltr'><strong>est,</strong></span> <span class='ocrx_word' id='word_1_87' title='bbox 261 655 394 689; x_wconf 84' lang='lat' dir='ltr'><strong>Domine,</strong></span> <span class='ocrx_word' id='word_1_88' title='bbox 410 659 441 682; x_wconf 86' lang='lat' dir='ltr'><strong>ut</strong></span> <span class='ocrx_word' id='word_1_89' title='bbox 455 655 566 683; x_wconf 84' lang='lat' dir='ltr'><strong>credam</strong></span> <span class='ocrx_word' id='word_1_90' title='bbox 582 655 609 682; x_wconf 93' lang='lat' dir='ltr'><strong>in</strong></span> <span class='ocrx_word' id='word_1_91' title='bbox 623 655 707 682; x_wconf 81' lang='lat' dir='ltr'><strong>eum?</strong></span> <span class='ocrx_word' id='word_1_92' title='bbox 728 656 760 682; x_wconf 87' lang='lat' dir='ltr'><strong>Et</strong></span> <span class='ocrx_word' id='word_1_93' title='bbox 772 655 839 682; x_wconf 87' lang='lat' dir='ltr'><strong>dixit</strong></span> <span class='ocrx_word' id='word_1_94' title='bbox 852 654 876 682; x_wconf 91' lang='lat' dir='ltr'><strong>ei</strong></span> <span class='ocrx_word' id='word_1_95' title='bbox 889 656 987 682; x_wconf 86' lang='lat' dir='ltr'><strong>Jesus:</strong></span> 
     </span>
    </p>
   </div>
   <div class='ocr_carea' id='block_1_13' title="bbox 192 699 989 736">
    <p class='ocr_par' dir='ltr' id='par_1_13' title="bbox 192 699 989 736">
     <span class='ocr_line' id='line_1_13' title="bbox 192 699 989 736; baseline -0.001 -8"><span class='ocrx_word' id='word_1_96' title='bbox 192 702 228 729; x_wconf 84' lang='lat' dir='ltr'><strong>Et</strong></span> <span class='ocrx_word' id='word_1_97' title='bbox 242 700 332 728; x_wconf 84' lang='lat' dir='ltr'><strong>vidisti</strong></span> <span class='ocrx_word' id='word_1_98' title='bbox 348 708 424 733; x_wconf 91' lang='lat' dir='ltr'><strong>eum,</strong></span> <span class='ocrx_word' id='word_1_99' title='bbox 440 704 467 727; x_wconf 90' lang='lat' dir='ltr'><strong>et</strong></span> <span class='ocrx_word' id='word_1_100' title='bbox 493 700 539 736; x_wconf 87' lang='lat' dir='ltr'><strong>qui</strong></span> <span class='ocrx_word' id='word_1_101' title='bbox 554 700 676 735; x_wconf 88' lang='lat' dir='ltr'><strong>loquitur</strong></span> <span class='ocrx_word' id='word_1_102' title='bbox 691 704 792 733; x_wconf 83' lang='lat' dir='ltr'><strong>tecum,</strong></span> <span class='ocrx_word' id='word_1_103' title='bbox 805 699 863 735; x_wconf 88' lang='lat' dir='ltr'><strong>ipse</strong></span> <span class='ocrx_word' id='word_1_104' title='bbox 883 703 934 727; x_wconf 90' lang='lat' dir='ltr'><strong>est.</strong></span> <span class='ocrx_word' id='word_1_105' title='bbox 953 702 989 728; x_wconf 89' lang='lat' dir='ltr'><strong>At</strong></span> 
     </span>
    </p>
   </div>
   <div class='ocr_carea' id='block_1_14' title="bbox 191 744 988 779">
    <p class='ocr_par' dir='ltr' id='par_1_14' title="bbox 191 744 988 779">
     <span class='ocr_line' id='line_1_14' title="bbox 191 744 988 779; baseline -0.001 -7"><span class='ocrx_word' id='word_1_106' title='bbox 191 745 236 773; x_wconf 89' lang='lat' dir='ltr'><strong>ille</strong></span> <span class='ocrx_word' id='word_1_107' title='bbox 247 745 286 773; x_wconf 86' lang='lat' dir='ltr'><strong>ait</strong></span> <span class='ocrx_word' id='word_1_108' title='bbox 302 744 414 778; x_wconf 88' lang='lat' dir='ltr'><strong>:Credo,</strong></span> <span class='ocrx_word' id='word_1_109' title='bbox 423 744 554 772; x_wconf 85' lang='lat' dir='ltr'><strong>Domine.</strong></span> <span class='ocrx_word' id='word_1_110' title='bbox 565 745 601 771; x_wconf 87' lang='lat' dir='ltr'><strong>Et</strong></span> <span class='ocrx_word' id='word_1_111' title='bbox 613 744 735 772; x_wconf 86' lang='lat' dir='ltr'><strong>adoravit</strong></span> <span class='ocrx_word' id='word_1_112' title='bbox 744 752 819 772; x_wconf 90' lang='lat' dir='ltr'><strong>eum.</strong></span> <span class='ocrx_word' id='word_1_113' title='bbox 833 756 845 768; x_wconf 62' lang='grc' dir='ltr'><strong>ν</strong></span> <span class='ocrx_word' id='word_1_114' title='bbox 860 744 988 779; x_wconf 91' lang='lat' dir='ltr'><strong>Quandiu</strong></span> 
     </span>
    </p>
   </div>
   <div class='ocr_carea' id='block_1_15' title="bbox 191 789 987 825">
    <p class='ocr_par' dir='ltr' id='par_1_15' title="bbox 191 789 987 825">
     <span class='ocr_line' id='line_1_15' title="bbox 191 789 987 825; baseline -0.001 -8"><span class='ocrx_word' id='word_1_115' title='bbox 191 789 340 825; x_wconf 82' lang='lat' dir='ltr'><strong>sperabant</strong></span> <span class='ocrx_word' id='word_1_116' title='bbox 365 789 399 817; x_wconf 85' lang='lat' dir='ltr'><strong>ab</strong></span> <span class='ocrx_word' id='word_1_117' title='bbox 425 789 539 817; x_wconf 89' lang='lat' dir='ltr'><strong>homine</strong></span> <span class='ocrx_word' id='word_1_118' title='bbox 565 789 639 825; x_wconf 91' lang='lat' dir='ltr'><strong>quod</strong></span> <span class='ocrx_word' id='word_1_119' title='bbox 664 789 702 817; x_wconf 89' lang='lat' dir='ltr'><strong>eis</strong></span> <span class='ocrx_word' id='word_1_120' title='bbox 726 793 801 825; x_wconf 84' lang='lat' dir='ltr'><strong>grata</strong></span> <span class='ocrx_word' id='word_1_121' title='bbox 820 789 987 825; x_wconf 85' lang='lat' dir='ltr'><strong>loqueretur,</strong></span> 
     </span>
    </p>
   </div>
   <div class='ocr_carea' id='block_1_16' title="bbox 192 834 986 870">
    <p class='ocr_par' dir='ltr' id='par_1_16' title="bbox 192 834 986 870">
     <span class='ocr_line' id='line_1_16' title="bbox 192 834 986 870; baseline -0.001 -8"><span class='ocrx_word' id='word_1_122' title='bbox 192 835 366 863; x_wconf 84' lang='lat' dir='ltr'><strong>advocabant</strong></span> <span class='ocrx_word' id='word_1_123' title='bbox 380 842 444 862; x_wconf 87' lang='lat' dir='ltr'><strong>eum</strong></span> <span class='ocrx_word' id='word_1_124' title='bbox 457 839 485 862; x_wconf 89' lang='lat' dir='ltr'><strong>et</strong></span> <span class='ocrx_word' id='word_1_125' title='bbox 501 834 717 870; x_wconf 83' lang='lat' dir='ltr'><strong>interrogabant,</strong></span> <span class='ocrx_word' id='word_1_126' title='bbox 732 834 816 869; x_wconf 87' lang='lat' dir='ltr'><strong>idque</strong></span> <span class='ocrx_word' id='word_1_127' title='bbox 832 842 913 870; x_wconf 73' lang='lat' dir='ltr'><strong>saepe.</strong></span> <span class='ocrx_word' id='word_1_128' title='bbox 930 834 986 862; x_wconf 85' lang='lat' dir='ltr'><strong>Ubi</strong></span> 
     </span>
    </p>
   </div>
   <div class='ocr_carea' id='block_1_17' title="bbox 192 879 989 916">
    <p class='ocr_par' dir='ltr' id='par_1_17' title="bbox 192 879 989 916">
     <span class='ocr_line' id='line_1_17' title="bbox 192 879 989 916; baseline -0.001 -9"><span class='ocrx_word' id='word_1_129' title='bbox 192 884 288 908; x_wconf 86' lang='lat' dir='ltr'><strong>autem</strong></span> <span class='ocrx_word' id='word_1_130' title='bbox 308 883 477 915; x_wconf 85' lang='lat' dir='ltr'><strong>agnoverunt</strong></span> <span class='ocrx_word' id='word_1_131' title='bbox 497 887 562 907; x_wconf 87' lang='lat' dir='ltr'><strong>eum</strong></span> <span class='ocrx_word' id='word_1_132' title='bbox 581 887 614 907; x_wconf 85' lang='lat' dir='ltr'><strong>ex</strong></span> <span class='ocrx_word' id='word_1_133' title='bbox 629 879 764 914; x_wconf 86' lang='lat' dir='ltr'><strong>responsis</strong></span> <span class='ocrx_word' id='word_1_134' title='bbox 777 887 832 907; x_wconf 89' lang='lat' dir='ltr'><strong>non</strong></span> <span class='ocrx_word' id='word_1_135' title='bbox 847 879 929 916; x_wconf 66' lang='grc'><strong>64],</strong></span> <span class='ocrx_word' id='word_1_136' title='bbox 946 887 989 907; x_wconf 91' lang='lat' dir='ltr'><strong>sa-</strong></span> 
     </span>
    </p>
   </div>
   <div class='ocr_carea' id='block_1_18' title="bbox 193 923 987 960">
    <p class='ocr_par' dir='ltr' id='par_1_18' title="bbox 193 923 987 960">
     <span class='ocr_line' id='line_1_18' title="bbox 193 923 987 960; baseline 0 -8"><span class='ocrx_word' id='word_1_137' title='bbox 193 932 257 960; x_wconf 87' lang='lat' dir='ltr'><strong>pere</strong></span> <span class='ocrx_word' id='word_1_138' title='bbox 278 932 340 960; x_wconf 78' lang='lat' dir='ltr'><strong>quze</strong></span> <span class='ocrx_word' id='word_1_139' title='bbox 359 924 480 958; x_wconf 89' lang='lat' dir='ltr'><strong>illorum,</strong></span> <span class='ocrx_word' id='word_1_140' title='bbox 494 923 542 952; x_wconf 91' lang='lat' dir='ltr'><strong>sed</strong></span> <span class='ocrx_word' id='word_1_141' title='bbox 556 923 648 952; x_wconf 84' lang='lat' dir='ltr'><strong>favere</strong></span> <span class='ocrx_word' id='word_1_142' title='bbox 662 924 766 951; x_wconf 90' lang='lat' dir='ltr'><strong>veritati</strong></span> <span class='ocrx_word' id='word_1_143' title='bbox 784 933 790 950; x_wconf 95' lang='lat'>:</span> <span class='ocrx_word' id='word_1_144' title='bbox 806 929 987 952; x_wconf 84' lang='lat' dir='ltr'><strong>contemnunt</strong></span> 
     </span>
    </p>
   </div>
   <div class='ocr_carea' id='block_1_19' title="bbox 191 968 988 1005">
    <p class='ocr_par' dir='ltr' id='par_1_19' title="bbox 191 968 988 1005">
     <span class='ocr_line' id='line_1_19' title="bbox 191 968 988 1005; baseline 0 -9"><span class='ocrx_word' id='word_1_145' title='bbox 191 968 304 1005; x_wconf 90' lang='lat' dir='ltr'><strong>quidem</strong></span> <span class='ocrx_word' id='word_1_146' title='bbox 324 969 412 1002; x_wconf 93' lang='lat' dir='ltr'><strong>illum,</strong></span> <span class='ocrx_word' id='word_1_147' title='bbox 426 972 521 1004; x_wconf 90' lang='lat' dir='ltr'><strong>utpote</strong></span> <span class='ocrx_word' id='word_1_148' title='bbox 535 969 562 996; x_wconf 90' lang='lat' dir='ltr'><strong>in</strong></span> <span class='ocrx_word' id='word_1_149' title='bbox 577 968 695 1004; x_wconf 86' lang='lat' dir='ltr'><strong>peccatis</strong></span> <span class='ocrx_word' id='word_1_150' title='bbox 705 972 812 1002; x_wconf 89' lang='lat' dir='ltr'><strong>natum,</strong></span> <span class='ocrx_word' id='word_1_151' title='bbox 830 969 988 1004; x_wconf 74' lang='lat' dir='ltr'><strong>insipienter</strong></span> 
     </span>
    </p>
   </div>
   <div class='ocr_carea' id='block_1_20' title="bbox 192 1013 987 1049">
    <p class='ocr_par' dir='ltr' id='par_1_20' title="bbox 192 1013 987 1049">
     <span class='ocr_line' id='line_1_20' title="bbox 192 1013 987 1049; baseline 0 -8"><span class='ocrx_word' id='word_1_152' title='bbox 192 1013 305 1042; x_wconf 87' lang='lat' dir='ltr'><strong>omnino</strong></span> <span class='ocrx_word' id='word_1_153' title='bbox 326 1013 478 1041; x_wconf 73' lang='lat' dir='ltr'><strong>caecitatem</strong></span> <span class='ocrx_word' id='word_1_154' title='bbox 497 1013 520 1041; x_wconf 89' lang='lat' dir='ltr'><strong>ei</strong></span> <span class='ocrx_word' id='word_1_155' title='bbox 547 1013 720 1049; x_wconf 85' lang='lat' dir='ltr'><strong>objicientes,</strong></span> <span class='ocrx_word' id='word_1_156' title='bbox 746 1017 775 1041; x_wconf 87' lang='lat' dir='ltr'><strong>et</strong></span> <span class='ocrx_word' id='word_1_157' title='bbox 800 1013 987 1041; x_wconf 83' lang='lat' dir='ltr'><strong>existimantes</strong></span> 
     </span>
    </p>
   </div>
   <div class='ocr_carea' id='block_1_21' title="bbox 192 1057 986 1094">
    <p class='ocr_par' dir='ltr' id='par_1_21' title="bbox 192 1057 986 1094">
     <span class='ocr_line' id='line_1_21' title="bbox 192 1057 986 1094; baseline 0 -9"><span class='ocrx_word' id='word_1_158' title='bbox 192 1058 266 1094; x_wconf 92' lang='lat' dir='ltr'><strong>quod</strong></span> <span class='ocrx_word' id='word_1_159' title='bbox 277 1058 354 1094; x_wconf 87' lang='lat' dir='ltr'><strong>quasi</strong></span> <span class='ocrx_word' id='word_1_160' title='bbox 373 1057 546 1092; x_wconf 88' lang='lat' dir='ltr'><strong>maledictus,</strong></span> <span class='ocrx_word' id='word_1_161' title='bbox 560 1061 586 1085; x_wconf 89' lang='lat' dir='ltr'><strong>et</strong></span> <span class='ocrx_word' id='word_1_162' title='bbox 598 1062 661 1086; x_wconf 86' lang='lat' dir='ltr'><strong>ante</strong></span> <span class='ocrx_word' id='word_1_163' title='bbox 676 1058 845 1085; x_wconf 83' lang='lat' dir='ltr'><strong>nativitatem</strong></span> <span class='ocrx_word' id='word_1_164' title='bbox 855 1058 986 1086; x_wconf 83' lang='lat' dir='ltr'><strong>condem-</strong></span> 
     </span>
    </p>
   </div>
   <div class='ocr_carea' id='block_1_22' title="bbox 190 1102 988 1138">
    <p class='ocr_par' dir='ltr' id='par_1_22' title="bbox 190 1102 988 1138">
     <span class='ocr_line' id='line_1_22' title="bbox 190 1102 988 1138; baseline 0.001 -8"><span class='ocrx_word' id='word_1_165' title='bbox 190 1107 271 1131; x_wconf 89' lang='lat' dir='ltr'><strong>natus</strong></span> <span class='ocrx_word' id='word_1_166' title='bbox 292 1107 363 1131; x_wconf 90' lang='lat' dir='ltr'><strong>esset</strong></span> <span class='ocrx_word' id='word_1_167' title='bbox 385 1107 415 1130; x_wconf 90' lang='lat' dir='ltr'><strong>ut</strong></span> <span class='ocrx_word' id='word_1_168' title='bbox 436 1111 525 1131; x_wconf 69' lang='lat' dir='ltr'><strong>caecus</strong></span> <span class='ocrx_word' id='word_1_169' title='bbox 541 1106 697 1130; x_wconf 89' lang='lat' dir='ltr'><strong>nasceretur</strong></span> <span class='ocrx_word' id='word_1_170' title='bbox 714 1112 720 1130; x_wconf 96' lang='lat'>:</span> <span class='ocrx_word' id='word_1_171' title='bbox 743 1102 770 1130; x_wconf 91' lang='lat' dir='ltr'><strong>id</strong></span> <span class='ocrx_word' id='word_1_172' title='bbox 785 1103 859 1138; x_wconf 91' lang='lat' dir='ltr'><strong>quod</strong></span> <span class='ocrx_word' id='word_1_173' title='bbox 882 1104 988 1132; x_wconf 85' lang='lat' dir='ltr'><strong>ratione</strong></span> 
     </span>
    </p>
   </div>
   <div class='ocr_carea' id='block_1_23' title="bbox 190 1147 988 1184">
    <p class='ocr_par' dir='ltr' id='par_1_23' title="bbox 190 1147 988 1184">
     <span class='ocr_line' id='line_1_23' title="bbox 190 1147 988 1184; baseline 0 -9"><span class='ocrx_word' id='word_1_174' title='bbox 190 1147 311 1176; x_wconf 87' lang='lat' dir='ltr'><strong>carebat.</strong></span> <span class='ocrx_word' id='word_1_175' title='bbox 337 1147 460 1184; x_wconf 84' lang='lat' dir='ltr'><strong>Ejiciunt</strong></span> <span class='ocrx_word' id='word_1_176' title='bbox 474 1152 570 1175; x_wconf 85' lang='lat' dir='ltr'><strong>autem</strong></span> <span class='ocrx_word' id='word_1_177' title='bbox 593 1148 671 1175; x_wconf 90' lang='lat' dir='ltr'><strong>illum</strong></span> <span class='ocrx_word' id='word_1_178' title='bbox 692 1152 769 1176; x_wconf 85' lang='lat' dir='ltr'><strong>extra</strong></span> <span class='ocrx_word' id='word_1_179' title='bbox 783 1148 928 1183; x_wconf 87' lang='lat' dir='ltr'><strong>templum,</strong></span> <span class='ocrx_word' id='word_1_180' title='bbox 957 1153 988 1176; x_wconf 89' lang='lat' dir='ltr'><strong>ut</strong></span> 
     </span>
    </p>
   </div>
   <div class='ocr_carea' id='block_1_24' title="bbox 189 1192 987 1226">
    <p class='ocr_par' dir='ltr' id='par_1_24' title="bbox 189 1192 987 1226">
     <span class='ocr_line' id='line_1_24' title="bbox 189 1192 987 1226; baseline 0 -6"><span class='ocrx_word' id='word_1_181' title='bbox 189 1192 376 1221; x_wconf 82' lang='lat' dir='ltr'><strong>confessorem</strong></span> <span class='ocrx_word' id='word_1_182' title='bbox 399 1193 530 1226; x_wconf 88' lang='lat' dir='ltr'><strong>veritatis,</strong></span> <span class='ocrx_word' id='word_1_183' title='bbox 553 1192 602 1220; x_wconf 90' lang='lat' dir='ltr'><strong>ﬁlii</strong></span> <span class='ocrx_word' id='word_1_184' title='bbox 625 1192 774 1220; x_wconf 86' lang='lat' dir='ltr'><strong>mendacii.</strong></span> <span class='ocrx_word' id='word_1_185' title='bbox 800 1192 853 1220; x_wconf 87' lang='lat' dir='ltr'><strong>Sed</strong></span> <span class='ocrx_word' id='word_1_186' title='bbox 867 1192 929 1220; x_wconf 88' lang='lat' dir='ltr'><strong>vide</strong></span> <span class='ocrx_word' id='word_1_187' title='bbox 943 1192 987 1220; x_wconf 91' lang='lat' dir='ltr'><strong>lu—</strong></span> 
     </span>
    </p>
   </div>
   <div class='ocr_carea' id='block_1_25' title="bbox 190 1237 988 1274">
    <p class='ocr_par' dir='ltr' id='par_1_25' title="bbox 190 1237 988 1274">
     <span class='ocr_line' id='line_1_25' title="bbox 190 1237 988 1274; baseline -0.001 -9"><span class='ocrx_word' id='word_1_188' title='bbox 190 1245 278 1266; x_wconf 92' lang='lat' dir='ltr'><strong>crum.</strong></span> <span class='ocrx_word' id='word_1_189' title='bbox 293 1237 403 1274; x_wconf 82' lang='lat' dir='ltr'><strong>Ejectus</strong></span> <span class='ocrx_word' id='word_1_190' title='bbox 422 1242 462 1265; x_wconf 88' lang='lat' dir='ltr'><strong>est</strong></span> <span class='ocrx_word' id='word_1_191' title='bbox 480 1246 512 1265; x_wconf 90' lang='lat' dir='ltr'><strong>ex</strong></span> <span class='ocrx_word' id='word_1_192' title='bbox 527 1237 643 1273; x_wconf 91' lang='lat' dir='ltr'><strong>templo,</strong></span> <span class='ocrx_word' id='word_1_193' title='bbox 657 1241 684 1265; x_wconf 84' lang='lat' dir='ltr'><strong>et</strong></span> <span class='ocrx_word' id='word_1_194' title='bbox 698 1237 788 1265; x_wconf 90' lang='lat' dir='ltr'><strong>statim</strong></span> <span class='ocrx_word' id='word_1_195' title='bbox 801 1237 906 1264; x_wconf 89' lang='lat' dir='ltr'><strong>invenit</strong></span> <span class='ocrx_word' id='word_1_196' title='bbox 924 1244 988 1264; x_wconf 90' lang='lat' dir='ltr'><strong>eum</strong></span> 
     </span>
    </p>
   </div>
   <div class='ocr_carea' id='block_1_26' title="bbox 188 1281 987 1318">
    <p class='ocr_par' dir='ltr' id='par_1_26' title="bbox 188 1281 987 1318">
     <span class='ocr_line' id='line_1_26' title="bbox 188 1281 987 1318; baseline -0.003 -8"><span class='ocrx_word' id='word_1_197' title='bbox 188 1283 325 1310; x_wconf 87' lang='lat' dir='ltr'><strong>Dominus</strong></span> <span class='ocrx_word' id='word_1_198' title='bbox 338 1282 444 1318; x_wconf 90' lang='lat' dir='ltr'><strong>templi.</strong></span> <span class='ocrx_word' id='word_1_199' title='bbox 461 1283 645 1318; x_wconf 87' lang='lat' dir='ltr'><strong>Contemptus</strong></span> <span class='ocrx_word' id='word_1_200' title='bbox 661 1281 712 1309; x_wconf 84' lang='lat' dir='ltr'><strong>fuit</strong></span> <span class='ocrx_word' id='word_1_201' title='bbox 727 1282 856 1318; x_wconf 87' lang='lat' dir='ltr'><strong>opinione</strong></span> <span class='ocrx_word' id='word_1_202' title='bbox 876 1282 987 1309; x_wconf 90' lang='lat' dir='ltr'><strong>illorum</strong></span> 
     </span>
    </p>
   </div>
   <div class='ocr_carea' id='block_1_27' title="bbox 189 1326 988 1363">
    <p class='ocr_par' dir='ltr' id='par_1_27' title="bbox 189 1326 988 1363">
     <span class='ocr_line' id='line_1_27' title="bbox 189 1326 988 1363; baseline -0.003 -8"><span class='ocrx_word' id='word_1_203' title='bbox 189 1331 301 1363; x_wconf 87' lang='lat' dir='ltr'><strong>propter</strong></span> <span class='ocrx_word' id='word_1_204' title='bbox 321 1327 472 1360; x_wconf 82' lang='lat' dir='ltr'><strong>Christum,</strong></span> <span class='ocrx_word' id='word_1_205' title='bbox 494 1331 521 1354; x_wconf 90' lang='lat' dir='ltr'><strong>et</strong></span> <span class='ocrx_word' id='word_1_206' title='bbox 535 1327 686 1354; x_wconf 90' lang='lat' dir='ltr'><strong>honoratus</strong></span> <span class='ocrx_word' id='word_1_207' title='bbox 705 1330 746 1354; x_wconf 89' lang='lat' dir='ltr'><strong>est</strong></span> <span class='ocrx_word' id='word_1_208' title='bbox 767 1326 906 1362; x_wconf 86' lang='lat' dir='ltr'><strong>agnitione</strong></span> <span class='ocrx_word' id='word_1_209' title='bbox 926 1326 988 1354; x_wconf 90' lang='lat' dir='ltr'><strong>Filii</strong></span> 
     </span>
    </p>
   </div>
   <div class='ocr_carea' id='block_1_28' title="bbox 189 1371 988 1407">
    <p class='ocr_par' dir='ltr' id='par_1_28' title="bbox 189 1371 988 1407">
     <span class='ocr_line' id='line_1_28' title="bbox 189 1371 988 1407; baseline -0.001 -7"><span class='ocrx_word' id='word_1_210' title='bbox 189 1372 251 1400; x_wconf 91' lang='lat' dir='ltr'><strong>Dei.</strong></span> <span class='ocrx_word' id='word_1_211' title='bbox 267 1372 373 1400; x_wconf 88' lang='lat' dir='ltr'><strong>lnvenit</strong></span> <span class='ocrx_word' id='word_1_212' title='bbox 388 1372 460 1399; x_wconf 87' lang='lat' dir='ltr'><strong>enim</strong></span> <span class='ocrx_word' id='word_1_213' title='bbox 471 1371 559 1404; x_wconf 88' lang='lat' dir='ltr'><strong>illum,</strong></span> <span class='ocrx_word' id='word_1_214' title='bbox 569 1372 667 1407; x_wconf 89' lang='lat' dir='ltr'><strong>inquit,</strong></span> <span class='ocrx_word' id='word_1_215' title='bbox 678 1373 769 1406; x_wconf 76' lang='lat' dir='ltr'><strong>Iesus,</strong></span> <span class='ocrx_word' id='word_1_216' title='bbox 784 1371 988 1407; x_wconf 90' lang='lat' dir='ltr'><strong>quodammodo</strong></span> 
     </span>
    </p>
   </div>
   <div class='ocr_carea' id='block_1_29' title="bbox 190 1415 989 1452">
    <p class='ocr_par' dir='ltr' id='par_1_29' title="bbox 190 1415 989 1452">
     <span class='ocr_line' id='line_1_29' title="bbox 190 1415 989 1452; baseline -0.001 -8"><span class='ocrx_word' id='word_1_217' title='bbox 190 1417 282 1444; x_wconf 89' lang='lat' dir='ltr'><strong>dedita</strong></span> <span class='ocrx_word' id='word_1_218' title='bbox 295 1424 377 1452; x_wconf 87' lang='lat' dir='ltr'><strong>opera</strong></span> <span class='ocrx_word' id='word_1_219' title='bbox 390 1416 424 1444; x_wconf 88' lang='lat' dir='ltr'><strong>ad</strong></span> <span class='ocrx_word' id='word_1_220' title='bbox 447 1416 500 1443; x_wconf 91' lang='lat' dir='ltr'><strong>hoc</strong></span> <span class='ocrx_word' id='word_1_221' title='bbox 514 1416 638 1449; x_wconf 87' lang='lat' dir='ltr'><strong>veniens,</strong></span> <span class='ocrx_word' id='word_1_222' title='bbox 654 1420 683 1444; x_wconf 91' lang='lat' dir='ltr'><strong>ut</strong></span> <span class='ocrx_word' id='word_1_223' title='bbox 703 1416 780 1444; x_wconf 90' lang='lat' dir='ltr'><strong>illum</strong></span> <span class='ocrx_word' id='word_1_224' title='bbox 800 1415 989 1443; x_wconf 85' lang='lat' dir='ltr'><strong>consolaretur</strong></span> 
     </span>
    </p>
   </div>
   <div class='ocr_carea' id='block_1_30' title="bbox 190 1460 985 1497">
    <p class='ocr_par' dir='ltr' id='par_1_30' title="bbox 190 1460 985 1497">
     <span class='ocr_line' id='line_1_30' title="bbox 190 1460 985 1497; baseline 0 -9"><span class='ocrx_word' id='word_1_225' title='bbox 190 1462 267 1497; x_wconf 90' lang='lat' dir='ltr'><strong>quasi</strong></span> <span class='ocrx_word' id='word_1_226' title='bbox 280 1460 460 1497; x_wconf 86' lang='lat' dir='ltr'><strong>agonothetes</strong></span> <span class='ocrx_word' id='word_1_227' title='bbox 484 1460 618 1488; x_wconf 86' lang='lat' dir='ltr'><strong>athletam</strong></span> <span class='ocrx_word' id='word_1_228' title='bbox 639 1461 687 1496; x_wconf 92' lang='lat' dir='ltr'><strong>qui</strong></span> <span class='ocrx_word' id='word_1_229' title='bbox 704 1461 823 1488; x_wconf 90' lang='lat' dir='ltr'><strong>multum</strong></span> <span class='ocrx_word' id='word_1_230' title='bbox 844 1460 985 1488; x_wconf 86' lang='lat' dir='ltr'><strong>laborave-</strong></span> 
     </span>
    </p>
   </div>
   <div class='ocr_carea' id='block_1_31' title="bbox 191 1505 987 1541">
    <p class='ocr_par' dir='ltr' id='par_1_31' title="bbox 191 1505 987 1541">
     <span class='ocr_line' id='line_1_31' title="bbox 191 1505 987 1541; baseline -0.001 -8"><span class='ocrx_word' id='word_1_231' title='bbox 191 1510 243 1539; x_wconf 84' lang='lat' dir='ltr'><strong>rat,</strong></span> <span class='ocrx_word' id='word_1_232' title='bbox 264 1510 290 1533; x_wconf 87' lang='lat' dir='ltr'><strong>et</strong></span> <span class='ocrx_word' id='word_1_233' title='bbox 303 1509 468 1533; x_wconf 86' lang='lat' dir='ltr'><strong>coronatum</strong></span> <span class='ocrx_word' id='word_1_234' title='bbox 487 1505 646 1541; x_wconf 85' lang='lat' dir='ltr'><strong>suscipiens.</strong></span> <span class='ocrx_word' id='word_1_235' title='bbox 668 1507 702 1533; x_wconf 83' lang='lat' dir='ltr'><strong>Et</strong></span> <span class='ocrx_word' id='word_1_236' title='bbox 716 1505 782 1541; x_wconf 91' lang='lat' dir='ltr'><strong>quid</strong></span> <span class='ocrx_word' id='word_1_237' title='bbox 793 1505 875 1533; x_wconf 78' lang='lat' dir='ltr'><strong>dicit?</strong></span> <span class='ocrx_word' id='word_1_238' title='bbox 895 1506 987 1533; x_wconf 80' lang='lat' dir='ltr'><strong>«Cre-</strong></span> 
     </span>
    </p>
   </div>
   <div class='ocr_carea' id='block_1_32' title="bbox 1042 289 1842 331">
    <p class='ocr_par' dir='ltr' id='par_1_32' title="bbox 1042 289 1842 331">
     <span class='ocr_line' id='line_1_32' title="bbox 1042 289 1842 331; baseline 0 -11"><span class='ocrx_word' id='word_1_239' title='bbox 1042 291 1118 331; x_wconf 77' lang='grc' dir='ltr'>παρὰ</span> <span class='ocrx_word' id='word_1_240' title='bbox 1144 294 1200 324; x_wconf 82' lang='grc' dir='ltr'>τοῖς</span> <span class='ocrx_word' id='word_1_241' title='bbox 1226 290 1364 324; x_wconf 78' lang='grc' dir='ltr'><strong>Ἰουδαίοις</strong></span> <span class='ocrx_word' id='word_1_242' title='bbox 1387 290 1517 330; x_wconf 77' lang='grc' dir='ltr'><strong>μεγάλους</strong></span> <span class='ocrx_word' id='word_1_243' title='bbox 1539 289 1586 319; x_wconf 86' lang='grc' dir='ltr'><strong>καί</strong></span> <span class='ocrx_word' id='word_1_244' title='bbox 1611 290 1745 329; x_wconf 80' lang='grc' dir='ltr'>ἐντίμους·</span> <span class='ocrx_word' id='word_1_245' title='bbox 1773 290 1842 320; x_wconf 78' lang='grc' dir='ltr'>οὕτω</span> 
     </span>
    </p>
   </div>
   <div class='ocr_carea' id='block_1_33' title="bbox 1043 334 1842 376">
    <p class='ocr_par' dir='ltr' id='par_1_33' title="bbox 1043 334 1842 376">
     <span class='ocr_line' id='line_1_33' title="bbox 1043 334 1842 376; baseline 0 -11"><span class='ocrx_word' id='word_1_246' title='bbox 1043 335 1150 375; x_wconf 81' lang='grc' dir='ltr'><strong>μεγάλη</strong></span> <span class='ocrx_word' id='word_1_247' title='bbox 1177 335 1275 372; x_wconf 77' lang='grc' dir='ltr'>ταύτης</span> <span class='ocrx_word' id='word_1_248' title='bbox 1297 337 1312 371; x_wconf 90' lang='grc' dir='ltr'><strong>ἡ</strong></span> <span class='ocrx_word' id='word_1_249' title='bbox 1336 334 1457 372; x_wconf 78' lang='grc' dir='ltr'>δύναμις,</span> <span class='ocrx_word' id='word_1_250' title='bbox 1486 334 1578 376; x_wconf 82' lang='grc' dir='ltr'>ὥσπερ</span> <span class='ocrx_word' id='word_1_251' title='bbox 1601 335 1647 364; x_wconf 82' lang='grc' dir='ltr'><strong>καὶ</strong></span> <span class='ocrx_word' id='word_1_252' title='bbox 1664 337 1710 364; x_wconf 71' lang='grc' dir='ltr'><strong>τοῦ</strong></span> <span class='ocrx_word' id='word_1_253' title='bbox 1729 334 1842 375; x_wconf 82' lang='grc' dir='ltr'>ψεύδους</span> 
     </span>
    </p>
   </div>
   <div class='ocr_carea' id='block_1_34' title="bbox 1042 379 1550 420">
    <p class='ocr_par' dir='ltr' id='par_1_34' title="bbox 1042 379 1550 420">
     <span class='ocr_line' id='line_1_34' title="bbox 1042 379 1550 420; baseline 0 -10"><span class='ocrx_word' id='word_1_254' title='bbox 1042 382 1059 417; x_wconf 89' lang='grc' dir='ltr'>ἡ</span> <span class='ocrx_word' id='word_1_255' title='bbox 1079 380 1195 416; x_wconf 82' lang='grc' dir='ltr'><strong>συστολὴ</strong></span> <span class='ocrx_word' id='word_1_256' title='bbox 1211 380 1257 409; x_wconf 74' lang='grc' dir='ltr'>καὶ</span> <span class='ocrx_word' id='word_1_257' title='bbox 1270 380 1300 409; x_wconf 84' lang='grc' dir='ltr'>τὸ</span> <span class='ocrx_word' id='word_1_258' title='bbox 1315 379 1550 420; x_wconf 70' lang='grc' dir='ltr'>ἀπαρρησίαστον.</span> 
     </span>
    </p>
   </div>
   <div class='ocr_carea' id='block_1_35' title="bbox 1085 419 1843 466">
    <p class='ocr_par' dir='ltr' id='par_1_35' title="bbox 1085 419 1843 466">
     <span class='ocr_line' id='line_1_35' title="bbox 1085 419 1843 466; baseline 0.003 -13"><span class='ocrx_word' id='word_1_259' title='bbox 1085 438 1098 453; x_wconf 72' lang='grc' dir='ltr'><strong>α</strong></span> <span class='ocrx_word' id='word_1_260' title='bbox 1122 425 1317 464; x_wconf 80' lang='grc' dir='ltr'><strong>Ἀπεκρίθησαν</strong></span> <span class='ocrx_word' id='word_1_261' title='bbox 1342 424 1389 454; x_wconf 79' lang='grc' dir='ltr'><strong>καὶ</strong></span> <span class='ocrx_word' id='word_1_262' title='bbox 1417 419 1491 454; x_wconf 66' lang='grc' dir='ltr'>εἷπον</span> <span class='ocrx_word' id='word_1_263' title='bbox 1518 426 1606 465; x_wconf 80' lang='grc' dir='ltr'>αὐτῷ·</span> <span class='ocrx_word' id='word_1_264' title='bbox 1625 425 1673 455; x_wconf 84' lang='grc' dir='ltr'>Ἐν</span> <span class='ocrx_word' id='word_1_265' title='bbox 1698 425 1843 466; x_wconf 79' lang='grc' dir='ltr'><strong>ἁμαρτίαις</strong></span> 
     </span>
    </p>
   </div>
   <div class='ocr_carea' id='block_1_36' title="bbox 1043 468 1843 509">
    <p class='ocr_par' dir='ltr' id='par_1_36' title="bbox 1043 468 1843 509">
     <span class='ocr_line' id='line_1_36' title="bbox 1043 468 1843 509; baseline 0.001 -10"><span class='ocrx_word' id='word_1_266' title='bbox 1043 469 1076 499; x_wconf 80' lang='grc' dir='ltr'><strong>σὺ</strong></span> <span class='ocrx_word' id='word_1_267' title='bbox 1105 470 1247 509; x_wconf 84' lang='grc' dir='ltr'>ἐγεννήθης</span> <span class='ocrx_word' id='word_1_268' title='bbox 1275 469 1347 506; x_wconf 80' lang='grc' dir='ltr'>δ’λος,</span> <span class='ocrx_word' id='word_1_269' title='bbox 1373 469 1420 499; x_wconf 81' lang='grc' dir='ltr'><strong>καὶ</strong></span> <span class='ocrx_word' id='word_1_270' title='bbox 1451 468 1482 498; x_wconf 85' lang='grc' dir='ltr'><strong>σὺ</strong></span> <span class='ocrx_word' id='word_1_271' title='bbox 1510 469 1641 503; x_wconf 77' lang='grc' dir='ltr'>διδάσκεις</span> <span class='ocrx_word' id='word_1_272' title='bbox 1669 472 1756 509; x_wconf 53' lang='grc' dir='ltr'>ἡμᾶς</span> <span class='ocrx_word' id='word_1_273' title='bbox 1786 471 1843 500; x_wconf 83' lang='grc' dir='ltr'><strong>Καὶ</strong></span> 
     </span>
    </p>
   </div>
   <div class='ocr_carea' id='block_1_37' title="bbox 1043 513 1843 551">
    <p class='ocr_par' dir='ltr' id='par_1_37' title="bbox 1043 513 1843 551">
     <span class='ocr_line' id='line_1_37' title="bbox 1043 513 1843 551; baseline 0 -6"><span class='ocrx_word' id='word_1_274' title='bbox 1043 515 1166 550; x_wconf 79' lang='grc' dir='ltr'>ἐξέϐαλον</span> <span class='ocrx_word' id='word_1_275' title='bbox 1192 515 1270 544; x_wconf 81' lang='grc' dir='ltr'>αὐτὸν</span> <span class='ocrx_word' id='word_1_276' title='bbox 1296 514 1356 549; x_wconf 78' lang='grc' dir='ltr'><strong>ἔξω.</strong></span> <span class='ocrx_word' id='word_1_277' title='bbox 1398 514 1534 544; x_wconf 75' lang='grc' dir='ltr'>Ἤκουσεν</span> <span class='ocrx_word' id='word_1_278' title='bbox 1557 513 1708 551; x_wconf 78' lang='grc' dir='ltr'>δἸησοῦς,</span> <span class='ocrx_word' id='word_1_279' title='bbox 1735 513 1775 544; x_wconf 74' lang='grc' dir='ltr'><strong>ὅτι</strong></span> <span class='ocrx_word' id='word_1_280' title='bbox 1801 515 1843 550; x_wconf 79' lang='grc' dir='ltr'><strong>ἐξ·</strong></span> 
     </span>
    </p>
   </div>
   <div class='ocr_carea' id='block_1_38' title="bbox 1043 554 1842 601">
    <p class='ocr_par' dir='ltr' id='par_1_38' title="bbox 1043 554 1842 601">
     <span class='ocr_line' id='line_1_38' title="bbox 1043 554 1842 601; baseline 0 -11"><span class='ocrx_word' id='word_1_281' title='bbox 1043 559 1138 590; x_wconf 77' lang='grc' dir='ltr'>ἔϐαλον</span> <span class='ocrx_word' id='word_1_282' title='bbox 1164 560 1242 589; x_wconf 77' lang='grc' dir='ltr'>αὐτὸν</span> <span class='ocrx_word' id='word_1_283' title='bbox 1265 560 1324 594; x_wconf 81' lang='grc' dir='ltr'>ἔξω·</span> <span class='ocrx_word' id='word_1_284' title='bbox 1351 560 1397 589; x_wconf 82' lang='grc' dir='ltr'><strong>καὶ</strong></span> <span class='ocrx_word' id='word_1_285' title='bbox 1422 559 1506 599; x_wconf 74' lang='grc' dir='ltr'>εὑρὼν</span> <span class='ocrx_word' id='word_1_286' title='bbox 1539 559 1633 597; x_wconf 76' lang='grc' dir='ltr'>αὐτὸν,</span> <span class='ocrx_word' id='word_1_287' title='bbox 1659 554 1731 589; x_wconf 69' lang='grc' dir='ltr'>εἶπεν</span> <span class='ocrx_word' id='word_1_288' title='bbox 1758 561 1842 601; x_wconf 80' lang='grc' dir='ltr'>αὖτῷ·</span> 
     </span>
    </p>
   </div>
   <div class='ocr_carea' id='block_1_39' title="bbox 1044 608 1843 649">
    <p class='ocr_par' dir='ltr' id='par_1_39' title="bbox 1044 608 1843 649">
     <span class='ocr_line' id='line_1_39' title="bbox 1044 608 1843 649; baseline 0 -10"><span class='ocrx_word' id='word_1_289' title='bbox 1044 609 1083 639; x_wconf 83' lang='grc' dir='ltr'>Σὺ</span> <span class='ocrx_word' id='word_1_290' title='bbox 1109 609 1241 642; x_wconf 84' lang='grc' dir='ltr'>πιστεύεις</span> <span class='ocrx_word' id='word_1_291' title='bbox 1266 610 1303 649; x_wconf 86' lang='grc' dir='ltr'><strong>εἰς</strong></span> <span class='ocrx_word' id='word_1_292' title='bbox 1327 608 1373 639; x_wconf 80' lang='grc' dir='ltr'><strong>τὸν</strong></span> <span class='ocrx_word' id='word_1_293' title='bbox 1401 609 1467 639; x_wconf 82' lang='grc' dir='ltr'>Υἱὸν</span> <span class='ocrx_word' id='word_1_294' title='bbox 1494 611 1542 638; x_wconf 72' lang='grc' dir='ltr'><strong>τοῦ</strong></span> <span class='ocrx_word' id='word_1_295' title='bbox 1573 611 1663 647; x_wconf 79' lang='grc' dir='ltr'>Θεοΰ;</span> <span class='ocrx_word' id='word_1_296' title='bbox 1699 609 1843 649; x_wconf 81' lang='grc' dir='ltr'><strong>Ἀπεκρίθη</strong></span> 
     </span>
    </p>
   </div>
   <div class='ocr_carea' id='block_1_40' title="bbox 1043 648 1844 692">
    <p class='ocr_par' dir='ltr' id='par_1_40' title="bbox 1043 648 1844 692">
     <span class='ocr_line' id='line_1_40' title="bbox 1043 648 1844 692; baseline 0.001 -9"><span class='ocrx_word' id='word_1_297' title='bbox 1043 655 1138 688; x_wconf 85' lang='grc' dir='ltr'>ἐκεῖνος</span> <span class='ocrx_word' id='word_1_298' title='bbox 1172 654 1218 683; x_wconf 81' lang='grc' dir='ltr'>καὶ</span> <span class='ocrx_word' id='word_1_299' title='bbox 1247 648 1323 683; x_wconf 59' lang='grc' dir='ltr'>εἶτεν</span> <span class='ocrx_word' id='word_1_300' title='bbox 1353 653 1408 684; x_wconf 80' lang='grc' dir='ltr'><strong>Καὶ</strong></span> <span class='ocrx_word' id='word_1_301' title='bbox 1437 653 1475 687; x_wconf 92' lang='grc' dir='ltr'><strong>τίς</strong></span> <span class='ocrx_word' id='word_1_302' title='bbox 1499 655 1570 692; x_wconf 84' lang='grc' dir='ltr'>ἐστι,</span> <span class='ocrx_word' id='word_1_303' title='bbox 1597 653 1692 692; x_wconf 85' lang='grc' dir='ltr'>Κύριε,</span> <span class='ocrx_word' id='word_1_304' title='bbox 1719 654 1763 683; x_wconf 73' lang='grc' dir='ltr'><strong>ἵνα</strong></span> <span class='ocrx_word' id='word_1_305' title='bbox 1784 648 1844 684; x_wconf 12' lang='grc' dir='ltr'>ἐπι-</span> 
     </span>
    </p>
   </div>
   <div class='ocr_carea' id='block_1_41' title="bbox 1043 694 1845 739">
    <p class='ocr_par' dir='ltr' id='par_1_41' title="bbox 1043 694 1845 739">
     <span class='ocr_line' id='line_1_41' title="bbox 1043 694 1845 739; baseline 0 -11"><span class='ocrx_word' id='word_1_306' title='bbox 1043 699 1145 729; x_wconf 83' lang='grc' dir='ltr'>στεύσω</span> <span class='ocrx_word' id='word_1_307' title='bbox 1171 699 1207 732; x_wconf 80' lang='grc' dir='ltr'><strong>εἰς</strong></span> <span class='ocrx_word' id='word_1_308' title='bbox 1235 698 1330 736; x_wconf 80' lang='grc' dir='ltr'>αὖτόν;</span> <span class='ocrx_word' id='word_1_309' title='bbox 1361 694 1430 729; x_wconf 76' lang='grc' dir='ltr'>Εἷπε</span> <span class='ocrx_word' id='word_1_310' title='bbox 1451 698 1478 728; x_wconf 80' lang='grc' dir='ltr'>δὲ</span> <span class='ocrx_word' id='word_1_311' title='bbox 1507 699 1579 739; x_wconf 83' lang='grc' dir='ltr'><strong>αὖτῷ</strong></span> <span class='ocrx_word' id='word_1_312' title='bbox 1599 700 1612 727; x_wconf 98' lang='lat'><strong>6</strong></span> <span class='ocrx_word' id='word_1_313' title='bbox 1639 698 1759 734; x_wconf 74' lang='grc' dir='ltr'>Ἰησοῦς·</span> <span class='ocrx_word' id='word_1_314' title='bbox 1786 699 1845 729; x_wconf 81' lang='grc' dir='ltr'><strong>Καὶ</strong></span> 
     </span>
    </p>
   </div>
   <div class='ocr_carea' id='block_1_42' title="bbox 1043 742 1841 784">
    <p class='ocr_par' dir='ltr' id='par_1_42' title="bbox 1043 742 1841 784">
     <span class='ocr_line' id='line_1_42' title="bbox 1043 742 1841 784; baseline 0 -11"><span class='ocrx_word' id='word_1_315' title='bbox 1043 744 1163 784; x_wconf 81' lang='grc' dir='ltr'>ἑώρακας</span> <span class='ocrx_word' id='word_1_316' title='bbox 1181 744 1273 784; x_wconf 60' lang='grc' dir='ltr'><strong>αὐτὸνἲ</strong></span> <span class='ocrx_word' id='word_1_317' title='bbox 1289 743 1334 773; x_wconf 81' lang='grc' dir='ltr'><strong>καὶ</strong></span> <span class='ocrx_word' id='word_1_318' title='bbox 1352 745 1366 773; x_wconf 89' lang='grc' dir='ltr'>ὁ</span> <span class='ocrx_word' id='word_1_319' title='bbox 1380 745 1469 772; x_wconf 76' lang='grc' dir='ltr'>λαλῶν</span> <span class='ocrx_word' id='word_1_320' title='bbox 1488 742 1554 782; x_wconf 77' lang='grc' dir='ltr'>μετὰ</span> <span class='ocrx_word' id='word_1_321' title='bbox 1569 745 1627 782; x_wconf 79' lang='grc' dir='ltr'>σοῦ,</span> <span class='ocrx_word' id='word_1_322' title='bbox 1645 743 1741 777; x_wconf 77' lang='grc' dir='ltr'>ἐκεῖνός</span> <span class='ocrx_word' id='word_1_323' title='bbox 1757 744 1841 774; x_wconf 87' lang='grc' dir='ltr'>ἐστιν.</span> 
     </span>
    </p>
   </div>
   <div class='ocr_carea' id='block_1_43' title="bbox 1043 787 1845 829">
    <p class='ocr_par' dir='ltr' id='par_1_43' title="bbox 1043 787 1845 829">
     <span class='ocr_line' id='line_1_43' title="bbox 1043 787 1845 829; baseline -0.001 -10"><span class='ocrx_word' id='word_1_324' title='bbox 1043 787 1078 819; x_wconf 90' lang='grc' dir='ltr'>Ὁ</span> <span class='ocrx_word' id='word_1_325' title='bbox 1092 788 1118 818; x_wconf 78' lang='grc' dir='ltr'>δὲ</span> <span class='ocrx_word' id='word_1_326' title='bbox 1134 789 1199 829; x_wconf 77' lang='grc' dir='ltr'><strong>ἔφη’</strong></span> <span class='ocrx_word' id='word_1_327' title='bbox 1222 789 1356 824; x_wconf 85' lang='grc' dir='ltr'><strong>Πιστεύω,</strong></span> <span class='ocrx_word' id='word_1_328' title='bbox 1385 788 1480 828; x_wconf 85' lang='grc' dir='ltr'>Κύριε·</span> <span class='ocrx_word' id='word_1_329' title='bbox 1504 787 1551 817; x_wconf 82' lang='grc' dir='ltr'><strong>καὶ</strong></span> <span class='ocrx_word' id='word_1_330' title='bbox 1565 788 1764 828; x_wconf 79' lang='grc' dir='ltr'>προσεκύνησεν</span> <span class='ocrx_word' id='word_1_331' title='bbox 1784 790 1845 818; x_wconf 86' lang='grc' dir='ltr'><strong>αὖ-</strong></span> 
     </span>
    </p>
   </div>
   <div class='ocr_carea' id='block_1_44' title="bbox 1044 832 1847 873">
    <p class='ocr_par' dir='ltr' id='par_1_44' title="bbox 1044 832 1847 873">
     <span class='ocr_line' id='line_1_44' title="bbox 1044 832 1847 873; baseline 0 -11"><span class='ocrx_word' id='word_1_332' title='bbox 1044 833 1099 863; x_wconf 83' lang='grc' dir='ltr'>τόν.</span> <span class='ocrx_word' id='word_1_333' title='bbox 1118 846 1131 859; x_wconf 70' lang='grc' dir='ltr'><strong>ι</strong></span> <span class='ocrx_word' id='word_1_334' title='bbox 1172 833 1247 867; x_wconf 76' lang='grc' dir='ltr'><strong>Ἕως</strong></span> <span class='ocrx_word' id='word_1_335' title='bbox 1271 833 1318 870; x_wconf 84' lang='grc' dir='ltr'>μὲν</span> <span class='ocrx_word' id='word_1_336' title='bbox 1342 833 1521 873; x_wconf 82' lang='grc' dir='ltr'>προσεδόκων,</span> <span class='ocrx_word' id='word_1_337' title='bbox 1543 832 1587 862; x_wconf 85' lang='grc' dir='ltr'><strong>τὸν</strong></span> <span class='ocrx_word' id='word_1_338' title='bbox 1605 833 1742 872; x_wconf 81' lang='grc' dir='ltr'>ἄνθρωπον</span> <span class='ocrx_word' id='word_1_339' title='bbox 1760 845 1847 873; x_wconf 77' lang='grc' dir='ltr'>κεχα-</span> 
     </span>
    </p>
   </div>
   <div class='ocr_carea' id='block_1_45' title="bbox 1009 877 1846 929">
    <p class='ocr_par' dir='ltr' id='par_1_45' title="bbox 1009 877 1846 929">
     <span class='ocr_line' id='line_1_45' title="bbox 1009 877 1846 929; baseline 0 -22"><span class='ocrx_word' id='word_1_340' title='bbox 1009 898 1031 929; x_wconf 80' lang='lat' dir='ltr'><strong>B</strong></span> <span class='ocrx_word' id='word_1_341' title='bbox 1048 878 1159 918; x_wconf 82' lang='grc' dir='ltr'>ρισμένα</span> <span class='ocrx_word' id='word_1_342' title='bbox 1197 880 1285 911; x_wconf 83' lang='grc' dir='ltr'>αὐτοῖς</span> <span class='ocrx_word' id='word_1_343' title='bbox 1321 877 1491 918; x_wconf 69' lang='grc' dir='ltr'>φθέγξεσθαι,</span> <span class='ocrx_word' id='word_1_344' title='bbox 1520 880 1732 917; x_wconf 79' lang='grc' dir='ltr'>προσεκαλοῧντο</span> <span class='ocrx_word' id='word_1_345' title='bbox 1763 878 1846 908; x_wconf 81' lang='grc' dir='ltr'>αὐτὸν</span> 
     </span>
    </p>
   </div>
   <div class='ocr_carea' id='block_1_46' title="bbox 1046 922 1847 963">
    <p class='ocr_par' dir='ltr' id='par_1_46' title="bbox 1046 922 1847 963">
     <span class='ocr_line' id='line_1_46' title="bbox 1046 922 1847 963; baseline 0 -11"><span class='ocrx_word' id='word_1_346' title='bbox 1046 923 1091 952; x_wconf 86' lang='grc' dir='ltr'><strong>καὶ</strong></span> <span class='ocrx_word' id='word_1_347' title='bbox 1107 923 1227 963; x_wconf 78' lang='grc' dir='ltr'>ἠρώτων,</span> <span class='ocrx_word' id='word_1_348' title='bbox 1253 922 1299 952; x_wconf 77' lang='grc' dir='ltr'><strong>καὶ</strong></span> <span class='ocrx_word' id='word_1_349' title='bbox 1325 924 1376 963; x_wconf 77' lang='grc' dir='ltr'>οὐχ</span> <span class='ocrx_word' id='word_1_350' title='bbox 1404 922 1476 957; x_wconf 79' lang='grc' dir='ltr'>ἅπαξ</span> <span class='ocrx_word' id='word_1_351' title='bbox 1500 926 1593 952; x_wconf 73' lang='grc' dir='ltr'>τοῦτο·</span> <span class='ocrx_word' id='word_1_352' title='bbox 1618 923 1675 952; x_wconf 75' lang='grc' dir='ltr'>ἐπεὶ</span> <span class='ocrx_word' id='word_1_353' title='bbox 1699 922 1727 952; x_wconf 85' lang='grc' dir='ltr'>δὲ</span> <span class='ocrx_word' id='word_1_354' title='bbox 1760 923 1847 962; x_wconf 84' lang='grc' dir='ltr'>ἔγνων</span> 
     </span>
    </p>
   </div>
   <div class='ocr_carea' id='block_1_47' title="bbox 1043 965 1844 1008">
    <p class='ocr_par' dir='ltr' id='par_1_47' title="bbox 1043 965 1844 1008">
     <span class='ocr_line' id='line_1_47' title="bbox 1043 965 1844 1008; baseline 0 -11"><span class='ocrx_word' id='word_1_355' title='bbox 1043 968 1122 997; x_wconf 79' lang='grc' dir='ltr'>αὐτὸν</span> <span class='ocrx_word' id='word_1_356' title='bbox 1148 969 1179 997; x_wconf 86' lang='grc' dir='ltr'><strong>ἐκ</strong></span> <span class='ocrx_word' id='word_1_357' title='bbox 1203 970 1256 997; x_wconf 71' lang='grc' dir='ltr'><strong>τῶν</strong></span> <span class='ocrx_word' id='word_1_358' title='bbox 1281 965 1447 1007; x_wconf 73' lang='grc' dir='ltr'>ἀποκρίσεων</span> <span class='ocrx_word' id='word_1_359' title='bbox 1465 967 1502 1006; x_wconf 90' lang='grc' dir='ltr'><strong>μὴ</strong></span> <span class='ocrx_word' id='word_1_360' title='bbox 1522 967 1556 997; x_wconf 79' lang='grc' dir='ltr'><strong>τὰ</strong></span> <span class='ocrx_word' id='word_1_361' title='bbox 1571 968 1659 996; x_wconf 79' lang='grc' dir='ltr'>αὐτῶν</span> <span class='ocrx_word' id='word_1_362' title='bbox 1680 970 1844 1008; x_wconf 67' lang='grc' dir='ltr'>φρονοῦντα,</span> 
     </span>
    </p>
   </div>
   <div class='ocr_carea' id='block_1_48' title="bbox 1042 1011 1848 1053">
    <p class='ocr_par' dir='ltr' id='par_1_48' title="bbox 1042 1011 1848 1053">
     <span class='ocr_line' id='line_1_48' title="bbox 1042 1011 1848 1053; baseline -0.001 -11"><span class='ocrx_word' id='word_1_363' title='bbox 1042 1012 1111 1042; x_wconf 73' lang='grc' dir='ltr'>ἀλλὰ</span> <span class='ocrx_word' id='word_1_364' title='bbox 1129 1015 1163 1052; x_wconf 84' lang='grc' dir='ltr'><strong>τῇ</strong></span> <span class='ocrx_word' id='word_1_365' title='bbox 1188 1013 1299 1053; x_wconf 77' lang='grc' dir='ltr'>ἀληθείᾳ</span> <span class='ocrx_word' id='word_1_366' title='bbox 1312 1012 1502 1052; x_wconf 74' lang='grc' dir='ltr'>χαριζόμενον,</span> <span class='ocrx_word' id='word_1_367' title='bbox 1518 1012 1678 1046; x_wconf 76' lang='grc' dir='ltr'>ἐξουθενοῧσι</span> <span class='ocrx_word' id='word_1_368' title='bbox 1692 1011 1740 1051; x_wconf 87' lang='grc' dir='ltr'>μὲν</span> <span class='ocrx_word' id='word_1_369' title='bbox 1755 1012 1848 1050; x_wconf 77' lang='grc' dir='ltr'>αὐτὸν,</span> 
     </span>
    </p>
   </div>
   <div class='ocr_carea' id='block_1_49' title="bbox 1043 1056 1847 1097">
    <p class='ocr_par' dir='ltr' id='par_1_49' title="bbox 1043 1056 1847 1097">
     <span class='ocr_line' id='line_1_49' title="bbox 1043 1056 1847 1097; baseline 0.001 -11"><span class='ocrx_word' id='word_1_370' title='bbox 1043 1059 1078 1090; x_wconf 83' lang='grc' dir='ltr'><strong>ὡς</strong></span> <span class='ocrx_word' id='word_1_371' title='bbox 1100 1060 1126 1088; x_wconf 80' lang='grc' dir='ltr'><strong>ἐν</strong></span> <span class='ocrx_word' id='word_1_372' title='bbox 1151 1057 1295 1097; x_wconf 81' lang='grc' dir='ltr'>ἁμαρτίαις</span> <span class='ocrx_word' id='word_1_373' title='bbox 1320 1056 1492 1097; x_wconf 79' lang='grc' dir='ltr'>γεννηθέντα·</span> <span class='ocrx_word' id='word_1_374' title='bbox 1517 1057 1633 1093; x_wconf 77' lang='grc' dir='ltr'>ἀνοήτως</span> <span class='ocrx_word' id='word_1_375' title='bbox 1658 1057 1763 1090; x_wconf 82' lang='grc' dir='ltr'>πάντως</span> <span class='ocrx_word' id='word_1_376' title='bbox 1795 1057 1847 1093; x_wconf 76' lang='grc' dir='ltr'><strong>τὴν</strong></span> 
     </span>
    </p>
   </div>
   <div class='ocr_carea' id='block_1_50' title="bbox 1043 1100 1848 1143">
    <p class='ocr_par' dir='ltr' id='par_1_50' title="bbox 1043 1100 1848 1143">
     <span class='ocr_line' id='line_1_50' title="bbox 1043 1100 1848 1143; baseline 0 -11"><span class='ocrx_word' id='word_1_377' title='bbox 1043 1101 1179 1142; x_wconf 63' lang='grc' dir='ltr'>τύφλωσιν</span> <span class='ocrx_word' id='word_1_378' title='bbox 1197 1103 1270 1142; x_wconf 83' lang='grc' dir='ltr'>αὐτῷ</span> <span class='ocrx_word' id='word_1_379' title='bbox 1291 1101 1474 1143; x_wconf 72' lang='grc' dir='ltr'>προφέροντες,</span> <span class='ocrx_word' id='word_1_380' title='bbox 1499 1101 1545 1130; x_wconf 79' lang='grc' dir='ltr'><strong>καὶ</strong></span> <span class='ocrx_word' id='word_1_381' title='bbox 1570 1101 1720 1140; x_wconf 84' lang='grc' dir='ltr'>νομίζοντες</span> <span class='ocrx_word' id='word_1_382' title='bbox 1746 1100 1789 1131; x_wconf 78' lang='grc' dir='ltr'><strong>ὅτι</strong></span> <span class='ocrx_word' id='word_1_383' title='bbox 1809 1104 1848 1136; x_wconf 85' lang='grc' dir='ltr'>ὡς</span> 
     </span>
    </p>
   </div>
   <div class='ocr_carea' id='block_1_51' title="bbox 1043 1146 1846 1186">
    <p class='ocr_par' dir='ltr' id='par_1_51' title="bbox 1043 1146 1846 1186">
     <span class='ocr_line' id='line_1_51' title="bbox 1043 1146 1846 1186; baseline 0.001 -10"><span class='ocrx_word' id='word_1_384' title='bbox 1043 1146 1268 1186; x_wconf 81' lang='grc' dir='ltr'>κατακεκριμένος</span> <span class='ocrx_word' id='word_1_385' title='bbox 1294 1147 1340 1175; x_wconf 87' lang='grc' dir='ltr'><strong>καὶ</strong></span> <span class='ocrx_word' id='word_1_386' title='bbox 1370 1146 1422 1185; x_wconf 79' lang='grc' dir='ltr'><strong>πρὸ</strong></span> <span class='ocrx_word' id='word_1_387' title='bbox 1446 1146 1572 1186; x_wconf 84' lang='grc' dir='ltr'>γενέσεως</span> <span class='ocrx_word' id='word_1_388' title='bbox 1592 1146 1770 1181; x_wconf 80' lang='grc' dir='ltr'>κατεδικάσθη</span> <span class='ocrx_word' id='word_1_389' title='bbox 1793 1159 1846 1177; x_wconf 85' lang='grc' dir='ltr'>τυ-</span> 
     </span>
    </p>
   </div>
   <div class='ocr_carea' id='block_1_52' title="bbox 1042 1186 1846 1231">
    <p class='ocr_par' dir='ltr' id='par_1_52' title="bbox 1042 1186 1846 1231">
     <span class='ocr_line' id='line_1_52' title="bbox 1042 1186 1846 1231; baseline 0 -11"><span class='ocrx_word' id='word_1_390' title='bbox 1042 1191 1104 1230; x_wconf 73' lang='grc' dir='ltr'>φλὸς</span> <span class='ocrx_word' id='word_1_391' title='bbox 1129 1194 1298 1230; x_wconf 81' lang='grc' dir='ltr'>γεννηθῆναι,</span> <span class='ocrx_word' id='word_1_392' title='bbox 1317 1190 1382 1231; x_wconf 77' lang='grc' dir='ltr'>ὅπερ</span> <span class='ocrx_word' id='word_1_393' title='bbox 1411 1191 1488 1230; x_wconf 89' lang='grc' dir='ltr'>λόγον</span> <span class='ocrx_word' id='word_1_394' title='bbox 1512 1192 1560 1222; x_wconf 84' lang='grc' dir='ltr'>οὖκ</span> <span class='ocrx_word' id='word_1_395' title='bbox 1576 1186 1660 1231; x_wconf 61' lang='grc' dir='ltr'>εἶχεν</span> <span class='ocrx_word' id='word_1_396' title='bbox 1682 1191 1846 1221; x_wconf 74' lang='grc' dir='ltr'>ἐκϐάλλουσι</span> 
     </span>
    </p>
   </div>
   <div class='ocr_carea' id='block_1_53' title="bbox 1043 1235 1849 1275">
    <p class='ocr_par' dir='ltr' id='par_1_53' title="bbox 1043 1235 1849 1275">
     <span class='ocr_line' id='line_1_53' title="bbox 1043 1235 1849 1275; baseline 0 -11"><span class='ocrx_word' id='word_1_397' title='bbox 1043 1235 1070 1264; x_wconf 82' lang='grc' dir='ltr'>δὲ</span> <span class='ocrx_word' id='word_1_398' title='bbox 1088 1235 1165 1265; x_wconf 76' lang='grc' dir='ltr'>αὐτὸν</span> <span class='ocrx_word' id='word_1_399' title='bbox 1189 1235 1239 1269; x_wconf 88' lang='grc' dir='ltr'><strong>ἔξω</strong></span> <span class='ocrx_word' id='word_1_400' title='bbox 1262 1238 1309 1264; x_wconf 77' lang='grc' dir='ltr'><strong>τοῦ</strong></span> <span class='ocrx_word' id='word_1_401' title='bbox 1323 1237 1393 1275; x_wconf 80' lang='grc' dir='ltr'>ἱεροῦ</span> <span class='ocrx_word' id='word_1_402' title='bbox 1409 1237 1444 1269; x_wconf 83' lang='grc' dir='ltr'><strong>ὡς</strong></span> <span class='ocrx_word' id='word_1_403' title='bbox 1463 1236 1631 1275; x_wconf 80' lang='grc' dir='ltr'>ὁμολογητὴν</span> <span class='ocrx_word' id='word_1_404' title='bbox 1647 1236 1695 1271; x_wconf 77' lang='grc' dir='ltr'><strong>τῆς</strong></span> <span class='ocrx_word' id='word_1_405' title='bbox 1718 1235 1849 1271; x_wconf 81' lang='grc' dir='ltr'>ἀληθείας</span> 
     </span>
    </p>
   </div>
   <div class='ocr_carea' id='block_1_54' title="bbox 1042 1279 1847 1320">
    <p class='ocr_par' dir='ltr' id='par_1_54' title="bbox 1042 1279 1847 1320">
     <span class='ocr_line' id='line_1_54' title="bbox 1042 1279 1847 1320; baseline 0 -11"><span class='ocrx_word' id='word_1_406' title='bbox 1042 1279 1067 1309; x_wconf 83' lang='grc' dir='ltr'>όὶ</span> <span class='ocrx_word' id='word_1_407' title='bbox 1084 1283 1128 1309; x_wconf 78' lang='grc' dir='ltr'><strong>τοῦ</strong></span> <span class='ocrx_word' id='word_1_408' title='bbox 1151 1280 1261 1320; x_wconf 73' lang='grc' dir='ltr'>ψεύδους</span> <span class='ocrx_word' id='word_1_409' title='bbox 1280 1280 1343 1310; x_wconf 81' lang='grc' dir='ltr'>υἱοί.</span> <span class='ocrx_word' id='word_1_410' title='bbox 1366 1280 1436 1310; x_wconf 78' lang='grc' dir='ltr'>Ἀλλ’</span> <span class='ocrx_word' id='word_1_411' title='bbox 1450 1281 1498 1320; x_wconf 82' lang='grc' dir='ltr'><strong>ὅρα</strong></span> <span class='ocrx_word' id='word_1_412' title='bbox 1515 1280 1545 1310; x_wconf 79' lang='grc' dir='ltr'>τὸ</span> <span class='ocrx_word' id='word_1_413' title='bbox 1567 1280 1671 1320; x_wconf 87' lang='grc' dir='ltr'>κέρδος·</span> <span class='ocrx_word' id='word_1_414' title='bbox 1694 1279 1847 1317; x_wconf 80' lang='grc' dir='ltr'>Ἐξεϐλήθη</span> 
     </span>
    </p>
   </div>
   <div class='ocr_carea' id='block_1_55' title="bbox 1044 1321 1848 1364">
    <p class='ocr_par' dir='ltr' id='par_1_55' title="bbox 1044 1321 1848 1364">
     <span class='ocr_line' id='line_1_55' title="bbox 1044 1321 1848 1364; baseline 0.002 -11"><span class='ocrx_word' id='word_1_415' title='bbox 1044 1324 1097 1354; x_wconf 73' lang='grc' dir='ltr'>ἀπὸ</span> <span class='ocrx_word' id='word_1_416' title='bbox 1125 1327 1172 1354; x_wconf 73' lang='grc' dir='ltr'><strong>τοῦ</strong></span> <span class='ocrx_word' id='word_1_417' title='bbox 1199 1326 1278 1364; x_wconf 73' lang='grc' dir='ltr'>ἱεροῦ,</span> <span class='ocrx_word' id='word_1_418' title='bbox 1301 1325 1347 1355; x_wconf 81' lang='grc' dir='ltr'><strong>καὶ</strong></span> <span class='ocrx_word' id='word_1_419' title='bbox 1369 1324 1444 1358; x_wconf 75' lang='grc' dir='ltr'>εὐθὺς</span> <span class='ocrx_word' id='word_1_420' title='bbox 1468 1321 1539 1364; x_wconf 60' lang='grc' dir='ltr'>εὗρεν</span> <span class='ocrx_word' id='word_1_421' title='bbox 1566 1325 1645 1354; x_wconf 79' lang='grc' dir='ltr'>αὐτὸν</span> <span class='ocrx_word' id='word_1_422' title='bbox 1667 1326 1682 1354; x_wconf 83' lang='lat'><strong>6</strong></span> <span class='ocrx_word' id='word_1_423' title='bbox 1704 1325 1848 1361; x_wconf 84' lang='grc' dir='ltr'>Δεσπότης</span> 
     </span>
    </p>
   </div>
   <div class='ocr_carea' id='block_1_56' title="bbox 1042 1369 1848 1409">
    <p class='ocr_par' dir='ltr' id='par_1_56' title="bbox 1042 1369 1848 1409">
     <span class='ocr_line' id='line_1_56' title="bbox 1042 1369 1848 1409; baseline 0.001 -11"><span class='ocrx_word' id='word_1_424' title='bbox 1042 1372 1088 1399; x_wconf 67' lang='grc' dir='ltr'><strong>τοῦ</strong></span> <span class='ocrx_word' id='word_1_425' title='bbox 1112 1370 1193 1409; x_wconf 75' lang='grc' dir='ltr'>ἱεροῦ·</span> <span class='ocrx_word' id='word_1_426' title='bbox 1223 1369 1360 1407; x_wconf 80' lang='grc' dir='ltr'>ήτιμοίσθη</span> <span class='ocrx_word' id='word_1_427' title='bbox 1389 1372 1426 1408; x_wconf 83' lang='grc' dir='ltr'><strong>τῷ</strong></span> <span class='ocrx_word' id='word_1_428' title='bbox 1453 1370 1538 1399; x_wconf 80' lang='grc' dir='ltr'>δοκεῖν</span> <span class='ocrx_word' id='word_1_429' title='bbox 1568 1369 1612 1398; x_wconf 80' lang='grc' dir='ltr'><strong>διὰ</strong></span> <span class='ocrx_word' id='word_1_430' title='bbox 1639 1369 1768 1409; x_wconf 75' lang='grc' dir='ltr'>Χριστὸν,</span> <span class='ocrx_word' id='word_1_431' title='bbox 1798 1370 1848 1400; x_wconf 77' lang='grc' dir='ltr'><strong>καὶ</strong></span> 
     </span>
    </p>
   </div>
   <div class='ocr_carea' id='block_1_57' title="bbox 1044 1409 1848 1454">
    <p class='ocr_par' dir='ltr' id='par_1_57' title="bbox 1044 1409 1848 1454">
     <span class='ocr_line' id='line_1_57' title="bbox 1044 1409 1848 1454; baseline 0 -11"><span class='ocrx_word' id='word_1_432' title='bbox 1044 1414 1156 1452; x_wconf 78' lang='grc' dir='ltr'>ἐτιμήθη</span> <span class='ocrx_word' id='word_1_433' title='bbox 1224 1413 1366 1453; x_wconf 84' lang='grc' dir='ltr'>ἐπιγνώσει</span> <span class='ocrx_word' id='word_1_434' title='bbox 1380 1417 1426 1444; x_wconf 73' lang='grc' dir='ltr'><strong>τοῦ</strong></span> <span class='ocrx_word' id='word_1_435' title='bbox 1444 1414 1509 1443; x_wconf 77' lang='grc' dir='ltr'>Υἱοῦ</span> <span class='ocrx_word' id='word_1_436' title='bbox 1527 1416 1572 1442; x_wconf 73' lang='grc' dir='ltr'><strong>τοῦ</strong></span> <span class='ocrx_word' id='word_1_437' title='bbox 1591 1415 1672 1445; x_wconf 79' lang='grc' dir='ltr'>Θεοῦ.</span> <span class='ocrx_word' id='word_1_438' title='bbox 1697 1409 1767 1454; x_wconf 66' lang='grc' dir='ltr'>Εἷρε</span> <span class='ocrx_word' id='word_1_439' title='bbox 1781 1414 1848 1454; x_wconf 74' lang='grc' dir='ltr'>γὰρ,</span> 
     </span>
    </p>
   </div>
   <div class='ocr_carea' id='block_1_58' title="bbox 1043 1458 1847 1500">
    <p class='ocr_par' dir='ltr' id='par_1_58' title="bbox 1043 1458 1847 1500">
     <span class='ocr_line' id='line_1_58' title="bbox 1043 1458 1847 1500; baseline 0.001 -13"><span class='ocrx_word' id='word_1_440' title='bbox 1043 1459 1134 1499; x_wconf 83' lang='grc' dir='ltr'>φησὶν,</span> <span class='ocrx_word' id='word_1_441' title='bbox 1159 1459 1237 1488; x_wconf 83' lang='grc' dir='ltr'>αὐτὸν</span> <span class='ocrx_word' id='word_1_442' title='bbox 1266 1459 1409 1494; x_wconf 76' lang='grc' dir='ltr'>ὁἸησοῧς,</span> <span class='ocrx_word' id='word_1_443' title='bbox 1431 1458 1522 1498; x_wconf 85' lang='grc' dir='ltr'>ὥσπερ</span> <span class='ocrx_word' id='word_1_444' title='bbox 1544 1458 1664 1495; x_wconf 79' lang='grc' dir='ltr'>ἐπίτηδες</span> <span class='ocrx_word' id='word_1_445' title='bbox 1687 1459 1731 1488; x_wconf 82' lang='grc' dir='ltr'><strong>ἐπὶ</strong></span> <span class='ocrx_word' id='word_1_446' title='bbox 1756 1459 1847 1500; x_wconf 80' lang='grc' dir='ltr'>τούτῳ</span> 
     </span>
    </p>
   </div>
   <div class='ocr_carea' id='block_1_59' title="bbox 1044 1502 1846 1543">
    <p class='ocr_par' dir='ltr' id='par_1_59' title="bbox 1044 1502 1846 1543">
     <span class='ocr_line' id='line_1_59' title="bbox 1044 1502 1846 1543; baseline 0.001 -11"><span class='ocrx_word' id='word_1_447' title='bbox 1044 1502 1140 1542; x_wconf 83' lang='grc' dir='ltr'>ἐλθὼν,</span> <span class='ocrx_word' id='word_1_448' title='bbox 1153 1502 1196 1533; x_wconf 73' lang='grc' dir='ltr'><strong>ἵνα</strong></span> <span class='ocrx_word' id='word_1_449' title='bbox 1216 1503 1294 1534; x_wconf 77' lang='grc' dir='ltr'>αὐτὸν</span> <span class='ocrx_word' id='word_1_450' title='bbox 1317 1503 1557 1543; x_wconf 80' lang='grc' dir='ltr'>παραμυθήσηται,</span> <span class='ocrx_word' id='word_1_451' title='bbox 1573 1504 1694 1543; x_wconf 82' lang='grc' dir='ltr'>καθάπερ</span> <span class='ocrx_word' id='word_1_452' title='bbox 1712 1515 1750 1537; x_wconf 89' lang='grc' dir='ltr'><strong>τις</strong></span> <span class='ocrx_word' id='word_1_453' title='bbox 1770 1505 1846 1543; x_wconf 78' lang='grc' dir='ltr'>ἄγω-</span> 
     </span>
    </p>
   </div>
   <div class='ocr_carea' id='block_1_60' title="bbox 190 1548 986 1590">
    <p class='ocr_par' dir='ltr' id='par_1_60' title="bbox 190 1549 986 1586">
     <span class='ocr_line' id='line_1_60' title="bbox 190 1549 986 1586; baseline 0 -9"><span class='ocrx_word' id='word_1_454' title='bbox 190 1550 233 1578; x_wconf 90' lang='lat' dir='ltr'><strong>dis</strong></span> <span class='ocrx_word' id='word_1_455' title='bbox 250 1550 279 1577; x_wconf 89' lang='lat' dir='ltr'><strong>in</strong></span> <span class='ocrx_word' id='word_1_456' title='bbox 291 1549 390 1577; x_wconf 92' lang='lat' dir='ltr'><strong>Filium</strong></span> <span class='ocrx_word' id='word_1_457' title='bbox 407 1550 472 1578; x_wconf 77' lang='lat' dir='ltr'><strong>Dei?</strong></span> <span class='ocrx_word' id='word_1_458' title='bbox 489 1561 501 1574; x_wconf 72' lang='grc' dir='ltr'><strong>υ</strong></span> <span class='ocrx_word' id='word_1_459' title='bbox 516 1549 587 1584; x_wconf 89' lang='lat' dir='ltr'><strong>Quid</strong></span> <span class='ocrx_word' id='word_1_460' title='bbox 601 1554 661 1586; x_wconf 85' lang='lat' dir='ltr'><strong>post</strong></span> <span class='ocrx_word' id='word_1_461' title='bbox 674 1554 781 1577; x_wconf 87' lang='lat' dir='ltr'><strong>tantam</strong></span> <span class='ocrx_word' id='word_1_462' title='bbox 794 1549 986 1577; x_wconf 86' lang='lat' dir='ltr'><strong>contradictio-</strong></span> 
     </span>
    </p>
   </div>
   <div class='ocr_carea' id='block_1_61' title="bbox 1085 1548 1847 1590">
    <p class='ocr_par' dir='ltr' id='par_1_61' title="bbox 1085 1548 1847 1590">
     <span class='ocr_line' id='line_1_61' title="bbox 1085 1548 1847 1590; baseline 0 -12"><span class='ocrx_word' id='word_1_463' title='bbox 1085 1549 1156 1584; x_wconf 64' lang='grc' dir='ltr'>ὶέτης</span> <span class='ocrx_word' id='word_1_464' title='bbox 1181 1548 1298 1585; x_wconf 75' lang='grc' dir='ltr'>ἀθλητὴν</span> <span class='ocrx_word' id='word_1_465' title='bbox 1320 1548 1406 1578; x_wconf 77' lang='grc' dir='ltr'>πολλὰ</span> <span class='ocrx_word' id='word_1_466' title='bbox 1431 1549 1551 1587; x_wconf 86' lang='grc' dir='ltr'>καμόντα</span> <span class='ocrx_word' id='word_1_467' title='bbox 1568 1549 1613 1578; x_wconf 75' lang='grc' dir='ltr'><strong>καὶ</strong></span> <span class='ocrx_word' id='word_1_468' title='bbox 1643 1549 1847 1590; x_wconf 81' lang='grc' dir='ltr'>στεφανωθέντα</span> 
     </span>
    </p>
   </div>
   <div class='ocr_carea' id='block_1_62' title="bbox 190 1594 987 1630">
    <p class='ocr_par' dir='ltr' id='par_1_62' title="bbox 190 1594 987 1630">
     <span class='ocr_line' id='line_1_62' title="bbox 190 1594 987 1630; baseline 0.001 -9"><span class='ocrx_word' id='word_1_469' title='bbox 190 1602 257 1622; x_wconf 86' lang='lat' dir='ltr'><strong>nem</strong></span> <span class='ocrx_word' id='word_1_470' title='bbox 285 1602 349 1622; x_wconf 90' lang='lat' dir='ltr'><strong>cum</strong></span> <span class='ocrx_word' id='word_1_471' title='bbox 370 1594 482 1628; x_wconf 70' lang='lat' dir='ltr'><strong>Judaeis,</strong></span> <span class='ocrx_word' id='word_1_472' title='bbox 506 1598 569 1630; x_wconf 86' lang='lat' dir='ltr'><strong>post</strong></span> <span class='ocrx_word' id='word_1_473' title='bbox 595 1598 671 1622; x_wconf 85' lang='lat' dir='ltr'><strong>tanta</strong></span> <span class='ocrx_word' id='word_1_474' title='bbox 694 1594 775 1622; x_wconf 85' lang='lat' dir='ltr'><strong>verba</strong></span> <span class='ocrx_word' id='word_1_475' title='bbox 798 1599 887 1630; x_wconf 87' lang='lat' dir='ltr'><strong>rogat,</strong></span> <span class='ocrx_word' id='word_1_476' title='bbox 915 1596 987 1622; x_wconf 83' lang='lat' dir='ltr'><strong>Num</strong></span> 
     </span>
    </p>
   </div>
   <div class='ocr_carea' id='block_1_63' title="bbox 191 1638 987 1675">
    <p class='ocr_par' dir='ltr' id='par_1_63' title="bbox 191 1638 987 1675">
     <span class='ocr_line' id='line_1_63' title="bbox 191 1638 987 1675; baseline 0.001 -8"><span class='ocrx_word' id='word_1_477' title='bbox 191 1639 298 1667; x_wconf 82' lang='lat' dir='ltr'><strong>credis?</strong></span> <span class='ocrx_word' id='word_1_478' title='bbox 324 1640 385 1667; x_wconf 90' lang='lat' dir='ltr'><strong>Non</strong></span> <span class='ocrx_word' id='word_1_479' title='bbox 409 1639 540 1675; x_wconf 82' lang='lat' dir='ltr'><strong>ignorans</strong></span> <span class='ocrx_word' id='word_1_480' title='bbox 562 1639 615 1667; x_wconf 92' lang='lat' dir='ltr'><strong>hoc</strong></span> <span class='ocrx_word' id='word_1_481' title='bbox 639 1638 716 1672; x_wconf 81' lang='lat' dir='ltr'><strong>facit,</strong></span> <span class='ocrx_word' id='word_1_482' title='bbox 732 1639 781 1667; x_wconf 89' lang='lat' dir='ltr'><strong>sed</strong></span> <span class='ocrx_word' id='word_1_483' title='bbox 797 1639 891 1667; x_wconf 86' lang='lat' dir='ltr'><strong>volens</strong></span> <span class='ocrx_word' id='word_1_484' title='bbox 915 1647 987 1668; x_wconf 66' lang='lat' dir='ltr'><strong>caeco</strong></span> 
     </span>
    </p>
   </div>
   <div class='ocr_carea' id='block_1_64' title="bbox 190 1683 988 1720">
    <p class='ocr_par' dir='ltr' id='par_1_64' title="bbox 190 1683 988 1720">
     <span class='ocr_line' id='line_1_64' title="bbox 190 1683 988 1720; baseline 0.001 -9"><span class='ocrx_word' id='word_1_485' title='bbox 190 1684 310 1719; x_wconf 88' lang='lat' dir='ltr'><strong>seipsum</strong></span> <span class='ocrx_word' id='word_1_486' title='bbox 324 1688 422 1712; x_wconf 91' lang='lat' dir='ltr'><strong>notum</strong></span> <span class='ocrx_word' id='word_1_487' title='bbox 435 1683 535 1712; x_wconf 87' lang='lat' dir='ltr'><strong>facere.</strong></span> <span class='ocrx_word' id='word_1_488' title='bbox 546 1684 616 1719; x_wconf 86' lang='lat' dir='ltr'><strong>Quia</strong></span> <span class='ocrx_word' id='word_1_489' title='bbox 639 1684 715 1712; x_wconf 90' lang='lat' dir='ltr'><strong>enim</strong></span> <span class='ocrx_word' id='word_1_490' title='bbox 731 1692 841 1720; x_wconf 90' lang='lat' dir='ltr'><strong>prorsus</strong></span> <span class='ocrx_word' id='word_1_491' title='bbox 853 1692 917 1712; x_wconf 91' lang='lat' dir='ltr'><strong>eum</strong></span> <span class='ocrx_word' id='word_1_492' title='bbox 932 1693 988 1712; x_wconf 88' lang='lat' dir='ltr'><strong>non</strong></span> 
     </span>
    </p>
   </div>
   <div class='ocr_carea' id='block_1_65' title="bbox 192 1729 988 1765">
    <p class='ocr_par' dir='ltr' id='par_1_65' title="bbox 192 1729 988 1765">
     <span class='ocr_line' id='line_1_65' title="bbox 192 1729 988 1765; baseline 0.001 -9"><span class='ocrx_word' id='word_1_493' title='bbox 192 1729 309 1762; x_wconf 87' lang='lat' dir='ltr'><strong>viderat,</strong></span> <span class='ocrx_word' id='word_1_494' title='bbox 332 1737 366 1756; x_wconf 90' lang='lat' dir='ltr'><strong>ne</strong></span> <span class='ocrx_word' id='word_1_495' title='bbox 381 1734 443 1764; x_wconf 89' lang='lat' dir='ltr'><strong>post</strong></span> <span class='ocrx_word' id='word_1_496' title='bbox 464 1729 635 1757; x_wconf 87' lang='lat' dir='ltr'><strong>sanationem</strong></span> <span class='ocrx_word' id='word_1_497' title='bbox 658 1729 768 1765; x_wconf 90' lang='lat' dir='ltr'><strong>quidem</strong></span> <span class='ocrx_word' id='word_1_498' title='bbox 796 1731 835 1762; x_wconf 86' lang='lat' dir='ltr'><strong>(et</strong></span> <span class='ocrx_word' id='word_1_499' title='bbox 849 1729 988 1765; x_wconf 91' lang='lat' dir='ltr'><strong>quomodo</strong></span> 
     </span>
    </p>
   </div>
   <div class='ocr_carea' id='block_1_66' title="bbox 192 1773 990 1810">
    <p class='ocr_par' dir='ltr' id='par_1_66' title="bbox 192 1773 990 1810">
     <span class='ocr_line' id='line_1_66' title="bbox 192 1773 990 1810; baseline 0.001 -9"><span class='ocrx_word' id='word_1_500' title='bbox 192 1773 336 1810; x_wconf 88' lang='lat' dir='ltr'><strong>potuisset,</strong></span> <span class='ocrx_word' id='word_1_501' title='bbox 358 1774 422 1809; x_wconf 92' lang='lat' dir='ltr'><strong>quia</strong></span> <span class='ocrx_word' id='word_1_502' title='bbox 443 1782 458 1801; x_wconf 88' lang='lat' dir='ltr'><strong>a</strong></span> <span class='ocrx_word' id='word_1_503' title='bbox 482 1774 608 1809; x_wconf 90' lang='lat' dir='ltr'><strong>pessimis</strong></span> <span class='ocrx_word' id='word_1_504' title='bbox 629 1774 739 1802; x_wconf 88' lang='lat' dir='ltr'><strong>canibus</strong></span> <span class='ocrx_word' id='word_1_505' title='bbox 759 1774 862 1802; x_wconf 77' lang='lat' dir='ltr'><strong>Judzeis</strong></span> <span class='ocrx_word' id='word_1_506' title='bbox 884 1774 939 1802; x_wconf 91' lang='lat' dir='ltr'><strong>huc</strong></span> <span class='ocrx_word' id='word_1_507' title='bbox 962 1778 990 1802; x_wconf 87' lang='lat' dir='ltr'><strong>et</strong></span> 
     </span>
    </p>
   </div>
   <div class='ocr_carea' id='block_1_67' title="bbox 191 1818 989 1855">
    <p class='ocr_par' dir='ltr' id='par_1_67' title="bbox 191 1818 989 1855">
     <span class='ocr_line' id='line_1_67' title="bbox 191 1818 989 1855; baseline 0.001 -9"><span class='ocrx_word' id='word_1_508' title='bbox 191 1818 256 1846; x_wconf 88' lang='lat' dir='ltr'><strong>illuc</strong></span> <span class='ocrx_word' id='word_1_509' title='bbox 280 1818 466 1852; x_wconf 83' lang='lat' dir='ltr'><strong>trahebatur?)</strong></span> <span class='ocrx_word' id='word_1_510' title='bbox 488 1819 547 1855; x_wconf 90' lang='lat' dir='ltr'><strong>ejus</strong></span> <span class='ocrx_word' id='word_1_511' title='bbox 568 1819 653 1855; x_wconf 86' lang='lat' dir='ltr'><strong>gratia</strong></span> <span class='ocrx_word' id='word_1_512' title='bbox 677 1827 751 1847; x_wconf 91' lang='lat' dir='ltr'><strong>nunc</strong></span> <span class='ocrx_word' id='word_1_513' title='bbox 773 1819 851 1847; x_wconf 88' lang='lat' dir='ltr'><strong>illum</strong></span> <span class='ocrx_word' id='word_1_514' title='bbox 875 1820 989 1847; x_wconf 89' lang='lat' dir='ltr'><strong>interro-</strong></span> 
     </span>
    </p>
   </div>
   <div class='ocr_carea' id='block_1_68' title="bbox 190 1864 988 1900">
    <p class='ocr_par' dir='ltr' id='par_1_68' title="bbox 190 1864 988 1900">
     <span class='ocr_line' id='line_1_68' title="bbox 190 1864 988 1900; baseline 0.001 -9"><span class='ocrx_word' id='word_1_515' title='bbox 190 1867 258 1900; x_wconf 88' lang='lat' dir='ltr'><strong>gat:</strong></span> <span class='ocrx_word' id='word_1_516' title='bbox 275 1867 307 1891; x_wconf 85' lang='lat' dir='ltr'><strong>ut</strong></span> <span class='ocrx_word' id='word_1_517' title='bbox 331 1864 354 1891; x_wconf 91' lang='lat' dir='ltr'><strong>si</strong></span> <span class='ocrx_word' id='word_1_518' title='bbox 379 1864 424 1892; x_wconf 88' lang='lat' dir='ltr'><strong>ille</strong></span> <span class='ocrx_word' id='word_1_519' title='bbox 436 1864 588 1900; x_wconf 87' lang='lat' dir='ltr'><strong>interroget</strong></span> <span class='ocrx_word' id='word_1_520' title='bbox 610 1864 738 1900; x_wconf 88' lang='lat' dir='ltr'><strong>quisnam</strong></span> <span class='ocrx_word' id='word_1_521' title='bbox 762 1865 798 1892; x_wconf 90' lang='lat' dir='ltr'><strong>sit</strong></span> <span class='ocrx_word' id='word_1_522' title='bbox 820 1864 904 1892; x_wconf 87' lang='lat' dir='ltr'><strong>Filius</strong></span> <span class='ocrx_word' id='word_1_523' title='bbox 925 1864 988 1899; x_wconf 86' lang='lat' dir='ltr'><strong>Dei,</strong></span> 
     </span>
    </p>
   </div>
   <div class='ocr_carea' id='block_1_69' title="bbox 190 1909 989 1946">
    <p class='ocr_par' dir='ltr' id='par_1_69' title="bbox 190 1909 989 1946">
     <span class='ocr_line' id='line_1_69' title="bbox 190 1909 989 1946; baseline 0.001 -10"><span class='ocrx_word' id='word_1_524' title='bbox 190 1913 388 1945; x_wconf 88' lang='lat' dir='ltr'><strong>consequenter</strong></span> <span class='ocrx_word' id='word_1_525' title='bbox 400 1916 429 1937; x_wconf 84' lang='lat' dir='ltr'><strong>se</strong></span> <span class='ocrx_word' id='word_1_526' title='bbox 441 1909 575 1938; x_wconf 89' lang='lat' dir='ltr'><strong>ostendat.</strong></span> <span class='ocrx_word' id='word_1_527' title='bbox 593 1911 707 1946; x_wconf 81' lang='lat' dir='ltr'><strong>Insuper</strong></span> <span class='ocrx_word' id='word_1_528' title='bbox 719 1913 746 1936; x_wconf 89' lang='lat' dir='ltr'><strong>et</strong></span> <span class='ocrx_word' id='word_1_529' title='bbox 759 1909 862 1937; x_wconf 90' lang='lat' dir='ltr'><strong>iudicat</strong></span> <span class='ocrx_word' id='word_1_530' title='bbox 876 1909 900 1937; x_wconf 90' lang='lat' dir='ltr'><strong>ei</strong></span> <span class='ocrx_word' id='word_1_531' title='bbox 916 1909 989 1945; x_wconf 91' lang='lat' dir='ltr'><strong>quod</strong></span> 
     </span>
    </p>
   </div>
   <div class='ocr_carea' id='block_1_70' title="bbox 191 1953 988 1989">
    <p class='ocr_par' dir='ltr' id='par_1_70' title="bbox 191 1953 988 1989">
     <span class='ocr_line' id='line_1_70' title="bbox 191 1953 988 1989; baseline -0.001 -8"><span class='ocrx_word' id='word_1_532' title='bbox 191 1953 275 1982; x_wconf 86' lang='lat' dir='ltr'><strong>ﬁdem</strong></span> <span class='ocrx_word' id='word_1_533' title='bbox 301 1954 374 1982; x_wconf 91' lang='lat' dir='ltr'><strong>illius</strong></span> <span class='ocrx_word' id='word_1_534' title='bbox 400 1954 478 1982; x_wconf 90' lang='lat' dir='ltr'><strong>valde</strong></span> <span class='ocrx_word' id='word_1_535' title='bbox 502 1955 583 1988; x_wconf 92' lang='lat' dir='ltr'><strong>colat,</strong></span> <span class='ocrx_word' id='word_1_536' title='bbox 619 1955 695 1989; x_wconf 88' lang='lat' dir='ltr'><strong>quasi</strong></span> <span class='ocrx_word' id='word_1_537' title='bbox 721 1954 749 1981; x_wconf 93' lang='lat' dir='ltr'><strong>in</strong></span> <span class='ocrx_word' id='word_1_538' title='bbox 775 1954 848 1981; x_wconf 91' lang='lat' dir='ltr'><strong>hunc</strong></span> <span class='ocrx_word' id='word_1_539' title='bbox 871 1953 988 1981; x_wconf 90' lang='lat' dir='ltr'><strong>modum</strong></span> 
     </span>
    </p>
   </div>
   <div class='ocr_carea' id='block_1_71' title="bbox 190 1997 990 2033">
    <p class='ocr_par' dir='ltr' id='par_1_71' title="bbox 190 1997 990 2033">
     <span class='ocr_line' id='line_1_71' title="bbox 190 1997 990 2033; baseline -0.003 -7"><span class='ocrx_word' id='word_1_540' title='bbox 190 1998 283 2026; x_wconf 87' lang='lat' dir='ltr'><strong>dicens</strong></span> <span class='ocrx_word' id='word_1_541' title='bbox 297 2007 304 2025; x_wconf 90' lang='lat'><strong>:</strong></span> <span class='ocrx_word' id='word_1_542' title='bbox 330 1998 502 2026; x_wconf 90' lang='lat' dir='ltr'><strong>Contumelia</strong></span> <span class='ocrx_word' id='word_1_543' title='bbox 518 2006 562 2026; x_wconf 92' lang='lat' dir='ltr'><strong>me</strong></span> <span class='ocrx_word' id='word_1_544' title='bbox 583 1997 676 2025; x_wconf 80' lang='lat' dir='ltr'><strong>affecit</strong></span> <span class='ocrx_word' id='word_1_545' title='bbox 692 1998 807 2033; x_wconf 90' lang='lat' dir='ltr'><strong>populus</strong></span> <span class='ocrx_word' id='word_1_546' title='bbox 820 2001 921 2032; x_wconf 88' lang='lat' dir='ltr'><strong>tantus,</strong></span> <span class='ocrx_word' id='word_1_547' title='bbox 940 1997 990 2025; x_wconf 90' lang='lat' dir='ltr'><strong>scd</strong></span> 
     </span>
    </p>
   </div>
   <div class='ocr_carea' id='block_1_72' title="bbox 189 2041 989 2070">
    <p class='ocr_par' dir='ltr' id='par_1_72' title="bbox 189 2041 989 2070">
     <span class='ocr_line' id='line_1_72' title="bbox 189 2041 989 2070; baseline -0.001 0"><span class='ocrx_word' id='word_1_548' title='bbox 189 2043 264 2070; x_wconf 86' lang='lat' dir='ltr'><strong>nulla</strong></span> <span class='ocrx_word' id='word_1_549' title='bbox 286 2042 355 2070; x_wconf 92' lang='lat' dir='ltr'><strong>mihi</strong></span> <span class='ocrx_word' id='word_1_550' title='bbox 370 2042 480 2070; x_wconf 90' lang='lat' dir='ltr'><strong>illorum</strong></span> <span class='ocrx_word' id='word_1_551' title='bbox 501 2050 576 2070; x_wconf 88' lang='lat' dir='ltr'><strong>cura.</strong></span> <span class='ocrx_word' id='word_1_552' title='bbox 599 2043 692 2070; x_wconf 91' lang='lat' dir='ltr'><strong>Unius</strong></span> <span class='ocrx_word' id='word_1_553' title='bbox 707 2042 768 2070; x_wconf 90' lang='lat' dir='ltr'><strong>ﬁdei</strong></span> <span class='ocrx_word' id='word_1_554' title='bbox 783 2041 919 2070; x_wconf 88' lang='lat' dir='ltr'><strong>rationem</strong></span> <span class='ocrx_word' id='word_1_555' title='bbox 943 2041 989 2069; x_wconf 90' lang='lat' dir='ltr'><strong>ha-</strong></span> 
     </span>
    </p>
   </div>
   <div class='ocr_carea' id='block_1_73' title="bbox 190 2086 989 2122">
    <p class='ocr_par' dir='ltr' id='par_1_73' title="bbox 190 2086 989 2122">
     <span class='ocr_line' id='line_1_73' title="bbox 190 2086 989 2122; baseline -0.001 -7"><span class='ocrx_word' id='word_1_556' title='bbox 190 2087 253 2115; x_wconf 90' lang='lat' dir='ltr'><strong>beo.</strong></span> <span class='ocrx_word' id='word_1_557' title='bbox 269 2087 360 2115; x_wconf 81' lang='lat' dir='ltr'><strong>Atille</strong></span> <span class='ocrx_word' id='word_1_558' title='bbox 380 2096 387 2115; x_wconf 88' lang='lat'><strong>:</strong></span> <span class='ocrx_word' id='word_1_559' title='bbox 411 2096 425 2112; x_wconf 86' lang='lat'><strong>«</strong></span> <span class='ocrx_word' id='word_1_560' title='bbox 446 2086 515 2122; x_wconf 86' lang='lat' dir='ltr'><strong>Quis</strong></span> <span class='ocrx_word' id='word_1_561' title='bbox 540 2090 592 2120; x_wconf 86' lang='lat' dir='ltr'><strong>est,</strong></span> <span class='ocrx_word' id='word_1_562' title='bbox 617 2086 746 2120; x_wconf 89' lang='lat' dir='ltr'><strong>Domine,</strong></span> <span class='ocrx_word' id='word_1_563' title='bbox 773 2098 786 2111; x_wconf 68' lang='grc' dir='ltr'><strong>ν</strong></span> <span class='ocrx_word' id='word_1_564' title='bbox 810 2086 897 2114; x_wconf 91' lang='lat' dir='ltr'><strong>Filius</strong></span> <span class='ocrx_word' id='word_1_565' title='bbox 917 2087 989 2114; x_wconf 83' lang='lat' dir='ltr'><strong>Dei?</strong></span> 
     </span>
    </p>
   </div>
   <div class='ocr_carea' id='block_1_74' title="bbox 189 2131 990 2160">
    <p class='ocr_par' dir='ltr' id='par_1_74' title="bbox 189 2131 990 2160">
     <span class='ocr_line' id='line_1_74' title="bbox 189 2131 990 2160; baseline -0.001 0"><span class='ocrx_word' id='word_1_566' title='bbox 189 2131 377 2160; x_wconf 87' lang='lat' dir='ltr'><strong>Desiderantis</strong></span> <span class='ocrx_word' id='word_1_567' title='bbox 400 2131 500 2159; x_wconf 71' lang='lat' dir='ltr'><strong>animae</strong></span> <span class='ocrx_word' id='word_1_568' title='bbox 514 2131 627 2158; x_wconf 87' lang='lat' dir='ltr'><strong>verbum</strong></span> <span class='ocrx_word' id='word_1_569' title='bbox 645 2131 752 2159; x_wconf 87' lang='lat' dir='ltr'><strong>locutus</strong></span> <span class='ocrx_word' id='word_1_570' title='bbox 774 2135 825 2159; x_wconf 89' lang='lat' dir='ltr'><strong>est.</strong></span> <span class='ocrx_word' id='word_1_571' title='bbox 852 2132 990 2159; x_wconf 70' lang='lat' dir='ltr'><strong>Cazterum</strong></span> 
     </span>
    </p>
   </div>
   <div class='ocr_carea' id='block_1_75' title="bbox 190 2175 988 2212">
    <p class='ocr_par' dir='ltr' id='par_1_75' title="bbox 190 2175 988 2212">
     <span class='ocr_line' id='line_1_75' title="bbox 190 2175 988 2212; baseline 0 -8"><span class='ocrx_word' id='word_1_572' title='bbox 190 2177 235 2204; x_wconf 87' lang='lat' dir='ltr'><strong>ille</strong></span> <span class='ocrx_word' id='word_1_573' title='bbox 250 2186 257 2204; x_wconf 89' lang='lat'><strong>:</strong></span> <span class='ocrx_word' id='word_1_574' title='bbox 274 2187 287 2201; x_wconf 77' lang='grc' dir='ltr'><strong>ιι</strong></span> <span class='ocrx_word' id='word_1_575' title='bbox 302 2178 336 2204; x_wconf 88' lang='lat' dir='ltr'><strong>Et</strong></span> <span class='ocrx_word' id='word_1_576' title='bbox 350 2177 450 2209; x_wconf 84' lang='lat' dir='ltr'><strong>vidisti,</strong></span> <span class='ocrx_word' id='word_1_577' title='bbox 464 2175 561 2212; x_wconf 85' lang='lat' dir='ltr'><strong>inquit,</strong></span> <span class='ocrx_word' id='word_1_578' title='bbox 575 2184 649 2211; x_wconf 88' lang='lat' dir='ltr'><strong>eum,</strong></span> <span class='ocrx_word' id='word_1_579' title='bbox 663 2180 689 2204; x_wconf 90' lang='lat' dir='ltr'><strong>et</strong></span> <span class='ocrx_word' id='word_1_580' title='bbox 702 2176 746 2212; x_wconf 92' lang='lat' dir='ltr'><strong>qui</strong></span> <span class='ocrx_word' id='word_1_581' title='bbox 758 2176 879 2212; x_wconf 90' lang='lat' dir='ltr'><strong>loquitur</strong></span> <span class='ocrx_word' id='word_1_582' title='bbox 889 2181 988 2211; x_wconf 88' lang='lat' dir='ltr'><strong>tecum,</strong></span> 
     </span>
    </p>
   </div>
   <div class='ocr_carea' id='block_1_76' title="bbox 1041 1592 1847 1633">
    <p class='ocr_par' dir='ltr' id='par_1_76' title="bbox 1041 1592 1847 1633">
     <span class='ocr_line' id='line_1_76' title="bbox 1041 1592 1847 1633; baseline 0.001 -11"><span class='ocrx_word' id='word_1_583' title='bbox 1041 1593 1193 1633; x_wconf 77' lang='grc' dir='ltr'>δεχόμενος.</span> <span class='ocrx_word' id='word_1_584' title='bbox 1241 1593 1293 1623; x_wconf 82' lang='grc' dir='ltr'>Καὶ</span> <span class='ocrx_word' id='word_1_585' title='bbox 1309 1592 1335 1622; x_wconf 88' lang='grc' dir='ltr'><strong>τί</strong></span> <span class='ocrx_word' id='word_1_586' title='bbox 1350 1603 1432 1633; x_wconf 85' lang='grc' dir='ltr'>φησι;</span> <span class='ocrx_word' id='word_1_587' title='bbox 1457 1607 1469 1620; x_wconf 76' lang='grc' dir='ltr'>ι</span> <span class='ocrx_word' id='word_1_588' title='bbox 1493 1593 1634 1627; x_wconf 85' lang='grc' dir='ltr'>Πιστεύεις</span> <span class='ocrx_word' id='word_1_589' title='bbox 1659 1595 1695 1628; x_wconf 85' lang='grc' dir='ltr'>εἷς</span> <span class='ocrx_word' id='word_1_590' title='bbox 1711 1593 1755 1623; x_wconf 80' lang='grc' dir='ltr'><strong>τὸν</strong></span> <span class='ocrx_word' id='word_1_591' title='bbox 1777 1594 1847 1624; x_wconf 79' lang='grc' dir='ltr'>Υἶὸν</span> 
     </span>
    </p>
   </div>
   <div class='ocr_carea' id='block_1_77' title="bbox 1041 1637 1847 1678">
    <p class='ocr_par' dir='ltr' id='par_1_77' title="bbox 1041 1637 1847 1678">
     <span class='ocr_line' id='line_1_77' title="bbox 1041 1637 1847 1678; baseline 0.001 -12"><span class='ocrx_word' id='word_1_592' title='bbox 1041 1641 1089 1667; x_wconf 69' lang='grc' dir='ltr'><strong>τοῦ</strong></span> <span class='ocrx_word' id='word_1_593' title='bbox 1114 1639 1198 1674; x_wconf 80' lang='grc' dir='ltr'>Θεοῦ;</span> <span class='ocrx_word' id='word_1_594' title='bbox 1217 1651 1229 1664; x_wconf 76' lang='grc' dir='ltr'><strong>ιι</strong></span> <span class='ocrx_word' id='word_1_595' title='bbox 1250 1637 1287 1667; x_wconf 86' lang='grc' dir='ltr'>Τί</span> <span class='ocrx_word' id='word_1_596' title='bbox 1311 1640 1408 1676; x_wconf 70' lang='grc' dir='ltr'>τοῦτοτ,</span> <span class='ocrx_word' id='word_1_597' title='bbox 1433 1638 1501 1676; x_wconf 83' lang='grc' dir='ltr'>μετὰ</span> <span class='ocrx_word' id='word_1_598' title='bbox 1526 1638 1659 1673; x_wconf 84' lang='grc' dir='ltr'>τοσαύτην</span> <span class='ocrx_word' id='word_1_599' title='bbox 1687 1637 1847 1678; x_wconf 78' lang='grc' dir='ltr'>ἄντίῤῥησιν</span> 
     </span>
    </p>
   </div>
   <div class='ocr_carea' id='block_1_78' title="bbox 1041 1681 1846 1723">
    <p class='ocr_par' dir='ltr' id='par_1_78' title="bbox 1041 1681 1846 1723">
     <span class='ocr_line' id='line_1_78' title="bbox 1041 1681 1846 1723; baseline 0.001 -11"><span class='ocrx_word' id='word_1_600' title='bbox 1041 1682 1089 1718; x_wconf 80' lang='grc' dir='ltr'><strong>τήν</strong></span> <span class='ocrx_word' id='word_1_601' title='bbox 1123 1683 1189 1722; x_wconf 75' lang='grc' dir='ltr'>πρὸς</span> <span class='ocrx_word' id='word_1_602' title='bbox 1212 1681 1271 1715; x_wconf 71' lang='grc' dir='ltr'>τοὺς</span> <span class='ocrx_word' id='word_1_603' title='bbox 1293 1682 1453 1719; x_wconf 80' lang='grc' dir='ltr'>Ἰουδαίους,</span> <span class='ocrx_word' id='word_1_604' title='bbox 1487 1681 1555 1720; x_wconf 81' lang='grc' dir='ltr'>μετὰ</span> <span class='ocrx_word' id='word_1_605' title='bbox 1585 1685 1703 1712; x_wconf 79' lang='grc' dir='ltr'>τοσαῦτα</span> <span class='ocrx_word' id='word_1_606' title='bbox 1733 1683 1846 1723; x_wconf 80' lang='grc' dir='ltr'>ῥήματα</span> 
     </span>
    </p>
   </div>
   <div class='ocr_carea' id='block_1_79' title="bbox 1042 1726 1844 1767">
    <p class='ocr_par' dir='ltr' id='par_1_79' title="bbox 1042 1726 1844 1767">
     <span class='ocr_line' id='line_1_79' title="bbox 1042 1726 1844 1767; baseline 0.001 -11"><span class='ocrx_word' id='word_1_607' title='bbox 1042 1728 1139 1767; x_wconf 81' lang='grc' dir='ltr'>ἐρωτᾷ,</span> <span class='ocrx_word' id='word_1_608' title='bbox 1160 1729 1194 1757; x_wconf 85' lang='grc' dir='ltr'>Εἰ</span> <span class='ocrx_word' id='word_1_609' title='bbox 1209 1726 1360 1763; x_wconf 82' lang='grc' dir='ltr'>πιστεύεις;</span> <span class='ocrx_word' id='word_1_610' title='bbox 1375 1729 1433 1757; x_wconf 88' lang='grc' dir='ltr'><strong>Οὖκ</strong></span> <span class='ocrx_word' id='word_1_611' title='bbox 1457 1728 1558 1766; x_wconf 77' lang='grc' dir='ltr'>ἀγνοῶν</span> <span class='ocrx_word' id='word_1_612' title='bbox 1574 1731 1651 1756; x_wconf 76' lang='grc' dir='ltr'>τοῦτο</span> <span class='ocrx_word' id='word_1_613' title='bbox 1675 1732 1755 1763; x_wconf 86' lang='grc' dir='ltr'>ποιεῖ,</span> <span class='ocrx_word' id='word_1_614' title='bbox 1773 1728 1844 1757; x_wconf 75' lang='grc' dir='ltr'>ἀλλὰ</span> 
     </span>
    </p>
   </div>
   <div class='ocr_carea' id='block_1_80' title="bbox 1043 1771 1845 1813">
    <p class='ocr_par' dir='ltr' id='par_1_80' title="bbox 1043 1771 1845 1813">
     <span class='ocr_line' id='line_1_80' title="bbox 1043 1771 1845 1813; baseline 0.004 -13"><span class='ocrx_word' id='word_1_615' title='bbox 1043 1772 1262 1813; x_wconf 19' lang='grc' dir='ltr'>βουλόμενοςντῷ</span> <span class='ocrx_word' id='word_1_616' title='bbox 1287 1773 1378 1812; x_wconf 70' lang='grc' dir='ltr'>τυφλῷ</span> <span class='ocrx_word' id='word_1_617' title='bbox 1394 1771 1488 1801; x_wconf 78' lang='grc' dir='ltr'>ἑαυτὸν</span> <span class='ocrx_word' id='word_1_618' title='bbox 1504 1771 1643 1811; x_wconf 86' lang='grc' dir='ltr'>γνωρίσαι.</span> <span class='ocrx_word' id='word_1_619' title='bbox 1662 1771 1773 1808; x_wconf 78' lang='grc' dir='ltr'>Ἐπειδὴ</span> <span class='ocrx_word' id='word_1_620' title='bbox 1791 1773 1845 1813; x_wconf 79' lang='grc' dir='ltr'><strong>γὰρ</strong></span> 
     </span>
    </p>
   </div>
   <div class='ocr_carea' id='block_1_81' title="bbox 1042 1812 1842 1858">
    <p class='ocr_par' dir='ltr' id='par_1_81' title="bbox 1042 1812 1842 1858">
     <span class='ocr_line' id='line_1_81' title="bbox 1042 1812 1842 1858; baseline 0.001 -12"><span class='ocrx_word' id='word_1_621' title='bbox 1042 1817 1096 1846; x_wconf 79' lang='grc' dir='ltr'>οὐδ’</span> <span class='ocrx_word' id='word_1_622' title='bbox 1113 1816 1181 1850; x_wconf 77' lang='grc' dir='ltr'>ὅλως</span> <span class='ocrx_word' id='word_1_623' title='bbox 1198 1812 1265 1846; x_wconf 72' lang='grc' dir='ltr'>εἶδεν</span> <span class='ocrx_word' id='word_1_624' title='bbox 1281 1817 1361 1846; x_wconf 81' lang='grc' dir='ltr'>αὐτὸν</span> <span class='ocrx_word' id='word_1_625' title='bbox 1376 1817 1432 1846; x_wconf 82' lang='grc' dir='ltr'>οὐδὲ</span> <span class='ocrx_word' id='word_1_626' title='bbox 1454 1815 1522 1852; x_wconf 83' lang='grc' dir='ltr'>μετὰ</span> <span class='ocrx_word' id='word_1_627' title='bbox 1534 1817 1581 1852; x_wconf 84' lang='grc' dir='ltr'><strong>τὴν</strong></span> <span class='ocrx_word' id='word_1_628' title='bbox 1596 1816 1666 1846; x_wconf 83' lang='grc' dir='ltr'>ἴασιν</span> <span class='ocrx_word' id='word_1_629' title='bbox 1686 1816 1763 1858; x_wconf 77' lang='grc' dir='ltr'>(πῶς</span> <span class='ocrx_word' id='word_1_630' title='bbox 1777 1817 1842 1858; x_wconf 81' lang='grc' dir='ltr'>γὰρ,</span> 
     </span>
    </p>
   </div>
   <div class='ocr_carea' id='block_1_82' title="bbox 1042 1861 1844 1901">
    <p class='ocr_par' dir='ltr' id='par_1_82' title="bbox 1042 1861 1844 1901">
     <span class='ocr_line' id='line_1_82' title="bbox 1042 1861 1844 1901; baseline 0.002 -11"><span class='ocrx_word' id='word_1_631' title='bbox 1042 1861 1093 1891; x_wconf 67' lang='grc' dir='ltr'><strong>ὕπὸ</strong></span> <span class='ocrx_word' id='word_1_632' title='bbox 1108 1863 1161 1890; x_wconf 83' lang='grc' dir='ltr'><strong>τῶν</strong></span> <span class='ocrx_word' id='word_1_633' title='bbox 1177 1861 1309 1891; x_wconf 82' lang='grc' dir='ltr'>κακίστων</span> <span class='ocrx_word' id='word_1_634' title='bbox 1326 1863 1410 1891; x_wconf 84' lang='grc' dir='ltr'>κυνῶν</span> <span class='ocrx_word' id='word_1_635' title='bbox 1435 1863 1487 1891; x_wconf 78' lang='grc' dir='ltr'><strong>τῶν</strong></span> <span class='ocrx_word' id='word_1_636' title='bbox 1509 1861 1644 1892; x_wconf 84' lang='grc' dir='ltr'>Ἰουδαίων</span> <span class='ocrx_word' id='word_1_637' title='bbox 1666 1861 1844 1901; x_wconf 84' lang='grc' dir='ltr'>περιελκόμε-</span> 
     </span>
    </p>
   </div>
   <div class='ocr_carea' id='block_1_83' title="bbox 1042 1905 1845 1946">
    <p class='ocr_par' dir='ltr' id='par_1_83' title="bbox 1042 1905 1845 1946">
     <span class='ocr_line' id='line_1_83' title="bbox 1042 1905 1845 1946; baseline 0.004 -12"><span class='ocrx_word' id='word_1_638' title='bbox 1042 1906 1124 1946; x_wconf 73' lang='grc' dir='ltr'>νοςς]</span> <span class='ocrx_word' id='word_1_639' title='bbox 1148 1905 1241 1935; x_wconf 80' lang='grc' dir='ltr'>τούτου</span> <span class='ocrx_word' id='word_1_640' title='bbox 1271 1905 1358 1936; x_wconf 79' lang='grc' dir='ltr'>ἕνεκεν</span> <span class='ocrx_word' id='word_1_641' title='bbox 1374 1908 1461 1946; x_wconf 80' lang='grc' dir='ltr'>ἐρωτᾷ</span> <span class='ocrx_word' id='word_1_642' title='bbox 1487 1906 1566 1936; x_wconf 78' lang='grc' dir='ltr'>αὐτὸν</span> <span class='ocrx_word' id='word_1_643' title='bbox 1588 1909 1645 1944; x_wconf 73' lang='grc' dir='ltr'>νῦν,</span> <span class='ocrx_word' id='word_1_644' title='bbox 1672 1905 1716 1935; x_wconf 75' lang='grc' dir='ltr'><strong>ἵνα</strong></span> <span class='ocrx_word' id='word_1_645' title='bbox 1741 1906 1845 1937; x_wconf 74' lang='grc' dir='ltr'>ἐκείνου</span> 
     </span>
    </p>
   </div>
   <div class='ocr_carea' id='block_1_84' title="bbox 1043 1949 1844 1990">
    <p class='ocr_par' dir='ltr' id='par_1_84' title="bbox 1043 1949 1844 1990">
     <span class='ocr_line' id='line_1_84' title="bbox 1043 1949 1844 1990; baseline 0.002 -11"><span class='ocrx_word' id='word_1_646' title='bbox 1043 1949 1241 1990; x_wconf 78' lang='grc' dir='ltr'>ἐρωτήσαντος,</span> <span class='ocrx_word' id='word_1_647' title='bbox 1261 1964 1273 1977; x_wconf 68' lang='grc' dir='ltr'><strong>α</strong></span> <span class='ocrx_word' id='word_1_648' title='bbox 1297 1950 1352 1981; x_wconf 83' lang='grc' dir='ltr'><strong>Καὶ</strong></span> <span class='ocrx_word' id='word_1_649' title='bbox 1377 1951 1416 1984; x_wconf 87' lang='grc' dir='ltr'><strong>τίς</strong></span> <span class='ocrx_word' id='word_1_650' title='bbox 1439 1952 1510 1980; x_wconf 82' lang='grc' dir='ltr'>ἐστιν</span> <span class='ocrx_word' id='word_1_651' title='bbox 1527 1965 1539 1977; x_wconf 75' lang='grc' dir='ltr'><strong>ι</strong></span> <span class='ocrx_word' id='word_1_652' title='bbox 1560 1953 1573 1980; x_wconf 87' lang='lat'><strong>6</strong></span> <span class='ocrx_word' id='word_1_653' title='bbox 1593 1951 1657 1984; x_wconf 75' lang='grc' dir='ltr'>Υἱὸς</span> <span class='ocrx_word' id='word_1_654' title='bbox 1676 1953 1724 1981; x_wconf 78' lang='grc' dir='ltr'><strong>τοῦ</strong></span> <span class='ocrx_word' id='word_1_655' title='bbox 1750 1952 1844 1989; x_wconf 66' lang='grc' dir='ltr'>Θεοῦ,</span> 
     </span>
    </p>
   </div>
   <div class='ocr_carea' id='block_1_85' title="bbox 1044 1994 1845 2036">
    <p class='ocr_par' dir='ltr' id='par_1_85' title="bbox 1044 1994 1845 2036">
     <span class='ocr_line' id='line_1_85' title="bbox 1044 1994 1845 2036; baseline 0.001 -12"><span class='ocrx_word' id='word_1_656' title='bbox 1044 1995 1194 2029; x_wconf 81' lang='grc' dir='ltr'>ἀκολούθως</span> <span class='ocrx_word' id='word_1_657' title='bbox 1216 1995 1310 2025; x_wconf 79' lang='grc' dir='ltr'>ἑαυτὸν</span> <span class='ocrx_word' id='word_1_658' title='bbox 1333 1995 1461 2036; x_wconf 82' lang='grc' dir='ltr'>ἐπιδείξῃ.</span> <span class='ocrx_word' id='word_1_659' title='bbox 1503 1994 1575 2034; x_wconf 78' lang='grc' dir='ltr'><strong>Ἅμα</strong></span> <span class='ocrx_word' id='word_1_660' title='bbox 1598 1995 1626 2024; x_wconf 81' lang='grc' dir='ltr'>δὲ</span> <span class='ocrx_word' id='word_1_661' title='bbox 1653 1995 1699 2024; x_wconf 81' lang='grc' dir='ltr'>καὶ</span> <span class='ocrx_word' id='word_1_662' title='bbox 1714 1994 1845 2026; x_wconf 85' lang='grc' dir='ltr'>δείκνυσιν</span> 
     </span>
    </p>
   </div>
   <div class='ocr_carea' id='block_1_86' title="bbox 1043 2039 1846 2079">
    <p class='ocr_par' dir='ltr' id='par_1_86' title="bbox 1043 2039 1846 2079">
     <span class='ocr_line' id='line_1_86' title="bbox 1043 2039 1846 2079; baseline 0.001 -10"><span class='ocrx_word' id='word_1_663' title='bbox 1043 2041 1126 2079; x_wconf 80' lang='grc' dir='ltr'>αὐτῷ,</span> <span class='ocrx_word' id='word_1_664' title='bbox 1151 2040 1192 2069; x_wconf 81' lang='grc' dir='ltr'><strong>ὅτι</strong></span> <span class='ocrx_word' id='word_1_665' title='bbox 1212 2039 1261 2076; x_wconf 71' lang='grc' dir='ltr'><strong>τὴν</strong></span> <span class='ocrx_word' id='word_1_666' title='bbox 1282 2041 1364 2070; x_wconf 75' lang='grc' dir='ltr'>αὐτοῦ</span> <span class='ocrx_word' id='word_1_667' title='bbox 1388 2040 1475 2069; x_wconf 87' lang='grc' dir='ltr'>πίστιν</span> <span class='ocrx_word' id='word_1_668' title='bbox 1490 2042 1590 2070; x_wconf 75' lang='grc' dir='ltr'>πολλοῦ</span> <span class='ocrx_word' id='word_1_669' title='bbox 1608 2044 1730 2077; x_wconf 81' lang='grc' dir='ltr'>τιμᾶται,</span> <span class='ocrx_word' id='word_1_670' title='bbox 1745 2041 1846 2071; x_wconf 85' lang='grc' dir='ltr'>ὡσανεὶ</span> 
     </span>
    </p>
   </div>
   <div class='ocr_carea' id='block_1_87' title="bbox 1043 2084 1843 2124">
    <p class='ocr_par' dir='ltr' id='par_1_87' title="bbox 1043 2084 1843 2124">
     <span class='ocr_line' id='line_1_87' title="bbox 1043 2084 1843 2124; baseline 0.001 -11"><span class='ocrx_word' id='word_1_671' title='bbox 1043 2087 1152 2114; x_wconf 76' lang='grc' dir='ltr'>τοιαῦτα</span> <span class='ocrx_word' id='word_1_672' title='bbox 1189 2084 1285 2124; x_wconf 82' lang='grc' dir='ltr'><strong>λέγων⁵</strong></span> <span class='ocrx_word' id='word_1_673' title='bbox 1311 2084 1429 2124; x_wconf 60' lang='grc' dir='ltr'>υΥϐρισέ</span> <span class='ocrx_word' id='word_1_674' title='bbox 1456 2097 1489 2123; x_wconf 86' lang='grc' dir='ltr'><strong>με</strong></span> <span class='ocrx_word' id='word_1_675' title='bbox 1514 2085 1597 2123; x_wconf 73' lang='grc' dir='ltr'>δῆμος</span> <span class='ocrx_word' id='word_1_676' title='bbox 1621 2087 1754 2122; x_wconf 78' lang='grc' dir='ltr'>τοσοῦτος,</span> <span class='ocrx_word' id='word_1_677' title='bbox 1780 2086 1843 2114; x_wconf 80' lang='grc' dir='ltr'>ἀλλ’</span> 
     </span>
    </p>
   </div>
   <div class='ocr_carea' id='block_1_88' title="bbox 1045 2129 1845 2168">
    <p class='ocr_par' dir='ltr' id='par_1_88' title="bbox 1045 2129 1845 2168">
     <span class='ocr_line' id='line_1_88' title="bbox 1045 2129 1845 2168; baseline 0.001 -10"><span class='ocrx_word' id='word_1_678' title='bbox 1045 2130 1126 2163; x_wconf 76' lang='grc' dir='ltr'>οὐδεὶς</span> <span class='ocrx_word' id='word_1_679' title='bbox 1157 2129 1216 2167; x_wconf 77' lang='grc' dir='ltr'>ἐμοὶ</span> <span class='ocrx_word' id='word_1_680' title='bbox 1251 2130 1327 2167; x_wconf 87' lang='grc' dir='ltr'>λόγος</span> <span class='ocrx_word' id='word_1_681' title='bbox 1354 2129 1473 2159; x_wconf 83' lang='grc' dir='ltr'>ἐκείνων·</span> <span class='ocrx_word' id='word_1_682' title='bbox 1512 2130 1568 2163; x_wconf 82' lang='grc' dir='ltr'>ἑνός</span> <span class='ocrx_word' id='word_1_683' title='bbox 1598 2141 1644 2168; x_wconf 90' lang='grc' dir='ltr'><strong>μοι</strong></span> <span class='ocrx_word' id='word_1_684' title='bbox 1681 2129 1768 2168; x_wconf 83' lang='grc' dir='ltr'>μέλει,</span> <span class='ocrx_word' id='word_1_685' title='bbox 1795 2133 1845 2160; x_wconf 77' lang='grc' dir='ltr'><strong>τοῦ</strong></span> 
     </span>
    </p>
   </div>
   <div class='ocr_carea' id='block_1_89' title="bbox 1044 2173 1846 2213">
    <p class='ocr_par' dir='ltr' id='par_1_89' title="bbox 1044 2173 1846 2213">
     <span class='ocr_line' id='line_1_89' title="bbox 1044 2173 1846 2213; baseline 0.001 -11"><span class='ocrx_word' id='word_1_686' title='bbox 1044 2177 1196 2204; x_wconf 73' lang='grc' dir='ltr'>πιστεῦσαι.</span> <span class='ocrx_word' id='word_1_687' title='bbox 1240 2174 1275 2203; x_wconf 59' lang='lat' dir='ltr'><strong>c0</strong></span> <span class='ocrx_word' id='word_1_688' title='bbox 1300 2174 1337 2211; x_wconf 83' lang='grc' dir='ltr'>δὲ,</span> <span class='ocrx_word' id='word_1_689' title='bbox 1358 2173 1426 2204; x_wconf 75' lang='grc' dir='ltr'>αΚαὶ</span> <span class='ocrx_word' id='word_1_690' title='bbox 1447 2174 1486 2207; x_wconf 88' lang='grc' dir='ltr'><strong>τίς</strong></span> <span class='ocrx_word' id='word_1_691' title='bbox 1506 2175 1572 2211; x_wconf 84' lang='grc' dir='ltr'>ἐστι,</span> <span class='ocrx_word' id='word_1_692' title='bbox 1591 2173 1691 2213; x_wconf 82' lang='grc' dir='ltr'>Κύριε,</span> <span class='ocrx_word' id='word_1_693' title='bbox 1717 2188 1729 2200; x_wconf 71' lang='grc' dir='ltr'><strong>ιι</strong></span> <span class='ocrx_word' id='word_1_694' title='bbox 1745 2175 1760 2202; x_wconf 80' lang='grc' dir='ltr'>ὁ</span> <span class='ocrx_word' id='word_1_695' title='bbox 1779 2175 1846 2208; x_wconf 78' lang='grc' dir='ltr'>Υἱὸς</span> 
     </span>
    </p>
   </div>
   <div class='ocr_carea' id='block_1_90' title="bbox 190 2218 986 2259">
    <p class='ocr_par' dir='ltr' id='par_1_90' title="bbox 190 2221 986 2258">
     <span class='ocr_line' id='line_1_90' title="bbox 190 2221 986 2258; baseline 0 -9"><span class='ocrx_word' id='word_1_696' title='bbox 190 2222 235 2249; x_wconf 93' lang='lat' dir='ltr'><strong>ille</strong></span> <span class='ocrx_word' id='word_1_697' title='bbox 248 2225 297 2249; x_wconf 89' lang='lat' dir='ltr'><strong>est.</strong></span> <span class='ocrx_word' id='word_1_698' title='bbox 315 2232 329 2246; x_wconf 84' lang='lat'>»</span> <span class='ocrx_word' id='word_1_699' title='bbox 345 2222 408 2249; x_wconf 88' lang='lat' dir='ltr'><strong>Non</strong></span> <span class='ocrx_word' id='word_1_700' title='bbox 423 2221 491 2249; x_wconf 87' lang='lat' dir='ltr'><strong>dixit</strong></span> <span class='ocrx_word' id='word_1_701' title='bbox 512 2231 518 2249; x_wconf 91' lang='lat'><strong>:</strong></span> <span class='ocrx_word' id='word_1_702' title='bbox 541 2222 599 2257; x_wconf 85' lang='lat' dir='ltr'><strong>Ego</strong></span> <span class='ocrx_word' id='word_1_703' title='bbox 621 2229 683 2249; x_wconf 92' lang='lat' dir='ltr'><strong>sum</strong></span> <span class='ocrx_word' id='word_1_704' title='bbox 698 2222 746 2257; x_wconf 89' lang='lat' dir='ltr'><strong>qui</strong></span> <span class='ocrx_word' id='word_1_705' title='bbox 769 2226 796 2249; x_wconf 87' lang='lat' dir='ltr'><strong>te</strong></span> <span class='ocrx_word' id='word_1_706' title='bbox 815 2221 917 2255; x_wconf 87' lang='lat' dir='ltr'><strong>sanavi,</strong></span> <span class='ocrx_word' id='word_1_707' title='bbox 942 2222 986 2258; x_wconf 93' lang='lat' dir='ltr'><strong>qui</strong></span> 
     </span>
    </p>
   </div>
   <div class='ocr_carea' id='block_1_91' title="bbox 1085 2218 1838 2259">
    <p class='ocr_par' dir='ltr' id='par_1_91' title="bbox 1085 2218 1838 2259">
     <span class='ocr_line' id='line_1_91' title="bbox 1085 2218 1838 2259; baseline 0.003 -13"><span class='ocrx_word' id='word_1_708' title='bbox 1085 2223 1087 2246; x_wconf 77' lang='grc' dir='ltr'><strong>ἰ</strong></span> <span class='ocrx_word' id='word_1_709' title='bbox 1111 2220 1199 2255; x_wconf 72' lang='grc' dir='ltr'>Θεοῦ;</span> <span class='ocrx_word' id='word_1_710' title='bbox 1218 2218 1356 2255; x_wconf 78' lang='grc' dir='ltr'>Ποθούσης</span> <span class='ocrx_word' id='word_1_711' title='bbox 1371 2220 1458 2259; x_wconf 77' lang='grc' dir='ltr'>ψυχῆς</span> <span class='ocrx_word' id='word_1_712' title='bbox 1474 2221 1548 2258; x_wconf 78' lang='grc' dir='ltr'>ῥῆμα</span> <span class='ocrx_word' id='word_1_713' title='bbox 1571 2218 1724 2259; x_wconf 68' lang='grc' dir='ltr'>ἐφθέγξατο.</span> <span class='ocrx_word' id='word_1_714' title='bbox 1744 2219 1779 2248; x_wconf 62' lang='grc' dir='ltr'><strong>τΟ</strong></span> <span class='ocrx_word' id='word_1_715' title='bbox 1794 2219 1838 2256; x_wconf 79' lang='grc' dir='ltr'>δὲ,</span> 
     </span>
    </p>
   </div>
   <div class='ocr_carea' id='block_1_92' title="bbox 189 2266 990 2302">
    <p class='ocr_par' dir='ltr' id='par_1_92' title="bbox 189 2266 990 2302">
     <span class='ocr_line' id='line_1_92' title="bbox 189 2266 990 2302; baseline -0.001 -7"><span class='ocrx_word' id='word_1_716' title='bbox 189 2266 246 2295; x_wconf 87' lang='lat' dir='ltr'><strong>dixi</strong></span> <span class='ocrx_word' id='word_1_717' title='bbox 260 2266 319 2301; x_wconf 92' lang='lat' dir='ltr'><strong>tibi,</strong></span> <span class='ocrx_word' id='word_1_718' title='bbox 328 2266 414 2300; x_wconf 86' lang='lat' dir='ltr'><strong>Vade,</strong></span> <span class='ocrx_word' id='word_1_719' title='bbox 424 2266 513 2294; x_wconf 90' lang='lat' dir='ltr'><strong>lavare</strong></span> <span class='ocrx_word' id='word_1_720' title='bbox 525 2275 531 2293; x_wconf 93' lang='lat'><strong>:</strong></span> <span class='ocrx_word' id='word_1_721' title='bbox 543 2266 590 2294; x_wconf 84' lang='lat' dir='ltr'><strong>sed</strong></span> <span class='ocrx_word' id='word_1_722' title='bbox 600 2266 736 2294; x_wconf 79' lang='lat' dir='ltr'><strong>submisse</strong></span> <span class='ocrx_word' id='word_1_723' title='bbox 747 2266 857 2302; x_wconf 91' lang='lat' dir='ltr'><strong>quidem</strong></span> <span class='ocrx_word' id='word_1_724' title='bbox 869 2267 990 2302; x_wconf 89' lang='lat' dir='ltr'><strong>primum</strong></span> 
     </span>
    </p>
   </div>
   <div class='ocr_carea' id='block_1_93' title="bbox 190 2310 990 2347">
    <p class='ocr_par' dir='ltr' id='par_1_93' title="bbox 190 2310 990 2347">
     <span class='ocr_line' id='line_1_93' title="bbox 190 2310 990 2347; baseline 0 -8"><span class='ocrx_word' id='word_1_725' title='bbox 190 2315 217 2339; x_wconf 92' lang='lat' dir='ltr'><strong>et</strong></span> <span class='ocrx_word' id='word_1_726' title='bbox 239 2311 356 2339; x_wconf 89' lang='lat' dir='ltr'><strong>obscure</strong></span> <span class='ocrx_word' id='word_1_727' title='bbox 374 2319 381 2338; x_wconf 86' lang='lat'>:</span> <span class='ocrx_word' id='word_1_728' title='bbox 398 2322 411 2336; x_wconf 80' lang='grc' dir='ltr'>ι</span> <span class='ocrx_word' id='word_1_729' title='bbox 426 2312 462 2338; x_wconf 86' lang='lat' dir='ltr'><strong>Et</strong></span> <span class='ocrx_word' id='word_1_730' title='bbox 480 2311 589 2345; x_wconf 86' lang='lat' dir='ltr'><strong>Vidisti,</strong></span> <span class='ocrx_word' id='word_1_731' title='bbox 604 2311 704 2347; x_wconf 85' lang='lat' dir='ltr'><strong>inquit,</strong></span> <span class='ocrx_word' id='word_1_732' title='bbox 724 2319 805 2345; x_wconf 89' lang='lat' dir='ltr'><strong>eum;</strong></span> <span class='ocrx_word' id='word_1_733' title='bbox 824 2321 837 2337; x_wconf 83' lang='lat'>»</span> <span class='ocrx_word' id='word_1_734' title='bbox 853 2310 952 2339; x_wconf 87' lang='lat' dir='ltr'><strong>deinde</strong></span> <span class='ocrx_word' id='word_1_735' title='bbox 964 2315 990 2339; x_wconf 92' lang='lat' dir='ltr'><strong>et</strong></span> 
     </span>
    </p>
   </div>
   <div class='ocr_carea' id='block_1_94' title="bbox 190 2355 987 2393">
    <p class='ocr_par' dir='ltr' id='par_1_94' title="bbox 190 2355 987 2393">
     <span class='ocr_line' id='line_1_94' title="bbox 190 2355 987 2393; baseline -0.001 -9"><span class='ocrx_word' id='word_1_736' title='bbox 190 2355 361 2384; x_wconf 85' lang='lat' dir='ltr'><strong>manifestius</strong></span> <span class='ocrx_word' id='word_1_737' title='bbox 384 2366 391 2384; x_wconf 88' lang='lat'>:</span> <span class='ocrx_word' id='word_1_738' title='bbox 409 2367 422 2380; x_wconf 75' lang='grc' dir='ltr'><strong>α</strong></span> <span class='ocrx_word' id='word_1_739' title='bbox 446 2357 480 2384; x_wconf 86' lang='lat' dir='ltr'><strong>Et</strong></span> <span class='ocrx_word' id='word_1_740' title='bbox 503 2357 549 2392; x_wconf 86' lang='lat' dir='ltr'><strong>qui</strong></span> <span class='ocrx_word' id='word_1_741' title='bbox 571 2356 693 2393; x_wconf 90' lang='lat' dir='ltr'><strong>loquitur</strong></span> <span class='ocrx_word' id='word_1_742' title='bbox 712 2361 815 2390; x_wconf 88' lang='lat' dir='ltr'><strong>tecum,</strong></span> <span class='ocrx_word' id='word_1_743' title='bbox 837 2356 884 2384; x_wconf 92' lang='lat' dir='ltr'><strong>ille</strong></span> <span class='ocrx_word' id='word_1_744' title='bbox 905 2360 956 2384; x_wconf 88' lang='lat' dir='ltr'><strong>est.</strong></span> <span class='ocrx_word' id='word_1_745' title='bbox 975 2367 987 2380; x_wconf 84' lang='grc' dir='ltr'><strong>ιι</strong></span> 
     </span>
    </p>
   </div>
   <div class='ocr_carea' id='block_1_95' title="bbox 190 2401 987 2436">
    <p class='ocr_par' dir='ltr' id='par_1_95' title="bbox 190 2401 987 2436">
     <span class='ocr_line' id='line_1_95' title="bbox 190 2401 987 2436; baseline 0 -8"><span class='ocrx_word' id='word_1_746' title='bbox 190 2401 307 2429; x_wconf 90' lang='lat' dir='ltr'><strong>Videtur</strong></span> <span class='ocrx_word' id='word_1_747' title='bbox 325 2405 417 2429; x_wconf 88' lang='lat' dir='ltr'><strong>autem</strong></span> <span class='ocrx_word' id='word_1_748' title='bbox 437 2402 569 2430; x_wconf 90' lang='lat' dir='ltr'><strong>Dominus</strong></span> <span class='ocrx_word' id='word_1_749' title='bbox 582 2401 674 2430; x_wconf 88' lang='lat' dir='ltr'><strong>dedita</strong></span> <span class='ocrx_word' id='word_1_750' title='bbox 688 2409 769 2436; x_wconf 87' lang='lat' dir='ltr'><strong>opera</strong></span> <span class='ocrx_word' id='word_1_751' title='bbox 784 2401 874 2429; x_wconf 89' lang='lat' dir='ltr'><strong>dicere</strong></span> <span class='ocrx_word' id='word_1_752' title='bbox 891 2411 897 2429; x_wconf 89' lang='lat'>:</span> <span class='ocrx_word' id='word_1_753' title='bbox 913 2413 925 2425; x_wconf 74' lang='grc' dir='ltr'>ει</span> <span class='ocrx_word' id='word_1_754' title='bbox 940 2401 987 2428; x_wconf 87' lang='lat' dir='ltr'><strong>Vi-</strong></span> 
     </span>
    </p>
   </div>
   <div class='ocr_carea' id='block_1_96' title="bbox 189 2445 988 2481">
    <p class='ocr_par' dir='ltr' id='par_1_96' title="bbox 189 2445 988 2481">
     <span class='ocr_line' id='line_1_96' title="bbox 189 2445 988 2481; baseline 0 -8"><span class='ocrx_word' id='word_1_755' title='bbox 189 2445 251 2474; x_wconf 87' lang='lat' dir='ltr'><strong>disti</strong></span> <span class='ocrx_word' id='word_1_756' title='bbox 266 2454 340 2481; x_wconf 90' lang='lat' dir='ltr'><strong>eum,</strong></span> <span class='ocrx_word' id='word_1_757' title='bbox 364 2458 376 2471; x_wconf 73' lang='grc' dir='ltr'><strong>υ</strong></span> <span class='ocrx_word' id='word_1_758' title='bbox 391 2450 423 2474; x_wconf 90' lang='lat' dir='ltr'><strong>ut</strong></span> <span class='ocrx_word' id='word_1_759' title='bbox 443 2447 556 2475; x_wconf 90' lang='lat' dir='ltr'><strong>omnino</strong></span> <span class='ocrx_word' id='word_1_760' title='bbox 572 2446 598 2474; x_wconf 92' lang='lat' dir='ltr'><strong>in</strong></span> <span class='ocrx_word' id='word_1_761' title='bbox 612 2446 776 2474; x_wconf 90' lang='lat' dir='ltr'><strong>memoriam</strong></span> <span class='ocrx_word' id='word_1_762' title='bbox 794 2453 852 2474; x_wconf 75' lang='lat' dir='ltr'><strong>suae</strong></span> <span class='ocrx_word' id='word_1_763' title='bbox 866 2446 988 2474; x_wconf 89' lang='lat' dir='ltr'><strong>sanatio-</strong></span> 
     </span>
    </p>
   </div>
   <div class='ocr_carea' id='block_1_97' title="bbox 188 2491 989 2527">
    <p class='ocr_par' dir='ltr' id='par_1_97' title="bbox 188 2491 989 2527">
     <span class='ocr_line' id='line_1_97' title="bbox 188 2491 989 2527; baseline 0 -9"><span class='ocrx_word' id='word_1_764' title='bbox 188 2491 233 2518; x_wconf 94' lang='lat' dir='ltr'><strong>nis</strong></span> <span class='ocrx_word' id='word_1_765' title='bbox 245 2491 321 2519; x_wconf 91' lang='lat' dir='ltr'><strong>illum</strong></span> <span class='ocrx_word' id='word_1_766' title='bbox 346 2491 470 2525; x_wconf 87' lang='lat' dir='ltr'><strong>reducat,</strong></span> <span class='ocrx_word' id='word_1_767' title='bbox 484 2496 511 2519; x_wconf 89' lang='lat' dir='ltr'><strong>et</strong></span> <span class='ocrx_word' id='word_1_768' title='bbox 533 2491 606 2527; x_wconf 91' lang='lat' dir='ltr'><strong>quod</strong></span> <span class='ocrx_word' id='word_1_769' title='bbox 621 2499 636 2519; x_wconf 88' lang='lat' dir='ltr'><strong>a</strong></span> <span class='ocrx_word' id='word_1_770' title='bbox 656 2499 686 2519; x_wconf 90' lang='lat' dir='ltr'><strong>se</strong></span> <span class='ocrx_word' id='word_1_771' title='bbox 708 2491 842 2518; x_wconf 83' lang='lat' dir='ltr'><strong>virtutum</strong></span> <span class='ocrx_word' id='word_1_772' title='bbox 858 2491 989 2527; x_wconf 86' lang='lat' dir='ltr'><strong>receperit</strong></span> 
     </span>
    </p>
   </div>
   <div class='ocr_carea' id='block_1_98' title="bbox 189 2535 988 2572">
    <p class='ocr_par' dir='ltr' id='par_1_98' title="bbox 189 2535 988 2572">
     <span class='ocr_line' id='line_1_98' title="bbox 189 2535 988 2572; baseline 0 -8"><span class='ocrx_word' id='word_1_773' title='bbox 189 2536 309 2564; x_wconf 87' lang='lat' dir='ltr'><strong>videndi.</strong></span> <span class='ocrx_word' id='word_1_774' title='bbox 333 2538 368 2564; x_wconf 87' lang='lat' dir='ltr'><strong>Et</strong></span> <span class='ocrx_word' id='word_1_775' title='bbox 380 2537 425 2564; x_wconf 90' lang='lat' dir='ltr'><strong>ille</strong></span> <span class='ocrx_word' id='word_1_776' title='bbox 447 2537 540 2565; x_wconf 86' lang='lat' dir='ltr'><strong>statim</strong></span> <span class='ocrx_word' id='word_1_777' title='bbox 562 2536 657 2570; x_wconf 88' lang='lat' dir='ltr'><strong>credit,</strong></span> <span class='ocrx_word' id='word_1_778' title='bbox 680 2543 799 2572; x_wconf 90' lang='lat' dir='ltr'><strong>opusque</strong></span> <span class='ocrx_word' id='word_1_779' title='bbox 813 2535 941 2564; x_wconf 83' lang='lat' dir='ltr'><strong>ferventis</strong></span> <span class='ocrx_word' id='word_1_780' title='bbox 960 2541 988 2564; x_wconf 88' lang='lat' dir='ltr'><strong>et</strong></span> 
     </span>
    </p>
   </div>
   <div class='ocr_carea' id='block_1_99' title="bbox 189 2581 987 2614">
    <p class='ocr_par' dir='ltr' id='par_1_99' title="bbox 189 2581 987 2614">
     <span class='ocr_line' id='line_1_99' title="bbox 189 2581 987 2614; baseline 0.003 -6"><span class='ocrx_word' id='word_1_781' title='bbox 189 2589 260 2609; x_wconf 61' lang='lat' dir='ltr'><strong>verae</strong></span> <span class='ocrx_word' id='word_1_782' title='bbox 278 2581 340 2609; x_wconf 90' lang='lat' dir='ltr'><strong>ﬁdei</strong></span> <span class='ocrx_word' id='word_1_783' title='bbox 355 2581 473 2610; x_wconf 87' lang='lat' dir='ltr'><strong>ostendit</strong></span> <span class='ocrx_word' id='word_1_784' title='bbox 494 2581 622 2614; x_wconf 91' lang='lat' dir='ltr'><strong>adorans,</strong></span> <span class='ocrx_word' id='word_1_785' title='bbox 636 2581 805 2608; x_wconf 86' lang='lat' dir='ltr'><strong>conﬁrmans</strong></span> <span class='ocrx_word' id='word_1_786' title='bbox 827 2589 987 2610; x_wconf 89' lang='lat' dir='ltr'><strong>sermonem</strong></span> 
     </span>
    </p>
   </div>
   <div class='ocr_carea' id='block_1_100' title="bbox 188 2625 985 2663">
    <p class='ocr_par' dir='ltr' id='par_1_100' title="bbox 188 2625 985 2663">
     <span class='ocr_line' id='line_1_100' title="bbox 188 2625 985 2663; baseline 0 -9"><span class='ocrx_word' id='word_1_787' title='bbox 188 2634 279 2662; x_wconf 85' lang='lat' dir='ltr'><strong>opere,</strong></span> <span class='ocrx_word' id='word_1_788' title='bbox 293 2627 366 2663; x_wconf 92' lang='lat' dir='ltr'><strong>quod</strong></span> <span class='ocrx_word' id='word_1_789' title='bbox 379 2631 409 2654; x_wconf 90' lang='lat' dir='ltr'><strong>ut</strong></span> <span class='ocrx_word' id='word_1_790' title='bbox 423 2628 513 2654; x_wconf 90' lang='lat' dir='ltr'><strong>Deum</strong></span> <span class='ocrx_word' id='word_1_791' title='bbox 524 2625 659 2661; x_wconf 79' lang='lat' dir='ltr'><strong>gloriﬁcet</strong></span> <span class='ocrx_word' id='word_1_792' title='bbox 670 2625 828 2654; x_wconf 90' lang='lat' dir='ltr'><strong>Christum.</strong></span> <span class='ocrx_word' id='word_1_793' title='bbox 848 2627 919 2654; x_wconf 86' lang='lat' dir='ltr'><strong>Nam</strong></span> <span class='ocrx_word' id='word_1_794' title='bbox 935 2626 985 2654; x_wconf 92' lang='lat' dir='ltr'><strong>soli</strong></span> 
     </span>
    </p>
   </div>
   <div class='ocr_carea' id='block_1_101' title="bbox 187 2670 986 2708">
    <p class='ocr_par' dir='ltr' id='par_1_101' title="bbox 187 2670 986 2708">
     <span class='ocr_line' id='line_1_101' title="bbox 187 2670 986 2708; baseline 0 -9"><span class='ocrx_word' id='word_1_795' title='bbox 187 2671 299 2708; x_wconf 90' lang='lat' dir='ltr'><strong>quidem</strong></span> <span class='ocrx_word' id='word_1_796' title='bbox 321 2673 380 2698; x_wconf 83' lang='lat' dir='ltr'><strong>Deo</strong></span> <span class='ocrx_word' id='word_1_797' title='bbox 404 2671 594 2698; x_wconf 88' lang='lat' dir='ltr'><strong>adoratiouem</strong></span> <span class='ocrx_word' id='word_1_798' title='bbox 617 2670 827 2706; x_wconf 85' lang='lat' dir='ltr'><strong>impendendam</strong></span> <span class='ocrx_word' id='word_1_799' title='bbox 847 2671 903 2707; x_wconf 84' lang='lat' dir='ltr'><strong>lege</strong></span> <span class='ocrx_word' id='word_1_800' title='bbox 924 2679 986 2699; x_wconf 88' lang='lat' dir='ltr'><strong>cau-</strong></span> 
     </span>
    </p>
   </div>
   <div class='ocr_carea' id='block_1_102' title="bbox 187 2715 987 2752">
    <p class='ocr_par' dir='ltr' id='par_1_102' title="bbox 187 2715 987 2752">
     <span class='ocr_line' id='line_1_102' title="bbox 187 2715 987 2752; baseline 0 -8"><span class='ocrx_word' id='word_1_801' title='bbox 187 2720 249 2744; x_wconf 83' lang='lat' dir='ltr'><strong>tum</strong></span> <span class='ocrx_word' id='word_1_802' title='bbox 273 2716 307 2742; x_wconf 77' lang='lat'><strong>‘7.</strong></span> <span class='ocrx_word' id='word_1_803' title='bbox 323 2716 444 2752; x_wconf 88' lang='lat' dir='ltr'><strong>lntellige</strong></span> <span class='ocrx_word' id='word_1_804' title='bbox 456 2720 548 2743; x_wconf 87' lang='lat' dir='ltr'><strong>autem</strong></span> <span class='ocrx_word' id='word_1_805' title='bbox 564 2715 617 2744; x_wconf 92' lang='lat' dir='ltr'><strong>hoc</strong></span> <span class='ocrx_word' id='word_1_806' title='bbox 638 2716 799 2744; x_wconf 89' lang='lat' dir='ltr'><strong>miraculum</strong></span> <span class='ocrx_word' id='word_1_807' title='bbox 814 2716 897 2744; x_wconf 89' lang='lat' dir='ltr'><strong>etiam</strong></span> <span class='ocrx_word' id='word_1_808' title='bbox 910 2716 987 2752; x_wconf 89' lang='lat' dir='ltr'><strong>spiri-</strong></span> 
     </span>
    </p>
   </div>
   <div class='ocr_carea' id='block_1_103' title="bbox 186 2761 986 2797">
    <p class='ocr_par' dir='ltr' id='par_1_103' title="bbox 186 2761 986 2797">
     <span class='ocr_line' id='line_1_103' title="bbox 186 2761 986 2797; baseline 0 -9"><span class='ocrx_word' id='word_1_809' title='bbox 186 2761 297 2789; x_wconf 85' lang='lat' dir='ltr'><strong>tualiter</strong></span> <span class='ocrx_word' id='word_1_810' title='bbox 309 2761 465 2796; x_wconf 88' lang='lat' dir='ltr'><strong>impletum.</strong></span> <span class='ocrx_word' id='word_1_811' title='bbox 483 2762 554 2788; x_wconf 90' lang='lat' dir='ltr'><strong>Nam</strong></span> <span class='ocrx_word' id='word_1_812' title='bbox 569 2768 664 2797; x_wconf 63' lang='lat' dir='ltr'><strong>caecus</strong></span> <span class='ocrx_word' id='word_1_813' title='bbox 672 2761 782 2797; x_wconf 91' lang='lat' dir='ltr'><strong>quidem</strong></span> <span class='ocrx_word' id='word_1_814' title='bbox 798 2765 856 2790; x_wconf 88' lang='lat' dir='ltr'><strong>erat</strong></span> <span class='ocrx_word' id='word_1_815' title='bbox 871 2761 912 2788; x_wconf 91' lang='lat' dir='ltr'><strong>vel</strong></span> <span class='ocrx_word' id='word_1_816' title='bbox 927 2769 986 2788; x_wconf 67' lang='lat' dir='ltr'><strong>om~</strong></span> 
     </span>
    </p>
   </div>
   <div class='ocr_carea' id='block_1_104' title="bbox 223 2851 442 2886">
    <p class='ocr_par' dir='ltr' id='par_1_104' title="bbox 223 2851 442 2886">
     <span class='ocr_line' id='line_1_104' title="bbox 223 2851 442 2886; baseline -0.005 -8"><span class='ocrx_word' id='word_1_817' title='bbox 223 2851 245 2868; x_wconf 71' lang='lat'><strong>‘7</strong></span> <span class='ocrx_word' id='word_1_818' title='bbox 259 2852 341 2879; x_wconf 86' lang='lat' dir='ltr'><strong>Deut.</strong></span> <span class='ocrx_word' id='word_1_819' title='bbox 359 2859 400 2886; x_wconf 83' lang='lat' dir='ltr'><strong>VI,</strong></span> <span class='ocrx_word' id='word_1_820' title='bbox 414 2854 442 2878; x_wconf 85' lang='lat'><strong>5.</strong></span> 
     </span>
    </p>
   </div>
   <div class='ocr_carea' id='block_1_105' title="bbox 1045 2262 1845 2304">
    <p class='ocr_par' dir='ltr' id='par_1_105' title="bbox 1045 2262 1845 2304">
     <span class='ocr_line' id='line_1_105' title="bbox 1045 2262 1845 2304; baseline 0 -11"><span class='ocrx_word' id='word_1_821' title='bbox 1045 2277 1056 2289; x_wconf 73' lang='grc' dir='ltr'><strong>α</strong></span> <span class='ocrx_word' id='word_1_822' title='bbox 1080 2263 1137 2294; x_wconf 77' lang='grc' dir='ltr'>Καὶ</span> <span class='ocrx_word' id='word_1_823' title='bbox 1165 2263 1304 2302; x_wconf 80' lang='grc' dir='ltr'>ἑώρακας,</span> <span class='ocrx_word' id='word_1_824' title='bbox 1331 2262 1420 2304; x_wconf 75' lang='grc' dir='ltr'>φησὶν,</span> <span class='ocrx_word' id='word_1_825' title='bbox 1449 2262 1538 2300; x_wconf 76' lang='grc' dir='ltr'>αὐτὸν,</span> <span class='ocrx_word' id='word_1_826' title='bbox 1558 2263 1604 2292; x_wconf 81' lang='grc' dir='ltr'>καὶ</span> <span class='ocrx_word' id='word_1_827' title='bbox 1623 2266 1636 2292; x_wconf 92' lang='lat'><strong>6</strong></span> <span class='ocrx_word' id='word_1_828' title='bbox 1660 2263 1749 2292; x_wconf 74' lang='grc' dir='ltr'>λαλῶν</span> <span class='ocrx_word' id='word_1_829' title='bbox 1774 2264 1845 2301; x_wconf 80' lang='grc' dir='ltr'>μετὰ</span> 
     </span>
    </p>
   </div>
   <div class='ocr_carea' id='block_1_106' title="bbox 1044 2304 1845 2347">
    <p class='ocr_par' dir='ltr' id='par_1_106' title="bbox 1044 2304 1845 2347">
     <span class='ocr_line' id='line_1_106' title="bbox 1044 2304 1845 2347; baseline 0 -10"><span class='ocrx_word' id='word_1_830' title='bbox 1044 2311 1102 2346; x_wconf 74' lang='grc' dir='ltr'>σοῦ,</span> <span class='ocrx_word' id='word_1_831' title='bbox 1122 2308 1218 2341; x_wconf 79' lang='grc' dir='ltr'>ἐκεῖνός</span> <span class='ocrx_word' id='word_1_832' title='bbox 1234 2310 1317 2339; x_wconf 84' lang='grc' dir='ltr'>ἐστιν.</span> <span class='ocrx_word' id='word_1_833' title='bbox 1336 2322 1348 2334; x_wconf 73' lang='grc' dir='ltr'><strong><em>ι</em></strong></span> <span class='ocrx_word' id='word_1_834' title='bbox 1365 2309 1425 2339; x_wconf 82' lang='grc' dir='ltr'><strong>Οὖκ</strong></span> <span class='ocrx_word' id='word_1_835' title='bbox 1441 2304 1524 2343; x_wconf 75' lang='grc' dir='ltr'>εἶπεν,</span> <span class='ocrx_word' id='word_1_836' title='bbox 1543 2308 1583 2337; x_wconf 80' lang='grc' dir='ltr'><strong>ὅτι</strong></span> <span class='ocrx_word' id='word_1_837' title='bbox 1597 2306 1672 2347; x_wconf 82' lang='grc' dir='ltr'>Ἐγώ</span> <span class='ocrx_word' id='word_1_838' title='bbox 1693 2309 1748 2346; x_wconf 80' lang='grc' dir='ltr'>εἶμι</span> <span class='ocrx_word' id='word_1_839' title='bbox 1770 2309 1784 2337; x_wconf 83' lang='grc'>6</span> <span class='ocrx_word' id='word_1_840' title='bbox 1795 2320 1845 2337; x_wconf 88' lang='grc' dir='ltr'>τε-</span> 
     </span>
    </p>
   </div>
   <div class='ocr_carea' id='block_1_107' title="bbox 1043 2351 1845 2393">
    <p class='ocr_par' dir='ltr' id='par_1_107' title="bbox 1043 2351 1845 2393">
     <span class='ocr_line' id='line_1_107' title="bbox 1043 2351 1845 2393; baseline 0.001 -11"><span class='ocrx_word' id='word_1_841' title='bbox 1043 2353 1211 2393; x_wconf 76' lang='grc' dir='ltr'>θεραπευκὼς</span> <span class='ocrx_word' id='word_1_842' title='bbox 1237 2365 1279 2391; x_wconf 83' lang='grc' dir='ltr'><strong>σε,</strong></span> <span class='ocrx_word' id='word_1_843' title='bbox 1302 2355 1315 2383; x_wconf 89' lang='lat'><strong>6</strong></span> <span class='ocrx_word' id='word_1_844' title='bbox 1336 2353 1417 2383; x_wconf 78' lang='grc' dir='ltr'>εἰπών</span> <span class='ocrx_word' id='word_1_845' title='bbox 1439 2365 1495 2389; x_wconf 88' lang='grc' dir='ltr'>σοι,</span> <span class='ocrx_word' id='word_1_846' title='bbox 1518 2351 1641 2392; x_wconf 75' lang='grc' dir='ltr'>⁷Υπαγε,</span> <span class='ocrx_word' id='word_1_847' title='bbox 1668 2352 1758 2393; x_wconf 78' lang='grc' dir='ltr'>νίψαι·</span> <span class='ocrx_word' id='word_1_848' title='bbox 1783 2353 1845 2383; x_wconf 73' lang='grc' dir='ltr'>ἀλλ’</span> 
     </span>
    </p>
   </div>
   <div class='ocr_carea' id='block_1_108' title="bbox 1043 2396 1846 2438">
    <p class='ocr_par' dir='ltr' id='par_1_108' title="bbox 1043 2396 1846 2438">
     <span class='ocr_line' id='line_1_108' title="bbox 1043 2396 1846 2438; baseline -0.001 -11"><span class='ocrx_word' id='word_1_849' title='bbox 1043 2398 1248 2436; x_wconf 75' lang='grc' dir='ltr'>ὕπεσταλμένως</span> <span class='ocrx_word' id='word_1_850' title='bbox 1274 2398 1321 2437; x_wconf 84' lang='grc' dir='ltr'>μὲν</span> <span class='ocrx_word' id='word_1_851' title='bbox 1343 2399 1448 2438; x_wconf 71' lang='grc' dir='ltr'>πρῶτον</span> <span class='ocrx_word' id='word_1_852' title='bbox 1471 2397 1518 2427; x_wconf 78' lang='grc' dir='ltr'>καὶ</span> <span class='ocrx_word' id='word_1_853' title='bbox 1536 2398 1660 2437; x_wconf 76' lang='grc' dir='ltr'>ἀσαφῶς,</span> <span class='ocrx_word' id='word_1_854' title='bbox 1677 2411 1689 2423; x_wconf 71' lang='grc' dir='ltr'>ι</span> <span class='ocrx_word' id='word_1_855' title='bbox 1711 2396 1765 2427; x_wconf 84' lang='grc' dir='ltr'><strong>Καὶ</strong></span> <span class='ocrx_word' id='word_1_856' title='bbox 1791 2397 1846 2426; x_wconf 80' lang='grc' dir='ltr'><strong>ἑώ-</strong></span> 
     </span>
    </p>
   </div>
   <div class='ocr_carea' id='block_1_109' title="bbox 1045 2437 1845 2483">
    <p class='ocr_par' dir='ltr' id='par_1_109' title="bbox 1045 2437 1845 2483">
     <span class='ocr_line' id='line_1_109' title="bbox 1045 2437 1845 2483; baseline -0.001 -11"><span class='ocrx_word' id='word_1_857' title='bbox 1045 2455 1136 2483; x_wconf 84' lang='grc' dir='ltr'>ρακας,</span> <span class='ocrx_word' id='word_1_858' title='bbox 1159 2443 1250 2483; x_wconf 70' lang='grc' dir='ltr'>φησὶν,</span> <span class='ocrx_word' id='word_1_859' title='bbox 1267 2442 1357 2472; x_wconf 84' lang='grc' dir='ltr'>αὐτόν’</span> <span class='ocrx_word' id='word_1_860' title='bbox 1377 2456 1388 2468; x_wconf 73' lang='lat' dir='ltr'><strong>n</strong></span> <span class='ocrx_word' id='word_1_861' title='bbox 1404 2437 1462 2471; x_wconf 70' lang='grc' dir='ltr'>εἶτα</span> <span class='ocrx_word' id='word_1_862' title='bbox 1486 2442 1532 2471; x_wconf 86' lang='grc' dir='ltr'><strong>καὶ</strong></span> <span class='ocrx_word' id='word_1_863' title='bbox 1548 2441 1739 2482; x_wconf 78' lang='grc' dir='ltr'>φανερώτερον,</span> <span class='ocrx_word' id='word_1_864' title='bbox 1758 2455 1771 2469; x_wconf 82' lang='grc' dir='ltr'><strong>α</strong></span> <span class='ocrx_word' id='word_1_865' title='bbox 1788 2442 1845 2472; x_wconf 83' lang='grc' dir='ltr'>Καὶ</span> 
     </span>
    </p>
   </div>
   <div class='ocr_carea' id='block_1_110' title="bbox 1041 2485 1844 2526">
    <p class='ocr_par' dir='ltr' id='par_1_110' title="bbox 1041 2485 1844 2526">
     <span class='ocr_line' id='line_1_110' title="bbox 1041 2485 1844 2526; baseline 0 -9"><span class='ocrx_word' id='word_1_866' title='bbox 1041 2490 1056 2518; x_wconf 80' lang='lat'><strong>6</strong></span> <span class='ocrx_word' id='word_1_867' title='bbox 1073 2489 1159 2517; x_wconf 80' lang='grc' dir='ltr'>λαλῶν</span> <span class='ocrx_word' id='word_1_868' title='bbox 1175 2487 1243 2526; x_wconf 70' lang='grc' dir='ltr'>μετὰ</span> <span class='ocrx_word' id='word_1_869' title='bbox 1256 2491 1314 2525; x_wconf 74' lang='grc' dir='ltr'>σοῦ,</span> <span class='ocrx_word' id='word_1_870' title='bbox 1325 2487 1421 2521; x_wconf 71' lang='grc' dir='ltr'>ἐκεῖνός</span> <span class='ocrx_word' id='word_1_871' title='bbox 1436 2488 1517 2517; x_wconf 80' lang='grc' dir='ltr'>ἐστιν.</span> <span class='ocrx_word' id='word_1_872' title='bbox 1534 2499 1547 2513; x_wconf 75' lang='grc' dir='ltr'><strong>ι</strong></span> <span class='ocrx_word' id='word_1_873' title='bbox 1590 2485 1684 2516; x_wconf 77' lang='grc' dir='ltr'>Ἐοικε</span> <span class='ocrx_word' id='word_1_874' title='bbox 1701 2486 1729 2515; x_wconf 85' lang='grc' dir='ltr'>δὲ</span> <span class='ocrx_word' id='word_1_875' title='bbox 1748 2487 1763 2516; x_wconf 81' lang='grc' dir='ltr'><strong>ὃ</strong></span> <span class='ocrx_word' id='word_1_876' title='bbox 1782 2486 1844 2517; x_wconf 77' lang='grc' dir='ltr'><strong>Κύ-</strong></span> 
     </span>
    </p>
   </div>
   <div class='ocr_carea' id='block_1_111' title="bbox 1042 2530 1843 2573">
    <p class='ocr_par' dir='ltr' id='par_1_111' title="bbox 1042 2530 1843 2573">
     <span class='ocr_line' id='line_1_111' title="bbox 1042 2530 1843 2573; baseline -0.001 -12"><span class='ocrx_word' id='word_1_877' title='bbox 1042 2545 1094 2573; x_wconf 87' lang='grc' dir='ltr'>ριος</span> <span class='ocrx_word' id='word_1_878' title='bbox 1118 2533 1238 2569; x_wconf 78' lang='grc' dir='ltr'>ἐπίτηδες</span> <span class='ocrx_word' id='word_1_879' title='bbox 1259 2534 1342 2562; x_wconf 80' lang='grc' dir='ltr'>εἰπεῖν</span> <span class='ocrx_word' id='word_1_880' title='bbox 1364 2532 1410 2568; x_wconf 79' lang='grc' dir='ltr'><strong>τὸ,</strong></span> <span class='ocrx_word' id='word_1_881' title='bbox 1439 2545 1451 2558; x_wconf 76' lang='grc' dir='ltr'><strong>ιι</strong></span> <span class='ocrx_word' id='word_1_882' title='bbox 1472 2531 1615 2571; x_wconf 54' lang='grc' dir='ltr'>(Εώραχας</span> <span class='ocrx_word' id='word_1_883' title='bbox 1641 2530 1730 2568; x_wconf 75' lang='grc' dir='ltr'>αὐτὸν,</span> <span class='ocrx_word' id='word_1_884' title='bbox 1756 2544 1768 2558; x_wconf 74' lang='grc' dir='ltr'><strong>ι</strong></span> <span class='ocrx_word' id='word_1_885' title='bbox 1797 2531 1843 2561; x_wconf 69' lang='grc' dir='ltr'>ἵνα</span> 
     </span>
    </p>
   </div>
   <div class='ocr_carea' id='block_1_112' title="bbox 1040 2575 1843 2616">
    <p class='ocr_par' dir='ltr' id='par_1_112' title="bbox 1040 2575 1843 2616">
     <span class='ocr_line' id='line_1_112' title="bbox 1040 2575 1843 2616; baseline 0 -10"><span class='ocrx_word' id='word_1_886' title='bbox 1040 2577 1147 2611; x_wconf 79' lang='grc' dir='ltr'>πάντως</span> <span class='ocrx_word' id='word_1_887' title='bbox 1171 2579 1206 2611; x_wconf 88' lang='grc' dir='ltr'><strong>εἰς</strong></span> <span class='ocrx_word' id='word_1_888' title='bbox 1234 2577 1384 2616; x_wconf 76' lang='grc' dir='ltr'>ἀνάμνησιν</span> <span class='ocrx_word' id='word_1_889' title='bbox 1411 2576 1490 2606; x_wconf 76' lang='grc' dir='ltr'>αὐτὸν</span> <span class='ocrx_word' id='word_1_890' title='bbox 1515 2576 1603 2615; x_wconf 77' lang='grc' dir='ltr'>ἀγάγῃ</span> <span class='ocrx_word' id='word_1_891' title='bbox 1623 2578 1669 2612; x_wconf 79' lang='grc' dir='ltr'><strong>τῆς</strong></span> <span class='ocrx_word' id='word_1_892' title='bbox 1689 2575 1843 2614; x_wconf 84' lang='grc' dir='ltr'>θεραπείας,</span> 
     </span>
    </p>
   </div>
   <div class='ocr_carea' id='block_1_113' title="bbox 1041 2620 1844 2662">
    <p class='ocr_par' dir='ltr' id='par_1_113' title="bbox 1041 2620 1844 2662">
     <span class='ocr_line' id='line_1_113' title="bbox 1041 2620 1844 2662; baseline -0.002 -10"><span class='ocrx_word' id='word_1_893' title='bbox 1041 2622 1086 2652; x_wconf 79' lang='grc' dir='ltr'><strong>καὶ</strong></span> <span class='ocrx_word' id='word_1_894' title='bbox 1101 2621 1140 2651; x_wconf 73' lang='grc' dir='ltr'><strong>ὅτι</strong></span> <span class='ocrx_word' id='word_1_895' title='bbox 1157 2624 1201 2651; x_wconf 74' lang='grc' dir='ltr'><strong>ὑπ’</strong></span> <span class='ocrx_word' id='word_1_896' title='bbox 1225 2623 1305 2652; x_wconf 76' lang='grc' dir='ltr'>αὐτοῦ</span> <span class='ocrx_word' id='word_1_897' title='bbox 1326 2622 1374 2657; x_wconf 87' lang='grc' dir='ltr'><strong>τὴν</strong></span> <span class='ocrx_word' id='word_1_898' title='bbox 1400 2624 1446 2651; x_wconf 76' lang='grc' dir='ltr'><strong>τοῦ</strong></span> <span class='ocrx_word' id='word_1_899' title='bbox 1461 2624 1525 2662; x_wconf 79' lang='grc' dir='ltr'>ὃρᾷν</span> <span class='ocrx_word' id='word_1_900' title='bbox 1542 2620 1622 2651; x_wconf 81' lang='grc' dir='ltr'>ἔλαϐε</span> <span class='ocrx_word' id='word_1_901' title='bbox 1647 2620 1770 2659; x_wconf 81' lang='grc' dir='ltr'>δύναμιν.</span> <span class='ocrx_word' id='word_1_902' title='bbox 1789 2621 1844 2650; x_wconf 76' lang='grc' dir='ltr'>Καὶ</span> 
     </span>
    </p>
   </div>
   <div class='ocr_carea' id='block_1_114' title="bbox 1041 2665 1845 2706">
    <p class='ocr_par' dir='ltr' id='par_1_114' title="bbox 1041 2665 1845 2706">
     <span class='ocr_line' id='line_1_114' title="bbox 1041 2665 1845 2706; baseline -0.002 -10"><span class='ocrx_word' id='word_1_903' title='bbox 1041 2668 1076 2700; x_wconf 85' lang='grc' dir='ltr'><strong>ὡς</strong></span> <span class='ocrx_word' id='word_1_904' title='bbox 1172 2668 1211 2706; x_wconf 85' lang='grc' dir='ltr'>ὃς]</span> <span class='ocrx_word' id='word_1_905' title='bbox 1230 2666 1304 2700; x_wconf 79' lang='grc' dir='ltr'>εὐθύς</span> <span class='ocrx_word' id='word_1_906' title='bbox 1323 2678 1352 2695; x_wconf 88' lang='grc' dir='ltr'><strong>τε</strong></span> <span class='ocrx_word' id='word_1_907' title='bbox 1372 2666 1501 2703; x_wconf 80' lang='grc' dir='ltr'>πιστεύει,</span> <span class='ocrx_word' id='word_1_908' title='bbox 1518 2666 1563 2696; x_wconf 86' lang='grc' dir='ltr'>καὶ</span> <span class='ocrx_word' id='word_1_909' title='bbox 1580 2668 1678 2705; x_wconf 71' lang='grc' dir='ltr'>θερμῆς</span> <span class='ocrx_word' id='word_1_910' title='bbox 1702 2665 1777 2705; x_wconf 87' lang='grc' dir='ltr'>ἔργον</span> <span class='ocrx_word' id='word_1_911' title='bbox 1797 2665 1845 2695; x_wconf 79' lang='grc' dir='ltr'>καὶ</span> 
     </span>
    </p>
   </div>
   <div class='ocr_carea' id='block_1_115' title="bbox 1041 2711 1844 2750">
    <p class='ocr_par' dir='ltr' id='par_1_115' title="bbox 1041 2711 1844 2750">
     <span class='ocr_line' id='line_1_115' title="bbox 1041 2711 1844 2750; baseline -0.001 -10"><span class='ocrx_word' id='word_1_912' title='bbox 1041 2713 1154 2748; x_wconf 79' lang='grc' dir='ltr'>ἀληθοῦς</span> <span class='ocrx_word' id='word_1_913' title='bbox 1179 2712 1291 2745; x_wconf 86' lang='grc' dir='ltr'>πίστεως</span> <span class='ocrx_word' id='word_1_914' title='bbox 1313 2711 1504 2747; x_wconf 83' lang='grc' dir='ltr'>ἐπιδείκνυται,</span> <span class='ocrx_word' id='word_1_915' title='bbox 1533 2713 1699 2750; x_wconf 78' lang='grc' dir='ltr'>προσκυνῶν,</span> <span class='ocrx_word' id='word_1_916' title='bbox 1726 2711 1772 2740; x_wconf 88' lang='grc' dir='ltr'><strong>καὶ</strong></span> <span class='ocrx_word' id='word_1_917' title='bbox 1796 2722 1844 2739; x_wconf 83' lang='grc' dir='ltr'>πι-</span> 
     </span>
    </p>
   </div>
   <div class='ocr_carea' id='block_1_116' title="bbox 1040 2754 1845 2797">
    <p class='ocr_par' dir='ltr' id='par_1_116' title="bbox 1040 2754 1845 2797">
     <span class='ocr_line' id='line_1_116' title="bbox 1040 2754 1845 2797; baseline -0.002 -11"><span class='ocrx_word' id='word_1_918' title='bbox 1040 2756 1183 2795; x_wconf 85' lang='grc' dir='ltr'>στούμενος</span> <span class='ocrx_word' id='word_1_919' title='bbox 1197 2757 1242 2786; x_wconf 82' lang='grc' dir='ltr'><strong>τὸν</strong></span> <span class='ocrx_word' id='word_1_920' title='bbox 1265 2755 1342 2796; x_wconf 83' lang='grc' dir='ltr'>λόγον</span> <span class='ocrx_word' id='word_1_921' title='bbox 1361 2758 1399 2797; x_wconf 85' lang='grc' dir='ltr'><strong>τῷ</strong></span> <span class='ocrx_word' id='word_1_922' title='bbox 1416 2756 1495 2796; x_wconf 86' lang='grc' dir='ltr'>ἔργῳ,</span> <span class='ocrx_word' id='word_1_923' title='bbox 1514 2755 1560 2785; x_wconf 73' lang='grc' dir='ltr'><strong>καὶ</strong></span> <span class='ocrx_word' id='word_1_924' title='bbox 1575 2755 1618 2784; x_wconf 77' lang='grc' dir='ltr'><strong>ὅτι</strong></span> <span class='ocrx_word' id='word_1_925' title='bbox 1632 2756 1668 2789; x_wconf 80' lang='grc' dir='ltr'>ὥς</span> <span class='ocrx_word' id='word_1_926' title='bbox 1682 2755 1752 2786; x_wconf 77' lang='grc' dir='ltr'>Θεὸν</span> <span class='ocrx_word' id='word_1_927' title='bbox 1767 2754 1845 2789; x_wconf 80' lang='grc' dir='ltr'>δοξά-</span> 
     </span>
    </p>
   </div>
  </div>
