1910 3077
192 162 224 188 63
700 159 956 188 THEOPHYLACTI
976 158 1152 186 BULGARUE
1171 158 1328 186 ARCHIEP.
1812 155 1850 182 64

189 239 225 244 -—
245 235 256 247 ιι
274 225 309 251 Et
323 224 426 259 vidisti,
441 224 539 260 inquit,
555 232 629 256 eum,
647 228 673 251 et
686 224 732 259 qui
748 223 868 259 loquitur
881 227 985 256 tecum,

1067 222 1165 260 ἰμενον,
1180 222 1243 252 ὄντα
1259 221 1286 250 δὲ
1302 221 1348 251 καὶ
1368 221 1433 252 Υἱὸν
1449 223 1495 250 τοῦ
1516 223 1596 251 Θεοῦ.

190 269 236 296 ille
249 273 300 297 est.
318 280 329 293 α
348 269 415 303 Quis
428 269 509 305 igitur
525 273 582 296 erat
598 269 730 304 loquens?
745 268 868 295 Omnino
884 267 928 295 ille
942 267 986 303 qui

190 321 224 340 ex
236 313 323 340 Maria
340 317 420 340 natus
435 312 546 348 quidem
561 317 587 340 et
602 313 686 340 Filius
701 313 761 345 Dei,
774 320 828 339 non
844 312 912 339 alius
924 319 987 346 ergo

189 361 215 385 et
228 357 296 385 alius
314 367 321 384 :
336 357 410 384 unde
424 357 530 392 proprie
551 357 664 388 οεοτόκος
677 361 767 384 sancta
783 356 880 389 Maria,
894 360 988 391 utpote

189 409 252 437 quae
267 401 367 429 Filium
380 401 431 428 Dei
446 409 556 429 carnem
573 401 675 429 factum
689 401 822 436 genuerit,
839 399 989 428 indivisibi-

191 445 245 472 lem
270 445 456 480 exsistentem,
478 449 506 473 et
519 453 608 473 unum
623 445 768 481 duplicem,
785 445 831 481 qui
855 448 895 473 est
908 445 989 472 Iesus

192 488 326 517 Christus.

1639 220 1680 250 Οὖ
1696 219 1746 259 γὰρ
1763 219 1852 252 ἄλλος

1042 268 1056 295 6
1073 267 1136 300 Υἱὸς
1152 271 1197 297 τοῦ
1211 268 1297 302 Θεοῦ,
1321 266 1366 296 καὶ
1382 267 1460 300 ἄλλος
1474 268 1487 295 6
1506 267 1535 295 ἐκ
1559 265 1667 305 Μαρίας
1682 264 1778 304 (τοῦτο
1794 264 1851 302 γὰρ

1042 311 1186 351 Νεστορίου
1203 312 1233 341 τὸ
1261 311 1420 351 ἀσέϐημα),
1439 311 1499 341 ἀλλ’
1522 306 1557 345 εἷς
1574 311 1619 339 καὶ
1647 313 1660 339 6
1685 309 1762 343 αὐτὸς
1782 309 1852 342 Υἱὸς

1043 358 1113 387 Θεοῦ
1128 356 1173 385 καὶ
1198 356 1345 396 ἀνθρώπου.
1358 355 1432 396 Ὅρα
1450 355 1500 395 γὰρ
1516 357 1572 388 πῶς
1588 358 1602 385 6
1619 355 1726 396 Κύριος,
1754 354 1852 383 εἶπόν-

1042 412 1085 434 τος
1100 404 1146 430 τοῦ
1169 413 1233 431 ποτε
1256 403 1366 442 τυφλοῦ,
1393 415 1403 426 ιι
1421 401 1476 431 Καὶ
1492 400 1530 435 τίς
1549 401 1621 430 ἐστιν
1640 413 1650 426 ι
1677 401 1690 428 6
1706 399 1771 432 Υἱὸς
1801 401 1851 427 τοῦ

1042 446 1123 483 Θεοῦ,
1143 460 1154 472 α
1177 446 1221 475 ἵνα
1246 447 1380 475 πιστεύσω
1396 447 1431 479 εἷς
1447 445 1543 484 αὖτόν;
1561 458 1573 471 ιι
1593 463 1633 467 —
1657 459 1670 470 ιι
1687 445 1742 474 Καὶ
1758 443 1853 482 ἑώρα-

1044 502 1103 529 κας,
1121 491 1215 531 φησὶν,
1242 491 1333 528 αὐτὸν,
1361 490 1406 520 καὶ
1422 493 1435 520 6
1458 492 1546 520 λαλῶν
1573 490 1641 528 μετὰ
1665 492 1722 525 σοῦ,
1744 488 1853 521 ἐκεῖνός

191 536 271 564 ἐστιν,
289 549 300 561 ι
320 535 369 568 Τίς
394 530 438 564 οὖν
464 531 496 571 ἦν
511 537 525 565 ὅ
547 537 654 571 λαλῶν;
670 530 710 565 ’Ἦ
729 535 833 568 πάντως
853 535 866 563 6
886 535 914 563 ἐκ
930 533 1039 574 Μαρίας
1054 535 1205 574 γεννηθείς;
1234 537 1248 564 6
1273 535 1351 569 αὐτὸς
1381 535 1407 565 δὲ
1434 536 1478 566 καὶ
1504 536 1567 568 Υἱὸς
1591 536 1672 572 Θεοῦ,
1691 535 1739 563 οὐκ
1766 534 1855 566 ἄλλος

191 579 243 619 ἄρα
267 579 312 609 καὶ
337 581 424 614 ἄλλος.
442 580 524 610 ”Οθεν
543 580 589 610 καὶ
612 580 707 620 κυρίως
728 579 858 612 Θεοτόχος
882 581 898 614 ἡ
922 579 986 618 ἁγία
1011 580 1123 619 Μαρία,
1142 583 1178 614 ὡς
1196 581 1242 610 τὸν
1266 581 1330 610 Υἱὸν
1352 584 1397 610 τοῦ
1416 581 1487 610 Θεοῦ
1511 580 1597 620 σάρκα
1612 579 1737 620 γεγονότα
1752 578 1854 618 γεννή-

192 636 275 660 σασα,
303 625 448 665 ἀδιαίρετον
478 625 555 662 ὄντα,
582 625 627 654 καὶ
657 625 702 654 ἕνα
728 626 773 654 τὸν
800 625 920 660 διπλοῦν,
950 623 977 657 ὅς
996 624 1051 653 ἐστι
1067 626 1182 665 Χριστὸς
1202 625 1309 665 Κύριος.

225 675 315 702 Vens.
334 677 427 702 39-41.
454 686 466 699 οι
484 677 518 702 Et
536 674 605 702 dixit
622 675 700 702 Jesus
717 685 722 702 :
740 675 770 701 In
789 674 924 710 judicium
940 681 991 709 ego

192 720 220 747 in
236 719 308 747 hunc
321 719 457 747 mundum
472 720 543 753 veni,
563 724 593 747 ut
612 719 660 754 qui
674 727 730 746 non
742 719 844 752 vident,
862 719 989 746 videant:

193 764 276 800 643
293 769 321 792 et
335 765 380 800 qui
389 765 492 799 vident,
504 764 569 793 caeci
582 765 659 793 ﬁant.
671 766 706 792 Et
716 763 866 792 audierunt
879 763 991 799 quidam

197 817 229 836 ex
251 809 394 837 Phariszeis
408 810 477 843 hinc,
500 810 546 845 qui
568 817 631 837 cum
647 810 705 844 ipso
720 813 808 842 erant,
825 814 852 836 et
865 808 993 836 dixerunt

194 854 217 880 ei
243 863 250 881 :
265 855 340 882 Num
355 858 383 882 et
397 862 448 882 nos
462 854 527 882 caici
550 855 666 882 sumus?
681 853 756 881 Dixit
780 853 819 881 eis
837 854 917 880 Jesus
939 861 947 880 :
963 850 993 880 Si

1086 684 1098 696 α
1123 670 1177 700 Καὶ
1203 666 1275 700 εἶπεν
1300 670 1440 707 ὃἸησοῖὶς⁶
1467 671 1513 703 Εἷς
1540 673 1624 709 κρῖμα
1657 668 1709 709 ἐγὼ
1733 669 1769 702 εἷς
1802 667 1853 697 τὸν

1045 714 1146 753 κόσμον
1164 719 1254 745 τοῦτον
1277 711 1356 752 ἦλθον
1367 739 1374 752 ,
1391 714 1435 744 ἵνα
1458 716 1482 745 οἱ
1498 715 1535 752 μὴ
1554 715 1695 755 βλέποντες
1712 713 1851 754 βλέπωσι,

1046 759 1091 788 καὶ
1107 762 1131 789 οἱ
1147 760 1288 800 βλέποντες
1306 761 1400 801 ruﬁo}
1423 760 1562 799 γένωνται.
1609 758 1663 789 Καὶ
1680 759 1802 804 ἤκουσα-γ
1820 758 1853 787 ἐκ

1046 806 1098 833 τῶν
1113 804 1271 844 Φαρισαίων
1287 808 1383 844 ταῦτα,
1402 807 1425 834 οἱ
1439 805 1510 838 ὄντες
1526 804 1584 843 μετ’
1600 805 1692 839 αὐτοῦ,
1709 803 1755 832 καὶ
1770 803 1850 831 εἷπον

1048 851 1137 889 αὐτῷ’
1156 849 1203 885 Μὴ
1219 850 1265 879 καὶ
1281 853 1359 889 ἡμεῖς
1384 849 1478 890 τυφλοί
1504 851 1601 886 ἐσμεν;
1628 843 1709 878 Εἶπεν
1726 848 1820 880 αὐτοῖς
1837 849 1853 876 ὃ

193 899 260 926 cmei
282 899 388 932 essetis,
412 907 468 926 non
491 898 626 926 haberetis
641 902 782 934 peccatum
800 907 806 925 :
830 905 903 925 nunc
924 905 987 925 vero

1069 897 1160 929 ησοῧς·
1192 896 1224 924 Εἰ
1251 895 1343 934 τυφλοὶ
1365 890 1422 930 ἦτε,
1451 895 1498 923 οὐκ
1522 893 1553 923 ἂν
1576 893 1660 934 εἴχετε
1696 892 1849 932 ἁμαρτίαν

193 942 291 977 dicitis,
305 943 445 976 Videmus,
459 942 558 970 idcirco
572 947 714 979 peccatum
726 946 847 970 vestrum
863 946 964 969 manet.
979 953 991 966 ιι

193 988 341 1023 Postquam
365 988 435 1015 vidit
458 989 592 1016 Dominus
623 988 779 1016 Pharisaaos
803 995 838 1014 ex
860 986 994 1014 miraculo

192 1032 279 1068 magis
292 1031 406 1066 offendi,
418 1040 500 1066 quam
512 1033 660 1060 utilitatem
671 1032 820 1068 percipere,
833 1035 859 1058 et
870 1035 994 1067 propter-

194 1085 224 1104 ea
246 1077 344 1113 majori
358 1076 593 1105 condemnatione
608 1077 715 1113 dignos,
732 1076 807 1110 dicit,
822 1076 894 1104 sicut
915 1076 994 1104 vide-

193 1126 238 1149 tur
252 1125 279 1149 et
293 1122 382 1150 evenit
397 1131 403 1149 :
420 1134 432 1146 α
449 1123 482 1149 In
493 1122 630 1158 judicium
648 1129 698 1157 ego
714 1122 787 1156 veni,
802 1133 814 1146 ιι
832 1121 885 1148 hoc
898 1125 950 1154 est,
966 1121 995 1149 in

193 1167 325 1202 majorem
340 1166 601 1195 condemnationem
617 1171 644 1194 et
662 1167 689 1194 in
714 1174 838 1202 pcenam,
862 1177 875 1190 α
893 1167 932 1194 Ut
947 1165 993 1202 qui

193 1219 249 1238 non
271 1211 376 1244 vident,
393 1212 512 1246 videant,
527 1216 554 1239 et
568 1212 617 1247 qui
640 1210 745 1245 vident,
763 1222 776 1236 ιι
794 1210 924 1239 Pharisaei
939 1210 994 1238 sci-

193 1255 267 1290 licet,
290 1266 304 1281 «
319 1256 384 1284 caeci
410 1257 493 1284 oculis
519 1257 618 1284 animo:
640 1256 717 1283 ﬁant.
735 1267 748 1281 ιι
766 1257 835 1283 Ecce
854 1255 928 1283 enim
949 1255 995 1282 ille

193 1301 303 1336 quidem
320 1309 334 1328 a
345 1301 484 1328 nativitate
496 1309 554 1328 non
565 1300 686 1333 videbat,
699 1305 726 1328 et
735 1309 807 1328 nunc
818 1299 891 1328 videt
904 1300 994 1327 anima

193 1349 221 1373 et
232 1353 354 1381 corpore.
369 1346 422 1380 Qui
437 1351 531 1374 autem
547 1345 673 1373 videntur
688 1345 790 1380 videre,
804 1349 896 1372 mente
910 1352 995 1373 excae-

192 1391 245 1417 cati
266 1395 338 1418 sunt.
364 1392 441 1418 Duos
462 1391 537 1417 enim
552 1391 635 1423 visus,
652 1394 679 1417 et
700 1390 769 1418 duas
789 1390 930 1418 caecitates
943 1389 995 1417 hoc

194 1435 256 1462 loco
269 1434 343 1462 dicit.
361 1434 493 1462 Pharisaei
507 1439 610 1469 autem,
623 1434 668 1470 qui
682 1442 791 1470 semper
805 1435 838 1462 ad
853 1434 994 1462 sensibilia

195 1483 261 1507 sunt
280 1479 375 1506 intenti
398 1479 586 1507 existimantes
609 1487 673 1506 eum
692 1479 725 1507 de
739 1479 859 1507 sensibili
873 1479 994 1507 caecitate

197 1524 284 1560 loqui,
310 1535 322 1548 α
346 1525 422 1551 Num
437 1528 465 1551 et
479 1532 539 1557 nos,
559 1524 697 1560 inquiunt,
713 1524 777 1552 eieci
795 1526 909 1552 sumus?
928 1534 942 1550 »
961 1525 995 1551 Et

197 1568 267 1596 hanc
288 1569 376 1596 solam
401 1569 569 1604 corporalem
591 1569 755 1596 erubescunt
777 1570 936 1597 caecitatem.
961 1571 996 1596 At

198 1613 334 1640 Dominus
350 1613 492 1641 ostendere
505 1614 543 1641 eis
562 1614 655 1642 volens
669 1614 742 1649 quod
758 1614 855 1641 melius
869 1617 940 1640 esset
959 1613 996 1640 eis

197 1665 257 1686 esse
269 1666 355 1686 caecos
367 1666 491 1694 corpore,
514 1663 540 1686 et
554 1667 609 1686 non
625 1659 791 1690 incredulos,
806 1658 894 1693 inquit
909 1667 917 1684 .-
939 1668 951 1681 κ
969 1657 996 1685 Si

197 1703 264 1730 εαξθί
278 1703 382 1737 essetis,
405 1711 460 1730 non
475 1703 611 1731 haberetis
624 1708 777 1739 peceatum.
795 1714 807 1726 ιι
823 1703 894 1729 Nam
909 1701 931 1729 si
951 1710 997 1737 per

197 1747 387 1775 necessitatem
402 1752 506 1775 natura:
521 1749 648 1776 excmcati
665 1748 773 1780 essetis,
795 1746 871 1774 venia
886 1746 997 1774 daretur

199 1791 276 1819 vobis
296 1792 486 1820 incredulitate
503 1793 688 1821 laborantibus
712 1802 718 1820 :
733 1799 807 1819 nunc
826 1795 918 1819 autem
934 1792 996 1827 quia

198 1836 287 1865 dicitis
302 1845 350 1864 vos
366 1837 465 1871 videre,
482 1842 509 1865 et
523 1838 601 1874 plane
617 1839 700 1866 etiam
716 1836 766 1872 ipsi
781 1835 844 1864 facti
858 1841 997 1872 spectato-

198 1889 243 1909 res
262 1881 346 1918 hujus
365 1882 490 1910 miraculi
506 1883 534 1910 in
554 1890 640 1917 caeco,
663 1881 849 1909 incredulitate
864 1881 996 1909 laboratis

198 1926 296 1957 adhuc,
312 1935 366 1954 non
382 1926 456 1962 digiti
467 1927 531 1954 estis
544 1928 630 1955 venia.
644 1928 714 1954 Nam
724 1930 865 1961 peccatum
877 1930 997 1954 vestrum

200 1971 344 1999 indelebile
356 1976 465 2005 manet;
480 1976 507 1999 et
526 1971 612 2007 magis
632 1971 795 2007 puniemini,
816 1979 847 1998 eo
869 1971 942 2007 quod
965 1979 997 1998 ex

201 2016 341 2043 miraculis
376 2024 436 2052 qua:
455 2016 562 2049 videtis,
588 2016 622 2043 ad
655 2015 738 2043 iidem
764 2023 820 2043 non
845 2015 996 2043 trahimini.

200 2061 281 2088 Forte
296 2065 388 2088 autem
403 2061 463 2097 quis
479 2061 563 2088 etiam
578 2061 618 2088 sic
631 2060 796 2088 intellexerit
816 2070 822 2088 :
848 2071 861 2084 ει
884 2060 910 2087 Si
933 2059 998 2087 caeci

201 2106 304 2138 essetis,
316 2114 375 2133 non
394 2106 531 2133 haberetis
544 2110 692 2140 peccatum.
710 2116 723 2130 ια
738 2106 808 2132 Nam
819 2112 866 2132 vos
876 2104 998 2140 quidem,

201 2150 301 2186 inquit,
315 2151 348 2178 de
363 2150 497 2186 corporali
511 2151 633 2178 cmcitate
645 2150 829 2186 interrogatis,
840 2157 890 2184 ego
906 2153 999 2177 autem

202 2194 237 2222 de
259 2195 361 2223 anima:
374 2196 497 2223 czecitate
515 2195 589 2229 dico,
610 2195 684 2230 quod
705 2195 726 2222 si
741 2195 835 2222 essetis
853 2194 930 2227 eieci,
947 2193 1000 2221 hoc

202 2244 243 2267 est
267 2240 381 2276 imperiti
404 2241 616 2276 Scripturarum,
636 2248 693 2267 non
714 2239 848 2267 haberetis
867 2239 918 2266 tale
938 2246 999 2274 pec-

201 2289 305 2317 catum,
322 2285 386 2320 quia
409 2293 456 2320 per
475 2285 657 2321 ignorantiam
676 2284 846 2320 peccaretis:
867 2291 939 2311 nunc
953 2291 1004 2311 au-

202 2334 259 2357 tem
275 2330 366 2357 dicitis
384 2330 458 2366 quod
474 2330 596 2364 videatis,
622 2333 649 2357 et
672 2329 819 2365 prudentes
840 2328 963 2364 vosipsos
978 2333 1004 2356 et

203 2374 370 2410 legisperitos
385 2375 483 2405 facitis,
504 2379 531 2402 et
550 2374 587 2402 ita
609 2382 657 2409 per
672 2382 719 2402 vos
739 2374 812 2410 ipsos
831 2373 1004 2401 condemnati

205 2419 280 2453 estis,
297 2424 325 2447 et
341 2419 428 2454 majus
443 2419 550 2448 habetis
563 2424 716 2456 peccatum,
734 2419 798 2454 quia
812 2418 927 2447 scienter
939 2426 1003 2454 pec-

204 2464 280 2492 eatis.

507 2623 628 2650 CAPUT
664 2622 703 2650 X.

206 2689 240 2709 De
253 2687 312 2708 bona
324 2688 420 2711 pastore
431 2689 452 2707 cl
464 2687 619 2708 mercenaria.
630 2687 751 2715 Quomodo
760 2688 831 2708 .Icsus
844 2688 1004 2714 ima-rogatus

394 2722 423 2742 sil
440 2722 463 2742 in
475 2724 578 2749 porticu.
591 2723 647 2744 dum
660 2722 802 2744 ambularel.

242 2782 328 2809 Vens.
349 2783 399 2807 l-5.
412 2792 424 2804 αι
434 2782 534 2816 Amen,
548 2789 627 2809 amen
642 2781 704 2810 dico
719 2781 796 2810 vobis
811 2791 817 2809 :
832 2782 878 2818 qui
894 2789 950 2809 non
961 2781 1002 2809 in-

206 2830 261 2854 trat
291 2833 340 2862 per
361 2825 454 2853 ostiun
477 2826 504 2854 in
533 2826 671 2855 stabulum
694 2826 798 2861 ovium,
822 2826 871 2855 sed
895 2825 1004 2854 aliunde

1046 942 1091 968 νῦν
1117 939 1144 968 δὲ
1158 939 1260 979 λέγετε,
1282 940 1323 969 δ’τι
1340 940 1490 977 Βλέπομεν·
1514 942 1529 975 ἡ
1550 937 1594 968 οὖν
1620 937 1740 978 ἁμαρτία
1767 938 1849 974 ὑμῶν

1047 983 1129 1022 μένει.
1156 998 1168 1010 ιι
1191 984 1302 1019 Ἐπειδὴ
1328 979 1394 1013 εἶδεν
1423 986 1436 1013 6
1467 983 1564 1023 Κύριος
1590 983 1650 1016 τοὺς
1678 981 1853 1022 Φαρισαίους

1048 1028 1199 1070 βλαϐέντας
1216 1030 1328 1068 μᾶλλον,
1351 1031 1399 1059 οὐκ
1424 1029 1610 1069 ὠφεληθέντας
1635 1029 1664 1057 ἐκ
1679 1029 1725 1056 τοῦ
1742 1026 1853 1064 θαύμα-

1047 1085 1102 1109 τος,
1120 1074 1167 1103 καὶ
1186 1074 1229 1104 διὰ
1244 1077 1323 1103 τοῦτο
1346 1074 1391 1104 καὶ
1408 1074 1526 1112 μείζονος
1552 1071 1733 1112 κατακρίσεως
1749 1071 1852 1108 ἀξίους,

1048 1119 1126 1158 φησὶν
1137 1141 1146 1156 ,
1161 1119 1216 1155 ὅτι,
1231 1121 1266 1152 ὡς
1282 1119 1364 1156 ἔοικε,
1376 1119 1422 1148 καὶ
1435 1121 1470 1152 ὡς
1487 1117 1626 1148 ἀποϐαίνει
1636 1118 1670 1146 τὰ
1684 1116 1850 1157 πράγματα,

1047 1177 1059 1189 ἰ
1083 1164 1130 1196 Εἷς
1143 1165 1227 1203 κρῖμα
1245 1160 1325 1200 ἦλθον
1339 1163 1402 1203 ἐγὼ,
1421 1177 1432 1190 ιι
1449 1163 1508 1192 ἀντὶ
1529 1166 1593 1199 τοῦ,
1619 1163 1655 1195 εἷς
1681 1161 1790 1200 μείζονα
1806 1160 1853 1190 κό-

1046 1208 1122 1237 λασιν
1149 1208 1195 1238 καὶ
1211 1208 1385 1248 κατάκρισιν,
1407 1222 1419 1234 κ
1446 1207 1489 1248 ἵνα
1511 1209 1535 1237 οἳ
1557 1207 1596 1246 μὴ
1624 1205 1765 1246 βλέποντες
1785 1205 1851 1244 βλέ-

1046 1265 1131 1289 πωσι,
1147 1253 1193 1282 καὶ
1216 1255 1239 1282 οἱ
1256 1253 1411 1292 βλέποντες,
1428 1267 1440 1279 ιι
1469 1247 1518 1282 οἶοι
1536 1253 1560 1281 οἱ
1580 1253 1743 1292 Φαρισαῖοι,
1770 1264 1782 1276 ι
1803 1263 1852 1279 τυ-

1047 1297 1107 1338 φλοὶ
1123 1311 1135 1324 ιι
1150 1297 1208 1331 τοὺς
1222 1299 1269 1333 τῆς
1282 1299 1368 1337 ψυχῆς
1384 1297 1536 1338 ὀφθαλμοὺς
1552 1310 1564 1322 α
1581 1296 1720 1335 γένωνται.
1741 1308 1753 1320 ιι
1776 1294 1852 1324 Ἰδοὺ

1047 1342 1098 1382 γὰρ
1114 1343 1127 1371 6
1145 1341 1191 1380 μὲν
1215 1343 1246 1371 ἐκ
1269 1344 1376 1381 γενετῆς
1393 1342 1430 1381 μὴ
1457 1341 1562 1381 βλέπων
1580 1340 1683 1380 βλέπει,
1712 1341 1758 1369 καὶ
1772 1341 1851 1380 ψυχῇ

1047 1387 1093 1416 καὶ
1114 1385 1231 1424 σώματι’
1248 1387 1272 1416 οἱ
1296 1387 1322 1416 δὲ
1344 1388 1478 1420 δοκοῦντες
1504 1386 1629 1426 βλέπειν,
1656 1384 1852 1425 ἐτυφλιίιθησαν

1047 1430 1117 1460 κατὰ
1131 1434 1201 1460 νοῦν.
1230 1431 1284 1461 Δύο
1307 1431 1358 1472 γὰρ
1386 1431 1545 1472 ἀναϐλέψεις
1576 1432 1689 1460 ἐνταῦθα
1713 1429 1787 1469 λέγει
1803 1430 1851 1458 καὶ

1048 1475 1094 1505 δύο
1108 1476 1285 1516 τυφλότητας.
1311 1478 1347 1506 Οἱ
1365 1477 1391 1506 δὲ
1407 1477 1472 1516 πρὸς
1486 1477 1520 1506 τὰ
1542 1475 1657 1511 αἰσθητὰ
1674 1475 1714 1504 ἀεὶ
1729 1474 1851 1514 κεχηνό-

1049 1533 1091 1554 τες
1108 1522 1266 1560 Φαρισαῖοι,
1293 1522 1450 1560 νομίσαντες
1470 1521 1530 1561 περὶ
1546 1522 1672 1557 αἷσθητῆς
1696 1519 1782 1558 λέγειν
1801 1520 1852 1548 αὖ·

1050 1567 1094 1594 τὸν
1107 1565 1251 1607 πηρώσεως
1261 1589 1268 1603 ,
1284 1579 1296 1593 α
1313 1566 1360 1602 Μὴ
1373 1567 1418 1595 καὶ
1429 1568 1516 1605 ἡμεῖς,
1527 1566 1605 1606 φασὶ,
1619 1564 1712 1605 τυφλοί
1728 1566 1825 1602 ἐσμεν;
1840 1578 1852 1589 -

1049 1609 1148 1646 ταύτην
1176 1610 1256 1648 μόνην
1280 1610 1326 1645 τὴν
1350 1611 1505 1649 σωματικὴν
1535 1610 1720 1650 αἰσχυνόμενοι
1743 1608 1853 1648 τύφλω-

1051 1667 1103 1685 σιν.
1129 1654 1163 1684 Ὀ
1188 1655 1215 1684 δὲ
1244 1655 1353 1694 Κύριος,
1380 1655 1463 1690 δεῖξαι
1494 1655 1581 1688 αὐτοῖς
1606 1653 1776 1694 βουλόμενος,
1811 1653 1852 1682 ὅτι

1052 1699 1153 1739 βέλτιον
1182 1699 1295 1740 τυφλοὺς
1321 1694 1388 1728 εἶναι
1421 1699 1528 1734 σώματι
1564 1699 1610 1728 καὶ
1637 1698 1674 1736 μὴ
1707 1698 1849 1735 ἀπίστους,

1051 1743 1138 1783 φησίν·
1163 1758 1175 1770 ι
1197 1746 1231 1774 Εἰ
1253 1744 1348 1784 τυφλοὶ
1366 1740 1412 1781 ἦτε
1440 1745 1486 1773 οὐκ
1507 1743 1537 1772 ἂν
1562 1743 1646 1783 εἴχετε
1662 1742 1812 1782 ἁμαρτίαν.
1837 1756 1851 1770 ιι

1052 1790 1083 1818 Εἰ
1098 1789 1149 1829 γὰρ
1176 1790 1236 1820 κατ’
1262 1790 1380 1828 ἀνάγκην
1405 1790 1434 1818 ἐκ
1460 1789 1561 1829 φύσεως
1577 1787 1763 1827 ἐπεπήρωσθε,
1791 1788 1850 1817 ἐδί-

1052 1834 1112 1863 δοτο
1144 1833 1176 1863 ἄν
1206 1847 1245 1868 τις
1268 1834 1414 1873 συγγνώμη
1444 1833 1570 1863 ἀπιστίαν
1601 1835 1718 1862 νοσοῦσι’
1746 1835 1794 1862 ν’ὔν
1821 1833 1848 1862 δὲ

1050 1879 1168 1917 λέγοντες
1185 1879 1304 1919 βλέπειν,
1322 1879 1367 1907 καὶ
1391 1879 1438 1916 μέν
1462 1890 1503 1907 τοι
1527 1878 1572 1907 καὶ
1596 1877 1724 1906 αὐτόπται
1742 1880 1789 1907 τοῦ
1807 1879 1850 1907 ἐπὶ

1051 1925 1088 1964 τῷ
1104 1925 1193 1963 τυφλῷ
1209 1924 1344 1962 γενόμενοι
1358 1923 1501 1961 θαύματος,
1522 1917 1578 1951 εἶτα
1595 1922 1720 1951 ἀπιστίαν
1741 1925 1852 1952 νοσοῦν-

1051 1979 1092 2001 τες
1112 1969 1171 2008 Ιἔτι,
1187 1969 1235 1997 οὐκ
1250 1968 1316 2001 ἄξιοί
1343 1969 1400 1997 ἔστε
1416 1966 1584 2006 συγγνώμης.
1627 1966 1662 1996 Ἱὶ
1678 1966 1728 2006 γὰρ
1755 1966 1853 2006 ἆμαρ-

1052 2012 1096 2041 τίι
1141 2014 1214 2049 ὑμῶν
1268 2012 1452 2045 ἀνεξάλειπτος
1489 2013 1579 2049 μένει,
1627 2011 1673 2040 καὶ
1724 2011 1852 2049 μειζόνως

1053 2057 1263 2094 κολασθήσεσθε,
1291 2057 1336 2086 ἅτε
1366 2057 1403 2095 μὴ
1424 2057 1450 2091 ἐξ
1471 2052 1507 2086 ὧν
1530 2059 1608 2097 ὁρᾶτε
1634 2056 1790 2094 θαυμασίων
1815 2058 1851 2091 εἰς

1053 2102 1144 2132 πίστιν
1166 2102 1316 2142 ἐρχόμενοι.
1335 2102 1415 2143 Τάχα
1432 2103 1455 2131 δ’
1478 2102 1510 2130 ἄν
1525 2114 1564 2135 τις
1584 2101 1629 2131 καὶ
1654 2101 1724 2131 οὕτω
1746 2101 1850 2137 νοήσειε

1053 2146 1093 2183 τὸ,
1122 2160 1134 2173 α
1164 2148 1198 2177 El
1222 2147 1315 2185 τυφλοὶ
1339 2143 1398 2184 ἦτε,
1428 2148 1475 2176 οὐχ
1502 2146 1532 2175 ἂν
1559 2146 1645 2186 εἴχετε
1667 2146 1811 2185 ἁμαρτίαν·
1837 2161 1851 2173 ι.

1054 2191 1147 2229 ’Υμεῐς
1172 2191 1220 2230 μὲν
1247 2191 1316 2232 γὰρ,
1343 2191 1427 2231 φησὶ,
1460 2191 1521 2231 περὶ
1550 2193 1707 2229 σωματικῆς
1733 2191 1851 2231 ἐρωτᾶτε

1268 2012 1452 2045 ἀνεξάλειπτος
1489 2013 1579 2050 μένει,

1053 2237 1226 2277 τυφλότητος,
1250 2238 1284 2271 ὡς
1308 2237 1389 2275 μόνην
1413 2236 1513 2272 ταύτην
1539 2236 1774 2275 ἐπαισχυνόμενοι·
1798 2236 1851 2276 ἐγὼ

1058 2281 1084 2310 δὲ
1110 2281 1170 2321 περὶ
1197 2283 1242 2317 τῆς
1273 2283 1390 2322 ψυχικῆς
1415 2283 1491 2319 ὑμῶν
1517 2280 1587 2319 λέγω
1610 2280 1778 2321 τυαλώσεως,
1811 2281 1851 2311 ὅτι

1057 2340 1069 2352 α
1092 2325 1136 2355 ἐὰν
1152 2323 1198 2362 ἦτε
1213 2327 1316 2366 τυνρλοὶ,
1334 2339 1345 2352 ια
1361 2327 1504 2362 τουτέστιν,
1522 2326 1632 2364 ἀμαθεῖς
1645 2327 1699 2354 τῶν
1726 2326 1849 2365 Γραφῶν,

1058 2385 1070 2396 ιι
1091 2372 1139 2400 οὐκ
1155 2371 1185 2400 ἂν
1202 2370 1333 2411 ἁμαρτίαν
1349 2370 1434 2410 εἴχετε
1446 2385 1457 2395 ιι
1471 2370 1648 2405 τηλικαύτην,
1664 2372 1698 2403 ὡς
1719 2371 1743 2398 ἐν
1758 2371 1850 2411 ἀγνοίᾳ

1058 2415 1264 2455 ἁμαρτάνοντες
1289 2419 1332 2445 νῦν
1366 2415 1392 2444 δὲ
1426 2414 1532 2453 λέγετε,
1569 2415 1609 2443 ὅτι
1642 2414 1769 2454 βλέπετε,
1804 2417 1849 2444 καὶ

1058 2461 1197 2500 φρονίμους
1230 2459 1339 2493 ἑαυτοὺς
1362 2459 1409 2489 καὶ
1435 2462 1594 2498 νομομαθεῖς
1623 2461 1753 2495 ποιεῖσθε,
1780 2459 1850 2489 ὥστε

1058 2505 1275 2544 αὖτοκατάκριτοί
1308 2506 1387 2543 ἐστε,
1420 2505 1465 2533 καὶ
1493 2505 1601 2543 μείζονα
1637 2504 1683 2540 τὴν
1715 2504 1850 2544 ἁμαρτίαν

1057 2549 1144 2590 ἔχετε,
1160 2552 1195 2584 ὡς
1211 2551 1237 2579 ἐν
1253 2549 1350 2590 γνώσει
1367 2548 1573 2589 ἁμαρτάνοντες.

1360 2622 1503 2651 ΚΕΦΑΛ.
1521 2620 1553 2650 1'.

1057 2681 1116 2712 Περί
1137 2683 1179 2706 τοῦ
1197 2681 1271 2704 καλοῦ
1289 2681 1415 2711 ποιμέιος,
1433 2681 1473 2704 καὶ
1491 2681 1622 2711 μισθωτοῦ.
1643 2679 1701 2710 Περὶ
1716 2681 1759 2703 τοῦ
1773 2678 1850 2708 Ἰησοῦ

1183 2717 1337 2748 ἐρωτηθέντος
1351 2717 1374 2740 ἐν
1383 2719 1411 2747 τῇ
1423 2719 1492 2747 στοᾷ,
1506 2716 1529 2740 ἐν
1538 2718 1571 2747 τῷ
1578 2718 1724 2746 περιπατεῖν.

1099 2789 1112 2802 α
1134 2773 1228 2814 Ἀμὴν,
1251 2774 1324 2814 ἀμὴν
1339 2775 1409 2814 λέγω
1433 2775 1504 2813 ὑμῖν,
1523 2775 1537 2802 6
1556 2773 1593 2812 μὴ
1609 2773 1793 2814 εἰσερχόμενος
1809 2773 1851 2802 διὰ

1059 2823 1106 2856 τῆς
1126 2820 1205 2860 θύρας
1222 2821 1258 2854 εἷς
1277 2819 1325 2856 τὴν
1342 2819 1424 2855 αὐλὴν
1447 2821 1499 2849 τῶν
1513 2818 1665 2859 προϐάτων,
1692 2817 1762 2847 ἀλλὰ
1786 2819 1852 2847 ἄνα-
