1910 3077
61 165 100 191 65
482 162 678 190 ENARRATIO
698 162 730 190 IN
749 161 966 190 EVANGELIUM
984 160 1131 188 JOANNIS.
1152 174 1188 181 -—
1206 160 1282 188 CAP.
1303 160 1334 188 X.
1696 163 1730 189 66

60 226 183 256 ϐαίνων
203 225 368 267 ἀλλαχόθεν,
389 227 485 259 ἐκεῖνος
502 225 618 263 κλέπτης
633 225 688 254 ἐστὶ
708 224 754 254 καὶ
768 227 814 265 λῃο

976 227 1065 261 :endit,
1091 227 1137 255 ille
1161 227 1206 255 fur
1229 231 1270 255 est
1292 230 1320 254 et
1345 227 1425 254 latro.
1451 227 1504 262 Qui
1528 232 1621 255 autem
1645 227 1730 256 intrat

61 270 103 301 Ὁ
130 271 164 300 δὲ
192 271 374 311 εἰσερχόμενος
390 270 433 300 διὰ
448 272 494 306 τῆς
518 270 609 310 θύρας,
633 270 732 309 ποιμήν
749 272 803 300 ἐστι
823 272 876 299 τῶν

60 316 234 356 προϐάτοιν.
262 315 358 356 Τούτῳ
384 318 397 344 6
419 315 533 356 θυρωρὸς
553 315 664 355 ἀνσίγει,
690 315 735 344 καὶ
762 314 795 344 τὰ
811 315 877 355 πρό-

63 361 145 389 ϐατα
164 364 214 397 τῆς
235 363 323 401 φωνῆς
343 362 423 390 αὐτοῦ
439 360 544 390 ἀκούει·
560 360 605 389 καὶ
626 360 659 390 τὰ
674 359 728 389 ἴδια
752 359 876 399 πρόϐατα

64 407 154 435 καλεῖ
191 405 249 434 κατ’
274 405 370 444 ὄνομα,
396 406 441 434 καὶ
465 404 550 443 ἐξάγει
576 404 655 434 αὐτοί.
685 404 737 434 Καὶ
756 404 818 433 ὅταν
845 404 876 433 τὰ

63 449 124 479 ἴδια
145 450 278 490 πρόϐατα
302 449 420 489 ἐκϐάλῃ,
443 450 589 489 ἔμπροσθεν
614 450 700 478 αὐτῶν
721 448 876 489 πορεύεται,

63 495 126 533 xui:
139 494 180 524 τὰ
195 494 319 534 πρόϐατα
337 495 408 534 αὐτῷ
426 495 578 530 ἀκολουθεῖ,
595 494 634 523 ὅτι
652 494 738 523 οἴδασι
754 494 802 529 τὴν
819 506 876 533 φω-

63 539 116 575 νὴν
133 540 231 569 αὖτοῦ.
248 539 390 580 Ἀλλοτρίῳ
412 539 438 568 δὲ
461 539 489 568 οὗ
503 539 541 577 μὴ
565 539 791 574 ἆκολουθήσωσιν,
809 538 877 568 ἀλλὰ

63 582 218 623 φεύξονται
236 585 282 613 ἀπ’
299 585 395 620 αὐτοῦ,
421 583 460 612 ὅτι
481 585 528 613 οὐκ
550 583 637 613 οἴδασι
656 586 708 613 τῶν
731 584 877 623 ἀλλοτρίων

64 628 117 665 τὴν
130 628 240 669 φωνήν.
258 643 268 655 ιι
279 628 392 663 Ἐπειδὴ
405 628 529 657 ἀπιστίαν
540 629 627 662 αὐτοῖς
638 628 770 657 ὠνείδισεν
783 627 875 667 εἰπὼν,

64 673 107 702 ὅτι
125 674 239 714 Τυφλοῖ
255 673 334 707 ὄντως
355 673 413 703 ἐστὲ
434 671 504 702 κατὰ
524 674 630 713 ψυχὴν,
655 673 697 702 διὰ
718 675 796 702 τοῦτο
812 673 876 702 αὐτὸ

64 718 161 753 ὠτῆς
181 718 306 752 ἀπιστίας
324 718 424 753 πάθος,
442 716 485 747 ἵνα
501 717 539 756 μὴ
555 717 639 758 ἔχωσι
659 717 758 756 λέγειν,
776 716 816 746 ὅτι
834 718 875 747 Οὖ

64 763 112 792 διὰ
133 764 165 792 τὸ
187 758 257 793 εἶναι
275 763 381 803 τυφλοὶ,
405 763 465 792 ἀλλ’
483 764 517 796 ὡς
537 763 636 792 πλάνον
655 762 793 803 φεύγοντες
809 764 876 792 ἀπο-

66 807 262 847 στρεφόμεθα,
290 807 355 847 ὗπὲρ
373 807 465 836 τούτου
480 807 571 836 λοιπὸν
592 807 675 837 πολὺν
692 809 810 836 ποιεῖται
831 807 875 836 τὸν

64 851 167 891 λόγον·
189 852 235 881 καὶ
254 851 280 881 τί
301 855 388 891 ποιεῖς
413 852 456 881 Τὰ
476 852 649 891 γνωρίσματα
674 852 760 888 τίθησι
779 853 826 881 τοῦ
847 863 876 881 τε

67 897 205 932 ἀληθινοῦ
231 897 374 935 ποιμένος,
400 896 445 925 καὶ
474 900 519 926 τοῦ
543 897 623 926 λύκου
657 897 702 926 καὶ
725 898 875 935 λυμεῶνος,

66 940 116 970 καὶ
140 941 230 975 οὕτως
247 941 338 971 ἑαυτὸν
355 941 526 970 ἀποδείκνυσι
540 943 587 977 τῆς
606 943 706 981 ἀγαθῆς
728 941 792 970 ὄντα
809 941 873 979 μοί-

69 997 136 1026 ρας,
158 986 216 1015 ἀπὸ
237 987 289 1015 τῶν
312 986 480 1026 πραγμάτιον
503 985 550 1022 τὴν
577 986 725 1026 μαρτυρίαν
746 986 874 1024 ποιούμε-

67 1042 125 1063 νος·
142 1030 193 1060 καὶ
215 1031 342 1071 πρότερον
366 1030 399 1060 τὰ
422 1030 655 1071 χαρακτηριστικὰ
674 1033 719 1060 τοῦ
741 1033 875 1069 λυμεῶνος

67 1074 190 1111 τίθησιν.
223 1075 341 1109 Ἐκεῖνος
369 1075 436 1115 γὰρ,
458 1076 554 1116 φησὶν,
583 1077 631 1105 οὐκ
656 1075 806 1115 εἰσέρχεται
832 1075 874 1104 διὰ

68 1121 118 1155 τ’ἤς
131 1120 226 1160 θύρας,
239 1121 372 1156 τουτέστι,
391 1120 434 1149 ’διὰ
450 1122 500 1149 τῶν
516 1122 642 1161 Γραφῶν·
660 1121 689 1149 οὖ
706 1119 758 1160 γὰρ
775 1125 874 1160 χρᾶται

68 1169 129 1197 ταῖς
156 1166 282 1204 Γραφαῖς
305 1165 452 1205 μάρτυσιν⁷
483 1165 540 1194 οὐδὲ
566 1169 618 1197 τοῖς
641 1165 797 1205 προφήταις.
826 1167 874 1205 Τῷ

69 1208 126 1237 ὄντι
149 1209 204 1249 γὰρ
219 1209 284 1248 θύρα
306 1212 332 1239 αἱ
357 1210 480 1250 Γραφαί·
507 1209 539 1239 δι’
561 1211 647 1239 αὐτῶν
667 1210 717 1250 γὰρ
741 1211 874 1249 προσαγό-

72 1256 142 1292 μεθα
159 1256 201 1294 τῷ
224 1255 297 1294 Θεῷ.
318 1250 404 1284 Αἶται
420 1254 480 1288 τοὺς
494 1254 587 1287 λύκους
607 1257 655 1284 οὐκ
669 1256 774 1293 ἀφιᾶσιν
789 1255 874 1283 εἴσελ-

70 1301 140 1328 θεῐν·
165 1298 322 1339 ἀπείργουσι
345 1299 395 1339 γὰρ
418 1299 476 1332 τοὺς
502 1299 671 1339 αἱρετικοὺς,
695 1300 721 1328 ἐν
744 1299 874 1339 depulsi;

71 1346 147 1381 ἡμᾶς
168 1345 350 1380 καθιστῶσαι,
369 1344 413 1373 καὶ
439 1343 548 1382 γνώμας
569 1345 686 1373 διδοῦσαι
705 1344 764 1383 περὶ
789 1339 825 1372 ὧν
844 1343 875 1372 ἂν

74 1387 240 1427 βουλοίμεθα
252 1389 368 1418 πάντων.
391 1388 513 1424 Κλέπτης
531 1384 573 1417 οὖν
587 1390 601 1417 ὃ
618 1388 654 1426 μὴ
671 1388 714 1417 διὰ
731 1390 781 1417 τῶν
804 1389 875 1428 Γρα-

73 1434 128 1472 φίῦν
157 1434 345 1473 εἰσερχόμενος
377 1435 412 1467 εἰς
440 1433 487 1469 τὴν
519 1433 603 1469 αὐλὴν
630 1435 683 1462 τῶν
712 1433 874 1472 προϐάτων,

73 1475 143 1506 ὥστε
170 1480 341 1518 προνοεῖσθαι
367 1479 471 1513 αὖτῶν¹,
491 1479 550 1507 ἀλλ’
575 1477 726 1508 ἀναϐαίνων
749 1478 873 1512 ἄλλοθεν,

73 1521 229 1558 τουτέστιν,
249 1522 339 1562 ἑτέραν
356 1524 442 1562 ἑαυτῷ
465 1523 524 1552 ὁδὸν
544 1523 645 1560 τέμνων
668 1523 713 1552 καὶ
737 1524 872 1558 ἀσυνήθη·

74 1564 165 1607 ὥσπερ
188 1569 204 1596 ὁ
223 1568 328 1600 Beudi;
356 1568 401 1597 καὶ
422 1566 544 1606 Ἰούδας,
569 1566 594 1596 οἳ
617 1567 669 1607 πρὸ
690 1569 736 1596 τοῦ
757 1569 873 1607 Χριστθῦ

75 1611 262 1646 πλανήσαντες
285 1612 330 1641 τὸν
352 1612 431 1649 λαὸν,
452 1611 599 1652 διέφθειράν
619 1623 647 1640 τε
665 1612 709 1641 καὶ
731 1612 873 1652 διεφθάρη-

75 1666 136 1684 σαν·
157 1651 213 1688 οἶος
228 1655 302 1685 ἔσται
323 1656 368 1686 καὶ
387 1659 401 1686 ὃ
423 1651 517 1695 μιαρός
537 1656 726 1696 Ἀντίχριστος.
817 1657 870 1696 γὰρ

75 1701 103 1729 ἐκ
123 1703 176 1730 τῶν
194 1702 308 1742 Γραφῶν
325 1701 425 1735 τούτοις
446 1703 463 1737 ἡ
486 1701 629 1742 μαρτυρία.
657 1701 740 1731 Ἀλλὰ
756 1701 807 1740 γὰρ
827 1701 873 1730 καὶ

76 1743 133 1778 τοὺς
162 1747 340 1785 Γραμματεῑς
366 1746 523 1783 αἰνίττεται,
555 1745 581 1776 οἳ
607 1748 658 1775 τῶν
685 1745 732 1784 μὲν
758 1748 873 1783 νομικῶν

76 1789 251 1828 ἐνταλμοίτων
282 1791 375 1821 οὐδένα
405 1791 482 1830 λόγον
514 1791 637 1828 ἐποίουν,
663 1791 817 1828 ἐντάλματα
846 1791 873 1820 δὲ

77 1833 222 1876 civi)meva
248 1835 295 1864 καὶ
313 1836 472 1875 παραδόσεις
498 1835 644 1865 ἐδίδασκον.
676 1837 821 1876 ΙΙροσφυῶς
846 1836 874 1864 δὲ

77 1873 132 1908 εἷπε
154 1880 202 1916 τὸ,
220 1893 232 1907 σι
258 1879 433 1919 Ἀναϐαίνων,
458 1894 470 1907 ιο
495 1879 509 1909 ὃ
536 1880 651 1910 κλέπτου
671 1881 729 1909 ἐστὶ
752 1879 872 1920 φραγμὸν

77 1923 299 1963 ὗπεριτηδῶντος,
326 1926 371 1954 καὶ
391 1925 478 1954 πάντα
507 1924 676 1958 ἐπικινδύνως
700 1924 872 1965 πράττοντος.

77 1963 151 2001 Εἶδες
173 1968 210 1998 τὰ
225 1969 398 2009 γνωρίσματα
413 1973 458 1999 τοῦ
476 1971 591 2009 Marcii;
613 1969 687 2010 Ὅρα
711 1969 756 1999 καὶ
777 1969 809 1998 τὰ
828 1973 873 1999 τοῦ

77 2013 209 2051 ποιμένος.
228 2013 263 2044 ¢0
289 2014 339 2054 γὰρ
363 2015 462 2053 ποιμὴν
481 2015 524 2044 διὰ
546 2016 598 2044 τῶν
620 2017 734 2055 Γραφῶν
755 2014 871 2054 εἰσέρχε-

79 2068 137 2096 ται,
150 2058 198 2087 καὶ
213 2058 298 2098 τούτῳ
314 2060 328 2087 ὃ
349 2059 463 2100 θυρωρὸς
485 2059 592 2098 ἀνοίγει.
606 2059 735 2099 Θυρωρὸν
754 2060 781 2088 δὲ
796 2060 812 2095 ἣ
828 2061 872 2090 τὸν

79 2102 178 2132 Μωσέα
200 2115 244 2141 μοι
260 2103 312 2132 νόει
330 2099 420 2142 (οὗτος
440 2104 492 2144 γὰρ
507 2107 553 2133 τοῦ
576 2105 646 2134 Θεοῦ
670 2104 810 2140 ἐπιστεύθη
826 2104 872 2134 λό-

79 2156 136 2184 για·
152 2148 240 2184 ἤνοιξε
262 2148 288 2177 δὲ
304 2149 318 2176 ὁ
334 2150 436 2183 Μωσῆς
450 2151 488 2189 τῷ
501 2148 593 2189 Κυρίῳ
605 2173 613 2188 ,
631 2149 691 2189 περὶ
711 2150 791 2178 αὐτοῦ
806 2148 872 2178 ποίν-

932 281 980 309 per
1000 272 1114 307 ostium,
1136 276 1231 309 pastor
1252 276 1294 299 est
1313 271 1416 300 ovium.
1433 272 1505 299 Huic
1519 272 1649 300 ostiarius
1664 281 1730 309 ape-

931 318 976 352 rit,
1000 322 1029 345 et
1052 326 1115 345 oves
1141 325 1235 345 vocem
1251 317 1309 352 ejus
1333 316 1455 344 audiunt.
1473 318 1508 344 Et
1523 318 1646 353 proprias
1667 326 1731 346 oves

931 366 1010 390 vocat
1020 362 1198 395 nominatim,
1210 366 1235 389 et
1246 361 1336 389 educit
1349 369 1403 389 eas.
1417 363 1524 389 Etcum
1536 362 1659 397 proprias
1669 369 1732 390 oves

931 408 1064 441 emiserit,
1089 412 1151 435 ante
1163 415 1208 435 eas
1224 406 1308 439 vadit,
1335 410 1361 434 et
1382 414 1446 434 Oves
1468 407 1544 434 illum
1568 411 1731 442 sequuntur,

931 453 995 488 quia
1010 456 1147 480 noverunt
1168 460 1264 480 vocem
1279 451 1349 487 ejus.
1366 451 1494 479 Alienum
1510 455 1602 479 autem
1617 459 1673 479 non
1688 460 1732 479 se-

931 501 1062 532 quentur,
1082 497 1130 524 sed
1145 495 1251 532 fugient
1266 495 1301 523 ab
1315 504 1359 529 eo,
1376 496 1439 531 quia
1462 504 1517 523 non
1532 500 1669 523 noverunt
1682 503 1732 524 vo-

931 549 991 569 cem
1003 541 1164 569 alienorum.
1181 551 1194 566 »
1209 539 1296 576 6“
1315 541 1465 576 Postquam
1481 541 1534 568 illis
1555 540 1732 569 incredulita—

930 589 987 613 tem
1001 586 1112 622 objecit,
1128 586 1223 613 dicens
1242 595 1249 613 :
1267 588 1335 615 Vere
1347 586 1411 615 eieci
1427 586 1492 614 estis
1505 587 1657 614 secundum
1673 585 1734 613 ani-

931 638 1008 658 mam
1025 635 1136 666 propter
1155 630 1355 659 incredulitatis
1376 631 1515 663 morbum,
1532 634 1563 658 ut
1577 638 1610 657 ne
1626 631 1732 666 possint

929 674 1022 702 dicere
1037 684 1043 702 ι
1065 675 1129 702 Non
1141 683 1299 704 aversamur
1313 676 1389 712 quasi
1403 675 1478 709 caeci,
1492 675 1539 702 sed
1560 679 1589 702 ut
1604 675 1731 702 seducto-

930 727 989 747 rem
1003 723 1030 747 te
1046 718 1178 755 fugimus,
1194 720 1227 748 de
1243 720 1294 748 hoc
1309 729 1381 748 nunc
1397 720 1460 748 facit
1475 720 1612 754 prolixum
1627 727 1730 748 sermo-

930 772 995 792 nem
1012 773 1019 792 :
1043 767 1070 792 et
1089 764 1156 800 quid
1172 764 1258 793 facit?
1274 766 1376 793 Indicia
1393 765 1467 802 ponit
1484 765 1539 793 veri
1556 765 1682 800 pastoris,
1704 769 1733 792 et

930 808 985 844 lupi
1011 812 1039 836 et
1062 809 1218 844 perniciosi,
1234 814 1262 838 et
1277 810 1316 838 sic
1331 811 1454 846 seipsum
1478 810 1599 837 ostendit
1614 818 1630 837 a
1655 813 1731 845 parte

930 853 1067 881 bonorum
1090 861 1160 887 esse,
1184 855 1374 883 testimonium
1395 855 1429 882 ab
1453 855 1581 891 operibus
1602 862 1728 882 sumens.

930 899 965 926 Et
987 899 1064 934 prius
1084 898 1182 927 indicia
1208 900 1285 936 ponit
1300 900 1453 936 perniciosi.
1469 901 1515 927 Ille
1529 899 1612 933 enim,
1629 899 1730 935 inquit,

930 951 987 970 non
1002 943 1157 979 ingreditur
1175 952 1223 980 per
1243 944 1358 978 ostium,
1374 945 1427 972 hoc
1441 949 1483 972 est
1502 953 1550 980 per
1569 945 1730 980 Scripturas.

930 989 991 1016 Non
1006 988 1080 1016 enim
1101 989 1188 1016 utitur
1209 989 1355 1025 Scripturis
1370 989 1495 1023 testibus,
1510 997 1598 1024 neque
1613 989 1731 1024 prophe—

929 1032 974 1060 tis.
1002 1033 1072 1060 Nam
1094 1033 1216 1068 profecto
1238 1035 1383 1070 Scriptura:
1404 1034 1507 1061 ostium
1523 1037 1587 1061 sunt
1602 1042 1649 1069 per
1662 1041 1731 1069 quas

930 1076 1095 1105 adducimur
1109 1078 1142 1106 ad
1159 1079 1263 1111 Deum;
1280 1079 1332 1106 illa:
1347 1079 1426 1114 lupos
1441 1087 1498 1106 non
1514 1078 1676 1114 permittunt
1688 1079 1730 1106 in-

930 1125 1003 1150 trare
1019 1130 1025 1149 :
1044 1122 1189 1158 prohibent
1209 1123 1281 1151 enim
1297 1123 1451 1158 haereticos,
1475 1128 1505 1151 ut
1519 1131 1570 1151 nos
1590 1123 1677 1151 securi
1692 1123 1730 1151 si-

929 1175 992 1195 mus
1007 1175 1014 1194 :
1037 1171 1065 1195 et
1079 1168 1113 1196 de
1128 1169 1258 1196 omnibus
1272 1169 1406 1196 rationem
1422 1169 1500 1202 dant,
1516 1169 1550 1196 de
1566 1169 1664 1204 quibus
1679 1176 1731 1196 νος

929 1211 1072 1240 luerimus.
1091 1214 1144 1240 Fur
1160 1213 1242 1249 igitur
1256 1218 1297 1241 est
1311 1214 1358 1250 qui
1381 1222 1437 1242 non
1453 1222 1501 1250 per
1514 1214 1667 1249 Scripturas
1686 1214 1730 1241 in—

930 1257 1054 1291 greditur
1078 1257 1105 1284 in
1131 1258 1271 1286 stabulum
1289 1259 1395 1293 ovium,
1421 1263 1452 1286 ut
1470 1258 1522 1286 illis
1551 1258 1697 1294 prospiciat
1721 1267 1727 1284 :

930 1301 978 1328 sed
999 1301 1123 1330 ascendit
1153 1302 1273 1336 aliunde,
1301 1303 1352 1331 hoc
1375 1307 1416 1331 est
1439 1303 1519 1331 aliam
1534 1303 1584 1330 sibi
1610 1303 1680 1330 viam
1704 1306 1731 1330 et

930 1345 1067 1374 insolitam
1082 1351 1170 1382 parat,
1193 1347 1430 1383 quemadmodum
1445 1347 1572 1376 Theudas
1592 1351 1619 1374 et
1632 1347 1728 1380 Judas,

930 1390 975 1426 qui
1001 1398 1065 1418 cum
1088 1395 1150 1419 ante
1174 1391 1274 1419 Christi
1296 1396 1420 1428 tempora
1447 1392 1578 1428 populum
1601 1391 1729 1419 seduxis—

931 1439 1002 1469 sent,
1027 1435 1117 1471 ipsum
1143 1435 1321 1471 perdiderunt
1345 1441 1372 1465 et
1395 1437 1476 1464 simul
1506 1437 1557 1472 ipsi
1581 1437 1728 1472 perierunt.

930 1480 1002 1507 Talis
1027 1484 1054 1507 et
1069 1480 1256 1508 Antichristus
1279 1482 1340 1509 erit.
1364 1482 1425 1509 Non
1446 1481 1519 1509 enim
1534 1489 1569 1509 ex
1584 1481 1730 1517 Scripturis

928 1523 979 1552 illis
1002 1525 1167 1552 testimonia.
1193 1527 1307 1561 Insuper
1327 1531 1354 1554 et
1369 1526 1478 1554 Scribas
1499 1530 1586 1554 notat.
1611 1527 1682 1554 Nam
1703 1526 1728 1553 hi

927 1569 1039 1605 quidem
1055 1569 1187 1598 mandata
1205 1571 1268 1606 legis
1282 1570 1503 1606 parvifaciebant,
1526 1571 1659 1598 mandata
1677 1579 1728 1598 au-

928 1617 984 1641 tem
1010 1614 1155 1642 hominum
1179 1619 1206 1643 et
1231 1615 1394 1644 traditiones
1419 1616 1555 1644 docebant
1573 1615 1726 1652 diligenter.

928 1659 1060 1694 Apposite
1073 1664 1166 1687 autent
1178 1659 1245 1687 dicit
1261 1671 1273 1684 η
1291 1661 1343 1695 Qui
1357 1660 1489 1694 ascendit,
1506 1672 1516 1685 ι
1533 1660 1559 1688 id
1572 1660 1645 1696 quod
1662 1660 1729 1687 furis

927 1708 970 1731 est
979 1712 1071 1739 sepem
1082 1704 1270 1739 transilientis,
1281 1710 1307 1732 et
1318 1706 1410 1733 omnia
1423 1713 1487 1733 cum
1500 1705 1621 1741 periculo
1632 1704 1730 1733 facien-

926 1748 972 1776 tis.
988 1749 1084 1776 Vidisti
1097 1749 1196 1777 iudicia
1211 1750 1344 1777 latronis?
1356 1750 1426 1778 Vide
1441 1755 1469 1778 et
1481 1758 1543 1786 qua:
1558 1751 1615 1778 sint
1630 1754 1727 1786 pasto—

928 1792 974 1820 ris.
1001 1794 1098 1821 Pastor
1121 1794 1195 1822 enim
1225 1803 1273 1830 per
1294 1795 1449 1830 Scripturas
1464 1795 1626 1831 ingreditur,
1652 1799 1680 1822 et
1703 1795 1729 1823 ei

929 1837 1056 1865 ostiarius
1071 1839 1166 1873 aperit.
1188 1839 1339 1867 Ostiarium
1354 1843 1445 1866 autem
1460 1840 1501 1867 vel
1522 1841 1618 1867 Mosen
1631 1839 1729 1867 intelli-

928 1890 971 1917 ge,
995 1882 1040 1910 cui
1064 1882 1155 1910 divina
1179 1883 1295 1919 Eloquia
1317 1883 1474 1911 concredita
1489 1883 1610 1911 fuerunt.
1634 1884 1730 1919 Aperit

928 1931 1022 1954 autem
1038 1928 1128 1955 Moses
1148 1928 1279 1962 Domino,
1292 1928 1325 1956 de
1341 1928 1399 1964 ipso
1414 1928 1528 1956 omnino
1540 1928 1640 1961 dicens,
1656 1928 1730 1955 sicut

929 1975 956 1999 et
970 1971 1109 1999 Dominus
1123 1972 1180 2008 ipse
1193 1971 1280 2000 dicit:
1298 1984 1310 1996 α
1325 1973 1354 2001 Si
1367 1973 1512 2001 crederetis
1532 1973 1614 2006 Mosi,
1632 1973 1729 2001 crede—

927 2017 992 2044 retis
1008 2017 1103 2053 utique
1122 2017 1190 2045 mihi
1206 2017 1240 2045 ⁵⁵.
1264 2029 1276 2042 η
1294 2018 1342 2046 Vel
1364 2017 1482 2054 Spiritus
1504 2022 1613 2045 sanctus
1627 2021 1668 2046 est
1679 2026 1729 2045 os--

927 2061 1032 2089 tiarius.
1049 2063 1121 2090 Nam
1135 2062 1196 2098 quia
1218 2062 1245 2090 in
1271 2062 1374 2098 Spiritu
1389 2067 1483 2090 sancto
1499 2062 1686 2098 intelliguntur
1701 2066 1729 2090 et

928 2107 1089 2142 aperiuntur
1097 2107 1245 2143 Scriptura:
1257 2115 1319 2143 quae
1329 2107 1477 2135 ostendunt
1487 2107 1566 2134 nobis
1576 2107 1728 2140 Christum,

930 2151 1030 2179 merito
1044 2151 1172 2179 ostiarius
1187 2151 1287 2180 dicitur
1307 2153 1424 2188 Spiritus
1437 2157 1556 2186 sanctus,
1577 2152 1603 2179 in
1619 2160 1673 2188 quo
1699 2156 1730 2180 nt

80 2202 128 2224 τως
141 2192 224 2222 εἰπὼν
249 2193 325 2233 (30),
344 2195 378 2227 ὡς
399 2193 444 2222 καὶ
464 2196 478 2222 ὁ
503 2194 597 2233 Κύριος
621 2193 698 2227 αὐτός
718 2205 812 2234 φησιν,

969 2197 1033 2224 iritu
1055 2197 1194 2232 sapientiae
1215 2201 1243 2224 et
1255 2197 1376 2225 scientiae
1386 2197 1537 2233 Scriptura:
1554 2197 1723 2232 aperiuntur,

81 2248 92 2261 ι
109 2237 141 2266 Εἴ
157 2237 306 2268 ἐπιστεύετε
323 2240 410 2278 Μωσῇ
423 2261 430 2274 ,
444 2239 593 2267 ἐπιστεύετε
611 2238 641 2267 ἂν
661 2239 720 2276 ἐμοί
737 2241 777 2277 υ)·
795 2238 811 2274 ἢ
827 2239 872 2268 καὶ

82 2280 109 2310 τὸ
131 2283 242 2321 Πνεῦμα
265 2283 295 2312 τὸ
320 2283 393 2322 ἅγιόν
417 2285 485 2313 ἐστιν
509 2285 522 2312 ὁ
537 2283 660 2323 θυρωρός.
677 2283 755 2313 Ἐπεὶ
776 2283 826 2323 γὰρ
846 2285 872 2313 ἐν

85 2325 218 2364 Πνεύματι
234 2327 302 2368 ἁγίῳ
325 2327 463 2366 νοούμεναι
485 2328 531 2358 καὶ
555 2329 724 2368 ἀνοιγόμεναι
749 2330 775 2357 αἱ
801 2330 871 2368 1‘91-

83 2370 139 2408 φαὶ,
154 2372 315 2402 δεικνύουσιν
332 2373 395 2411 ἡμῖν
411 2373 453 2402 τὸν
478 2372 610 2413 Χριστὸν,
632 2373 739 2406 εἰκότως
760 2373 873 2413 θυρωρὸς

83 2413 109 2443 τὸ
126 2417 237 2455 Πνεῦμα
260 2418 288 2446 τὸ
303 2417 377 2456 ἅγιον
388 2439 396 2453 ,
422 2419 447 2447 ἐν
469 2413 491 2459 ᾧ
512 2420 546 2452 ὡς
564 2418 703 2457 ΙΙνεύματι
720 2418 812 2458 σοφίας
827 2419 872 2448 καὶ

81 2459 193 2497 γνώσεως
206 2462 233 2490 αἱ
254 2462 359 2502 Γριφκὶ
383 2458 573 2502 διανοῖγοντκι,
599 2463 634 2492 δι’
657 2458 693 2492 ὧν
720 2463 870 2503 εἰσέρχεται

84 2504 96 2531 ὁ
117 2505 210 2545 Κύριος
225 2507 260 2540 εἷς
275 2506 322 2542 τὴν
345 2508 422 2546 ἡμῶν
437 2507 616 2546 κηδεμονίαν,
633 2508 679 2537 καὶ
700 2509 734 2537 δι’
749 2503 785 2537 ὧν
803 2510 869 2538 ἀπο-

118 2575 138 2592 ⁸⁶
151 2578 230 2606 Joan.
247 2585 279 2612 ν,
297 2581 340 2606 46.
393 2578 415 2596 ⁵⁷
427 2581 507 2607 Joan.
525 2587 584 2615 vn,
598 2583 624 2608 4.

928 2249 976 2277 per
998 2249 1065 2277 quas
1087 2242 1238 2277 ingreditur
1260 2242 1399 2270 Dominus
1422 2242 1456 2270 ad
1472 2242 1559 2269 nostri
1576 2250 1682 2276 curam,
1700 2245 1728 2269 et

927 2293 976 2321 per
991 2293 1059 2322 quas
1074 2286 1230 2314 ostenditur
1245 2292 1348 2322 pastor.
1364 2288 1466 2314 Vocem
1487 2291 1580 2314 autem
1604 2287 1664 2323 ejus
1678 2295 1727 2322 pa—

927 2331 1009 2359 storis
1031 2331 1148 2359 audiunt
1171 2339 1244 2359 oves.
1262 2332 1332 2359 Nam
1349 2331 1410 2366 quia
1431 2332 1466 2359 illi
1481 2339 1552 2367 saepe
1576 2340 1639 2359 eum
1654 2331 1729 2359 dice-

927 2375 993 2403 bant
1007 2375 1191 2411 deceptorem,
1213 2380 1241 2404 et
1256 2376 1308 2404 hoc
1330 2384 1362 2404 ex
1376 2385 1424 2404 sua
1440 2376 1563 2412 ipsorum
1579 2376 1728 2404 increduli-

925 2424 984 2448 tate
998 2421 1210 2455 conlirmabant,
1224 2421 1346 2450 dicentes
1362 2431 1369 2448 :
1385 2433 1397 2445 α
1412 2423 1484 2450 Num
1498 2422 1559 2457 quis
1573 2421 1729 2457 principum

926 2469 1041 2497 credidit
1063 2469 1090 2497 in
1112 2469 1190 2498 illum
1210 2469 1248 2498 57?
1280 2470 1402 2498 ostendit
1427 2470 1554 2498 Christus
1580 2470 1654 2506 quod
1674 2479 1729 2498 non

925 2518 1049 2550 oporteat
1072 2514 1166 2543 haberi
1189 2523 1218 2544 se
1244 2523 1293 2552 pro
1307 2515 1441 2544 damnoso
1469 2524 1502 2544 eo
1526 2515 1599 2552 quod
1615 2515 1652 2544 illi
1674 2523 1730 2543 non

594 2653 637 2682 Ex
653 2651 813 2684 collatione
828 2653 919 2685 codd.
936 2653 1043 2685 Venet.
1062 2655 1093 2686 S.
1110 2655 1213 2687 Marci.

129 2716 280 2755 (30)»Cods
291 2721 346 2755 A31,
372 2718 433 2755 Περὶ
455 2718 530 2746 αὖτοΰ
558 2719 655 2750 πάντως
682 2719 766 2747 εἰπών·
801 2721 875 2755 Προ-

85 2749 177 2793 ﬁt“.
192 2749 589 2793 b‘pi‘v‘dvdgtﬁ'osulltipto:
608 2756 622 2782 ὁ
645 2749 737 2793 θεὸς,
753 2756 793 2793 ὡς
813 2749 874 2791 ἐμέ·

87 2789 172 2814 αὐτοῦ
199 2789 379 2818 ἀκούσεσθε
403 2791 485 2818 κατὰ
511 2789 624 2818 πάντα.
650 2792 682 2818 Ὃ
707 2792 763 2818 καὶ
783 2792 796 2818 ὁ
821 2789 875 2818 liti-

87 2828 160 2856 ριος,
173 2835 196 2853 κ.
212 2835 236 2853 τ.
252 2826 278 2855 λ.
295 2837 306 2852 ι
323 2828 365 2856 De
380 2827 440 2864 ipso
455 2827 570 2856 omnino
585 2828 680 2857 dicens
695 2838 701 2856 :
718 2829 878 2864 Prophetam

930 2723 1004 2749 vobis
1018 2723 1163 2750 suscitabat
1183 2725 1311 2751 Dominus
1326 2725 1406 2757 Deus,
1422 2725 1552 2757 tanquam
1567 2730 1622 2754 me;
1639 2722 1726 2756 ipsum

931 2759 1051 2785 audietis
1061 2759 1148 2792 juxta
1166 2762 1258 2787 omnia.
1274 2761 1344 2793 (Act.
1361 2767 1408 2793 ιιι,
1426 2762 1479 2792 22).
1496 2757 1575 2792 Quod
1589 2761 1616 2785 et
1630 2757 1728 2785 Domi-

932 2801 995 2828 nus,
1014 2805 1026 2818 »
1043 2799 1096 2822 etc.
