1910 3077
190 142 222 168 67
697 145 740 171 ΤΗ
745 144 955 172 EOPHYLACTI
974 144 1154 172 BULGARIE
1172 143 1328 172 ARCHIEP.
1809 143 1842 170 68

186 202 309 237 credant,
323 203 371 231 sed
384 203 458 239 ipsos
469 204 636 241 abjiciendos
649 213 708 234 esse
722 215 754 234 ex
769 207 862 235 ovium
878 215 974 243 genere

1076 207 1177 237 ίκνυται
1193 206 1303 245 ποιμήν.
1329 204 1384 236 Καὶ
1406 205 1456 242 τὴν
1477 203 1566 245 φωνὴν
1591 203 1619 234 δὲ
1645 206 1691 234 τοῦ
1715 204 1842 242 ποιμένος

187 248 256 276 Nam
275 248 298 275 si
314 256 365 284 ego
381 248 504 284 quidem,
520 249 618 285 inquit,
634 259 682 286 per
704 251 815 287 januam
841 253 987 288 ingredior,

187 292 365 320 manifestum
381 293 455 329 quod
472 302 533 322 vere
547 303 610 323 sum
632 300 738 331 pastor;
767 305 814 324 vos
829 302 921 325 autem
940 297 985 333 qui

186 346 243 366 non
251 338 336 365 secuti
350 337 425 373 estis,
439 338 565 366 videmini
576 347 631 367 non
644 348 703 369 esse
715 349 787 369 oves.
799 342 880 370 Unde
893 346 986 370 autem

186 382 278 411 educit
307 390 371 410 oves
403 384 537 419 proprias,
563 384 613 412 nisi
636 393 670 413 ex
706 386 799 414 medio
823 387 985 421 inﬁdelium,

186 428 258 456 sicut
280 431 308 455 et
330 435 433 456 cmcum
454 428 487 456 de
510 429 602 457 medio
617 430 780 460 Judaaorum
804 436 831 460 et
844 432 889 468 qui
903 432 985 460 audi-

186 473 225 501 vit
239 482 311 506 eum,
323 479 351 502 et
361 473 472 510 agnovit
485 475 568 502 eum?
585 476 619 502 Et
633 479 696 503 ante
706 484 770 504 oves
780 485 888 512 quoque
901 477 983 511 vadit,

187 521 315 556 quamvis
327 528 404 548 secus
417 519 501 558 645
523 519 558 546 sit
592 527 654 547 cum
675 522 862 557 corporalibus
878 522 984 556 ovibus,

187 569 250 601 post
263 565 320 594 illas
335 565 410 594 enim
431 563 538 592 vadunt
560 568 692 599 pastores.
709 565 762 594 Sed
776 566 830 594 isto
854 565 914 594 loco
937 574 984 594 os-

187 610 277 639 tendit
292 610 368 647 quod
385 617 481 638 omnes
495 608 575 636 ducet
589 609 624 637 ad
639 610 780 638 veritatem
797 620 805 639 :
820 612 885 647 quia
899 611 983 639 disci-

185 656 265 691 pulos
278 655 354 692 quasi
367 662 439 692 ioves
462 654 492 682 in
522 653 643 682 medium
659 654 787 691 luporum
811 657 898 684 mittit
920 657 983 684 :sic

184 700 269 737 igitur
290 707 361 729 nova
383 703 424 727 est
444 698 590 735 pastoralis
603 707 667 727 cura
688 699 800 728 Christi.
824 713 836 725 α
852 701 982 729 Alienum

186 749 280 774 autem
299 753 355 773 non
378 747 540 780 sequentur;
556 751 613 771 non
635 744 707 772 enim
733 750 903 782 cognoscunt
917 746 983 774 alie-

185 798 288 818 norum
310 798 417 818 vocem.
441 800 453 814 ι
471 790 575 816 lterum
590 788 643 816 hoc
663 789 724 818 loco
736 790 879 818 Theudam
894 795 922 818 et
935 793 984 819 Ju-

184 834 250 863 dam
264 839 351 869 notat,
367 842 437 871 quos
451 841 510 861 non
524 837 624 861 secutae
638 839 702 862 sunt
713 842 786 862 oves.
802 837 872 863 Nam
883 843 984 871 paucos

184 879 321 917 quosdam
335 879 461 908 suffurati
480 883 544 906 sunt
559 888 566 913 ;
584 883 611 906 et
626 879 652 906 hi
666 884 727 916 post
741 884 859 908 mortem
874 880 985 909 illorum

184 925 378 954 discesserunt.
397 924 536 953 Christum
547 929 642 954 autem
655 926 790 953 viventem
804 930 832 953 et
842 930 985 954 mortuum

184 970 304 998 maxime
325 973 400 998 totus
413 969 535 998 mundus
556 974 598 998 est
612 974 734 998 secutus.
749 971 835 998 Notat
848 975 941 998 autem
957 975 985 999 et

183 1014 396 1043 Antichristum.
419 1014 472 1043 Hic
495 1015 569 1043 enim
583 1023 648 1043 cum
669 1015 806 1043 seduxerit
819 1015 853 1043 ad
868 1024 983 1052 parvum

182 1063 301 1096 tempus,
315 1067 372 1088 non
390 1059 502 1088 habebit
523 1068 571 1088 eos
585 1060 632 1096 qui
647 1065 808 1096 sequantur,
827 1065 889 1096 post
903 1069 983 1089 suam

183 1105 374 1141 perditionem.
401 1106 472 1133 Nam
496 1104 568 1134 istud
591 1115 605 1131 (ί
626 1113 683 1133 non
705 1109 863 1141 sequentur,
891 1117 903 1130 ιι
932 1106 984 1133 hoc

183 1149 351 1184 manifestat,
382 1149 445 1186 quia
469 1154 532 1186 post
565 1154 685 1178 mortem
706 1150 897 1178 seducentium
929 1159 983 1178 non

182 1194 234 1222 erit
256 1195 303 1231 qui
323 1194 448 1222 attendat
462 1195 502 1222 vel
517 1200 657 1231 sequatur.
674 1196 763 1223 Janua
778 1195 891 1231 quidem
911 1196 983 1223 Scri-

183 1244 262 1275 ptura
283 1243 334 1268 cst.
355 1239 454 1267 Educit
475 1243 568 1268 autem
595 1240 628 1268 ad
650 1247 752 1276 pascua
769 1240 906 1268 Dominus
921 1248 985 1268 oves

183 1291 230 1320 per
247 1284 361 1320 januam
382 1284 459 1313 hanc.
487 1284 561 1321 Quid
585 1289 679 1313 autem
695 1284 844 1321 pabulum?
869 1285 917 1313 Vel
944 1285 984 1312 fu-

183 1333 253 1357 tura:
271 1329 390 1364 deliciw,
413 1329 453 1357 vel
477 1329 585 1365 requies
606 1330 632 1357 in
655 1337 739 1366 quam
759 1337 810 1357 nos
833 1329 986 1358 introducit

183 1374 331 1402 Dominus.
353 1374 485 1408 Quamvis
507 1379 600 1402 autem
616 1379 643 1402 et
661 1375 714 1402 alio
730 1375 790 1402 loco
805 1374 926 1410 seipsum
942 1382 986 1402 os-

183 1418 255 1447 tium
270 1419 405 1452 nominat,
421 1427 476 1446 non
490 1423 532 1447 est
544 1419 712 1447 mirandum.
724 1419 794 1446 Cum
806 1419 881 1446 enim
891 1427 984 1447 curam

183 1471 262 1492 suam
278 1463 335 1491 νιιιι
352 1464 545 1492 demonstrare
564 1472 627 1500 erga
642 1472 702 1498 DOS,
727 1468 867 1499 pastorem
888 1471 918 1492 se
933 1472 982 1492 110-

1044 253 1134 282 ἄκούει
1148 252 1182 281 τὰ
1198 251 1329 292 πρόϐατα.
1348 250 1429 280 Ἐπεὶ
1447 249 1497 290 γὰρ
1513 251 1606 279 ἐκεῖνοι
1623 249 1680 278 ἄνω
1702 248 1748 278 καὶ
1765 249 1841 278 κάτω

1044 297 1135 337 ἔλεγον
1154 297 1232 326 αὐτὸν
1260 298 1419 333 ἀπατεῶνα,
1446 296 1492 324 καὶ
1517 297 1594 324 τοῦτο
1614 296 1644 324 ἐκ
1666 297 1713 330 τῆς
1738 295 1840 324 ἑαυτῶν

1042 342 1166 375 ἀπιστίας
1190 341 1328 371 ἐϐεϐαίουν
1353 341 1485 380 λέγοντες·
1511 354 1522 367 ιι
1556 339 1602 375 Μὴ
1630 340 1682 368 τῶν
1703 339 1840 379 ἀρχόντων

1040 399 1079 421 τις
1092 387 1243 417 ἐπίστευσεν
1266 388 1302 420 εἷς
1324 386 1415 422 αὐτόν,
1439 400 1449 412 ι
1474 384 1604 414 δείκνυσιν
1626 386 1640 414 6
1667 384 1781 424 Κύριος,
1800 383 1842 413 ὅτι

1041 434 1088 462 οὐκ
1107 432 1185 461 αὐτὸν
1207 432 1259 471 χρὴ
1279 431 1393 469 νομίζειν
1409 431 1550 468 λυμεῶνα,
1575 429 1641 459 διότι
1664 431 1758 458 ἐκεῖνοι
1774 431 1842 458 ἀπι-

1041 479 1163 513 στοῦσιν,
1187 478 1247 505 ἀλλ’
1264 475 1357 510 αὐτοὺς
1381 475 1543 512 ἐκϐληθῆναι
1561 477 1609 510 τῆς
1624 475 1677 504 τῶν
1695 473 1840 514 προϐάτων

1040 521 1147 556 τάξεως.
1165 520 1238 560 Ἐγὼ
1258 521 1306 559 μὲν
1332 520 1400 560 γὰρ,
1427 520 1508 561 φησὶ,
1526 519 1569 549 διὰ
1585 522 1632 555 τῆς
1658 519 1737 559 θύρας
1754 520 1840 559 εἷσερι

1038 567 1169 607 χόμενος,
1194 566 1343 607 πρόδηλον,
1363 567 1399 599 ὡς
1422 566 1526 600 ἀληθῶς
1549 566 1605 603 εἰμι
1620 563 1739 607 ποιμήν·
1761 565 1839 603 ὑμεῖς

1040 604 1065 640 '3}
1076 604 1079 605 ν
1090 614 1113 641 οἱ
1130 604 1167 650 μη
1183 604 1422 647 ἀκολουθήσαντες,
1442 610 1545 639 ἐοίκατε
1562 609 1600 649 μὴ
1619 604 1686 639 εἶναι
1700 608 1839 649 πρόϐατα,

1039 657 1124 687 Πόθεν
1145 655 1172 685 δὲ
1188 655 1274 696 ἐξάγει
1295 655 1329 685 τὰ
1347 655 1402 684 ἴδια
1423 654 1563 694 πρόϐατα,
1584 654 1600 690 ἢ
1623 655 1655 683 ἐκ
1673 654 1756 693 μέσου
1785 656 1840 684 τῶν

1039 700 1287 741 ἀπίστωνξξῶσπερ
1303 700 1348 730 καὶ
1368 700 1412 730 τὸν
1435 699 1533 740 τυφλὸν
1549 700 1579 728 ἐκ
1597 699 1679 736 μέσου
1700 700 1754 728 τῶν
1771 698 1843 729 Ἰου-

1039 746 1136 782 δαίων,
1153 745 1179 780 ὃς
1194 746 1239 776 xui
1254 746 1366 781 ἤκουσεν
1377 746 1472 781 αὐτοῦ,
1488 744 1534 774 καὶ
1549 745 1652 783 ἐπέγνω
1668 744 1763 780 αὖτόν;
1783 744 1841 774 Καὶ

1038 791 1188 831 ἔμπροσθεν
1206 790 1233 820 δὲ
1253 792 1306 820 τῶν
1331 789 1472 830 προϐάτων
1492 789 1650 829 πορεύεται,
1673 789 1760 818 καίτοι
1777 789 1839 819 τοῦ-

1037 836 1139 865 ναντίον
1154 835 1198 865 ἐπὶ
1221 837 1273 865 τῶν
1294 835 1453 873 σωματικῶν
1476 834 1609 872 ποιμένων
1629 833 1744 872 γίνεται·
1772 833 1839 863 ὄπι-

1040 884 1099 910 σθεν
1120 881 1172 920 γὰρ
1195 879 1361 920 πορεύονται.
1388 879 1459 909 Ἀλλ’
1483 880 1594 908 ἐνταῦθα
1618 878 1768 915 δείκνυσιν,
1800 878 1841 908 ὅτι

1040 926 1141 959 πάντας
1155 925 1282 964 ὁδηγήσει
1294 925 1359 965 πρὸς
1368 923 1414 960 τὴν
1425 923 1562 963 ἀλήθειαν,
1575 923 1632 953 ἐπεὶ
1648 923 1695 953 καὶ
1708 922 1770 957 τοὺς
1783 936 1841 962 μα.-

1040 971 1120 1007 θητὰς
1146 973 1182 1004 ὡς
1204 970 1328 1010 πρόϐατα
1350 971 1376 999 ἐν
1405 969 1479 1010 μέσῳ
1503 968 1591 998 λύκων
1615 968 1732 1007 πέμπει·
1753 968 1842 1003 οὕτως

1039 1016 1091 1055 ἄρα
1113 1015 1284 1055 καινοτέραὴ
1310 1016 1356 1044 τοῦ
1381 1015 1500 1053 Χριστοῦ
1515 1013 1691 1052 ποιμαντική.
1717 1028 1730 1039 α
1748 1013 1843 1044 Ἀλλο-

1038 1060 1103 1100 τρίῳ
1129 1059 1156 1089 δὲ
1175 1061 1205 1089 οὖ
1228 1059 1266 1098 μὴ
1291 1059 1524 1098 ἆκολουθήσωσιν,
1547 1061 1576 1088 οὗ
1599 1059 1651 1099 γὰρ
1674 1059 1763 1088 οἴδασι
1788 1060 1843 1088 τῶν

1040 1104 1187 1144 ἀλλοτρίων
1212 1104 1260 1140 τὴν
1276 1104 1377 1144 φωνήν,
1394 1118 1407 1130 ι
1432 1105 1575 1133 Κάνταῦθα
1596 1103 1630 1144 δὲ,
1645 1103 1752 1137 πάντως
1775 1103 1838 1137 τοὺς

1039 1150 1099 1189 περὶ
1114 1143 1218 1179 Θευδᾶν
1234 1143 1286 1179 xuii
1296 1149 1399 1179 Ἰούδαν
1418 1148 1578 1185 αἰνίττεται,
1602 1143 1639 1182 οῖς
1654 1149 1702 1177 οὐκ
1723 1148 1842 1184 ἠκολού-

1040 1198 1123 1231 θησαν
1147 1194 1180 1224 τὰ
1195 1194 1327 1234 πρόϐατα.
1345 1193 1451 1232 Ὀλίγοι
1465 1193 1515 1233 γάρ
1533 1205 1600 1226 τινες
1617 1193 1839 1231 ὓποκλαπέντες,

1039 1239 1084 1268 xui
1105 1235 1176 1269 οἶτοι
1201 1239 1269 1277 μετὰ
1285 1238 1397 1268 θάνατον
1420 1239 1505 1267 αὐτῶν
1527 1238 1702 1273 ἀπέστησαν·
1727 1239 1843 1278 Χριστῷ

1039 1283 1085 1320 δὲ,
1108 1285 1154 1313 καὶ
1170 1286 1247 1319 ζῶντι
1261 1283 1308 1313 καὶ
1328 1283 1516 1319 τελευτήσαντι
1541 1283 1680 1321 μάλιστα,
1701 1284 1715 1312 ὃ
1738 1283 1843 1322 κόσμος

1039 1330 1096 1362 ὅλος
1122 1330 1209 1360 ὀπίσω
1232 1330 1346 1364 ἀπῆλθεν
1370 1330 1460 1358 αὐτοῦ.
1485 1329 1635 1358 Αἷνίττεται
1665 1327 1693 1357 δὲ
1716 1329 1764 1358 καὶ
1794 1328 1841 1358 τὸν

1039 1374 1232 1414 Ἀντίχριστον·
1255 1374 1299 1402 καὶ
1316 1373 1391 1406 αὐτὸς
1412 1372 1465 1413 γὰρ
1482 1373 1548 1413 πρὸς
1567 1374 1657 1412 ὀλίγον
1678 1372 1839 1410 πλοινήσας¹

1038 1420 1088 1459 οὐχ
1102 1419 1154 1453 ἕξει
1172 1418 1231 1452 τοὺς
1253 1417 1484 1454 ἀκολουθήσαντας
1500 1418 1568 1456 μετὰ
1588 1417 1637 1454 τὴν
1663 1419 1744 1447 αὑτοῖ
1760 1418 1841 1447 ἀπώ-

1037 1464 1122 1495 λειαν.
1138 1463 1180 1494 Τὸ
1197 1463 1250 1504 γὰρ
1271 1477 1282 1489 ι
1295 1464 1336 1493 Οὐ
1350 1463 1387 1501 μὴ
1405 1462 1614 1500 ἀκολουθήσωσι,
1631 1476 1643 1489 ιι
1659 1465 1736 1492 τοῦτο
1751 1464 1844 1500 δηλοῖ,

182 1508 271 1536 minat
291 1518 296 1536 :
312 1509 422 1545 quando
435 1513 528 1537 autem
543 1508 688 1537 ostendere
710 1508 767 1535 vult
779 1508 853 1544 quod
869 1509 926 1544 ipse
947 1509 979 1537 sit

1076 1533 1077 1536 η
1099 1508 1167 1548 μετὰ
1188 1509 1237 1545 τὴν
1260 1508 1384 1543 τελευτὴν
1409 1510 1461 1536 τῶν
1485 1507 1664 1546 πλανώντων,
1691 1508 1739 1537 οὐκ
1761 1507 1843 1551 ἔσται

182 1553 227 1581 ille
241 1553 286 1589 qui
299 1553 381 1582 ducat
395 1553 428 1582 ad
439 1555 560 1586 Patrem,
572 1558 638 1581 tunc
648 1553 761 1589 januam
776 1561 805 1580 se
817 1553 883 1581 dicit
898 1563 905 1581 :
920 1554 983 1590 quia

182 1598 240 1634 ipse
251 1598 330 1634 juxta
344 1598 431 1626 alium
444 1603 471 1626 et
482 1598 567 1626 alium
580 1605 692 1625 sensum
706 1597 766 1624 ovis
786 1601 827 1625 est
842 1602 870 1625 et
882 1603 982 1634 pastor.

181 1644 295 1679 Insuper
318 1644 339 1671 si
359 1643 472 1679 quidem
492 1650 636 1671 sermones
653 1642 808 1670 divinarum
833 1643 983 1678 Scriptura-

181 1696 244 1716 rum
258 1693 322 1716 sunt
333 1689 446 1721 ostium,
461 1692 488 1715 et
503 1688 640 1715 Dominus
654 1686 712 1722 ipse
728 1695 787 1714 csse
805 1686 906 1715 dicitur
920 1690 984 1717 Ver-

181 1732 260 1768 bum,
279 1733 381 1762 merito
396 1737 510 1760 vocatur
524 1736 551 1759 et
566 1731 678 1759 ostium.

1037 1566 1075 1588 τις
1098 1547 1187 1588 αὐτοῖς
1202 1553 1359 1593 προσέχων,
1376 1552 1393 1588 ἣ
1411 1553 1572 1583 ἀκολουθῶν.
1596 1554 1675 1592 Θὺρα
1688 1551 1736 1590 μὲν
1750 1547 1798 1581 οἷν
1812 1553 1843 1582 αἱ

1038 1599 1157 1639 Γραφαὶ,
1176 1598 1263 1637 ἐξάγει
1283 1598 1310 1626 δὲ
1333 1597 1377 1627 ἐπὶ
1393 1597 1475 1635 νομὴν
1499 1597 1531 1626 τὰ
1557 1597 1682 1637 πρόϐατα
1698 1598 1712 1626 6
1740 1597 1843 1638 Κύριος

1039 1645 1082 1675 διὰ
1097 1646 1144 1680 τῆς
1167 1643 1247 1684 θύρας
1264 1641 1374 1678 ταύτης.
1391 1642 1441 1676 Τίς
1458 1642 1486 1671 δὲ
1499 1645 1515 1678 ἧ
1537 1641 1622 1680 votui;
1648 1641 1683 1672 Ἣ
1699 1641 1842 1680 μέλλουσα

1037 1689 1122 1729 τρυφὴ
1139 1687 1186 1718 xui
1207 1687 1369 1723 ἀνάπαυσις,
1392 1688 1427 1720 εἰς
1441 1687 1473 1722 ἣν
1495 1688 1568 1725 ἡμᾶς
1582 1686 1682 1725 εἰσάγει
1700 1688 1714 1716 6
1728 1687 1841 1727 Κύριος.

1038 1735 1073 1765 Εἰ
1097 1733 1124 1762 δὲ
1147 1734 1268 1773 ἀλλαχοῦ
1293 1732 1338 1761 καὶ
1356 1731 1436 1772 θύραν
1461 1732 1551 1761 ἑαυτὸν
1573 1732 1711 1769 ὀνομάζει,
1735 1733 1764 1760 οὖ
1785 1732 1842 1772 χρὴ

183 1779 337 1818 θαυμάζειν,
363 1778 452 1808 νοταν
479 1777 526 1815 μὲν
548 1777 599 1816 γὰρ
626 1776 673 1812 τὴν
694 1777 851 1815 κηδεμονίαν
881 1778 996 1818 ἐμφῆναι
1022 1778 1150 1820 βούληται
1174 1777 1220 1813 τὴν
1249 1777 1310 1817 περὶ
1332 1779 1420 1816 ἡμῖὶς,
1441 1777 1555 1815 ποιμένα
1583 1776 1676 1806 ἑαυτὸν
1698 1777 1843 1816 ὀνομάζει-

181 1822 243 1854 8ταν
258 1823 284 1853 δὲ
301 1823 363 1862 θέλῃ
387 1822 479 1858 δεῖξαι,
503 1821 544 1850 ὅτι
561 1821 638 1855 αὐτός
656 1823 725 1850 ἐστιν
751 1824 764 1851 6
786 1822 928 1862 προσάγων
947 1826 984 1865 τῷ
1010 1824 1115 1864 Πατρὶ,
1130 1824 1187 1853 τότε
1204 1822 1285 1863 θύραν
1304 1822 1397 1851 ἑαυτὸν
1419 1822 1508 1860 λέγει·
1524 1822 1581 1851 ἐπεὶ
1595 1823 1608 1851 6
1624 1821 1701 1855 αὐτὸς
1717 1822 1763 1851 καὶ
1779 1835 1833 1852 κατ

1835 1824 1843 1836 1

181 1868 265 1905 ἄλλην
294 1868 339 1898 xui
364 1866 448 1903 ἄλλην
472 1866 571 1897 ἔννοιαν
595 1866 641 1896 καὶ
667 1867 799 1907 πρόϐατόν
827 1868 947 1897 ἐστικαὶ
973 1870 1081 1909 ποιμήν.
1105 1868 1220 1897 Ἔπειτα
1253 1868 1326 1907 εἴπερ
1353 1866 1404 1896 εἶσὶ
1432 1866 1497 1907 θύρα
1523 1868 1547 1898 οἱ
1572 1866 1645 1906 λόγοι
1674 1868 1726 1896 τῶν
1754 1867 1837 1897 θείων

181 1914 307 1954 Γραφίῦν,
324 1911 370 1942 καὶ
390 1912 467 1946 αὐτὸς
483 1912 510 1941 δὲ
527 1914 541 1941 6
557 1913 653 1952 Κύριος
670 1911 753 1951 Λόγος
769 1913 839 1950 ἐστὶ,
854 1913 900 1942 καὶ
913 1916 1048 1952 καλεῖται,
1067 1914 1172 1947 εἰκότως
1188 1914 1218 1942 ἂν
1235 1912 1345 1948 κληθείη
1361 1911 1438 1951 θύρα.

217 1963 308 1991 Vens.
329 1964 388 1989 6-8.
412 1973 425 1986 ει
447 1963 525 1989 Hanc
550 1961 711 1997 parmmiam
734 1961 803 1989 dixit
826 1961 865 1989 eis
888 1963 979 1991 Jesus.

180 2007 223 2035 llli
238 2011 332 2035 autem
346 2014 401 2034 non
415 2010 604 2042 cognoverunt
622 2013 684 2041 qua:
698 2010 790 2034 essent
804 2014 866 2043 quae
885 2007 979 2043 loque-

181 2056 259 2080 retur
271 2052 318 2080 eis.
335 2051 412 2080 Dixit
423 2051 506 2087 igitur
517 2050 616 2078 iterum
627 2051 665 2078 eis
677 2051 756 2079 Jesus
769 2062 774 2079 :
789 2053 887 2086 Amen,
899 2060 981 2080 amen

181 2097 242 2126 dico
264 2097 350 2131 vobis,
372 2098 430 2132 Ego
451 2103 513 2124 sum
537 2096 637 2123 ostium
657 2096 759 2124 ovium.
775 2097 880 2125 Omnes
902 2102 981 2133 quot-

182 2146 248 2178 quot
256 2146 319 2170 ante
329 2150 373 2169 me
384 2144 528 2175 venerunt,
538 2139 612 2168 fures
618 2145 682 2169 sunt
689 2145 715 2169 et
726 2142 844 2170 latrones
854 2151 859 2169 ;
867 2142 915 2170 sed
924 2150 982 2169 non

181 2187 330 2215 audierunt
343 2195 390 2214 eos
400 2194 473 2214 oves.
487 2197 539 2210 ι-
548 2197 560 2210 ‹‹
570 2187 657 2220 Hanc,
671 2186 953 2222 inquit,paroemiam,
968 2198 981 2212 ιι

181 2231 235 2260 hoc
249 2236 290 2260 est
304 2231 472 2268 parabolam,
490 2242 502 2255 -
518 2230 587 2259 dixit
605 2231 644 2258 eis
663 2233 754 2265 Jesus,
771 2243 784 2255 ν
801 2232 916 2259 obscure
941 2231 981 2259 eis

179 2276 304 2313 loquens,
317 2281 349 2304 ut
363 2275 524 2304 attentiores
537 2275 597 2303 illos
608 2274 720 2304 faceret.
734 2276 884 2311 Postquam
898 2275 980 2311 igitur

179 2321 233 2349 hoc
254 2321 360 2356 docuit,
382 2321 463 2349 solvit
483 2328 558 2348 nunc
577 2320 786 2354 obscuritatem,
809 2321 849 2348 sic
863 2320 955 2348 dicens
971 2330 978 2349 :

181 2378 194 2390 α
208 2368 266 2402 Ego
277 2374 339 2394 sum
355 2366 466 2394 ostium.
479 2375 494 2393 ν
508 2365 586 2401 Quod
598 2370 691 2394 autem
704 2365 782 2399 dicit,
797 2376 809 2389 α
824 2366 925 2393 Omnes
933 2365 979 2401 qui

179 2415 322 2446 venerunt,
340 2422 351 2436 »
367 2419 424 2439 non
437 2411 472 2439 de
493 2411 633 2447 prophetis
649 2410 722 2443 dicit,
748 2409 819 2437 sicut
834 2410 979 2438 Manichaei

179 2455 304 2484 delirant.
329 2457 401 2484 Nam
416 2456 454 2484 illi
481 2456 604 2483 volentes
619 2454 766 2482 ostendere
782 2455 865 2482 Vetus
881 2455 978 2483 Testa-

177 2505 302 2529 mentum
325 2509 381 2529 non
407 2509 466 2529 esse
485 2509 500 2528 a
526 2503 593 2533 Deo,
619 2503 647 2527 et
662 2498 808 2535 prophetas
833 2507 890 2527 non
919 2507 978 2528 esse

177 2546 276 2574 missos
287 2555 302 2574 ει
314 2547 385 2580 Deo,
398 2549 516 2573 utuntur
528 2545 581 2572 hoc
595 2543 669 2572 dicto
683 2553 688 2570 :
706 2555 717 2566 ιι
731 2544 832 2571 Omnes
844 2545 889 2580 qui
901 2553 979 2572 vene-

176 2595 242 2620 runt
255 2595 317 2619 ante
331 2599 386 2625 me,
401 2591 474 2618 fures
486 2593 550 2617 sunt
561 2593 589 2616 et
602 2588 730 2615 latrones.
747 2600 759 2611 ιι
774 2589 835 2616 Non
850 2589 931 2625 igitur
943 2589 977 2618 de

176 2636 315 2672 prophetis
338 2636 391 2663 hoc
411 2635 487 2666 dicit,
500 2633 548 2661 sed
570 2633 604 2661 de
616 2632 730 2660 Thcuda
746 2637 772 2661 et
795 2633 864 2661 Juda
879 2638 906 2661 et
919 2634 978 2663 aliis

176 2681 321 2709 seditiosis.
339 2679 419 2715 Quod
437 2682 531 2706 autem
553 2677 589 2705 de
618 2677 658 2704 his
681 2677 762 2710 dicat,
783 2678 974 2708 manifestum.

177 2737 190 2750 ι
203 2727 265 2754 Non
277 2725 441 2754 audiverunt
453 2723 539 2756 enim,
554 2722 653 2758 inquit,
666 2722 727 2750 illos
751 2731 825 2751 oves.
838 2735 851 2748 ιο
863 2724 977 2753 Seditio-

175 2778 221 2799 sos
235 2770 308 2798 enim
325 2770 388 2797 illos
402 2777 459 2796 non
474 2767 619 2796 audierunt
633 2775 706 2801 oves,
723 2768 870 2805 prophetas
884 2774 977 2798 autem

175 2814 348 2849 audiverunt,
366 2818 394 2842 et
413 2821 462 2850 per
479 2812 550 2848 illos,
563 2812 610 2849 qui
629 2812 771 2842 Christum
783 2813 901 2843 confessi
913 2819 977 2844 sunt

1076 1973 1088 1985 α
1110 1958 1218 1993 Ταύτην
1238 1956 1286 1992 τὴν
1309 1950 1455 1995 παροιμίαν
1471 1950 1543 1985 εἶπεν
1570 1955 1657 1989 αὐτοῖς
1678 1956 1692 1985 ὃ
1711 1955 1834 1992 Ἰησοῦς.

1036 2005 1129 2034 ἐκεῖνοι
1151 2002 1179 2031 δὲ
1195 2003 1243 2031 οὒκ
1268 2002 1402 2040 ἔγνωσαν,
1428 2001 1486 2030 τίνα
1509 1996 1540 2036 ἧν
1570 1999 1587 2029 ἃ
1613 2000 1703 2030 ἐλάλει
1729 2001 1834 2035 αὐτοῖς,

1037 2043 1120 2079 Εἶπεν
1136 2043 1180 2076 οὖν
1197 2046 1276 2076 πάλιν
1290 2047 1377 2079 αὐτοῖς
1393 2048 1406 2075 6
1420 2045 1545 2081 ,Ἰησοῦς-
1560 2044 1644 2083 Ἀμὴν
1654 2068 1662 2084 ,
1678 2045 1750 2084 ἀμὴν
1765 2046 1839 2086 λέγω

1036 2094 1108 2132 ὓμῑν,
1129 2090 1168 2121 ὅτι
1193 2091 1245 2130 ἐγώ
1266 2092 1320 2130 εἶμι
1338 2092 1353 2126 ἡ
1375 2090 1440 2130 θύρα
1455 2093 1508 2120 τῶν
1527 2089 1681 2131 προϐάτων,
1708 2090 1836 2129 Πάντες,

1037 2138 1092 2167 ὅσοι
1113 2133 1202 2173 ἦλθον,
1220 2136 1332 2165 κλέπται
1351 2135 1400 2164 εἰσὶ
1420 2136 1464 2165 xui
1480 2136 1593 2176 λῃσταὶ,
1609 2135 1667 2164 ἀλλ’
1683 2136 1730 2164 οὐκ
1749 2135 1837 2172 ἤκου-

1000 2177 1024 2210 D
1039 2194 1087 2211 σαν
1108 2183 1193 2210 αὐτῶν
1217 2180 1251 2210 τὰ
1270 2180 1404 2219 πρόϐατα.
1425 2195 1435 2207 ι
1451 2197 1490 2202 —
1507 2194 1519 2206 ιι
1533 2181 1654 2221 Ταύτην,
1679 2180 1760 2221 φησὶ,
1783 2181 1835 2217 τὴν

1034 2226 1194 2267 παροιμίαν,
1216 2239 1227 2252 ιι
1243 2225 1303 2261 ἤτοι
1317 2225 1365 2261 τὴν
1380 2224 1554 2265 παραϐολὴν,
1576 2238 1589 2252 ι
1611 2219 1685 2254 εἶπεν
1704 2225 1797 2259 αὐτοῖς
1823 2228 1838 2255 6

1035 2271 1137 2307 Ἰησοῦς
1148 2293 1156 2308 ,
1181 2272 1288 2310 ἀσαφῶς
1302 2271 1390 2303 αὐτοῖς
1404 2270 1578 2310 φθεγγόμενος
1589 2292 1598 2307 ,
1622 2269 1667 2299 ἵνα
1686 2281 1834 2311 προσεκτι-

1034 2316 1162 2357 κωτέρους
1177 2315 1288 2356 ποιήσῃ,
1304 2315 1382 2345 Ἐπεὶ
1398 2311 1442 2345 οὖν
1458 2318 1536 2344 τοῦτο
1556 2314 1752 2350 κατεσκεύασε,
1770 2315 1832 2345 λύει

1033 2362 1124 2391 λοιπὸν
1149 2361 1198 2397 τὴν
1220 2361 1364 2401 ἀσάφειαν,
1393 2360 1461 2389 οὕτω
1479 2360 1577 2399 λέγων·
1600 2373 1613 2386 κ
1639 2359 1712 2398 Ἐγώ
1737 2361 1794 2398 εἶμι
1818 2363 1835 2396 ἡ

1034 2407 1109 2446 θύρα.
1134 2421 1144 2433 υ
1162 2406 1201 2437 Τὸ
1218 2405 1262 2446 δὲ,
1279 2420 1291 2432 ‹ι
1305 2406 1420 2441 Πάντες,
1438 2405 1494 2434 ὅσοι
1517 2401 1594 2441 ἦλθον
1605 2426 1613 2441 ,
1630 2418 1642 2430 υ
1657 2405 1687 2434 οὖ
1702 2405 1764 2445 περὶ
1780 2407 1836 2435 τῶν

1033 2454 1175 2492 προφητῶν
1189 2451 1279 2490 λέγει,
1297 2452 1332 2483 ὡς
1346 2453 1370 2480 οἱ
1382 2450 1528 2490 θίανιχαῖοι
1543 2452 1728 2490 παρανοοῦσιν.
1745 2450 1838 2480 Ἐκεῖ-

1032 2507 1072 2526 νοι
1103 2498 1155 2537 γὰρ
1180 2496 1260 2537 δεῖξαι
1287 2496 1443 2536 βουλόμενοι
1466 2494 1515 2531 τὴν
1544 2495 1670 2524 Παλαιὰν
1694 2494 1836 2532 Διαθήκην

1033 2536 1172 2582 ἀλλοτρίαν
1195 2536 1275 2571 οὖσαν
1299 2542 1344 2569 τοῦ
1368 2541 1461 2579 Θεοῦ,
1481 2539 1527 2569 καὶ
1553 2538 1612 2573 τοὺς
1631 2539 1768 2580 προφήτας
1795 2540 1834 2579 μὴ

1034 2587 1062 2616 ἐκ
1077 2588 1147 2617 Θεοῦ
1165 2586 1348 2622 ἀπεστάλθαι,
1370 2587 1489 2625 χρῶνται
1504 2585 1542 2625 τῷ
1559 2586 1631 2625 ῥητῷ
1646 2584 1741 2624 τούτῳ.
1761 2584 1834 2615 Ἰδοὺ

1031 2632 1096 2672 γὰρ,
1115 2632 1214 2672 φησὶν,
1229 2633 1243 2659 6
1262 2630 1357 2670 Κύριος
1374 2625 1463 2666 εἶπεν,
1478 2629 1519 2659 ὅτι
1534 2643 1546 2655 ι
1563 2629 1683 2665 Πάντες,
1704 2630 1761 2659 ὅσοι
1778 2625 1836 2666 ἧλ-

1032 2679 1075 2706 θον
1086 2699 1093 2713 ,
1104 2677 1216 2706 κλέπται
1232 2675 1283 2705 εἶσὶ
1296 2676 1342 2705 καὶ
1356 2674 1465 2715 λῃσταί.
1483 2689 1494 2700 ιι
1507 2673 1610 2704 Οὔκουν
1623 2673 1685 2714 περὶ
1700 2675 1752 2703 τῶν
1763 2687 1835 2715 προ-

1031 2723 1123 2762 φητῶν
1140 2721 1218 2751 τοῧτό
1235 2732 1318 2760 φησι,
1335 2721 1404 2749 ἀλλὰ
1417 2719 1478 2760 περὶ
1492 2719 1583 2749 Θευδᾶ
1606 2719 1652 2749 καὶ
1667 2719 1768 2758 Ἰούδα,
1786 2721 1836 2750 καὶ

1030 2768 1082 2796 τῶν
1103 2766 1190 2796 ἄλλων
1206 2767 1384 2796 στασιαστῶν.
1406 2763 1473 2795 ⁰Οτι
1492 2764 1518 2794 δὲ
1536 2763 1596 2804 περὶ
1618 2763 1717 2793 τούτων
1736 2763 1833 2804 λέγει,

1031 2811 1124 2851 δῆλον·
1146 2825 1157 2839 ιι
1174 2811 1233 2842 Οὖκ
1256 2811 1374 2848 ἤκουσαν
1400 2809 1468 2850 γὰρ,
1489 2808 1585 2850 φησὶν,
1610 2809 1697 2838 αὐτῶν
1712 2808 1747 2840 τὰ
1767 2811 1836 2851 πρό-
