1910 3077
49 172 81 198 69
454 161 649 191 ENARRATIO
667 161 700 188 IN
721 158 936 187 EVANGELIUM
953 156 1104 186 JOANNIS.
1122 170 1155 175 —
1175 156 1250 183 CAP.
1269 156 1301 183 X.
1663 155 1698 181 70

49 233 130 263 ϐατα.
157 244 169 258 ι
185 231 249 261 Τῶν
275 229 324 268 γὰρ
345 227 512 257 στασιαστῶν
539 224 638 254 τούτων
660 225 706 252 οὐκ
729 222 845 259 ἤκουσαν

942 219 1086 248 ediderunt.
1110 220 1247 247 Craterum
1268 217 1346 251 illud,
1362 228 1374 241 ει
1390 218 1452 245 Non
1465 217 1626 245 audiverunt
1638 216 1699 245 illos

47 278 80 308 τὰ
93 276 219 316 πρόϐατα
231 297 239 311 ,
255 277 307 303 τῶν
323 273 351 302 δὲ
373 273 516 312 προφητῶν
535 270 580 299 xui
596 269 713 305 ἤκουσαν
724 291 732 304 ,
751 266 796 296 καὶ
812 266 844 295 δι’

48 322 154 352 ἐκείνων
170 320 346 354 ἐπίστευσαν,
357 317 414 347 ὅσοι
429 316 475 346 xui
493 315 651 344 ἐπίστευσαν
665 315 702 353 τῷ
723 312 844 352 Χριστῷ.

48 366 151 399 ’Ᾱλλως
168 377 197 395 τε
217 365 248 394 τὸ
260 387 268 403 ,
284 378 296 390 ιι
319 364 376 393 Οὐκ
391 362 509 397 ἤκουσαν
527 361 611 388 αὐτῶν
627 357 660 388 τὰ
677 357 799 397 πρόϐατα
811 379 818 392 ,
835 369 846 381 ι

51 413 166 442 ἐπαινῶν
192 405 283 447 εἶπεν,
308 409 428 446 οὐδαμοῦ
450 405 477 434 δὲ
505 405 619 434 ἐπαινῶν
645 402 768 443 φαίνεται
791 399 849 434 τοὺς

49 455 274 496 παρακούσαντας
298 455 350 482 τῶν
365 452 508 491 προφητῶν
519 472 527 485 ,
545 448 613 478 ἀλλὰ
634 446 783 477 τούναντίον
797 457 849 474 κα-

48 489 126 536 κίζων
142 500 188 530 καὶ
209 498 361 529 διαϐάλλων
385 489 514 536 σφοδρῶς.
533 493 651 536 Ἐπεετα
667 491 785 532 πρόσλες
805 489 850 520 καὶ

49 549 87 586 τῇ
120 543 246 585 ἀκριϐείᾳ
268 545 314 578 τῆς
339 541 443 575 λέξεως.
471 554 483 566 α
509 537 591 569 ιὈσοι
609 534 698 574 ἦλθον,
721 551 733 563 ι»
749 535 849 576 φησὶν,

51 581 112 620 ἀλλ’
130 581 196 629 06.1,
209 581 291 618 νόσοι
307 586 510 620 ἀπεστάλησαν.
527 585 562 614 Οἱ
581 583 632 629 ,μὲν
650 581 700 622 γὰρ
716 583 852 622 προφῆται

51 627 247 666 ἀποσταλέντες
279 631 473 671 παρεγένοντο⁶
509 629 532 658 οῖ
562 627 590 657 δὲ
616 627 852 668 ψευδοπροφῆται,

901 272 977 298 oves,
989 275 1002 289 ι
1012 262 1125 291 laudans
1135 262 1214 291 dixit.
1224 263 1365 297 Nusquam
1373 265 1465 289 autem
1475 261 1580 289 videtur
1588 261 1700 289 laudare

902 309 1089 337 inobedientes
1113 307 1264 344 prophetis,
1287 306 1335 334 sed
1360 314 1375 334 e
1395 305 1504 334 diverso
1526 306 1701 334 vehementer

901 358 1011 383 accusat
1033 358 1060 382 et
1075 353 1256 389 persequitur.
1284 352 1398 387 Insuper
1419 350 1564 386 diligenter
1590 350 1700 379 attende

903 400 1019 427 verbum
1030 399 1130 435 ipsum:
1144 410 1157 422 ιι
1169 397 1330 433 Quicunque
1344 399 1485 429 venerunt,
1500 407 1512 420 ιι
1526 395 1621 431 inquit,
1633 403 1700 429 non,

905 444 1065 480 Quicunque
1078 444 1157 472 missi
1170 446 1242 470 sunt.
1257 443 1326 470 Nam
1339 440 1479 477 propheta:
1491 440 1603 476 quidem
1616 439 1702 475 σω

904 489 980 517 missi
1005 488 1174 517 advenerunt
1200 497 1205 515 :
1223 485 1466 523 pseudopropheta:
1484 489 1587 517 autem,
1608 485 1703 521 quales

906 537 934 562 et
957 533 1078 562 seditiosi
1094 533 1132 560 illi
1156 532 1233 564 dicti.
1256 540 1271 559 a
1295 531 1370 559 nullo
1385 530 1459 558 missi
1474 533 1619 563 venerunt,
1633 530 1706 557 sicut

906 583 932 607 et
941 579 1076 606 Dominus
1085 578 1157 606 dixit
1171 587 1177 605 :
1190 589 1202 601 οι
1215 576 1379 610 Currebaut,
1389 575 1478 612 et;ch
1489 583 1545 603 non
1559 574 1704 602 mittebam

907 631 956 652 803
970 623 1006 651 ιδ.
1024 635 1038 648 ι)

51 676 102 710 οἷοι
135 679 181 709 καὶ
212 679 236 707 οἱ
272 677 393 718 ῥηθέντες
424 672 606 708 στασιασταὶ,
641 670 751 710 μηδενὸς
782 668 1006 705 ἀποστείλαντος,
1033 668 1148 709 ἤρχοντο
1177 668 1220 698 ἐπὶ
1250 668 1396 708 διαστροφῇ
1428 667 1480 696 τῶν
1508 664 1706 705 ἄπατωμίνων·

51 725 143 765 ὥσπερ
155 723 200 753 xui
214 725 227 752 ὁ
241 713 309 755 Θεός
320 732 399 762 φησιν
409 732 416 740 ·
437 732 451 749 (ι
466 717 540 758 Ἐγὼ
555 719 601 747 οὖκ
617 716 778 746 ἀπέστελλον
795 713 890 747 αὐτοὺς
900 736 908 750 ,
926 716 1045 744 κάκεῖνοι
1057 715 1174 754 ἔτρεχον,
1192 728 1204 740 ιι

93 784 107 796 ι
130 759 210 808 ”Εγώ
235 768 289 806 εἶμι
355 765 433 805 θύρα·
460 765 494 793 δι’
522 764 584 802 ἐμοῦ
608 761 652 808 ξοίν
674 772 713 808 τις
729 759 853 808 εἰσέλθῃ,

53 814 224 850 σωθήσεται,
245 811 292 842 xui
315 810 511 844 εἰσελεύσεται,
537 808 582 837 xui
608 805 789 841 ἐξελεύσεται,
810 804 855 834 καὶ

945 765 1036 792 Vens.
1051 766 1077 791 9.
1096 775 1108 787 «
1125 765 1182 799 Ego
1194 771 1255 791 sum
1266 762 1382 790 ostium:
1397 769 1446 797 per
1457 768 1503 789 me
1517 760 1538 788 si
1548 759 1610 796 quis
1621 759 1707 788 intra-

911 808 988 843 verit,
1013 808 1174 842 servabitur,
1194 812 1223 836 et
1247 807 1414 843 ingredietur
1438 810 1466 834 et
1490 805 1655 842 egredietur,
1679 808 1709 833 et

53 849 140 898 νομῆν
171 857 288 897 εὑρήσει.
312 869 325 882 ι
352 855 387 885 ‘0
403 853 526 884 εἰσελθὼν
538 875 545 889 ,
571 851 636 893 φησὶ
648 874 656 890 ,
682 849 714 879 δι’
728 850 793 898 suo?
809 851 856 884 τ’ἤς

942 861 1011 882 scua
1032 853 1161 881 inveniet.
1178 864 1192 877 ι
1222 853 1275 888 Qui
1299 853 1448 888 ingressus,
1474 850 1573 887 inquit,
1601 858 1648 886 per
1661 857 1708 878 me

53 893 151 944 θύρας,
177 893 223 933 xui
247 900 408 941 προσαχθεὶς
440 901 478 938 τῷ
504 897 612 937 Πατρὶ,
645 897 691 944 καὶ
717 893 854 944 πρόϐατον

55 949 159 979 ἐκείνου
181 946 313 987 γεγονὼς,
338 944 504 980 σωθήσεται·
531 942 576 972 καὶ
594 942 623 971 οὖ
636 940 713 979 μόνον
737 939 855 975 σωθήσε-

53 1007 109 1031 ται,
126 992 196 1022 ἀλλὰ
211 991 275 1027 xui,
293 992 328 1023 ὡς
345 989 440 1028 Κύριος
455 988 501 1018 xui
516 986 654 1021 Δεσπότης
665 1008 672 1022 ,
687 984 790 1020 πολλὴν
804 983 856 1018 ἕξει

54 1041 105 1075 τὴν
130 1038 260 1078 ἀφοϐίαν·
285 1040 362 1066 τοῦτο
389 1035 441 1075 γὰρ
467 1033 592 1071 σημαίνει
620 1031 664 1060 διὰ
688 1033 737 1060 τοῦ
757 1031 855 1059 εἰπεῖν·

55 1099 68 1112 ιι
95 1086 153 1114 Καὶ
178 1082 376 1117 εἰσελεύσεται,
397 1079 443 1109 καὶ
460 1078 640 1113 ἐξελεύσεται·
664 1090 676 1102 ι
701 1075 792 1115 ὥσπερ
812 1074 857 1104 xui

57 1131 84 1159 οἱ
106 1129 252 1158 ἀπόστολοι
269 1126 401 1166 εἰσῄεσαν,
426 1125 471 1154 καὶ
493 1123 603 1163 ἐξῄεσαν
619 1120 738 1150 ἐναντίον
762 1119 858 1159 τυροίν-

55 1187 110 1204 νων
140 1171 408 1213 παρῤησιαζόμενοι,
436 1169 482 1199 xui
509 1167 618 1202 ἐξιόντες
645 1165 784 1206 χαίροντες
813 1164 858 1193 καὶ

21 1236 24 1239 -
58 1219 201 1255 ἀήττητοι,
222 1231 234 1244 ι
253 1216 307 1246 Καὶ
323 1215 417 1253 νομὴν,
433 1213 522 1254 φησὶν,
546 1212 668 1252 εὖρήσειυ
685 1224 697 1237 ι
722 1208 858 1245 τουτέστι,

56 1263 160 1304 τροφὴν
176 1261 288 1297 πολλήν.
315 1260 367 1290 Καὶ
393 1259 479 1290 ἄλλως
506 1256 643 1287 δέοἚπεὶ
665 1255 774 1288 διπλοῦς
788 1255 858 1283 ἔστιν

56 1298 126 1346 ἡμῖν
142 1298 166 1336 νὸ
185 1307 319 1346 ἄνθρωπος
331 1327 340 1341 ,
367 1304 420 1333 ἔοι-ι
444 1314 472 1332 τε
497 1303 542 1332 καὶ
559 1302 609 1336 ἔξω
631 1300 770 1340 λεγόμενος
786 1298 860 1339 παρὰ

56 1344 110 1383 τοῦ
138 1344 260 1388 Παύλοιδ,
289 1349 456 1390 εἶσέρχεσθαι
483 1347 531 1386 μὲν
557 1348 653 1380 ἐκεῖνος
677 1344 708 1373 ἂν
731 1344 832 1384 λέγοιτο
848 1345 861 1372 ὁ

58 1397 219 1436 ἐπιμέλειαν
244 1395 397 1433 ποιούμενος
422 1396 468 1422 τοῦ
502 1391 555 1422 ἔσω
579 1391 732 1430 ἀνθρώπου·
758 1388 861 1428 ἐξέρχε-

59 1433 123 1473 aeui
142 1441 169 1470 δὲ
183 1441 276 1476 πάλιν,
296 1441 310 1468 ὁ
321 1440 422 1478 νεκρῶν
441 1438 474 1467 τὰ
490 1438 557 1476 μέλη
573 1436 606 1465 τὰ
620 1436 663 1466 ἐπὶ
678 1437 725 1471 τῆς
739 1435 800 1473 γῆς,
816 1433 861 1462 καὶ

60 1487 111 1521 τὰς
135 1485 245 1526 πράξεις
264 1487 312 1514 τοῦ
336 1483 459 1522 σώματος
483 1483 508 1512 ἐν
534 1482 644 1521 Χριστῷ
669 1481 800 1510 θανατῶν.
825 1477 860 1507 ⁸0

58 1535 176 1565 τοιοῦτος
197 1525 242 1560 οὖν
260 1544 272 1557 ε
298 1528 343 1560 καὶ
357 1527 442 1566 νομὴν
467 1526 574 1566 εύρήσει
603 1540 614 1551 ιι
636 1526 663 1554 ἐν
678 1527 716 1564 τῷ
742 1524 858 1562 μέλλοντι

942 1525 993 1554 uod
1007 1525 1074 1554 dicit
1088 1524 1221 1560 propheta

62 1579 155 1613 αἰῶνι,
170 1575 241 1606 κατὰ
253 1574 295 1613 τὸ,
314 1588 325 1599 ι
347 1571 444 1613 Κύριος
460 1572 595 1610 ποιμαίνει
614 1582 659 1610 με,
675 1569 721 1598 καὶ
738 1568 810 1597 οὐδέν
830 1579 863 1606 με

61 1621 220 1661 ὖστερήσει,
236 1633 249 1646 ι
264 1619 311 1649 xui
325 1617 360 1647 τὰ
375 1617 445 1652 ἑξῆς.

105 1680 118 1692 ι
131 1656 180 1696 ¹⁸0
204 1656 320 1700 κλέπτης
341 1663 389 1692 οὐκ
404 1662 521 1701 ἔρχεται,
536 1661 559 1690 εἰ
576 1657 614 1698 μὴ
629 1657 671 1688 ἵνα
687 1657 773 1698 κλέψῃ
785 1679 795 1695 ,
817 1656 863 1686 xui

61 1711 151 1750 θύσῃ,
166 1709 212 1739 καὶ
224 1708 354 1748 ἀπολέσῃ.
373 1705 446 1746 Ἐγὼ
457 1702 548 1743 ἦλθον,
564 1703 608 1734 ἵνα
623 1703 692 1739 ζωὴν
707 1703 803 1742 ἔχωσι,
818 1701 864 1750 καὶ

62 1746 192 1796 περισσὸν
216 1746 334 1794 ἔχωσινί
353 1752 427 1791 Ἐγώ
453 1751 508 1789 εἰμι
529 1752 542 1779 ὁ
565 1749 664 1796 ποιμὴν
689 1749 703 1777 ὁ
719 1749 814 1796 καλός.
827 1746 862 1796 ⁸9

62 1792 168 1839 ποιμὴν
193 1800 208 1828 ὁ
226 1792 307 1832 καλὸς
322 1797 369 1832 τὴν
388 1796 478 1837 ψυχὴν
493 1796 572 1825 αὐτοῦ
597 1794 699 1830 τίθησιν
715 1792 785 1832 ὑπὲρ
813 1793 865 1839 τῶν

62 1831 226 1887 προϐάτων·
247 1845 261 1873 ὁ
277 1831 406 1881 μισθωτὸς
491 1840 536 1870 καὶ
562 1839 610 1869 οὖκ
639 1838 686 1887 ὢν⁸
698 1836 819 1887 ποιμὴν,⁸
836 1831 866 1865 οἶ

63 1881 116 1921 ούκ
131 1889 184 1919 εἶσὶ
203 1889 237 1918 τὰ
252 1888 375 1928 πρόϐατα
390 1886 457 1923 ἴδια,
481 1885 574 1925 θεωρεῖ
596 1883 640 1913 τὸν
655 1882 735 1912 λύκον
756 1881 868 1921 ἐρχόμε-

63 1947 124 1971 νον,
141 1934 188 1964 xui
203 1926 297 1974 ἀφίησι
308 1932 343 1962 τὰ
357 1930 480 1972 πρόϐατα
490 1953 498 1967 ,
514 1931 560 1959 καὶ
576 1928 687 1974 φεύγει,
702 1926 748 1956 xui
763 1926 869 1974 olom-xc

70 1969 193 2022 ἁρπάζει
223 1969 312 2015 αὐτὰ,
333 1969 385 2006 καὶῆ
400 1976 536 2022 σκορπίζει
561 1973 594 2022 τα
619 1969 868 2022 πρόϐατα..¹0..δὲ

66 2016 203 2065 μίσθωτὸς
225 2023 329 2064 φεύγει,
350 2021 392 2052 ὅτι
417 2019 549 2059 μισθωτός
574 2021 649 2056 ἔστι,
676 2017 722 2047 καὶ
745 2017 774 2046 οὐ
794 2016 869 2054 μέλει

66 2072 144 2110 αὐτῷ
162 2061 296 2108 περὶτῶν
310 2066 465 2107 προϐάτων.
491 2078 502 2091 ιι
525 2063 636 2099 Ἐπειδὴ
661 2064 686 2092 οἱ
706 2063 744 2102 τῷ
757 2061 869 2102 Θευδᾷ,

66 2115 116 2145 xui
134 2113 238 2153 Ἰούδᾳ,
255 2111 301 2142 καὶ
316 2106 369 2144 τοῖς
384 2111 489 2144 λοιποῖς
503 2108 666 2142 ἀποστάταις
681 2106 868 2145 συναπαχθέν-

66 2172 124 2198 τες,
148 2150 304 2198 ἐσῳάγησαν
328 2156 374 2186 καὶ
398 2155 551 2191 ἀπώλοντο,
574 2152 618 2182 διὰ
647 2154 725 2182 τοῦτο
750 2150 868 2191 ἐπήγαγε

68 2195 176 2244 λέγων·
187 2195 207 2229 ἰ
221 2195 257 2233 Ὅ
280 2201 396 2236 κλέπτης
410 2201 457 2229 οὐκ
474 2199 594 2244 ἔρχεται,
611 2198 634 2227 εἰ
708 2195 751 2244 ἵνα
771 2196 868 2244 κλέψῃ,

70 2240 119 2279 xui
142 2248 210 2287 θύσῃ
225 2246 271 2278 xui
295 2245 430 2285 ἀπολέσῃ,
456 2259 468 2271 ι
491 2243 603 2277 ἐκείνους
625 2241 672 2272 καὶ
687 2240 747 2287 τοὶς
766 2240 871 2278 ὁμοίους

71 2295 164 2326 αὐτοῖς
178 2281 293 2325 κλέπτας
305 2281 405 2321 καλῶνξ
423 2304 434 2316 α
448 2287 522 2328 Ἐγὼ
539 2288 565 2318 δὲ
578 2311 586 2326 ,
601 2287 679 2328 φησὶν
688 2309 696 2324 ,
716 2281 806 2322 ἦλθον,
819 2284 865 2313 ἴνα

72 2339 146 2375 ζωὴν
171 2337 280 2378 ἔχωσιν.
313 2349 326 2363 ν
351 2335 465 2365 Ἐκεῖνοι
496 2334 624 2378 ἔσφαττον
657 2332 703 2362 καὶ
732 2329 871 2360 ἀπώλλυον

71 2373 134 2417 τοὺς
150 2373 354 2414 ἀκολουθοῦντας
365 2382 466 2416 αὐτοῖς,
484 2393 493 2405 ι
507 2377 581 2417 Ἑγὼ
599 2373 690 2414 ἦλθον,
702 2375 747 2405 ἵνα
763 2375 873 2412 ζήσωσι,

73 2428 122 2459 καί
138 2441 151 2454 ε
165 2440 191 2457 τι
206 2427 251 2456 xui
262 2426 389 2465 περισσὸν
404 2424 500 2464 ἔχωσι,
515 2435 528 2451 ιι
541 2423 588 2459 τὴν
601 2425 647 2452 τοῦ
658 2421 734 2460 ἁγίου
750 2419 876 2457 Πνεύμα-

74 2485 121 2507 τος
146 2472 280 2512 μετοχήν·
295 2471 328 2507 ἢν
352 2470 398 2500 καὶ
425 2468 563 2510 βασιλείαν
588 2468 704 2507 οὐρανῶν
727 2465 781 2506 χρὴ
799 2465 875 2494 νοεῖν.

73 2509 270 2558 Ἐχοιδσινᾞῦν
287 2515 401 2549 ἅπαντες
415 2514 463 2550 τὴν
479 2513 547 2550 ζωὴν
562 2514 587 2542 ἐν
606 2512 725 2553 Χριστῷ.
744 2524 756 2536 ιι
774 2509 876 2543 Πάντες

72 2555 134 2604 γὰρ*
151 2561 362 2599 ἀναστήσονται,
379 2573 391 2586 ι
414 2559 460 2590 xui
484 2559 626 2594 ζήσουσιν,
648 2557 706 2586 ἀλλ’
730 2556 753 2584 οἱ
777 2555 875 2585 δίκαιοι

74 2609 171 2648 ἔχουσι
193 2607 238 2637 καί
253 2619 279 2636 τι
294 2605 432 2646 περισσὸν,
458 2603 505 2639 τὴν
523 2602 663 2643 βασιλείαν
682 2603 733 2630 τῶν
748 2601 875 2640 οὐρανῶν.

76 2643 149 2683 Εἶτα
173 2652 219 2682 xui
244 2651 307 2690 περὶ
328 2653 372 2681 τοῦ
397 2651 499 2683 πάθους
521 2648 684 2687 διαλέγεται,
709 2647 753 2676 καί
779 2657 877 2687 φησιν,

76 2698 120 2728 ὅτι
135 2712 147 2725 α
163 2697 222 2733 Τὴν
237 2696 327 2738 ψυχήν
343 2708 393 2733 μου
415 2695 508 2733 τίθημι
528 2693 595 2733 ὑπὲρ
618 2694 670 2722 τῶν
689 2691 844 2731 προϐάτων-
861 2703 876 2719 ιι

77 2742 232 2784 ἐμφαίνων,
246 2736 296 2771 ’ὁτι
316 2741 364 2770 οὐκ
387 2740 476 2777 ἄκων,
501 2739 561 2768 ἀλλ’
588 2737 655 2767 ἑκὼν
682 2737 727 2766 ἐπὶ
740 2736 771 2765 τὸ
796 2736 879 2769 πάθος

908 899 1021 932 ostium,
1046 902 1074 926 et
1088 898 1197 926 oblatus
1210 897 1296 932 Patri,
1317 901 1346 925 et
1360 898 1419 925 ovis
1439 896 1512 924 illius
1534 895 1623 924 factus
1647 894 1707 923 fue-

909 943 956 976 rit,
980 943 1128 971 salvabitur
1152 953 1158 971 :
1181 947 1209 970 et
1234 950 1292 970 non
1313 941 1402 970 solum
1423 940 1584 974 salvabitur,
1606 939 1656 968 sed
1681 943 1710 967 et

909 987 980 1016 sicut
1001 988 1148 1021 Dominus,
1163 995 1292 1023 magnam
1307 985 1421 1014 habebit
1435 985 1621 1013 securitatem.
1650 984 1709 1011 Hoc

910 1032 982 1060 enim
1005 1032 1140 1068 signiﬁcat
1155 1040 1202 1067 per
1217 1031 1269 1059 hoc
1283 1031 1357 1068 quod
1371 1030 1450 1063 dicit,
1468 1040 1482 1056 «
1497 1033 1524 1057 et
1539 1028 1710 1064 ingredietur

912 1081 940 1105 et
953 1077 1108 1113 egredietur
1131 1086 1144 1103 η
1168 1077 1240 1104 sicut
1253 1080 1281 1104 et
1301 1075 1416 1112 apostoli
1439 1073 1660 1110 ingrediebantur
1682 1076 1711 1101 et

911 1122 1130 1157 egrediebantur,
1161 1129 1255 1149 coram
1287 1120 1414 1157 tyrannis
1439 1119 1522 1147 libere
1556 1119 1708 1154 loquentes.

913 1168 983 1195 Nam
998 1171 1025 1194 ct
1048 1170 1190 1198 exeuntes,
1207 1166 1262 1194 laeti
1279 1169 1367 1199 erant,
1383 1169 1411 1192 et
1424 1163 1516 1192 invicti
1529 1163 1563 1191 ".
1583 1175 1596 1187 ι
1614 1164 1646 1190 Et
1666 1170 1712 1198 pa-

913 1220 989 1246 scua,
1005 1212 1107 1248 inquit,
1123 1211 1252 1245 inveniet,
1280 1222 1293 1235 ι
1316 1210 1370 1238 hoc
1392 1213 1434 1238 est
1449 1209 1590 1244 copiosum
1604 1207 1709 1235 cibum.

916 1258 948 1284 Et
962 1257 1041 1284 aliter
1055 1266 1061 1283 :
1076 1256 1147 1292 Quia
1159 1255 1258 1292 duplex
1274 1259 1316 1283 est
1330 1258 1423 1282 noster
1437 1253 1530 1286 homo,
1550 1253 1676 1281 internus
1686 1256 1714 1280 et

914 1306 1054 1335 externus,
1080 1305 1112 1329 ut
1134 1301 1238 1328 dicitur
1261 1307 1277 1328 a
1300 1299 1395 1333 Paulo,
1420 1298 1576 1335 ingreditur
1600 1297 1711 1333 quidem

915 1345 969 1379 ille,
985 1346 1082 1374 dixerit
1096 1345 1169 1382 quis,
1186 1345 1236 1382 qui
1258 1352 1352 1372 curam
1369 1344 1437 1379 gerit
1450 1343 1551 1371 interni
1567 1341 1688 1370 hominis
1704 1351 1710 1369 :

915 1395 942 1418 et
954 1390 1094 1426 egreditur
1109 1390 1220 1423 iterum,
1235 1389 1280 1425 qui
1298 1401 1310 1414 ι
1327 1388 1475 1416 mortiﬁcat
1488 1387 1615 1415 membra
1632 1394 1714 1422 super

915 1439 1030 1469 terram,
1043 1440 1071 1464 ct
1082 1443 1163 1471 opera
1176 1434 1300 1470 corporis
1312 1434 1338 1461 in
1348 1433 1458 1462 Christo
1467 1433 1500 1459 6°.
1516 1443 1529 1459 ι)
1544 1431 1619 1460 Talis
1632 1431 1716 1467 igitur

916 1490 930 1506 ι(
951 1488 1048 1516 pascua
1064 1480 1186 1508 inveniet
1201 1491 1213 1504 ν
1230 1483 1260 1507 et
1283 1479 1310 1506 in
1326 1478 1420 1506 futuro
1435 1477 1546 1511 sacculo,
1562 1475 1716 1504 secundum

1243 1535 1250 1552 :
1276 1536 1288 1548 α
1315 1523 1449 1552 Dominus
1464 1522 1532 1558 regit
1546 1529 1602 1556 me,
1625 1525 1653 1549 et
1670 1520 1716 1548 ni-

919 1570 956 1598 hil
972 1570 1048 1598 mihil
1062 1570 1152 1598 deerit
1165 1569 1204 1604 6',
1219 1579 1233 1595 ιι
1251 1573 1302 1596 etc.

953 1664 1042 1691 Vens.
1059 1665 1153 1691 10-13.
1171 1672 1185 1687 ι
1200 1662 1256 1690 Fur
1275 1669 1328 1689 non
1345 1659 1418 1688 venit
1439 1660 1489 1688 nisi
1505 1663 1538 1687 ut
1558 1659 1674 1692 furatur,
1689 1661 1718 1686 et

917 1713 1021 1736 mactet
1043 1716 1075 1735 ac
1099 1707 1203 1743 perdat.
1229 1707 1285 1742 Ego
1308 1706 1368 1733 veni
1384 1709 1412 1732 ut
1429 1704 1513 1732 vitam
1536 1704 1666 1737 habeant,
1691 1706 1720 1731 et

919 1752 1102 1781 abundantius
1122 1752 1251 1780 habeant.
1275 1753 1332 1787 Ego
1353 1758 1415 1778 sum
1439 1754 1532 1785 pastor
1550 1749 1595 1776 ille
1619 1748 1718 1776 bonus.

921 1799 1013 1826 Bonus
1027 1801 1119 1833 pastor
1133 1797 1256 1824 animam
1275 1803 1353 1823 suam
1365 1794 1443 1831 ponit
1458 1802 1507 1830 pro
1527 1793 1630 1821 ovibus.
1648 1793 1720 1820 Mer-

921 1843 1046 1870 cenarius
1066 1845 1160 1870 autem
1176 1845 1204 1868 et
1225 1841 1272 1876 qui
1293 1848 1350 1868 non
1374 1843 1414 1867 est
1438 1843 1542 1874 pastor,
1562 1838 1641 1874 cujus
1664 1845 1721 1865 non

922 1891 986 1915 sunt
1015 1894 1079 1915 oves
1111 1885 1240 1921 propria‘,
1274 1884 1348 1912 videt
1370 1883 1466 1918 luputn
1488 1882 1643 1910 venientem
1688 1889 1721 1910 ac

922 1931 1022 1960 deserit
1036 1938 1111 1964 oves,
1135 1929 1268 1966 fugitque,
1291 1933 1319 1956 et
1333 1929 1413 1964 lupus
1437 1927 1518 1962 rapit,
1543 1931 1571 1954 et
1590 1925 1722 1961 dispergit

922 1984 996 2005 oves.
1020 1975 1206 2004 Mercenarius
1228 1977 1320 2002 autem
1342 1972 1423 2009 fugit,
1445 1972 1510 2008 quia
1531 1970 1722 1999 mercenarius

923 2026 975 2056 est,
989 2024 1016 2049 et
1027 2028 1091 2048 oves
1106 2028 1162 2048 non
1175 2023 1240 2047 sunt
1255 2018 1293 2046 illi
1314 2025 1395 2046 curae.
1412 2027 1426 2044 ι›
1442 2016 1582 2053 Quoniam
1594 2014 1722 2043 Theudas

924 2070 950 2095 et
970 2065 1056 2094 Judas
1069 2065 1152 2093 etiam
1167 2072 1228 2092 cum
1244 2064 1350 2092 cmteris
1365 2062 1498 2098 apustatis
1510 2060 1634 2094 abducti,
1649 2060 1722 2088 occi-

923 2112 946 2140 si
970 2111 1079 2139 fuerunt
1093 2114 1121 2138 et
1144 2109 1284 2145 perierunt
1299 2117 1306 2136 :
1323 2112 1465 2144 propterea
1489 2105 1583 2134 subdit
1603 2105 1695 2133 dicens
1712 2113 1720 2132 :

930 2167 942 2180 ε
965 2157 1019 2184 Fur
1030 2163 1085 2183 non
1093 2154 1166 2182 venit
1173 2154 1224 2182 nisi
1235 2158 1265 2182 ut
1273 2152 1381 2181 furetur
1392 2156 1420 2180 et
1428 2155 1531 2180 mactet
1542 2158 1574 2178 ac
1587 2149 1693 2186 perdat,
1708 2161 1721 2174 ι

929 2201 991 2228 illos
1006 2204 1033 2228 et
1046 2199 1150 2227 similes
1172 2198 1211 2226 eis
1225 2199 1300 2226 fures
1315 2205 1424 2225 vacans.
1449 2206 1464 2222 α
1487 2197 1546 2231 Ego
1559 2199 1663 2228 autem,
1678 2195 1722 2222 in-

926 2245 995 2281 quit,
1015 2243 1074 2272 veni
1098 2248 1129 2272 ut
1149 2243 1235 2271 vitam
1258 2242 1386 2270 habeant.
1408 2252 1421 2265 ι
1443 2240 1484 2268 Illi
1511 2239 1673 2268 occiderunt
1697 2242 1725 2266 et

927 2289 1103 2325 perdiderunt
1116 2296 1165 2316 eos
1171 2288 1219 2324 qui
1229 2287 1315 2315 secuti
1329 2290 1403 2319 sunt,
1416 2297 1430 2310 α
1446 2288 1502 2322 Ego
1517 2284 1579 2312 veni
1594 2288 1626 2312 ut
1639 2284 1724 2311 vitam

928 2334 1080 2368 habeant,»
1096 2337 1124 2362 et
1133 2332 1236 2369 aliquid
1248 2332 1330 2360 etiam
1344 2343 1357 2356 ιι
1372 2330 1556 2359 abundantius
1567 2328 1696 2363 habeant,
1712 2339 1724 2352 ι

928 2380 1015 2408 sancti
1029 2379 1148 2415 Spiritus
1161 2377 1384 2406 communionem
1397 2386 1404 2405 :
1418 2385 1465 2412 per
1479 2383 1563 2412 quam
1575 2378 1602 2403 et
1613 2381 1728 2410 regnum

931 2425 1066 2454 caelorum
1093 2423 1242 2459 intelligere
1264 2426 1382 2458 oportet.
1407 2421 1518 2449 Habent
1532 2420 1615 2456 igitur
1629 2426 1728 2447 omnes

931 2470 1015 2498 vitam
1023 2469 1050 2497 in
1060 2469 1179 2497 Christo.
1196 2480 1208 2493 ι
1219 2469 1323 2496 Omnes
1331 2467 1404 2494 enim
1418 2469 1563 2502 resurgent
1577 2464 1600 2483 ⁸³
1614 2474 1626 2490 ›ι
1643 2468 1671 2492 et
1685 2463 1730 2491 vi-

933 2519 1006 2548 vent,
1022 2514 1070 2542 sed
1085 2514 1153 2550 justi
1167 2513 1233 2550 quid
1257 2512 1374 2548 amplius
1389 2511 1503 2544 habent,
1525 2517 1640 2545 regnum
1655 2507 1729 2536 scili-

932 2565 975 2588 cet
990 2559 1133 2588 caalorum.
1159 2560 1274 2594 insuper
1297 2561 1323 2585 et
1343 2556 1379 2585 de
1403 2555 1528 2592 passione
1556 2554 1675 2586 disserit,
1699 2560 1731 2580 ac

934 2604 1023 2641 inquit
1037 2613 1044 2632 :
1061 2613 1076 2630 ιι
1088 2603 1215 2632 Animam
1227 2610 1317 2630 meam
1330 2609 1401 2637 pono
1413 2608 1462 2637 pro
1475 2600 1582 2633 ovibus,
1597 2609 1612 2625 »
1627 2598 1675 2626 sed
1685 2597 1731 2624 de-

934 2640 1040 2678 clarans
1054 2648 1128 2685 quod
1143 2657 1199 2676 non
1215 2646 1425 2678 involuntarius,
1441 2645 1488 2673 sed
1503 2643 1675 2672 voluntarius
1695 2640 1730 2668 ad

934 2695 1089 2731 passionem
1101 2693 1222 2721 accedat.
1238 2703 1250 2716 ι
1266 2693 1342 2720 Pono
1356 2701 1370 2718 »
1383 2691 1457 2718 enim
1472 2688 1606 2725 signiﬁcat
1622 2697 1628 2714 ε
1643 2687 1731 2714 Nemo

934 2740 1008 2776 rapit
1022 2747 1054 2768 ex
1079 2746 1123 2766 me
1145 2738 1163 2770 ἓ
1173 2746 1213 2772 ιιι,
1227 2737 1275 2765 sed
1289 2744 1340 2772 ego
1354 2744 1415 2764 eam
1433 2735 1552 2770 depono.
1580 2734 1663 2759 Notat
1682 2738 1732 2757 au—

117 2799 143 2819 "
153 2801 211 2828 Ier.
226 2806 319 2832 χχιιι,
333 2800 376 2826 21.
415 2797 436 2814 ⁵³
447 2799 510 2825 Act.
523 2803 553 2830 ν,
568 2798 613 2823 4t.
653 2794 770 2824 “Rom.
784 2801 858 2828 vu,‘

944 2793 1009 2822 loss.
1023 2800 1071 2826 ιιι,
1084 2795 1115 2826 5;
1129 2792 1193 2820 Cor.
1205 2798 1240 2823 ιι,
1255 2792 1294 2818 t0.
1334 2789 1354 2806 σι
1369 2788 1439 2816 Psal.
1453 2793 1529 2821 xx",
1542 2789 1566 2813 ι.
1605 2784 1631 2803 ει
1645 2785 1658 2811 I
1668 2785 1732 2812 Cor.

79 2844 138 2870 ιν,
153 2838 198 2863 51.
