1910 3077
214 169 245 195 7i
719 167 978 195 THEOPHYLACTI
999 166 1178 195 BULGARIIE
1197 167 1353 195 ARCHIEP.
1723 164 1729 170 “
1826 168 1858 193 72

212 234 270 258 tem
284 234 311 258 et
321 237 394 266 sazpe
409 234 644 258 commemoratos
663 229 817 258 seditiosos.
843 230 896 264 Illi,
912 230 1009 266 inquit,

1079 229 1184 269 ⁷ρχεται.
1211 229 1251 260 Τὸ
1265 229 1316 268 γὰρ
1332 243 1343 255 α
1365 227 1477 266 Τίθημι,
1503 238 1518 256 ι)
1547 229 1624 257 τοῦτο
1642 228 1717 263 δηλοί
1741 227 1780 256 ὅτι
1799 229 1859 267 Οὐχ

212 283 268 302 non
284 279 436 310 posuerunt
447 275 568 302 animam
583 283 633 310 pro
655 274 762 307 cvibus,
780 274 827 302 sed
843 275 1012 310 reliquerunt

212 327 260 348 eos
276 320 324 355 qui
337 321 410 355 ipsos
424 319 509 346 secuti
524 323 586 346 sunt
600 329 606 346 :
620 319 782 347 mercenarii
794 320 868 347 enim
883 319 1005 347 fuerunt.

212 365 273 400 Ipse
295 369 389 392 autem
406 364 542 391 Dominus
558 372 572 391 e
589 363 698 391 diverso
712 372 775 391 cum
796 364 1010 399 comprehensus

213 413 266 442 est,
289 408 378 444 inquit
403 417 409 436 :
437 419 450 432 «
471 409 497 436 Si
514 409 596 444 igitur
616 417 663 436 me
690 409 821 444 quaeritis,
844 409 924 436 sinite
950 408 1010 436 illos

214 453 298 485 abire,
314 457 347 481 ut
360 453 503 488 impleatur
516 461 620 487 sermo,
635 454 708 489 quod
724 454 814 481 nullus
833 462 865 481 ex
882 453 945 489 ipsis
960 462 1010 489 pe-

219 497 297 525 rierit
307 497 330 531 ³,
350 508 362 523 )
381 498 467 533 idque
483 498 524 525 sic
536 498 696 534 urgentibus
711 498 814 526 .Iudzeis
828 503 859 525 ut
872 498 937 525 nulli
954 498 1009 533 lupi

214 542 241 570 in
251 550 316 570 oves
327 542 411 578 magis
419 542 502 578 647
517 543 631 571 saeviant
643 552 649 570 :
668 554 679 566 ιι
688 544 757 570 Cum
769 542 864 578 gladiis
871 543 956 576 enim,
971 543 1009 570 in-

215 587 286 623 quit,
296 592 323 615 et
331 587 410 623 lignis
421 592 551 615 venerunt
562 587 792 623 comprehendere
800 587 875 615 illum
884 587 919 614 δέ.
931 599 941 611 «
955 589 1008 615 Po-

213 636 257 660 tes
271 636 298 660 et
316 631 359 659 hic
375 632 524 668 intelligere
538 640 586 667 per
607 632 713 667 lupum,
733 632 904 668 spiritualum
921 632 1009 659 inimi-

214 685 288 709 cum,
312 685 394 713 quem
417 681 445 705 et
460 677 566 704 leonem
581 677 720 712 Scriptura
734 677 871 710 nominat,
887 681 914 704 et
935 684 1007 704 seor-

214 721 301 758 pinm,
314 725 342 750 et
356 725 522 757 serpentem,
533 721 577 757 qui
589 729 682 757 rapere
696 721 805 757 quidem
821 729 885 749 oves
897 721 1008 753 dicitur,

215 767 324 802 quando
340 775 387 802 per
413 767 483 794 mala
505 774 586 802 opera
601 766 734 802 quasdam
750 766 876 799 devorat;
901 766 1009 802 disper-

214 818 278 847 gere
292 815 394 844 autem,
409 811 518 848 quando
534 819 582 845 per
597 811 682 838 malas
695 811 875 846 cogitationes
894 811 1009 839 confun-

214 855 257 883 dit
279 857 414 889 animam;
436 857 481 892 qui
498 860 526 884 et
548 855 593 883 fur
608 856 708 884 merito
724 856 836 890 dicitur,
857 856 950 883 iurans
964 865 1011 892 per

215 901 303 928 malas
322 901 510 937 cogitationes,
536 904 661 928 mactans
683 909 731 936 per
752 908 927 933 consensum,
950 909 1010 937 per-

215 945 282 974 dens
290 954 336 981 per
345 953 421 980 opus.
430 945 575 973 Confertur
583 945 657 973 enim
666 945 779 973 malitia:
785 945 915 981 cogitatio
926 945 1010 980 furto,

213 998 364 1018 consensus
370 994 460 1018 autem
469 990 493 1017 in
503 990 604 1018 malam
613 991 861 1026 cuticupiscentiam
870 991 1012 1019 diabolica:

213 1035 386 1068 mactationi,
395 1043 464 1070 opus
474 1039 568 1062 autem
580 1035 682 1062 malum
695 1035 850 1071 perditioni.
866 1037 899 1063 Et
910 1035 962 1063 hoc
972 1039 1013 1063 est

213 1079 284 1108 forte
292 1080 364 1115 quod
373 1079 509 1116 signiﬁcat
516 1080 581 1107 illud
591 1090 597 1107 :
607 1092 618 1102 -
632 1081 688 1108 Fur
696 1088 750 1107 non
760 1081 833 1107 venit
841 1081 892 1107 nisi
900 1085 931 1108 ut
940 1080 1011 1108 furc-

213 1128 270 1158 tur,
284 1128 311 1152 et
326 1129 427 1152 mactet
441 1133 472 1152 ac
489 1125 598 1160 perdat.
627 1136 639 1148 ι»
657 1125 792 1152 Dominus
812 1125 885 1152 enim
899 1131 1011 1153 contra-

213 1169 254 1196 ria
269 1177 353 1206 quam
370 1168 413 1197 iur
432 1169 475 1196 ille
499 1169 570 1196 facit.
596 1171 650 1196 Dat
663 1169 785 1197 divinam
798 1170 893 1203 vitam,
909 1170 1010 1198 sancti-

216 1213 300 1242 ﬁcans
321 1222 371 1241 nos
387 1218 414 1242 et
436 1214 614 1250 cogitationes
634 1214 851 1250 per_adventum
873 1215 1010 1242 bonorutn

215 1258 426 1290 desideriorum,
438 1263 465 1286 et
474 1267 588 1295 corpora
599 1267 645 1294 per
654 1259 725 1286 bona
737 1267 830 1294 opera,
843 1264 869 1286 et
882 1259 1012 1295 quiddam

214 1304 298 1331 etiam
308 1303 494 1331 abundantius
505 1304 562 1338 dat,
575 1308 605 1332 ut
614 1304 698 1331 etiam
710 1303 770 1331 aliis
785 1304 914 1339 prodesse
928 1304 1013 1339 possi-

214 1357 276 1376 mus
290 1348 406 1376 docendi
422 1349 508 1384 gratia
525 1357 532 1376 :
555 1347 678 1384 profecto
693 1352 720 1376 et
734 1356 819 1384 regno
834 1349 966 1376 calorum
982 1353 1013 1376 ut

214 1393 407 1421 abundantiori
427 1393 543 1429 quadam
559 1394 782 1421 remuneratione
803 1401 853 1420 nos
871 1394 1007 1429 prmmiat.

216 1438 268 1465 Hic
282 1438 365 1473 igitur
387 1442 427 1465 est
443 1442 534 1473 pastor
546 1438 645 1470 bonus,
661 1437 709 1465 sed
730 1446 788 1465 non
812 1438 1011 1470 mercenarius,

215 1487 246 1510 ut
255 1482 414 1510 Iudaeorum
428 1483 571 1518 principes,
587 1483 756 1518 negligentes
765 1483 869 1510 scilicet
881 1483 1012 1517 populum

1065 275 1178 313 ἁρπάζει
1197 286 1232 308 τις
1256 274 1282 308 ἐξ
1307 275 1372 311 ἐμοῦ
1391 272 1506 308 ταύτην,
1529 273 1589 301 ἀλλ’
1617 272 1694 305 αὐτὸς
1714 272 1858 310 ἀποτίθημι

1066 319 1160 354 αὐτήν.
1189 319 1342 349 Αἶνίττεται
1370 317 1396 346 δὲ
1422 317 1467 346 καὶ
1497 316 1556 350 τοὺς
1579 317 1706 350 πολλάκις
1737 317 1859 356 ῥηθέντας

1065 363 1240 396 στασιαστής.
1266 363 1380 392 Ἐκεῖνοι
1403 361 1450 400 μὲν
1477 361 1547 401 γὰρ,
1572 361 1668 401 φησὶν,
1691 363 1740 390 οὐκ
1763 361 1858 396 ἔθηκαν

1064 409 1111 444 τὴν
1124 408 1212 448 ψυχὴν
1225 407 1289 447 ὑπὲρ
1303 409 1353 436 τῶν
1365 406 1516 446 προϐάτιον,
1535 407 1594 434 ἀλλ’
1608 407 1714 446 ἀφῆκαν
1729 407 1787 439 τοὺς
1801 407 1860 435 ἀκο-

1064 453 1247 489 λουθήσαντας
1271 453 1372 485 αὐτοῖς·
1399 451 1524 489 μισθωτοὶ
1552 452 1603 491 γὰρ
1620 446 1699 486 Σἦσαν.
1723 451 1810 483 Αὐτὸς
1834 451 1859 479 δὲ

1065 499 1200 537 ὀΚύριος
1234 497 1395 527 τούναντίον.
1430 495 1527 526 Ἡνίκα
1566 496 1733 535 συνελήνρθη,
1764 495 1860 535 φησίν·

1069 557 1079 569 ιι
1103 544 1134 572 Ιἱῖ
1149 538 1193 572 οὖν
1219 542 1265 580 ἐμὲ
1291 543 1411 578 ζητεῖτε,
1438 541 1518 580 ἄφετε
1539 541 1646 573 τούτους
1668 541 1779 578 ὑπάγειν
1794 565 1800 574 ,
1819 539 1859 568 ἵνα

1064 589 1191 627 πληριι)θ’ῇ
1213 589 1226 615 ὁ
1249 586 1340 625 λόγος,
1362 586 1403 616 ὅτι
1425 586 1522 619 Οὐδεὶς
1545 585 1571 618 ἐξ
1588 586 1674 614 αὐτῶν
1691 585 1828 614 ἀπώλετο-
1846 600 1855 610 ι

1064 633 1110 662 καὶ
1132 635 1217 662 ταῦτα
1235 631 1317 664 οὕτως
1340 630 1501 669 ἐπιθεμένων
1525 632 1576 659 τῶν
1594 629 1740 665 Ἰουδαίων,
1756 631 1792 663 ὡς
1806 630 1860 658 οὐδ’

1065 677 1095 707 ἂν
1111 677 1187 707 λύκοι
1210 677 1367 715 προϐάτοις·
1391 687 1405 703 α
1424 675 1499 705 Μετὰ
1521 677 1662 714 μαχαιρῶν
1686 673 1747 713 γὰρ,
1777 675 1859 714 φησὶ,

1064 722 1109 751 καὶ
1123 722 1205 756 ξύλων
1220 717 1298 757 ἦλθον
1313 720 1453 750 συλλαϐεῖν
1472 721 1561 749 αὐτὸν.
1585 731 1600 748 ι)
1630 720 1712 749 Ἐστι
1736 719 1763 748 δὲ
1783 720 1861 748 λύκον

1064 769 1175 796 ἐνταῦθα
1198 769 1292 802 νοῆσαι
1316 766 1361 794 τὸν
1388 765 1479 801 νοητὸν
1504 764 1612 805 ἐχθρὸν,
1648 765 1675 794 ὃν
1698 765 1744 793 καὶ
1771 763 1860 792 λέοντα

1065 813 1187 851 ὀνομάζει
1199 814 1216 847 ἡ
1233 811 1327 850 Γραφὴ
1339 834 1347 848 ,
1361 810 1406 839 καὶ
1423 810 1560 849 σκορπίον,
1583 810 1628 838 καὶ
1649 809 1719 848 ὄφιν,
1734 808 1760 842 ὃς
1776 809 1861 847 ἁρπά-

1066 859 1118 892 ζειν
1135 857 1182 895 μὲν
1198 856 1332 895 πρόϐατον
1347 855 1474 892 λέγεται,
1497 854 1559 884 ὅταν
1580 854 1640 883 τινὰ
1653 853 1696 882 διὰ
1711 855 1757 888 τῆς
1778 865 1861 890 πονη-

1067 907 1112 942 ρᾶς
1126 901 1244 942 πράξεως
1259 899 1427 938 κατάϐρωμα
1438 902 1563 935 ποιῆται·
1577 899 1729 938 σκορπίζειν
1748 897 1786 935 δὲ,
1801 899 1861 928 ὅταν

1066 948 1107 977 διὰ
1124 948 1175 975 τῶν
1192 947 1314 985 πονηρῶν
1329 946 1465 985 λογισμῶν
1478 943 1579 983 συγχέῃ
1595 943 1643 978 τὴν
1659 943 1763 984 ψυχήν·
1779 942 1806 976 ὃς
1819 942 1863 972 καὶ

1064 991 1179 1027 κλέπτης
1195 991 1302 1023 εἰκότως
1330 989 1362 1018 ἂν
1384 989 1474 1030 ῥηθείη
1486 1011 1495 1026 ,
1512 988 1633 1017 κλέπτων
1649 989 1692 1017 διὰ
1711 990 1762 1017 τῶν
1777 999 1862 1023 πονη-

1066 1039 1116 1076 ρῶν
1136 1037 1288 1074 λογισμῶν,
1308 1034 1374 1063 θύων
1395 1034 1438 1063 διὰ
1458 1036 1504 1068 τῆς
1527 1032 1762 1071 συγκαταθέσεως,
1780 1033 1863 1061 ἀπολ-

1065 1081 1134 1110 λύων
1161 1081 1204 1109 διὰ
1227 1083 1274 1115 τῆς
1298 1079 1428 1119 πράξεως.
1459 1078 1628 1117 Προσϐάλλει
1657 1077 1704 1116 μὲν
1738 1078 1791 1116 γάρ
1814 1089 1863 1106 τινι

1065 1126 1144 1165 τυχὸν
1162 1127 1176 1154 ὁ
1192 1127 1239 1160 τῆς
1264 1125 1392 1162 πονηρίας
1407 1124 1553 1162 λογισμὸς,
1578 1123 1654 1152 τοῦτό
1677 1123 1736 1150 ἐστι
1758 1121 1861 1157 κλοπή·

1066 1171 1111 1200 ἐὰν
1132 1170 1220 1199 δὲκαὶ
1246 1169 1449 1207 συγκατάθηται
1473 1170 1510 1208 τῷ
1525 1169 1633 1207 πονηρῷ
1661 1167 1830 1205 ἐνθυμήματι
1850 1170 1862 1196 ὃ

1067 1216 1217 1255 ἄνθρωπος,
1232 1214 1292 1242 τότε
1308 1213 1416 1242 θύεσθαι
1437 1212 1544 1252 λέγεται
1563 1212 1638 1251 παρὰ
1654 1215 1699 1241 τοῦ
1723 1211 1862 1240 διαϐόλου·

1066 1259 1128 1289 ὅταν
1152 1260 1178 1289 δὲ
1193 1258 1238 1288 καὶ
1253 1258 1340 1297 πράξῃ
1368 1258 1396 1286 τὸ
1414 1257 1512 1292 κακὸν,
1537 1256 1598 1286 τότε
1623 1257 1787 1286 ἀπόλλυται.
1811 1256 1864 1286 Καὶ

1067 1304 1142 1334 τοῦτό
1158 1306 1228 1333 ἐστιν
1241 1303 1304 1336 ἴσως
1326 1302 1369 1338 τὸ,
1391 1313 1404 1330 (ι
1419 1303 1454 1331 Ἱ)
1467 1301 1582 1337 κλέπτης
1594 1302 1640 1330 οὐκ
1651 1301 1779 1340 ἔρχεται,
1795 1301 1863 1339 εἰμὴ

1065 1349 1108 1378 ἵνα
1129 1350 1225 1388 κλέψῃ,
1242 1349 1288 1377 καὶ
1305 1346 1389 1386 θύσῃ,
1408 1347 1453 1376 καὶ
1470 1345 1599 1385 ἀπολέσῃ.
1619 1357 1634 1374 ι)
1651 1347 1747 1386 Τούτῳ
1766 1341 1813 1374 οὖν
1829 1348 1865 1385 τῷ

1065 1394 1166 1430 κλέπτῃ
1185 1393 1311 1422 τάναντία
1335 1394 1348 1420 ὃ
1374 1391 1469 1430 Κύριος
1491 1391 1736 1430 διαπραττόμενος,
1764 1390 1815 1426 τήν
1839 1403 1865 1420 τε

1068 1438 1138 1468 θείαν
1161 1438 1229 1473 ζωὴν
1253 1438 1379 1475 δίδωσιν,
1399 1436 1516 1474 ἁγιάζων
1534 1437 1612 1472 ἡμῶν
1637 1436 1682 1464 καὶ
1704 1434 1764 1468 τοὺς
1791 1436 1864 1474 λογι-

1069 1483 1149 1522 σμοὺς
1170 1482 1212 1511 διὰ
1235 1484 1281 1517 τῆς
1296 1483 1348 1510 τῶν
1364 1483 1468 1520 ἀγαθῶν
1489 1480 1683 1518 ἐνθυμημάτων
1700 1479 1863 1520 παρουσίας,

215 1531 242 1555 et
256 1527 290 1555 ad
304 1528 393 1556 solam
405 1528 557 1556 mercedem
569 1527 756 1563 recipiendam
768 1531 930 1563 spectantes.
949 1529 1009 1554 Non

1079 1528 1111 1557 ,αὶ
1122 1528 1156 1556 τὰ
1168 1527 1278 1565 σώματα
1293 1526 1335 1555 διὰ
1351 1527 1402 1554 τῶν
1432 1527 1537 1564 ἀγαθῶν
1554 1523 1684 1564 πράξεων.
1706 1525 1763 1554 Καί
1779 1537 1807 1554 τι
1820 1526 1864 1554 καὶ

215 1572 287 1600 enim
301 1573 458 1608 quaerebant
479 1573 571 1609 populi
592 1573 751 1606 utilitatem,
766 1572 813 1600 sed
828 1580 860 1599 ex
883 1580 916 1599 eo
930 1575 1010 1607 turpe

215 1617 331 1645 lucrum.

1064 1572 1188 1612 περισσὸν
1213 1572 1318 1607 δίδωσι,
1345 1571 1376 1600 τὸ
1393 1570 1438 1599 χαὶ
1454 1571 1548 1602 ἄλλους
1567 1568 1668 1605 δηλαδὴ
1688 1570 1804 1609 ὠφελεῖν
1820 1569 1864 1598 δύ-

1064 1621 1159 1647 νασθαι
1181 1617 1224 1646 διὰ
1246 1617 1435 1645 διδασκαλικοῦ
1456 1614 1639 1654 χαρίσματος,
1663 1614 1706 1642 ναὶ
1736 1614 1791 1652 μὴν
1820 1614 1864 1643 καὶ

214 1662 262 1697 τὴν
295 1662 430 1701 βασιλείαν
462 1665 513 1692 τῶν
543 1664 674 1701 οὐρανῶν,
703 1663 738 1694 ὡς
766 1661 892 1700 περιττήν
919 1673 978 1691 τινα
1011 1662 1162 1702 τριλοτιμίαν
1186 1660 1368 1699 ἐπιϐραϐεύων
1392 1661 1468 1697 ἡμῖν.
1497 1655 1582 1692 Οὗτος
1607 1659 1659 1700 ἄρα
1683 1660 1739 1688 ἐστὶ
1765 1660 1865 1696 ποιμὴν

215 1706 310 1746 καλὸς,
337 1707 395 1736 ἀλλ’
419 1709 448 1736 οὖ
482 1707 626 1746 μισθωτὸς,
647 1709 682 1739 ὡς
708 1707 730 1734 οἱ
753 1707 804 1734 τῶν
827 1705 958 1736 Ἰουδαίων
984 1707 1124 1746 ἄρχοντες,
1151 1707 1307 1745 ἀμελοῦντες
1329 1705 1431 1740 δηλαδὴ
1447 1708 1494 1734 τοῦ
1518 1705 1602 1740 λαοῦ,
1629 1703 1674 1733 καὶ
1697 1703 1762 1743 πρὸς
1789 1704 1864 1742 μόνον

214 1751 243 1780 τὸ
258 1751 363 1790 μισθοὺς
381 1752 473 1781 λαϐεῖν
497 1751 523 1785 ἐξ

214 1796 393 1837 χροκέρδειαν.

248 1847 336 1874 Vens.
355 1849 448 1874 14-16.
467 1857 479 1868 α
499 1846 554 1880 Ego
569 1852 629 1872 sum
643 1849 736 1880 pastor
750 1845 794 1874 ille
809 1845 909 1878 bonus,
925 1849 952 1874 et
966 1854 1010 1873 (ιο-

213 1899 313 1927 gnosco
326 1899 390 1918 oves
406 1897 490 1924 meas,
505 1894 530 1917 et
544 1897 694 1926 cognoscor
709 1898 723 1917 a
743 1891 820 1918 meis.
841 1891 918 1919 Sicut
934 1891 1012 1918 novit

214 1944 258 1963 me
287 1937 376 1968 Pater,
404 1935 441 1962 ita
466 1939 494 1962 et
517 1942 567 1970 ego
592 1935 656 1962 novi
684 1936 806 1968 Patrem,
832 1939 860 1963 et
887 1935 1010 1963 animam

214 1988 303 2008 meam
321 1986 394 2015 pono
415 1987 464 2014 pro
479 1979 588 2007 ovibus.
609 1981 642 2007 Et
663 1979 729 2007 alias
744 1987 808 2008 oves
836 1979 935 2013 habeo,
951 1987 1012 2015 quae

213 2033 269 2052 non
283 2029 348 2052 sunt
360 2032 392 2051 ex
406 2023 458 2051 hoc
477 2023 541 2051 ovili
558 2033 564 2051 ι
581 2024 639 2051 illas
652 2028 762 2059 oportet
776 2032 821 2052 me
837 2032 945 2060 quoque
969 2024 1016 2051 ad-

214 2069 326 2102 ducere,
343 2073 370 2096 et
382 2077 477 2096 vocem
492 2076 582 2096 meam
594 2069 717 2101 audient,
732 2072 757 2096 et
769 2069 815 2096 (iet
828 2077 916 2096 unum
932 2068 1014 2101 ovile,

214 2122 285 2141 unus
298 2117 401 2149 pastor.
429 2125 442 2138 υ
463 2113 554 2141 Etiam
573 2113 625 2140 hoc
649 2113 708 2141 loco
730 2121 862 2149 agnosces
881 2113 1015 2142 diifcren-
1030 2103 1055 2134 Ῑ)

213 2158 279 2186 tiam
295 2160 410 2194 pastoris
425 2162 453 2186 et
467 2158 638 2186 mercenarii.
656 2160 724 2185 Nam
746 2159 932 2186 mercenarius
949 2159 1010 2194 qui-

213 2203 277 2231 dem
292 2203 379 2231 nescit
391 2211 465 2236 oves,
480 2202 556 2239 quod
569 2203 701 2238 contingit
713 2204 775 2239 quia
793 2212 849 2231 non
865 2212 938 2240 smpe
952 2204 1011 2231 illas

213 2248 303 2276 invisit
328 2259 334 2276 :
361 2256 427 2275 nam
449 2248 470 2276 si
492 2256 564 2284 saepe
586 2248 730 2283 inviseret,
745 2254 922 2284 cognosceret
941 2248 1011 2276 illas.

214 2295 250 2321 At
266 2297 356 2328 pastor
370 2293 459 2328 qualis
474 2293 620 2326 Dominus,
635 2294 774 2329 cognoscit
789 2302 853 2321 suas
862 2301 937 2327 oves,
948 2293 1011 2329 quia

213 2346 308 2365 curam
324 2338 433 2365 illarum
457 2339 522 2373 agit,
545 2342 572 2365 et
590 2346 686 2366 rursus
710 2338 885 2375 cognoscitur
906 2338 940 2366 ab
960 2338 1012 2366 illis

213 2390 284 2418 quos
306 2382 460 2410 visitatione
488 2382 627 2418 dignatur,
648 2387 761 2419 propter
780 2383 1011 2410 consuetudinem

212 2427 421 2462 agnoscentibus
444 2435 524 2455 suum
549 2433 715 2455 curatorem.
738 2427 806 2455 Vide
827 2432 920 2455 autem
938 2429 1011 2463 quod

213 2472 321 2508 primus
341 2472 385 2500 ille
404 2480 455 2500 nos
469 2473 622 2508 cognoscit,
637 2472 740 2500 deinde
753 2480 804 2500 nos
815 2473 902 2500 illum.
917 2474 1010 2509 Neque

213 2517 293 2545 aliter
306 2520 393 2552 potest
405 2518 532 2554 cognosci
550 2520 632 2551 Deus,
647 2517 701 2544 nisi
716 2517 819 2552 cogniti
834 2517 965 2545 fuerimus
976 2518 1011 2546 ab

213 2561 268 2589 illo.
290 2562 399 2590 Etenim
422 2563 542 2598 primum
567 2562 623 2597 ipse
637 2561 781 2590 familiaris
797 2562 884 2590 factus
902 2567 944 2590 est
959 2570 1010 2591 no-

211 2605 254 2634 bis
275 2615 354 2634 carne
377 2607 465 2635 factus
478 2607 565 2635 homo
593 2617 598 2634 :
621 2606 719 2634 deinde
735 2615 784 2635 nos
798 2607 837 2635 illi
861 2607 1011 2636 familiares

210 2650 278 2679 facti
301 2659 398 2679 sumus
423 2656 544 2687 recepta,
571 2658 623 2686 qua
644 2651 763 2679 deificati
778 2659 884 2685 sumus,
911 2652 1009 2688 gratia.

210 2696 315 2724 Volens
328 2701 423 2724 autem
437 2696 582 2723 ostendere
596 2695 669 2732 quod
685 2696 817 2725 increduli
836 2697 939 2734 indigni
956 2698 1011 2725 sint

211 2741 257 2777 qui
270 2744 474 2777 cognoscantur
488 2748 504 2768 a
519 2741 588 2774 Deo,
607 2741 670 2777 quia
683 2749 776 2770 revera
792 2750 856 2770 oves
870 2750 926 2770 non
942 2747 1009 2770 sunt

247 2830 271 2848 ⁶³
286 2831 368 2859 Joan.
383 2837 470 2866 xvm,
484 2834 511 2864 8,
527 2834 553 2859 9.
606 2831 632 2855 64
648 2833 658 2860 l
677 2832 750 2861 Petr.
765 2841 813 2867 ιιι,
832 2836 872 2861 18.

547 1752 626 1780 αὐτοῦ
650 1750 800 1790 βλέποντες.
822 1752 863 1781 Οὐ
879 1751 930 1791 γὰρ
945 1752 1051 1786 ἐζήτουν
1072 1756 1117 1782 τοῦ
1131 1752 1196 1780 λαοῦ
1219 1751 1268 1786 τὴν
1288 1751 1433 1790 ὠφέλειαν,
1457 1748 1526 1779 ἀλλὰ
1541 1749 1588 1785 τὴν
1609 1750 1639 1778 ἐκ
1658 1751 1702 1777 τοῦ
1717 1749 1786 1777 λαοῦ
1809 1750 1865 1777 αἷσ-

1104 1855 1116 1868 π
1149 1841 1224 1878 Ἐγώ
1255 1841 1309 1878 εἰμι
1335 1841 1349 1869 ὁ
1372 1838 1472 1877 ποιμὴν
1500 1840 1514 1868 ὁ
1548 1838 1642 1874 καλὸς,
1669 1839 1714 1867 καὶ
1742 1837 1865 1876 γινώσκω

1064 1885 1097 1915 τὰ
1117 1886 1181 1924 ἐμὰ,
1198 1885 1243 1914 καὶ
1262 1884 1428 1923 γινώσκομαι
1449 1883 1500 1912 ὑπὸ
1527 1886 1578 1913 τῶν
1595 1884 1677 1921 ἐμῶν.
1704 1882 1804 1916 Καθὼς
1829 1895 1862 1922 γι-

1065 1931 1160 1960 νώσκει
1176 1942 1208 1969 με
1220 1932 1233 1959 ὁ
1250 1929 1348 1968 Πατὴρ
1360 1952 1367 1964 ,
1380 1928 1455 1967 κάγὼ
1468 1928 1592 1967 γινώσκω
1606 1928 1650 1957 τὸν
1670 1927 1795 1966 Πατέρα.
1814 1928 1867 1958 Καὶ

1065 1975 1113 2010 τὴν
1133 1975 1221 2015 ψυχήν
1247 1986 1298 2013 μου
1324 1974 1416 2011 τίθημι
1451 1972 1516 2012 ὑπὲρ
1550 1975 1602 2001 τῶν
1631 1971 1794 2012 προϐάτοιν,
1822 1973 1867 2001 καὶ

1069 2020 1138 2048 ἄλλα
1153 2019 1275 2058 πρόϐατα
1291 2018 1355 2058 ἔχω,
1372 2018 1389 2047 ἃ
1403 2019 1451 2047 οὐκ
1465 2018 1534 2047 ἔστιν
1550 2018 1579 2046 ἐκ
1592 2019 1638 2052 τ’ἧς
1654 2018 1737 2052 αὐλῆς
1747 2017 1865 2053 ταύτης·

1069 2064 1178 2093 κάκεῖνά
1203 2076 1235 2101 με
1257 2065 1296 2093 δεῖ
1322 2065 1446 2102 ἀγαγεῖν·
1465 2063 1511 2092 καὶ
1534 2064 1580 2097 τεῆς
1600 2064 1688 2102 φωνῆς
1713 2073 1765 2100 μου
1787 2061 1868 2091 ἀκού-

1071 2120 1161 2138 σουσι·
1188 2110 1233 2138 καὶ
1261 2109 1399 2147 γενήσεται
1425 2107 1473 2146 μία
1499 2107 1616 2145 ποίμνη,
1644 2101 1680 2140 εἷς
1707 2106 1824 2144 ποιμήν,
1859 2121 1868 2131 η

1067 2155 1215 2184 Κάντεῧθεν
1241 2153 1271 2183 ἂν
1294 2153 1428 2193 ἐπιγνοίης
1453 2152 1484 2181 τὸ
1511 2152 1634 2191 διάφορον
1658 2153 1705 2180 τοῦ
1737 2150 1869 2190 ποιμένος

1066 2200 1112 2228 καὶ
1133 2201 1178 2228 τοῦ
1203 2201 1347 2237 μισθωτοῦ.
1367 2197 1398 2227 Ὁ
1422 2197 1469 2235 μὲν
1492 2196 1544 2236 γὰρ
1568 2196 1697 2234 μισθωτὸς
1720 2196 1817 2234 ἀγνοεῖ
1837 2195 1869 2225 τίι

1065 2243 1202 2283 πρόϐατα·
1236 2243 1249 2272 ὃ
1276 2242 1416 2280 συμϐαίνει
1445 2242 1475 2270 ἐκ
1501 2244 1547 2270 τοῦ
1575 2241 1613 2279 μὴ
1645 2240 1771 2280 συχνάκις
1800 2240 1870 2270 αὐτὰ

1066 2289 1286 2317 ἐπισκέπτεσθαι·
1313 2289 1334 2316 εἰ
1355 2286 1407 2325 γὰρ
1435 2285 1560 2326 συχνάκις
1589 2287 1783 2319 ἐπεσκέπτετο,
1811 2286 1869 2323 ἐγί-

1065 2333 1163 2362 νώσκεν
1191 2333 1222 2361 ἂν
1248 2335 1341 2361 ταῦτα.
1372 2331 1406 2361 Ὀ
1430 2329 1458 2360 δὲ
1484 2328 1598 2368 ποιμὴν,
1627 2325 1680 2362 οἶος
1705 2332 1719 2358 ὁ
1748 2329 1870 2368 Κύριος,

1065 2377 1188 2417 γινώσκει
1220 2378 1253 2406 τὰ
1289 2379 1369 2406 αὑτοῦ
1408 2375 1547 2416 πρόϐατα,
1583 2376 1617 2407 ὡς
1652 2373 1872 2412 ἐπιμελούμενος

1065 2424 1167 2459 αὐτῶν,
1183 2423 1228 2452 καὶ
1249 2417 1281 2451 αδ
1299 2421 1458 2461 γινώσκεται
1483 2420 1525 2449 ὑπ’
1542 2420 1644 2458 αὐτῶν,
1665 2420 1700 2452 ὡς
1717 2419 1873 2454 ἐπισχοπῆς

1065 2467 1235 2506 ἀξιουμένων,
1251 2468 1297 2496 καὶ
1325 2466 1368 2495 διὰ
1390 2468 1438 2501 τῆς
1457 2465 1596 2500 συνηθείας
1620 2463 1805 2503 γνωριζόντων
1826 2463 1871 2492 τὸν

1065 2513 1150 2542 αὐτῶν
1172 2512 1317 2550 κηδεμόνα.
1342 2509 1416 2550 εὈροι
1434 2509 1473 2547 δὲ,
1489 2509 1528 2538 ὅτι
1555 2511 1659 2548 πρῶτον
1684 2510 1784 2541 ἐκεῖνος
1802 2520 1874 2546 γνω-

1066 2558 1128 2597 ρίζει
1143 2560 1230 2596 ἡμᾶς,
1247 2552 1293 2586 εἷθ’
1309 2555 1390 2588 οὕτως
1410 2555 1488 2593 ἡμεῖς
1509 2556 1608 2584 ἐκεῖνον
1619 2576 1626 2590 ,
1646 2554 1690 2583 καὶ
1714 2553 1763 2582 οὐχ
1778 2553 1875 2585 ἄλλως

1063 2603 1172 2632 δυνατόν
1191 2603 1247 2631 ἐστι
1271 2603 1369 2641 γνῶναι
1388 2599 1469 2637 Θεὸν,
1486 2600 1509 2628 εἰ
1533 2599 1571 2637 μὴ
1586 2598 1802 2638 γνωρισθείημεν
1822 2599 1870 2626 ὑπ’

1065 2648 1174 2677 ἐκείνου.
1210 2646 1265 2676 Καὶ
1301 2646 1354 2685 γὰρ
1390 2646 1494 2684 πρῶτον
1517 2643 1602 2685 ,αὐτὸς
1639 2644 1764 2683 ῲκειώθη
1803 2645 1874 2681 ἡμῖν

1064 2693 1154 2732 σαρκὶ,
1186 2690 1298 2731 γεγονὼς
1323 2693 1475 2730 ἄνθρωπος·
1504 2684 1552 2718 εἶθ’
1577 2688 1661 2721 οὕτως
1689 2688 1765 2726 αὐτῷ
1790 2689 1875 2726 ἡμεῖς

1063 2738 1252 2778 ᾠκειώθημεν,
1270 2735 1387 2769 θεώσεως
1405 2733 1540 2774 εἰληςρότες
1567 2733 1700 2773 χάρισμα.
1727 2732 1832 2762 Θέλων
1847 2732 1874 2762 δὲ
