1910 3077
52 181 86 207 73

453 180 652 209 ENARRATIO
670 181 704 208 IN
725 179 939 209 EVANGELIUM
957 183 1107 213 JOANNIS.
1126 200 1162 206 —-
1181 186 1254 214 CAP.
1275 187 1305 214 X.

1667 192 1702 219 74

52 241 158 278 δεῖξαι,
185 242 264 272 ὅτιοὶ
289 242 482 278 ἀπιστήσαντες
506 243 680 288 ἀνάξιοίνεῖσι
701 245 746 272 τοῦ
772 255 806 288 γι)

943 246 988 274 :it:
1002 258 1014 271 ι
1022 248 1058 275 Et
1066 255 1202 283 cognosco
1212 255 1286 276 meas
1295 256 1368 282 oves,
1377 253 1406 277 et
1412 257 1562 286 cognoscor
1570 260 1586 280 a
1594 253 1676 288 meis,
1686 265 1697 278 ι

54 290 167 316 σκεσθαι
188 288 240 317 ὕπὸ
254 291 300 318 τοῦ
311 289 395 324 Θεοῦ,
415 288 462 318 καὶ
477 287 536 318 οὐδὲ
553 287 676 328 πρόϐατά
692 289 766 325 εἰσιν,
779 283 851 318 εἶπε·

52 346 63 358 σι
92 333 148 362 Καὶ
173 332 298 372 γινώσκω
318 333 351 362 τὰ
377 333 443 371 ἐμὰ,
468 333 512 362 καὶ
533 333 699 371 γινώσκομαι
723 333 774 362 ὑπὸ
798 335 849 362 τῶν

52 378 142 415 ἐμῶν,
171 391 182 403 ι
207 377 276 407 κατὰ
296 378 342 414 τὸ,
364 389 378 406 (ι
397 377 488 416 ’Ἔγνω
511 378 607 418 Κύριος
628 378 689 412 τοὺς
705 377 782 411 ὄντας
801 381 850 407 αὒ-

53 425 110 453 τοῢ.
132 436 143 448 ιι
161 422 220 452 Ἵνα
236 423 263 452 δὲ
280 423 318 461 μή
333 435 372 455 τις
386 424 499 463 νομίσῃ,
516 423 555 451 ὅτι
571 425 605 455 ὡς
620 423 755 462 ἄνθρωπος
769 422 850 457 οὕτως

51 467 213 505 ἐγίνωσκεν,
235 468 353 508 ἐπήγαγε
372 467 470 507 λέγων·
487 482 498 494 κ
522 467 617 501 Καθὼς
636 467 760 506 γινώσκει
783 480 815 506 με
836 471 849 498 ὁ

53 512 167 552 Πατὴρ,
193 512 268 551 κάγὼ
293 513 416 551 γινώσκω
436 513 480 542 τὸν
503 513 624 552 Πατέρα.
650 527 661 539 ι
682 512 764 543 Οὕτω
779 514 846 552 γὰρ,

51 557 152 597 φησὶν,
181 557 329 596 ἐπίσταμαι
356 558 434 586 αὐτὸν
462 557 593 596 ἀκριϐῶς,
618 559 654 591 ὡς
681 558 759 591 αὐτὸς
787 558 845 595 ἐμέ.

51 603 178 642 Συνεχῶς
205 603 232 632 δὲ
258 603 346 639 τίθησι
372 603 420 639 τὸ,
445 616 456 628 ι
481 602 538 638 Τὴν
560 602 648 642 ψυχήν
676 615 726 640 μου
756 605 847 640 τίθημι

51 647 118 686 ὑπὲρ
141 649 194 676 τῶν
210 647 367 687 προϐάτοιν,
384 660 396 672 ιι
416 648 503 683 δηλῶν
514 669 522 683 ,
542 648 582 677 ὅτι
599 648 643 676 οὐκ
660 647 716 676 ἔστι
738 647 845 681 πλάνος.

50 692 92 721 Τὸ
108 691 157 730 μὲν
168 693 225 733 ,γὰρ
239 692 340 731 λέγειν,
357 692 397 721 ὅτι
414 706 426 718 ι
442 693 507 726 Φῶς
523 693 577 730 εἰμι
590 692 633 721 καὶ
650 691 703 727 ζωὴ
714 715 722 728 ,
741 706 753 718 ιο
766 692 847 732 τύφου

50 737 136 765 ἐδόκει
158 732 225 765 εἶναι
245 738 319 777 παρὰ
340 739 393 770 τοῖς
417 737 554 771 ἀνοήτοις·
576 737 606 766 τὸ
628 737 654 765 δὲ
681 737 781 775 λέγειν,
807 736 847 766 ὅτι

51 794 63 806 ι
74 781 226 811 Ἀποθανεὶν
240 782 377 821 βούλομαι,
390 796 401 808 ι
410 782 533 820 οὐδεμίαν
543 781 688 820 βασκανίαν
701 781 766 820 ἔχει,
779 782 847 810 ἀλλὰ

50 825 96 854 καὶ
111 826 214 861 πολλὴν
236 827 337 864 μᾶλλον
359 827 518 864 κηδεμονίαν
535 827 677 866 ἐμφαίνει,
699 826 722 855 εἴ
737 838 766 865 γε
782 826 847 865 ὂπὲρ

50 872 102 899 τῶν
127 871 285 904 λιϐαζόντων
311 871 404 900 ἑαυτὸν
431 871 562 906 ἠϐούλετο
588 871 733 901 ἐπιδοῦναι.
759 871 848 900 Εἰπὼν

902 291 982 326 juxta
1000 292 1037 324 id,
1051 303 1063 317 ιι
1077 293 1211 328 Cognovit
1223 293 1359 321 Dominus
1371 302 1419 322 eos
1431 296 1478 330 qui
1490 301 1554 324 sunt
1566 297 1624 333 ejus
1639 298 1671 326 ⁸⁸.
1689 310 1701 322 ι

906 336 991 364 Porro
1014 345 1048 364 ne
1072 338 1132 373 quis
1154 341 1228 373 putet
1252 338 1326 373 quod
1350 339 1421 366 sicut
1437 339 1519 367 homo
1541 347 1699 376 cognoscat,

904 380 995 408 subdit
1009 380 1105 409 dicens
1122 391 1128 409 :
1156 394 1168 406 ι
1185 383 1260 410 Sicut
1274 384 1416 418 cognoscit
1438 392 1482 412 me
1498 386 1588 418 Pater,
1608 391 1634 414 et
1649 395 1700 423 ego

904 433 1040 461 cognosco
1064 427 1184 460 Patrem,
1201 437 1214 453 »
1230 429 1307 463 quasi
1327 428 1439 461 diceret,
1457 430 1496 456 lta
1519 430 1658 458 evidenter
1672 432 1701 460 il-

904 470 961 497 lum
976 470 1044 505 scio,
1061 471 1130 498 sicut
1148 472 1203 507 ipse
1217 480 1270 500 me.
1286 473 1364 508 Saepe
1380 478 1473 501 autem
1489 474 1564 509 ponit
1582 483 1588 502 :
1604 486 1616 499 ε
1633 476 1700 504 Ani—

903 523 978 543 mam
994 523 1084 544 meam
1100 524 1172 551 pono
1184 525 1233 552 pro
1247 517 1352 550 ovibus,
1371 530 1384 541 n
1399 517 1540 547 declarans
1555 520 1630 555 quod
1643 528 1700 548 non

903 560 939 587 sit
954 560 1096 595 impostor.
1120 561 1219 589 Dicere
1237 562 1322 595 enim,
1344 574 1356 586 «ι
1372 563 1430 590 Lux
1446 572 1507 591 sum
1526 568 1553 592 et
1567 565 1633 598 vita,
1648 565 1670 582 ⁸⁸
1686 577 1698 590 ι

901 604 973 639 apud
1000 605 1158 640 insipientes
1179 605 1264 642 648
1288 607 1434 635 inﬂationis
1467 616 1524 636 esse
1548 609 1699 638 videbatur.

901 649 999 677 Dicere
1008 654 1110 683 autem,
1128 662 1139 674 ιι
1152 651 1222 678 Mori
1234 651 1307 685 volo,
1322 663 1333 675 ν
1348 653 1449 680 nullam
1461 653 1591 681 invidiam
1606 654 1699 690 habet,

901 694 949 722 sed
974 702 1101 730 magnam
1128 695 1218 730 potius
1232 704 1325 723 curam
1352 696 1461 730 indicat,
1475 706 1557 733 quam
1572 698 1700 728 exhibere

902 739 1009 766 volebat
1024 748 1072 775 pro
1088 739 1281 775 lapidantibus.
1297 742 1445 774 Caeterum,
1460 751 1523 770 cum
1537 743 1613 777 dicit,
1638 755 1651 768 α
1665 746 1699 772 Et

900 784 968 811 alias
982 792 1045 811 Oves
1059 784 1156 818 habeo,
1173 797 1185 809 ν
1201 785 1234 813 de
1249 786 1375 821 gentibus
1389 787 1466 815 dicit.
1485 799 1497 811 α
1514 790 1574 816 Non
1589 793 1654 816 sunt
1668 798 1700 818 ex

901 828 953 856 hoc
972 829 1045 862 ovili,
1062 840 1074 853 ι
1090 830 1165 865 quod
1187 835 1228 857 est
1243 831 1294 858 sub
1309 832 1366 866 lege
1383 840 1389 858 ε
1407 840 1496 868 neque
1511 834 1582 861 enim
1605 839 1701 869 gentes

903 872 963 909 lege
989 875 1199 902 concluduntur.
1216 886 1229 899 κ
1259 876 1293 902 lit
1315 876 1374 903 illas
1404 884 1512 914 quoque
1532 883 1641 914 oportet
1656 887 1701 908 me

51 915 94 951 δὲ,
110 929 122 940 σι
141 916 194 944 Καὶ
208 917 277 945 ἄλλα
293 915 417 954 πρόϐατα
436 915 505 955 ἔχω,
522 929 534 942 ι
555 916 616 954 περὶ
631 917 683 944 τῶν
699 917 778 944 ἐθνῶν
800 916 805 944 Ῑ

947 926 1079 953 igregare.
1093 931 1105 943 ι
1122 920 1258 955 Dispersa:
1269 925 1332 947 sunt
1347 921 1421 948 enim
1437 926 1463 948 et
1476 922 1517 950 ba:
1530 927 1557 950 et
1570 924 1632 957 illm,
1646 932 1701 952 non

49 971 104 998 γει·
119 973 131 986 ι
145 961 205 990 Οὖκ
215 961 264 989 εἰσὶ
278 961 304 989 δὲ
321 961 350 989 ἐκ
363 963 410 996 τ’ἧς
426 962 507 996 αὐλῆς
522 960 621 995 ταύτης
640 974 652 986 ι
671 962 719 996 τῆς
735 961 784 990 ὑπὸ
801 961 845 989 τὸν

50 1004 145 1042 νόμον·
165 1007 194 1035 οὖ
216 1005 267 1044 γὰρ
291 1004 323 1040 δὴ
345 1006 379 1034 τὰ
401 1006 460 1041 ἔθνη
484 1007 521 1045 τῷ
542 1006 615 1044 νόμῳ
639 1005 843 1044 περικλείονται.

50 1063 62 1075 ιι
88 1050 206 1079 Κάκεῐνα
231 1045 275 1079 οὖν
290 1051 328 1079 δεῖ
344 1061 377 1088 με
400 1051 524 1089 ἀγαγεῖν·
542 1063 554 1076 ι
578 1051 776 1089 ἐσκορπισμένα
795 1051 846 1090 γάρ

49 1095 120 1130 εἰσι,
139 1094 186 1123 καὶ
206 1098 305 1131 ταῦτα,
321 1097 446 1130 κάκεῖνα,
462 1095 499 1132 μὴ
521 1094 616 1133 ἔχοντα
632 1095 772 1132 ποιμένας.
791 1095 847 1125 Καὶ

49 1139 102 1180 γὰρ
121 1139 168 1168 καὶ
192 1139 328 1170 Ἰουδαίων
347 1141 370 1169 οἱ
393 1139 572 1178 εὐγνώμονες,
593 1139 719 1179 καὶπρὸς
745 1139 774 1168 τὸ
796 1152 844 1169 πι-

47 1187 160 1214 στεῦσαι
177 1185 391 1224 ἐπιτηδειότεροι,
414 1184 574 1223 ἆποίμαντοι
588 1181 667 1223 ἦσαν,
693 1185 739 1213 καὶ
754 1186 845 1226 πολλῷ

50 1230 155 1266 μᾶλλον
177 1231 201 1258 οἱ
223 1229 329 1260 ἐθνικοί.
355 1230 404 1258 Δεῖ
422 1225 466 1258 οὖν
488 1229 599 1258 κάκεῖνα
613 1229 647 1258 τὰ
666 1231 718 1258 τῶν
738 1231 847 1259 ἐθνικῶν

47 1273 219 1313 συναγαγεῖν,
229 1273 321 1313 ὥσπερ
332 1274 377 1303 καὶ
388 1276 440 1303 τῶν
451 1273 483 1302 τὰ
493 1274 640 1304 Ἰουδαίων.
655 1273 695 1304 Τὸ
708 1274 746 1310 δὲ,
762 1288 773 1300 ιι
784 1275 823 1303 δεῖ
835 1288 847 1300 ι

47 1319 164 1348 ἐνταῦθα
180 1321 227 1348 οὐκ
246 1319 362 1357 ἀνάγκης
383 1319 472 1356 ἐστὶν,
489 1318 558 1347 ἀλλὰ
573 1321 618 1347 τοῧ
638 1318 744 1352 πάντως
766 1319 847 1355 ἔκϐη-

46 1363 163 1400 σομένου
179 1363 353 1402 σημαντικόν.
380 1378 391 1390 α
421 1363 475 1393 Καὶ
496 1363 636 1403 γενήσεται
660 1363 708 1401 μία
731 1364 847 1401 ποίμνη,

49 1404 85 1441 εἷς
98 1409 210 1447 ποιμήν.
230 1422 242 1435 ιι
254 1423 266 1435 ε
283 1409 329 1439 Ἰἰν
340 1409 389 1448 γὰρ
405 1410 512 1448 Χριστῷ
526 1408 614 1445 Ἰησοῦ
628 1409 674 1438 οὐκ
691 1408 727 1437 ἔνι
743 1409 848 1444 Ἕλλην

47 1453 94 1482 καὶ
111 1453 255 1489 Ἰουδαῖος,
274 1468 285 1480 ι
303 1454 360 1483 οὐδὲ
383 1453 495 1492 διαφορά
516 1465 567 1486 τις·
590 1448 626 1485 εἶς
640 1453 691 1492 γὰρ
707 1454 847 1494 χαρακτὴρ

48 1498 157 1536 ἅπασι,
181 1499 229 1537 μία
255 1499 366 1539 σφραγὶς
394 1502 411 1535 ἠ
435 1501 480 1527 τοῦ
505 1498 704 1536 βαπτίσματος,
727 1493 763 1531 εἶς
788 1511 847 1528 ποι-

48 1542 104 1580 μὴν
122 1545 136 1572 ὁ
155 1543 239 1582 Λόγος
254 1546 300 1573 τοῦ
319 1545 389 1573 Θεοῦ
403 1543 449 1572 καὶ
469 1543 546 1576 Θεός.
567 1541 622 1572 Καὶ
644 1543 844 1582 αἰσχυναίσθω-

900 962 1033 990 habentes
1048 968 1194 999 pastorem.
1215 966 1281 991 Nam
1293 969 1321 992 et
1335 965 1381 1000 qui
1397 966 1467 993 inter
1478 967 1589 995 Judzeos
1604 969 1702 997 melius

900 1008 1051 1042 sapiebant,
1085 1012 1112 1035 et
1143 1008 1177 1036 ad
1203 1008 1372 1037 credendum
1398 1012 1585 1046 propensiores
1610 1018 1699 1049 erant,

901 1057 1009 1088 pastore
1024 1052 1164 1086 carebant,
1189 1057 1217 1080 et
1231 1054 1318 1081 multo
1334 1055 1418 1090 magis
1439 1057 1565 1092 gentiles.
1584 1067 1597 1083 «
1612 1059 1700 1094 0por~

900 1100 939 1124 tet
955 1108 967 1121 ν
983 1097 1067 1132 igitur
1077 1102 1105 1124 et
1115 1097 1173 1125 illas
1184 1105 1246 1134 quae
1261 1106 1293 1125 ex
1308 1099 1446 1134 gentibus,
1465 1110 1479 1126 ιι
1493 1109 1671 1137 congregare,
1686 1115 1699 1128 ι

900 1141 1137 1177 quemadmodum
1152 1146 1179 1170 et
1189 1150 1235 1170 eas
1245 1150 1306 1178 quae
1319 1151 1351 1171 ex
1361 1144 1467 1173 Judaris
1476 1150 1564 1174 erant.
1579 1147 1701 1176 Verbum

900 1190 993 1214 autem
1022 1198 1034 1211 ι
1060 1190 1170 1222 oportet
1186 1198 1199 1211 ι
1225 1187 1278 1214 hoc
1299 1188 1360 1216 loco
1385 1197 1441 1217 non
1465 1195 1506 1218 est
1521 1192 1700 1227 necessitatis,

901 1231 948 1259 sed
979 1230 1125 1259 indubitati
1159 1235 1274 1260 eventus
1293 1233 1514 1268 signiﬁcativum.
1546 1247 1558 1260 ε
1591 1238 1625 1265 Et
1649 1237 1702 1266 erit

901 1283 987 1303 unum
1009 1276 1092 1308 Ovile,
1115 1284 1187 1304 unus
1203 1281 1304 1312 pastor.
1322 1289 1334 1301 ι
1353 1293 1389 1299 -
1413 1289 1428 1304 ‹‹
1443 1280 1475 1306 In
1490 1280 1600 1309 Christo
1624 1283 1701 1310 enim

901 1321 968 1348 Jesn
979 1328 1034 1347 non
1046 1325 1086 1348 est
1097 1321 1220 1354 Grmcus,
1234 1329 1322 1357 neque
1338 1322 1453 1351 Judaaus
1467 1324 1499 1358 ⁸⁷,
1519 1336 1532 1349 υ
1545 1334 1634 1362 neque
1647 1327 1701 1355 ulla

901 1364 1067 1392 differentia.
1090 1366 1171 1393 Unus
1192 1366 1265 1393 enim
1292 1366 1432 1395 character
1459 1370 1603 1404 omnibus,
1616 1379 1701 1400 unum

901 1408 1021 1444 sigillum
1042 1409 1226 1445 baptismatis,
1248 1419 1318 1438 unus
1337 1416 1439 1447 pastor,
1462 1414 1584 1442 Verbum
1606 1416 1654 1443 Dei
1675 1421 1703 1444 et

902 1455 988 1482 Deus.
1001 1454 1210 1482 Conl‘undantur
1220 1455 1374 1489 Manieliaei,
1384 1458 1431 1493 qui
1447 1459 1531 1487 Vetus
1545 1461 1703 1489 Testamen—

901 1502 961 1526 tum
969 1499 1107 1535 abjiciuut.
1117 1499 1249 1533 Audiant,
1256 1500 1330 1535 quod
1339 1509 1422 1529 unum
1429 1503 1509 1536 ovile,
1517 1513 1585 1532 unus
1592 1510 1702 1541 pastor:

902 1543 975 1571 idem
991 1544 1064 1572 enim
1083 1546 1157 1572 Deus
1172 1545 1275 1572 Veteris
1290 1550 1317 1572 et
1334 1547 1400 1574 Novi
1415 1548 1591 1577 Testamenti.

48 1599 100 1616 σαν
126 1590 273 1628 Μανιχαῖοι
297 1588 345 1623 τὴν
372 1587 494 1617 Παλαιὰν
518 1587 654 1624 Διαθήκην
681 1589 892 1628 ἀποβάλλοντες·
916 1588 1096 1626 ἀκουέτωσαν,
1123 1590 1163 1619 ὅτι
1186 1589 1247 1620 Μία
1270 1590 1378 1629 ποίμνη,
1405 1588 1442 1627 εἷς
1471 1594 1587 1633 ποιμήνο
1613 1597 1627 1625 ὁ
1651 1597 1702 1636 γὰρ

47 1632 129 1665 αὐτὸς
141 1633 210 1665 Θεὸς
226 1633 350 1666 Παλαιᾶς
364 1645 393 1662 τε
408 1633 453 1662 καὶ
471 1632 551 1664 Νέας.

91 1691 104 1704 α
122 1677 175 1707 Διὰ
192 1681 270 1707 τοῦτο
287 1680 301 1707 ὁ
316 1678 423 1726 Πατήρ¹
435 1689 468 1715 με
489 1677 660 1726 αγαπᾷηὸτι
684 1676 845 1726 lida-deﬁgi

947 1684 1026 1711 Vens.
1056 1686 1148 1711 17-21.
1167 1695 1180 1708 α
1197 1686 1343 1721 Propterea
1358 1693 1403 1714 me
1424 1688 1504 1715 Pater
1521 1688 1621 1725 diligit,
1640 1690 1701 1726 quia

47 1722 97 1757 τὴν
114 1722 204 1762 ψυχήν
228 1734 295 1761 μου,
319 1722 362 1752 ἵνα
386 1722 467 1751 πάλιν
489 1721 566 1750 λάϐω
585 1721 675 1757 αὐτήν.
694 1722 788 1755 Οὐδεὶς
805 1723 847 1751 αἶ‹

47 1779 88 1806 ρει
119 1767 201 1803 αὐτὴν
226 1769 273 1796 ἀπ’
290 1769 369 1805 ἐμοῦ,
397 1767 457 1796 ἀλλ’
487 1766 540 1805 ἐγὼ
568 1767 661 1804 τίθημι
689 1766 770 1802 αὐτὴν
801 1767 847 1796 ἀπ’

46 1812 176 1850 ἐμαυτοῦ.
195 1811 334 1846 Ἰἰξουσίαν
362 1811 416 1851 ἔχω
437 1812 517 1841 πάλιν
541 1810 631 1840 λαϐεῖν
656 1811 748 1846 αὐτήν.
773 1812 846 1841 Ταύ-

45 1868 97 1892 την
127 1856 177 1892 τὴν
209 1857 316 1891 ἐντολὴν
341 1856 438 1886 ἔλαϐον
471 1855 546 1896 παρὰ
576 1858 621 1885 τοῦ
652 1855 758 1895 Πατρός
783 1867 845 1894 μου.

47 1901 166 1940 Σχίσμα
195 1897 239 1930 οὖν
266 1902 346 1930 πάλιν
372 1902 474 1939 ἐγένετο
502 1902 528 1930 ἐν
559 1904 612 1933 τοῖς
641 1899 780 1933 Ἰουδαίοις
804 1899 846 1929 διὰ

45 1945 110 1979 τοὺς
130 1945 222 1984 λόγους
245 1946 361 1979 τούτους.
388 1945 504 1984 Ἔλεγον
519 1945 548 1974 δὲ
573 1945 668 1974 πολλοὶ
694 1944 721 1978 ἐξ
741 1945 847 1981 αὐτῶν,

45 1990 89 2019 ὅτι
105 1991 248 2029 Δαιμόνιον
273 1990 330 2030 ἔχει
351 1990 396 2020 καὶ
421 1990 557 2028 μαίνεται·
579 1989 604 2018 τί
626 1991 706 2019 αὐτοῦ
725 1989 848 2026 ἆκούετες

45 2033 141 2065 Ἄλλοι
158 2035 260 2075 ἔλεγον·
284 2037 379 2065 Ταῦτα
400 2035 432 2064 τὰ
454 2035 561 2074 ῥήματα
577 2035 624 2064 οὐκ
647 2034 703 2063 ἔστι
726 2034 847 2072 δαιμονι-

46 2081 172 2118 ζομένου.
204 2080 251 2117 Μὴ
276 2081 410 2120 δαιμόνιον
436 2079 545 2109 δύναται
570 2079 675 2118 τυφλῶν
697 2078 847 2117 ὀφθαλμοὺς

47 2125 180 2162 ἀνοίγειν,
218 2125 331 2161 Ἐπειδὴ
367 2124 504 2164 ἀλλότριον
537 2123 614 2153 αὐτὸν
659 2126 705 2153 τοῦ
742 2125 847 2164 Πατρὸς

46 2170 158 2208 ἔλεγον,
186 2170 231 2200 καὶ
262 2170 385 2205 πλάνον,
411 2170 456 2198 καὶ
482 2170 622 2207 λυμεῶνα,
641 2167 700 2208 οὐχὶ
730 2168 847 2208 Σωτῆρα

47 2216 158 2255 ψυχῶν,
179 2215 294 2244 δείκνυσι
315 2216 348 2244 δι’
373 2210 410 2243 ὧν
434 2226 524 2254 φησιν,
545 2212 584 2242 ὅτι
606 2213 665 2243 Οὖκ
692 2212 745 2249 εἰμὶ
772 2215 845 2251 ὑμῶν

46 2249 167 2298 λυμεὼν,
184 2259 253 2288 ἀλλὰ
269 2260 355 2288 πάντα
377 2249 445 2299 ὑπὲρ,
458 2249 531 2297 ὓμῶν
553 2258 656 2295 ἕτοιμος
671 2249 808 2291 δέξασθαι·
824 2258 847 2286 εἴ

48 2304 77 2333 δὲ
97 2304 143 2333 καὶ
167 2304 209 2334 διὰ
226 2304 307 2342 μηδὲν
328 2305 406 2340 ἄλλο,
422 2303 481 2333 ἀλλ’
498 2300 543 2332 οὖν
563 2302 627 2332 διότι
643 2306 763 2331 τοσοῦτον
779 2303 848 2340 ὑμᾶς

48 2350 146 2389 ἀγαπᾷ
174 2351 187 2378 ὁ
213 2349 295 2386 Θεὸς,
322 2347 391 2378 ὥστε
422 2348 491 2387 κάμὲ
520 2347 563 2377 διὰ
590 2349 668 2376 τοῦτο
693 2347 847 2386 ἀγαπᾶσθαι

47 2394 116 2432 παρ’
143 2394 236 2430 αὐτοῦ,
271 2393 360 2430 ἐπειδὴ
390 2393 457 2432 ὑπὲρ
483 2393 556 2431 ὑμῶν
583 2391 753 2426 ἀποθνήσκω.
786 2392 849 2424 Πῶς

46 2434 95 2468 οὖν
121 2439 251 2474 πλανήσω
277 2440 357 2475 ὑμᾶς,
383 2438 426 2470 οὒς
450 2433 508 2466 οἶδα
533 2435 685 2477 ἀγαπητοὺς
707 2438 746 2475 τῷ
767 2437 847 2475 θεῷ,

46 2482 111 2512 ἀλλ’
133 2483 193 2522 οὐχὶ
213 2484 313 2522 μᾶλλον
333 2482 478 2512 σπουδάσω
497 2482 563 2521 ὑπὲρ
590 2483 664 2520 ὑμῶν
689 2481 847 2517 ἀποθανεῖν,

45 2529 84 2561 ὡς
99 2528 122 2556 εἶ
137 2528 183 2556 καὶ
203 2527 247 2557 διὰ
265 2526 346 2566 μηδὲν
369 2527 447 2563 ἄλλο,
468 2526 511 2556 διὰ
525 2529 604 2555 τοῦτο
617 2528 679 2565 γοῦν
702 2525 847 2564 ἀγαπηθη-

46 2573 163 2611 σόμενος
187 2572 268 2602 πλέον
287 2572 339 2601 ὑπὸ
353 2574 398 2601 τοῦ
415 2571 521 2612 Πατρός
547 2583 597 2608 μου
603 2581 612 2609 ;
627 2572 723 2600 Ταῦτα
737 2569 764 2599 δὲ
779 2569 849 2608 λέγει

45 2617 82 2646 τὰ
115 2616 185 2646 οὕτω
222 2616 350 2653 ταπεινὰ,
380 2615 625 2655 συγκαταϐαίνων,
657 2614 701 2643 διὰ
727 2613 758 2643 τὸ
789 2614 849 2647 τοὺς

48 2661 196 2696 ἀκούοντας
222 2661 260 2700 μὴ
285 2662 485 2701 παραδὲχεσθαι
512 2660 592 2689 αὐτὸν
619 2659 652 2689 τὰ
678 2658 769 2699 ὑψηλὰ
788 2659 848 2698 περὶ

47 2708 148 2736 ἑαυτοῦ
186 2707 315 2744 λέγοντα·
354 2706 410 2736 ἐπεὶ
445 2706 532 2739 ἄλλως
553 2717 583 2744 γε
615 2704 795 2742 σκοπούμενον
819 2704 848 2733 τὸ

49 2751 132 2792 ῥητὸν
159 2751 257 2781 ἄτοπον
273 2750 351 2785 δόξει.
372 2751 407 2780 Τί
422 2750 491 2791 γάρ;
516 2750 560 2779 τὸν
581 2749 730 2788 ἔμπροσθεν
754 2748 848 2788 χρόνον

86 2845 108 2862 ⁸⁸
122 2846 147 2873 ll
161 2845 235 2873 Tim.
251 2853 285 2880 ιι,
304 2849 344 2873 l9.
383 2845 405 2862 ⁸⁸
418 2846 498 2873 .loan.
516 2853 538 2879 ι,
551 2847 578 2872 4.

195 2891 312 2919 ΡΑτιιοι..
328 2892 380 2920 Gn.
402 2891 511 2919 CXXIV.

863 2335 888 2366 D

617 2842 638 2860 ⁵⁷
653 2842 759 2871 Coloss.
774 2849 824 2877 ιιι,
843 2845 884 2870 ll.

901 1736 952 1763 ego
967 1736 1039 1763 pono
1063 1729 1186 1757 animam
1202 1737 1303 1764 meam,
1318 1735 1348 1758 ut
1368 1731 1466 1760 iterum
1491 1741 1598 1762 sumam
1628 1744 1700 1764 eam.

900 1774 989 1801 Nemo
1004 1773 1081 1800 tollet
1097 1781 1160 1801 eam
1172 1782 1186 1802 a
1203 1783 1257 1809 me,
1271 1775 1318 1803 sed
1332 1784 1381 1812 ego
1396 1785 1469 1812 pono
1483 1786 1544 1805 eam
1559 1788 1572 1806 a
1586 1780 1699 1816 meipso.

901 1818 1068 1845 Potestatem
1082 1817 1170 1845 habeo
1183 1820 1300 1854 ponendi
1314 1828 1386 1854 eam,
1402 1825 1429 1848 et
1439 1826 1599 1856 potestatem
1614 1824 1702 1853 habeo

901 1869 995 1890 rursus
1009 1862 1135 1889 sumendi
1154 1871 1226 1890 eam.
1243 1864 1303 1891 Hoc
1317 1865 1478 1893 mandatum
1490 1868 1579 1902 accepi
1592 1876 1606 1895 ιι
1621 1870 1702 1898 Patre

902 1914 975 1934 meo.
996 1906 1134 1933 Dissensio
1150 1907 1231 1943 igitur
1245 1908 1343 1936 iterum
1364 1909 1434 1937 facta
1452 1915 1493 1938 est
1506 1911 1578 1939 inter
1590 1914 1702 1942 Judaaos

902 1955 1012 1987 propter
1025 1958 1166 1979 sermones
1179 1951 1238 1980 hos.
1262 1953 1397 1981 Dicebant
1411 1958 1502 1982 autem
1518 1957 1596 1984 multi
1615 1966 1647 1985 ex
1661 1958 1700 1994 ip-

901 1996 937 2024 sis
953 2005 960 2023 :
984 1996 1161 2024 Dmmonium
1175 1996 1257 2024 habet
1281 2001 1309 2026 et
1322 1998 1422 2026 insanit
1437 2008 1443 2027 :
1457 2000 1524 2036 quid
1538 2009 1603 2030 eum
1622 2003 1699 2030 audi-

900 2040 954 2068 tis?
966 2040 1020 2068 Alii
1035 2039 1166 2068 dicebant
1181 2050 1187 2068 :
1204 2043 1270 2070 Haec
1291 2043 1371 2070 verba
1386 2052 1442 2072 non
1457 2049 1522 2072 sunt
1533 2045 1701 2076 damonium

900 2084 1037 2113 habentis.
1052 2086 1126 2113 Num
1140 2085 1310 2115 daemonium
1335 2093 1425 2124 potest
1449 2097 1585 2119 caecorum
1608 2093 1701 2120 oculos

901 2129 1025 2165 aperire?
1039 2141 1051 2154 ι
1065 2131 1207 2165 Quoniam
1228 2131 1349 2160 alienum
1363 2141 1426 2161 eum
1442 2142 1457 2162 a
1468 2136 1548 2163 Patre
1562 2135 1700 2170 dicebant,

901 2178 927 2202 et
941 2174 1123 2207 seductorem,
1138 2179 1167 2202 ct
1183 2176 1376 2211 perniciosum,
1392 2187 1448 2206 non
1460 2180 1626 2208 Salvatorem
1640 2182 1701 2210 ani-

902 2226 1022 2252 marum,
1044 2219 1162 2247 ostendit
1177 2228 1225 2255 per
1244 2228 1274 2247 ea
1290 2229 1351 2257 quae
1368 2221 1447 2255 dicit.
1465 2225 1526 2252 Non
1541 2233 1602 2253 sum
1625 2227 1702 2254 vobis

902 2263 1082 2299 perniciosus,
1097 2264 1144 2292 sed
1159 2264 1194 2292 ad
1213 2265 1374 2294 sustinenda
1392 2268 1484 2295 omnia
1500 2277 1550 2304 pro
1564 2270 1643 2298 vobis
1658 2279 1701 2306 pa-

902 2313 988 2341 ratus,
1007 2309 1131 2343 quamvis
1145 2313 1257 2345 propter
1283 2310 1349 2338 nihil
1366 2311 1451 2346 aliud,
1467 2321 1550 2348 quam
1566 2314 1641 2351 quod
1654 2323 1703 2344 vos

902 2352 930 2380 in
945 2356 1055 2380 tantum
1075 2352 1164 2389 diligit
1187 2355 1273 2388 Deus,
1290 2358 1321 2382 ut
1341 2359 1369 2382 et
1389 2364 1440 2391 ego
1462 2363 1572 2394 propter
1594 2359 1647 2387 hoc
1667 2361 1702 2389 ab

903 2397 962 2433 ipso
977 2397 1084 2434 diligar,
1100 2398 1162 2434 quia
1184 2406 1233 2434 pro
1248 2399 1324 2426 vobis
1337 2402 1449 2428 moriar.
1463 2403 1608 2437 Quomodo
1623 2404 1705 2441 igitur

902 2441 1029 2470 seducam
1047 2450 1094 2470 vos
1118 2450 1188 2478 quos
1205 2443 1262 2471 scio
1277 2443 1391 2472 dilectos
1407 2446 1476 2473 Dei?
1491 2450 1593 2476 Annon
1616 2450 1703 2486 magis

903 2494 954 2522 pro
980 2486 1056 2514 vobis
1080 2487 1150 2514 mori
1174 2495 1282 2523 quatro,
1305 2492 1336 2516 ut
1357 2489 1381 2516 si
1398 2495 1508 2526 propter
1530 2492 1596 2520 nihil
1617 2494 1701 2528 aliud,

903 2531 999 2558 saltem
1013 2535 1125 2567 propter
1135 2531 1197 2565 hoc,
1211 2533 1284 2567 quod
1298 2533 1383 2569 magis
1396 2534 1492 2570 diligar
1504 2544 1518 2564 a
1529 2538 1608 2565 Patre
1622 2541 1703 2566 meo?

903 2576 970 2603 Haec
990 2580 1082 2603 autem
1104 2584 1178 2604 nunc
1200 2581 1257 2604 tam
1273 2577 1384 2605 humilia
1399 2579 1476 2611 dicit.
1491 2588 1519 2608 se
1535 2582 1585 2608 illis
1601 2587 1703 2610 attem-

903 2627 1016 2655 perans,
1032 2628 1065 2648 eo
1078 2620 1151 2656 quod
1167 2621 1189 2648 si
1204 2620 1305 2649 diceret
1318 2622 1352 2650 de
1365 2631 1394 2650 se
1411 2624 1547 2660 sublimia,
1561 2626 1702 2654 auditores

902 2664 981 2692 illum
995 2673 1050 2692 non
1063 2670 1192 2701 caperent
1204 2674 1211 2692 :
1223 2665 1287 2701 quia
1297 2667 1320 2694 si
1333 2667 1410 2695 aliter
1419 2668 1524 2697 dictum
1543 2670 1700 2698 considere-

903 2712 958 2741 tur,
974 2709 1124 2737 absurdum
1143 2709 1286 2738 videbitur.
1308 2713 1364 2739 Cur
1375 2712 1449 2741 enim
1471 2714 1554 2749 priori
1578 2718 1703 2750 tempore

902 2761 960 2781 non
969 2753 1142 2790 diligebatur,
1153 2754 1200 2783 sed
1212 2763 1286 2783 nunc
1297 2755 1475 2786 dilectionem
1488 2758 1601 2794 carperit
1612 2760 1700 2794 Pater,
