1910 3077
209 175 241 199 75

717 168 974 197 THEOPHYLACTI
993 168 1171 196 BULGARL'E
1190 168 1348 196 ARCHIEP.

1826 171 1859 196 76

206 237 234 262 et
261 239 339 261 mors
363 240 414 269 pro
438 232 531 266 nobis,
557 231 595 260 illi
617 230 770 259 dilectionis
791 235 888 259 auctor
902 230 960 259 fuer

1126 232 1263 270 ἠγαπᾶτο,
1277 230 1345 261 ἀλλὰ
1356 231 1401 260 ν’ὗν
1418 231 1465 266 τῆς
1480 229 1586 270 ἀγάπης
1600 230 1699 271 ἤρξατο
1717 231 1730 260 ὁ
1742 231 1859 270 Πατὴρ,

206 280 269 307 Non
283 277 318 305 ita
335 281 387 310 est,
406 276 466 310 sed,
480 280 510 304 ut
527 276 592 310 dixi,
607 284 666 304 sese
682 276 735 304 illis
749 280 936 312 attemperans
948 275 1005 304 haec

206 323 286 352 dixit.
300 322 407 349 Dixerit
421 325 515 349 autem
537 321 599 357 quis
621 325 648 349 et
663 321 725 355 hoc,
743 321 880 355 Quoniam
895 321 1005 348 dilectio

206 367 259 395 Dei
272 372 300 395 et
315 366 404 394 Patris
418 374 482 402 erga
495 373 547 393 nos
560 374 593 394 ex
606 366 732 394 confesso
748 370 816 399 erat,
831 365 899 393 vidit
913 369 1006 393 autem

206 413 284 440 Deus
297 415 325 439 et
340 413 420 438 Pater
435 413 519 438 etiam
534 411 634 438 Filium
647 419 728 439 suum
738 410 864 438 eamdem
878 418 940 446 erga
954 418 1006 438 nos

206 456 394 484 declarantem
407 455 570 489 bonitatem,
587 460 668 492 atque
684 456 720 483 ita
733 455 848 483 voluisse
865 463 914 490 pro
927 454 1006 482 nobis

206 500 290 534 mori,
321 505 348 529 et
381 500 526 536 diligenter
552 500 696 528 observare
723 500 809 536 649
834 499 1006 528 characteres

206 545 336 574 bonitatis
356 549 489 581 paternae,
502 545 596 572 dilexit
610 545 721 578 merito,
736 553 792 573 non
807 544 885 581 quasi
899 551 1005 572 merce-

206 589 271 618 dem
288 590 437 627 quamdam
458 590 558 617 mortis
573 598 621 625 pro
644 590 723 618 nobis
742 590 915 618 dilectionem
936 588 1006 617 dans

206 635 287 670 Filio,
308 634 358 663 sed
380 639 510 670 spectans
530 635 743 663 inadulteratam
767 635 952 662 substantiam
979 634 1005 661 in

206 680 287 713 Filio,
311 684 338 708 et
358 679 564 716 quodammodo
579 679 746 715 quibusdam
771 684 878 707 natura
893 678 1007 706 vinculis

206 725 365 753 necessariis
389 729 416 752 et
443 724 645 752 inevitabilibus
663 725 697 752 ad
726 724 779 752 hoc
800 728 922 752 vocatus.
948 725 1006 752 An-

207 776 264 798 non
287 777 395 805 magnae
409 769 564 797 dilectionis
579 777 641 805 erga
662 777 714 797 nos
729 777 798 805 opus
817 768 901 797 Filius
915 776 1006 796 susce-

206 814 257 850 pit,
278 814 457 850 ignominiose
472 814 594 842 moriens
612 822 662 850 pro
677 814 774 842 nobis?
797 817 824 841 et
846 821 903 841 non
917 813 1007 841 solum

207 859 342 892 moriens,
358 858 407 886 sed
425 862 453 887 et
468 859 568 886 iterum
587 859 723 893 accipiens
736 859 870 892 animam,
889 863 920 886 ut
933 858 1006 886 occi-

209 903 257 932 dat
270 907 400 937 mortem,
421 907 448 931 et
461 903 542 931 nobis
565 904 798 931 immortalitatem
822 911 872 939 per
886 911 1006 931 resurre-

207 949 329 976 ctionem
352 949 456 984 pariat?
479 949 539 976 Hoc
554 948 635 984 igitur
650 949 788 984 signiﬁcat
801 948 913 984 quando
928 948 1007 982 dicit,

209 1004 222 1018 α
238 995 318 1021 Pater
341 992 429 1029 diligit
451 1001 507 1026 me,
534 1004 544 1018 υ
570 1001 603 1020 eo
619 993 693 1029 quod
713 993 819 1021 morior
834 1001 883 1030 pro
908 993 1006 1020 vobis:

206 1038 282 1073 quasi
296 1038 412 1065 exsultet
426 1041 454 1065 et
471 1037 587 1073 gaudeat
598 1039 679 1066 Pater
689 1038 762 1073 quod
776 1038 860 1065 Filius
871 1037 922 1065 sibi
935 1037 1009 1065 simi-

205 1082 237 1110 lis
252 1083 298 1116 sit,
314 1086 342 1110 et
355 1087 446 1110 servet
460 1083 633 1111 characteres
647 1091 704 1111 sum
718 1091 783 1119 erga
803 1082 929 1111 homines
942 1083 1007 1110 cha-

204 1127 304 1155 ritatis.
330 1129 417 1156 Porro
441 1127 514 1164 quod
539 1127 618 1162 dicit,
645 1137 660 1154 α
675 1127 772 1156 Nullus
792 1127 862 1155 tollit
884 1127 1007 1155 animam

205 1179 297 1200 meam
312 1180 327 1199 a
341 1180 395 1207 me,
410 1184 424 1197 »
438 1176 550 1208 propter
563 1179 611 1200 eos
622 1172 668 1208 qui
680 1176 800 1200 mortem
817 1173 876 1208 ejus
890 1171 1008 1199 medita-

204 1217 303 1245 bantur
327 1216 402 1245 dicit.
442 1228 455 1241 «ι
472 1218 528 1245 Vos
560 1217 647 1251 enim,
674 1217 775 1253 inquit,
801 1216 883 1245 sititis
909 1224 1007 1244 meum

204 1262 367 1298 sanguinem
377 1261 409 1295 ⁵⁸,
422 1273 434 1286 ιι
447 1261 495 1290 sed
505 1262 575 1289 bene
581 1261 672 1289 sciatis
680 1261 755 1298 quod
766 1269 809 1289 me
823 1261 1007 1289 involuntario

203 1306 293 1334 nullus
326 1306 492 1342 praevalebit.
518 1308 634 1342 Insuper
659 1310 690 1334 ut
712 1314 746 1334 ne
762 1307 823 1342 quis
838 1310 916 1342 putet
931 1305 1006 1341 quod

202 1354 334 1386 tanquam
356 1351 480 1379 minister
491 1354 519 1378 et
541 1350 669 1378 subditus
685 1351 821 1378 moriatur
834 1350 869 1378 ab
881 1350 935 1378 alio
946 1350 1007 1385 jus-

203 1403 260 1430 sus,
281 1400 308 1423 et
322 1395 357 1422 illi
372 1395 471 1423 cedens
491 1404 498 1423 :
517 1396 698 1427 Potestatem,
712 1395 811 1430 inquit,
826 1395 926 1422 mortis
938 1402 1008 1422 mea!

204 1440 264 1475 ipse
289 1439 388 1474 habeo,
416 1443 447 1467 ut
474 1440 612 1467 Dominus
629 1439 736 1467 mortis.
754 1441 850 1475 Itaque
865 1443 1010 1475 propterea

204 1483 270 1512 dicit
285 1493 292 1511 :
308 1495 321 1508 «ι
337 1485 504 1512 Potestatem
517 1483 604 1512 habeo
617 1484 735 1519 ponendi
749 1484 869 1512 animam
882 1491 983 1517 meam,
994 1495 1007 1508 ι

204 1528 329 1564 quamvis
343 1532 371 1556 et
387 1529 574 1564 unusquisque
588 1533 709 1556 vestrum
732 1533 894 1565 potestatem
910 1529 1008 1556 habeat

204 1573 322 1608 ponendi
334 1574 456 1601 animam
470 1581 548 1601 suam
570 1583 577 1602 ε
592 1582 658 1602 nam
669 1574 815 1609 unicuique
828 1574 928 1602 volenti
944 1581 1005 1610 pos-

203 1617 282 1645 sibile
312 1622 353 1645 est
374 1626 404 1646 se
430 1618 601 1652 interﬁcere;
628 1618 676 1646 sed
698 1626 759 1647 non
782 1619 816 1646 de
842 1619 894 1646 hoc
919 1618 1004 1646 modo

204 1661 272 1690 dicit
283 1663 429 1697 Dominus,
443 1662 491 1690 sed
504 1663 576 1699 quod
587 1671 632 1690 me
643 1663 730 1691 invito
741 1663 831 1691 nullus
841 1663 940 1699 poterit
950 1663 1004 1691 hoc

203 1707 307 1742 facere;
329 1707 358 1735 id
372 1707 400 1734 in
414 1707 575 1735 hominibus
589 1716 643 1735 non
659 1708 699 1735 ﬁt.
716 1709 785 1736 Nam
800 1709 884 1736 etiam
905 1712 1004 1743 praeter

202 1752 372 1779 voluntatem
386 1757 509 1780 nostram
525 1753 559 1780 ab
574 1752 636 1780 aliis
650 1753 836 1781 interﬁcimur.
852 1755 889 1780 At
903 1753 1001 1781 Domi-

201 1804 255 1824 nus
273 1804 412 1833 nunquam
428 1797 611 1825 involuntarie
624 1805 721 1834 passus
735 1801 786 1832 est,
801 1806 833 1826 eo
856 1798 929 1834 quod
944 1805 1002 1826 non

200 1841 280 1869 aliter
302 1842 387 1870 morti
409 1841 543 1870 obnoxius
569 1847 636 1876 erat,
653 1843 706 1870 nisi
727 1848 861 1878 quantum
890 1842 1000 1870 libebat.

199 1886 293 1914 Habet
316 1890 345 1914 et
370 1887 468 1922 majus,
506 1887 581 1923 quod
608 1888 728 1916 animam
754 1887 854 1916 iterum
879 1888 1000 1924 accipiat.

198 1931 260 1959 Hoc
284 1935 377 1960 autem
400 1931 562 1960 mandatum
589 1932 678 1968 inquit
694 1941 726 1961 se
750 1933 884 1969 accepisse
907 1941 923 1961 a
948 1934 1000 1960 Pa-

199 1980 251 2010 tre,
285 1980 316 2004 ut
338 1981 494 2004 moreretur
517 1985 566 2013 pro
590 1978 704 2006 mundo.
729 1979 825 2013 Usque
851 1977 931 2011 adeo,
956 1977 1000 2004 in-

200 2021 272 2057 quit,
293 2029 352 2049 non
375 2029 439 2049 sum
453 2022 624 2049 adversarius
644 2024 713 2054 Deo,
736 2027 767 2049 ut
781 2026 809 2050 et
824 2022 894 2050 istuc
908 2022 1000 2057 ipsum

199 2065 271 2093 mori
290 2074 305 2093 a
327 2067 404 2094 Patre
418 2066 486 2094 mihi
500 2066 697 2094 demandatum
709 2066 755 2094 sit.
777 2067 863 2094 Porro
879 2066 1000 2101 primum

201 2110 274 2146 quod
289 2110 404 2138 sublime
417 2115 469 2144 est,
485 2111 552 2138 dicit
566 2120 572 2138 :
586 2120 601 2137 (ι
616 2112 783 2138 Potestatem
797 2110 885 2138 habeo
898 2110 999 2146 accipe-

200 2162 229 2183 re
244 2155 366 2183 animam
380 2164 485 2190 meam;
504 2167 516 2180 ιι
534 2155 685 2183 Dominum
700 2155 775 2183 enim
788 2155 886 2183 mortis
907 2163 936 2183 se
951 2163 999 2191 per

1060 276 1105 306 καὶ
1123 277 1136 304 ὁ
1158 277 1225 315 ὑπὲρ
1247 277 1324 314 ἡμῶν
1349 275 1460 309 θάνατος
1475 275 1580 314 γέγονεν
1602 278 1674 316 αὐτῷ
1689 275 1790 311 ταύτης
1816 275 1859 304 αἴ-

1059 332 1128 357 τιος;
1144 321 1204 351 Οὐκ
1223 321 1279 350 ἔστι
1292 322 1384 356 τοῦτο,
1398 321 1457 350 ἀλλ’
1477 320 1543 360 ὅπερ
1563 315 1635 349 εἷπον
1645 315 1860 359 ,συγκαταϐαί-

1060 377 1110 394 νων
1136 365 1220 395 ταῦτά
1245 377 1336 405 φησιν.
1363 364 1443 395 Εἴποι
1465 366 1488 394 δ’
1509 365 1540 393 ἀν
1562 377 1600 398 τις
1621 364 1666 394 καὶ
1691 368 1782 401 τοῦτο,
1800 365 1861 400 ὃτι,

1061 410 1151 446 ἐπειδὴ
1166 413 1182 446 ἡ
1210 410 1270 449 περὶ
1296 412 1369 450 ἡμᾶς
1396 409 1488 447 ἀγάπη
1511 412 1557 440 τοῦ
1583 412 1653 440 Θεοῦ
1679 410 1727 438 καὶ
1749 409 1862 450 Πατρὸς

1060 455 1258 495 ὁμολογουμένη
1275 450 1318 491 ἦν,
1339 449 1392 483 εἶδε
1415 454 1443 483 δὲ
1459 456 1473 484 ὃ
1496 454 1565 487 Θεὸς
1577 455 1623 484 καὶ
1640 455 1738 494 Πατὴρ
1755 454 1802 484 καὶ
1816 454 1861 483 τὸν

1060 500 1124 531 Υἱὸν
1149 501 1229 530 αὐτοῦ
1258 499 1306 536 τὴν
1332 499 1415 535 αὐτὴν
1439 499 1612 539 χρηστότητα
1633 498 1695 538 περὶ
1719 502 1794 538 ἡμᾶς
1818 500 1862 528 ἓν-

1060 544 1231 583 δειξάμενον,
1269 542 1337 573 ὥστε
1371 544 1418 573 καὶ
1457 545 1669 583 ὓπεραποθανεῖν
1713 545 1861 580 ἐθελῆσαι,

1059 589 1105 620 καὶ
1132 591 1178 625 τῆς
1199 593 1245 618 τοῦ
1270 589 1375 628 Πατρὸς
1399 589 1561 628 ἀγαθότητος
1587 588 1647 622 τοὺς
1675 591 1857 628 χαρακτῆρας

1061 634 1178 674 ἀκριϐεῖς
1195 633 1386 671 ἀποσώζοντα,
1404 635 1544 673 ἠγάπησεν
1562 633 1669 667 εἰκότως
1680 656 1688 671 ,
1711 635 1741 663 οὐ
1766 633 1862 671 μισθὸν

1060 679 1151 719 ὥσπερ
1177 679 1236 708 τινὰ
1261 681 1307 708 τοῦ
1333 678 1400 719 ὑπὲρ
1426 680 1504 717 ἡμῶν
1534 678 1647 708 θανάτου
1673 677 1722 714 τὴν
1749 677 1862 717 ἀγάπην

1060 725 1224 764 δωρούμενος
1244 726 1281 764 τῷ
1304 724 1372 763 Υἱῷ,
1394 723 1463 752 ἀλλὰ
1479 725 1526 759 τῆς
1542 723 1632 756 οὐσίας
1648 725 1696 759 τῆς
1717 724 1814 752 ἑαυτοῦ
1832 723 1863 752 τὸ

1060 770 1167 809 γνήσιον
1197 770 1223 798 ἐν
1249 769 1307 809 Υῖῷ
1335 769 1456 808 θεωρῶν,
1484 767 1531 797 καὶ
1556 767 1646 808 ὥσπερ
1679 767 1734 797 τισὶ
1757 767 1862 808 φύσεως

1061 814 1170 852 δεσμοῖς
1203 813 1356 851 ἀναγκαίοις
1389 813 1434 842 καὶ
1461 814 1652 853 ἀπαραιτήτοις
1682 812 1748 852 πρὸς
1782 815 1862 842 τοῦτο

1061 859 1233 897 καλούμενος,
1261 853 1299 888 Ἦ
1327 858 1378 897 γὰρ
1403 858 1432 887 οὖ
1453 858 1570 896 μεγάλης
1586 857 1692 897 ἀγάπης
1718 857 1798 897 ἔργον
1823 859 1859 891 εἰς

1062 906 1132 942 ἡμᾶς
1152 905 1166 933 ὁ
1190 903 1251 936 Υἱὸς
1267 902 1424 939 ἐνεδείξατο,
1451 902 1547 935 ἀδόξως
1571 901 1658 931 θανὼν
1679 901 1747 941 ὑπὲρ
1763 904 1859 939 ἡμῶν,

1061 948 1106 978 καὶ
1130 949 1160 978 οὖ
1185 948 1264 985 μόνον
1285 947 1386 983 θανὼν,
1415 947 1484 976 ἀλλὰ
1513 947 1560 976 καὶ
1586 948 1668 976 πάλιν
1695 946 1788 976 λαϐὼν
1812 947 1862 982 τὴν

1061 993 1169 1034 ψυχὴν,
1199 993 1245 1022 ἵνα
1267 992 1387 1032 νεκρώσῃ
1414 992 1459 1021 τὸν
1488 991 1620 1029 θάνατον,
1649 992 1696 1021 καὶ
1720 993 1788 1030 ἡμῖν
1812 991 1862 1026 τὴν

1061 1038 1208 1067 ἀθανασίαν
1222 1038 1266 1067 διὰ
1279 1040 1327 1073 τῆς
1342 1037 1511 1070 ἀναστάσεως
1525 1037 1744 1076 κατεργάσηται;
1768 1038 1860 1066 Τοῦτο

1061 1079 1104 1113 οὖν
1120 1083 1208 1121 δηλοῖ,
1229 1082 1291 1112 ὅταν
1312 1081 1391 1122 λέγῃ,
1407 1081 1448 1112 ὅτι
1468 1095 1480 1108 ι
1503 1080 1538 1111 (Ο
1558 1081 1655 1121 Πατὴρ
1672 1083 1767 1122 ἀγαπᾷ
1783 1093 1832 1120 με,
1851 1095 1862 1108 ι

1061 1128 1127 1158 διότι
1154 1128 1314 1164 ἀποθνήσκω
1329 1126 1395 1166 ὑπὲρ
1420 1127 1509 1165 ὑμῶν,
1530 1126 1561 1155 τὸ
1585 1126 1683 1156 ὡσανεὶ
1710 1127 1864 1165 γάννυσθαι

1061 1172 1107 1202 καὶ
1131 1172 1234 1212 χαίρειν
1259 1172 1304 1201 τὸν
1332 1171 1458 1210 Πατέρα,
1485 1170 1525 1200 ὅτι
1548 1172 1562 1200 ὃ
1579 1171 1642 1204 Υἱὸς
1669 1172 1740 1210 αὐτῷ
1770 1171 1862 1207 ἔοικε⁷

1061 1217 1106 1246 καὶ
1127 1220 1174 1253 τῆς
1195 1217 1259 1257 πρὸς
1282 1216 1434 1257 ἀνθρώπους
1453 1216 1560 1254 ἀγάπης
1578 1217 1660 1245 αὐτοῦ
1682 1215 1743 1249 τοὺς
1769 1228 1862 1257 χαρα-

1061 1264 1160 1302 κτῆρας
1181 1261 1323 1296 ἀποσώζει.
1345 1262 1386 1291 Τὸ
1405 1260 1444 1299 δὲ,
1468 1260 1593 1299 «Ωὐδεὶς
1618 1260 1687 1300 αἴρει
1700 1260 1750 1297 τὴν
1771 1262 1863 1301 ψυχήν

1063 1318 1113 1346 μου
1139 1307 1186 1337 ἀπ’
1216 1308 1296 1345 ἐμοῦ,
1326 1319 1338 1332 ι
1365 1305 1408 1335 διὰ
1439 1306 1498 1339 τοὺς
1527 1307 1587 1335 κατ’
1612 1306 1690 1335 αὐτοῦ
1724 1307 1864 1346 φονῶντάς

1062 1364 1151 1391 φησιν.
1175 1351 1267 1390 Ὑμεῖς
1287 1351 1355 1391 γὰρ,
1377 1349 1458 1391 φησὶ,
1475 1352 1570 1391 διψᾶτε
1586 1353 1632 1380 τοῦ
1649 1352 1714 1388 ἐμοῦ
1728 1350 1861 1388 αἵματος,

1063 1397 1121 1426 ἀλλ’
1142 1392 1171 1426 εὖ
1193 1396 1263 1433 ἴστε,
1289 1398 1324 1430 ὡς
1354 1395 1462 1430 ἄκοντος
1487 1397 1554 1434 ἐμοῦ
1581 1396 1665 1429 οὐδεὶς
1685 1396 1862 1436 κατισχύσει,

1061 1441 1124 1471 Ἔτι
1152 1440 1189 1478 δὲ,
1213 1441 1256 1470 ἵνα
1281 1441 1317 1478 μὴ
1342 1440 1439 1480 νομίσῃ
1462 1452 1518 1480 τις⁷
1540 1441 1580 1470 ὅτι
1597 1442 1632 1473 ὡς
1654 1440 1793 1480 ὑπηρέτης
1815 1440 1862 1470 καὶ

1061 1486 1191 1526 ὑπουργὸς
1212 1485 1387 1522 ἀποθνήσκει,
1413 1487 1459 1514 ὑπ’
1486 1486 1566 1515 ἄλλου
1592 1485 1787 1524 κελευόμενος,
1814 1487 1862 1515 καὶ

1062 1531 1152 1571 ἐκείνῳ
1174 1531 1308 1568 ὓπείκων,
1331 1530 1414 1570 φησί’
1437 1530 1496 1566 Τὴν
1523 1530 1642 1564 ἐξουσίαν
1668 1533 1713 1559 τοῦ
1742 1530 1861 1560 θανάτου

1061 1578 1106 1605 τοῦ
1125 1577 1188 1614 ἐμοῦ
1205 1576 1283 1609 αὐτὸς
1304 1574 1376 1615 ἔχω,
1393 1576 1429 1607 ὡς
1445 1575 1574 1610 δεσπότης
1588 1578 1633 1604 τοῦ
1655 1574 1780 1604 θανάτου.
1807 1575 1863 1605 Διὰ

1058 1624 1134 1651 τοῦτο
1149 1616 1191 1650 οὖν
1207 1631 1286 1660 φησιν
1296 1643 1304 1656 ,
1319 1620 1358 1649 ὅτι
1378 1634 1391 1646 τι
1407 1619 1545 1654 Ἐξουσίαν
1561 1620 1615 1659 ἔχω
1637 1621 1719 1649 θεῖναι
1731 1619 1784 1655 τὴν
1808 1622 1862 1660 ψυ-

1056 1665 1108 1704 χήν
1125 1676 1188 1703 μου,
1216 1678 1228 1690 ιι
1244 1666 1267 1693 εἰ
1288 1664 1334 1693 καὶ
1357 1665 1468 1698 ἕκαστος
1491 1666 1566 1703 ὓμῶν
1587 1664 1705 1698 ἐξουσίαν
1729 1664 1787 1704 ἔχει
1808 1665 1861 1701 τὴν

1056 1709 1145 1750 ψυχὴν
1171 1711 1252 1739 αὐτοῦ
1267 1712 1359 1740 Θεῖναι.
1376 1709 1500 1750 Ἑκάστῳ
1523 1709 1574 1749 γὰρ
1601 1708 1755 1749 βουλομένῳ
1771 1710 1859 1739 δυνα-

1056 1754 1100 1784 τὸν
1133 1754 1223 1784 ἑαυτὸν
1259 1755 1376 1791 ἀνελεῖν,
1411 1755 1472 1784 ἀλλ’
1504 1755 1533 1783 οὗ
1568 1754 1630 1794 περὶ
1658 1757 1703 1783 τοῦ
1734 1754 1861 1784 τοιούτου

1055 1799 1154 1838 τρόπου
1187 1799 1266 1840 φησὶν
1298 1801 1311 1829 ὁ
1343 1799 1453 1838 Κύριος,
1487 1798 1545 1828 ἀλλ’
1572 1799 1612 1828 ὅτι
1649 1798 1774 1832 Ἀκοντός
1803 1811 1858 1837 μου

1055 1845 1138 1878 οὐδεὶς
1167 1843 1198 1874 ἂν
1230 1844 1353 1880 δυνηθείη
1383 1847 1461 1873 τοῦτο
1493 1848 1593 1873 ποιεῖν·
1623 1845 1691 1884 ὅπερ
1721 1843 1766 1872 ἐπὶ
1799 1846 1857 1873 τῖὖν

1055 1889 1201 1930 ἀνθρώπων
1220 1890 1248 1918 οὐ
1274 1889 1386 1928 γίνεται.
1412 1888 1466 1918 Καὶ
1494 1887 1545 1927 γὰρ
1569 1888 1614 1918 καὶ
1641 1888 1748 1922 ἄκοντες
1776 1889 1858 1917 ἀναι-

1056 1933 1169 1973 ρούμεθα
1185 1933 1231 1962 ὑπ’
1249 1933 1350 1963 ἄλλων·
1367 1935 1381 1963 ὁ
1394 1933 1421 1962 δὲ
1437 1933 1551 1973 Χριστὸς
1573 1934 1620 1962 οὖκ
1642 1933 1673 1962 άν
1696 1944 1761 1962 ποτε
1779 1933 1857 1962 ἄκων

1055 1978 1165 2007 ἔπαθεν·
1190 1977 1230 2007 διὸ
1253 1980 1288 2011 ὡς
1311 1977 1349 2016 μὴ
1373 1978 1459 2012 ἄλλως
1485 1977 1589 2018 θανάτῳ
1612 1977 1802 2017 ὑποκείμενος,
1831 1981 1857 2008 εἷ

1056 2022 1092 2060 μὴ
1110 2022 1187 2061 μόνον
1211 2021 1295 2059 ἑκὼν,
1312 2023 1367 2062 ἔχει
1389 2022 1434 2052 καὶ
1458 2022 1489 2052 τὸ
1510 2024 1615 2060 μεῖζον,
1642 2023 1671 2052 τὸ
1694 2023 1788 2052 λαϐεῖν
1805 2023 1857 2058 τὴν

1055 2067 1144 2107 ψυχὴν
1163 2067 1255 2097 πάλιν.
1281 2067 1390 2103 Ταύτην
1415 2079 1441 2097 τε
1464 2066 1511 2103 τὴν
1536 2067 1643 2103 ἐντολήν
1665 2079 1730 2108 φησι
1757 2067 1858 2097 λαϐεῖν

1053 2112 1127 2150 παρὰ
1152 2114 1199 2141 τοῦ
1222 2112 1337 2152 Πατρὸς,
1352 2112 1383 2142 τὸ
1406 2113 1546 2142 ἀποθανεῖν
1575 2112 1640 2151 ὑπὲρ
1663 2115 1709 2141 τοῦ
1735 2112 1856 2152 κόσμου.

1055 2158 1190 2186 Τοσοῦτον
1206 2157 1268 2197 γὰρ,
1292 2157 1389 2198 φησὶν,
1419 2158 1467 2187 οὒκ
1490 2157 1544 2194 εἰμὶ
1570 2157 1697 2193 ἀντίθεος,
1713 2157 1785 2186 ὥστε
1807 2158 1857 2186 καὶ

1026 1557 1048 1589 C

200 2200 252 2228 hoc
272 2201 392 2228 ostendit
405 2205 433 2228 et
451 2200 549 2228 ducem
563 2201 635 2228 vitae.
653 2202 753 2228 lterum
768 2200 873 2228 humile
885 2200 954 2228 verbi

1101 2201 1121 2230 τὸ
1144 2204 1221 2231 τοῦτο
1248 2202 1279 2231 τὸ
1301 2203 1442 2231 ἀποθανεῖν
1466 2201 1541 2240 παρὰ
1566 2205 1611 2231 τοῦ
1641 2201 1748 2242 Πατρὸς
1781 2202 1855 2231 ἐντέι

200 2253 314 2282 ponens.
340 2253 440 2280 nempe
463 2254 470 2273 :
489 2245 681 2273 «Mandatum
703 2245 756 2272 hoc
776 2246 868 2281 accepi
888 2253 903 2273 a
920 2247 1001 2274 Patre

199 2298 275 2324 meo,
290 2301 302 2314 ι·
317 2291 354 2317 ita
367 2289 528 2317 mirabiliter
538 2293 655 2325 utraque
665 2290 812 2323 connectit,
824 2294 852 2318 et
861 2290 935 2326 quod
946 2298 1001 2318 non

200 2334 335 2362 habeatur
350 2335 451 2369 minor,
471 2342 504 2362 ac
518 2343 613 2362 servus
628 2335 725 2369 Patris,
746 2339 773 2363 et
784 2343 839 2363 non
854 2336 890 2363 sit
903 2335 999 2363 adver-

201 2379 288 2407 sarius
310 2379 356 2413 illi,
379 2379 425 2406 sed
445 2379 566 2415 ejusdem
588 2381 716 2415 potentiae
741 2384 769 2408 et
790 2381 943 2409 voluntatis.
965 2382 1000 2408 Et

201 2424 240 2451 ita
259 2431 368 2459 quoque
389 2423 480 2451 multis
500 2431 531 2452 ex
547 2424 718 2452 auditoribus
727 2425 810 2452 etiam
829 2426 868 2453 sic
886 2425 997 2461 profuit,

202 2475 234 2495 eo
257 2468 331 2503 quod
359 2468 420 2496 talia
448 2468 567 2503 dicebat,
591 2474 674 2506 atque
698 2470 733 2498 ita
759 2475 791 2498 ut
815 2474 842 2499 et
865 2470 998 2498 dissensio

201 2511 289 2540 ﬁeret.
312 2514 383 2541 Nam
408 2512 475 2541 dum
501 2515 628 2542 nonnulli
650 2515 750 2550 quibus
770 2515 828 2543 haec
851 2515 930 2543 verba
949 2515 999 2543 ob-

200 2557 322 2585 scuriora
335 2557 507 2595 videbantur,
519 2560 649 2595 putabant
663 2560 742 2588 illum
756 2560 892 2588 daemonio
904 2564 998 2588 actum

199 2601 273 2638 loqui
288 2610 351 2639 quae
365 2611 420 2631 non
439 2604 616 2640 intelligeret;
633 2605 679 2633 alii
694 2605 740 2641 qui
762 2605 802 2633 vel
823 2605 999 2634 mediocriter

199 2647 388 2676 intellexerant
418 2658 426 2676 :
452 2660 464 2673 α
482 2650 560 2684 Haec,
584 2650 671 2683 aiunt,
685 2649 766 2678 verba
779 2658 836 2678 non
857 2654 921 2678 sunt
940 2651 998 2686 ejus

197 2693 243 2729 qui
258 2693 397 2722 dazmonio
411 2694 509 2730 agitur.
528 2706 541 2719 ιο
564 2697 678 2731 Insuper
692 2695 754 2731 quia
767 2695 856 2723 verbis
883 2703 939 2723 non
951 2704 998 2732 po-

197 2741 287 2766 terant
303 2738 447 2767 confutare
467 2739 544 2775 illos;
559 2748 623 2768 cum
637 2741 711 2768 enim
725 2740 846 2769 benevoli
861 2748 917 2768 non
930 2741 997 2769 satis

197 2785 322 2811 tenerent
336 2792 367 2812 ea
390 2791 453 2820 qua:
477 2792 493 2812 a
514 2785 637 2813 Domino
651 2785 823 2820 dicebantur,
838 2793 929 2822 neque
943 2785 996 2814 illis

233 2830 255 2848 °'
268 2833 368 2861 Joann.
383 2839 456 2867 νηί,
471 2836 515 2861 31.

1055 2248 1167 2283 ταλμαι.
1182 2246 1273 2275 Εἰπὼν
1287 2247 1314 2276 δὲ
1328 2247 1455 2287 πρότερον
1466 2246 1512 2276 καὶ
1523 2247 1632 2287 ὑψηλὸν,
1643 2247 1674 2276 τὸ
1686 2260 1699 2272 ἰ
1709 2245 1856 2280 Ἐξουσίαν

1055 2291 1109 2331 ἔχω
1121 2291 1212 2321 λαϐεῖν
1224 2291 1270 2326 τὴν
1283 2291 1372 2332 ψυχήν
1386 2303 1448 2330 μου,
1461 2305 1472 2317 ι
1489 2291 1635 2332 (δεσπότην
1649 2291 1700 2332 γὰρ
1713 2291 1794 2320 αὑτὸν
1807 2295 1856 2322 1071

1056 2336 1169 2367 θανάτου
1203 2339 1279 2366 τοῦτο
1306 2336 1438 2373 δείκνυσι,
1466 2335 1511 2366 καὶ
1537 2338 1582 2372 τῆς
1612 2338 1680 2371 ζωῆς
1707 2336 1853 2376 ἀρχηγὸν)

1056 2381 1135 2410 πάλιν
1149 2380 1179 2410 τὸ
1201 2381 1325 2410 ταπεινὸν
1346 2381 1453 2418 τίθησι,
1476 2380 1525 2417 τὸ,
1554 2394 1565 2407 α
1598 2380 1724 2416 Ἐντολὴν
1749 2381 1854 2418 ταύτην

1053 2426 1150 2456 ἔλαϐον
1164 2425 1238 2466 παρὰ
1253 2428 1298 2455 τοῦ
1316 2426 1422 2465 Πατρός
1439 2437 1500 2464 μου.
1515 2439 1526 2452 ιι
1542 2425 1622 2455 Οὕτω
1637 2425 1730 2455 πλέκει
1745 2428 1856 2465 θαυμα-

1054 2470 1116 2504 σίως
1137 2471 1293 2511 ἀμφότερα,
1313 2470 1406 2500 καὶτὸ
1429 2469 1466 2508 μὴ
1483 2470 1584 2500 ἐλάττω
1605 2471 1784 2509 νομισθῆναι,
1807 2471 1855 2500 καὶ

1054 2516 1146 2550 δοῦλος
1160 2518 1207 2545 τοῦ
1233 2515 1353 2554 Πατρός,
1368 2515 1413 2545 καὶ
1427 2515 1457 2545 τὸ
1472 2515 1510 2554 μὴ
1528 2516 1653 2550 ἀντίθεος,
1679 2514 1738 2545 ἀλλ’
1750 2515 1854 2554 ὁμοδό-

1053 2573 1133 2598 ναμος
1148 2561 1205 2598 ἅμα
1229 2560 1275 2590 καὶ
1299 2560 1455 2599 ὁμόὸουλος.
1479 2560 1583 2590 Αὐτίκα
1599 2563 1662 2599 γοῦν
1681 2559 1764 2593 οὕτως
1778 2560 1855 2601 dips-

1052 2606 1118 2640 λησε
1135 2604 1196 2638 τοὺς
1218 2604 1333 2638 πολλοὺς
1354 2606 1405 2634 τῶν
1426 2605 1578 2635 ἀκουόντων
1605 2605 1649 2634 διὰ
1664 2607 1709 2634 τοῦ
1733 2607 1852 2634 τοιαῦτα

1053 2650 1158 2688 λέγειν,
1180 2649 1250 2679 ὥστε
1274 2650 1319 2679 καὶ
1338 2650 1441 2690 σχίσμα
1455 2649 1586 2689 γενέσθαι.
1613 2649 1689 2683 Τινὲς
1713 2649 1761 2688 μὲν
1783 2649 1855 2690 γὰρ,

1053 2694 1144 2730 ἐπειδὴ
1179 2694 1214 2724 τὰ
1240 2694 1348 2735 ῥήματα
1386 2694 1492 2724 ἐδόκουν
1530 2695 1715 2734 αἰνιγματώδη
1745 2696 1854 2731 αὐτοῖς,

1052 2741 1184 2780 δαιμονᾷν
1200 2739 1278 2769 αὐτὸν
1291 2739 1397 2770 ἐδόκουν
1412 2739 1525 2770 ἀσύνετα
1541 2739 1717 2780 φθεγγόμενον
1728 2751 1735 2757 ·
1754 2753 1766 2765 ι
1781 2742 1808 2769 οἱ
1826 2742 1857 2769 δέ

1051 2798 1098 2824 γε,
1127 2798 1139 2812 ιο
1161 2784 1274 2826 μετρίως
1300 2785 1449 2825 συνιέντες,
1474 2798 1487 2812 α
1513 2784 1618 2824 ἔλεγον,
1646 2783 1721 2825 φησὶ,
1749 2785 1854 2816 Ταῦτα
