1910 3077
43 182 79 207 77

460 181 656 210 ENARRATIO
676 181 708 209 IN
729 181 942 209 EVANGELIUM
960 181 1110 210 JOANNIS.
1130 197 1165 204 —-
1184 184 1259 212 CAP.
1280 185 1310 212 Χ.

1668 190 1702 216 78

39 242 78 272 τὰ
107 243 221 284 ῥήματα
245 245 292 274 οὗκ
321 243 378 273 ἔστι
404 243 633 282 δαιμονιζομένου.
660 257 673 270 ι
698 239 766 273 Εἶτα
793 244 848 273 ἐπεὶ

924 244 1106 274 ersuasissent
1141 245 1242 280 verbis,
1278 246 1387 275 Christo
1423 249 1550 284 operibus
1582 251 1702 285 patroci-

39 287 102 317 ἀπὸ
136 289 192 317 τῶν
233 287 361 329 ῥημάτων
386 289 435 318 οὖκ
471 288 626 328 ἠδύνα[ν]το
669 289 850 327 ἐπιστομίζειν

39 332 145 365 αὖτοὺς
166 331 245 372 (οὔτε
258 332 310 372 γὰρ
332 332 408 362 αὐτοὶ
423 333 448 362 οἱ
465 333 625 372 εὐγνώμονες
641 333 718 369 δῆθεν
733 332 851 372 ἀκριϐῶς

38 376 78 406 ἂν
105 377 324 417 παρηκολούθουν
347 379 402 410 τοῖς
429 377 480 407 ὑπὸ
496 380 542 407 103
566 378 666 418 Κυρίου
687 377 849 417 λεγομένοις,

37 422 109 452 οὔτε
124 423 240 456 ἐκείνους
263 421 294 451 ἂν
311 422 450 462 ἔπεισαν),
464 421 518 451 ἀπὸ
532 424 586 452 τῶν
599 423 766 463 πραγμάτων
788 434 848 452 πει-

41 469 150 508 ρῶνται
184 471 339 507 συνηγορεῖν
373 468 412 508 τῷ
442 468 574 507 Χριστῷ,
609 467 655 497 καί
684 479 783 508 φασιν,
809 467 850 497 ὅτι

39 526 55 537 ιι
82 513 185 542 T013101
210 512 244 541 τὰ
270 512 381 552 ῥήματα
408 512 455 542 οὐκ
484 512 536 541 εἶσὶ
572 511 801 551 δαιμονιζομένου.
837 525 849 538 ι

38 557 138 587 Πόθεν
155 556 183 586 δὲ
209 558 289 592 δῆλον
311 559 404 592 10310;
421 557 486 586 Ἀπὸ
510 558 562 586 τῶν
584 557 677 596 ἔργων.
698 570 710 583 σι
729 557 776 592 Μὴ
791 557 849 586 δαι-

37 602 141 640 μόνιον
158 601 266 631 δύναται
286 601 437 641 ὀφθαλμοὺς
460 602 566 641 τυφλῶν
586 602 717 640 ἄνοίγειν;
737 615 749 627 ιο
771 600 850 630 Ἐπεὶ

37 642 91 676 οὖν
111 647 144 676 τὸ
161 646 238 686 ἔργον
253 648 320 675 θεῖον
333 668 342 682 ,
358 645 404 675 καὶ
419 645 454 675 τὰ
467 645 575 686 ῥήματα
591 646 644 686 ἄρα
660 649 782 676 τοιαῦτα.
797 645 850 675 Διὰ

37 691 70 720 τί
85 691 119 721 δὲ
145 693 160 720 6
184 691 297 731 Χριστὸς
313 690 385 720 οὐδὲν
402 690 573 731 ἀποκρίνεται
593 691 657 730 πρὸς
672 691 733 725 τοὺς
757 691 849 729 λέγον-

36 748 95 770 τας
113 736 195 766 αὐτὸν
217 737 364 776 δαιμονᾷνς
389 736 463 765 Διότι
476 736 562 766 ἱκανοὶ
579 731 647 772 ἦσαν
669 735 849 774 ἐπιστομίζειν

38 782 160 818 αὐτοὺς,
176 782 221 811 καὶ
246 780 456 818 ἀξιοπιστότεροι
478 782 502 810 οἱ
527 781 724 819 ἐναντιούμενοι
746 782 846 816 αὐτοῖς,

37 826 92 855 καὶ
125 825 193 864 ὑπὲρ
220 826 301 854 αὐτοῦ
340 826 560 864 ἀπολογούμενοι.
591 825 670 855 Ἐπεὶ
699 820 743 855 03v
782 823 846 855 κατ’

906 289 968 317 nari
982 293 1101 324 tentant,
1115 294 1142 318 et
1163 290 1258 319 dicunt
1276 291 1351 327 quod
1366 291 1426 320 haac
1444 292 1525 321 verba
1539 294 1624 330 650
1647 303 1703 324 non

905 333 960 362 sint
983 334 1156 363 daemoniaci.
1172 335 1254 364 Unde
1269 339 1363 364 autem
1384 336 1437 365 hoc
1452 337 1646 366 manifestum?
1662 341 1702 368 Ex

903 378 1032 414 operibus
1047 389 1053 406 :
1069 391 1081 404 ι
1093 380 1272 408 Dzemonium
1285 381 1360 408 enim
1374 388 1429 408 non
1441 385 1529 418 potest
1543 383 1638 410 oculos
1646 391 1702 412 ca:—

903 430 1001 450 corum
1017 423 1131 459 aperire.
1156 436 1168 449 ν
1185 424 1253 459 Quia
1268 425 1350 460 igitur
1364 433 1433 461 opus
1445 425 1580 460 divinum,
1597 434 1662 463 ergo
1676 432 1704 456 et

903 468 986 495 verba
1005 468 1142 503 ejusmodi
1166 473 1241 496 sunt.
1265 470 1357 504 Quare
1372 474 1465 498 autem
1486 471 1614 499 Christus
1637 472 1703 500 nihil

903 512 1051 547 respondet
1075 513 1118 541 his
1143 513 1189 549 qui
1218 513 1343 542 dicebant
1366 515 1456 550 ipsum
1481 515 1621 544 dmmonio
1645 517 1704 552 agi?

904 557 973 591 Quia
992 557 1160 586 sufﬁcientes
1177 563 1255 586 erant
1268 559 1303 587 ad
1317 559 1519 588 confutandum
1533 561 1595 588 illos
1610 565 1638 589 et
1650 561 1704 590 [ide

903 601 1040 637 digniores
1054 603 1102 639 qui
1117 603 1333 631 adversabantur
1356 604 1407 632 illis
1430 609 1457 633 et
1471 613 1521 640 pro
1544 605 1602 641 ipso
1618 606 1702 634 ratio-

904 654 967 674 nem
977 647 1137 675 reddebant.
1148 648 1303 684 lgiturquia
1310 649 1505 678 dissentiebant
1515 650 1629 684 interse,
1638 651 1704 687 quid

904 690 975 719 ultra
990 699 1059 727 opus
1071 697 1130 720 erat
1143 694 1330 722 contradicere
1346 694 1390 722 his
1412 694 1457 730 qui
1471 695 1703 730 criminabantur,

904 737 1058 771 praesertim
1082 746 1147 766 cum
1170 745 1258 775 neque
1284 738 1324 767 sic
1343 739 1428 768 ﬁdem
1451 739 1565 776 quidem
1586 740 1704 769 habituri

904 785 996 809 essent
1003 783 1015 809 Ρ

876 825 1000 861 ἀλλήλων
1033 825 1141 857 ἵσταντο
1172 828 1386 868 διασχισθέντες,
1419 829 1445 858 τί
1471 829 1510 859 ἔτι
1535 830 1588 859 ἔδει
1613 829 1703 860 λοιπὸν

37 871 92 901 καὶ
111 871 194 900 αὑτὸν
218 869 361 909 ἀντιλέγειν
387 874 440 903 τοῖς
463 870 665 907 διαϐάλλουσιν,
689 870 735 900 καὶ
757 873 842 899 ταῦτα
859 870 927 908 μηδὲ
941 874 1065 901 τοσοῧτον
1080 872 1230 906 ἀξιόπιστον
1251 874 1389 912 ἐσόμενον;

87 930 102 943 ι
129 915 256 956 Ἐγένετο
280 915 306 945 δὲ
327 915 362 945 τὰ
379 914 499 954 ἐγκαίνια
515 917 542 945 ἐν
560 920 614 950 τοῖς
636 915 848 954 Ἱεροσολύμοις,

37 961 94 991 καὶ
124 960 228 1001 χειμὼν
260 956 301 996 ἦν.
330 960 384 990 Καὶ
408 961 565 1000 περιεπάτει
590 963 604 990 6
629 960 732 996 Ἰησοῦς
756 961 782 990 ἐν
810 962 849 1001 τῷ

36 1008 114 1046 ἱερῷ
138 1007 167 1035 ἐν
249 1009 316 1045 στοᾷ
331 1007 378 1034 103
405 1006 588 1044 Σολομῶντος.
603 1005 777 1036 Ἐκύχλωσαν
804 1000 848 1035 οὖν

39 1051 131 1081 αὐτὸν
157 1052 182 1080 οἱ
205 1050 341 1087 Ἰουδαῖοι,
358 1049 405 1080 καὶ
421 1050 511 1089 ἔλεγον
533 1052 618 1090 αὐτῷ·
633 1050 707 1083 ’Ἕως
722 1050 788 1080 πότε
800 1050 849 1085 τὴν

36 1095 141 1137 ψυχὴν
165 1097 241 1134 ἡμῶν
258 1095 352 1135 αἴρεις;
377 1095 411 1124 Εἰ
428 1095 459 1125 σὺ
481 1091 505 1124 εἷ
520 1097 534 1124 6
548 1095 664 1135 Χριστὸς
675 1118 684 1132 ,
710 1094 767 1124 εἰπὲ
784 1095 849 1137 ᾕμῖν

37 1135 205 1181 παῤῥησίᾳ.
243 1139 385 1180 Ἀπεκρίθη
423 1141 511 1174 αὐτοῖς
554 1142 569 1169 6
607 1140 724 1176 Ἰησοῦς·
765 1135 848 1170 Εἶπον

37 1188 114 1225 ὑμῖν
124 1209 134 1224 ,
154 1186 200 1215 καὶ
215 1187 245 1215 οὐ
259 1184 408 1216 πιστεύετε.
435 1185 479 1216 Τὰ
504 1185 568 1224 ἴργα
587 1185 605 1214 ἃ
619 1185 672 1224 ἐγὼ
687 1186 755 1214 ποιῶ
769 1185 795 1214 ἐν
811 1185 850 1224 τῷ

35 1231 166 1268 ὀνόματι
179 1233 225 1259 103
240 1229 347 1269 Πατρός
363 1242 425 1268 μου,
447 1232 534 1260 1013101
551 1234 681 1270 μαρτυρεῖ
696 1230 758 1268 περὶ
772 1231 847 1268 ἐμοῦ.

35 1277 124 1306 Ἀλλ’
140 1277 216 1313 ὑμεῖς
231 1275 261 1304 οὗ
281 1274 419 1304 πιστεύετε
431 1286 447 1315 ’ν
462 1275 491 1304 οὖ
506 1274 558 1315 γάρ
583 1275 642 1304 ἐστε
667 1277 696 1305 ἐκ
712 1275 764 1303 τῶν
781 1286 849 1313 προ-η

37 1321 143 1351 ϐάτων
158 1322 210 1349 τῶν
227 1320 297 1358 ἐμῶν
307 1342 315 1355 ,
329 1319 416 1353 καθὼς
431 1314 504 1349 εἶπον
526 1314 598 1358 δμῑν.
614 1333 626 1345 ι
643 1321 712 1349 Ποῖα
729 1319 850 1358 ἐγκαίνια

39 1367 159 1405 ἐγένετο
177 1365 203 1394 ἐν
220 1364 431 1404 Ἱεροσολύμοις
447 1364 524 1397 Τινὲς
541 1363 589 1402 μίν
613 1376 692 1405 φασιν
703 1387 712 1403 ,
728 1363 769 1393 ὅτι
792 1363 851 1393 καθ’

38 1411 76 1447 ἣν
95 1409 207 1449 ἡμέραν
230 1409 388 1449 ᾠκοδομήθη
409 1411 423 1438 6
437 1409 497 1442 ναὸς
516 1409 568 1439 ὑπὸ
590 1412 636 1438 103
656 1410 848 1447 Σολομῶντος,

41 1457 115 1485 κατ’
152 1454 234 1490 αὐτὴν
265 1454 387 1493 ἑόρταζον
421 1453 455 1484 τὰ
489 1454 619 1493 ἐγκαίνια.
648 1452 740 1484 Ἄλλοι
767 1453 794 1482 δὲ
821 1454 850 1482 οὖ

38 1499 131 1530 τοῦτό
155 1511 247 1540 φασιν,
264 1498 334 1528 ἀλλὰ
349 1501 396 1535 τῆς
421 1498 491 1537 μετὰ
513 1498 562 1534 τὴν
577 1498 765 1538 αἰχμαλωσίαν
779 1499 851 1528 οἷκο-

39 1547 135 1584 δομῆς
149 1547 196 1574 103
214 1547 277 1573 ναοῦ
294 1543 328 1573 τὰ
355 1543 476 1582 ἐγκαίνια
501 1547 546 1574 νῦν
571 1543 656 1583 λέγειν
672 1543 716 1572 τὸν
744 1543 852 1582 εὐαγγε-

40 1590 164 1626 λισ-ι-ήν.
189 1589 324 1627 Λαμπρὰν
354 1589 381 1618 δὲ
406 1584 470 1627 ἦγον
495 1588 544 1624 τὴν
573 1588 667 1628 ἑορτὴν
693 1588 738 1617 καὶ
768 1589 850 1625 δημο-

36 1637 127 1670 τελῆ.
153 1633 204 1667 Ὧς
223 1634 274 1674 γὰρ
290 1633 334 1663 τὸν
350 1635 445 1664 οἰκεῖον
468 1633 568 1672 κόσμον
594 1633 781 1667 ἀπολαϐούσης
803 1636 850 1668 τ”ἰς

36 1680 157 1713 πόλεως
173 1678 241 1717 μετὰ
255 1678 303 1714 τὴν
321 1678 426 1718 μακρὰν
443 1679 546 1714 ἐκείνην
561 1678 754 1718 αἰχμαλωσίαν
764 1702 771 1714 ,
785 1689 850 1718 χαρ-

38 1727 136 1765 μονῆς
171 1723 274 1765 ἡμέραν
302 1724 350 1760 τὴν
375 1725 428 1753 τῶν
459 1724 599 1762 ἐγκαινίων
629 1725 774 1753 ἐποιοῦντο.
803 1723 849 1753 Ἐν

35 1763 135 1809 ταύτῃ
164 1763 209 1798 03v
294 1769 372 1809 ἑορτῇ
395 1770 484 1809 παρῆν
510 1768 556 1798 καὶ
578 1771 592 1797 6
612 1768 728 1804 Ἰησοῦς·
758 1768 848 1797 λοιπὸν

36 1815 99 1855 γὰρ
133 1816 169 1855 τῇ
192 1813 449 1855 Ἰουδαίᾳγσυνεχῶς
478 1813 672 1853 ἐπεχωρίαζεν,
701 1813 792 1848 ἐπειδὴ
820 1813 850 1842 τὸ

34 1848 134 1892 πάθος
207 1848 356 1900 θύραις-ἧν.
373 1848 482 1897 Χειμὼν
494 1848 545 1898 γὰρ
560 1848 722 1894 ἐνειστήκει,
747 1859 805 1895 μεθ’
819 1857 848 1886 ὃν

35 1905 175 1945 χειμῶνα
201 1905 227 1933 ἐν
253 1905 292 1943 τῷ
317 1903 416 1943 πρώτῳ
445 1907 492 1932 τοῦ
520 1902 595 1943 ἔαρος
623 1902 687 1941 μηνὶ
713 1901 810 1932 ἔπαθεν
835 1903 849 1932 ὁ

35 1949 160 1990 Κύριος.
191 1948 239 1978 Διὸ
262 1948 307 1977 καὶ
334 1949 347 1977 6
373 1947 562 1987 εὖαγγελιστὴς
589 1946 776 1986 ἐπεσημήνατο
804 1946 848 1976 τὸν

35 1994 162 2035 καιρὸν,
182 1993 307 2022 δεικνύων
324 1993 363 2022 ὅτι
383 1992 458 2032 ἔγγὺς
481 1989 514 2028 ἦν
531 1994 544 2022 6
559 1992 650 2033 καιρὸς
675 1995 719 2022 103
735 1991 848 2031 πάθους,

35 2039 91 2069 καὶ
130 2037 176 2068 διὰ
208 2041 284 2067 τοῦτο
318 2042 373 2072 τοῖς
397 2037 592 2078 Ἱεροσολύμοις
625 2037 801 2076 ἔπεχωρίαζεν
835 2038 849 2066 6

37 2085 159 2124 Κύριος.
190 2096 203 2109 α
236 2082 410 2113 Ἐκῦκλωσαν
433 2078 478 2112 03v
509 2082 587 2112 αὐτὸν
613 2083 636 2112 οἱ
665 2082 806 2112 Ἰουδαῖον
836 2095 848 2109 ι

35 2129 90 2160 καὶ
119 2129 161 2168 τῷ
183 2127 230 2166 μὲν
248 2127 348 2164 δοκεῖν,
377 2129 408 2157 ἐκ
428 2127 509 2157 πόθου
531 2127 598 2160 τινὸς
622 2127 667 2156 καὶ
690 2126 849 2167 Napaei“

35 2174 185 2214 ἐρωτῶσιν
203 2173 285 2202 εἰπεῖν
307 2173 405 2209 αὐτοῖς,
429 2174 451 2202 εἷ
477 2171 554 2205 αὐτός
581 2173 652 2201 ἐστιν
679 2172 694 2200 6
719 2172 849 2211 Χριστός·

34 2222 73 2259 τῇ
97 2218 130 2247 δὲ
153 2217 263 2258 ἀληθείᾳ
287 2218 317 2246 ἐκ
333 2217 472 2257 περιέργου
495 2216 539 2246 καὶ
558 2215 750 2257 διεφθαρμένης
774 2216 845 2256 γνώ-

36 2276 97 2303 μης
171 2261 309 2302 ἐρώτησις.
333 2263 395 2292 Τῶν
415 2262 467 2302 γὰρ
489 2262 571 2301 ἔργων
597 2260 780 2301 κηρυττόντων
799 2262 848 2290 αὖ-

36 2301 88 2339 τὸν
108 2301 180 2337 εἶναι
195 2306 240 2336 τὸν
256 2306 390 2346 Χριστὸν,
415 2308 509 2337 ἐκεῖνοι
529 2306 582 2336 ἀπὸ
599 2307 725 2347 ῥημάτων
744 2306 850 2342 ἐζήτουν

36 2356 160 2394 μαθεῖν·
183 2350 197 2380 ὃ
215 2351 362 2387 παιζόντων
387 2352 488 2390 μᾶλλόν
513 2352 588 2388 ἐστι,
614 2352 661 2380 καὶ
682 2351 850 2391 ἐπεγγελῶν-

32 2410 110 2429 των.
141 2397 240 2436 Ὅμως
267 2397 294 2426 δὲ
326 2399 344 2433 ἡ
369 2396 496 2437 ἐρώτησις
525 2397 626 2432 πολλῆς
661 2396 850 2434 ἀγνωμοσύνης

33 2443 171 2484 γέμουσα
195 2441 242 2470 καὶ
277 2442 482 2482 κατεψευσμένη
509 2441 695 2481 τυγχάνουσα,
725 2441 774 2476 τὴν
800 2453 849 2479 μο-

32 2487 162 2529 χθηρίαν
185 2487 269 2516 αὐτῶν
287 2485 435 2516 δείκνυσιν.
459 2499 470 2512 ιι
488 2486 556 2516 Εἰπὲ
571 2485 640 2525 γὰρ,
665 2485 762 2526 φασὶν,
785 2487 850 2524 ἡμῖν

31 2524 199 2574 παρρησίᾳ.
227 2544 240 2557 ιο
265 2531 320 2561 Καὶ
344 2530 396 2569 μὴν
428 2531 565 2571 πολλαχοῦ
591 2524 677 2568 ἔλεγε.
692 2531 848 2571 παρῤησίᾳ,

32 2578 86 2609 καὶ
105 2577 168 2610 ταῖς
193 2577 296 2616 ἑορταῖς
315 2575 517 2616 ἕπιχωριάζων,
534 2575 579 2605 καὶ
596 2576 670 2605 οὐδὲν
686 2577 713 2605 ἐν
729 2577 767 2616 τῷ
782 2587 849 2616 κρυ-

33 2624 105 2664 πτῷ
131 2622 242 2659 λαλῶν,
268 2620 314 2650 καὶ
338 2621 401 2651 Υἱὸν
426 2621 498 2651 Θεοῦ
518 2621 611 2650 ἑαυτὸν
625 2620 782 2660 ὀνομάζων,
804 2620 851 2650 καὶ

35 2670 118 2709 φῶς,
133 2666 181 2696 καὶ
193 2667 252 2696 ὁδὸν
262 2688 270 2702 ,
285 2665 330 2696 καὶ
352 2665 447 2706 θύραν,
466 2665 511 2695 καὶ
530 2665 575 2694 τὸν
590 2666 707 2702 Μωσῆν,
720 2665 849 2705 παράγων

36 2714 187 2752 μάρτυρα.
214 2711 262 2741 Διὸ
281 2711 397 2751 ἐλέγχων
420 2710 514 2744 αὐτοὺς
529 2711 543 2739 6
565 2710 672 2752 Κύριος,
695 2711 730 2744 ὡς
751 2711 782 2740 ἐκ
799 2722 850 2740 που

35 2751 132 2798 νηρᾶς
143 2751 350 2797 φθεγγομένους
365 2754 490 2794 γνώμης,
510 2769 521 2783 κ
544 2751 628 2786 Εἶπον
645 2755 721 2793 ὗμῖν,
737 2769 748 2782 ιι
768 2755 850 2796 φησὶ,

35 2797 193 2838 πολλάκις,
206 2815 219 2829 α
235 2800 279 2830 καὶ
295 2801 325 2830 οὐ
337 2801 487 2832 πιστεύετε.
503 2814 517 2827 ιι
531 2797 633 2834 1Άλλως
644 2811 673 2829 τε
685 2821 694 2838 ,
712 2799 749 2830 Τί
762 2812 848 2840 προσ-

77 2851 104 2869 σ⁹
118 2852 242 2886 Joan.1,
258 2854 290 2885 4;
306 2858 338 2886 x,
353 2854 380 2879 7.

865 2245 888 2277 D

869 916 893 948 Β

942 922 1032 950 Vens.
1049 924 1143 950 22-26.
1159 934 1170 947 α
1188 923 1267 951 Facta
1282 927 1346 951 sunt
1359 927 1454 951 autem
1470 924 1592 952 encaenia
1607 924 1705 952 Hiero-

903 965 1026 1001 solymis,
1041 970 1068 994 et
1083 967 1173 994 hiems
1187 971 1258 995 erat.
1276 969 1309 995 Et
1323 968 1480 996 ambulabat
1493 969 1574 996 .Iesus
1588 969 1615 996 in
1633 973 1704 997 tem-

904 1010 948 1046 plo
959 1010 987 1038 in
1001 1011 1107 1046 porticu
1121 1012 1287 1040 Salomonis.
1303 1012 1551 1041 Circumdederunt
1559 1021 1624 1049 ergo
1638 1021 1702 1042 eum

903 1055 1002 1089 Judaei,
1017 1059 1046 1083 et
1057 1055 1186 1084 dicebant
1199 1056 1223 1084 ei
1248 1066 1254 1084 :
1278 1057 1427 1093 Quousque
1441 1057 1563 1086 animam
1578 1062 1702 1086 nostram

903 1100 1066 1135 suspendis?
1091 1100 1117 1129 Si
1139 1104 1169 1129 tu
1191 1109 1221 1130 es
1242 1101 1378 1135 Christus,
1401 1101 1446 1130 dic
1472 1102 1552 1130 nobis
1573 1102 1701 1139 ingenue.

903 1145 1056 1180 Respondit
1068 1145 1107 1174 eis
1119 1146 1200 1174 Jesus
1215 1154 1222 1174 :
1239 1146 1299 1174 Dix-i
1315 1146 1402 1181 vobis,
1417 1155 1466 1175 nec
1478 1147 1599 1175 creditis.
1617 1148 1703 1183 Opera

903 1197 966 1226 qua:
981 1197 1032 1225 ego
1057 1189 1126 1218 facio
1142 1191 1169 1218 in
1184 1191 1298 1219 nomine
1314 1191 1401 1219 Patris
1416 1192 1483 1225 mei,
1504 1191 1564 1220 haec
1578 1192 1702 1220 testimo-

903 1234 980 1262 nium
996 1234 1114 1263 reddunt
1126 1234 1159 1263 de
1173 1242 1228 1263 me.
1244 1235 1298 1264 Sed
1309 1243 1358 1263 vos
1371 1243 1426 1263 non
1439 1235 1559 1270 creditis,
1573 1236 1635 1272 quia
1648 1244 1703 1264 non

905 1279 970 1307 estis
1001 1287 1033 1307 ex
1062 1280 1158 1307 ovibus
1194 1280 1275 1314 meis,
1305 1280 1539 1317 quemadmodum
1577 1281 1702 1309 dicebam

905 1324 988 1352 vobis.
1016 1335 1029 1348 ι
1049 1324 1116 1359 Quae
1130 1325 1254 1353 cncaenia
1274 1325 1344 1353 facta
1365 1329 1431 1353 sunt
1445 1326 1472 1352 in
1489 1326 1702 1361 Hierosolymis?

905 1368 1025 1404 Quidam
1053 1369 1149 1397 dicunt
1177 1369 1251 1404 quod
1274 1377 1329 1405 quo
1357 1370 1401 1397 die
1425 1369 1593 1398 mdiﬁcatum
1618 1369 1704 1398 fuerit

906 1413 1039 1449 templum
1051 1422 1066 1441 a
1079 1414 1235 1448 Salomone,
1250 1414 1347 1442 eodem
1358 1414 1554 1442 celebraverint
1569 1416 1700 1443 encaania.

906 1458 959 1486 Alii
981 1462 1074 1486 autem
1095 1467 1151 1486 non
1164 1458 1218 1487 hoc
1231 1459 1336 1492 dicunt,
1350 1459 1398 1486 sed
1416 1459 1610 1495 evangelistam
1625 1460 1704 1488 aiunt

906 1503 997 1531 dicere
1009 1503 1130 1532 encmnia
1146 1504 1295 1532 constructi
1318 1503 1412 1540 templi
1429 1507 1489 1540 post
1503 1504 1698 1540 captivitatem.

908 1548 1073 1576 Prazclarum
1088 1553 1180 1576 autem
1203 1552 1229 1576 et
1243 1548 1348 1576 celebre
1362 1549 1480 1584 agebant
1495 1548 1604 1576 festum.
1630 1550 1702 1577 Nam

905 1596 1034 1629 tanquam
1054 1593 1148 1621 civitas
1162 1601 1243 1621 suum
1259 1597 1388 1621 ornatum
1404 1593 1550 1629 recepisset
1570 1597 1631 1629 post
1646 1594 1703 1622 lon-

902 1646 964 1673 gam
977 1638 1055 1666 illam
1065 1639 1264 1674 captivitatem,
1269 1638 1425 1674 jucundum
1438 1637 1510 1666 diem
1521 1639 1704 1667 encazniorum

903 1682 1046 1711 faciebant.
1064 1685 1096 1710 1n
1118 1684 1170 1711 hoc
1185 1684 1265 1719 igitur
1281 1683 1351 1711 festo
1366 1683 1463 1711 aderat
1477 1686 1505 1710 et
1517 1685 1607 1712 Jesus.
1623 1685 1703 1712 Nunc

902 1732 995 1755 autem
1018 1727 1186 1764 frequentius
1207 1731 1331 1756 versatur
1357 1728 1386 1755 in
1403 1727 1512 1762 Judaaa,
1527 1728 1591 1764 quia
1613 1728 1702 1764 passio

902 1772 930 1800 in
942 1772 1048 1801 foribus
1060 1777 1129 1801 erat.
1144 1773 1243 1800 Hiems
1255 1773 1328 1800 enim
1342 1772 1470 1806 instabat,
1482 1777 1627 1808 postquam
1643 1773 1703 1800 hie—

902 1825 975 1845 mem
1000 1817 1029 1845 in
1055 1818 1143 1853 primo
1164 1825 1260 1845 mense
1275 1817 1347 1845 veris
1370 1825 1464 1853 passus
1487 1821 1530 1844 est
1552 1817 1700 1845 Dominus.

902 1863 1048 1897 Propterea
1067 1866 1094 1889 et
1107 1862 1274 1896 evangelista
1295 1862 1399 1888 notavit
1421 1865 1540 1896 tempus,
1555 1861 1703 1889 ostendens

901 1907 976 1942 quod
994 1913 1078 1942 prope
1092 1906 1128 1934 sit
1142 1910 1250 1941 tempus
1262 1905 1406 1941 passionis,
1419 1910 1447 1933 et
1459 1909 1602 1940 propterea
1614 1913 1703 1933 versa-

901 1955 947 1980 tur
960 1951 989 1979 in
1002 1950 1215 1987 Hierosolymis.
1228 1961 1241 1974 ι
1257 1949 1505 1978 Circumdederunt
1516 1949 1600 1986 igitur
1612 1950 1702 1986 ipsum

900 1996 1002 2031 ludati,
1018 2007 1031 2020 ιι
1058 2000 1086 2024 et
1107 1999 1268 2032 apparenter
1285 1994 1397 2030 quidem
1421 2003 1454 2022 ex
1475 1994 1607 2022 desiderio
1635 2002 1703 2030 quo-

901 2040 967 2069 dam
990 2041 1110 2069 discendi
1131 2041 1303 2076 interrogant
1325 2043 1356 2067 ut
1378 2039 1417 2068 eis
1431 2039 1514 2073 dicat,
1531 2051 1545 2064 ι
1561 2047 1630 2067 num
1644 2040 1701 2075 ipse

901 2087 937 2114 sit
949 2085 1085 2120 Christus,
1104 2096 1118 2110 ι
1138 2093 1233 2113 revera
1252 2089 1345 2112 autem
1360 2092 1393 2112 ex
1414 2088 1543 2120 corrupta
1565 2088 1593 2112 et
1607 2084 1700 2112 curio-

901 2139 931 2158 sa
946 2135 1038 2159 mente
1058 2130 1181 2166 profecta
1191 2134 1232 2158 est
1245 2129 1434 2166 interrogatio.
1451 2131 1522 2158 Nam
1533 2137 1599 2157 cum
1616 2137 1700 2165 opera

901 2175 1081 2212 praedicarent
1108 2175 1185 2203 illum
1210 2182 1269 2203 esse
1295 2174 1448 2206 Christum,
1476 2174 1521 2202 isti
1547 2182 1580 2202 ex
1609 2174 1700 2203 verbis

901 2220 1060 2256 quaerebant
1081 2219 1200 2253 discere;
1226 2219 1302 2255 quod
1318 2218 1472 2246 ludentium
1492 2219 1578 2254 magis
1603 2223 1645 2247 est
1671 2223 1700 2246 et

901 2265 1096 2293 deridentium.
1117 2263 1238 2292 Omnino
1253 2268 1344 2292 autem
1363 2263 1480 2300 quaestio
1495 2271 1593 2300 magna
1613 2263 1700 2299 ingra-

903 2310 1016 2338 titudine
1036 2310 1114 2346 plena
1140 2313 1191 2344 est,
1214 2313 1242 2337 et
1261 2308 1401 2337 fallacium
1429 2309 1539 2336 illorum
1566 2308 1700 2336 malitiam

903 2355 1061 2384 ostendens.
1086 2366 1099 2379 ι
1115 2354 1168 2382 Dic
1191 2354 1277 2387 enim,
1304 2353 1441 2390 inquiunt,
1460 2352 1542 2381 nobis
1563 2353 1655 2382 libere.
1685 2365 1698 2378 ι

906 2401 975 2428 Sane
993 2400 1094 2436 ubique
1109 2399 1216 2428 dicebat
1229 2399 1324 2433 libere,
1339 2402 1367 2426 et
1379 2398 1556 2434 comparebat
1570 2397 1599 2426 in
1613 2397 1700 2433 festis,

905 2449 932 2473 et
949 2445 1015 2473 nihil
1029 2445 1058 2473 in
1070 2445 1177 2473 occulto
1193 2443 1366 2480 loquebatur,
1379 2443 1535 2479 Filiumque
1548 2443 1597 2471 Dei
1608 2451 1637 2471 se
1651 2451 1701 2472 υοο

905 2490 1039 2525 minabat,
1054 2501 1067 2514 ει
1081 2493 1110 2517 et
1124 2489 1225 2523 lucem,
1242 2493 1270 2516 et
1280 2488 1374 2521 vitam,
1386 2491 1412 2516 et
1426 2488 1528 2515 ostium
1544 2486 1578 2521 θ’,
1595 2499 1608 2512 ιι
1622 2487 1701 2516 adhi-

906 2534 963 2563 bito
978 2535 1061 2563 etiam
1084 2538 1154 2562 teste
1175 2535 1263 2562 Mose.
1279 2534 1428 2569 Propterea
1443 2539 1561 2568 arguens
1579 2540 1627 2560 eos
1641 2534 1703 2560 Do-

905 2579 1008 2613 minus,
1018 2583 1113 2615 utpote
1126 2578 1198 2606 malo
1208 2578 1302 2606 animo
1313 2578 1454 2613 loquentes
1467 2586 1472 2604 :
1489 2588 1501 2601 ιι
1516 2576 1577 2605 Dixi
1587 2577 1674 2612 vobis,
1687 2587 1700 2601 ιι

904 2624 1003 2660 inquit,
1019 2624 1128 2659 saepius,
1145 2635 1159 2647 ι
1175 2627 1203 2651 et
1224 2630 1281 2651 non
1294 2622 1416 2650 creditis.
1434 2633 1447 2646 ι»
1464 2625 1492 2650 et
1509 2622 1586 2650 aliter
1605 2629 1612 2648 :
1631 2620 1703 2655 Quid

905 2669 943 2697 ita
972 2669 1108 2697 simulatis
1135 2667 1209 2704 quod
1240 2667 1316 2696 nudo
1352 2667 1435 2695 verbo
1467 2664 1704 2702 persuadeamini?

906 2725 919 2738 ι
938 2715 1027 2750 Opera
1048 2721 1110 2750 qua;
1123 2713 1204 2747 facio,
1222 2723 1236 2738 ι
1251 2720 1308 2741 non
1332 2715 1363 2740 ut
1380 2711 1553 2740 adversarius
1572 2710 1636 2744 Dei,
1656 2708 1704 2736 sed

907 2770 920 2783 α
939 2759 967 2787 in
977 2759 1091 2787 nomine
1105 2758 1196 2786 Patris
1208 2758 1272 2792 mei,
1286 2769 1299 2782 1
1309 2765 1364 2785 non
1377 2756 1510 2792 recipitis,
1524 2758 1553 2782 et
1562 2752 1704 2790 quomodo

905 2803 985 2833 nudis
1006 2804 1095 2832 verbis
1106 2802 1240 2832 credetis?
1258 2802 1378 2831 Omnino
1397 2800 1472 2829 enim
1486 2799 1575 2835 major
1591 2802 1633 2827 est
1646 2798 1704 2827 vir-

870 1571 893 1603 C
