1910 3077
257 194 292 220 79
766 185 1023 214 TllEOPllYLACTl
1044 185 1222 213 BULGARLE
1240 184 1400 213 ARCHlEP.
1863 186 1885 212 80

269 262 302 282 us
331 260 447 289 operum
477 258 560 287 quam
590 249 736 277 verborum
757 248 792 276 ad
819 247 1056 284 persuadendum;

1114 250 1230 278 ποιεῖσθε
1253 248 1283 277 τὸ
1314 247 1367 277 ἀπὸ
1394 248 1471 288 ψιλοῦ
1495 246 1612 287 ῥήματος
1643 248 1798 282 πισθῆναη
1820 260 1830 272 ι
1851 248 1882 276 Τὰ

257 299 342 335 651
363 296 437 334 quod
450 300 476 324 et
501 294 656 323 fatebantur
676 293 703 321 hi
723 293 769 329 qui
784 293 881 321 melius
894 293 964 320 inter
985 293 1056 328 ipsos

1114 293 1194 332 ἔργα,
1214 292 1230 321 ἃ
1253 291 1305 331 ἐγὼ
1329 295 1415 329 ποιῶ,
1439 305 1451 317 r
1482 293 1532 331 οὐχ
1554 293 1589 324 ὡς
1616 290 1746 329 ἀντίθεος,
1771 292 1846 320 ἀλλ’·

256 348 409 383 sapiebant,
437 345 559 372 dicentes
583 352 590 370 :
615 354 626 367 α
649 343 710 370 Non
725 345 815 378 potest
827 341 912 369 homo
932 326 1056 377 peccator

1114 337 1224 374 ὀνόματι
1252 340 1297 366 τοῦ
1324 337 1430 376 Πατρός
1456 348 1516 374 μου,
1536 349 1548 362 ν
1574 336 1603 365 οὗ
1634 336 1756 376 δέχεσθε,
1781 336 1822 365 καὶ
1842 338 1880 368 πῶς

256 380 334 428 sig-na
346 391 409 418 talia
420 389 521 417 facere.
541 400 553 413 ιι
569 390 714 423 Propterea
727 386 793 414 dicit
809 394 815 411 :
834 398 846 409 «
872 387 932 414 Non
951 385 1056 413 creditis

1113 383 1183 421 ψιλῷ
1214 381 1284 421 λόγῳ
1317 381 1492 417 mandens;
1520 381 1632 414 Πάντως
1659 382 1710 420 γὰρ
1735 380 1788 412 τοῖς
1818 380 1881 420 ἔργοις

258 435 336 470 mihi,
360 435 422 471 quia
433 442 488 461 non
512 433 576 460 estis
596 440 629 460 ex
651 431 746 459 ovibus
771 431 850 458 meis.
876 442 887 454 ιι
916 431 987 457 Nam
1009 437 1056 465 ego

1114 427 1212 456 πλείων
1235 426 1300 465 πρὸς
1325 427 1354 455 τὸ
1371 425 1468 455 πείθειν
1494 426 1619 463 δύναμις,
1644 424 1662 460 ἣ
1676 427 1729 458 τοῖς
1747 425 1836 463 λόγοις.
1856 424 1881 454 Ὃ

263 469 389 517 quidem,
404 484 433 507 ut
443 482 535 514 pastor
545 478 646 509 bonus,
655 484 716 511 quae
727 476 868 511 oportebat
879 475 977 508 facere,
988 474 1056 502 feci:

1114 472 1159 500 καὶ
1174 471 1200 505 ἐξ
1218 472 1304 500 αὐτῶν
1321 472 1344 500 οἱ
1361 469 1595 510 εὖγνιιιμονέστεροι
1607 469 1711 508 ἔλεγον·
1734 483 1746 496 ι
1763 470 1808 504 Μὴ
1821 469 1880 498 δύναι-

262 515 312 554 vos
329 529 419 553 autem
439 523 461 551 si
478 531 533 550 non
547 520 712 558 sequamini,
727 528 784 548 non
803 528 854 555 ego
871 520 997 555 pastoris,
1011 518 1056 546 sed

1113 527 1157 545 ται
1179 517 1313 555 ἄνθρωπος
1338 515 1494 555 ἁμαρτωλὸς
1516 519 1616 552 σημεῖα
1636 517 1747 543 τοιαῦτα
1767 515 1855 550 ποιεῖν;
1874 528 1881 539 ι

260 578 309 598 vos
323 569 417 597 ovium
430 567 570 595 vocatione
590 565 692 601 indigni
708 564 781 592 estis.
793 566 836 592 Da
853 568 882 592 et
895 568 924 591 tu
935 571 1056 599 operam,

1114 561 1158 590 διὰ
1181 564 1257 590 τοῦτο
1281 560 1324 596 δὲ,
1347 561 1443 600 φησὶν,
1471 574 1483 585 ιι
1497 560 1537 589 Οὐ
1560 559 1700 588 πιστεύετέ
1720 570 1780 595 μοι,
1802 558 1880 588 ὅτιούκ

261 615 329 644 dum
350 613 436 641 hiems
455 616 505 645 est,
527 618 646 647 praesens
671 609 731 638 dico
752 609 815 643 vita,
837 616 899 644 quae
923 616 1030 644 semper
1044 616 1056 635 a

1113 606 1172 634 ἐστὲ
1189 608 1219 635 ἐκ
1239 607 1290 634 τῶν
1313 605 1454 645 προϐάτων
1476 605 1529 633 τῶν
1545 605 1628 643 ἐμῶν,
1651 615 1666 633 n
1693 603 1766 642 Ἐγὼ
1791 603 1832 641 μὲν
1845 603 1880 641 γὰρ

261 659 340 687 malis
356 658 495 694 spiritibus
513 656 652 689 turbatur,
676 658 708 682 ut
730 654 850 681 celebres
873 653 991 681 encaenia
1010 652 1056 688 spi-

1113 652 1150 683 ὡς
1160 650 1259 688 ποιμὴν
1285 650 1376 688 καλὸς,
1394 649 1462 688 ἅπερ
1482 650 1563 689 ἐχρῆν
1585 651 1712 687 ποιῆσαι,
1738 647 1850 683 ἐποίησα·
1868 649 1881 676 εἰ

259 692 472 738 ritualistempli
487 701 536 734 tui,
552 707 661 735 semper
676 706 764 726 novus
780 697 881 731 factus,
896 702 923 725 et
939 709 952 722 α
968 705 1056 725 ascen-

1114 695 1141 724 δὲ
1158 697 1232 733 ὑμεῖς
1248 695 1295 723 οὐκ
1311 694 1494 731 ἀκολουθεῖτε,
1512 694 1560 723 οὐκ
1575 692 1628 732 ἐγὼ
1647 695 1693 728 τῆς
1707 694 1752 722 τοῦ
1768 692 1881 730 ποιμένος,

261 749 353 777 siones
376 747 403 775 in
427 736 512 774 corde
526 752 633 781 ponens
645 743 668 760 ⁷ο
681 764 688 771 .
705 755 718 767 υ
735 743 831 770 Aderit
844 743 917 770 enim
936 746 1002 770 tunc
1011 742 1056 770 tibi

1113 741 1173 768 ἀλλ’
1189 741 1263 777 ὑμεῖς
1285 741 1332 774 τῆς
1348 740 1399 768 τῶν
1419 738 1561 778 προϐάτων
1577 737 1677 771 ἀνάξιοί
1692 739 1753 767 ἐστε
1774 736 1880 773 κλήσεως.

261 795 352 826 Jesus,
373 792 420 827 qui
432 790 514 818 simul
533 789 651 818 celebret
672 787 859 815 enczeniorum
880 786 1056 814 festivitatem

1113 785 1251 818 Σπούδαζε
1267 783 1294 813 δὲ
1312 784 1357 813 καὶ
1372 783 1420 819 σὺ,
1436 784 1462 812 ἐν
1479 783 1533 822 ὅσῳ
1554 782 1656 822 χειμών
1674 783 1759 819 ἐστιν,
1773 784 1787 811 6
1800 781 1880 821 παρὼν,

261 837 289 866 in
303 837 409 873 porticu
433 834 595 868 Salomonis,
619 832 742 861 custodia
763 840 811 860 sua
834 836 860 859 te
881 831 1015 863 muniens,
1032 835 1056 858 et

1113 829 1200 868 λέγω,
1224 829 1278 868 βίος
1289 851 1298 865 ,
1325 831 1338 858 6
1359 828 1400 858 ἀεὶ
1418 828 1539 868 ταραχὰς
1557 827 1607 856 ὑπὸ
1620 829 1672 856 τῶν
1688 827 1837 866 πνευμάτων
1849 829 1881 862 τῆς

261 882 406 918 pacificum
429 884 457 908 te
483 879 585 907 faciens
605 878 640 906 ab
677 876 878 905 affectionibus.
902 877 962 911 lpse
985 875 1056 903 enim

1112 874 1239 914 πονηρίας
1266 873 1353 913 ἔχων,
1377 873 1408 902 τὰ
1434 872 1556 912 ἐγκαίνια
1573 872 1699 912 ἑορτάσαι
1723 874 1769 902 τοῦ
1788 883 1880 908 πνευμα-

259 908 404 963 paciﬁcnm
428 925 560 953 Salomon
584 926 634 951 est.
657 921 788 957 Quisquis
811 921 894 956 igitur
917 908 947 947 in
968 924 1056 956 prote-

1113 921 1187 949 τικοῦ
1204 930 1250 947 σου
1274 921 1354 952 ναοῦ,
1381 917 1422 947 ἀεὶ
1443 917 1499 950 νέος
1523 917 1671 956 γινόμενος,
1695 917 1742 946 καὶ
1767 916 1881 948 ἀναϐάσεις

260 961 353 999 ctione
368 969 466 998 Christi
482 968 586 1004 pacifici
608 971 746 1000 moratur,
763 966 846 993 habet
867 969 894 993 et
906 965 1056 993 Dominum

1113 966 1140 994 ἐν
1154 965 1187 1003 τῇ
1210 963 1305 1003 καρδίᾳ
1332 963 1519 1000 διατιθέμενος.
1538 961 1608 992 Τότε
1634 961 1685 1001 γὰρ
1705 961 1739 997 δή
1767 973 1805 990 σοι
1823 961 1880 989 καὶὸ

259 1015 341 1044 simul
364 1014 439 1042 diem
467 1013 568 1041 festum
593 1015 718 1048 agentem
737 1010 922 1038 encaeniorum
945 1010 1055 1042 animae,

1112 1009 1216 1045 Ἰησοῦς
1237 1007 1369 1047 παρέσται
1392 1007 1440 1043 τὴν
1464 1009 1516 1036 τῶν
1541 1007 1681 1045 ἐγχαινίων
1701 1005 1800 1035 τούτων
1813 1016 1880 1044 συνερ-

258 1059 380 1096 quandiu
394 1059 482 1086 hiems
496 1057 560 1085 vitae
577 1056 659 1092 hujus
672 1055 764 1084 durat.
778 1056 830 1083 Ver
848 1054 921 1083 enim
933 1054 1056 1082 futurum

1112 1053 1254 1093 γαζόμενος
1280 1051 1372 1092 ἑορτὴν
1397 1052 1423 1080 ἐν
1448 1053 1480 1090 τῇ
1507 1055 1572 1090 στοᾷ
1594 1053 1642 1080 τοῦ
1665 1052 1847 1089 Σολομῶντος,
1864 1051 1880 1078 ἓν

259 1095 391 1133 saeculum
417 1107 470 1137 est,
493 1110 548 1138 quo
567 1101 661 1129 omnia
686 1100 859 1133 reviviscunt,
885 1107 941 1135 quo
964 1099 1056 1127 nullus

1112 1101 1145 1138 τῇ
1163 1097 1250 1135 σκέπῃ
1275 1099 1356 1126 αὑτοῦ
1381 1097 1563 1136 πιριφρουρῶν
1588 1108 1632 1132 σε,
1656 1095 1702 1124 καὶ
1721 1095 1880 1135 εἷρηνεύεινσὶ

259 1149 380 1177 animam
414 1147 545 1175 innovare
576 1149 676 1182 potest.
705 1145 777 1172 Nam
801 1134 929 1180 praesenti
956 1143 1056 1172 saeculo

1112 1144 1193 1172 ποιῶν
1217 1142 1270 1170 ἀπὸ
1287 1143 1338 1171 τῶν
1355 1143 1456 1170 παθῶν.
1477 1140 1562 1173 Αὐτὸς
1574 1140 1626 1179 γὰρ
1641 1139 1717 1169 ἔσται
1735 1141 1750 1169 ὁ
1765 1134 1880 1178 Σολομῶν,

259 1193 353 1222 omnia
367 1192 430 1220 talia
443 1180 656 1220 concluduntur.

1114 1186 1141 1220 ὃς
1157 1186 1331 1226 εἰρηνικὸς
1347 1186 1529 1225 ἑρμηνεύεται.
1543 1183 1640 1218 “Odm
1656 1180 1701 1214 οὖν
1725 1185 1752 1214 ἐν
1819 1183 1880 1220 σκέπῃ

257 1241 303 1268 τοῦ
331 1239 449 1278 Χριστοῦ
475 1239 521 1265 τοῦ
548 1236 680 1274 εἰρηνικοῦ
704 1233 852 1269 αὐλίζεται,
876 1231 944 1261 κατὰ
965 1232 1010 1261 τὸν
1034 1231 1188 1272 προφήτην,
1217 1231 1273 1270 ἔχει
1297 1230 1375 1259 αὐτὸν
1404 1230 1446 1259 τὸν
1477 1229 1573 1270 Κύριον
1602 1229 1808 1269 συνεορτάζοντα
1834 1229 1882 1264 αὐτῷ

258 1282 291 1312 τὰ
320 1284 366 1317 τῆς
394 1283 482 1322 ψυχῆς
512 1279 647 1318 ἐγκαίνιοι,
675 1279 702 1308 ἓν
720 1276 774 1318 ὅσῳ
798 1279 812 1306 6
835 1276 952 1317 χειμὼν,
976 1279 989 1306 6
1015 1276 1069 1316 βίος
1093 1272 1179 1312 οἶτος,
1206 1276 1349 1304 ἐνίσταται.
1377 1273 1450 1314 Ἔαρ
1477 1273 1528 1314 γὰρ
1555 1275 1568 1303 6
1593 1274 1696 1311 μέλλων
1716 1273 1782 1303 αἰὼν
1799 1274 1849 1302 καθ’
1866 1271 1882 1300 ἓν

258 1328 292 1358 τὰ
308 1327 395 1356 πάντα
412 1327 513 1364 ἀναζῇ,
538 1324 584 1353 καὶ
607 1323 810 1362 παλιγγενεσίαν
834 1321 982 1360 λαμϐάνει,
1000 1323 1059 1350 καθ’
1086 1320 1114 1350 ὃν
1138 1320 1222 1353 οὐδεὶς
1245 1319 1293 1355 τὴν
1318 1318 1406 1359 ψυιίὴν
1422 1319 1570 1357 ἐγκαινίσαι
1595 1318 1715 1347 δύναται·
1731 1319 1771 1359 τῷ
1786 1317 1831 1357 γὰρ
1845 1319 1898 1345 in?

261 1373 332 1412 ρόντι
354 1372 430 1400 αἰῶνι
451 1370 538 1398 πάντα
557 1369 590 1398 τὰ
607 1372 716 1398 τοιαῦτα
731 1366 907 1405 συγκλείεται.

294 1429 386 1455 Vans.
401 1427 496 1452 27-30.
517 1436 530 1448 ‹‹
548 1425 619 1452 Oves
633 1430 702 1451 mea:
713 1430 810 1450 vocem
825 1429 915 1450 meam
931 1421 1056 1456 audiunt,

1154 1423 1165 1436 α
1192 1408 1287 1442 Καθὼς
1302 1403 1375 1438 εἶπον
1391 1410 1451 1446 ὑμῖν
1461 1432 1469 1445 ,
1487 1408 1521 1438 τὰ
1536 1408 1660 1447 πρόϐατα
1672 1407 1706 1437 τὰ
1721 1407 1778 1447 ἐμὰ
1793 1409 1832 1442 τῆς
1846 1418 1881 1446 οω-

258 1477 286 1500 et
304 1479 354 1507 ego
378 1477 514 1506 cognosco
534 1475 591 1502 eas,
610 1471 637 1495 et
651 1471 804 1503 sequuntur
819 1474 873 1500 me,
898 1469 925 1494 et
944 1473 996 1501 ego
1019 1466 1056 1493 vi-

1112 1456 1158 1489 νῆς
1173 1465 1224 1492 μου
1248 1453 1352 1488 ἀκούει,
1377 1452 1452 1491 κάγὼ
1477 1452 1599 1492 γινώσκω
1623 1453 1707 1489 αὐτὰ,
1730 1453 1778 1482 καὶ
1793 1453 1880 1481 ἀκολου-

1114 1502 1124 1507 Α
1140 1503 1156 1507 ιι.
1179 1499 1186 1507 I
1318 1499 1326 1507 5
1352 1497 1359 1507 \
1383 1500 1396 1507 υ
1426 1498 1432 1507 \
1497 1499 1505 1507 9
1516 1497 1522 1507 Ι
1612 1498 1650 1507 ᾹΥἿ
1753 1497 1762 1507 ἳ
1795 1501 1804 1506 I
1875 1495 1878 1502 ‘

258 1522 317 1545 tam
337 1520 470 1544 teternam
493 1513 529 1542 do
557 1513 608 1547 eis,
631 1520 683 1540 nec
707 1512 833 1547 peribunt
854 1511 882 1538 in
907 1514 1054 1544 aeternum,

257 1569 346 1597 neque
366 1559 451 1595 rapiet
476 1566 523 1586 eas
544 1557 691 1594 quisquam
715 1556 748 1584 de
769 1563 854 1583 manu
877 1563 950 1583 mea.
974 1556 1056 1583 Pater

258 1613 337 1634 meus
361 1605 408 1641 qui
427 1603 502 1631 dedit
513 1602 592 1636 mihi,
612 1601 701 1637 major
721 1600 850 1629 omnibus
865 1605 916 1633 est,
930 1603 958 1627 et
972 1607 1055 1627 nemo

259 1653 348 1687 potest
365 1656 461 1684 rapere
486 1647 521 1676 de
541 1654 624 1674 manu
650 1646 738 1673 Patris
762 1644 827 1673 mei.
849 1645 908 1680 Ego
929 1648 956 1672 et
976 1645 1056 1671 Pater

259 1703 345 1723 unum
366 1701 472 1722 sumus.
499 1704 512 1716 ιι
531 1693 684 1726 Postquam
707 1689 776 1718 dixit
795 1689 846 1722 eis,
872 1699 886 1714 (ι
910 1689 970 1716 Non
991 1688 1055 1716 estis

258 1748 289 1768 ex
319 1739 413 1767 ovibus
436 1737 513 1771 meis,
535 1748 548 1761 ν
564 1744 636 1763 nunc
657 1735 782 1763 hortatur
801 1742 849 1762 eos
864 1737 895 1761 ut
910 1733 976 1760 ﬁant
990 1740 1055 1760 oves

257 1785 316 1821 ejus
339 1795 344 1812 :
366 1783 426 1812 ideo
448 1786 474 1810 et
488 1781 593 1814 subdit,
613 1780 708 1808 dicens
730 1790 735 1808 ς
756 1791 768 1803 «ι
783 1780 856 1807 Oves
876 1785 944 1806 mea!
957 1785 1053 1805 vocem

256 1837 347 1857 meam
363 1827 489 1860 audiunt,
505 1830 532 1854 et
546 1830 698 1861 sequuntur
715 1831 770 1852 me.
788 1835 802 1848 ν
823 1823 926 1851 Deinde
941 1822 1054 1850 incitans

255 1882 312 1907 eos,
334 1872 401 1901 dicit
419 1879 481 1908 quae
504 1869 680 1899 consecuturi
706 1869 761 1896 sint
782 1868 873 1904 ipsum
896 1870 1050 1903 sequentes.

255 1930 267 1943 α
289 1918 381 1946 Vitam
397 1917 482 1950 enim,
500 1915 604 1952 inquit,
622 1918 752 1942 aeternam
772 1913 808 1941 do
831 1913 879 1946 eis,
894 1916 921 1940 et
934 1919 969 1939 ne
990 1918 1051 1946 per-

253 1967 316 1991 eant
334 1963 360 1990 in
375 1966 518 1994 reteruum,
541 1971 554 1984 ν
576 1963 628 1987 etc.
648 1960 683 1986 Et
701 1957 816 1985 omnino
831 1964 878 1992 per
894 1956 977 1984 verba
992 1955 1052 1983 haec

252 2008 350 2035 excitat
373 2006 445 2039 illos,
460 2005 609 2039 zelumque
629 2011 660 2030 ac
676 2002 842 2030 desiderium
865 2000 962 2035 iniicit,
982 2003 1014 2026 ut
1025 2003 1052 2026 ct

252 2052 304 2087 ipsi
329 2053 479 2085 sequantur
506 2055 569 2075 eum
595 2046 641 2081 qui
668 2045 734 2073 talia
754 2044 880 2079 largitur.
906 2045 1053 2078 Propterea

253 2099 344 2123 autem
359 2093 435 2127 dixit,
453 2104 465 2116 οι
482 2093 546 2120 Non
558 2090 702 2126 peribunt,
715 2098 730 2115 ν)
747 2088 810 2124 quia
826 2099 839 2112 ι
852 2087 951 2115 Nullus
966 2090 1054 2122 potest

1112 1499 1186 1528 θοῧσί
1207 1510 1268 1538 μοι,
1293 1497 1368 1536 κάγὼ
1383 1498 1452 1533 ζωὴν
1478 1497 1583 1527 αἰώνιον
1610 1498 1705 1536 δίδωμι
1729 1497 1830 1532 αὐτοῖς,
1850 1495 1880 1524 χαὶ

1109 1545 1138 1573 οὖ
1155 1543 1192 1582 μὴ
1208 1544 1361 1572 ἀπόλωνται
1383 1545 1418 1576 εἷς
1443 1542 1487 1571 τὸν
1513 1544 1616 1579 αἰῶνα,
1645 1542 1690 1572 καὶ
1715 1543 1768 1582 οὐχ
1794 1541 1880 1581 ἁρπάζει

1108 1601 1146 1622 τις
1173 1588 1240 1617 αὐτὰ
1267 1589 1296 1617 ἐκ
1320 1590 1367 1623 τῆς
1392 1587 1481 1627 χειρός
1508 1599 1568 1626 μου.
1602 1587 1635 1618 Ὁ
1659 1587 1760 1625 Πατήρ
1786 1598 1845 1625 μου,
1864 1584 1880 1615 3:

1109 1633 1191 1662 ἔδωκέ
1207 1645 1268 1671 μοι,
1291 1631 1386 1670 μείζων
1406 1631 1512 1661 πάντων
1536 1632 1606 1669 ἐστὶ,
1625 1632 1670 1661 καὶ
1689 1631 1776 1665 οὐδεὶς
1799 1631 1880 1660 δύναται

1110 1678 1235 1718 ἁρπάζειν
1252 1676 1320 1706 αὐτὰ
1344 1678 1374 1706 ἐκ
1397 1678 1443 1711 τῆς
1463 1676 1551 1716 χειρὸς
1572 1680 1619 1706 τοῦ
1634 1676 1741 1716 Πατρός
1757 1688 1814 1714 μου.
1831 1674 1880 1712 Ἐγὼ

1109 1717 1155 1752 καὶ
1172 1725 1185 1751 6
1204 1721 1297 1761 Πατὴρ
1313 1721 1339 1750 ἕν
1364 1722 1453 1759 ἔσμεν.
1472 1735 1484 1747 ιι
1503 1721 1616 1758 Ἐπειδὴ
1642 1717 1714 1750 εἶπεν
1729 1722 1828 1758 αὖτοῑς,
1843 1719 1879 1755 ὅτι,

1108 1781 1120 1794 κ
1144 1768 1203 1797 Οὖκ
1217 1766 1276 1796 ἐστὲ
1296 1767 1326 1795 ἐκ
1348 1768 1401 1795 τῶν
1417 1765 1559 1806 προϐάτων
1580 1768 1633 1796 τῶν
1649 1767 1737 1804 ἐμῶν,
1755 1779 1767 1792 η
1783 1768 1824 1794 ν’ὖν
1836 1775 1879 1802 προ-

1107 1811 1234 1852 τρέπεται
1260 1810 1370 1847 οιῦτοὺς,
1396 1810 1465 1840 ὥστε
1492 1811 1613 1849 γενέσθαι
1637 1811 1774 1851 πρόϐατα.
1792 1810 1834 1840 Διὸ
1851 1808 1880 1837 καὶ

1107 1857 1198 1897 ἐπάγει
1218 1857 1318 1896 λέγων·
1346 1870 1359 1882 σι
1386 1855 1429 1885 Τὰ
1454 1855 1577 1895 πρόϐατα
1601 1855 1635 1886 τὰ
1662 1855 1714 1897 ἐμοι
1744 1858 1792 1892 τῆς
1816 1854 1880 1894 φωνῆς

1107 1915 1157 1941 μου
1178 1902 1283 1938 ἀκούει,
1305 1900 1350 1930 καὶ
1377 1901 1549 1930 ἀκολουθοῧσί
1570 1912 1626 1938 μοι.
1646 1914 1658 1926 ι
1678 1894 1749 1930 Εἶτα
1772 1897 1879 1939 παρακνί-

1106 1949 1156 1981 ζων
1193 1946 1286 1978 αὖτοὺς
1316 1945 1388 1984 λέγει
1417 1945 1462 1974 καὶ
1491 1940 1528 1974 ὧν
1564 1944 1741 1979 ἐπιτεύξονται
1772 1946 1796 1974 οἱ
1828 1943 1880 1981 αὖτῷ

1107 1957 1156 1981 ζων
1193 1958 1286 1978 αυτους
1317 1957 1388 1984 Λεγει
1417 1957 1462 1974 και
1491 1958 1528 1974 ων
1564 1957 1741 1979 επιτευςονται
1772 1957 1796 1974 οι
1828 1957 1898 2005 αυῑῳγ

1107 1992 1319 2023 ἀκολουθοῦντες,
1346 2003 1357 2016 α
1384 1989 1463 2025 Ζωὴν
1478 1989 1529 2029 γὰρ
1543 2013 1551 2029 ,
1567 1989 1661 2030 φησὶν,
1684 1988 1791 2019 αἰώνιον
1809 1988 1881 2023 δίδωμι

1108 2035 1208 2074 αὐτοῖς,
1229 2034 1274 2064 καὶ
1295 2035 1323 2063 οὗ
1354 2034 1391 2072 μὴ
1416 2034 1569 2064 ἀπόλωνται
1585 2035 1620 2068 εἷς
1645 2034 1688 2064 τὸν
1705 2035 1802 2072 αἰῶνα,
1823 2047 1833 2058 ι
1850 2031 1880 2061 καὶ
1897 2040 1898 2063 l

1107 2080 1141 2109 τὰ
1165 2079 1236 2115 ἑξῆς.
1262 2078 1371 2112 Πάντως
1397 2079 1423 2108 δὲ
1440 2079 1484 2108 διὰ
1512 2081 1564 2108 τῶν
1588 2079 1716 2119 ῥημάτων
1730 2079 1834 2108 ’τούτων
1852 2077 1879 2104 ει·

254 2146 350 2174 raperc
364 2146 410 2165 eas
424 2137 458 2165 de
480 2144 565 2164 manu
580 2142 654 2168 mea,
671 2146 684 2158 ι»
705 2141 738 2161 eo
753 2132 827 2168 quod
845 2144 858 2156 ιι
880 2133 958 2159 Pater
967 2121 1053 2159 imeus

1106 2124 1200 2165 εγείρει
1222 2123 1326 2174 αὐτοὺς,
1343 2124 1389 2153 καὶ
1405 2125 1440 2157 εἷς
1457 2125 1534 2159 ζῆλον
1550 2123 1595 2153 καὶ
1610 2123 1752 2162 ἐπιθυμίαν
1774 2122 1879 2162 ἐμϐάλλει

254 2184 299 2219 qui
322 2182 397 2211 dedit
410 2181 477 2210 mihi
495 2193 507 2205 ν
524 2188 581 2214 eas,
599 2191 612 2204 α
636 2178 774 2206 maximus
798 2177 923 2205 omnium
946 2180 997 2209 est,
1021 2179 1049 2204 et

253 2229 288 2256 de
312 2235 395 2256 manu
417 2227 476 2263 ejus
496 2225 588 2253 nullus
611 2227 701 2260 potest
724 2231 769 2250 eas
796 2230 900 2258 rapere,
926 2233 939 2246 υ
965 2224 992 2249 et
1012 2221 1048 2248 ita

255 2286 266 2298 σ
288 2280 376 2309 neque
402 2271 436 2300 de
462 2278 546 2298 manu
568 2277 628 2297 mea
655 2277 662 2296 :
684 2280 696 2293 ι
722 2275 821 2295 manus
845 2266 919 2294 enim
938 2273 998 2293 mea
1022 2269 1048 2293 et

252 2317 339 2346 Patris
355 2325 406 2344 una
420 2320 471 2344 est.
488 2326 502 2340 «
516 2316 590 2342 Nam
604 2322 654 2349 ego
669 2317 695 2340 et
709 2314 789 2340 Pater
801 2319 888 2340 unum
907 2318 1015 2344 sumus,
1032 2321 1045 2335 ιι

251 2361 401 2390 secundum
425 2363 587 2396 potestatem
607 2358 708 2386 scilicet
733 2361 760 2384 et
777 2357 918 2383 virtutem.
934 2357 1046 2383 Manum

252 2407 328 2435 enim
348 2409 512 2442 potestatem
527 2408 555 2432 et
570 2403 701 2431 virtutem
726 2401 799 2429 dicit.
824 2401 909 2436 Igitur
924 2412 935 2425 ι
952 2401 1007 2436 Ego
1020 2404 1047 2428 et

251 2453 331 2480 Pater
352 2458 439 2478 unum
470 2457 568 2477 sumus
594 2460 606 2472 υ
632 2446 783 2475 secundum
816 2445 996 2473 substantiam
1019 2448 1047 2472 et

250 2501 377 2524 naturam
399 2499 426 2523 et
441 2497 604 2531 potestatem
629 2500 660 2520 ac
676 2491 767 2519 robur.
784 2490 816 2518 Id
829 2490 902 2526 quod
916 2495 943 2517 et
956 2489 1044 2517 Judaei

249 2549 359 2577 quoque
383 2547 448 2568 cum
469 2538 676 2571 intellexissent,
698 2536 772 2572 quod
787 2535 905 2571 seipsum
929 2534 1046 2562 consub-

249 2585 404 2614 stantialem
431 2585 486 2611 Deo
511 2582 621 2615 faceret,
647 2580 795 2616 «lapidare
819 2579 947 2607 volebant
968 2587 1043 2610 eum,

247 2635 343 2667 utpote
355 2629 402 2666 qui
420 2637 449 2656 se
463 2627 562 2656 Filium
579 2626 628 2654 Dei
639 2626 740 2654 faceret
755 2625 789 2652 Ἠ.
805 2636 817 2649 ι
831 2624 884 2652 Sed
894 2624 1043 2659 interroga-

247 2676 315 2704 verit
325 2674 464 2711 quispiam
477 2683 482 2700 :
495 2671 641 2707 Quomodo
650 2670 870 2701 dixitDomiuus,
879 2681 891 2693 ιι
904 2669 1000 2696 Nullus
1010 2676 1042 2695 ex

245 2728 329 2748 manu
343 2719 432 2747 Patris
446 2717 501 2745 mei
522 2717 609 2752 rapiet
633 2723 689 2749 eas,
707 2727 719 2739 ιι
740 2723 804 2743 cum
829 2719 922 2741 tamen
941 2713 1043 2740 multos

245 2765 385 2794 videamus
407 2763 513 2800 perire?
535 2760 690 2790 Dicendum
711 2759 785 2796 quod
811 2766 907 2795 rapere
930 2757 1041 2794 quidem

279 2854 301 2870 ⁷⁰
315 2854 386 2881 Psal.
403 2860 536 2887 Lxxxm,
550 2855 577 2880 6.
617 2851 637 2868 ⁷¹
654 2852 736 2880 Joan.
754 2857 799 2884 χι,
816 2853 842 2877 8.

1104 2172 1150 2199 τοῦ
1169 2169 1215 2198 καὶ
1239 2166 1332 2201 αὐτοὺς
1352 2170 1529 2204 ἀκολουθῆσαι
1547 2169 1634 2208 αὐτῷ,
1656 2170 1692 2202 ὣς
1716 2171 1825 2198 τοιαῦτα
1844 2167 1880 2195 εω-

1104 2213 1232 2254 ρουμένῳ.
1260 2213 1338 2242 Διατί
1365 2214 1392 2242 δὲ
1419 2225 1512 2253 φησιν·
1541 2214 1616 2243 ((οὐ
1642 2214 1679 2251 μὴ
1696 2213 1879 2249 ἃπόλωνταιςι

1103 2259 1177 2288 Διότι
1195 2272 1206 2285 α
1227 2258 1311 2290 οὐδεὶς
1330 2257 1440 2287 δύναται
1456 2257 1582 2296 ἁρπάζειν
1608 2258 1675 2287 αὐτὰ
1697 2258 1727 2287 ἐκ
1744 2260 1792 2293 τῆς
1813 2254 1880 2296 χειρός

1104 2315 1170 2341 μου,
1188 2316 1199 2329 ιι
1213 2303 1278 2332 διότι
1295 2316 1305 2328 ι
1329 2304 1343 2331 6
1363 2302 1460 2342 Πατήρ
1477 2314 1544 2341 μου,
1559 2302 1586 2336 ὃς
1603 2301 1686 2331 ἔδωκέ
1704 2314 1750 2340 μοι
1775 2315 1786 2328 n
1799 2303 1878 2332 ταῦταν

1103 2361 1115 2374 ιι
1138 2348 1234 2386 μείζων
1259 2347 1367 2376 πάντων
1389 2347 1459 2382 ἐστὶ,
1482 2347 1526 2376 καὶ
1549 2347 1601 2376 ἀπὸ
1623 2349 1670 2382 τῆς
1693 2346 1781 2387 χειρὸς
1806 2343 1878 2375 τούτου

1102 2393 1184 2426 οὐδεὶς
1210 2392 1320 2422 δύναται
1344 2391 1471 2432 ἁρπάζειν
1498 2391 1584 2427 αὐτὰ,
1611 2405 1622 2418 ι
1639 2391 1708 2421 ὥστε
1732 2390 1791 2420 οὐδὲ
1812 2405 1823 2417 ι
1842 2389 1878 2418 ἀπὸ

1101 2441 1148 2474 τῆς
1169 2439 1234 2477 ἒμῆς
1255 2436 1354 2477 χειρός.
1382 2436 1439 2466 »Ἣ
1460 2435 1511 2476 γὰρ
1524 2436 1615 2476 χεὶρὴ
1639 2435 1691 2474 ἐμὴ
1713 2436 1761 2465 καὶ
1775 2437 1820 2465 τοῦ
1832 2435 1876 2464 llr

1101 2483 1160 2522 τρὸς
1184 2483 1243 2521 μία.
1271 2495 1282 2508 α
1302 2481 1377 2520 Ἐγὼ
1407 2481 1458 2521 γὰρ
1485 2481 1530 2510 καὶ
1556 2484 1570 2511 ὁ
1594 2480 1691 2521 Πατὴρ
1719 2480 1746 2510 ἔν
1771 2482 1855 2518 ἔσμεν,
1871 2489 1878 2501 ι

1101 2527 1171 2557 κατὰ
1191 2527 1239 2563 τὴν
1258 2525 1376 2560 ἐξουσίαν
1399 2525 1501 2561 δηλαδὴ
1523 2525 1569 2554 καὶ
1593 2524 1639 2561 τὴν
1666 2526 1796 2564 δύναμιν·
1819 2523 1878 2563 χεῖρπ

1101 2572 1152 2612 γὰρ
1179 2572 1226 2607 τὴν
1252 2570 1370 2605 ἐξουσίαν
1397 2570 1442 2600 καὶ
1465 2571 1514 2606 τὴν
1538 2569 1651 2608 δύναμιν
1676 2569 1759 2609 λέγει.
1782 2583 1796 2596 α
1821 2565 1878 2605 Ἐγὼ

1100 2617 1186 2646 τοίνυν
1208 2615 1253 2645 καὶ
1279 2617 1292 2644 ὁ
1310 2616 1405 2655 Πατὴρ
1430 2614 1457 2644 ἕν
1483 2616 1564 2653 ἐσμεν
1592 2628 1603 2641 ιο
1631 2614 1701 2644 κατὰ
1723 2614 1773 2655 τὴν
1800 2613 1876 2654 φύσιν,

1099 2661 1145 2691 καὶ
1170 2661 1218 2696 τὴν
1235 2660 1339 2696 οὖσίαν,
1361 2660 1406 2689 καὶ
1431 2659 1460 2689 τὸ
1482 2659 1588 2700 κράτος.
1615 2657 1708 2699 ⁶Οπερ
1736 2654 1782 2688 οὖν
1804 2657 1844 2687 καὶ
1861 2655 1876 2683 οἷ

1099 2706 1222 2736 Ἰουδαῖοι
1254 2705 1420 2743 συνιδόντες,
1452 2704 1492 2734 ὅτι
1524 2704 1662 2742 ὁμοούσιον
1695 2704 1789 2733 ἑαυτὸν
1824 2703 1877 2731 ποιεῖ

1099 2751 1144 2780 διὰ
1161 2750 1260 2781 τούτων
1281 2751 1334 2779 τῶν
1356 2749 1483 2790 ῥημάτων
1506 2752 1551 2779 τοῦ
1567 2751 1654 2785 Θεοῦ,
1675 2748 1759 2782 λίθοις
1784 2747 1877 2777 ἔϐαλλον
