1910 3077
57 153 87 180 8i
462 152 658 181 ENARRATIO
679 154 711 182 ΙΝ
730 154 811 181 EVAl‘

961 153 1110 182 JOANNIS.
1130 168 1165 173 —
1184 153 1258 180 CAP.
1281 154 1310 181 Χ.
1676 155 1710 182 82

55 218 158 254 αὐτὸν,
184 220 218 251 ὡς
240 217 303 248 Υἳὸν
319 218 390 247 Θεοῦ
413 217 506 247 ἑαυτὸν
524 221 660 250 ποιοῦντα.
697 219 766 249 Ἀλλ’
788 220 809 257 ἐι

955 218 1003 246 llus
1017 224 1108 254 potest
1126 218 1159 246 de
1173 226 1259 246 manu
1274 218 1372 251 Patris,
1394 218 1519 254 decipere
1531 223 1624 247 autem
1639 219 1709 246 mul-

55 262 167 297 τῆσειεν
181 263 213 292 ἄν
235 275 288 296 τις·
312 264 376 296 Πῶς
401 258 471 292 εἶπεν
492 265 506 292 ὁ
529 264 640 302 Κύριος,
665 264 704 292 ὅτι
727 279 739 290 ι
761 264 857 298 Οὐδεὶς

56 307 177 347 ἁρπάσει
206 306 274 336 αὐτὰ
302 306 330 336 ἐκ
358 309 405 342 τῆς
426 307 514 347 χειρὸς
540 311 585 336 τοῦ
613 308 718 348 Πατρός
753 320 818 346 μου,
845 322 857 334 υ

56 351 146 381 καίτοι
170 363 199 390 γε
218 352 330 385 πολλοὺς
345 353 446 391 ὁρῶμεν
464 353 676 390 ἀπολλυμένους,
694 352 789 383 Ἔστιν
812 349 856 382 οὖν

57 397 152 431 εἰπεῖν,
177 395 217 425 ὅτι
239 396 360 436 ἁρπάσαι
380 396 428 434 μὲν
445 396 530 430 οὐδεὶς
555 397 664 426 δύναται
681 399 710 427 ἐκ
723 399 770 433 τῆς
795 409 855 437 χει-

58 440 100 480 ρὸς
118 443 166 470 τοῦ
185 441 302 481 Πατρὸς,
323 442 461 477 ἀπατῆσαι
485 441 512 471 δὲ
536 442 638 471 πολλοί.
664 443 714 483 Βία
737 442 784 481 μὲν
805 442 856 482 γὰρ

56 485 102 514 xui
130 485 266 526 τυραννίδι
295 486 452 515 ἀποσπάσαι
486 486 570 519 οὐδεὶς
599 486 684 526 ἰσχύει
714 489 743 517 ἐκ
775 488 855 522 Θεοῦ,

57 529 150 570 ἀπάτῃ
179 530 208 560 δὲ
237 532 296 560 καθ’
322 530 438 566 ἑκάστην
467 532 703 569 ὑποσκελιζόμεθα.
732 533 796 565 Πῶς
828 532 856 561 δέ

56 586 135 615 φησι·
165 588 178 603 ι
205 574 248 605 Τὰ
279 574 400 614 πρόϐατά
425 587 476 613 μου
505 576 563 613 ἐμοὶ
591 577 778 612 ἀκολουθοῦσι,
810 576 855 605 καὶ

57 620 86 648 οὐ
121 618 161 656 μὴ
196 619 364 656 ἀπόλωνται;
397 634 409 645 ι»
439 621 541 659 ὁρῶμεν
573 619 640 660 γὰρ,
680 621 720 650 ὅτι
756 620 856 654 Ἰούδας

57 663 195 694 ἀπώλετο.
212 663 292 693 Ἀλλὰ
312 663 354 693 διὰ
376 667 453 693 τοῦτο
479 665 617 700 ἀπώλετο,
634 665 700 695 διότι
722 666 770 695 οὐκ
793 667 856 701 ἠκο-

56 708 196 745 λούθησεν,
209 707 267 737 οὐδὲ
288 708 420 747 πρόϐατον
437 708 539 746 ἔμεινεν
554 709 617 749 ἄχρι
633 711 734 743 τέλους.
778 709 812 740 Ὀ
828 709 855 739 δὲ

58 753 174 791 Χριστὸς
204 753 266 793 περὶ
292 754 343 782 τῶν
366 753 600 789 ἀκολουθησάντων
621 755 692 794 αὐτῷ
713 754 758 784 καὶ
789 766 854 794 προ-

57 797 145 827 ϐάτων
172 797 265 833 ὄντων,
289 798 381 838 φησὶν,
408 797 448 827 ὅτι
471 811 482 825 ι
517 799 557 828 Οὐ
584 798 622 837 μὴ
650 799 814 834 ἀπόλωνται,
842 812 854 824 υ

58 841 116 871 ἐπεί
134 853 165 881 γε
181 842 227 872 ἐάν
249 853 288 875 τις
308 842 431 882 ἀποπέσῃ
455 844 501 877 τῆς
516 844 568 872 τῶν
583 843 725 882 προϐάτων
749 843 854 879 τάξεως,

57 886 101 916 xui
128 889 177 916 τοῦ
207 887 358 916 ἀκολουθεῖν
386 889 424 927 τῷ
449 888 569 926 ποιμένι,
605 888 677 921 εὐθὺς
704 889 836 925 ἀπόληται
913 888 1091 930 ἀπόλλυται].

911 263 941 291 ti.
954 265 1025 291 Nam
1041 264 1065 290 vi
1081 263 1201 298 quadam
1221 267 1248 290 et
1263 263 1407 298 tyrannide
1429 263 1520 290 nullus
1533 267 1624 299 potest
1636 264 1709 292 avel-

911 307 966 336 lere
989 316 1005 336 a
1019 308 1104 344 652
1121 309 1192 340 Deo,
1213 307 1375 343 deceptione
1389 312 1482 335 autem
1498 308 1620 343 quotidie
1643 316 1708 344 sup-

910 352 1078 388 plantamur.
1093 351 1240 388 Quomodo
1254 356 1349 380 autem
1368 351 1449 385 dixit,
1467 363 1479 377 ι
1496 352 1564 380 Oves
1580 360 1648 380 meae
1662 361 1709 381 me

910 401 1075 432 sequuntur,
1089 401 1117 424 et
1138 404 1194 424 non
1218 398 1354 432 pereunt?
1372 408 1383 421 δ
1398 396 1523 424 videmus
1537 397 1613 424 enim
1631 396 1707 432 quod

910 441 996 469 Judas
1019 442 1139 477 perierit.
1155 441 1208 469 Sed
1231 445 1344 477 propter
1370 441 1424 469 hoc
1448 441 1540 477 periit,
1566 441 1630 477 quia
1648 449 1706 469 non

910 490 1020 514 secutus
1043 490 1094 520 est,
1122 494 1210 522 neque
1229 486 1288 514 ovis
1316 486 1418 513 mansit
1443 493 1530 522 usque
1551 485 1585 513 ad
1612 485 1706 514 ﬁnem.

911 531 1050 558 Dominus
1069 530 1103 558 de
1119 531 1152 558 iis
1174 530 1222 567 qui
1245 531 1332 558 secuti
1347 534 1413 558 sunt
1427 538 1491 558 eum
1505 533 1534 558 et
1552 538 1616 558 oves
1631 534 1708 565 sunt,

911 575 1014 611 inquit,
1035 587 1047 599 ιι
1065 577 1128 604 Non
1152 579 1275 611 pereunt.
1303 587 1316 599 ι
1332 575 1412 610 Quod
1440 576 1462 602 si
1479 575 1541 610 quis
1562 583 1594 603 ex
1609 575 1708 604 ordine

910 620 1003 648 ovium
1025 620 1166 653 exciderit,
1189 624 1217 648 et
1238 628 1295 648 nou
1318 624 1429 648 secutus
1450 619 1534 647 fuerit
1558 624 1708 655 pastorem,

910 665 1003 692 statim
1020 665 1099 701 perit.
1117 665 1215 693 Utaris
1229 669 1321 692 autem
1334 669 1361 692 et
1381 664 1434 692 hoc
1447 664 1482 692 de
1495 663 1567 692 Juda
1582 665 1708 701 exemplo

905 713 1002 738 contra
1022 709 1200 738 Manichaeos.
1217 709 1327 737 Etenim
1349 717 1415 738 cum
1430 709 1475 737 ille
1495 713 1608 737 sanctus
1636 714 1710 738 esset

908 758 936 782 et
958 754 1018 782 ovis
1033 754 1094 788 Dei,
1120 755 1230 790 propria
1245 754 1386 782 voluntate
1410 762 1443 782 ac
1465 762 1513 782 sua
1539 758 1636 790 sponte
1658 762 1708 782 ex-

908 798 981 827 cidit.
1008 800 1072 827 Non
1093 799 1177 835 igitur
1198 803 1295 827 natura
1310 803 1376 827 sunt
1402 799 1474 827 mala
1490 803 1540 827 aut
1553 799 1636 833 bona,
1659 798 1709 828 sed

909 843 1049 872 voluntate
1063 848 1091 872 et
1103 845 1313 872 constituuntur
1328 848 1356 872 et
1368 844 1523 872 solvuntur.

1150 889 1247 929 Χρήσῃ
1270 889 1297 919 δὲ
1320 889 1366 919 xui
1387 889 1455 918 κατὰ
1473 891 1526 918 τῶν
1548 889 1708 929 Μανιχαίων

57 933 93 970 τῷ
113 931 175 971 περὶ
201 931 245 960 τὸν
264 931 367 960 Ἰούδαν
387 932 530 970 συμϐάντι.
556 933 610 963 Καὶ
637 933 689 972 γὰρ
714 929 796 969 οὖτος,
819 933 892 973 ἅγιος
907 932 952 972 [ὢν
988 934 1035 962 καὶ
1064 934 1198 974 πρόϐατον
1229 935 1312 970 Θεοῦ,
1351 934 1497 970 ἀπέπεσεν,
1525 933 1709 974 ἐθελότριπτος

57 976 158 1012 δηλαδὴ
179 975 234 1012 ὢν,
251 976 296 1005 xui
309 976 469 1016 αὐθαιρέτως
490 977 620 1007 ἐκπεσών.

57 1021 228 1050 συνίστανται
244 1021 289 1050 καὶ
303 1021 418 1052 λόονται.

663 979 723 1007 Οὖκ
745 978 797 1018 ἄρα
819 977 894 1017 φύσει
917 978 968 1007 εἰσὶ
996 978 1030 1008 τὰ
1057 978 1144 1017 κακὰ,
1167 978 1184 1014 ἢ
1209 979 1241 1008 τὰ
1259 978 1358 1017 ἀγαθὰ,
1385 978 1454 1008 ἀλλὰ
1482 978 1634 1018 προαιρέσει
1662 979 1708 1008 καὶ

95 1079 109 1092 ε
132 1065 310 1096 Ἐϐάστασαν
336 1061 380 1095 οὖν
403 1066 485 1096 πάλιν
506 1066 592 1100 λίθους
609 1068 634 1097 οἱ
651 1065 786 1106 Ἰουδαῖοι,
811 1065 849 1096 ἵνα

952 1073 1036 1100 Vsus.
1053 1074 1149 1100 31-36.
1167 1083 1181 1097 ιι
1205 1073 1380 1100 Sustuleruut
1393 1079 1459 1107 ergo
1479 1080 1590 1100 rursum
1605 1071 1706 1107 lapides

57 1110 202 1141 λιθάσωσιν
245 1111 335 1141 αὖτόν.
375 1111 516 1151 Ἀπεκρίθη
564 1113 653 1146 αὐτοῖς
686 1115 700 1142 ὁ
737 1112 853 1149 Ἰησοῦς·

58 1157 149 1186 Πολλὰ
165 1156 238 1186 καλὰ
259 1156 322 1196 ἔργα
348 1155 434 1190 ἔδειξα
455 1157 517 1194 ὑμῖν
541 1157 571 1186 ἐκ
592 1160 637 1186 τοῦ
665 1157 769 1196 Πατρός
792 1169 854 1196 μου,

58 1201 99 1231 διὰ
132 1206 209 1231 ποῖον
249 1201 336 1229 αὐτῶν
374 1201 449 1240 ἔργον
477 1201 597 1235 λιθάζετε
625 1214 674 1240 ue;
700 1201 855 1241 Ἀπεκρίθη-

57 1257 105 1275 σαν
126 1247 200 1285 αὖτῷ
224 1246 249 1275 οἱ
266 1245 402 1281 Ἰουδαῖοι,
427 1245 561 1284 λέγοντεςο
582 1246 650 1285 Περὶ
676 1248 758 1276 καλοῦ
777 1245 854 1286 ἔργου

58 1292 85 1319 οὖ
100 1290 244 1329 λιθάζομέν
261 1302 306 1328 σε,
327 1289 396 1319 ἀλλὰ
413 1290 474 1329 περὶ
497 1290 680 1329 βλασφημίας,
696 1291 736 1320 ὅτι
749 1290 793 1329 σὺ,
809 1291 854 1320 ἄν-

56 1337 156 1374 θρωπος
174 1334 228 1371 ὢν,
243 1336 325 1368 ποιεῖς
341 1335 450 1365 σεαυτὸν
471 1334 554 1365 Θεόν.
601 1336 739 1375 Ἀπεκρίθη
768 1336 855 1369 αὐτοῖς

57 1380 70 1407 ὁ
96 1379 214 1415 Ἰησοῧς-
251 1380 310 1421 φῦχ
343 1379 398 1407 ἔστι
429 1378 612 1419 γεγραμμένον
643 1382 669 1410 ἐν
707 1382 745 1421 τῷ
780 1380 854 1420 νόμῳ

57 1425 136 1461 ὑμῶν·
155 1422 231 1462 Ἐγὼ
246 1419 322 1460 εἶπα,
346 1423 411 1453 Θεοί
425 1424 499 1459 iure;
521 1425 554 1454 Εἰ
569 1424 682 1458 ἐκείνους
698 1419 755 1453 (fit.
770 1423 852 1460 θεοὺς,

57 1468 117 1507 πρὸς
137 1468 183 1502 οὒς
205 1470 218 1497 ὃ
232 1468 308 1507 λόγος
328 1470 373 1496 τοῦ
398 1469 469 1498 Θεοῦ
491 1467 609 1506 ἐγένετο,
631 1469 677 1498 xui
697 1470 726 1498 οὖ
745 1469 854 1498 δύναται

57 1513 162 1548 λυθῆναι
192 1515 209 1548 ἡ
239 1513 348 1553 Γραφή·
372 1511 400 1541 ὃν
426 1514 440 1541 ὁ
467 1512 563 1552 Πατὴρ
593 1514 701 1551 ἡγίασε,
726 1513 771 1542 καὶ
801 1515 854 1542 οἷπ-

58 1557 169 1587 έστειλεν
189 1559 225 1591 εἷς
244 1558 288 1587 τὸν
303 1557 418 1595 κόσμον,
436 1559 510 1595 ὑμεῖς
537 1558 641 1596 λέγετε,
660 1558 699 1587 ὅτι
720 1559 853 1598 Βλασφη-

58 1603 126 1641 μεῖς,
141 1603 184 1632 ὅτι
201 1598 288 1632 εἶπον·
313 1603 375 1635 Υἱὸς
399 1605 444 1632 τοῦ
462 1604 532 1633 Θεοῦ
557 1605 626 1641 εἶμις
648 1616 660 1629 υ
675 1603 789 1639 Ἐπειδὴ
814 1598 852 1633 εἶ-

57 1660 112 1684 πεν,
129 1647 170 1677 ὅτι
195 1662 207 1675 ιι
234 1647 308 1686 Ἐγὼ
331 1647 377 1677 καὶ
391 1648 406 1676 ὁ
429 1647 526 1686 Πατὴρ
541 1647 568 1676 ἕν
584 1649 665 1686 ἐσμεν
689 1662 701 1675 ι
716 1648 786 1678 κατὰ
803 1648 852 1684 τὴν

57 1692 170 1726 ἐξουσίαν
198 1692 305 1726 πάντως
327 1692 373 1721 καὶ
394 1691 442 1727 τὴν
473 1692 594 1730 δύναμιν,
626 1692 671 1722 xui
687 1693 767 1727 ἔδειξε
790 1693 853 1731 μίαν

57 1731 133 1766 οὖσαν
154 1736 204 1772 τὴν
227 1739 306 1777 χεῖρα
322 1740 368 1766 τοῦ
392 1735 499 1775 Πατρὸς
514 1736 559 1765 xui
581 1735 629 1772 τὴν
649 1739 753 1774 ἑαυτοῦ,
772 1739 854 1776 βλασ-

58 1781 154 1820 φημίαν
179 1781 210 1811 τὸ
235 1785 348 1820 πρᾶγμα
362 1781 487 1819 ἐνόμισαν
507 1781 532 1810 οἱ
551 1781 688 1817 Ἰουδαῖοι,
707 1783 752 1812 καὶ
767 1782 853 1817 λίθους

60 1827 214 1864 βάλλουσιν,
241 1827 276 1859 ὡς
297 1820 358 1855 ¹ἴσον
387 1825 479 1855 ἑαυτὸν
501 1828 628 1856 ποιοῦντα
657 1829 696 1866 τῷ
723 1827 796 1863 Θεῷ.
818 1826 852 1856 Ὁ

58 1870 138 1899 τοίνυν
165 1870 263 1909 Κύριος
291 1870 423 1910 ἐντρέπων
450 1869 560 1907 αὖτοὺς,
585 1870 631 1900 καὶ
658 1870 784 1900 δεικνύων
813 1872 853 1901 ὅτι

58 1915 178 1953 οὐδεμίαν
195 1914 283 1944 αἰτίαν
308 1915 418 1953 εὔλογον
442 1915 533 1955 ἔχουσι
548 1917 594 1951 τῆς
617 1917 676 1945 κατ’
700 1917 780 1946 αὐτοῦ
798 1929 852 1954 μα-

59 1959 125 1996 νίας,
145 1959 217 1989 ἀλλὰ
245 1960 333 1998 μάτην
362 1962 502 1996 λυττῶσιν,
531 1960 729 1998 ἀναμιμνήσκει
758 1960 853 1994 αὖτοὺς

59 2005 105 2032 τῶν
117 2005 182 2044 παρ’
199 2005 278 2034 αὐτοῦ
294 2004 479 2043 γεγενημένων
495 2005 648 2043 θαυμάτων,
660 2005 716 2041 xui,
732 2019 743 2030 α
759 2006 852 2035 Πολλὰ

59 2048 124 2078 καλὰ
144 2049 221 2088 ἔργα,
245 2048 343 2088 φησὶν,
360 2049 527 2087 ἐνεδειξάμην
551 2051 626 2088 ὑμῖν,
645 2049 688 2079 διὰ
704 2053 778 2079 ποῖον
805 2051 854 2078 αὖ⁴

58 2094 107 2121 τῶν
120 2093 240 2127 λιθάζετέ
256 2105 304 2131 με,
324 2108 334 2119 ιι
351 2095 386 2123 0i
401 2093 445 2130 δὲ,
458 2107 470 2119 ιι
489 2094 555 2133 Περὶ
573 2093 759 2135 βλασφημίας,
774 2094 850 2135 φασι,

59 2137 192 2176 λιθάζομέν
209 2149 253 2174 σε,
269 2137 308 2167 ὅτι
333 2142 414 2170 ποιεῖς
430 2138 540 2168 σεαυτὸν
557 2138 638 2169 Θεόν.
655 2153 667 2165 ν
710 2139 795 2172 Αὐτὸς
807 2134 852 2168 οὖν

60 2181 102 2210 οὖκ
115 2184 233 2223 ἀρνεῖται
247 2185 343 2223 τοῦτο,
359 2182 417 2211 οὐδὲ
432 2182 514 2221 λέγει,
532 2182 572 2212 ὅτι
596 2184 636 2212 Οὖ
653 2185 720 2212 ποιῶ
737 2183 851 2221 ἐμαυτὸν

61 2221 139 2262 Θεὸν,
160 2227 208 2256 οὐκ
224 2226 279 2264 εἰμὶ
292 2221 350 2259 ἶσος
365 2228 403 2266 τῷ
421 2227 523 2267 ΙΙατρὶ,
547 2227 616 2256 ἀλλὰ
639 2229 740 2265 μᾶλλον
765 2227 853 2257 ἐπιϐε-

61 2269 126 2300 ϐαιοῖ
148 2270 197 2307 τὴν
221 2271 327 2300 ἐκείνων
344 2271 466 2311 γνώμην,
496 2271 542 2301 xui
572 2273 775 2308 κατασκευάζει,
813 2273 854 2302 ὅτι

63 2315 123 2348 Θεός
139 2317 209 2345 ἔστιν
233 2316 287 2345 ἀπὸ
309 2317 361 2346 τῶν
378 2317 405 2345 ἐν
424 2318 462 2356 τῷ
480 2316 552 2356 νόμῳ
575 2318 776 2356 γεγραμμένων.
795 2317 851 2348 Νό-

909 1116 1009 1151 Judaai,
1034 1121 1064 1144 ut
1083 1117 1236 1152 lapidarent
1252 1125 1326 1145 eum.
1354 1116 1508 1152 Respondit
1532 1117 1571 1145 eis
1595 1118 1675 1145 Iesus
1698 1126 1705 1145 :

910 1161 998 1189 Multa
1014 1161 1085 1189 bona
1104 1169 1185 1198 opera
1200 1161 1307 1190 ostendi
1319 1161 1397 1189 vobis
1411 1169 1444 1189 ex
1460 1163 1539 1189 Patre
1553 1169 1628 1195 meo,
1644 1169 1706 1196 pro-

909 1210 969 1242 pter
983 1206 1059 1242 quod
1078 1214 1174 1234 eorum
1194 1215 1309 1242 operum
1323 1214 1368 1234 me
1383 1205 1524 1241 lapidutis?
1547 1207 1707 1242 Responde-

908 1255 973 1278 runt
983 1251 1008 1278 ei
1021 1251 1120 1285 Judaei,
1135 1251 1256 1279 dicentes
1272 1261 1278 1278 :
1292 1251 1337 1279 0b
1351 1251 1456 1278 bonum
1471 1258 1540 1286 opus
1554 1259 1612 1279 non
1635 1251 1707 1287 lapi-

909 1294 1007 1323 damus
1030 1299 1068 1329 te,
1089 1295 1137 1324 sed
1157 1295 1194 1323 ob
1214 1295 1422 1332 blasphemiam,
1448 1299 1476 1323 et
1489 1295 1553 1331 quia
1577 1299 1606 1323 tu
1622 1295 1706 1324 homo

910 1347 973 1367 cum
986 1340 1032 1373 sis,
1047 1339 1114 1368 facis
1127 1341 1245 1376 teipsum
1261 1341 1362 1368 Deum.
1380 1340 1533 1376 Respondit
1549 1340 1587 1368 eis
1601 1341 1681 1368 Jesus
1698 1349 1704 1368 :

910 1385 1007 1412 Nonne
1029 1385 1161 1420 scriptum
1180 1389 1222 1412 est
1245 1384 1271 1412 in
1288 1384 1344 1420 lege
1358 1389 1446 1412 vestra
1462 1394 1470 1412 :
1494 1386 1552 1420 Ego
1576 1384 1643 1418 dixi,
1659 1385 1706 1412 Dii

908 1429 993 1456 estis?
1008 1430 1035 1457 Si
1052 1429 1113 1456 illos
1127 1429 1194 1457 dixit
1208 1428 1275 1457 deos
1290 1429 1324 1456 ad
1348 1437 1416 1465 quos
1438 1437 1531 1456 sermo
1551 1429 1602 1456 Dei
1617 1429 1706 1457 factus

908 1477 951 1501 est
982 1477 1010 1501 et
1039 1481 1096 1501 non
1125 1477 1214 1509 potest
1241 1473 1310 1501 solvi
1339 1473 1491 1509 Scriptura,
1518 1481 1601 1510 quem
1628 1475 1706 1502 Pater

908 1517 1087 1545 sanctiﬁcavit
1109 1521 1136 1545 ct
1159 1517 1235 1545 misit
1257 1518 1285 1545 iu
1312 1518 1460 1551 mundum,
1484 1525 1532 1545 v05
1556 1518 1647 1546 dicitis
1661 1526 1706 1546 me

909 1561 1110 1598 blasphemare,
1127 1562 1188 1598 quia
1202 1562 1334 1597 dixerim,
1349 1563 1435 1591 Filius
1447 1563 1498 1590 Dei
1511 1565 1592 1591 sum?
1608 1574 1620 1587 ιι
1635 1564 1705 1591 Cum

908 1606 1021 1640 diceret,
1042 1619 1055 1631 ιι
1072 1608 1128 1643 Ego
1144 1611 1170 1634 et
1189 1608 1268 1634 Pater
1291 1615 1378 1635 unum
1398 1614 1494 1635 sumus
1519 1619 1532 1631 υ
1549 1615 1597 1643 per
1611 1607 1705 1635 omnia

909 1651 1061 1680 secundum
1088 1655 1253 1688 potestatem
1279 1656 1307 1679 et
1338 1652 1479 1686 virtutem,
1511 1656 1539 1680 et
1567 1652 1706 1687 judicaret

908 1704 993 1724 uuam
1009 1704 1068 1725 esse
1080 1697 1171 1724 Patris
1185 1704 1300 1724 manum
1315 1700 1341 1724 et
1359 1704 1454 1729 suam;
1470 1696 1604 1732 putabant
1618 1696 1705 1725 Judin

909 1740 1111 1776 blasphemum,
1135 1745 1163 1769 et
1187 1751 1200 1766 ιι
1229 1740 1474 1777 apprehendcbant
1498 1740 1611 1776 lapides,
1631 1740 1706 1776 quod

909 1784 1009 1812 iaceret
1022 1793 1051 1813 se
1065 1785 1202 1821 aequalem
1216 1786 1274 1813 Deo
1297 1785 1327 1811 ⁷³.
1355 1796 1367 1808 ιι
1395 1785 1483 1821 lgitur
1503 1786 1642 1812 Dominus
1656 1784 1704 1812 ad-

909 1837 1023 1856 monens
1045 1834 1072 1856 et
1087 1829 1236 1856 ostendens
1250 1829 1326 1865 quod
1341 1829 1446 1856 nullam
1468 1829 1576 1864 justam
1603 1828 1705 1856 furoris

907 1881 971 1907 erga
993 1881 1023 1901 se
1044 1881 1154 1901 causam
1177 1873 1304 1907 habeant,
1329 1873 1378 1900 sed
1402 1873 1505 1908 absque
1526 1881 1607 1900 causa
1633 1873 1706 1900 insa-

907 1917 994 1951 niant,
1019 1917 1126 1945 reducit
1146 1917 1173 1944 in
1188 1917 1353 1944 memoriam
1377 1916 1511 1944 miracula
1533 1924 1548 1943 a
1571 1924 1600 1944 se
1618 1915 1701 1950 facta,

908 1966 936 1990 et
948 1971 955 1990 :
968 1973 982 1986 ι
996 1961 1082 1989 Multa
1096 1961 1168 1989 bona
1183 1969 1277 1997 opera,
1293 1961 1389 1997 inquit,
1406 1961 1515 1988 ostendi
1529 1960 1606 1989 vobis
1620 1970 1627 1988 :
1644 1969 1705 1996 pro-

907 2011 950 2034 ter
964 2006 1038 2042 quod
1051 2014 1148 2034 eorum
1169 2005 1297 2042 lapidatis
1312 2007 1376 2033 me?
1395 2017 1406 2029 ιι
1423 2005 1463 2032 llli
1479 2009 1571 2033 autem
1586 2005 1681 2033 dicunt
1695 2015 1701 2021 -

909 2062 921 2075 ι
941 2052 1055 2086 Propter
1080 2050 1266 2086 blasphemias
1289 2050 1441 2086 lapidamus
1460 2054 1496 2084 te,
1523 2050 1587 2085 quia
1614 2051 1704 2078 Deum

906 2095 1024 2131 teipsum
1050 2095 1126 2124 facis.
1143 2107 1156 2120 ιι
1170 2097 1307 2124 Caeterum
1322 2095 1379 2130 ipsc
1400 2103 1457 2123 non
1472 2099 1556 2130 negat
1580 2094 1642 2129 hoc,
1657 2102 1705 2122 ne-

905 2148 959 2177 que
972 2140 1051 2174 dicit,
1066 2141 1130 2168 Non
1148 2139 1220 2168 facio
1237 2140 1370 2176 meipsum
1386 2141 1486 2171 Deum,
1510 2139 1551 2167 vel
1566 2148 1622 2168 non
1641 2147 1703 2167 sum

906 2186 1023 2221 aequalis
1037 2185 1130 2218 Patri;
1146 2185 1193 2213 sed
1208 2185 1295 2221 magis
1307 2184 1454 2212 conﬁrmat
1466 2185 1578 2212 illorum
1593 2188 1703 2212 seuten~

906 2231 986 2264 tiam,
1001 2234 1030 2258 et
1041 2230 1140 2258 asserit
1158 2238 1187 2257 se
1203 2231 1288 2257 Deum
1302 2237 1372 2262 esse,
1389 2237 1419 2257 ex
1437 2229 1478 2256 his
1489 2237 1549 2264 qua:
1560 2229 1659 2264 scripta
1675 2229 1703 2256 in

908 2274 974 2311 lege.
1004 2275 1107 2310 Legem
1132 2278 1227 2303 autem
1251 2274 1318 2302 dicit
1339 2277 1367 2302 et
1390 2273 1491 2301 librum
1517 2273 1615 2305 David,
1634 2273 1704 2301 sicut

907 2319 1071 2355 simpliciter
1090 2323 1119 2347 et
1133 2327 1243 2346 omnem
1262 2318 1443 2354 Scripturam.
1458 2318 1538 2353 Quod
1553 2322 1645 2346 autem
1659 2318 1703 2346 di-

63 2370 107 2396 μον
123 2359 150 2389 δὲ
174 2360 246 2400 λέγει
261 2360 307 2390 καὶ
324 2361 372 2396 τὴν
388 2363 435 2390 τοῦ
458 2359 542 2390 Δαυῒδ
571 2362 675 2400 βίϐλον,
692 2362 781 2400 ὥσπερ
806 2374 817 2391 κ

948 2363 1043 2396 .hune
1057 2371 1170 2391 sensum
1193 2363 1298 2391 habet:
1321 2364 1348 2391 Si
1373 2363 1399 2390 hi
1423 2363 1468 2399 qui
1490 2363 1575 2398 gratia
1590 2363 1702 2391 deiﬁca—

62 2407 143 2433 πᾶσαν
159 2404 252 2438 ἁπλῶς
267 2407 316 2441 τὴν
332 2405 456 2446 Γραφήν·
483 2405 497 2434 ὃ
512 2405 539 2434 δὲ
555 2406 625 2445 λέγει
639 2407 755 2436 τοιοῦτόν
772 2408 850 2436 ἔστιν·

63 2447 93 2476 Εἰ
107 2449 128 2478 οἱ
146 2450 236 2489 χάριτι
252 2449 299 2484 τὴν
316 2450 409 2479 θέωσιν
435 2450 630 2490 προσλαϐόντες
653 2450 706 2480 θεοί
722 2452 783 2487 εἶσι,
807 2451 852 2480 xui

63 2492 106 2521 οὖκ
125 2495 313 2532 ἐγκαλοῦνται,
333 2496 390 2527 πῶς
413 2493 464 2533 ἐγὼ
488 2495 596 2528 δικαίως
623 2496 789 2534 ἐπι-τιμῶμαι
810 2497 852 2536 ὑφ’

61 2537 142 2575 ὗμῶν,
157 2541 170 2568 6
186 2539 260 2579 φύσει
275 2539 343 2572 Θεὸς
358 2537 410 2575 ὢν,
429 2553 441 2566 α
458 2539 485 2569 ὃν
501 2539 600 2580 Πατὴρ
616 2539 726 2579 ἡγίασε,
749 2553 760 2565 ιι
776 2552 852 2569 τουτ-

61 2580 140 2624 έστιν,
176 2583 295 2624 ἀφώρισε
326 2586 525 2624 σφαγιασθῆναι
560 2584 626 2624 ὑπὲρ
656 2587 701 2614 τοῦ
734 2584 851 2622 κόσμου;

61 2622 134 2670 Ἅγια
144 2627 194 2668 γὰρ
202 2622 243 2657 Ἶτᾶ
254 2622 427 2669 ἀφωρισμένη
437 2629 560 2668 λέγονται
571 2622 698 2670 ’τῷ-Θεῷ.
715 2629 853 2668 Πρόδηλον

62 2669 116 2709 γὰρ.
133 2671 171 2702 ὅτι
196 2672 288 2708 ἐπειδή
307 2685 352 2712 μοι
373 2672 413 2713 if.
443 2674 488 2712 με]
513 2673 624 2712 ἡγίασεν
652 2674 698 2703 καὶ
722 2673 853 2713 ἀφώρισεν

63 2715 75 2742 δ
100 2716 192 2756 Πατὴρ
218 2719 254 2751 εἷς
276 2717 323 2753 τὴν
346 2721 392 2748 τοῦ
416 2717 518 2757 κόσμου
542 2717 689 2758 σωτηρίαν,
718 2719 766 2748 οὐκ
797 2714 854 2751 ἶσος

95 2806 116 2824 τ’
128 2809 205 2838 Joan.
221 2818 252 2846 ν,
270 2814 316 2846 18;
338 2810 455 2847 Philipp.
472 2819 508 2845 ll,
523 2813 549 2838 6.

908 2408 1016 2436 tionem
1037 2412 1211 2444 acceperunt,
1228 2408 1265 2435 dii
1279 2411 1356 2441 sunt,
1378 2412 1406 2435 et
1420 2416 1503 2435 nemo
1524 2408 1585 2435 illos
1607 2408 1702 2436 crimi-

907 2457 990 2480 natur
1006 2463 1012 2480 :
1028 2453 1169 2489 quomodo
1190 2460 1240 2488 ego
1260 2453 1333 2489 juste
1348 2460 1363 2480 a
1387 2452 1467 2480 vobis
1487 2453 1623 2488 iucrepor,
1640 2453 1703 2488 quia

907 2502 1002 2525 natura
1017 2505 1079 2525 sum
1096 2499 1179 2530 Deus,
1196 2509 1209 2521 ιι
1221 2505 1303 2533 quem
1319 2498 1400 2525 Pater
1414 2497 1606 2530 sauctiﬁcavit,
1623 2509 1633 2520 υ
1651 2497 1703 2525 hoc

907 2546 949 2570 est
973 2542 1138 2578 segregavit,
1163 2546 1194 2570 ut
1218 2542 1389 2570 occideretur
1416 2551 1465 2578 pro
1490 2542 1614 2570 mundo?
1633 2541 1703 2568 San-

908 2591 983 2614 ctum
1008 2587 1082 2614 enim
1098 2586 1208 2619 dicitur,
1224 2587 1300 2622 quod
1316 2588 1376 2614 Deo
1391 2590 1565 2622 segregatum
1581 2590 1630 2613 est.
1643 2586 1703 2612 Ma-

907 2630 1037 2658 nifestum
1054 2631 1130 2658 enim
1151 2631 1215 2666 quia
1232 2639 1275 2658 me
1289 2630 1482 2664 sanctiﬁcavit,
1505 2634 1532 2657 et
1553 2629 1707 2665 segregavit

908 2677 990 2704 Pater
1005 2675 1034 2703 in
1049 2675 1167 2703 salutem
1191 2675 1298 2710 mundi,
1318 2679 1345 2703 et
1359 2675 1421 2703 ideo
1444 2683 1500 2702 non
1515 2682 1576 2701 sum
1592 2673 1704 2708 mqualis

908 2721 969 2748 aliis
982 2719 1044 2754 diis,
1057 2719 1105 2748 sed
1120 2721 1194 2748 Deus
1207 2727 1297 2748 verus.
1312 2721 1383 2748 Vere
1403 2719 1478 2747 enim
1494 2726 1564 2753 opus
1588 2718 1639 2745 Dei
1664 2723 1706 2747 est
