1910 3077
209 191 244 218 83

716 187 973 216 THEOPHYLACTI
993 187 1170 215 BULGARLE
1189 187 1345 215 ARCHIEP.

1821 186 1851 213 84

208 251 323 285 salvare.
337 255 365 279 et
382 259 438 279 non
460 250 581 278 hominis
599 249 685 286 gratia
699 250 826 278 deiﬁcati.
845 261 856 275 ε
877 251 905 278 Si
926 250 1002 287 igitur

1079 251 1152 284 λλοις
1175 250 1230 290 εἰμὶ
1252 249 1330 288 θεοῖς,
1363 247 1434 277 ἀλλὰ
1457 247 1526 282 Θεὸς
1550 247 1684 284 ἀληθινός.
1709 248 1781 278 Θεοῦ
1807 248 1852 287 γὰρ

207 297 246 324 illi
261 296 297 325 ad
319 304 390 332 quos
408 296 462 323 Dei
485 303 578 324 sermo
601 294 689 323 factus
710 299 761 328 est,
787 305 802 322 ν)
825 295 878 324 hoc
893 300 945 329 est,
961 303 1010 331 ego

210 346 293 378 (nam
325 349 375 377 ego
401 340 485 377 653
513 348 576 369 sum
612 341 709 369 Sermo
731 340 793 375 Dei,
830 345 858 369 et
892 340 1012 368 habitavi

209 387 240 414 in
255 386 319 419 illis,
334 386 524 422 concessitque
540 385 579 413 eis
592 389 624 413 ut
639 385 834 421 adoptarentur
852 386 882 414 in
902 385 985 419 filios)
1002 395 1008 413 :

209 431 232 459 si
248 431 331 466 igitur
345 431 383 458 illi
402 430 450 463 dii,
467 431 556 458 multo
570 430 657 466 magis
672 438 722 466 ego
743 434 820 458 extra
835 439 946 458 omnem
961 438 1010 458 no-

209 483 274 503 xam
296 483 368 509 sum,
393 476 484 503 Deum
508 483 610 503 vocans
629 475 776 511 meipsum,
799 476 846 511 qui
861 480 888 503 et
909 479 1009 503 natura

210 527 272 548 sum
304 521 385 555 Deus,
422 523 450 548 et
480 519 540 548 aliis
563 519 615 548 hoc
638 520 767 548 concedo.
796 519 1009 548 Confundantur

211 564 276 592 hinc
290 565 382 592 Ariani
402 568 429 592 et
451 564 618 593 Nestoriani.
636 565 709 593 Nam
735 568 763 593 et
785 565 872 593 Filius
895 565 957 599 Dei,
981 569 1009 593 et

210 610 285 637 Deus
315 609 467 637 substantia
495 613 645 645 naturaque
670 613 713 638 est
739 609 876 643 Christus,
901 614 929 638 et
953 617 1008 637 non

210 658 345 688 creatura,
369 658 396 682 et
418 654 478 682 aliis
499 653 548 682 dat
569 655 698 683 deitatem
717 654 753 682 ad
772 663 842 691 quos
865 654 896 682 ﬁt
910 655 1007 682 Sermo

211 699 256 734 qui
279 703 322 727 est
343 698 405 732 Dei,
429 698 476 727 sed
504 707 562 726 non
575 699 633 735 ipse
659 700 745 734 gratia
761 699 915 727 deiﬁcatur.
934 701 1007 727 Nam

211 743 354 771 manifeste
368 748 477 779 separat
501 752 530 771 se
546 744 581 771 ab
595 743 638 772 his
662 745 711 780 qui
726 744 814 780 gratia
829 743 1005 777 deificantur,

211 792 323 824 propter
349 796 381 816 ea
406 796 468 824 qua:
492 788 538 816 hic
562 787 704 823 dicuntur,
730 793 759 816 et
789 789 908 817 ostendit
933 788 1007 824 quod

210 833 297 861 etiam
318 833 370 861 illis
390 833 449 868 ipse
473 833 509 860 sit
523 837 619 861 auctor
636 833 816 862 deificationis
839 834 936 861 Sermo
961 833 1008 869 qui

211 877 263 905 Dei
287 882 339 912 est,
354 881 382 906 et
404 877 540 906 inhabitat
554 878 583 906 in
606 878 646 906 eis
669 887 676 906 :

211 921 265 949 hoc
279 921 352 957 quod
365 922 442 956 dicit,
465 933 479 948 ι(
495 922 539 950 Ad
555 931 624 958 quos
637 923 734 951 Sermo
749 923 803 950 Dei
825 923 913 951 factus
927 927 976 955 est,
993 934 1006 946 ι»

211 965 264 994 hoc
276 970 328 1001 est,
344 966 371 994 in
394 967 493 1002 quibus
509 967 653 995 habitavit.
677 967 825 1002 Quomodo
840 967 925 1004 igitur
936 967 1008 995 blas-

209 1009 312 1046 pbemo
339 1010 434 1039 dicens
462 1011 565 1039 Filium
599 1012 651 1039 Dei
685 1012 840 1048 meipsum?
875 1012 1007 1048 Quamvis

208 1055 281 1083 enim
295 1059 324 1083 et
343 1063 455 1083 carnem
475 1055 562 1084 feram
577 1060 603 1084 et
617 1065 649 1084 ex
665 1057 769 1084 semine
781 1057 833 1084 sim
849 1056 946 1090 David,
959 1056 1007 1084 sed

209 1099 344 1136 ignoratis
364 1105 577 1135 sacramentum,
593 1105 620 1129 et
635 1101 709 1137 quod
724 1109 780 1129 non
794 1102 873 1129 aliter
887 1101 1007 1137 potuerit

207 1145 473 1173 carnalishomiuum
483 1150 579 1173 natura
590 1146 641 1174 Dei
650 1146 769 1182 recipere
778 1145 1005 1179 familiaritatem,

208 1197 291 1225 quam
308 1198 356 1225 per
372 1198 494 1225 carnem,
511 1190 588 1227 quasi
602 1191 632 1218 in
647 1191 801 1219 velamento
824 1191 848 1219 ei
862 1189 1006 1218 familiaris

208 1233 316 1262 fuisset.

242 1328 333 1355 Vens.
350 1330 394 1361 37,
409 1329 452 1355 38.
481 1336 494 1354 ι(
509 1328 537 1355 Si
558 1335 615 1356 non
638 1327 708 1356 facio
732 1336 815 1364 opera
835 1328 924 1356 Patris
938 1328 1004 1362 mei,

206 1371 291 1400 nolite
305 1372 417 1400 credere
430 1372 499 1400 mihi
520 1382 526 1399 :
548 1373 590 1400 siu
605 1381 668 1400 vero
683 1372 768 1406 facio,
781 1377 808 1400 et
829 1373 853 1400 si
867 1373 934 1400 mihi
950 1381 1005 1400 non

207 1416 330 1450 creditis,
352 1417 480 1452 operibus
499 1416 613 1451 credite,
629 1421 660 1444 ut
681 1418 850 1452 cognoscatis
865 1422 893 1444 et
910 1417 1004 1444 creda-

207 1461 244 1488 tis
258 1460 333 1496 quod
355 1462 438 1488 Pater
456 1461 485 1488 in
507 1469 554 1488 me
576 1465 628 1494 est,
643 1465 671 1489 et
691 1470 742 1497 ego
758 1462 786 1488 in
807 1470 849 1489 eo.
866 1472 879 1486 »
900 1462 1001 1496 Vultis,

207 1505 307 1540 inquit,
329 1505 398 1532 scire
411 1505 598 1540 aequalitatem
614 1514 677 1533 cum
693 1507 790 1534 Patre?
804 1507 830 1534 Α
854 1507 1003 1534 substantia

1067 295 1147 328 ὅντως
1165 295 1240 334 ἔργον
1266 294 1296 324 τὸ
1321 293 1432 329 σώζειν,
1456 294 1515 322 ἀλλ’
1534 294 1582 323 οὗχ
1608 292 1746 332 ἀνθρώπου
1771 293 1854 333 χάριτι

1066 340 1214 373 θεωθέντος.
1244 340 1278 370 Εἴ
1295 338 1381 368 τοίνυν
1404 340 1498 368 ἐκεῖνοι
1514 351 1526 364 α
1547 337 1612 377 πρὸς
1627 337 1671 372 οὓς
1691 340 1706 367 6
1724 338 1800 378 λόγος
1814 341 1855 367 τῶ

1065 385 1138 415 Θεοῦ
1158 385 1275 424 ἐγένετο,
1293 398 1305 410 ι
1328 382 1460 412 τουτέστιν
1480 382 1543 422 ἐγὼ,
1568 382 1653 422 Λόγος
1670 382 1722 422 γὰρ
1744 382 1796 422 ἐγὼ
1814 385 1856 412 τοῖο

1064 431 1151 467 Θεοῦ,
1167 429 1213 460 καὶ
1237 428 1376 463 ἔνοικήσας
1395 430 1423 458 ἐν
1448 427 1565 465 ἐκείνοις,
1585 428 1754 467 ἐχαρισάμην
1774 428 1857 459 αὐτάς

1063 474 1111 511 τὴν
1126 474 1257 504 υἱοθεσίαν
1268 486 1275 492 ·
1289 475 1311 503 εἷ
1325 469 1370 502 οὖν
1385 474 1479 502 ἐκεῖνοι
1499 472 1568 510 θεοὶ,
1583 473 1674 512 πολλῷ
1690 474 1792 510 μᾶλλον
1808 473 1856 511 ἐγὼ

1063 519 1151 555 πάσης
1166 519 1198 549 ἂν
1215 518 1270 555 εἴην
1288 517 1372 550 αἰτίας
1387 517 1477 553 ἐκτὸς,
1499 518 1569 547 Θεὸν
1593 516 1709 556 ἐμαυτὸν
1734 518 1822 546 καλῶν
1845 519 1857 545 ὅ

1062 564 1108 593 καὶ
1136 565 1212 604 φύσει
1238 563 1288 600 ὢν,
1312 563 1358 592 καὶ
1381 562 1435 595 τοῖς
1463 562 1553 595 ἄλλοις
1573 564 1651 591 τοῦτο
1678 562 1857 602 χαριζόμενος.

1061 609 1286 648 Αἷσχυνέσθωσαν
1316 610 1431 638 ἐντεῦθεν
1458 606 1586 646 Ἀρειανοὶ
1608 607 1654 636 καὶ
1674 608 1856 646 Νεστοριανοί.

1062 654 1124 687 Υἱός
1143 665 1171 683 τε
1187 654 1238 694 γὰρ
1254 654 1338 688 Θεοῦ,
1362 653 1408 682 καὶ
1423 651 1492 685 Θεὸς
1509 651 1586 691 οὖσίᾳ
1605 652 1651 681 καὶ
1667 652 1744 692 φύσει
1758 653 1772 680 6
1794 652 1857 691 Χρι-

1062 698 1140 734 στὸς,
1157 699 1216 728 ἀλλ’
1233 699 1262 727 οὖ
1278 697 1390 735 κτίσμα,
1417 696 1462 726 καὶ
1478 701 1530 729 τοῖς
1556 697 1645 729 ἄλλοις
1659 697 1797 736 χαρίζεται
1811 697 1857 731 τὴν

1061 744 1184 779 θεότητα,
1212 743 1278 783 πρὸς
1303 742 1346 776 οὓς
1369 741 1400 771 ἂν
1428 741 1529 780 γένοιτο
1551 741 1637 780 Λόγος
1656 740 1692 770 ὢν
1711 743 1758 770 τοῦ
1773 744 1856 778 Θεοῦ,

1063 789 1121 817 ἀλλ’
1143 789 1172 818 οὒ
1199 789 1289 828 χάριτι
1317 786 1394 820 αὐτὸς
1421 789 1535 817 θεοῧται.
1566 785 1783 815 Ἀποδιαστέλλει
1807 787 1858 827 γὰρ

1062 835 1202 871 προφανῶς
1217 833 1309 862 ἑαυτὸν
1326 831 1379 862 ἀπὸ
1391 832 1444 860 τῶν
1458 831 1550 871 χάριτι
1572 830 1733 869 θεουμένων,
1748 831 1791 860 διὰ
1806 833 1858 860 τῶν

699 877 775 914 quod
799 878 936 914 signiﬁcat
959 886 1002 914 per

1079 880 1173 906 νταῐὲοα
1197 876 1362 916 λεγομένων,
1387 876 1433 905 καὶ
1456 875 1586 905 δείκνυσιν
1605 875 1646 904 ὅτι
1665 876 1798 909 κάκείνοις
1812 877 1857 905 αὖ·

1063 922 1105 955 τὸς
1127 922 1249 961 πρόξενος
1266 923 1313 956 τῆς
1338 920 1470 958 θεώσεως,
1493 921 1576 959 Λόγος
1595 918 1632 949 ὢν
1655 923 1701 949 τοῦ
1718 921 1790 950 Θεοῦ
1813 921 1859 950 καὶ

1061 967 1168 996 ἐνοικῶν
1185 968 1284 1000 αὐτοῖς.
1301 968 1389 996 Τοῦτο
1413 966 1465 1005 γὰρ
1489 965 1614 1003 σημαίνει
1632 964 1675 994 διὰ
1699 967 1746 994 τοῦ
1763 966 1857 1004 εἰπεῖν,

1061 1024 1073 1038 ι
1098 1012 1169 1052 Πρὸς
1193 1011 1236 1046 οὓς
1257 1013 1272 1040 6
1297 1010 1373 1052 λόγος
1391 1013 1436 1039 τοῦ
1455 1011 1526 1040 Θεοῦ
1544 1009 1664 1052 ἐγένετο,
1685 1023 1697 1036 ι
1723 1010 1858 1048 τουτέστι,
1898 1021 1899 1026 ‘

1113 1049 1154 1068 μγ
1230 1055 1237 1066 I
1393 1056 1399 1065 υ
1427 1054 1433 1064 ι
1567 1055 1582 1062 ~
1635 1049 1658 1074 τι
1758 1066 1773 1072 __
1820 1057 1838 1064 -
1899 1052 1900 1056 ‘

1061 1059 1110 1094 μεθ
1134 1070 1170 1086 ων
1193 1057 1311 1096 ἐγενετο,
1336 1051 1373 1088 οἷς
1389 1066 1517 1095 ενῳκησε.
1535 1055 1598 1087 Πως
1621 1066 1665 1084 ουι
1687 1055 1857 1094 βλαστημω,

1061 1102 1144 1140 λέγων
1162 1101 1226 1132 Υἱὸν
1249 1103 1322 1131 Θεοῦ
1343 1099 1472 1139 ἔμαυτόν;
1494 1100 1530 1129 Εἰ
1542 1097 1594 1139 γὰρ
1609 1098 1656 1128 καὶ
1672 1100 1759 1138 σάρκα
1774 1102 1857 1139 φορῶ,

1060 1146 1107 1175 καὶ
1134 1147 1164 1175 ἐκ
1201 1145 1354 1185 σπέρματος
1381 1144 1466 1174 Δαυίδ
1500 1144 1565 1182 εἶμι,
1595 1143 1654 1172 ἀλλ’
1683 1144 1803 1182 ἀγνοεῖτε
1831 1144 1859 1173 τὸ

1061 1190 1216 1230 μυστήριον,
1239 1191 1284 1219 καὶ
1303 1191 1344 1218 δτι
1371 1190 1419 1218 οὔκ
1445 1189 1531 1222 ἄλλως
1561 1188 1677 1223 ἠδύνατο
1696 1191 1712 1224 ἡ
1741 1189 1858 1229 σαρκικῆ

1059 1237 1111 1264 τῶν
1127 1234 1272 1275 ἀνθρώπων
1297 1234 1373 1274 φύσις
1398 1233 1522 1267 δέξασθαι
1537 1235 1610 1264 Θεοῦ
1631 1232 1756 1271 ὁμιλίαν,
1781 1235 1805 1263 εἰ
1821 1234 1858 1272 μὴ

1059 1279 1102 1309 διὰ
1125 1279 1221 1319 σαρκὸς
1245 1280 1367 1317 ὡμίλησε
1393 1278 1486 1318 ταύτῃ,
1506 1279 1540 1311 ὡς
1561 1279 1587 1306 ἐν
1613 1277 1858 1317 παραπετάσματι.

1100 1338 1112 1350 ι
1136 1326 1170 1355 Εἰ
1194 1325 1222 1354 οὖ
1245 1326 1314 1353 ποιῶ
1333 1325 1366 1352 τὰ
1383 1322 1447 1363 ἔργα
1473 1326 1520 1352 τοῦ
1548 1322 1654 1362 Πατρός
1677 1333 1742 1360 μου,
1761 1322 1801 1361 μὴ
1816 1336 1860 1353 πι-

1059 1368 1164 1398 στεύετέ
1181 1381 1241 1407 μοι,
1257 1371 1278 1398 εἰ
1294 1368 1321 1397 δὲ
1336 1369 1414 1404 ποιῶ,
1432 1367 1482 1396 κᾶν
1499 1367 1558 1405 ἐμοὶ
1577 1367 1615 1405 μὴ
1631 1366 1793 1404 πιστεύητε,
1807 1373 1861 1402 τοῖς

1059 1413 1142 1452 ἔργοις
1158 1413 1333 1451 πιστεύσατε,
1351 1413 1395 1441 ἵνα
1415 1414 1500 1451 γνῶτε
1515 1412 1561 1441 καὶ
1585 1411 1764 1448 πιστεύσητε,
1789 1411 1833 1442 ὅτι
1848 1415 1860 1442 ὁ

1060 1458 1155 1498 Πατὴρ
1176 1459 1201 1486 ἐν
1217 1458 1290 1494 ἐμοὶ,
1306 1456 1381 1496 κάγὼ
1397 1458 1423 1486 ἐν
1439 1458 1519 1496 αὖτῷ-
1537 1471 1549 1483 ia
1564 1457 1681 1492 Θέλετε,
1697 1456 1774 1496 φησὶ,
1789 1459 1861 1495 γνῶ-

1058 1515 1100 1532 ναι
1115 1503 1162 1538 τὴν
1178 1504 1243 1542 πρὸς
1261 1502 1305 1532 τὸν
1332 1501 1442 1540 Πατέρα
1468 1501 1594 1538 ἷσότητα;
1618 1501 1682 1531 Ἀπὸ
1696 1504 1746 1536 τῆς
1770 1502 1861 1536 οὐσίας

206 1557 263 1577 non
283 1549 396 1584 potestis
410 1550 480 1577 scire
501 1550 687 1585 [impossibile
702 1550 774 1578 enim
789 1554 831 1578 est
849 1551 919 1578 scire
942 1551 1002 1578 sub-

1079 1548 1088 1576 ')
1115 1547 1223 1577 δύνασθε
1252 1548 1367 1586 γνῶναιο
1391 1545 1520 1575 ἀδύνατον
1554 1546 1606 1586 γὰρ
1631 1547 1731 1584 γνῶναι
1768 1547 1860 1577 οὐσίαν

206 1593 337 1622 stantiam
350 1594 428 1629 Dei],
443 1593 491 1622 sed
509 1594 620 1630 accipite
632 1602 665 1622 ex
680 1602 794 1630 operum
807 1595 963 1631 aequalitate
977 1599 1003 1623 et

205 1638 348 1666 identitate
369 1638 503 1666 indicium
522 1638 671 1667 identitatis
690 1639 843 1668 secundum
865 1639 1002 1668 virtutem.

205 1684 247 1710 Ex
267 1682 311 1710 his
324 1682 459 1711 habebitis
473 1683 585 1711 deitatis
601 1692 670 1712 mea:
683 1685 886 1718 testimonium,
899 1688 926 1712 et
935 1685 1003 1713 scie-

205 1727 244 1755 tis
266 1731 294 1755 et
318 1727 434 1755 credetis
453 1727 527 1763 quod
548 1728 617 1755 nihil
638 1736 688 1764 ego
712 1729 786 1756 aliud
801 1737 861 1756 sum
876 1737 960 1765 quam
975 1729 1004 1758 id

207 1771 283 1807 quod
297 1772 390 1800 Pater.
407 1771 540 1800 Eamdem
555 1773 630 1801 enim
647 1773 829 1802 substantiam
844 1774 930 1802 habeo
943 1781 1004 1802 ma-

205 1823 273 1843 nens
294 1816 390 1849 Filius,
406 1821 433 1845 et
444 1816 586 1853 hypostasi
602 1816 742 1846 differens.
763 1818 894 1846 Similiter
908 1823 935 1846 et
950 1820 1004 1846 Pa-

206 1865 248 1888 ter
259 1869 373 1889 manens
388 1862 476 1896 Pater,
491 1866 518 1890 et
532 1861 664 1890 differens
684 1862 835 1899 hypostasi,
849 1863 915 1891 nihil
928 1863 1002 1891 aliud

204 1909 245 1933 est
260 1913 346 1942 quam
366 1906 460 1941 Filius,
485 1907 639 1935 secundum
654 1907 834 1936 substantiam
854 1908 959 1936 scilicet
972 1917 1004 1936 ac

203 1954 356 1979 naturam:
381 1951 505 1987 quamvis
530 1956 624 1980 autem
644 1960 692 1988 per
715 1952 877 1989 hypostases
899 1952 1003 1981 differi-

204 2002 276 2029 mus,
300 1999 328 2023 at
350 2003 407 2023 non
428 2001 590 2031 separantur
625 1996 798 2032 hypostases,
823 1996 873 2024 sed
897 1997 925 2024 in
961 2005 1003 2024 se-

203 2039 270 2075 ipsis
300 2040 372 2067 alter
391 2040 419 2067 in
434 2040 521 2068 altero
535 2044 601 2068 sunt
622 2040 724 2076 absque
738 2039 901 2068 confusione
923 2042 1004 2068 Pater

202 2087 230 2111 et
251 2083 345 2111 Filius.
362 2085 425 2111 Non
437 2084 511 2111 enim
525 2084 596 2112 sicut
610 2084 684 2119 apud
698 2092 749 2112 nos
769 2090 849 2120 pater
862 2089 1003 2121 separatus

203 2131 246 2155 est
264 2135 280 2154 a
294 2127 362 2161 ﬁlio,
378 2128 503 2163 quamvis
527 2132 626 2155 natura
641 2136 728 2156 unum
747 2128 813 2163 sint,
828 2129 866 2156 ita
880 2133 908 2157 et
921 2130 951 2157 in
963 2130 1003 2157 di-

202 2171 274 2199 vinis
294 2172 428 2207 personis;
458 2171 509 2200 sed
532 2172 562 2200 in
584 2172 681 2208 seipsis
703 2173 772 2202 alter
786 2174 814 2201 in
837 2174 923 2202 altero
937 2179 1003 2202 sunt

201 2215 306 2252 absque
324 2216 495 2245 confusione.
515 2218 663 2253 Propterea
681 2226 734 2246 nos
747 2223 805 2246 tres
825 2219 938 2254 quidem
953 2219 1001 2248 ho-

202 2260 292 2288 mines
302 2259 431 2295 dicimur,
449 2266 544 2298 utpote
564 2262 748 2291 subsistentiis
762 2264 888 2300 separati,
904 2268 931 2291 et
947 2272 1001 2292 non

202 2313 292 2333 unum
315 2305 422 2342 proprie
437 2307 610 2335 exsistentes.
631 2308 664 2335 In
679 2308 771 2336 divina
794 2312 889 2336 autem
903 2309 1001 2337 Triade

203 2357 274 2377 unus
295 2351 382 2385 Deus,
406 2351 453 2379 sed
477 2359 533 2379 non
547 2355 602 2380 tres
619 2352 668 2387 dii,
691 2357 801 2389 propter
822 2361 1001 2389 personarum

201 2393 376 2423 inconfusam
399 2395 700 2429 circumincessionem,
728 2397 798 2426 adde
825 2402 852 2426 et
872 2399 1000 2426 eamdem

201 2438 371 2467 volitionem.

235 2484 325 2511 Vens.
335 2486 426 2512 39-42.
433 2485 666 2522 Quaerebantergo
672 2486 775 2514 iterum
782 2494 847 2514 eum
853 2487 1000 2523 apprehen-

198 2525 274 2561 dere,
289 2532 317 2555 et
326 2528 411 2557 exivit
425 2528 460 2557 de
471 2538 556 2557 manu
568 2538 676 2564 eorum,
689 2535 717 2558 et
729 2531 796 2558 abiit
810 2532 911 2559 iterum
924 2536 999 2560 trans

197 2571 349 2601 Iordanem
364 2573 390 2601 in
405 2581 469 2601 eum
484 2574 575 2602 locum
589 2575 637 2602 ubi
645 2575 735 2603 fuerat
746 2577 845 2603 Joanes
859 2576 999 2611 baptizans

197 2617 332 2653 primum,
359 2619 517 2655 mansitque
543 2619 607 2648 illic.
634 2621 670 2648 Et
697 2621 779 2648 multi
803 2625 936 2649 venerunt
963 2622 997 2650 ad

196 2670 272 2696 eum,
294 2671 327 2691 ac
341 2662 469 2691 dicebant
495 2672 502 2692 :
518 2665 641 2692 Joannes
655 2664 766 2700 quidem
787 2666 897 2702 signum
913 2666 998 2694 edidit

195 2708 304 2735 nullum
322 2717 329 2735 :
343 2708 439 2736 omnia
453 2713 546 2737 autem
564 2717 734 2746 quaecunque
746 2710 817 2738 dixit
828 2712 950 2739 Joannes
962 2711 996 2740 de

194 2751 257 2786 hoc,
274 2760 338 2780 vera
349 2757 438 2788 erant,
456 2757 484 2781 et
498 2753 678 2782 crediderunt
689 2755 766 2783 multi
781 2755 837 2783 illic
850 2756 879 2783 in
892 2764 968 2784 eum.
982 2768 995 2781 υ

194 2796 330 2831 Quaerunt
336 2798 449 2834 quidem
459 2798 662 2834 apprehendere
675 2800 837 2836 Dominum,
845 2800 932 2836 654
941 2809 996 2829 non

194 2839 312 2870 ferentes
334 2849 410 2877 eum,
432 2843 506 2879 quod
531 2847 589 2872 tam
614 2843 734 2873 sublime
759 2844 794 2874 de
818 2853 848 2874 se
870 2845 995 2874 testimo-

1018 2201 1043 2232 D

1059 1594 1142 1623 Θεοῧ’
1160 1592 1213 1621 ἀπὸ
1227 1593 1274 1627 τῆς
1295 1593 1348 1621 τῶν
1363 1591 1446 1630 ἔργων
1469 1587 1514 1620 οὖν
1530 1590 1655 1626 ἷσότητός
1673 1602 1702 1620 τε
1722 1591 1769 1620 καὶ
1789 1603 1862 1621 ταυ-

1058 1636 1166 1672 τότητος
1184 1636 1315 1670 ἀπόδειξιν
1329 1637 1376 1671 τ’ἤς
1397 1635 1466 1664 κατὰ
1489 1634 1537 1671 τὴν
1558 1635 1668 1674 δύναμιν
1693 1636 1861 1672 ταυτότητος

1058 1681 1168 1711 λάϐετεο
1191 1681 1244 1710 ἀπὸ
1278 1681 1378 1710 τούτων
1399 1681 1451 1721 γὰρ
1477 1679 1553 1709 ἔσται
1580 1681 1642 1718 ὑμῖν
1671 1683 1688 1716 ἡ
1718 1682 1768 1716 τῆς
1794 1682 1862 1719 ἒμῆς

1058 1726 1180 1761 θεότητος
1200 1725 1346 1766 μαρτυρία,
1367 1725 1413 1755 καὶ
1436 1724 1587 1764 γνώσεσθε,
1613 1725 1660 1754 καὶ
1683 1725 1860 1762 πιστεύσετε,

1057 1771 1099 1801 ὅτι
1115 1770 1187 1800 οὐδὲν
1203 1770 1269 1799 ἄλλο
1293 1770 1345 1808 ἐγώ
1365 1772 1436 1808 εἶμι,
1452 1769 1470 1805 ἢ
1486 1769 1549 1809 ὅπερ
1566 1771 1580 1798 6
1605 1769 1712 1809 Πατήρ.
1731 1770 1791 1805 Τὴν
1809 1771 1861 1810 γὰρ

1058 1816 1140 1851 αὐτὴν
1164 1816 1255 1845 οὐσίαν
1282 1814 1336 1855 ἔχω
1365 1815 1450 1853 μένων
1476 1814 1554 1851 Υἱὸς,
1580 1814 1627 1844 καὶ
1712 1815 1860 1845 ὑποστάσει

1058 1860 1201 1901 διαφέρων.
1232 1859 1372 1892 ⁶Ωσαύτως
1384 1859 1430 1888 καὶ
1444 1861 1458 1888 6
1471 1859 1568 1899 Πατὴρ
1582 1859 1667 1897 μένων
1684 1859 1795 1899 Πατὴρ,
1814 1860 1860 1889 καὶ

1056 1907 1089 1944 τῇ
1105 1905 1249 1934 ὑποστάσει
1261 1904 1408 1944 διαφέρων,
1423 1903 1497 1933 οὐδὲν
1512 1904 1578 1933 ἄλλο
1591 1903 1660 1940 ἐστὶ,
1675 1902 1692 1939 ἢ
1708 1904 1773 1937 Υἱὸς
1788 1905 1861 1933 κατὰ

1057 1950 1106 1985 τὴν
1127 1949 1219 1978 οὐσίαν
1236 1949 1337 1984 δηλαδή
1363 1948 1409 1978 καὶ
1436 1948 1485 1984 τὴν
1507 1948 1594 1988 φύσιν.
1614 1949 1648 1978 Εἰ
1675 1947 1701 1977 δὲ
1726 1948 1773 1977 καὶ
1797 1953 1860 1983 ταῖς

1057 1993 1219 2023 ὑποστάσεσι
1235 1994 1408 2032 διαφέρομεν,
1433 1993 1492 2022 ἀλλ’
1508 1994 1538 2022 οὖ
1557 1993 1714 2032 χωρίζονται
1737 1994 1767 2022 αἱ
1790 1997 1861 2022 ὑπο·

1057 2037 1163 2070 στάσεις
1185 2037 1230 2066 καὶ
1245 2034 1407 2073 διίστανται,
1424 2037 1482 2066 ἀλλ’
1498 2039 1524 2066 ἐν
1541 2038 1666 2074 ἀλλήλοις
1690 2037 1755 2066 εἶσὶν
1775 2039 1863 2077 ἆσυγ-

1056 2080 1142 2121 χύτως
1166 2084 1180 2111 6
1199 2082 1295 2121 Πατὴρ
1311 2082 1355 2111 καὶ
1378 2084 1391 2111 ὁ
1405 2082 1481 2115 Υἱός·
1495 2083 1524 2111 οὖ
1539 2082 1591 2122 γὰρ
1605 2082 1697 2121 ὥσπερ
1714 2083 1754 2121 ἐφ’
1778 2084 1862 2120 ἡμῶν

1057 2127 1070 2155 ὁ
1088 2127 1176 2167 πατὴρ
1197 2126 1360 2166 κεχώρισται
1376 2129 1423 2156 τοῦ
1434 2128 1505 2166 υἱοῦ,
1521 2126 1565 2155 καὶ
1581 2128 1613 2165 τῇ
1629 2127 1705 2167 φύσει
1717 2126 1745 2155 ἕν
1761 2128 1858 2164 ἐστιν,

1058 2170 1140 2204 οὕτως
1155 2171 1207 2212 ἄρα
1233 2171 1280 2201 καὶ
1304 2171 1348 2201 ἐπὶ
1372 2173 1424 2200 τῶν
1440 2171 1515 2201 θείων
1539 2172 1725 2200 ὑποστάσεων·
1747 2172 1810 2200 ἀλλ’
1833 2173 1862 2202 ἐν

1059 2216 1181 2252 ἀλλήλοις
1194 2216 1259 2246 εἰσὶν
1275 2215 1439 2256 ἀσυγχύτως.
1455 2215 1502 2246 Διὸ
1517 2215 1561 2246 καὶ
1577 2217 1652 2254 ἡμεῖς
1668 2219 1737 2255 τρεῖς
1753 2216 1863 2256 ἅνθρω-

1055 2272 1101 2290 ποι
1129 2261 1276 2301 λεγόμεθα,
1293 2263 1329 2294 ὡς
1353 2264 1412 2294 ταῖς
1437 2261 1598 2290 ὑποστάσεσι
1625 2261 1790 2298 διιστάμενοι
1810 2261 1862 2290 καὶ

1054 2306 1104 2345 οὐχ
1126 2305 1154 2335 ἓν
1171 2305 1267 2346 κυρίως
1288 2305 1372 2342 ὄντες,
1394 2305 1438 2334 ἐπὶ
1461 2304 1488 2334 δὲ
1512 2307 1559 2340 τῆς
1580 2304 1656 2343 ἁγίας
1678 2305 1795 2345 Τριάδος
1824 2301 1863 2339 εἷς

1055 2351 1141 2390 Θεὸς,
1155 2351 1215 2380 ἀλλ’
1231 2352 1260 2380 οὖ
1278 2351 1364 2390 τρεῖς,
1381 2350 1423 2380 διὰ
1437 2349 1485 2386 τὴν
1507 2351 1558 2379 τῶν
1582 2349 1754 2379 ὑποστάσεων
1773 2350 1863 2389 ἀσύγ-

1053 2407 1134 2435 χυτον
1160 2397 1186 2425 ἐν
1222 2396 1346 2431 ἀλλήλοις
1370 2396 1571 2436 περιχώρησιν,
1598 2394 1711 2434 πρόσθες
1735 2394 1783 2424 καὶ
1806 2395 1861 2431 τὴν

1054 2440 1246 2470 ταυτοϐουλίαν
1263 2440 1308 2470 καὶ
1325 2441 1356 2469 τὸ
1375 2439 1542 2473 ταυτοθελές.

1097 2498 1110 2510 α
1136 2484 1266 2520 Ἐζήτουν
1283 2480 1326 2514 οὖν
1352 2485 1432 2514 πάλιν
1449 2484 1527 2513 αὐτὸν
1540 2483 1654 2521 πιάσαι,
1679 2482 1726 2513 καὶ
1745 2484 1861 2520 ἐξῆλθεν

1051 2531 1082 2559 ἐκ
1100 2531 1147 2564 τ”ἤς
1166 2530 1254 2569 χειρὸς
1281 2531 1377 2565 αὐτῶν,
1402 2529 1448 2558 καὶ
1475 2529 1578 2564 ἀπῆλθε
1602 2528 1683 2557 πάλιν
1705 2528 1792 2568 πέραν
1810 2531 1860 2558 τοῦ

1053 2575 1186 2614 Ἰορδάνου
1211 2575 1246 2608 εἷς
1266 2574 1310 2604 τὸν
1334 2574 1426 2610 τόπον,
1454 2572 1520 2603 ὅπου
1543 2571 1574 2609 ἦν
1589 2572 1717 2609 Ἰωάννης
1735 2573 1766 2603 τὸ
1775 2575 1860 2614 πρῶ-

1051 2613 1097 2648 τον
1113 2618 1260 2658 βαπτίζων,
1287 2618 1332 2647 καὶ
1357 2617 1458 2656 ἔμεινεν
1484 2618 1548 2648 ἐκεῖ.
1575 2616 1630 2647 Καὶ
1653 2617 1747 2647 πολλοὶ
1771 2613 1859 2654 ἦλθον

1052 2663 1115 2703 πρὸς
1139 2664 1217 2693 αὐτὸν
1247 2663 1293 2692 καὶ
1318 2663 1423 2702 θίγον,
1450 2661 1491 2692 ὅτι
1514 2662 1640 2703 Ἰιιιάννης
1665 2661 1714 2700 μὲν
1739 2667 1858 2701 σημεῖον

1051 2702 1174 2744 ἐποίησεν
1199 2707 1290 2746 οὐδὲν,
1318 2707 1406 2737 πάντα
1422 2706 1449 2736 δὲ
1468 2706 1518 2737 ὅσα
1544 2702 1615 2736 εἶπεν
1640 2706 1765 2743 Ἰωάννης
1792 2707 1860 2747 περὶ

1051 2753 1158 2788 τούτου,
1182 2754 1267 2789 ἄληθῆ
1287 2748 1329 2788 ἦν.
1355 2751 1410 2782 Καὶ
1434 2751 1593 2781 ἐπίστευσαν
1617 2751 1711 2781 πολλοὶ
1735 2752 1794 2781 ἐκεῖ
1819 2753 1862 2785 εἷς

1051 2797 1139 2828 αὐτόν.
1159 2810 1172 2824 ν
1215 2797 1330 2834 Ζητοῢσι
1346 2796 1394 2836 μὲν
1414 2797 1510 2826 πιάσαι
1536 2796 1581 2826 τὸν
1603 2796 1717 2836 Κύριον,
1737 2795 1775 2835 μὴ
1803 2796 1858 2837 φέ-

1051 2853 1138 2883 ροντες
1176 2841 1256 2872 αὐτὸν
1285 2841 1334 2878 τὴν
1361 2841 1466 2880 ὑψηλὴν
1496 2840 1556 2881 περὶ
1591 2843 1673 2871 αὑτοῦ
1698 2841 1857 2881 μαρτυρίαν
