1910 3077
89 140 128 167 85
491 140 686 168 ENARRATIO
705 142 738 169 1N
759 142 975 172 EVANGELFUM
992 143 1140 172 JOANNIS.
1161 160 1195 164 —
1215 145 1290 174 CAP.
1309 146 1351 173 Xl.
1709 148 1744 175 86

87 201 262 240 ποιούμενον
276 203 305 232 οὗ
320 201 372 243 γὰρ
384 202 523 243 ἠνείχοντο
543 204 623 234 αὐτοῦ
644 203 678 233 τὰ
698 204 810 245 κρείττω
835 209 875 236 Bac

954 207 1023 234 iium
1037 207 1203 243 perhiberet;
1217 215 1306 244 neque
1320 207 1396 236 enim
1412 207 1538 237 ferebant
1552 209 1742 238 sublimiorem

87 247 246 286 λογοῢντος.
272 247 357 281 Αὐτὸς
380 247 407 277 δὲ
435 248 583 288 ὑποχωρεῖ,
609 249 722 282 ἐνδιδοὺς
748 251 835 279 αὐτῶν
854 253 891 291 τῷ

87 293 187 332 θυμῷ,
210 291 254 322 καὶ
271 292 313 321 διὰ
334 294 381 328 τῆς
407 292 536 327 ἀπουσίας
560 293 638 329 λῆξαι
653 294 740 328 αὐτοῖς
755 295 786 325 τὸ
810 295 892 330 πάθος

87 340 140 366 τοῦ
172 339 255 374 θυμοῦ
281 338 505 377 παρασκευάζων,
531 338 578 368 καὶ
601 338 717 368 ἀκόντων
745 340 772 369 δὲ
804 341 890 369 αὐτῶν

86 383 242 421 ὖποχωρεῖ,
261 381 376 419 δεικνὺς,
391 381 405 411 ὃ
425 383 568 419 πολλάκις,
585 383 705 422 εἴπομεν,
721 383 761 413 ὅτι
785 385 840 414 οὐδ’
857 384 888 414 ἂν

87 426 117 455 ἐν
134 428 174 467 τῷ
190 428 299 467 σταυρῷ
319 426 468 467 συνελήφθη
480 450 488 465 ,
504 428 527 456 εἰ
544 427 581 466 μὴ
596 427 663 458 ἑκὼν
680 429 771 458 ἑαυτὸν
792 429 887 459 ἐδίδου.

87 472 152 501 Ποῦ
178 470 206 500 δὲ
233 473 385 511 ὑποχωρεῖς
417 485 429 498 ι
456 472 546 512 Πέραν
572 477 618 503 τοῦ
645 473 796 512 Ἰορδάνου,
824 475 890 505 ὅπου

85 515 219 552 Ἰωάννης
243 516 399 553 ἐϐάπτιζεν,
424 529 436 543 ι
453 517 501 546 οὖκ
517 518 618 557 ἀλόγως
640 518 726 548 ἐκεῖσε
743 519 887 559 ἀναχωρή-

85 572 156 597 σας,
192 560 252 590 ἀλλ’
279 561 491 599 ἀναμιμνήσκων
518 561 578 597 τοὺς
612 562 726 596 πολλοὺς
755 565 806 592 τῶν
833 565 889 594 ἐκεῖ

84 605 252 646 γενομένων,
277 606 324 635 καὶ
339 609 391 636 τῶν
415 606 564 646 λεχθέντων
579 607 654 648 παρὰ
678 608 802 638 Ἰωάννου
825 610 887 649 περὶ

83 650 181 680 αὐτοῦ.
205 648 272 680 Ὅτι
296 650 323 680 δὲ
346 651 460 684 πολλοὺς
483 651 585 688 ὤνησεν
606 656 624 690 ἡ
652 654 713 692 περὶ
739 653 782 682 τὸν
807 648 888 684 τόπον

83 695 231 736 διατριϐὴν,
252 695 386 735 ἐπήγαγεν
407 698 422 726 ὁ
449 697 654 736 εὖαγγελιστὴς,
683 698 777 736 λέγων·
802 711 814 726 ι
831 698 888 728 Καὶ

82 740 183 769 πολλοὶ
207 735 284 775 ἦλθον
315 741 380 780 πρὸς
405 741 499 778 αὐτὸν,
521 735 571 771 καὶ
606 735 818 781 ἀναμνησθέντες
841 746 886 773 τοῦ

81 783 187 822 τόπου,
217 785 322 824 ἔλεγον,
351 785 449 826 φησὶν,
475 786 516 816 ὅτι
541 786 668 823 Ἰωάννης
697 787 745 825 μὲν
775 792 884 827 σημεῖον

83 830 211 865 ἐποίησεν
226 829 311 859 οὐδέν.
329 844 341 856 ι
383 830 422 860 ⁸0
448 829 476 860 δὲ
500 830 587 870 λέγει,
611 832 729 862 τοιοῦτόν
747 833 834 870 ἐστιν,
851 834 884 863 Εἰ

82 874 179 914 ἐκείνῳ
213 875 408 913 ἐπιστεύσαμεν
446 875 528 914 μηδὲν
562 877 718 913 πεποιηκότι
757 882 882 916 σημεῖον,

80 920 178 959 πολλῷ
195 920 297 957 μᾶλλον
313 920 399 960 τούτῳ
425 922 463 961 τῷ
477 923 595 950 τοσαῦτα
620 922 745 961 θαύματα
766 924 883 961 ἐργασα·

81 964 169 1004 μένῳ.
187 964 265 995 Ἐπεὶ
288 965 316 994 δὲ
340 965 465 1001 Ἰωάννης
485 966 654 1006 ἐμαρτύρησε
680 967 728 1005 μὲν
752 967 814 1008 περὶ
837 971 884 998 τοῦ

81 1008 219 1048 Χριστοῦ,
243 1009 317 1038 οὐδὲν
341 1009 368 1039 δὲ
389 1014 498 1048 σημεῖον
519 1011 643 1048 ἐποίησε,
664 1012 710 1040 καὶ
737 1011 780 1041 διὰ
806 1015 884 1042 τοῦτο

81 1053 149 1087 ἴσως
169 1055 217 1083 οὐκ
240 1054 390 1088 ἀξιόπιστος
419 1055 450 1084 ἂν
478 1056 620 1094 ἐνομίσθη,
643 1056 760 1095 ἐπήγαγε
788 1056 882 1095 λέγων·

81 1112 93 1140 α
120 1099 235 1128 Πάντων
250 1098 277 1128 δὲ
297 1100 347 1129 ὅσα
363 1095 436 1129 εἶπεν
450 1100 576 1136 Ἰωάννης
590 1101 650 1139 περὶ
672 1101 777 1140 τούτου,
797 1103 882 1138 ἀληθῆ

78 1139 130 1180 ἦν,
147 1157 160 1169 ι-
179 1145 228 1174 οὖκ
246 1144 285 1174 ἔτι
307 1147 399 1174 τοῦτον
420 1145 445 1179 ἐξ
461 1146 575 1182 ἐκείνου,
589 1145 650 1176 ἀλλ’
666 1147 763 1176 ἐκεῖνον
785 1148 830 1187 ἀφ’
845 1143 882 1176 ὧν

79 1190 93 1217 ὁ
120 1190 235 1228 Χριστὸς
262 1189 385 1225 ἐποίησεν
410 1189 563 1224 ἀξιόπιστον
587 1189 787 1230 ἀποφαίνοντες.
815 1191 880 1231 Διὸ,

78 1247 90 1259 ι
116 1234 231 1271 Πολλοὶ,
250 1234 347 1274 φησὶν,
362 1236 417 1264 ἐκεῖ
437 1234 607 1266 ἐπίστευσαν.
626 1248 638 1262 υ
657 1236 697 1266 Τὸ
720 1236 746 1265 δὲ
768 1238 850 1272 ιέκεῐ,
869 1250 881 1264 ι

79 1279 177 1314 δηλοῖ,
192 1278 233 1309 ὅτι
249 1280 372 1319 μεγάλως
396 1281 410 1308 ὃ
433 1279 513 1313 τόπος
532 1281 631 1314 ἐκεῖνος
656 1279 751 1314 αὐτοὺς
771 1281 880 1322 ὠφέλη-

79 1334 142 1360 σεν,
168 1323 225 1353 ἐπεὶ
252 1324 297 1353 καὶ
329 1323 422 1353 τούτου
451 1324 532 1364 χάριν
561 1327 678 1365 συνεχῶς
706 1324 793 1364 ἐξάγει
821 1325 881 1360 τοὺς

78 1368 175 1407 ὄχλους
191 1369 205 1397 ὁ
219 1368 324 1404 Ἰησοῦς
343 1370 379 1402 εἷς
399 1369 512 1408 ἐρήμους
531 1370 644 1409 τόπους,
659 1372 706 1406 τῆς
721 1372 774 1399 τῶν
793 1382 879 1407 πονη-

80 1415 136 1452 ρῶν
163 1413 309 1453 ἀνθρώπων
329 1415 466 1447 συνουσίας
492 1415 651 1455 ἐλευθερῶν,
678 1415 742 1454 πρὸς
762 1415 792 1444 τὸ
812 1428 880 1456 καρ-

78 1457 224 1487 πώσασθαί
245 1470 270 1487 τι
299 1458 381 1498 μέγα,
404 1459 525 1498 καθάπερ
543 1460 589 1488 καὶ
615 1460 659 1489 ἐπὶ
687 1462 733 1496 τῆς
754 1461 879 1495 Παλαιᾶς

944 252 1003 288 ejus
1017 251 1196 288 theologiam.
1224 253 1283 288 ipse
1297 257 1388 280 autem
1410 253 1473 281 inde
1495 254 1605 288 transit,
1630 254 1740 283 illorum

944 296 1029 325 furori
1046 297 1154 330 cedens,
1169 301 1196 325 et
1212 297 1334 325 absentia
1355 305 1403 325 sua
1422 298 1530 326 illorum
1547 299 1673 327 morbum
1689 299 1739 327 mi-

943 342 1023 377 tigari
1049 341 1158 370 faciens.
1193 341 1301 370 Secedit
1333 346 1426 370 autem
1452 342 1543 370 invitis
1566 343 1630 376 illis,
1655 352 1738 372 mon-

943 391 1032 414 strans
1053 390 1095 421 (ut
1108 394 1180 423 saepe
1200 387 1330 420 diximus)
1352 387 1424 424 quod
1446 395 1533 424 neque
1548 388 1576 416 in
1598 396 1677 416 cruce
1691 388 1739 416 de-

942 434 1036 459 tentus
1059 431 1161 465 fuisset.
1178 432 1231 460 nisi
1251 437 1348 468 sponte
1370 440 1399 460 se
1421 432 1588 460 tradidisset.
1605 433 1666 468 Quo
1690 440 1738 461 au-

943 479 1000 504 tem
1017 477 1158 505 concedit?
1173 488 1186 501 α
1208 478 1296 505 Trans
1310 477 1470 510 Jordanem,
1493 476 1538 505 ubi
1552 479 1671 505 Joannes
1689 477 1737 504 ba-

943 521 1064 556 ptizavit.
1087 531 1102 548 ιι
1116 523 1178 549 Non
1199 521 1300 557 absque
1323 530 1403 550 causa
1421 530 1449 549 se
1462 521 1526 549 illuc
1540 522 1669 555 contulit,
1691 521 1739 549 sed

942 565 970 593 in
986 566 1147 594 memoriam
1162 566 1270 594 reduxit
1286 566 1457 594 multitudini
1477 575 1538 602 qua:
1559 567 1611 594 illic
1624 566 1693 594 facta
1712 571 1739 594 et

941 610 1013 638 dicta
1044 619 1059 638 a
1083 612 1189 639 Joanne
1214 610 1249 639 de
1274 619 1318 639 se.
1353 611 1433 646 Quod
1457 616 1549 639 autem
1582 611 1656 639 illius
1684 611 1738 639 illic

941 655 1110 683 conversatio
1130 655 1232 683 multos
1257 655 1428 690 lncrifecerit,
1451 656 1542 684 subdit
1561 655 1737 690 evangelista,

941 699 1036 728 dicens
1058 709 1065 728 :
1089 711 1102 724 ι
1119 701 1153 727 Et
1167 700 1247 728 multi
1262 704 1395 728 venerunt
1409 700 1443 729 ad
1459 708 1533 734 eum,
1556 704 1583 728 et
1603 700 1739 728 recordati

941 744 1005 777 loci,
1021 744 1158 778 dicebant,
1174 744 1274 780 inquit,
1291 747 1410 772 Joannes
1425 746 1536 782 quidem
1550 745 1659 781 signum
1677 744 1739 773 fecit

941 790 1058 817 nullum.
1088 802 1100 814 ιο
1121 790 1258 818 Caeterum
1279 789 1353 825 quod
1375 790 1451 824 dicit,
1476 790 1513 817 ita
1529 797 1557 817 se
1584 790 1666 818 habet
1687 790 1738 818 :Si

940 834 979 862 illi
999 834 1166 862 credidimus
1192 834 1238 870 qui
1252 835 1357 862 nullum
1377 842 1499 870 unquam
1524 834 1591 862 fecit
1617 835 1736 870 signum,

940 879 1028 906 multo
1046 879 1133 915 magis
1147 878 1170 906 ei
1185 879 1230 915 qui
1251 883 1295 907 tot
1313 883 1443 915 tantaque
1458 884 1584 915 operatus
1596 883 1637 907 est
1650 879 1734 914 signa.

939 923 1019 958 Quod
1040 927 1131 951 autem
1149 924 1269 951 Joannes
1288 927 1402 951 testatus
1421 924 1535 959 quidem
1554 923 1590 951 sit
1609 923 1643 951 de
1657 923 1736 951 Chri-

939 973 993 1001 sto,
1007 968 1118 1003 signum
1142 976 1206 996 vero
1226 969 1334 996 nullum
1358 967 1464 1003 fecerit,
1493 972 1520 995 et
1544 972 1654 1004 propter
1683 967 1736 996 hoc

938 1012 1063 1040 fortassis
1085 1020 1141 1040 non
1156 1017 1260 1040 tantam
1280 1012 1362 1040 ﬁdem
1382 1013 1524 1046 meruerit,
1540 1012 1670 1046 subdidit,
1691 1012 1735 1040 di-

937 1066 1001 1086 cens
1017 1067 1024 1085 :
1048 1069 1060 1082 ι
1075 1058 1172 1085 Omnia
1191 1062 1285 1086 autem
1298 1065 1469 1093 quaecunque
1487 1059 1607 1085 Joannes
1620 1057 1686 1085 dixit
1699 1057 1735 1085 de

938 1103 1001 1136 hoc,
1015 1110 1078 1130 vera
1090 1106 1178 1130 erant.
1201 1113 1212 1126 ν
1228 1103 1286 1129 Non
1300 1102 1368 1130 ultra
1389 1102 1461 1130 hunc
1474 1102 1508 1130 ab
1528 1102 1584 1134 illo,
1597 1102 1644 1129 sed
1658 1102 1735 1130 illum

938 1155 970 1175 ex
981 1147 1024 1175 his
1036 1154 1096 1183 qua}
1107 1147 1232 1175 Christus
1246 1147 1321 1180 fecit,
1334 1147 1443 1174 ﬁdelem
1454 1146 1604 1175 afﬁrmant.
1616 1146 1732 1182 Idcirco,

939 1204 952 1216 «ι
965 1192 1057 1225 Multi,
1067 1191 1164 1228 inquit,
1179 1191 1234 1219 illic
1247 1191 1432 1219 crediderunt.
1450 1203 1462 1215 υ
1477 1191 1600 1219 Dicendo
1615 1203 1626 1215 α
1642 1191 1704 1225 illic,
1720 1203 1731 1216 ιι

936 1237 1026 1272 signat
1042 1236 1117 1272 quod
1137 1236 1212 1264 locus
1225 1237 1270 1264 ille
1285 1236 1353 1264 mire
1374 1235 1507 1272 profuerit
1535 1246 1541 1264 :
1563 1236 1734 1272 quandoqui-

936 1281 999 1310 dem
1014 1285 1042 1309 et
1055 1281 1105 1308 hac
1121 1289 1203 1308 causa
1216 1280 1331 1309 subinde
1345 1281 1479 1308 Dominus
1492 1281 1624 1317 populum
1642 1280 1670 1308 in
1690 1289 1734 1309 so-

936 1326 1024 1354 litaria
1040 1326 1099 1353 loca
1113 1333 1128 1353 a
1142 1325 1339 1354 consuetudine
1353 1325 1491 1353 malorum
1506 1325 1651 1353 hominum
1668 1325 1734 1354 libe-

934 1378 998 1399 rans
1021 1370 1121 1403 educit,
1145 1377 1199 1405 quo
1222 1370 1309 1406 magis
1323 1370 1374 1397 illis
1387 1370 1527 1405 prodesset
1550 1377 1556 1395 :
1572 1370 1644 1398 sicut
1658 1374 1685 1398 et
1703 1370 1733 1398 in

935 1415 1020 1443 veteri
1046 1415 1103 1451 lege
1126 1414 1223 1442 fecisse
1246 1418 1367 1451 apparet.
1392 1414 1504 1442 Eductis
1525 1415 1599 1442 enim
1621 1415 1674 1442 illis
1699 1423 1731 1443 ex

933 1461 1062 1496 Egypto,
1083 1459 1111 1486 in
1126 1459 1273 1487 solitudine
1287 1458 1390 1496 aptavit
1410 1463 1437 1486 et
1462 1458 1592 1486 formavit
1613 1459 1666 1487 sibi
1682 1467 1731 1495 po-

77 1502 194 1539 ποιήσας
227 1503 367 1543 φαίνεται,
404 1503 540 1543 ἐξαγαγὼν
571 1503 618 1543 μὲν
650 1507 697 1541 τῆς
729 1504 875 1543 Αἰγύπτου,

954 1506 1040 1537 ulum,
1055 1503 1148 1532 dando
1164 1504 1200 1532 illi
1217 1505 1314 1539 legem.
1328 1503 1445 1532 Attende
1457 1508 1549 1531 autem
1564 1508 1591 1532 et
1606 1503 1731 1532 secessio-

78 1549 106 1577 ἓν
132 1548 226 1589 ἐρήμῳ
254 1547 282 1577 δὲ
315 1548 486 1578 διαπλάττων
512 1549 557 1578 τὸν
583 1549 648 1578 λαὸν
671 1549 716 1579 καὶ
749 1551 879 1590 ῥυθμίζων

83 1592 127 1622 διὰ
152 1595 198 1622 τοῦ
215 1593 294 1630 νόμον
321 1594 410 1622 δοῦναι
436 1595 519 1633 αὐτῷ.
547 1594 648 1623 Σκόπει
675 1593 700 1623 δὲ
728 1594 772 1623 καὶ
796 1607 878 1624 πνευ-

83 1639 203 1676 ματικῶς
229 1637 389 1676 τελουμένην
418 1638 468 1674 τὴν
486 1637 656 1678 ὑποχώρησιν
683 1641 728 1668 τοῦ
749 1640 877 1678 Χριστοῦ.

80 1681 227 1722 Ἀναχωρεῖ
244 1682 292 1720 μὲν
311 1682 363 1722 γὰρ
383 1684 414 1712 ἐκ
438 1685 491 1712 τῶν
515 1682 720 1723 Ἱεροσολύμων,
743 1684 878 1722 τουτέστι,

80 1729 127 1756 τοῦ
156 1727 304 1757 Ἰουδαϊκοῦ
332 1728 407 1757 λαοῦ·
434 1729 469 1761 εἷς
494 1728 574 1757 τόπον
605 1728 632 1757 δὲ
665 1728 753 1767 πηγὰς
781 1728 878 1768 ἔχοντα

79 1771 253 1810 μεθίσταται,
270 1771 317 1807 τὴν
331 1771 355 1806 ἐξ
365 1773 444 1801 ἐθνῶν
458 1773 560 1808 δηλαδὴ
575 1772 752 1809 Ἐκκλησίαν,
766 1773 815 1809 τὴν
830 1773 878 1807 τὰς

79 1815 167 1855 πηγὰς
184 1815 299 1855 ἔχουσαν
314 1819 359 1846 τοῦ
377 1816 572 1856 βαπτίσματος.
596 1817 650 1846 Καὶ
668 1817 698 1852 δὴ
714 1818 876 1857 προσέρχον-

78 1871 123 1889 ται
137 1861 210 1900 αὐτῷ
229 1861 323 1891 πολλοὶ
338 1862 569 1901 διαπεραιούμενοι
596 1861 641 1890 τὸν
660 1861 807 1899 Ἰορδάνην,
830 1861 877 1891 καὶ

78 1903 122 1934 διὰ
148 1907 193 1934 τοῦ
212 1905 395 1944 βαπτίσματος
418 1906 592 1945 διερχόμενοι.
616 1905 657 1936 Τὸ
678 1905 730 1945 γὰρ
755 1919 767 1932 ιι
790 1905 875 1945 πέραν

932 1558 997 1578 nem
1013 1549 1123 1581 Christi,
1138 1556 1201 1585 qum
1215 1549 1391 1584 spiritualiter
1403 1548 1444 1576 ﬁt.
1462 1550 1532 1576 Nam
1551 1548 1653 1576 secedit
1669 1548 1730 1584 qui-

932 1594 996 1624 dem
1007 1594 1042 1622 ab
1053 1593 1262 1630 Hierosolymis,
1272 1593 1325 1621 hoc
1335 1598 1387 1626 est,
1400 1592 1515 1621 Judaico
1525 1594 1637 1630 populo,
1651 1594 1678 1621 in
1691 1593 1730 1621 lo-

933 1647 997 1667 cum
1016 1643 1108 1667 autem
1123 1638 1222 1666 transit
1241 1638 1388 1666 habentem
1404 1637 1502 1672 fontes,
1518 1638 1668 1666 Ecclesiam
1689 1637 1731 1665 vi-

933 1684 1029 1712 delicet
1043 1691 1074 1711 ex
1090 1684 1225 1718 gentibus,
1245 1683 1273 1710 in
1287 1691 1340 1719 qua
1352 1682 1442 1711 fontes
1455 1683 1635 1719 baptismatis.
1650 1683 1731 1711 Unde

932 1729 1011 1756 multi
1023 1732 1195 1756 accesserunt
1205 1727 1239 1755 ad
1248 1736 1324 1761 eum,
1337 1739 1349 1751 α
1361 1728 1510 1756 Jordauem
1522 1731 1701 1760 transeuntes,
1716 1739 1729 1752 ιν

931 1772 959 1800 id
982 1777 1023 1800 est
1038 1772 1187 1808 baptisma.
1211 1773 1282 1800 Nam
1297 1772 1472 1800 transmissio
1495 1772 1624 1801 Jordanis
1648 1772 1731 1808 signi-

930 1816 993 1844 ﬁcat
1019 1817 1192 1852 baptismatis
1215 1818 1374 1844 transitum.
1391 1818 1454 1844 Non
1479 1816 1557 1844 aliter
1578 1817 1651 1844 enim
1668 1817 1730 1853 quis

931 1861 1036 1889 accedit
1057 1861 1091 1889 ad
1115 1863 1222 1896 Jesum,
1243 1865 1270 1888 et
1284 1869 1346 1888 vere
1369 1861 1399 1888 ﬁt
1413 1861 1513 1893 ﬁdelis,
1530 1861 1582 1888 nisi
1597 1861 1729 1896 baptisma

930 1909 1061 1938 transeat,
1077 1906 1150 1942 quod
1170 1914 1219 1941 per
1232 1905 1382 1933 Jordanem
1398 1905 1576 1940 signiﬁcatur.

78 1951 124 1978 τοῦ
145 1949 298 1989 Ἰορδάνου,
321 1963 332 1976 ιι
354 1953 430 1980 τοῦτο
455 1951 546 1990 δηλοῖ,
570 1950 619 1986 τὴν
643 1950 687 1980 διὰ
706 1953 754 1980 τοῦ
779 1950 963 1990 βαπτίσματος
985 1950 1056 1989 λέγω
1081 1951 1176 1980 δίοδον.
1203 1951 1262 1980 Οὐκ
1286 1950 1371 1983 ἄλλως
1396 1950 1449 1990 γάρ
1475 1962 1512 1983 τις
1532 1949 1640 1989 ἔρχεται
1664 1950 1728 1989 πρὸς

77 1994 122 2023 τὸν
143 1994 259 2032 Ἰησοῦν,
284 1995 330 2024 καὶ
354 1996 457 2031 άληθῶς
477 1994 570 2028 πιστὸς
592 1994 712 2035 γίνεται,
740 1996 762 2025 εἷ
785 1995 824 2034 μὴ
841 1995 872 2025 τὸ
894 1996 1034 2035 βάπτισμα
1058 1996 1154 2026 διέλθοι
1162 1994 1198 2032 ,θ
1220 1995 1263 2025 διὰ
1281 1998 1325 2025 τοῦ
1342 1995 1474 2035 Ἰορδάνου
1492 1995 1627 2031 δηλοῦται.

360 2104 508 2134 ΚΕΦΑΛ.
535 2102 593 2133 ΙΑ¹.

81 2170 138 2201 Περὶ
149 2171 191 2198 τῆς
208 2169 323 2200 ἐγέρσεως
344 2172 388 2194 τοῦ
402 2169 522 2202 Λαζάρου.
537 2171 598 2200 Περὶ
617 2172 658 2199 τῆς
677 2172 726 2194 τῶν
744 2170 875 2203 ἀρχιερέων

112 2206 153 2230 καὶ
176 2207 224 2229 τῶν
248 2206 390 2237 Φαρισαίων
417 2207 505 2237 βουλῆς
526 2206 579 2236 περὶ
602 2209 646 2230 τοῦ
669 2206 810 2231 ἀποκτεῖναι
835 2206 875 2231 τὸν

110 2241 214 2270 Ἰησοῦν.
249 2242 307 2273 Περί
321 2241 353 2265 ὧν
367 2241 432 2266 εἶπεν
451 2242 464 2265 ὁ
482 2242 602 2273 Καϊάφας.

121 2322 133 2334 α
153 2303 211 2338 1'Hv
226 2307 254 2337 δέ
272 2320 310 2340 τις
331 2309 446 2337 ἀσθενῶν
464 2308 602 2348 Λάζαρος,
617 2309 669 2338 ἀπὸ
687 2307 830 2344 Βηθανίας,
847 2309 877 2338 ἐκ

81 2354 126 2393 τῆς
151 2352 243 2389 κώμης
263 2352 371 2393 Μαρίας
388 2352 433 2382 καὶ
451 2353 562 2393 Μάρθας
582 2355 628 2388 τ’ἧς
647 2354 758 2393 ἀδελφῆς
783 2354 873 2389 αὐτῆς.

81 2392 134 2427 ¹Ἦν
157 2396 185 2426 δὲ
201 2397 295 2436 Μαρία
324 2399 341 2433 ἡ
364 2397 497 2437 ἀλείψασα
516 2398 560 2427 τὸν
589 2398 686 2437 Κύριον
712 2397 801 2437 μύρῳ,
830 2397 876 2427 καὶ

83 2441 220 2481 ἐκμάξασα
243 2441 304 2475 τοὺς
324 2441 407 2476 πόδας
425 2443 505 2472 αὐτοῦ
530 2446 586 2476 ταῖς
613 2442 693 2482 θριξὶν
717 2443 828 2478 ἐαυτῆς¹,
845 2439 876 2479 ἧς

82 2488 95 2516 ὃ
120 2487 230 2526 ἀδελφὸς
260 2486 382 2526 Λάζαρος
417 2488 529 2523 ἠσθένει.
573 2486 742 2517 Ἀπέστειλαν
771 2481 815 2515 οὖν
848 2489 876 2516 αἱ

83 2530 191 2572 ἀδελφαὶ
214 2531 279 2571 πρὸς
302 2531 379 2560 αὐτὸν
398 2532 538 2569 λέγουσαι·
555 2531 654 2572 Κύριε,
678 2531 733 2567 ἴδε,
750 2530 778 2560 ὃν
795 2532 877 2571 φιλεῖς

83 2578 196 2605 ἀσθενεῖ.
215 2589 226 2602 υ
269 2575 358 2608 Μόνος
379 2576 426 2614 μὲν
441 2577 565 2612 Ἰωάννης
580 2576 625 2606 καὶ
637 2576 735 2612 ταύτης
747 2578 793 2611 τ’ἧς
807 2578 876 2607 ἱστο-

84 2621 135 2661 ρίας
153 2620 298 2659 μέμνηται.
317 2620 461 2658 Μέμνηται
483 2622 510 2650 δὲ
528 2621 571 2650 διὰ
588 2622 618 2650 τὸ
632 2622 774 2651 παιδεῦσαι
788 2623 875 2660 ἡμᾶς,

84 2666 119 2704 μή
135 2665 329 2705 δυσχεραίνειν,
356 2665 400 2694 ἐάν
417 2677 455 2699 τις
474 2666 594 2695 ἀσθένεια
614 2666 722 2705 γένηται
737 2665 798 2704 περὶ
818 2666 876 2700 τοὺς

83 2710 241 2743 σπουδαίους
257 2710 303 2739 καὶ
326 2711 452 2750 θεοφιλεῖς
468 2710 581 2750 ἄνδρας,
595 2710 652 2739 ἐπεὶ
674 2711 719 2740 καὶ
740 2712 876 2751 Λάζαρος,

83 2754 116 2784 ὢν
131 2757 177 2784 τοῦ
200 2756 316 2795 Χριστοῦ
336 2755 428 2795 φίλος,
445 2755 559 2791 ἠσθένει.
603 2755 664 2796 Χρὴ
685 2756 711 2784 δὲ
732 2756 778 2785 καὶ
801 2758 878 2785 τοῦτο

86 2800 121 2838 μὴ
137 2800 243 2839 ἀγνοεῖν
254 2822 263 2837 ,
276 2799 318 2830 ὅτι
337 2800 385 2830 οὔκ
400 2796 432 2836 ἦν
448 2800 542 2840 Μαρία
558 2799 626 2836 αὕτη
650 2802 666 2836 ἡ
684 2799 817 2841 ἀλείψασα
832 2799 877 2830 τὸν

1235 2103 1360 2134 CAPUT
1382 2104 1420 2133 XI

931 2176 964 2197 De
977 2175 1130 2197 suaeimlione
1143 2174 1235 2196 Lazarf.
1252 2175 1373 2203 Quomodo
1387 2174 1509 2196 consilium
1523 2173 1627 2195 interim!
1642 2176 1728 2196 minimi

957 2211 1102 2236 sarcrrloles.
1123 2214 1144 2232 el
1166 2211 1285 2232 l’lmn‘swi
1303 2211 1331 2232 de
1349 2211 1473 2232 occidendo
1492 2210 1595 2232 Christo.
1613 2211 1646 2231 De
1672 2216 1727 2235 pro-

957 2247 1037 2272 phetia
1052 2247 1154 2272 Caipliw.

967 2313 1056 2339 Vsus.
1085 2315 1140 2339 1-3.
1159 2323 1171 2335 «ι
1190 2310 1346 2347 [Egrotabat
1369 2314 1460 2338 autem
1476 2310 1589 2346 quidam
1614 2310 1728 2338 nomine

933 2357 1064 2390 Lazarus,
1085 2355 1283 2388 Bethaniensis,
1301 2363 1318 2383 a
1333 2355 1443 2383 castello
1459 2355 1554 2383 Maria:
1569 2359 1597 2383 et
1612 2355 1729 2383 Martha:

932 2400 1014 2436 hujus
1031 2400 1143 2428 sororis.
1160 2401 1246 2428 Maria
1269 2404 1365 2428 autem
1383 2404 1442 2428 erat
1456 2408 1485 2427 ea
1501 2408 1563 2436 quae
1578 2400 1656 2427 unxit
1671 2401 1727 2428 Do-

931 2446 1040 2473 minum
1064 2449 1214 2482 unguento,
1247 2449 1275 2473 et
1301 2445 1414 2473 extersit
1433 2445 1514 2480 pedes
1541 2445 1598 2481 ejus
1624 2445 1729 2480 capillis

931 2491 997 2522 suis,
1036 2490 1114 2526 cujus
1148 2489 1232 2517 frater
1258 2491 1377 2518 Lazarus
1410 2490 1570 2526 aegrotabat.
1597 2490 1730 2517 Miserunt

931 2535 1015 2571 655
1038 2543 1103 2570 ergo
1123 2542 1233 2562 sorores
1256 2534 1289 2562 ad
1309 2542 1385 2569 eum,
1411 2534 1536 2562 dicentes
1565 2543 1572 2562 :
1600 2533 1728 2568 Domine,

930 2587 1003 2612 ecce,
1019 2587 1102 2615 quem
1116 2586 1193 2606 amas
1208 2583 1332 2615 κει-οἱδὶ.
1352 2590 1364 2603 η
1380 2579 1458 2607 Solus
1473 2579 1583 2615 quidem
1609 2580 1730 2606 Joannes

931 2625 1012 2661 hujus
1026 2624 1060 2651 de
1076 2625 1181 2652 Lazaro
1197 2623 1324 2651 meminit
1335 2624 1467 2652 historiae.
1485 2623 1611 2651 Meminit
1625 2626 1727 2655 autem,

931 2673 962 2697 ut
982 2677 1033 2697 nos
1048 2669 1156 2696 erudiat
1179 2677 1213 2696 ne
1236 2669 1298 2704 quis
1321 2669 1453 2705 gravatim
1478 2667 1558 2701 ferat,
1583 2668 1606 2695 si
1621 2666 1685 2694 boni
1701 2670 1729 2694 et

931 2715 990 2741 Deo
1015 2713 1095 2741 amici
1121 2713 1170 2741 viri
1192 2714 1290 2741 morbo
1305 2717 1459 2746 teneantur,
1481 2713 1546 2748 quia
1561 2716 1589 2740 et
1610 2712 1730 2739 Lazarus

931 2766 995 2786 cum
1025 2763 1098 2786 esset
1122 2758 1230 2786 amicus
1253 2759 1365 2792 Christi,
1389 2757 1542 2794 azgrotavit.
1568 2757 1663 2793 Neque
1677 2756 1730 2784 hoc

931 2803 1116 2840 ignorandum
1131 2807 1182 2837 est,
1202 2803 1276 2840 quod
1289 2810 1344 2831 non
1359 2807 1418 2830 crat
1431 2801 1483 2829 ista
1496 2801 1584 2830 Maria
1599 2809 1662 2838 quae
1676 2809 1727 2828 un-
