1910 3077
219 173 252 199 75
728 166 985 195 THEOPHYLACTI
1003 166 1182 195 BULGARLE
1200 167 1359 195 ARCHIEP.
1827 170 1856 196 76

218 236 246 261 et
273 239 350 260 mors
375 239 425 268 pro
449 230 541 265 nobis,
567 229 605 258 illi
627 229 780 258 dilectionis
802 233 899 258 auctor
913 228 972 257 fuer

1102 241 1116 258 κ
1136 231 1274 269 ἠγαπᾶτο,
1287 228 1356 259 ἀλλὰ
1367 230 1412 259 νῦν
1429 229 1476 265 τῆς
1491 228 1597 268 ἀγάπης
1611 229 1710 269 ἤρξατο
1727 229 1856 269 ὁΠαι-ὴρ,

217 279 280 306 Νοι]
295 277 329 304 ita
346 281 398 310 est,
417 275 477 310 sed,
491 279 521 303 ut
538 274 604 309 dixi,
617 282 676 303 sese
692 275 746 302 illis
759 279 946 310 attemperans
959 274 1016 302 haec

217 321 297 350 dixit.
311 321 417 348 Dixerit
432 324 525 348 autem
548 319 609 356 quis
631 324 659 347 et
673 319 735 354 hoc,
753 319 891 354 Quoniam
906 319 1016 347 dilectio

217 367 270 394 Dei
283 371 311 394 et
326 365 415 393 Patris
428 373 493 401 erga
505 372 557 392 nos
571 373 604 392 ex
617 364 742 392 confesso
759 369 827 398 erat,
841 364 911 392 vidit
924 368 1017 392 autem

217 412 294 438 Deus
308 414 336 438 et
352 411 431 437 Pater
445 411 530 437 etiam
545 409 645 437 Filium
658 417 738 437 suum
749 409 874 437 eamdem
889 416 951 445 erga
965 416 1017 437 nos

218 455 404 483 declarantem
418 454 581 488 bonitatem,
597 459 679 490 atque
694 455 731 482 ita
743 454 858 482 voluisse
876 462 925 489 pro
938 453 1016 481 nobis

217 499 301 534 mori,
332 503 359 528 et
392 499 536 535 diligenter
563 499 708 527 observare
734 498 820 535 649
845 498 1017 526 characteres

217 544 347 573 bonitatis
368 548 499 580 paternae,
513 543 607 571 dilexit
620 544 732 576 merito,
747 552 804 571 non
818 543 896 579 quasi
911 550 1016 571 merce-

217 589 282 617 dem
299 589 449 626 quamdam
468 589 569 616 mortis
584 597 632 624 pro
655 588 734 616 nobis
753 588 927 616 dilectionem
947 587 1017 615 dans

217 634 298 669 Filio,
319 633 369 662 sed
392 638 521 669 spectans
541 633 754 661 inadulteratam
778 633 963 661 substantiam
989 632 1016 660 in

217 679 298 712 Filio,
322 683 349 706 et
369 678 575 714 quodammodo
590 678 757 714 quibusdam
782 682 889 706 naturae
904 677 1018 705 vinculis

217 723 375 752 necessariis
400 728 427 751 et
454 723 656 751 inevitabilibus
674 724 708 751 ad
737 722 790 751 hoc
810 727 933 750 vocatus.
958 724 1017 751 An-

218 776 275 796 non
299 776 405 804 magna;
420 768 575 796 dilectionis
589 776 653 804 erga
673 776 725 796 nos
740 775 809 804 opus
828 767 912 796 Filius
926 775 1017 795 susce-

217 813 268 849 pit,
288 813 467 849 ignominiose
483 813 604 840 moriens
622 821 673 849 pro
687 812 784 841 nobis?
807 816 835 840 et
857 820 914 840 non
927 811 1018 840 solum

218 858 353 891 moriens,
369 857 417 886 sed
436 861 464 886 et
479 858 578 886 iterum
598 857 734 892 accipiens
747 857 880 891 animam,
899 862 931 884 ut
945 857 1017 884 occi-

219 902 267 931 dat
281 907 412 936 mortem,
431 906 458 930 et
472 903 553 930 nobis
575 903 809 930 immortalitatem
834 910 883 938 per
897 909 1017 930 resurre-

218 948 340 975 ctionem
363 947 467 983 pariat?
489 949 549 975 Hoc
564 947 646 983 igitur
661 947 798 983 signiﬁcat
812 946 924 982 quando
939 946 1018 980 dicit,

220 1003 233 1017 α
249 994 329 1020 Pater
352 992 440 1028 diligit
462 1000 519 1024 me,
545 1003 556 1017 υ
581 1000 614 1019 eo
629 992 704 1028 quod
724 991 830 1019 morior
846 999 894 1029 pro
920 991 1017 1019 vobis:

217 1036 294 1072 quasi
307 1036 423 1064 exsultet
437 1040 465 1064 et
483 1036 598 1072 gaudeat
610 1038 690 1065 Pater
701 1037 773 1072 quod
787 1036 872 1064 Filius
882 1036 933 1064 sibi
946 1036 1020 1064 simi-

216 1081 249 1109 lis
263 1081 310 1115 sit,
325 1086 353 1109 et
367 1086 458 1109 servet
471 1082 644 1110 characteres
658 1089 715 1110 sum
730 1090 795 1118 erga
814 1081 941 1110 homines
953 1081 1018 1109 cha-

216 1125 315 1154 ritatis.
342 1127 428 1154 Porro
453 1126 526 1162 quod
550 1126 629 1160 dicit,
656 1135 671 1153 α
686 1126 784 1155 Nullus
803 1126 873 1154 tollit
895 1126 1019 1154 animam

216 1178 308 1198 meam
323 1179 339 1198 a
353 1179 407 1206 me,
422 1182 435 1196 »
450 1175 561 1207 propter
574 1178 622 1200 eos
633 1171 679 1207 qui
692 1175 811 1199 mortem
828 1171 887 1207 ejus
901 1170 1019 1198 medita-

216 1215 314 1244 bantur
338 1215 414 1244 dicit.
453 1227 466 1240 ε(
483 1217 539 1244 Vos
571 1216 658 1250 enim,
685 1216 786 1252 inquit,
811 1215 894 1243 sititis
921 1223 1018 1243 meum

215 1261 379 1297 sanguinem
389 1260 421 1294 ⁵⁸,
433 1272 445 1284 α
458 1260 507 1288 sed
516 1261 586 1288 bene
592 1261 682 1288 sciatis
691 1260 766 1297 quod
777 1268 820 1288 me
833 1260 1018 1288 involuntario

214 1305 305 1332 nullus
338 1305 504 1340 praevalebit.
530 1307 645 1341 Insuper
670 1310 700 1333 ut
723 1313 758 1333 ne
772 1305 833 1341 quis
848 1309 927 1341 putet
941 1304 1017 1340 quod

214 1353 346 1386 tanquam
368 1350 490 1378 minister
502 1353 530 1378 et
551 1349 680 1377 subditus
695 1350 832 1378 moriatur
844 1349 879 1377 ab
892 1349 946 1377 alio
956 1349 1018 1384 jus-

214 1403 271 1429 sus,
293 1399 320 1422 et
333 1395 369 1422 illi
383 1394 482 1422 cedens
502 1403 510 1423 :
528 1395 708 1427 Potestatem,
723 1394 821 1429 inquit,
836 1394 936 1422 mortis
949 1401 1018 1422 meae

215 1439 275 1475 ipse
300 1439 399 1473 habeo,
427 1443 458 1467 ut
484 1439 622 1466 Dominus
639 1438 747 1466 mortis.
764 1440 860 1474 Itaque
874 1442 1020 1474 propterea

215 1483 280 1512 dicit
296 1492 303 1511 :
319 1495 331 1508 α
348 1485 514 1512 Potestatem
527 1483 615 1511 habeo
627 1483 746 1518 ponendi
759 1483 880 1511 animam
892 1491 994 1516 meam,
1004 1494 1017 1507 ι

213 1528 340 1564 quamvis
354 1533 382 1556 et
397 1528 585 1564 unusquisque
599 1532 720 1556 vestrum
742 1531 905 1563 potestatem
920 1527 1019 1555 habeat

214 1573 333 1609 ponendi
345 1573 467 1601 animam
481 1580 559 1600 suam
580 1582 587 1600 :
603 1581 668 1600 nam
679 1573 826 1608 unicuique
839 1572 939 1600 volenti
954 1580 1016 1608 pos-

213 1618 293 1646 sibile
323 1621 364 1645 est
385 1625 415 1645 se
440 1617 612 1651 interﬁcere;
639 1617 686 1645 sed
709 1625 769 1646 non
793 1617 827 1645 de
853 1617 905 1645 hoc
930 1617 1014 1645 modo

215 1662 282 1690 dicit
294 1661 441 1695 Dominus,
454 1661 502 1689 sed
515 1661 587 1698 quod
598 1670 642 1689 me
654 1662 740 1690 invito
752 1661 842 1690 nullus
852 1662 951 1698 poterit
961 1662 1015 1690 hoc

214 1707 318 1741 facere;
341 1706 369 1733 id
383 1706 411 1733 in
426 1706 585 1734 hominibus
599 1715 654 1734 non
669 1707 709 1734 ﬁt.
726 1707 796 1734 Nam
811 1707 895 1734 etiam
917 1711 1015 1742 praeter

213 1751 384 1778 voluntatem
397 1755 520 1779 nostram
536 1752 570 1779 ab
585 1751 646 1779 aliis
661 1751 847 1780 interﬁcimur.
863 1753 900 1779 At
914 1751 1012 1779 Domi-

212 1804 266 1824 nus
285 1804 424 1832 nunquam
439 1796 622 1824 involuntarie
635 1805 732 1833 passus
746 1800 798 1831 est,
812 1805 845 1824 eo
867 1796 941 1832 quod
955 1804 1013 1824 non

212 1841 292 1868 aliter
312 1841 398 1869 morti
420 1841 554 1869 obnoxius
581 1845 647 1875 erat,
664 1841 717 1869 nisi
739 1846 873 1877 quantum
902 1841 1011 1869 libebat.

211 1886 304 1914 Habet
328 1890 356 1913 et
381 1886 479 1922 majus,
518 1886 593 1922 quod
619 1887 740 1914 animam
765 1886 866 1914 iterum
891 1886 1011 1922 accipiat.

210 1931 272 1959 Hoc
296 1935 388 1960 autem
411 1931 574 1959 mandatum
601 1931 690 1967 inquit
707 1940 738 1959 se
762 1932 896 1967 aecepisse
919 1939 935 1959 a
959 1932 1012 1959 Pa-

210 1980 263 2010 tre,
297 1980 327 2004 ut
351 1980 505 2004 moreretur
530 1984 579 2012 pro
603 1976 717 2004 mundo.
741 1977 837 2011 Usque
863 1975 943 2010 adeo,
967 1975 1011 2003 iu-

212 2021 284 2057 quit,
305 2029 364 2048 non
387 2029 451 2048 sum
466 2020 637 2048 adversarius
656 2022 725 2052 Deo,
749 2025 779 2048 ut
793 2024 821 2048 et
836 2020 906 2048 istuc
920 2020 1011 2056 ipsum

211 2065 283 2093 mori
303 2073 318 2092 a
339 2067 417 2092 Patre
430 2065 499 2092 mihi
512 2064 710 2092 demandatum
722 2064 767 2092 sit.
789 2066 875 2092 Porro
891 2064 1011 2100 primum

213 2109 287 2146 quod
302 2109 418 2137 sublime
430 2113 482 2143 est,
497 2109 566 2137 dicit
579 2118 585 2136 :
599 2118 614 2135 «
630 2110 795 2137 Potestatern
810 2109 897 2137 habeo
909 2110 1011 2145 accipe-

212 2160 243 2182 re
257 2154 380 2182 animam
394 2161 498 2187 meam;
518 2165 530 2178 ο
546 2154 698 2181 Dominum
713 2154 787 2182 enim
799 2155 898 2182 mortis
919 2162 948 2182 se
962 2162 1010 2190 per

1071 274 1115 304 καὶ
1134 276 1147 303 ὃ
1169 275 1236 314 ὑπὲρ
1257 276 1334 312 ἡμῶν
1361 273 1470 307 θάνατος
1486 273 1591 313 γέγονεν
1612 276 1685 314 αὐτῷ
1699 274 1798 310 ταύτης
1819 274 1857 304 αἴ-

1069 331 1139 356 τιος;
1155 320 1215 349 Οὐκ
1233 319 1290 348 ἔστι
1304 321 1395 354 τοῦτο,
1409 319 1469 348 ἀλλ’
1488 318 1554 359 ὅπερ
1574 314 1663 355 εἶπον,
1682 319 1858 357 συγκαταϐαί-

1071 376 1121 392 νων
1147 363 1231 394 ταῦτά
1257 375 1346 404 φησιν.
1374 363 1454 393 Εἴποι
1477 364 1498 392 δ’
1519 363 1551 392 ἄν
1573 376 1611 396 τις
1631 363 1677 392 καὶ
1701 366 1789 399 τοῦτο,
1807 364 1858 400 ὅτι,

1071 408 1162 445 ἐπειδὴ
1178 412 1194 444 ἧ
1221 409 1280 447 περὶ
1307 411 1380 447 ἡμᾶς
1406 408 1498 446 ἀγάπη
1522 411 1568 438 τοῦ
1593 410 1664 438 Θεοῦ
1690 408 1737 437 καὶ
1758 409 1859 448 Πατρὸς

1071 453 1269 493 ὁμολογουμένη
1286 449 1329 490 ἦν,
1350 448 1403 482 εἶδε
1426 452 1454 482 δὲ
1470 454 1484 482 ὁ
1507 453 1576 486 Θεὸς
1588 453 1633 482 καὶ
1651 453 1748 492 Πατὴρ
1764 453 1859 483 καὶτὸν

1071 499 1135 529 Υἱὸν
1160 500 1240 528 αὐτοῦ
1269 498 1316 534 τὴν
1343 497 1425 533 αὐτὴν
1450 497 1623 538 χρηστότητα
1644 497 1705 537 περὶ
1730 501 1801 536 ἡμᾶς
1821 499 1859 527 ἐν-

1071 543 1243 582 δειξάμενον,
1280 541 1348 571 ὥστε
1382 542 1429 572 καὶ
1468 544 1679 581 ὓπεραποθανεῐν
1723 543 1859 579 ἐθελῆσαι,

1070 588 1115 619 καὶ
1142 590 1189 624 τῆς
1210 591 1255 617 τοῦ
1280 587 1385 627 Πατρὸς
1410 587 1572 626 ἀγαθότητος
1598 587 1658 620 τοὺς
1685 589 1856 627 χαρακτῆρας

1071 633 1189 672 ἀκριϐεῖς
1206 632 1397 670 ἀποσώζοντα,
1415 633 1555 671 ἠγάπησεν
1573 631 1679 666 εἰκότως
1690 655 1698 670 ,
1721 633 1751 662 οὐ
1775 631 1860 670 μισθὸν

1071 678 1162 717 ὥσπερ
1187 677 1247 707 τινὰ
1272 680 1318 706 τοῦ
1343 677 1411 717 ὑπὲρ
1437 678 1515 715 ἡμῶν
1545 677 1658 706 θανάτου
1684 675 1732 713 τὴν
1759 676 1860 716 ἀγάπην

1071 723 1234 763 δωρούμενος
1255 725 1292 762 τῷ
1314 723 1383 761 Υἱῷ,
1405 722 1474 751 ἀλλὰ
1490 724 1537 758 τῆς
1552 722 1642 755 οὐσίας
1658 724 1706 758 τῆς
1727 722 1818 751 ἑαυτοῦ
1833 721 1860 750 τὸ

1071 768 1178 808 γνήσιον
1208 768 1234 796 ἐν
1260 768 1317 807 Υἱῷ
1345 768 1467 807 θεωρῶν,
1495 766 1542 796 καὶ
1567 766 1657 807 ὥσπερ
1689 766 1744 796 τισὶ
1766 766 1861 806 φύσεως

1072 813 1181 851 δεσμοῖς
1214 811 1367 850 ἀναγκαίοις
1399 812 1445 841 καὶ
1472 812 1662 851 ἀπαραιτήτοις
1692 811 1758 851 πρὸς
1790 813 1861 840 τοῦτο

1072 858 1243 896 καλούμενος.
1272 852 1310 886 Ἦ
1337 856 1388 896 γὰρ
1414 857 1443 885 οὖ
1464 856 1581 894 μεγάλης
1597 856 1703 896 ἀγάπης
1729 856 1805 895 ἔργον
1827 857 1858 889 εἰς

1072 904 1143 940 ἡμᾶς
1163 904 1177 931 ὁ
1199 901 1262 934 Υἱὸς
1278 900 1435 938 ἐνεδείξατο,
1462 901 1558 934 ἀδόξως
1582 900 1668 929 θανὼν
1690 899 1757 940 ὑπὲρ
1772 901 1859 938 ἡμῶν,

1071 947 1117 977 καὶ
1141 948 1170 977 οὖ
1196 947 1274 984 μόνον
1296 946 1396 982 θανὼν,
1427 945 1495 975 ἀλλὰ
1524 945 1570 974 καὶ
1597 946 1678 974 πάλιν
1705 945 1795 975 λαϐὼν
1818 944 1861 980 τὴν

1072 991 1180 1033 ψυχὴν,
1211 991 1255 1020 ἵνα
1278 990 1398 1030 νεκρώσῃ
1425 990 1470 1019 τὸν
1499 989 1630 1027 θάνατον,
1660 990 1706 1020 καὶ
1730 991 1796 1028 ἡμῖν
1818 989 1862 1024 τὴν

1072 1036 1219 1066 ἀθανασίαν
1232 1036 1276 1066 διὰ
1290 1039 1338 1071 τ’ἤς
1353 1035 1521 1068 ἀναστάσεως
1536 1035 1753 1075 κατεργάσηται;
1776 1036 1860 1064 Τοῦτο

1072 1078 1115 1111 οὖν
1131 1082 1219 1120 δηλοῖ,
1240 1081 1301 1111 ὅταν
1323 1080 1402 1121 λέγῃ,
1418 1081 1459 1110 δτι
1479 1094 1490 1106 α
1514 1078 1548 1109 Ὁ
1568 1080 1665 1120 Πατὴρ
1682 1082 1776 1120 ἀγαπᾷ
1791 1091 1834 1118 με,
1852 1092 1862 1105 ι

1073 1126 1138 1156 διότι
1165 1126 1325 1162 ἀποθνήσκω
1340 1125 1406 1165 ὓπὲρ
1430 1126 1520 1164 ὓμῶν,
1541 1125 1571 1154 τὸ
1596 1124 1694 1154 ὡσανεὶ
1721 1125 1864 1163 γάννυσθαι

1072 1171 1118 1201 καὶ
1141 1171 1244 1211 χαίρειν
1269 1170 1314 1200 τὸν
1342 1169 1469 1209 Πατέρα,
1495 1169 1536 1199 ὅτι
1559 1171 1572 1198 ὁ
1590 1169 1652 1203 Υἱὸς
1679 1170 1749 1209 αὖτῷ
1779 1169 1862 1204 ἔοικε,

1072 1216 1117 1245 καὶ
1137 1219 1185 1252 τῆς
1205 1215 1270 1256 πρὸς
1293 1215 1444 1256 ἀνθρώπους
1464 1214 1571 1253 ἀγάπης
1589 1215 1670 1244 αὐτοῦ
1692 1214 1752 1248 τοὺς
1777 1226 1862 1254 χαρα-

1072 1263 1171 1300 κτῆρας
1191 1260 1334 1295 ἀποσώζει.
1356 1261 1396 1290 Τὸ
1416 1259 1455 1298 δὲ,
1478 1259 1604 1298 κούδεὶς
1629 1259 1697 1299 αἴρει
1710 1258 1759 1295 τὴν
1780 1259 1864 1298 ψυχήν

1073 1317 1124 1345 μου
1150 1306 1197 1335 ἀπ’
1227 1307 1306 1343 ἐμοῦ,
1337 1318 1349 1331 ι
1376 1303 1419 1333 διὰ
1450 1304 1510 1338 τοὺς
1538 1305 1598 1333 κατ’
1623 1305 1701 1334 αὐτοῦ
1734 1304 1865 1344 φονῶντάς

1072 1362 1161 1390 φησιν.
1186 1350 1278 1388 Ὑμεῖς
1297 1349 1366 1389 γὰρ,
1387 1348 1469 1389 φησὶ,
1486 1350 1580 1389 διψᾶτε
1597 1352 1642 1378 τοῦ
1660 1350 1724 1387 ἐμοῦ
1738 1348 1861 1386 αἳματος,

1073 1395 1131 1424 ἀλλ’
1153 1390 1182 1424 εὖ
1203 1394 1274 1432 ἴστε,
1300 1397 1335 1428 ὥς
1365 1394 1472 1428 ἄκοντος
1498 1395 1566 1432 ἐμοῦ
1592 1394 1676 1427 οὐδεὶς
1696 1393 1863 1434 κατισχύσει.

1072 1440 1134 1470 Ἔτι
1163 1439 1199 1477 δὲ,
1223 1439 1267 1469 ἵνα
1292 1439 1328 1477 μὴ
1353 1438 1450 1477 νομίσῃ
1473 1450 1528 1477 τις,
1551 1438 1592 1468 ὅτι
1608 1440 1643 1471 ὡς
1665 1438 1802 1478 ὑπηρέτης
1823 1437 1864 1467 καὶ

1072 1484 1201 1524 ὑπουργὸς
1223 1483 1398 1519 ἀποθνήσκει,
1424 1485 1470 1512 ὑπ’
1498 1483 1578 1513 ἄλλου
1603 1483 1797 1522 κελευόμενος,
1822 1483 1863 1512 καὶ

1073 1530 1163 1570 ἐκείνῳ
1185 1529 1319 1566 ὑπείκων,
1342 1527 1426 1569 φησί’
1448 1527 1507 1564 Τὴν
1534 1527 1652 1562 ἐξουσίαν
1679 1530 1724 1557 τοῦ
1753 1527 1863 1557 θανάτου

1071 1577 1117 1604 τοῦ
1136 1575 1200 1613 ἐμοῦ
1216 1573 1294 1607 αὐτὸς
1316 1572 1387 1613 ἔχω,
1404 1574 1440 1605 ὥς
1456 1573 1585 1608 δεσπότης
1599 1576 1643 1602 τοῦ
1665 1572 1792 1603 θανάτου.
1818 1571 1865 1602 Διὰ

1069 1622 1145 1649 τοῦτο
1160 1614 1203 1648 οὖν
1218 1630 1297 1658 φησιν
1307 1642 1315 1655 ,
1330 1619 1369 1648 ὅτι
1389 1632 1401 1644 ‹ι
1417 1617 1556 1652 Ἐξουσίαν
1572 1618 1626 1657 ἔχω
1648 1619 1730 1646 θεῖναι
1741 1617 1795 1653 τὴν
1819 1619 1864 1658 ψυ-

1068 1663 1120 1703 χήν
1136 1675 1199 1702 μου,
1227 1676 1240 1689 ι»
1255 1664 1278 1692 εἰ
1299 1663 1345 1692 καὶ
1369 1663 1479 1696 ἕκαστος
1502 1664 1576 1701 ὑμῶν
1598 1662 1716 1696 ἐξουσίαν
1739 1661 1799 1702 ἔχει
1820 1661 1862 1697 τὴν

1067 1707 1156 1748 ψυχὴν
1182 1709 1263 1737 αὐτοῦ
1278 1711 1370 1739 θεῖναι,
1387 1707 1512 1748 Ἑκάστῳ
1534 1707 1586 1747 γὰρ
1612 1705 1768 1747 βουλομένῳ
1785 1707 1862 1736 δυνα-

1068 1753 1111 1782 τὸν
1144 1753 1235 1782 ἑαυτὸν
1270 1753 1386 1790 ἀνελεῖν,
1423 1753 1483 1782 ἀλλ’
1515 1753 1544 1781 οὖ
1579 1752 1641 1792 περὶ
1670 1754 1714 1781 τοῦ
1746 1751 1863 1782 τοιούτου

1067 1797 1165 1836 τρόπου
1198 1797 1277 1838 φησὶν
1309 1800 1322 1828 ὁ
1354 1797 1464 1836 Κύριος,
1498 1797 1557 1826 ἀλλ’
1583 1796 1623 1826 ὅτι
1659 1795 1788 1830 Ἀκοντός
1816 1807 1861 1835 μου

1067 1843 1149 1876 οὐδεὶς
1178 1841 1210 1872 ἂν
1241 1843 1364 1879 δυνηθείη
1394 1845 1472 1872 τοῦτο
1504 1846 1604 1871 ποιεῖν·
1635 1842 1702 1881 ὅπερ
1732 1841 1781 1870 ἐπὶ
1812 1843 1860 1870 τῶν

1067 1887 1212 1928 ἀνθρώπων
1231 1889 1259 1917 οὖ
1285 1888 1398 1927 γίνεται.
1423 1886 1477 1917 Καὶ
1505 1886 1556 1925 γὰρ
1580 1886 1625 1915 καὶ
1651 1886 1762 1919 ἄκοντες
1790 1887 1861 1915 ἀναιη

1067 1932 1181 1972 ρούμεθα
1196 1932 1242 1961 ὑπ’
1260 1932 1362 1961 ἀλλων⁸
1378 1933 1392 1961 ὁ
1405 1931 1432 1960 δὲ
1448 1930 1562 1970 Χριστὸς
1585 1931 1631 1959 οὒκ
1654 1931 1684 1959 ἄν
1707 1941 1776 1960 ποτε
1792 1931 1860 1960 ἄκων

1066 1976 1176 2006 ἔπαθεν·
1201 1976 1241 2005 διὸ
1264 1979 1299 2010 ὡς
1323 1975 1361 2014 μὴ
1384 1975 1470 2008 ἄλλως
1496 1975 1600 2014 θανάτῳ
1623 1975 1815 2014 ὑποκείμενος,
1840 1975 1860 2004 εἰ

1066 2022 1103 2060 μὴ
1121 2021 1198 2060 μόνον
1222 2019 1307 2056 ἑκὼν,
1323 2021 1379 2059 ἔχει
1400 2019 1446 2049 καὶ
1470 2019 1500 2048 τὸ
1522 2021 1626 2057 μεῖζον,
1653 2020 1682 2049 τὸ
1705 2021 1801 2050 λαϐεῖν
1817 2019 1861 2054 τὴν

1066 2066 1155 2106 ψυχὴν
1175 2065 1266 2095 πάλιν.
1292 2065 1402 2101 Ταύτην
1426 2076 1453 2094 τε
1475 2063 1523 2100 τὴν
1547 2064 1654 2100 ἐντολήν
1676 2076 1742 2105 φησι
1771 2064 1861 2095 λαϐεῖν

1064 2110 1139 2149 παρὰ
1163 2112 1210 2139 τοῦ
1233 2109 1349 2149 Πατρὸς,
1363 2110 1394 2139 τὸ
1418 2110 1558 2139 ἀποθανεῖν
1586 2109 1652 2148 ὓπὲρ
1674 2112 1720 2138 τοῦ
1746 2109 1860 2148 κόσμου.

1066 2156 1201 2184 Τοσοῦτον
1217 2155 1280 2194 γὰρ,
1304 2154 1401 2195 φησὶν,
1431 2155 1478 2184 οὖκ
1502 2154 1555 2192 εἰμὶ
1581 2154 1708 2190 ἀντίθεος,
1724 2154 1798 2183 ὥστε
1818 2152 1861 2183 χαὶ

213 2199 266 2227 hoc
285 2198 405 2227 ostendit
419 2203 447 2226 et
465 2199 562 2226 ducem
576 2199 648 2227 vitae.
666 2201 764 2227 lterum
779 2199 884 2228 humile
897 2199 967 2227 verbi

1105 2199 1133 2229 τὸ
1155 2202 1232 2229 τοῦτο
1260 2199 1291 2228 τὸ
1313 2199 1454 2229 ἀποθανεῖν
1478 2198 1553 2238 παρὰ
1577 2202 1623 2228 τοῦ
1652 2198 1762 2239 Πατρὸς
1794 2198 1859 2228 ἐντέ-

213 2252 328 2281 ponens,
354 2251 453 2279 nempe
476 2253 483 2271 :
501 2244 693 2272 «Mandatum
715 2244 768 2272 hoc
788 2245 879 2281 accepi
899 2253 915 2272 a
932 2247 1012 2272 Patre

213 2297 288 2323 meo,
304 2300 316 2313 ι
331 2289 367 2316 ita
381 2288 540 2316 mirabiliter
550 2293 666 2325 utraque
676 2289 824 2323 connectit,
836 2293 863 2318 et
873 2289 947 2325 quod
957 2296 1014 2316 non

213 2333 348 2362 habeatur
363 2333 464 2368 minor,
484 2342 517 2362 ac
530 2342 625 2362 servus
640 2335 736 2369 Patris,
757 2339 784 2362 et
796 2343 851 2362 non
866 2335 903 2361 sit
916 2333 1011 2361 adver-

214 2379 301 2407 sarius
323 2379 369 2413 illi,
391 2379 437 2406 sed
458 2379 578 2415 ejusdem
601 2380 728 2415 potentiae
754 2383 781 2408 et
802 2379 956 2407 voluntatis.
977 2380 1013 2406 Et

214 2424 252 2452 ita
271 2431 380 2459 quoque
402 2423 492 2451 multis
511 2431 542 2452 cx
559 2424 729 2452 auditoribus
739 2424 822 2451 etiam
841 2424 881 2451 sic
898 2422 1010 2459 profuit,

214 2475 247 2496 eo
269 2468 343 2504 quod
371 2468 431 2496 talia
459 2469 579 2503 dicebat,
604 2473 686 2506 atque
710 2469 746 2496 ita
772 2473 803 2497 ut
828 2473 855 2496 et
878 2468 1011 2496 dissensio

214 2512 300 2540 ﬁeret.
324 2514 395 2541 Nam
420 2513 488 2542 dum
514 2514 641 2542 nonnulli
662 2514 762 2549 quibus
783 2513 842 2541 haec
863 2513 942 2541 verba
962 2513 1011 2541 ob-

212 2558 334 2586 scuriora
346 2558 520 2594 videbantur,
532 2559 662 2594 putabant
675 2559 754 2586 illum
769 2558 905 2586 daemonio
917 2562 1010 2586 actum

211 2602 285 2639 loqui
301 2611 363 2640 quae
376 2612 433 2631 non
452 2604 630 2639 intelligeret;
645 2603 691 2631 alii
707 2603 753 2639 qui
775 2603 815 2631 vel
836 2603 1012 2632 mediocriter

211 2648 401 2677 intellexerant
430 2658 439 2675 :
465 2660 478 2672 ι(
495 2649 573 2683 Haec,
598 2648 684 2682 aiunt,
698 2647 779 2676 verba
792 2656 848 2676 non
870 2653 934 2676 sunt
953 2649 1011 2684 ejus

211 2693 257 2729 qui
270 2693 410 2721 daemonio
424 2693 523 2729 agitur.
542 2704 554 2717 ιι
577 2695 691 2729 insuper
705 2693 767 2730 quia
780 2693 869 2722 verbis
895 2702 952 2722 non
964 2702 1010 2730 po-

211 2741 300 2766 terant
317 2737 461 2766 confutare
481 2737 557 2772 illos;
573 2746 636 2766 cum
650 2739 724 2766 enim
738 2738 859 2767 benevoli
874 2747 930 2767 non
943 2739 1010 2767 satis

210 2785 337 2811 tenerent
350 2790 381 2810 ea
404 2790 466 2818 qua:
491 2790 507 2810 a
528 2783 651 2811 Domino
664 2783 836 2818 dicebantur,
851 2791 942 2820 neque
956 2783 1009 2812 illis

247 2829 269 2848 ⁸⁸
282 2832 382 2860 Joann.
397 2837 469 2866 νηί,
485 2834 528 2860 31.

1067 2245 1179 2281 ταλμαι.
1194 2243 1285 2273 Εἰπὼν
1299 2244 1327 2273 δὲ
1340 2244 1466 2284 πρότερον
1478 2243 1524 2273 καὶ
1535 2244 1644 2284 ὑψηλὸν,
1655 2244 1685 2273 τὸ
1697 2257 1710 2269 ἰ
1720 2243 1860 2277 Ἐξουσίαν

1067 2289 1121 2329 ἔχω
1133 2288 1224 2318 λαϐεῖν
1235 2288 1282 2324 τὴν
1295 2289 1384 2330 ψυχήν
1398 2301 1460 2328 μου,
1473 2303 1484 2315 ι
1501 2289 1647 2330 (δεσπότην
1660 2288 1712 2329 γὰρ
1724 2288 1806 2317 αὑτὸν
1818 2290 1861 2317 τοῦ

1068 2334 1181 2364 θανάτου
1215 2337 1291 2364 τοῦτο
1319 2334 1451 2371 δείκνυσι,
1477 2333 1523 2363 καὶ
1549 2336 1594 2369 τῆς
1624 2335 1691 2368 ζωῆς
1719 2332 1858 2373 ἀρχηγὸν)

1068 2379 1147 2408 πάλιν
1162 2378 1192 2408 τὸ
1214 2378 1337 2409 ταπεινὸν
1358 2379 1466 2415 τίθησι,
1488 2377 1537 2415 τὸ,
1566 2391 1577 2404 α
1609 2377 1736 2413 Ἐντολὴν
1761 2378 1860 2413 ταύτην

1066 2423 1162 2454 ἔλαϐον
1177 2423 1250 2464 παρὰ
1266 2426 1311 2453 τοῦ
1328 2424 1434 2463 Πατρός
1451 2434 1512 2462 μου.
1527 2436 1538 2448 η
1554 2422 1634 2452 Οὕτω
1649 2422 1742 2451 πλέκει
1756 2424 1860 2460 θαυμα-

1067 2468 1129 2502 σίως
1150 2469 1305 2510 ἀμφότερα,
1326 2468 1418 2498 καὶτὸ
1442 2467 1479 2506 μὴ
1495 2467 1597 2497 ἐλάττω
1618 2469 1796 2506 νομισθῆναι,
1818 2465 1861 2495 καὶ

1066 2514 1158 2548 δοῦλος
1172 2516 1219 2543 τοῦ
1245 2513 1366 2553 Πατρός,
1380 2513 1425 2542 καὶ
1440 2512 1469 2542 τὸ
1485 2512 1522 2551 μὴ
1541 2513 1666 2547 ἀντίθεος,
1690 2510 1749 2542 ἀλλ’
1762 2510 1859 2550 ὁμοδό-

1065 2571 1145 2597 ναμος
1161 2558 1217 2597 ἅμα
1241 2558 1288 2588 καὶ
1312 2557 1467 2596 ὁμόϐουλος.
1491 2557 1596 2587 Αὐτίκα
1612 2559 1674 2596 γοῦν
1693 2556 1777 2590 οὕτως
1791 2555 1861 2596 ὠφέ-

1065 2604 1130 2639 λησε
1148 2603 1208 2637 τοὺς
1230 2602 1346 2636 πολλοὺς
1366 2603 1418 2632 τῶν
1439 2602 1590 2632 ἀκουόντων
1618 2601 1661 2631 διὰ
1676 2604 1721 2631 τοῦ
1745 2603 1859 2630 τοιαῦτα

1065 2649 1170 2687 λέγειν,
1192 2647 1262 2677 ὥστε
1287 2648 1332 2677 καὶ
1350 2647 1453 2688 σχίσμα
1468 2646 1598 2686 γενέσθαι.
1625 2646 1702 2679 Τινὲς
1725 2645 1774 2684 μὲν
1797 2644 1861 2685 γὰρ,

1065 2693 1156 2728 ἐπειδὴ
1191 2692 1225 2722 τὰ
1252 2692 1361 2733 ῥήματα
1398 2692 1505 2722 ἐδόκουν
1542 2691 1726 2730 αἰνιγματώδη
1757 2692 1860 2725 αὐτοῖς,

1064 2739 1195 2778 δαιμονᾷν
1212 2737 1290 2768 αὐτὸν
1303 2737 1409 2768 ἔδόκουν
1424 2736 1537 2767 ἀσύνετα
1554 2736 1729 2777 φθεγγόμενον
1740 2747 1746 2754 ·
1766 2749 1778 2762 ι
1794 2737 1819 2765 οἳ
1836 2734 1862 2764 δέ

1063 2796 1110 2823 γε,
1140 2797 1152 2810 ν
1173 2783 1286 2824 μετρίως
1312 2782 1461 2822 συνιέντες,
1487 2796 1500 2809 ι
1526 2781 1631 2822 ἔλεγον,
1658 2780 1734 2822 φησὶ,
1761 2781 1860 2811 Ταῦτα
