1910 3077
25 184 54 209 77

428 182 623 211 ENARRATIO
644 182 676 209 ΙΝ
696 181 910 210 EVANGELIUM
928 182 1078 210 JOANNIS.
1098 197 1133 204 —
1152 184 1227 212 CAP.
1249 185 1278 211 Χ.

1636 188 1670 215 78

24 244 55 273 τὰ
79 245 188 285 ῥήματα
212 246 260 274 οὒκ
289 244 346 274 ἔστι
372 244 601 283 δαιμονιζομένου.
628 257 640 271 ιι
665 239 734 273 Ε’ἷτα
761 245 816 273 ἐπεὶ

911 244 1074 273 rsuasissent
1109 245 1210 280 verbis,
1246 245 1354 274 Christo
1391 248 1518 283 operibus
1550 249 1670 284 patroci-

25 289 75 319 ἀπὸ
106 290 159 318 τῶν
200 288 329 330 ῥημάτων
354 289 403 319 οὔκ
439 289 594 329 ἠδύνα[ν]το
637 289 818 327 ἐπιστομίζειν

25 334 114 366 αὐτοὺς
134 333 213 374 (οὔτε
226 333 278 374 γὰρ
301 333 376 363 αὐτοὶ
392 334 416 363 οἱ
433 333 593 373 εὐγνώμονες
609 334 686 370 δῆθεν
701 332 819 373 ἀκριϐῶς

25 379 55 408 ἂν
78 378 292 419 παρηκολούθουν
315 380 370 411 τοῖς
397 378 448 408 ὑπὸ
464 381 510 408 τοῦ
535 378 633 418 Κυρίου
655 378 817 418 λεγομένοις,

24 424 82 454 οὔτε
96 423 208 457 ἐκείνους
230 423 262 452 ἂν
279 423 419 463 ἔπεισαν),
432 422 486 452 ἀπὸ
500 425 554 452 τῶν
567 423 735 464 πραγμάτων
756 434 817 452 πει-

26 471 120 509 ρῶνται
152 471 307 508 συνηγορεῖν
341 469 380 508 τῷ
410 469 542 508 Χριστῷ,
578 468 623 497 καί
653 479 751 509 φασιν,
778 467 818 497 ὅτι

25 527 36 538 ιι
59 515 153 544 Ταῦτα
178 513 213 542 τὰ
238 513 349 553 ῥήματα
376 513 424 542 οὖκ
452 513 505 542 εἶσὶ
540 511 769 551 δαιμονιζομένου.
805 525 818 538 ι

24 559 109 589 Πόθεν
124 558 152 587 δὲ
178 559 257 593 δῆλον
280 560 373 594 τοῦτο;
389 557 454 587 Ἀπὸ
479 559 531 586 τῶν
553 558 646 596 ἔργων.
667 571 678 584 τι
697 557 744 592 Μὴ
759 557 818 586 δαι-

23 604 111 642 μόνιον
126 603 234 633 δύναται
255 601 406 642 ὀφθαλμοὺς
428 603 534 642 τυφλῶν
554 603 685 641 ἀνοίγεινς
705 615 717 628 ι
739 601 818 631 Ἐπεὶ

23 644 67 678 οἷν
83 648 114 678 τὸ
129 648 206 687 ἔργον
221 649 289 676 θεῖον
302 669 310 683 ,
327 646 373 676 καὶ
389 646 422 676 τὰ
436 646 544 687 ῥήματα
560 647 612 687 ἄρα
629 650 750 676 τοιαῦτα.
766 645 819 676 Διὰ

24 692 50 722 τί
63 693 90 723 δὲ
115 695 129 721 6
152 692 266 732 Χριστὸς
282 691 354 721 οὐδὲν
371 691 542 732 ἀποκρίνεται
561 691 626 731 πρὸς
641 691 701 725 τοὺς
726 691 818 729 λέγον-

23 749 70 771 τας
85 737 163 767 αὐτὸν
186 738 333 777 δαιμονᾷη
358 737 432 767 Διότι
445 737 531 766 ἱκανοὶ
548 732 616 772 ἦσαν
638 736 818 774 ἐπιστομίζειν

24 783 129 819 αὐτοὺς,
145 783 190 812 καὶ
214 781 425 819 ἀξιοπιστότεροι
447 783 472 811 οἱ
496 781 693 819 ἐναντιούμενοι
715 782 815 817 αὐτοῖς,

24 827 69 857 καὶ
95 827 162 866 ὑπὲρ
189 827 270 856 αὖτοῖῖ
308 826 529 865 ἀπολογούμενοι,
559 825 639 855 Ἐπεὶ
668 821 712 855 οὖν
751 823 815 855 κατ’

874 289 936 317 nari
951 293 1068 324 tentant,
1083 294 1110 318 et
1131 289 1226 318 dicunt
1244 291 1319 326 quod
1334 291 1394 319 haec
1411 291 1494 320 verba
1507 293 1592 329 650
1615 302 1671 322 non

873 333 929 362 sint
951 334 1124 363 daemoniaci.
1139 335 1222 363 Unde
1238 339 1331 363 autem
1352 335 1404 364 hoc
1420 336 1614 366 manifestum?
1631 340 1670 367 Ex

871 378 1001 414 operibus
1015 389 1021 407 ε
1037 391 1050 404 ι
1061 379 1239 408 Βδειηουίιιιη
1253 380 1328 408 enim
1342 387 1396 408 non
1409 385 1497 417 potest
1511 381 1606 409 oculos
1614 390 1670 410 ca:-

872 430 969 451 corum
985 423 1099 459 aperire.
1124 435 1137 449 ν
1153 424 1221 458 Quia
1236 424 1319 460 igitur
1332 432 1401 460 opus
1413 425 1548 459 divinum,
1565 433 1630 462 ergo
1644 431 1672 454 et

871 468 954 495 verba
973 467 1110 503 ejusmodi
1135 473 1210 496 sunt.
1233 470 1325 504 Quare
1339 473 1433 497 autem
1454 469 1582 498 Christus
1604 471 1671 499 nihil

871 512 1019 547 respondet
1044 513 1087 541 his
1111 513 1157 549 qui
1187 513 1312 541 dicebant
1335 514 1425 549 ipsum
1449 514 1589 543 daemonio
1613 515 1672 551 agi?

872 557 941 591 Quia
960 557 1129 586 sufficientes
1146 562 1224 586 erant
1237 558 1271 586 ad
1286 558 1486 587 coniutandum
1502 559 1564 588 illos
1578 563 1606 588 et
1618 560 1672 588 ﬁde

871 601 1008 637 digniores
1023 603 1071 639 qui
1085 603 1302 631 adversabantur
1324 603 1375 631 illis
1398 608 1425 632 et
1439 611 1489 639 pro
1512 604 1571 640 ipso
1587 605 1671 633 ratio-

872 654 936 674 nem
946 647 1106 675 reddebant.
1116 648 1272 684 lgiturquia
1279 648 1474 676 dissentiebant
1483 649 1597 683 interse,
1607 649 1673 686 quid

872 691 944 719 ultra
959 699 1028 728 opus
1040 696 1100 720 erat
1112 693 1298 721 contradicere
1314 693 1358 721 his
1380 693 1425 730 qui
1440 694 1671 728 criminabantur,

873 737 1027 771 praesertim
1051 745 1116 766 cum
1139 745 1227 775 neque
1252 737 1292 766 sic
1312 738 1396 767 ﬁdem
1419 737 1533 774 quidem
1554 739 1672 767 habituri

873 785 965 809 essent
972 783 983 809 Ρ

845 825 969 862 ἀλλήλων
1002 825 1110 856 ἵσταντο
1141 827 1354 868 διασχισθέντες,
1387 828 1413 858 τί
1439 828 1479 858 ἔτι
1503 828 1556 858 ἔδει
1581 828 1672 859 λοιπὸν

23 873 68 902 χαὶ
82 872 163 902 αὐτὸν
186 870 330 910 ἀντιλέγειν
356 875 410 904 τοῖς
432 870 634 908 διαϐάλλουσιν,
658 871 704 900 καὶ
726 873 811 900 ταῦτα
827 870 896 909 μηδὲ
910 874 1034 901 τοσοῦτον
1049 872 1199 906 ἀξιόπιστον
1220 873 1342 911 ἐσόμενον
1349 885 1357 910 ;

63 932 76 945 κ
99 916 225 957 Ἐγένετο
250 917 276 946 δὲ
297 916 331 946 τὰ
347 915 468 956 ἒγκαίνια
485 918 511 946 ἐν
529 921 583 950 τοῖς
605 915 817 954 Ἱεροσολύμοις,
838 916 862 948 Β

24 963 70 992 καὶ
95 961 197 1002 χειμὼν
229 957 271 997 ἦν.
299 961 353 991 Καὶ
377 962 534 1001 περιεπάτει
559 963 573 991 6
598 961 701 996 Ἰησοῦς
725 961 751 991 ἓν
779 962 818 1002 τῷ

23 1000 146 1048 ἱερῷ-ἒν
218 1011 285 1046 στοᾷ
301 1009 347 1036 τοῦ
375 1007 557 1045 Σολομῶντος.
572 1005 746 1037 Ἐκύκλωσαν
774 1000 817 1035 οὖν

26 1053 101 1082 αὐτὸν
126 1053 151 1082 οἱ
173 1051 311 1088 Ἰουδαῖοι,
328 1050 375 1081 καὶ
390 1050 480 1090 ἔλεγον
503 1053 588 1091 αὐτῷ·
603 1050 676 1084 ⁷Εως
691 1051 757 1080 πότε
770 1050 818 1085 τὴν

23 1097 111 1138 ψυχὴν
134 1098 210 1135 ἡμῶν
227 1096 322 1136 αἴρεις
347 1096 381 1125 Εἰ
397 1095 428 1125 σὺ
451 1091 474 1125 εἶ
489 1098 503 1125 6
517 1095 633 1136 Χριστὸς
645 1119 653 1133 ,
679 1095 737 1124 εἰπὲ
754 1095 818 1138 ᾑμῖν

23 1136 174 1183 παρρησία.
213 1141 355 1181 Ἀπεκρίθη
393 1143 481 1174 αὐτοῖς
524 1142 538 1170 6
577 1141 694 1176 Ἰησοῦς·
734 1136 818 1170 Εἶπον

23 1189 103 1226 ὑμῖν,
123 1187 169 1217 καὶ
185 1188 215 1216 οὗ
229 1185 378 1216 πιστεύετε.
404 1186 449 1217 Τὰ
474 1185 538 1226 ἔργα
557 1185 574 1215 ἃ
589 1185 642 1225 ἐγὼ
657 1186 724 1214 ποιῶ
738 1186 764 1214 ἐν
781 1185 819 1224 τῷ

22 1233 135 1270 ὀνόματι
148 1234 195 1261 τοῦ
210 1230 317 1270 Πατρός
333 1243 395 1269 μου,
417 1233 503 1261 ταῦτα
520 1234 650 1270 μαρτυρεῖ
666 1230 727 1269 περὶ
741 1231 817 1269 ἐμοῦ.

22 1278 94 1307 Ἀλλ’
109 1279 185 1315 ὑμεῖς
201 1277 231 1305 οὖ
252 1275 389 1306 πιστεύετε
401 1288 417 1316 -ν
432 1276 461 1305 οὖ
476 1275 528 1316 γάρ
553 1277 612 1304 ἐστε
637 1277 666 1305 ἐκ
681 1276 734 1304 τῶν
750 1286 819 1313 προ--

24 1322 113 1352 ϐάτων
127 1323 179 1351 τῶν
196 1322 267 1359 ἐμῶν
278 1343 286 1357 ,
299 1320 386 1354 καθὼς
401 1315 474 1350 εἶπον
496 1322 568 1359 ὕμῖν,
583 1334 595 1346 ι-
612 1321 682 1350 Ποία
699 1319 820 1358 ἐγκαίνια

25 1369 128 1405 ἐγένετο
146 1367 172 1395 ἐν
190 1365 401 1406 Ἱεροσολύμοις;
416 1365 494 1398 Τινὲς
511 1364 559 1403 μέν
583 1376 662 1405 φασιν
673 1387 682 1403 ,
697 1363 739 1393 ὅτι
761 1363 821 1394 καθ’

25 1412 56 1447 ἣν
70 1411 176 1450 ἡμέραν
200 1410 358 1450 ᾠκοδομήθη
378 1412 392 1440 6
406 1409 467 1443 ναὸς
486 1410 538 1440 ὑπὸ
559 1413 606 1439 τοῦ
626 1411 818 1447 Σολομῶντος,

26 1458 86 1485 κατ’
122 1455 205 1492 αὐτὴν
235 1455 357 1494 ἑόρταζον
390 1455 425 1485 τὰ
459 1454 589 1494 ἐγκαίνια.
618 1453 710 1485 Ἄλλοι
737 1453 764 1483 δὲ
791 1455 820 1482 οὖ

25 1501 101 1531 τοῦτό
125 1513 218 1541 φασιν,
234 1499 304 1529 ἀλλὰ
320 1502 366 1535 τῆς
391 1500 460 1538 μετὰ
483 1499 531 1535 τὴν
547 1498 736 1539 αἰχμαλωσίαν
749 1500 821 1528 οἶκο-

25 1547 106 1584 δομῆς
119 1548 167 1575 τοῦ
184 1548 247 1574 ναοῦ
264 1544 298 1574 τὰ
325 1544 446 1583 ἐγκαίνια
472 1548 516 1574 νῦν
541 1544 626 1584 λέγειν
642 1544 687 1573 τὸν
714 1543 822 1582 εὐαγγε-

26 1591 134 1628 λιστήν.
159 1590 294 1629 Λαμπρὰν
325 1590 351 1619 δὲ
376 1585 440 1628 ἦγον
466 1589 514 1625 τὴν
543 1589 637 1629 ἑορτὴν
663 1589 709 1618 καὶ
738 1589 820 1625 δημο-

22 1638 98 1672 τελῆ.
123 1635 174 1669 ‘0;
193 1635 244 1675 γὰρ
261 1635 304 1664 τὸν
321 1636 415 1665 οἰκεῖον
439 1634 538 1673 κόσμον
564 1633 752 1667 ἀπολαϐούσης
774 1636 821 1668 τῖς

22 1681 127 1714 πόλεως
143 1680 211 1719 μετὰ
226 1680 274 1715 τὴν
291 1679 397 1720 μακρὰν
413 1679 516 1715 ἐκείνην
532 1678 724 1719 αἰχμαλωσίαν
734 1702 742 1715 ,
755 1689 821 1719 χαρ-

24 1728 108 1765 μονῆς
141 1725 245 1765 ἡμέραν
273 1725 321 1762 τὴν
345 1726 399 1754 τῶν
430 1725 569 1763 ἐγκαινίων
600 1725 744 1754 ἐποιοῦντο.
773 1723 819 1753 Ἐν

21 1771 107 1810 ταύτῃ
135 1765 179 1800 οὖν
265 1770 342 1810 ἑορτῇ
366 1771 455 1809 παρῆν
480 1769 527 1798 καὶ
549 1771 562 1798 6
582 1769 698 1804 Ἰησοῦς·
728 1767 819 1797 λοιπὸν

21 1815 74 1855 γὰρ
104 1818 139 1856 τῇ
163 1814 420 1856 Ἰουδαίᾳγσυνεχῶς
449 1813 642 1854 ἐπεχωρίαζεν,
671 1813 763 1848 ἐπειδὴ
791 1813 820 1842 τὸ

20 1861 106 1893 πάθος
119 1860 164 1890 ἐπὶ
178 1859 267 1901 θύραις
283 1855 326 1895 ἦν.
343 1858 454 1897 Χειμὼν
465 1859 516 1898 γὰρ
531 1858 693 1894 ἐνειστήκει,
717 1859 776 1896 μεθ’
791 1857 819 1887 ὃν

19 1906 145 1945 χειμῶνα
171 1906 198 1934 ἐν
224 1906 263 1944 τῷ
288 1903 387 1944 πρώτῳ
416 1907 462 1933 τοῦ
490 1903 566 1944 ἔαρος
594 1903 658 1941 μηνὶ
683 1901 781 1932 ἔπαθεν
806 1904 820 1932 6

19 1949 130 1990 Κύριος.
161 1949 209 1979 Διὸ
232 1949 278 1978 καὶ
304 1950 319 1978 6
344 1948 533 1988 εὖαγγελιστῆς
559 1947 747 1986 ἐπεσημήνατο
775 1946 820 1976 τὸν

19 1995 131 2036 καιρὸν,
153 1994 278 2024 δεικνύων
295 1993 334 2023 ὅτι
354 1993 430 2033 ἔγγὺς
452 1989 484 2028 ἧν
501 1995 516 2022 6
530 1992 621 2034 καιρὸς
646 1995 690 2022 τοῦ
706 1991 819 2031 πιιὶθους⁷

19 2040 66 2069 καὶ
101 2039 146 2069 διὰ
178 2041 256 2068 τοῦτο
289 2043 344 2072 τοῖς
369 2038 563 2079 Ἱεροσολύμοις
596 2037 772 2077 ἐπεχωρίαζεν
806 2038 820 2066 6

21 2085 129 2124 Κύριος.
160 2097 174 2110 κ
207 2083 381 2114 Ἐκύκλωσαν
404 2079 448 2113 οὖν
480 2082 558 2112 αὐτὸν
584 2083 608 2111 οἱ
635 2082 776 2112 Ἰουδαῖοι·
807 2095 820 2109 ιι

19 2129 65 2159 καὶ
90 2130 131 2170 τῷ
153 2129 202 2167 μὲν
219 2129 320 2165 δοκεῖν,
348 2129 379 2158 ἐκ
400 2128 480 2157 πόθου
502 2127 570 2160 τινὸς
593 2126 639 2156 καὶ
661 2126 820 2167 φιλομαθίας

19 2175 155 2214 ἐρωτῶσιν
174 2174 256 2203 εἰπεῖν
279 2174 376 2211 αὐτοῖς,
401 2174 422 2203 εἶ
448 2172 526 2206 αὖτός
552 2173 624 2201 ἐστιν
651 2173 665 2200 6
690 2171 820 2211 Χριστός·

17 2221 50 2258 τῇ
71 2219 101 2248 δὲ
123 2218 235 2258 ἀληθείᾳ
258 2219 288 2247 ἐκ
305 2218 443 2258 περιέργου
466 2217 511 2248 καὶ
529 2216 722 2257 διεφθαρμένης
746 2216 817 2256 γνώ-

911 922 1001 949 Vsns.
1017 924 1112 950 22-26.
1128 934 1139 946 οι
1157 923 1236 951 Facta
1251 926 1315 950 sunt
1328 926 1422 950 autem
1439 923 1560 951 encaenia
1576 923 1674 952 Hiero-

872 965 996 1002 solymis,
1010 970 1037 994 et
1053 966 1142 994 hiems
1156 971 1227 994 erat.
1245 969 1278 994 Et
1292 967 1449 995 ambulabat
1462 968 1543 995 Jesus
1557 968 1584 995 in
1602 971 1673 995 tem-

873 1010 917 1046 plo
928 1011 956 1038 in
970 1011 1077 1046 porticu
1090 1011 1256 1039 Salomonis.
1273 1011 1519 1040 Circumdederunt
1529 1020 1593 1048 ergo
1607 1019 1672 1040 eum

872 1055 971 1089 Judaei,
986 1059 1015 1083 et
1026 1055 1155 1083 dicebant
1169 1056 1192 1084 ei
1217 1065 1223 1083 :
1247 1057 1396 1093 Quousque
1410 1056 1532 1084 animam
1547 1061 1671 1085 nostram

873 1100 1035 1135 suspendis?
1060 1100 1086 1129 Si
1109 1104 1139 1128 tu
1161 1108 1190 1129 es
1211 1101 1346 1134 Christus,
1371 1101 1416 1129 die
1441 1101 1522 1129 nobis
1542 1101 1670 1138 ingenue.

873 1145 1025 1180 Respondit
1037 1145 1076 1173 eis
1089 1146 1169 1173 Jesus
1185 1154 1192 1173 :
1208 1145 1269 1173 Dixi
1284 1145 1372 1180 vobis,
1386 1154 1436 1174 nec
1447 1145 1569 1174 creditis.
1586 1147 1673 1182 Opera

873 1197 936 1226 quae
950 1197 1001 1225 ego
1026 1189 1096 1218 facio
1111 1190 1138 1218 in
1153 1190 1268 1218 nomine
1283 1190 1371 1218 Patris
1385 1191 1452 1224 mei,
1473 1190 1533 1218 haec
1547 1191 1672 1219 testimo-

873 1234 950 1262 nium
966 1234 1084 1262 reddunt
1095 1234 1129 1262 dc
1143 1242 1197 1262 me.
1213 1234 1268 1263 Sed
1278 1243 1328 1262 vos
1341 1242 1396 1262 non
1408 1234 1528 1269 creditis,
1542 1235 1605 1271 quia
1618 1243 1672 1263 non

874 1279 939 1307 estis
970 1287 1003 1307 ex
1032 1279 1128 1307 ovibus
1164 1280 1244 1314 meis,
1275 1279 1510 1316 quemadmodum
1547 1279 1671 1308 dicebam

875 1324 958 1351 vobis.
986 1335 998 1348 ι
1018 1324 1086 1358 Quae
1100 1324 1223 1353 encatnia
1243 1324 1314 1352 facta
1335 1329 1401 1352 sunt
1415 1325 1442 1351 in
1458 1325 1672 1360 Hierosolymis?

875 1368 995 1404 Quidam
1022 1369 1119 1396 dicunt
1146 1368 1221 1404 quod
1244 1377 1299 1405 quo
1326 1369 1370 1396 die
1395 1368 1563 1397 aediﬁcatum
1588 1368 1674 1397 fuerit

876 1413 1009 1449 templum
1021 1421 1035 1441 a
1049 1413 1204 1447 Salomone,
1220 1413 1317 1441 eodem
1328 1413 1524 1441 celebraverint
1539 1414 1670 1442 encaenia.

876 1458 928 1486 Alii
951 1462 1044 1486 autem
1065 1466 1121 1486 non
1134 1458 1187 1486 hoc
1201 1458 1306 1491 dicunt,
1320 1458 1367 1486 sed
1386 1459 1580 1494 evangelistam
1596 1459 1674 1486 aiunt

876 1503 967 1531 dicere
979 1504 1100 1531 encasnia
1116 1503 1265 1531 constructi
1287 1503 1382 1539 templi
1399 1507 1459 1539 post
1473 1503 1669 1539 captivitatem.

878 1549 1043 1576 Praeclarum
1058 1552 1150 1576 autem
1173 1552 1199 1576 et
1212 1547 1318 1576 celebre
1333 1548 1450 1583 agebant
1465 1547 1574 1576 festum.
1599 1549 1672 1576 Nam

876 1597 1005 1629 tanquam
1024 1593 1118 1621 civitas
1132 1601 1214 1621 suum
1229 1597 1358 1620 ornatum
1374 1593 1520 1628 recepisset
1540 1597 1602 1628 post
1616 1593 1674 1621 lon-

872 1646 934 1673 gam
947 1638 1025 1666 illam
1036 1638 1234 1673 captivitatem,
1240 1637 1395 1674 jucundum
1408 1637 1480 1665 diem
1491 1637 1674 1665 eucaeniorum

873 1682 1016 1711 faciebant.
1035 1684 1066 1710 In
1088 1683 1141 1711 hoc
1155 1683 1236 1719 igitur
1252 1682 1321 1710 festo
1337 1682 1434 1710 aderat
1448 1685 1475 1710 et
1487 1684 1577 1710 Jesus.
1593 1684 1673 1711 Nunc

873 1732 966 1755 autem
989 1726 1157 1763 frequentius
1177 1731 1301 1755 versatur
1327 1727 1355 1754 in
1373 1726 1482 1761 Judaza,
1497 1727 1561 1763 quia
1583 1727 1673 1763 passio

873 1771 900 1800 in
913 1772 1018 1800 foribus
1031 1777 1100 1800 erat.
1114 1772 1213 1800 Hiems
1225 1772 1299 1800 enim
1312 1772 1441 1806 instabat,
1452 1777 1598 1808 postquam
1614 1772 1673 1800 hie-

873 1825 946 1844 mem
970 1817 999 1845 in
1025 1817 1114 1853 primo
1135 1825 1231 1844 mense
1246 1817 1317 1844 veris
1341 1824 1435 1852 passus
1458 1821 1500 1844 est
1523 1816 1670 1844 Dominus.

873 1863 1019 1897 Propterea
1038 1865 1065 1889 et
1078 1861 1245 1896 evangelista
1266 1861 1370 1888 notavit
1391 1865 1511 1896 tempus,
1525 1860 1673 1888 ostendens

873 1907 947 1942 quod
965 1913 1049 1942 prope
1063 1906 1099 1934 sit
1114 1910 1220 1941 tempus
1233 1904 1376 1941 passionis,
1391 1909 1418 1932 et
1430 1909 1573 1940 propterea
1584 1913 1674 1932 versa-

872 1955 918 1979 tur
932 1950 960 1978 in
973 1950 1186 1987 Hierosolymis.
1199 1961 1212 1974 ι
1228 1949 1476 1978 Circumdederunt
1486 1949 1571 1985 igitur
1583 1949 1672 1984 ipsum

871 1996 972 2030 Judaei,
990 2007 1002 2021 ν
1029 1999 1058 2024 et
1077 1999 1239 2031 apparentcr
1256 1994 1368 2030 quidem
1392 2002 1425 2022 ex
1446 1993 1579 2022 desiderio
1607 2001 1674 2029 quo-

872 2040 938 2069 dam
961 2040 1081 2069 discendi
1102 2041 1274 2076 iuterrogaut
1296 2043 1327 2067 ut
1349 2039 1388 2067 eis
1403 2038 1485 2073 dicat,
1503 2050 1516 2063 «
1532 2047 1602 2066 num
1616 2038 1672 2074 ipse

873 2086 908 2114 sit
921 2085 1056 2120 Christus,
1075 2096 1088 2110 ι
1109 2093 1204 2113 revera
1223 2089 1316 2112 autem
1331 2091 1364 2112 ex
1386 2088 1514 2119 corrupta
1537 2087 1565 2111 et
1578 2083 1672 2111 curio-

873 2139 902 2159 sa
917 2135 1010 2159 mente
1029 2129 1152 2166 profecta
1162 2133 1203 2158 est
1216 2129 1405 2165 interrogatio.
1422 2130 1494 2157 Nam
1505 2136 1570 2156 cum
1587 2135 1671 2164 opera

872 2175 1052 2212 prmdicarent
1079 2175 1157 2202 illum
1181 2182 1240 2202 esse
1267 2174 1419 2206 Christum,
1448 2173 1492 2201 isti
1518 2181 1551 2201 ex
1581 2173 1672 2202 verbis

873 2220 1032 2256 quaerebant
1052 2219 1171 2253 discere;
1198 2218 1273 2254 quod
1289 2217 1444 2246 ludentium
1464 2218 1549 2252 magis
1574 2221 1617 2246 est
1643 2222 1671 2246 et

840 1571 863 1603 C

19 2246 113 2310 έίτᾉςξι
125 2246 287 2303 "statim;
304 2246 438 2302 erant
460 2246 546 2310 ἔργων
568 2246 760 2310 κηρυττόντωνῖ
771 2262 816 2290 αὖ-

911 2265 1067 2293 ridentium.
1088 2246 1214 2292 Omnino.
1224 2267 1315 2291 autem
1335 2263 1451 2299 quastio
1467 2270 1565 2299 magna
1585 2262 1672 2298 ingra-

19 2309 63 2339 τὸν
80 2306 151 2338 εἶναι
165 2308 211 2337 τὸν
228 2307 342 2347 Χριστὸν
353 2331 361 2347 ,
387 2309 481 2337 ἐκεῖνοι
500 2306 553 2336 ἀπὸ
571 2307 696 2347 ῥημάτων
716 2306 822 2342 ἐζήτουν

19 2356 130 2392 μαθεῖν·
154 2352 169 2382 ὃ
186 2352 333 2388 παιζόντων
359 2352 460 2391 μᾶλλόν
485 2353 560 2388 ἔστι,
586 2352 632 2381 καὶ
654 2350 821 2391 ἐπεγγελών-

15 2410 82 2429 των.
111 2398 211 2437 Ὅμως
238 2398 266 2427 δὲ
298 2400 315 2434 ἡ
341 2397 467 2438 ἐρώτησις
497 2398 598 2432 πολλῆς
632 2396 822 2435 ἀγνωμοσύνης

15 2443 141 2482 γέμουσα
166 2442 213 2472 καὶ
248 2442 453 2482 κατεψευσμένη
480 2441 667 2482 τυγχάνουσα,
697 2441 746 2476 τὴν
772 2453 821 2480 μο-

15 2488 132 2528 χθηρίαν
155 2488 241 2516 αὐτῶν
259 2486 407 2517 δείκνυσιν.
430 2500 442 2513 ι
460 2486 528 2516 Εἰπὲ
543 2485 612 2525 γὰρ,
637 2485 734 2526 φασὶν,
757 2488 821 2524 ἡμῖν

14 2532 170 2573 παρρησία.
200 2545 212 2558 »ι
237 2532 291 2562 Καὶ
316 2531 368 2570 μὴν
400 2532 537 2572 πολλαχοῦ
563 2532 637 2569 ἔλεγε
663 2531 820 2571 παρρησίᾳ,

15 2578 63 2607 καὶ
78 2578 139 2611 ταῖς
165 2578 268 2617 ἑορταῖς
287 2576 489 2616 ἐπιχωριάζων,
506 2577 551 2605 καὶ
567 2576 642 2606 οὐδὲν
658 2577 685 2606 ἐν
701 2577 739 2616 τῷ
754 2587 821 2616 κρυ-

16 2624 78 2664 πτῷ
103 2623 213 2660 λαλῶν,
240 2621 286 2652 καὶ
309 2622 373 2652 Υἳὸν
398 2622 469 2652 Θεοῦ
490 2621 583 2651 ἑαυτὸν
597 2621 754 2660 ὀνομάζων,
776 2620 823 2650 καὶ

17 2669 89 2707 φῶς,
105 2667 153 2697 καὶ
164 2667 224 2697 ὁδὸν
234 2689 242 2704 ,
257 2667 302 2697 καὶ
324 2666 419 2707 θύραν,
438 2665 483 2696 καὶ
501 2666 546 2695 τὸν
562 2666 679 2702 Μωσῆν,
692 2665 822 2705 παράγων

17 2713 159 2753 μάρτυρα.
186 2712 234 2742 Διὸ
253 2712 370 2751 ἐλέγχων
393 2711 486 2744 αὐτοὺς
501 2712 516 2739 6
536 2710 645 2753 ξςύριος,
667 2711 703 2744 ὥς
724 2711 754 2740 ἐκ
771 2722 822 2740 που

16 2751 322 2798 νηρᾶςηφθεγγομένους
337 2755 462 2795 γνώμης,
482 2769 493 2783 σι
516 2751 600 2786 Εἶπον
617 2755 693 2794 ὑμῖν,
709 2769 720 2782 ιι
740 2755 822 2796 φησὶ,

16 2803 164 2839 πολλάκις,
177 2816 190 2830 «ι
207 2801 251 2832 καὶ
267 2802 296 2831 οὖ
310 2801 459 2833 πιστεύετε.
475 2815 489 2828 ι
503 2798 605 2834 Ἄλλως
617 2811 645 2830 τε
657 2822 666 2838 ,
685 2800 721 2830 Τί
734 2812 820 2841 προσ-

53 2851 76 2868 ⁶⁹
90 2852 214 2886 Joan.1,
230 2854 262 2886 4;
278 2859 310 2886 x,
325 2854 352 2879 7.

875 2310 989 2338 titudine
1008 2310 1086 2346 plena
1112 2313 1162 2343 est,
1186 2313 1214 2337 et
1233 2307 1373 2336 fallacium
1401 2308 1511 2335 illorum
1538 2307 1672 2335 malitiam

875 2355 1033 2383 ostendens.
1058 2366 1071 2379 ιι
1087 2353 1140 2382 Dic
1162 2353 1248 2387 enim,
1276 2353 1413 2389 inquiunt,
1432 2351 1513 2380 nobis
1535 2352 1626 2380 libere.
1657 2363 1670 2377 ι

878 2401 948 2428 Sane
965 2400 1066 2436 ubique
1080 2399 1187 2428 dicebat
1201 2398 1296 2432 libere,
1311 2402 1339 2426 et
1350 2397 1528 2433 comparebat
1542 2396 1570 2424 iu
1585 2396 1671 2431 festis,

877 2449 904 2473 et
922 2444 987 2473 nihil
1001 2445 1030 2472 in
1042 2444 1149 2472 occulto
1164 2443 1338 2480 loquebatur,
1351 2442 1506 2477 Filiumque
1519 2442 1569 2470 Dei
1580 2449 1608 2470 se
1623 2450 1673 2470 no‘

877 2490 1011 2525 minabat,
1027 2501 1039 2513 ιι
1053 2493 1082 2517 et
1096 2489 1197 2522 lucem,
1215 2492 1242 2516 et
1251 2487 1346 2521 vitam,
1357 2490 1384 2515 et
1398 2487 1500 2514 ostium
1516 2486 1550 2520 ⁸⁸,
1567 2497 1580 2511 υ
1593 2486 1673 2514 δᾱὴὶ‹

878 2534 935 2563 bito
950 2535 1033 2563 etiam
1056 2538 1126 2562 teste
1147 2534 1235 2561 Mose.
1251 2534 1400 2568 Propterea
1415 2538 1533 2567 arguens
1551 2538 1599 2559 eos
1613 2533 1675 2559 Do-

877 2579 980 2613 minus,
990 2582 1085 2614 utpote
1099 2578 1170 2606 malo
1181 2577 1273 2605 animo
1285 2577 1426 2612 loquentes
1438 2585 1445 2603 :
1461 2587 1473 2600 ιι
1489 2575 1549 2604 Dixi
1559 2575 1647 2610 vobis,
1659 2586 1673 2600 υ

876 2624 975 2660 inquit,
991 2623 1100 2659 saepius,
1117 2634 1131 2647 «ι
1147 2626 1175 2650 et
1196 2630 1252 2650 non
1267 2621 1388 2650 creditis.
1406 2632 1419 2645 ν
1436 2624 1465 2649 et
1482 2621 1558 2648 aliter
1577 2628 1584 2647 :
1604 2619 1676 2654 Quid

878 2669 915 2697 ita
945 2669 1080 2696 simulatis
1107 2667 1181 2703 quod
1212 2666 1288 2694 nudo
1324 2666 1407 2694 verbo
1440 2663 1676 2701 persuadeaminii‘

878 2725 892 2738 ι
910 2714 999 2750 Opera
1021 2721 1082 2750 quae
1095 2712 1176 2745 facio,
1194 2723 1209 2736 ι
1224 2719 1280 2740 non
1304 2715 1335 2739 ut
1353 2710 1525 2739 adversarius
1545 2709 1609 2743 Dei,
1629 2707 1677 2736 sed

879 2770 892 2784 «ι
912 2759 939 2787 in
949 2758 1064 2786 nomine
1077 2757 1168 2786 Patris
1180 2756 1245 2791 mei,
1258 2768 1271 2781 ι
1281 2764 1337 2784 non
1349 2755 1482 2791 recipitis,
1497 2758 1525 2782 et
1535 2751 1676 2789 quomodo

877 2803 958 2832 nudis
978 2803 1067 2831 verbis
1078 2801 1213 2831 credetis?
1230 2801 1351 2830 Omnino
1369 2800 1444 2828 enim
1459 2798 1547 2834 major
1564 2801 1606 2826 est
1618 2797 1676 2826 vir-
