1910 3077
47 173 75 201 Si
453 173 650 202 ENARRATIO
670 174 702 202 IN
721 174 935 202 EVANGELlUM
953 173 1102 202 JOAN‘NlS.
1122 189 1156 194 —
1175 173 1250 201 CAP.
1272 175 1301 201 Χ.
1668 176 1702 202 82

45 238 146 275 αὐτὸν,
175 241 210 271 ὡς
231 238 295 268 Υἱὸν
311 239 381 268 Θεοῦ
404 238 496 268 ἑαυτὸν
515 242 651 271 ποιοῦντα.
688 239 758 270 Ἀλλ’
780 241 799 278 ἐι

946 239 994 267 llus
1009 245 1099 275 potest
1117 239 1151 267 de
1165 247 1251 266 manu
1266 239 1363 272 Patris,
1385 239 1511 275 decipere
1523 244 1616 268 autem
1630 239 1700 267 mul-

45 283 155 318 τήσειεν
172 284 204 313 ἄν
226 295 279 316 τις·
304 284 367 316 Πῶς
392 279 462 313 εἶπεν
483 286 497 312 ὃ
520 284 631 323 Κύριος,
656 284 696 313 ὅτι
719 299 730 310 ι
752 285 849 319 Οὐδεὶς

45 327 167 367 ἁρπάσει
198 327 265 357 αὐτὰ
293 327 322 357 ἐκ
350 329 397 363 τῆς
418 328 505 368 χειρὸς
531 331 576 357 τοῦ
605 329 709 369 Πατρός
745 341 809 367 μου⁷
837 343 848 355 ιι

46 372 134 402 καίτοι
158 384 191 410 γε
209 373 322 406 πολλοὺς
336 373 438 412 ὁρῶμεν
456 373 668 411 ἀπολλυμένους
686 373 781 404 Ἔστιν
803 369 847 403 οὖν

47 417 141 452 εἰπεῖν,
167 416 208 445 ὅτι
230 416 352 456 ἁρπάσαι
372 417 420 455 μὲν
436 417 520 450 οὐδεὶς
546 417 656 447 δύναται
673 419 702 447 ἐκ
715 421 762 454 τῆς
787 429 847 458 χει-

49 461 89 501 ρὸς
107 463 154 491 τοῦ
175 461 293 501 Πατρὸς,
314 463 453 497 ἀπατῆσαι
477 462 503 491 δὲ
527 462 629 492 πολλοί.
656 463 706 504 Βία
729 463 776 501 μὲν
796 463 848 502 γὰρ

47 506 90 535 καὶ
119 506 258 547 τυραννίδι
287 507 443 536 ἀποσπάσαι
478 506 561 540 οὐδεὶς
591 507 676 546 ἰσχύει
706 509 735 537 ἐκ
766 509 847 542 Θεοῦ,

47 550 138 590 ἀπάτῃ
169 550 198 580 δὲ
227 553 288 580 καθ’
314 550 430 586 ἑκάστην
459 552 695 590 ὓποσκελιζόμεθα.
724 554 788 586 Πῶς
819 552 848 582 δέ

46 607 124 635 φησι·
154 609 167 623 ιι
195 595 239 625 Τὰ
270 595 392 635 πρόϐατά
417 608 467 633 μου
497 597 554 634 ἐμοὶ
582 597 770 632 ἀκολουθοῦσι,
801 597 847 626 καὶ

48 641 76 669 οὖ
110 639 150 677 μὴ
186 640 355 676 ἄπόλωνται;
389 654 400 666 ιι
430 642 533 679 ὁρῶμεν
565 640 632 681 γὰρ,
672 641 712 671 ὅτι
748 641 848 674 Ἰούδας

48 685 185 715 ἀπώλετο,
203 684 283 714 Ἀλλὰ
304 684 345 714 διὰ
368 687 444 714 τοῦτο
470 685 608 721 ἀπώλετο,
626 685 691 715 διότι
714 687 762 715 οὐκ
784 687 848 721 ἡκο-

47 729 186 766 λούθησεν,
199 729 258 758 οὐδὲ
279 729 412 768 πρόϐατον
428 729 530 767 ἔμεινεν
546 730 609 769 ἄχρι
625 731 725 763 τέλους.
769 730 804 760 ⁸0
820 730 846 760 δὲ

49 774 164 812 Χριστὸς
194 773 257 814 περὶ
284 775 335 803 τῶν
358 773 592 810 ἀκολουθησάντων
613 775 684 815 αὖτῷ
705 775 750 804 καὶ
781 786 846 815 προ-

48 818 135 847 ϐάτων
161 817 256 854 ὄντων,
281 818 372 858 φησὶν,
399 818 439 848 ὅτι
463 832 474 846 ι
508 820 549 848 Οὐ
576 819 614 857 μὴ
642 820 806 854 ἀπόλωνται,
834 833 846 845 υ

48 862 106 892 ἐπεί
124 874 155 902 γε
171 863 219 892 ἐάν
240 874 279 896 τις
299 863 423 902 ἀποπέσῃ
446 865 493 898 τῆς
507 865 559 892 τῶν
574 864 716 903 προϐάτων
740 863 846 900 τάξεως,

48 907 92 937 καὶ
118 910 166 937 τοῦ
197 908 349 937 ἀκολουθεῖν
378 909 416 947 τῷ
441 908 561 946 ποιμένι,
596 908 669 942 εὐθὺς
696 909 828 945 ἀπῶιηται
904 909 1083 950 ἄπόλλυται].

903 284 932 312 ti.
945 286 1017 312 Nam
1033 284 1057 311 vi
1072 283 1192 319 quadam
1213 288 1240 311 et
1255 283 1399 319 tyrannide
1420 284 1512 311 nullus
1525 288 1615 319 potest
1627 284 1701 312 avel-

903 329 958 356 lere
981 337 997 357 a
1011 329 1095 364 652
1113 330 1184 361 Deo.
1205 328 1366 364 deceptione
1381 333 1474 356 autem
1489 329 1612 364 quotidie
1635 337 1699 364 sup-

902 373 1069 409 plantamur.
1084 372 1231 408 Quomodo
1246 377 1340 400 autem
1360 372 1440 406 dixit,
1458 383 1470 397 ι
1487 372 1555 400 Oves
1572 381 1639 401 meat
1653 381 1700 402 me

901 422 1066 453 sequuntur.
1081 421 1107 445 et
1129 425 1186 445 non
1210 418 1346 453 pereunt?
1364 429 1375 442 z
1390 417 1515 445 videmus
1529 417 1604 445 enim
1622 416 1698 453 quod

901 461 988 490 Judas
1011 462 1130 498 perierit.
1146 461 1200 490 Sed
1223 466 1336 498 propter
1362 461 1416 490 hoc
1440 462 1531 497 periit,
1557 462 1622 498 quia
1640 470 1697 489 non

902 510 1012 534 secutus
1035 511 1086 540 est,
1114 514 1202 543 neque
1221 507 1280 534 ovis
1307 506 1409 534 mansit
1434 514 1521 542 usque
1542 506 1576 533 ad
1604 505 1697 534 ﬁnem.

902 551 1042 579 Dominus
1060 551 1094 579 de
1110 551 1143 579 iis
1166 551 1213 588 qui
1237 551 1323 579 secuti
1339 555 1404 579 sunt
1418 559 1482 578 eum
1497 553 1525 578 et
1543 559 1608 579 oves
1623 555 1699 586 sunt,

903 595 1006 632 inquit,
1027 608 1039 621 ιι
1056 598 1119 624 Non
1144 600 1266 632 pereunt.
1295 607 1307 620 ιι
1323 595 1404 630 Quod
1431 596 1455 623 si
1470 596 1532 631 quis
1553 603 1586 623 ex
1600 595 1699 624 ordine

902 641 995 668 Ovium
1016 640 1157 674 exciderit,
1181 645 1208 668 et
1229 648 1286 668 non
1310 645 1420 668 secutus
1442 639 1525 668 fuerit
1549 644 1699 676 pastorem,

902 685 994 713 statim
1012 686 1091 722 perit.
1108 686 1206 714 Utaris
1221 689 1312 713 autem
1325 689 1353 713 et
1372 684 1425 713 hoc
1439 685 1473 713 de
1487 684 1559 712 Juda
1574 686 1700 721 exemplo

896 734 993 758 contra
1014 730 1192 758 Manichaeos.
1209 730 1319 757 Etenim
1341 738 1406 758 cum
1422 730 1467 758 ille
1486 734 1599 758 sanctus
1628 734 1701 758 esset

900 779 928 802 et
950 775 1010 802 ovis
1025 775 1086 809 Dei,
1111 775 1221 811 propria
1236 775 1377 802 voluntate
1401 783 1434 803 ac
1456 782 1504 802 sua
1531 779 1628 810 sponte
1649 782 1699 803 ex-

900 819 973 847 cidit.
1001 821 1064 847 Non
1085 820 1169 856 igitur
1189 824 1287 848 natura
1301 823 1367 848 sunt
1394 819 1466 847 mala
1481 823 1531 848 aut
1544 819 1627 854 bona,
1651 819 1701 848 sed

900 864 1041 892 voluntate
1055 869 1082 892 et
1095 865 1305 893 constituuntur
1320 869 1347 892 et
1360 865 1515 893 solvuntur.

1141 910 1238 949 Χρήσῃ
1261 910 1288 939 δὲ
1312 910 1358 940 καὶ
1378 910 1446 939 κατὰ
1465 911 1517 939 τῶν
1540 910 1699 950 Μανιχαίων

49 954 84 991 τῷ
103 952 165 992 περὶ
191 952 236 981 τὸν
256 952 359 982 Ἰούδαν
379 953 522 990 συμϐάντι.
547 953 601 983 Καὶ
629 953 680 992 γὰρ
706 949 788 990 οὗτος,
811 953 943 994 ἅγιοςιῶν
980 954 1026 983 καὶ
1055 949 1189 995 πρόϐατον
1221 955 1304 990 Θεοῦ,
1343 954 1488 991 ἀπέπεσεν,
1517 954 1701 994 ἑθελότρεπτος

49 997 148 1032 δηλαδὴ
169 996 225 1033 ὢν,
242 996 288 1026 καὶ
301 997 460 1036 αὐθαιρέτως
482 997 611 1028 ἐκπεσών.

49 1041 220 1071 συνίστανται
235 1041 280 1070 καὶ
294 1041 410 1073 λύονται.

656 999 715 1027 Οὔκ
737 998 789 1038 ἄρα
811 998 886 1038 φύσει
909 998 960 1028 εἰσὶ
987 999 1022 1028 τὰ
1049 999 1135 1038 κακὰ,
1157 999 1175 1034 ἢ
1201 999 1233 1029 τὰ
1250 998 1350 1038 ἀγαθὰ,
1377 999 1445 1028 ἀλλὰ
1473 998 1626 1038 προαιρέσει
1653 999 1700 1029 καὶ

86 1100 100 1112 ι
122 1085 301 1116 Ἐϐάστασαν
328 1082 372 1116 οὖν
395 1087 476 1117 πάλιν
497 1087 583 1121 λίθους
601 1089 626 1118 οἱ
643 1086 779 1126 Ἰουδαῖοι,
803 1086 840 1116 ἵνα

943 1094 1027 1120 Vsns.
1044 1095 1140 1121 31-36.
1159 1104 1172 1117 α
1196 1093 1371 1121 Sustulerunt
1385 1100 1450 1128 ergo
1470 1100 1582 1120 rursum
1596 1092 1697 1128 lapides

49 1131 193 1161 λιθάσωσιν
237 1132 327 1162 αὐτόν.
367 1131 508 1172 Ἀπεκρίθη
555 1133 644 1166 αὐτοῖς
678 1135 692 1162 ὁ
729 1132 844 1170 Ἰησοῦς·

50 1177 140 1206 Πολλὰ
155 1176 229 1206 καλὰ
250 1177 314 1216 ἔργα
339 1176 425 1211 ἔδειξα
447 1178 508 1215 ὑμῖν
533 1178 562 1206 ἐκ
583 1181 628 1207 τοῦ
656 1178 761 1217 Πατρός
784 1189 845 1217 μου,

51 1221 90 1251 διὰ
123 1226 200 1251 ποῖον
241 1222 328 1250 αὐτῶν
366 1221 441 1261 ἔργον
469 1222 588 1256 λιθάζετέ
617 1235 666 1260 με,
692 1222 846 1261 Ἀπεκρίθη-

50 1277 96 1295 σαν
116 1267 189 1306 αὖτῷ
216 1267 240 1295 οἱ
258 1265 394 1302 Ἰουδαῖοι,
419 1265 552 1305 λέγοντες·
573 1267 641 1305 Περὶ
667 1269 749 1296 καλοῦ
769 1266 846 1306 ἔργου

50 1312 77 1340 οὖ
91 1310 235 1349 λιθάζομέν
252 1323 298 1349 σε,
319 1310 388 1339 ἀλλὰ
405 1311 466 1350 περὶ
489 1311 671 1350 βλασφημίας,
688 1311 727 1340 ὅτι
740 1311 785 1349 σὺ,
801 1311 846 1340 ἄν·

49 1357 147 1394 θρωπος
163 1355 219 1392 ὢν,
234 1357 317 1388 ποιεῖς
333 1355 442 1385 σεαυτὸν
462 1354 545 1386 Θεόν.
591 1356 730 1396 Ἀπεκρίθη
759 1356 846 1389 αὐτοῖς

50 1401 62 1428 ὁ
87 1400 205 1436 Ἰησοῦς·
243 1401 302 1430 Οὖκ
335 1399 390 1428 ἔστι
420 1399 604 1440 γεγραμμένον
634 1403 661 1430 ἐν
699 1403 737 1441 τῷ
772 1400 845 1440 νόμῳ

50 1445 128 1482 ὑμῶν·
147 1443 222 1483 Ἐγὼ
238 1440 314 1481 εἶπα,
338 1444 402 1474 Θεοί
416 1445 491 1480 ἐστι,
512 1446 546 1474 Εἰ
561 1445 674 1479 ἐκείνους
690 1440 747 1474 εἶπε
762 1444 844 1481 θεοὺς,

50 1489 109 1527 πρὸς
129 1489 171 1523 οὓς
195 1491 210 1518 ὃ
224 1489 300 1528 λόγος
320 1491 365 1517 τοῦ
390 1491 460 1518 Θεοῦ
482 1488 601 1527 ἐγένετο,
623 1490 668 1518 καὶ
689 1491 718 1519 οὖ
736 1489 845 1519 δύναται

50 1533 154 1569 λυθῆναι
181 1535 200 1569 ἡ
231 1533 339 1574 Γραφή·
364 1532 392 1562 δν
418 1535 432 1562 ὁ
459 1533 554 1572 Πατὴρ
585 1535 692 1572 ἡγίασε,
718 1534 763 1564 καὶ
793 1536 845 1563 ἄπ-

52 1577 160 1607 έστειλεν
177 1579 217 1612 εἷς
236 1579 280 1608 τὸν
294 1578 409 1616 κόσμον,
427 1580 502 1616 ὑμεῖς
528 1579 633 1617 λέγετε,
652 1578 691 1608 ὅτι
712 1581 844 1619 Βλασφη-

51 1623 118 1660 μεῖς,
134 1623 173 1653 ὅτι
192 1619 280 1653 εἶπον
304 1623 367 1656 Υἱὸς
390 1626 435 1653 τοῦ
453 1625 524 1653 Θεοῦ
549 1625 618 1662 εἶμις
640 1637 651 1650 ν
667 1623 780 1660 Ἐπειδὴ
805 1619 844 1654 εἶ-

50 1680 104 1703 πεν,
121 1667 161 1698 ὅτι
185 1683 199 1695 ιι
225 1667 300 1707 Ἐγὼ
323 1668 368 1697 καὶ
383 1669 398 1697 ὁ
421 1668 518 1707 Πατὴρ
533 1667 560 1697 ἔν
577 1670 657 1707 ἐσμεν
681 1683 693 1696 ι
707 1669 778 1698 κατὰ
795 1669 844 1705 τὴν

51 1712 161 1752 ἐξουσίαν
189 1712 297 1746 πάντως
319 1713 365 1742 καὶ
386 1712 434 1748 τὴν
464 1712 586 1751 δύναμιν,
618 1713 663 1743 καὶ
679 1713 759 1748 ἔδειξε
782 1713 844 1752 μίαν

51 1751 126 1786 οὖσαν
146 1757 196 1793 τὴν
220 1759 298 1798 χεῖρα
314 1760 360 1786 τοῦ
383 1756 491 1797 Πατρὸς
506 1757 551 1786 καὶ
573 1757 620 1793 τὴν
641 1759 745 1794 ἑαυτοῦ,
763 1759 845 1797 βλασ-

51 1801 147 1840 φημίαν
169 1802 202 1832 τὸ
227 1806 340 1841 πρᾶγμα
355 1801 478 1840 ἐνόμισαν
498 1803 524 1831 οἱ
543 1801 679 1838 Ἰουδαῖοι,
698 1803 744 1832 καὶ
758 1803 844 1837 λίθους

53 1847 206 1884 βάλλουσιν,
233 1848 268 1881 ὡς
289 1841 350 1875 ἶσον
379 1846 471 1876 ἑαυτὸν
493 1849 619 1876 ποιοῦντα
649 1849 687 1887 τῷ
714 1848 788 1884 Θεῷ,
809 1847 844 1877 Ὁ

52 1890 130 1919 τοίνυν
157 1891 255 1930 Κύριος
283 1891 415 1931 ἐντρέπων
442 1890 551 1928 αὐτοὺς,
577 1891 622 1920 καὶ
649 1890 775 1920 δεικνύων
805 1892 844 1921 ὅτι

52 1935 168 1973 οὐδεμίαν
186 1935 275 1965 αἰτίαν
299 1935 410 1973 εὔλογον
434 1936 525 1976 ἔχουσι
540 1938 586 1972 τῆς
608 1938 668 1966 κατ’
692 1937 771 1966 αὐτοῦ
789 1949 843 1975 μοι·

53 1979 118 2016 νίας,
138 1981 209 2010 ἀλλὰ
237 1980 325 2018 μάτην
353 1982 494 2017 λυττῶσιν,
522 1981 721 2019 ἀναμιμνήσκει
749 1981 844 2015 αὐτοὺς

52 2025 98 2052 τῶν
110 2027 172 2064 παρ’
191 2026 270 2055 αὐτοῦ
286 2025 470 2064 γεγενημένων
487 2026 640 2063 θαυμάτων,
651 2025 707 2061 καὶ,
723 2039 735 2051 ι
749 2027 844 2056 Πολλὰ

53 2068 117 2097 καλὰ
137 2070 212 2108 ἔργα,
237 2069 334 2109 φησὶν,
351 2069 518 2108 ἐνεδειξάμην
542 2072 618 2109 ὑμῖν,
636 2070 679 2100 διὰ
695 2074 769 2100 ποῖον
796 2071 845 2100 αὖ·

52 2114 100 2141 τῶν
113 2113 231 2148 λιθάζετέ
247 2126 296 2152 ne;
315 2129 326 2140 ιι
341 2116 378 2144 Οἱ
393 2113 436 2151 δὲ,
449 2128 461 2140 α
480 2115 547 2154 Περὶ
565 2114 751 2155 βλασφημίας,
765 2115 842 2154 φασὶ,

53 2157 182 2196 λιθάζομέν
201 2170 245 2194 σε,
260 2158 300 2188 ὅτι
324 2163 406 2191 ποιεῖς
421 2159 531 2188 σεαυτὸν
549 2159 629 2189 Θεόν.
642 2154 658 2185 in
701 2160 786 2193 Αὐτὸς
798 2154 843 2189 οὖν

54 2201 95 2230 οὐκ
108 2203 225 2242 ἀρνεῖται
238 2205 334 2239 τοῦτο,
351 2204 408 2233 οὐδὲ
423 2203 506 2242 λέγει,
523 2203 564 2232 ὅτι
587 2205 628 2233 Οὔ
644 2206 712 2233 ποιῶ
729 2204 842 2242 ἐμαυτὸν

55 2245 129 2282 Θεὸν,
153 2248 200 2276 οὐκ
215 2247 271 2284 εἰμὶ
283 2243 341 2280 ἶσος
355 2249 395 2287 τῷ
413 2249 515 2288 Πατρὶ,
538 2248 607 2277 ἀλλὰ
630 2249 731 2286 μᾶλλον
756 2248 844 2278 ἐπιϐε-

55 2288 120 2319 ϐαιοῖ
141 2291 188 2328 τὴν
213 2292 318 2321 ἐκείνων
336 2292 457 2331 γνώμην,
488 2292 534 2322 καὶ
564 2294 766 2329 κατασκευάζει,
804 2293 845 2322 ὅτι

57 2334 116 2368 θεός
132 2337 200 2366 ἔστιν
225 2337 279 2366 ἀπὸ
300 2338 352 2366 τῶν
369 2338 396 2366 ἐν
415 2339 453 2377 τῷ
471 2337 543 2378 νόμῳ
565 2338 768 2377 γεγραμμένων.
786 2338 843 2368 Νό-

901 1137 1000 1171 Judaei,
1025 1141 1055 1165 ut
1074 1137 1228 1173 lapidarent
1244 1145 1318 1165 eum.
1346 1137 1499 1173 Respondit
1524 1137 1562 1166 eis
1586 1139 1666 1166 Jesus
1689 1147 1696 1165 :

902 1182 989 1210 Multa
1005 1181 1076 1209 bona
1095 1190 1177 1218 opera
1192 1182 1298 1210 ostendi
1310 1182 1389 1210 vobis
1403 1190 1435 1209 ex
1452 1183 1530 1210 Patre
1544 1190 1619 1216 meo,
1635 1190 1697 1216 pro-

901 1231 960 1262 pter
975 1226 1050 1262 quod
1069 1234 1165 1254 eorum
1186 1235 1300 1262 operum
1315 1235 1360 1254 me
1375 1226 1515 1261 lapidatis?
1538 1227 1698 1263 Responde-

900 1275 965 1298 runt
975 1271 1000 1299 ei
1013 1271 1111 1306 Judaei,
1126 1271 1248 1300 dicentes
1263 1281 1270 1299 ι
1284 1271 1329 1299 Ob
1343 1271 1448 1299 bonum
1463 1279 1532 1306 opus
1546 1279 1603 1299 non
1626 1271 1698 1307 lapi-

900 1315 998 1343 damus
1022 1319 1059 1350 te,
1080 1316 1128 1344 sed
1149 1315 1185 1344 ob
1205 1315 1414 1352 blasphemiam,
1439 1320 1467 1344 et
1480 1316 1545 1352 quia
1569 1320 1598 1344 tu
1614 1316 1698 1344 homo

902 1368 964 1388 cum
977 1361 1023 1394 sis,
1038 1360 1105 1388 facis
1118 1361 1237 1396 teipsum
1252 1362 1354 1388 Deum.
1372 1360 1525 1396 Respondit
1541 1360 1579 1388 eis
1592 1362 1672 1389 Jesus
1689 1370 1696 1388 ε

901 1406 998 1432 Nonne
1020 1405 1153 1441 scriptum
1171 1409 1213 1433 est
1236 1404 1263 1432 in
1279 1405 1336 1441 lege
1350 1409 1437 1433 vestra
1454 1414 1462 1433 :
1486 1407 1544 1440 Ego
1568 1405 1635 1439 dixi,
1651 1406 1697 1433 Dii

900 1450 984 1477 estis?
999 1450 1027 1477 Si
1043 1450 1105 1477 illos
1118 1449 1185 1478 dixit
1199 1449 1267 1478 deos
1281 1449 1315 1477 ad
1340 1457 1408 1485 quos
1430 1457 1522 1477 sermo
1542 1450 1594 1477 Dei
1608 1449 1698 1478 factus

899 1498 942 1522 est
974 1498 1001 1522 et
1030 1502 1086 1522 non
1116 1498 1205 1530 potest
1233 1494 1302 1522 solvi
1331 1494 1482 1530 Scriptura,
1509 1502 1593 1530 quem
1619 1495 1698 1522 Pater

900 1538 1079 1566 sanctiﬁcavit
1100 1543 1127 1566 et
1150 1539 1226 1566 misit
1248 1539 1277 1566 in
1303 1539 1452 1571 mundum,
1476 1546 1524 1566 vos
1548 1538 1638 1566 dicitis
1654 1546 1698 1566 me

900 1582 1101 1618 blasphemare,
1118 1583 1179 1619 quia
1193 1583 1325 1618 dixerim,
1340 1583 1426 1612 Filius
1439 1583 1489 1611 Dei
1503 1585 1584 1611 sum?
1600 1594 1612 1607 υ
1626 1584 1696 1611 Cum

899 1627 1012 1661 diceret,
1034 1639 1047 1652 α
1063 1629 1120 1664 Ego
1134 1632 1161 1655 et
1181 1629 1260 1655 Pater
1283 1636 1369 1655 unum
1390 1635 1486 1655 sumus
1511 1639 1523 1652 υ
1540 1635 1588 1663 per
1603 1628 1697 1655 omnia

900 1672 1053 1700 secundum
1080 1676 1245 1708 potestatem
1271 1676 1298 1700 et
1329 1673 1470 1706 virtutem,
1503 1677 1531 1700 et
1559 1672 1698 1708 judicaret

899 1725 984 1744 unam
1000 1725 1059 1745 esse
1072 1717 1162 1745 Patris
1176 1725 1291 1745 manum
1307 1721 1333 1744 et
1351 1725 1445 1750 suam;
1461 1716 1595 1752 putabant
1609 1716 1697 1745 Judin

901 1761 1103 1796 blasphemum,
1126 1766 1155 1789 et
1178 1771 1192 1787 (ι
1221 1761 1465 1797 apprehendehant
1490 1761 1602 1797 lapides,
1623 1761 1697 1797 quod

900 1804 1000 1833 faceret
1013 1814 1042 1833 se
1057 1806 1194 1842 aequalem
1207 1807 1266 1833 Deo
1289 1805 1319 1832 ⁷².
1347 1817 1358 1829 υ
1387 1806 1474 1841 Igitur
1495 1807 1634 1833 Dominus
1648 1805 1695 1833 ad-

900 1857 1015 1877 monens
1037 1854 1064 1877 et
1078 1849 1228 1877 ostendens
1242 1849 1318 1885 quod
1332 1850 1437 1876 nullam
1460 1849 1568 1885 justam
1594 1849 1697 1877 furoris

898 1901 962 1928 erga
985 1901 1014 1921 se
1035 1902 1145 1921 causam
1168 1893 1295 1927 habeant,
1321 1893 1370 1921 sed
1394 1893 1496 1929 absque
1517 1901 1598 1920 causa
1624 1893 1697 1920 iusa-

899 1937 985 1972 niant,
1010 1938 1118 1966 reducit
1137 1938 1165 1965 in
1180 1937 1344 1965 memoriam
1369 1937 1502 1964 miracula
1525 1945 1540 1964 a
1562 1945 1591 1965 se
1609 1936 1693 1971 facta,

899 1987 927 2011 et
939 1991 947 2010 :
960 1994 973 2007 ι
988 1983 1074 2010 Multa
1088 1983 1159 2010 bona
1175 1990 1269 2018 opera,
1284 1982 1380 2018 inquit,
1397 1981 1506 2009 ostendi
1521 1981 1598 2009 vobis
1612 1991 1618 2009 :
1635 1989 1696 2017 pro-

898 2031 942 2055 ter
955 2027 1029 2063 quod
1042 2035 1140 2055 eorum
1160 2026 1288 2062 lapidatis
1303 2028 1368 2054 me?
1387 2038 1397 2050 υ
1415 2026 1454 2053 llli
1471 2030 1563 2054 autem
1577 2026 1672 2054 dicunt
1687 2036 1693 2042 -

901 2083 913 2097 ι
933 2073 1046 2108 Propter
1071 2071 1256 2107 blasphemias
1280 2071 1432 2107 lapidamus
1451 2075 1488 2105 te,
1515 2071 1579 2106 quia
1605 2072 1695 2098 Deum

898 2116 1016 2152 teipsum
1041 2116 1117 2144 facis.
1134 2128 1147 2141 ι
1161 2118 1299 2145 Caeterum
1313 2116 1370 2152 ipse
1392 2123 1449 2143 non
1464 2120 1547 2151 negat
1571 2115 1634 2150 hoc,
1648 2123 1696 2143 ne-

898 2169 950 2197 que
964 2161 1043 2195 dicit,
1058 2162 1121 2189 Non
1139 2159 1211 2188 facio
1227 2161 1362 2196 meipsum
1378 2162 1478 2192 Deum,
1502 2160 1542 2187 vel
1558 2168 1613 2188 non
1632 2168 1695 2188 sum

898 2206 1014 2242 aequalis
1029 2206 1121 2239 Patri;
1137 2205 1185 2233 sed
1199 2206 1286 2241 magis
1298 2205 1445 2233 conﬁrmat
1458 2205 1568 2232 illorum
1584 2209 1694 2232 senten-

898 2251 978 2284 tiam,
993 2254 1021 2278 et
1033 2251 1131 2278 asserit
1149 2258 1178 2278 se
1194 2251 1279 2278 Deum
1293 2258 1363 2284 esse,
1380 2258 1411 2278 ex
1428 2250 1470 2277 his
1480 2257 1540 2285 quin
1551 2250 1650 2285 scripta
1666 2250 1695 2277 in

900 2295 966 2331 lege.
996 2296 1099 2331 Legem
1123 2299 1219 2322 autem
1242 2294 1309 2323 dicit
1330 2298 1358 2323 et
1382 2294 1482 2322 librum
1508 2293 1606 2326 David,
1625 2294 1696 2322 sicut

899 2339 1063 2375 simpliciter
1082 2343 1110 2367 et
1124 2347 1234 2367 omnem
1254 2339 1435 2374 Scripturam.
1449 2339 1529 2373 Quod
1545 2343 1636 2366 autem
1651 2338 1694 2367 di-

58 2389 101 2415 μον
117 2379 143 2409 δὲ
166 2381 237 2420 λέγει
252 2381 299 2410 καὶ
316 2382 363 2417 τὴν
380 2384 427 2411 τοῖ’)
449 2380 534 2411 Δαυῒδ
562 2383 666 2421 βίϐλον,
683 2383 772 2421 ὥσπερ
797 2395 812 2412 κ

940 2405 944 2417 ,
961 2383 1034 2412 hunc
1049 2392 1161 2412 sensum
1184 2383 1289 2412 habet:
1312 2384 1339 2411 Si
1365 2384 1391 2411 Ιιὶ
1415 2384 1460 2419 qui
1481 2383 1566 2419 gratia
1581 2383 1694 2411 deiﬁca-

57 2427 136 2467 ‘faoav
151 2425 244 2458 ἁπλῶς
259 2428 308 2461 τήν
323 2426 448 2467 Γραφήν·
475 2426 488 2455 ὃ
504 2426 530 2455 δὲ
546 2427 615 2466 λέγει
630 2428 746 2456 τοιοῦτόν
763 2429 842 2456 ἐστιν’

58 2466 87 2495 Εἰ
101 2469 122 2497 οἱ
139 2471 227 2510 χάριτι
243 2469 291 2505 τὴν
307 2470 401 2500 θέωσιν
426 2471 621 2510 προσλαϐόντες
645 2472 697 2501 Θεοί
713 2473 774 2508 εἶσι,
798 2472 844 2501 καὶ

58 2511 100 2540 οὒκ
118 2514 305 2552 ἔγκαλοῦνται,
325 2516 381 2548 πῶς
404 2515 456 2553 ἐγὼ
479 2516 587 2549 δικαίως
614 2517 780 2555 ἕπιτιμῶμαι
801 2518 843 2557 ὑφ’

56 2555 135 2600 ἴΨιίῦν,
150 2561 162 2588 ὁ
177 2560 252 2599 φύσει
267 2559 334 2593 Θεὸς
349 2558 402 2595 ὢν,
421 2574 433 2586 ιι
450 2559 477 2589 ὃν
492 2560 591 2600 Πατὴρ
607 2561 716 2599 ἡγίασε,
741 2574 751 2586 ν
768 2555 843 2590 τουτ-

57 2599 133 2645 έστιν,
167 2604 286 2644 ἀφώρισε
318 2607 517 2644 σφαγιασθῆναι
552 2599 617 2645 ὑπὲρ
647 2607 692 2635 τοῦ
725 2605 842 2643 κόσμου,

56 2640 126 2690 ᾏγια
137 2640 235 2688 γὰρ’τᾶ
245 2640 418 2689 ἀφωρισμένα
428 2649 551 2688 λέγονται
563 2640 689 2690 τῷΙΘεῷ.
706 2640 844 2688 Πρόέηλον

57 2687 110 2734 γὰρ.
125 2687 279 2728 ὅτινέπειδή
298 2687 344 2732 μοι
434 2687 480 2733 με]
505 2687 615 2733 ἡγίασεν
643 2687 689 2724 καὶ
713 2687 845 2734 ἀὴώρισεν

58 2733 70 2760 δ
93 2735 184 2777 Πατὴρ
209 2738 245 2771 εἷς
267 2737 315 2773 τὴν
337 2741 383 2768 τοῦ
407 2738 509 2777 κόσμου
534 2738 681 2778 σωτηρίαν,
709 2740 757 2768 οὐκ
788 2734 846 2772 ἶσος

89 2825 109 2843 τ’
121 2828 196 2859 Joan.
212 2838 244 2866 ν,
261 2835 308 2866 18;
329 2831 446 2868 Philipp.
463 2839 499 2866 ιι,
514 2834 541 2859 6.

900 2429 1007 2456 tionem
1029 2433 1203 2464 acceperunt,
1219 2428 1256 2455 dii
1271 2432 1347 2462 sunt,
1370 2432 1397 2456 et
1411 2436 1495 2456 nemo
1515 2428 1576 2456 illos
1598 2428 1693 2456 crimi~

899 2478 982 2501 natur
998 2483 1004 2501 :
1020 2473 1161 2509 quomodo
1181 2481 1232 2508 ego
1251 2473 1324 2509 juste
1340 2481 1355 2500 ει
1378 2472 1458 2500 vobis
1479 2473 1614 2508 increpor,
1631 2473 1695 2509 quia

898 2522 994 2546 natura
1009 2526 1071 2546 sum
1087 2519 1171 2550 Deus,
1187 2529 1200 2541 α
1213 2526 1295 2553 quem
1311 2518 1391 2545 Pater
1405 2517 1597 2551 sanctiﬁeavit,
1614 2530 1625 2541 ι»
1643 2518 1695 2545 hoc

899 2567 940 2590 est
964 2562 1130 2598 segregavit,
1155 2566 1186 2590 ut
1209 2562 1380 2590 occideretur
1407 2570 1457 2598 pro
1481 2562 1606 2590 mundo?
1625 2562 1695 2589 San-

899 2611 975 2635 ctum
1000 2607 1074 2635 enim
1089 2607 1199 2640 dicitur,
1216 2607 1292 2643 quod
1307 2609 1367 2634 Deo
1383 2611 1556 2642 segregatum
1572 2610 1622 2634 est.
1635 2607 1695 2633 Ma-

899 2651 1029 2679 nifestum
1045 2652 1121 2679 enim
1143 2651 1206 2686 quia
1223 2659 1267 2679 me
1281 2651 1473 2685 sanctiﬁcavit,
1496 2655 1523 2678 et
1545 2650 1699 2685 segregavit

900 2698 982 2724 Pater
996 2697 1025 2724 in
1041 2696 1158 2724 salutem
1182 2696 1289 2730 mundi,
1309 2700 1337 2723 et
1350 2696 1413 2724 ideo
1436 2704 1492 2723 non
1507 2703 1568 2722 sum
1583 2693 1696 2729 aequalis

899 2741 960 2769 aliis
973 2741 1035 2775 diis,
1048 2740 1096 2769 sed
1111 2742 1186 2768 Deus
1198 2749 1288 2769 verus.
1303 2742 1375 2769 Vere
1395 2740 1469 2768 enim
1485 2747 1555 2774 opus
1580 2739 1631 2766 Dei
1655 2743 1698 2766 est
