1910 3077
202 179 236 206 83
700 175 966 210 ,ΤΗΕΟΡΗΥΙΑΑΟΤΙ
985 176 994 203 1

1090 175 1163 203 ,ΗῐίΕ
1181 175 1337 204 ARCHIEP.
1828 174 1865 201 84

200 239 316 272 salvare.
329 243 357 267 et
375 247 431 267 non
452 238 573 266 hominis
591 238 677 274 gratia
691 237 818 266 deiﬁcati.
837 249 848 264 α
869 239 898 267 Si
919 238 994 275 igitur

1090 239 1144 272 λοις
1168 238 1223 278 εἰμὶ
1245 238 1322 276 θεοῖς,
1355 235 1426 266 ἀλλὰ
1449 235 1519 270 Θεὸς
1542 235 1676 272 ἀληθινός.
1700 236 1777 266 Θεοῦ
1809 235 1865 275 γὰρ

199 284 239 312 illi
254 284 289 312 ad
313 291 382 320 quos
401 284 454 311 Dei
477 291 571 311 sermo
593 282 681 311 factus
703 287 753 316 est,
779 292 795 310 »
817 283 871 311 hoc
885 287 937 317 est,
954 291 1002 319 ego

202 334 286 365 (nam
318 337 367 365 ego
393 328 478 364 653
505 336 569 356 sum
605 329 701 356 Sermo
724 328 785 363 Dei,
822 332 850 356 et
885 328 1003 356 habitavi

202 375 233 402 in
248 374 312 407 illis,
327 373 516 409 concessitque
532 373 572 401 eis
586 376 616 401 ut
631 373 827 409 adoptarentur
845 373 875 401 in
894 373 978 408 ﬁlios)
994 383 1000 401 :

202 419 225 446 si
240 419 324 454 igitur
337 418 375 446 illi
394 417 442 451 dii,
459 418 548 446 multo
563 418 650 454 magis
664 426 714 454 ego
736 422 812 446 extra
828 426 938 446 omnem
953 425 1002 446 no-

201 471 267 491 xam
288 471 361 497 sum,
385 464 476 490 Deum
500 471 602 491 vocans
621 463 768 499 meipsum,
791 463 839 499 qui
854 467 881 491 et
901 467 1001 490 natura

203 515 264 536 sum
297 509 377 543 Deus,
413 511 442 535 et
472 507 532 535 aliis
555 507 607 536 hoc
630 507 759 536 concedo.
788 507 1001 536 Confundantur

203 551 268 580 hinc
282 552 374 580 Ariani
394 556 422 580 et
444 552 610 580 Nestoriani.
629 553 701 580 Nam
727 556 755 581 et
778 553 865 581 Filius
887 552 949 587 Dei,
973 557 1001 581 et

202 598 278 625 Deus
307 597 460 625 substantia
488 601 638 633 naturaque
662 601 705 625 est
731 597 868 631 Christus,
893 601 921 625 et
944 605 1000 625 non

203 646 337 676 creatura,
362 646 389 670 et
410 642 471 669 aliis
492 641 540 670 dat
561 642 691 670 deitatem
709 642 746 670 ad
764 650 834 679 quos
857 642 888 669 ﬁt
902 644 999 670 Sermo

203 686 248 722 qui
271 691 314 714 est
336 686 397 720 Dei,
422 686 469 714 sed
497 695 554 714 non
567 687 625 722 ipse
651 687 737 722 gratia
753 687 907 715 deiﬁeatur.
926 689 999 715 Nam

203 731 346 759 manifeste
360 736 469 767 separat
493 739 522 759 se
538 731 573 759 ab
587 731 630 759 his
655 732 704 768 qui
719 732 806 768 gratia
821 732 997 766 deiﬁcantur,

203 779 315 812 propter
341 784 372 804 ea
399 784 460 812 quae
484 776 530 804 hic
555 775 696 810 dicuntur,
723 781 751 804 et
781 777 901 805 ostendit
925 776 1000 812 quod

202 821 289 848 etiam
310 820 362 848 illis
381 821 441 856 ipse
465 821 501 849 sit
515 825 610 849 auctor
628 821 808 849 deiﬁeationis
831 822 928 849 Sermo
953 821 1000 856 qui

203 865 255 892 Dei
278 870 331 899 est,
346 869 374 894 et
396 865 532 894 inhabitat
546 866 576 894 in
597 866 638 894 eis
661 876 668 894 :

203 909 256 937 hoe
271 909 344 945 quod
358 910 434 944 dicit,
457 920 472 935 (ι
487 910 532 938 Ad
546 918 616 946 quos
629 912 726 939 Sermo
741 911 794 938 Dei
817 911 905 939 factus
919 915 968 943 est,
985 922 998 934 ιι

202 953 256 981 hoc
268 958 320 988 est,
336 954 363 981 in
386 954 485 990 quibus
501 954 645 983 habitavit.
669 955 817 990 Quomodo
833 955 917 991 igitur
928 955 1000 983 blas-

201 997 303 1034 phemo
331 998 426 1026 dicens
454 999 556 1027 Filium
591 1000 643 1027 Dei
677 1000 832 1035 meipsum?
867 999 999 1035 Quamvis

200 1042 272 1070 enim
287 1046 316 1070 et
335 1050 447 1071 carnem
467 1043 554 1071 feram
569 1048 595 1072 et
609 1052 642 1072 ex
657 1045 761 1072 semine
774 1045 825 1072 sim
841 1044 938 1078 David,
951 1044 999 1072 sed

200 1087 335 1123 ignoratis
356 1092 570 1123 sacramentum,
585 1093 612 1116 et
627 1089 701 1125 quod
717 1097 772 1117 non
787 1089 865 1117 aliter
879 1089 1000 1124 potuerit

199 1132 466 1161 carnalishominum
475 1137 572 1161 natura
581 1134 633 1162 Dei
642 1134 761 1170 recipere
770 1133 997 1168 familiaritatem,

200 1185 284 1212 quam
300 1185 348 1213 per
365 1185 486 1213 carnem,
503 1178 580 1214 quasi
594 1179 624 1206 in
639 1179 793 1207 velamento
815 1179 840 1206 ei
854 1177 998 1206 familiaris

200 1220 309 1249 fuisset.

234 1316 325 1343 Vens.
342 1317 387 1349 37,
401 1317 445 1343 38.
473 1324 487 1342 α
501 1316 529 1343 Si
550 1323 606 1343 non
630 1315 700 1344 facio
723 1323 807 1352 opera
827 1316 916 1344 Patris
929 1316 996 1350 mei,

199 1359 284 1387 nolite
298 1359 409 1388 credere
422 1360 491 1388 mihi
512 1370 517 1387 :
539 1361 581 1388 sin
596 1369 660 1388 vero
674 1360 760 1395 facio,
772 1365 799 1388 et
821 1361 845 1389 si
858 1361 926 1388 mihi
942 1369 997 1388 non

200 1403 322 1438 creditis,
344 1405 471 1440 operibus
490 1404 604 1440 credite,
621 1410 652 1433 ut
672 1406 841 1441 cognoscatis
856 1410 884 1433 et
902 1405 995 1433 creda-

199 1449 237 1476 tis
250 1448 325 1484 quod
347 1450 429 1477 Pater
448 1449 476 1476 in
498 1457 543 1477 me
566 1454 619 1483 est,
634 1453 662 1478 et
682 1458 732 1486 ego
749 1450 777 1477 in
798 1458 841 1477 eo.
857 1461 871 1475 »
892 1450 992 1485 Vultis,

199 1493 299 1528 inquit,
321 1494 389 1521 scire
403 1494 588 1530 aequalitatem
604 1503 668 1522 cum
683 1495 781 1522 Patre?
796 1496 821 1522 Α
845 1495 995 1522 substantia

1059 283 1139 316 ὄντως
1158 283 1232 323 ἔργον
1258 282 1288 312 τὸ
1314 281 1424 318 σώζειν,
1448 282 1508 310 ἀλλ’
1526 282 1574 311 οὒκ
1600 280 1737 320 ἀνθρώπου
1764 281 1866 321 χάριτι

1058 328 1206 361 θεωθέντος.
1237 328 1270 358 Εἰ
1287 326 1373 356 τοίνυν
1396 328 1490 356 ἐκεῖνοι
1506 339 1519 352 αι
1539 325 1604 366 πρὸς
1619 325 1662 360 οὓς
1683 328 1697 356 6
1714 326 1799 366 λόγος
1816 328 1867 355 τοῦ

1057 373 1130 403 Θεοῦ
1151 373 1267 411 ἐγένετο,
1285 386 1297 398 ιο
1320 371 1452 400 τουτέστιν
1472 370 1534 410 ἐγὼ,
1560 370 1645 410 Λόγος
1662 371 1713 410 γὰρ
1735 370 1794 410 ἐγὼ
1815 372 1867 399 τοῦ

1056 419 1143 455 Θεοῦ,
1159 416 1205 448 καὶ
1229 416 1368 451 ἐνοικήσας
1388 417 1415 446 ἔν
1440 415 1557 453 ἐκείνοις,
1577 416 1746 455 ἐχαρισάμην
1767 416 1868 448 αὐτοῖς

1055 462 1103 499 τὴν
1118 462 1249 492 υἱοθεσίαν
1260 474 1267 480 ·
1281 463 1304 491 εἰ
1318 457 1362 490 οὖν
1377 463 1471 490 ἐκεῖνοι
1491 461 1561 498 θεοὶ,
1575 462 1666 500 πολλῷ
1681 461 1790 498 μᾶλλον
1809 460 1866 498 ἐγὼ

1055 507 1143 543 πάσης
1159 506 1190 536 ἂν
1207 506 1262 543 εἴην
1280 505 1365 539 αἰτίας
1379 505 1469 541 ἐκτὸς,
1491 506 1561 535 Θεὸν
1585 504 1701 543 ἐμαυτὸν
1725 505 1825 534 καλῶν
1851 506 1866 534 6

1055 552 1101 581 xui
1128 552 1204 592 φύσει
1229 551 1280 588 ὢν,
1304 551 1350 580 καὶ
1373 550 1427 584 τοῖς
1455 550 1544 584 ἄλλοις
1565 552 1643 579 τοῦτο
1670 549 1865 590 χαριζόμενος.

1053 597 1278 636 Αἷσχυνέσθωσαν
1308 598 1423 626 ἐντεῦθεν
1450 594 1578 634 Ἀρειανοὶ
1600 595 1646 624 καὶ
1666 595 1862 634 Νεστοριανοί.

1053 641 1116 675 Υἱός
1136 654 1164 670 τε
1179 642 1230 681 γὰρ
1247 642 1330 676 Θεοῦ,
1354 641 1400 670 καὶ
1415 639 1484 672 Θεὸς
1501 639 1578 679 οὐσίᾳ
1597 640 1643 669 καὶ
1659 640 1736 680 φύσει
1751 641 1765 668 6
1792 639 1863 679 Χρι-

1054 686 1132 722 στὸς,
1149 687 1208 715 ἀλλ’
1225 687 1254 715 οὖ
1270 686 1381 724 κτίσμα,
1409 684 1454 714 καὶ
1470 689 1522 717 τοῖς
1548 685 1637 717 ἄλλοις
1650 685 1794 724 χαρίζεται
1811 685 1864 719 τὴν

1053 731 1176 767 θεότητα,
1204 731 1270 771 πρὸς
1295 730 1338 764 οὒς
1361 729 1392 759 ἂν
1420 729 1521 769 γένοιτο
1543 729 1629 768 Λόγος
1647 728 1683 758 ὧν
1703 732 1750 758 τοῦ
1766 732 1860 767 Θεοῦ,

1055 777 1114 805 ἀλλ’
1135 777 1164 805 οὗ
1191 777 1281 816 χάριτι
1308 774 1386 808 αὐτὸς
1413 777 1528 805 θεοῧται.
1558 773 1778 803 Ἀποδιαστέλλει
1805 775 1862 814 γὰρ

1054 823 1193 859 προφανῶς
1209 821 1301 850 ἑαυτὸν
1318 819 1371 850 ἀπὸ
1383 821 1436 848 τῶν
1450 819 1542 859 χάριτι
1565 818 1724 857 θεουμένων,
1740 818 1786 848 διὰ
1804 821 1862 848 τῶν

692 865 767 902 quod
791 866 928 902 signiﬁcat
951 874 994 902 per

1090 868 1165 894 ταῢθα
1189 864 1355 904 λεγομένων,
1380 864 1425 893 καὶ
1448 863 1578 893 δείκνυσιν
1598 863 1638 892 ὅτι
1657 863 1793 897 κάκείνοις
1809 865 1862 893 αὖ·

1054 910 1097 944 τὸς
1119 910 1241 949 πρόξενος
1257 912 1305 945 τῆς
1330 908 1461 946 θεώσεως,
1485 909 1568 947 Λόγος
1587 906 1624 937 ὢν
1647 911 1693 938 τοῦ
1710 909 1784 938 Θεοῦ
1809 908 1862 938 καὶ

1053 955 1160 984 ἐνοιχῶν
1177 957 1276 989 αὐτοῖς,
1294 956 1381 984 Τοῦτο
1405 954 1457 993 γὰρ
1481 953 1605 991 σημαίνει
1624 952 1667 982 διὰ
1691 955 1738 982 τοῦ
1755 954 1860 992 εἰπεῖν,

1054 1012 1066 1026 α
1089 1000 1161 1040 Πρὸς
1185 999 1228 1033 οὓς
1250 1001 1263 1028 ὁ
1288 998 1365 1040 λόγος
1383 1001 1428 1027 τοῦ
1447 999 1518 1028 Θεοῦ
1535 997 1656 1040 ἐγένετο,
1677 1011 1689 1024 ι
1715 998 1860 1036 τουτέστι,

1104 1037 1146 1056 (γ
1189 1045 1206 1063 «ι.
1222 1044 1229 1054 I
1339 1039 1355 1045 ~
1384 1044 1392 1054 δ
1418 1041 1425 1053 /
1559 1044 1574 1050 κ
1628 1037 1643 1053 ’τ
1816 1045 1837 1051 _

1053 1047 1102 1083 μεθ
1126 1057 1162 1074 ων
1185 1056 1303 1084 εγενετο⁷
1328 1046 1364 1076 οἱς
1380 1054 1509 1083 ενῳκησε.
1527 1043 1590 1075 Πως
1613 1054 1657 1071 ουν
1678 1043 1858 1083 βλασφημω,

1052 1090 1136 1128 λέγων
1153 1089 1217 1120 Υῐὸν
1241 1090 1313 1119 Θεοῦ
1334 1088 1464 1127 ἐμαυτόν;
1487 1089 1522 1117 Εἰ
1534 1086 1585 1128 γὰρ
1601 1087 1648 1116 καὶ
1664 1088 1750 1127 σάρκα
1765 1090 1857 1127 φορῶ,

1052 1133 1099 1163 καὶ
1126 1135 1156 1163 ἐκ
1193 1133 1345 1174 σπέρματος
1373 1131 1458 1162 Δαυΐό
1492 1133 1557 1171 εἶμι,
1587 1131 1645 1161 ἀλλ’
1675 1132 1796 1170 ἀγνοεῖτε
1826 1132 1859 1161 τὸ

1053 1178 1208 1218 μυστήριον,
1231 1179 1275 1207 καὶ
1295 1179 1335 1206 ὅτι
1363 1178 1411 1206 οὒκ
1437 1177 1523 1210 ἄλλως
1553 1176 1668 1212 ἠδύνατο
1687 1179 1704 1212 ἡ
1732 1177 1856 1216 σαρκικῆ

1051 1225 1102 1252 τῶν
1118 1223 1264 1263 ἀνθρώπων
1288 1222 1364 1263 φύσις
1390 1221 1514 1255 δέξασθαι
1529 1224 1601 1252 Θεοῦ
1623 1220 1747 1259 ὁμιλίαν,
1773 1222 1855 1261 εἰμὴ

1051 1267 1094 1297 διὰ
1117 1268 1213 1308 σαρκὸς
1237 1268 1358 1305 ὡμίλησε
1385 1266 1478 1306 ταύτῃ,
1498 1267 1532 1299 ὡς
1553 1267 1579 1295 ἐν
1604 1265 1854 1306 παραπετάσματι.

1091 1326 1103 1338 α
1127 1314 1162 1343 Εἰ
1186 1313 1214 1341 οὖ
1237 1315 1305 1341 ποιῶ
1324 1313 1358 1341 τὰ
1375 1310 1439 1351 ἔργα
1465 1314 1512 1340 τοῦ
1540 1311 1646 1350 Πατρός
1669 1322 1733 1349 μου,
1751 1311 1792 1349 μὴ
1808 1323 1856 1341 πι-

1051 1356 1156 1386 στεύετέ
1173 1369 1232 1395 μοι,
1248 1359 1270 1385 εἷ
1286 1356 1314 1385 δὲ
1327 1357 1405 1392 ποιῶ,
1424 1355 1474 1385 κᾶν
1491 1355 1551 1394 ἐμοὶ
1569 1355 1606 1394 μὴ
1623 1355 1783 1392 πιστεύητε,
1798 1361 1856 1390 τοῖς

1051 1401 1134 1440 ἔργοις
1149 1401 1325 1439 πιστεύσατε,
1343 1400 1387 1430 ἵνα
1407 1402 1492 1439 γνῶτε
1507 1400 1553 1430 καὶ
1576 1400 1754 1436 πιστεύσητε,
1780 1399 1824 1430 ὅτι
1841 1403 1855 1430 6

1052 1446 1146 1486 Πατὴρ
1168 1447 1193 1474 ἐν
1209 1446 1282 1483 ἐμοὶ,
1298 1445 1373 1484 κάγὼ
1389 1446 1415 1474 ἐν
1431 1446 1510 1485 αὐτῷ.
1529 1459 1540 1471 n
1556 1445 1673 1480 Θέλετε,
1688 1445 1764 1484 φησὶ,
1780 1447 1855 1483 γνῶ-

1050 1503 1092 1520 ναι
1107 1491 1154 1526 τὴν
1169 1491 1235 1530 πρὸς
1253 1490 1297 1519 τὸν
1324 1490 1434 1529 Πατέρα
1460 1489 1586 1526 iacit-qm;
1610 1489 1674 1518 Ἀπὸ
1688 1491 1737 1524 τῆς
1761 1490 1854 1524 οὐσίας

199 1545 255 1565 non
274 1538 387 1573 potestis
401 1538 471 1566 scire
492 1539 678 1575 [impossibile
693 1539 765 1566 enim
781 1543 822 1566 est
840 1539 910 1566 scire
933 1539 994 1566 sub-

1107 1535 1216 1565 δύνασθε
1244 1537 1358 1574 γνῶναι·
1383 1534 1511 1563 ἀδύνατον
1546 1534 1598 1574 γὰρ
1623 1535 1722 1572 γνῶναι
1758 1535 1853 1564 οὐσίαν

198 1583 327 1610 stantiam
339 1583 418 1619 Dei],
433 1582 482 1611 sed
500 1584 610 1620 accipite
623 1592 656 1611 ex
671 1591 786 1619 operum
798 1584 955 1619 aequalitate
969 1587 995 1612 et

197 1626 339 1655 identitate
360 1627 493 1656 indicium
512 1628 662 1656 identitatis
682 1628 836 1655 secundum
856 1629 994 1656 virtutem.

196 1673 238 1700 Ex
258 1671 301 1700 his
314 1672 449 1700 habebitis
464 1673 577 1700 deitatis
591 1680 662 1700 mea:
674 1673 878 1706 testimonium,
891 1677 918 1700 et
927 1674 994 1701 scie-

196 1716 234 1744 tis
257 1721 285 1744 et
307 1717 424 1745 credetis
443 1717 518 1752 quod
539 1717 608 1744 nihil
629 1725 680 1752 ego
704 1717 778 1744 aliud
793 1725 854 1745 sum
868 1726 952 1753 quam
966 1717 995 1746 id

198 1761 274 1797 quod
287 1763 380 1790 Pater.
398 1761 531 1789 Eamdem
547 1761 623 1788 enim
638 1761 821 1790 substantiam
835 1762 922 1790 habeo
935 1770 995 1790 ma-

196 1813 264 1833 nens
285 1807 381 1839 Filius,
397 1810 424 1833 et
437 1805 579 1841 hypostasi
594 1804 735 1833 differens.
755 1807 886 1834 Similiter
900 1811 927 1834 et
941 1808 996 1834 Pa—

197 1854 239 1878 ter
251 1858 366 1878 manens
380 1851 469 1883 Pater,
484 1854 512 1877 et
525 1849 656 1878 differens
677 1849 827 1886 hypostasi,
841 1851 908 1879 nihil
920 1851 994 1880 aliud

196 1899 238 1922 est
253 1903 340 1931 quam
359 1894 454 1928 Filius,
478 1895 632 1922 secundum
645 1895 826 1924 substantiam
846 1897 950 1924 scilicet
964 1905 995 1924 ae

196 1943 350 1967 naturam:
375 1938 498 1974 quamvis
524 1943 617 1967 autem
637 1948 684 1976 per
707 1940 869 1976 hypostases
891 1941 994 1969 differi-

198 1991 270 2018 mus,
294 1987 321 2011 at
344 1991 401 2010 non
422 1988 583 2019 separantur
618 1984 790 2020 hypostases,
815 1985 865 2013 sed
888 1985 918 2012 in
952 1993 994 2013 se-

196 2027 263 2063 ipsis
293 2028 365 2056 alter
384 2027 412 2055 in
427 2028 514 2056 altero
528 2032 594 2056 sunt
614 2029 716 2064 absque
730 2028 893 2057 confusione
914 2030 996 2057 Pater

195 2076 223 2100 et
244 2072 337 2100 Filius.
354 2073 418 2100 Non
430 2072 504 2100 enim
518 2073 589 2100 sicut
602 2073 676 2108 apud
690 2081 741 2101 nos
761 2078 840 2108 pater
854 2078 995 2109 separatus

195 2119 238 2144 est
257 2123 272 2143 a
286 2116 354 2151 ﬁlio,
370 2117 495 2153 quamvis
519 2121 618 2144 natura
632 2125 720 2144 unum
740 2117 805 2152 sint,
820 2117 858 2145 ita
872 2122 899 2146 et
913 2118 942 2145 in
955 2118 995 2145 di-

195 2160 266 2188 vinis
286 2161 420 2197 personis;
450 2161 501 2189 sed
524 2161 554 2189 in
576 2161 672 2198 seipsis
695 2162 764 2190 alter
778 2163 806 2190 in
829 2162 915 2190 altero
929 2167 994 2190 sunt

194 2205 297 2241 absque
315 2205 488 2234 confusione.
507 2207 655 2242 Pr0pterea
673 2215 725 2235 nos
739 2211 797 2235 tres
817 2207 930 2243 quidem
945 2208 993 2235 ho-

194 2249 284 2278 mines
294 2249 422 2285 dicimur,
441 2255 536 2287 utpote
556 2251 740 2279 subsistentiis
754 2252 881 2288 separati,
896 2256 924 2280 et
939 2260 993 2280 non

194 2302 284 2323 unum
307 2295 414 2332 proprie
429 2296 602 2324 exsistentes.
623 2297 655 2324 In
671 2297 764 2324 divina
786 2301 881 2325 autem
895 2297 994 2325 Triade

195 2347 266 2367 unus
287 2340 374 2374 Deus,
398 2341 446 2368 sed
469 2349 525 2368 non
539 2345 594 2369 tres
611 2341 660 2375 dii,
683 2345 794 2378 propter
815 2349 993 2377 personarum

193 2383 368 2412 inconfusam
392 2385 692 2418 circumincessionem,
720 2385 791 2414 adde
817 2390 845 2414 et
865 2386 992 2415 eamdem

193 2428 362 2457 volitionem.

227 2473 317 2501 Vens.
327 2476 418 2501 39-42.
425 2474 768 2511 Quaerebantergoiterum
775 2475 993 2511 eumapprehen-

190 2515 266 2550 dere,
282 2521 308 2544 et
318 2517 404 2546 exivit
417 2517 452 2546 de
463 2526 548 2546 manu
561 2526 668 2552 eorum,
681 2523 709 2546 et
721 2519 789 2546 abiit
803 2520 903 2547 iterum
917 2524 992 2548 trans

189 2561 341 2590 Iordanem
356 2563 382 2589 in
397 2570 460 2590 eum
476 2563 568 2590 locum
581 2563 629 2590 ubi
638 2563 728 2591 fuerat
739 2565 838 2592 Joanes
852 2565 991 2600 baptizans

189 2606 324 2642 primum,
351 2607 509 2644 mansitque
535 2608 599 2636 illic.
626 2609 662 2636 Et
690 2609 771 2637 multi
795 2614 929 2638 venerunt
956 2611 989 2638 ad

189 2658 265 2686 eum,
287 2659 320 2679 ac
333 2651 462 2680 dicebant
488 2661 495 2680 :
510 2654 634 2680 Joannes
647 2653 759 2689 quidem
780 2654 890 2690 signum
906 2654 990 2682 edidit

188 2697 297 2724 nullum
314 2706 321 2724 :
336 2697 431 2725 omnia
445 2702 539 2725 autem
557 2705 727 2734 quaecunque
739 2698 809 2727 dixit
821 2701 943 2727 Joannes
955 2699 989 2728 de

187 2739 250 2775 hoc,
268 2749 331 2770 vera
342 2746 430 2777 erant,
449 2746 476 2770 et
491 2742 671 2770 crediderunt
681 2744 758 2771 multi
773 2744 830 2771 illic
843 2744 872 2772 in
885 2752 960 2772 eum.
975 2755 987 2769 ιι

187 2785 323 2820 Quaerunt
329 2787 443 2822 quidem
452 2787 655 2823 apprehendere
668 2788 830 2824 Dominum,
839 2788 924 2824 654
933 2797 989 2816 non

187 2827 305 2858 ferentes
327 2838 403 2866 eum,
425 2831 499 2867 quod
524 2836 582 2860 tam
607 2833 727 2862 sublime
751 2833 786 2862 de
811 2841 841 2862 se
864 2833 988 2862 testimo—

1050 1582 1134 1611 Θεοῦ·
1152 1579 1205 1609 ἀπὸ
1219 1581 1266 1615 τῆς
1287 1582 1340 1609 τῶν
1355 1578 1437 1619 ἔργων
1461 1575 1506 1608 οὖν
1522 1578 1646 1614 ἷσότητός
1664 1590 1694 1607 τε
1714 1579 1759 1608 καὶ
1780 1591 1854 1609 ταυ-

1050 1624 1158 1660 τότητος
1176 1624 1306 1658 ἀπόδειξιν
1321 1625 1368 1659 τῆς
1389 1623 1458 1653 κατὰ
1481 1622 1528 1659 τὴν
1550 1623 1660 1662 δύναμιν
1685 1623 1852 1660 ταυτότητπ

1050 1669 1160 1699 λάϐετε²
1183 1670 1236 1699 ἀπὸ
1270 1669 1370 1698 τούτων
1391 1669 1442 1708 γὰρ
1469 1667 1545 1697 ἔσται
1572 1669 1634 1706 ὑμῖν
1663 1671 1680 1704 ἡ
1709 1670 1758 1704 τῆς
1785 1669 1852 1707 ἔμῆς

1049 1714 1171 1750 θεότητος
1192 1713 1338 1754 μαρτυρία,
1359 1713 1405 1743 καὶ
1428 1712 1578 1752 γνώσεσθε,
1605 1712 1651 1742 καὶ
1675 1713 1850 1750 πιστεύσετε,

1049 1759 1090 1789 ὅτι
1107 1759 1179 1788 οὐδὲν
1195 1759 1260 1787 ἄλλο
1284 1758 1337 1797 ἐγώ
1357 1759 1428 1796 εἶμι,
1444 1757 1462 1793 ἢ
1477 1757 1541 1797 ὅπερ
1557 1759 1571 1786 6
1597 1757 1703 1797 Πατήρ.
1722 1757 1781 1793 Τὴν
1798 1758 1850 1798 γὰρ

1050 1804 1132 1840 αὐτὴν
1156 1804 1247 1833 οὐσίαν
1273 1802 1327 1843 ἔχω
1356 1802 1442 1841 μένων
1467 1802 1545 1839 Υἱὸς,
1571 1802 1618 1832 καὶ
1639 1805 1672 1842 τῇ
1703 1803 1849 1832 ὑποστάσει

1049 1848 1193 1889 διαφέρων.
1223 1847 1364 1881 θΩσαύτως
1376 1847 1422 1876 καὶ
1436 1849 1449 1875 6
1463 1847 1559 1887 Πατὴρ
1573 1846 1659 1885 μένων
1675 1846 1785 1887 Πατὴρ,
1802 1848 1849 1877 καὶ

1048 1895 1081 1933 τῇ
1096 1893 1240 1923 ὑποστάσει
1252 1892 1381 1932 διαφέρων
1391 1916 1399 1931 ,
1415 1892 1488 1921 οὐδὲν
1503 1892 1569 1921 ἄλλο
1582 1891 1651 1928 ἐστὶ,
1667 1891 1684 1927 ἢ
1699 1892 1762 1924 Υἱὸς
1777 1893 1848 1921 κατὰ

1048 1938 1097 1974 τὴν
1118 1937 1210 1966 οὖσίαν
1227 1936 1329 1972 δηλαδὴ
1355 1936 1401 1965 καὶ
1428 1936 1476 1971 τὴν
1499 1936 1586 1976 φύσιν.
1606 1937 1639 1966 Εἰ
1666 1936 1694 1965 δὲ
1717 1936 1763 1965 καὶ
1787 1941 1847 1971 ταῖς

1048 1981 1210 2011 ὑποστάσεσι
1226 1982 1400 2020 διαφέρομεν,
1425 1982 1483 2009 ἀλλ’
1500 1982 1529 2010 οὖ
1548 1980 1706 2020 χωρίζονται
1729 1982 1757 2010 αἱ
1780 1985 1847 2010 bro-

1049 2025 1154 2059 στάσεις
1176 2025 1222 2054 καὶ
1237 2023 1399 2061 διίστανται,
1416 2025 1474 2054 ἀλλ’
1490 2027 1516 2054 ἐν
1532 2025 1657 2061 ἀλλήλοις
1682 2025 1746 2054 εἰσὶν
1765 2027 1848 2065 ἀσυγ-

1048 2068 1133 2109 χύτως
1158 2072 1171 2100 6
1191 2070 1287 2109 Πατὴρ
1303 2070 1347 2099 καὶ
1370 2071 1383 2098 6
1397 2070 1472 2103 Υἱός·
1487 2071 1516 2099 οὗ
1530 2069 1582 2110 γὰρ
1597 2069 1688 2109 ὥσπερ
1706 2071 1746 2109 ἐφ’
1767 2071 1846 2108 ἡμῶν

1049 2115 1062 2143 6
1079 2115 1168 2155 πατὴρ
1189 2114 1352 2155 κεχώρισται
1367 2117 1414 2143 τοῦ
1425 2116 1497 2154 υἱοῦ,
1512 2114 1557 2144 καὶ
1572 2116 1605 2154 τῇ
1621 2114 1697 2155 φύσει
1710 2114 1736 2143 ἓν
1752 2115 1842 2152 ἐστιν,

1049 2158 1131 2192 οὕτως
1147 2159 1199 2200 ἄρα
1225 2159 1272 2189 καὶ
1296 2159 1340 2189 ἐπὶ
1363 2161 1415 2188 τῶν
1432 2159 1507 2189 Οείων
1531 2160 1716 2188 ὑποστάσεων·
1739 2160 1800 2189 ἀλλ’
1819 2161 1846 2190 ἔν

1051 2203 1173 2240 ἀλλήλοις
1186 2204 1251 2234 εἷσὶν
1267 2204 1431 2244 ἀσυγχύτως.
1447 2203 1494 2234 Διὸ
1509 2203 1553 2233 καὶ
1569 2205 1644 2242 ἡμεῖς
1660 2207 1728 2243 τρεῖς
1745 2204 1846 2244 ἄνθρω-

1048 2260 1094 2278 ποι
1121 2249 1268 2289 λεγόμεθα,
1285 2251 1321 2282 ὡς
1345 2253 1404 2282 ταῖς
1428 2249 1590 2278 ὑποστάσεσι
1616 2249 1780 2286 διιστάμενοι
1800 2250 1844 2279 καὶ

1047 2294 1096 2333 οὐχ
1119 2293 1147 2322 ἓν
1164 2293 1259 2334 κυρίως
1280 2293 1364 2330 ὄντες,
1386 2293 1430 2322 ἐπὶ
1453 2292 1480 2322 δὲ
1504 2295 1551 2328 τῆς
1571 2292 1647 2331 ἁγίας
1670 2293 1784 2332 Τριάδος
1811 2289 1845 2327 εἶς

1047 2339 1134 2377 Θεὸς,
1148 2339 1207 2368 ἀλλ’
1223 2340 1252 2369 οὖ
1270 2339 1356 2378 τρεῖς,
1373 2338 1415 2367 διὰ
1429 2337 1476 2374 τὴν
1499 2339 1550 2367 τῶν
1574 2337 1746 2367 ὑποστάσεων
1764 2339 1844 2377 ἀσύγ-

1046 2395 1125 2423 χυτον
1152 2385 1178 2413 ἐν
1214 2384 1339 2418 ἀλλήλοις
1362 2384 1563 2423 περιχώρησιν,
1590 2382 1703 2422 πρόσθες
1726 2382 1773 2412 καὶ
1794 2383 1843 2419 τὴν

1047 2428 1238 2457 ταυτοϐουλίαν
1255 2428 1300 2458 καὶ
1317 2428 1348 2457 τὸ
1367 2426 1533 2461 ταυτοθελές.

1090 2487 1102 2499 ι
1128 2472 1258 2508 Ἐζήτουν
1275 2468 1319 2502 οὖν
1344 2473 1424 2502 πάλιν
1441 2471 1519 2501 αὐτὸν
1533 2471 1646 2508 πιάσαι,
1671 2470 1718 2500 καὶ
1737 2472 1841 2508 ἐξῆλθεν

1044 2519 1074 2547 ἐκ
1092 2519 1139 2552 τῆς
1159 2518 1247 2557 χειρὸς
1273 2519 1369 2553 αὐτῶν,
1394 2516 1440 2546 καὶ
1468 2517 1570 2552 ἀπῆλθε
1594 2515 1676 2544 πάλιν
1697 2516 1780 2556 πέραν
1797 2519 1841 2546 τοῦ

1046 2563 1178 2602 Ἰορδάνου
1203 2563 1238 2595 εἷς
1258 2561 1302 2591 τὸν
1326 2561 1418 2597 τόπον,
1446 2560 1512 2590 ὅπου
1535 2558 1566 2597 ἦν
1581 2560 1709 2596 Ἰωάννης
1727 2561 1840 2602 τὸπρῶ-

1044 2601 1089 2636 τον
1106 2606 1253 2646 βαπτίζων,
1279 2606 1325 2635 καὶ
1349 2605 1450 2644 ἔμεινεν
1476 2606 1540 2636 ἐκεῖ.
1567 2604 1622 2635 Καὶ
1645 2605 1738 2634 πολλοὶ
1764 2601 1840 2641 ἦλθον

1044 2651 1107 2692 πρὸς
1132 2652 1210 2681 αὐτὸν
1239 2650 1285 2680 καὶ
1310 2651 1415 2690 ἔλεγον,
1442 2649 1483 2680 ὅτι
1506 2649 1631 2692 Ἰωάννης
1658 2649 1706 2688 μὲν
1731 2655 1838 2688 σημεῖον

1043 2689 1167 2732 ἐποίησεν
1191 2695 1282 2734 οὐδὲν,
1310 2689 1398 2725 πάντα
1414 2694 1440 2724 δὲ
1461 2694 1510 2724 ὅσα
1536 2689 1607 2723 εἶπεν
1632 2694 1757 2731 Ἰωάννης
1781 2696 1840 2735 περὶ

1044 2740 1151 2776 τούτου,
1174 2741 1259 2776 ἀληθῆ
1279 2735 1322 2776 ἦν.
1347 2739 1402 2770 Καὶ
1427 2739 1585 2769 ἐπίστευσαν
1609 2739 1703 2768 πολλοὶ
1727 2740 1784 2769 ἐκεῖ
1806 2741 1842 2773 εἷς

1044 2785 1132 2815 αὐτόν.
1152 2798 1164 2812 ιι
1208 2785 1323 2822 Ζητοῢσι
1339 2784 1387 2823 μὲν
1407 2785 1502 2813 πιάσαι
1528 2784 1573 2813 τὸν
1595 2784 1709 2824 Κύριον,
1730 2783 1768 2823 μὴ
1792 2785 1838 2825 φέ-

1044 2841 1130 2870 ροντες
1169 2830 1248 2860 αὐτὸν
1279 2829 1326 2866 τὴν
1354 2829 1458 2868 ὑψηλὴν
1488 2829 1548 2869 περὶ
1583 2831 1664 2859 αὑτοῦ
1691 2830 1837 2869 μαρτυρίαν
