1910 3077
63 140 114 167 85

493 142 688 170 ENARRATIO
708 143 741 171 ΙΝ
760 144 976 174 EVANGELIUM
994 145 1142 174 JOANNIS.
1163 162 1197 166 —
1217 147 1292 175 CAP.
1311 148 1353 175 ΧΙ.
1711 150 1746 177 86

59 203 263 242 ποιούμενον·
277 204 307 234 οὗ
322 203 374 245 γὰρ
386 203 525 244 ἠνείχοντο
545 206 625 236 αὐτοῦ
646 205 680 235 τὰ
700 206 813 246 κρείττω
837 210 877 238 θεο

955 208 1025 236 mium
1039 208 1205 244 perhiberet;
1219 217 1308 245 neque
1322 210 1399 238 enim
1415 209 1540 239 ferebant
1553 211 1744 241 sublimiorem

61 247 247 286 λογόῧντος.
273 249 359 282 Αὐτὸς
382 249 409 278 δὲ
437 250 586 290 ὑποχωρεῖ,
611 250 723 284 ἐνδιδοὺς
750 253 837 281 αὐτῶν
856 255 893 293 τῷ

61 294 189 333 θυμῷ,
211 293 255 323 καὶ
272 293 315 323 διὰ
337 295 383 330 τῆς
409 294 538 328 ἀπουσίας
562 294 640 331 λῆξαι
655 296 742 330 αὐτοῖς
757 297 788 326 τὸ
811 297 894 332 πάθος

62 341 130 367 τοῦ
175 341 257 376 θυμοῦ
282 339 506 378 παρασκευάζων,
533 339 579 369 καὶ
604 340 719 370 ἀκόντων
747 341 774 371 δὲ
806 343 892 371 αὐτῶν

61 383 244 422 ὕποχωρεῖ,
263 382 378 420 δεικνὺς,
393 383 407 413 ὃ
427 384 570 421 πολλάκις,
587 385 706 423 εἴπομεν,
723 385 762 415 ὅτι
787 386 842 416 οὐδ’
859 386 890 416 ἂν

63 426 101 455 ἐν
123 430 176 468 τῷ
192 430 300 468 σταυρῷ
321 428 471 468 συνελήφθη
482 451 490 466 ,
506 430 529 458 εἰ
546 429 583 468 μὴ
598 429 666 459 ἑκὼν
682 431 773 460 ἑαυτὸν
794 431 889 461 ἐδίδου.

64 472 149 502 Ποῦ
179 471 207 502 δὲ
235 474 386 513 ὑποχωρεῖς
419 487 431 499 ι
457 474 549 514 Πέραν
573 479 620 506 τοῦ
646 474 798 515 Ἰορδάνου,
826 476 891 506 ὅπου

62 515 220 553 Ἰωάννης
245 518 402 554 ἐϐάπτιζεν,
426 531 439 544 ι
455 519 503 548 οὐκ
519 519 620 559 ἀλόγως
642 520 727 550 ἐκεῖσε
745 521 889 561 ἀναχωρή-

62 572 154 599 σας,
194 561 254 592 ἀλλ’
281 562 494 600 ἀναμιμνήσκων
520 563 580 598 τοὺς
614 564 728 598 πολλοὺς
757 567 809 594 τῶν
835 567 891 595 ἐκεῖ

63 606 253 647 γενομένων,
279 607 326 637 καὶ
341 610 393 637 τῶν
417 608 566 648 λεχθέντων
581 609 656 649 παρὰ
679 609 804 640 Ἰωάννου
827 611 889 651 περὶ

62 651 182 681 αὐτοῦ.
207 650 274 682 ὀτι
298 652 325 682 δὲ
348 652 462 686 πολλοὺς
486 653 586 690 ὤνησεν
608 657 625 691 ἡ
654 655 715 693 περὶ
741 654 784 684 τὸν
809 650 889 685 τόπον

63 696 234 738 διατριϐὴ,
255 696 388 736 ἐπήγαγεν
409 699 424 728 ὁ
450 698 656 738 εὖαγγελιστὴς,
685 700 780 738 λέγων·
804 713 816 728 ι
834 700 890 730 Καὶ

62 742 184 770 πολλοὶ
209 737 286 777 ἦλθον
317 742 381 782 πρὸς
407 743 501 779 αὐτὸν,
528 744 574 773 καὶ
608 745 819 783 ἀναμνησθέντες
842 748 888 775 τοῦ

61 785 189 824 τόπου,
219 786 324 825 ἔλεγον,
353 787 451 828 φησὶν,
477 788 518 817 ὅτι
543 788 669 825 Ἰωάννης
699 789 747 827 μὲν
777 794 886 829 σημεῖον

64 831 213 867 ἐποίησεν
228 831 314 860 οὐδέν.
331 845 343 858 ι
385 831 424 862 ⁸0
450 831 478 862 δὲ
502 832 589 872 λέγει,
613 834 730 863 τοιοῦτόν
749 835 836 871 ἐστιν,
853 836 886 865 Εἰ

64 875 181 916 ἐκείνῳ
215 876 410 915 ἐπιστεύσαμεν
448 876 530 915 μηδὲν
564 879 720 915 πεποιηκότι
759 883 884 918 σημεῖον,

63 921 180 961 πολλῷ
197 922 300 959 μᾶλλον
315 921 401 962 τούτῳ
427 924 464 962 τῷ
479 925 597 952 τοσαῦτα
622 923 747 963 θαύματα
768 926 884 963 ἐργασα-

64 965 170 1006 μένῳ.
189 965 266 996 Ἐπεὶ
290 966 318 996 δὲ
341 966 467 1003 Ἰωάννης
487 967 655 1008 ἐμαρτύρησε
682 969 730 1007 μὲν
755 968 816 1009 περὶ
839 973 885 999 τοῦ

65 1009 222 1049 Χριστοῦ,
245 1010 320 1040 οὐδὲν
343 1011 370 1041 δὲ
391 1016 500 1049 σημεῖον
521 1013 644 1049 ἐποίησε,
666 1013 712 1042 καὶ
739 1013 781 1042 διὰ
808 1017 885 1044 τοῦτο

64 1054 147 1088 ἴσως
170 1056 219 1085 οὐκ
242 1055 392 1090 ἀξιόπιστος
421 1056 452 1085 ἂν
480 1058 622 1096 ἐνομίσθη,
644 1058 762 1096 ἐπήγαγε
790 1058 884 1097 λέγων·

66 1113 80 1142 [ι
111 1100 236 1130 Πάντων
252 1100 279 1130 δὲ
299 1101 349 1130 ὅσα
365 1097 437 1130 εἶπεν
452 1102 578 1138 Ἰωάννης
591 1102 652 1141 περὶ
674 1103 779 1142 τούτου,
798 1104 884 1140 ἀληθῆ

63 1140 125 1181 ἦν,
145 1159 160 1171 ι·
181 1146 229 1175 οὖκ
247 1145 287 1175 ἔτι
309 1149 401 1176 τοῦτον
422 1146 447 1181 ἐξ
463 1147 577 1183 ἐκείνου,
591 1147 652 1177 ἀλλ’
668 1149 765 1177 ἐκεῖνον
787 1149 832 1189 ἀφ’
847 1145 884 1178 ὧν

66 1191 81 1219 ὁ
112 1191 237 1229 Χριστὸς
263 1190 386 1227 ἐποίησεν
412 1191 565 1225 ἀξιόπιστον
589 1191 789 1232 ἀποφαίνοντες.
816 1193 882 1233 Διὸ,

63 1248 78 1260 ι
108 1236 232 1272 Πολλοὶ,
252 1236 349 1275 φησὶν,
364 1237 418 1265 ἐκεῖ
440 1236 609 1268 ἐπίστευσαν.
627 1249 640 1263 υ
659 1237 698 1267 Τὸ
721 1238 747 1267 δὲ
769 1240 852 1274 «ἐκεῖ,
870 1252 882 1266 ι

67 1281 180 1315 δηλοῖ,
194 1279 235 1310 ὅτι
251 1281 373 1320 μεγάλως
398 1283 412 1310 ὁ
435 1281 514 1315 τόπος
533 1282 633 1315 ἐκεῖνος
657 1281 752 1316 αὐτοὺς
773 1283 881 1323 ὠφέλη-

66 1336 140 1361 σεν,
171 1325 227 1355 ἐπεὶ
254 1325 300 1354 καὶ
331 1325 424 1355 τούτου
453 1326 534 1366 χάριν
562 1329 680 1366 συνεχῶς
708 1326 794 1366 ἐξάγει
823 1327 882 1362 τοὺς

67 1369 177 1408 ὄχλους
193 1371 207 1398 ὅ
221 1369 325 1406 Ἰησοῦς
345 1372 380 1404 εἰς
401 1371 514 1410 ἐρήμους
532 1371 646 1411 τόπους,
661 1373 707 1407 τῆς
723 1374 776 1401 τῶν
795 1384 880 1408 πονη-

68 1416 133 1454 ρῶν
166 1415 311 1455 ἀνθρώπων
330 1416 468 1449 συνουσίας
493 1417 652 1456 ἐλευθερῶν,
679 1417 744 1456 πρὸς
763 1416 793 1446 τὸ
814 1429 882 1458 καρ-

68 1458 226 1489 πώσασθαί
247 1471 272 1489 τι
301 1459 383 1500 μέγα,
406 1460 526 1500 καθάπερ
545 1461 591 1490 καὶ
616 1461 661 1490 ἐπὶ
689 1464 734 1498 τῆς
756 1463 881 1496 Παλαιᾶς

946 253 1006 290 ejus
1019 253 1198 290 theologiam.
1226 255 1285 289 Ipse
1299 259 1390 282 autem
1413 255 1475 283 inde
1496 257 1607 290 transit,
1632 256 1742 286 illorum

946 297 1031 326 furori
1047 299 1156 332 cedens,
1171 303 1198 327 et
1214 299 1336 327 absentia
1357 307 1405 327 sua
1425 300 1533 328 illorum
1548 301 1675 329 morbum
1691 302 1742 329 mi-

944 343 1024 379 tigari
1051 343 1161 372 faciens.
1195 343 1303 372 Secedit
1335 349 1428 372 autem
1455 344 1545 373 invitis
1568 346 1632 379 illis,
1656 354 1740 374 mon-

945 393 1034 416 strans
1055 392 1097 422 (ut
1110 396 1183 425 stupe
1202 388 1332 422 diximus)
1354 389 1426 426 quod
1447 397 1535 426 neque
1549 390 1578 418 in
1600 398 1679 418 cruce
1693 390 1740 418 de-

944 436 1038 461 tentus
1061 433 1163 467 fuisset,
1180 434 1232 462 nisi
1253 439 1350 470 sponte
1372 442 1401 462 se
1423 434 1590 462 tradidisset.
1606 436 1668 470 Quo
1692 442 1740 463 au-

944 481 1002 505 tem
1019 479 1160 507 concedit?
1175 490 1188 503 κ
1210 480 1299 507 Trans
1312 479 1472 513 Jordanem,
1495 479 1540 507 ubi
1555 481 1674 507 Joannes
1691 479 1739 507 ba-

945 523 1066 558 ptizavit.
1089 533 1104 549 ι»
1118 525 1179 551 Non
1201 523 1302 559 absque
1325 532 1405 551 causa
1423 532 1451 551 se
1464 523 1527 552 illuc
1541 524 1670 558 contulit,
1693 523 1741 552 sed

945 567 971 595 in
988 568 1148 596 memoriam
1164 568 1272 596 reduxit
1289 569 1459 596 multitudini
1479 577 1540 604 qua:
1561 569 1613 596 illic
1626 569 1695 596 facta
1714 574 1741 597 et

943 611 1015 640 dicta
1046 621 1061 640 a
1085 614 1191 641 Joanne
1216 613 1251 641 de
1276 621 1320 641 se.
1355 613 1435 648 Quod
1459 618 1551 641 autem
1584 613 1658 642 illius
1685 613 1740 642 illic

943 657 1112 685 conversatio
1132 657 1234 685 multos
1258 657 1430 693 lucrifeeerit,
1453 658 1544 686 subdit
1563 658 1739 692 evangelista,

943 701 1038 729 dicens
1059 711 1067 729 :
1091 713 1104 726 ι
1121 703 1155 729 Et
1169 701 1248 729 multi
1264 707 1397 730 venerunt
1411 702 1445 731 ad
1460 710 1535 736 eum,
1558 706 1585 730 et
1605 702 1741 730 recordati

943 746 1006 779 loci,
1022 746 1160 780 dicebant,
1175 746 1276 782 inquit,
1293 749 1412 775 Joannes
1426 748 1538 784 quidem
1552 747 1660 782 signum
1678 747 1741 775 fecit

942 791 1060 819 nullum.
1090 803 1103 816 ιι
1123 792 1260 819 Caeterum
1281 791 1355 827 quod
1376 792 1452 826 dicit,
1478 792 1514 819 ita
1530 799 1559 819 se
1586 792 1667 820 habet
1689 792 1739 820 :Si

942 836 981 863 illi
1001 835 1168 864 credidimus
1194 837 1240 872 qui
1254 837 1358 864 nullum
1379 845 1501 872 unquam
1527 836 1593 864 fecit
1619 837 1738 872 signum,

942 881 1029 908 multo
1048 881 1135 916 magis
1149 881 1172 908 ei
1187 882 1231 916 qui
1253 885 1297 909 tot
1315 885 1444 917 tantaque
1459 885 1586 917 operatus
1598 886 1639 909 est
1651 881 1736 916 signa.

941 925 1021 960 Quod
1041 929 1133 953 autem
1151 926 1271 953 Joannes
1290 930 1404 953 testatus
1423 926 1537 961 quidem
1556 926 1591 953 sit
1611 926 1645 953 de
1659 925 1737 953 Chri-

940 974 995 1003 sto,
1009 970 1120 1005 signum
1144 978 1208 998 vero
1228 970 1335 998 nullum
1360 969 1466 1005 fecerit,
1495 974 1523 998 et
1546 974 1656 1006 propter
1685 970 1738 998 hoc

939 1014 1065 1042 fortassis
1086 1022 1142 1041 non
1158 1018 1262 1042 tantam
1282 1014 1364 1042 ﬁdem
1384 1015 1525 1047 meruerit,
1542 1014 1672 1048 subdidit,
1693 1014 1737 1042 di-

939 1067 1003 1087 cens
1019 1068 1026 1087 :
1049 1071 1061 1083 α
1076 1059 1174 1086 Omnia
1193 1064 1287 1087 autem
1300 1067 1471 1095 quaecunque
1489 1061 1608 1087 Joannes
1622 1059 1688 1087 dixit
1701 1059 1737 1088 de

939 1104 1002 1138 hoc,
1017 1112 1079 1132 vera
1092 1107 1180 1131 erant.
1202 1116 1214 1128 ν
1230 1105 1288 1132 Non
1302 1104 1371 1132 ultra
1391 1104 1463 1131 hunc
1476 1104 1510 1132 ab
1529 1104 1586 1136 illo,
1598 1104 1646 1132 sed
1659 1104 1737 1132 illum

940 1157 972 1176 ex
983 1149 1025 1177 his
1037 1156 1098 1185 quae
1109 1149 1234 1176 Christus
1248 1148 1323 1182 fecit,
1335 1149 1444 1176 ﬁdelem
1456 1149 1605 1176 afﬁrmant.
1618 1148 1733 1185 Idcirco,

941 1206 953 1218 ιι
966 1193 1059 1227 Multi,
1069 1193 1166 1230 inquit,
1180 1194 1235 1221 illic
1249 1193 1434 1221 crediderunt.
1451 1205 1464 1217 υ
1479 1194 1602 1221 Dicendo
1617 1205 1628 1217 ι
1644 1193 1706 1227 illic,
1721 1205 1733 1218 ιι

938 1238 1027 1274 signat
1043 1238 1118 1274 quod
1138 1238 1213 1266 locus
1227 1238 1272 1266 ille
1286 1238 1355 1266 mire
1376 1237 1508 1274 profuerit
1536 1247 1543 1265 :
1565 1238 1736 1274 quandoqui-

937 1283 1001 1311 dem
1015 1287 1043 1311 et
1056 1283 1106 1310 hac
1123 1290 1205 1310 causa
1218 1282 1333 1310 subinde
1346 1283 1481 1310 Dominus
1493 1283 1626 1319 populum
1644 1282 1672 1310 in
1692 1291 1735 1311 so-

937 1327 1026 1355 litaria
1042 1328 1100 1355 loca
1114 1335 1130 1355 a
1143 1327 1340 1356 consuetudine
1355 1327 1492 1355 malorum
1508 1327 1651 1355 hominum
1670 1327 1735 1356 libe-

936 1380 1000 1400 rans
1022 1372 1123 1405 educit,
1147 1380 1201 1407 quo
1223 1372 1311 1408 magis
1325 1372 1376 1399 illis
1389 1372 1529 1407 prodesset
1551 1372 1645 1400 :sicut
1660 1376 1687 1400 et
1705 1372 1734 1400 in

936 1417 1022 1445 veteri
1047 1417 1105 1452 lege
1127 1415 1225 1444 fecisse
1247 1420 1369 1452 apparet.
1393 1416 1506 1444 Eductis
1527 1417 1600 1444 enim
1623 1417 1676 1444 illis
1700 1424 1733 1445 ex

935 1463 1063 1497 Egypto,
1085 1461 1113 1489 in
1127 1461 1274 1489 solitudine
1289 1460 1391 1497 aptavit
1411 1465 1439 1488 et
1463 1460 1594 1489 formavit
1614 1461 1667 1489 sibi
1683 1469 1732 1497 po-

66 1504 196 1540 ποιήσας
230 1504 368 1545 φαίνεται,
406 1505 541 1545 ἐξαγαγὼν
573 1505 620 1544 μὲν
651 1509 698 1542 τῆς
731 1506 877 1545 Αἰγύπτου,

955 1508 1041 1539 ιιΙιιιῐι,
1057 1505 1150 1534 dando
1165 1506 1202 1533 illi
1218 1506 1315 1541 legem.
1329 1505 1447 1533 Attende
1459 1510 1550 1533 autem
1565 1509 1593 1534 et
1608 1506 1733 1534 secessio-

69 1550 99 1579 ἐν
129 1549 228 1590 ἐρήμῳ
256 1549 284 1578 δὲ
317 1550 487 1580 διαπλάττων
514 1550 558 1580 τὸν
585 1550 649 1580 λαὸν
673 1551 718 1580 καὶ
751 1553 880 1591 ῥυθμίζων

73 1594 123 1623 διὰ
153 1597 200 1624 τοῦ
217 1594 296 1632 νόμον
322 1595 411 1624 δοῦναι
437 1596 520 1634 αὐτῷ.
548 1596 650 1625 Σκόπει
676 1595 702 1625 δὲ
729 1596 773 1624 καὶ
798 1609 880 1626 πνευ-

74 1640 205 1677 ματικῶς
230 1639 390 1678 τελουμένην
420 1639 470 1675 τὴν
487 1639 658 1680 ὑποχώρησιν
684 1643 729 1670 τοῦ
751 1641 879 1680 Χριστοῦ.

71 1683 229 1723 Ἀναχωρεῖ
247 1683 293 1722 μὲν
313 1683 364 1723 γὰρ
385 1685 416 1714 ἐκ
439 1687 492 1714 τῶν
516 1684 721 1724 Ἱεροσολύμων,
744 1686 879 1723 τουτέστι,

72 1730 123 1758 τοῦ
158 1728 306 1758 Ἰουδαῖκοῦ
335 1729 409 1758 λαοῦ
435 1730 471 1762 εἷς
495 1729 575 1758 τόπον
606 1730 633 1759 δὲ
667 1730 754 1769 πηγὰς
783 1730 879 1770 ἔχοντα

71 1772 255 1811 μεθίσταται,
272 1773 319 1808 τὴν
332 1773 357 1807 ἐξ
367 1775 445 1803 ἐθνῶν
459 1774 561 1810 δηλαδὴ
576 1774 753 1810 Ἐκκλησίαν,
768 1775 817 1810 τὴν
831 1775 879 1809 τὰς

71 1817 169 1857 πηγὰς
186 1816 301 1856 ἔχουσαν
315 1821 360 1847 τοῦ
379 1817 573 1857 βαπτίσματος.
597 1818 652 1847 Καὶ
669 1818 700 1853 δὴ
716 1819 878 1859 προσέρχον-

71 1873 119 1890 ται
136 1863 212 1902 αὐτῷ
231 1862 325 1892 πολλοὶ
339 1863 570 1902 διαπεραιούμενοι
598 1863 643 1892 τὸν
661 1862 808 1900 Ἰορδάνην,
832 1863 878 1893 καὶ

71 1905 118 1934 διὰ
149 1909 194 1935 τοῖ’)
214 1906 396 1946 βαπτίσματος
419 1907 593 1947 διερχόμενοι.
617 1906 659 1938 Τὸ
679 1906 731 1946 γὰρ
756 1921 769 1933 ι
791 1907 877 1947 πέραν

934 1559 999 1580 nem
1015 1550 1124 1583 Christi,
1139 1558 1202 1586 qua:
1216 1551 1393 1586 spiritualiter
1405 1550 1445 1578 ﬁt.
1463 1552 1534 1578 Nam
1552 1551 1655 1578 secedit
1671 1550 1732 1586 qui-

933 1596 997 1625 dem
1009 1595 1044 1623 ab
1054 1595 1264 1632 Hierosolymis,
1273 1595 1326 1623 hoc
1337 1600 1388 1628 est,
1401 1594 1516 1623 Judaico
1526 1596 1638 1631 populo,
1653 1596 1680 1623 in
1693 1595 1732 1623 lo-

935 1649 998 1669 cum
1017 1645 1110 1668 autem
1124 1639 1223 1668 transit
1242 1639 1388 1668 habentem
1405 1639 1503 1674 fontes,
1519 1640 1669 1668 Ecclesium
1690 1639 1733 1668 vi-

934 1685 1031 1714 delicet
1044 1693 1075 1713 ex
1091 1685 1226 1720 gentibus,
1246 1685 1274 1712 in
1288 1693 1341 1720 qua
1353 1684 1443 1713 fontes
1457 1685 1637 1721 baptismatis.
1652 1685 1732 1713 Unde

934 1730 1012 1758 multi
1024 1734 1196 1757 accesserunt
1206 1730 1240 1758 ad
1250 1738 1325 1763 eum,
1338 1741 1351 1753 «
1362 1729 1511 1758 Iordanem
1524 1733 1702 1763 transeuntes,
1717 1741 1730 1754 ιι

933 1774 961 1802 id
983 1778 1025 1802 est
1040 1774 1188 1809 baptisma.
1212 1775 1283 1802 Nam
1298 1774 1473 1802 transmissio
1496 1774 1625 1802 Iordanis
1649 1774 1732 1810 signi-

932 1818 994 1846 ﬁcat
1021 1818 1194 1854 baptismatis
1216 1820 1375 1846 transitum.
1392 1820 1455 1846 Non
1480 1818 1558 1846 aliter
1580 1819 1652 1846 enim
1670 1818 1732 1854 quis

932 1863 1037 1890 accedit
1058 1863 1092 1890 ad
1116 1864 1223 1898 Jesum,
1244 1867 1271 1890 et
1286 1871 1348 1890 vere
1371 1863 1400 1890 ﬁt
1415 1863 1514 1895 ﬁdelis,
1532 1863 1583 1890 nisi
1598 1863 1731 1898 baptisma

931 1911 1063 1940 transeat,
1078 1907 1152 1943 quod
1172 1915 1220 1943 per
1233 1907 1383 1935 Jordanem
1399 1907 1578 1942 signiﬁcatur.

71 1953 121 1980 τοῦ
146 1951 300 1990 Ἰορδάνου,
323 1965 334 1978 ιο
356 1955 431 1981 τοῦτο
456 1953 548 1991 δηλοῖ,
571 1951 620 1988 τὴν
645 1951 688 1981 διὰ
708 1954 755 1981 τοῦ
780 1952 965 1992 βαπτίσματος
987 1952 1057 1991 λέγω
1082 1953 1178 1982 δίοδον.
1204 1953 1263 1982 Οὐκ
1287 1951 1372 1985 ἄλλως
1397 1952 1450 1992 γάρ
1475 1964 1514 1985 τις
1534 1951 1642 1991 ἔρχεται
1665 1952 1730 1991 πρὸς

40 2019 43 2020 ν
71 1995 118 2025 τὸν
143 1995 261 2033 Ἰησοῦν,
285 1996 331 2026 καὶ
355 1997 459 2032 ἀληθῶς
479 1996 572 2030 πιστὸς
593 1995 714 2037 γίνεται,
741 1998 764 2026 εἷ
787 1997 826 2036 μὴ
842 1997 873 2027 τὸ
895 1997 1036 2037 βάπτισμα
1059 1996 1200 2034 διέλθοι,8
1221 1997 1264 2027 διὰ
1282 2000 1327 2026 τοῦ
1343 1997 1475 2037 Ἰορδάνου
1493 1997 1628 2033 δηλοῦται.

362 2105 509 2135 ΚΕΦΑΛ.
537 2104 594 2135 IA’.

78 2171 138 2202 Περὶ
149 2173 192 2200 τῆς
209 2170 325 2202 ἐγὲρσεως
346 2173 389 2195 τοῦ
404 2171 524 2203 Λαζάρου.
539 2172 599 2202 Περὶ
618 2174 659 2201 τῆς
678 2173 727 2196 τῶν
745 2171 877 2205 ἀρχιερέων

111 2208 154 2231 καὶ
177 2209 226 2230 τῶν
249 2207 392 2238 Φαρισαίων
418 2208 506 2238 βουλῆς
527 2208 581 2238 περὶ
604 2211 647 2232 τοῦ
671 2208 812 2232 ἀποκτεῖναι
836 2208 877 2232 τὸν

109 2243 215 2271 Ἰησοῦν.
250 2243 308 2275 Περὶ
322 2243 355 2267 ὧν
369 2243 434 2267 εἶπεν
452 2244 466 2267 ὁ
483 2243 604 2274 Καϊάφας.

121 2323 133 2335 ιι
154 2304 212 2340 Ἦν
227 2309 256 2339 δέ
273 2321 311 2342 τις
333 2310 448 2338 ἀσθενῶν
465 2310 603 2349 Λάζαρος,
618 2310 670 2339 ἀπὸ
688 2309 831 2346 Βηθανίας,
848 2311 878 2339 ἐκ

79 2355 125 2395 fit
152 2354 245 2391 κώμης
264 2354 372 2394 Μαρίας
389 2354 434 2383 καὶ
451 2355 564 2395 Μάρθας
583 2357 630 2390 τῆς
648 2355 760 2394 ἀδελφῆς
784 2355 874 2390 αὐτῆς.

79 2393 133 2428 ’Ἦν
158 2398 185 2428 δὲ
202 2398 296 2438 Μαρία
318 2393 342 2435 νὴ
366 2393 561 2438 ἀλείψασα-τὸν
590 2399 688 2440 Κύριον
714 2393 802 2439 μύρῳ,
831 2399 878 2428 καὶ

81 2443 221 2481 ἐκμάξασα
244 2443 305 2476 τοὺς
326 2443 408 2478 πόδας
426 2445 506 2473 αὐτοῦ
531 2449 587 2478 ταῖς
614 2443 694 2483 θριξὶν
719 2445 829 2480 ἐαυτῆς’,
846 2440 877 2480 ἧς

81 2489 94 2516 δ
120 2488 231 2527 ἀδελφὸς
262 2488 383 2528 Λάζαρος
418 2490 530 2525 ἠσθένει.
573 2488 743 2519 Ἀπέστειλαν
772 2484 816 2517 οὖν
849 2490 877 2518 αἱ

82 2532 192 2573 ἀδελφαὶ
215 2532 281 2572 πρὸς
303 2533 380 2562 αὐτὸν
399 2533 539 2571 λέγουσαι·
557 2533 656 2574 Κύριε,
679 2533 734 2569 ἴδε,
751 2532 779 2562 ὃν
796 2534 878 2573 φιλεῖς

83 2578 198 2606 ἀσθενεῖ.
216 2591 227 2603 υ
270 2577 359 2610 Μόνος
380 2577 427 2616 μὲν
443 2578 566 2614 Ἰωάννης
581 2578 627 2607 καὶ
638 2578 736 2614 ταύτης
748 2579 794 2613 τῆς
808 2580 877 2608 ἱστο-

84 2621 137 2660 ρίας
155 2622 300 2661 μέμνηται.
319 2621 462 2660 Μέμνηται
485 2623 511 2652 δὲ
529 2623 572 2652 διὰ
588 2623 619 2652 τὸ
633 2624 775 2652 παιδεῦσαι
789 2625 876 2662 ἡμᾶς,

85 2666 121 2703 μὴ
138 2667 330 2707 δυσχεραίνειν,
357 2667 402 2696 ἐάν
418 2679 457 2700 τις
475 2667 595 2696 ἀσθένεια
615 2668 724 2707 γένηται
738 2668 800 2707 περὶ
819 2667 877 2702 τοὺς

84 2711 242 2744 σπουδαίους
258 2711 304 2741 καὶ
328 2713 453 2752 θεοφιλεῖς
469 2712 582 2752 ἄνδρας,
597 2712 654 2742 ἐπεὶ
675 2713 720 2742 καὶ
741 2714 861 2753 Λάζαρος
871 2736 878 2749 ,

85 2754 118 2784 ὧν
134 2758 179 2786 τοῦ
202 2757 318 2797 Χριστοῦ
337 2757 429 2796 φίλος,
447 2757 560 2792 ἠσθένει.
604 2757 665 2797 Χρὴ
686 2758 712 2786 δὲ
733 2757 779 2786 καὶ
802 2760 879 2788 τοῦτο

88 2800 124 2837 μὴ
140 2801 244 2841 ἀγνοεῖν
255 2823 264 2838 ,
277 2801 319 2831 ὅτι
339 2801 386 2831 οὒκ
401 2798 433 2838 ἧν
449 2801 544 2842 Μαρία
559 2801 627 2838 αὕτη
651 2804 667 2838 ἡ
685 2801 818 2843 ἀλείψασα
833 2802 878 2832 τὸν

1236 2106 1362 2136 CAPUT
1383 2106 1421 2135 XI

932 2177 966 2198 De
978 2177 1131 2198 suseimtione
1144 2177 1236 2198 Lazart.
1253 2177 1374 2205 Quomodo
1388 2176 1510 2198 consilium
1524 2175 1629 2198 inierunt
1643 2179 1729 2198 summi

958 2213 1104 2238 sarci-doles,
1124 2215 1145 2234 cl
1167 2213 1286 2234 Pharisz
1303 2213 1332 2234 de
1350 2213 1474 2234 oet-Edenda
1493 2213 1596 2234 Christo.
1614 2213 1647 2233 De
1673 2218 1728 2237 pro-

959 2249 1038 2274 phetia
1053 2249 1155 2274 Caipha'.

968 2314 1057 2341 Vens.
1086 2316 1142 2341 l-3.
1161 2325 1172 2337 ι
1191 2312 1347 2349 Egrotabat
1370 2316 1461 2340 autem
1477 2313 1590 2348 quidam
1615 2313 1729 2340 nomine

934 2359 1066 2391 Lazarus,
1086 2357 1284 2390 Bethaniensis,
1302 2366 1319 2385 a
1334 2357 1444 2385 castello
1461 2357 1555 2385 Maria:
1570 2361 1597 2385 et
1613 2357 1730 2385 Martha:

933 2401 1015 2438 hujus
1032 2402 1144 2430 sororis.
1161 2402 1248 2430 Maria
1270 2406 1366 2430 autem
1384 2406 1443 2430 erat
1457 2409 1486 2429 ea
1502 2409 1564 2438 quae
1579 2401 1657 2429 unxit
1672 2403 1728 2430 Do-

932 2447 1041 2474 minum
1066 2451 1215 2483 unguento,
1248 2451 1276 2475 et
1302 2447 1415 2474 extersit
1434 2447 1515 2482 pedes
1541 2447 1599 2483 ejus
1625 2447 1730 2482 capillis

932 2493 998 2524 suis,
1037 2492 1115 2528 cujus
1149 2491 1233 2520 frater
1260 2492 1378 2520 Lazarus
1411 2492 1571 2527 aegrotabat.
1598 2492 1731 2519 Miserunt

932 2536 1016 2573 655
1039 2544 1104 2573 ergo
1125 2544 1234 2564 sorores
1257 2536 1290 2564 ad
1310 2543 1386 2571 eum,
1412 2537 1537 2564 dicentes
1565 2545 1573 2564 :
1601 2535 1730 2569 Domine,

931 2590 1004 2614 ecce,
1021 2589 1103 2618 quem
1117 2589 1194 2608 amas
1208 2585 1333 2617 aegrotat.
1353 2592 1365 2604 η
1381 2581 1460 2609 Solus
1473 2581 1583 2617 quidem
1610 2581 1730 2608 Joannes

932 2626 1013 2662 hujus
1027 2626 1061 2653 de
1076 2627 1182 2653 Lazaro
1198 2626 1325 2653 meminit
1336 2625 1468 2654 historia}.
1486 2625 1612 2653 Meminit
1625 2628 1728 2657 autem,

933 2675 963 2699 ut
983 2679 1034 2698 nos
1049 2671 1157 2698 erudiat
1179 2679 1214 2698 ne
1237 2671 1299 2706 quis
1321 2671 1454 2706 gravatim
1478 2669 1559 2703 ferat,
1583 2670 1607 2697 si
1622 2668 1686 2696 boni
1702 2672 1730 2696 et

932 2717 991 2743 Deo
1017 2715 1096 2743 amici
1122 2715 1171 2742 viri
1192 2715 1291 2742 morbo
1306 2719 1460 2747 teneantur,
1482 2714 1547 2749 quia
1562 2718 1590 2741 et
1611 2714 1732 2740 Lazarus

932 2768 996 2789 cum
1026 2764 1099 2788 esset
1123 2760 1230 2788 amicus
1253 2760 1366 2793 Christi,
1390 2759 1542 2795 asgrotavit.
1568 2759 1664 2794 Neque
1678 2757 1732 2786 hoc

932 2804 1118 2842 ignorandum
1131 2809 1183 2839 est,
1203 2804 1277 2841 quod
1289 2812 1345 2832 non
1359 2808 1419 2832 erat
1432 2803 1483 2830 ista
1497 2803 1585 2832 Maria
1600 2811 1663 2840 qua:
1677 2810 1730 2830 un-
