1910 3077
138 163 144 166 _
178 131 212 158 37
686 125 943 153 THEOPHYLACTI
961 124 1141 153 BULGARlA-I
1159 127 1317 155 ARCHIEP.
1793 131 1828 158 es

130 199 136 203 '
177 195 255 221 xerat
281 190 435 219 Dominum
467 192 609 224 unguento
638 199 652 212 ι
676 187 805 216 meretrix
827 187 850 205 ⁷³
873 199 887 212 ιι
913 195 974 224 quae,

1071 200 1125 228 ριον
1144 189 1233 229 μύρῳ,
1248 192 1265 225 ἡ
1281 190 1365 229 πόρνη
1387 192 1404 226 ἡ
1418 190 1492 228 παρὰ
1511 192 1549 231 τῷ
1566 193 1674 232 Δουκᾷ,
1690 191 1708 227 ἢ
1720 194 1737 229 ἡ
1751 191 1829 232 παρᾶ

178 236 251 273 apud
267 237 372 263 Lucam
393 234 435 261 vel
450 233 628 266 Matthzeum;
655 232 704 260 sed
728 233 788 266 alia,
804 240 859 260 non
883 240 972 260 mere-

176 282 241 314 trix,
266 280 379 308 honesta
404 282 499 306 autem
522 281 550 305 et
569 277 694 313 religiosa
717 281 745 305 et
769 277 901 305 ofﬁciosa.
925 279 973 304 Et-

176 326 250 355 enim
270 325 416 360 diligenter
439 322 616 350 ministrabat
630 326 756 358 suscepto
771 322 891 356 Christo,
905 322 976 350 sicut

174 371 296 398 Joannes
319 372 434 396 testatur
456 367 548 403 :quin
570 371 599 394 et
612 367 715 395 bonam
730 372 838 403 partem
861 367 975 403 elegisse

176 413 370 443 testimonium
389 411 481 445 habet,
504 415 535 439 ut
548 411 587 438 ait
601 412 698 439 Lucas.
723 412 763 439 Ita
784 416 875 439 autem
896 411 976 439 clarae

176 463 206 487 et
228 457 399 486 admirabiles
420 456 532 484 fuemnt
546 463 664 490 sorores,
682 459 713 483 ut
727 460 755 483 et
778 457 898 484 Lazarus
920 456 976 492 ipse

176 503 268 531 notior
290 501 376 529 factus
389 501 425 528 sit
439 508 487 536 per
501 508 555 527 eas.
581 512 593 524 α
623 502 687 528 Erat
705 500 787 535 enim,
808 501 907 536 inquit,
923 502 975 528 La-

178 555 257 575 zarus
272 545 461 574 Bethaniensis
484 553 498 573 a
513 545 625 572 castello
647 545 742 573 Mariae
763 549 790 573 et
811 545 937 573 Marthzn.
963 557 974 569 ι

178 593 270 627 Quare
295 595 388 619 autem
404 590 547 618 mittentes
570 594 712 618 accersunt
737 592 844 623 Jesum,
872 594 899 617 et
921 598 976 618 non

177 637 244 673 ipsa
265 636 387 669 veniunt,
406 635 478 662 sicut
500 647 512 659 ιι
528 635 652 662 centurio
667 638 696 662 et
715 635 805 671 regius
819 634 861 662 7"?
878 646 890 659 ιδ
907 635 977 669 Quia

175 681 329 718 plurimum
343 680 467 708 ﬁdebant
478 679 587 707 Christo
608 683 635 707 et
649 679 712 715 quia
735 680 863 707 mulieres
887 684 976 714 erant,

177 734 235 754 non
258 725 403 761 oportebat
426 732 471 752 eas
496 724 534 752 ita
558 723 635 751 facile
661 731 676 751 e
702 723 785 752 domo
801 724 936 760 progredi,
950 729 978 752 et

177 771 241 807 quia
273 770 300 797 in
324 770 398 797 luctu
424 773 510 802 erant,
534 773 727 804 occupatisque
753 769 825 796 circa
850 768 972 797 fratrem.

1027 235 1065 272 τῷ
1092 234 1238 274 Ματθαίῳ·
1256 234 1315 264 ἀλλ’
1338 235 1417 271 ἄλλη,
1435 235 1493 275 οὐχὶ
1507 235 1606 274 πόρνη,
1630 236 1698 266 ἀλλὰ
1722 237 1828 275 σεμνὴ,

1028 277 1074 306 καὶ
1090 277 1226 318 θεοφιλὴς,
1248 278 1294 308 καὶ
1309 280 1451 309 σπουδαία.
1468 281 1522 310 Καὶ
1537 280 1588 320 γὰρ
1609 282 1669 321 περὶ
1693 280 1741 316 τὴν
1758 282 1828 310 ὓπο-

1029 322 1110 362 δοχὴν
1127 323 1273 353 ἐσπούδασε
1289 326 1336 353 τοῦ
1359 325 1475 364 Χριστοῦ
1498 325 1544 354 καὶ
1564 325 1697 363 διηκόνει,
1719 327 1756 359 ὥς
1777 326 1828 355 αὗ-

1028 367 1071 401 τὸς
1109 367 1235 403 Ἰωάννης
1274 368 1373 409 προῖὼν
1415 370 1557 409 μαρτυρεῖ”
1591 369 1660 399 ἀλλὰ
1698 369 1745 399 καὶ
1779 369 1828 406 τὴν

1029 410 1130 450 ἀγαθὴν
1147 412 1241 451 μερίδα
1263 415 1436 453 μαρτυρεῖται
1451 413 1620 451 ἐκλέξασθαι,
1641 416 1677 448 ὡς
1692 416 1706 444 6
1721 415 1829 449 Λουκᾶς

1030 467 1121 496 φησιν.
1149 456 1230 487 Οὕτω
1255 457 1282 487 δὲ
1308 455 1376 494 ἦσαν
1403 457 1555 495 θαυμασταὶ
1580 459 1608 487 αἱ
1638 458 1751 499 ἀδελφαὶ
1781 460 1829 488 καὶ

1030 501 1177 540 γνώριμαι,
1201 502 1270 531 ὥστε
1294 502 1339 532 καὶ
1363 502 1407 531 τὸν
1431 503 1552 542 Λάζαρον
1574 502 1600 537 ἐξ
1615 504 1701 533 αὐτῶν
1723 505 1827 541 μᾶλλον

1030 546 1204 576 καθίστασθαι
1223 547 1364 587 γνώριμον.
1408 561 1420 574 ι
1432 542 1487 577 ’Ἦν
1502 547 1564 586 γὰρ,
1583 548 1679 588 φησὶν,
1694 550 1709 577 6
1730 549 1828 583 Λάζα-

1032 601 1074 629 ρος
1090 591 1142 620 ἀπὸ
1156 592 1287 627 Βηθανίας
1307 593 1337 620 ἐκ
1357 593 1402 627 τῆς
1425 592 1519 630 κώμης
1544 592 1651 631 Μαρίας
1670 593 1716 622 καὶ
1741 594 1827 633 Μάρ-

1032 637 1087 668 θας.
1103 649 1114 661 ιι
1158 636 1208 666 Διὰ
1221 635 1246 664 τί
1261 636 1287 665 δὲ
1303 636 1437 674 πέμπουσι
1452 637 1582 666 καλοῦσαι
1593 637 1636 666 τὸν
1647 636 1763 677 Ἰησοῦν,
1780 638 1828 668 καὶ

1031 680 1077 709 οὐκ
1098 680 1176 709 αὐταὶ
1199 680 1409 721 προσέρχονται,
1426 680 1516 721 ὥσπερ
1537 683 1550 710 6
1567 682 1758 721 ἑκατόνταρχος
1780 683 1828 712 καὶ

1031 725 1044 753 ὁ
1073 725 1225 763 βασιλικός;
1253 725 1326 767 Διοτι
1349 726 1449 766 σφόδρα
1475 726 1599 766 ἐθάρρουν
1630 728 1668 766 τῷ
1695 727 1825 767 Χριστῷ,

1030 768 1075 798 καὶ
1090 768 1131 798 ὅτι
1146 774 1267 808 γυναῖκες
1284 766 1367 807 ἦσαν,
1384 771 1428 799 καὶ
1444 771 1492 799 οὐκ
1512 771 1565 800 ἔδει
1589 770 1671 804 αὐτὰς
1686 771 1756 800 οὕτω
1773 773 1826 812 ῥᾳ-

178 816 249 843 Nam
265 814 338 850 quod
354 814 406 841 hoc
421 821 474 841 non
490 813 605 841 fecerint
619 821 652 841 ex
671 818 841 849 contemptu,
858 813 976 841 manife—

1071 826 1091 846 ›ς
1107 814 1283 855 προέρχεσθαι
1300 817 1345 843 τοῦ
1372 814 1519 852 δωματίου,
1545 814 1590 844 καὶ
1616 815 1656 844 ὅτι
1674 817 1712 855 τῷ
1734 816 1826 846 πένθει

179 864 253 887 stum
269 863 312 887 est
326 866 359 886 ex
375 859 417 886 his
439 866 501 894 quae
514 862 676 894 sequuntur.
693 860 825 893 Magnum
840 859 912 886 enim
933 859 978 886 bo~

179 912 286 937 norem,
302 907 329 931 et
348 903 486 938 pietatem,
507 907 535 930 et
548 910 662 938 precum
676 904 859 930 constantiam
875 911 932 938 prae
949 911 977 931 se

178 948 282 976 ferunt.
300 948 427 975 Dicentes
442 952 545 981 autem,
564 959 576 970 ιι
594 948 662 974 Ecce
675 955 758 983 quem
773 947 872 982 diligis,
887 955 975 983 aegro-

178 996 229 1026 tat,
244 1003 256 1016 η
272 991 308 1019 ad
326 991 531 1019 miserationem
546 991 696 1018 Dominum
712 999 823 1018 movere
837 991 976 1026 volebant,

180 1044 212 1064 eo
234 1035 308 1072 quod
333 1047 346 1060 «ι
369 1044 509 1063 memores
529 1039 607 1063 erant
626 1035 746 1063 nominis
761 1035 783 1052 τ³
806 1047 817 1060 ιι
835 1036 974 1064 amicitiae.

178 1081 307 1108 Declarat
319 1085 411 1108 autem
429 1084 457 1108 et
470 1080 552 1107 ﬁdem
563 1080 711 1115 quamdam
723 1080 839 1108 verbum
850 1081 902 1108 hcc
913 1088 974 1108 mu-

178 1125 288 1152 lierum.
316 1126 356 1152 Ita
371 1125 444 1152 enim
468 1125 583 1152 multam
600 1125 721 1152 Domino
743 1125 832 1152 inesse
846 1125 975 1152 virtutem

179 1174 376 1205 cognoverunt,
393 1174 424 1196 ut
442 1169 643 1197 admirarentur
660 1169 801 1205 quomodo
816 1169 976 1197 inﬁrmitate

179 1214 283 1242 laboret
312 1214 354 1241 vir
374 1214 407 1241 ab
432 1214 478 1241 illo
510 1214 634 1242 dilectus.
659 1214 878 1242 Admirationem
902 1214 976 1242 enim

177 1258 365 1295 quodammdo
389 1258 490 1286 habere
514 1258 633 1292 videtur,
659 1270 672 1282 ι
689 1260 768 1292 Ecce,
790 1267 873 1295 quem
887 1259 976 1294 diligis

178 1307 302 1339 aegrotat.
321 1315 333 1327 ι)

212 1399 304 1425 Vens.
320 1399 380 1424 4-6.
396 1408 409 1421 ιι
420 1397 540 1426 Audiens
553 1401 645 1424 autem
654 1397 744 1430 Iesus,
754 1397 823 1424 dixit
835 1406 841 1424 :
859 1397 977 1424 Inﬁrmi-

178 1445 221 1470 tas
235 1441 294 1469 hanc
308 1449 363 1469 non
388 1445 430 1468 est
444 1440 480 1468 ad
495 1445 625 1474 mortem,
641 1441 688 1469 sed
703 1449 752 1476 pro
765 1441 848 1477 gloria
864 1441 926 1475 Dei,
946 1445 977 1469 ut

1032 858 1202 898 κατείχοντο,
1224 860 1269 888 καὶ
1295 860 1458 898 ἠσχολοῦντο
1479 860 1540 899 περὶ
1558 859 1601 889 τὸν
1618 860 1742 900 ἀδελφόν.
1759 860 1827 891 οὈτι

1032 902 1084 942 γὰρ
1099 904 1146 932 οὐκ
1171 903 1223 933 ἀπὸ
1245 903 1464 943 καταφρονήσεως
1482 906 1558 933 τοῦτο
1579 904 1757 941 πεποιήκασι,
1775 908 1827 941 δῆ-

1031 947 1075 976 λον
1096 949 1126 976 ἐκ
1149 949 1200 976 τῶν
1226 948 1294 984 μετὰ
1319 950 1420 977 ταῦτα’
1437 948 1538 984 πολλὴν
1553 949 1604 988 γὰρ
1620 948 1666 984 τὴν
1683 949 1765 988 τιμὴν
1781 951 1829 980 καὶ

1029 990 1058 1020 τὸ
1091 991 1172 1026 σέϐας
1198 992 1389 1022 ἐπιδείκνυνται
1418 993 1463 1022 καὶ
1490 993 1536 1029 τὴν
1563 993 1652 1029 δέησιν
1686 994 1826 1032 ἐπίμονον.

1029 1036 1068 1066 Τὸ
1092 1036 1135 1073 δὲ,
1165 1051 1177 1064 κ
1199 1035 1256 1067 Ἴδε
1282 1036 1310 1066 ὃν
1333 1039 1433 1076 φιλεῖς,
1460 1052 1471 1063 ιι
1499 1039 1624 1076 λέγουσι,
1651 1038 1715 1077 πρὸς
1738 1034 1829 1069 οἶκτον

1029 1081 1229 1111 ἐπισπάσασθαι
1256 1081 1413 1122 βουλόμεναι
1429 1082 1472 1111 τὸν
1494 1082 1589 1122 Κύριον
1601 1105 1608 1118 ,
1629 1082 1672 1111 διὰ
1693 1085 1739 1112 τοῦ
1756 1085 1830 1113 ὓπο-
1847 1114 1855 1119 _

1030 1128 1130 1162 μνῆσαι
1160 1126 1239 1156 αὐτὸν
1263 1129 1309 1156 τοῦ
1339 1129 1386 1162 τῆς
1409 1127 1497 1167 φιλίας
1522 1127 1659 1165 ὀνόματος.
1682 1126 1830 1167 Ἐμφαίνει

1030 1169 1059 1198 δέ
1084 1182 1142 1199 τινα
1168 1170 1214 1200 καὶ
1236 1171 1325 1200 πίστιν
1349 1174 1426 1200 τοῦτο
1451 1172 1480 1200 τὸ
1496 1173 1571 1211 ῥῆμα
1600 1173 1651 1200 τῶν
1679 1175 1826 1210 γυναικῶν,

1030 1213 1111 1243 Οὕτω
1125 1214 1177 1254 γὰρ
1192 1215 1290 1255 ᾔδεσαν
1312 1214 1414 1250 πολλὴν
1438 1217 1476 1256 ’τῷ
1493 1215 1583 1256 Κυρίῳ
1597 1216 1728 1254 περιεῖναι
1747 1217 1830 1246 δύνα-

1030 1270 1089 1296 μιν,
1114 1261 1182 1289 ὥστε
1211 1260 1375 1298 θαυμάζειν,
1402 1258 1441 1289 ὅτι
1468 1260 1557 1299 ἥψατο
1586 1261 1706 1290 ἀσθένεια
1735 1262 1833 1300 ἀνδρὸς

1029 1304 1186 1342 φιλουμένου
1201 1304 1267 1343 παρ’
1283 1305 1371 1333 αὐτοῦ.
1395 1304 1588 1342 Θαυμαστικὸν
1603 1304 1655 1345 γοίρ
1679 1317 1735 1339 πως
1759 1301 1831 1336 εἶναι

1029 1347 1161 1386 δοκεῖτὸ,
1177 1362 1188 1374 ιι
1205 1347 1260 1378 Ἴδε
1273 1371 1281 1384 ,
1300 1348 1327 1378 ὃν
1343 1349 1426 1388 φιλεῖς
1443 1351 1554 1378 ἀσθενεῖ.
1571 1363 1582 1374 π

1071 1405 1082 1418 α
1095 1392 1222 1426 Ἀκούσας
1241 1392 1267 1421 δὲ
1280 1394 1294 1421 6
1306 1392 1409 1428 Ἰησοῦς
1425 1389 1496 1422 εἶπεν
1505 1405 1512 1412 ”
1523 1392 1600 1428 Αὕτη
1614 1395 1630 1429 ἠ
1644 1393 1767 1423 ἀσθένεια
1781 1397 1831 1425 οὐκ

1030 1436 1088 1466 ἔστι
1104 1436 1167 1476 πρὸς
1186 1437 1311 1474 θάνατον,
1337 1438 1394 1466 ἀλλ’
1417 1438 1483 1477 ὑπὲρ
1505 1439 1552 1472 τῆς
1573 1437 1648 1473 δόξης
1667 1440 1712 1466 τοῦ
1737 1440 1831 1479 Θεοῦ,

177 1486 342 1522 gloriﬁcetur
365 1486 448 1513 Filius
473 1485 524 1513 Dei
550 1493 598 1521 per
622 1494 694 1513 eam.
722 1485 860 1521 Diligebat
884 1491 974 1514 autem

1071 1481 1201 1522 [δοξασθῇ
1218 1483 1232 1510 ὃ
1257 1483 1320 1516 Υἱὸς
1343 1484 1388 1510 τοῦ
1405 1483 1475 1512 Θεοῦ
1500 1483 1533 1511 δι’
1549 1483 1640 1517 αὐτῆς.
1662 1482 1775 1521 Ἦγοίπα
1802 1485 1831 1515 δὲ

177 1532 258 1558 Jesus
268 1531 417 1563 Martham,
425 1534 583 1557 etsororem
595 1530 663 1566 ejus,
675 1534 701 1557 et
710 1531 855 1558 Lazarum.
866 1532 903 1558 Ut
912 1539 976 1566 ergo

177 1575 283 1602 audivit
293 1575 365 1610 quod
376 1578 530 1609 aegrotaret,
542 1578 602 1602 tum
611 1574 721 1610 quidem
733 1575 868 1610 temporis
879 1576 978 1603 mansit

177 1619 205 1646 in
220 1618 319 1646 eodem
335 1619 393 1646 loco
409 1619 518 1646 duobus
533 1619 640 1646 diebus.
659 1630 670 1642 ι»
683 1620 821 1654 Quoniam
834 1620 887 1648 illic
897 1628 974 1647 man-

175 1671 259 1692 surus
281 1667 338 1691 erat
359 1663 467 1691 duobus
482 1663 588 1697 diebus,
604 1664 663 1699 ejus
677 1664 763 1699 gratia
779 1664 865 1699 inquit
880 1675 886 1692 :
903 1675 914 1688 ι-
930 1666 974 1692 ln-

176 1708 292 1736 ﬁrmitas
307 1707 366 1736 hare
396 1716 453 1736 non
468 1712 510 1735 est
531 1708 566 1736 ad
587 1713 715 1742 mortem,
735 1720 746 1732 υ
767 1708 890 1744 quamvis
903 1713 976 1737 esset

175 1753 211 1780 ad
239 1757 368 1780 mortem.
395 1752 459 1786 Sed,
475 1752 550 1788 quod
564 1752 698 1786 dicebam,
722 1753 835 1781 nuntios
855 1757 919 1782 tunc
941 1755 974 1782 ad

176 1797 336 1824 sublimiora
357 1797 466 1824 trahere
480 1797 589 1831 volens,
602 1801 629 1824 et
658 1797 741 1824 veluti
759 1798 974 1827 consolationem

174 1841 324 1878 quamdam
334 1841 464 1875 afferens,
479 1849 513 1869 ne
527 1841 650 1877 urgendo
657 1842 766 1870 molesti
779 1847 880 1876 essent,
893 1843 975 1880 hujus

173 1886 260 1922 gratia
276 1886 366 1922 inquit
382 1896 389 1914 :
405 1898 418 1911 α
432 1888 493 1914 Non
509 1886 594 1914 estad
607 1890 735 1914 mortem.
753 1897 765 1911 ι
783 1887 818 1915 Et
830 1888 909 1915 aliter
924 1897 931 1916 :
947 1889 974 1916 Si

173 1931 242 1959 bene
256 1931 478 1965 consideraveris,
498 1939 588 1967 neque
602 1931 636 1958 ad
649 1936 769 1959 mortem
782 1931 835 1959 fuit
856 1932 972 1960 inﬁrmi-

172 1980 224 2009 tas,
248 1984 301 2012 qua
325 1975 480 2003 moriuntur
501 1975 593 2009 multi,
609 1975 769 2003 diuturnam
790 1976 903 2010 scilicet,
927 1977 973 2005 sed

172 2020 355 2055 temporalem
380 2024 408 2047 et
436 2020 655 2055 quatriduauam.
682 2021 752 2048 Nam
777 2021 839 2056 quia
856 2021 975 2048 surrexit

172 2064 383 2100 quatriduanus,
403 2064 437 2092 ad
450 2064 533 2092 ﬁnem
547 2069 704 2100 spectantes
718 2065 768 2098 rei,
790 2065 908 2092 dicimus
921 2073 974 2093 non

172 2116 233 2137 esse
249 2121 262 2133 α
277 2109 313 2137 ad
335 2113 457 2137 m0rtem
474 2121 486 2134 ν
502 2110 705 2143 infirmitatem,
728 2121 740 2133 ει
757 2109 805 2137 sed
826 2117 875 2145 pro
889 2110 974 2145 gloria

1031 1526 1082 1555 ὁἸ
1135 1526 1288 1556 ““Μ’
1433 1525 1439 1535 “
1546 1527 1571 1536 ’“
1627 1526 1633 1536 “
1693 1528 1738 1538 ’⁸
1822 1530 1828 1540 “

1085 1538 1163 1562 ησους
1177 1539 1225 1562 την
1273 1530 1372 1566 αρθαν,
1398 1538 1443 1556 και
1466 1525 1515 1562 τὴν
1540 1528 1654 1567 αοελφην
1670 1540 1768 1565 αυτης,
1784 1541 1832 1559 και

1031 1570 1074 1600 τὸν
1102 1572 1236 1612 Λάζαρον.
1266 1571 1316 1604 Ὡς
1339 1567 1383 1600 οῦν
1411 1571 1540 1607 ἤκουσεν,
1569 1571 1610 1600 ὅτι
1637 1573 1754 1608 ἀσθενεῖ,
1770 1577 1832 1603 τότε

1032 1615 1079 1652 μὲν
1096 1615 1197 1654 ἔμεινεν
1214 1618 1240 1645 ἐν
1266 1612 1287 1656 ᾧ
1308 1612 1340 1652 ἦν
1364 1616 1455 1656 τόπῳ,
1472 1616 1517 1645 δύο
1533 1617 1641 1656 ἡμέρας.
1659 1631 1671 1643 ι·
1714 1617 1831 1654 Ἐπειδὴ

1031 1659 1140 1698 ἔμελλεν
1176 1661 1231 1689 ἐκεῖ
1265 1662 1352 1698 μεῖναι
1387 1660 1488 1700 ἡμέρας
1521 1660 1581 1697 δύο,
1609 1660 1702 1690 τούτου
1738 1662 1831 1693 ἕνεκέν

1030 1715 1125 1744 φησιν,
1149 1703 1190 1733 ὅτι
1211 1719 1222 1732 ιι
1240 1706 1298 1734 Οὐκ
1319 1704 1389 1734 ἔστιν
1404 1707 1421 1740 ἡ
1443 1704 1562 1734 ἀσθένεια
1578 1705 1643 1744 πρὸς
1669 1706 1803 1746 θάνατον,
1819 1723 1830 1734 ι

1030 1749 1116 1778 καίτοι
1132 1748 1197 1788 πρὸς
1219 1750 1330 1778 θάνατον
1353 1749 1468 1789 γέγονεν·
1489 1751 1556 1786 ἀλλ’,
1574 1749 1638 1789 ὅπερ
1663 1750 1742 1790 ἔφην,
1762 1751 1831 1786 τέως

1031 1793 1192 1834 μετεωρίσαι
1222 1794 1304 1823 θέλων
1340 1794 1401 1828 τοὺς
1426 1793 1557 1832 μηνυτὰς,
1583 1795 1629 1824 καὶ
1660 1795 1739 1824 οἱονεί
1769 1809 1831 1826 τινα

1029 1838 1200 1879 παραμυθίαν
1229 1839 1315 1872 αὐτοῖς
1344 1838 1444 1874 διδοὺς,
1472 1840 1507 1872 ὡς
1537 1838 1568 1868 ἂν
1604 1839 1642 1878 μὴ
1678 1840 1831 1879 ἐγκείμενοι

1030 1884 1181 1923 ἐνοχλοῖεν,
1209 1883 1301 1912 τούτου
1322 1883 1394 1913 ἕνεκέ
1418 1895 1508 1924 φησιν,
1525 1882 1564 1912 ὅτι
1578 1897 1591 1910 α
1612 1885 1671 1914 Οὐκ
1688 1884 1745 1914 ἔστι
1764 1887 1831 1925 πρὸς

1030 1928 1152 1958 θάνατον.
1176 1941 1188 1953 ι»
1229 1927 1330 1960 Ἄλλως
1349 1940 1387 1964 τε,
1415 1929 1446 1958 Ιὲί
1472 1929 1558 1962 καλῶς
1580 1928 1742 1967 σκοπήσεις,
1768 1931 1830 1960 οὐδὲ

1029 1971 1093 2012 πρὸς
1121 1972 1231 2001 θάνατον
1258 1968 1288 2008 ἧν
1311 1975 1328 2007 ἡ
1362 1972 1497 2013 ἀρρωστία
1524 1977 1658 2011 τοιοῦτον,
1686 1969 1739 2003 οἷον
1766 1975 1830 2012 Θνή-

1030 2027 1137 2046 σκουσιν
1151 2018 1174 2045 οἱ
1200 2016 1293 2046 πολλοὶ
1314 2017 1523 2056 μακροχρόνιον,
1552 2017 1622 2046 ἀλλὰ
1645 2018 1829 2058 πρόσκαιρον,

1030 2061 1075 2090 καὶ
1104 2061 1168 2100 πρὸς
1201 2060 1333 2101 τέσσαρας
1365 2062 1465 2101 ἡμέρας
1502 2062 1645 2092 συστάντα,
1693 2062 1772 2092 Ἰἰπεὶ
1801 2065 1828 2094 δὲ

1030 2105 1126 2141 ἀνέστη
1151 2105 1347 2145 τετραήμερος,
1374 2107 1437 2146 πρὸς
1461 2106 1492 2136 τὸ
1523 2107 1605 2146 πέρας
1632 2108 1744 2146 ὁρῶντες
1778 2112 1828 2139 τοῦ

172 2153 236 2188 Dei,
261 2157 292 2181 ut
314 2153 479 2189 gloriﬁcetur
492 2154 577 2182 Filius
601 2154 660 2181 Dei.
680 2165 693 2178 ιι
709 2154 793 2182 Vides
808 2162 891 2182 unam
913 2162 970 2182 esse

1071 2150 1196 2188 ἱγματος,
1212 2151 1323 2189 λέγομεν
1340 2151 1377 2188 μὴ
1403 2147 1470 2180 εἶναι
1495 2164 1506 2176 κ
1522 2151 1587 2190 πρὸς
1598 2151 1709 2180 θάνατον
1727 2165 1740 2177 ι
1777 2153 1828 2189 τὴν

171 2198 285 2234 gloriam
297 2198 384 2226 Patris
394 2203 420 2226 et
430 2199 507 2227 Filii?
527 2207 590 2226 cum
602 2199 673 2226 enim
685 2198 808 2232 dixisset,
822 2209 834 2224 (ι
849 2207 898 2234 pro
914 2198 971 2234 glo-

171 2243 210 2270 ria
220 2243 278 2277 Dei,
291 2254 302 2266 ιι
311 2243 446 2277 subdidit,
455 2255 468 2267 ι
476 2248 505 2271 ut
513 2243 678 2279 gloriﬁcetur
685 2243 769 2270 Filius
778 2243 836 2270 Dei.
848 2255 859 2266 ιι
873 2244 969 2279 Itaque

169 2288 256 2324 gloria
270 2288 332 2322 Dei,
358 2288 448 2315 Patris
471 2288 543 2321 dico,
566 2288 595 2314 in
618 2287 693 2315 nullo
711 2287 798 2322 656
815 2288 904 2324 major
928 2292 971 2315 est

169 2340 251 2369 quam
265 2332 335 2360 Filii.
353 2334 429 2360 Deus
444 2333 526 2368 igitur
537 2337 578 2359 est
592 2335 618 2359 et
641 2332 732 2363 Filius,
752 2332 823 2359 sicut
837 2337 864 2360 et
878 2334 967 2366 Pater,

168 2377 278 2414 prOprie
292 2386 325 2406 ac
339 2385 412 2405 vere.
425 2378 497 2404 Nam
513 2385 576 2404 cum
591 2385 643 2404 una
661 2376 747 2411 gloria
763 2377 846 2404 etiam
860 2386 911 2405 uua
927 2382 969 2405 est

168 2422 328 2450 substantia.
354 2422 491 2456 Quocirca
511 2421 716 2449 confundantur
737 2425 764 2448 et
778 2430 810 2449 ex
832 2422 885 2450 hoc
907 2422 967 2450 loco

167 2467 273 2494 Ariani.
287 2466 411 2494 Verbum
423 2470 526 2499 autem,
543 2478 555 2490 «
578 2470 607 2493 ut
621 2465 797 2501 glorilicetur,
812 2477 826 2490 ι
840 2474 873 2494 ne
890 2471 968 2502 putes

167 2518 258 2538 causae
268 2510 490 2546 signiﬁcativum,
500 2510 548 2538 sed
559 2514 672 2538 eventus
680 2514 707 2538 et
719 2509 843 2545 etTectus,
854 2515 884 2539 ut
894 2519 967 2546 saepe

165 2555 296 2583 diximus.
313 2555 376 2582 Non
390 2554 467 2582 enim
491 2559 522 2582 ut
536 2554 704 2591 gloriﬁcetur
719 2556 804 2590 Deus,
822 2560 965 2591 propterea

164 2599 308 2635 tegrotavit
323 2600 452 2633 Lazarus,
468 2599 518 2627 sed
533 2600 583 2627 alia
599 2599 717 2635 quadam
732 2600 766 2627 de
787 2608 867 2628 causa
888 2600 966 2628 inﬁr-

164 2644 246 2672 mitas
259 2643 385 2679 accessit,
401 2651 453 2679 qua
469 2648 562 2672 tamen
577 2644 712 2672 Dominus
727 2645 755 2671 in
775 2644 892 2680 gloriam
914 2645 964 2673 Dei

163 2697 229 2717 usus
248 2693 299 2717 est.
319 2700 332 2712 ιι
359 2689 460 2717 Mansit
474 2693 566 2717 autem
588 2689 683 2717 diebus
710 2688 829 2723 duobus,
847 2701 860 2714 ιν
876 2689 964 2718 donec

196 2780 218 2798 ⁷³
233 2782 299 2809 Luc.
316 2789 372 2816 vn,
391 2784 436 2810 37.
474 2781 496 2798 τι
511 2781 608 2810 Matth.
625 2789 696 2814 vm,
711 2783 738 2809 5.

1026 2195 1179 2231 ἀσθένειαν,
1204 2209 1215 2220 ιι
1241 2195 1301 2224 ἀλλ’
1316 2195 1381 2235 ὑπὲρ
1396 2198 1442 2230 τῆς
1459 2195 1532 2231 δόξης
1544 2217 1552 2231 ,
1569 2195 1651 2235 φησὶ,
1674 2198 1719 2225 τοῦ
1736 2198 1825 2234 Θεοῦ,

1024 2242 1067 2268 ἱνα
1090 2239 1204 2279 δοξασθῇ
1231 2241 1245 2268 6
1270 2241 1331 2274 Υἱὸς
1361 2243 1406 2269 τοῦ
1423 2241 1504 2270 Θεοῦ.
1536 2254 1547 2266 ι
1574 2240 1656 2280 Ὁρᾷς
1682 2241 1746 2279 μίαν
1774 2243 1825 2278 τὴν

1024 2284 1100 2317 δόξαν
1116 2287 1160 2313 τοῦ
1179 2284 1285 2324 Harpe;
1301 2284 1347 2313 καὶ
1367 2287 1411 2313 τοῦ
1437 2285 1520 2322 Υἱοῦ;
1539 2284 1630 2314 Εἰπὼν
1646 2285 1709 2323 γὰρ,
1726 2300 1738 2311 ιι
1755 2287 1824 2326 ὑπὲρ

1024 2330 1070 2364 τῆς
1097 2329 1172 2365 δόξης
1197 2332 1241 2358 τοῦ
1269 2330 1351 2365 Θεοῦ,
1369 2342 1380 2355 λι
1403 2329 1536 2368 ἐπήγαγε·
1555 2343 1566 2356 ιι
1584 2327 1643 2359 Ἵνα
1671 2329 1786 2370 δοξασθῇ
1813 2334 1826 2361 ὁ

1024 2373 1086 2406 Υἱὸς
1110 2376 1153 2403 τοῦ
1172 2374 1251 2403 Θεοῦ.
1270 2387 1281 2400 -
1325 2373 1542 2412 ’Λπαράλλακτος
1565 2375 1614 2413 γὰρ
1639 2377 1656 2410 ἡ
1682 2377 1729 2403 τοῦ
1750 2377 1826 2405 Θεοῦ

1023 2417 1096 2455 δόξα,
1127 2421 1172 2447 τοῦ
1201 2418 1308 2457 Πατρὸς
1333 2418 1364 2454 δὴ
1389 2418 1474 2457 λέγω,
1504 2418 1570 2457 πρὸς
1594 2418 1642 2454 τὴν
1673 2421 1717 2447 τοῦ
1741 2421 1822 2450 Υἱοῦ.

1022 2463 1090 2496 Θεὸς
1106 2464 1157 2502 ἄρα
1172 2463 1217 2491 καὶ
1233 2465 1246 2491 ὁ
1263 2463 1334 2498 Υἱὸς,
1350 2464 1385 2495 ὡς
1409 2464 1422 2491 6
1438 2462 1548 2502 Πατὴρ,
1569 2463 1665 2502 κυρίως
1687 2464 1732 2492 καὶ
1749 2465 1823 2500 ἀλη-

1023 2508 1081 2540 θῶς.
1097 2502 1148 2536 ’Ὧν
1172 2507 1255 2546 γὰρὴ
1279 2507 1339 2540 δόξα
1360 2507 1422 2545 μία,
1440 2507 1485 2536 καὶ
1500 2511 1516 2543 ἡ
1540 2508 1615 2537 οὐσία
1632 2509 1690 2545 μία.
1711 2510 1823 2549 Αἰσχυ-

1022 2554 1156 2580 νέσθωσαν
1174 2552 1258 2580 τοίνυν
1285 2553 1423 2580 κάντεῦθεν
1440 2552 1579 2591 Ἀρειανοί.
1597 2553 1637 2582 Τὸ
1653 2552 1698 2588 δὲ,
1727 2567 1738 2579 ιι
1757 2552 1820 2584 Ἵνα

1022 2595 1152 2634 δοξασθῇ,
1172 2610 1183 2622 ιι
1205 2595 1242 2634 μὴ
1258 2597 1434 2635 αἰτιολογικὸν
1449 2597 1564 2635 νοήσῃς,
1582 2597 1651 2626 ἀλλὰ
1669 2598 1716 2631 τῆς
1736 2598 1820 2627 ἐκεά-

1022 2652 1086 2674 σεως
1107 2641 1152 2670 καὶ
1178 2643 1222 2669 τοῦ
1244 2641 1470 2680 ἀποτελέσματος,
1493 2644 1528 2674 ὡς
1549 2642 1678 2674 πολλάκις
1698 2641 1820 2681 εἴπομεν.

1018 2687 1060 2716 Οὐ
1076 2684 1125 2725 γὰρ
1140 2684 1183 2714 ἵνα
1208 2685 1319 2725 δοξασθῇ
1336 2688 1348 2715 ὁ
1369 2686 1455 2723 Θεὸς,
1478 2686 1519 2715 διὰ
1542 2689 1618 2715 τοῦτο
1641 2686 1789 2723 ἠσθένησεν
1805 2689 1819 2716 ὃ

776 2781 798 2799 ⁷⁵
812 2781 883 2810 Psal.
898 2790 984 2816 χειν,
999 2786 1047 2815 78;
1064 2781 1172 2816 Iudith,
1187 2789 1256 2815 sui,
1273 2785 1318 2810 25.
