1910 3077
71 175 111 202 89
471 171 667 200 ENARRATIO
687 172 720 199 IN
740 170 954 199 EVANGELIUM
973 171 1122 200 JOANNIS.
1138 188 1171 193 —
1192 173 1266 201 CAP.
1287 174 1330 202 XI.
1687 178 1721 204 90

69 237 209 276 Λάζαρος·
236 234 306 265 ἀλλὰ
325 233 422 271 συνέϐη
448 234 496 274 μὲν
521 235 647 274 ἑτέρωθεν
669 236 686 270 ἡ
709 233 844 275 ἆρῤωστία

943 235 1074 271 xspiraret
1105 239 1133 263 et
1160 235 1335 271 sepeliretur;
1369 244 1404 264 ne
1437 237 1496 272 quis
1519 237 1609 266 dicere
1634 239 1722 273 possit

69 281 207 322 ἐχρήσατο
219 280 247 310 δὲ
263 282 276 309 ὁ
291 279 388 319 Κύριος
402 281 468 319 αὐτῇ
485 280 520 312 εἷς
536 279 612 313 δόξαν
629 282 710 310 Θεοῦ.
729 293 740 306 ι
758 278 869 316 Ἔμεινε

71 326 102 356 δὲ
123 326 224 366 ἡμέρας
251 325 313 362 δύο,
326 339 339 366 in
365 324 409 353 ἵνα
429 325 564 365 ἀποψύξῃ·
582 325 625 354 ἵνα
651 324 741 362 μηδεὶς
757 324 807 363 ἔχῃ
830 324 870 353 λέ-

71 382 129 410 γειν
139 393 146 407 ,
161 370 201 400 ὅτι
222 370 303 410 κάρος
323 365 368 405 ἦν,
384 369 425 399 ὅτι
438 369 543 403 ἔκλυσις
558 366 590 406 ἦν
600 392 608 406 ,
625 369 666 399 δτι
679 369 792 408 κάτοχος
809 368 870 408 ἦγέ-

70 427 146 453 νετο,
161 415 207 445 καὶ
224 416 271 444 οὒκ
286 414 410 444 ἀπέθανε.
422 414 475 444 Διὰ
491 417 569 444 τοῦτο
582 415 627 444 καὶ
639 414 734 454 χρόνον
745 411 870 443 τοσοῦτον

71 461 165 499 μένει,
191 460 261 489 ὥστε
287 459 333 488 καὶ
357 459 456 500 φθορὰν
480 460 616 499 γενέσθαι,
640 459 686 488 καὶ
711 459 794 489 εἰπεῖν
821 459 870 495 τὴν

70 505 201 545 ἀδελφὴν,
214 504 254 534 δτι
269 519 281 531 .
297 504 362 538 ὄζει.
376 518 388 530 .

109 564 123 577 ι
146 550 263 579 Ἔπειτα
282 549 350 585 μετὰ
374 552 450 579 τοῦτο
467 549 536 588 λέγει
554 553 606 582 τοῖς
621 551 768 586 μαθηταῖς*
784 548 870 588 Ἀγωο

70 607 121 631 μεν
141 597 177 628 εἷς
197 594 246 630 τὴν
267 593 399 623 Ἰουδαίαν
423 594 514 624 πάλιν.
532 593 660 633 Λέγουσιν
683 595 754 633 αὖτῷ
770 595 793 623 οἱ
813 606 868 631 μα-

68 640 166 674 θηταί·
179 639 309 674 ’1)αϐεεὶ,
334 641 378 667 ν’ὔν
396 639 503 673 ἐζήτουν
522 650 551 668 σε
571 639 595 668 οἱ
607 638 730 668 Ἰουδαῖοι
743 638 868 676 λιθάσαι,

68 684 116 713 καὶ
139 685 223 714 πάλιν
239 683 347 722 ὑπάγεις
371 684 439 719 EXEI;
459 683 599 723 Ἀπεκρίθη
621 685 635 712 6
658 683 774 719 Ἰησοῦς·
797 683 868 722 Οὐχὶ

67 729 176 758 δώδεκα
191 724 260 768 ὧραί
283 731 333 758 εἰσι
353 730 402 762 τῆς
415 728 532 767 ἡμέρας,
549 728 616 758 Ἐάν
635 739 674 761 τις
690 730 824 768 περιπατῇ
841 730 868 756 ἐν

67 776 102 813 τῇ
118 774 225 814 ἡμέρα,
252 774 282 803 οὐ
306 773 487 811 προσκόπτει,
508 772 549 802 ὅτι
573 772 604 802 τὸ
628 774 681 812 φῶς
705 775 751 802 τοῦ
766 773 867 810 κόσμου

66 818 164 848 τούτου
186 818 290 858 βλέπει.
308 817 371 847 Ἐὰν
394 818 422 847 δέ
445 829 485 851 τις
506 819 640 857 περιπατῇ
664 819 690 847 ἐν
769 818 866 854 νυκτὶ,

66 863 252 902 προσκόπτει,
272 862 312 892 δτι
327 862 357 891 τὸ
370 865 424 902 φῶς
439 864 486 892 οὐκ
511 863 581 892 ιστιν
596 863 622 891 ἐν
640 863 722 902 αὐτῷ,
740 876 751 888 ι
774 863 866 891 Οὐδα-

67 910 118 946 μοῦ
135 907 184 945 μὲν
201 909 321 947 ἀλλαχοῦ
343 910 483 946 προεῖπεν,
498 909 564 936 ὅπου
585 907 676 945 μέλλει
692 908 866 946 πορεύεσθκι,

68 953 184 982 ἐνταῦθα
211 952 237 982 δὲ
255 952 332 989 μόνον
357 952 479 991 φαίνεται
504 952 659 992 προλέγων,
685 951 778 986 ἐπειδὴ
807 953 864 981 ἐδε-

67 997 204 1027 δοίκεισαν
229 997 331 1036 σφόδρα
356 997 380 1026 οἱ
405 997 524 1033 μαθηταὶ
548 997 577 1026 τὸ
600 997 636 1029 εἰς
661 996 710 1032 τὴν
733 996 866 1026 Ἰουδαίαν

68 1043 207 1072 ἆπλθεῖν.
222 1041 274 1072 Διὰ
296 1043 374 1070 τοῦτο
389 1037 434 1070 οὖν
447 1041 587 1080 προλέγει,
603 1040 648 1069 ἵνα
670 1041 707 1079 μὴ
721 1043 759 1081 τῷ
781 1042 868 1080 ἀθρόῳ

67 1087 301 1126 διαταραχϐῶσιν,
320 1086 443 1126 ἐξαίφνης
465 1087 628 1125 ἐπαγόμενοι
653 1087 688 1119 εἷς
703 1086 808 1126 χώραν,
834 1086 867 1122 ἣν

66 1131 258 1162 ἐδεδοίκεισαν.
283 1131 365 1161 Ἐπεὶ
388 1126 432 1160 οὖν
454 1130 599 1170 ἐφοϐοῦντο
621 1130 667 1160 καὶ
691 1131 758 1170 ὑπὲρ
785 1132 866 1160 αὐτοῦ

67 1175 115 1214 μὲν
147 1176 240 1215 (οὔπω
274 1176 326 1215 γὰρ
359 1175 463 1205 τελείαν
493 1176 540 1211 τὴν
566 1175 627 1214 περὶ
654 1177 734 1205 αὐτοῦ
770 1177 866 1214 γνῶσιν

66 1215 140 1260 εἶχον
151 1222 173 1258 ),
196 1220 227 1250 τὸ
242 1220 270 1250 δὲ
286 1220 365 1249 πλέον
382 1219 447 1259 ὑπὲρ
471 1221 588 1258 ἑαυτῶν,
605 1220 696 1260 φασὶν,
717 1219 757 1249 ὅτι
781 1234 793 1247 ι
812 1222 866 1250 Νῦν

67 1266 177 1300 ἐζήτουν
204 1277 234 1294 σε
251 1266 275 1294 οἱ
298 1265 420 1295 Ἰουδαῖοι
443 1265 568 1301 λιθάσαι,
591 1265 636 1293 καὶ
651 1265 733 1294 πάλιν
755 1265 867 1304 ὑπάγεις

66 1311 140 1346 312i;
161 1324 172 1335 ι
193 1309 228 1340 Ὀ
251 1309 278 1339 δὲ
301 1309 499 1350 παραθαρῤύνει
517 1308 627 1346 αὐτοὺς,
649 1309 694 1338 καί
715 1322 808 1350 φησιν,
825 1311 865 1340 ὅτι

64 1353 176 1394 Ὥσπερ
188 1356 202 1384 6
213 1355 242 1384 τὸ
257 1356 312 1394 φῶς
329 1355 432 1394 βλέπων
450 1356 479 1384 οὖ
491 1354 662 1394 προσπταίει,
680 1357 694 1384 6
706 1355 733 1384 δὲ
749 1357 776 1384 ἐν
792 1355 866 1385 νυκτὶ

67 1402 242 1440 περιπατῶν,
268 1401 365 1432 ἐκεῖνος
393 1399 575 1439 προσκόπτει·
605 1399 688 1432 οὕτως
715 1401 729 1428 6
755 1399 803 1437 μὲν
835 1401 866 1431 τὸ

66 1444 167 1482 ἀγαθὸν
191 1445 272 1473 ποιῶν
285 1466 293 1481 ,
316 1444 361 1473 καὶ
385 1444 412 1472 ἐν
433 1447 568 1479 φωτεινοῖς
584 1443 672 1484 ἔργοις
687 1446 842 1484 περιπατῶν
856 1467 865 1482 ,

66 1489 141 1518 οὐδὲν
171 1489 291 1518 πείσεται
316 1489 415 1517 δεινόν·
447 1490 460 1517 6
493 1489 521 1518 δὲ
552 1489 586 1517 τὰ
611 1490 700 1529 φαῦλα
737 1489 865 1528 πράσσων

66 1534 189 1564 πείσεται
199 1533 294 1564 δεινόν.
311 1531 398 1563 dum:
413 1535 484 1570 ὑμᾶς
502 1534 531 1562 οὐ
545 1532 598 1572 χρὴ
612 1533 766 1563 δεδοικέναι·
791 1534 864 1563 οὐδὲν

66 1578 117 1618 γὰρ
133 1578 206 1612 ἄξιον
229 1578 340 1607 θανάτου
359 1578 520 1617 ἐπράξαμεν.
538 1577 574 1608 ἸΙ
598 1578 644 1606 καὶ
666 1577 765 1611 ἄλλως
795 1580 828 1608 Ιίῖ
851 1581 864 1608 ὁ

67 1624 96 1652 τὸ
119 1624 187 1663 φῶς,
208 1622 288 1662 φησὶ,
306 1622 411 1662 βλέπων
427 1625 524 1660 τοῦτο,
540 1623 568 1651 οὗ
585 1623 755 1662 προσκόπτει,
772 1625 864 1664 πολλῷ

69 1669 174 1707 μᾶλλον
198 1669 212 1696 6
236 1668 295 1705 μετ’
319 1669 386 1705 ἐμοῦ
408 1666 454 1702 ὢν,
480 1667 526 1695 ἐὰν
549 1667 585 1705 μὴ
611 1667 750 1707 ἀποστήσῃ
773 1668 864 1698 ἑαυτὸν

66 1713 148 1751 ἐμοῦ,
165 1714 214 1742 οὖκ
235 1711 267 1740 ἂν
288 1711 438 1752 προσκόψῃ.
456 1710 545 1740 Ὠστε
568 1711 613 1740 καὶ
629 1713 703 1749 ὑμεῖς
725 1713 783 1749 μετ’
798 1713 864 1750 ἐμοῦ

66 1760 110 1787 τοῦ
130 1757 218 1798 φωτὸς
233 1757 306 1790 ὄντες
317 1779 326 1795 ,
342 1757 431 1794 μάτην
448 1756 593 1786 δεδοίκατε.
612 1754 704 1786 Ἄλλοι
718 1757 746 1786 δὲ
760 1757 863 1797 ἡμέραν

66 1802 114 1840 μὲν
128 1805 219 1831 νοοῦσι
241 1803 284 1831 τὸν
299 1802 351 1842 πρὸ
365 1804 411 1831 τοῦ
426 1803 523 1835 πάθους
544 1801 649 1840 καιρὸν,
674 1800 756 1830 νύκτα
774 1802 801 1831 δὲ
818 1803 862 1832 τὸν

65 1850 109 1877 τοῦ
132 1847 242 1880 πάθους.
269 1846 363 1883 ⁶Υμεῐς
383 1842 446 1883 οὖν,
470 1846 566 1886 φησὶν,
584 1845 634 1878 ἕως
660 1845 750 1885 ἡμέρα
775 1847 860 1884 ἐστὶν,

66 1891 218 1930 τουτέστιν,
234 1891 282 1924 ἕως
303 1891 377 1920 οὔπω
392 1893 405 1920 6
425 1894 471 1920 τοῦ
484 1892 583 1924 πάθους
598 1890 688 1930 καιρὸς
705 1890 810 1927 ἐνέστη,
833 1893 862 1922 οὐ

67 1936 105 1974 μὴ
116 1936 290 1976 προσκόψητε
299 1947 306 1955 ’
325 1937 354 1966 οὖ
367 1936 419 1976 γὰρ
435 1935 616 1975 διωχθήσεσθε
627 1935 690 1974 παρ’
708 1935 844 1966 Ἰουδαίων
853 1958 861 1973 ,

67 1981 127 2010 οὔτε
145 1981 213 2009 ἄλλο
236 1980 353 2014 ἀντίξουν
374 1983 435 2018 ὑμῖν
459 1980 640 2016 ἀπαντήσεται
737 1981 860 2017 ἀπαντή-

65 2025 160 2065 dare].
176 2025 264 2054 Ὅταν
289 2024 316 2055 Si
338 2027 354 2060 ἡ
376 2025 420 2059 νὺξ
443 2025 521 2064 ἔλθῃ,
543 2025 573 2054 τὸ
587 2028 669 2059 παθος
693 2024 724 2061 δή
747 2037 816 2065 φημι
832 2027 863 2056 τὸ

66 2070 148 2108 ἐμὸν,
166 2070 225 2099 τότε
249 2069 281 2105 δὴ
303 2070 502 2105 συσταλήσεσθε
525 2070 571 2108 μὲν
592 2071 618 2099 ἐν
633 2070 743 2110 οἰκίσκῳ
758 2070 795 2099 ἑνὶ
819 2071 860 2100 διὰ

81 2114 87 2123 1
159 2113 184 2137 I'
247 2116 264 2122 κ
296 2114 304 2124 ν
355 2115 367 2124 ἢ
390 2115 396 2124 Ι
505 2112 516 2124 1
531 2116 549 2132 ⁸η.
594 2127 606 2132 ’-
639 2115 649 2124 ιν
723 2116 727 2123 I

66 2126 109 2143 τον
130 2125 213 2154 φολον
228 2126 280 2143 των
307 2115 446 2146 Ιουοαιων,
470 2127 482 2141 ι
522 2117 620 2144 Lam:
636 2114 663 2144 οὲ
686 2116 797 2155 θλιψεις,
817 2116 862 2145 καὶ

66 2159 169 2195 ὀδύνας,
192 2159 239 2188 καὶ
269 2159 355 2188 πολλὰ
380 2158 577 2200 προσκόμματα
603 2158 649 2188 καὶ
674 2160 860 2198 ἐναντιώματα

923 279 997 315 quod
1011 279 1134 315 gravatio
1157 280 1284 316 quaedam
1309 280 1398 314 fuerit,
1420 280 1580 317 deliquium,
1607 283 1649 310 vel
1670 291 1719 311 ex-

924 325 998 358 tasis,
1023 329 1050 352 et
1070 333 1125 352 non
1153 324 1237 353 fuerit
1259 329 1392 353 mortuus.
1423 327 1456 353 Et
1475 331 1618 362 propterea
1644 331 1720 356 tanto

923 373 1048 405 tempore
1071 373 1173 404 manet,
1198 374 1229 397 ut
1257 374 1285 398 et
1310 375 1545 407 corrumperetur,
1566 371 1720 408 diceretque

923 421 1002 442 soror
1020 414 1107 442 illium
1119 426 1132 439 ι
1150 414 1244 443 fetere.
1263 426 1275 439 -

957 555 1047 583 Vens.
1069 557 1146 582 7-t0.
1163 564 1177 581 ιι
1194 554 1301 583 Deinde
1315 559 1378 590 post
1398 554 1451 583 hoc
1474 554 1542 582 dicit
1555 554 1697 591 discipulis
1713 566 1721 585 :

922 601 1026 627 Eamus
1046 600 1073 627 in
1094 599 1220 627 Iudaeam
1245 600 1353 627 iterum.
1387 600 1486 627 Dicunt
1509 600 1533 627 ei
1557 600 1682 636 discipuli
1713 610 1720 629 :

923 644 1023 677 Rabiri,
1035 644 1118 672 modo
1128 645 1289 680 qumrebant
1301 649 1327 672 te
1340 644 1431 672 Judaei
1441 644 1570 680 lapidare,
1583 649 1610 672 et
1623 645 1721 673 iterum

923 689 999 716 vadis
1014 689 1092 716 illuc?
1107 689 1256 724 Respondit
1267 690 1364 718 Jesus:
1381 691 1476 717 Nonne
1500 689 1645 717 duodecim
1657 694 1722 718 sunt

923 732 999 762 hora:
1011 733 1080 761 diei?
1095 734 1118 761 si
1134 735 1196 770 quis
1209 734 1390 762 ambulaverit
1403 734 1430 762 in
1445 734 1499 767 die,
1520 742 1576 761 non
1590 734 1720 768 offendit,

923 779 984 815 quia
999 779 1086 806 lucem
1100 778 1182 814 hujus
1201 778 1298 806 mundi
1310 779 1390 806 videt.
1403 779 1431 806 Si
1445 779 1506 814 quis
1519 783 1611 806 autem
1625 779 1722 807 ambu-

923 823 1020 851 laverit
1038 823 1066 850 in
1080 829 1173 856 nocte,
1193 822 1321 855 offendit,
1335 823 1399 859 quia
1419 823 1462 851 lux
1476 831 1531 851 non
1546 827 1587 851 est
1602 824 1630 851 in
1644 832 1688 851 eo.
1704 833 1718 850 ιι

922 869 1067 904 Nusquam
1088 868 1141 896 alio
1166 868 1227 896 loco
1248 868 1371 903 praedicit
1394 876 1450 904 quo
1473 868 1510 896 sit
1533 867 1719 904 profecturus;

922 913 967 940 hic
987 916 1076 940 autem
1096 913 1184 940 solum
1208 912 1356 948 praedicere
1378 912 1496 946 videtur,
1517 913 1579 948 quia
1599 913 1676 941 valde
1692 913 1722 941 ti-

922 957 1036 985 mebant
1056 957 1181 992 discipuli
1202 958 1228 984 in
1243 957 1368 986 Judaeam
1384 958 1432 985 ire.
1458 958 1491 984 F.t
1503 957 1604 985 idcirco
1620 957 1720 993 praedi-

921 1002 968 1035 cit,
983 1006 1014 1029 ut
1038 1009 1072 1030 ne
1085 1002 1229 1037 repentina
1244 1002 1363 1029 abitione
1382 1001 1539 1036 turbentur,
1553 1002 1575 1030 si
1597 1001 1718 1030 abduce-

922 1050 1018 1074 rentur
1046 1046 1075 1074 in
1104 1046 1245 1081 regionem
1273 1054 1356 1082 quam
1378 1046 1521 1074 timebant.
1548 1046 1635 1081 igitur
1657 1046 1719 1082 quia

922 1091 1060 1118 timebant
1073 1095 1102 1118 et
1126 1091 1236 1119 Christo
1251 1091 1363 1127 quidem
1379 1091 1513 1124 (nondum
1535 1091 1609 1118 enim
1630 1091 1719 1126 perfe-

921 1140 995 1164 ctam
1010 1136 1046 1164 de
1061 1136 1120 1171 ipso
1141 1136 1326 1171 cognitionem
1348 1136 1508 1169 habebant),
1530 1136 1618 1164 multo
1632 1137 1721 1171 magis

921 1185 1013 1208 autem
1027 1180 1160 1216 sibiipsis,
1172 1180 1276 1214 dicunt,
1293 1192 1306 1204 ι
1326 1180 1409 1208 Modo
1423 1180 1583 1216 quicrebant
1595 1185 1622 1209 te
1631 1181 1719 1209 Judaei

921 1225 1051 1261 lapidare,
1079 1229 1107 1252 et
1131 1225 1230 1252 iterum
1252 1224 1327 1252 vadis
1346 1226 1427 1253 illuc?
1453 1237 1465 1249 ι
1485 1227 1522 1252 At
1545 1225 1601 1260 ipse
1615 1226 1721 1254 animat

921 1270 984 1297 illos
1001 1274 1028 1298 et
1041 1269 1108 1297 dicit
1131 1270 1227 1297 :Sicut
1241 1270 1286 1304 qui
1303 1269 1377 1297 videt
1398 1269 1498 1303 lucem,
1512 1277 1568 1297 non
1583 1269 1718 1305 olTendit;

920 1315 966 1350 qui
989 1318 1085 1342 autem
1102 1314 1130 1342 in
1150 1318 1231 1342 nocte
1251 1314 1384 1348 ambulat,
1410 1314 1456 1342 ille
1480 1313 1597 1343 offendit
1617 1324 1624 1342 :
1642 1315 1678 1342 ita
1692 1319 1721 1343 et

920 1359 967 1395 qui
988 1359 1093 1387 bonum
1116 1358 1193 1391 facit,
1213 1363 1241 1387 et
1261 1359 1290 1386 in
1310 1358 1408 1386 lucidis
1427 1358 1557 1394 operibus
1584 1359 1718 1394 ambulat,

920 1404 984 1431 nihil
997 1412 1076 1439 grave
1085 1404 1254 1439 experietur;
1266 1403 1313 1439 qui
1324 1407 1415 1430 autem
1424 1404 1495 1431 mala
1507 1403 1581 1436 facit,
1594 1403 1718 1439 patietur.

921 1450 955 1476 Et
969 1449 1007 1475 ita
1022 1456 1078 1475 non
1093 1452 1202 1484 oportet
1215 1456 1263 1475 vos
1276 1448 1452 1476 meticulosos
1465 1456 1533 1476 esse.
1551 1448 1622 1476 Nihil
1637 1449 1713 1476 enim

920 1497 1010 1520 morte
1021 1493 1133 1527 dignum
1147 1492 1271 1520 iecimus.
1289 1493 1337 1520 Vel
1352 1492 1434 1520 etiam
1449 1492 1528 1520 aliter
1548 1502 1554 1520 :
1576 1493 1604 1520 Si
1624 1493 1646 1520 is
1668 1493 1717 1528 qui

921 1537 993 1565 videt
1017 1537 1110 1565 lumen
1128 1537 1192 1571 hoc,
1207 1545 1262 1565 non
1284 1536 1401 1565 offendit
1426 1546 1433 1565 :
1455 1537 1543 1565 multo
1563 1537 1652 1573 magis
1670 1537 1718 1573 qui

921 1590 1029 1610 mecum
1040 1586 1091 1614 est,
1105 1581 1154 1609 nisi
1165 1590 1180 1609 a
1194 1589 1238 1609 me
1249 1580 1391 1615 defecerit,
1415 1589 1471 1609 non
1483 1581 1611 1609 offendit.
1627 1585 1718 1617 Atque

919 1625 954 1654 ita
971 1626 1055 1653 etiam
1069 1634 1116 1653 vos
1131 1634 1194 1653 cum
1213 1626 1273 1653 sitis
1294 1634 1416 1659 mecum,
1429 1626 1475 1662 qui
1494 1627 1588 1654 lumen
1603 1634 1667 1653 sum
1684 1626 1718 1660 ⁷³,

919 1670 1019 1698 frustra
1033 1670 1146 1698 timetis.
1162 1670 1217 1698 Alii
1234 1675 1328 1698 autem
1341 1670 1416 1698 diem
1438 1670 1550 1706 quidem
1566 1671 1718 1706 intelligunt

918 1719 1028 1750 tempus
1039 1720 1101 1742 ante
1115 1716 1279 1750 passionem,
1290 1719 1400 1742 noctem
1412 1723 1475 1742 vero
1489 1719 1599 1750 tempus
1614 1715 1717 1750 passio-

918 1759 970 1787 nis.
995 1761 1051 1787 Vos
1065 1760 1159 1795 igitur,
1175 1759 1276 1795 inquit,
1300 1759 1421 1796 quandiu
1440 1759 1500 1787 dies
1518 1763 1570 1793 est,
1596 1759 1648 1787 hoc
1663 1762 1714 1793 est,

917 1804 1038 1840 quandiu
1047 1803 1171 1832 nondum
1183 1805 1267 1831 instat
1280 1809 1387 1839 tempus
1399 1804 1546 1840 passionis,
1559 1812 1614 1832 non
1626 1804 1717 1832 offen-

917 1849 997 1876 detis.
1019 1850 1081 1876 Non
1097 1849 1171 1876 enim
1187 1849 1403 1884 persecutionem
1419 1849 1559 1883 patiemini
1573 1856 1589 1875 a
1603 1849 1716 1881 Judaeis,

917 1900 1005 1928 neque
1025 1892 1100 1920 aliud
1124 1892 1190 1928 quid
1201 1900 1282 1928 grave
1301 1892 1409 1920 eveniet
1424 1893 1512 1920 vobis.
1529 1894 1600 1920 Cum
1623 1897 1716 1920 autem

917 1945 973 1965 nox
987 1937 1101 1969 venerit,
1115 1937 1205 1972 passio
1222 1937 1336 1972 inquam
1352 1944 1425 1970 mea,
1440 1941 1506 1964 tunc
1529 1941 1602 1964 certe
1617 1945 1717 1972 pavore

917 1981 1118 2010 contrahemini
1143 1981 1266 2016 quidem,
1294 1981 1323 2008 in
1342 1989 1425 2008 unam
1449 1981 1647 2008 domunculam
1668 1989 1716 2009 vos

916 2027 1079 2062 recipientes
1090 2031 1200 2062 propter
1209 2031 1313 2053 metum
1324 2026 1494 2054 Iudaeorum.
1505 2037 1518 2050 α
1529 2027 1566 2053 Ex
1577 2034 1609 2053 eo
1621 2030 1715 2054 autem

916 2076 1040 2107 tempore
1052 2071 1213 2099 aillietiones
1225 2075 1252 2098 et
1262 2071 1462 2104 tribulationes,
1483 2075 1509 2099 et
1518 2071 1604 2098 multa
1623 2069 1715 2098 offen—

915 2116 1006 2144 dicula
1029 2120 1056 2144 et
1070 2117 1246 2144 adversitates
1269 2115 1402 2144 habebitis
1421 2115 1443 2132 ⁷⁷
1465 2124 1472 2143 :
1499 2127 1511 2140 υ
1527 2123 1590 2143 cum
1606 2123 1656 2152 ego
1668 2115 1716 2151 qui

915 2161 961 2189 lux
975 2169 1049 2194 sum,
1061 2169 1116 2188 non
1129 2161 1199 2188 ultra
1215 2161 1358 2188 vobiscum
1374 2161 1552 2196 corporaliter
1566 2168 1716 2188 conversa-

67 2204 136 2237 ἕξετε
145 2226 155 2241 ,
169 2215 183 2232 ι)
201 2203 243 2232 ὅτε
255 2204 303 2232 οὐκ
318 2203 356 2232 ἔτι
370 2203 423 2243 ἐγὼ
438 2204 468 2233 τὸ
480 2206 532 2243 φῶς
549 2205 605 2241 μεθ’
616 2205 691 2242 ὑμῶν
705 2207 859 2242 σωματικῶς

943 2214 981 2240 or,
997 2210 1109 2234 noctem
1119 2205 1303 2233 afﬂictionum
1318 2205 1464 2233 habebitis.

67 2247 214 2284 συνδιάξω,
230 2248 299 2288 ἀλλὰ
313 2247 395 2277 νύκτα
410 2249 458 2284 τὴν
473 2251 527 2277 τῶν
542 2249 657 2288 θλίψεων
671 2249 754 2283 ἕξετε.

109 2304 124 2322 σ
146 2294 242 2323 Ταῦτα
258 2287 330 2328 εἶπε,
346 2293 391 2322 καὶ
414 2293 483 2331 μετὰ
504 2296 579 2323 τοῦτο
594 2287 665 2332 λέγει
686 2295 789 2327 αὐτοῖς·
806 2293 861 2324 Λά-

67 2338 142 2377 ζαρος
166 2339 180 2366 6
200 2338 273 2377 φίλος
291 2339 369 2375 ἡμῶν
392 2337 569 2378 κεκοίμηται,
596 2338 665 2367 ἀλλὰ
693 2338 860 2378 πορεύομαι,

65 2381 108 2410 ἵνα
131 2381 262 2416 ἐξυπνίσω
288 2381 372 2411 αὐτόν.
396 2378 479 2411 Εἶπον
503 2377 547 2412 οὖν
571 2383 595 2411 οἱ
629 2383 747 2421 μαθηταὶ
772 2385 860 2424 αὐτῷ·

68 2426 162 2467 Κύριε,
176 2428 198 2455 εἰ
213 2426 388 2464 κεκοίμηται,
410 2427 570 2462 σωθήσεται.
597 2428 708 2466 Εἰρήκει
725 2427 753 2456 δὲ
767 2430 781 2457 6
801 2428 859 2463 Ἰη-

65 2474 122 2504 σοῦς
138 2472 200 2511 περὶ
224 2474 272 2501 τοῦ
289 2471 400 2500 θανάτου
416 2472 515 2508 αὐτοῦ,
531 2472 624 2501 ἐκεῖνοι
640 2472 666 2501 δὲ
692 2472 794 2509 ἔδοξαν,
820 2473 860 2502 ὅτι

65 2516 125 2555 περὶ
146 2518 192 2551 τῆς
207 2515 357 2554 κοιμήσεως
372 2519 416 2545 τοῦ
433 2515 514 2546 ὕπνου
536 2516 617 2555 λέγει.
634 2516 703 2546 Τότε
719 2512 764 2546 οὖν
786 2511 859 2547 εἶπεν

66 2561 154 2594 αὐτοῖς
174 2562 188 2589 6
211 2560 315 2596 Ἰησοῦς
339 2560 490 2601 παῤῥησίᾳε
520 2562 642 2600 Λάζαρος
667 2561 793 2600 ἀπέθανε,
814 2562 859 2592 καὶ

65 2605 152 2645 χαίρω
168 2607 201 2634 δι’
217 2607 296 2643 ὓμᾶς,
321 2603 364 2634 ἵνα
380 2605 550 2642 πιστεύσητε,
574 2606 613 2635 ὅτι
628 2606 675 2636 οὐκ
698 2606 771 2644 ἤμην
792 2607 856 2636 ἐκεῖ.

65 2649 134 2679 Ἀλλ’
158 2651 266 2689 ἄγωμεν
282 2650 346 2690 πρὸς
360 2650 450 2679 αὐτόν.
471 2646 552 2680 Εἶπεν
567 2646 612 2680 οὖν
632 2652 735 2689 Θωμᾶς
749 2653 763 2680 6
778 2651 857 2691 λεγό-

65 2706 140 2732 μενος
177 2695 293 2732 Δίδυμος
329 2696 383 2729 τοῖς
422 2698 623 2734 συμμαθηταῖςε
652 2694 774 2735 Ἄγωμεν
813 2696 858 2726 καὶ

64 2741 154 2777 ἡμεῖς,
168 2739 212 2768 ἵνα
227 2739 403 2778 ἀποθάνωμεν
417 2741 476 2777 μετ’
492 2741 584 2770 αὐτοῦ.
598 2751 614 2769 υ
634 2740 748 2777 Ἐπειδὴ
763 2742 856 2772 ἐκεῖνοι

101 2831 122 2849 ⁷⁸
134 2833 214 2861 Joan.
231 2840 254 2868 l,
270 2835 294 2861 9.
335 2833 361 2869 ,π
375 2834 455 2861 Joan.
471 2841 537 2868 xvi,
553 2836 597 2861 33.

953 2297 1044 2324 Vsns.
1072 2297 1165 2323 11-16.
1194 2306 1207 2320 αι
1238 2296 1307 2323 Haec
1329 2296 1378 2329 ait,
1407 2299 1435 2323 et
1462 2300 1524 2331 post
1551 2295 1635 2331 657
1657 2294 1715 2324 haec

916 2340 983 2369 dicit
999 2341 1040 2368 eis
1064 2349 1072 2368 :
1086 2341 1206 2367 Lazarus
1221 2340 1329 2368 amicus
1340 2344 1433 2367 noster
1448 2340 1562 2373 dormit,
1582 2340 1630 2367 sed
1646 2340 1716 2368 vado

917 2389 947 2413 ut
966 2393 981 2413 a
997 2393 1096 2413 somno
1111 2385 1226 2412 excitem
1242 2385 1331 2412 illum.
1354 2386 1489 2412 Dixerunt
1504 2393 1568 2420 ergo
1589 2383 1715 2420 discipuli

916 2430 992 2466 ejus:
1007 2429 1138 2460 Domine,
1153 2429 1177 2456 si
1192 2429 1304 2463 dormit,
1319 2429 1409 2456 salvus
1423 2429 1483 2456 erit.
1498 2431 1611 2457 Dixerat
1621 2433 1714 2457 autem

914 2475 994 2502 Jesus
1020 2474 1054 2502 de
1079 2478 1168 2501 morte
1193 2474 1276 2510 ejus:
1300 2477 1328 2501 et
1354 2473 1392 2500 illi
1410 2478 1572 2510 putaverunt
1591 2474 1665 2510 quod
1681 2475 1715 2502 de

915 2519 1084 2547 dormitione
1107 2519 1197 2546 somni
1221 2519 1330 2546 diceret.
1347 2519 1427 2546 Tunc
1451 2526 1516 2555 ergo
1539 2520 1620 2547 Jesus
1645 2519 1715 2546 dixit

915 2564 954 2592 eis
966 2563 1110 2592 manifeste
1126 2572 1133 2590 :
1147 2564 1262 2591 Lazarus
1275 2567 1402 2591 mortuus
1415 2568 1466 2596 est,
1481 2567 1508 2591 et
1519 2563 1624 2599 gaudeo
1647 2570 1713 2599 pro-

914 2614 975 2645 pter
996 2616 1055 2642 vos,
1078 2613 1108 2636 ut
1129 2608 1256 2640 credatis,
1279 2607 1353 2643 quod
1380 2616 1435 2635 non
1459 2607 1561 2635 fuerim
1588 2608 1640 2640 ibi;
1665 2607 1713 2634 sed

914 2661 1010 2682 eamus
1035 2653 1068 2681 ad
1098 2660 1171 2680 eum.
1202 2652 1278 2680 Dixit
1302 2660 1366 2688 ergo
1393 2652 1514 2680 Thomas
1540 2651 1587 2687 qui
1613 2650 1714 2678 dicitur

914 2698 1049 2735 Didymus
1061 2697 1097 2726 ad
1110 2697 1311 2733 condiscipulos
1323 2707 1330 2724 :
1345 2698 1447 2724 Eamus
1456 2701 1484 2724 et
1496 2704 1555 2729 nos,
1570 2699 1601 2722 ut
1611 2695 1713 2722 moria-

912 2751 976 2772 mur
989 2751 1054 2771 cum
1072 2750 1114 2770 eo.
1129 2752 1143 2768 »
1172 2742 1312 2777 Quoniam
1334 2742 1371 2769 illi
1386 2741 1602 2770 formidaverant
1628 2739 1667 2767 ire
1685 2739 1712 2766 in
