1910 3077
240 169 275 196 79
748 166 1005 194 THEOPHYLACTl
1026 166 1204 195 BULGARLE
1222 167 1381 196 ARCHIEP.
1850 173 1876 199 80

251 238 284 258 us
313 237 428 266 operum
459 235 541 264 quam
570 227 717 255 verborum
738 228 772 256 ad
801 228 1021 264 persuadendum

1096 232 1211 260 ποιεῖσθε
1235 230 1265 260 τὸ
1296 231 1349 260 ἀπὸ
1375 232 1452 272 ψιλοῦ
1476 231 1593 272 ῥήματος
1624 233 1780 268 πεισθῆναι;
1803 247 1813 260 ι
1837 235 1872 264 Τὰ

240 274 323 310 651
344 273 418 310 quod
430 277 457 301 et
481 271 636 300 fatebantur
656 271 684 299 hi
703 272 749 308 qui
764 273 862 300 melius
875 273 945 301 inter
966 273 1042 309 ipsos

238 323 390 359 sapiebant,
418 322 539 349 dicentes
564 329 571 348 :
595 332 607 345 α
629 322 690 348 Non
706 325 796 356 potest
808 321 893 349 homo
912 325 1040 357 peccator

238 368 314 404 signa
326 367 389 394 talia
400 365 501 394 facere.
521 377 533 390 ιι
549 367 694 400 Propterea
707 365 773 393 dicit
789 373 795 391 τ
814 377 826 389 «ι
852 367 912 394 Non
931 366 1040 394 creditis

239 411 315 445 mihi,
339 411 402 447 quia
412 419 467 438 non
491 410 556 438 estis
575 418 608 437 ex
630 410 726 437 ovibus
751 410 829 437 meis.
856 422 867 434 υ
896 411 966 438 Nam
989 419 1039 446 ego

243 456 368 492 quidem,
384 460 412 483 ut
422 459 514 492 pastor
524 455 625 487 bonus,
634 462 695 490 quae
705 455 847 490 oportebat
858 455 956 488 facere,
967 454 1038 483 feci:

241 509 291 529 vos
308 505 398 529 autem
417 500 440 528 si
456 508 511 527 non
526 499 691 536 sequamini,
706 507 763 527 non
783 507 833 534 ego
850 500 976 535 pastoris,
990 499 1039 528 sed

239 553 287 574 vos
302 545 395 573 cvium
409 545 548 572 vocatione
569 543 671 579 indigni
687 544 760 571 estis.
773 545 814 572 Da
831 548 861 572 et
874 548 903 571 tu
913 552 1037 580 operam,

239 591 307 619 dum
328 590 415 617 hiems
434 593 484 622 est,
506 596 625 624 praesens
649 588 710 616 dico
730 589 794 622 vita,
816 596 878 624 quae
901 597 1009 624 semper
1023 597 1038 616 a

239 635 318 663 malis
334 634 473 670 spiritibus
492 634 630 667 turbatur,
655 637 686 661 ut
708 633 828 661 celebres
851 633 969 662 encwnia
989 633 1039 669 spi-

237 679 342 708 ritualis
355 678 450 714 templi
465 678 514 712 tui,
531 685 639 713 semper
654 685 742 705 novus
758 677 859 712 factus,
874 682 902 706 et
917 689 930 702 α
946 686 1039 706 ascen-

239 724 330 752 siones
354 724 380 751 in
405 722 490 751 corde
504 730 611 758 ponens
623 722 646 738 7°
659 743 666 750 .
683 734 696 746 ν
713 722 808 750 Aderit
822 723 895 750 enim
913 726 979 750 tunc
989 723 1036 750 tibi

237 770 330 802 Jesus,
350 768 397 803 qui
410 767 492 796 simul
511 767 629 795 celebret
649 767 836 794 encaeniorum
857 767 1036 795 festivitatem

238 813 266 841 in
281 813 386 848 porticu
410 812 572 845 Salomonis,
596 811 720 839 custodia
740 819 789 839 sua
811 815 837 839 te
857 811 992 844 muniens,
1009 816 1037 840 et

238 857 382 894 paciﬁcum
406 861 434 885 te
460 856 562 884 faciens
581 856 617 884 ab
655 855 855 884 affectionibus.
878 857 938 892 lpse
962 856 1035 884 enim

236 889 381 938 pacificum
405 901 537 929 Salomon
560 905 610 929 est.
634 900 765 936 Quisquis
788 901 871 936 igitur
893 889 924 928 in
945 905 1036 936 prote-
1053 889 1077 920 Β

236 946 330 974 ctione
345 945 442 974 Christi
458 945 562 982 pacifici
584 949 722 978 moratur,
739 945 822 972 habet
843 949 870 972 et
882 946 1032 973 Dominum

235 990 317 1019 simul
341 990 415 1018 diem
443 989 543 1018 festum
569 994 694 1025 agentem
713 989 898 1017 encamiorum
921 990 1031 1024 animae,

234 1035 356 1072 quandiu
370 1035 458 1063 hiems
472 1034 535 1062 vita:
553 1033 635 1070 hujus
648 1033 739 1062 durat.
753 1035 806 1062 Ver
824 1033 897 1062 enim
909 1034 1033 1062 futurum

234 1080 368 1108 sacculum
393 1083 446 1113 est,
469 1087 523 1115 quo
542 1079 636 1106 omnia
661 1078 835 1112 reviviscunt,
861 1087 917 1115 quo
939 1079 1032 1108 nullus

234 1124 355 1152 animam
389 1123 519 1152 innomre
551 1127 651 1159 potest.
680 1124 752 1151 Nam
776 1123 904 1158 praesenti
931 1123 1032 1152 smeulo

234 1169 327 1197 omnia
342 1168 405 1196 talia
418 1168 630 1196 concluduntur.

1095 275 1175 314 ἔργα,
1195 275 1212 304 ἃ
1234 273 1286 314 ἐγὼ
1311 279 1395 313 ποιῶ,
1420 289 1432 301 r
1463 278 1512 316 οὐχ
1534 278 1570 310 ὥς
1597 276 1727 315 ἀντίθεος,
1753 278 1831 307 ἀλλ’·
1852 280 1872 307 ἐν

1094 319 1205 356 ὀνόματι
1233 323 1278 349 τοῦ
1305 321 1411 360 Πατρός
1437 333 1496 358 μου,
1516 334 1528 347 ν
1555 322 1584 350 οὗ
1615 321 1737 361 δέχεσθε,
1763 322 1805 352 καὶ
1826 325 1871 356 πῶς

1093 365 1164 404 ψιλῷ
1194 364 1264 404 λόγῳ
1297 364 1472 401 πιστεύσετε;
1500 365 1613 399 Πάντως
1639 368 1691 406 γὰρ
1716 367 1769 399 τοῖς
1799 366 1872 407 ἔργοις

1094 409 1192 438 πλείων
1215 409 1280 448 πρὸς
1304 410 1334 439 τὸ
1351 409 1448 439 πείθειν
1474 410 1599 448 δύναμις,
1624 410 1710 446 ἣτοῖς
1728 411 1819 450 λόγοις,
1843 411 1872 441 Ὃ

1093 454 1138 483 καὶ
1153 453 1179 487 ἐξ
1198 455 1284 483 αὐτῶν
1300 456 1323 484 οἳ
1340 454 1575 495 εὐγνωμονέστεροι
1587 455 1691 494 ἔλεγονθ
1714 469 1726 482 ι
1744 457 1788 491 Μὴ
1803 456 1872 485 δύνα-

1092 510 1137 527 ται
1158 500 1292 538 ἄνθρωπος
1317 499 1474 538 ἁμαρτωλὸς
1495 504 1595 538 σημεῖα
1615 503 1726 530 τοιαῦτα
1746 502 1842 537 ποιεῖνς
1864 515 1874 527 ρ

1092 542 1136 572 διὰ
1159 546 1236 572 τοῦτο
1259 543 1302 580 δὲ,
1326 545 1421 584 φησὶν,
1450 558 1461 569 ιι
1476 545 1516 574 Οὐ
1539 544 1678 574 πιστεύετέ
1699 557 1760 582 μοι,
1782 545 1872 575 ὅτιούκ

1092 587 1150 616 ἐστὲ
1168 590 1198 618 ἐκ
1218 589 1268 617 τῶν
1292 589 1433 628 προϐάτων
1455 590 1507 618 τῶν
1523 590 1607 628 ἐμῶν.
1629 600 1644 619 ι)
1671 589 1745 628 Ἐγὼ
1771 590 1816 628 μὲν
1830 591 1873 629 γὰρ

1092 634 1128 666 ὡς
1138 633 1238 670 ποιμὴν
1264 633 1355 672 καλὸς,
1373 633 1441 672 ἅπερ
1461 634 1542 674 ἐχρῆν
1563 636 1690 673 ποιῆσαι,
1716 634 1836 669 ἐποίησα·
1857 637 1874 664 εἰ

1092 677 1120 706 δὲ
1136 679 1209 715 ὑμεῖς
1226 678 1273 707 οὐχ
1288 678 1473 714 ἀκολουθεῖτε,
1490 679 1538 708 οὐκ
1553 677 1606 717 ἐγὼ
1624 681 1671 714 τῆς
1685 681 1730 708 τοῦ
1746 679 1875 717 ποιμένος,

1091 723 1151 751 ἀλλ’
1167 724 1241 760 ὑμεῖς
1262 724 1309 758 τῆς
1326 724 1377 751 τῶν
1397 722 1539 762 πριϐάτων
1555 723 1655 757 ἀνάξιοί
1669 725 1729 753 ἐστε
1752 723 1874 760 κλήσεως.

1091 767 1229 801 Σπούόαζε
1245 766 1271 796 δὲ
1289 767 1335 796 καὶ
1350 767 1397 802 σὺ,
1414 768 1440 796 ἐν
1457 767 1510 806 ὅσῳ
1532 767 1633 807 χειμών
1652 769 1736 806 ἐστιν,
1751 770 1766 797 ὁ
1779 768 1875 808 παρὼν,

1090 811 1159 850 λέγω
1169 835 1177 848 ,
1201 812 1256 851 βίος
1267 834 1275 848 ,
1302 814 1315 841 ὁ
1337 812 1378 841 ἀεὶ
1395 812 1516 852 ταραχὰς
1534 812 1584 842 ὑπὸ
1597 814 1650 842 τῶν
1665 813 1821 852 πνευμάτων
1835 816 1875 850 τῆς

1089 856 1217 896 πονηρίας
1243 855 1330 896 ἔχων,
1354 856 1386 885 τὰ
1411 856 1532 895 ἐγκαίνια
1549 858 1675 897 ἑορτάσαι
1699 860 1746 888 τοῦ
1766 870 1876 896 πνευμα-

1090 903 1164 931 τικοῦ
1181 912 1227 930 σου
1251 904 1331 936 ναοῦ,
1358 901 1398 930 ἀεὶ
1420 901 1476 935 νέος
1499 901 1648 941 γινόμενος,
1671 903 1717 932 χαὶ
1744 903 1876 936 ἀναϐάσεις

1089 947 1116 975 ἐν
1131 948 1163 985 τῇ
1186 946 1282 985 καρδίᾳ
1308 946 1495 984 διατιθέμενος.
1515 946 1584 976 Τότε
1610 946 1661 987 γὰρ
1682 947 1714 983 δή
1742 959 1785 977 σοι
1805 948 1848 976 καὶ
1865 948 1876 976 ὃ

1088 990 1192 1027 Ἰησοῦς
1213 990 1344 1030 παρέσται
1368 990 1416 1026 τὴν
1440 993 1492 1020 τῶν
1517 992 1656 1030 ἓγκαινίων
1677 991 1778 1021 τούτων
1793 1003 1876 1032 συνερ-

1087 1035 1230 1074 γαζόμενος
1255 1035 1348 1075 ἑορτὴν
1372 1036 1399 1064 ἐν
1482 1040 1548 1075 στοᾷ
1570 1038 1617 1066 τοῦ
1640 1038 1834 1075 Σολομῶντος,
1855 1038 1876 1066 ἐν

1087 1082 1120 1120 τῇ
1139 1079 1226 1118 σκέπῃ
1250 1081 1332 1109 αὑτοῦ
1357 1082 1538 1121 πιριφρουρῶν
1563 1093 1606 1118 σε,
1631 1081 1677 1110 καὶ
1696 1081 1840 1121 εἰρηνεύειν
1853 1093 1876 1111 σε

1087 1126 1169 1154 ποιῶν
1192 1125 1245 1153 ἀπὸ
1262 1126 1313 1153 τῶν
1330 1127 1431 1155 παθῶν.
1452 1125 1537 1157 Αὐτὸς
1549 1125 1601 1165 γὰρ
1616 1125 1692 1155 ἔσται
1709 1127 1723 1155 ὁ
1739 1121 1877 1165 Σολομῶν,

1088 1168 1116 1202 ὃς
1131 1169 1306 1208 εἰρηνικὸς
1321 1170 1503 1208 ἑρμηνεύεται.
1518 1168 1615 1203 ιὍστις
1631 1166 1676 1200 οὖν
1699 1171 1726 1199 ἐν
1801 1170 1877 1209 σκέπῃ

232 1216 278 1244 τοῦ
306 1215 424 1253 Χριστοῦ
449 1215 496 1242 τοῦ
522 1214 654 1252 εἰρηνικοῦ
678 1211 826 1248 αὐλίζεται,
849 1211 919 1241 κατὰ
939 1213 984 1242 τὸν
1008 1213 1162 1253 προφήτην,
1191 1213 1247 1252 ἔχει
1272 1213 1350 1242 αὐτὸν
1378 1214 1420 1243 τὸν
1451 1213 1548 1254 Κύριον
1576 1215 1787 1255 συνεορτάζοντα
1818 1216 1880 1253 αὐτῷ

232 1257 265 1287 τὰ
294 1260 340 1293 τῆς
368 1259 455 1297 ψυχῆς
485 1257 620 1295 ἐγχαίνια,
649 1257 675 1286 ἐν
693 1255 748 1296 ὅσῳ
772 1258 786 1285 ὁ
809 1256 926 1296 χειμὼν,
949 1260 963 1287 ὃ
988 1258 1042 1297 βίος
1067 1253 1153 1293 οὗτος,
1180 1258 1323 1287 ἐνίσταται.
1351 1257 1424 1298 Ἔαρ
1451 1258 1502 1298 γὰρ
1528 1260 1542 1288 ὁ
1567 1253 1670 1296 μέλλων
1689 1259 1757 1289 αἰὼν
1777 1261 1837 1289 καθ’
1859 1259 1881 1288 ὃν

231 1303 265 1333 τὰ
281 1303 369 1332 πάντα
386 1303 486 1341 ἀναζῇ,
511 1301 557 1330 καὶ
580 1302 784 1341 παλιγγενεσίαν
808 1301 956 1340 λαμϐάνει,
973 1304 1033 1331 καθ’
1060 1301 1088 1332 ὃν
1112 1302 1195 1335 οὐδεὶς
1218 1302 1266 1338 τὴν
1292 1302 1380 1342 ψυιὴν
1396 1303 1543 1341 ἔγχαινίσαι
1568 1303 1688 1333 δύναται·
1704 1306 1745 1345 τῷ
1762 1304 1814 1345 γὰρ
1832 1315 1879 1333 πα-

235 1349 305 1388 ρόντι
327 1348 402 1376 αἰῶνι
424 1346 511 1376 πάντα
529 1346 563 1376 τὰ
580 1350 688 1376 τοιαῦτα
704 1345 880 1384 συγκλείεται.

267 1404 359 1431 Vens.
374 1404 469 1429 27-30.
490 1413 502 1426 α
520 1403 591 1429 Oves
606 1409 675 1430 mete
686 1409 783 1429 vocem
797 1409 887 1429 meam
903 1401 1028 1438 audiunt,

1126 1405 1138 1418 ι
1164 1391 1260 1424 Καθὼς
1275 1386 1348 1421 εἶπον
1364 1393 1424 1429 ὑμῖν
1434 1415 1442 1428 ,
1460 1392 1494 1421 τὰ
1509 1393 1632 1431 πρόϐατα
1645 1392 1678 1422 τὰ
1694 1393 1752 1432 ἐμὰ
1769 1395 1816 1430 τῆς
1833 1406 1879 1434 φω-

231 1452 258 1476 et
277 1455 326 1483 ego
349 1454 487 1483 cognosco
506 1453 562 1479 eas,
582 1449 610 1473 et
623 1450 777 1482 sequuntur
791 1454 846 1479 me,
869 1450 897 1474 et
916 1454 968 1482 ego
990 1435 1028 1474 vi;

1092 1438 1131 1471 ι’ἧς
1145 1447 1196 1474 μου
1220 1435 1324 1471 ἀκούει,
1350 1435 1424 1474 κάγὼ
1449 1436 1571 1475 γινώσκω
1596 1438 1679 1474 αὐτὰ,
1703 1439 1752 1467 καὶ
1770 1440 1879 1468 ἀκολου-

231 1497 289 1521 tam
309 1496 442 1520 aeternam
465 1491 501 1519 do
530 1491 580 1524 eis,
603 1499 655 1518 nec
679 1491 804 1526 peribunt
826 1491 853 1518 in
878 1495 1026 1525 aeternum,

229 1545 318 1573 neque
337 1535 422 1572 rapiet
448 1543 495 1564 eas
516 1535 663 1572 quisquam
686 1535 719 1563 de
740 1543 825 1563 manu
848 1543 920 1563 mea.
945 1537 1028 1563 Pater

229 1589 308 1610 meus
333 1582 379 1617 qui
398 1580 474 1608 dedit
485 1579 563 1613 mihi,
583 1580 672 1616 major
692 1579 821 1607 omnibus
836 1585 888 1613 est,
901 1584 929 1608 et
942 1587 1026 1607 nemo

229 1630 319 1663 potest
336 1633 432 1661 rapere
457 1624 492 1653 de
511 1632 594 1652 manu
620 1624 708 1652 Patris
732 1624 797 1652 mei.
820 1625 878 1660 Ego
899 1628 927 1651 et
948 1626 1027 1652 Pater

228 1679 315 1699 unum
337 1678 443 1699 sumus.
469 1681 482 1694 ν
501 1671 653 1705 Postquam
676 1669 745 1697 dixit
765 1669 816 1702 eis,
842 1679 857 1693 «
880 1669 940 1696 Non
961 1669 1026 1696 estis

228 1724 259 1744 ex
289 1715 383 1744 ovibus
405 1714 482 1748 meis,
505 1726 517 1739 π
533 1722 605 1742 nunc
627 1714 751 1742 hortatur
771 1721 819 1741 eos
834 1717 866 1741 ut
879 1712 946 1740 ﬁant
960 1721 1024 1741 oves

227 1761 286 1797 ejus
309 1771 315 1788 :
336 1760 396 1788 ideo
417 1764 445 1787 et
458 1759 562 1793 subdit,
582 1759 677 1786 dicens
699 1769 705 1786 :
726 1770 737 1782 κ
753 1760 826 1786 Oves
846 1765 914 1785 mea!
928 1766 1023 1785 vocem

226 1813 317 1833 meam
333 1805 459 1838 audiunt,
475 1808 502 1832 et
515 1808 668 1839 sequuntur
684 1811 740 1830 me.
759 1814 771 1827 υ
792 1802 897 1830 Deinde
911 1802 1025 1830 incitans

226 1858 283 1883 eos,
305 1849 372 1878 dicit
390 1856 451 1885 qua:
475 1847 650 1876 consecuturi
677 1848 732 1875 sint
753 1847 843 1883 ipsum
866 1851 1020 1883 sequentes.

226 1906 238 1919 α
260 1894 352 1922 Vitam
367 1894 452 1928 enim,
472 1893 574 1929 inquit,
593 1897 723 1920 aeternam
742 1892 778 1920 do
801 1892 849 1924 eis,
865 1896 891 1919 et
904 1899 938 1920 ne
960 1899 1021 1927 per-

223 1943 287 1967 eant
305 1939 331 1966 in
345 1942 489 1971 zeternum,
511 1949 524 1962 υ
546 1941 598 1965 etc.
619 1937 654 1963 Et
672 1937 786 1963 omnino
801 1944 848 1971 per
864 1936 946 1963 verba
962 1935 1021 1963 haec

222 1984 320 2011 excitat
343 1983 414 2017 illos,
430 1982 578 2017 zelumque
598 1988 630 2008 ac
646 1980 811 2008 desiderium
833 1979 931 2014 injicit,
951 1983 1020 2006 utet

221 2027 273 2063 ipsi
298 2031 448 2062 sequantur
475 2033 538 2053 eum
563 2024 610 2059 qui
637 2024 703 2051 talia
723 2023 849 2058 largitur.
874 2024 1021 2058 Propterea

222 2077 312 2100 autem
327 2071 403 2105 dixit,
421 2082 433 2094 σι
451 2071 514 2098 Non
527 2069 670 2104 peribunt,
684 2077 699 2094 ν
716 2067 778 2103 quia
794 2079 807 2092 α
820 2067 919 2095 Nullus
933 2071 1023 2103 potest

1084 1481 1158 1510 θοῦσί
1179 1492 1240 1519 μοι,
1265 1480 1340 1519 κάγὼ
1355 1481 1424 1516 ζωὴν
1450 1481 1554 1511 αἰώνιον
1582 1482 1677 1521 δίδωμι
1701 1483 1814 1520 αὐτοῖς,
1839 1483 1879 1512 καὶ

1081 1526 1110 1555 οὐ
1126 1525 1164 1564 μὴ
1180 1525 1333 1555 ἀπόλωνται
1355 1528 1390 1559 εἷς
1415 1525 1458 1555 τὸν
1485 1528 1588 1563 αἰῶνα,
1616 1527 1662 1557 καὶ
1687 1528 1739 1567 οὐχ
1770 1528 1880 1568 ἁρπάζει

1080 1582 1118 1603 τις
1145 1570 1212 1599 αὐτὰ
1238 1571 1269 1599 ἐκ
1292 1572 1339 1605 τῆς
1364 1571 1452 1610 χειρός
1479 1583 1539 1610 μου.
1573 1571 1606 1602 Ὁ
1631 1572 1731 1611 Πατήρ
1761 1585 1832 1611 μου,
1857 1572 1880 1604 ὃς

1081 1614 1163 1643 ἔδωκέ
1177 1626 1239 1653 μοι,
1262 1614 1357 1652 μείζων
1377 1615 1483 1644 πάντων
1507 1616 1577 1653 ἐστὶ,
1595 1617 1641 1646 καὶ
1660 1617 1749 1651 οὐδεὶς
1777 1618 1881 1647 δύναται

1080 1659 1206 1699 ἁρπάζειν
1223 1659 1290 1688 αὐτὰ
1315 1661 1344 1688 ἐκ
1367 1661 1413 1694 τῆς
1434 1660 1522 1700 χειρὸς
1543 1664 1590 1690 τοῦ
1605 1662 1711 1701 Πατρός
1727 1674 1794 1699 μου.
1815 1662 1880 1700 Ἐγὼ

1079 1706 1125 1734 καὶ
1142 1706 1155 1733 ὁ
1174 1703 1268 1743 Πατὴρ
1284 1703 1309 1732 ἕν
1334 1705 1423 1742 ἐσμεν.
1443 1718 1454 1730 ι
1474 1705 1586 1742 Ἐπειδὴ
1613 1701 1684 1735 εἶπεν
1701 1707 1812 1746 αὖτοῖς,
1831 1707 1880 1745 ὅτι,

1079 1763 1090 1774 α
1114 1749 1173 1779 Οὐχ
1188 1749 1246 1778 ἐστὲ
1266 1749 1296 1778 ἐκ
1318 1750 1371 1778 τῶν
1388 1749 1529 1789 προϐάτων
1550 1752 1603 1779 τῶν
1619 1752 1707 1788 ἐμῶν,
1726 1765 1740 1777 ιι
1757 1754 1808 1781 νῦν
1823 1763 1880 1791 προ-

1077 1793 1203 1833 τρέπεται
1229 1793 1339 1830 αὖτοὺς,
1366 1793 1435 1824 ὥστε
1461 1795 1583 1832 γενέσθαι
1606 1795 1748 1835 πρόϐατα.
1769 1797 1821 1827 Διὸ
1842 1796 1882 1826 καὶ

1077 1838 1168 1879 ἐπάγει
1187 1839 1287 1878 λέγων·
1315 1853 1329 1865 σι
1355 1838 1398 1868 Τὰ
1423 1839 1546 1878 πρόϐατα
1571 1839 1604 1869 τὰ
1631 1840 1684 1881 ἐμᾷι
1713 1843 1768 1877 τῆς
1798 1843 1882 1881 φωνῆς

1077 1895 1127 1922 μου
1148 1884 1252 1920 ἀκούει,
1275 1883 1319 1913 καὶ
1346 1884 1518 1913 ἀχολουθοῦσί
1540 1896 1596 1922 μοι.
1615 1898 1627 1910 ι·
1648 1879 1719 1915 Εἶτα
1745 1879 1882 1926 παραχνί-

1075 1930 1126 1962 ζων
1163 1928 1255 1961 αὖτοὺς
1285 1927 1357 1966 λέγει
1386 1929 1431 1957 καὶ
1460 1924 1497 1957 ὧν
1533 1929 1711 1963 ἔπιτεύξονται
1745 1932 1773 1960 οἱ
1793 1924 1882 1970 -αὖτῷ

1076 1973 1288 2005 ἀκολουθοῦντες.
1315 1985 1326 1998 α
1353 1971 1431 2008 Ζωὴν
1447 1971 1498 2012 γὰρ
1511 1996 1520 2012 ,
1536 1974 1630 2013 φησὶν,
1653 1973 1768 2005 αἰώνιον
1789 1975 1884 2012 δίδωμι

1076 2017 1176 2055 αὐτοῖς,
1198 2016 1242 2046 καὶ
1263 2017 1292 2045 οὖ
1322 2016 1360 2054 μὴ
1385 2016 1538 2047 ἀπόλωνται
1553 2019 1588 2051 εἷς
1613 2019 1657 2048 τὸν
1674 2020 1781 2059 αἰῶνα,
1807 2034 1820 2046 ι
1842 2020 1884 2050 καὶ

1075 2061 1109 2090 τὰ
1133 2061 1204 2097 ἑξῆς.
1230 2059 1339 2094 Πάντως
1365 2062 1392 2090 δὲ
1409 2061 1452 2090 διὰ
1480 2063 1533 2092 τίῦν
1556 2063 1683 2102 ῥημάτων
1698 2065 1821 2094 ’τούτων
1845 2065 1882 2094 δι-

221 2124 317 2153 raperc
332 2124 377 2144 eas
391 2115 426 2143 de
448 2122 533 2142 manu
548 2120 622 2147 mea,
639 2124 652 2137 υ
673 2120 706 2140 eo
721 2112 794 2148 quod
813 2124 825 2137 κ
847 2113 926 2140 Pater
934 2102 1020 2140 imeus

1092 2106 1176 2153 γείρειΔ
1190 2104 1294 2153 αὐτοὺς,
1311 2106 1358 2153 παὶ
1369 2107 1408 2153 εἷς
1425 2107 1502 2142 ζῆλον
1517 2107 1563 2136 καὶ
1578 2108 1722 2146 ἐπιθυμίαν
1748 2110 1883 2149 ἐμϐάλλει

221 2162 265 2197 qui
288 2161 364 2189 dedit
378 2159 445 2188 mihi
462 2170 475 2183 ν
492 2166 548 2191 eas,
567 2169 580 2182 ι
604 2157 742 2185 maximus
765 2157 891 2185 omnium
913 2161 964 2190 est,
989 2161 1017 2185 et

220 2206 254 2234 de
280 2214 362 2234 manu
384 2205 444 2240 ejus
464 2203 556 2230 nullus
579 2206 669 2238 potest
691 2210 736 2230 eas
763 2211 867 2239 rapere,
894 2214 906 2227 υ
932 2205 960 2230 et
980 2201 1016 2229 ita

222 2263 234 2275 α
255 2258 343 2287 neque
370 2249 404 2277 de
430 2256 514 2276 manu
536 2255 596 2275 mea
622 2255 629 2274 :
651 2258 664 2272 ι
690 2255 788 2275 manus
811 2247 885 2275 enim
905 2254 965 2274 mea
989 2249 1016 2274 et

218 2294 307 2323 Patris
322 2302 374 2322 una
388 2297 439 2321 est.
456 2303 469 2317 α
484 2293 557 2321 Nam
571 2300 621 2328 ego
636 2296 663 2320 et
676 2293 755 2320 Pater
767 2300 855 2320 unum
873 2298 982 2324 sumus,
999 2301 1013 2315 ν)

218 2339 369 2368 secundum
393 2341 554 2373 potestatem
573 2337 674 2364 scilicet
699 2340 727 2364 et
744 2337 884 2364 virtutem.
901 2337 1014 2363 Manum

219 2384 295 2412 enim
315 2386 478 2418 potestatem
494 2386 521 2410 ct
537 2382 667 2409 virtutem
692 2381 766 2409 dicit.
790 2381 876 2416 Igitur
890 2392 902 2404 ι
918 2381 974 2415 Ego
987 2384 1014 2407 et

218 2430 298 2457 Pater
319 2436 407 2456 unum
437 2435 534 2455 sumus
559 2439 572 2451 ιι
597 2426 749 2454 secundum
781 2424 962 2452 substantiam
986 2428 1013 2452 et

216 2477 343 2501 naturam
365 2476 392 2500 et
407 2476 569 2508 potestatem
594 2479 626 2499 ac
642 2471 733 2498 robur.
750 2469 782 2497 Id
795 2469 868 2505 quod
883 2474 910 2497 et
922 2469 1010 2497 Judazi

216 2525 325 2554 quoque
349 2525 414 2545 cum
434 2517 642 2549 intellexissent,
664 2514 739 2550 quod
753 2514 871 2549 seipsum
895 2514 1012 2542 consub-

215 2562 369 2591 stantialem
397 2563 451 2590 Deo
476 2561 587 2593 faceret,
613 2570 626 2586 (ι
642 2558 762 2594 lapidare
786 2558 913 2586 volebant
935 2566 1008 2590 eum,

213 2612 308 2644 utpote
320 2607 367 2644 qui
385 2615 414 2634 se
428 2606 527 2634 Filium
545 2604 594 2632 Dei
604 2604 706 2632 faceret
721 2603 755 2630 Ἠ.
771 2614 784 2627 ν
797 2602 850 2630 Sed
860 2603 1008 2639 interroga-

212 2653 280 2680 verit
291 2652 428 2688 quispiam
442 2661 447 2678 :
460 2649 607 2684 Quomodo
616 2647 836 2679 dixitDominus,
845 2660 857 2672 ι(
869 2647 966 2676 Nullus
975 2656 1007 2675 ex

211 2705 294 2725 manu
308 2697 397 2724 Patris
411 2695 466 2722 mei
487 2694 574 2729 rapiet
599 2701 655 2726 eas,
673 2705 685 2717 υ
706 2701 770 2721 cum
794 2697 886 2720 tamen
906 2693 1008 2720 multos

209 2742 350 2770 videamus
373 2739 478 2776 perire?
500 2738 655 2767 Dicendum
677 2737 750 2774 quod
776 2745 872 2774 rapere
894 2737 1005 2774 quidem

243 2831 265 2847 "°
279 2830 350 2858 Psal.
367 2837 502 2864 Lxxxm,
516 2832 543 2856 6.
581 2829 601 2846 ⁷¹
619 2830 700 2858 Joan.
719 2837 762 2863 xx,
779 2833 805 2857 8.

1072 2153 1118 2180 τοῦ
1137 2150 1183 2179 καὶ
1207 2148 1300 2183 αὐτοὺς
1319 2151 1497 2187 ἀκολουθῆσαι
1515 2152 1602 2191 αὐτῷ,
1623 2154 1659 2186 ὡς
1683 2148 1811 2184 τοιαῧτα
1834 2156 1884 2184 δω-

1072 2194 1200 2235 ρουμένῳ.
1227 2195 1306 2224 Διατί
1332 2196 1359 2224 δὲ
1387 2207 1480 2236 φησιν·
1509 2207 1523 2224 (ι
1543 2197 1583 2226 Οὐ
1609 2198 1646 2235 μὴ
1663 2198 1854 2238 ἁπόλωνταις
1874 2212 1883 2224 ι

1071 2240 1144 2269 Διότι
1163 2253 1174 2266 α
1194 2239 1278 2272 οὐδεὶς
1298 2239 1407 2269 δύναται
1423 2240 1550 2278 ἁρπάζειν
1575 2242 1641 2271 αὐτὰ
1664 2243 1695 2271 ἐκ
1713 2245 1770 2280 τῆς
1796 2244 1884 2284 χειρός

1071 2296 1138 2322 μου,
1155 2296 1167 2309 ι
1180 2283 1245 2313 διότι
1262 2298 1272 2309 ι
1296 2286 1310 2312 ὁ
1330 2284 1427 2324 Πατήρ
1444 2297 1511 2323 μου,
1526 2285 1553 2319 ὃς
1570 2285 1653 2315 ἔδωκέ
1671 2299 1719 2325 μοι
1749 2302 1763 2314 υ
1779 2283 1883 2323 ταῦτα,

1070 2342 1082 2354 ιι
1106 2329 1202 2366 μείζων
1226 2328 1334 2358 πάντων
1356 2329 1426 2364 ἐστὶ,
1449 2329 1493 2358 καὶ
1516 2330 1568 2359 ἀπὸ
1589 2333 1636 2366 τῆς
1659 2331 1756 2371 χειρὸς
1786 2332 1882 2363 τούτου

1069 2373 1151 2406 οὐδεὶς
1177 2373 1287 2403 δύναται
1310 2374 1438 2414 ἁρπάζειν
1465 2374 1550 2411 αὐτὰ,
1577 2388 1588 2401 ι
1605 2374 1674 2405 ὥστε
1699 2376 1770 2407 οὐδὲ
1795 2393 1809 2406 ι
1833 2379 1884 2407 ἀπὸ

1068 2420 1115 2454 τῆς
1136 2419 1201 2458 ἐμῆς
1221 2418 1320 2458 χειρός.
1348 2418 1406 2448 »Ἡ
1427 2417 1477 2458 γὰρ
1490 2419 1581 2459 χεὶρὴ
1604 2419 1656 2457 ἐμὴ
1679 2421 1732 2450 καὶ
1750 2425 1804 2451 τοῦ
1820 2424 1880 2453 Πα-

1068 2463 1127 2503 τρὸς
1150 2463 1209 2502 μία.
1236 2477 1248 2489 α
1268 2462 1342 2502 Ἐγὼ
1373 2463 1425 2504 γὰρ
1451 2464 1496 2493 καὶ
1522 2467 1536 2494 ὃ
1560 2464 1657 2505 Πατὴρ
1684 2464 1715 2494 ἕν
1744 2468 1852 2506 ἐσμεν,
1873 2481 1883 2492 ι

1068 2507 1137 2537 κατὰ
1157 2507 1205 2543 τὴν
1224 2507 1342 2541 ἐξουσίαν
1364 2506 1466 2543 δηλαδὴ
1489 2507 1534 2538 καὶ
1559 2507 1605 2544 τὴν
1632 2509 1775 2548 δύναμιν·
1804 2513 1882 2552 χεῖρα

1066 2552 1117 2593 γὰρ
1144 2553 1192 2588 τὴν
1217 2552 1336 2586 ἐξουσίαν
1362 2551 1408 2582 καὶ
1431 2553 1479 2588 τὴν
1503 2552 1616 2591 δύναμιν
1641 2547 1730 2592 λέγει.
1759 2570 1775 2584 ι
1805 2547 1883 2596 sli-ﬁo

1065 2598 1151 2627 τοίνυν
1173 2597 1219 2627 καὶ
1244 2598 1258 2626 ὁ
1275 2598 1370 2636 Πατὴρ
1395 2596 1422 2642 ἔν
1449 2598 1529 2636 ἐσμεν
1557 2611 1568 2624 ιι
1589 2597 1665 2642 ,κατὰ
1688 2599 1747 2642 de:
1780 2601 1880 2642 φύσιν,

1064 2642 1110 2671 καὶ
1135 2642 1183 2678 τὴν
1199 2642 1305 2677 οὐσίαν,
1326 2642 1371 2670 καὶ
1396 2641 1426 2671 τὸ
1447 2642 1553 2682 κράτος.
1580 2640 1673 2683 Ὅπερ
1702 2640 1759 2674 οὖν
1786 2640 1837 2676 οιαὶ
1860 2647 1882 2676 οἱ

1064 2687 1187 2717 Ἰουδαῖοι
1218 2686 1385 2724 συνιδόντες,
1417 2686 1457 2716 ὅτι
1489 2687 1626 2725 ὁμοούσιον
1659 2689 1767 2720 ἑαυτὸν
1811 2695 1882 2721 ποιεῖ

1063 2731 1108 2761 διὰ
1126 2731 1224 2762 τούτων
1245 2733 1298 2761 τῶν
1320 2732 1447 2772 ῥημάτων
1470 2735 1515 2761 τοῦ
1531 2733 1617 2768 Θεοῦ,
1640 2732 1731 2768 λίθοις
1761 2735 1882 2766 ἔϐαλλον
