1910 3077
203 162 237 188 83

710 158 966 186 THEOPHYLACTI
985 157 1164 186 BULGARl/E
1182 157 1338 186 ARCHIEP.

1822 157 1860 184 84

203 223 318 256 salvare,
332 227 359 250 et
377 230 432 250 non
454 221 574 249 hominis
592 221 678 257 gratia
692 220 818 249 deiﬁcati.
838 232 849 246 ι
870 221 899 249 Si
919 221 994 257 igitur

1090 222 1145 254 λοις
1168 220 1223 260 εἰμὶ
1245 221 1323 259 θεοῖς,
1356 218 1427 248 ἀλλὰ
1450 218 1519 253 Θεὸς
1544 218 1677 255 ἀληθινός.
1701 219 1772 249 Θεοῦ
1803 219 1859 259 γὰρ

202 268 241 296 illi
256 267 291 296 ad
314 275 384 303 quos
402 266 455 294 Dei
478 274 571 294 sermo
594 265 682 293 factus
703 270 754 298 est,
780 275 795 292 »
818 266 871 294 hoc
885 270 938 300 est,
954 273 1003 301 ego

205 317 287 349 (nam
319 319 368 347 ego
394 311 477 347 653
506 319 569 339 sum
605 312 701 339 Sermo
724 310 786 344 Dei,
823 315 851 339 et
885 311 1005 338 babitavi

204 358 234 385 in
249 357 312 389 illis,
328 356 516 392 concessitque
532 356 572 384 eis
586 359 617 384 ut
632 356 828 392 adoptarentur
845 356 875 384 in
895 356 979 389 ﬁlios)
995 365 1001 383 :

203 401 225 429 si
241 401 324 436 igitur
337 401 376 428 illi
394 400 443 434 dii,
460 401 548 428 multo
564 400 650 437 magis
665 408 715 436 ego
736 405 813 429 extra
828 409 940 429 omnem
953 408 1003 428 no-

202 453 266 473 xam
288 453 360 479 sum,
385 446 477 473 Deum
501 453 602 473 vocans
622 445 769 481 meipsum,
792 446 840 481 qui
854 450 881 473 et
902 449 1002 473 natura

203 497 264 518 sum
297 490 378 525 Deus,
414 494 443 518 et
473 490 533 518 aliis
556 489 608 518 hoc
631 490 760 518 concedo.
789 489 1002 518 Confundantur

203 533 268 562 hinc
283 534 374 562 Ariani
394 538 422 562 et
445 535 611 563 Nestoriani.
629 536 702 563 Nam
727 538 755 563 et
778 534 866 563 Filius
888 535 950 569 Dei,
974 539 1002 563 et

203 580 278 607 Deus
307 579 460 607 substantia
488 583 638 615 naturaque
663 583 706 607 est
732 579 869 613 Christus,
894 583 922 608 et
945 587 1001 607 non

203 628 338 658 creatura,
362 629 389 652 et
411 624 471 652 aliis
492 623 541 652 dat
562 624 691 652 deitatem
710 624 747 652 ad
765 633 834 661 quos
857 624 888 652 fit
903 625 1000 652 Sermo

203 668 248 704 qui
272 673 314 696 est
336 668 397 702 Dei,
422 669 469 696 sed
497 677 554 697 non
568 669 625 704 ipse
652 670 738 704 gratia
753 669 908 697 deiﬁcatur.
927 671 1000 697 Nam

203 713 346 741 manifeste
360 718 469 749 separat
493 722 522 741 se
538 713 574 741 ab
588 713 630 741 his
655 714 703 750 qui
718 714 806 750 gratia
822 714 997 748 deiiieantur,

203 761 315 793 propter
341 766 372 786 ea
398 766 459 793 qua:
484 758 530 786 hic
555 757 695 793 dicuntur,
723 763 750 786 et
781 759 900 786 ostendit
925 758 1000 795 quod

202 802 288 830 etiam
310 803 362 830 illis
381 802 440 838 ipse
464 803 500 830 sit
515 807 610 831 auctor
628 803 808 831 deiﬁcationis
831 805 927 831 Sermo
953 803 1000 839 qui

203 847 254 874 Dei
278 851 330 881 est,
346 851 374 875 et
395 847 532 875 inhabitat
546 848 575 875 in
597 848 637 876 eis
662 858 667 875 :

202 890 256 919 hoc
270 891 343 927 quod
357 891 433 926 dicit,
457 903 471 918 ‹‹
486 892 532 920 Ad
547 900 615 928 quos
630 894 726 921 Sermo
741 893 794 920 Dei
816 893 904 921 factus
919 897 968 926 est,
985 904 998 916 ιο

202 935 256 963 hoc
268 940 320 971 est,
336 936 363 963 in
386 937 486 972 quibus
501 936 645 965 habitavit.
669 937 818 972 Quomodo
833 937 917 973 igitur
928 937 1000 965 blas-

201 979 304 1016 phemo
332 979 426 1008 dicens
455 981 557 1009 Filium
591 982 643 1009 Dei
677 982 832 1017 meipsum?
867 982 999 1018 Quamvis

201 1025 274 1053 enim
288 1029 317 1053 et
336 1032 448 1053 carnem
468 1025 555 1054 feram
569 1031 595 1054 et
610 1034 643 1054 ex
657 1027 762 1054 semine
774 1027 826 1054 sim
841 1027 939 1061 David,
951 1026 999 1054 sed

201 1069 336 1105 ignoratis
357 1074 570 1105 sacramentum,
586 1075 613 1099 et
627 1071 702 1107 quod
717 1079 773 1099 non
787 1072 866 1099 aliter
879 1072 1000 1107 potuerit

200 1114 466 1143 carnalishominum
476 1119 572 1143 natura
582 1116 633 1144 Dei
643 1116 761 1152 recipere
770 1116 998 1150 familiaritatem,

201 1167 284 1194 quam
302 1167 348 1194 per
365 1167 486 1195 carnem,
503 1161 580 1197 quasi
595 1161 624 1188 in
639 1161 794 1189 velamento
816 1161 840 1189 ei
854 1159 998 1188 familiaris

201 1203 309 1231 fuisset.

235 1298 325 1325 Vens.
343 1300 387 1332 37,
401 1299 445 1325 38.
473 1307 487 1324 α
501 1298 529 1326 Si
550 1306 607 1326 non
630 1297 700 1326 facio
723 1306 807 1334 opera
828 1298 916 1326 Patris
930 1299 997 1332 mei,

199 1341 284 1369 nolite
298 1342 409 1370 credere
422 1342 491 1370 mihi
512 1352 517 1370 :
540 1344 581 1370 sin
596 1351 660 1370 vero
675 1342 760 1377 facio,
772 1347 800 1370 et
821 1343 845 1370 si
859 1343 926 1370 mihi
942 1351 997 1371 non

199 1385 321 1420 creditis,
344 1387 472 1422 operibus
491 1387 605 1421 credite,
621 1392 652 1415 ut
672 1388 842 1423 cognoscatis
857 1392 885 1415 et
902 1387 995 1415 creda-

199 1431 235 1458 tis
249 1430 323 1466 quod
347 1432 430 1458 Pater
448 1431 476 1458 in
499 1439 544 1458 me
568 1435 620 1465 est,
635 1435 662 1459 et
683 1440 733 1467 ego
749 1432 777 1459 in
799 1440 841 1459 co.
857 1443 871 1457 ν
892 1432 992 1467 Vultis,

198 1475 298 1510 inquit,
320 1476 389 1503 scire
403 1475 589 1511 mqualitatem
605 1484 668 1504 cum
684 1477 782 1504 Patre?
796 1478 821 1504 A
846 1477 995 1504 substantia

1060 265 1140 298 ὅντως
1159 265 1233 305 ἔργον
1259 265 1289 294 τὸ
1315 264 1426 300 σώζειν,
1449 265 1508 294 ἀλλ’
1527 265 1574 293 οὖκ
1601 263 1737 303 ἀνθρώπου
1763 264 1861 304 χάριτι

1059 311 1207 344 θεωθέντος.
1237 311 1271 340 Εἰ
1288 309 1374 339 τοίνυν
1397 311 1491 339 ἐκεῖνοι
1507 322 1519 335 α
1540 308 1605 348 πρὸς
1619 308 1663 342 οὓς
1684 311 1697 339 ὁ
1715 309 1794 349 λόγος
1810 311 1861 338 τοῦ

1058 355 1131 385 Θεοῦ
1151 355 1268 394 ἐγένετο,
1286 368 1298 380 ι
1320 353 1453 383 τουτέστιν
1473 353 1535 393 ἐγὼ,
1561 353 1646 393 Λόγος
1662 353 1713 394 γὰρ
1735 353 1789 393 ἐγὼ
1810 356 1862 383 τοῦ

1057 401 1143 438 Θεοῦ,
1161 399 1206 430 καὶ
1231 399 1369 434 ἓνοικήσας
1389 400 1415 428 ἐν
1441 398 1558 436 ἐκείνοις,
1577 399 1746 438 ἐχαρισάμην
1766 399 1863 431 αὐτοῖς

1056 444 1104 481 τὴν
1119 443 1249 474 υἱοθεσίαν
1261 456 1267 462 ·
1281 445 1304 473 εἷ
1318 439 1362 473 οὖν
1378 445 1472 473 ἐκεῖνοι
1492 443 1561 481 θεοὶ,
1575 445 1667 482 πολλῷ
1683 445 1785 481 μᾶλλον
1803 443 1861 482 ἐγὼ

1055 489 1144 526 πάσης
1159 489 1190 519 ἂν
1208 489 1262 526 εἴην
1281 488 1365 521 αἰτίας
1380 488 1470 524 ἐκτὸς,
1491 489 1561 518 Θεὸν
1586 487 1701 526 ἐμαυτὸν
1725 488 1819 517 καλῶν
1845 489 1861 517 ὁ

1055 534 1101 564 xui
1128 535 1204 574 φύσει
1230 533 1280 570 ὧν,
1304 533 1350 562 καὶ
1374 533 1428 566 τοῖς
1455 532 1545 566 ἄλλοις
1565 535 1643 562 τοῦτο
1670 532 1860 572 χαριζόμενος.

1053 579 1278 618 Αἷσχυνέσθωσαν
1308 580 1424 608 ἐντεῦθεν
1450 577 1579 617 Ἀρειανοὶ
1601 578 1646 607 καὶ
1666 578 1858 617 Νεστοριανοί.

1055 624 1117 658 Υἱός
1136 636 1164 653 τε
1179 624 1230 664 γὰρ
1247 625 1331 659 Θεοῦ,
1355 623 1400 652 καὶ
1416 622 1484 655 Θεὸς
1502 622 1578 662 οὐσίᾳ
1598 623 1643 652 καὶ
1659 623 1735 663 φύσει
1750 624 1764 651 ὁ
1787 623 1859 662 Χρι-

1054 669 1132 705 στὸς,
1150 670 1209 698 ιίιλλ⁷
1225 669 1254 698 οὖ
1270 668 1382 706 κτίσμα,
1409 667 1455 696 καὶ
1470 672 1522 700 τοῖς
1548 668 1637 700 ἄλλοις
1650 667 1790 708 χαρίζεται
1806 668 1858 703 τὴν

1053 714 1176 750 θεότητα,
1204 713 1270 753 πρὸς
1296 712 1339 746 οὓς
1361 712 1392 741 ἂν
1420 712 1521 751 γένοιτο
1543 711 1629 750 Λόγος
1648 711 1684 740 ὢν
1704 714 1750 741 τοῦ
1765 715 1855 750 Θεοῦ,

1055 759 1113 787 ἀλλ’
1135 760 1164 788 οὗ
1191 759 1282 798 χάριτι
1309 757 1386 791 αὐτὸς
1413 760 1528 788 θεοῦται.
1558 756 1776 786 Ἀποδιαστέλλει
1802 758 1857 798 γὰρ

1054 806 1194 842 προφανῶς
1210 803 1301 833 ἑαυτὸν
1318 802 1371 832 ἀπὸ
1383 803 1436 831 τῶν
1451 801 1542 842 χάριτι
1565 801 1725 840 ϐεουμένων,
1740 801 1783 831 διὰ
1801 804 1857 831 τῶν

691 847 767 884 quod
791 848 928 884 signiﬁcat
951 856 994 884 per

1090 851 1165 877 ταῧοα
1189 847 1354 886 λεγομένων,
1379 847 1425 876 xui
1449 846 1578 875 δείκνυσιν
1597 846 1638 875 ὅτι
1658 846 1790 880 κάκείνοις
1806 848 1856 876 αὖ·

1055 892 1097 926 τὸς
1119 892 1241 932 πρόξενος
1258 894 1305 927 τῆς
1331 891 1462 928 θεώσεως,
1485 891 1568 930 Λόγος
1587 889 1624 920 ὢν
1647 894 1693 920 τοῦ
1710 892 1782 921 Θεοῦ
1808 891 1856 921 καὶ

1053 938 1160 966 ἐνοικῶν
1178 939 1276 971 αὐτοῖς.
1294 938 1381 967 Τοῦτο
1406 936 1457 976 γὰρ
1481 935 1605 973 σημαίνει
1623 935 1667 965 διὰ
1691 937 1737 965 τοῦ
1755 937 1854 975 εἰπεῖν,

1053 995 1066 1009 α
1089 982 1161 1022 Πρὸς
1185 981 1228 1016 οὓς
1249 984 1263 1011 ὃ
1289 981 1365 1020 λόγος
1383 984 1428 1010 τοῦ
1448 982 1518 1010 Θεοῦ
1536 980 1656 1022 ἐγένετο,
1677 993 1689 1007 ι
1715 981 1854 1018 τουτέστι,

1105 1020 1146 1038 v‘?‘
1189 1027 1197 1037 θ
1222 1026 1229 1037 l
1340 1022 1355 1027 "'
1385 1026 1391 1035 θ
1419 1024 1426 1035 ι
1559 1027 1574 1033 ~
1627 1020 1644 1035 ’τ
1814 1028 1832 1034 ..

1054 1030 1102 1065 μεθ
1126 1039 1162 1056 ων
1185 1038 1304 1066 εγενετο,
1328 1028 1365 1059 οἱς
1380 1037 1509 1066 ενῳκησε.
1527 1026 1590 1058 Πως
1613 1037 1657 1054 ουν
1679 1026 1852 1065 βλασφημω,

1053 1073 1136 1110 λέγων
1154 1071 1218 1103 Υἱὸν
1242 1073 1313 1101 Θεοῦ
1335 1070 1464 1109 ἐμαυτόν;
1486 1071 1522 1100 Εἰ
1534 1069 1585 1110 γὰρ
1601 1069 1648 1098 καὶ
1664 1070 1750 1109 σάρκα
1765 1073 1851 1110 φορῶ,

1052 1116 1099 1146 καὶ
1126 1118 1156 1145 ἐκ
1193 1115 1346 1156 σπέρματος
1374 1114 1458 1145 Δαυΐδ
1492 1115 1557 1153 εἰμι,
1587 1114 1645 1143 ἀλλ’
1675 1115 1793 1153 ἀγνοεῖτε
1823 1115 1853 1144 τὸ

1053 1161 1207 1200 μυστήριον,
1230 1161 1276 1189 xui
1295 1162 1336 1189 ὅτι
1364 1161 1411 1189 οὖκ
1437 1159 1524 1192 ἄλλως
1553 1158 1668 1194 ἠδύνατο
1688 1162 1704 1194 ἡ
1732 1160 1851 1199 σαρκικὴ

1051 1207 1103 1234 τῶν
1118 1205 1264 1245 ἀνθρώπων
1288 1204 1364 1245 φύσις
1390 1203 1514 1237 δέξασθαι
1529 1206 1602 1235 Θεοῦ
1623 1203 1746 1242 ὁμιλίαν,
1772 1205 1795 1234 εἰ
1813 1204 1850 1244 μὴ

1051 1249 1095 1279 διὰ
1117 1250 1213 1290 σαρκὸς
1237 1251 1358 1288 ὡμίλησε
1385 1249 1478 1289 ταύτῃ,
1498 1250 1532 1282 ὡς
1553 1250 1579 1277 ἐν
1605 1248 1850 1288 παραπετάσματι.

1092 1308 1104 1320 ιι
1128 1296 1162 1325 Εἰ
1186 1295 1215 1324 οὖ
1238 1297 1306 1324 ποιῶ
1325 1295 1358 1323 τὰ
1375 1293 1439 1333 ἔργα
1466 1297 1512 1323 τοῦ
1540 1293 1646 1332 Πατρός
1669 1304 1733 1332 μου,
1751 1293 1790 1331 μὴ
1806 1306 1852 1324 πι-

1051 1338 1156 1368 στεύετέ
1173 1351 1233 1378 μοι,
1249 1341 1270 1368 εἴ
1287 1338 1314 1368 δὲ
1328 1340 1405 1375 ποιῶ,
1424 1337 1474 1367 κᾶν
1491 1338 1550 1376 ἐμοὶ
1569 1338 1606 1376 μὴ
1622 1337 1782 1375 πιστεύητε,
1796 1344 1852 1373 τοῖς

1051 1383 1134 1423 ἔργοις
1150 1383 1326 1422 πιστεύσατε,
1344 1382 1387 1412 ἵνα
1407 1384 1491 1421 γνῶτε
1507 1383 1553 1412 καὶ
1576 1382 1754 1419 πιστεύσητε,
1779 1382 1823 1412 ὅτι
1838 1386 1852 1413 ὃ

1052 1429 1146 1468 Πατὴρ
1168 1429 1193 1456 ἐν
1209 1428 1282 1465 ἐμοὶ,
1298 1426 1373 1466 κάγὼ
1389 1428 1415 1456 ἓν
1431 1428 1510 1468 αὐτῷ.
1528 1442 1540 1454 ›ι
1555 1428 1672 1463 Θέλετε,
1689 1427 1764 1467 φησὶ,
1778 1429 1851 1466 γνῶ-

1050 1485 1092 1502 ναι
1107 1473 1154 1508 τὴν
1170 1473 1235 1512 πρὸς
1253 1472 1297 1502 τὸν
1324 1472 1434 1511 Πατέρα
1459 1472 1586 1508 ἰσότητα,
1610 1472 1673 1501 Ἀπὸ
1688 1474 1736 1507 τῆς
1760 1473 1851 1507 οὐσίας

197 1527 254 1547 non
273 1519 387 1555 potestis
401 1520 471 1548 scire
493 1520 678 1556 [impossibile
693 1521 765 1548 enim
781 1525 822 1548 est
840 1521 911 1548 scire
934 1521 994 1549 sub-

1107 1518 1215 1547 δύνασθε
1244 1519 1358 1556 γνῶναι·
1383 1516 1511 1546 ἀδύνατον
1545 1516 1598 1557 γὰρ
1623 1518 1722 1555 γνῶναι
1758 1517 1850 1547 οὐσίαν

197 1564 327 1592 stantiam
340 1564 419 1600 Dei],
434 1563 482 1592 sed
501 1565 611 1600 accipite
623 1573 656 1592 ex
672 1573 786 1601 operum
798 1566 955 1601 aequalitate
969 1570 996 1594 et

196 1609 339 1637 ideutitate
360 1609 494 1637 indicium
513 1609 663 1638 identitatis
682 1610 835 1638 secundum
856 1610 994 1638 virtutem.

196 1655 238 1681 Ex
258 1653 301 1681 his
316 1653 450 1682 habebitis
465 1654 577 1682 deitatis
591 1662 662 1682 mem
674 1655 878 1689 testimonium,
891 1659 918 1682 et
927 1655 994 1683 scie-

196 1698 234 1726 tis
257 1702 285 1725 et
309 1698 425 1726 credetis
444 1698 519 1734 quod
540 1698 609 1726 nihil
629 1707 679 1735 ego
703 1699 778 1727 aliud
793 1707 853 1727 sum
868 1708 952 1736 quam
967 1700 995 1728 id

198 1742 275 1778 quod
288 1744 381 1770 Pater.
398 1742 531 1770 Eamdem
547 1743 623 1771 enim
638 1743 821 1772 substantiam
835 1744 922 1772 habeo
935 1752 995 1772 ma-

197 1794 265 1814 nens
286 1787 382 1820 Filius,
398 1791 425 1815 et
437 1787 578 1823 hypostasi
594 1787 735 1816 differens.
756 1788 886 1816 Similiter
900 1793 927 1817 et
941 1790 995 1817 Pa-

198 1835 240 1858 ter
251 1839 365 1859 manens
380 1833 468 1866 Pater,
483 1837 511 1860 et
524 1832 656 1860 differens
676 1832 828 1868 hypostasi,
841 1833 908 1861 nihil
920 1833 994 1861 aliud

197 1880 238 1903 est
253 1884 339 1912 quam
358 1876 453 1911 Filius,
478 1877 632 1905 secundum
646 1877 827 1905 substantiam
847 1878 951 1906 scilicet
964 1887 996 1906 ac

196 1925 350 1950 naturam:
374 1921 498 1957 quamvis
524 1925 617 1949 autem
637 1930 685 1957 per
708 1922 869 1958 hypostases
891 1922 995 1951 differi-

198 1972 269 2000 mus,
293 1969 321 1993 at
344 1974 401 1993 non
422 1970 583 2001 separantur
618 1966 791 2002 hypostases,
815 1967 865 1995 sed
888 1968 917 1995 in
952 1976 994 1996 se-

196 2009 263 2045 ipsis
293 2010 365 2038 alter
384 2010 413 2037 in
427 2010 514 2038 altero
529 2014 594 2038 sunt
614 2011 716 2047 absque
730 2011 892 2040 confusione
914 2013 995 2040 Pater

195 2057 223 2082 et
244 2054 338 2082 Filius.
355 2055 418 2082 Non
431 2055 505 2082 enim
518 2055 589 2082 sicut
602 2056 675 2091 apud
690 2064 741 2084 nos
761 2062 839 2092 pater
853 2061 993 2092 separatus

196 2101 238 2126 est
256 2106 273 2126 a
287 2098 355 2132 ﬁlio,
370 2099 495 2134 quamvis
519 2103 618 2128 natura
632 2109 718 2128 unum
739 2101 804 2135 sint,
820 2101 857 2128 ita
872 2105 899 2129 et
912 2101 942 2128 in
954 2101 995 2128 di-

195 2142 266 2170 vinis
286 2143 420 2179 personis;
450 2143 501 2172 sed
524 2144 553 2172 in
575 2144 671 2181 seipsis
694 2146 763 2174 alter
778 2146 805 2173 in
828 2145 914 2173 altero
929 2149 994 2173 sunt

194 2187 298 2224 absque
316 2187 487 2217 confusione.
506 2190 654 2226 Propterea
672 2198 724 2218 nos
739 2195 796 2218 tres
817 2189 930 2226 quidem
944 2190 993 2217 lio-

194 2231 284 2260 mines
294 2231 422 2267 dicimur,
441 2238 536 2270 utpote
555 2235 739 2263 subsistentiis
753 2235 881 2270 separati,
896 2238 923 2261 et
939 2242 994 2262 non

194 2284 284 2304 unum
307 2277 414 2313 proprie
429 2278 601 2307 exsistentes.
622 2281 654 2307 In
671 2280 763 2307 divina
786 2283 881 2307 autem
895 2278 993 2307 Triadc

195 2329 266 2349 unus
287 2322 374 2357 Deus,
398 2323 445 2350 sed
468 2331 524 2351 non
539 2328 593 2352 tres
611 2324 659 2358 dii,
683 2328 794 2360 propter
815 2331 993 2358 personarum

193 2365 368 2395 inconfusam
391 2367 692 2399 circumincessionem,
720 2367 791 2396 adde
817 2372 845 2396 et
865 2368 992 2396 eamdem

192 2410 362 2439 volitionem.

226 2456 316 2483 Vens.
326 2458 417 2484 39-42.
424 2456 767 2492 Quaerebantergoiterum
775 2457 992 2492 eumapprehen-

189 2497 266 2533 dere,
280 2504 307 2527 et
317 2500 403 2528 exivit
417 2500 452 2528 de
463 2509 548 2528 manu
561 2509 668 2534 eorum,
682 2504 710 2527 et
721 2500 789 2528 abiit
803 2501 902 2529 iterum
916 2506 991 2530 trans

188 2543 340 2572 Iordanem
355 2545 382 2572 iu
397 2553 460 2572 eum
476 2545 568 2572 locum
581 2545 629 2571 ubi
638 2544 728 2572 fuerat
739 2546 837 2573 Joanes
851 2546 990 2581 baptizans

188 2589 323 2625 primum,
350 2590 509 2626 mansitque
534 2589 600 2616 illic.
627 2591 662 2617 Et
690 2590 771 2618 multi
795 2595 928 2619 venerunt
955 2592 988 2620 ad

188 2641 264 2668 eum,
286 2642 320 2662 ac
333 2634 462 2661 dicebant
487 2642 494 2661 :
510 2635 633 2661 Joannes
647 2634 758 2670 quidem
779 2635 889 2672 signum
905 2636 989 2664 edidit

187 2679 297 2706 nullum
314 2688 321 2705 :
336 2678 431 2706 omnia
445 2682 539 2706 autem
557 2686 726 2715 quiccunque
738 2679 808 2708 dixit
820 2682 942 2709 Joannes
954 2681 988 2710 de

186 2722 250 2756 hoc,
267 2730 330 2750 vera
343 2726 431 2757 erant,
449 2726 476 2750 et
491 2722 670 2751 crediderunt
681 2725 758 2752 multi
772 2725 829 2753 illic
841 2726 870 2753 in
883 2734 959 2754 eum.
973 2738 986 2751 ν

186 2766 442 2803 Quaeruntquidem
452 2767 654 2803 apprehendere
667 2770 829 2805 Dominum,
837 2770 923 2806 654
932 2779 987 2799 non

186 2809 305 2839 ferentes
327 2818 404 2846 eum,
424 2812 498 2848 quod
523 2817 581 2842 tam
606 2814 726 2843 sublime
750 2814 785 2844 de
809 2823 839 2844 se
862 2815 986 2844 testimo-

1010 2171 1034 2203 D

1050 1564 1133 1593 Θεοῦ·
1152 1562 1205 1591 ἀπὸ
1219 1564 1266 1598 τῆς
1287 1564 1340 1591 τῶν
1355 1561 1438 1601 ἔργων
1461 1561 1506 1591 οὖν
1522 1561 1646 1597 ἷσότητός
1664 1573 1694 1590 τε
1713 1561 1760 1590 καὶ
1780 1574 1850 1592 tuin

1050 1607 1157 1643 τότητος
1176 1607 1306 1640 ἀπόδειξιν
1321 1608 1368 1642 τῆς
1389 1605 1458 1635 κατὰ
1480 1605 1528 1641 τὴν
1549 1605 1659 1644 δύναμιν
1685 1606 1849 1642 ταυτότητος

1049 1651 1159 1681 λάϐετε·
1182 1652 1236 1681 ἀπὸ
1269 1651 1369 1681 τούτων
1391 1651 1442 1691 γὰρ
1468 1650 1544 1679 ἔσται
1572 1652 1633 1688 ὑμῖν
1663 1653 1679 1686 ἡ
1709 1653 1758 1686 τῆς
1784 1652 1849 1689 ἐμῆς

1049 1697 1171 1732 θεότητος
1191 1695 1337 1737 μαρτυρία,
1359 1695 1405 1725 καὶ
1428 1694 1578 1734 γνώσεσθε,
1605 1694 1650 1724 καὶ
1675 1696 1847 1732 πιστεύσετε,

1049 1741 1090 1771 ὅτι
1107 1741 1178 1771 οὐδὲν
1194 1741 1260 1770 ἄλλο
1284 1741 1337 1780 ἐγώ
1357 1742 1427 1779 εἶμι,
1444 1739 1461 1775 ἢ
1477 1739 1541 1779 ὅπερ
1557 1741 1571 1768 ὁ
1597 1739 1704 1780 Πατήρ.
1722 1740 1781 1776 Τὴν
1796 1741 1848 1781 γὰρ

1050 1786 1132 1822 αὐτὴν
1156 1786 1246 1815 οὖσίαν
1273 1785 1327 1825 ἔχω
1356 1785 1441 1824 μένων
1467 1785 1545 1821 Υἱὸς,
1571 1784 1618 1814 καὶ
1639 1787 1672 1825 τῇ
1703 1785 1846 1815 ὑποστάσει

1049 1831 1193 1871 διαφέρων.
1223 1830 1364 1863 ίΩσαύτως
1375 1830 1421 1859 xui
1435 1831 1449 1858 6
1462 1829 1559 1870 Πατὴρ
1573 1829 1658 1867 μένων
1675 1829 1785 1870 Πατὴρ,
1801 1831 1846 1859 καὶ

1048 1877 1080 1915 τῇ
1096 1875 1240 1905 ὑποστάσει
1252 1874 1398 1914 διαφέρων,
1414 1874 1488 1903 οὐδὲν
1503 1875 1568 1903 ἄλλο
1582 1874 1651 1910 ἐστὶ,
1667 1873 1684 1910 ἢ
1700 1874 1763 1907 Υἱὸς
1778 1875 1846 1903 κατὰ

1048 1921 1097 1956 τὴν
1119 1919 1210 1949 οὐσίαν
1227 1918 1329 1954 δηλαδὴ
1354 1918 1400 1948 xui
1427 1918 1476 1953 τὴν
1499 1919 1586 1958 φύσιν.
1605 1919 1639 1948 Εἰ
1666 1918 1693 1947 δὲ
1717 1918 1763 1947 καὶ
1787 1923 1846 1953 ταῖς

1048 1964 1210 1994 ὖποστάσεσι
1226 1964 1399 2002 διαφέρομεν,
1424 1963 1483 1991 ἀλλ’
1500 1963 1529 1992 οὐ
1548 1963 1706 2002 χωρίζονται
1729 1965 1757 1993 αἱ
1780 1968 1846 1993 ὑπο-

1048 2008 1154 2041 στάσεις
1176 2008 1222 2036 καὶ
1236 2005 1399 2043 διίστανται,
1416 2007 1473 2036 ἀλλ’
1489 2009 1515 2036 ἐν
1532 2008 1657 2044 ἀλλήλοις
1681 2007 1746 2037 εἰσὶν
1764 2010 1848 2047 ἀσυγ-

1047 2050 1133 2092 χύτιικ
1157 2054 1170 2082 ὁ
1190 2052 1287 2091 Πατὴρ
1302 2052 1347 2081 καὶ
1369 2053 1382 2081 ὁ
1396 2052 1471 2085 Υἱός·
1486 2053 1515 2082 οὖ
1529 2051 1581 2092 γὰρ
1597 2052 1687 2092 ὥσπερ
1705 2053 1745 2091 ἐφ’
1768 2054 1846 2091 ἡμῶν

1048 2098 1062 2126 ὁ
1079 2097 1168 2137 πατὴρ
1189 2095 1351 2137 κεχώρισται
1367 2099 1414 2126 τοῦ
1424 2098 1496 2136 υἱοῦ,
1511 2096 1556 2126 xui
1572 2098 1604 2136 τῇ
1621 2097 1696 2137 φύσει
1709 2096 1736 2126 ἕν
1752 2098 1842 2134 ἐστιν,

1049 2141 1131 2174 οὕτως
1146 2141 1198 2182 ἄρα
1225 2142 1271 2171 καὶ
1296 2142 1340 2171 ἐπὶ
1363 2143 1415 2170 τῶν
1431 2141 1506 2171 οείων
1530 2142 1716 2170 ὑποστάσεων·
1739 2143 1799 2171 ἀλλ’
1819 2143 1846 2172 ἓν

1050 2186 1173 2222 ἀλλήλοις
1186 2186 1250 2216 εἰσὶν
1267 2186 1430 2227 ἆσυγχύτως.
1446 2185 1493 2216 Διὸ
1508 2186 1552 2216 καὶ
1568 2187 1643 2225 ἡμεῖς
1659 2190 1727 2225 τρεῖς
1744 2186 1846 2227 ἅνθρω-

1047 2242 1094 2260 ποι
1120 2231 1267 2271 λεγόμεθα,
1284 2233 1320 2265 ὡς
1345 2235 1403 2265 ταῖς
1428 2231 1589 2261 ὑποστάσεσι
1616 2231 1779 2268 διιστάμενοι
1799 2231 1846 2261 καὶ

1047 2276 1096 2315 οὔχ
1118 2275 1146 2305 ἓν
1163 2276 1258 2316 κυρίως
1279 2276 1363 2312 ὄντες,
1385 2275 1429 2304 ἐπὶ
1452 2274 1479 2304 δὲ
1503 2277 1550 2310 τῆς
1570 2275 1646 2314 ἁγίας
1669 2276 1784 2315 Τριάδος
1810 2271 1846 2310 εἷς

1046 2321 1133 2359 Θεὸς,
1147 2321 1206 2350 ἀλλ’
1223 2322 1252 2351 οὗ
1269 2322 1356 2361 τρεῖς,
1371 2320 1415 2350 διὰ
1429 2320 1475 2356 τὴν
1498 2321 1549 2349 τῶν
1573 2319 1745 2349 ὕποστάσεων
1763 2320 1846 2359 ἀσύγ-

1045 2377 1125 2405 χυτον
1152 2367 1178 2394 ἐν
1214 2366 1338 2402 ἀλλήλοις
1361 2366 1562 2406 περιχώρησιν,
1589 2364 1702 2404 πρόσθες
1725 2364 1772 2394 καὶ
1794 2365 1844 2401 τὴν

1046 2410 1237 2440 ταυτοϐουλίαν
1254 2410 1299 2440 καὶ
1316 2411 1347 2440 τὸ
1366 2409 1532 2443 ταυτοθελές.

1089 2469 1102 2480 ι
1127 2454 1257 2490 ³Ιῗζήτουν
1274 2450 1318 2484 οὖν
1343 2454 1423 2484 πάλιν
1441 2453 1517 2483 αὐτὸν
1532 2453 1644 2491 πιάσαι,
1670 2453 1717 2483 καὶ
1736 2454 1842 2490 ἐξῆλθεν

1043 2501 1072 2530 ἐκ
1091 2501 1138 2534 τῆς
1158 2500 1246 2539 χειρὸς
1272 2501 1369 2534 αὐτῶν,
1394 2498 1440 2527 καὶ
1467 2499 1570 2534 ἀπῆλθε
1593 2498 1674 2527 πάλιν
1696 2497 1780 2538 πέραν
1797 2501 1842 2528 τοῦ

1044 2545 1177 2584 Ἰορδάνου
1203 2545 1237 2577 εἷς
1257 2544 1301 2573 τὸν
1326 2543 1417 2580 τόπον,
1446 2541 1511 2572 ὅπου
1534 2540 1565 2579 ἧν
1581 2542 1708 2578 Ἰωάννης
1726 2543 1756 2572 τὸ
1765 2546 1842 2584 πρῶ-

1043 2583 1088 2618 τον
1105 2589 1252 2628 βαπτίζων,
1278 2587 1324 2617 καὶ
1348 2587 1450 2626 ἔμεινεν
1476 2588 1539 2618 ἐκεῖ.
1566 2586 1621 2617 Καὶ
1644 2587 1737 2616 πολλοὶ
1762 2583 1841 2624 ’ἦλθον

1043 2634 1106 2674 πρὸς
1130 2634 1209 2663 αὐτὸν
1238 2632 1284 2662 καὶ
1310 2633 1415 2672 ἔλεγον,
1441 2631 1482 2661 ὅτι
1505 2632 1631 2674 Ἰωάννης
1657 2631 1705 2670 μὲν
1730 2637 1840 2671 σημεῖον

1042 2672 1166 2714 ἐποίησεν
1190 2677 1282 2716 οὐδὲν,
1309 2677 1397 2707 πάντα
1414 2676 1440 2706 δὲ
1460 2676 1509 2707 ὅσα
1535 2672 1606 2706 εἶπεν
1631 2676 1756 2713 Ἰωάννης
1781 2678 1842 2717 περὶ

1042 2722 1150 2758 τούτου,
1173 2724 1258 2758 ἀληθῆ
1278 2718 1321 2758 ἦν.
1346 2721 1402 2752 Καὶ
1426 2721 1585 2751 ἐπίστευσαν
1609 2721 1702 2750 πολλοὶ
1727 2722 1784 2751 ἐκεῖ
1807 2723 1843 2755 εἷς

1042 2768 1131 2798 αὐτόν.
1150 2780 1163 2794 io
1206 2767 1321 2804 Ζητοῖῖσι
1338 2766 1386 2806 μὲν
1406 2767 1502 2796 πιάσαι
1528 2766 1572 2795 τὸν
1594 2766 1708 2805 Κύριον,
1729 2765 1767 2805 μὴ
1792 2766 1840 2807 φέ-

1042 2824 1129 2853 ροντες
1167 2812 1247 2842 αὐτὸν
1277 2811 1325 2848 τὴν
1353 2811 1458 2851 ὑψηλὴν
1488 2810 1548 2851 περὶ
1582 2813 1664 2841 αὑτοῦ
1690 2811 1839 2851 μαρτυρίαν
