1910 3077
98 139 138 166 85
499 139 695 168 ENARRATIO
715 141 748 168 IN
767 141 984 171 EVANGELIUM
1001 142 1148 172 JOANNIS.
1170 159 1204 164 —
1223 144 1298 172 CAP.
1318 146 1360 172 Xl.
1717 147 1752 174 86

95 201 269 240 ποιούμενον·
284 202 314 231 οὖ
329 201 381 243 γὰρ
393 201 531 242 ἠνείχοντο
552 204 632 233 αὐτοῦ
653 203 687 232 τὰ
707 203 819 244 κρείττω
843 208 885 235 θιο

975 206 1032 233 ium
1045 205 1212 242 perhiberet;
1226 214 1315 242 neque
1328 207 1405 235 enim
1421 206 1546 236 ferebant
1560 208 1750 238 sublimiorem

96 246 254 285 λογοῧντος.
280 246 366 280 Αὐτὸς
389 246 416 276 δὲ
444 248 592 287 ὑποχωρεῖ,
618 248 731 282 ἐνδιδοὺς
757 250 844 278 αὐτῶν
863 252 900 290 τῷ

96 293 195 331 Θυμῷ,
219 290 262 321 καὶ
279 291 322 321 διὰ
344 293 391 328 τῆς
416 292 545 326 ἀπουσίας
568 292 647 329 λῆξαι
662 293 749 327 αὐτοῖς
764 294 795 324 τὸ
819 294 901 329 πάθος

96 339 149 366 τοῦ
182 339 264 374 θυμοῦ
290 337 514 377 παρασκευάζων,
541 337 586 367 καὶ
611 338 726 367 ἀκόντων
755 339 782 368 δὲ
813 340 899 368 αὐτῶν

96 382 251 420 ὑποχωρεῖ,
270 380 386 418 δεικνὺς,
400 381 414 411 ὃ
434 382 577 419 πολλάκις,
594 382 714 420 εἴπομεν,
730 382 770 412 ὅτι
795 383 849 413 οὐδ’
866 384 898 413 ἂν

96 425 128 454 ἐν
143 428 184 466 τῷ
199 427 308 466 σταυρῷ
328 426 478 466 συνελήφθη
489 450 497 465 ,
513 427 536 456 εἴ
553 426 590 466 μὴ
605 427 672 457 ἑκὼν
689 428 781 457 ἑαυτὸν
801 428 897 458 ἐδίδου.

96 471 162 500 Ποῦ
187 469 215 500 δὲ
242 473 393 511 ὑποχωρεῖ;
426 484 438 497 ι
465 471 556 511 Πέραν
580 476 627 503 τοῦ
653 472 805 512 Ἰορδάνου,
833 473 899 504 ὅπου

94 514 228 551 Ἰωάννης
252 515 408 552 ἐϐάπτιζεν,
433 529 446 542 ι
462 517 510 546 οὖκ
526 517 628 556 ἀλόγως
650 518 735 547 ἐκεῖσε
752 518 896 558 ἀναχωρή-

95 571 165 597 σας,
201 559 262 589 άλλ’
289 560 500 599 ἀναμιμνήσκων
527 561 587 596 τοὺς
621 561 735 596 πολλοὺς
765 564 816 591 τῶν
843 564 898 593 ἐκεῖ

94 604 262 645 γενομένων,
287 605 333 634 καὶ
348 608 400 635 τῶν
425 606 573 645 λεχθέντων
588 607 663 647 παρὰ
687 607 812 637 Ἰωάννου
835 609 896 648 περὶ

93 650 190 679 αὐτοῦ.
215 648 282 680 Ὀτι
305 649 333 680 δὲ
356 650 469 684 πολλοὺς
493 651 594 687 ὤνησεν
615 655 633 689 ἡ
661 653 722 692 περὶ
748 652 792 681 τὸν
816 653 897 682 τόπον

93 694 242 736 διατριϐὴ,
262 695 395 735 ἐπήγαγεν
417 697 431 725 ὁ
458 696 664 736 εὖαγγελιστὴς,
692 698 787 736 λέγων·
811 711 824 725 ι
841 698 897 727 Καὶ

92 739 192 768 πολλοὶ
216 735 294 774 ἦλθον
324 740 389 780 πρὸς
414 741 509 777 αὐτὸν,
530 735 581 771 καὶ
615 742 827 780 ἀναμνησθέντες
850 745 895 772 τοῦ

91 783 197 822 τόπου,
227 784 332 823 ἔλεγον,
361 785 459 826 φησιν,
485 786 525 815 ὅτι
551 785 677 822 Ἰωάννης
707 786 754 825 μὲν
784 792 893 826 σημεῖον

93 829 221 864 ἐποίησεν
236 829 321 858 οὐδέν.
338 843 351 856 ι
393 829 431 860 ⁸0
458 829 485 860 δὲ
510 830 597 869 λέγει,
620 832 738 861 τοιοῦτόν
757 832 844 869 ἔστιν,
860 834 894 862 Εἰ

92 873 189 914 ἐκείνῳ
223 874 418 912 ἐπιστεύσαμεν
456 874 537 913 μηδὲν
572 877 727 912 πεποιηκότι
766 881 891 915 σημεῖον,

90 919 187 958 ⁴πολλῷ
205 919 308 957 μᾶλλον
323 919 409 960 τούτῳ
435 921 472 960 τῷ
487 923 604 950 τοσαῦτα
630 922 754 960 θαύματα
776 923 892 960 ἐργασα-

91 963 178 1003 μένῳ.
197 963 274 994 Ἐπεὶ
299 964 326 994 δὲ
349 964 474 1000 Ἰωάννης
494 965 663 1006 ἐμαρτύρησε
690 966 738 1004 μὲν
763 966 823 1007 περὶ
847 970 893 996 τοῦ

91 1007 229 1047 Χριστοῦ,
253 1008 327 1038 οὐδὲν
351 1009 378 1038 δὲ
399 1013 508 1047 σημεῖον
529 1010 652 1047 ἐποίησε,
674 1011 719 1040 καὶ
746 1011 789 1040 διὰ
816 1014 893 1041 τοῦτο

90 1052 159 1086 ἴσως
178 1054 227 1082 οὐκ
251 1053 400 1087 ἀξιόπιστος
429 1054 459 1083 ἂν
487 1055 630 1093 ἐνομίσθη,
652 1055 770 1094 ἐπήγαγε
798 1055 892 1094 λέγων·

90 1111 104 1139 ξι
129 1097 245 1128 Πάντων
260 1097 287 1128 δὲ
307 1099 357 1128 ὅσα
373 1095 445 1128 εἶπεν
459 1099 586 1136 Ἰωάννης
600 1099 660 1138 περὶ
682 1100 786 1139 τούτου,
806 1102 892 1138 ἀληθῆ

88 1138 141 1180 ἧν,
158 1157 170 1169 ι
189 1144 238 1173 οὐκ
256 1143 295 1173 ἔτι
316 1146 409 1174 τοῦτον
430 1144 455 1179 ἐξ
470 1145 585 1181 ἐκείνου,
599 1145 660 1175 ἀλλ’
676 1146 773 1175 ἐκεῖνον
795 1147 840 1186 ἀφ’
855 1142 891 1175 ὧν

89 1189 104 1216 ὁ
129 1189 245 1227 Χριστὸς
272 1188 395 1225 ἐποίησεν
420 1189 572 1223 ἀξιόπιστον
597 1189 797 1230 ἀποφαίνοντες.
824 1191 890 1230 Διὸ,

87 1246 101 1258 ι
126 1233 241 1270 Πολλοὶ,
261 1234 357 1273 φησὶν,
372 1235 427 1263 ἐκεῖ
447 1234 617 1265 ἐπίστευσαν.
635 1247 648 1260 »ν
667 1235 706 1265 Τὸ
729 1235 755 1264 δὲ
777 1238 860 1272 ιέκεί,
878 1250 890 1263 ι

89 1278 187 1313 δηλοῖ,
202 1277 243 1308 ὅτι
259 1279 382 1318 μεγάλως
406 1280 420 1308 ὁ
443 1278 522 1312 τόπος
542 1280 641 1313 ἐκεῖνος
665 1279 761 1313 αὐτοὺς
781 1281 889 1321 ὠφέλη-

88 1334 153 1359 σεν,
179 1323 236 1352 ἐπεὶ
262 1323 308 1352 καὶ
339 1322 432 1353 τούτου
461 1323 542 1363 χάριν
571 1327 688 1364 συνεχῶς
716 1324 802 1363 ἐξάγει
831 1325 891 1359 τοὺς

87 1367 186 1406 ὄχλους
201 1368 215 1396 ὁ
229 1367 334 1404 Ἰησοῦς
353 1370 389 1401 εἷς
409 1369 522 1407 ἐρήμους
540 1369 654 1408 τόπους,
669 1371 716 1405 τῆς
731 1371 784 1398 τῶν
803 1381 888 1406 πονη-

89 1414 147 1452 ρῶν
174 1412 319 1452 ἀνθρώπων
338 1413 476 1446 συνουσίας
501 1414 660 1454 ἐλευθερῶν,
687 1414 752 1454 πρὸς
772 1414 801 1443 τὸ
822 1427 890 1455 καρ-

87 1456 235 1487 πώσασθαί
254 1469 280 1486 τι
309 1457 391 1498 μέγα,
414 1458 534 1497 καθάπερ
553 1458 599 1488 καὶ
625 1458 669 1488 ἐπὶ
697 1461 742 1495 τῆς
764 1460 889 1494 Παλαιᾶς

954 251 1013 287 ejus
1025 250 1205 287 theologiam.
1232 253 1292 286 Ipse
1306 255 1397 279 autem
1419 251 1482 280 inde
1503 253 1613 287 transit,
1639 253 1749 282 illorum

953 295 1038 324 furori
1055 296 1163 329 cedens,
1178 300 1204 324 et
1221 296 1343 324 absentia
1364 304 1412 324 sua
1431 297 1539 324 illorum
1555 298 1682 326 morbum
1697 299 1748 326 mi-

952 341 1032 376 tigari
1058 340 1168 369 faciens.
1202 341 1310 369 Secedit
1341 345 1435 369 autem
1461 341 1552 370 invitis
1575 342 1639 375 illis,
1663 351 1746 370 mon-

952 390 1041 414 strans
1062 389 1104 419 (ut
1117 393 1189 422 saepe
1209 385 1339 419 diximus)
1361 386 1433 422 quod
1455 394 1542 422 neque
1557 386 1585 414 in
1607 395 1686 414 cruce
1699 387 1747 415 de-

951 433 1045 458 tentus
1067 430 1170 464 fuisset,
1187 431 1239 458 nisi
1260 435 1357 467 sponte
1379 439 1408 459 se
1430 430 1596 458 tradidisset.
1613 432 1675 466 Quo
1699 439 1747 460 au-

951 478 1009 503 tem
1026 475 1167 504 concedit?
1182 487 1195 500 α
1217 477 1306 504 Trans
1319 476 1479 509 Jordanem,
1502 475 1547 503 ubi
1561 477 1680 503 Joannes
1698 475 1746 503 ba-

953 520 1073 555 ptizavit.
1097 530 1111 547 ν
1126 521 1187 548 Non
1208 520 1309 556 absque
1333 528 1412 548 causa
1431 528 1458 548 se
1471 520 1534 548 illuc
1549 520 1678 554 contulit,
1700 520 1748 548 sed

951 565 979 592 in
995 565 1156 593 memoriam
1171 565 1279 593 reduxit
1296 565 1465 593 multitudini
1486 573 1547 601 qua:
1568 565 1620 593 illic
1633 565 1702 593 facta
1721 569 1748 593 et

951 609 1022 637 dicta
1053 618 1068 637 a
1092 611 1199 638 Joanne
1223 610 1258 638 de
1289 618 1327 638 se.
1362 610 1442 645 Quod
1466 615 1558 638 autem
1591 610 1666 638 illius
1693 610 1747 638 illic

951 655 1120 682 conversatio
1139 654 1242 682 multos
1266 654 1437 689 lucrifeccrit,
1460 654 1552 682 subdit
1570 655 1746 689 evangelista,

951 698 1046 726 dicens
1067 708 1074 726 :
1098 710 1111 723 ι
1128 700 1162 726 Et
1177 699 1256 726 multi
1271 703 1404 726 venerunt
1419 699 1453 727 ad
1468 707 1542 733 eum,
1565 703 1593 726 et
1612 699 1748 727 recordati

950 743 1014 776 loci,
1030 743 1167 776 dicebant,
1183 743 1284 779 inquit,
1300 745 1420 771 Joannes
1433 744 1545 780 quidem
1559 744 1668 779 signum
1686 743 1748 771 fecit

949 789 1068 816 nullum.
1098 800 1110 812 ιυ
1131 789 1267 816 Cmtemm
1288 788 1362 824 quod
1384 789 1460 822 dicit,
1486 789 1521 816 ita
1538 796 1566 816 se
1593 788 1675 816 habet
1696 789 1747 817 :Si

950 833 988 860 illi
1009 833 1175 860 credidimus
1201 833 1247 868 qui
1262 834 1366 860 nullum
1387 841 1509 869 unquam
1534 833 1599 861 fecit
1626 834 1745 869 signum,

950 878 1037 905 multo
1056 878 1142 913 magis
1157 877 1179 905 ei
1194 878 1239 913 qui
1260 881 1305 906 tot
1322 882 1452 914 tantaque
1467 882 1594 913 operatus
1605 882 1646 905 est
1659 878 1743 913 signa.

948 921 1028 957 Quod
1049 926 1140 950 autem
1159 923 1278 949 Joannes
1298 926 1412 950 testatus
1431 923 1544 958 quidem
1563 922 1599 950 sit
1618 922 1652 950 de
1666 922 1745 950 Chri-

948 971 1002 1000 sto,
1017 967 1127 1002 signum
1151 975 1215 994 vero
1236 967 1342 994 nullum
1368 966 1473 1001 fecerit,
1502 971 1529 994 et
1554 971 1663 1002 propter
1692 966 1745 995 hoe

948 1011 1073 1039 fortassis
1094 1019 1150 1039 non
1165 1015 1269 1039 tantam
1290 1011 1371 1039 ﬁdem
1391 1012 1532 1045 meruerit,
1549 1011 1679 1044 subdidit,
1701 1011 1744 1039 di-

947 1065 1011 1084 cens
1027 1065 1034 1084 :
1057 1068 1069 1081 σι
1084 1056 1181 1084 Omnia
1201 1061 1294 1084 autem
1307 1064 1478 1092 quaecunque
1497 1058 1616 1084 Joannes
1629 1056 1695 1084 dixit
1709 1056 1744 1084 de

947 1102 1010 1135 hoc,
1024 1109 1086 1129 vera
1099 1105 1188 1129 erant.
1210 1113 1222 1125 ν
1237 1102 1295 1129 Non
1309 1101 1379 1129 ultra
1399 1101 1470 1128 hunc
1483 1101 1518 1128 ab
1537 1101 1593 1133 illo,
1606 1101 1654 1128 sed
1667 1102 1744 1129 illum

947 1154 979 1174 ex
991 1146 1033 1174 his
1045 1153 1106 1182 quae
1116 1146 1242 1174 Christus
1256 1146 1331 1179 fecit,
1345 1146 1452 1174 ﬁdelem
1464 1145 1613 1174 afﬁrmant.
1626 1145 1741 1181 Idcirco,

948 1203 961 1215 σι
974 1191 1066 1224 Multi,
1077 1191 1174 1227 inquit,
1188 1191 1243 1218 illic
1257 1190 1442 1218 crediderunt.
1460 1202 1472 1214 ν
1487 1190 1610 1218 Dicendo
1624 1202 1635 1214 ει
1651 1190 1714 1224 ὶΙΙὶο,
1729 1202 1741 1215 υ

945 1235 1035 1271 signat
1051 1235 1126 1271 quod
1146 1236 1222 1264 locus
1235 1236 1280 1263 ille
1294 1235 1362 1262 mire
1384 1234 1516 1271 profuerit
1544 1245 1550 1262 :
1573 1235 1744 1271 quandoqui-

945 1281 1009 1308 dem
1024 1284 1052 1308 et
1064 1280 1114 1307 hac
1131 1287 1212 1307 causa
1226 1280 1341 1307 subinde
1355 1279 1489 1307 Dominus
1501 1280 1633 1315 populum
1652 1279 1680 1307 in
1699 1287 1743 1308 so-

945 1324 1034 1353 litaria
1050 1325 1109 1352 loca
1122 1332 1138 1352 a
1152 1324 1349 1352 consuetudine
1363 1324 1500 1352 malorum
1516 1324 1661 1352 hominum
1678 1324 1743 1352 libe-

944 1378 1008 1398 rans
1030 1369 1131 1403 educit,
1155 1377 1209 1404 quo
1232 1369 1319 1405 magis
1333 1369 1384 1396 illis
1397 1369 1537 1404 prodesset
1559 1376 1566 1394 :
1581 1369 1653 1396 sicut
1667 1373 1695 1397 et
1713 1369 1743 1397 in

944 1415 1030 1442 veteri
1056 1414 1112 1449 lege
1135 1413 1233 1442 fecisse
1255 1418 1376 1450 apparet.
1402 1413 1513 1441 Eductis
1535 1414 1608 1441 enim
1631 1413 1683 1441 illis
1708 1421 1740 1441 ex

943 1461 1071 1495 Egypto,
1093 1459 1121 1486 in
1136 1458 1283 1486 solitudine
1297 1458 1399 1495 aptavit
1419 1463 1446 1486 et
1471 1457 1602 1486 formavit
1622 1458 1674 1486 sibi
1691 1466 1740 1494 po-

86 1502 204 1538 ποιήσας
238 1502 377 1543 φαίνεται,
414 1502 549 1542 ἐξαγαγὼν
581 1503 628 1542 μὲν
659 1506 706 1540 τῆς
739 1503 885 1542 Αἰγύπτου,

971 1506 1049 1536 Ilum,
1065 1503 1158 1531 dando
1174 1503 1209 1531 illi
1227 1504 1322 1539 legem.
1337 1503 1455 1531 Attende
1467 1507 1558 1530 autem
1573 1507 1601 1531 et
1615 1503 1741 1531 secessio-

87 1548 116 1576 ἐν
143 1547 236 1588 ἐρήμῳ
264 1546 292 1576 δὲ
325 1547 495 1578 διαπλάττων
522 1548 566 1577 τὸν
593 1548 658 1577 λαὸν
681 1548 726 1578 καὶ
758 1550 888 1588 ῥυθμίζων

93 1591 138 1621 διὰ
163 1594 208 1621 τοῦ
225 1592 304 1630 νόμον
330 1593 419 1622 δοῦναι
445 1593 528 1632 αὐτῷ.
556 1593 658 1622 Σκόπει
684 1593 710 1622 δὲ
737 1594 782 1622 καὶ
807 1606 888 1623 πνευ-

92 1638 213 1676 ματικῶς
239 1637 399 1676 τελουμένην
428 1637 478 1673 τὴν
495 1636 666 1678 ὑποχώρησιν
692 1641 737 1667 τοῦ
759 1639 887 1678 Χριστοῦ.

90 1681 237 1720 Ἀναχωρεῖ
254 1681 301 1720 μὲν
321 1681 372 1721 γὰρ
394 1683 424 1711 ἐκ
447 1685 500 1712 τῶν
524 1681 730 1722 Ἱεροσολύμων,
753 1684 888 1721 τουτέστι,

90 1728 137 1755 τοῦ
166 1725 315 1756 Ἰουδαϊκοῦ
342 1727 417 1756 λαοῦ·
443 1728 479 1760 εἰς
503 1727 583 1756 τόπον
614 1727 641 1756 δὲ
674 1727 762 1766 πηγὰς
791 1727 888 1768 ἔχοντα

88 1769 262 1809 μεθίσταται,
280 1770 327 1806 τὴν
340 1771 365 1805 ἐξ
375 1772 453 1800 ἐθνῶν
467 1771 569 1807 δηλαδὴ
584 1771 761 1808 Ἐκκλησίαν,
776 1772 824 1808 τὴν
839 1772 888 1806 τὰς

88 1814 177 1854 πηγὰς
194 1814 309 1854 ἔχουσαν
324 1818 368 1845 τοῦ
386 1815 581 1855 βαπτίσματος.
605 1816 660 1845 Καὶ
677 1816 708 1851 δὴ
723 1817 885 1856 προσέρχον‹

87 1871 133 1888 ται
147 1861 219 1900 αὐτῷ
239 1859 332 1890 πολλοὶ
348 1861 578 1900 διαπεραιούμενοι
606 1860 651 1890 τὸν
669 1860 816 1898 Ἰορδάνην,
840 1861 886 1890 καὶ

87 1903 131 1932 διὰ
157 1907 202 1933 τοῦ
221 1904 405 1943 βαπτίσματος
427 1905 602 1945 διερχόμενοι.
626 1904 667 1935 Τὸ
687 1904 739 1944 γὰρ
764 1918 777 1931 ι
799 1904 884 1945 πέραν

942 1557 1007 1577 nem
1023 1547 1132 1581 Christi,
1148 1555 1210 1584 qua:
1225 1548 1401 1583 spiritualiter
1413 1548 1453 1575 ﬁt.
1472 1549 1541 1576 Nam
1560 1548 1663 1576 secedit
1679 1547 1740 1584 qui-

941 1593 1005 1622 dem
1017 1593 1052 1621 ab
1064 1592 1271 1629 Hierosolymis,
1282 1592 1334 1620 hoc
1345 1597 1396 1626 est,
1409 1592 1524 1620 Judaico
1535 1594 1646 1629 populo,
1660 1593 1687 1620 in
1701 1593 1740 1620 lo-

943 1647 1006 1666 cum
1025 1642 1117 1666 autem
1132 1637 1230 1665 transit
1250 1637 1397 1665 habentem
1413 1637 1511 1671 fontes,
1528 1637 1677 1666 Ecclesiam
1699 1637 1741 1664 vi-

942 1683 1039 1711 delicet
1052 1691 1083 1710 ex
1099 1683 1234 1717 gentibus,
1254 1682 1282 1710 in
1296 1690 1350 1718 qua
1361 1681 1451 1710 fontes
1465 1682 1645 1718 baptismatis.
1660 1682 1740 1710 Unde

942 1728 1020 1755 multi
1032 1732 1204 1755 accesserunt
1215 1727 1248 1755 ad
1258 1735 1333 1760 eum,
1346 1739 1358 1751 οι
1370 1727 1519 1755 Jordanem
1532 1731 1710 1760 transeuntes,
1725 1739 1738 1752 ι

941 1771 969 1799 id
992 1776 1033 1799 est
1048 1771 1196 1807 baptisma.
1220 1773 1291 1799 Nam
1307 1772 1481 1800 transmissio
1504 1772 1634 1800 Jordanis
1657 1771 1740 1807 signi-

940 1816 1002 1844 ﬁcat
1029 1816 1201 1851 baptismatis
1224 1817 1383 1844 transitum.
1400 1818 1463 1844 Non
1488 1816 1566 1843 aliter
1588 1816 1660 1844 enim
1677 1816 1740 1852 quis

940 1861 1045 1888 accedit
1066 1861 1100 1888 ad
1124 1862 1231 1896 Jesum,
1253 1865 1279 1888 et
1294 1868 1356 1888 vere
1379 1860 1408 1888 ﬁt
1423 1860 1522 1893 ﬁdelis,
1539 1860 1592 1888 nisi
1606 1860 1739 1896 baptisma

939 1909 1071 1938 transeat,
1086 1905 1160 1941 quod
1179 1913 1228 1940 per
1242 1904 1391 1932 Jordanem
1407 1904 1586 1940 signiﬁcatur.

86 1951 133 1978 τοῦ
155 1948 308 1988 Ἰορδάνου,
331 1963 342 1976 ι
363 1952 440 1979 τοῦτο
465 1950 555 1989 δηλοῖ,
579 1949 628 1985 τὴν
653 1949 696 1979 διὰ
716 1951 763 1978 τοῦ
788 1949 973 1990 βαπτίσματος
995 1949 1065 1988 λέγω
1091 1950 1186 1979 δίοδον.
1212 1951 1271 1980 Οὐκ
1295 1949 1380 1983 ἄλλως
1405 1949 1458 1990 γάρ
1483 1961 1522 1983 τις
1541 1949 1650 1989 ἔρχεται
1674 1949 1738 1988 πρὸς

54 2018 55 2021 η
85 1993 131 2022 τὸν
152 1993 269 2031 Ἰησοῦν,
293 1994 339 2023 καὶ
363 1995 467 2030 ἀληθῶς
487 1993 580 2028 πιστὸς
601 1993 722 2034 γίνεται,
749 1995 772 2024 εἶ
795 1994 881 2033 μὴτὸ
903 1995 1044 2034 βάπτισμα
1067 1994 1208 2032 διέλθοι,8
1229 1994 1272 2024 διὰ
1290 1997 1334 2024 τοῦ
1351 1995 1483 2034 Ἰορδάνου
1501 1995 1636 2030 δηλοῦται.

370 2102 517 2133 ΚΕΦΔΛ.
545 2102 602 2132 ΙΑ’.

88 2169 147 2200 Περὶ
159 2171 200 2196 τῆς
217 2167 333 2199 ἐγέρσεως
354 2171 397 2193 τοῦ
411 2169 532 2200 Λαζάρου.
547 2170 607 2200 Περὶ
626 2171 667 2198 τῆς
687 2171 735 2193 τῶν
753 2169 885 2202 ἀρχιερέων

120 2205 163 2229 καὶ
186 2206 234 2228 τῶν
257 2204 400 2235 Φαρισαίων
426 2205 514 2236 βουλῆς
535 2205 589 2235 περὶ
612 2208 655 2229 τοῦ
679 2205 819 2229 ἀποκτεῖναι
844 2206 885 2230 τὸν

118 2240 223 2268 Ἰησοῦν.
258 2241 316 2272 Περὶ
330 2240 363 2264 ὧν
376 2240 441 2265 εἶπεν
461 2241 474 2264 ὀ
491 2241 612 2272 Καϊάφας.

130 2321 141 2332 ι
163 2301 220 2336 τΗν
235 2305 263 2335 δέ
281 2318 319 2340 τις
341 2307 456 2336 ἀσθενῶν
474 2307 611 2347 Λάζαρος,
626 2307 678 2337 ἀπὸ
696 2306 839 2343 Βηθανίας,
856 2308 886 2337 ἐκ

87 2353 134 2392 τ’ἧς
161 2351 253 2388 κώμης
272 2351 380 2392 Μαρίας
397 2351 442 2380 καὶ
460 2352 572 2392 Μάρθας
591 2354 638 2387 τῆς
656 2353 768 2392 ἀδελφῆς
792 2353 883 2388 αὖτῆς.

88 2391 142 2426 Ἦν
167 2396 193 2425 δὲ
210 2396 304 2436 Μαρία
333 2398 351 2432 ἡ
373 2391 570 2436 ἄλείψασαντὸν
598 2397 696 2436 Κύριον
722 2391 810 2437 μύρῳ,
840 2397 886 2426 καὶ

90 2440 230 2479 ἐκμάξασα
253 2440 312 2473 τοὺς
333 2440 416 2475 πόδας
435 2442 514 2470 αὐτοῦ
539 2445 596 2475 ταῖς
622 2440 702 2481 θριξὶν
727 2442 837 2477 ἑαυτῆς¹,
855 2437 886 2478 ἧς

89 2487 103 2514 ὁ
129 2485 239 2525 ἀδελφὸς
270 2485 391 2525 Λάζαρος
427 2486 539 2522 ἠσθένει.
582 2485 752 2516 Ἀπέστειλαν
780 2481 824 2514 οὖν
858 2488 885 2515 αἱ

90 2529 200 2570 ἀδελφαὶ
224 2530 289 2570 πρὸς
311 2530 388 2559 αὖτὸν
407 2530 547 2568 λέγουσαι·
565 2530 664 2571 Κύριε,
687 2530 743 2566 ἴδε,
760 2529 788 2560 ὃν
804 2531 886 2570 φιλεῖς

91 2577 206 2603 ἀσθενεῖ.
224 2588 235 2600 π
278 2574 367 2607 Μόνος
388 2575 435 2613 μὲν
451 2575 574 2611 Ἰωάννης
589 2575 635 2604 καὶ
647 2575 744 2611 ταύτης
757 2577 803 2610 τῆς
816 2577 886 2605 ιστο-

92 2620 145 2659 ρίας
163 2619 308 2657 μέμνηται.
326 2618 470 2656 Μέμνηται
493 2620 520 2649 δὲ
537 2620 580 2649 διὰ
597 2621 627 2649 τὸ
642 2622 783 2650 παιδεῦσαι
798 2622 884 2659 ἡμᾶς,

92 2664 129 2702 μὴ
145 2663 339 2704 δυσχεραίνειν,
365 2664 409 2693 ἐάν
426 2676 465 2697 τις
483 2664 604 2694 ἀσθένεια
624 2665 732 2704 γένηται
747 2665 808 2704 περὶ
827 2665 886 2699 τοὺς

91 2709 250 2742 σπουδαίους
266 2709 312 2738 καὶ
335 2710 462 2749 θεοφιλεῖς
478 2709 591 2750 ἄνδρας,
605 2709 662 2739 ἐπεὶ
683 2711 729 2739 καὶ
750 2712 885 2750 Λάζαρος,

91 2753 126 2783 ὧν
141 2755 186 2782 τοῦ
210 2755 326 2794 Χριστοῦ
345 2754 418 2794 φίλος
430 2778 437 2791 ,
455 2754 568 2790 ἠσθένει.
613 2754 673 2794 Χρὴ
695 2755 721 2784 δὲ
741 2755 788 2784 καὶ
810 2757 887 2784 τοῦτο

94 2798 131 2837 μὴ
147 2799 252 2838 ἀγνοεῖν
263 2821 272 2836 ,
285 2798 327 2829 ὅτι
347 2799 394 2828 οὐκ
410 2795 441 2835 ἦν
457 2799 551 2839 Μαρία
568 2798 636 2836 αὕτη
659 2801 676 2835 ἡ
693 2798 826 2840 ἀλείψασα
842 2799 886 2829 τὸν

1244 2103 1370 2134 CAPUT
1391 2103 1429 2133 XI

940 2175 974 2196 De
986 2174 1140 2196 suscilalfone
1152 2174 1244 2196 anri.
1261 2174 1382 2202 Quomodo
1397 2174 1518 2195 consilium
1532 2173 1637 2195 (nierum
1651 2176 1737 2195 cummi

966 2210 1112 2235 sar'erdoles,
1133 2213 1153 2231 el
1175 2211 1294 2232 len'srci
1312 2211 1340 2231 de
1358 2210 1482 2232 occidendo
1501 2210 1604 2232 Christo.
1622 2211 1655 2231 De
1682 2215 1737 2234 pro-

967 2246 1047 2271 phetia
1061 2247 1164 2272 Caiphae.

976 2312 1066 2338 Vens.
1093 2314 1150 2338 1-3.
1169 2323 1180 2334 α
1199 2309 1355 2346 Egrotabat
1379 2314 1470 2337 autem
1485 2310 1598 2345 quidam
1623 2310 1737 2338 nomine

941 2356 1074 2388 Lazarus,
1094 2354 1293 2387 Bethaniensis,
1310 2363 1327 2382 a
1342 2355 1452 2382 castello
1468 2355 1563 2382 Maria:
1579 2359 1606 2382 et
1622 2354 1738 2382 Marthae

941 2399 1023 2436 hujus
1040 2399 1153 2427 sororis.
1169 2400 1256 2427 Maria
1278 2403 1373 2427 autem
1392 2403 1451 2427 erat
1465 2406 1495 2426 ea
1511 2407 1572 2435 qua:
1587 2399 1665 2426 unxit
1680 2400 1736 2426 Do-

941 2445 1049 2472 minum
1074 2448 1223 2480 unguento,
1257 2448 1284 2471 et
1310 2444 1423 2472 extersit
1442 2443 1523 2479 pedes
1550 2444 1608 2480 ejus
1633 2444 1738 2480 capillis

940 2490 1007 2521 suis,
1045 2489 1123 2525 cujus
1157 2488 1241 2516 frater
1268 2490 1386 2517 Lazarus
1419 2489 1580 2525 aegrotabat.
1605 2489 1739 2516 Miserunt

940 2534 1025 2570 655
1047 2542 1112 2570 ergo
1133 2541 1242 2561 sorores
1265 2533 1298 2561 ad
1318 2541 1393 2568 eum,
1420 2534 1545 2562 dicentes
1574 2542 1581 2561 :
1609 2532 1738 2566 Domine,

939 2587 1012 2611 ecce,
1029 2586 1111 2614 quem
1125 2586 1202 2606 amas
1217 2582 1342 2614 aegrotat.
1361 2590 1373 2602 ι»
1389 2578 1467 2606 Solus
1481 2578 1592 2614 quidem
1618 2579 1739 2605 Joannes

940 2623 1021 2660 hujus
1035 2623 1070 2650 de
1085 2624 1191 2650 Lazaro
1206 2623 1333 2650 meminit
1344 2623 1476 2651 historia.
1494 2622 1620 2650 Meminit
1634 2625 1736 2655 autem,

940 2673 971 2696 ut
991 2676 1043 2696 nos
1057 2668 1165 2695 erudiat
1188 2676 1222 2695 ne
1245 2668 1307 2704 quis
1329 2668 1462 2704 gravatim
1486 2667 1568 2701 ierat,
1592 2667 1615 2694 si
1630 2666 1695 2694 boni
1711 2669 1739 2693 et

940 2715 999 2740 Deo
1025 2712 1104 2740 amici
1130 2713 1179 2740 viri
1201 2712 1299 2740 morbo
1315 2717 1468 2745 teneantur,
1491 2712 1555 2747 quia
1571 2715 1598 2739 et
1619 2711 1740 2738 Lazarus

941 2766 1005 2786 cum
1034 2761 1107 2785 esset
1131 2757 1239 2785 amicus
1261 2757 1374 2791 Christi,
1398 2756 1551 2793 aagrotavit.
1577 2757 1672 2792 Neque
1687 2755 1740 2783 hoc

941 2802 1126 2839 ignorantium
1140 2806 1192 2836 est,
1211 2801 1285 2838 quod
1298 2809 1354 2830 non
1367 2806 1427 2829 erat
1440 2801 1492 2828 ista
1506 2800 1594 2830 Maria
1608 2808 1671 2837 quae.
1686 2808 1736 2828 un-
