1910 3077
132 159 138 163 “
171 128 206 154 87
679 122 937 151 THEOPHYLACTI
955 122 1134 151 BULGARl/E
1152 124 1309 153 ARCHIEP.
1784 129 1818 156 88

125 195 130 200 '
171 192 248 217 xerat
274 187 428 216 Dominum
460 189 602 222 unguento
631 196 645 210 ι
669 185 799 214 meretrix
821 185 843 203 ⁷³
867 197 880 210 ιο
906 193 967 222 quae

1064 198 1117 226 ριον
1136 187 1226 228 μύρῳ,
1241 190 1258 223 ἡ
1274 187 1357 227 πόρνη
1379 190 1397 224 ἡ
1411 189 1484 226 παρὰ
1503 190 1541 229 τῷ
1558 191 1666 230 Λουκᾷ,
1682 189 1699 225 ἢ
1712 191 1729 226 ἡ
1742 189 1819 230 παρᾶ

171 233 245 269 apud
259 233 365 260 Lucam
386 231 428 259 vel
443 230 621 264 Matthaeum;
648 229 697 258 sed
721 231 781 264 alia,
797 238 852 258 non
877 238 965 258 mere-

168 278 235 311 trix,
259 277 373 305 honesta
398 280 492 304 autem
516 280 543 303 et
563 275 687 311 religiosa
710 279 738 303 et
762 275 894 303 ofﬁciosa.
917 277 966 303 Et-

169 322 242 351 enim
263 322 410 358 diligenter
431 319 609 348 ministrabat
623 324 749 356 suscepto
764 320 885 353 Christo,
898 320 969 347 sicut

167 367 288 395 Joannes
312 370 428 394 testatur
449 375 457 392 :
474 365 540 401 quin
563 369 591 392 el:
605 365 707 392 bonam
723 369 830 400 partem
854 365 968 401 elegisse

168 410 362 440 testimonium
381 409 473 443 habet,
496 412 527 436 ut
540 409 579 436 ait
592 410 692 436 Lucas.
716 410 756 436 lta
777 413 868 436 autem
889 409 969 437 clara:

168 459 198 484 et
219 455 391 483 admirabiles
413 453 524 482 fuerunt
538 461 657 487 sorores,
675 457 706 481 ut
721 458 748 481 et
771 455 891 481 Lazarus
913 453 969 490 ipse

167 501 259 528 notior
281 498 367 527 factus
381 498 416 526 sit
431 506 479 534 per
493 505 547 525 eas.
573 510 585 522 ‹ι
615 499 680 525 Erat
697 497 780 532 enim,
801 498 900 533 inquit,
916 500 968 526 La-

169 553 248 573 zarus
263 543 453 571 Bethaniensis
476 551 490 570 a
506 543 617 570 castello
639 542 734 570 Maria:
755 547 783 570 et
805 543 930 571 Marthae.
956 554 967 566 ιι

171 590 262 624 Quare
287 593 379 616 autem
395 588 539 616 mittentes
561 591 705 615 accersunt
729 589 836 621 Jesum,
865 592 892 615 et
914 596 969 616 non

169 634 237 670 ipsa:
257 633 379 667 veniunt,
399 633 470 660 sicut
492 644 504 656 α
520 632 645 659 centurio
660 636 688 659 et
707 633 797 668 regius
811 632 853 660 7‘?
870 644 882 656 ι
900 633 970 666 Quia

168 679 321 715 plurimum
337 677 460 705 ﬁdebant
471 677 579 704 Christo
601 681 628 704 et
642 677 705 712 quia
727 677 855 705 mulieres
879 681 968 712 erant,

170 731 227 751 non
251 722 396 758 oportebat
419 730 465 749 eas
490 721 527 749 ita
551 721 627 749 facile
653 729 668 749 e
694 721 777 749 domo
793 722 927 758 progredi,
942 727 970 750 et

170 768 234 804 quia
266 767 294 795 in
317 768 392 794 luctu
417 770 503 799 erant,
527 770 718 802 occupatzeque
744 766 817 794 circa
841 766 964 794 fratrem.

1020 233 1058 270 τῷ
1085 231 1231 273 Ματθαίῳ’
1249 232 1307 262 ἀλλ’
1331 233 1410 269 ἄλλη,
1427 233 1485 273 οὐχὶ
1499 233 1598 272 πόρνη,
1621 234 1690 264 ἀλλὰ
1714 235 1818 273 σεμνὴ,

1021 275 1067 304 καὶ
1083 275 1219 316 θεοφιλὴς,
1240 276 1286 306 καὶ
1301 278 1443 307 σπουδαία.
1461 279 1514 308 Καὶ
1529 278 1579 318 γὰρ
1600 280 1660 319 περὶ
1684 278 1732 314 τὴν
1750 281 1819 308 ὓπο-

1022 320 1102 359 δοχὴν
1119 321 1265 351 ἐσπούδασε
1281 324 1328 351 τοῦ
1351 323 1467 362 Χριστοῦ
1490 323 1535 352 καὶ
1556 324 1689 361 διηκόνει,
1711 325 1748 358 ὥς
1769 325 1820 353 αὖ·

1020 365 1064 399 τὸς
1102 365 1228 401 Ἰωάννης
1267 367 1365 407 προῖὼν
1407 368 1549 407 μαρτυρεῖ-
1582 367 1651 397 ἀλλὰ
1690 367 1736 397 καὶ
1771 367 1820 404 τὴν

1022 408 1123 448 ἀγαθὴν
1139 410 1234 449 μερίδα
1256 413 1428 452 μαρτυρεῖται
1443 411 1613 449 ἐκλέξασθαι,
1633 414 1668 446 ὥς
1684 415 1698 442 6
1713 413 1821 447 Λουκᾶς

1023 465 1113 493 φησιν.
1142 454 1222 484 Οὕτω
1247 455 1274 485 δὲ
1300 453 1367 492 ἦσαν
1396 455 1547 494 θαυμασταὶ
1572 457 1600 485 αἱ
1630 457 1742 497 ἀδελφαὶ
1773 458 1821 487 καὶ

1023 499 1170 537 γνώριμαι,
1193 500 1263 529 ὥστε
1286 500 1332 530 καὶ
1355 500 1399 529 τὸν
1423 501 1544 540 Λάζαρον
1566 500 1592 535 ἐξ
1607 502 1693 531 αὐτῶν
1715 503 1820 539 μᾶλλον

1023 544 1196 574 καθίστασθαι
1215 545 1355 584 γνώριμον.
1400 559 1412 572 ιι
1424 540 1479 575 ’Ἦν
1494 545 1556 585 γὰρ,
1575 546 1671 586 φησὶν,
1686 548 1701 575 6
1723 547 1820 582 Λάζα-

1025 599 1067 627 ρος
1082 589 1134 618 ἀπὸ
1149 590 1279 625 Βηθανίας
1299 590 1329 619 ἐκ
1348 591 1394 625 τῆς
1417 590 1511 628 κώμης
1537 590 1643 629 Μαρίας
1662 591 1708 620 καὶ
1733 592 1819 631 Μάρ-

1024 635 1079 666 θας.
1095 647 1107 659 ι
1150 635 1201 663 Διὰ
1213 633 1238 662 τί
1253 635 1280 663 δὲ
1295 634 1429 671 πέμπουσι
1444 635 1574 664 καλοῦσαι
1585 635 1628 664 τὸν
1640 635 1755 675 Ἰησοῦν,
1772 636 1822 665 καὶ

1023 678 1069 706 οὐκ
1089 678 1168 707 αὐταὶ
1191 679 1401 718 προσέρχονται,
1418 678 1509 719 ὥσπερ
1529 681 1542 708 6
1559 680 1750 719 ἑκατόνταρχος
1772 681 1822 710 καὶ

1023 723 1037 750 6
1065 722 1216 761 βασιλικός;
1245 724 1318 765 Auiti
1341 724 1441 764 σφόδρα
1467 724 1591 764 ἐθάῤῥουν
1622 726 1660 764 τῷ
1687 726 1819 765 Χριστῷ,

1022 766 1067 795 καὶ
1082 766 1123 796 ὅτι
1138 771 1259 806 γυναῖκες
1276 763 1360 805 ἦσαν,
1376 769 1421 797 καὶ
1436 769 1483 797 οὐκ
1504 768 1557 798 ἔδει
1582 768 1663 802 αὐτὰς
1679 769 1748 798 οὕτω
1766 772 1819 810 ῥᾳ-

170 813 242 840 Nam
258 811 332 847 quod
347 811 400 838 hoc
414 819 467 838 non
483 810 596 838 fecerint
611 818 643 838 ex
663 815 832 846 contemptu,
849 811 968 839 manife—

1063 824 1084 845 ις
1099 812 1275 852 προέρχεσθαι
1292 815 1337 841 τοῦ
1363 812 1511 850 δωματίου,
1537 812 1582 842 καὶ
1608 813 1648 842 ὅτι
1667 815 1704 853 τῷ
1727 814 1820 844 πένθει

171 861 246 885 stum
262 860 304 884 est
319 864 352 884 ex
368 856 409 884 his
432 863 493 891 qua:
507 860 668 891 sequuntur.
685 857 816 891 Magnum
832 856 905 883 enim
926 856 970 884 ho-

171 909 278 935 norem,
295 905 322 928 et
341 901 478 936 pietatem,
499 904 527 928 et
541 908 654 935 precum
668 902 852 927 constantiam
867 908 924 935 prae
941 908 970 928 se

171 945 274 974 ferunt.
292 945 420 972 Dicentes
434 949 538 978 autem,
556 956 568 968 α
586 946 654 972 Ecce
667 953 750 980 quem
765 945 864 980 diligis,
880 952 968 980 aegro-

171 993 221 1024 tat,
236 1001 248 1013 ν
265 988 301 1017 ad
319 989 523 1017 miserationem
539 989 689 1016 Dominum
705 997 816 1016 movere
830 989 968 1024 volebant,

172 1041 205 1062 eo
227 1033 300 1070 quod
326 1045 339 1058 ιι
363 1041 502 1061 memores
522 1037 600 1061 erant
619 1033 739 1060 nominis
755 1032 776 1049 ⁷⁵
799 1045 810 1057 ιι
828 1034 967 1062 amicitia}.

170 1078 299 1106 Declarat
312 1082 404 1106 autem
421 1082 450 1106 et
463 1078 545 1105 ﬁdem
557 1077 704 1113 quamdam
716 1078 832 1105 verbum
843 1078 895 1106 hec
906 1086 967 1105 mu-

171 1123 281 1150 lierum.
309 1124 348 1150 Ita
364 1122 437 1150 enim
461 1122 577 1149 multam
594 1122 714 1149 Domino
736 1122 824 1150 inesse
838 1122 968 1150 virtutem

171 1171 369 1202 cognoverunt,
387 1171 417 1194 ut
435 1167 635 1194 admirarentur
652 1167 794 1202 quomodo
809 1167 969 1195 inﬁrmitate

172 1212 276 1239 laboret
304 1212 347 1239 vir
367 1212 401 1239 ab
425 1211 471 1239 illo
503 1211 627 1239 dilectus.
652 1211 869 1239 Admirationem
894 1212 968 1239 enim

169 1256 357 1292 quodammdo
382 1256 483 1284 habere
507 1255 625 1290 videtur,
651 1267 664 1280 ει
681 1257 760 1290 Ecce,
781 1265 865 1293 quem
879 1257 968 1292 diligis

171 1305 294 1337 aegrotat.
313 1312 326 1324 ιι

204 1397 297 1423 Vens.
312 1397 372 1422 4-6.
389 1406 402 1418 α
413 1394 532 1423 Audiens
545 1399 637 1422 autem
646 1395 736 1427 Iesus,
746 1394 832 1422 dixit:
851 1395 969 1422 Inﬁrmi-

171 1443 213 1467 tas
227 1439 286 1466 haec
300 1447 355 1466 non
380 1443 422 1466 est
436 1438 472 1466 ad
487 1443 617 1472 mortem,
632 1439 679 1466 sed
695 1447 744 1474 pro
757 1439 840 1474 gloria
856 1439 917 1473 Dei,
938 1443 968 1466 ut

1024 855 1194 895 κατείχοντο,
1216 857 1261 886 καὶ
1287 857 1450 896 ἠσχολοῦντο
1471 858 1531 897 περὶ
1550 857 1593 887 τὸν
1610 857 1734 898 ἀδελφόν.
1751 858 1821 888 "Ou

1025 900 1076 940 γὰρ
1091 902 1138 930 οὐκ
1163 900 1215 930 ἀπὸ
1237 901 1456 941 καταφρονήσεως
1475 904 1550 931 τοῦτο
1571 901 1749 939 πεποιήκασι,
1768 905 1821 939 δῆ-

1024 945 1068 974 λον
1088 946 1118 974 ἐκ
1141 947 1192 974 τῶν
1218 945 1286 982 μετὰ
1311 948 1412 975 ταῦτα·
1429 946 1529 982 πολλὴν
1545 946 1596 986 γὰρ
1612 946 1658 982 τὴν
1675 947 1756 986 τιμὴν
1774 949 1823 978 καὶ

1021 988 1051 1018 τὸ
1083 989 1165 1023 σέϐας
1190 990 1381 1019 ἐπιδείκνυνται
1409 991 1455 1020 καὶ
1482 991 1527 1027 τὴν
1555 991 1643 1027 δέησιν
1679 991 1820 1030 ἐπίμονον.

1021 1033 1060 1063 Τὸ
1084 1034 1127 1071 δὲ,
1157 1048 1168 1062 ι
1191 1033 1247 1065 Ἴδε
1274 1034 1302 1064 ὃν
1325 1037 1425 1074 φιλεῖς,
1451 1050 1463 1061 ιι
1491 1037 1616 1074 λέγουσι,
1643 1035 1707 1075 πρὸς
1730 1032 1822 1066 οἶκτον

1021 1079 1221 1108 ἐπισπάσασθαι
1248 1079 1405 1119 βουλόμεναι
1421 1080 1464 1109 τὸν
1485 1079 1581 1120 Κύριον
1593 1102 1600 1116 ,
1620 1079 1664 1109 διὰ
1685 1083 1731 1110 τοῦ
1748 1083 1823 1111 ὓπο-
1840 1112 1850 1118 ,

1022 1126 1122 1160 μνῆσαι
1151 1124 1231 1153 αὐτὸν
1255 1127 1300 1153 τοῦ
1331 1126 1377 1160 τ’ἧς
1401 1124 1488 1164 φιλίας
1513 1125 1651 1163 ὀνόματος,
1674 1124 1823 1165 Ἐμφαίνει

1022 1167 1050 1196 δέ
1076 1179 1134 1196 τινα
1160 1168 1205 1197 καὶ
1228 1169 1316 1197 πίστιν
1341 1172 1418 1198 τοῦτο
1442 1170 1471 1198 τὸ
1488 1171 1563 1209 ῥῆμα
1592 1171 1643 1198 τῶν
1670 1173 1820 1208 γυναικῶν.

1022 1211 1103 1241 Οὕτω
1117 1212 1169 1252 γὰρ
1184 1213 1282 1253 ᾔδεσαν
1304 1212 1406 1248 πολλὴν
1430 1215 1468 1253 τῷ
1485 1214 1575 1253 Κυρίῳ
1589 1214 1719 1252 περιεῖναι
1739 1216 1822 1244 δύνα-

1022 1268 1080 1294 μιν,
1105 1258 1174 1286 ὥστε
1203 1258 1367 1296 θαυμάζειν,
1394 1256 1433 1286 ὅτι
1460 1258 1549 1297 ἥψατο
1578 1259 1698 1288 ἀσθένεια
1727 1261 1826 1299 ἀνδρὸς

1021 1302 1178 1340 φιλουμένου
1193 1302 1259 1342 παρ’
1274 1303 1363 1331 αὐτοῦ.
1387 1302 1580 1340 Θαυμαστικὸν
1596 1303 1647 1343 γάρ
1671 1315 1726 1337 πως
1750 1300 1823 1334 εἶναι

1021 1345 1093 1375 δοκεῖ
1106 1346 1152 1384 τὸ,
1169 1360 1180 1372 ιι
1197 1345 1252 1376 Ίδε
1265 1369 1272 1382 ,
1291 1346 1318 1376 ὃν
1335 1348 1417 1386 φιλεῖς
1435 1348 1545 1376 ἀσθενεῖ.
1563 1361 1574 1372 ιι

1063 1404 1073 1416 ιι
1087 1390 1214 1423 Ἀκούσας
1232 1390 1258 1419 δὲ
1272 1392 1286 1419 ὁ
1299 1390 1401 1426 Ἰησοῦς
1417 1387 1503 1420 εἶπεν·
1515 1390 1591 1426 Αὕτη
1606 1393 1622 1427 ἡ
1636 1391 1759 1422 ἀσθένεια
1774 1395 1822 1423 οὐκ

1021 1434 1079 1464 ἔστι
1095 1435 1158 1473 πρὸς
1178 1434 1303 1472 θάνατον,
1328 1436 1386 1464 ἀλλ’
1408 1435 1474 1475 ὑπὲρ
1497 1438 1544 1470 τῆς
1564 1435 1639 1471 δόξης
1659 1438 1705 1464 τοῦ
1728 1438 1822 1477 Θεοῦ,

169 1484 335 1520 gloriﬁcatur
357 1483 440 1511 Filius
465 1483 517 1510 Dei
542 1491 591 1518 per
614 1491 685 1510 eam.
715 1483 852 1519 Diligebat
876 1489 966 1512 autem

1063 1479 1193 1520 ιδοξασοῇ
1210 1481 1223 1508 ὁ
1249 1481 1311 1513 Υἱὸς
1334 1482 1380 1508 τοῦ
1396 1481 1466 1509 Θεοῦ
1491 1481 1525 1509 δι’
1541 1481 1632 1515 αὐτῆς.
1654 1479 1766 1519 ἸΙγοίττα
1794 1483 1823 1512 δὲ

169 1530 184 1556 J
188 1536 250 1556 esus
260 1528 408 1561 Martham,
418 1531 445 1555 et
451 1535 574 1555 sororem
586 1528 655 1563 ejus,
667 1531 692 1555 et
703 1529 847 1556 Lazarum.
857 1529 968 1564 Utergo

169 1572 275 1600 audivit
286 1572 357 1607 quod
368 1576 522 1607 aegrotaret,
534 1576 593 1599 tum
603 1572 714 1607 quidem
725 1573 860 1607 temporis
871 1573 969 1600 mansit

169 1617 197 1644 in
212 1616 311 1644 eodem
327 1617 386 1644 loco
401 1616 510 1644 duobus
525 1616 632 1644 diebus.
650 1628 662 1640 ι»
675 1617 813 1651 Quoniam
826 1618 880 1646 illic
889 1625 966 1645 man-

167 1669 251 1689 surus
273 1665 331 1688 erat
351 1661 459 1689 duobus
473 1661 580 1695 diebus,
596 1661 654 1697 ejus
669 1662 755 1697 gratia
771 1662 857 1697 inquit
872 1672 878 1690 :
895 1673 906 1686 ι
922 1663 966 1690 ln-

168 1705 284 1733 ﬁrmitas
299 1705 357 1733 hinc
388 1713 446 1733 non
460 1709 502 1733 est
523 1705 558 1733 ad
578 1710 707 1740 mortem,
726 1717 738 1729 ιι
759 1706 882 1741 quamvis
895 1711 969 1735 esset

168 1750 203 1778 ad
231 1755 360 1778 mortem.
386 1749 451 1784 Sed,
467 1750 541 1786 quod
556 1749 690 1784 dicebam,
714 1751 827 1778 nuntios
847 1755 911 1779 tunc
933 1752 967 1780 ad

168 1794 327 1822 sublimiora
349 1794 458 1822 trahere
472 1794 581 1828 volens,
594 1799 621 1822 et
650 1794 733 1822 veluti
751 1796 966 1824 consolationem

167 1839 315 1876 quamdam
326 1839 455 1873 afferens,
470 1847 504 1866 ne
519 1839 642 1875 urgendo
650 1840 759 1867 molesti
772 1844 872 1874 essent,
886 1840 967 1877 hujus

166 1884 252 1920 gratia
267 1884 358 1919 inquit
374 1893 380 1911 :
396 1895 409 1908 α
424 1885 485 1912 Non
500 1888 541 1912 est
551 1884 586 1912 ad
599 1888 727 1912 mortem.
745 1895 758 1908 ι
775 1885 810 1912 Et
822 1885 900 1913 aliter
915 1895 922 1913 :
938 1886 966 1913 Si

165 1929 234 1956 bene
248 1929 470 1962 consideraveris,
489 1936 580 1964 neque
594 1929 628 1956 ad
641 1933 761 1957 mortem
774 1929 827 1956 fuit
848 1929 964 1958 inﬁrmi-

164 1977 216 2007 tas,
240 1982 293 2009 qua
316 1973 472 2000 moriuntur
493 1973 585 2006 multi,
602 1973 761 2001 diuturnam
781 1973 894 2008 scilicet,
918 1975 965 2002 sed

165 2018 346 2053 temporalem
372 2021 400 2044 et
428 2017 648 2052 quatriduanam.
674 2019 745 2045 Nam
769 2018 831 2054 quia
847 2019 967 2046 surrexit

164 2062 375 2098 quatriduanus,
395 2062 429 2089 ad
443 2062 525 2089 ﬁnem
541 2066 696 2097 spectantes
711 2062 760 2096 rei,
781 2062 900 2090 dicimus
913 2071 966 2091 non

164 2114 224 2134 esse
241 2118 254 2130 α
269 2106 305 2134 ad
328 2110 449 2133 mortem
467 2117 478 2130 ν
496 2106 697 2141 inﬁrmitatem,
719 2119 732 2131 ιι
749 2107 796 2134 sed
818 2115 866 2142 pro
881 2107 965 2143 gloria

1023 1524 1073 1553 ὁἸ
1126 1524 1313 1554 “’“Μ’θ
1425 1523 1563 1553 “”)“
1619 1524 1625 1534 ’
1684 1526 1729 1535 ’⁸⁸
1812 1527 1819 1538 ¹

1077 1536 1155 1559 ησους
1169 1537 1216 1560 την
1264 1536 1297 1564 αρ
1317 1536 1364 1558 αν,
1389 1536 1434 1553 και
1458 1537 1472 1554 τ
1486 1537 1506 1560 ,ν
1531 1526 1646 1565 αοελφην
1662 1538 1758 1563 αυτης,
1775 1539 1824 1557 και

1023 1568 1066 1597 τὸν
1094 1569 1227 1609 Λάζαρον.
1257 1568 1307 1602 ⁶Ως
1331 1564 1375 1598 οὖν
1402 1569 1532 1605 ἤκουσεν,
1561 1569 1601 1598 ὅτι
1628 1571 1746 1606 ἀσθενεῖ,
1760 1574 1824 1601 τότε

1047 1613 1053 1623 ι
1090 1613 1100 1624 ν
1210 1616 1216 1625 ν
1260 1609 1276 1625 ’β’
1301 1609 1316 1625 ’ξ
1379 1614 1386 1622 ι
1485 1614 1491 1622 I
1529 1615 1537 1624 ρ
1570 1614 1576 1623 ι
1706 1615 1713 1625 5

1024 1625 1071 1650 μεν
1088 1625 1189 1652 εμεινεν
1206 1626 1231 1643 εν
1257 1627 1278 1654 ῳ
1299 1625 1332 1650 ην
1356 1625 1447 1654 τοπῳ,
1463 1615 1508 1643 δυο
1525 1625 1633 1654 ημερας.
1651 1629 1663 1640 ι·
1716 1616 1822 1652 Επειδὴ

1024 1657 1132 1696 ἔμελλεν
1167 1658 1222 1686 ἐκεῖ
1256 1660 1344 1695 μεῖναι
1378 1658 1480 1698 ἡμέρας
1513 1658 1572 1694 δύο,
1601 1658 1693 1688 τούτου
1730 1660 1821 1691 ἕνεκέν

1022 1713 1117 1742 φησιν,
1141 1701 1181 1731 ὅτι
1202 1716 1214 1729 α
1232 1704 1290 1732 Οὐκ
1310 1702 1381 1732 ἔστιν
1396 1705 1413 1737 ἡ
1435 1702 1554 1732 ἀσθένεια
1570 1703 1634 1742 πρὸς
1661 1704 1792 1743 θάνατον,
1808 1720 1820 1732 ι

1022 1747 1108 1776 καίτοι
1124 1746 1189 1786 πρὸς
1211 1747 1321 1776 θάνατον
1345 1747 1459 1786 γέγονεν·
1480 1748 1548 1784 ἄλλ’,
1566 1747 1630 1787 ὅπερ
1655 1748 1734 1788 ἔφην,
1753 1749 1821 1784 τέως

1023 1791 1183 1832 μετεωρίσαι
1213 1792 1295 1821 θέλων
1332 1792 1393 1825 τοὺς
1418 1791 1548 1830 μηνυτὰς,
1575 1793 1620 1822 καὶ
1651 1793 1731 1822 οἱονεί
1758 1806 1821 1823 τινα

1021 1836 1191 1877 παραμυθίαν
1221 1837 1307 1870 αὐτοῖς
1336 1836 1435 1872 διδοὺς,
1463 1838 1498 1870 ὡς
1529 1836 1559 1866 ἂν
1595 1837 1634 1876 μὴ
1669 1838 1821 1876 ἐγκείμενοι

1022 1882 1153 1921 ἐνοχλοῖεν
1165 1904 1173 1920 ,
1201 1881 1293 1910 τούτου
1314 1881 1386 1911 ἕνεκέ
1410 1893 1500 1921 φησιν,
1516 1880 1556 1910 ὅτι
1570 1895 1583 1908 ι
1603 1883 1662 1911 Οὐκ
1679 1882 1736 1912 ἔστι
1754 1885 1820 1923 πρὸς

1022 1926 1143 1956 θάνατον.
1168 1939 1179 1951 ιι
1221 1924 1322 1958 Ἄλλως
1341 1938 1378 1961 τε,
1406 1927 1438 1955 Εἰ
1463 1927 1550 1959 καλῶς
1572 1926 1733 1964 σκοπῆσεις,
1758 1929 1819 1958 οὐδὲ

1021 1969 1085 2009 πρὸς
1113 1969 1222 1999 θάνατον
1250 1966 1280 2005 ἦν
1303 1972 1319 2005 ἡ
1353 1970 1489 2010 ἀρρωστία
1516 1974 1650 2008 τοιοῦτον,
1677 1967 1730 2001 οἷον
1757 1973 1820 2009 θνή-

1021 2025 1128 2043 σκουσιν
1143 2016 1166 2042 οἳ
1191 2014 1285 2043 πολλοὶ
1306 2015 1515 2054 μακροχρόνιον,
1544 2015 1614 2044 ἀλλὰ
1636 2015 1820 2056 πρόσκαιρον,

1022 2059 1067 2087 καὶ
1095 2059 1160 2098 πρὸς
1193 2058 1324 2098 τέσσαρας
1356 2059 1457 2099 ἡμέρας
1494 2059 1637 2089 συστάντα,
1684 2060 1763 2089 Ἰέπεὶ
1789 2062 1820 2091 δὲ

1022 2103 1118 2138 ἀνέστη
1143 2102 1338 2143 τετραήμερος,
1365 2105 1429 2144 πρὸς
1453 2104 1483 2133 τὸ
1515 2105 1597 2143 πέρας
1623 2105 1735 2143 ὁρῶντες
1767 2110 1820 2136 τοῦ

164 2151 228 2185 Dei,
253 2154 285 2178 ut
307 2150 471 2186 gloriﬁcetur
486 2151 569 2179 Filius
593 2151 652 2179 Dei.
671 2162 685 2176 ι)
701 2151 785 2179 Vides
800 2160 883 2179 unam
904 2160 962 2180 esse

1063 2147 1188 2185 ιίγματος,
1204 2148 1314 2187 λέγομεν
1332 2148 1368 2186 μὴ
1395 2144 1462 2177 εἶναι
1487 2162 1498 2174 ιι
1514 2149 1579 2188 πρὸς
1590 2149 1700 2178 θάνατον
1718 2162 1730 2175 ι
1767 2151 1820 2186 τὴν

163 2195 278 2231 gloriam
289 2195 378 2222 Patris
387 2199 413 2222 et
423 2195 499 2224 Filii?
519 2204 582 2223 cum
594 2197 666 2223 enim
677 2196 800 2229 dixisset,
813 2207 826 2221 (ι
841 2204 890 2231 pro
906 2196 963 2231 glo-

163 2240 203 2268 ria
211 2240 272 2274 Dei,
284 2251 296 2263 »
305 2239 438 2274 subdidit,
447 2252 459 2264 ι
468 2245 497 2268 ut
505 2241 670 2277 gloriﬁcetur
678 2241 761 2268 Filius
769 2241 827 2268 Dei.
839 2253 851 2264 η
864 2242 961 2277 Itaque

161 2285 249 2320 gloria
263 2285 326 2318 Dei,
351 2285 440 2312 Patris
463 2285 535 2320 dico,
558 2286 586 2312 in
610 2285 685 2313 nullo
704 2285 789 2320 656
806 2286 896 2321 major
920 2289 962 2313 est

161 2337 244 2365 quam
258 2329 328 2357 Filii.
346 2331 421 2357 Deus
435 2330 518 2366 igitur
529 2334 569 2358 est
583 2334 610 2358 et
632 2330 724 2361 Filius,
743 2330 815 2357 sicut
829 2334 856 2357 et
871 2331 960 2364 Pater,

160 2374 270 2410 proprie
285 2382 317 2402 ac
332 2382 403 2402 vere.
416 2376 488 2402 Nam
504 2383 567 2402 cum
582 2383 635 2402 una
652 2374 739 2410 gloria
755 2374 838 2402 etiam
851 2383 904 2402 una
919 2379 961 2402 est

160 2419 320 2448 substantia.
346 2420 482 2454 Quocirca
503 2419 708 2447 confundantur
728 2423 755 2446 et
770 2427 802 2446 ex
824 2419 877 2447 hoc
899 2420 959 2448 loco

160 2464 265 2492 Ariani.
278 2464 402 2492 Verbum
414 2469 517 2498 autem,
534 2476 547 2489 α
569 2468 599 2491 ut
613 2463 789 2499 gloriﬁcatur,
804 2475 817 2488 ι
832 2472 866 2491 ne
882 2469 960 2500 putes

159 2516 248 2537 causa:
259 2509 480 2545 signiﬁcativum,
492 2508 539 2536 sed
550 2512 663 2536 eventus
671 2512 698 2535 et
711 2507 835 2543 effectus,
847 2513 876 2536 ut
885 2517 959 2545 smpe

156 2553 287 2582 diximus.
304 2554 367 2581 Non
381 2553 458 2581 enim
483 2557 514 2580 ut
527 2552 696 2589 gloriﬁcetur
710 2554 797 2588 Deus,
813 2558 957 2589 propterea

156 2598 299 2634 mgrotavit
314 2599 444 2631 Lazarus,
459 2596 509 2624 sed
524 2597 575 2624 alia
591 2597 709 2633 quadam
724 2597 758 2625 de
779 2606 859 2625 causa
880 2598 957 2626 inﬁr-

156 2643 236 2671 mitas
251 2642 376 2677 accessit,
393 2649 446 2677 qua
462 2646 553 2669 tamen
568 2641 704 2670 Dominus
719 2643 747 2669 in
767 2642 885 2678 gloriam
906 2644 956 2671 Dei

154 2695 220 2716 usus
240 2691 291 2715 est.
312 2697 325 2710 ιι
352 2686 452 2714 Mansit
466 2690 558 2715 autem
580 2686 675 2714 diebus
701 2687 821 2722 duobus,
838 2699 852 2711 υ
867 2687 956 2716 donec

188 2778 211 2796 ⁷³
226 2780 292 2807 Luc.
309 2786 365 2813 vn,
384 2781 428 2806 37.
467 2778 488 2795 ⁷⁵
502 2778 600 2808 Matth.
616 2787 688 2812 vni,
703 2781 729 2806 5.

1018 2192 1171 2228 ἀσθένειαν,
1195 2207 1207 2218 «ι
1233 2193 1293 2221 ἀλλ’
1308 2193 1373 2232 ὑπὲρ
1388 2195 1434 2228 τῆς
1450 2193 1524 2228 δόξης
1536 2215 1544 2229 ,
1561 2193 1642 2233 φησὶ,
1666 2196 1711 2223 toi?
1727 2196 1817 2233 Θεοῦ,

1015 2240 1059 2266 ἱνα
1083 2236 1195 2276 δοξασθῇ
1223 2238 1237 2266 6
1262 2238 1323 2271 Υἱὸς
1353 2240 1398 2266 τοῦ
1415 2239 1496 2268 Θεοῦ.
1528 2251 1539 2264 ι
1566 2238 1647 2278 Ὁρᾷς
1674 2239 1736 2277 μίαν
1763 2240 1817 2275 τὴν

1016 2281 1092 2314 δόξαν
1107 2284 1152 2311 τοῦ
1171 2281 1277 2322 Ιῐατρὸς
1293 2282 1339 2311 καὶ
1358 2284 1404 2311 τοῦ
1429 2283 1512 2319 Ποῦ,
1531 2282 1622 2312 Εἰπὼν
1638 2282 1701 2321 γὰρ,
1717 2297 1729 2308 σι
1745 2284 1816 2324 ὑπὲρ

1015 2328 1062 2361 τ’ἤς
1090 2326 1164 2362 δόξης
1188 2330 1232 2355 τοῦ
1261 2327 1343 2363 Θεοῦ,
1361 2340 1373 2353 υ
1395 2326 1528 2366 ἐπήγαγε·
1547 2341 1558 2353 ιι
1576 2325 1635 2357 Ἵνα
1662 2327 1774 2368 δοξασθῇ
1802 2332 1818 2359 6

1015 2371 1077 2404 Υἱὸς
1102 2374 1146 2400 τοῦ
1163 2372 1243 2401 Θεοῦ.
1262 2385 1273 2397 ι
1317 2371 1534 2410 Ἀπαράλλακτος
1557 2372 1606 2411 γὰρ
1631 2374 1648 2408 ἡ
1674 2375 1721 2401 τοῦ
1740 2375 1818 2403 Θεοῦ

1015 2415 1088 2452 δόξα,
1119 2418 1164 2445 τοῦ
1193 2415 1299 2455 Πατρὸς
1325 2416 1356 2452 δὴ
1380 2415 1466 2454 λέγω,
1496 2415 1561 2454 πρὸς
1586 2415 1634 2451 τὴν
1664 2419 1708 2445 τοῦ
1732 2418 1814 2447 Υἱοῧ.

1014 2461 1082 2493 Θεὸς
1098 2462 1148 2500 ἄρα
1164 2461 1209 2489 καὶ
1225 2462 1238 2489 6
1254 2461 1325 2495 Υἱὸς,
1342 2461 1377 2493 ὡς
1401 2462 1414 2489 6
1431 2459 1539 2500 Πατὴρ,
1561 2461 1656 2500 κυρίως
1678 2462 1724 2490 καὶ
1740 2463 1815 2498 ἄλης

1015 2506 1073 2538 θῶς.
1089 2500 1140 2534 ⁵Ὧν
1164 2505 1215 2544 γὰρ
1230 2507 1247 2541 ἡ
1271 2505 1332 2538 δόξα
1352 2504 1414 2542 μία,
1432 2505 1477 2534 καὶ
1492 2508 1508 2540 ἡ
1532 2505 1607 2534 οὐσία
1624 2507 1681 2542 μία.
1702 2507 1814 2546 Αἰσχυ-

1013 2552 1148 2578 νέσθωσαν
1165 2550 1250 2578 τοίνυν
1277 2551 1415 2578 κάντεῦθεν
1432 2549 1571 2589 ’Ᾱρειανοί,
1589 2551 1629 2580 Τὸ
1645 2550 1690 2585 δὲ,
1718 2565 1730 2576 α
1747 2549 1812 2581 Ἵνα

1014 2593 1144 2632 δοξασθῇ,
1164 2608 1175 2620 ιι
1196 2594 1233 2632 μὴ
1250 2594 1426 2632 αἰτιολογικὸν
1442 2595 1556 2633 νοήσῃς,
1574 2595 1643 2623 ἀλλὰ
1661 2596 1708 2629 τῆς
1728 2595 1812 2624 ἐκϐά-

1014 2650 1078 2672 σεως
1098 2638 1144 2668 καὶ
1169 2641 1214 2667 τοῦ
1235 2639 1462 2677 ἀποτελέσματος,
1485 2641 1520 2672 ὡς
1542 2639 1670 2672 πολλάκις
1690 2638 1811 2678 εἴπομεν.

1010 2684 1051 2714 Οὐ
1067 2683 1117 2724 γὰρ
1131 2682 1175 2712 ἵνα
1200 2683 1311 2723 δοξασθῇ
1328 2685 1341 2712 ὅ
1361 2684 1447 2721 Θεὸς,
1470 2684 1511 2713 διὰ
1533 2686 1609 2714 τοῦτο
1633 2683 1780 2720 ἠσθένησεν
1796 2687 1810 2714 ὁ

768 2779 789 2796 ⁷³
803 2779 875 2808 Psal.
890 2787 976 2814 χειν,
992 2783 1039 2813 78;
1056 2779 1163 2814 Iudith,
1179 2787 1247 2814 Mli,
1265 2783 1309 2807 25.
