1910 3077
63 176 99 204 89
462 172 658 201 ENARRATIO
678 173 710 201 IN
731 171 946 200 EVANGEUUM
963 172 1113 200 JOANNIS.
1129 189 1163 194 —
1182 173 1258 201 CAP.
1278 174 1321 202 XI.
1679 178 1713 204 90

62 238 201 278 Λάζαρος·
227 235 297 266 ἄλλᾶ
317 235 413 272 συνέϐη
439 235 487 275 μὲν
512 236 638 275 ἑτέρωθεν
660 238 677 271 ἦ
699 234 854 276 ιῖιῤῥωστίοι1

949 236 1065 272 spiraret
1096 239 1124 263 et
1151 235 1326 271 sepeliretur;
1361 244 1395 264 ne
1427 237 1487 272 quis
1509 237 1600 266 dicere
1625 239 1712 274 possit

62 283 199 324 ἐχρήσατο
210 281 238 311 δὲ
254 283 268 310 ὁ
283 281 379 321 Κύριος
393 282 460 321 αὐτῇ
477 282 512 313 εἷς
527 280 603 314 δόξαν
620 283 701 310 Θεοῦ.
720 294 732 307 ι
749 279 860 317 ἸΞμεινε

64 328 92 357 δὲ
111 328 216 367 ἡμέρας
243 326 305 363 δύο,
319 341 330 352 ιι
356 325 400 354 ἵνα
420 326 555 366 ἀποψὺξῃ·
573 325 616 355 ἵνα
642 325 733 363 μηδεὶς
748 326 797 364 ἔχῃ
821 325 861 354 λέ-

64 385 118 412 γειν
128 395 137 409 ,
153 372 193 401 ὅτι
213 372 294 412 κάρος
314 367 359 406 ἦν,
375 371 416 401 ὅτι
429 371 534 404 ἔκλυσις
549 367 581 407 ἦν
591 393 599 407 ,
616 370 656 400 ὅτι
670 371 783 409 κάτοχος
800 369 860 408 ἐγέ-

63 429 136 454 νετο,
151 417 198 446 καὶ
215 418 263 446 οὒκ
278 416 401 446 ἀπέθανε.
414 416 466 446 Διὰ
482 417 560 445 τοῦτο
573 416 619 445 καὶ
630 415 724 455 χρόνον
736 418 861 444 τοσοῦτον

65 463 155 502 μένει,
182 461 252 491 ὥστε
278 461 324 490 καὶ
349 460 447 501 φθορὰν
471 461 608 500 γενέσθαι,
631 460 677 490 καὶ
702 460 785 490 εἰπεῖν
813 460 861 496 τὴν

64 507 192 546 ἀδελφὴν,
205 505 246 536 δτι
261 520 273 533 ιι
288 505 353 540 ὄζει.
367 520 379 531 ιι

101 566 113 579 ι
136 551 254 581 1’[ῗιπειτοι
273 550 341 586 μετὰ
365 553 442 580 τοῦτο
458 550 528 590 λέγει
545 554 598 584 τοῖς
613 552 759 587 μαθηταῖς·
775 549 861 589 Ἀγω-

65 608 111 633 μεν
131 598 168 630 εἷς
188 596 237 631 τὴν
258 595 390 624 Ἰουδαίαν
414 595 506 626 πάλιν,
523 595 651 634 Λέγουσιν
674 595 746 634 αὖτῷ
761 596 785 624 οἱ
805 607 860 632 μοι·

63 642 155 676 θηταί·
170 640 300 677 ’1)αϐϐεὶ,
325 642 370 669 νῦν
388 640 494 674 ἐζήτουν
514 651 542 669 σε
563 641 587 669 οἱ
599 639 721 670 Ἰουδαῖοι
734 638 859 677 λιθάσαι,

64 686 107 715 καὶ
129 687 214 716 πάλιν
230 685 338 723 ὑπάγεις
362 685 430 721 Emi;
450 684 590 724 Ἀπεκρίθη
613 686 626 713 6
650 684 766 720 Ἰησοῦς·
788 685 859 723 Οὐχὶ

63 731 165 760 δώδεκα
181 726 251 769 ιῖιραί
275 732 324 759 εἰσι
345 731 393 763 τῆς
407 730 524 769 ἡμέρας
541 729 608 759 Ἐάν
626 741 666 762 τις
681 731 816 769 περιπατῇ
833 731 860 758 ἐν

63 777 94 814 τῇ
109 775 217 815 ἡμέρᾳ,
243 776 273 805 οὐ
297 774 478 813 προσκόπτει,
500 773 541 803 ὅτι
564 773 596 803 τὸ
619 775 672 813 φῶς
697 776 742 803 τοῦ
758 773 859 811 κόσμου

63 819 153 849 τούτου
175 819 281 859 βλέπει.
299 819 362 848 Ἐὰν
385 819 414 849 δέ
437 831 477 852 τις
498 821 631 859 περιπατῇ
656 820 682 848 ἔν
761 818 858 855 νυκτὶ,

63 864 243 904 προσκόπτει,
263 864 304 893 ὅτι
318 863 349 892 τὸ
362 866 415 903 φῶς
430 865 477 893 οὐκ
502 864 573 893 ἔστιν
588 864 614 892 ἓν
631 864 713 902 αὐτῷ.
731 877 743 889 ι
766 864 858 892 Οὐδα-

63 912 110 948 μοῧ
125 909 174 947 μὲν
192 910 312 949 ἀλλαχοῦ
334 911 474 947 προεῖπεν,
490 910 556 937 ὅπου
577 908 667 946 μέλλει
683 909 858 947 πορεύεσθαι,

64 955 173 983 ἐνταῦθα
202 954 229 983 δὲ
246 954 324 991 μόνον
349 953 470 992 φαίνεται
496 953 651 993 προλέγων,
677 953 770 987 ἐπειδὴ
799 953 856 982 ἐθε-

64 998 195 1028 δοίκιισαν
221 998 323 1038 σφόδρα
348 998 372 1027 οἱ
397 998 516 1034 μαθηταὶ
539 998 569 1026 τὸ
591 998 628 1030 εἷς
653 997 702 1033 τὴν
725 997 858 1027 Ἰουδαίαν

65 1045 198 1074 ἀπελθεῖν.
214 1043 266 1073 Διὰ
288 1045 365 1072 τοῦτο
381 1038 426 1072 οὖν
438 1043 578 1081 προλέγει,
595 1041 639 1070 ἵνα
661 1042 699 1080 μὴ
713 1044 751 1082 τῷ
772 1043 859 1081 ἀθρόῳ

64 1089 293 1128 διαταραχθῶσιν,
312 1088 434 1128 ἐξαίφνης
456 1088 620 1126 ἀπαγόμενοι
645 1088 680 1120 εἷς
695 1087 800 1127 χώραν,
826 1087 858 1122 ἣν

63 1127 250 1163 ἐδεδοίκεισαν.
274 1132 356 1162 Ἐπεὶ
379 1127 424 1161 οὖν
445 1131 591 1172 ἔροϐοῧντο
613 1132 658 1161 καὶ
682 1132 750 1171 ὑπὲρ
777 1133 858 1161 αὐτοῦ

64 1177 108 1217 μὲν
137 1177 231 1217 (οὔπω
265 1177 318 1216 γὰρ
351 1176 455 1206 τελείαν
485 1177 532 1212 τὴν
557 1176 618 1215 περὶ
646 1178 725 1206 αὐτοῦ
761 1179 857 1216 γνῶσιν

64 1216 131 1262 εἶχον
141 1224 162 1260 ),
187 1222 219 1251 τὸ
234 1222 261 1251 δὲ
278 1221 356 1251 πλέον
373 1221 438 1260 ὑπὲρ
462 1222 580 1259 ἑαυτῶν,
597 1221 688 1261 φασὶν,
709 1220 749 1250 ὅτι
773 1235 785 1248 α
804 1223 858 1251 Νῦν

64 1267 166 1302 ἐζήτουν
195 1278 226 1295 σε
243 1267 267 1295 οἱ
290 1266 412 1296 Ἰουδαῖοι
434 1266 560 1302 λιθάσαι,
583 1266 628 1294 καὶ
643 1266 725 1295 πάλιν
747 1266 858 1305 ὑπάγεις

64 1312 131 1347 ἐκείς
150 1326 161 1337 ιι
183 1311 220 1342 Ὁ
242 1310 270 1340 δὲ
293 1311 492 1352 παραθαῤῥύνει
509 1309 619 1347 αὐτοὺς,
641 1311 686 1340 καί
707 1323 799 1351 φησιν,
817 1311 857 1341 ὅτι

62 1354 166 1396 Ὥσπερ
177 1358 193 1385 ὁ
205 1356 234 1386 τὸ
249 1357 304 1396 φῶς
321 1357 424 1395 βλέπων
442 1358 471 1385 οὐ
483 1355 654 1395 προσπταίει,
672 1358 686 1385 ὁ
697 1356 725 1385 δὲ
741 1358 768 1386 ἐν
783 1356 858 1385 νυκτὶ

65 1403 234 1441 περιπατῶν,
260 1402 357 1434 ἐκεῖνος
385 1401 566 1440 προσκόπτει·
597 1400 680 1433 οὕτως
707 1402 721 1429 ὁ
747 1400 795 1438 μὲν
827 1402 858 1432 τὸ

64 1446 157 1483 ἀγαθὸν
180 1447 264 1474 ποιῶν
277 1468 285 1483 ,
308 1445 353 1474 καὶ
378 1446 404 1474 ἐν
425 1449 560 1479 φωτεινοῖς
576 1444 663 1484 ἔργοις
679 1447 834 1485 περιπατῶν
848 1468 856 1482 ,

65 1490 134 1519 οὐδὲν
160 1490 283 1520 πείσεται
309 1490 407 1518 δεινόν·
439 1491 452 1518 ὁ
485 1490 512 1519 δὲ
543 1491 578 1518 τὰ
603 1491 691 1530 φαῦλα
729 1490 857 1529 πράσσων

64 1535 178 1565 πείσεται
190 1534 286 1566 δεινόν,
304 1533 390 1564 "ﬂere
406 1536 475 1571 ὑμᾶς
494 1535 522 1563 οὖ
537 1533 590 1573 χρὴ
604 1534 758 1564 δεδοικέναι·
783 1535 857 1564 οὐδὲν

65 1579 111 1619 γὰρ
126 1580 198 1613 ἄξιον
221 1579 333 1608 θανάτου
351 1579 511 1618 ἐπράξαμεν.
530 1578 566 1608 ἸΙ
590 1579 635 1608 καὶ
658 1579 757 1612 ἄλλους’
787 1581 820 1609 Ιῦί
843 1582 856 1609 ὁ

65 1625 93 1653 τὸ
113 1626 177 1664 φῶς,
201 1624 280 1664 φησὶ,
298 1623 404 1663 βλέπων
419 1626 516 1661 τοῦτο,
532 1624 560 1652 οὐ
577 1624 748 1662 προσκόπτει,
763 1625 856 1665 πολλῷ

68 1670 164 1708 μᾶλλον
189 1670 205 1698 δ
229 1669 287 1706 μετ’
312 1670 378 1706 ἐμοῦ
400 1667 446 1704 ὢν,
473 1667 518 1696 ἐὰν
541 1668 578 1706 μὴ
603 1668 742 1708 ἀποστήσῃ
765 1669 856 1699 ἑαυτὸν

65 1714 139 1751 ἐμοῦ,
155 1715 206 1743 οὖκ
228 1713 260 1742 ἂν
281 1712 430 1753 προσκόψῃ,
448 1711 537 1742 Ὥστε
560 1712 605 1741 καὶ
621 1714 696 1750 ὑμεῖς
718 1714 776 1750 μετ’
791 1714 856 1751 ἐμοῦ

65 1761 106 1787 τοῦ
124 1759 210 1798 φωτὸς
226 1758 318 1796 ὄντες,
335 1758 423 1796 μάτην
440 1757 586 1787 δεδοίκατε.
604 1755 696 1787 Ἄλλοι
711 1758 738 1786 δὲ
753 1758 856 1798 ἡμέραν

66 1803 109 1840 μὲν
122 1807 212 1833 νοοῦσι
234 1804 277 1833 τὸν
291 1804 344 1844 πρὸ
358 1806 403 1832 τοῦ
419 1804 516 1836 πάθους
537 1802 641 1841 καιρὸν,
666 1801 749 1831 νύκτα
767 1803 794 1832 δὲ
811 1804 855 1832 τὸν

64 1850 105 1877 τοῦ
126 1849 234 1882 πάθους.
262 1847 355 1885 ’Υμεῖς
376 1844 438 1884 οἷν,
463 1847 558 1887 φησὶν,
577 1846 626 1880 ἕως
653 1846 742 1886 ἡμέρα
767 1849 853 1884 ἐστὶν,

66 1893 212 1931 τουτέστιν,
227 1893 274 1925 ἕως
296 1892 370 1921 οὔπω
384 1894 398 1921 ὁ
417 1895 463 1921 τοῦ
476 1893 576 1925 πάοους
591 1891 681 1931 καιρὸς
697 1891 802 1928 ἐνέστη,
825 1895 854 1923 οὗ

67 1937 101 1974 μὴ
112 1938 282 1978 προσκόψητι
292 1949 299 1956 ·
317 1938 346 1967 οὐ
360 1937 412 1977 γὰρ
427 1937 608 1976 διωχθήσεσοε
619 1936 682 1975 παρ’
701 1936 837 1966 Ἰουδαίων
845 1959 854 1973 ,

67 1981 122 2011 οὔτε
139 1983 206 2011 ἄλλο
229 1982 346 2016 ἀντίξουν
366 1985 428 2019 ὑμῖν
451 1981 633 2016 ἀπαντήσεται
730 1982 853 2018 ἀπαντή-

65 2027 151 2066 σετε].
166 2027 257 2056 Ὅταν
281 2026 308 2056 δὲ
330 2029 346 2062 ἡ
369 2027 412 2060 νὺξ
435 2025 514 2066 ἔλθῃ,
536 2027 566 2055 τὸ
580 2028 661 2060 πάθος
685 2025 717 2062 δή
740 2038 808 2066 φημι
825 2027 856 2057 τὸ

66 2071 141 2108 ἐμὸν,
157 2071 218 2101 τότε
241 2071 274 2106 δὴ
296 2071 494 2107 συσταλήσεσθε
517 2071 564 2109 μὲν
585 2072 611 2100 ἐν
626 2071 736 2110 οἰκίσκῳ
751 2071 788 2100 ἑνὶ
812 2072 853 2101 διὰ

65 2115 105 2143 τὸν
125 2115 206 2155 φόϐον
221 2117 273 2144 τῶν
289 2115 439 2147 Ἰουδαίων,
462 2129 474 2142 ι
498 2113 612 2145 ¹Ἰἰκτοτε
629 2115 656 2144 δὲ
679 2117 790 2156 θλίψεις,
810 2117 856 2146 καὶ

66 2159 161 2196 ὀδύνας,
183 2160 232 2190 καὶ
261 2160 348 2190 πολλὰ
372 2159 570 2201 προσκόμματα
596 2160 642 2189 καὶ
667 2161 852 2198 ἐναντιώματα

915 279 988 316 quod
1002 280 1125 316 gravatio
1148 281 1275 316 quaedam
1299 280 1389 315 fuerit,
1411 281 1570 317 deliquium,
1598 284 1640 310 vel
1661 291 1710 311 ex-

915 326 989 359 tasis,
1014 329 1041 353 et
1061 333 1116 353 non
1144 325 1228 353 fuerit
1250 330 1383 353 mortuus.
1413 327 1447 354 Et
1466 331 1609 362 propterea
1635 331 1711 356 tanto

914 373 1039 406 tempore
1063 374 1164 404 manet,
1189 375 1220 398 ut
1248 375 1276 398 et
1302 375 1536 407 corrumperetur,
1557 371 1712 409 diceretque

913 422 993 443 soror
1011 415 1098 443 illlum
1111 426 1123 439 ι
1141 414 1235 444 fetere.
1254 427 1266 440 ιι

948 556 1039 584 Vens.
1061 557 1138 583 7-10.
1154 564 1168 582 α
1186 555 1292 583 Deinde
1307 559 1369 591 post
1389 555 1442 583 hoc
1465 555 1533 583 dicit
1546 554 1688 591 discipulis
1705 566 1712 585 :

914 601 1018 628 Eamus
1037 600 1065 627 in
1085 600 1211 628 Judzeam
1236 601 1345 628 iterum.
1378 601 1477 628 Dicunt
1500 601 1525 628 ei
1549 600 1674 636 discipuli
1704 610 1711 629 :

913 645 1014 678 Rabbi,
1026 645 1109 672 modo
1120 645 1280 681 quazrebant
1293 649 1318 672 te
1332 645 1422 673 Judaei
1432 645 1561 680 lapidare,
1574 649 1602 672 et
1614 645 1712 674 iterum

915 690 991 717 vadis
1005 689 1083 717 illuc?
1098 689 1247 725 Respondit
1259 691 1355 717 Iesus:
1372 691 1468 717 Nonne
1492 689 1636 717 duodecim
1649 694 1714 718 sunt

914 733 990 762 horae
1002 734 1071 762 diei?
1087 734 1110 762 si
1125 735 1187 770 quis
1201 734 1381 762 ambulaverit
1395 734 1421 762 in
1437 734 1491 766 die.
1511 742 1567 762 non
1582 734 1712 769 offendit,

915 779 976 815 quia
990 779 1078 806 lucem
1091 779 1174 815 hujus
1193 779 1289 807 mundi
1302 779 1381 806 videt.
1394 779 1422 806 Si
1436 779 1498 815 quis
1510 783 1602 807 autem
1617 779 1714 807 ambu-

914 824 1011 852 laverit
1030 824 1057 851 in
1071 829 1165 857 nocte,
1184 823 1313 856 offendit.
1326 823 1391 859 quia
1410 824 1453 851 lux
1468 831 1523 851 nou
1538 827 1579 851 est
1594 824 1621 851 in
1636 832 1679 852 co.
1695 834 1710 850 ι»

915 871 1059 904 Nusquam
1079 869 1133 896 alio
1157 869 1218 896 loco
1239 869 1362 904 praedicit
1386 876 1442 905 quo
1465 869 1501 896 sit
1524 867 1711 904 profecturus;

914 913 959 941 hic
978 917 1067 941 autem
1087 914 1176 941 solum
1200 913 1348 949 prmdicere
1370 913 1487 946 videtur,
1508 914 1571 948 quia
1591 913 1667 941 valde
1683 913 1713 941 ti-

914 958 1028 986 mebant
1047 957 1173 993 discipuli
1193 958 1221 985 in
1235 957 1361 986 Judzcam
1375 958 1424 985 ire.
1449 959 1483 984 Et
1495 957 1596 985 idcirco
1612 957 1712 993 praedi-

913 1002 960 1036 cit,
975 1006 1006 1030 ut
1029 1010 1064 1030 ne
1076 1002 1220 1037 repentina
1236 1003 1355 1030 abitione
1374 1002 1531 1036 turbentur,
1545 1002 1567 1030 si
1589 1001 1710 1030 abduce-

914 1051 1009 1075 rentur
1037 1047 1067 1074 in
1096 1047 1236 1082 regionem
1265 1055 1347 1082 quam
1370 1046 1513 1074 timebant.
1540 1046 1627 1081 Igitur
1649 1046 1711 1082 quia

914 1092 1051 1119 timebant
1065 1096 1094 1119 et
1118 1091 1227 1119 Christo
1243 1091 1355 1127 quidem
1371 1091 1504 1124 (nondum
1528 1091 1602 1119 enim
1622 1091 1710 1126 perfe-

912 1140 987 1164 ctam
1002 1136 1037 1164 de
1052 1136 1111 1172 ipso
1132 1137 1318 1171 cognitionem
1340 1136 1500 1170 habebant),
1522 1136 1610 1164 multo
1624 1137 1713 1171 magis

913 1186 1005 1209 autem
1019 1181 1152 1216 sibiipsis,
1164 1181 1267 1214 dicunt,
1285 1192 1298 1204 α
1318 1180 1401 1208 Modo
1415 1180 1574 1217 quaerebant
1588 1186 1614 1209 te
1623 1181 1711 1209 Judaei

913 1225 1043 1262 lapidare,
1070 1229 1098 1253 et
1123 1226 1223 1253 iterum
1243 1225 1319 1253 vadis
1338 1226 1419 1253 illuc?
1444 1237 1457 1250 ιι
1477 1228 1514 1253 At
1537 1225 1593 1261 ipse
1607 1226 1712 1253 animat

912 1270 976 1298 illos
992 1275 1020 1298 et
1033 1270 1099 1298 dicit
1123 1270 1219 1298 :Sicut
1232 1270 1278 1306 qui
1295 1270 1369 1298 videt
1390 1270 1490 1303 lucem,
1504 1278 1560 1297 non
1575 1269 1710 1304 offendit;

912 1315 958 1351 qui
981 1319 1077 1342 autem
1094 1315 1123 1342 in
1142 1319 1223 1342 nocte
1243 1315 1376 1348 ambulat,
1402 1315 1448 1342 ille
1472 1313 1589 1342 offendit
1610 1324 1616 1343 :
1634 1315 1670 1342 ita
1684 1319 1712 1342 et

912 1360 959 1396 qui
980 1360 1084 1387 bonum
1109 1359 1185 1393 facit,
1205 1364 1233 1388 et
1253 1360 1282 1387 iu
1302 1359 1400 1387 lucidis
1420 1358 1549 1394 operibus
1576 1359 1710 1394 ambulat,

913 1405 976 1432 nihil
989 1412 1068 1440 grave
1077 1404 1246 1440 experietur;
1258 1403 1305 1440 qui
1317 1408 1407 1431 autem
1417 1404 1488 1431 mala
1499 1403 1573 1437 facit,
1586 1403 1710 1439 patietur.

913 1450 947 1477 Et
961 1449 998 1476 ita
1014 1456 1070 1476 non
1085 1453 1194 1484 oportet
1207 1456 1256 1476 vos
1268 1449 1444 1476 meticulosos
1458 1456 1525 1476 esse.
1543 1449 1614 1476 Nihil
1629 1448 1706 1476 enim

912 1498 1002 1521 morte
1013 1493 1125 1527 dignum
1139 1493 1263 1520 fecimus.
1282 1493 1330 1520 Vel
1345 1493 1426 1521 etiam
1441 1493 1520 1520 aliter
1540 1502 1546 1520 :
1568 1493 1597 1521 Si
1616 1493 1639 1520 is
1660 1493 1709 1528 qui

913 1538 986 1566 videt
1009 1538 1102 1566 lumen
1120 1538 1184 1572 hoc,
1200 1546 1255 1566 non
1276 1537 1393 1565 offendit
1418 1547 1425 1565 :
1447 1538 1536 1565 multo
1556 1537 1644 1573 magis
1662 1537 1710 1573 qui

913 1591 1021 1610 mecum
1032 1587 1083 1615 est,
1097 1583 1146 1610 nisi
1157 1590 1172 1610 a
1186 1589 1230 1609 me
1242 1581 1383 1615 defecerit,
1408 1590 1463 1609 non
1476 1581 1603 1609 offendit.
1619 1585 1710 1618 Atque

911 1626 947 1654 ita
964 1627 1047 1654 etiam
1060 1635 1109 1654 vos
1123 1635 1186 1654 cum
1205 1626 1265 1654 sitis
1286 1634 1408 1659 mecum,
1421 1626 1467 1662 qui
1486 1627 1580 1654 lumen
1596 1634 1659 1653 sum
1677 1625 1710 1660 ⁷⁸,

912 1671 1012 1699 frustra
1025 1671 1139 1699 timetis.
1155 1671 1209 1698 Alii
1227 1675 1320 1698 autem
1334 1671 1408 1699 diem
1431 1670 1542 1706 quidem
1559 1670 1711 1706 intelligunt

911 1720 1020 1752 tempus
1031 1721 1094 1743 ante
1108 1717 1272 1751 passionem,
1282 1719 1392 1743 noctem
1404 1723 1467 1743 vero
1481 1719 1591 1750 tempus
1607 1715 1709 1750 passio-

910 1761 962 1788 nis.
987 1762 1043 1788 Vos
1058 1760 1152 1795 igitur,
1168 1760 1268 1796 inquit,
1293 1760 1414 1796 quandiu
1433 1760 1492 1788 dies
1511 1763 1562 1794 est,
1588 1759 1641 1787 hoc
1656 1762 1707 1793 est,

910 1805 1030 1841 quandiu
1039 1804 1163 1832 nondum
1175 1805 1260 1832 instat
1272 1809 1380 1840 tempus
1392 1805 1538 1840 passionis,
1551 1812 1606 1832 non
1618 1804 1710 1832 offen-

909 1849 990 1877 detis.
1011 1850 1074 1876 Non
1090 1849 1164 1876 enim
1179 1849 1395 1885 persecutionem
1411 1849 1551 1884 patiemini
1566 1857 1580 1875 a
1595 1849 1708 1882 Judmis,

911 1901 998 1929 neque
1017 1892 1093 1920 aliud
1117 1893 1182 1929 quid
1194 1901 1274 1929 grave
1294 1893 1401 1920 eveniet
1417 1893 1505 1920 vobis.
1521 1894 1592 1920 Cum
1616 1897 1709 1920 autem

909 1947 966 1966 nox
979 1937 1093 1970 venerit,
1108 1937 1198 1973 passio
1215 1937 1329 1972 inquam
1344 1945 1417 1969 mea,
1433 1941 1499 1964 tunc
1521 1941 1594 1964 certe
1609 1945 1710 1972 pavore

909 1982 1111 2011 contrahcmini
1135 1982 1258 2017 quidem,
1287 1981 1315 2008 in
1334 1989 1417 2009 unam
1441 1981 1639 2009 domunculam
1661 1989 1709 2010 vos

908 2028 1071 2063 recipientes
1083 2031 1193 2063 propter
1202 2031 1306 2054 metum
1317 2026 1486 2054 Iudaeorum.
1498 2037 1511 2050 ιι
1521 2027 1559 2054 Ex
1569 2034 1602 2053 eo
1614 2030 1708 2054 autem

908 2077 1033 2108 tempore
1045 2072 1206 2100 afllictiones
1217 2075 1244 2098 et
1255 2071 1454 2104 tribulationes,
1475 2075 1502 2099 et
1511 2071 1597 2098 multa
1616 2070 1708 2098 offen-

908 2117 998 2145 dicula
1022 2121 1049 2145 et
1063 2117 1238 2144 adversitates
1262 2116 1395 2144 habebitis
1414 2115 1436 2132 ""
1457 2124 1465 2143 :
1492 2127 1504 2140 ι-
1520 2124 1583 2143 cum
1599 2123 1649 2151 ego
1661 2115 1709 2151 qui

908 2162 954 2190 lux
968 2170 1042 2195 sum,
1053 2170 1109 2189 non
1122 2162 1192 2188 ultra
1208 2161 1351 2189 vobiscum
1367 2161 1545 2196 corporaliter
1559 2168 1708 2189 conversa-

67 2204 147 2242 ἕξετε,
160 2216 174 2233 ι)
192 2205 236 2234 ὅτε
249 2205 296 2233 οὐκ
311 2204 349 2234 ἔτι
363 2205 416 2244 ἐγὼ
431 2205 460 2234 τὸ
472 2207 525 2244 φῶς
541 2206 598 2242 μεθ’
609 2207 684 2243 ὑμῶν
698 2208 854 2243 σωματικῶς

947 2215 973 2240 τ,
989 2211 1102 2235 noctem
1112 2206 1295 2234 afﬂictiouum
1311 2205 1457 2234 habebitis.

67 2249 208 2285 συνδιάξω,
223 2249 291 2290 ἀλλὰ
306 2249 388 2278 νύκτα
403 2250 450 2286 τὴν
466 2252 520 2279 τῶν
534 2250 650 2290 θλίψεων
665 2250 747 2283 ἕξετε.

105 2304 120 2322 α
140 2295 235 2324 Ταῦτα
251 2288 322 2329 εἶπε,
339 2294 384 2323 καὶ
407 2293 476 2332 μετὰ
497 2297 572 2324 τοῦτο
586 2293 658 2332 λέγει
679 2295 782 2328 αὐτοῖς’
799 2294 854 2324 Λαί-

67 2338 137 2377 ζαρος
158 2340 172 2368 ὁ
191 2340 266 2378 φίλος
284 2340 362 2376 ἡμῶν
385 2338 562 2377 κεκοίμηται,
589 2339 658 2368 ἀλλὰ
686 2339 853 2378 πορεύομαι,

65 2381 106 2410 ἵνα
127 2382 255 2417 ἐξυπνίσω
281 2383 366 2412 αὐτόν.
388 2379 472 2412 Εἶπον
496 2378 540 2413 οὖν
564 2384 588 2412 0i
622 2383 741 2422 μαθηταὶ
765 2385 854 2424 αὐτῷ’

68 2426 155 2467 Κύριε,
168 2430 190 2457 εἰ
206 2427 381 2465 κεκοίμηται,
403 2428 563 2464 σωθήσεται.
590 2429 702 2467 Εὶρήκει
718 2428 746 2457 δὲ
760 2430 774 2458 ὁ
794 2429 852 2464 Ἰη-

66 2474 119 2504 σοῦς
134 2473 192 2512 περὶ
218 2475 264 2502 τοῦ
282 2472 394 2502 θανάτου
409 2473 508 2509 αὐτοῦ,
523 2474 617 2502 ἐκεῖνοι
633 2473 660 2502 δὲ
685 2473 787 2510 ἔδοξαν,
813 2474 853 2503 ὅτι

66 2517 121 2555 περὶ
140 2519 185 2552 τῆς
200 2516 350 2555 κοιμήσεως
365 2519 409 2546 τοῦ
426 2516 508 2547 ὕπνου
529 2517 610 2556 λέγει.
627 2517 696 2547 Τότε
713 2513 758 2546 οὖν
779 2512 852 2548 εἶπεν

67 2560 148 2594 αὐτοῖς
168 2563 182 2590 ὃ
205 2561 308 2597 Ἰησοῦς
332 2561 484 2602 παρρησία·
513 2564 636 2601 Λάζαρος
660 2562 787 2600 ἀπέθανε,
807 2563 853 2593 καὶ

66 2605 147 2645 χαίρω
162 2607 195 2635 δι’
210 2608 290 2644 ὑμᾶς,
314 2605 358 2635 ἵνα
373 2607 544 2643 πιστεύσητε,
567 2607 605 2635 ὅτι
621 2607 668 2637 οὖκ
691 2606 764 2644 ἤμην
785 2608 850 2638 ἐκεῖ.

66 2648 131 2679 Ἀλλ’
153 2651 259 2690 ἄγωμεν
274 2651 339 2691 πρὸς
353 2652 443 2680 αὐτόν.
464 2647 545 2681 Εἶπεν
560 2647 606 2681 οὖν
626 2654 728 2690 Θωμᾶς
743 2654 756 2681 ὁ
771 2653 850 2692 λεγό-

67 2706 136 2731 μενος
171 2696 286 2734 Δίδυμος
323 2697 376 2730 τοῖς
415 2699 616 2734 συμμαθηταῑς·
646 2695 767 2736 Ἄγωμεν
806 2697 852 2727 καὶ

65 2739 149 2776 ἡμεῖς,
163 2739 206 2769 ἵνα
221 2740 396 2779 ἀποθάνωμεν
411 2742 469 2778 μετ’
485 2742 578 2772 αὐτοῦ.
592 2752 606 2770 n
627 2741 741 2778 Ἐπειδὴ
756 2743 850 2772 ἐκεῖνοι

99 2831 209 2862 "Joan.
225 2841 247 2869 ι,
263 2837 288 2862 9.
328 2833 354 2869 ,⁷⁷
369 2835 448 2862 Joan.
465 2842 531 2869 xvr,
547 2838 591 2862 33.

947 2297 1037 2325 Vsns.
1065 2298 1158 2324 Η-ιϐ.
1186 2307 1200 2320 ι
1232 2297 1300 2324 Haec
1322 2296 1371 2329 ait,
1400 2299 1428 2323 et
1455 2300 1517 2331 post
1543 2295 1627 2331 657
1650 2295 1709 2324 haec

909 2341 975 2370 dicit
992 2341 1033 2369 eis
1057 2349 1064 2369 :
1080 2341 1199 2368 Lazarus
1213 2341 1322 2368 amicus
1334 2344 1426 2368 noster
1441 2340 1556 2373 dormit,
1575 2340 1623 2368 sed
1639 2340 1709 2368 vado

911 2390 940 2413 ut
959 2394 974 2413 a
989 2393 1090 2414 somno
1104 2385 1219 2413 excitem
1234 2385 1324 2412 illum.
1347 2386 1482 2412 Dixerunt
1497 2393 1561 2421 ergo
1582 2384 1708 2420 discipuli

909 2430 985 2466 ejus:
999 2430 1131 2461 Domine,
1146 2429 1170 2457 si
1185 2430 1297 2463 dormit,
1312 2429 1402 2456 salvus
1416 2430 1476 2456 erit.
1492 2431 1604 2457 Dixerat
1613 2434 1707 2457 autem

908 2476 987 2503 Jesus
1013 2475 1047 2503 de
1073 2478 1162 2502 morte
1186 2475 1269 2510 ejus:
1293 2478 1321 2502 et
1348 2474 1386 2501 illi
1403 2478 1565 2510 putaverunt
1584 2474 1658 2510 quod
1673 2474 1708 2502 de

908 2520 1077 2548 dormitione
1100 2519 1191 2547 somni
1214 2519 1323 2547 diceret.
1340 2519 1420 2546 Tunc
1444 2527 1510 2555 ergo
1533 2520 1613 2547 Jesus
1638 2518 1708 2546 dixit

908 2565 947 2593 eis
960 2563 1103 2592 manifeste
1119 2572 1126 2591 ε
1140 2564 1255 2591 Lazarus
1269 2568 1395 2591 mortuus
1408 2568 1459 2597 est,
1474 2567 1502 2591 et
1513 2563 1618 2599 gaudeo
1641 2570 1706 2599 pro-

907 2614 968 2645 pter
990 2617 1048 2643 vos,
1071 2613 1101 2636 ut
1122 2608 1249 2642 credatis,
1272 2608 1347 2644 quod
1373 2616 1428 2636 non
1452 2608 1553 2636 fuerim
1582 2608 1633 2640 ibi;
1658 2607 1707 2634 sed

907 2662 1003 2682 eamus
1028 2653 1062 2682 ad
1091 2661 1164 2681 eum.
1194 2653 1271 2680 Dixit
1295 2661 1359 2689 ergo
1386 2652 1507 2680 Thomas
1533 2651 1580 2688 qui
1605 2651 1708 2679 dicitur

906 2699 1042 2736 Didymus
1055 2697 1090 2726 ad
1104 2697 1304 2734 condiscipulos
1317 2707 1323 2725 :
1338 2699 1440 2725 Eamus
1450 2702 1478 2725 et
1489 2704 1548 2730 nos,
1563 2700 1594 2723 ut
1605 2696 1706 2723 moria-

906 2752 969 2773 mur
982 2751 1047 2772 cum
1065 2751 1107 2771 eo.
1122 2753 1136 2769 ι)
1166 2742 1305 2778 Quoniam
1327 2742 1365 2770 illi
1380 2741 1596 2770 formidaverant
1622 2740 1661 2768 ire
1678 2740 1705 2768 in
