1910 3077
241 165 275 191 70

749 160 1006 189 THEOPHYLACTI
1026 161 1204 190 BULGARIE
1223 162 1383 191 ARCHlEP.
1845 167 1871 194 80

252 233 285 254 us
314 232 430 261 operum
460 231 542 260 quam
571 223 718 251 verborum
739 223 774 251 ad
802 223 1022 259 persuadendum

1097 227 1212 255 ποιεῖσθε
1236 225 1266 254 τὸ
1297 226 1349 255 ἀπὸ
1376 227 1453 266 ψιλοῦ
1477 226 1594 266 ῥήματος
1625 228 1777 263 πεισθῆναις
1799 241 1810 254 α
1832 229 1866 258 Τὰ

241 270 324 306 651
345 268 419 305 quod
431 273 459 296 et
483 267 637 295 fatebantur
658 267 685 295 hi
704 267 751 303 qui
766 268 863 296 melius
875 268 946 296 inter
966 268 1043 304 ipsos

239 319 391 354 sapiebant,
419 317 540 344 dicentes
565 325 571 343 :
596 328 608 340 ‹ι
630 317 690 343 Non
706 320 797 352 potest
810 316 894 344 homo
912 321 1040 353 peccator

239 363 315 398 signa
328 362 390 390 talia
402 361 502 389 facere.
521 372 534 386 ιι
550 362 695 396 Propterea
708 361 774 388 dicit
791 368 796 385 :
815 373 827 384 α
853 362 913 389 Non
932 361 1040 389 creditis

239 407 317 441 mihi,
340 406 403 442 quia
414 414 468 434 non
493 405 558 433 estis
577 413 609 433 ex
631 405 727 432 ovibus
752 405 830 433 meis.
856 417 868 429 υ
896 406 967 433 Nam
990 413 1040 441 ego

244 452 370 488 quidem,
385 456 413 478 ut
423 455 515 486 pastor
525 451 626 483 bonus,
635 457 697 485 quae
707 451 849 485 oportebat
859 450 957 484 facere,
968 449 1039 478 feci:

243 504 292 524 vos
309 500 400 524 autem
419 495 441 523 si
457 503 512 523 non
528 494 692 531 sequamini,
708 502 764 522 non
784 503 834 530 ego
851 495 977 530 pastoris,
991 494 1040 523 sed

240 549 289 569 vos
304 541 397 569 ovium
411 540 550 567 vocatione
570 539 673 574 indigni
688 539 761 566 estis.
774 540 816 566 Da
833 543 862 566 et
875 543 904 566 tu
915 547 1039 575 operam,

241 586 308 614 dum
330 585 416 613 hiems
435 588 486 618 est,
507 591 626 620 praesens
651 584 711 611 dico
732 584 795 617 vita,
817 591 879 620 qua;
902 592 1010 619 semper
1024 592 1039 612 a

240 630 319 658 malis
335 629 474 666 spiritibus
494 629 632 662 turbatur,
656 632 687 656 ut
710 628 829 656 celebres
852 628 970 657 encaznia
990 629 1040 664 spi-

238 675 344 703 ritualis
356 674 452 710 templi
466 673 516 708 tui,
532 681 640 708 semper
655 681 744 701 novus
760 672 860 707 factus,
876 677 903 700 et
919 685 931 697 α
947 681 1040 701 ascen-

240 719 331 748 siones
355 719 382 747 in
407 718 491 746 corde
505 726 612 754 ponens
625 717 647 734 ⁷⁰
660 738 667 746 .
684 729 698 742 ν
714 717 810 745 Aderit
823 718 896 746 enim
915 722 980 745 tunc
990 718 1037 746 tibi

239 765 331 797 Jesus,
352 764 398 799 qui
411 763 493 791 simul
512 762 630 790 celebret
651 762 838 790 encaeniorum
859 761 1037 790 festivitatem

239 808 268 836 in
282 808 388 844 porticu
412 807 574 841 Salomonis,
598 806 720 834 custodia
742 815 790 834 sua
813 810 839 834 te
859 806 994 840 muniens,
1011 811 1038 834 et

239 853 384 889 pacificum
406 856 435 880 te
460 851 563 880 faciens
583 851 618 880 ab
656 851 856 879 affectionibus.
880 853 940 887 Ipse
963 851 1036 879 enim

237 897 382 933 paciﬁcum
406 897 538 925 Salomon
562 900 612 924 est.
635 896 766 931 Quisquis
789 896 872 931 igitur
898 896 925 923 in
947 901 1036 932 prote-

238 942 331 970 ctione
345 941 443 970 Christi
459 940 563 976 paciﬁci
585 945 724 974 moratur,
741 940 823 968 habet
844 944 872 968 et
883 941 1034 969 Dominum

237 986 318 1015 simul
342 985 416 1014 diem
444 985 545 1013 festum
571 989 695 1021 agentem
715 985 899 1013 encaeniorum
922 985 1032 1019 animae,

235 1030 357 1067 quandiu
372 1030 459 1058 hiems
473 1030 536 1058 vitae
554 1029 636 1066 hujus
649 1029 741 1057 durat.
755 1031 807 1058 Ver
825 1029 898 1058 enim
910 1029 1033 1058 futurum

235 1075 368 1104 saeculum
395 1079 447 1109 est,
470 1082 525 1110 quo
543 1074 637 1102 omnia
662 1074 836 1108 reviviscunt,
862 1082 918 1110 quo
940 1075 1032 1103 nullus

235 1119 356 1147 animam
391 1119 521 1147 innovare
552 1123 653 1154 potest.
681 1119 752 1147 Nam
777 1119 906 1154 praesenti
932 1119 1034 1147 saeculo

235 1164 329 1192 omnia
343 1163 406 1191 talia
420 1163 632 1191 concluduntur.

1095 270 1176 309 ἔργα,
1196 270 1212 299 ἃ
1235 268 1287 309 ἐγὼ
1312 273 1397 307 ποιῶ,
1421 283 1433 296 ι·
1464 273 1514 310 οὐχ
1535 272 1571 304 ὥς
1598 271 1728 310 ἀντίθεος,
1751 273 1804 302 ἀλλ’
1819 287 1827 298 ι
1847 275 1867 302 ἓν

1095 314 1206 351 ὀνόματι
1234 317 1279 344 τοῦ
1306 315 1412 355 Πατρός
1438 327 1496 353 μου,
1518 329 1529 342 ν
1556 316 1584 345 οὖ
1616 316 1737 356 δέχεσθε,
1761 317 1865 351 καὶπῶς

1095 360 1165 398 ψιλῷ
1195 359 1265 399 λόγῳ
1298 359 1474 396 Nic-reticere;
1501 360 1614 394 Πάντως
1640 363 1692 400 γὰρ
1718 361 1767 393 τοῖς
1797 361 1867 402 ἔργοις

1095 404 1194 432 πλείων
1216 404 1281 443 πρὸς
1305 405 1335 434 τὸ
1351 404 1449 433 πείθειν
1475 405 1600 443 δύναμις,
1625 404 1711 440 ἣτοῖς
1728 406 1815 445 λόγοις.
1838 406 1866 436 Ὃ

1095 449 1140 478 χαὶ
1154 448 1180 482 ἐξ
1199 450 1284 478 αὐτῶν
1301 450 1324 478 οἱ
1341 448 1576 490 εὐγνωμονέστεροι
1588 449 1692 489 ἔλεγον·
1715 464 1726 477 ι
1743 451 1786 486 Μὴ
1799 450 1866 480 δύνα-

1093 505 1138 521 ται
1159 495 1292 532 ἄνθρωπος
1318 494 1475 533 ἁμαρτωλὸς
1496 498 1596 532 σημεῖα
1617 497 1727 524 τοιαῦτα
1746 497 1836 532 ποιεῖν;
1858 510 1867 522 ι

1093 538 1137 566 διὰ
1160 541 1236 567 τοῦτο
1260 538 1303 574 δὲ,
1327 540 1423 578 φησιν,
1451 553 1462 564 ιι
1477 540 1517 568 Οὐ
1540 539 1680 569 πιστεύετέ
1700 551 1758 576 μοι,
1779 539 1867 570 ὅτιοῦχ

1093 582 1151 611 ἐστὲ
1169 585 1198 612 ἐκ
1219 585 1270 612 τῶν
1293 584 1434 623 προϐάτων
1456 585 1509 612 τῶν
1525 584 1608 622 ἐμῶν.
1631 595 1646 613 ι)
1672 584 1744 623 Ἐγὼ
1769 584 1812 622 μὲν
1826 585 1867 624 γὰρ

1093 629 1128 660 ὡς
1140 627 1238 666 ποιμὴν
1264 628 1356 667 καλὸς,
1374 627 1442 667 ἅπερ
1461 629 1543 669 ἐχρῆν
1564 631 1692 668 ποιῆσαι,
1717 629 1831 664 ἐποίησα·
1851 631 1869 659 εἰ

1093 672 1120 701 δὲ
1137 674 1211 710 ὑμεῖς
1227 673 1274 702 οὔχ
1289 673 1474 709 ἀκολουθεῖτε,
1491 674 1540 703 οὐχ
1554 672 1607 712 ἐγὼ
1625 675 1673 708 τῆς
1686 675 1731 703 τοῦ
1746 674 1869 712 ποιμένος,

1092 717 1152 745 ἀλλ’
1168 719 1242 754 ὑμεῖς
1263 719 1310 752 τῆς
1327 719 1378 746 τῶν
1399 717 1540 757 πρτῧάτων
1556 717 1656 752 ἀνάξιοί
1671 720 1730 748 ἐστε
1751 718 1868 755 κλήσεως.

1092 762 1230 796 Σπούδαζε
1246 761 1272 791 δὲ
1290 762 1335 791 καὶ
1351 762 1398 797 σὺ,
1415 763 1441 791 ἐν
1457 762 1511 801 ὅσῳ
1533 762 1634 802 χειμών
1653 764 1737 800 ἐστιν,
1751 765 1764 792 6
1777 763 1869 804 παρὼν,

1091 806 1160 845 λέγω
1170 830 1178 843 ,
1202 807 1256 846 βίος
1268 828 1276 843 ,
1303 809 1316 836 6
1338 807 1379 836 ἀεὶ
1396 807 1517 847 ταραχὰς
1536 807 1585 836 ὑπὸ
1598 809 1651 837 τῶν
1666 808 1816 847 πνευμάτων
1830 811 1870 844 τῆς

1091 851 1218 891 πονηρίας
1244 850 1331 891 ἔχων,
1355 851 1386 880 τὰ
1412 851 1533 890 ἐγκαίνια
1551 852 1676 892 ἑορτάσαι
1701 855 1746 883 τοῦ
1765 865 1870 891 πνευμα-

1091 898 1165 926 τικοῦ
1182 907 1228 925 σου
1252 899 1332 931 ναοῦ,
1359 896 1400 925 ἀεὶ
1421 896 1477 930 νέος
1501 896 1648 936 γινόμενος.
1673 897 1718 928 καὶ
1743 897 1870 930 ἀναϐάσεις

1091 942 1117 970 ἐν
1132 942 1164 980 τῇ
1187 941 1283 980 καρδίᾳ
1309 941 1496 979 διατιθέμενος.
1515 941 1585 971 Τότε
1611 941 1662 981 γὰρ
1683 942 1715 978 δή
1743 954 1782 972 σοι
1802 942 1843 971 καὶ
1860 943 1871 970 6

1089 985 1193 1022 Ἰησοῦς
1214 985 1345 1025 παρέσται
1369 985 1417 1021 τὴν
1441 988 1493 1015 τῶν
1518 987 1658 1025 ἐγχαινίων
1678 986 1776 1016 τούτων
1791 999 1870 1027 συνερ-

1088 1030 1231 1069 γαζόμενος
1256 1030 1350 1070 ἑορτὴν
1374 1031 1400 1059 ἐν
1424 1032 1457 1069 τῇ
1483 1035 1549 1070 στοᾷ
1571 1033 1618 1060 τοῦ
1641 1033 1829 1070 Σολομῶντος,
1851 1033 1872 1061 ἒν

1088 1077 1121 1115 τῇ
1140 1074 1226 1113 σκέπῃ
1251 1076 1333 1104 αὓτοῢ
1358 1077 1539 1115 περιφρουρῶν
1565 1087 1608 1112 σε,
1632 1075 1679 1105 καὶ
1698 1076 1836 1116 εἰρηνεύειν
1847 1088 1871 1105 σε

1088 1121 1170 1149 ποιῶν
1193 1119 1246 1148 ἀπὸ
1264 1121 1315 1148 τῶν
1331 1122 1433 1150 παθῶν.
1454 1119 1538 1152 Αὐτὸς
1551 1120 1602 1159 γὰρ
1617 1120 1694 1150 ἔσται
1711 1122 1724 1150 6
1739 1115 1873 1160 Σολομῖέλν,

1089 1163 1117 1197 ὃς
1132 1164 1307 1203 εἰρηνικὸς
1323 1165 1505 1203 ἑρμηνεύεται.
1519 1163 1616 1198 θΟστις
1632 1161 1677 1194 οὖν
1701 1166 1727 1194 ἐν
1741 1168 1774 1205 τῇ
1798 1165 1872 1203 σκέπῃ

233 1211 279 1239 τοῦ
307 1210 424 1249 Χριστοῦ
451 1211 496 1237 τοῦ
524 1209 655 1248 εἰρηνικοῦ
679 1207 827 1243 αὐλίζεται,
850 1206 920 1236 κατὰ
941 1208 985 1237 τὸν
1009 1208 1163 1248 προφήτην,
1192 1208 1248 1247 ἔχει
1273 1208 1351 1237 αὐτὸν
1379 1209 1421 1238 τὸν
1452 1208 1549 1249 Κύριον
1577 1209 1786 1250 συνεορτάζοντα
1815 1211 1877 1248 αὐτῷ

233 1253 266 1283 τὰ
295 1255 342 1288 τῆς
370 1254 457 1293 ψυχῆς
486 1252 622 1290 ἐγκαίνια,
651 1253 676 1281 ἔν
694 1251 749 1292 ὅσῳ
773 1253 787 1281 6
810 1251 927 1291 χειμὼν,
951 1255 964 1282 6
990 1252 1044 1292 βίος
1068 1248 1154 1289 οὗτος,
1181 1253 1325 1282 ἐνίσταται.
1353 1252 1425 1293 Ἔαρ
1452 1248 1504 1293 γὰρ
1529 1255 1544 1282 6
1568 1248 1671 1291 μέλλων
1691 1254 1756 1284 αἰὼν
1776 1255 1833 1284 καθ’
1854 1254 1877 1283 ὃν

233 1299 266 1328 τὰ
283 1299 370 1327 πάντα
387 1299 488 1336 ἀναζῇ,
513 1297 558 1326 καὶ
582 1297 785 1336 παλιγγενεσίαν
809 1297 957 1335 λαμϐάνει,
975 1299 1034 1326 καθ’
1061 1296 1089 1326 ὃν
1113 1297 1197 1330 οὐδεὶς
1219 1297 1268 1333 τὴν
1294 1297 1381 1337 ψυχὴν
1397 1298 1544 1336 ἐγχαινίσαι
1569 1297 1690 1328 δύναται·
1706 1301 1744 1340 τῷ
1761 1299 1812 1340 γὰρ
1829 1310 1876 1328 πα-

236 1344 307 1383 ρόντι
328 1343 404 1372 αἰῶνι
425 1342 513 1371 πάντα
530 1342 564 1371 τὰ
581 1345 690 1372 τοιαῦτα
705 1341 881 1380 συγκλείεται.

269 1400 359 1426 Vens.
375 1399 470 1424 27-30.
491 1409 504 1421 ιι
521 1398 592 1425 Oves
607 1404 676 1424 mea:
687 1405 784 1424 vocem
799 1404 889 1424 meam
905 1396 1030 1432 audiunt,

1128 1399 1140 1412 σι
1167 1385 1262 1420 Καθὼς
1276 1381 1350 1415 εἷπον
1365 1388 1426 1424 ὑμῖν
1436 1411 1443 1424 ,
1461 1387 1495 1417 τὰ
1510 1388 1633 1427 πρόϐατα
1646 1387 1680 1417 τὰ
1696 1387 1752 1428 ἐμὰ
1767 1390 1814 1425 τῆς
1830 1400 1876 1429 φω-

232 1448 259 1471 et
277 1451 327 1479 ego
351 1449 488 1478 cognosco
507 1449 564 1474 eas,
583 1445 610 1468 et
624 1445 778 1476 sequuntur
793 1449 847 1474 me,
872 1444 899 1468 et
918 1449 970 1476 ego
993 1430 1030 1468 vi;

1093 1432 1132 1465 γῆς
1147 1442 1198 1469 μου
1222 1430 1326 1466 ἀκούει,
1351 1430 1426 1469 κάγὼ
1451 1432 1572 1471 γινώσκω
1597 1433 1681 1470 αὐτὰ,
1705 1434 1752 1463 καὶ
1768 1434 1875 1463 ἀκολουο

232 1493 290 1516 tam
310 1491 443 1516 aeternam
466 1486 502 1514 do
531 1486 581 1519 eis,
605 1493 656 1513 nec
680 1486 806 1521 peribunt
828 1485 856 1513 in
880 1489 1027 1520 aeternum,

230 1540 319 1569 neque
338 1531 423 1567 rapiet
449 1538 496 1559 eas
517 1531 665 1566 quisquam
688 1530 721 1558 de
742 1538 827 1558 manu
850 1537 922 1558 mea.
947 1531 1029 1558 Pater

230 1584 310 1605 meus
333 1576 380 1612 qui
399 1575 474 1604 dedit
486 1575 564 1609 mihi,
585 1575 674 1610 major
694 1574 822 1602 omnibus
838 1579 889 1608 est,
903 1578 932 1602 et
945 1582 1028 1602 nemo

231 1625 320 1658 potest
337 1629 433 1656 rapere
459 1619 494 1648 de
513 1627 596 1647 manu
622 1619 710 1647 Patris
734 1618 800 1647 mei.
822 1620 880 1655 Ego
901 1623 929 1646 et
950 1620 1028 1646 Pater

230 1675 317 1694 unum
338 1673 444 1693 sumus.
471 1676 484 1689 π
503 1666 656 1700 Postquam
679 1663 748 1692 dixit
767 1664 818 1696 eis,
844 1674 859 1688 ιι
882 1664 942 1691 Non
962 1664 1027 1691 estis

229 1719 261 1739 ex
290 1710 385 1738 ovibus
407 1709 485 1743 meis,
506 1721 519 1734 ν
536 1717 607 1736 nunc
629 1709 754 1736 hortatur
773 1716 820 1736 eos
836 1712 867 1736 ut
881 1707 947 1735 ﬁant
961 1716 1026 1736 oves

229 1756 287 1792 ejus
310 1766 316 1783 :
338 1755 398 1783 ideo
419 1758 446 1782 et
459 1754 564 1787 subdit,
584 1753 679 1781 dicens
702 1764 707 1782 ε
728 1765 739 1777 ιι
755 1754 827 1781 Oves
847 1760 916 1780 mea
929 1760 1024 1780 vocem

228 1808 319 1828 meam
335 1799 461 1833 audiunt,
477 1803 504 1826 et
518 1803 669 1834 sequuntur
686 1805 742 1826 me.
760 1809 773 1821 ιι
794 1797 898 1826 Deinde
912 1797 1026 1825 incitans

227 1853 284 1878 eos,
305 1844 373 1873 dicit
391 1851 453 1880 qua:
476 1842 652 1871 consecuturi
677 1842 733 1870 sint
754 1842 844 1878 ipsum
867 1846 1022 1878 sequentes.

227 1901 239 1914 α
261 1890 353 1917 Vitam
369 1889 454 1922 enim,
474 1887 575 1924 inquit,
594 1891 724 1916 aeternam
743 1887 779 1914 do
802 1887 850 1920 eis,
866 1891 893 1914 et
906 1894 940 1914 ne
962 1894 1023 1922 per-

224 1938 288 1962 eant
306 1934 332 1961 in
346 1937 490 1965 aeternum,
513 1944 526 1956 υ
547 1936 599 1959 etc.
620 1933 655 1958 Et
673 1931 787 1958 omnino
803 1939 850 1966 per
866 1930 948 1958 verba
963 1930 1023 1958 haec

223 1979 322 2006 excitat
344 1978 416 2011 illos,
432 1977 580 2012 zelumque
600 1983 631 2003 ac
648 1975 813 2003 desiderium
835 1974 933 2009 injicit,
953 1978 984 2002 ut
995 1978 1021 2002 et

223 2023 274 2058 ipsi
299 2025 450 2057 sequantur
477 2028 540 2047 eum
565 2019 612 2054 qui
639 2018 705 2046 talia
725 2018 851 2054 largitur.
876 2019 1023 2054 Propterea

224 2071 314 2094 autem
329 2065 406 2099 dixit,
424 2077 435 2089 ι
453 2066 517 2092 Non
529 2063 672 2099 peribunt,
686 2072 701 2089 ι)
718 2063 780 2098 quia
796 2074 808 2086 ι
821 2062 920 2090 Nullus
935 2067 1023 2098 potest

1086 1475 1159 1505 θοῖῖσί
1181 1487 1242 1514 μοι,
1267 1475 1342 1514 κάγὼ
1356 1476 1426 1511 ζωὴν
1451 1477 1556 1507 αἰώνιον
1583 1477 1679 1516 δίδωμι
1703 1479 1811 1515 αὐτοῖς,
1836 1477 1875 1507 χαὶ

1082 1521 1111 1550 οὗ
1127 1520 1165 1559 μὴ
1182 1521 1334 1550 ἀπόλωνται
1356 1523 1391 1555 εἰς
1416 1521 1460 1550 τὸν
1486 1524 1589 1559 αἰῶνα,
1618 1522 1664 1552 καὶ
1689 1524 1740 1563 οὐχ
1770 1523 1876 1563 ἁρπάζει

1081 1577 1119 1598 τις
1146 1565 1213 1594 αὐτὰ
1240 1567 1269 1594 ἐκ
1292 1567 1340 1601 τῆς
1365 1566 1454 1605 χειρός
1480 1579 1541 1605 μου.
1574 1567 1608 1598 Ὁ
1632 1567 1732 1606 Πατήρ
1761 1579 1828 1607 μου,
1853 1567 1875 1599 ὃς

1082 1609 1164 1639 ἔδωκέ
1178 1622 1240 1648 μοι,
1264 1610 1358 1647 μείζων
1378 1611 1484 1639 πάντων
1509 1611 1578 1648 ἐστὶ,
1597 1612 1642 1641 καὶ
1661 1612 1750 1646 οὐδεὶς
1775 1613 1876 1642 δύναται

1081 1654 1207 1694 ἁρπάζειν
1224 1654 1292 1684 αὐτὰ
1316 1656 1346 1684 ἐκ
1369 1656 1415 1689 τ’ἦς
1435 1655 1523 1694 χειρὸς
1545 1659 1591 1685 τοῦ
1606 1657 1713 1696 Πατρός
1729 1669 1792 1695 μου.
1812 1656 1874 1696 Ἐγὼ

1081 1701 1126 1728 καὶ
1143 1701 1157 1728 6
1175 1698 1269 1738 Πατὴρ
1285 1698 1311 1727 ἕν
1336 1700 1425 1737 ἐσμεν.
1444 1713 1456 1725 -
1475 1699 1588 1737 Ἐπειδὴ
1614 1697 1686 1730 εἶπεν
1702 1703 1809 1741 αὖτοῑς,
1827 1702 1874 1739 ὅτι,

1080 1757 1091 1769 ιι
1115 1745 1174 1773 Οὖκ
1189 1744 1247 1773 ἐστὲ
1267 1744 1298 1772 ἐκ
1320 1745 1373 1772 τῶν
1389 1744 1530 1784 προϐάτων
1552 1747 1604 1774 τῶν
1621 1747 1709 1784 ἐμῶν,
1727 1760 1740 1772 ιι
1757 1749 1805 1776 νῦν
1819 1758 1874 1785 προ·

1078 1788 1205 1828 τρέπεται
1231 1788 1341 1825 αὐτοὺς,
1367 1788 1436 1818 ὥστε
1463 1790 1584 1827 γενέσθαι
1608 1791 1748 1830 πρόϐατα.
1768 1792 1817 1822 Διὸ
1837 1791 1876 1820 καὶ

1078 1833 1170 1874 ἐπάγει
1190 1834 1289 1873 λέγων·
1317 1847 1330 1860 σι
1357 1833 1400 1863 Τὰ
1425 1834 1548 1874 πρόϐατα
1572 1835 1606 1865 τὰ
1632 1836 1685 1876 ἔμᾷι
1715 1839 1766 1872 τῆς
1795 1837 1876 1876 φωνῆς

1078 1890 1128 1917 μου
1149 1879 1254 1915 ἀκούει,
1277 1878 1321 1908 καὶ
1347 1879 1520 1909 ἀχολουθοῦσί
1541 1891 1597 1917 μοι.
1617 1893 1629 1905 ι
1649 1874 1720 1910 Εἶτα
1745 1874 1876 1921 παραχνί-

1077 1925 1127 1958 ζων
1164 1923 1257 1956 αὖτοὺς
1287 1922 1358 1962 λέγει
1387 1924 1433 1952 χαὶ
1462 1919 1498 1952 ὧν
1534 1923 1713 1958 ἐπιτεὺξονται
1745 1927 1772 1955 οἱ
1791 1919 1876 1964 ἀὐτῷ

1077 1969 1289 2000 ἀκολουθοῦντες.
1316 1981 1328 1993 «ι
1355 1967 1433 2003 Ζωὴν
1448 1966 1499 2007 γὰρ
1513 1991 1522 2007 ,
1537 1967 1631 2008 φησὶν,
1654 1969 1768 2000 αἰώνιον
1788 1969 1878 2006 δίδωμι

1078 2012 1177 2050 αὐτοῖς,
1198 2011 1244 2041 καὶ
1265 2012 1294 2041 οὖ
1324 2011 1361 2050 μὴ
1386 2011 1539 2042 ἀπόλωνται
1555 2013 1589 2046 εἰς
1614 2013 1658 2043 τὸν
1675 2015 1780 2054 αἰῶνα,
1804 2029 1816 2041 ι
1837 2013 1878 2044 χαὶ

1076 2056 1110 2086 τὰ
1135 2056 1205 2092 ἑξῆς.
1232 2055 1341 2089 Πάντως
1367 2057 1394 2085 δὲ
1410 2056 1453 2085 διὰ
1482 2058 1534 2086 τῶν
1558 2058 1818 2097 ρημάτωνλτούτων
1841 2059 1877 2088 δι-

224 2119 320 2146 rapere
335 2118 380 2138 eas
393 2109 428 2137 de
450 2098 537 2136 manu
550 2115 624 2142 mea,
641 2119 654 2132 ν
675 2115 708 2135 eo
723 2107 796 2143 quod
814 2119 826 2132 ιι
848 2108 927 2135 Pater
942 2115 1022 2136 meus

1093 2101 1170 2141 γείρει
1191 2100 1296 2146 αὐτοὺς,
1313 2101 1359 2130 καὶ
1373 2102 1410 2134 εἷς
1426 2103 1503 2137 ζῆλον
1519 2101 1564 2132 καὶ
1579 2103 1724 2142 ἐπιθυμίαν
1748 2105 1878 2143 ἐμϐάλλει

223 2156 268 2191 qui
291 2154 367 2183 dedit
380 2153 447 2182 mihi
465 2165 477 2177 ι»
494 2161 550 2187 eas,
569 2164 582 2177 ι
606 2152 743 2180 maximus
766 2153 892 2180 omnium
914 2156 966 2185 est,
990 2156 1018 2180 et

222 2200 257 2228 de
282 2207 364 2227 manu
386 2199 446 2235 ejus
466 2198 557 2226 nullus
579 2201 670 2234 potest
692 2205 737 2225 eas
764 2206 868 2234 rapere,
895 2209 908 2222 ν
933 2201 961 2224 et
981 2197 1017 2224 ita

224 2257 235 2269 τι
257 2252 345 2281 neque
371 2243 406 2272 de
432 2251 515 2271 manu
537 2250 596 2270 mea
623 2251 630 2270 :
652 2254 665 2267 ι
691 2250 789 2270 manus
812 2242 887 2270 enim
906 2249 966 2268 mea
990 2245 1018 2268 et

220 2289 308 2317 Patris
324 2297 376 2316 una
390 2292 440 2316 est.
457 2299 471 2312 α
485 2289 557 2315 Nam
572 2295 622 2323 ego
636 2291 663 2315 et
677 2288 757 2315 Pater
768 2295 856 2315 unum
875 2293 984 2319 sumus,
1000 2296 1014 2310 ιι

219 2333 370 2362 secundum
394 2337 554 2369 potestatem
574 2332 675 2360 scilicet
699 2335 728 2359 et
745 2332 885 2358 virtutem.
902 2332 1015 2358 Manum

220 2379 296 2407 enim
317 2382 479 2414 potestatem
494 2381 523 2405 et
538 2377 667 2405 virtutem
694 2376 767 2404 dicit.
791 2376 877 2411 Igitur
892 2387 903 2399 ι
920 2375 975 2410 Ego
988 2379 1015 2402 et

218 2425 299 2452 Pater
320 2431 408 2451 unum
438 2430 535 2450 sumus
560 2434 573 2446 ιι
598 2421 750 2449 secundum
783 2419 963 2447 substantiam
987 2423 1015 2447 et

217 2473 344 2496 naturam
366 2471 393 2496 et
408 2471 570 2503 potestatem
596 2474 627 2494 ac
643 2465 735 2493 robur.
751 2464 783 2492 Id
797 2464 869 2500 quod
884 2469 911 2492 et
923 2464 1011 2492 Judaei

217 2521 326 2549 quoque
350 2520 415 2540 cum
436 2512 643 2543 intellexissent,
665 2509 739 2545 quod
754 2509 872 2544 seipsum
896 2509 1013 2537 consub-

216 2558 371 2586 stantialem
398 2557 453 2584 Deo
478 2556 588 2588 faceret,
614 2565 627 2580 (ι
642 2553 763 2589 lapidare
787 2553 914 2580 volebant
935 2561 1009 2585 eum,

214 2607 309 2638 utpote
321 2602 368 2638 qui
387 2609 416 2629 se
430 2601 528 2629 Filium
546 2599 595 2627 Dei
606 2599 707 2626 faceret
721 2597 756 2625 τ’.
772 2609 784 2622 ι
798 2597 851 2625 Sed
861 2598 1009 2634 interroga-

214 2648 282 2675 verit
292 2647 430 2682 quispiam
443 2655 449 2672 :
461 2643 608 2678 Quomodo
617 2643 837 2674 dixitDominus,
846 2655 858 2666 ιι
871 2643 967 2670 Nullus
976 2650 1008 2670 ex

211 2700 295 2720 manu
310 2690 399 2719 Patris
413 2689 467 2716 mei
489 2689 575 2723 rapiet
600 2695 656 2722 eas,
674 2700 686 2712 ι
706 2696 770 2716 cum
795 2692 888 2715 tamen
907 2687 1009 2715 multos

211 2737 352 2765 videamus
374 2734 479 2770 perire?
501 2732 656 2761 Dicendum
677 2733 751 2769 quod
776 2739 873 2769 rapere
895 2732 1006 2768 quidem

244 2825 267 2842 1°
280 2825 352 2852 Psal.
369 2831 503 2858 LXXXIII,
517 2826 544 2851 6.
583 2823 602 2840 τι
620 2825 701 2852 Joan.
720 2832 763 2859 Xl,
780 2827 806 2852 8.

1073 2148 1119 2175 τοῦ
1138 2146 1184 2174 καὶ
1208 2143 1301 2178 αὐτοὺς
1321 2147 1498 2182 ἀκολουθῆσαι
1516 2147 1603 2186 αὐτῷ,
1624 2149 1660 2181 ὡς
1685 2152 1809 2179 τοιαῦτα
1831 2150 1880 2178 δω-

1073 2189 1202 2230 ρουμένῳ.
1229 2189 1307 2219 Διατί
1334 2191 1360 2219 δὲ
1387 2202 1480 2231 φησιν·
1510 2193 1584 2221 ((οὖ
1610 2193 1647 2230 μὴ
1664 2194 1849 2232 ἀπόλωνται,
1868 2206 1878 2218 ι

1072 2235 1146 2264 Διότι
1164 2248 1175 2261 ι
1196 2234 1279 2267 οὐδεὶς
1299 2234 1408 2264 δύναται
1425 2235 1551 2273 ἁρπάζειν
1576 2237 1643 2266 αὐτὰ
1665 2238 1696 2266 ἐκ
1715 2240 1769 2274 τῆς
1795 2237 1880 2278 χειρός

1072 2291 1139 2317 μου,
1156 2292 1168 2304 ι
1181 2279 1246 2308 διότι
1263 2293 1273 2304 ι
1297 2281 1311 2308 6
1331 2279 1428 2319 Πατήρ
1445 2292 1512 2318 μου,
1527 2280 1554 2314 ὃς
1571 2280 1654 2310 ἔδωκέ
1672 2294 1721 2320 μοι
1750 2296 1763 2308 υ
1778 2286 1878 2316 ταῦτα,

1072 2337 1084 2349 ιι
1107 2324 1203 2361 μείζων
1227 2323 1335 2353 πάντων
1357 2324 1427 2359 ἐστὶ,
1450 2325 1494 2353 καὶ
1517 2325 1569 2354 ἀπὸ
1590 2327 1638 2361 τῆς
1660 2326 1756 2366 χειρὸς
1785 2326 1879 2357 τούτου

1070 2368 1152 2402 οὐδεὶς
1178 2368 1288 2398 δύναται
1312 2369 1440 2409 ἁρπάζειν
1466 2369 1552 2405 αὐτὰ,
1578 2384 1590 2396 ιο
1606 2369 1676 2400 ὥστε
1701 2371 1769 2401 οὐδὲ
1794 2387 1807 2399 κ
1831 2372 1879 2401 ἀπὸ

1069 2415 1116 2449 τῆς
1137 2415 1202 2452 ἐμῆς
1223 2413 1321 2453 χειρός.
1350 2413 1407 2443 ιιἩ
1428 2413 1478 2453 γὰρ
1492 2413 1551 2454 χεὶρ
1566 2416 1583 2450 ἡ
1606 2413 1658 2452 ἐμὴ
1681 2415 1734 2444 καὶ
1750 2419 1802 2446 τοῦ
1818 2417 1877 2447 Πα-

1069 2458 1128 2498 τρὸς
1151 2459 1211 2497 μία.
1238 2472 1249 2484 ι
1270 2457 1344 2497 Ἐγὼ
1374 2458 1426 2498 γὰρ
1452 2459 1498 2488 καὶ
1524 2461 1537 2488 6
1562 2459 1659 2499 Πατὴρ
1686 2459 1717 2489 ἔν
1745 2462 1848 2500 ἐσμεν,
1869 2473 1879 2485 ι

1069 2502 1138 2532 κατὰ
1158 2503 1206 2538 τὴν
1226 2502 1343 2536 ἐξουσίαν
1366 2502 1468 2538 δηλαδὴ
1491 2502 1536 2532 καὶ
1560 2501 1606 2539 τὴν
1633 2504 1775 2543 δύναμιν⁵
1803 2505 1879 2546 χεῖρα

1067 2547 1119 2587 γὰρ
1146 2548 1194 2583 τὴν
1219 2547 1337 2581 ἐξουσίαν
1363 2547 1409 2577 καὶ
1432 2549 1481 2583 τὴν
1505 2547 1617 2586 δύναμιν
1643 2548 1732 2588 λέγει.
1759 2564 1775 2578 α
1806 2549 1880 2588 Ἐγὼ

1066 2593 1152 2622 τοίνυν
1175 2591 1220 2622 καὶ
1245 2593 1259 2621 6
1276 2593 1372 2632 Πατὴρ
1396 2591 1424 2621 ἕν
1450 2593 1531 2630 ἐσμεν
1559 2606 1570 2618 ι
1591 2593 1667 2636 νχατὰ
1690 2593 1748 2636 τὴν
1779 2595 1877 2636 φύσιν,

1065 2637 1111 2666 καὶ
1137 2637 1184 2672 τὴν
1201 2637 1305 2672 οὐσίαν,
1327 2637 1372 2665 καὶ
1398 2636 1427 2666 τὸ
1449 2637 1554 2677 κράτος.
1582 2635 1674 2677 Ὅπερ
1705 2634 1760 2669 οὖν
1786 2634 1835 2670 οιαὶ
1857 2640 1879 2668 οἱ

1064 2682 1188 2712 Ἰουδαῖοι
1219 2681 1386 2719 συνιδόντες,
1418 2681 1459 2712 ὅτι
1490 2681 1628 2720 ὁμοούσιον
1660 2684 1767 2714 ἑαυτὸν
1810 2687 1880 2714 ποιεῖ

1065 2727 1109 2756 διὰ
1127 2725 1225 2757 τούτων
1246 2728 1299 2756 τῶν
1322 2727 1449 2767 ῥημάτων
1471 2729 1517 2756 τοῦ
1533 2728 1619 2764 Θεοῦ,
1641 2727 1733 2762 λίθοις
1762 2729 1880 2759 ἔϐαλλον
