1910 3077
58 165 91 192 8i
468 165 665 193 ENARRATIO
685 166 718 193 IN
737 165 951 193 EVANGELIUM
967 164 1117 193 JOANNIS.
1137 180 1172 185 -—
1191 165 1265 192 CAP.
1287 166 1316 192 X.
1683 167 1717 193 82

56 229 164 267 αὐτὸν,
189 232 224 263 ὡς
246 229 310 260 mw
325 231 396 260 Θεοῦ
419 229 512 259 ἑαυτὸν
531 233 666 262 ποιοῦντα.
703 231 773 261 Ἀλλ’
795 232 807 260 ἓ

962 230 1010 258 llus
1024 235 1115 266 potest
1133 230 1166 258 de
1180 238 1266 258 manu
1282 230 1378 263 Patris,
1400 230 1526 266 decipere
1538 235 1631 258 autem
1645 231 1716 258 mul-

55 275 172 310 τήσειεν
187 275 219 304 ἄν
241 286 294 308 τις·
319 276 383 308 Πῶς
407 270 478 304 εἶπεν
499 277 513 304 ὁ
536 275 646 314 Κύριος,
671 275 711 305 ὅτι
734 291 746 302 ι
768 276 864 310 Οὐδεὶς

56 319 183 359 ἁρπάσει
213 319 280 348 αὐτὰ
308 319 337 348 ἔκ
365 321 412 354 τῆς
433 319 520 359 χειρὸς
547 323 592 348 τοῦ
620 321 724 360 Πατρός
760 332 824 359 μου,
852 334 864 346 ο

56 363 153 394 καίτοι
175 376 205 402 γε
225 364 336 398 πολλοὺς
351 365 453 403 δρῶμεν
471 365 683 402 ἀπολλυμένους
701 364 796 395 Ἔστιν
818 361 862 394 οὖν

57 409 159 444 εἷπεῖν,
184 407 223 437 ὅτι
245 408 367 448 ἁρπάσαι
387 408 435 446 μὲν
451 408 536 442 οὐδεὶς
562 409 672 438 δύναται
688 411 717 439 ἐκ
730 412 777 445 ἧς
802 421 863 449 χει-

59 452 106 492 ρὸς
125 455 173 482 τοῦ
191 453 308 493 Πατρὸς,
329 454 468 488 ἀπατῆσαι
493 453 519 483 δὲ
543 454 646 483 πολλοί.
671 455 721 495 Βία
744 455 792 492 μὲν
812 454 863 494 γὰρ

57 497 107 526 καὶ
138 498 273 539 τυραννίδι
302 498 458 528 ἀποσπάσαι
493 498 577 531 οὖδιὶς
606 498 691 538 ἰσχύει
721 500 750 529 ἐκ
782 500 862 533 Θεοῦ,

57 542 156 582 ἀπάτῃ
186 542 214 572 δὲ
243 545 303 572 καθ’
329 542 445 578 ἑκάστην
474 544 710 582 ὕποσκελιζόμεθα.
739 545 804 578 Πῶς
835 543 864 573 δέ

57 598 142 627 φησι·
172 601 185 614 ι
211 586 254 617 Τὰ
285 587 407 626 πρόϐατά
432 599 483 625 μου
512 588 570 626 ἐμοὶ
598 589 785 624 ἀκολουθοῦσι,
817 588 862 617 καὶ

58 632 90 660 οὖ
129 630 169 669 μὴ
203 631 370 668 ἀπόλωνται;
404 646 416 657 ιι
446 633 548 671 ὁρῶμεν
580 631 648 672 γὰρ,
687 632 728 662 ὅτι
763 632 863 666 Ἰούδας

58 676 202 706 ἀπώλετο.
219 676 298 705 Ἀλλὰ
319 675 360 705 διὰ
383 679 460 705 τοῦτο
486 677 624 712 ἀπώλετο,
641 677 707 706 διότι
730 678 777 706 οὖκ
800 679 863 713 ἠκοσ

56 720 202 757 λοΰθησεν,
216 720 274 750 οὐδὲ
294 720 427 759 πρόϐατον
444 720 546 758 ἔμεινεν
561 721 624 760 ἄχρι
640 722 741 754 τέλους.
785 721 820 751 Ὁ
835 721 862 751 δὲ

58 766 183 804 Χριστὸς
211 765 272 806 περὶ
299 766 350 794 τῶν
373 765 608 801 ἀκολουθησάντων
628 767 700 806 αὐτῷ
721 766 766 795 καὶ
796 777 862 806 προ-

57 809 155 839 ϐάτων
180 809 272 846 ὄντων,
297 810 387 850 φησὶν,
415 809 454 839 ὅτι
479 823 490 837 ι
523 811 565 839 Οὐ
592 810 629 849 μὴ
658 811 822 845 ἀπόλωνται,
850 824 861 836 ιι

58 854 124 883 ἐπεί
144 866 174 893 γε
189 855 235 884 ἐάν
255 865 295 887 τις
315 854 438 894 ἀποπέσῃ
462 856 508 889 τῆς
523 855 575 884 τῶν
590 855 732 894 προϐάτων
757 854 862 891 τάξεως,

57 898 107 928 καὶ
138 901 186 928 τοῦ
215 899 364 928 ἀκολουθεῖν
393 901 432 939 τῷ
456 899 576 938 ποιμένι,
612 899 685 933 εὐθὺς
712 900 844 936 ἀπόληται
920 900 1098 941 ἀπόλλυται].

918 275 947 303 ti.
960 277 1032 303 Nam
1048 276 1073 302 vi
1088 275 1207 310 quadam
1228 279 1255 302 et
1270 274 1414 310 tyrannide
1435 275 1527 302 nullus
1540 279 1631 311 potest
1643 276 1716 303 avel-

918 320 973 348 lere
996 328 1012 348 a
1026 320 1110 356 652
1127 321 1199 352 Deo,
1220 319 1381 355 deceptione
1396 323 1489 347 autem
1505 320 1627 355 quotidie
1650 328 1715 356 sup-

917 364 1085 400 plantamur.
1100 363 1247 399 Quomodo
1261 368 1355 392 autem
1375 363 1456 397 dixit,
1474 375 1486 388 ι
1503 364 1571 392 Oves
1587 372 1655 392 meae
1669 372 1716 392 me

917 413 1082 444 sequuntur,
1096 413 1123 436 et
1145 417 1201 436 non
1225 409 1361 444 pererrat?
1379 420 1390 433 ι
1405 408 1530 436 videmus
1544 408 1619 436 enim
1637 407 1714 444 quod

917 453 1003 481 Judas
1027 453 1146 489 perierit.
1162 452 1215 481 Sed
1238 457 1351 489 propter
1378 453 1431 480 hoc
1455 453 1546 488 periit,
1573 453 1637 489 quia
1655 461 1712 480 non

917 502 1027 526 secutus
1050 502 1102 531 est,
1130 505 1217 534 neque
1236 498 1295 525 ovis
1323 498 1424 526 mansit
1450 505 1536 533 usque
1558 497 1591 524 ad
1618 497 1712 525 linem.

917 542 1057 570 Dominus
1076 542 1110 570 de
1126 542 1159 570 iis
1181 542 1230 578 qui
1252 542 1339 570 secuti
1354 546 1419 570 sunt
1434 550 1497 569 eum
1513 544 1541 569 et
1559 549 1623 570 oves
1638 546 1714 576 sunt,

918 587 1021 623 inquit,
1042 599 1055 611 α
1072 589 1135 616 Non
1160 590 1282 622 pereunt.
1310 598 1322 611 ι
1339 586 1419 621 Quod
1447 587 1470 614 si
1486 587 1548 622 quis
1569 594 1601 614 ex
1616 586 1715 615 ordine

917 632 1010 659 ovium
1031 631 1172 665 exciderit,
1196 636 1224 659 et
1245 639 1301 659 non
1325 636 1435 659 secutus
1457 630 1541 658 fuerit
1564 635 1715 667 pastorem,

917 677 1009 704 statim
1028 677 1106 713 perit.
1124 677 1222 705 Utaris
1236 681 1328 704 autem
1341 680 1368 704 et
1388 675 1440 704 hoc
1454 675 1488 704 de
1503 675 1574 703 Juda
1589 677 1715 712 exemplo

911 725 1008 749 contra
1030 721 1207 749 Manichaeos.
1224 721 1335 748 Etenim
1356 729 1421 749 cum
1438 721 1482 748 ille
1502 725 1614 748 sanctus
1643 725 1717 749 esset

916 770 943 793 et
966 766 1025 793 ovis
1040 766 1102 800 Dei,
1127 766 1236 802 propria
1252 766 1392 794 voluntate
1417 774 1449 793 ac
1472 773 1520 793 sua
1546 770 1643 801 sponte
1665 773 1715 794 ex-

915 810 988 838 cidit.
1016 812 1079 838 Non
1100 811 1185 847 igitur
1204 815 1303 838 natura
1317 814 1383 838 sunt
1410 810 1481 838 mala
1497 814 1547 838 aut
1560 810 1643 845 bona,
1666 809 1716 840 sed

916 855 1056 883 voluntate
1070 860 1098 883 et
1111 856 1320 884 constituuntur
1335 860 1363 883 et
1375 855 1530 883 solvuntur.

1157 901 1254 940 Χρήσῃ
1277 900 1304 930 δὲ
1327 901 1373 930 χαὶ
1394 900 1462 930 κατὰ
1480 902 1532 929 τῶν
1555 901 1715 941 Μανιχαίων

58 945 98 982 τῷ
121 943 184 983 περὶ
208 943 252 972 τὸν
271 943 375 973 Ἰούδαν
395 943 537 981 συμϐάντι.
563 944 617 974 Καὶ
645 944 696 984 γὰρ
721 940 804 980 οὗτος,
827 944 900 984 ἅγιος
914 944 959 983 [ὢν
996 945 1042 974 καὶ
1071 940 1205 986 ¹πρόϐατον
1237 946 1320 981 Θεοῦ,
1358 945 1504 982 ἀπέπεσεν,
1533 945 1716 985 ἑθελότριπτος

58 988 167 1024 δηλαδὴ
188 987 241 1024 ὢν,
258 987 304 1017 καὶ
317 988 476 1028 αὐθαιρέτως
497 988 627 1019 ἐκπεσών.

58 1032 235 1063 συνίστανται
251 1033 296 1062 καὶ
310 1032 425 1064 λύονται.

671 990 730 1019 Οὐκ
753 989 804 1030 ἄρα
827 989 902 1028 φύσει
925 989 976 1018 εἰσὶ
1003 989 1038 1019 τὰ
1065 990 1151 1029 κακὰ,
1173 989 1191 1026 ἢ
1216 990 1249 1019 τὰ
1266 989 1366 1028 ἀγαθὰ,
1392 990 1461 1020 ἀλλὰ
1489 989 1641 1030 προαιρέσει
1669 990 1715 1019 καὶ

100 1091 116 1104 ι
142 1077 317 1108 Ἐϐάστασαν
343 1073 388 1107 οὖν
411 1078 492 1108 πάλιν
513 1077 599 1112 λίθους
616 1080 641 1109 οἱ
658 1077 794 1117 Ἰουδαῖοι,
819 1077 854 1107 ἵνα

959 1084 1043 1111 Vsas.
1060 1086 1156 1112 31-36.
1175 1094 1188 1108 ι
1212 1084 1387 1112 Sustuleruut
1400 1091 1466 1119 ergo
1486 1091 1598 1111 rursum
1612 1083 1713 1119 lapides

57 1122 210 1153 λιθάσωσιν
253 1123 343 1153 αὐτόν.
382 1123 524 1163 Ἀπεκρίθη
571 1125 660 1158 αὐτοῖς
693 1127 707 1154 ὁ
745 1123 861 1160 Ἰησοῦς·

59 1169 159 1198 Πολλὰ
175 1168 245 1198 καλὰ
266 1168 329 1207 ἔργα
355 1167 441 1202 ἔδειξα
462 1169 525 1206 ὑμῖν
549 1169 578 1198 ἔκ
599 1171 644 1198 τοῦ
672 1169 777 1208 Πατρός
800 1180 861 1208 μου,

59 1213 104 1243 διὰ
141 1218 217 1242 ποῖον
257 1213 343 1241 αὐτῶν
381 1213 457 1252 ἔργον
485 1213 603 1247 λιθάζετέ
633 1226 682 1252 iis;
708 1213 862 1252 Ἀπεκρίθη-

58 1270 111 1287 σαν
135 1259 207 1297 αὐτῷ
232 1258 256 1286 οἱ
273 1257 410 1294 Ἰουδαῖοι,
434 1257 568 1296 λέγοντες·
589 1258 657 1297 Περὶ
683 1260 765 1288 καλοῦ
784 1257 862 1297 ἔργου

58 1304 88 1332 οὖ
104 1301 251 1341 λιθάζοῴν
268 1314 314 1340 σε,
335 1301 404 1330 ἀλλὰ
421 1302 482 1342 περὶ
505 1302 687 1341 βλασφημίας,
703 1302 743 1331 ὅτι
756 1302 800 1340 σὺ,
817 1302 861 1331 ἄν-

57 1350 166 1387 θρωπος
183 1347 236 1384 ὢν,
250 1348 333 1380 ποιεῖς
349 1347 458 1377 σεαυτὸν
478 1346 561 1377 Θεόν.
608 1347 746 1387 Ἀπεκρίθη
775 1347 862 1380 αὐτοῖς

57 1393 71 1420 ὁ
99 1392 221 1427 Ἰησοῦς·
258 1392 317 1421 Οὖκ
350 1390 406 1420 ἔστι
436 1391 619 1431 γεγραμμένον
650 1394 677 1421 ἐν
714 1394 752 1433 τῷ
787 1391 861 1432 νόμῳ

57 1438 147 1474 ὑμῶν·
166 1435 238 1474 Ἐγὼ
254 1431 330 1472 εἶπα,
353 1435 418 1465 Θεοί
432 1436 506 1472 ἐστε;
528 1437 561 1466 Εἰ
577 1436 689 1470 ἐκείνους
705 1431 763 1465 εἶπε
778 1431 860 1472 θεοὺς,

57 1481 127 1520 πρὸς
148 1480 191 1514 οὒς
212 1482 226 1509 ὁ
240 1480 316 1519 λόγος
335 1482 380 1508 τοῦ
406 1482 476 1510 Θεοῦ
498 1479 617 1519 ἐγένετο,
639 1481 684 1510 καὶ
705 1482 734 1510 οὖ
752 1481 861 1510 δύναται

56 1526 174 1560 λυθῆναι
200 1527 217 1560 ἡ
247 1525 355 1565 Γραφή’
380 1523 408 1553 ὃν
434 1526 447 1554 ὁ
474 1524 570 1564 Πατὴρ
601 1526 708 1563 ἡγίασε,
734 1525 779 1554 καὶ
809 1527 861 1554 ἆπ-

58 1569 179 1599 ἔστειλεν
197 1571 232 1603 εἰς
252 1570 295 1599 τὸν
310 1569 425 1607 κόσμον,
443 1571 518 1607 ὑμεῖς
544 1570 649 1609 λέγετε,
668 1570 707 1599 ὅτι
728 1572 860 1610 Βλασφη-

58 1616 136 1654 μεῖς,
152 1614 192 1644 ὅτι
209 1610 295 1644 εἷπον·
320 1614 383 1647 Υἱὸς
406 1617 451 1644 τοῦ
469 1616 540 1645 Θεοῦ
565 1616 634 1653 εἶμι;
656 1628 667 1641 ιι
682 1615 796 1651 Ἐπειδὴ
821 1610 860 1645 εἷ-

56 1672 120 1695 πεν,
139 1658 181 1688 ὅτι
203 1673 215 1686 ι
242 1659 315 1698 Ἐγὼ
339 1659 385 1689 καὶ
399 1660 413 1688 ὁ
437 1659 533 1699 Πατὴρ
549 1659 576 1688 ἕν
592 1662 673 1699 ἐσμεν
697 1674 709 1686 ι
723 1660 794 1689 κατὰ
811 1660 860 1696 τὴν

57 1704 180 1738 ἐξουσίαν
207 1704 313 1737 πάντως
335 1704 381 1733 καὶ
402 1703 450 1740 τὴν
480 1704 602 1743 δύναμιν,
634 1705 679 1734 καὶ
695 1704 775 1739 ἔδειξε
798 1704 861 1742 μίαν

56 1744 144 1778 οὖσαν
165 1748 213 1784 τὴν
235 1751 314 1789 χεῖρα
330 1751 376 1778 τοῦ
400 1748 507 1788 [ἰατρὸς
522 1749 567 1777 καὶ
589 1748 636 1784 τὴν
657 1751 761 1786 ἑαυτοῦ,
779 1751 861 1788 βλασ-

57 1793 165 1834 φημίαν
188 1793 218 1822 τὸ
242 1797 356 1834 πρᾶγμα
370 1793 495 1831 ἐνόμισαν
515 1793 540 1822 οἱ
559 1793 695 1829 Ἰουδαῖοι,
714 1794 760 1823 καὶ
775 1793 861 1828 λίοους

60 1839 222 1877 βάλλουσιν,
249 1839 284 1871 ὡς
305 1832 366 1867 ἶσον
395 1837 487 1867 ἑαυτὸν
509 1840 636 1867 ποιοῦντα
665 1840 703 1878 τῷ
730 1839 804 1874 Θεῷ.
825 1838 860 1868 Ὀ

57 1883 148 1912 τοίνυν
175 1882 271 1921 Κύριος
299 1882 431 1922 ἐντρέπων
458 1882 568 1919 αὖτοὺς,
593 1882 639 1912 καὶ
665 1881 791 1912 δεικνύων
820 1883 861 1913 ὅτι

57 1927 187 1965 οὐδεμίαν
203 1927 291 1956 αἰτίαν
316 1927 426 1965 εὔλογον
451 1927 541 1966 ἔχουσι
557 1929 602 1962 τῆς
624 1929 684 1956 κατ’
708 1928 788 1957 αὐτοῦ
805 1940 859 1965 μα-

58 1973 134 2008 νίας,
155 1971 225 2001 ἀλλὰ
253 1971 341 2010 μάτην
369 1973 510 2008 λυττῶσιν,
538 1971 737 2010 ἀναμιμνήσκει
766 1971 861 2006 αὐτοὺς

58 2018 111 2046 τῶν
125 2018 190 2056 παρ’
207 2017 287 2046 αὐτοῦ
303 2016 486 2056 γεγενημένων
503 2017 656 2054 θαυμάτων,
667 2016 724 2052 καὶ,
739 2031 751 2042 α
765 2018 860 2047 Πολλὰ

58 2060 132 2090 καλὰ
154 2061 229 2100 ἔργα,
253 2060 351 2100 φησὶν,
368 2060 534 2099 ἐνεδειξάμην
559 2063 634 2100 ὑμῖν,
653 2061 696 2090 διὰ
712 2065 786 2091 ποῖον
813 2062 861 2090 αὖ-

58 2108 113 2134 τῶν
128 2105 248 2139 λιθάζετέ
264 2116 313 2143 iis;
332 2120 343 2131 ι
358 2107 394 2135 Οἱ
409 2105 453 2142 δὲ,
466 2119 478 2131 ιι
497 2106 563 2145 Περὶ
581 2105 768 2146 βλασφημίας,
781 2106 858 2146 φασὶ,

58 2149 200 2188 tragicam
217 2161 261 2186 σε,
277 2149 316 2179 ὃτι
341 2153 422 2182 ποιεῖς
438 2151 548 2179 σεαυτὸν
565 2150 645 2180 Θεόν.
658 2145 674 2176 7-
718 2151 802 2184 Αὐτὸς
815 2145 859 2180 οἶν

60 2195 106 2223 οιῖνκ
122 2195 241 2234 ἀρνεῖται
255 2197 351 2234 τοῦτο,
367 2195 425 2223 οὐδὲ
440 2194 522 2233 λέγει,
539 2194 580 2224 ὅτι
604 2195 644 2223 Οὐ
661 2196 728 2224 ποιῶ
745 2194 858 2233 ἐμαυτὸν

60 2233 147 2275 Θεὸν,
170 2239 217 2267 οὐκ
232 2238 287 2276 εἰμὶ
300 2233 358 2271 ἶσος
372 2240 411 2278 τῷ
429 2239 532 2279 Πατρὶ,
554 2239 623 2268 ἀλλὰ
647 2240 748 2277 μᾶλλον
773 2239 861 2268 ἐπιϐε-

61 2283 134 2313 ϐαιοῖ
156 2282 206 2319 τὴν
230 2283 335 2312 ἐκείνων
352 2283 474 2322 γνώμην,
504 2283 550 2313 καὶ
580 2285 783 2320 κατασκευάζει,
821 2284 861 2313 ὅτι

61 2328 129 2361 esti:
147 2329 217 2357 ἔστιν
242 2328 296 2357 ἀπὸ
317 2329 369 2357 τῶν
386 2329 413 2357 ἐν
432 2330 470 2368 τῷ
488 2328 560 2369 νόμῳ
582 2329 784 2368 γεγραμμένων.
803 2329 860 2359 Νό-

916 1127 1016 1162 Judzci,
1041 1132 1071 1156 ut
1090 1128 1244 1164 lapidarent
1259 1136 1334 1156 eum.
1362 1128 1515 1164 Respondit
1540 1128 1578 1156 eis
1602 1129 1682 1157 Jesus
1705 1138 1712 1157 :

917 1173 1005 1200 Multa
1022 1172 1093 1200 bona
1111 1181 1192 1208 opera
1208 1173 1315 1201 ostendi
1327 1173 1404 1201 vobis
1419 1181 1451 1200 ex
1467 1174 1546 1200 Patre
1560 1181 1635 1207 meo,
1651 1181 1713 1207 pro-

917 1221 976 1254 pter
991 1217 1066 1253 quod
1085 1225 1181 1245 eorum
1202 1226 1317 1253 operum
1332 1225 1376 1245 me
1391 1217 1531 1252 lapidatis?
1555 1218 1715 1254 Responde-

915 1266 981 1290 runt
991 1262 1016 1290 ei
1028 1261 1127 1296 Judaei,
1143 1262 1265 1290 dicentes
1280 1272 1286 1290 ι
1300 1262 1345 1290 0b
1359 1262 1464 1290 bonum
1479 1269 1548 1297 opus
1562 1270 1619 1290 non
1642 1262 1714 1298 lapi-

916 1306 1015 1334 damus
1037 1311 1075 1341 te,
1096 1306 1144 1335 sed
1165 1307 1202 1334 ob
1222 1306 1430 1342 blasphemiam,
1455 1310 1484 1334 et
1497 1307 1561 1342 quia
1585 1311 1614 1334 tu
1630 1306 1714 1335 homo

917 1359 980 1379 cum
993 1351 1040 1384 sis,
1054 1351 1122 1379 facis
1134 1352 1253 1387 teipsum
1269 1353 1370 1379 Deum.
1388 1351 1541 1386 Respondit
1557 1351 1595 1379 eis
1609 1353 1688 1379 Jesus
1705 1360 1712 1379 :

917 1396 1014 1424 Nonne
1036 1396 1169 1432 scriptum
1188 1399 1230 1424 est
1253 1395 1279 1423 in
1295 1395 1352 1431 lege
1366 1400 1453 1423 vestra
1471 1405 1478 1423 :
1503 1397 1560 1431 Ego
1584 1395 1651 1430 dixi,
1666 1397 1713 1424 Dii

916 1441 1001 1468 estis?
1015 1441 1043 1469 Si
1059 1441 1121 1468 illos
1134 1440 1202 1469 dixit
1215 1440 1284 1468 deos
1298 1440 1332 1468 ad
1356 1447 1425 1476 quos
1446 1447 1538 1468 sermo
1559 1441 1609 1467 Dei
1624 1440 1714 1468 factus

915 1489 958 1513 est
989 1489 1017 1513 et
1046 1493 1103 1513 non
1132 1489 1222 1521 potest
1248 1485 1319 1512 solvi
1347 1484 1499 1520 Scriptura,
1525 1492 1609 1520 quem
1635 1486 1714 1513 Pater

916 1529 1095 1557 sanetilicavit
1116 1533 1143 1557 et
1166 1529 1243 1557 misit
1264 1529 1293 1556 in
1320 1529 1468 1562 mundum,
1492 1537 1540 1556 vos
1564 1529 1654 1556 dicitis
1669 1537 1714 1557 me

916 1573 1117 1609 blasphemare,
1134 1574 1195 1610 quia
1210 1574 1341 1609 dixerim,
1357 1574 1443 1602 Filius
1454 1574 1505 1601 Dei
1519 1575 1600 1602 sum?
1616 1585 1628 1598 ιι
1643 1575 1713 1602 Cum

915 1618 1028 1652 diceret,
1049 1631 1062 1643 σι
1079 1619 1136 1654 Ego
1151 1622 1177 1646 et
1196 1620 1276 1646 Pater
1299 1626 1385 1646 unum
1406 1626 1502 1646 sumus
1528 1630 1540 1642 ι
1557 1626 1604 1654 per
1619 1618 1713 1646 omnia

916 1663 1068 1691 secundum
1096 1667 1261 1699 potestatem
1287 1667 1314 1691 et
1346 1663 1487 1696 virtutem,
1519 1667 1547 1691 et
1575 1663 1714 1698 judicaret

915 1715 1001 1735 unam
1016 1716 1075 1736 esse
1088 1708 1178 1736 Patris
1192 1716 1308 1736 manum
1323 1712 1350 1735 et
1367 1715 1462 1740 suam;
1478 1707 1612 1743 putabant
1625 1707 1713 1736 Judaei

917 1752 1119 1788 blasphemum,
1142 1757 1171 1780 et
1194 1762 1208 1778 ιι
1237 1752 1482 1788 apprehendeliant
1506 1752 1619 1788 lapides,
1639 1752 1713 1788 quod

916 1795 1016 1824 faceret
1030 1804 1058 1824 se
1073 1797 1210 1832 aequalem
1224 1798 1282 1824 Deo
1305 1796 1335 1822 ⁷⁸.
1363 1807 1374 1820 ιι
1403 1797 1491 1832 igitur
1511 1797 1650 1824 Dominus
1664 1796 1711 1824 ad-

916 1848 1031 1868 monens
1053 1845 1080 1868 et
1094 1840 1244 1868 ostendens
1258 1840 1334 1876 quod
1349 1840 1453 1867 nullam
1476 1840 1584 1876 justam
1610 1840 1713 1868 furoris

915 1892 978 1919 erga
1001 1892 1030 1912 se
1051 1892 1161 1912 causam
1185 1885 1312 1918 habeant,
1337 1884 1386 1912 sed
1410 1884 1513 1920 absque
1534 1892 1615 1912 causa
1640 1885 1714 1911 iusa-

915 1929 1001 1963 niant,
1027 1929 1134 1957 reducit
1154 1929 1181 1956 in
1196 1929 1361 1956 memoriam
1385 1928 1518 1955 miracula
1541 1935 1556 1955 a
1579 1936 1607 1956 se
1626 1927 1710 1962 facta,

915 1978 943 2002 et
956 1983 963 2002 :
976 1985 989 1998 ιι
1004 1973 1090 2001 Multa
1104 1973 1176 2001 bona
1191 1981 1285 2009 opera,
1300 1973 1397 2009 inquit,
1414 1972 1522 2000 ostendi
1537 1972 1614 2000 vobis
1628 1981 1635 2000 :
1652 1980 1713 2008 pro-

915 2023 958 2046 ter
971 2019 1045 2054 quod
1058 2026 1156 2046 eorum
1176 2017 1305 2054 lapidatis
1320 2019 1384 2045 me?
1402 2029 1414 2041 ν
1431 2017 1471 2044 llli
1487 2021 1579 2045 autem
1594 2017 1689 2045 dicunt
1703 2027 1710 2033 -

916 2074 929 2088 ι
949 2064 1062 2099 Propter
1088 2062 1273 2098 blasphemias
1296 2061 1449 2098 lapidamus
1468 2066 1505 2096 te,
1531 2062 1595 2097 quia
1622 2063 1712 2090 Deum

915 2107 1032 2143 teipsum
1058 2107 1134 2135 facis.
1150 2119 1163 2132 ιι
1178 2109 1315 2136 Caeterum
1329 2107 1387 2142 ipse
1408 2114 1466 2134 non
1480 2111 1564 2142 negat
1588 2106 1650 2140 hoc,
1665 2114 1713 2133 ne-

914 2160 966 2188 que
980 2152 1059 2186 dicit,
1074 2153 1137 2180 Non
1156 2151 1228 2180 facio
1244 2152 1378 2188 meipsum
1394 2153 1495 2183 Deum,
1518 2151 1559 2178 vel
1574 2159 1629 2179 non
1648 2159 1711 2178 sum

914 2197 1031 2233 aequalis
1044 2197 1138 2231 Patri;
1154 2196 1201 2224 sed
1216 2197 1302 2232 magis
1315 2196 1462 2224 conﬁrmat
1475 2196 1585 2223 illorum
1601 2199 1711 2223 senten-

915 2242 994 2276 tiam,
1010 2245 1038 2269 et
1050 2242 1148 2269 asserit
1166 2249 1195 2269 se
1211 2242 1297 2269 Deum
1309 2249 1379 2274 esse,
1396 2249 1427 2268 ex
1444 2240 1486 2268 his
1497 2248 1557 2276 qua:
1568 2241 1667 2276 scripta
1683 2241 1712 2268 in

916 2286 983 2322 lege.
1012 2287 1115 2322 Legem
1141 2290 1236 2314 autem
1259 2286 1325 2314 dicit
1346 2288 1374 2314 et
1398 2285 1499 2313 librum
1526 2285 1623 2317 David,
1642 2285 1713 2313 sicut

915 2331 1079 2366 simpliciter
1098 2334 1127 2358 et
1141 2338 1251 2358 omnem
1270 2330 1451 2366 Scripturam.
1466 2329 1546 2364 Quod
1562 2334 1653 2357 autem
1667 2329 1711 2357 di-

63 2383 112 2410 μον
130 2372 158 2402 δὲ
183 2372 254 2411 λέγει
269 2372 315 2401 καὶ
333 2373 380 2408 τὴν
396 2375 443 2402 τοῦ
466 2371 550 2402 Δαυὶδ
578 2373 683 2412 βίϐλον,
700 2373 789 2412 ὥσπερ
813 2386 817 2402 :

956 2396 961 2408 ,
978 2375 1051 2403 hunc
1065 2383 1178 2403 sensum
1201 2375 1306 2403 habet:
1329 2375 1356 2403 Si
1381 2375 1407 2402 Ιιὶ
1431 2374 1477 2410 qui
1498 2374 1583 2410 gratia
1598 2373 1710 2402 deiﬁca—

61 2421 151 2446 πᾶσαν
168 2416 260 2449 ἅπλῶς
276 2419 324 2452 τὴν
340 2417 464 2457 Γραφήν·
491 2416 505 2446 ὃ
520 2417 546 2446 δὲ
562 2418 632 2457 λέγει
647 2419 763 2447 τοιοῦτόν
779 2420 858 2447 ἐστιν·

63 2462 96 2491 Εἰ
112 2462 135 2490 οῖ
154 2462 244 2500 χάριτι
260 2461 308 2496 τὴν
324 2462 418 2490 θέωσιν
443 2462 637 2501 προσλαϐόντες
661 2462 714 2492 θεοί
730 2465 791 2499 εἶσι,
815 2463 861 2492 καὶ

63 2506 111 2535 οὖκ
131 2507 321 2544 ἐγκαλοῦνται,
342 2507 398 2539 πῶς
421 2506 472 2544 ἐγὼ
496 2507 604 2540 δικαίως
631 2508 797 2546 ἐπιτιμῶμαι
818 2509 860 2548 ὑφ’

61 2551 148 2588 ὗμῶν,
165 2552 178 2579 ὁ
193 2551 268 2590 φύσει
283 2551 351 2584 Θεὸς
366 2549 418 2587 ὢν,
437 2564 449 2578 α
466 2550 494 2580 ὃν
509 2551 608 2591 Πατὴρ
623 2551 733 2590 ἡγίασε,
757 2565 768 2577 ιι
784 2563 860 2580 τουτ-

60 2596 146 2631 ἐστιν,
183 2595 303 2635 ἀφώρισε
335 2598 533 2635 σφαγιασθῆναι
569 2595 634 2636 ὑπὲρ
664 2599 709 2626 τοῦ
742 2596 859 2634 κόσμου,

60 2637 139 2679 Ἅγια
151 2638 202 2680 γὰρ
214 2641 249 2669 τὰ
262 2639 434 2680 ἅφωρισμένα
445 2640 568 2680 λέγονται
579 2643 617 2682 τῷ
632 2641 706 2680 Θεῷ.
723 2641 862 2680 Πρόδηλον

61 2683 120 2723 γὰρ,
137 2684 178 2714 ὅτι
203 2683 296 2719 ἐπειδή
315 2696 359 2723 μοι
451 2685 496 2724 με]
522 2685 631 2724 ἡγίασεν
660 2685 705 2715 καὶ
730 2685 861 2725 ἀψώρισεν

61 2730 74 2758 ὁ
101 2729 199 2768 Πατὴρ
225 2730 262 2762 εἷς
284 2728 332 2764 τὴν
354 2732 400 2759 τοῦ
424 2729 526 2768 κόσμου
551 2729 698 2770 σωτηρίαν,
726 2731 773 2759 οὐκ
805 2725 863 2763 ἶσος

95 2822 117 2839 τ’
131 2823 211 2851 Joan.
228 2830 259 2858 ν,
278 2825 325 2857 18;
346 2822 463 2859 Philipp.
480 2831 516 2857 Ir,
531 2825 557 2850 6.

916 2420 1024 2447 tionem
1045 2424 1220 2455 acceperunt,
1236 2419 1273 2446 dii
1287 2423 1364 2453 sunt,
1386 2423 1413 2447 et
1428 2427 1512 2447 neruo
1532 2419 1593 2446 illos
1615 2419 1710 2446 crimi-

915 2469 998 2492 natur
1015 2474 1021 2492 :
1037 2464 1177 2500 quomodo
1198 2471 1249 2500 ego
1267 2464 1341 2500 juste
1356 2472 1371 2491 a
1396 2463 1474 2491 vobis
1495 2464 1631 2499 increpor,
1648 2464 1712 2500 quia

916 2513 1010 2537 natura
1025 2517 1088 2536 sum
1104 2510 1187 2542 Deus,
1205 2520 1217 2532 τι
1229 2517 1311 2544 quem
1329 2510 1407 2536 Pater
1422 2508 1614 2542 sanctilicavit,
1631 2520 1641 2532 ιι
1660 2509 1712 2536 hoc

915 2558 957 2581 est
981 2553 1146 2589 segregavit,
1171 2557 1203 2581 ut
1226 2553 1397 2581 occideretur
1424 2561 1473 2589 pro
1498 2553 1622 2582 mundo?
1641 2553 1712 2580 San-

916 2602 991 2625 ctum
1017 2598 1090 2626 enim
1106 2597 1216 2631 dicitur,
1233 2598 1309 2634 quod
1324 2599 1384 2626 Deo
1399 2602 1573 2633 segregatum
1589 2601 1638 2625 est.
1652 2598 1712 2624 Ma-

915 2642 1046 2670 nifestum
1062 2643 1138 2670 enim
1160 2642 1224 2678 quia
1240 2651 1284 2670 me
1297 2642 1490 2676 sanctiﬁcavit,
1513 2646 1540 2669 et
1561 2641 1716 2677 segregavit

917 2689 999 2715 Pater
1013 2687 1042 2715 in
1057 2687 1175 2715 salutem
1199 2687 1306 2721 mundi,
1326 2691 1354 2715 et
1367 2687 1429 2714 ideo
1452 2695 1509 2714 non
1523 2694 1585 2713 sum
1600 2685 1713 2720 arqualis

917 2732 977 2760 aliis
990 2731 1052 2766 diis,
1065 2731 1113 2760 sed
1128 2733 1202 2760 Deus
1215 2739 1305 2760 verus.
1321 2733 1392 2759 Vere
1412 2731 1486 2759 enim
1502 2738 1572 2765 opus
1596 2730 1647 2757 Dei
1673 2735 1715 2759 est
