1910 3077
179 181 213 208 83

678 178 943 212 ‘THEOPHYLACTI
962 177 1139 206 BULGARIE
1158 178 1314 206 ARCHIEP.

1793 178 1832 205 84

178 242 293 275 salvare,
307 246 335 269 et
352 249 408 270 non
429 241 550 269 hominis
568 241 654 277 gratia
668 240 795 269 deiﬁcati.
814 252 825 266 α
846 241 875 270 Si
896 241 969 277 igitui

1066 243 1121 275 λοις
1144 241 1199 280 εἰμὶ
1221 241 1299 279 θεοῖς,
1333 239 1403 269 ἀλλὰ
1426 239 1496 273 Θεὸς
1519 239 1653 276 ἀληθινός.
1677 240 1749 270 Θεοῦ
1777 239 1832 280 γὰρ

177 287 217 315 illi
232 287 267 316 ad
290 294 359 323 quos
378 286 431 314 Dei
455 293 548 314 sermo
570 285 658 314 factus
679 290 730 319 est,
756 295 771 313 »
794 285 847 314 hoc
861 290 914 320 est,
930 294 979 322 ego

180 337 263 368 (nam
295 339 344 368 ego
369 331 454 367 653
482 339 545 359 sum
581 332 678 359 Sermo
700 331 762 365 Dei,
799 335 826 359 et
861 331 981 359 habitavi

179 377 210 405 in
225 377 288 410 illis,
304 376 493 412 concessitque
508 376 548 404 eis
561 379 593 404 ut
608 376 803 412 adoptarentur
822 376 851 404 in
871 376 955 410 ﬁlios)
971 386 977 404 :

179 421 201 449 si
217 421 300 457 igitur
313 421 352 448 illi
370 420 419 454 dii,
436 421 524 449 multo
539 421 626 457 magis
641 429 690 456 ego
712 425 789 449 extra
804 429 915 449 omnem
929 428 979 448 no—

178 473 243 493 xam
264 473 336 500 sum,
362 467 452 493 Deum
476 473 578 494 vocans
598 466 745 501 meipsum,
768 466 815 502 qui
830 470 858 494 et
877 470 978 493 natura

179 518 240 538 sum
273 511 353 546 Deus,
390 514 419 538 et
449 510 508 538 aliis
532 510 584 538 hoc
607 511 736 539 concedo.
765 510 978 539 Confundantur

179 554 244 582 hinc
258 555 350 582 Ariani
370 559 398 583 et
421 554 586 583 Nestoriani.
605 556 678 583 Nam
703 559 732 584 et
754 555 841 584 Filius
864 555 926 589 Dei,
950 559 978 583 et

179 601 254 628 Deus
283 599 436 627 substantia
464 604 614 635 naturaque
639 603 682 628 est
707 600 844 634 Christus,
870 604 898 628 et
921 608 976 628 non

179 649 313 678 creatura,
338 649 365 672 et
387 644 447 672 aliis
468 644 517 672 dat
538 645 668 673 deitatem
686 645 722 672 ad
740 653 810 681 quos
833 645 864 672 ﬁt
878 646 975 673 Sermo

180 689 224 724 qui
247 693 290 717 est
312 688 373 722 Dei,
398 689 445 717 sed
473 697 530 717 non
544 689 601 725 ipse
628 690 713 725 gratia
729 689 883 718 deiﬁcatur.
903 691 974 718 Nam

179 733 322 761 manifeste
336 738 445 769 separat
469 742 497 761 se
514 734 549 762 ab
563 734 606 762 his
630 735 679 770 qui
694 735 782 771 gratia
797 734 973 769 deificantur,

179 782 291 814 propter
317 786 349 806 ea
375 786 436 814 quae.
461 778 505 806 hic
531 778 672 813 dicuntur,
698 783 727 807 et
757 779 876 807 ostendit
901 779 976 815 quod

178 823 265 850 etiam
285 823 338 851 illis
357 823 416 858 ipse
441 824 476 851 sit
491 827 586 852 auctor
604 823 784 852 deiﬁcationis
807 825 903 852 Sermo
929 824 976 859 qui

179 867 231 895 Dei
254 872 306 901 est,
322 871 350 896 et
372 867 508 896 inhabitat
522 869 551 896 in
573 868 613 897 eis
637 878 643 896 :
667 868 742 905 quod
767 869 904 905 significat
927 877 975 905 per

179 911 233 939 hoc
247 912 319 947 quod
333 911 410 946 dicit,
433 923 447 938 ι(
462 912 507 940 Λᾶ
522 921 591 948 quos
605 914 701 941 Sermo
717 914 770 941 Dei
793 913 880 942 factus
894 918 944 947 est,
961 925 973 937 ιι

179 955 232 983 hoc
244 960 296 991 est,
312 956 339 984 in
362 957 462 992 quibus
477 956 621 985 habitavit.
645 957 794 992 Quomodo
809 958 893 994 igitur
904 957 976 986 blas-

178 999 280 1035 phemo
308 1000 402 1028 dicens
431 1001 534 1029 Filium
567 1002 619 1029 Dei
653 1002 808 1038 meipsum?
844 1002 976 1038 Quamvis

177 1045 249 1072 enim
264 1048 292 1073 et
312 1052 423 1073 carnem
444 1045 531 1074 feram
545 1051 571 1074 et
586 1055 619 1074 ex
634 1047 738 1074 semine
750 1047 802 1074 sim
817 1047 915 1081 David,
927 1047 975 1075 sed

177 1089 312 1125 ignoratis
333 1094 546 1125 sacramentum,
562 1095 589 1119 et
603 1091 678 1127 quod
694 1099 749 1119 non
763 1092 841 1119 aliter
855 1092 976 1127 potuerit

175 1134 291 1162 carnalis
297 1134 442 1163 hominum
452 1139 548 1163 natura
558 1136 609 1164 Dei
619 1136 738 1172 recipere
747 1136 974 1170 familiaritatem,

176 1187 260 1214 quam
277 1187 324 1215 per
341 1187 462 1215 carnem,
480 1181 556 1217 quasi
571 1181 601 1208 in
615 1181 770 1209 velamento
792 1181 816 1209 ei
830 1180 974 1209 familiaris

176 1222 285 1251 fuisset.

210 1317 302 1345 Vens.
318 1320 363 1351 37,
377 1319 422 1345 38.
449 1327 463 1344 ι(
477 1318 506 1346 Si
526 1326 583 1346 non
606 1317 676 1346 facio
700 1326 783 1355 opera
803 1319 891 1347 Patris
905 1319 972 1353 mei,

175 1361 259 1389 nolite
274 1361 385 1390 credere
399 1361 467 1390 mihi
488 1372 493 1390 :
515 1364 558 1390 sin
572 1371 636 1391 vero
650 1363 736 1398 facio,
748 1367 776 1391 et
797 1364 821 1391 si
834 1364 901 1391 mihi
917 1372 973 1391 non

175 1406 297 1440 creditis,
320 1407 448 1442 operibus
466 1407 581 1442 credite,
597 1413 627 1435 ut
648 1409 817 1443 cognoscatis
832 1412 859 1435 et
877 1408 971 1436 creda-

175 1451 212 1478 tis
225 1451 300 1486 quod
323 1452 405 1479 Pater
423 1452 452 1479 in
474 1460 519 1479 me
543 1456 595 1486 est,
611 1456 638 1480 et
658 1461 709 1488 ego
724 1453 752 1480 in
774 1461 816 1480 eo.
833 1463 846 1477 »
868 1453 967 1487 Vultis,

174 1495 274 1530 inquit,
296 1496 364 1523 scire
378 1496 565 1532 aequalitatem
580 1505 644 1525 cum
659 1498 757 1525 Patre?
771 1499 797 1525 Λ
821 1497 970 1525 substantia

1036 286 1116 319 ὄντως
1135 285 1209 326 ἔργον
1235 285 1265 315 τὸ
1291 285 1401 321 σώζειν,
1425 286 1485 314 ἀλλ’
1503 286 1551 314 οὐχ
1577 283 1714 324 ἀνθρώπου
1739 285 1834 325 χάριτι

1036 331 1183 364 Θεωθέντος.
1214 331 1247 361 Ei
1264 329 1349 359 τοίνυν
1373 331 1468 359 ἐκεῖνοι
1483 343 1495 355 α
1516 329 1581 369 πρὸς
1596 329 1640 363 οὓς
1660 332 1674 359 6
1692 330 1769 370 λόγος
1783 333 1835 359 τοῦ

1035 376 1107 406 Θεοῦ
1127 375 1244 415 ἐγένετο,
1262 389 1274 401 υ
1296 373 1430 403 τουτέστιν
1449 374 1512 413 ἐγὼ,
1537 374 1622 413 Λόγος
1639 374 1690 414 γὰρ
1712 374 1765 414 ἐγὼ
1783 377 1835 404 τοῦ

1033 421 1119 458 Θεοῦ,
1137 419 1182 450 καὶ
1206 419 1345 453 ἐνοικήσας
1364 421 1391 449 ἐν
1417 418 1534 456 ἐκείνοις,
1554 419 1722 459 ἐχαρισάμην
1742 420 1837 452 αὐτοῖς

1032 465 1080 502 τὴν
1095 464 1225 495 υἱοθεσίαν
1236 477 1244 483 ·
1257 465 1280 494 εἷ
1294 460 1338 493 οῦν
1354 465 1448 493 ἐκεῖνοι
1468 464 1537 501 θεοὶ,
1552 465 1643 504 πολλῷ
1659 465 1760 502 μᾶλλον
1777 464 1836 503 ἐγὼ

1031 510 1120 546 πάσης
1135 509 1166 539 ἂν
1184 509 1239 546 εἴην
1256 508 1341 542 αἰτίας
1355 508 1446 544 ἐκτὸς,
1468 509 1538 538 Θεὸν
1562 508 1678 547 ἐμαυτὸν
1701 509 1792 538 καλῶν
1820 510 1836 538 6

1031 555 1078 584 χαὶ
1105 555 1180 594 φύσει
1206 554 1256 590 ὢν,
1280 553 1326 583 καὶ
1349 553 1404 586 τοῖς
1432 553 1521 587 ἄλλοις
1542 556 1619 583 τοῦτο
1647 553 1836 593 χαριζόμενος.

1029 600 1254 639 Αἷσχυνέσθωσαν
1284 601 1400 629 ἐντεῦθεν
1426 597 1555 637 Ἀρειανοὶ
1577 598 1622 627 καὶ
1642 599 1834 638 Νεστοριανοί.

1030 644 1092 678 Υἱός
1112 656 1140 673 τε
1156 644 1206 684 γὰρ
1223 645 1306 679 Θεοῦ,
1331 644 1376 672 καὶ
1392 642 1460 676 Θεὸς
1478 642 1555 683 οὖσίᾳ
1574 644 1619 672 καὶ
1636 643 1711 684 φύσει
1726 646 1740 672 6
1762 644 1836 684 Χρι-

1030 689 1108 725 στὸς,
1125 690 1185 718 ἀλλ’
1201 689 1230 718 οὖ
1246 688 1358 726 κτίσμα,
1385 687 1431 717 καὶ
1447 693 1499 720 τοῖς
1524 689 1613 720 ἄλλοις
1627 688 1765 728 χαρίζεται
1780 689 1835 724 τὴν

1030 734 1152 770 θεότητα,
1180 734 1246 774 πρὸς
1272 732 1314 766 οὓς
1337 732 1368 762 ἂν
1395 732 1497 772 γένοιτο
1519 732 1605 771 Λόγος
1623 731 1660 761 ὢν
1680 735 1726 762 τοῦ
1740 736 1832 771 Θεοῦ,

1031 780 1090 808 ἀλλ’
1111 780 1140 808 οὗ
1168 779 1257 819 χάριτι
1285 777 1362 811 αὐτὸς
1390 780 1503 808 θεοῢται.
1534 777 1751 807 Ἀποόιαστέλλει
1776 778 1834 819 γὰρ

1030 826 1169 862 προφανῶς
1185 823 1277 853 ἑαυτὸν
1294 822 1347 852 ἀπὸ
1359 823 1412 851 τῶν
1426 822 1518 862 χάριτι
1540 822 1700 860 θεουμένων,
1716 822 1758 851 διὰ
1775 824 1835 852 τῶν

993 879 1018 912 Β
1031 869 1141 898 ἐνταῦθα
1165 867 1330 907 λεγομένων,
1355 867 1401 896 καὶ
1425 866 1554 896 δείκνυσιν
1573 867 1614 895 ὅτι
1633 867 1765 901 κάκείνοις
1781 869 1834 897 αὖ-

1030 913 1073 946 τὸς
1095 913 1217 952 πρόξενος
1234 915 1281 947 τῆς
1306 911 1437 949 θεώσεως,
1460 912 1544 950 Λόγος
1563 909 1600 941 ὧν
1623 914 1669 941 τοῦ
1686 913 1757 941 Θεοῦ
1782 911 1835 942 χαὶ

1029 958 1136 987 ἐνοιχῶν
1153 959 1251 991 αὐτοῖς.
1270 959 1357 987 Τοῦτο
1382 956 1433 996 γὰρ
1457 956 1581 994 σημαίνει
1599 956 1643 985 διὰ
1666 958 1713 986 τοῦ
1731 958 1833 996 εἰπεῖν,

1030 1015 1042 1029 α
1066 1003 1138 1042 Πρὸς
1161 1002 1204 1036 οὓς
1226 1004 1239 1031 6
1264 1001 1341 1040 λόγος
1359 1004 1404 1030 τοῦ
1423 1002 1494 1031 Θεοῦ
1511 1000 1631 1042 ἐγένετο,
1653 1014 1664 1027 ι
1691 1001 1833 1040 τουτέστι,

1080 1040 1122 1059 ς”.ν
1165 1048 1172 1057 a
1198 1046 1205 1057 I
1315 1042 1331 1048 ὐ
1360 1047 1367 1056 τ
1394 1044 1401 1056 l
1534 1047 1550 1053 ~
1603 1040 1619 1055 ’ς’
1788 1048 1807 1055 α..

1030 1050 1078 1086 μεο
1102 1061 1138 1076 ων
1161 1059 1279 1087 εγενετο,
1304 1049 1340 1080 οἱς
1356 1057 1485 1086 ενῳκησε.
1503 1047 1566 1078 Πως
1589 1057 1633 1075 ουν
1654 1046 1809 1086 βλασφημίαι
1822 1069 1832 1083 ,

1029 1093 1112 1131 λέγων
1129 1091 1194 1123 Υἱὸν
1218 1093 1289 1122 Θεοῦ
1310 1090 1440 1130 ἐμαυτόν;
1463 1091 1498 1120 Εἰ
1509 1089 1561 1131 γὰρ
1576 1089 1624 1120 καὶ
1640 1092 1726 1130 σάρκα
1740 1093 1830 1130 φορῶ,

1028 1137 1075 1166 καὶ
1102 1138 1132 1166 ἐχ
1169 1136 1321 1177 σπέρματος
1349 1134 1433 1166 Δαυῗδ
1467 1136 1532 1174 εἰμι,
1563 1135 1621 1164 ἀλλ’
1650 1136 1769 1174 ἀγνοεῖτε
1797 1135 1833 1165 τὸ

1028 1181 1183 1221 μυστήριον,
1206 1182 1251 1210 καὶ
1271 1182 1311 1210 ὅτι
1339 1182 1386 1209 οὒκ
1413 1180 1499 1213 ἄλλως
1528 1179 1644 1215 ἠδύνατο
1663 1182 1680 1215 ἡ
1708 1180 1831 1220 σαρκιχὴ

1027 1228 1078 1255 τῶν
1094 1226 1239 1266 ἀνθρώπων
1264 1225 1340 1266 φύσις
1365 1224 1489 1258 δέξασθαι
1505 1226 1577 1255 Θεοῦ
1598 1224 1722 1262 ὁμιλίαν,
1747 1226 1770 1254 εἷ
1787 1225 1830 1264 μὴ

1027 1270 1070 1300 διὰ
1092 1270 1189 1310 σαρκὸς
1212 1271 1334 1308 ὡμίλησε
1360 1269 1454 1309 ταύτῃ,
1473 1271 1508 1302 ὡς
1529 1270 1554 1298 ἐν
1579 1269 1828 1309 παραπετάσματι.

1067 1329 1079 1341 ει
1103 1317 1137 1345 Εἴ
1161 1316 1190 1345 οὖ
1213 1318 1282 1344 ποιῶ
1300 1316 1334 1344 τὰ
1351 1313 1415 1354 ἔργα
1441 1317 1487 1343 τοῦ
1515 1314 1621 1353 Πατρός
1644 1325 1708 1352 μου,
1726 1314 1764 1352 μὴ
1780 1327 1831 1344 πι-

1026 1359 1131 1389 στεύετέ
1149 1372 1208 1398 μοι,
1224 1362 1245 1389 εἰ
1262 1359 1289 1388 δὲ
1303 1361 1380 1395 ποιῶ,
1399 1358 1449 1387 κᾶν
1466 1358 1525 1396 ἐμοὶ
1544 1358 1581 1396 μὴ
1597 1358 1756 1395 πιστεύητε,
1771 1364 1832 1394 τοῖς

1027 1404 1109 1443 ἔργοις
1125 1404 1300 1441 πιστεύσατε,
1319 1403 1362 1432 ἵνα
1382 1404 1467 1442 γνῶτε
1482 1403 1528 1433 καὶ
1552 1402 1729 1439 πιστεύσητε,
1754 1402 1796 1433 ὅτι
1813 1406 1830 1433 6

1027 1449 1121 1488 Πατὴρ
1143 1450 1168 1477 ἐν
1184 1449 1257 1485 ἐμοὶ,
1273 1447 1348 1487 κάγὼ
1363 1448 1390 1476 ἐν
1406 1449 1486 1487 αὐτῷ.
1503 1461 1516 1473 ν
1531 1447 1648 1483 Θέλετε,
1664 1447 1739 1487 φησὶ,
1753 1449 1831 1486 γνῶ-

1025 1506 1067 1522 ναι
1082 1493 1129 1528 τὴν
1145 1495 1210 1532 πρὸς
1228 1493 1272 1522 τὸν
1299 1492 1409 1531 Πατέρα
1435 1492 1561 1529 ἰσότητα,
1585 1492 1650 1521 Ἀπὸ
1663 1494 1712 1527 τῆς
1735 1492 1830 1528 οὐσίας

174 1547 230 1567 non
249 1540 363 1575 potestis
377 1541 447 1568 scire
468 1541 654 1577 [impossibile
669 1542 740 1569 enim
756 1545 797 1569 est
815 1542 886 1569 scire
909 1541 969 1569 sub-

1082 1538 1191 1567 δύνασθε
1219 1539 1334 1576 γνῶναι·
1358 1535 1486 1565 ἀδύνατον
1521 1536 1573 1576 γὰρ
1598 1538 1698 1575 γνῶναι
1733 1537 1829 1567 οὐσίαν

173 1584 303 1613 stantiam
315 1585 394 1621 Dei],
409 1585 458 1613 sed
476 1586 587 1622 accipite
599 1594 632 1614 ex
647 1594 761 1622 operum
773 1586 930 1622 mqualitate
944 1590 970 1614 et

172 1629 315 1657 identitate
335 1629 469 1658 indicium
488 1630 638 1659 idcntitatis
657 1631 810 1658 secundum
831 1631 969 1658 virtutem.

172 1675 213 1702 Ex
234 1674 277 1702 bis
291 1674 425 1702 habebitis
440 1675 552 1703 deitatis
567 1683 637 1703 mea:
650 1676 853 1709 testimonium,
865 1679 893 1703 et
902 1676 970 1703 scie-

172 1718 210 1747 tis
233 1723 260 1747 et
284 1719 400 1747 credetis
419 1719 494 1755 quod
515 1719 584 1747 nihil
604 1727 654 1755 ego
679 1719 753 1747 aliud
768 1728 828 1747 sum
843 1728 927 1756 quam
941 1719 970 1748 id

174 1763 250 1799 quod
264 1765 356 1792 Pater.
373 1764 507 1792 Eamdem
522 1764 597 1792 enim
613 1764 796 1792 substantiam
811 1764 897 1792 habeo
910 1772 971 1792 ma-

172 1815 241 1836 nens
261 1809 357 1841 Filius,
373 1813 400 1836 et
413 1809 554 1845 hypostasi
569 1807 711 1836 differens.
732 1809 862 1837 Similiter
876 1813 902 1836 et
917 1810 971 1836 Pa-

173 1857 215 1880 ter
227 1861 341 1881 manens
355 1855 444 1887 Pater,
459 1858 487 1881 et
500 1853 632 1881 differens
652 1852 803 1889 hypostasi,
817 1853 884 1881 nihil
896 1853 970 1881 aliud

173 1901 214 1925 est
230 1906 315 1934 quam
335 1898 430 1932 Filius,
454 1898 608 1926 secundum
622 1898 802 1926 substantiam
823 1899 926 1926 scilicet
940 1906 971 1926 ac

172 1946 326 1971 naturam:
351 1942 475 1978 quamvis
500 1947 593 1970 autem
614 1950 661 1978 per
684 1943 845 1979 liypostases
867 1942 970 1971 differi-

174 1995 246 2021 mus,
270 1991 298 2014 at
320 1995 377 2015 non
398 1991 559 2022 separantur
593 1987 767 2023 hypostases,
791 1987 841 2015 sed
865 1987 893 2014 in
928 1995 970 2016 se-

172 2031 239 2067 ipsis
270 2032 341 2059 alter
360 2031 388 2058 in
402 2032 489 2059 altero
503 2035 569 2059 sunt
590 2031 692 2067 absque
706 2030 868 2059 confusione
890 2033 971 2060 Pater

172 2080 199 2104 et
220 2075 313 2103 Filius.
330 2077 393 2103 Non
406 2076 480 2103 enim
493 2076 564 2103 sicut
578 2076 651 2111 apud
666 2084 717 2104 nos
736 2081 816 2112 pater
829 2081 970 2112 separatus

172 2123 214 2147 est
233 2127 248 2147 a
263 2119 330 2154 ﬁlio,
345 2120 470 2155 quamvis
494 2124 593 2148 natura
608 2129 695 2148 unum
715 2120 780 2154 sint,
795 2120 833 2148 ita
848 2125 874 2149 et
887 2121 918 2148 in
930 2121 970 2148 di-

171 2164 242 2192 vinis
262 2165 395 2200 personis;
425 2164 476 2193 sed
499 2165 529 2192 in
551 2165 648 2201 seipsis
670 2165 739 2193 alter
753 2166 781 2193 in
804 2165 890 2193 altero
904 2169 969 2193 sunt

170 2208 273 2244 absque
292 2209 462 2238 confusione.
482 2210 630 2246 Propterea
648 2218 701 2238 nos
715 2215 772 2238 tres
793 2210 905 2246 quidem
920 2211 968 2238 ho-

170 2253 260 2280 mines
270 2252 398 2288 dicimur,
417 2258 511 2290 utpote
531 2255 715 2283 subsistentiis
729 2255 856 2291 separati,
871 2259 899 2283 et
914 2263 969 2283 non

171 2305 259 2326 unum
283 2298 390 2334 proprie
405 2299 577 2327 exsistentes.
599 2301 631 2327 In
647 2300 739 2328 divina
762 2304 856 2328 autem
870 2300 969 2328 Triade

171 2349 242 2369 unus
263 2343 349 2377 Deus,
374 2343 421 2371 sed
445 2352 501 2372 non
515 2348 569 2372 tres
587 2344 635 2379 dii,
659 2349 769 2380 propter
790 2352 969 2380 personarum

169 2385 345 2415 inconfusam
368 2387 668 2421 circumincessionem,
695 2388 766 2417 adde
793 2393 820 2417 et
840 2389 968 2418 eamdem

170 2431 339 2460 volitionem.

204 2476 294 2503 Vens.
304 2477 743 2513 39-42.Quaerebantergoiterum
751 2477 969 2513 eumapprehen—

167 2517 244 2552 dere,
258 2523 286 2546 et
295 2519 381 2548 exivit
394 2520 429 2548 de
440 2529 524 2549 manu
537 2529 644 2555 eorum,
657 2526 685 2549 et
697 2522 764 2549 abiit
778 2522 879 2550 iterum
893 2527 968 2550 trans

167 2563 318 2592 Jordanem
332 2565 359 2592 in
374 2573 437 2592 eum
453 2565 544 2593 locum
558 2566 604 2593 ubi
614 2565 704 2594 fuerat
714 2567 813 2594 Joanes
827 2567 967 2602 baptizans

166 2608 301 2644 primum,
328 2610 485 2646 mansitque
511 2610 576 2638 illic.
603 2612 638 2638 Et
666 2612 747 2639 multi
771 2616 905 2640 venerunt
932 2613 966 2640 ad

166 2661 243 2687 eum,
265 2662 297 2681 ac
311 2653 438 2682 dicebant
464 2663 471 2682 :
487 2656 610 2683 Joannes
623 2655 735 2691 quidem
757 2656 866 2692 signum
882 2656 967 2684 edidit

166 2698 275 2726 nullum
292 2708 299 2725 :
314 2699 408 2726 omnia
423 2703 515 2727 autem
534 2707 703 2736 quaecunque
716 2700 786 2729 dixit
798 2703 920 2729 Joannes
931 2701 965 2730 de

165 2741 229 2776 hoc,
245 2750 309 2771 vera
320 2747 408 2779 erant,
426 2747 453 2772 et
468 2743 647 2772 crediderunt
658 2745 735 2773 multi
750 2745 806 2773 illic
819 2746 848 2774 in
861 2754 937 2774 eum.
951 2757 964 2771 υ

165 2786 301 2821 Quaerunt
307 2788 420 2824 quidem
430 2789 632 2824 apprehendere
645 2790 807 2826 Dominum,
816 2790 901 2826 654
910 2799 966 2818 non

165 2828 284 2859 ferentes
305 2839 381 2867 eum,
402 2833 477 2869 quod
501 2837 559 2862 tam
584 2834 704 2863 sublime
729 2834 764 2864 de
788 2843 818 2864 se
840 2835 964 2864 testimo-

985 2192 1010 2223 D

1026 1584 1109 1613 Θεοῦ·
1127 1582 1180 1611 ἀπὸ
1195 1584 1241 1618 τῆς
1262 1584 1315 1612 τῶν
1330 1581 1413 1621 ἔργων
1436 1577 1482 1610 οῦν
1497 1580 1621 1616 ἶσότητός
1639 1593 1669 1610 τε
1688 1581 1734 1611 καὶ
1754 1594 1830 1611 ταυ-

1025 1627 1133 1663 τότητος
1151 1626 1281 1660 ἀπόδειξιν
1296 1627 1343 1662 τῆς
1364 1626 1433 1655 κατὰ
1456 1625 1504 1661 τὴν
1525 1625 1635 1664 δύναμιν
1660 1626 1829 1662 ταυτότητος

1024 1672 1135 1701 λάϐετεο
1158 1672 1211 1701 ἀπὸ
1245 1671 1344 1700 τούτων
1366 1671 1417 1711 γὰρ
1444 1669 1520 1699 ἔσται
1547 1671 1609 1708 ὑμῖν
1638 1673 1655 1706 ἡ
1684 1673 1733 1706 τῆς
1758 1672 1829 1709 ἔμῆς

1025 1716 1146 1752 θεότητος
1167 1715 1313 1757 μαρτυρία,
1333 1715 1380 1745 καὶ
1403 1714 1554 1754 γνώσεσθε,
1580 1714 1626 1744 καὶ
1650 1716 1826 1752 πιστεύσετε,

1025 1761 1065 1792 ὅτι
1082 1761 1154 1791 οὐδὲν
1170 1761 1236 1790 ἄλλο
1259 1760 1312 1800 ἐγώ
1332 1762 1403 1798 εἶμι,
1419 1759 1436 1795 ἣ
1452 1759 1516 1799 ὅπερ
1533 1761 1547 1789 6
1572 1759 1678 1799 Πατήρ.
1697 1760 1755 1795 Τὴν
1771 1760 1826 1801 γὰρ

1026 1806 1107 1841 αὐτὴν
1131 1806 1222 1835 οὖσίαν
1248 1805 1302 1845 ἔχω
1331 1805 1417 1844 μένων
1442 1804 1520 1841 Υἱὸς,
1547 1804 1594 1834 καὶ
1679 1805 1825 1834 ὑποστάσει

1025 1850 1168 1891 διαφέρων.
1198 1849 1339 1883 (Ωσαύτως
1351 1849 1396 1879 καὶ
1411 1851 1425 1878 6
1437 1849 1535 1889 Πατὴρ
1549 1849 1634 1887 μένων
1650 1848 1759 1889 Πατὴρ,
1776 1850 1825 1880 καὶ

1024 1897 1057 1935 τῇ
1072 1895 1216 1925 ὑποστάσει
1228 1894 1375 1934 διαφέρων,
1390 1894 1464 1923 οὐδὲν
1479 1894 1544 1923 ἄλλο
1557 1893 1627 1930 ἐστὶ,
1642 1892 1659 1928 ἢ
1675 1894 1738 1927 Υἱὸς
1752 1894 1824 1923 χατὰ

1024 1941 1073 1976 τὴν
1094 1939 1185 1969 οὐσίαν
1203 1939 1304 1974 δηλαδὴ
1330 1938 1375 1968 χαὶ
1403 1937 1451 1973 τὴν
1475 1938 1561 1978 φύσιν.
1581 1939 1614 1967 Εἰ
1642 1937 1669 1966 δὲ
1693 1937 1738 1966 χαὶ
1762 1943 1823 1973 ταῖς

1024 1984 1185 2014 ὑποστάσεσι
1201 1984 1374 2022 διαφέρομεν,
1400 1983 1458 2011 ἀλλ’
1476 1983 1504 2011 οὐ
1524 1982 1681 2021 χωρίζονται
1704 1984 1732 2012 αἱ
1755 1987 1823 2012 inro-

1024 2028 1129 2062 στάσεις
1151 2028 1197 2057 καὶ
1211 2025 1374 2063 διίστανται,
1391 2027 1449 2056 ἀλλ’
1465 2029 1491 2056 ἐν
1508 2027 1632 2063 ἀλλήλοις
1657 2026 1722 2056 εἰσὶν
1740 2029 1826 2067 ἀσυγ-

1023 2071 1109 2112 χύτως
1132 2074 1146 2102 6
1166 2072 1261 2111 Πατὴρ
1277 2072 1322 2101 καὶ
1345 2073 1358 2101 ὃ
1372 2072 1448 2104 Υἱός
1462 2072 1491 2101 οὖ
1505 2071 1557 2111 γὰρ
1572 2071 1663 2111 ὥσπερ
1681 2073 1721 2111 ἐφ’
1743 2073 1823 2110 ἡμῶν

1024 2118 1037 2145 6
1054 2118 1143 2157 πατὴρ
1164 2116 1326 2157 κεχώρισται
1343 2119 1390 2146 τοῦ
1401 2117 1472 2156 υἱοῦ,
1488 2116 1532 2145 καὶ
1547 2118 1580 2155 τῇ
1596 2116 1672 2156 φύσει
1685 2115 1712 2145 ἕν
1727 2117 1818 2153 ἐστιν,

1025 2161 1106 2195 οὕτως
1122 2161 1174 2202 ἄρα
1200 2161 1247 2191 καὶ
1271 2161 1316 2191 ἐπὶ
1339 2163 1391 2190 τῶν
1407 2160 1482 2191 θείων
1506 2161 1692 2190 ὓποστάσεων·
1715 2161 1774 2190 ἀλλ’
1795 2163 1823 2191 ἔν

1025 2206 1148 2242 ἀλλήλοις
1161 2206 1226 2236 εἰσὶν
1243 2205 1406 2247 ἀσυγχύτως.
1422 2205 1469 2236 Διὸ
1484 2205 1528 2235 χαὶ
1544 2207 1619 2244 ἡμεῖς
1635 2208 1703 2244 τρεῖς
1720 2205 1824 2245 ἄνθρω-

1023 2263 1069 2280 ποι
1096 2252 1243 2291 λεγόμεθα,
1260 2253 1297 2284 ὡς
1321 2255 1379 2284 ταῖς
1404 2250 1566 2280 ὑποστάσεσι
1592 2250 1755 2287 διιστάμενοι
1774 2250 1822 2280 καὶ

1022 2297 1072 2335 οὐχ
1094 2290 1234 2336 ἓννκυρίως
1255 2295 1340 2332 ὄντες,
1362 2294 1405 2324 ἐπὶ
1428 2293 1455 2324 δὲ
1479 2297 1526 2329 τῆς
1547 2293 1623 2333 ἁγίας
1646 2294 1759 2334 Τριάδος
1786 2290 1823 2329 εἷς

1022 2342 1090 2374 Θεὸς
1100 2364 1109 2380 ,
1123 2341 1183 2370 ἀλλ’
1199 2342 1228 2371 οὗ
1245 2341 1332 2380 τρεῖς,
1348 2340 1391 2369 διὰ
1405 2339 1452 2376 τὴν
1474 2341 1526 2368 τῶν
1549 2338 1722 2368 ὗποστάσεων
1739 2339 1822 2378 ἀσύγ-

1022 2397 1101 2425 χυτον
1129 2387 1154 2415 ἐν
1190 2385 1314 2420 ἀλλήλοις
1338 2385 1539 2425 περιχώρησιν,
1566 2383 1679 2424 πρόσθες
1702 2383 1748 2413 χαὶ
1770 2384 1821 2420 τὴν

1023 2430 1214 2460 ταυτοϐουλίαν
1231 2430 1276 2460 χαὶ
1293 2430 1324 2459 τὸ
1343 2428 1509 2462 ταυτοθελές.

1066 2488 1078 2501 ιι
1105 2474 1234 2510 Ἰἱζήτουν
1251 2469 1295 2503 οὖν
1320 2474 1400 2503 πάλιν
1418 2473 1494 2502 αὐτὸν
1508 2472 1621 2509 πιάσαι,
1647 2471 1694 2501 καὶ
1713 2473 1820 2509 ἐξῆλθεν

1020 2521 1050 2550 ἐκ
1068 2521 1116 2554 τῆς
1135 2519 1223 2559 χειρὸς
1249 2521 1345 2554 αὐτῶν,
1371 2517 1416 2547 καὶ
1444 2518 1546 2552 ἀπῆλθε
1570 2517 1651 2546 πάλιν
1673 2517 1756 2557 πέραν
1773 2520 1820 2547 τοῦ

1021 2565 1155 2604 Ἰορδάνου
1179 2565 1214 2597 εἰς
1234 2563 1278 2593 τὸν
1302 2563 1394 2598 τόπον,
1422 2561 1488 2592 ὅπου
1511 2559 1542 2598 ἦν
1558 2561 1685 2598 Ἰωάννης
1703 2562 1820 2604 τὸ-πρῶ-

1020 2602 1065 2638 τον
1082 2608 1229 2648 βαπτίζων,
1255 2607 1301 2637 καὶ
1325 2607 1427 2646 ἔμεινεν
1453 2607 1516 2637 ἐκεῖ,
1543 2605 1598 2636 Καὶ
1621 2606 1715 2635 πολλοὶ
1739 2602 1818 2642 ἦλθον

1020 2653 1083 2693 πρὸς
1108 2654 1186 2683 αὐτὸν
1215 2652 1261 2681 καὶ
1286 2652 1392 2691 ἔλεγον,
1418 2650 1460 2681 ὅτι
1483 2651 1608 2693 Ἰωῌάννης
1634 2650 1682 2689 μὲν
1707 2655 1818 2689 σημεῖον

1020 2691 1143 2734 ἐποίησεν
1167 2697 1259 2735 οὐδὲν,
1286 2696 1375 2726 πάντα
1391 2695 1417 2726 δὲ
1437 2695 1487 2726 ὅσα
1513 2691 1584 2724 εἶπεν
1609 2695 1733 2732 Ἰωάννης
1758 2697 1820 2736 περὶ

1020 2742 1127 2778 τούτου,
1151 2743 1236 2778 ἀληθῆ
1256 2738 1298 2778 ἦν.
1323 2740 1380 2771 Καὶ
1403 2740 1562 2770 ἐπίστευσαν
1586 2740 1679 2769 πολλοὶ
1704 2741 1761 2770 ἐκεῖ
1783 2741 1821 2774 εἰς

1020 2787 1109 2817 αὐτόν.
1128 2799 1141 2814 ιι
1184 2787 1299 2823 Ζητοῦσι
1316 2785 1364 2825 μὲν
1383 2786 1479 2815 πιάσαι
1505 2785 1550 2814 τὸν
1572 2784 1686 2824 Κύριον,
1706 2784 1744 2823 μὴ
1769 2785 1818 2826 φέη

1020 2843 1107 2872 ροντες
1145 2831 1225 2862 αὐτὸν
1255 2830 1303 2868 τὴν
1331 2829 1436 2870 ὑψηλὴν
1465 2829 1526 2870 περὶ
1560 2831 1641 2859 αὑτοῦ
1667 2830 1817 2870 μαρτυρίαν
