1910 3077
440 135 635 164 ENARRATIO
654 137 688 165 IN
707 137 923 168 EVANGELIUM
941 138 1088 168 JOANNIS.
1110 155 1144 160 —
1163 141 1239 168 CAP.
1258 142 1300 168 Xl.
1658 143 1692 170 86

57 198 205 235 ιούμενον·
221 198 252 228 οὖ
267 197 321 239 γὰρ
333 197 471 238 ἠνείχοντο
492 200 572 229 αὐτοῦ
593 199 627 229 τὰ
647 199 759 240 κρείττω
783 204 829 232 θεο

903 202 972 230 lium
985 202 1152 238 perhiberet;
1165 210 1254 239 neque
1268 203 1345 232 enim
1361 203 1487 232 ferebant
1500 205 1691 234 sublimiorem

57 245 187 281 (οὖντος.
217 243 306 276 Αὐτὸς
328 243 356 272 δὲ
384 245 532 284 ὑποχωρεῖ,
558 244 670 278 ἐνδιδοὺς
697 247 784 275 αὐτῶν
803 248 840 287 τῷ

57 289 119 327 ιῷ,
146 287 197 317 καὶ
217 288 261 317 διὰ
283 289 330 324 τῆς
357 288 485 322 ἀπουσίας
509 288 587 325 λῆξαι
602 290 689 323 αὐτοῖς
704 290 735 320 τὸ
758 291 841 325 πάθος

57 337 64 361 3
103 335 199 370 θυμοῦ
228 333 453 373 παρασκευάζων,
480 333 526 364 καὶ
551 334 666 364 ἀκόντων
694 335 722 364 δὲ
753 337 839 365 αὐτῶν

57 381 186 417 οχωρεῖ,
207 377 326 414 δεικνὺς,
339 377 354 407 8
374 378 517 415 πολλάκις,
534 379 653 417 εἴπομεν,
670 379 710 409 ὅτι
734 380 788 410 οὐδ’
806 380 837 410 ἂν

59 424 106 462 τῷ
125 424 247 462 σταυρῷ
267 422 417 462 συνελήφθη
428 446 437 460 ,
453 423 475 452 εἷ
493 423 530 462 μὴ
545 423 612 453 ἑκὼν
629 425 720 454 ἑαυτὸν
741 425 836 455 ἐδίδου.

57 469 81 495 ιῖῖ
112 465 145 496 δὲ
176 469 334 507 ὓποχωρεῖ;
366 481 378 493 ιι
404 467 496 508 Πέραν
520 473 567 499 τοῦ
593 468 745 508 Ἰορδάνου,
773 470 838 500 ὅπου

57 511 160 548 γέννης
188 512 349 548 ἐϐάπτιζεν,
373 525 385 539 ι
401 513 449 542 οὐκ
465 513 567 553 ἀλόγως
590 514 675 543 ἐκεῖσε
692 514 836 554 ἀναχωρή-

57 569 88 593 ς,
131 555 198 586 ἀλλ’⁵
228 557 440 595 ἀναμιμνήσκων
467 557 527 593 τοὺς
561 558 675 592 πολλοὺς
705 560 756 587 τῶν
782 560 838 589 ἐκεῖ

57 601 198 641 νομνων,
226 601 273 631 καὶ
288 604 340 631 τῶν
364 602 513 642 λεχθέντων
528 603 603 643 παρὰ
627 603 751 633 Ἰωάννου
774 605 836 644 περὶ

57 649 118 675 τοῦ.
147 644 221 676 Ὀτι
244 645 273 676 δὲ
296 646 408 680 πολλοὺς
432 647 534 684 ὤνησεν
555 651 572 685 ἡ
601 649 662 687 περὶ
687 648 731 677 τὸν
756 649 837 679 τόπον

57 690 178 737 ιτριϐὴῌ,
199 691 335 730 ἐπήγαγεν
357 694 371 721 ὁ
397 692 603 732 εὖαγγελιστὴς,
632 693 726 732 λέγων·
751 707 764 721 α
781 693 837 724 Καὶ

57 736 122 764 λλοὶ
149 736 234 771 ἦλθον
264 736 329 776 πρὸς
354 737 448 773 αὐτὸν,
475 737 520 767 καὶ
555 738 766 777 ἀναμνησθέντες
790 741 835 768 τοῦ

57 793 128 818 που,
162 781 271 819 ἔλεγον,
301 781 398 822 φησὶν,
425 782 465 811 ὅτι
490 782 616 819 Ἰωάννης
646 782 694 821 μὲν
724 788 833 822 σημεῖον

57 826 155 861 οίησεν
172 825 260 855 οὐδέν.
277 840 290 852 ι
333 825 371 856 ’³0
397 825 425 856 δὲ
449 826 536 866 λέγει,
560 828 678 857 τοιοῦτόν
696 829 783 865 ἐστιν,
800 830 833 858 Εἰ

57 870 119 909 είνῳ
158 870 357 909 ἐπιστεύσαμεν
395 871 476 909 μηδὲν
511 873 667 908 πεποιηκότι
706 877 831 911 σημεῖον,

57 916 118 955 λλῷ
137 916 247 953 μᾶλλον
262 915 349 956 τούτῳ
374 917 412 956 τῷ
427 919 544 946 τοσαῦτα
569 918 694 956 θαύματα
715 919 832 957 ἐργασα-

58 973 109 1000 νῳ.
129 960 213 990 Ἐπεὶ
237 960 265 990 δὲ
289 960 414 996 Ἰωάννης
434 961 602 1002 ἐμαρτύρησε
629 962 677 1000 μὲν
702 962 763 1003 περὶ
786 966 832 993 τοῦ

57 1007 166 1042 nat-05,
190 1005 267 1034 οὐδὲν
290 1005 318 1034 δὲ
339 1010 447 1044 σημεῖον
468 1007 591 1043 ἐποίησε,
613 1007 659 1036 καὶ
685 1007 729 1036 διὰ
755 1011 832 1038 τοῦτο

57 1062 89 1082 υς
110 1051 164 1079 οὐκ
187 1049 340 1084 ἀξιόπιστος
369 1050 399 1079 ἂν
427 1051 568 1090 ἐνομίσθη,
591 1051 709 1090 ἐπήγαγε
737 1051 832 1090 λέγων-

58 1094 182 1124 Πάντων
198 1094 226 1124 δὲ
247 1095 297 1124 ὅσα
313 1091 385 1125 εἶπεν
399 1095 525 1132 Ἰωάννης
539 1096 599 1135 περὶ
621 1097 726 1136 τούτου,
745 1098 831 1134 ἀληθῆ

61 1162 70 1175 ,
88 1153 102 1165 ιι
122 1141 174 1169 οὐκ
194 1140 234 1170 ἔτι
256 1142 349 1170 τοῦτον
369 1141 394 1175 ἐξ
410 1141 524 1177 ἐκείνου,
538 1141 598 1171 ἀλλ’
615 1143 712 1171 ἐκεῖνον
734 1143 778 1182 ἀφ’
794 1138 831 1172 ὧν

59 1185 182 1223 Χριστὸς
211 1185 334 1221 ἐποίησεν
360 1185 512 1219 ἀξιόπιστον
536 1185 736 1226 ἀποφαίνοντες.
764 1187 829 1226 Διὸ,

58 1230 178 1266 Πολλοὶ,
199 1230 297 1270 φησὶν,
311 1231 366 1260 ἐκεῖ
387 1230 556 1262 ἐπίστευσαν,
574 1243 587 1257 ιω
606 1231 646 1262 Τὸ
668 1232 695 1260 δὲ
716 1234 800 1268 «ἐκεῖ,
818 1245 830 1259 ι

57 1275 122 1310 λοῖ,
137 1274 180 1304 ὅτι
198 1275 321 1314 μεγάλως
346 1276 360 1304 ὁ
383 1275 461 1309 τόπος
481 1277 580 1309 ἐκεῖνος
605 1275 700 1310 αὐτοὺς
720 1277 829 1317 ὠφέλη-

57 1332 85 1355 ν,
113 1319 173 1348 ἐπεὶ
201 1319 247 1348 καὶ
278 1319 372 1349 τούτου
401 1320 481 1359 χάριν
510 1323 627 1360 συνεχῶς
655 1320 742 1360 ἐξάγει
770 1321 830 1356 τοὺς

57 1365 120 1396 λους
137 1365 151 1392 ὁ
166 1363 273 1400 Ἰησοῦς
292 1366 328 1398 εἰς
349 1365 461 1404 ἐρήμους
479 1365 593 1405 τόπους,
608 1367 655 1401 τῆς
670 1367 723 1394 τῶν
743 1378 828 1402 πονη-

57 1422 78 1438 ιν
108 1409 258 1449 ἀνθρώπων
278 1410 415 1443 συνουσίας
441 1411 600 1450 ἐλευθερῶν,
626 1411 691 1450 πρὸς
711 1410 740 1440 τὸ
761 1423 829 1452 καρ-

57 1453 172 1483 ὶσασθαί
193 1466 220 1483 τι
248 1453 330 1494 μέγα,
354 1454 473 1494 καθάπερ
493 1455 538 1484 καὶ
564 1455 609 1484 ἐπὶ
637 1457 682 1491 τῆς
703 1457 828 1490 Παλαιᾶς

893 247 952 283 ejus
966 247 1144 284 theologiam.
1172 249 1232 283 Ipse
1246 252 1337 276 autem
1359 248 1422 276 inde
1443 250 1554 283 transit,
1579 250 1690 278 illorum

893 291 978 320 furori
995 292 1103 326 cedens,
1118 297 1144 320 et
1160 292 1282 321 absentia
1304 301 1352 320 sua
1371 293 1479 321 illorum
1495 294 1622 322 morbum
1638 295 1688 322 mi-

892 337 971 373 tigari
998 337 1108 366 faciens.
1142 337 1250 365 Secedit
1281 342 1375 366 autem
1401 338 1492 366 invitis
1515 339 1579 372 illis,
1604 347 1686 367 mon-

891 386 981 410 strans
1002 385 1043 416 (ut
1057 390 1129 418 saepe
1149 382 1278 415 diximus)
1300 383 1373 419 quod
1394 391 1482 419 neque
1496 384 1524 411 in
1547 391 1626 412 cruce
1639 383 1687 412 de-

891 430 985 455 tentus
1008 426 1110 461 fuisset,
1126 428 1179 455 nisi
1200 432 1297 463 sponte
1318 435 1348 456 se
1370 427 1536 456 tradidisset.
1553 429 1615 463 Quo
1639 435 1687 457 au-

891 475 948 499 tem
966 472 1107 500 concedit?
1122 483 1135 496 ι
1157 474 1245 500 Trans
1259 472 1419 506 Jordanem,
1441 472 1487 500 ubi
1501 475 1620 500 Joannes
1637 473 1686 500 ba-

893 517 1013 552 ptizavit.
1036 527 1050 543 n
1065 518 1126 545 Non
1148 516 1249 553 absque
1272 525 1352 545 causa
1370 525 1398 545 se
1410 517 1474 545 illuc
1488 517 1617 551 contulit,
1639 517 1688 545 sed

891 560 918 589 in
935 562 1096 589 memoriam
1111 561 1219 590 reduxit
1235 562 1405 590 multitudini
1426 570 1487 598 qua:
1508 562 1559 590 illic
1573 562 1641 590 facta
1661 566 1688 590 et

890 605 961 634 dicta
993 614 1008 634 a
1032 608 1138 634 Joanne
1163 606 1198 634 de
1228 615 1266 635 se.
1302 607 1382 642 Quod
1406 612 1498 634 autem
1531 607 1605 635 illius
1633 607 1687 635 illic

891 651 1059 679 conversatio
1079 651 1181 679 multos
1205 650 1377 686 lucrifeeerit,
1399 651 1491 679 subdit
1509 652 1686 685 evangelista,

890 694 986 723 dicens
1007 705 1014 723 :
1038 707 1050 719 ε
1068 697 1102 723 Et
1116 695 1195 723 multi
1211 700 1344 723 venerunt
1358 696 1392 724 ad
1407 703 1482 729 eum,
1505 700 1531 723 et
1551 696 1687 724 recordati

890 739 954 771 loci.
969 739 1107 773 dicebant,
1123 740 1223 776 inquit,
1239 742 1359 768 Joannes
1373 741 1485 777 quidem
1499 741 1607 775 signum
1626 740 1687 768 fecit

889 785 1008 813 nullum.
1037 797 1049 809 ι»
1070 786 1207 813 Cancrum
1228 785 1301 821 quod
1323 785 1400 819 dicit,
1425 785 1461 813 ita
1477 793 1506 813 se
1533 785 1614 813 habet
1636 786 1686 814 :Si

889 830 928 857 illi
948 829 1114 858 credidimus
1141 830 1187 865 qui
1201 830 1305 858 nullum
1326 838 1447 866 unquam
1473 830 1539 857 fecit
1565 830 1684 865 signum.

889 875 977 902 multo
995 875 1082 909 magis
1096 874 1119 901 ei
1133 875 1178 910 qui
1200 878 1244 903 tot
1262 878 1391 910 tantaque
1406 879 1533 910 operatus
1545 879 1586 902 est
1598 875 1682 909 signa.

888 918 968 953 Quod
989 923 1080 946 autem
1098 920 1218 946 Joannes
1237 923 1352 946 testatus
1370 919 1484 955 quidem
1503 919 1537 946 sit
1558 919 1591 946 de
1606 919 1684 947 Chri-

888 968 942 996 sto,
956 963 1067 998 signum
1091 971 1154 991 vero
1176 964 1282 991 nullum
1307 963 1413 998 fecerit,
1441 968 1469 990 et
1493 968 1603 999 propter
1632 963 1685 991 hoc

887 1008 1012 1036 fortassis
1034 1015 1089 1035 non
1105 1012 1209 1035 tantam
1230 1008 1311 1035 ﬁdem
1331 1009 1472 1041 meruerit,
1489 1007 1618 1041 subdidit,
1640 1007 1684 1036 di-

887 1061 950 1081 cens
966 1062 974 1081 :
997 1065 1009 1077 ι
1024 1053 1121 1080 Omnia
1141 1057 1234 1080 autem
1247 1061 1418 1088 quaecunque
1436 1055 1556 1081 Joannes
1569 1052 1635 1080 dixit
1649 1052 1683 1080 de

886 1098 950 1132 hoc,
964 1106 1026 1126 vera
1039 1101 1127 1125 erant.
1149 1109 1162 1122 ν
1178 1099 1234 1125 Non
1249 1098 1318 1125 ultra
1338 1097 1410 1125 hunc
1423 1097 1457 1125 ab
1477 1097 1532 1129 illo,
1545 1097 1594 1125 sed
1607 1098 1683 1126 illum

887 1150 919 1170 ex
931 1143 972 1170 his
985 1150 1045 1178 qua:
1056 1143 1181 1170 Christus
1195 1142 1270 1175 fecit,
1283 1142 1391 1170 ﬁdelem
1403 1142 1552 1170 afﬁrmant.
1566 1142 1680 1177 Idcirco,

888 1199 900 1212 ‹ι
915 1187 1006 1220 Multi,
1017 1187 1113 1223 inquit.
1127 1187 1183 1215 illic
1197 1187 1381 1214 crediderunt.
1399 1198 1411 1211 ν
1426 1187 1549 1215 Dieendo
1563 1199 1574 1211 α
1591 1187 1653 1221 illic,
1668 1199 1680 1211 ιι

885 1232 975 1267 signat
991 1232 1065 1267 quod
1086 1232 1161 1259 locus
1175 1232 1219 1260 ille
1234 1232 1302 1259 mire
1323 1231 1455 1267 profuerit
1483 1241 1490 1258 :
1512 1231 1682 1268 quandoqui-

884 1276 948 1305 dem
963 1281 990 1304 et
1003 1277 1054 1304 hac
1071 1284 1151 1304 causa
1165 1276 1280 1304 subinde
1294 1276 1428 1304 Dominus
1441 1277 1572 1312 populum
1591 1276 1618 1304 in
1639 1284 1683 1305 so-

884 1321 973 1349 litaria
989 1321 1048 1348 loca
1062 1329 1077 1348 a
1090 1320 1288 1349 consuetudine
1302 1321 1439 1349 malorum
1455 1321 1599 1348 hominum
1617 1321 1682 1349 libe-

883 1374 947 1394 rans
969 1365 1070 1399 educit,
1094 1373 1148 1400 quo
1171 1366 1258 1401 magis
1273 1366 1323 1393 illis
1336 1366 1476 1400 prodesset
1499 1373 1505 1390 :
1520 1365 1593 1393 sicut
1607 1370 1634 1393 et
1652 1365 1682 1393 in

883 1411 969 1439 veteri
995 1410 1052 1446 lege
1074 1409 1172 1438 fecisse
1195 1414 1316 1446 apparet.
1341 1410 1452 1438 Eductis
1474 1410 1547 1437 enim
1570 1410 1623 1438 illis
1647 1418 1680 1438 ex

882 1457 1010 1491 Egypto,
1032 1455 1060 1482 in
1075 1454 1222 1482 solitudine
1236 1454 1338 1491 aptavit
1358 1459 1386 1482 et
1410 1454 1541 1482 formavit
1561 1455 1614 1482 sibi
1631 1462 1679 1490 po-

59 1498 141 1534 ιήσας
176 1498 316 1539 φαίνεται,
354 1499 488 1539 ἐξαγαγὼν
521 1499 568 1538 μὲν
599 1503 646 1536 τῆς
678 1500 826 1539 Αἰγύπτου,

903 1502 988 1533 ulum,
1004 1499 1097 1527 dando
1112 1500 1149 1527 illi
1166 1500 1261 1535 legem.
1276 1499 1394 1527 Attende
1406 1504 1497 1527 autem
1513 1503 1540 1527 et
1555 1499 1680 1528 secessio-

78 1544 174 1584 ἐρήμῳ
203 1543 231 1573 δὲ
264 1544 434 1574 διαπλάττων
461 1544 506 1574 τὸν
532 1544 597 1574 λαὸν
620 1545 665 1574 καὶ
698 1547 828 1585 ῥυθμίζων

57 1589 73 1617 ὰ
99 1591 146 1618 τοῦ
163 1588 243 1626 νόμον
270 1589 359 1618 δοῦναι
386 1590 468 1629 αὐτῷ.
496 1590 598 1619 Σκόπει
624 1589 650 1618 δὲ
677 1590 721 1618 καὶ
746 1602 827 1619 πνευ-

57 1634 151 1666 ιτικῶς
177 1633 339 1672 τελουμένην
369 1633 417 1669 τὴν
435 1633 605 1674 ὑποχώρησιν
632 1637 677 1664 τοῦ
698 1635 826 1674 Χριστοῦ.

57 1680 175 1717 ναχωρεῖ
193 1678 240 1716 μὲν
260 1678 312 1717 γὰρ
334 1679 364 1708 ἐκ
387 1681 440 1708 τῶν
463 1678 669 1718 Ἱεροσολύμων,
692 1680 827 1717 τουτέστι,

58 1725 75 1751 ῧ
104 1723 253 1752 Ἰουδαϊκοῦ
282 1723 357 1753 λαοῦ·
383 1724 418 1756 εἷς
443 1723 523 1753 τόπον
554 1723 581 1752 δὲ
614 1724 702 1763 πηγὰς
730 1723 827 1764 ἔχοντα

57 1766 202 1803 εθίσταται,
219 1767 266 1803 τὴν
279 1767 305 1801 ἐξ
315 1769 393 1796 ἐθνῶν
407 1768 509 1804 δηλαδὴ
524 1768 701 1804 Ἐκκλησίαν,
715 1768 764 1804 τὴν
779 1769 827 1803 τὰς

57 1810 117 1850 εγὰς
133 1810 248 1850 ἔχουσαν
263 1814 308 1841 τοῦ
327 1811 521 1851 βαπτίσματος.
545 1812 599 1842 Καὶ
617 1813 647 1847 δὴ
663 1814 825 1853 προσέρχον-

57 1868 72 1884 ιι
88 1857 160 1896 αὐτῷ
179 1856 272 1886 πολλοὶ
287 1857 518 1896 διαπεραιούμενοι
545 1857 590 1886 τὸν
608 1856 756 1895 Ἰορδάνην,
779 1857 826 1887 καὶ

57 1900 72 1928 ἂι
99 1903 143 1929 τοῦ
162 1900 345 1939 βαπτίσματος
367 1901 541 1941 διερχόμενοι.
565 1901 606 1932 Τὸ
626 1900 679 1941 γὰρ
703 1915 716 1928 ιι
738 1901 824 1942 πέραν

882 1553 946 1573 nem
963 1544 1072 1577 Christi,
1087 1551 1149 1580 qua:
1163 1544 1340 1579 spiritualiter
1352 1544 1393 1571 ﬁt.
1411 1546 1481 1572 Nam
1499 1544 1602 1572 secedit
1618 1544 1679 1580 qui-

881 1589 944 1619 dem
957 1589 991 1617 ab
1002 1589 1211 1625 Hierosolymis,
1221 1589 1273 1616 hoc
1284 1593 1335 1622 est,
1349 1588 1464 1616 Judaico
1474 1590 1586 1625 populo,
1600 1590 1627 1616 in
1639 1589 1679 1616 lo-

882 1643 945 1662 cum
965 1639 1057 1662 autem
1072 1633 1170 1661 transit
1190 1633 1336 1661 habentem
1352 1633 1450 1667 fontes,
1467 1633 1616 1662 Ecclesiam
1638 1633 1680 1661 vi-

881 1679 978 1707 delicet
991 1687 1023 1706 ex
1039 1679 1174 1713 gentibus,
1194 1678 1221 1706 in
1235 1686 1289 1714 qua
1300 1678 1390 1706 fontes
1404 1678 1584 1714 baptismatis.
1599 1678 1680 1706 Unde

881 1724 960 1751 multi
971 1728 1143 1751 accesserunt
1154 1723 1188 1751 ad
1197 1731 1272 1756 eum,
1286 1735 1297 1747 ιι
1309 1723 1459 1751 Jordanem
1471 1727 1650 1756 transeuntes,
1665 1735 1677 1748 -

880 1768 909 1796 id
931 1772 972 1796 est
987 1767 1136 1803 baptisma.
1159 1769 1230 1795 Nam
1246 1768 1420 1795 transmissio
1443 1768 1573 1796 Jordanis
1597 1767 1680 1804 signi-

879 1812 942 1840 ﬁcat
968 1812 1141 1848 baptismatis
1164 1813 1322 1840 transitum.
1340 1813 1402 1840 Non
1427 1812 1505 1840 aliter
1527 1813 1599 1840 enim
1617 1812 1679 1848 quis

879 1857 984 1885 accedit
1006 1857 1039 1885 ad
1064 1858 1170 1892 Jesum,
1192 1861 1219 1884 et
1233 1865 1295 1884 vere
1318 1857 1348 1884 ﬁt
1362 1856 1462 1889 ﬁdelis,
1479 1857 1531 1884 nisi
1546 1857 1678 1892 baptisma

879 1905 1010 1934 transeat,
1026 1901 1099 1937 quod
1119 1909 1167 1937 per
1181 1901 1331 1929 Jordanem
1346 1900 1525 1936 signiﬁcatur.

57 1947 74 1973 ὗ
97 1945 247 1984 Ἰορδάνου,
271 1959 282 1972 ι
304 1949 379 1975 τοῦτο
404 1946 495 1985 δηλοῖ,
519 1945 568 1982 τὴν
593 1945 636 1975 διὰ
655 1948 702 1975 τοῦ
727 1946 912 1986 βαπτίσματος
934 1946 1004 1985 λέγω
1030 1946 1125 1976 δίοδον.
1151 1947 1211 1976 Οὐκ
1234 1945 1320 1979 ἄλλως
1345 1946 1398 1986 γάρ
1423 1958 1461 1979 τις
1481 1945 1589 1985 ἔρχεται
1613 1946 1677 1985 πρὸς

60 2002 72 2019 ν
95 1989 209 2027 Ἰησοῦν,
233 1990 279 2020 καὶ
304 1991 406 2026 ἀληθῶς
426 1990 519 2024 πιστὸς
540 1990 662 2031 γίνεται,
689 1991 712 2020 εἰ
735 1991 773 2030 μὴ
790 1991 820 2021 τὸ
842 1991 983 2031 βάπτισμα
1006 1990 1147 2029 διέλθοι,δ
1168 1991 1212 2020 διὰ
1229 1994 1274 2020 τοῦ
1290 1991 1423 2031 Ἰορδάνου
1441 1991 1576 2027 δηλοῦται.

310 2099 456 2129 ΚΕΦᾹΔ.
485 2098 542 2129 IA’.

59 2166 93 2195 ερὶ
103 2167 144 2193 τῆς
161 2164 273 2195 ἔγὲρσεως
294 2167 337 2189 τοῦ
352 2165 471 2197 Λαζάρου.
486 2166 547 2196 Περὶ
566 2167 607 2195 τῆς
626 2167 675 2189 τῶν
693 2165 824 2198 ἀρχιερέων

67 2202 108 2225 καὶ
130 2202 177 2224 τῶν
199 2201 340 2232 Φαρισαίων
366 2202 454 2232 βουλῆς
475 2202 529 2232 περὶ
551 2204 595 2226 τοῦ
618 2201 759 2226 ἀποκτεῖναι
784 2202 824 2226 τὸν

66 2237 166 2265 Ἰησοῦν.
200 2237 256 2268 Περὶ
270 2236 303 2260 ὧν
317 2237 381 2261 εἶπεν
400 2237 413 2261 ὁ
430 2238 552 2268 Καϊάφας.

78 2318 88 2329 ι
109 2298 164 2333 Ἦν
177 2302 204 2332 δέ
221 2315 259 2336 τις
281 2303 396 2332 ἀσθενῶν
413 2304 550 2343 Λάζαρος,
566 2304 618 2333 ἀπὸ
636 2303 779 2340 Βηθανίας,
795 2305 825 2333 ἐκ

57 2350 83 2382 ἧς
107 2347 195 2384 κώμης
213 2347 321 2388 Μαρίας
337 2347 382 2377 καὶ
399 2349 511 2388 Μάρθας
531 2351 577 2383 τῆς
596 2349 707 2389 ἀδελφῆς
731 2349 822 2385 αὐτῆς.

57 2395 91 2422 Ην
113 2392 139 2422 δὲ
155 2392 244 2431 Μαρία
274 2395 291 2428 ἡ
314 2392 446 2432 ἀλείψασα
465 2393 509 2422 τὸν
538 2393 635 2433 Κύριον
661 2393 750 2433 μύρῳ,
779 2393 825 2423 καὶ

57 2437 172 2475 κμάξασα
194 2436 252 2470 τοὺς
274 2436 356 2471 πόδας
375 2438 453 2467 αὐτοῦ
479 2442 534 2471 ταῖς
562 2437 642 2477 θριξὶν
666 2439 776 2473 ἑαυτῆς¹,
794 2434 824 2474 ἧς

80 2482 182 2521 ἀδελφὸς
210 2481 331 2521 Λάζαρος
367 2483 478 2518 ἠσθένει.
521 2482 691 2512 Ἀπέστειλαν
719 2477 763 2511 οὖν
797 2484 824 2512 αἱ

57 2527 147 2567 ,δελφαὶ
167 2526 228 2566 πρὸς
250 2526 328 2555 αὐτὸν
347 2526 487 2564 λέγουσαν
504 2527 603 2567 Κύριε,
627 2526 682 2563 ἴδε,
699 2526 727 2556 ὃν
743 2528 826 2567 φιλεῖς

57 2574 150 2600 πεθενεῖ,
167 2585 178 2597 ι
217 2570 307 2603 Μόνος
328 2570 375 2609 μὲν
390 2571 514 2607 Ἰωάννης
529 2572 574 2600 καὶ
586 2572 683 2608 ταύτης
696 2573 742 2606 τῆς
756 2573 825 2602 ἱστο-

57 2618 96 2649 in;
112 2616 247 2655 μέμνηται,
266 2615 410 2653 Μέμνηται
433 2616 459 2645 δὲ
477 2616 519 2645 διὰ
536 2617 566 2645 τὸ
580 2618 723 2646 παιδεῦσαι
737 2618 824 2655 ἡμᾶς,

57 2662 81 2695 nl,
97 2661 278 2701 δυσχεραίνειν,
305 2660 349 2689 ἐάν
365 2672 404 2693 τις
423 2660 543 2690 ἀσθένεια
563 2661 671 2700 γένηται
686 2661 747 2700 περὶ
767 2661 825 2695 τοὺς

57 2706 190 2739 ςπουόαίους
205 2705 250 2735 καὶ
275 2706 401 2745 θεοφιλεῖς
417 2705 530 2746 ἄνδρας,
544 2705 601 2735 ἐπεὶ
622 2707 668 2736 καὶ
689 2708 808 2746 Λάζαρος
818 2730 825 2743 ,

57 2750 80 2779 iw
93 2753 134 2780 τοῦ
153 2752 264 2791 Χριστοῦ
285 2750 376 2790 φίλος,
395 2750 508 2786 ἠσθένει.
551 2750 612 2791 Χρὴ
634 2751 660 2780 δὲ
681 2751 727 2780 καὶ
750 2754 827 2781 τοῦτο

57 2796 85 2832 .ιὴ
99 2797 191 2835 ἀγνοεῖν
201 2818 209 2833 ,
221 2795 264 2825 ὅτι
285 2795 334 2824 οὖκ
349 2791 380 2830 ἦν
396 2795 491 2835 Μαρία
507 2795 575 2832 αὕτη
598 2797 615 2831 ἡ
632 2795 766 2836 ἀλείψασα
781 2795 825 2826 τὸν

1184 2100 1309 2130 CAPUT
1331 2100 1369 2129 Xl

879 2171 913 2192 De
926 2171 1078 2192 multatione
1091 2170 1184 2192 Lazari.
1201 2171 1321 2199 Quomodo
1336 2170 1457 2192 consilium
1471 2169 1576 2191 inierunt
1591 2172 1677 2191 summi

905 2207 1052 2232 sacerdotes,
1072 2209 1092 2228 ct
1115 2207 1234 2228 Phariam
1251 2207 1279 2228 de
1298 2207 1422 2228 occidendo
1440 2206 1544 2228 Christo.
1561 2207 1594 2227 De
1621 2212 1676 2230 pro-

906 2243 986 2268 phetia
1001 2243 1103 2268 Caiplue.

916 2308 1005 2334 Vens.
1034 2310 1089 2335 1-3.
1108 2319 1120 2331 α
1138 2306 1295 2342 ᾸΞςι-οῐοὺῖιῐ
1318 2310 1409 2334 autem
1424 2306 1538 2341 quidam
1563 2307 1677 2334 nomine

881 2352 1013 2385 Lazarus,
1033 2351 1232 2384 Bethaniensis,
1250 2359 1267 2378 a
1281 2351 1391 2379 castello
1409 2351 1502 2378 Mariae
1518 2355 1545 2379 et
1561 2351 1677 2379 Martha:

881 2395 962 2432 hujus
979 2396 1092 2424 sororis.
1109 2396 1195 2423 Maria
1217 2400 1312 2424 autem
1332 2400 1390 2423 erat
1404 2403 1434 2423 ea
1450 2403 1512 2432 qua:
1527 2395 1605 2423 unxit
1619 2397 1676 2423 Do-

880 2441 988 2469 minum
1013 2445 1163 2477 unguento,
1196 2445 1223 2468 et
1250 2441 1363 2468 extersit
1382 2440 1463 2476 pedes
1489 2441 1547 2477 ejus
1573 2441 1678 2476 capillis

879 2486 946 2518 suis,
985 2486 1062 2522 cujus
1096 2485 1180 2513 frater
1208 2486 1326 2513 Lazarus
1359 2485 1519 2521 aegrotabat.
1545 2486 1679 2514 Miserunt

880 2530 964 2566 655
987 2538 1052 2566 ergo
1072 2537 1182 2558 sorores
1205 2530 1238 2557 ad
1258 2537 1333 2564 eum,
1360 2530 1485 2558 dicentes
1513 2539 1520 2558 :
1548 2530 1677 2564 Domine,

879 2583 952 2607 ecce,
968 2583 1051 2611 quem
1065 2582 1142 2602 amas
1156 2579 1281 2611 aegrotat.
1301 2586 1312 2598 η
1328 2575 1407 2602 Solus
1421 2575 1531 2611 quidem
1558 2576 1678 2602 Joannes

879 2620 961 2656 hujus
975 2619 1009 2647 de
1024 2620 1130 2647 Lazaro
1146 2619 1272 2647 meminit
1284 2619 1415 2648 historiae.
1434 2619 1560 2647 Meminit
1573 2622 1676 2651 autem,

880 2669 911 2692 ut
931 2673 982 2692 nos
997 2665 1104 2692 erudiat
1127 2672 1162 2692 ne
1185 2665 1247 2700 quis
1269 2665 1402 2700 gravatim
1426 2663 1507 2697 ferat,
1532 2664 1554 2691 si
1570 2663 1634 2690 boni
1650 2666 1677 2690 et

880 2711 939 2737 Deo
964 2709 1043 2737 amici
1070 2709 1119 2736 viri
1140 2709 1238 2736 morbo
1254 2713 1407 2741 teneantur,
1430 2709 1494 2744 quia
1510 2712 1538 2736 et
1558 2708 1679 2735 Lazarus

880 2762 944 2782 cum
973 2758 1046 2782 esset
1070 2754 1178 2782 amicus
1201 2754 1314 2787 Christi,
1337 2753 1490 2789 tegrotavit.
1516 2753 1612 2789 Neque
1626 2752 1679 2781 hoc

881 2798 1065 2836 ignorantium
1079 2803 1131 2832 est,
1150 2798 1225 2835 quod
1237 2806 1293 2826 non
1307 2802 1366 2826 erat
1380 2797 1432 2825 ista
1446 2797 1533 2826 Maria
1548 2805 1611 2834 quae,
1625 2805 1676 2825 un-
