1922 3077
125 159 130 163 .
164 128 198 154 s7
672 122 929 151 THEOPHYLACTI
948 122 1127 151 BULGARIE
1145 124 1303 153 ARCHIEP.
1777 130 1813 157 88

117 195 122 200 '
164 192 241 217 xerat
267 187 421 216 Dominum
453 189 594 222 unguento
624 196 637 210 α
661 185 791 214 meretrix
813 185 835 203 ⁷³
859 196 872 210 ι
899 193 958 221 quae

1014 185 1110 225 Κύριον
1130 187 1219 227 μύρῳ,
1234 189 1251 223 ἡ
1266 187 1351 227 πόρνη
1372 190 1390 224 ἡ
1404 189 1478 227 παρὰ
1497 191 1535 230 τῷ
1552 191 1660 231 Λουκᾷ,
1676 190 1722 227 ἢὴ
1736 190 1814 231 παρὰ

165 233 238 270 apud
254 234 358 261 Lucam
380 231 421 259 vel
436 230 613 264 Matthaeum;
640 230 689 258 sed
713 231 773 264 alia,
790 238 845 258 non
869 238 958 258 mere-

161 279 228 311 trix,
252 277 365 305 honesta
390 280 484 304 autem
508 279 534 303 et
555 275 679 311 religiosa
702 279 730 302 et
754 275 886 303 ofﬁciosa.
910 276 959 302 Et-

163 323 237 351 enim
255 322 402 358 diligenter
424 320 601 348 ministrabat
615 324 742 356 suscepto
756 320 878 354 Christo,
891 319 962 347 sicut

161 368 281 395 Joannes
305 369 420 393 testatur
441 374 450 392 :
466 365 533 401 quin
555 369 584 392 et
597 365 700 392 bonam
716 369 823 400 partem
847 365 961 400 elegisse

163 410 355 440 testimonium
374 409 466 443 habet,
489 413 520 436 ut
533 409 572 436 ait
586 410 684 436 Lucas.
708 410 748 436 Ita
770 413 861 436 autem
882 409 962 437 clarae

162 460 191 484 et
213 455 385 483 admirabiles
406 454 517 482 fuerunt
531 461 650 488 sorores,
668 457 699 481 ut
713 458 741 481 et
763 454 884 481 Lazarus
906 454 962 489 ipse

162 500 254 528 notior
275 498 361 526 factus
375 498 410 526 sit
425 506 472 534 per
487 506 540 525 eas.
567 510 578 522 τι
608 500 672 526 Erat
690 498 773 532 enim,
794 498 894 534 inquit,
909 500 961 526 La-

163 553 242 572 zarus
257 543 447 571 Bethaniensis
469 551 484 570 a
499 543 610 570 castello
632 543 727 571 Maria:
748 547 776 570 et
797 542 923 570 Marthae.
949 554 960 566 η

163 590 255 624 Quare
281 593 374 616 autem
389 588 533 616 mittentes
555 592 698 615 accersunt
722 589 829 620 JESlIll'l,
857 592 884 615 et
907 596 962 615 non

162 634 229 670 ipsae
249 634 372 667 veniunt,
392 633 463 660 sicut
485 644 497 656 «ι
513 632 637 660 centurio
652 636 681 659 et
700 633 790 668 regius
804 631 846 660 ’ΝΡ
864 644 875 656 ι
892 632 962 666 Quia

161 679 314 715 plurimum
329 677 452 705 ﬁdebant
463 677 572 705 Christo
593 681 620 704 et
635 677 697 712 quia
721 677 848 704 mulieres
872 681 962 712 erant,

162 731 220 751 non
243 722 388 758 oportebat
411 730 456 750 eas
481 722 518 749 ita
542 721 620 749 facile
646 729 661 749 e
686 721 770 749 domo
786 722 920 757 progredi,
935 726 963 749 et

162 768 226 804 quia
258 768 285 795 in
308 768 383 795 luctu
408 771 494 800 erant,
519 771 711 802 occupataeque
737 766 809 794 circa
834 766 957 794 fratrem.

162 813 234 840 Nam
249 811 323 847 quod
338 811 391 839 hoc
405 819 459 839 non
474 811 589 839 fecerint
604 819 636 839 ex
656 815 825 846 contemptu,
842 810 960 838 manife-
977 827 1000 858 Β

164 861 238 884 stum
253 860 296 884 est
311 864 344 884 ex
359 856 401 884 his
423 864 485 892 quae
499 860 661 892 sequuntur.
678 857 810 891 Magnum
824 856 897 883 enim
918 856 962 884 ho-

163 909 270 935 norem,
286 905 314 928 et
333 901 471 936 pietatem,
492 905 520 929 et
534 908 647 936 precum
661 902 844 928 constantiam
860 908 916 936 pra:
933 908 962 928 se

163 945 267 974 ferunt.
285 946 412 972 Dicentes
427 950 530 978 autem,
549 956 560 969 ‹ι
579 946 647 972 Ecce
659 953 742 980 quem
757 945 856 980 diligis,
872 953 960 981 aegro-

163 993 213 1024 tat,
229 1001 241 1013 »
257 988 293 1016 ad
311 989 516 1017 miserationem
532 989 681 1016 Dominum
697 997 808 1016 movere
822 989 961 1024 volebant,

164 1041 197 1062 eo
220 1033 292 1069 quod
318 1045 331 1057 α
355 1041 495 1061 memores
515 1037 592 1061 erant
611 1033 731 1060 nominis
747 1033 768 1049 ⁷⁵
791 1045 802 1057 ιι
821 1034 959 1062 amicitiae.

162 1078 292 1106 Declarat
305 1082 396 1105 autem
414 1082 442 1105 et
455 1078 538 1105 ﬁdem
549 1078 696 1114 quamdam
708 1078 824 1106 verbum
836 1078 887 1106 hcc
898 1086 959 1105 mu-

162 1122 273 1150 lierum.
302 1124 341 1149 Ita
356 1123 429 1150 enim
453 1123 569 1150 multam
586 1122 706 1150 Domino
728 1122 816 1150 inesse
831 1123 960 1150 virtutem

163 1171 362 1202 cognoverunt,
379 1171 409 1194 ut
428 1167 627 1195 admirarentur
644 1167 786 1203 quomodo
800 1167 961 1195 inﬁrmitate

163 1212 268 1239 laboret
297 1212 339 1239 vir
360 1212 393 1239 ab
418 1212 464 1239 illo
495 1212 619 1240 dilectus.
643 1211 862 1239 Admirationem
886 1212 961 1239 enim

161 1256 350 1292 quodammdo
374 1256 475 1284 habere
500 1257 617 1290 videtur,
643 1267 656 1280 ιι
673 1258 753 1289 Ecce,
774 1265 857 1293 quem
871 1256 960 1292 diligis

163 1305 287 1337 aegrotat.
306 1312 318 1324 υ

197 1396 289 1424 Vens.
305 1397 364 1422 4-6.
381 1406 394 1418 κ
405 1395 524 1423 Audiens
537 1399 629 1423 autem
638 1395 727 1428 Jesus,
738 1394 806 1422 dixit
818 1403 824 1422 :
842 1395 960 1422 Inﬁrmi-

162 1444 205 1467 tas
220 1439 278 1466 hazc
292 1446 347 1466 non
372 1442 414 1466 est
428 1438 463 1466 ad
479 1443 609 1472 mortem,
624 1439 671 1466 sed
686 1447 735 1474 pro
748 1439 831 1474 gloria
847 1439 909 1472 Dei,
930 1443 960 1466 ut

161 1483 327 1520 gloriﬁcetur
348 1483 432 1511 Filius
457 1483 508 1510 Dei
534 1491 582 1518 per
606 1491 677 1511 eam.
706 1483 843 1518 Diligebat
867 1488 957 1511 autem
976 1491 999 1522 ρ

161 1530 242 1556 Jesus
252 1528 400 1560 Martham,
409 1531 566 1555 etsororem
578 1528 647 1563 ejus,
658 1532 684 1555 et
694 1528 838 1555 Lazarum.
848 1529 960 1564 Utergo

161 1572 266 1600 audivit
278 1572 349 1607 quod
360 1576 514 1607 aegrotaret,
524 1576 586 1599 tum
594 1572 704 1607 quidem
716 1573 851 1607 temporis
862 1573 961 1601 mansit

161 1617 189 1644 in
204 1615 303 1644 eodem
319 1617 377 1644 loco
393 1616 502 1644 duobus
517 1616 624 1644 diebus.
642 1628 653 1640 ιι
667 1617 804 1651 Quoniam
817 1617 870 1645 illic
881 1625 958 1645 man-

159 1668 243 1689 surus
264 1665 323 1688 erat
343 1661 451 1688 duobus
465 1661 571 1695 diebus,
588 1661 646 1696 ejus
661 1661 746 1696 gratia
762 1661 848 1697 inquit
864 1672 870 1690 ι
886 1673 898 1686 ι.
914 1663 958 1690 ln-

160 1705 276 1733 ﬁrmitas
291 1705 349 1733 hac
380 1713 437 1733 non
452 1709 494 1733 est
515 1705 550 1733 ad
570 1710 698 1739 mortem,
717 1717 729 1729 ι
750 1706 874 1740 quamvis
887 1711 961 1735 esset

160 1750 196 1778 ad
223 1755 352 1778 mortem.
379 1749 443 1783 Sed,
459 1749 534 1785 quod
548 1749 682 1784 dicebam,
706 1750 819 1778 nuntios
839 1755 903 1779 tunc
926 1752 959 1780 ad

160 1794 320 1822 sublimiora
341 1794 451 1822 trahere
465 1794 613 1828 volens,et
642 1794 725 1822 veluti
743 1795 959 1824 consolationem

159 1839 309 1876 quamdam
320 1839 449 1873 afferens,
463 1847 498 1866 ne
512 1838 634 1875 urgendo
642 1839 751 1867 molesti
764 1844 865 1875 essent,
879 1840 960 1877 hujus

159 1884 246 1920 gratia
261 1885 352 1920 inquit
369 1893 375 1912 :
391 1895 403 1908 «
418 1886 479 1912 Non
495 1888 534 1912 est
545 1883 579 1912 ad
592 1888 720 1912 mortem.
738 1895 751 1908 ν
768 1885 803 1912 Et
815 1885 893 1912 aliter
908 1895 915 1913 :
931 1886 958 1913 Si

159 1929 228 1957 bene
243 1929 464 1962 consideraveris,
483 1936 573 1964 neque
588 1928 621 1956 ad
635 1933 754 1956 mortem
767 1928 820 1956 fuit
841 1929 957 1958 inﬁrmi-

159 1978 210 2007 tas,
235 1982 288 2010 qua
312 1974 465 2001 moriuntur
487 1973 578 2006 multi,
595 1972 754 2000 diuturnam
775 1973 887 2007 scilicet,
911 1975 958 2002 sed

159 2018 340 2053 temporalem
366 2022 393 2045 et
421 2017 641 2053 quatriduanam.
667 2018 738 2045 Nam
762 2017 824 2053 quia
840 2019 959 2046 surrexit

158 2062 368 2098 quatriduanus,
388 2062 422 2089 ad
436 2062 518 2090 ﬁnem
533 2066 689 2097 spectantes
704 2062 753 2095 rei,
775 2062 893 2090 dicimus
905 2071 959 2090 non

157 2114 217 2134 esse
234 2118 247 2131 οι
262 2107 298 2135 ad
321 2111 442 2134 mortem
459 2118 471 2130 »
488 2106 690 2141 inﬁrmitatem,
713 2118 725 2130 ιι
742 2106 790 2134 sed
810 2115 860 2142 pro
873 2107 958 2143 gloria

1013 232 1051 270 τῷ
1077 232 1224 272 Ματθαίῳ·
1242 232 1301 262 ἀλλ’
1324 233 1403 269 ἄλλη,
1421 234 1478 274 οὐχὶ
1493 234 1592 273 πόρνη,
1616 235 1684 265 ἀλλὰ
1708 236 1814 274 σεμνὴ,

1014 275 1060 304 καὶ
1075 276 1212 316 θεοφιλὴς,
1233 276 1280 306 καὶ
1295 278 1437 307 σπουδαία.
1455 279 1507 308 Καὶ
1523 279 1573 319 γὰρ
1594 280 1654 320 περὶ
1678 279 1725 316 τὴν
1742 282 1813 309 ὓπο-

1015 320 1096 360 δοχὴν
1113 321 1258 351 ἐσπούδασε
1275 324 1321 351 τοῦ
1345 324 1461 362 Χριστοῦ
1483 324 1529 353 καὶ
1550 325 1682 362 διηκόνει,
1704 326 1741 358 ὥς
1761 325 1814 354 αὖ·

1013 365 1058 398 τὸς
1095 364 1221 402 Ἰωάννης
1260 367 1359 407 προῖὼν
1401 369 1543 408 μαρτυρεῖθ
1576 368 1645 398 ἀλλὰ
1683 368 1730 398 καὶ
1763 368 1814 405 τὴν

1015 408 1116 448 ἀγαθὴν
1133 410 1227 449 μερίδα
1249 413 1421 452 μαρτυρεῖται
1436 412 1606 449 ἐκλέξασθαι,
1627 415 1662 446 ὡς
1677 415 1692 443 ὁ
1706 414 1815 448 Λουκᾶς

1016 464 1106 493 φησιν.
1135 454 1215 485 Οὕτω
1240 455 1268 484 δὲ
1293 453 1361 492 ἦσαν
1389 456 1541 494 θαυμασταὶ
1565 457 1593 486 αἱ
1623 457 1735 497 ἀδελφαὶ
1765 459 1814 488 καὶ

1016 498 1162 537 γνώριμαι,
1186 499 1256 529 ὥστε
1279 500 1325 530 καὶ
1348 500 1392 529 τὸν
1416 501 1537 540 Λάζαρον
1559 501 1585 536 ἐξ
1600 503 1686 532 αὐτῶν
1708 504 1813 540 μᾶλλον

1016 543 1189 574 καθίστασθαι
1208 545 1349 584 γνώριμον.
1393 559 1405 572 ι
1418 541 1472 576 τΗν
1487 546 1550 585 γὰρ,
1568 547 1664 586 φησὶν,
1679 549 1694 576 6
1715 548 1813 582 Λάζα-

1018 599 1060 627 ρος
1075 589 1127 617 ἆπὸ
1141 589 1273 625 Βηθανίας
1292 591 1322 619 ἐκ
1341 591 1387 625 τῆς
1411 590 1504 629 κώμης
1530 590 1636 629 Μαρίας
1655 591 1700 620 καὶ
1726 593 1811 632 Μάρ-

1017 635 1072 666 θας.
1088 647 1099 659 1
1143 634 1194 663 Διὰ
1206 633 1232 662 τί
1247 634 1272 662 δὲ
1288 634 1423 672 πέμπουσι
1437 636 1568 664 καλοῦσαι
1578 635 1621 664 τὸν
1632 635 1746 676 Ἰησοῦν,
1763 637 1814 666 καὶ

1016 678 1062 706 οὐκ
1082 678 1161 707 αὐταὶ
1184 679 1394 719 προσέρχονται,
1411 679 1501 719 ὥσπερ
1522 681 1536 709 6
1552 680 1742 720 ἑκατόνταρχος
1763 682 1813 711 καὶ

1015 723 1029 750 6
1058 722 1209 760 βασιλικός;
1238 724 1311 766 Διέτι
1334 724 1434 764 σφόδρα
1460 724 1584 764 ἐθάρρουν
1615 727 1653 764 τῷ
1680 726 1810 766 Χριστῷ,

1015 766 1060 795 καὶ
1075 766 1115 796 ὅτι
1131 772 1251 806 γυναῖκες
1269 764 1352 805 ἦσαν,
1368 769 1414 797 καὶ
1428 769 1476 798 οὐκ
1497 769 1550 798 ἔδει
1574 768 1655 802 αὐτὰς
1671 769 1740 799 οὕτω
1756 772 1810 811 ῥᾳ-

1017 810 1076 844 δίως
1092 812 1267 852 προέρχεσθαι
1284 815 1329 841 τοῦ
1356 812 1504 850 δωματίου,
1530 813 1575 842 καὶ
1600 813 1640 842 ὅτι
1659 815 1697 854 τῷ
1719 810 1811 845 πένθει

1017 856 1186 895 κατείχοντο,
1209 857 1253 886 καὶ
1279 858 1442 896 ἠσχολοῦντο
1463 858 1524 897 περὶ
1543 857 1586 886 τὸν
1603 858 1726 898 ἀδελφόν.
1743 858 1811 889 "Ott

1017 900 1068 939 γὰρ
1083 902 1130 930 οὐκ
1155 901 1207 930 ἀπὸ
1229 901 1449 941 καταφρονήσεως
1467 904 1542 932 τοῦτο
1563 901 1740 940 πεποιήκασι,
1758 906 1812 940 δῆ-

1015 945 1059 974 λον
1080 946 1110 974 ἐκ
1133 947 1184 975 τῶν
1210 946 1278 982 μετὰ
1304 948 1404 975 ταῦτα·
1421 946 1521 982 πολλὴν
1537 947 1589 986 γὰρ
1604 946 1651 983 τὴν
1668 947 1748 986 τιμὴν
1763 949 1813 978 καὶ

1013 988 1043 1018 τὸ
1076 989 1157 1023 σέϐας
1182 990 1373 1020 ἐπιδείκνυνται
1402 991 1447 1020 καὶ
1474 992 1520 1028 τὴν
1548 991 1636 1027 δέησιν
1671 992 1810 1030 ἐπίμονον.

1014 1033 1053 1063 Τὸ
1077 1034 1120 1071 δὲ,
1150 1049 1161 1062 ι
1183 1033 1240 1065 Ἴδε
1267 1035 1294 1064 ὃν
1317 1037 1418 1074 φιλεῖς,
1444 1050 1456 1062 ν
1483 1037 1608 1074 λέγουσι,
1635 1036 1700 1076 πρὸς
1722 1032 1812 1067 οἶκτον

1014 1079 1213 1108 ἐπισπάσασθαι
1240 1079 1397 1119 βουλόμεναι
1413 1080 1457 1109 τὸν
1477 1080 1592 1120 Κύριον,
1613 1080 1656 1110 διὰ
1677 1084 1722 1110 τοῦ
1740 1084 1813 1112 ὓπο-

1014 1125 1114 1160 μνῆσαι
1144 1124 1223 1154 αὐτὸν
1247 1127 1293 1153 τοῦ
1323 1127 1370 1160 τῆς
1393 1125 1481 1165 φιλίας
1506 1125 1643 1163 ὀνόματος.
1666 1125 1813 1166 Ἐμφαίνει

1014 1167 1043 1196 δέ
1069 1180 1126 1196 τινα
1152 1169 1197 1198 καὶ
1219 1169 1308 1198 πίστιν
1333 1172 1410 1198 τοῦτο
1434 1171 1463 1199 τὸ
1480 1171 1555 1209 ῥῆμα
1583 1171 1635 1198 τῶν
1663 1174 1809 1208 γυναικῶν.

1014 1211 1095 1241 Οὕτω
1109 1212 1160 1252 γὰρ
1175 1213 1274 1253 ᾔδεσαν
1296 1213 1398 1249 πολλὴν
1422 1215 1460 1254 τῷ
1477 1214 1567 1254 Κυρίῳ
1581 1214 1711 1252 περιεῖναι
1730 1216 1812 1244 δύνα-

1014 1268 1073 1294 μιν,
1098 1258 1166 1286 ὥστε
1195 1259 1359 1296 θαυμάζειν,
1386 1257 1425 1287 ὅτι
1452 1258 1541 1298 ἥψατο
1570 1259 1690 1288 ἀσθένεια
1719 1260 1814 1299 ἀνδρὸς

1013 1301 1170 1340 φιλουμένου
1185 1302 1251 1342 παρ’
1266 1303 1355 1332 αὐτοῦ,
1379 1302 1572 1340 Θαυμαστικὸν
1588 1303 1640 1343 γάρ
1663 1316 1718 1337 πως
1741 1300 1812 1334 εἶναι

1013 1345 1144 1384 δοκεῖτὸ,
1161 1360 1171 1372 α
1188 1345 1243 1376 ’Ίδε
1257 1369 1264 1383 ,
1283 1347 1311 1375 ὃν
1327 1348 1410 1386 φιλεῖς
1427 1349 1538 1376 ἀσθενεῖ.
1555 1362 1566 1373 ιο

1055 1403 1065 1415 ι
1079 1390 1205 1424 Ἀκούσας
1223 1390 1250 1419 δὲ
1263 1392 1277 1419 6
1291 1390 1393 1425 Ἰησοῦς
1408 1387 1495 1420 εἶπεν·
1507 1391 1584 1427 Αὕτη
1598 1393 1614 1427 ἡ
1628 1391 1749 1422 ἀσθένεια
1763 1396 1811 1423 οὐκ

1013 1434 1070 1464 ἔστι
1087 1434 1150 1473 πρὸς
1169 1434 1294 1471 θάνατον,
1320 1436 1378 1464 ἀλλ’
1400 1435 1466 1475 ὑπὲρ
1489 1438 1536 1470 τ’ἤς
1557 1436 1632 1471 δόξης
1651 1439 1696 1465 τοῦ
1720 1438 1811 1477 Θεοῦ,

1014 1479 1058 1507 ἵνα
1074 1478 1184 1520 δοξασθῇ
1201 1481 1215 1508 6
1240 1480 1303 1514 Υἱὸς
1326 1482 1372 1508 τοῦ
1388 1481 1458 1510 Θεοῦ
1484 1481 1517 1510 δι’
1533 1481 1624 1515 αὐτῆς.
1646 1480 1756 1520 Ἠγάπα
1782 1483 1812 1512 δὲ

1015 1525 1028 1552 6
1045 1523 1066 1553 Ἰ
1118 1527 1133 1533 ’⁸
1181 1524 1188 1535 ‘
1225 1526 1241 1554 Ii
1265 1524 1271 1533 ’
1417 1523 1423 1533 “
1530 1525 1555 1534 ““
1611 1524 1616 1535 ¹
1676 1527 1683 1536 ’
1704 1528 1720 1535 ’”’
1802 1527 1809 1539 ‘

1069 1535 1147 1559 ησους
1161 1537 1208 1559 την
1242 1527 1355 1564 Ῑαρθαν,
1381 1537 1426 1554 και
1450 1524 1498 1560 τὴν
1523 1526 1638 1565 αοελφην
1654 1538 1749 1563 αυτης,
1764 1538 1813 1557 και

1015 1568 1059 1597 τὸν
1087 1569 1219 1609 Λάζαρον.
1249 1569 1299 1602 Ὡς
1323 1564 1366 1598 οῦν
1394 1569 1524 1605 ἤκουσεν,
1553 1564 1598 1598 ὅτι
1620 1571 1737 1606 ἀσθενεῖ,
1751 1574 1813 1601 τότε

1016 1613 1063 1650 μὲν
1080 1613 1180 1651 ἔμεινεν
1197 1615 1222 1643 ἐν
1249 1609 1270 1653 ᾧ
1291 1609 1323 1650 ἦν
1348 1614 1439 1654 τόπῳ,
1455 1614 1501 1643 δύο
1517 1614 1625 1654 ἡμέρας.
1642 1628 1655 1640 ι
1698 1615 1811 1652 Ἐπειδὴ

1015 1657 1124 1696 ἔμελλεν
1159 1658 1214 1686 ἐκεῖ
1248 1660 1336 1695 μεῖναι
1370 1658 1472 1697 ἡμέρας
1505 1658 1564 1694 δύο,
1593 1658 1685 1688 τούτου
1721 1659 1811 1690 ἕνεκέν

1014 1713 1109 1742 φησιν,
1133 1701 1173 1730 ὅτι
1194 1716 1206 1730 ιι
1223 1704 1282 1732 Οὐκ
1302 1702 1373 1732 ἔστιν
1388 1705 1405 1738 ἡ
1426 1702 1546 1731 ἀσθένεια
1562 1703 1626 1741 πρὸς
1652 1703 1781 1743 θάνατον,
1798 1719 1810 1732 ιι

1014 1747 1100 1776 καίτοι
1116 1746 1180 1785 πρὸς
1202 1747 1313 1776 θάνατον
1336 1747 1451 1786 γέγονεν·
1472 1748 1540 1783 ἀλλ’,
1558 1747 1622 1787 ὅπερ
1647 1748 1725 1787 ἔφην,
1745 1748 1811 1784 τέως

1015 1791 1176 1831 μετεωρίσαι
1205 1792 1287 1821 θέλων
1324 1792 1385 1825 τοὺς
1410 1791 1540 1830 μηνυτὰς,
1567 1793 1612 1822 καὶ
1644 1793 1722 1822 οἱονεί
1750 1805 1811 1823 τινα

1013 1836 1183 1877 παραμυθίαν
1213 1837 1299 1870 αὐτοῖς
1327 1836 1427 1872 διδοὺς,
1455 1838 1491 1870 ὡς
1520 1836 1552 1866 ἂν
1588 1837 1626 1876 μὴ
1662 1838 1812 1876 ἐγκείμενοι

1014 1882 1165 1920 ἐνοχλοῖεν,
1193 1881 1285 1910 τούτου
1306 1881 1378 1910 ἕνεκέ
1401 1893 1492 1921 φησιν,
1508 1880 1548 1910 ὅτι
1562 1895 1574 1908 ι
1595 1883 1654 1911 Οὐκ
1671 1882 1728 1911 ἔστι
1746 1884 1811 1922 πρὸς

1014 1926 1135 1956 θάνατον.
1160 1938 1172 1951 ιι
1213 1924 1314 1958 Ἄλλως
1333 1938 1371 1961 τε,
1398 1927 1430 1954 ΙΞῖ
1456 1926 1542 1958 καλῶς
1564 1926 1725 1964 σκοπήσεις,
1750 1928 1810 1957 οὐδὲ

1013 1969 1077 2009 πρὸς
1104 1970 1215 1999 θάνατον
1241 1965 1272 2005 ἧν
1295 1972 1311 2005 ἡ
1345 1969 1482 2010 ἀρρωστία
1508 1973 1642 2008 τοιοῦτον,
1670 1966 1722 2000 οἷον
1749 1972 1810 2008 θνή-

1014 2025 1120 2044 σκουσιν
1135 2016 1158 2043 οἱ
1183 2013 1277 2043 πολλοὶ
1299 2014 1507 2054 μακροχρόνιον,
1536 2014 1605 2043 ἀλλὰ
1629 2015 1810 2055 πρόσκαιρον,

1014 2059 1058 2087 καὶ
1087 2058 1152 2099 πρὸς
1185 2058 1316 2098 τέσσαρας
1348 2059 1449 2099 ἡμέρας
1486 2059 1629 2088 συστάντα.
1676 2059 1754 2089 Ἰἰπεὶ
1780 2062 1809 2090 δὲ

1014 2103 1110 2138 ἀνέστη
1135 2103 1331 2143 τετραήμερος,
1358 2104 1422 2143 πρὸς
1445 2103 1476 2133 τὸ
1508 2103 1589 2143 πέρας
1616 2105 1727 2142 δρῶντες
1760 2108 1808 2135 τοῦ

157 2151 221 2186 Dei,
246 2155 277 2179 ut
299 2151 464 2187 gloriﬁcetur
478 2151 562 2178 Filius
587 2151 645 2178 Dei.
665 2162 678 2175 η
695 2151 778 2179 Vides
792 2159 876 2179 unam
897 2160 955 2180 esse

1013 2147 1181 2186 πράγματος,
1196 2148 1307 2187 λέγομεν
1324 2148 1361 2186 μὴ
1388 2144 1454 2177 εἶναι
1479 2162 1490 2173 α
1506 2148 1571 2187 πρὸς
1582 2148 1693 2177 θάνατον
1711 2162 1723 2174 ι
1758 2150 1808 2185 τὴν

156 2195 271 2232 gloriam
281 2196 370 2223 Patris
380 2199 406 2223 et
415 2195 492 2224 Filii?
513 2203 576 2223 cum
587 2196 659 2223 enim
670 2195 793 2229 dixisset,
806 2207 819 2221 (ι
834 2204 883 2232 pro
898 2196 956 2232 glo-

156 2240 195 2268 ria
205 2241 265 2274 Dei,
277 2252 289 2264 »
298 2240 431 2274 subdidit,
441 2252 453 2264 κ
461 2245 491 2268 ut
498 2240 663 2276 gloriﬁcatur
671 2240 754 2268 Filius
763 2241 820 2268 Dei.
832 2253 844 2264 ι»
857 2242 954 2277 Itaque

155 2285 242 2321 gloria
256 2285 319 2319 Dei,
344 2285 434 2312 Patris
456 2285 528 2319 dico,
551 2285 580 2312 in
604 2285 678 2313 nullo
697 2285 783 2321 656
799 2286 888 2321 major
913 2290 956 2313 est

155 2338 237 2366 quam
252 2330 321 2357 Filii.
339 2331 415 2357 Deus
429 2330 512 2366 igitur
523 2334 563 2358 est
577 2333 603 2357 et
625 2330 717 2361 Filius.
737 2330 808 2357 sicut
822 2334 849 2357 et
864 2331 953 2364 Pater,

155 2374 265 2410 proprie
280 2382 311 2402 ac
325 2382 397 2402 vere.
411 2376 482 2402 Nam
498 2383 560 2402 cum
576 2383 628 2402 una
646 2374 732 2410 gloria
748 2375 831 2402 etiam
845 2383 897 2402 una
913 2379 954 2402 est

155 2419 315 2448 substantia.
340 2419 476 2454 Quocirca
496 2419 701 2447 confundantur
722 2423 749 2447 et
763 2427 796 2447 ex
817 2419 870 2447 hoc
892 2420 953 2448 loco

154 2464 260 2492 Ariani.
273 2463 396 2492 Verbum
408 2468 511 2498 autem,
528 2476 540 2489 α
562 2469 592 2491 ut
607 2464 782 2500 gloriﬁcetur,
798 2475 811 2488 ι
826 2472 859 2491 ne
876 2469 953 2500 putes

154 2516 244 2537 causa:
254 2508 474 2544 signiﬁcativum,
485 2508 533 2536 sed
544 2513 657 2536 eventus
665 2513 692 2536 et
704 2508 829 2543 effectus,
840 2513 870 2536 ut
879 2517 953 2544 saepe

151 2553 282 2582 diximus.
299 2554 361 2581 Non
376 2553 452 2581 enim
477 2557 508 2581 ut
521 2553 690 2589 gloriﬁcetur
704 2555 790 2588 Deus,
807 2558 951 2589 propterea

151 2597 294 2634 azgrotavit
309 2599 438 2631 Lazarus,
454 2597 503 2625 sed
518 2598 570 2625 alia
584 2597 702 2633 quadam
717 2597 751 2626 de
773 2606 853 2625 causa
874 2598 952 2626 inﬁr—

151 2643 232 2671 mitas
246 2642 371 2678 accessit,
387 2650 440 2678 qua
455 2646 547 2670 tamen
562 2642 698 2670 Dominus
713 2643 740 2669 in
761 2642 878 2678 gloriam
900 2643 950 2670 Dei

150 2695 216 2716 usus
235 2691 286 2716 est.
306 2699 319 2712 ‹ι
346 2687 446 2715 Mansit
461 2691 552 2715 autem
575 2686 669 2715 diebus
696 2687 815 2722 duobus,
833 2699 846 2711 ι
862 2687 950 2716 donec

184 2779 206 2796 ⁷³
221 2780 287 2808 Luc.
304 2787 359 2814 vn,
378 2782 423 2808 37.
461 2779 483 2796 ⁷⁵
498 2778 595 2808 Matth.
611 2787 682 2812 vni,
698 2782 724 2806 5.

1011 2192 1163 2229 ἀσθένειαν,
1188 2207 1200 2218 ιι
1226 2193 1286 2221 ἀλλ’
1301 2193 1365 2233 ὑπὲρ
1381 2195 1427 2228 τῆς
1443 2193 1516 2228 δόξης
1528 2214 1536 2228 ,
1553 2192 1634 2232 φησὶ,
1658 2195 1703 2222 τοῦ
1719 2195 1805 2231 Θεοῦ,

1008 2241 1052 2265 ἱνα
1075 2237 1188 2276 δοξασθῇ
1215 2239 1230 2266 6
1255 2238 1316 2271 Υἱὸς
1345 2240 1390 2266 τοῦ
1408 2239 1489 2267 Θεοῦ.
1520 2251 1531 2263 ι
1558 2237 1639 2277 Ὁρᾷς
1666 2237 1729 2276 μίαν
1756 2239 1805 2274 τὴν

1009 2281 1084 2315 δόξαν
1100 2285 1145 2311 τοῦ
1163 2282 1270 2322 Πατρὸς
1286 2281 1331 2310 καὶ
1351 2284 1396 2310 τοῦ
1421 2283 1505 2319 ]“ἱοῦ;
1523 2281 1615 2311 Εἰπὼν
1631 2281 1693 2320 γὰρ,
1710 2296 1721 2307 ιι
1738 2283 1805 2322 ὑπὲρ

1009 2327 1056 2361 τῆς
1082 2327 1156 2362 δόξης
1181 2329 1226 2356 τοῦ
1254 2327 1336 2362 Θεοῦ,
1354 2340 1366 2353 »
1388 2326 1521 2365 ἐπήγαγε’
1539 2340 1551 2353 ιι
1568 2324 1628 2356 Ἵνα
1654 2326 1766 2366 δοξασθῇ
1792 2331 1806 2357 ὁ

1010 2371 1071 2404 Υἱὸς
1095 2373 1139 2400 τοῦ
1157 2372 1236 2401 Θεοῦ.
1255 2385 1266 2397 ι
1310 2371 1527 2410 Ἆπαροίλλακτος
1549 2371 1599 2410 γὰρ
1624 2373 1640 2406 ἡ
1666 2374 1714 2400 τοῦ
1733 2374 1806 2402 Θεοῦ

1009 2415 1081 2452 δόξα,
1112 2418 1157 2444 τοῦ
1186 2415 1292 2454 Πατρὸς
1318 2415 1349 2452 δὴ
1373 2415 1459 2454 λέγω,
1489 2414 1554 2454 πρὸς
1578 2415 1627 2451 τὴν
1657 2418 1702 2444 τοῦ
1725 2417 1802 2446 Υἱοῦ.

1008 2460 1076 2493 Θεὸς
1092 2462 1142 2499 ἄρα
1158 2461 1202 2489 καὶ
1219 2462 1231 2489 6
1248 2460 1318 2495 Υἱὸς,
1335 2461 1370 2493 ὡς
1394 2461 1407 2488 6
1423 2458 1532 2499 Πατὴρ,
1554 2459 1650 2499 κυρίως
1671 2461 1717 2489 καὶ
1733 2461 1803 2496 ἀλη-

1026 2506 1042 2512 μν
1083 2499 1094 2516 ’ἓ
1179 2504 1184 2515 ι
1267 2504 1305 2515 κγ*
1367 2503 1374 2514 I
1460 2504 1465 2512 ι
1490 2507 1496 2515 ρ
1543 2505 1549 2515 τ
1576 2504 1582 2513 ι
1641 2505 1647 2514 θ
1724 2506 1730 2516 3

1008 2507 1067 2537 θως.
1093 2506 1134 2534 Ων
1158 2506 1240 2543 γαρὴ
1264 2516 1324 2537 οοςα
1345 2516 1407 2542 μια,
1424 2516 1470 2533 και
1485 2516 1501 2540 η
1525 2516 1600 2533 ουσια
1617 2516 1674 2542 μια.
1696 2506 1804 2545 Αισχυ-

1007 2551 1141 2578 νέσθωσαν
1158 2549 1244 2578 τοίνυν
1270 2550 1408 2577 κάντεῦθεν
1425 2548 1564 2588 Ἀρειανοί.
1582 2550 1623 2579 Τὸ
1638 2549 1683 2584 δὲ,
1712 2563 1723 2576 ιι
1740 2548 1801 2580 Ἵνα

1007 2592 1137 2632 δοξασθῇ,
1157 2607 1168 2619 ιν
1190 2593 1226 2632 μὴ
1243 2593 1419 2631 αἰτιολογικὸν
1435 2594 1549 2632 νοήσῃς,
1567 2593 1636 2622 ἀλλὰ
1654 2595 1700 2628 τῆς
1721 2593 1802 2623 ἐκϐά-

1008 2649 1072 2671 σεως
1092 2638 1137 2667 καὶ
1163 2641 1207 2666 τοῦ
1229 2638 1455 2677 ἀποτελέσματος,
1478 2640 1513 2671 ὡς
1535 2638 1663 2671 πολλάκις
1683 2637 1801 2676 εἴπομεν.

1004 2684 1046 2713 Οὐ
1061 2682 1110 2724 γὰρ
1125 2682 1168 2711 ἵνα
1193 2682 1305 2722 δοξασθῇ
1321 2685 1334 2712 6
1355 2683 1441 2720 Θεὸς,
1463 2683 1505 2712 διὰ
1527 2685 1603 2712 τοῦτο
1626 2682 1771 2719 ἠσθένησεν
1788 2686 1801 2712 ὂ

763 2779 784 2796 ⁷³
798 2779 870 2808 Psal.
885 2788 970 2815 χειν,
986 2783 1033 2813 78;
1050 2779 1157 2814 Judith,
1173 2787 1242 2813 Mli,
1258 2783 1303 2807 25.
