1922 3077
45 176 67 202 I9
427 172 623 200 ENARRATIO
643 173 676 200 ΙΝ
695 171 819 199 EVANGI

881 172 911 200 [Μ
928 171 1078 200 JOANNIS.
1094 188 1127 193 —
1147 174 1222 201 CAP.
1243 174 1286 202 XI.
1643 179 1678 205 90

45 238 164 277 λάζαρος·
190 235 261 266 ἀλλὰ
281 234 378 271 συνέϐη
404 235 451 274 μὲν
476 235 602 274 ἑτέρωθεν
625 237 642 271 ἡ
665 233 819 275 ιπῖῤῥωστία1

881 236 1030 271 exspiraret
1061 239 1089 263 et
1116 235 1291 271 sepeliretur;
1325 244 1360 264 ne
1393 238 1452 272 quis
1475 237 1565 266 dicere
1590 239 1678 274 possit

45 282 162 322 χρήσατο
174 280 201 310 δὲ
217 283 231 310 6
246 280 344 320 Κύριος
358 282 424 320 αὐτῇ
441 281 476 313 εἰς
492 279 568 314 δόξαν
585 282 666 310 Θεοῦ.
685 294 697 307 ι
714 278 825 316 Ἔμεινε

49 327 60 356 ὲ
79 327 179 366 ἡμέρας
206 326 269 363 δύο,
283 340 295 351 υ
321 325 364 354 ἵνα
385 326 520 365 ἀποψύξῃ·
538 325 581 355 ἵνα
607 325 697 363 μηδεὶς
713 325 762 364 ἔχῃ
786 324 826 353 λέ-

45 384 85 401 νειν
96 394 104 407 ,
117 371 156 400 ὅτι
177 371 258 411 κάρος
278 366 324 406 ἦν,
340 370 381 400 ὅτι
393 370 498 403 ἔκλυσις
514 367 546 407 ἦν
556 393 564 407 ,
581 370 621 399 ὅτι
635 370 748 409 κάτοχος
764 369 826 408 ἐγέ-

46 429 102 454 ετο,
116 416 162 446 καὶ
179 417 226 445 οὒκ
242 415 366 446 ἀπέθανε.
379 415 430 445 Διὰ
446 417 524 445 τοῦτο
538 415 583 445 καὶ
595 414 689 454 χρόνον
701 417 826 444 τοσοῦτον

45 462 121 500 ιένει,
146 461 216 490 ὥστε
242 460 289 489 καὶ
314 460 412 500 φθορὰν
435 460 572 500 γενέσθαι,
596 459 642 489 καὶ
667 459 750 489 εἰπεῖν
777 459 826 495 τὴν

47 506 156 545 δελφὴν,
169 505 210 535 ὅτι
225 519 237 532 ι
252 505 318 539 ὄζει.
332 519 344 531 υ

67 565 80 578 ε
103 551 219 580 Ἔπειτα
238 549 306 586 μετὰ
330 553 406 580 τοῦτο
422 549 492 589 λέγει
509 553 562 583 τοῖς
577 551 723 587 μαθηταῖς·
739 548 826 589 Ἀγω-

112 598 119 608 Ἰ
174 595 180 606 \
222 595 243 624 ’1
281 596 292 604 κ
316 594 322 605 Ι
408 594 415 605 Ι
517 594 524 610 _I
659 595 667 604 Ί
691 596 708 602 ~

45 607 77 624 εν
98 608 133 629 εις
153 608 201 630 την
247 603 355 624 ουοαιαν
378 596 470 625 παλιν.
487 597 616 633 Λ;γουσιν
639 606 710 634 αυτῳ
725 596 749 624 οἱ
769 607 824 632 μα-

45 642 121 675 ηταί·
135 639 265 676 Ἱάϐϐεὶ,
290 642 334 668 νῦν
352 640 459 674 ἐζήτουν
478 651 507 668 σε
527 640 551 668 οἱ
563 639 685 669 Ἰουδαῖοι
699 638 824 677 λιθάσαι,

48 686 73 714 αὶ
97 686 178 715 πάλιν
195 685 303 722 ὑπάγεις
327 684 395 720 ἐκεῖ;
414 683 554 724 Ἀπεκρίθη
577 685 591 713 6
614 683 730 719 Ἰησοῦς·
753 684 824 723 Οὐχὶ

45 730 131 759 ώδεκα
147 725 216 768 ὧραί
239 731 290 758 εἶσι
310 730 357 763 τῆς
371 729 488 768 ἡμέρας
505 728 572 758 Ἐάν
591 740 630 762 τις
645 731 780 769 περιπατῇ
796 730 824 757 ἐν

45 775 181 815 ᾖῆμέρᾳ,
208 775 237 804 οὖ
262 773 442 812 προσκόπτει,
464 772 505 802 ὅτι
529 773 560 802 τὸ
583 775 637 813 φῶς
661 775 707 802 τοῦ
722 773 823 810 κόσμου

45 820 119 848 θύτου
142 818 246 858 βλέπει.
264 818 327 847 ἸἏιν
350 819 378 848 δέ
402 831 441 851 τις
462 820 596 858 περιπατῇ
620 819 646 847 ἐν
671 821 704 857 τῇ
725 818 822 854 νυκτὶ,

48 863 208 903 pmori-ret,
228 863 268 892 ὅτι
283 862 314 892 τὸ
327 865 380 902 φῶς
395 865 441 892 οὐκ
466 863 537 892 ἔστιν
552 863 578 891 ἐν
595 863 678 902 αὐτῷ,
696 877 707 889 υ
730 864 823 892 Οὐδα-

47 911 75 937 οῦ
92 908 140 946 μὲν
157 909 277 948 ἀλλαχοῦ
299 910 438 947 προεῖπεν,
454 909 520 937 ὅπου
541 907 632 945 μέλλει
648 908 822 946 πορεύεσθαι,

45 955 139 982 irai-:01
167 953 193 983 δὲ
210 953 289 990 μόνον
314 952 434 992 φαίνεται
460 953 615 992 προλέγων,
641 952 734 987 ἐπειδὴ
763 953 820 981 ἐει-

45 998 161 1027 δίχεισαν
185 997 287 1037 σφόδρα
313 997 337 1027 οἱ
361 998 480 1034 μαθηταὶ
503 997 533 1026 τὸ
556 997 592 1030 εἰς
617 997 666 1032 τὴν
689 997 822 1026 Ἰουδαίαν

45 1044 162 1072 πελθεῖν.
178 1042 230 1072 Διὰ
252 1044 330 1071 τοῦτο
345 1037 390 1071 οὖν
403 1042 542 1081 προλέγει,
559 1041 603 1070 ἵνα
625 1042 663 1080 μὴ
676 1043 715 1081 τῷ
736 1042 823 1081 ἀθρόῳ

45 1089 257 1127 εαταραχθῶσιν,
277 1087 399 1127 ἐξαίφνης
420 1087 584 1125 ἀπαγόμενοι
609 1088 644 1120 εἷς
659 1087 764 1127 χώραν,
790 1087 823 1122 ἣν

45 1126 214 1162 ἴεξοίκεισαν.
239 1132 321 1162 Ἐπεὶ
342 1126 389 1160 οἷν
410 1131 554 1171 ἐφοϐοῦντο
577 1131 623 1160 καὶ
646 1132 714 1171 ὑπὲρ
741 1132 822 1160 αὐτοῦ

46 1177 71 1206 ὲν
102 1177 196 1216 (οὔπω
229 1177 282 1215 γὰρ
315 1175 419 1206 τελείαν
448 1176 496 1211 τὴν
521 1175 582 1214 περὶ
610 1177 689 1205 αὐτοῦ
725 1178 822 1215 γνῶσιν

45 1217 95 1260 ’χον
106 1223 128 1259 ),
152 1221 183 1251 τὸ
198 1221 226 1250 δὲ
241 1221 321 1250 πλέον
338 1220 403 1260 ὑπὲρ
427 1221 544 1259 ἑαυτῶν,
561 1220 652 1261 φασὶν,
673 1219 713 1250 ὅτι
737 1235 749 1248 ι
768 1222 822 1251 Νῦν

45 1267 132 1301 ξήτουν
160 1277 190 1295 σε
207 1267 231 1294 οἱ
254 1266 376 1296 Ἰουδαῖοι
398 1266 524 1302 λιθάσαι,
547 1266 592 1294 καὶ
608 1266 689 1295 πάλιν
711 1266 822 1305 ὑπάγεις

45 1316 95 1346 ιεί;
115 1325 126 1336 ι
148 1310 183 1341 (Ο
207 1310 234 1340 δὲ
257 1310 455 1351 παραθαρῤύνει
472 1309 582 1347 αὐτοὺς,
605 1310 650 1339 καί
671 1322 763 1351 φησιν⁷
781 1311 821 1340 ὅτι

46 1357 130 1395 ὶσπερ
143 1357 158 1384 6
169 1354 198 1385 τὸ
213 1357 267 1395 φῶς
285 1355 389 1394 βλέπων
406 1357 435 1385 οὐ
446 1355 618 1395 προσπταίει,
636 1358 649 1385 6
661 1355 689 1384 δὲ
705 1357 732 1385 ἐν
747 1356 822 1385 νυκτὶ

45 1403 198 1440 εριπατῶν,
224 1401 321 1434 ἐκεῖνος
348 1399 530 1439 προσκόπτει·
560 1399 643 1433 οὕτως
671 1401 685 1429 6
711 1400 758 1438 μὲν
791 1402 822 1431 τὸ

45 1445 121 1483 γιϐὶιν
146 1446 228 1473 ποιῶν
240 1467 249 1482 ,
271 1444 317 1473 καὶ
342 1445 368 1473 ἐν
389 1448 524 1479 φωτεινοίς
540 1443 627 1484 ἔργοις
643 1447 798 1485 περιπατῶν
811 1468 820 1482 ,

45 1490 96 1518 γεέν
125 1489 247 1518 πείσεται
272 1489 371 1518 δεινόν’
403 1490 416 1518 6
449 1489 476 1518 δὲ
507 1490 541 1518 τὰ
566 1491 655 1530 φαῦλα
692 1489 821 1528 πράσσων

45 1534 144 1564 τίσεται
155 1534 250 1565 δεινόν.
267 1531 355 1563 Ὥστε
370 1535 439 1571 ὑμᾶς
458 1534 486 1563 οὐ
501 1533 553 1573 χρὴ
567 1533 722 1563 δεδοικέναι·
747 1535 820 1564 οὐδὲν

45 1585 70 1617 ip
87 1579 162 1612 ἄξιον
184 1578 297 1607 θανάτου
315 1578 475 1618 ἐπράξαμεν.
493 1578 530 1608 ἸΙ
554 1579 599 1607 καὶ
621 1578 721 1612 ἄλλως·
751 1580 783 1609 Εἰ
807 1581 820 1609 6

45 1636 50 1652 ι
73 1625 142 1663 φῶς,
163 1623 243 1663 φησὶ,
261 1622 367 1662 βλέπων
383 1625 480 1661 τοῦτο,
496 1623 524 1652 οὗ
540 1624 712 1662 προσκόπτει,
727 1625 820 1664 πολλῷ

45 1670 128 1698 ἄλλον
153 1669 168 1697 6
192 1669 251 1706 μετ’
276 1669 342 1706 ἐμοῦ
364 1666 410 1703 ὢν,
436 1667 481 1696 ἐὰν
504 1667 541 1706 μὴ
566 1668 706 1708 ἀποστήσῃ
729 1669 820 1698 ἑαυτὸν

45 1717 101 1749 ιοῦ,
118 1714 169 1742 οὐκ
191 1712 223 1741 ἂν
244 1711 394 1752 προσκόψῃ.
412 1710 501 1741 Ὥστε
523 1712 568 1741 καὶ
585 1713 660 1750 ὑμεῖς
681 1714 739 1750 μετ’
754 1714 819 1751 ἐμοῦ

45 1761 63 1786 ,ὖ
84 1758 173 1798 φωτὸς
189 1758 281 1795 ὄντες,
299 1757 387 1795 μάτην
404 1757 549 1786 δεδοίκατε.
568 1755 659 1787 Ἄλλοι
674 1758 701 1786 δὲ
716 1758 820 1798 ἡμέραν

45 1804 66 1832 ἓν
82 1806 175 1832 νοοῦσι
196 1803 240 1832 τὸν
255 1802 307 1843 πρὸ
321 1805 367 1831 τοῦ
382 1803 479 1836 πάθους
500 1802 604 1840 καιρὸν,
630 1801 712 1831 νύκτα
730 1803 757 1832 δὲ
774 1804 818 1832 τὸν

45 1851 62 1876 λῧ
85 1848 197 1881 πάθους.
225 1847 319 1884 ’Υμεῑς
340 1843 402 1884 οὖν,
427 1846 521 1887 φησὶν,
540 1846 590 1880 ἕως
616 1847 706 1886 ἡμέρα
730 1849 816 1885 ἐστὶν,

45 1893 173 1931 .υτέστιν,
189 1891 238 1924 ἕως
259 1891 334 1920 οὔπω
348 1893 362 1920 6
381 1894 427 1920 τοῦ
440 1892 539 1925 πάθους
554 1891 644 1931 καιρὸς
660 1891 766 1928 ἐνέστη,
788 1895 818 1923 οὖ

45 1938 57 1972 ἦ
69 1937 246 1977 προσκόψητε
256 1948 262 1955 ·
280 1938 310 1966 οὖ
323 1936 376 1976 γὰρ
391 1936 572 1976 διωχθήσεσθε
582 1936 645 1975 παρ’
663 1936 800 1967 Ἰουδαίων
809 1959 817 1974 ,

45 1982 79 2010 ἱτε
98 1982 168 2010 ἄλλο
191 1981 309 2015 ἀντίξουν
330 1984 391 2019 ὑμῖν
415 1981 596 2016 ἀπαντήσεται
693 1983 816 2018 ἀπαντή-

50 2039 76 2056 te
128 2026 220 2055 ⁶Οταν
245 2025 272 2055 δὲ
293 2028 310 2061 ἡ
332 2026 375 2060 νὺξ
399 2025 476 2065 ἔλθῃ,
499 2026 529 2054 τὸ
543 2027 625 2059 πάθος
648 2025 680 2062 δή
703 2038 771 2066 φημι
788 2028 818 2057 τὸ

45 2072 99 2107 ιον,
118 2070 180 2100 τότε
205 2070 236 2106 δὴ
259 2071 457 2106 συσταλήσεσθε
481 2070 527 2108 μὲν
548 2072 574 2100 ἐν
589 2071 699 2110 οἰκίσκῳ
714 2071 751 2100 ἑνὶ
775 2072 816 2101 διὰ

48 2129 60 2143 ν
82 2115 167 2155 φόϐον
183 2116 236 2143 τῶν
252 2115 402 2146 Ἰουδαίων,
425 2128 438 2142 ι
461 2113 576 2145 Ἴὶκτοτε
592 2115 619 2144 δὲ
643 2116 753 2155 θλίψεις,
773 2117 819 2146 καὶ

48 2161 121 2196 ύνας,
146 2159 194 2188 καὶ
224 2159 311 2189 πολλὰ
335 2159 533 2200 προσκόμματα
559 2159 605 2189 καὶ
631 2161 815 2198 ἐναντιώματα

879 279 953 316 quod
967 280 1090 316 gravatio
1112 281 1241 316 quaedam
1264 280 1354 314 fuerit,
1376 281 1535 317 deliquium,
1563 285 1605 311 vel
1626 291 1675 311 ex-

880 325 954 359 tasis,
978 329 1006 353 et
1026 333 1081 353 non
1109 325 1193 353 fuerit
1215 330 1348 353 mortuus.
1378 328 1412 354 Et
1431 331 1575 362 propterea
1600 332 1676 356 tanto

879 373 1004 405 tempore
1027 374 1129 404 manet,
1154 374 1185 398 ut
1213 375 1241 399 et
1267 375 1501 407 corrumperetur,
1522 372 1676 409 diceretque

879 422 958 443 soror
975 414 1063 443 illium
1075 427 1088 439 ι
1106 414 1200 444 fetere.
1218 426 1231 440 υ

913 555 1003 584 Vens.
1025 557 1102 583 7-10.
1118 564 1133 582 ι(
1150 555 1257 583 Deinde
1271 559 1333 591 post
1354 555 1407 583 hoc
1429 555 1498 583 dicit
1511 554 1653 591 discipulis
1669 567 1676 585 :

878 601 982 628 Eamus
1002 601 1029 627 in
1050 600 1176 628 Iudaeam
1201 601 1309 628 iterum.
1343 601 1443 627 Dicunt
1465 601 1490 628 ei
1513 600 1638 636 discipuli
1669 611 1676 630 :

878 644 979 677 Rabbi,
991 644 1073 672 modo
1084 645 1245 681 quierebant
1257 649 1283 672 te
1296 644 1386 673 Judaei
1397 645 1526 680 lapidare,
1539 649 1566 673 et
1578 645 1677 674 iterum

879 689 955 716 vadis
970 689 1048 717 illuc?
1062 689 1212 725 Respondit
1223 691 1320 718 Iesus:
1336 691 1432 717 Nonne
1456 689 1601 718 duodecim
1613 695 1678 718 sunt

879 733 954 762 horae
966 734 1036 762 diei?
1051 735 1074 762 si
1089 735 1152 770 quis
1165 734 1345 762 ambulaverit
1359 735 1386 762 in
1401 734 1455 767 die,
1475 742 1532 762 non
1547 734 1676 770 olTeudit,

879 779 940 815 quia
954 779 1042 806 lucem
1055 779 1138 815 hujus
1157 779 1253 807 mundi
1266 779 1345 807 videt.
1358 779 1386 806 Si
1400 779 1462 815 quis
1475 783 1566 807 autem
1581 780 1678 808 ambu-

878 823 976 851 laverit
994 823 1021 851 in
1036 829 1129 857 nocte,
1149 823 1277 856 offendit.
1290 823 1355 860 quia
1374 824 1417 851 lux
1431 831 1487 851 non
1503 828 1543 851 est
1558 825 1585 852 iu
1600 832 1643 852 eo.
1659 834 1674 850 ι

878 870 1023 904 Nusquam
1043 869 1097 896 alio
1121 868 1182 896 loco
1203 869 1327 904 praedicit
1350 877 1405 904 quo
1429 869 1465 896 sit
1488 867 1675 904 profecturus;

878 913 923 941 hic
942 917 1032 941 autem
1051 913 1140 940 solum
1164 913 1312 948 praedicere
1334 913 1452 946 videtur,
1472 914 1534 948 quia
1555 914 1632 941 valde
1648 914 1678 941 ti-

878 958 992 985 mebant
1012 957 1136 993 discipuli
1158 958 1185 985 in
1199 957 1324 986 Judznam
1340 958 1388 985 ire.
1413 959 1447 985 Et
1459 958 1560 986 idcirco
1576 958 1676 994 praedi-

878 1002 924 1035 cit,
939 1006 970 1030 ut
994 1010 1028 1030 ne
1041 1002 1185 1037 repentina
1200 1003 1319 1030 abilioue
1338 1002 1495 1036 turbentur,
1509 1003 1531 1030 si
1553 1002 1674 1031 abduce-

878 1051 973 1075 rentur
1002 1046 1032 1074 in
1060 1046 1201 1081 regionem
1229 1055 1312 1082 quam
1334 1046 1477 1074 timebant.
1504 1047 1591 1082 Igitur
1613 1047 1675 1083 quia

877 1091 1015 1119 timebant
1029 1095 1058 1119 et
1082 1091 1192 1119 Christo
1207 1091 1319 1127 quidem
1335 1091 1468 1123 (nondum
1492 1092 1566 1119 enim
1586 1092 1674 1127 perfe-

876 1140 950 1164 ctam
966 1136 1002 1164 de
1016 1136 1075 1172 ipso
1096 1137 1283 1171 cognitionem
1304 1137 1463 1170 habebant),
1486 1136 1574 1164 multo
1588 1137 1677 1172 magis

877 1185 969 1208 autem
983 1181 1116 1216 sibiipsis,
1128 1181 1231 1215 dicunt,
1249 1192 1262 1204 ι
1282 1181 1364 1208 Modo
1379 1181 1538 1217 quatrebant
1551 1186 1578 1209 te
1587 1181 1675 1210 Judzei

877 1225 1007 1261 lapidare,
1034 1229 1062 1252 et
1087 1225 1186 1253 iterum
1207 1225 1283 1253 vadis
1301 1226 1383 1253 illuc?
1409 1238 1421 1250 ι
1442 1228 1478 1253 At
1501 1225 1557 1261 ipse
1572 1226 1676 1254 animat

877 1270 939 1298 illos
956 1275 984 1298 et
998 1270 1063 1298 dicit
1087 1279 1094 1297 :
1107 1270 1183 1297 Sicut
1196 1270 1242 1305 qui
1259 1270 1333 1298 videt
1354 1270 1454 1304 lucem,
1468 1278 1525 1298 non
1539 1270 1674 1305 ofTeudit;

876 1315 922 1351 qui
945 1319 1041 1342 autem
1058 1315 1086 1342 in
1106 1319 1187 1342 nocte
1207 1315 1341 1349 ambulat,
1366 1315 1412 1342 ille
1436 1314 1552 1343 offendit
1573 1325 1580 1343 :
1598 1316 1634 1342 ita
1648 1319 1676 1343 et

876 1359 923 1395 qui
944 1359 1048 1387 bonum
1072 1359 1149 1392 facit,
1169 1364 1197 1388 et
1217 1360 1246 1386 in
1266 1359 1364 1387 lucidis
1383 1359 1513 1394 operibus
1540 1360 1674 1394 ambulat,

876 1404 940 1432 nihil
953 1412 1032 1440 grave
1041 1404 1210 1440 experietur;
1222 1404 1269 1440 qui
1281 1408 1371 1431 autem
1380 1404 1451 1431 mala
1463 1403 1537 1438 facit,
1549 1404 1674 1440 patietur.

876 1450 911 1476 Et
925 1449 963 1476 ita
978 1456 1034 1476 non
1048 1453 1157 1484 oportet
1171 1456 1219 1476 vos
1232 1449 1407 1476 meticulosos
1421 1456 1489 1476 esse.
1507 1449 1577 1476 Nihil
1593 1449 1669 1476 enim

876 1497 966 1521 morte
977 1493 1089 1527 dignum
1103 1493 1226 1521 fecimus.
1246 1493 1293 1520 Vel
1308 1493 1390 1521 etiam
1405 1493 1483 1520 aliter
1503 1503 1510 1521 :
1531 1494 1559 1521 Si
1580 1493 1602 1520 is
1623 1493 1673 1529 qui

877 1538 949 1566 videt
973 1538 1066 1566 lumen
1084 1537 1148 1571 hoc,
1163 1546 1218 1566 non
1240 1537 1356 1566 offendit
1382 1547 1389 1565 :
1411 1538 1499 1566 multo
1519 1538 1608 1573 magis
1626 1538 1673 1574 qui

877 1590 985 1610 mecum
996 1587 1047 1616 est,
1060 1582 1110 1610 nisi
1121 1590 1136 1610 a
1150 1589 1193 1610 me
1205 1581 1347 1616 defecerit,
1371 1590 1427 1609 nou
1439 1582 1566 1610 offendit.
1582 1585 1674 1618 Atque

874 1626 910 1654 ita
927 1627 1010 1654 etiam
1024 1634 1072 1654 vos
1086 1635 1150 1654 cum
1169 1626 1229 1654 sitis
1249 1634 1371 1659 mecum,
1385 1626 1431 1662 qui
1450 1627 1543 1654 lumen
1559 1634 1622 1654 sum
1640 1626 1673 1661 ⁷⁸,

876 1670 975 1699 frustra
989 1671 1102 1699 timetis.
1118 1671 1173 1698 Alii
1190 1675 1284 1698 autem
1297 1671 1371 1699 diem
1394 1671 1506 1707 quidem
1522 1671 1674 1707 intelligunt

874 1720 984 1751 tempus
995 1721 1057 1743 ante
1071 1717 1235 1751 passionem,
1245 1720 1355 1743 noctem
1368 1724 1431 1743 vero
1444 1720 1554 1751 tempus
1570 1716 1672 1751 passio-

874 1760 926 1788 nis.
951 1762 1007 1788 Vos
1022 1760 1115 1795 igitur,
1131 1760 1231 1796 inquit,
1256 1760 1377 1796 quandiu
1396 1760 1455 1788 dies
1474 1764 1525 1794 est,
1552 1759 1604 1788 hoc
1619 1763 1670 1794 est,

873 1805 994 1841 quandiu
1002 1804 1126 1832 nondum
1139 1805 1223 1832 instat
1235 1809 1343 1840 tempus
1355 1805 1501 1840 passionis,
1515 1813 1570 1832 non
1581 1805 1672 1832 offen-

873 1849 953 1877 detis.
975 1850 1037 1877 Non
1053 1850 1127 1877 enim
1143 1850 1359 1885 persecutionem
1375 1849 1515 1884 patiemini
1529 1858 1544 1876 a
1558 1850 1671 1882 Iudaeis,

874 1901 961 1930 neque
981 1893 1056 1921 aliud
1080 1893 1145 1929 quid
1157 1901 1238 1929 grave
1257 1893 1364 1920 eveniet
1380 1893 1468 1921 vobis.
1484 1895 1555 1921 Cum
1579 1898 1672 1922 autem

872 1947 929 1966 nox
942 1938 1056 1970 venerit,
1071 1938 1160 1973 passio
1178 1938 1292 1973 inquam
1308 1945 1381 1970 mea,
1396 1942 1462 1965 tunc
1484 1942 1557 1965 certe
1573 1946 1672 1974 pavore

873 1982 1075 2011 contrahemini
1098 1982 1221 2018 quidem,
1250 1982 1278 2009 in
1297 1989 1381 2009 unam
1404 1982 1602 2010 domunculam
1624 1990 1672 2010 vos

872 2028 1035 2064 recipientes
1046 2031 1156 2063 propter
1165 2032 1269 2054 metum
1279 2026 1450 2054 Judazorum.
1461 2038 1474 2051 α
1485 2028 1522 2054 Ex
1532 2035 1565 2054 eo
1576 2031 1671 2055 autem

872 2077 996 2108 tempore
1007 2072 1168 2100 aiflietiones
1180 2076 1208 2099 et
1218 2072 1418 2106 tribulationes,
1438 2076 1465 2100 et
1474 2072 1560 2099 multa
1579 2071 1670 2099 offen-

872 2117 961 2145 dicula
985 2121 1012 2145 et
1026 2117 1201 2144 adversitates
1225 2116 1358 2145 habebitis
1377 2115 1398 2133 ’⁷⁷
1420 2125 1428 2144 :
1455 2129 1467 2141 υ
1483 2125 1546 2144 cum
1562 2125 1611 2153 ego
1624 2116 1672 2152 qui

871 2162 917 2190 lux
931 2170 1004 2195 sum,
1016 2170 1072 2190 non
1085 2162 1155 2189 ultra
1171 2162 1314 2189 vobiscum
1329 2161 1508 2197 corporaliter
1522 2169 1671 2190 conversa-

46 2217 105 2242 ετε,
119 2216 135 2233 n
155 2204 199 2233 ὅτι
212 2205 259 2233 οὐχ
274 2203 312 2233 ἔτι
326 2204 379 2243 ἐγὼ
394 2204 423 2233 τὸ
435 2206 488 2244 φῶς
504 2205 561 2241 μεθ’
572 2206 646 2243 ὑμῶν
662 2207 819 2242 σωματικῶς

881 2207 936 2241 bor,
953 2211 1065 2235 noctem
1075 2206 1258 2234 afﬂictiouum
1275 2206 1420 2235 habebitis.

45 2249 169 2284 ι-ιδιάξω,
185 2248 254 2289 ἀλλὰ
269 2248 350 2278 νύκτα
365 2249 413 2285 τὴν
428 2251 483 2278 τῶν
497 2249 613 2289 θλίψεων
627 2249 710 2284 ἕξετε.

59 2306 74 2322 ιι
97 2295 197 2324 Ταῦτα
214 2287 285 2328 εἶπε,
302 2293 346 2323 καὶ
369 2293 438 2332 μετὰ
459 2297 535 2323 τοῦτο
549 2293 620 2332 λέγει
642 2295 745 2328 αὐτοῖς·
761 2294 816 2324 Λά-

50 2351 93 2377 ρος
116 2340 131 2367 ὁ
153 2339 228 2378 φίλος
247 2339 324 2375 ἡμῶν
348 2338 524 2376 κεκοίμηται,
552 2338 621 2368 ἀλλὰ
649 2339 816 2378 πορεύομαι,

45 2396 58 2412 z
82 2383 218 2417 ἐξυπνίσω
243 2381 329 2412 αὐτόν.
350 2378 434 2412 Εἶπον
458 2378 502 2413 οἷν
527 2384 551 2412 οἱ
585 2383 703 2422 μαθηταὶ
727 2385 816 2425 αὐτῷ·

45 2428 112 2467 ύριε,
126 2429 151 2457 εἰ
166 2427 344 2465 κεκοίμηται,
366 2427 525 2463 σωθήσεται.
553 2429 664 2467 Εἶρήκει
681 2428 709 2457 δὲ
723 2430 736 2458 6
756 2429 815 2464 Ἰη-

46 2476 72 2506 ἰς
89 2473 153 2512 περὶ
178 2475 226 2501 τοῦ
244 2472 356 2501 θανάτου
371 2473 470 2509 αὐτοῦ,
485 2473 580 2502 ἐκεῖνοι
595 2473 622 2501 δὲ
647 2473 749 2511 ἔδοξαν,
775 2474 815 2503 ὅτι

50 2518 74 2555 ρὶ
95 2520 144 2552 τῆς
159 2515 312 2554 κοιμήσεως
328 2519 372 2546 τοῦ
389 2516 470 2547 ὕπνου
491 2517 573 2556 λέγει.
590 2517 658 2547 Τότε
675 2513 720 2547 οὖν
742 2512 815 2548 εἶπεν

45 2566 102 2595 ητοῐς
125 2563 140 2591 6
165 2561 269 2596 Ἰησοῦς
294 2561 446 2602 παρρησία·
474 2563 598 2602 Λάζαρος
622 2562 749 2601 ἀπέθανε,
770 2563 815 2593 καὶ

45 2607 101 2647 ιίρω
117 2608 154 2636 δι’
170 2608 250 2644 ὑμᾶς,
275 2604 320 2634 ἵνα
335 2606 505 2643 πιστεύσητε,
530 2607 568 2635 ὅτι
583 2607 630 2636 οὐκ
653 2607 726 2645 ἤμην
747 2608 812 2638 ἐκεῖ.

45 2651 83 2680 λλ¹
107 2652 219 2690 ἄγωμεν
234 2650 300 2691 πρὸς
314 2650 405 2680 αὐτόν.
426 2646 507 2681 Εἶπεν
522 2646 568 2681 οὖν
588 2654 690 2690 Θωμᾶς
705 2654 718 2681 ὁ
733 2652 812 2692 λεγό-

45 2708 88 2729 ηνος
126 2697 245 2734 Δίδυμος
282 2697 338 2729 τοῖς
377 2698 579 2734 συμμαθηταῐςο
608 2695 729 2735 Ἄγωμεν
768 2697 814 2727 καὶ

45 2745 102 2778 ιεῖς,
117 2741 162 2770 ἵνα
177 2741 358 2779 ἀποθάνωμεν
373 2741 431 2778 μετ’
447 2741 540 2772 αὐτοῦ.
554 2752 568 2770 n
589 2741 704 2778 Ἐπειδὴ
719 2743 812 2772 ἐκεῖνοι

50 2835 70 2851 τε
82 2836 163 2864 Joan.
179 2843 202 2870 ι,
218 2838 244 2864 9.
285 2834 314 2870 ,⁷⁷
328 2834 410 2862 Joan.
427 2841 493 2869 χιιι,
509 2838 552 2863 33.

909 2298 1000 2325 Vens.
1028 2299 1121 2324 il-l6.
1149 2307 1163 2321 ι
1194 2297 1263 2324 Haec
1285 2297 1334 2329 ait,
1362 2300 1391 2324 et
1417 2301 1480 2332 post
1506 2296 1590 2332 657
1613 2296 1671 2325 hazc

872 2341 938 2370 dicit
955 2342 995 2369 eis
1020 2350 1027 2369 :
1042 2341 1162 2368 Lazarus
1176 2341 1284 2368 amicus
1296 2345 1388 2368 noster
1404 2341 1518 2374 dormit,
1538 2341 1586 2369 sed
1602 2341 1672 2370 vado

873 2390 902 2414 ut
922 2394 937 2414 ιι
952 2394 1052 2414 somno
1067 2385 1182 2414 excitem
1198 2385 1287 2413 illum.
1310 2387 1445 2413 Dixerunt
1460 2394 1524 2422 ergo
1545 2385 1670 2422 discipuli

871 2430 947 2466 ejus:
962 2430 1093 2462 Domine,
1109 2430 1132 2457 si
1147 2430 1259 2464 dormit,
1274 2430 1365 2457 salvus
1379 2430 1438 2457 erit.
1454 2431 1567 2458 Dixerat
1576 2435 1670 2458 autem

870 2476 950 2503 Jesus
976 2475 1010 2503 de
1035 2479 1124 2502 morte
1149 2475 1231 2511 ejus:
1256 2479 1284 2502 et
1310 2474 1349 2502 illi
1366 2479 1528 2510 putaverunt
1546 2475 1621 2512 quod
1636 2476 1671 2504 de

871 2520 1039 2548 dormitione
1063 2519 1153 2547 somni
1176 2519 1286 2547 diceret.
1303 2520 1383 2547 Tunc
1407 2527 1472 2556 ergo
1495 2521 1576 2547 Jesus
1601 2520 1670 2547 dixit

870 2565 909 2593 eis
921 2564 1065 2593 manifeste
1082 2573 1088 2592 :
1102 2565 1218 2592 Lazarus
1231 2568 1358 2592 mortuus
1371 2569 1422 2598 est,
1437 2569 1464 2592 et
1475 2565 1580 2600 gaudeo
1603 2571 1669 2600 pro—

870 2615 931 2646 pter
952 2617 1011 2643 vos,
1034 2613 1064 2637 ut
1084 2609 1211 2642 credatis,
1235 2608 1309 2644 quod
1335 2617 1390 2636 non
1414 2609 1516 2636 fuerim
1544 2609 1595 2641 ibi;
1621 2608 1669 2636 sed

869 2662 965 2682 eamus
990 2654 1024 2682 ad
1053 2661 1126 2681 eum.
1156 2653 1234 2681 Dixit
1257 2661 1322 2689 ergo
1349 2653 1470 2681 Thomas
1495 2653 1542 2689 qui
1568 2652 1670 2679 dicitur

868 2699 1005 2736 Didymus
1017 2698 1052 2726 ad
1065 2698 1267 2734 condiscipulos
1279 2708 1285 2726 ι
1300 2699 1403 2726 Eamus
1412 2703 1439 2725 et
1452 2705 1510 2731 nos,
1526 2701 1556 2724 ut
1567 2697 1668 2724 moria-

868 2752 931 2773 mur
944 2751 1009 2772 cum
1028 2751 1069 2772 eo.
1084 2753 1098 2769 »
1128 2743 1268 2778 Quoniam
1289 2743 1326 2770 illi
1342 2742 1558 2771 formidaverant
1584 2741 1623 2768 ire
1641 2741 1668 2768 in
