1922 3077
73 177 103 205 81
475 176 672 205 ENARRATIO
692 178 724 205 IN
743 177 957 206 EVANGELlUM
974 177 1123 205 JOANNlS.
1143 192 1178 196 —
1197 177 1272 204 CAP.
1294 178 1323 204 Χ.
1689 178 1724 205 82

73 242 169 279 αὐτὸν,
195 244 230 276 ὧς
252 241 316 272 Υἱὸν
331 243 402 272 Θεοῦ
425 241 518 271 ἑαυτὸν
537 245 673 274 ποιοῦντα.
710 243 780 273 Ἀλλ’
802 244 867 281 ἐρω-

925 242 1016 270 nullus
1030 247 1121 278 potest
1139 242 1173 270 de
1187 249 1273 270 manu
1288 242 1385 275 Patris,
1407 242 1532 277 decipere
1544 247 1638 270 autem
1652 242 1723 270 mul-

72 287 177 322 τῆσειεν
193 288 225 316 ἄν
247 299 300 320 τις·
325 288 389 320 Πῶς
413 282 484 316 εἶπεν
505 289 519 316 6
542 288 653 326 Κύριος,
678 287 717 317 ὅτι
740 302 752 314 ι
774 288 870 322 Οὐδεὶς

72 331 189 371 ἁρπάσει
219 331 287 360 αὐτὰ
315 331 343 360 ἔκ
371 333 418 367 τῆς
439 331 527 371 χειρὸς
553 335 598 360 τοῦ
627 333 731 372 Πατρός
766 344 831 370 μου,
859 346 870 358 ι

71 375 159 406 καίτοι
181 388 212 414 γε
231 376 343 410 πολλοὺς
357 377 460 415 δρῶμεν
477 377 689 414 ἀπολλυμένους,
707 376 802 407 Ἔστιν
825 373 869 406 οὖν

73 421 165 456 εἰπεῖν,
190 419 230 450 ὅτι
251 420 373 460 ἁρπάσαι
393 419 441 458 μὲν
458 421 543 454 οὐδεὶς
568 421 678 450 δύναται
694 423 724 451 ἐκ
736 424 784 457 ἧς
809 433 869 461 χει-

73 465 115 504 ρὸς
133 467 179 495 τοῦ
197 465 314 505 Πατρὸς,
335 467 474 500 ἀπατῆσαι
499 465 525 495 δὲ
549 466 652 495 πολλοί.
679 467 728 507 Βία
750 467 798 505 μὲν
818 466 870 506 γὰρ

71 510 116 538 καὶ
146 510 279 550 τυραννίδι
308 510 465 539 ἀποσπάσαι
500 510 583 543 οὐδεὶς
612 510 698 550 ἰσχύει
727 513 757 541 ἐκ
788 512 869 545 Θεοῦ,

71 554 164 594 ἀπάτῃ
192 554 220 584 δὲ
249 557 309 584 καθ’
335 554 452 590 ἑκάστην
480 555 717 593 ὓποσκιλιζόμεθα.
746 557 810 589 Πῶς
841 556 870 585 δέ

70 610 151 639 φησι·
179 613 191 626 ι
218 599 261 629 Τὰ
291 599 414 639 πρόϐατά
438 611 489 637 μου
518 600 577 637 ἐμοὶ
604 601 792 636 ἀκολουθοῦσι,
823 600 869 629 καὶ

71 645 100 673 οὗ
137 642 175 681 μὴ
209 643 377 680 ἀπόλωνται,
410 658 422 669 ιι
452 645 554 683 ὁρῶμεν
587 643 654 684 γὰρ,
694 644 734 674 ὅτι
770 644 870 678 Ἰούδας

72 689 208 718 ἀπώλετο.
225 688 305 717 Ἀλλὰ
325 688 367 717 διὰ
389 691 466 718 τοῦτο
492 689 631 724 ἀπώλετο,
648 689 713 718 διότι
736 690 783 719 οὐκ
806 691 870 724 ἠκο-

69 732 209 769 λούθησεν,
222 732 280 762 οὐδὲ
300 733 434 772 πρόϐατον
450 732 552 770 ἔμεινεν
567 734 631 773 ἄχρι
647 735 748 766 τέλους.
791 733 826 764 Ὀ
842 733 868 763 δὲ

71 778 188 816 Χριστὸς
217 777 279 818 περὶ
305 779 357 806 τῶν
380 777 614 813 ἀκολουθησάντων
635 779 706 818 αὖτῷ
727 778 772 808 xui
802 789 868 818 προ-

71 821 161 851 ϐάτων
187 821 278 858 ὄντων,
303 822 394 862 φησὶν,
421 822 461 851 ὅτι
485 835 496 849 ι
530 823 571 852 Ού
598 822 636 861 μὴ
664 823 828 857 ἀπόλωνται,
856 836 867 848 ν

71 866 133 896 ἐπεί
150 878 180 906 γε
196 867 240 896 ἐάν
262 878 301 899 τις
321 867 444 906 ἀποπέσῃ
469 868 515 901 τῆς
530 868 581 896 τῶν
596 867 739 906 προϐάτων
763 867 868 903 τάξεως,

70 911 117 941 xui
145 913 192 941 τοῦ
221 911 371 940 ἀκολουθεῖν
400 913 438 951 τῷ
463 911 583 950 ποιμένι,
618 911 691 945 εὐθὺς
718 912 850 949 ἀπόληται
926 912 1105 953 ἄπόλλυται],

925 287 954 315 ti.
967 289 1038 315 Nam
1054 288 1079 314 vi
1094 287 1214 323 quadam
1235 291 1261 314 et
1276 286 1420 322 tyrannide
1442 287 1534 314 nullus
1546 290 1637 322 potest
1649 287 1723 315 avel-

925 332 980 360 lere
1003 340 1019 360 τι
1033 331 1117 368 652
1134 333 1206 364 Deo,
1227 331 1388 367 deceptione
1402 335 1495 359 autem
1511 332 1633 366 quotidie
1656 339 1722 367 sup-

924 376 1091 412 plantamur.
1106 375 1253 412 Quomodo
1268 379 1362 403 autem
1381 375 1462 409 dixit,
1479 386 1492 400 ι
1509 376 1577 403 Oves
1593 384 1661 404 mea:
1675 384 1722 404 me

923 425 1088 456 sequuntur,
1102 425 1129 448 et
1152 429 1208 448 non
1231 421 1367 456 pereunt?
1385 432 1396 444 ι
1411 420 1537 448 videmus
1550 420 1625 448 enim
1644 419 1720 456 quod

923 465 1010 493 Judas
1034 465 1152 501 perierit.
1168 464 1222 493 Sed
1244 469 1358 501 propter
1384 464 1438 492 hoc
1462 465 1553 500 periit,
1579 464 1644 500 quia
1662 472 1718 492 non

924 514 1034 538 secutus
1057 514 1108 543 est,
1136 517 1224 546 neque
1242 510 1301 538 OVlS
1329 509 1431 537 mansit
1456 517 1542 545 usque
1564 508 1598 536 ad
1625 509 1719 537 linem.

924 555 1064 582 Dominus
1082 554 1117 582 de
1132 555 1165 582 iis
1187 554 1235 590 qui
1258 554 1345 582 secuti
1360 558 1426 582 sunt
1440 562 1504 582 eum
1519 556 1547 581 et
1565 561 1630 581 oves
1644 558 1721 588 sunt,

924 599 1028 635 inquit,
1049 611 1061 624 ιι
1079 601 1141 627 Non
1166 603 1288 634 pereunt.
1317 610 1329 623 ιι
1345 598 1426 633 Quod
1453 599 1476 626 si
1492 599 1554 634 quis
1575 606 1608 626 ex
1623 598 1721 627 ordine

923 644 1017 671 ovium
1038 643 1179 676 exciderit,
1203 648 1230 671 et
1252 651 1308 671 non
1332 648 1442 671 secutus
1463 642 1547 670 fuerit
1571 647 1721 679 pastorem,

923 689 1016 716 statim
1035 689 1112 725 perit.
1131 689 1228 717 Utaris
1243 692 1334 716 autem
1347 692 1374 716 et
1394 687 1447 716 hoc
1461 687 1495 715 de
1509 687 1580 715 Juda
1595 689 1722 724 exemplo

918 737 1015 761 contra
1036 733 1213 761 Manichaeos.
1231 733 1340 760 Etenim
1363 741 1428 761 cum
1444 733 1488 760 ille
1508 737 1621 760 sanctus
1649 737 1723 761 esset

922 782 949 805 et
972 778 1032 805 ovis
1046 778 1108 812 Dei,
1133 778 1243 814 propria
1258 778 1399 806 voluntate
1423 786 1456 805 ac
1478 786 1526 805 sua
1553 781 1649 813 sponte
1671 785 1721 806 ex-

922 822 995 850 cidit.
1024 824 1086 850 Non
1107 823 1191 859 igitur
1211 827 1309 850 natura
1323 826 1389 850 sunt
1416 822 1488 850 mala
1504 826 1553 850 aut
1567 822 1649 857 bona,
1672 821 1722 851 sed

923 867 1063 895 voluntate
1077 872 1104 896 et
1117 868 1327 896 constituuntur
1341 872 1369 895 et
1382 867 1537 895 solvuntur.

1164 913 1260 952 Χρήσῃ
1284 913 1310 942 δὲ
1334 913 1379 942 xui
1400 913 1468 942 κατᾶ
1487 914 1539 942 τῶν
1562 913 1721 952 Μανιχαίων

70 958 108 995 τῷ
130 956 190 996 περὶ
215 955 258 984 τὸν
278 955 381 985 Ἰούδαν
401 956 543 994 συμϐάντι.
569 956 623 987 Καὶ
651 957 703 996 γὰρ
728 953 810 993 οὗτος,
833 956 906 997 ἅγιος
921 956 965 995 [ὢν
1002 957 1049 986 xui
1078 958 1211 998 πρόϐατον
1243 958 1326 993 Θεοῦ,
1365 957 1510 994 ἀπέπεσεν,
1539 957 1722 997 ἑθελότριπτος

71 1001 174 1036 δηλαδὴ
194 999 248 1037 ὢν,
265 999 310 1029 xui
323 1001 483 1040 αὐθαιρέτως
504 1001 633 1032 ἐκπεσών.

70 1045 242 1075 συνίστανται
257 1045 302 1074 καὶ
317 1045 432 1076 λύονται.

677 1002 737 1031 Οὐκ
759 1001 811 1042 ἄρα
833 1001 908 1040 φύσει
931 1001 982 1031 εἰσὶ
1010 1001 1044 1031 τὰ
1071 1002 1158 1041 κακὰ,
1180 1002 1197 1038 ἢ
1223 1003 1255 1032 τὰ
1272 1001 1372 1041 ἀγαθὰ,
1399 1002 1468 1032 ἀλλὰ
1496 1001 1648 1041 προαιρέσει
1676 1002 1722 1031 xui

111 1103 126 1116 ι
149 1089 324 1120 Ἐϐἄστασαν
350 1085 394 1120 οὖν
417 1091 499 1120 πάλιν
519 1090 606 1124 λίθους
623 1092 648 1121 οἱ
665 1089 801 1130 Ἰουδαῖοι,
826 1089 867 1119 ἵνα

960 1097 1050 1124 Vsus.
1067 1098 1163 1124 31-36.
1181 1107 1194 1120 σι
1218 1096 1393 1124 Sustulerunt
1407 1103 1472 1131 ergo
1492 1103 1603 1123 rursum
1618 1095 1720 1130 lapides

69 1135 217 1165 λιθάσωσιν
259 1135 350 1165 αὐτόν.
389 1135 530 1175 Ἀπεκρίθη
577 1137 666 1170 αὐτοῖς
699 1139 714 1166 6
751 1136 866 1173 Ἰησοῦς·

70 1181 166 1210 Πολλὰ
181 1180 252 1210 καλᾶ
273 1180 336 1219 ἔργα
362 1179 448 1214 ἔδειξα
469 1181 531 1218 ὑμῖν
555 1182 584 1210 ἐκ
605 1184 651 1210 τοῦ
679 1181 783 1220 Πατρός
806 1193 868 1220 μου,

70 1225 115 1255 διὰ
148 1230 223 1255 ποῖον
263 1225 350 1254 αὐτῶν
389 1225 463 1265 ἔργον
491 1226 610 1260 λιθάζετέ
639 1238 688 1264 με,
714 1225 868 1265 Ἀπεκρίθη-

69 1282 122 1300 σαν
143 1271 214 1310 αὖτῷ
239 1270 263 1298 οἱ
280 1269 416 1306 Ἰουδαῖοι,
441 1269 575 1308 λέγοντεςο
596 1270 664 1309 Περὶ
690 1272 771 1300 καλοῦ
791 1269 868 1310 ἔργου

69 1316 100 1344 οὖ
116 1313 258 1353 λιθάζομέν
275 1326 320 1353 σε,
341 1314 410 1343 ἀλλὰ
427 1314 488 1354 περὶ
511 1315 693 1353 βλασφημίας,
710 1315 750 1344 ὅτι
762 1314 807 1353 σὺ,
823 1314 868 1343 ἄν·

67 1362 173 1399 θρωπος
189 1359 242 1396 ὢν,
257 1361 340 1392 ποιεῖς
355 1359 464 1389 σεαυτὸν
485 1358 568 1389 Θεόν.
615 1360 752 1399 Ἀπεκρίθη
781 1359 868 1392 αὐτοῖς

67 1405 82 1432 6
111 1404 228 1439 Ἰησοῦς·
265 1404 324 1434 Οὖκ
357 1403 412 1432 ἔστι
443 1403 626 1443 γεγραμμένον
657 1406 684 1434 ἐν
721 1406 759 1445 τῷ
794 1403 867 1444 νόμῳ

67 1450 154 1487 ὗμῶν·
173 1447 245 1487 Ἐγὼ
261 1443 337 1485 εἶπα,
360 1447 425 1477 Θεοί
439 1449 513 1484 ἐστε;
535 1449 568 1478 Εἰ
583 1448 696 1482 ἐκείνους
712 1443 769 1478 εἶπε
785 1443 866 1484 θεοὺς,

67 1493 133 1532 πρὸς
155 1492 198 1526 οὒς
219 1495 233 1522 6
247 1493 322 1531 λόγος
342 1494 388 1521 τοῦ
413 1494 483 1522 Θεοῦ
504 1491 624 1531 ἐγένετο,
645 1493 691 1522 καὶ
711 1494 740 1523 οὖ
759 1493 868 1522 δύναται

67 1539 180 1573 λυθῆναι
207 1539 224 1573 ἡ
254 1537 362 1578 Γραφή·
387 1536 414 1565 ὃν
441 1538 454 1566 6
481 1537 577 1576 Πατὴρ
608 1539 715 1575 ἡγίασε,
740 1537 786 1567 καὶ
816 1539 868 1566 ἀπ-

68 1582 186 1611 έστειλεν
203 1583 239 1615 εἷς
259 1583 302 1612 τὸν
317 1582 432 1619 κόσμον,
450 1583 525 1619 δμεῖς
551 1582 656 1620 λέγετε,
675 1582 714 1611 ὅτι
735 1584 867 1622 Βλασφη-

68 1627 142 1666 μεῖς,
159 1627 198 1657 ὅτι
216 1622 302 1657 εἶπον·
327 1627 390 1660 Υἱὸς
413 1630 458 1656 τοῦ
476 1628 547 1657 Θεοῦ
571 1628 641 1665 εἰμι;
663 1641 674 1653 ι
689 1627 803 1663 Ἐπειδὴ
828 1622 866 1657 εἷ-

67 1684 128 1707 πεν,
146 1671 187 1701 ὅτι
210 1686 221 1699 ι
249 1671 322 1710 Ἐγὼ
345 1672 392 1701 καὶ
406 1673 420 1700 6
444 1671 540 1711 Πατὴρ
556 1671 582 1701 ἔν
599 1674 680 1710 ἐσμεν
704 1686 716 1699 ι
730 1673 801 1702 κατὰ
818 1672 866 1708 τὴν

68 1716 186 1751 ἐξουσίαν
213 1716 319 1750 πάντως
341 1716 388 1746 xui
409 1715 457 1752 τὴν
487 1716 609 1755 δύναμιν,
641 1717 686 1746 καὶ
702 1717 781 1751 ἔδειξε
805 1716 867 1755 μίαν

67 1756 150 1791 οὖσαν
171 1760 219 1796 τὴν
242 1763 321 1801 χεῖρα
337 1764 383 1790 τοῦ
407 1760 514 1800 Πατρὸς
529 1761 574 1790 xui
596 1761 643 1796 τὴν
663 1763 767 1798 ἑαυτοῦ,
786 1763 868 1800 βλασ-

68 1806 171 1846 φημίαν
194 1805 224 1835 τὸ
250 1810 363 1846 πρᾶγμα
377 1805 501 1844 ἐνόμισαν
521 1806 547 1834 οἱ
566 1805 702 1842 Ἰουδαῖοι,
721 1806 767 1836 καὶ
781 1806 867 1841 λίθους

71 1845 229 1890 βάλλουσιν,
255 1852 291 1884 ὡς
311 1845 373 1879 ἶσον
402 1850 494 1879 ἑαυτὸν
516 1853 642 1880 ποιοῦντα
671 1853 710 1891 τῷ
737 1852 810 1887 Θεῷ.
832 1850 866 1881 Ὁ

68 1895 155 1924 τοίνυν
183 1895 278 1934 Κύριος
305 1894 438 1934 ἐντρέπων
465 1894 574 1932 αὐτοὺς,
599 1894 645 1924 καὶ
672 1894 798 1924 δεικνύων
827 1896 868 1925 ὅτι

69 1939 194 1978 οὐδεμίαν
210 1939 298 1969 αἰτίαν
323 1939 432 1977 εὔλογον
457 1940 547 1979 ἔχουσι
563 1942 609 1975 τῆς
631 1941 690 1969 κατ’
715 1941 794 1970 αὐτοῦ
812 1953 866 1978 μα·

69 1985 141 2021 νίας,
161 1984 232 2013 ἀ)λᾶι
260 1984 348 2022 μάτην
376 1986 516 2020 λυττῶσιν,
545 1984 744 2022 ἀναμιμνήσκει
772 1984 867 2018 αὐτοὺς

68 2031 119 2058 τῶν
132 2030 196 2068 παρ’
213 2029 293 2058 αὐτοῦ
309 2029 493 2068 γεγενημένοιν
509 2030 663 2067 θαυμάτων,
675 2029 730 2065 καὶ,
746 2043 758 2055 α
772 2030 866 2060 Πολλὰ

67 2073 139 2102 καλὰ
160 2073 236 2112 ἔργα,
259 2073 357 2113 φησὶν,
375 2073 541 2111 ἐνεδειξάμην
566 2076 641 2112 ὑμῖν,
659 2074 702 2103 διὰ
718 2078 792 2104 ποῖον
820 2075 868 2103 αὖ·

67 2120 120 2147 τῶν
135 2118 254 2152 λιθάζετε
270 2129 319 2155 με;
339 2132 350 2144 -
365 2119 400 2147 Οἱ
416 2117 460 2154 δὲ,
473 2131 484 2143 ι
503 2118 569 2157 Περὶ
588 2118 774 2158 βλασφημίας,
788 2119 865 2158 φασὶ,

67 2161 206 2201 λιθάζομέν
224 2173 268 2198 σε,
284 2161 322 2191 ὅτι
347 2166 429 2195 ποιεῖς
445 2163 554 2192 σεαυτὸν
571 2163 652 2193 θεόν.
669 2177 681 2189 κ
725 2163 809 2196 Αὐτὸς
821 2158 866 2192 οὖν

67 2208 114 2236 οὐκ
129 2208 248 2247 ἀρνεῖται
261 2209 358 2242 τοῦτο,
374 2207 431 2236 οὐδὲ
446 2206 529 2245 λέγει,
546 2207 587 2236 ὅτι
611 2208 651 2236 Οὖ
667 2209 734 2236 ποιῶ
752 2207 866 2245 ἐμαυτὸν

67 2246 153 2287 Θεὸν,
175 2251 223 2280 οὖκ
239 2251 294 2288 εἰμὶ
306 2246 365 2283 ῖσος
379 2252 418 2291 τῷ
436 2252 538 2291 Πατρὶ,
561 2251 630 2281 ἀλλὰ
653 2253 754 2290 μᾶλλον
780 2251 867 2281 ἐπιϐε-

67 2296 141 2325 ϐαιοῖ
163 2295 212 2332 τὴν
237 2295 342 2325 ἐκείνων
359 2295 481 2335 γνώμην,
511 2296 557 2325 καὶ
587 2297 790 2332 κατασκευάζει,
827 2297 868 2326 ὅτι

67 2341 136 2374 Θεός
153 2342 224 2370 ἔστιν
249 2341 302 2370 ἀπὸ
323 2342 376 2370 τῶν
393 2342 419 2370 ἐν
439 2343 477 2380 τῷ
494 2341 567 2381 νόμῳ
589 2342 791 2381 γεγραμμένων.
809 2341 866 2372 Νό-

923 1139 1022 1174 Judazi,
1047 1145 1078 1168 ut
1096 1140 1250 1176 lapidarent
1266 1148 1341 1168 eum.
1368 1139 1522 1176 Respondit
1546 1140 1585 1168 eis
1608 1141 1689 1168 Jesus
1711 1150 1718 1168 :

923 1185 1011 1212 Multa
1028 1184 1099 1212 bona
1117 1193 1199 1221 opera
1214 1185 1320 1213 ostendi
1333 1185 1411 1213 vobis
1425 1193 1457 1212 ex
1473 1186 1553 1212 Patre
1567 1193 1642 1218 meo,
1657 1193 1720 1219 pro-

923 1234 983 1266 pter
997 1229 1071 1266 quod
1091 1237 1187 1258 eorum
1208 1238 1323 1265 operum
1338 1237 1382 1257 me
1397 1229 1538 1265 lapidulis?
1562 1230 1721 1266 Responde-

922 1278 988 1302 runt
997 1274 1022 1302 ei
1035 1274 1133 1308 Judaei,
1149 1274 1271 1302 dicentes
1286 1284 1292 1302 :
1306 1274 1351 1302 Ob
1365 1274 1471 1302 bonum
1485 1281 1554 1309 opus
1568 1282 1625 1302 non
1649 1274 1720 1310 lapi-

923 1318 1021 1347 damus
1044 1323 1081 1353 te,
1103 1319 1150 1347 sed
1171 1319 1208 1347 ob
1228 1318 1436 1355 blasphemiam,
1461 1322 1490 1346 et
1503 1319 1567 1354 quia
1591 1322 1620 1346 tu
1636 1318 1720 1347 homo

923 1371 986 1391 cum
1000 1363 1046 1396 sis,
1061 1363 1128 1391 facis
1140 1364 1259 1399 teipsum
1275 1365 1376 1391 Deum.
1395 1363 1547 1399 Respondit
1563 1363 1601 1391 eis
1614 1364 1695 1392 Jesus
1712 1372 1718 1391 :

923 1409 1020 1436 Nonne
1042 1408 1175 1444 scriptum
1194 1412 1236 1436 est
1259 1407 1286 1436 in
1302 1408 1359 1443 lege
1372 1413 1460 1436 vestra
1477 1417 1484 1436 :
1509 1409 1566 1444 Ego
1590 1407 1657 1442 dixi,
1673 1409 1719 1436 Dii

923 1453 1007 1480 estis?
1022 1453 1049 1481 Si
1066 1453 1127 1480 illos
1141 1452 1208 1481 dixit
1221 1452 1290 1481 deos
1303 1452 1339 1480 ad
1362 1460 1431 1488 quos
1453 1460 1545 1480 sermo
1564 1453 1616 1480 Dei
1631 1452 1720 1481 factus

922 1501 964 1525 est
996 1501 1023 1525 et
1053 1505 1109 1525 non
1138 1501 1228 1533 potest
1255 1497 1324 1525 solvi
1353 1497 1505 1532 Scriptura,
1532 1505 1615 1533 quem
1642 1499 1720 1525 Pater

922 1541 1101 1569 sanctiﬁcavit
1122 1546 1150 1570 et
1172 1542 1249 1569 misit
1271 1542 1299 1569 in
1326 1541 1474 1574 mundum,
1498 1549 1546 1569 vos
1570 1541 1660 1569 dicitis
1676 1549 1720 1569 me

923 1585 1124 1621 blasphemare,
1140 1586 1201 1622 quia
1216 1586 1348 1621 dixerim,
1363 1586 1449 1614 Filius
1460 1586 1511 1613 Dei
1525 1588 1607 1614 sum?
1622 1597 1634 1610 -
1649 1587 1719 1614 Cum

921 1630 1035 1664 diceret,
1056 1643 1069 1655 ι
1086 1632 1142 1667 Ego
1157 1635 1183 1658 et
1203 1632 1282 1658 Pater
1305 1639 1391 1658 unum
1412 1638 1508 1658 sumus
1534 1642 1546 1654 ι-
1563 1638 1611 1666 per
1625 1630 1719 1659 omnia

923 1675 1075 1703 secundum
1103 1679 1267 1711 potestatem
1293 1679 1321 1703 et
1352 1675 1493 1709 virtutem,
1525 1679 1554 1703 et
1581 1675 1720 1711 judicarct

922 1727 1007 1747 unam
1023 1728 1082 1748 esse
1094 1720 1185 1748 Patris
1199 1728 1314 1748 manum
1329 1724 1356 1747 et
1373 1727 1468 1753 suam;
1484 1719 1618 1755 putabant
1631 1719 1719 1748 Judaei

923 1764 1125 1799 blasphemum,
1149 1769 1177 1792 et
1201 1774 1215 1790 α
1243 1764 1488 1800 apprehendcbant
1512 1764 1625 1800 lapides,
1645 1764 1719 1800 quod

923 1807 1023 1836 faceret
1037 1817 1065 1836 se
1079 1809 1216 1844 zequalem
1231 1810 1289 1837 Deo
1311 1808 1342 1835 7‘.
1369 1820 1381 1832 ιι
1409 1809 1497 1844 Igitur
1518 1809 1656 1836 Dominus
1670 1808 1718 1836 ad-

923 1860 1038 1880 monens
1060 1857 1087 1880 et
1101 1852 1250 1880 ostendens
1265 1853 1341 1888 quod
1355 1853 1460 1880 nullam
1483 1852 1590 1888 justam
1617 1852 1719 1880 furoris

922 1905 985 1932 erga
1007 1905 1037 1925 se
1057 1905 1168 1925 causam
1191 1897 1318 1930 habeant,
1343 1896 1393 1924 sed
1417 1897 1520 1932 absque
1540 1904 1621 1924 causa
1647 1897 1720 1924 insa-

922 1942 1008 1976 niant,
1033 1942 1141 1970 reducit
1160 1942 1188 1969 in
1203 1941 1367 1969 memoriam
1392 1940 1524 1968 miracula
1547 1948 1562 1968 a
1585 1948 1614 1968 se
1632 1939 1716 1974 facta,

921 1990 970 2015 et:
983 1998 996 2010 ι
1011 1987 1097 2014 Multa
1111 1986 1182 2014 bona
1197 1994 1292 2021 opera,
1307 1985 1404 2022 inquit,
1420 1985 1528 2013 ostendi
1543 1985 1620 2012 vobis
1635 1994 1641 2012 :
1658 1993 1719 2020 pro-

922 2035 965 2059 ter
978 2032 1052 2067 quod
1065 2039 1162 2059 eorum
1183 2030 1311 2066 lapidatis
1326 2031 1391 2058 me?
1409 2041 1420 2053 ιι
1439 2030 1478 2057 llli
1493 2033 1586 2057 autem
1601 2029 1695 2057 dicunt
1710 2039 1716 2045 -

923 2087 936 2100 ι
956 2077 1069 2111 Propter
1095 2075 1280 2111 blasphemiae
1303 2074 1456 2111 lapidamus
1475 2078 1511 2108 te,
1538 2074 1602 2110 quia
1628 2075 1718 2102 Deum

921 2120 1039 2156 teipsum
1064 2119 1140 2148 facis.
1157 2131 1170 2144 ι
1185 2122 1321 2148 (Σαξιει-υηι
1336 2120 1393 2155 ipse
1415 2127 1472 2147 non
1487 2123 1570 2155 negat
1594 2118 1656 2153 hoc,
1672 2126 1719 2146 ne-

921 2173 973 2200 que
987 2164 1066 2198 dicit,
1081 2165 1144 2192 Non
1162 2163 1234 2192 facio
1251 2165 1385 2200 meipsum
1401 2165 1501 2195 Deum,
1524 2164 1565 2191 vel
1581 2172 1636 2192 non
1655 2171 1718 2191 sum

921 2209 1038 2246 aqualis
1052 2209 1144 2243 Patri;
1161 2209 1208 2237 sed
1223 2210 1309 2245 magis
1321 2209 1468 2236 conﬁrmat
1481 2209 1592 2236 illorum
1607 2212 1717 2236 senten-

921 2254 1001 2288 tiam,
1016 2258 1044 2282 et
1057 2254 1155 2282 asserit
1172 2261 1201 2281 se
1217 2255 1304 2282 Deum
1316 2261 1386 2287 esse,
1403 2262 1435 2281 ex
1451 2253 1493 2280 his
1503 2261 1563 2289 qua:
1574 2253 1674 2288 scripta
1689 2253 1718 2280 in

923 2298 989 2335 lege.
1019 2299 1122 2334 Legem
1147 2302 1242 2326 autem
1265 2298 1332 2326 dicit
1353 2301 1380 2326 et
1405 2298 1505 2326 librum
1531 2297 1629 2330 David,
1648 2297 1719 2325 sicut

922 2343 1086 2378 simpliciter
1105 2347 1134 2371 et
1147 2351 1258 2370 omnem
1277 2343 1458 2378 Scripturam.
1473 2342 1552 2377 Quod
1568 2346 1660 2370 autem
1674 2342 1717 2370 di-

69 2396 118 2424 μον
136 2384 164 2414 δὲ
189 2385 260 2424 λέγει
276 2385 322 2414 xui
340 2385 387 2420 τὴν
403 2388 450 2414 τοῦ
472 2383 556 2415 Δαυῒδ
585 2386 690 2425 βίϐλον,
706 2387 796 2424 ὥσπερ
820 2386 865 2416 καὶ

922 2388 968 2422 cit,
985 2387 1058 2416 hunc
1072 2395 1184 2415 sensum
1208 2387 1312 2415 habet:
1335 2387 1363 2415 Si
1388 2387 1414 2414 lii
1438 2387 1483 2422 qui
1504 2387 1590 2422 gratia
1605 2386 1718 2414 deiﬁca-

67 2434 157 2459 πᾶσαν
174 2429 267 2462 ἁπλῶς
282 2431 331 2465 τὴν
347 2429 471 2470 Γραφδῶ⁹
498 2430 511 2459 ὂ
527 2429 553 2459 δὲ
569 2431 639 2470 λέγει
654 2432 769 2460 τοιοῦτόν
786 2433 865 2460 ἐστιν·

69 2475 102 2503 Εἰ
117 2475 142 2503 οἱ
159 2474 251 2513 χάριτι
267 2473 315 2509 τὴν
330 2474 424 2503 θέωσιν
450 2475 644 2514 προσλαϐόντες
668 2475 721 2504 θεοί
736 2477 798 2512 εἰσι,
821 2476 867 2504 xui

68 2519 116 2548 οὒκ
137 2519 328 2557 ἐγκαλοῦνται,
348 2520 405 2551 πῶς
428 2518 479 2558 ἐγὼ
503 2520 611 2553 δικαίως
637 2521 803 2558 ἐπιτιμῶμαι
824 2522 867 2560 ὑφ’

66 2564 155 2601 ὑμῶν,
172 2565 185 2592 6
200 2563 275 2603 φύσει
290 2563 358 2596 Θεὸς
373 2562 425 2599 ὢν,
444 2578 456 2590 ιι
473 2563 500 2593 ὃν
516 2564 614 2604 Πατὴρ
630 2564 740 2603 ἡγίασε,
764 2578 774 2590 ιι
791 2576 866 2594 τουτ-

65 2608 153 2644 έστιν,
190 2607 309 2648 ἀφώρισε
341 2610 540 2648 σφαγιασθῆναι
575 2608 640 2648 ὑπὲρ
670 2611 716 2638 τοῦ
749 2609 866 2647 κόσμου,

65 2649 145 2691 Ἅγια
157 2650 209 2692 γὰρ
221 2653 255 2681 τὰ
268 2653 442 2692 ἀφωρισμέναι
451 2653 575 2692 λέγονται
586 2655 624 2694 τῷ
639 2653 713 2693 Θεῷ.
730 2654 868 2692 Πρόδηλον

65 2696 126 2736 γὰρ,
144 2696 185 2726 ὅτι
211 2695 303 2732 ἐπειδή
321 2708 367 2735 μοι
388 2696 428 2737 If.
457 2698 503 2737 με]
528 2698 638 2736 ἡγίασεν
666 2698 712 2728 καὶ
736 2698 868 2738 ἀφώρισεν

66 2743 80 2770 6
107 2741 206 2781 Πατὴρ
232 2742 268 2775 εἷς
290 2740 338 2776 τὴν
361 2744 406 2771 τοῦ
431 2741 533 2780 κόσμου
557 2742 704 2782 σωτηρίαν,
732 2744 780 2772 οὖκ
811 2738 870 2775 ἶσος

100 2835 123 2852 τ’
136 2835 218 2863 Joan.
235 2842 267 2870 ν,
285 2838 332 2870 18;
353 2834 470 2871 Philipp.
487 2843 522 2870 ιι,
538 2838 564 2862 6.

923 2433 1030 2460 tionem
1052 2436 1226 2468 acceperunt,
1242 2431 1280 2459 dii
1294 2435 1370 2465 sunt,
1393 2435 1420 2459 et
1434 2440 1518 2459 nemo
1538 2431 1599 2459 illos
1621 2432 1716 2459 crimi-

922 2481 1004 2504 natur
1021 2486 1027 2504 ι
1043 2477 1184 2513 quomodo
1205 2484 1255 2512 ego
1274 2476 1348 2513 juste
1363 2484 1378 2503 a
1402 2475 1481 2504 vobis
1502 2476 1638 2512 increpor,
1655 2477 1718 2512 quia

922 2526 1017 2550 natura
1032 2529 1094 2549 sum
1110 2523 1194 2554 Deus,
1211 2533 1224 2545 ι
1236 2529 1318 2556 quem
1335 2522 1414 2548 Pater
1429 2520 1620 2554 sanctiﬁcavit,
1637 2533 1648 2545 ιι
1666 2521 1718 2549 hoc

922 2571 964 2594 est
988 2566 1153 2602 segregavit,
1178 2570 1209 2594 ut
1232 2565 1404 2593 occideretur
1431 2573 1480 2601 pro
1505 2565 1629 2594 mundo?
1648 2566 1719 2593 San-

923 2615 998 2638 ctum
1023 2611 1097 2638 enim
1113 2610 1223 2643 dicitur,
1239 2611 1315 2646 quod
1330 2612 1391 2638 Deo
1406 2614 1580 2646 segregatum
1596 2613 1645 2637 est.
1659 2611 1718 2637 Ma-

922 2655 1052 2683 nifestum
1069 2655 1145 2683 enim
1166 2655 1230 2690 quia
1246 2663 1290 2682 me
1304 2654 1497 2688 sanctiﬁcavit,
1519 2658 1547 2681 et
1568 2654 1723 2690 segregavit

923 2701 1005 2728 Pater
1019 2700 1048 2728 in
1064 2699 1181 2727 salutem
1206 2699 1313 2734 mundi,
1333 2703 1360 2728 et
1374 2699 1436 2727 ideo
1459 2707 1516 2726 non
1530 2707 1591 2727 sum
1607 2697 1720 2733 aequalis

923 2745 984 2772 aliis
997 2744 1059 2778 diis,
1071 2744 1120 2772 sed
1134 2745 1209 2772 Deus
1222 2752 1311 2772 verus.
1327 2745 1398 2772 Vere
1418 2744 1493 2772 enim
1509 2751 1579 2778 opus
1603 2743 1654 2771 Dei
1679 2746 1722 2769 est
