1922 3077
204 177 238 204 83

702 174 967 208 THEOPHYLACTI
987 174 1165 202 BULGARLE
1183 174 1340 203 ARCHIEP.

1827 174 1864 201 84

203 238 318 272 salvare,
332 242 360 266 et
378 245 433 266 non
454 237 575 265 hominis
593 237 679 273 gratia
693 236 820 265 deiﬁcati.
839 248 850 262 α
871 237 900 266 Si
921 237 997 273 igitur

1058 237 1146 271 ἄλλοις
1169 237 1225 276 εἰμὶ
1247 237 1325 276 θεοῖς,
1358 235 1428 265 ἀλλὰ
1451 235 1521 270 Θεὸς
1545 235 1678 272 ἀληθινός.
1702 237 1777 266 Θεοῦ
1808 235 1864 276 γὰρ

203 283 242 311 illi
257 283 292 311 ad
315 290 385 319 quos
403 282 456 310 Dei
479 290 572 310 sermo
595 281 683 310 factus
704 286 755 315 est,
781 291 796 309 ν
819 282 872 310 hoc
887 286 940 316 est,
955 289 1005 318 ego

205 333 288 364 (nam
320 335 370 363 ego
395 327 479 363 653
507 335 570 355 sum
606 328 703 355 Sermo
725 327 787 361 Dei,
824 331 852 356 et
886 327 1006 355 habitavi

205 374 235 401 in
250 372 313 406 illis,
329 372 518 408 concessitque
533 372 573 400 eis
586 375 618 400 ut
633 372 828 408 adoptarentur
846 372 876 400 in
896 372 980 406 ﬁlios)
995 381 1002 400 :

204 417 227 445 si
242 417 325 453 igitur
338 417 377 444 illi
396 416 444 450 dii,
461 417 549 445 multo
564 416 651 453 magis
666 425 716 453 ego
737 421 814 445 extra
829 425 940 445 omnem
954 425 1004 445 no-

203 469 268 489 xam
290 469 362 495 sum,
386 463 478 489 Deum
502 469 603 489 vocans
623 462 769 498 meipsum,
793 462 840 498 qui
855 466 883 490 et
903 466 1003 490 natura

204 513 266 534 sum
298 507 379 542 Deus,
415 510 444 534 et
474 506 534 534 aliis
556 506 609 534 hoc
632 507 761 535 concedo.
790 506 1003 535 Confundantur

204 550 269 579 hinc
283 551 376 578 Ariani
395 555 423 579 et
446 551 612 579 Nestoriani.
630 552 704 579 Nam
729 555 756 579 et
779 552 867 580 Filius
889 551 952 586 Dei,
975 556 1003 580 et

204 597 279 623 Deus
308 595 462 623 substantia
489 599 640 631 naturaque
664 600 707 624 est
733 596 870 630 Christus,
895 601 923 624 et
946 604 1002 624 non

204 645 339 675 creatura,
363 645 390 668 et
411 640 472 668 aliis
494 639 542 668 dat
563 641 692 669 deitatem
711 641 748 669 ad
766 649 836 678 quos
858 641 890 669 ﬁt
904 643 1001 669 Sermo

205 685 250 720 qui
273 689 315 712 est
337 684 398 718 Dei,
423 684 470 713 sed
498 693 555 713 non
569 685 626 721 ipse
653 686 738 721 gratia
754 686 909 714 deiﬁcatur.
928 688 1001 714 Nam

204 729 347 757 manifeste
361 734 471 765 separat
494 738 523 757 se
539 730 574 758 ab
588 730 632 758 his
656 731 705 767 qui
720 731 807 767 gratia
823 731 999 764 deiﬁcantur,

204 778 316 810 propter
342 782 374 802 ea
400 782 461 810 qua:
486 774 531 802 hic
556 774 697 809 dicuntur,
724 780 752 803 et
782 776 902 804 ostendit
927 775 1001 811 quod

203 819 290 847 etiam
311 819 363 847 illis
383 819 442 855 ipse
466 820 502 847 sit
517 824 612 848 auctor
629 820 809 848 deiﬁcationis
832 821 928 848 Sermo
954 820 1001 856 qui

204 863 256 891 Dei
279 868 331 898 est,
347 868 375 892 et
396 864 533 892 inhabitat
547 865 576 892 in
599 865 638 893 eis
663 875 669 892 :

204 907 258 935 hoc
271 908 345 944 quod
359 908 435 942 dicit,
457 919 472 934 «
488 909 533 937 Ad
548 917 617 944 quos
630 911 727 938 Sermo
743 910 796 937 Dei
818 910 906 938 factus
920 914 970 942 est,
986 921 999 933 κ

204 952 258 980 hoc
269 956 321 987 est,
338 953 364 980 in
387 953 487 988 quibus
502 953 646 982 habitavit.
670 954 819 989 Quomodo
835 954 918 990 igitur
930 954 1002 982 blas-

202 996 305 1032 phemo
333 996 427 1025 dicens
455 998 559 1026 Filium
593 998 644 1026 Dei
678 999 834 1034 meipsum?
869 999 1001 1034 Quamvis

201 1041 274 1068 enim
289 1045 317 1069 et
337 1049 449 1070 carnem
469 1041 556 1070 feram
570 1047 597 1070 et
611 1051 643 1071 ex
659 1044 763 1071 semine
775 1044 827 1071 sim
843 1043 940 1078 David,
953 1043 1000 1071 sed

202 1085 337 1121 ignoratis
357 1091 571 1121 sacramentum,
587 1092 614 1115 et
628 1087 703 1124 quod
718 1096 774 1115 non
788 1089 867 1116 aliter
881 1088 1001 1123 potuerit

200 1131 316 1159 carnalis
322 1131 467 1159 hominum
477 1136 573 1160 natura
583 1133 634 1160 Dei
644 1133 763 1168 recipere
772 1132 999 1167 familiaritatem,

201 1183 286 1211 quam
302 1183 349 1211 per
366 1184 487 1211 carnem,
505 1177 581 1213 quasi
596 1177 625 1205 in
641 1177 795 1206 velamento
817 1177 841 1206 ei
855 1176 999 1205 familiaris

201 1219 310 1247 fuisset.

235 1314 326 1342 Vnns.
344 1316 388 1348 37,
403 1316 447 1341 38.
473 1322 488 1340 ι(
501 1314 530 1342 Si
551 1322 608 1342 non
631 1314 701 1342 facio
725 1323 809 1351 opera
828 1315 917 1343 Patris
931 1316 997 1349 mei,

199 1357 284 1386 nolite
299 1358 410 1386 credere
423 1358 492 1386 mihi
513 1369 518 1387 :
540 1360 582 1387 sin
597 1367 661 1387 vero
676 1359 761 1394 facio,
774 1364 801 1387 et
822 1360 847 1388 si
859 1360 927 1388 mihi
942 1369 998 1388 non

200 1403 323 1436 creditis,
345 1403 472 1438 operibus
491 1404 605 1438 credite,
622 1409 652 1432 ut
673 1405 842 1440 cognoscatis
857 1409 885 1432 et
903 1404 996 1432 creda-

199 1447 236 1474 tis
251 1447 325 1483 quod
348 1449 430 1475 Pater
449 1448 477 1475 in
499 1457 545 1476 me
568 1453 620 1482 est,
635 1452 663 1476 et
684 1457 734 1484 ego
749 1449 778 1476 in
799 1457 841 1476 eo.
858 1459 871 1473 ››
892 1449 992 1483 Vultis,

199 1491 299 1527 inquit,
321 1492 390 1520 scire
403 1493 590 1528 aaqualitatem
605 1502 669 1521 cum
684 1494 782 1521 Patre?
797 1495 822 1521 Α
846 1493 996 1521 substantia

1061 282 1141 316 ὄντως
1159 282 1234 322 ἔργον
1261 281 1290 311 τὸ
1316 280 1427 317 σώζειν,
1451 282 1510 310 ἀλλ’
1529 281 1576 310 οὔκ
1603 280 1739 320 ἀνθρώπου
1765 281 1866 322 χάριτι

1061 327 1208 361 θεωθέντος.
1238 327 1272 357 Εἴ
1290 326 1375 356 τοίνυν
1399 328 1493 356 ἐκεῖνοι
1509 339 1521 352 ιι
1541 325 1607 365 πρὸς
1621 325 1665 359 οὓς
1686 328 1700 356 6
1717 326 1799 366 λόγος
1815 328 1866 355 τοῦ

1059 373 1133 402 Θεοῦ
1153 372 1269 411 ἐγένετο,
1287 385 1299 398 ι
1322 369 1455 400 τουτέστιν
1475 370 1537 410 ἐγὼ,
1562 370 1647 410 Λόγος
1664 370 1715 411 γὰρ
1737 370 1794 410 ἐγὼ
1815 373 1866 400 τοῦ

1058 418 1145 454 Θεοῦ,
1162 416 1207 447 καὶ
1232 416 1370 451 ἓνοιχήσας
1390 417 1417 446 ἐν
1442 415 1559 452 ἐκείνοις,
1579 416 1747 455 ἐχαρισάμην
1768 416 1867 448 αὐτοῖς

1058 461 1105 498 τὴν
1120 461 1250 491 υἱοθεσίαν
1262 473 1269 480 ο
1283 462 1305 491 εἷ
1319 456 1363 490 οὖν
1379 462 1474 490 ἐκεῖνοι
1494 461 1563 498 θεοὶ,
1577 462 1668 500 πολλῷ
1684 462 1789 498 μᾶλλον
1807 460 1865 499 ἐγὼ

1057 506 1145 543 πάσης
1160 506 1192 536 ἂν
1209 505 1264 542 εἴην
1282 505 1367 538 αἰτίας
1381 504 1471 540 ἐκτὸς,
1493 505 1563 535 Θεὸν
1587 504 1703 543 ἐμαυτὸν
1727 506 1824 534 χαλῶν
1850 506 1866 534 6

1057 551 1103 580 καὶ
1130 552 1206 591 φύσει
1231 550 1281 588 ὢν,
1305 550 1352 580 καὶ
1375 550 1430 583 τοῖς
1457 549 1546 584 ἄλλοις
1567 552 1644 579 τοῦτο
1672 550 1864 590 χαριζόμενος.

1055 597 1280 635 Αἷσχυνέσθωσαν
1310 597 1425 625 ἐντεῦθεν
1452 593 1580 634 ’Λρειανοὶ
1602 595 1647 624 καὶ
1667 595 1862 634 Νεστοριανοί.

1055 641 1118 675 Υἱός
1137 653 1165 670 τε
1181 641 1232 681 γὰρ
1248 641 1332 675 Θεοῦ,
1356 640 1402 670 καὶ
1417 639 1485 672 Θεὸς
1503 639 1580 679 οὐσίᾳ
1600 640 1644 669 καὶ
1661 640 1737 680 φύσει
1751 642 1765 668 6
1791 640 1863 680 Χρι-

1056 685 1133 722 στὸς,
1151 687 1210 715 ἀλλ’
1226 686 1256 714 οὗ
1272 685 1383 722 κτίσμα,
1410 684 1456 713 καὶ
1472 689 1524 717 τοῖς
1549 685 1638 717 ἄλλοις
1652 685 1794 725 χαρίζεται
1811 685 1863 720 τὴν

1055 730 1177 767 θεότητα,
1205 730 1271 770 πρὸς
1297 729 1340 763 οὓς
1363 729 1394 758 ἂν
1421 729 1522 768 γένοιτο
1545 728 1630 768 Λόγος
1649 728 1685 758 ὧν
1705 731 1750 758 τοῦ
1767 732 1859 768 Θεοῦ,

1056 776 1115 804 ἀλλ’
1136 777 1165 805 οὗ
1193 776 1283 815 χάριτι
1310 774 1387 808 αὐτὸς
1415 776 1529 805 θεοῦται.
1560 773 1778 804 Ἀποδιαστέλλει
1806 774 1861 815 γὰρ

1055 823 1195 859 προφανῶς
1211 820 1302 850 ἑαυτὸν
1319 819 1372 849 ἀπὸ
1384 820 1437 848 τῶν
1452 819 1543 859 χάριτι
1566 819 1726 857 ϐεουμένων,
1741 819 1787 848 διὰ
1805 821 1861 849 τῶν

692 864 768 901 quod
792 865 929 901 signiﬁcat
953 873 997 901 per

1057 865 1166 894 ἐνταῦθα
1190 864 1356 903 λεγομένων,
1381 863 1426 892 καὶ
1450 863 1579 892 δείκνυσιν
1599 863 1639 892 ὅτι
1659 863 1794 897 κάκείνοις
1810 865 1861 894 αὖ·

1056 909 1098 942 τὸς
1120 909 1242 948 πρόξενος
1259 911 1307 944 τῆς
1332 908 1463 946 θεώσεως,
1486 908 1570 947 Λόγος
1588 906 1626 937 ὢν
1649 911 1694 937 τοῦ
1712 910 1785 938 Θεοῦ
1811 908 1860 938 καὶ

1054 954 1161 983 ἐνοικῶν
1178 956 1277 988 αὐτοῖς.
1295 955 1383 984 Τοῦτο
1407 953 1458 993 γὰρ
1482 952 1607 991 σημαίνει
1625 952 1669 982 διὰ
1692 955 1739 982 τοῦ
1757 955 1858 992 εἰπεῖν,

1055 1011 1067 1025 α
1090 999 1163 1038 Πρὸς
1186 998 1229 1033 οὓς
1251 1001 1265 1027 6
1290 998 1366 1037 λόγος
1384 1001 1429 1027 τοῦ
1449 999 1519 1027 Θεοῦ
1537 997 1657 1038 ἐγένετο,
1678 1011 1690 1024 ν
1716 998 1858 1036 τουτέστι,

1055 1045 1112 1081 μεθ’
1122 1037 1163 1072 νῶν
1186 1043 1305 1083 ἐγένετο,
1330 1038 1366 1076 οἷς
1382 1041 1511 1083 ἐνῴκησε.
1528 1043 1591 1075 Πῶς
1615 1037 1658 1071 οἶν
1680 1043 1857 1082 βλασφημῶ,

1054 1089 1138 1127 λέγων
1155 1088 1219 1120 Υῖὸν
1243 1090 1315 1118 Θεοῦ
1336 1087 1465 1127 ἐμαυτόν;
1488 1088 1523 1117 Εἰ
1535 1086 1587 1127 γὰρ
1602 1086 1649 1116 καὶ
1665 1088 1751 1127 σάρκα
1767 1090 1857 1127 φορῶ,

1053 1133 1100 1162 καὶ
1127 1134 1157 1162 ἔκ
1195 1132 1347 1173 σπέρματος
1375 1131 1459 1162 Δαυΐδ
1493 1132 1558 1171 εἶμι,
1588 1131 1647 1160 ἀλλ’
1676 1132 1798 1170 ἀγνοεῖτε
1828 1131 1859 1161 τὸ

1054 1178 1209 1217 μυστήριον,
1232 1178 1277 1206 καὶ
1297 1179 1337 1206 ὅτι
1364 1178 1412 1206 οὔκ
1438 1177 1524 1209 ἄλλως
1554 1176 1669 1212 ἠδύνατο
1689 1179 1705 1212 ἡ
1733 1176 1857 1216 σαρκιχὴ

1052 1224 1104 1251 τῶν
1119 1222 1265 1262 ἀνθρώπων
1289 1222 1365 1262 φύσις
1391 1221 1515 1255 δέξασθαι
1531 1223 1603 1252 Θεοῦ
1624 1220 1748 1259 ὁμιλίαν,
1775 1223 1800 1251 εἰ
1818 1221 1856 1260 μὴ

1052 1266 1096 1297 διὰ
1118 1267 1214 1307 σαρκὸς
1238 1268 1359 1305 ὡμίλησε
1386 1266 1479 1306 ταύτῃ,
1500 1267 1534 1299 ὡς
1554 1267 1580 1295 ἐν
1605 1264 1855 1305 παραπετάσματι.

1093 1326 1105 1338 α
1129 1314 1163 1342 Εἰ
1187 1313 1216 1342 οὖ
1239 1315 1307 1341 ποιῶ
1325 1313 1360 1340 τὰ
1376 1310 1440 1350 ἔργα
1467 1314 1513 1340 τοῦ
1541 1310 1647 1350 Πατρός
1670 1321 1734 1348 μου,
1752 1310 1795 1348 μὴ
1811 1323 1857 1340 πι-

1052 1355 1157 1385 στεύετέ
1174 1368 1233 1394 μοι,
1250 1358 1271 1385 εἷ
1287 1355 1314 1384 δὲ
1329 1357 1406 1391 ποιῶ,
1425 1354 1475 1384 κᾶν
1492 1355 1551 1393 ἐμοὶ
1569 1355 1607 1392 μὴ
1623 1354 1787 1391 πιστεύητε,
1802 1360 1858 1389 τοῖς

1052 1401 1135 1439 ἔργοις
1150 1400 1326 1437 πιστεύσατε,
1344 1399 1387 1428 ἵνα
1408 1400 1492 1438 γνῶτε
1508 1399 1554 1428 καὶ
1577 1398 1754 1435 πιστεύσητε,
1784 1399 1828 1429 ὅτι
1843 1402 1857 1430 6

1053 1445 1147 1485 Πατὴρ
1169 1446 1194 1473 ἐν
1210 1445 1283 1481 ἐμοὶ,
1299 1443 1374 1483 κάγὼ
1390 1444 1416 1472 ἐν
1432 1445 1512 1483 αὐτῷ.
1529 1457 1541 1469 ›ι
1557 1443 1674 1479 Θέλετε,
1689 1443 1764 1483 φησὶ,
1783 1446 1857 1483 γνῶ-

1051 1502 1093 1519 ναι
1108 1489 1155 1524 τὴν
1171 1490 1236 1529 πρὸς
1254 1489 1297 1518 τὸν
1324 1488 1435 1527 Πατέρα
1461 1487 1587 1524 ἷσότητα;
1611 1488 1675 1518 Ἀπὸ
1689 1490 1737 1523 τῆς
1761 1489 1856 1523 οὐσίας

199 1544 255 1564 non
275 1537 388 1572 potestis
402 1537 471 1564 scire
493 1538 679 1573 [impossibile
694 1538 765 1565 enim
782 1541 822 1565 est
841 1538 911 1565 scire
934 1538 996 1566 sub-

1052 1535 1080 1562 οὖ
1108 1534 1216 1564 δύνασθε
1244 1535 1359 1573 γνῶναι·
1384 1532 1512 1562 ἀδύνατον
1547 1532 1599 1573 γὰρ
1624 1534 1723 1571 γνῶναι
1759 1534 1855 1563 οὐσίαν

198 1581 328 1609 stantiam
340 1581 419 1618 Dei],
434 1581 482 1609 sed
501 1582 612 1618 accipite
624 1590 656 1610 ex
672 1589 786 1618 operum
799 1582 956 1618 aequalitate
969 1586 996 1610 et

197 1625 339 1653 identitate
361 1626 494 1654 indicium
513 1627 663 1655 identitatis
682 1627 836 1654 secundum
857 1627 995 1655 virtutem.

197 1671 238 1698 Ex
259 1670 302 1698 his
316 1670 450 1699 habebitis
465 1671 577 1699 deitatis
592 1679 662 1699 mea:
675 1672 879 1705 testimonium,
891 1675 919 1699 et
928 1672 996 1700 scie-

197 1715 235 1743 tis
258 1719 285 1743 et
309 1715 425 1743 credetis
444 1716 519 1751 quod
540 1716 609 1743 nihil
629 1723 680 1751 ego
704 1715 779 1743 aliud
793 1724 854 1743 sum
869 1724 952 1752 quam
967 1715 996 1744 id

199 1759 275 1795 quod
289 1761 381 1788 Pater.
399 1760 532 1788 Eamdem
547 1760 623 1788 enim
638 1760 822 1788 substantiam
836 1760 923 1788 habeo
935 1769 997 1788 ma—

197 1811 266 1831 nens
287 1805 382 1838 Filius,
398 1809 426 1832 et
438 1804 579 1840 hypostasi
595 1803 736 1832 differens.
757 1805 887 1833 Similiter
901 1809 928 1833 et
942 1806 997 1833 Pa-

199 1853 240 1876 ter
252 1856 366 1877 manens
381 1850 470 1883 Pater,
485 1853 512 1877 et
525 1848 657 1876 differens
678 1848 829 1885 hypostasi,
843 1850 909 1878 nihil
922 1849 995 1878 aliud

197 1897 239 1921 est
255 1901 341 1930 quam
361 1894 455 1927 Filius,
480 1893 633 1921 secundum
648 1894 828 1922 substantiam
848 1895 952 1922 scilicet
965 1903 997 1923 ac

197 1942 351 1966 naturam:
376 1937 500 1974 quamvis
525 1942 619 1966 autem
638 1947 686 1974 per
709 1939 870 1975 hypostases
893 1939 996 1967 differi-

199 1990 271 2017 mus,
295 1987 323 2010 at
345 1991 402 2010 non
423 1986 584 2018 separantur
618 1983 792 2019 hypostases,
817 1983 866 2011 sed
890 1984 918 2011 in
953 1992 996 2011 se-

197 2027 264 2062 ipsis
295 2027 366 2054 alter
386 2027 414 2054 in
428 2027 515 2055 altero
529 2031 594 2054 sunt
615 2027 718 2063 absque
731 2027 894 2056 confusione
916 2029 996 2056 Pater

197 2075 224 2099 et
246 2071 338 2099 Filius.
356 2073 419 2099 Non
431 2072 505 2099 enim
518 2071 589 2099 sicut
603 2072 677 2107 apud
691 2080 743 2100 nos
762 2077 842 2108 pater
854 2077 995 2108 separatus

197 2118 239 2142 est
258 2123 274 2142 a
288 2115 355 2149 ﬁlio,
371 2116 495 2151 quamvis
520 2119 619 2144 natura
633 2124 720 2144 unum
740 2116 806 2151 sint,
821 2117 859 2144 ita
873 2121 900 2145 et
913 2117 943 2145 in
955 2117 996 2145 di-

196 2159 268 2187 vinis
288 2160 421 2195 personis;
451 2160 502 2188 sed
525 2160 554 2188 in
577 2160 673 2197 seipsis
695 2162 765 2189 alter
779 2162 807 2189 in
830 2162 916 2189 altero
930 2166 995 2189 sunt

195 2203 299 2240 absque
317 2204 488 2233 confusione.
508 2206 655 2242 Propterea
673 2214 726 2234 nos
741 2210 798 2234 tres
818 2206 931 2242 quidem
946 2207 994 2234 ho-

196 2249 285 2276 mines
295 2248 423 2283 dicimur,
442 2254 537 2286 utpote
557 2251 741 2279 subsistentiis
754 2251 882 2287 separati,
897 2255 925 2279 et
940 2259 995 2279 non

196 2301 285 2321 unum
309 2294 416 2330 proprie
430 2295 603 2323 exsistentes.
624 2297 657 2323 In
672 2296 764 2324 divina
787 2300 882 2324 autem
896 2296 995 2324 Triade

197 2345 268 2366 unus
288 2339 375 2373 Deus,
399 2339 447 2367 sed
471 2347 526 2367 non
541 2344 595 2368 tres
613 2340 661 2375 dii,
684 2345 795 2376 propter
816 2349 994 2376 personarum

195 2382 369 2411 inconfusam
393 2383 693 2417 circumincessionem.
721 2384 792 2413 adde
818 2389 846 2413 et
866 2385 994 2414 eamdem

195 2427 364 2455 volitionem.

228 2472 319 2499 Vens.
328 2474 420 2499 39—42.
427 2473 660 2510 Quaerebantergo
666 2473 768 2502 iterum
776 2481 841 2502 eum
847 2473 995 2510 apprehen-

192 2514 268 2549 dere,
283 2520 310 2543 et
320 2516 405 2544 exivit
419 2516 454 2544 de
465 2525 549 2545 manu
562 2526 670 2552 eorum,
683 2522 711 2546 et
723 2518 790 2546 abiit
804 2519 905 2546 iterum
918 2523 994 2547 trans

191 2559 343 2588 Jordanem
357 2561 384 2588 in
399 2569 463 2589 cum
478 2562 570 2590 locum
584 2562 630 2589 ubi
639 2562 729 2590 fuerat
740 2563 839 2591 Joanes
854 2563 993 2598 baptizans

191 2605 326 2641 primum,
353 2607 511 2643 mansitque
537 2607 601 2635 illic.
628 2609 664 2635 Et
691 2607 772 2636 multi
797 2613 931 2636 venerunt
958 2609 992 2637 ad

191 2658 267 2684 eum,
289 2658 322 2678 ac
336 2650 464 2679 dicebant
489 2660 497 2679 :
512 2653 636 2679 Joannes
649 2651 761 2688 quidem
782 2653 893 2689 signum
908 2652 993 2681 edidit

190 2696 299 2723 nullum
317 2705 324 2722 :
338 2696 434 2724 omnia
448 2700 541 2724 autem
559 2705 728 2733 quzncunque
741 2697 812 2725 dixit
823 2699 946 2726 Joannes
958 2698 991 2726 de

189 2738 253 2774 hoc,
270 2748 333 2768 vera
345 2744 433 2776 erant,
451 2745 478 2768 et
493 2741 673 2769 crediderunt
683 2742 760 2770 multi
776 2742 832 2770 illic
845 2742 874 2770 in
887 2751 963 2771 cum.
977 2754 989 2768 ιι

189 2784 445 2822 Quaeruntquidem
454 2786 657 2822 apprehendere
670 2787 833 2822 Dominum,
841 2787 926 2823 654
935 2795 991 2815 non

189 2827 308 2858 ferentes
329 2837 406 2865 eum,
427 2831 501 2866 quod
525 2835 584 2860 tam
609 2831 730 2860 sublime
754 2831 789 2861 de
814 2839 843 2861 se
866 2832 990 2861 testimo-

1011 2188 1036 2220 D

1052 1581 1134 1610 Θεοῦ·
1153 1578 1206 1607 ἀπὸ
1220 1580 1267 1614 τῆς
1288 1580 1341 1607 τῶν
1356 1577 1439 1617 ἔργων
1462 1573 1507 1607 οὖν
1523 1577 1647 1613 ἷσότητός
1664 1589 1694 1606 τε
1714 1577 1760 1607 xui
1783 1591 1856 1607 ruu-

1051 1623 1158 1659 τότητος
1177 1622 1307 1656 ἀπόδειξιν
1322 1624 1369 1658 τῆς
1390 1621 1458 1651 κατὰ
1481 1621 1529 1658 τὴν
1551 1622 1660 1660 δύναμιν
1686 1622 1855 1659 ταυτότητος

1050 1668 1160 1698 λάϐετε·
1183 1668 1237 1697 ἀπὸ
1270 1667 1370 1697 τούτων
1392 1668 1443 1707 γὰρ
1469 1666 1546 1696 ἔσται
1572 1668 1634 1705 ὑμῖν
1663 1669 1680 1703 ἡ
1710 1669 1758 1702 τῆς
1788 1669 1855 1706 ἔμ’ἤς

1051 1713 1172 1748 θεότητος
1193 1712 1339 1753 μαρτυρία,
1359 1711 1406 1741 καὶ
1429 1710 1580 1750 γνώσεσθε,
1606 1711 1652 1741 καὶ
1676 1712 1853 1748 πιστεύσετε,

1050 1757 1091 1788 ὅτι
1108 1757 1179 1786 οὐδὲν
1195 1757 1261 1786 ἄλλο
1284 1756 1337 1796 ἐγώ
1358 1759 1428 1795 εἰμι,
1445 1755 1462 1792 ἢ
1478 1755 1542 1796 ὅπερ
1559 1758 1572 1785 6
1598 1755 1704 1796 Πατήρ.
1723 1756 1784 1792 Τὴν
1801 1757 1853 1797 γὰρ

1051 1802 1133 1838 αὐτὴν
1156 1802 1247 1832 οὐσίαν
1274 1801 1328 1842 ἔχω
1357 1801 1443 1840 μένων
1468 1801 1546 1838 Υἱὸς,
1573 1801 1619 1831 xui
1640 1804 1673 1841 τῇ
1704 1802 1851 1831 ὑποστάσει

1050 1847 1194 1888 διαφέρων.
1224 1846 1365 1880 Ὡσαύτως
1376 1846 1422 1876 καὶ
1437 1847 1450 1874 6
1464 1846 1560 1886 Πατὴρ
1574 1845 1660 1884 μένων
1676 1845 1786 1886 Πατὴρ,
1804 1846 1849 1876 καὶ

1049 1894 1082 1931 τῇ
1097 1891 1241 1921 ὑποστάσει
1253 1891 1400 1931 διαφέρων,
1416 1890 1489 1919 οὐδὲν
1504 1891 1570 1919 ἄλλο
1583 1890 1652 1926 ἐστὶ,
1668 1889 1685 1925 ἢ
1700 1891 1764 1924 Υἱὸς
1779 1890 1848 1920 κατὰ

1049 1937 1098 1972 τὴν
1119 1936 1211 1965 οὖσίαν
1228 1935 1329 1971 δηλαδὴ
1356 1934 1401 1964 καὶ
1429 1934 1477 1970 τὴν
1500 1935 1587 1974 φύσιν.
1607 1935 1640 1964 Εἰ
1668 1934 1694 1963 δὲ
1719 1935 1764 1964 καὶ
1788 1939 1847 1968 ταῖς

1049 1980 1211 2010 ὑποστάσεσι
1226 1980 1400 2018 διαφέρομεν,
1425 1979 1484 2008 ἀλλ’
1501 1980 1530 2008 οὖ
1550 1978 1707 2018 χωρίζονται
1730 1981 1758 2009 αἱ
1781 1983 1847 2009 ὑπο·

1050 2024 1155 2058 στάσεις
1177 2024 1223 2053 καὶ
1237 2021 1400 2059 διίστανται,
1417 2023 1475 2052 ἀλλ’
1491 2025 1517 2053 ἐν
1534 2024 1658 2059 ἀλλήλοις
1683 2023 1747 2052 εἰσὶν
1766 2026 1849 2063 ἀσυγ-

1049 2067 1134 2108 χύτως
1158 2071 1172 2098 6
1191 2069 1287 2108 Πατὴρ
1303 2069 1348 2098 καὶ
1370 2070 1384 2097 6
1398 2069 1473 2101 Υἱός·
1488 2069 1517 2098 οὔ
1531 2067 1583 2108 γὰρ
1598 2068 1688 2108 ὥσπερ
1707 2069 1747 2108 ἐφ’
1769 2070 1847 2106 ἡμῶν

1049 2115 1063 2142 6
1080 2114 1169 2154 πατὴρ
1190 2112 1352 2154 κεχώρισται
1369 2116 1415 2142 τοῦ
1426 2114 1498 2152 υἱοῦ,
1513 2113 1558 2142 καὶ
1573 2115 1606 2152 τῇ
1622 2113 1698 2153 φύσει
1710 2112 1737 2142 ἕν
1753 2114 1843 2149 ἐστιν,

1050 2157 1132 2191 οὕτως
1147 2158 1200 2198 ἄρα
1226 2158 1273 2188 χαὶ
1297 2158 1341 2188 ἐπὶ
1364 2160 1416 2187 τῶν
1433 2157 1508 2188 θείων
1532 2158 1717 2186 ὓποστάσεων·
1740 2158 1800 2186 ἀλλ’
1820 2158 1846 2187 ἐν

1051 2203 1174 2238 ἀλλήλοις
1187 2203 1252 2233 εἰσὶν
1268 2202 1432 2243 ἀσυγχύτους.
1448 2202 1495 2233 Διὸ
1510 2201 1554 2232 καὶ
1570 2203 1645 2241 ἡμεῖς
1661 2206 1729 2241 τρεῖς
1745 2202 1847 2242 ἄνθρω-

1049 2259 1095 2277 ποι
1122 2248 1268 2288 λεγόμεθα,
1286 2250 1322 2281 ὡς
1347 2251 1405 2281 ταῖς
1429 2247 1591 2277 ὑποστάσεσι
1617 2247 1780 2284 διιστάμενοι
1800 2246 1845 2288 καὶ

1048 2293 1097 2332 οὐχ
1120 2285 1264 2332 ἓνοιυρίως
1281 2292 1365 2328 ὄντες,
1387 2291 1431 2321 ἐπὶ
1454 2290 1481 2321 δὲ
1505 2294 1552 2326 τῆς
1572 2291 1648 2330 ἁγίας
1671 2291 1784 2330 Τριάδος
1811 2285 1846 2324 εἷς

1048 2338 1135 2376 Θεὸς,
1149 2337 1208 2367 ἀλλ’
1225 2339 1253 2367 οὗ
1271 2338 1338 2377 τρεῖς
1350 2360 1358 2374 ,
1374 2337 1416 2366 διὰ
1431 2336 1478 2372 τὴν
1500 2338 1552 2365 τῶν
1575 2335 1746 2365 ὓποστάσεων
1764 2335 1845 2374 ἀσύγ-

1047 2393 1127 2422 χυτον
1154 2383 1180 2411 ἐν
1215 2382 1340 2417 ἀλλήλοις
1363 2382 1564 2422 περιχώρησιν,
1591 2380 1704 2420 πρόσθες
1727 2380 1774 2410 xui.
1795 2380 1843 2416 τὴν

1048 2426 1240 2456 ταυτοϐουλίαν
1257 2426 1301 2456 καὶ
1319 2427 1349 2456 τὸ
1368 2425 1534 2460 ταυτοθελές.

1091 2485 1104 2497 α
1130 2471 1260 2506 Ἐζήτουν
1277 2466 1320 2500 οὖν
1346 2471 1426 2500 πάλιν
1443 2470 1520 2499 αὐτὸν
1534 2469 1646 2506 πιάσαι,
1672 2469 1718 2499 καὶ
1738 2470 1842 2506 ἐξῆλθεν

1046 2518 1076 2546 ἐκ
1094 2517 1141 2551 τῆς
1161 2516 1248 2556 χειρὸς
1275 2517 1371 2551 αὐτῶν,
1396 2515 1442 2544 χαὶ
1469 2515 1572 2550 ἀπῆλθε
1595 2513 1676 2543 πάλιν
1698 2514 1781 2554 πέραν
1797 2515 1842 2544 τοῦ

1047 2561 1180 2601 Ἰορδάνου
1205 2561 1240 2593 εἰς
1260 2560 1304 2590 τὸν
1328 2560 1420 2596 τόπον,
1448 2558 1513 2589 ὅπου
1536 2556 1567 2596 ἦν
1582 2558 1710 2595 Ἰωάννης
1728 2559 1842 2601 τὸᾉπρῶ-

1045 2599 1091 2635 τον
1108 2604 1255 2645 βαπτίζων,
1281 2604 1327 2633 καὶ
1351 2603 1452 2643 ἔμεινεν
1478 2604 1541 2634 ἐκεῖ.
1569 2603 1623 2634 Καὶ
1646 2603 1740 2633 πολλοὶ
1764 2599 1840 2639 ἧλοον

1045 2650 1109 2690 πρὸς
1134 2650 1211 2679 αὐτὸν
1241 2648 1287 2678 καὶ
1312 2649 1417 2688 ἔλεγον,
1443 2647 1485 2678 ὅτι
1508 2648 1633 2690 Ἰιοάννης
1659 2648 1707 2686 μὲν
1732 2652 1839 2686 σημεῖον

1046 2688 1169 2730 ἐποίησεν
1193 2693 1285 2732 οὐδὲν,
1312 2693 1400 2723 πάντα
1416 2692 1443 2722 δὲ
1462 2692 1512 2722 ὅσα
1538 2688 1609 2722 εἶπεν
1633 2692 1758 2729 Ἰωάννης
1782 2691 1841 2731 περὶ

1045 2738 1153 2775 τούτου,
1176 2740 1261 2774 ἀληθῆ
1281 2734 1324 2775 ἦν.
1349 2737 1405 2768 Καὶ
1429 2737 1587 2767 ἐπίστευσαν
1611 2737 1705 2766 πολλοὶ
1729 2737 1785 2766 ἐκεῖ
1807 2737 1842 2768 εἷς

1046 2783 1134 2814 αὐτόν.
1153 2797 1166 2811 ν
1209 2783 1324 2820 Ζητοῦσι
1341 2782 1389 2822 μὲν
1409 2782 1504 2811 πιάσαι
1530 2782 1575 2812 τὸν
1597 2781 1711 2821 Κύριον,
1732 2781 1769 2820 μὴ
1792 2780 1838 2822 φέ-

1046 2840 1133 2869 ροντες
1171 2828 1251 2858 αὐτὸν
1280 2827 1328 2864 τὴν
1356 2826 1461 2866 ὑψηλὴν
1491 2826 1551 2866 περὶ
1585 2828 1666 2856 αὑτοῦ
1693 2825 1838 2866 μαρτυρίαν
