1922 3077
122 143 156 170 85
519 142 715 171 ENARRATIO
734 144 767 171 IN
786 144 1003 174 EVANGELIUM
1020 145 1168 175 JOANNIS.
1189 162 1224 166 —
1243 147 1318 175 CAP.
1338 148 1380 175 XI.
1737 149 1772 176 86

120 204 289 242 ποιούμενον·
304 205 333 235 οὗ
348 204 401 246 γὰρ
412 204 550 245 ἠνείχοντο
572 207 651 236 αὐτοῦ
672 205 707 236 τὰ
726 206 838 247 κρείττω
863 211 906 238 θεο

974 209 1051 237 nium
1065 208 1232 244 perhiberet;
1245 217 1334 245 neque
1348 209 1425 238 enim
1441 209 1566 239 ferebant
1580 211 1770 240 sublimiorem

121 250 273 288 λογοῦντος,
300 249 385 283 Αὐτὸς
408 249 436 279 δὲ
463 251 612 290 ὑποχωρεῖ,
638 251 750 284 ἐνδιδοὺς
777 253 864 282 αὐτῶν
882 255 920 293 τῷ

121 296 214 334 θυμῷ,
238 294 282 324 καὶ
299 295 342 324 διὰ
363 296 410 331 τῆς
435 295 565 329 ἀπουσίας
588 295 666 332 λῆξαι
682 296 769 330 αὐτοῖς
784 297 814 327 τὸ
838 298 921 332 πάθος

119 343 167 369 τοῦ
199 342 283 377 θυμοῦ
309 340 533 380 παρασκευάζων,
560 340 606 370 καὶ
631 341 746 371 ἀκόντων
774 342 801 371 δὲ
833 343 919 371 αὐτῶν

118 385 270 423 ὑποχωρεῖ,
290 383 433 421 δεικνὺς,8
454 385 597 422 πολλάκις,
614 386 733 423 εἴπομεν,
749 385 789 415 ὅτι
814 387 868 416 οὐδ’
886 387 917 416 ἂν

119 428 146 458 ἐν
161 431 201 470 τῷ
217 431 327 469 σταυρῷ
347 429 497 469 συνελήφθη
508 453 516 467 ,
533 430 555 459 εἰ
572 429 610 468 μὴ
625 429 692 460 ἑκὼν
709 431 800 460 ἑαυτὸν
821 431 916 461 ἐδίδου.

118 474 180 503 Ποῦ
205 472 234 503 δὲ
261 476 413 514 ὑποχωρεῖς
445 487 457 500 ι
485 474 576 515 Πέραν
600 479 646 506 τοῦ
673 475 825 515 Ἰορδάνου,
853 477 918 507 ὅπου

117 517 247 554 Ἰωάννης
272 519 428 555 ἐϐάπτιζεν,
452 532 465 545 ι
481 520 529 548 οὐκ
545 520 647 559 ἀλόγως
669 521 755 550 ἐκεῖσε
771 521 915 561 ἀναχωρή-

117 574 184 600 σας,
220 562 281 593 ἀλλ’
308 563 520 602 ἀναμιμνήσκων
546 564 606 599 τοὺς
640 564 755 599 πολλοὺς
784 567 836 594 τῶν
862 567 918 595 ἐκεῖ

116 608 281 648 γενομένων,
306 608 419 638 καὶτῶν
444 609 592 648 λεχθέντων
608 610 683 650 παρὰ
706 610 831 640 Ἰωάννου
854 611 916 651 περὶ

115 653 208 682 αὐτοῦ.
234 651 301 683 Ὀτι
325 653 352 682 δὲ
375 653 488 687 πολλοὺς
512 653 613 690 ὤνησεν
635 658 652 692 ἡ
681 655 742 694 περὶ
767 655 811 684 τὸν
835 655 916 686 τόπον

114 697 260 744 διατριϐὴν,
281 698 414 744 ἐπήγαγεν
436 701 450 728 ὁ
477 699 684 738 εὖαγγελιστὴς,
712 700 806 739 λέγων·
831 714 843 728 ι
861 701 916 730 Καὶ

114 743 210 772 πολλοὶ
235 743 313 778 ἦλθον
344 743 408 783 πρὸς
433 744 528 780 αὐτὸν,
554 744 600 773 καὶ
634 745 846 783 ἀναμνησθέντες
869 748 915 775 τοῖ’)

112 786 215 825 τόπου,
245 787 351 826 ἔλεγον,
380 788 478 828 φησὶν,
504 789 544 818 ὅτι
569 789 696 825 Ἰωάννης
726 789 773 828 μὲν
804 794 913 829 σημεῖον

113 833 240 868 ἐποίησεν
255 832 340 861 οὐδέν.
357 846 370 859 ι
412 832 451 863 ⁸⁵0
477 832 505 862 δὲ
529 833 616 872 λέγει,
640 835 758 864 τοιοῦτόν
777 835 863 872 ἐστιν,
880 837 913 866 Εἰ

113 876 207 916 ἐκείνῳ
242 877 437 916 ἐπιστεύσαμεν
475 877 556 916 μηδὲν
591 879 747 915 πεποιηκότι
786 884 911 918 σημεῖον,

111 923 205 962 πολλῷ
224 923 326 960 μᾶλλον
342 923 429 963 τούτῳ
454 924 492 963 τῷ
506 926 624 953 τοσαῦτα
649 925 774 963 θαύματα
795 926 912 964 ἐργασα-

112 966 197 1006 μένῳ.
216 967 294 997 Ἐπεὶ
317 967 345 997 δὲ
368 967 494 1003 Ἰωάννης
514 967 682 1008 ἐμαρτύρησε
709 969 757 1007 μὲν
782 969 842 1010 περὶ
866 973 912 1000 τοῦ

112 1011 249 1050 Χριστοῦ,
272 1011 347 1041 οὐδὲν
370 1012 397 1042 δὲ
418 1017 527 1050 σημεῖον
548 1014 671 1050 ἐποίησε,
693 1014 739 1043 καὶ
765 1014 809 1043 διὰ
835 1017 912 1044 τοῦτο

111 1055 178 1090 ἴσως
197 1057 247 1085 οὐκ
270 1057 419 1091 ἀξιόπιστος
448 1057 479 1086 ἂν
507 1058 649 1096 ἐνομίσθη,
671 1058 789 1097 ἐπήγαγε
817 1058 911 1097 λέγων·

111 1115 123 1143 ξ
148 1101 264 1131 Πάντων
279 1101 306 1131 δὲ
327 1102 376 1132 ὅσα
392 1097 465 1131 εἶπεν
479 1102 605 1138 Ἰωάννης
619 1103 679 1141 περὶ
701 1103 806 1143 τούτου,
825 1105 911 1140 ἀληθῆ

109 1141 160 1183 ἧν,
176 1160 189 1172 ι
208 1147 257 1176 οὐκ
275 1147 314 1176 ἔτι
336 1149 428 1177 τοῦτον
449 1147 474 1182 ἐξ
490 1148 604 1184 ἐκείνου,
618 1147 679 1178 ἀλλ’
695 1141 803 1178 ἐκεῖνον
814 1150 859 1189 ἀφ’
875 1145 911 1178 ὧν

109 1193 123 1220 ὅ
149 1192 265 1230 Χριστὸς
291 1191 414 1228 ἐποίησεν
439 1191 592 1226 ἀξιόπιστον
616 1192 816 1233 ἀποφαίνοντες.
844 1194 909 1233 Διὸ,

108 1250 120 1262 -ι
145 1237 260 1273 Πολλοὶ,
280 1237 376 1276 φησὶν,
391 1238 446 1266 ἐκεῖ
467 1237 636 1268 ἐπίστευσαν.
655 1250 667 1264 ν
686 1238 726 1268 Τὸ
748 1239 775 1267 δὲ
797 1241 879 1274 ιέκεῖ,
898 1252 910 1266 ι

109 1282 208 1317 δηλοῖ,
221 1281 262 1311 ὅτι
279 1282 400 1321 μεγάλως
425 1283 439 1311 δ
463 1282 542 1315 τόπος
561 1283 660 1316 ἐκεῖνος
685 1282 780 1317 αὐτοὺς
800 1284 909 1324 ὠφέλη-

108 1337 172 1362 σεν,
198 1326 255 1356 ἐπεὶ
281 1327 327 1356 καὶ
358 1326 451 1356 τούτου
480 1326 561 1366 χάριν
590 1330 707 1367 συνεχῶς
735 1327 822 1367 ἐξάγει
850 1328 910 1362 τοὺς

106 1370 205 1410 ὄχλους
221 1372 235 1399 ὁ
249 1371 353 1407 Ἰησοῦς
372 1373 408 1404 εἷς
428 1372 541 1410 ἐρήμους
559 1372 673 1411 τόπους,
688 1374 735 1408 τῆς
750 1374 803 1401 τῶν
823 1384 908 1409 πονη-

108 1417 165 1455 ρῶν
193 1415 338 1456 ἀνθρώπων
358 1417 495 1450 συνουσίας
521 1417 680 1457 ἐλευθερῶν,
707 1417 771 1457 πρὸς
791 1417 821 1446 τὸ
841 1430 909 1458 καρ-

106 1459 254 1490 πώσασθαί
274 1473 300 1490 τι
329 1460 410 1501 μέγα,
433 1461 554 1501 καθάπερ
573 1462 618 1491 καὶ
644 1462 689 1491 ἐπὶ
717 1464 762 1498 τῆς
783 1463 909 1497 Παλαιᾶς

973 254 1032 290 ejus
1045 253 1224 290 theologiam.
1252 255 1312 290 Ipse
1325 258 1416 282 autem
1439 254 1502 282 inde
1523 256 1633 289 transit.
1658 256 1769 285 illorum

972 298 1057 327 furori
1074 299 1183 331 cedens,
1197 303 1224 327 et
1240 299 1362 327 absentia
1383 307 1431 327 sua
1451 299 1559 327 illorum
1575 301 1702 328 morbum
1717 301 1767 329 mi-

972 344 1051 379 tigari
1077 344 1188 372 faciens.
1222 343 1330 372 Secedit
1361 348 1454 372 autem
1481 344 1571 372 invitis
1594 345 1658 378 illis,
1683 353 1766 373 mon-

971 393 1060 417 strans
1082 392 1123 422 (ut
1137 396 1209 425 saepe
1229 388 1358 422 diximus)
1380 389 1452 425 quod
1474 397 1562 426 neque
1576 390 1604 417 in
1626 398 1705 418 cruce
1719 389 1767 418 dc-

971 436 1064 461 tentus
1086 433 1190 467 fuisset,
1207 434 1259 461 nisi
1279 438 1377 470 sponte
1398 442 1427 462 se
1450 434 1616 462 tradidisset.
1633 435 1695 470 Quo
1718 442 1766 462 au-

971 481 1028 505 tem
1046 479 1187 507 concedit?
1201 490 1214 503 ιι
1237 480 1325 507 Trans
1339 479 1499 511 Jordanem,
1521 478 1567 506 ubi
1581 481 1700 506 Joannes
1717 479 1766 506 ba-

972 523 1093 558 ptizavit.
1116 533 1130 550 ia
1145 525 1206 551 Non
1228 523 1329 559 absque
1352 532 1432 551 causa
1450 532 1478 551 se
1491 523 1554 551 illuc
1568 523 1697 557 contulit,
1719 523 1768 551 sed

971 567 998 595 in
1015 568 1176 596 memoriam
1190 568 1298 596 reduxit
1315 568 1485 596 multitudini
1506 576 1566 604 qua:
1588 568 1639 596 illic
1653 568 1721 596 facta
1741 573 1768 596 et

970 612 1041 640 dicta
1073 621 1088 640 a
1112 614 1218 641 Joanne
1243 613 1278 641 dc
1309 621 1346 641 se.
1382 613 1461 648 Quod
1486 618 1578 641 autem
1611 613 1685 641 illius
1712 613 1766 641 illic

970 657 1139 685 conversatio
1159 657 1261 685 multos
1285 656 1457 692 lucrifecerit,
1479 657 1571 685 subdit
1589 658 1766 691 evangelista,

970 701 1065 730 dicens
1087 711 1093 729 :
1118 713 1130 726 ι
1148 703 1182 729 Et
1196 702 1276 729 multi
1290 706 1424 729 venerunt
1438 702 1472 731 ad
1487 710 1562 735 eum,
1585 706 1612 730 et
1631 702 1767 730 recordati

970 746 1034 779 loci,
1049 746 1187 780 dicebant,
1202 746 1303 782 inquit,
1319 749 1440 774 Joannes
1453 747 1565 783 quidem
1579 747 1687 781 signum
1705 746 1768 774 fecit

969 792 1087 819 nullum.
1117 803 1129 816 ν
1150 792 1286 820 Caeterum
1308 791 1381 827 quod
1403 792 1480 826 dicit,
1505 792 1542 819 ita
1557 799 1586 819 se
1613 791 1694 819 habet
1715 792 1766 820 :Si

968 836 1008 864 illi
1028 836 1195 864 credidimus
1221 837 1267 872 qui
1281 837 1385 864 nullum
1406 844 1528 872 unquam
1553 836 1619 864 fecit
1646 836 1765 872 signum,

969 881 1056 908 multo
1075 881 1162 917 magis
1176 880 1199 908 ei
1213 881 1258 916 qui
1280 885 1324 909 tot
1342 885 1471 917 tantaque
1487 885 1613 917 operatus
1625 885 1666 908 est
1678 881 1762 916 signa.

968 925 1048 960 Quod
1069 930 1160 953 autem
1179 926 1298 953 Joannes
1316 930 1432 953 testatus
1450 926 1564 961 quidem
1583 925 1618 952 sit
1638 925 1672 953 de
1686 925 1764 953 Chri-

967 975 1022 1003 sto,
1036 970 1147 1005 signum
1171 978 1235 997 vero
1255 970 1363 998 nullum
1387 969 1493 1004 fecerit,
1522 974 1549 997 et
1573 974 1683 1005 propter
1712 969 1765 998 hoc

967 1014 1092 1042 fortassis
1113 1022 1169 1042 non
1185 1018 1289 1042 tantam
1310 1014 1391 1042 ﬁdem
1411 1015 1552 1047 meruerit,
1570 1014 1699 1047 subdidit,
1720 1014 1764 1042 di-

966 1068 1030 1087 cens
1046 1068 1054 1087 :
1077 1071 1089 1084 ι
1103 1059 1201 1087 Omnia
1220 1064 1314 1087 autem
1327 1067 1498 1095 quaecunque
1517 1061 1636 1087 Joannes
1649 1059 1715 1087 dixit
1729 1058 1764 1087 de

966 1105 1030 1138 hoc,
1043 1112 1106 1132 vera
1119 1107 1208 1132 erant.
1229 1115 1242 1128 ν
1257 1105 1315 1132 Non
1329 1104 1398 1132 ultra
1418 1103 1490 1131 hunc
1503 1103 1537 1131 ab
1556 1104 1613 1136 illo,
1626 1104 1673 1131 sed
1687 1104 1764 1132 illum

967 1157 999 1177 ex
1010 1149 1052 1177 his
1065 1157 1125 1185 qua:
1136 1149 1262 1177 Christus
1275 1148 1350 1182 fecit,
1363 1149 1472 1176 ﬁdelem
1483 1148 1632 1176 afﬁrmant.
1646 1148 1760 1183 Idcirco,

968 1206 980 1218 «ι
993 1194 1086 1227 Multi,
1097 1193 1193 1230 inquit.
1207 1194 1263 1221 illic
1276 1193 1461 1221 crediderunt.
1479 1205 1491 1217 υ
1507 1193 1630 1221 Dicendo
1643 1205 1655 1217 α
1671 1193 1733 1227 illic,
1748 1205 1761 1218 ι»

965 1239 1055 1274 signat
1071 1238 1145 1274 quod
1166 1238 1241 1266 locus
1254 1238 1299 1266 ille
1314 1238 1382 1266 mire
1403 1237 1536 1273 profuerit
1564 1247 1570 1265 :
1592 1237 1763 1274 quandoqui-

965 1283 1028 1312 dem
1043 1287 1071 1311 et
1083 1283 1134 1310 hac
1151 1290 1232 1310 causa
1246 1282 1360 1311 subinde
1374 1282 1508 1310 Dominus
1520 1283 1653 1318 populum
1672 1282 1699 1310 in
1719 1290 1763 1311 so-

964 1328 1053 1356 litaria
1070 1328 1128 1355 loca
1142 1335 1157 1355 a
1171 1327 1368 1356 consuetudine
1383 1327 1520 1355 malorum
1536 1327 1680 1354 hominum
1697 1327 1763 1355 libe-

963 1380 1027 1401 rans
1049 1372 1150 1406 educit,
1174 1379 1228 1407 quo
1251 1372 1338 1407 magis
1353 1372 1403 1399 illis
1416 1372 1556 1407 prodesset
1579 1379 1585 1396 :
1601 1372 1673 1399 sicut
1687 1376 1714 1399 et
1732 1371 1762 1400 in

964 1418 1049 1445 veteri
1075 1417 1132 1453 lege
1154 1416 1253 1444 fecisse
1275 1420 1396 1452 apparet.
1421 1416 1533 1444 Eductis
1555 1416 1627 1444 enim
1650 1416 1703 1444 illis
1728 1424 1760 1444 ex

963 1464 1090 1498 Egypto,
1113 1462 1140 1488 iu
1155 1461 1302 1489 solitudine
1316 1460 1419 1497 aptavit
1439 1465 1466 1488 et
1491 1460 1621 1488 formavit
1641 1460 1695 1488 sibi
1711 1468 1760 1496 po-

105 1505 224 1541 ποιήσας
258 1506 396 1546 φαίνεται,
434 1505 568 1546 ἐξαγαγὼν
601 1506 648 1545 μὲν
679 1509 726 1543 τῆς
759 1507 906 1545 Αἰγύπτου,

968 1509 1069 1543 pulum,
1085 1505 1177 1534 dando
1193 1506 1229 1534 illi
1246 1506 1342 1541 legem.
1357 1505 1475 1533 Attende
1486 1510 1578 1533 autem
1593 1509 1621 1533 et
1635 1505 1760 1534 secessio-

106 1551 134 1580 ἓν
161 1550 256 1592 ἐρήμῳ
284 1550 311 1580 δὲ
344 1551 514 1581 διαπλάττων
541 1551 586 1580 τὸν
613 1551 677 1581 λαὸν
701 1551 746 1581 καὶ
778 1553 908 1592 ῥυθμίζων

111 1595 156 1625 διὰ
181 1598 228 1624 τοῦ
244 1596 323 1633 νόμον
349 1596 438 1625 δοῦναι
465 1597 548 1636 αὐτῷ.
576 1596 678 1625 Σκόπει
704 1596 730 1625 δὲ
757 1597 801 1625 καὶ
826 1609 908 1626 πνευ-

110 1641 232 1679 ματικῶς
258 1640 418 1679 τελουμένην
448 1640 497 1676 τὴν
515 1640 686 1681 ὑποχώρησιν
712 1643 757 1670 τοῦ
779 1642 907 1680 Χριστοῦ.

108 1684 256 1724 Ἀναχωρεῖ
274 1684 321 1723 μὲν
340 1685 392 1724 γὰρ
413 1686 443 1715 ἐκ
467 1687 520 1715 τῶν
544 1685 750 1725 Ἱεροσολύμων,
773 1686 908 1723 τουτέστι,

108 1732 155 1759 τοῦ
185 1729 334 1760 Ἰουδαϊκοῦ
362 1730 437 1760 λαοῦ·
463 1731 499 1763 εἰς
523 1730 603 1759 τόπον
634 1730 661 1759 δὲ
694 1730 782 1770 πηγὰς
811 1730 907 1770 ἔχοντα

106 1773 283 1812 μεθίσταται,
299 1774 346 1810 τὴν
360 1774 385 1808 ἐξ
395 1775 473 1803 ἐθνῶν
488 1774 589 1811 δηλαδὴ
604 1775 781 1811 Ἐκκλησίαν,
796 1775 844 1811 τὴν
859 1775 907 1809 τὰς

107 1818 196 1857 πηγὰς
213 1817 328 1857 ἔχουσαν
343 1822 388 1848 τοῦ
406 1818 601 1858 βαπτίσματος.
625 1819 680 1849 Καὶ
697 1819 728 1854 δὴ
743 1820 906 1859 προσέρχονς

105 1874 150 1892 ται
165 1864 239 1902 αὐτῷ
259 1863 352 1893 πολλοὶ
368 1864 598 1903 διαπεραιούμενοι
626 1864 670 1893 τὸν
689 1863 836 1901 Ἰορδάνην,
860 1863 906 1893 καὶ

105 1906 149 1936 διὰ
176 1910 222 1936 τοῦ
241 1907 425 1946 βαπτίσματος
447 1908 622 1948 διερχόμενοι.
646 1907 687 1938 Τὸ
707 1907 759 1948 γὰρ
784 1922 796 1934 ιι
819 1907 904 1948 πέραν

962 1560 1026 1580 nem
1043 1550 1152 1584 Christi,
1167 1557 1230 1586 qua:
1244 1551 1420 1586 spiritualiter
1432 1550 1473 1578 ﬁt.
1491 1552 1561 1578 Nam
1580 1550 1683 1578 secedit
1698 1550 1759 1586 qui-

961 1596 1025 1626 dem
1037 1596 1071 1623 ab
1082 1595 1291 1632 Hierosolymis,
1301 1595 1354 1623 hoc
1364 1600 1416 1628 est,
1429 1594 1544 1622 Judaico
1554 1596 1666 1631 populo,
1680 1595 1707 1622 in
1720 1595 1759 1622 Ιο-

963 1649 1025 1669 cum
1045 1645 1137 1668 autem
1151 1640 1250 1668 transit
1270 1639 1417 1668 habentem
1433 1639 1530 1674 fontes,
1548 1639 1696 1668 Ecclesium
1718 1639 1760 1667 vi-

962 1686 1058 1714 delicet
1072 1693 1103 1713 ex
1119 1685 1254 1720 gentibus,
1274 1685 1302 1712 in
1316 1692 1369 1720 qua
1381 1684 1471 1712 fontes
1484 1684 1664 1720 baptismatis.
1680 1684 1760 1712 Unde

962 1730 1041 1758 multi
1052 1734 1223 1758 accesserunt
1235 1729 1268 1757 ad
1277 1738 1353 1763 eum,
1366 1741 1379 1753 α
1390 1729 1540 1757 Jordauem
1551 1733 1730 1762 transeuntes,
1745 1741 1758 1754 ιι

961 1774 989 1802 id
1011 1778 1053 1802 est
1068 1774 1216 1810 baptisma.
1240 1775 1311 1802 Nam
1327 1774 1500 1801 trausmissio
1524 1774 1653 1802 Jordanis
1677 1773 1760 1809 signi-

960 1818 1022 1846 ﬁcat
1049 1818 1221 1854 baptismatis
1245 1820 1403 1846 transitum.
1420 1819 1483 1846 Non
1508 1818 1586 1846 aliter
1608 1818 1680 1846 enim
1697 1818 1760 1854 quis

960 1863 1065 1891 accedit
1086 1863 1120 1891 ad
1144 1865 1251 1898 Jesum,
1272 1867 1300 1890 et
1314 1871 1375 1890 vere
1399 1863 1428 1890 ﬁt
1443 1862 1542 1895 ﬁdelis,
1559 1863 1612 1890 nisi
1626 1862 1759 1898 baptisma

959 1911 1091 1940 transeat,
1107 1907 1180 1944 quod
1200 1916 1249 1944 per
1261 1907 1411 1935 Jordanem
1427 1907 1605 1942 signiﬁcatur.

105 1954 151 1981 τοῦ
173 1952 328 1991 Ἰορδάνου,
351 1966 362 1978 ιι
384 1956 459 1982 τοῦτο
485 1953 575 1992 δηλοῖ,
599 1952 648 1988 τὴν
673 1952 716 1982 διὰ
736 1955 783 1981 τοῦ
808 1952 992 1993 βαπτίσματος
1015 1952 1085 1992 λέγω
1110 1953 1206 1982 δίοδον.
1232 1953 1291 1982 Οὐκ
1315 1951 1400 1985 ἄλλως
1425 1951 1478 1992 γάρ
1504 1964 1541 1985 τις
1562 1951 1670 1991 ἔρχεται
1693 1952 1758 1991 πρὸς

103 1996 149 2026 τὸν
170 1996 289 2034 Ἰησοῦν,
314 1997 359 2026 καὶ
384 1998 487 2033 ἀληθῶς
507 1997 600 2031 πιστὸς
621 1996 742 2037 γίνεται,
769 1998 792 2027 εἷ
815 1997 854 2037 μὴ
870 1997 901 2028 τὸ
923 1997 1064 2038 βάπτισμα
1087 1996 1228 2035 διέλθοι,8
1249 1997 1292 2027 διὰ
1310 2000 1355 2027 τοῦ
1371 1997 1504 2037 Ἰορδάνου
1521 1997 1657 2033 δηλοῦται.

390 2107 413 2135 Κ
419 2106 537 2136 ΕΦΑΛ.
565 2105 622 2135 lA’.

107 2173 166 2203 Περὶ
177 2174 220 2200 τῆς
237 2171 353 2203 ἐγέρσεως
374 2174 417 2196 τοῦ
432 2172 552 2203 Λαζάρου.
567 2173 627 2203 Περὶ
646 2174 688 2202 τῆς
706 2174 755 2196 τῶν
774 2171 905 2204 ἀρχιερέων

139 2209 182 2232 καὶ
205 2209 254 2232 τῶν
278 2208 420 2239 Φαρισαίων
446 2209 535 2239 βουλῆς
556 2209 609 2238 περὶ
632 2211 675 2232 τοῦ
699 2208 839 2232 ἀποκτεῖναι
865 2209 905 2233 τὸν

137 2244 244 2273 Ἰησοῦν.
279 2244 337 2275 Περὶ
350 2243 384 2267 ὧν
397 2243 462 2268 εἷπεν
481 2245 494 2268 ὁ
511 2244 632 2275 Καϊάφας.

148 2324 161 2336 ι
183 2305 240 2340 Ἦν
255 2309 284 2339 δέ
301 2322 340 2343 τις
361 2311 476 2339 ἀσθενῶν
494 2311 631 2350 Λάζαρος,
647 2311 699 2340 ἀπὸ
717 2309 859 2346 Βηθανίας,
876 2311 906 2340 ἐκ

106 2357 153 2395 τ’ἧς
180 2355 273 2392 κώμης
293 2355 401 2395 Μαρίας
417 2354 462 2384 καὶ
480 2355 592 2395 Μάρθας
612 2357 658 2390 τῆς
676 2356 788 2395 ἀδελφῆς
812 2356 903 2391 αὐτῆς.

106 2394 162 2429 ’Ἦν
187 2399 213 2428 δὲ
231 2399 324 2439 Μαρία
346 2394 371 2435 νὴ
394 2394 590 2439 ἀλείψασαντὸν
619 2400 716 2440 Κύριον
742 2394 830 2439 μύρῳ,
860 2400 907 2429 καὶ

109 2443 250 2483 ἐκμάξασα
273 2443 333 2476 τοὺς
354 2443 436 2478 πόδας
455 2445 534 2474 αὐτοῦ
559 2449 616 2478 ταῖς
643 2443 723 2484 θριξὶν
747 2446 858 2480 ἑαυτῆς¹,
875 2441 906 2481 ἧς

107 2490 121 2518 ὃ
148 2489 260 2528 ἀδελφὸς
290 2488 411 2528 Λάζαρος
447 2489 559 2524 ἠσθένει.
602 2488 772 2519 Ἀπέστειλαν
801 2484 844 2518 οὖν
878 2491 905 2518 αἱ

108 2533 220 2574 ἀδελφαὶ
244 2533 309 2573 πρὸς
331 2533 408 2562 αὐτὸν
427 2533 568 2571 λέγουσαι·
585 2533 685 2574 Κύριε,
708 2533 763 2569 ἴδε,
780 2532 808 2563 ὃν
824 2535 906 2573 φιλεῖς

108 2580 225 2607 ἀσθενεῖ.
244 2591 255 2603 ν
299 2577 387 2610 Μόνος
409 2578 456 2616 μὲν
471 2578 595 2614 Ἰωάννης
610 2578 655 2608 καὶ
667 2578 765 2614 ταύτης
777 2579 823 2613 τ’ἤς
837 2580 906 2609 ἱστο-

109 2623 164 2663 ρίας
182 2622 328 2661 μέμνηται.
347 2622 491 2660 Μέμνηται
513 2623 540 2652 δὲ
558 2623 600 2652 διὰ
618 2623 648 2652 τὸ
662 2624 804 2652 παιδεῦσαι
818 2625 905 2662 ἡμᾶς,

109 2668 146 2706 μὴ
164 2667 359 2708 δυσχεραίνειν,
385 2667 430 2696 ἐάν
446 2679 485 2700 τις
504 2667 624 2696 ἀσθένεια
644 2668 752 2707 γένηται
767 2667 828 2706 περὶ
847 2668 906 2702 τοὺς

108 2712 270 2745 σπουδαίους
286 2712 332 2741 καὶ
356 2713 482 2752 θεοφιλεῖς
498 2713 611 2752 ἄνδρας,
625 2712 682 2741 επεὶ
703 2713 749 2742 καὶ
770 2714 906 2753 Λάζαρος,

107 2756 142 2787 ὧν
158 2759 205 2786 τοῦ
229 2758 346 2798 Χριστοῦ
365 2757 457 2797 φίλος,
475 2757 589 2793 ἠσθένει.
632 2757 694 2797 Χρὴ
715 2758 741 2786 δὲ
762 2757 808 2787 καὶ
831 2761 908 2787 τοῦτο

110 2802 147 2840 μὴ
164 2803 273 2842 ἀγνοεῖν
283 2824 292 2839 ,
306 2801 347 2832 ὅτι
367 2802 414 2831 οὐκ
430 2798 461 2838 ἦν
478 2802 572 2842 Μαρία
588 2801 656 2839 αὕτη
679 2804 696 2838 ἡ
714 2801 847 2843 ἀλείψασα
862 2802 906 2832 τὸν

1265 2106 1389 2136 CAPUT
1411 2106 1449 2135 XI

961 2178 994 2199 De
1007 2177 1159 2199 mritatione
1172 2177 1264 2198 laturi.
1281 2177 1402 2205 Quomodo
1417 2176 1538 2197 conatuum
1552 2176 1657 2197 inferunt
1671 2178 1758 2198 summi

987 2213 1132 2238 sacerdoles,
1153 2216 1173 2234 cl
1196 2213 1314 2235 Pharisaei
1332 2213 1360 2234 de
1378 2213 1502 2234 occidenda
1521 2212 1624 2234 Christo.
1642 2213 1675 2233 De
1702 2218 1757 2236 pro-

987 2249 1066 2274 phetia
1082 2249 1184 2275 Caiphae.

997 2315 1085 2341 Vsus.
1114 2317 1170 2341 1-3.
1189 2325 1200 2337 α
1219 2313 1376 2349 Egrotabat
1399 2316 1490 2340 autem
1505 2312 1619 2347 quidam
1644 2313 1758 2340 nomine

962 2359 1094 2392 Lazarus,
1114 2357 1313 2391 Bethaniensis,
1331 2365 1347 2385 a
1362 2357 1472 2385 castello
1489 2357 1583 2384 Maria:
1599 2361 1626 2384 et
1642 2357 1758 2385 Marthae

962 2402 1043 2438 hujus
1060 2402 1172 2430 sororis.
1190 2402 1277 2430 Maria
1298 2406 1394 2430 autem
1413 2406 1471 2429 erat
1485 2409 1514 2429 ea
1531 2409 1592 2438 quas
1608 2402 1686 2429 unxit
1700 2403 1756 2430 D0-

961 2448 1069 2475 miuum
1094 2451 1244 2484 unguento,
1277 2451 1304 2474 et
1331 2447 1444 2474 extersit
1463 2446 1544 2482 pedes
1570 2447 1628 2483 ejus
1653 2447 1759 2483 capillis

960 2493 1027 2524 suis,
1065 2492 1143 2528 cujus
1177 2491 1261 2520 frater
1289 2492 1406 2519 Lazarus
1440 2492 1600 2527 aegrotabat.
1626 2492 1760 2519 Miserunt

961 2536 1045 2573 655
1067 2545 1133 2572 ergo
1153 2543 1263 2564 sorores
1285 2536 1319 2564 ad
1339 2543 1414 2570 eum,
1441 2537 1565 2565 dicentes
1594 2545 1602 2564 :
1630 2536 1758 2570 Domine,

960 2589 1033 2614 cecc,
1049 2589 1132 2618 quem
1146 2588 1223 2608 amas
1237 2585 1362 2617 aegrotat.
1382 2592 1393 2604 ι»
1410 2581 1488 2609 Solus
1502 2581 1612 2617 quidem
1639 2582 1759 2608 Joannes

960 2626 1042 2662 hujus
1055 2626 1090 2653 de
1105 2627 1211 2654 Lazaro
1227 2625 1354 2653 meminit
1365 2625 1497 2654 historiae.
1514 2625 1641 2653 Meminit
1654 2629 1757 2658 autem,

961 2675 992 2699 ut
1012 2679 1063 2699 nos
1077 2671 1185 2698 erudiat
1208 2679 1242 2698 ne
1266 2671 1328 2706 quis
1350 2671 1483 2706 gravatim
1507 2669 1588 2704 ferat,
1613 2670 1635 2697 si
1650 2669 1716 2697 boni
1731 2672 1759 2696 et

960 2717 1019 2743 Deo
1045 2715 1124 2743 amici
1151 2716 1200 2743 viri
1221 2715 1320 2743 morbo
1335 2719 1488 2748 teneantur,
1511 2715 1576 2750 quia
1592 2718 1619 2742 et
1640 2715 1760 2741 Lazarus

961 2769 1025 2789 cum
1055 2765 1127 2788 esset
1152 2760 1259 2788 amicus
1282 2760 1394 2793 Christi,
1419 2759 1571 2796 azgrotavit.
1597 2760 1693 2795 Neque
1707 2758 1760 2786 hoc

961 2805 1146 2842 ignorantium
1160 2809 1212 2838 est,
1231 2804 1305 2841 quod
1318 2812 1374 2832 non
1388 2809 1448 2832 erat
1461 2804 1513 2831 ista
1526 2803 1614 2832 Maria
1629 2811 1692 2839 qua:
1706 2810 1758 2830 un-
