1922 3077
137 173 142 177 ι
176 142 211 168 37
685 136 940 165 THEOPHYLACTI
959 136 1138 165 BULGARI/E
1156 138 1315 167 ARCHIEP.
1802 144 1842 170 88

129 209 135 214 '
175 206 253 231 xerat
279 201 433 230 Dominum
465 203 607 235 unguento
636 210 649 224 α
674 199 804 228 meretrix
825 199 848 217 ¹¹³
871 210 884 224 υ
911 207 971 235 quae

1026 199 1122 240 Κύριον
1141 201 1231 241 μύρῳ,
1245 203 1262 237 ἡ
1278 201 1362 241 πόρνη
1384 204 1402 238 ἡ
1415 203 1490 241 παρὰ
1509 205 1547 244 τῷ
1564 205 1672 245 Λουκᾷ,
1688 204 1734 241 ἣὴ
1750 204 1844 245 παρὰ

177 247 250 284 apud
265 248 370 274 Lucam
392 245 433 273 vel
449 244 626 277 Matthaeum;
653 244 702 271 sed
725 245 786 278 alia,
802 252 857 272 non
881 252 970 272 mere-

173 293 240 325 trix,
264 291 378 319 honesta
403 293 496 318 autem
520 293 548 316 et
567 289 691 324 religiosa
715 293 743 316 et
767 289 899 317 ofﬁciosa.
922 290 970 316 Et-

174 337 248 365 enim
268 336 414 371 diligenter
436 333 614 362 ministrabat
628 338 754 370 suscepto
769 334 889 367 Christo,
903 334 974 361 sicut

172 382 294 409 Joannes
317 383 433 407 testatur
454 388 462 406 :
479 379 545 415 quin
568 382 596 406 et
610 379 712 406 bonam
728 383 836 414 partem
859 379 973 414 elegisse

174 424 367 454 testimonium
387 422 479 456 habet,
501 426 532 450 ut
546 422 585 450 ait
598 424 697 450 Lucas.
721 424 761 450 lta
782 427 873 450 autem
894 423 974 451 clarae

174 473 204 497 et
226 468 397 497 admirabiles
419 467 530 495 fuerunt
543 475 662 501 sorores,
680 471 711 495 ut
725 472 753 495 et
775 469 896 495 Lazarus
917 468 974 504 ipse

174 514 266 542 notior
287 512 373 540 factus
387 512 423 539 sit
437 519 485 547 per
499 519 553 539 eas.
579 523 590 536 (ι
621 513 685 539 Erat
703 512 785 546 enim,
806 513 905 548 inquit,
921 513 973 540 La-

175 566 254 586 zarus
268 557 458 585 Bethaniensis
482 564 496 584 a
511 556 622 584 castello
644 556 739 584 Maria:
760 561 788 584 et
809 557 935 585 Marthae.
961 568 972 580 ι

175 604 267 638 Quare
292 607 385 630 autem
402 601 545 629 mittentes
567 606 710 629 accersunt
735 603 841 635 Jesum,
869 606 896 629 et
919 610 974 629 non

174 648 241 683 ipsa;
261 647 384 680 veniunt,
404 646 476 674 sicut
498 657 509 670 ει
525 646 650 673 centurio
665 650 693 673 et
712 647 802 682 regius
816 646 858 674 7‘?
875 658 888 670 ι
905 646 975 681 Quia

173 692 325 728 plurimum
342 691 464 719 ﬁdebant
475 691 584 718 Christo
606 695 633 718 et
647 691 710 726 quia
733 691 860 719 mulieres
884 695 974 726 erant,

174 745 232 765 non
255 735 400 772 oportebat
423 743 469 763 eas
494 735 531 763 ita
555 735 633 763 facile
658 743 674 763 e
699 735 782 763 domo
799 736 933 772 progredi,
947 741 975 764 et

174 781 238 818 quia
270 781 297 808 in
320 781 395 808 luctu
420 784 507 814 erant,
532 784 724 816 occupataaque
750 780 822 808 circa
847 780 969 808 fratrem.

1025 246 1062 284 τῷ
1089 246 1236 286 Ματθαίῳ·
1253 246 1312 276 ἀλλ’
1335 247 1415 283 ἄλλη,
1433 248 1491 287 οὐχὶ
1505 248 1604 287 πόρνη,
1628 249 1696 278 ἀλλὰ
1720 249 1842 288 σεμνὴ,

1026 289 1071 318 καὶ
1087 289 1224 330 θεοφιλὴς,
1245 290 1291 320 καὶ
1306 292 1448 321 σπουδαία.
1466 293 1520 322 Καὶ
1536 293 1586 333 γὰρ
1607 294 1667 334 περὶ
1691 293 1737 329 τὴν
1758 296 1842 323 ὓπο-

1026 334 1107 373 δοχὴν
1124 335 1270 365 ἐσπούδασε
1286 338 1333 365 τοῦ
1356 337 1473 376 Χριστοῦ
1496 337 1542 367 καὶ
1562 338 1695 376 διηκόνει,
1717 340 1756 372 ὥς
1782 339 1842 368 αὖ·

1025 379 1069 413 τὸς
1106 379 1233 415 Ἰωάννης
1272 381 1371 421 προῖὼν
1412 382 1555 421 μαρτυρεῖ’
1588 382 1657 412 ἀλλὰ
1696 382 1742 412 καὶ
1784 381 1841 418 τὴν

1027 422 1128 462 ἀγαθὴν
1144 424 1238 463 μερίδα
1260 427 1433 466 μαρτυρεῖται
1448 426 1618 463 ἐκλέξασθαι,
1639 429 1674 460 ὥς
1690 429 1704 457 6
1718 428 1842 462 Λουκᾶς

1028 479 1118 508 φησιν.
1147 468 1227 498 Οὕτω
1252 469 1279 498 δὲ
1305 467 1373 506 ἦσαν
1401 470 1553 508 θαυμασταὶ
1578 471 1605 500 αἱ
1635 471 1748 512 ἀδελφαὶ
1785 473 1841 501 καὶ

1028 512 1174 551 γνώριμαι,
1198 513 1268 543 ὥστε
1291 514 1337 544 καὶ
1360 514 1404 543 τὸν
1428 515 1550 554 Λάζαρον
1572 515 1597 550 ἐξ
1613 517 1699 545 αὐτῶν
1720 518 1839 554 μᾶλλον

1028 557 1201 588 καθίστασθαι
1221 559 1361 598 γνώριμον.
1405 573 1417 586 α
1429 555 1484 590 τΗν
1499 560 1562 599 γὰρ,
1581 561 1676 600 φησὶν,
1692 563 1706 590 6
1727 563 1839 596 Λάζα-

1030 613 1072 641 ρος
1087 603 1139 632 ἆπὸ
1154 603 1284 639 Βηθανίας
1304 605 1334 632 ἐκ
1354 605 1400 639 τῆς
1423 605 1516 643 κώμης
1542 605 1649 644 Μαρίας
1667 606 1713 635 καὶ
1738 607 1836 646 Μοίρ-

1029 648 1084 680 θας.
1100 660 1112 673 ιι
1155 648 1206 677 Διὰ
1218 647 1244 676 τί
1258 648 1285 676 δὲ
1300 648 1435 686 πέμπουσι
1449 650 1580 678 καλοῦσαι
1591 649 1634 678 τὸν
1645 649 1761 690 Ἰησοῦν,
1783 651 1838 681 καὶ

1028 692 1074 721 οὐκ
1095 692 1173 721 αὐταὶ
1196 692 1406 732 προσέρχονται,
1423 693 1513 733 ὥσπερ
1534 695 1548 723 6
1564 694 1755 734 ἑκατόνταρχος
1781 696 1838 726 καὶ

1028 737 1042 765 6
1070 736 1221 775 βασιλικός;
1250 738 1323 780 Διότι
1346 738 1446 778 σφόδρα
1472 738 1596 779 ἐθάῤῥουν
1627 741 1665 779 τῷ
1692 740 1833 780 Χριστῷ,

1028 780 1072 809 καὶ
1087 780 1128 810 ὅτι
1143 786 1263 820 γυναῖκες
1281 778 1364 819 ἦσαν,
1380 783 1425 812 καὶ
1441 782 1489 811 οὐκ
1509 783 1562 812 ἔδει
1587 782 1668 816 αὐτὰς
1683 783 1753 813 οὕτω
1773 786 1834 825 ῥᾳ-

175 827 246 854 Nam
262 825 335 860 quod
351 824 403 852 hoc
417 833 471 852 non
487 824 602 852 fecerint
616 832 649 852 ex
669 829 838 861 contemptu,
855 825 971 853 manife-

1029 825 1089 858 δίως
1105 826 1279 866 προέρχεσθαι
1297 829 1342 855 τοῦ
1368 827 1516 864 δωματίου,
1542 827 1587 857 καὶ
1613 827 1652 856 ὅτι
1671 829 1709 868 τῷ
1732 824 1834 859 πένθει

176 875 250 898 stum
266 874 309 897 est
323 877 356 897 ex
371 869 414 897 his
436 877 498 905 quae
511 873 674 905 sequuntur.
690 871 823 905 Magnum
837 870 910 897 enim
930 871 975 898 ho-

175 922 283 948 norem,
299 918 326 942 et
345 914 483 949 pietatem,
504 918 532 942 et
546 922 659 949 precum
674 916 857 942 constantiam
872 923 929 950 pra:
946 923 975 942 se

175 959 279 987 ferunt.
297 959 424 986 Dicentes
439 963 543 991 autem,
561 970 573 982 α
591 960 659 986 Ecce
672 967 755 994 quem
770 959 869 995 diligis,
885 967 973 994 ωενΓο-

174 1007 225 1036 tat,
241 1014 253 1026 ι»
270 1002 306 1030 ad
323 1003 528 1030 miserationem
544 1002 693 1030 Dominum
710 1011 821 1030 movere
835 1004 973 1038 volebant,

176 1055 209 1075 eo
231 1046 305 1082 quod
330 1058 343 1071 α
367 1055 507 1074 memores
527 1051 604 1074 erant
623 1047 743 1074 nominis
759 1047 781 1063 ⁷⁵
803 1059 815 1071 ιι
833 1048 971 1076 amicitiae.

175 1091 304 1119 Declarat
317 1096 408 1119 autem
426 1095 454 1118 et
467 1091 550 1118 ﬁdem
561 1091 708 1127 quamdam
720 1092 837 1120 verbum
848 1093 900 1120 hcc
910 1100 972 1120 mu-

174 1135 286 1163 lierum.
314 1137 353 1163 Ita
369 1136 441 1163 enim
466 1135 581 1163 multam
598 1136 718 1163 Domino
740 1136 828 1164 inesse
843 1137 972 1165 virtutem

175 1185 374 1216 cognoverunt,
391 1185 422 1208 ut
440 1180 640 1208 admirarentur
657 1181 798 1216 quomodo
813 1181 973 1209 inﬁrmitate

176 1225 281 1253 laboret
309 1225 351 1252 vir
372 1225 405 1252 ab
431 1225 476 1252 illo
507 1225 632 1252 dilectus.
656 1225 874 1253 Admirationem
899 1226 973 1253 enim

174 1269 362 1306 quodammdo
386 1269 487 1297 [rabere
512 1269 629 1304 videlur,
655 1281 669 1294 α
686 1271 765 1303 Ecce,
787 1279 869 1307 quem
884 1271 973 1306 diligis

175 1318 299 1350 aegrotat.
318 1325 330 1337 η

209 1410 301 1437 Vens.
317 1410 376 1436 4-6.
393 1419 405 1432 ιι
417 1408 536 1438 Audiens
549 1413 641 1436 autem
650 1409 740 1441 Jesus,
750 1408 837 1437 dixit:
855 1409 973 1436 Inﬁrmi-

175 1457 218 1481 tas
233 1453 290 1480 haec
304 1460 359 1480 non
384 1457 426 1480 est
440 1452 476 1480 ad
491 1457 621 1487 mortem,
636 1453 684 1480 sed
698 1461 747 1488 pro
761 1453 844 1489 gloria
859 1453 921 1486 Dei,
942 1457 973 1480 ut

1029 870 1198 909 κατείχοντο,
1221 871 1266 900 καὶ
1291 871 1455 910 ἠσχολοῦντο
1476 872 1536 911 περὶ
1555 872 1598 901 τὸν
1615 872 1739 912 ἀδελφόν.
1756 873 1834 903 θοι-ι

1029 914 1081 954 γὰρ
1096 916 1143 944 οὐκ
1167 915 1220 944 ἀπὸ
1241 915 1461 955 καταφρονήσεως
1479 919 1554 945 τοῦτο
1576 916 1753 954 πεποιήκασι,
1774 920 1834 953 δῆ-

1029 959 1072 987 λον
1093 960 1122 988 ἐκ
1145 961 1197 988 τῶν
1223 959 1290 996 μετὰ
1316 962 1400 989 ταῦτα
1411 972 1417 978 ·
1433 960 1534 996 πολλὴν
1549 961 1601 1001 γὰρ
1616 960 1663 997 τὴν
1679 961 1762 1000 τιμὴν
1781 963 1836 992 καὶ

1026 1002 1056 1032 τὸ
1088 1003 1170 1037 σέϐας
1195 1005 1386 1034 ἐπιδείκνυνται
1414 1005 1460 1034 καὶ
1487 1006 1532 1042 τὴν
1560 1006 1648 1041 δέησιν
1683 1007 1832 1045 ἐπίμονον.

1026 1047 1065 1077 Τὸ
1089 1048 1132 1085 δὲ,
1162 1063 1173 1076 ι
1196 1047 1252 1079 Ἴδε
1279 1048 1306 1078 ὃν
1330 1051 1429 1088 φιλεῖς,
1456 1064 1468 1076 ιι
1496 1051 1620 1088 λέγουσι,
1647 1050 1711 1090 πρὸς
1734 1047 1834 1082 οἶκτον

1026 1093 1226 1122 ἐπισπάσασθαι
1252 1093 1409 1133 βουλόμεναι
1425 1094 1469 1123 τὸν
1489 1094 1585 1134 Κύριον
1597 1117 1605 1131 ,
1625 1094 1668 1124 διὰ
1689 1098 1734 1124 τοῦ
1751 1098 1835 1126 ὗπο-
1852 1127 1861 1132 ,

1027 1139 1127 1174 μνῆσαι
1156 1138 1235 1167 αὐτὸν
1260 1141 1305 1168 τοῦ
1335 1141 1382 1174 τῆς
1405 1139 1493 1179 φιλίας
1518 1140 1655 1177 ὀνόματος.
1677 1139 1835 1179 Ἐμφοιίνει

1026 1181 1055 1210 δέ
1081 1194 1139 1210 τινα
1164 1182 1210 1212 καὶ
1232 1183 1321 1212 πίστιν
1345 1186 1422 1212 τοῦτο
1446 1185 1476 1213 τὸ
1493 1186 1568 1224 ῥῆμα
1596 1186 1647 1213 τῶν
1674 1188 1830 1223 γυναικῶν.

1026 1225 1107 1255 Οὕτω
1122 1226 1173 1266 γὰρ
1188 1227 1286 1267 ᾔδεσαν
1309 1227 1410 1263 πολλὴν
1435 1229 1472 1268 τῷ
1489 1228 1579 1268 Κυρίῳ
1593 1229 1723 1267 περιεῖναι
1742 1230 1833 1259 δύνα-

1026 1282 1085 1308 μιν,
1110 1273 1178 1300 ὥστε
1208 1273 1372 1310 θαυμάζειν,
1398 1271 1438 1301 ὅτι
1464 1273 1554 1312 ἥψατο
1583 1274 1702 1303 ἀσθένεια
1730 1275 1836 1313 ἀνδρὸς

1025 1316 1182 1354 φιλουμένου
1197 1316 1263 1356 παρ’
1279 1317 1367 1346 αὐτοῦ.
1391 1316 1584 1354 Θαυμαστικὸν
1600 1318 1652 1357 γάρ
1675 1330 1730 1352 πως
1754 1314 1834 1348 εἶναι

1026 1359 1156 1398 δοκεῖτὸ,
1173 1374 1184 1386 αι
1201 1359 1256 1390 Ἴδε
1269 1383 1277 1397 ,
1295 1360 1323 1389 ὃν
1339 1362 1422 1400 φιλεῖς
1439 1362 1549 1389 ἀσθενεῖ.
1567 1375 1578 1386 ιι

1067 1417 1078 1429 σι
1091 1404 1218 1437 Ἀκούσας
1236 1404 1262 1432 δὲ
1276 1406 1290 1432 6
1303 1404 1406 1439 Ἰησοῦς
1421 1400 1508 1433 εἶπεν·
1520 1404 1596 1440 Αὕτη
1610 1407 1626 1440 ἡ
1640 1405 1763 1436 ἀσθένεια
1781 1410 1832 1437 οὐκ

1025 1448 1083 1477 ἔστι
1099 1448 1163 1487 πρὸς
1182 1448 1307 1485 θάνατον,
1333 1449 1391 1477 ἀλλ’
1413 1449 1478 1488 ὓπὲρ
1501 1451 1548 1483 τῆς
1569 1449 1644 1484 δόξης
1663 1452 1708 1478 τοῦ
1732 1452 1832 1491 Θεοῦ,

173 1497 339 1534 gloriﬁcetnr
360 1497 444 1526 Filius
469 1498 520 1525 Dei
546 1506 594 1533 per
618 1506 689 1525 eam.
718 1497 856 1533 Diligebat
879 1502 970 1525 autem

1026 1493 1070 1521 ἵνα
1086 1492 1197 1534 δοξασθῇ
1214 1494 1227 1521 6
1253 1494 1316 1527 Υἱὸς
1339 1496 1385 1522 τοῦ
1401 1494 1470 1523 Θεοῦ
1496 1494 1529 1522 δι’
1545 1494 1636 1528 αὐτῆς.
1658 1494 1772 1533 Ἤγάποι
1802 1497 1832 1526 δὲ

173 1544 254 1570 Jcsus
264 1542 412 1576 Martham,
422 1546 578 1570 etsororem
590 1542 659 1578 ejus,
670 1546 696 1569 et
705 1543 851 1569 Lazarum.
861 1543 899 1570 Ut
907 1550 972 1578 ergo

173 1587 278 1614 audivit
289 1587 361 1622 quod
372 1591 526 1622 aegrotaret,
537 1591 598 1614 tum
606 1586 717 1622 quidem
728 1587 864 1621 temporis
875 1587 974 1614 mansit

174 1631 201 1659 in
216 1630 315 1659 eodem
330 1632 390 1659 loco
404 1631 514 1659 duobus
528 1631 636 1658 diebus.
654 1642 666 1654 »
679 1631 816 1665 Quoniam
829 1631 883 1659 illic
893 1639 971 1658 man-

171 1683 254 1704 surus
276 1680 334 1704 erat
355 1676 462 1703 duobus
477 1675 583 1710 diebus,
600 1675 658 1710 ejus
673 1675 759 1710 gratia
774 1675 861 1710 inquit
876 1686 882 1703 :
898 1686 910 1700 ι.
926 1677 971 1703 In-

172 1720 288 1748 ﬁrmitas
302 1721 361 1748 haec
391 1729 450 1748 non
464 1724 506 1747 est
527 1720 561 1747 ad
582 1724 711 1753 mortem,
730 1731 742 1743 ν
763 1720 886 1754 quamvis
899 1725 973 1748 esset

172 1765 207 1793 ad
235 1770 363 1793 mortem.
391 1764 455 1798 Sed,
471 1764 545 1800 quod
560 1763 694 1797 dicebam,
718 1764 831 1792 nuntios
852 1769 916 1792 tunc
938 1766 971 1794 ad

172 1809 332 1837 sublimiora
353 1809 462 1837 trahere
477 1809 586 1842 volens,
597 1812 625 1836 et
654 1808 737 1836 veluti
754 1809 971 1838 consolationem

171 1854 321 1891 quamdam
331 1854 461 1887 afferens,
475 1861 510 1880 ne
524 1853 646 1888 urgendo
655 1853 763 1881 molesti
776 1858 876 1888 essent,
890 1854 972 1891 hujus

171 1899 257 1935 gratia
273 1899 364 1934 inquit
380 1908 386 1925 :
403 1910 416 1922 ει
430 1900 491 1926 Non
506 1897 591 1925 estad
604 1902 732 1926 mortem.
750 1909 763 1922 »
780 1899 815 1926 Et
827 1899 906 1926 aliter
921 1909 927 1927 :
943 1900 970 1927 Si

171 1944 240 1972 bene
254 1943 475 1976 consideraveris,
495 1950 585 1978 neque
600 1942 633 1969 ad
646 1947 766 1970 mortem
779 1943 832 1970 fuit
854 1943 969 1971 inﬁrmi-

170 1992 221 2022 tas,
246 1996 300 2024 qua
323 1987 477 2015 moriuntur
498 1987 590 2020 multi,
606 1986 766 2014 diuturnam
787 1987 899 2021 scilicet,
923 1988 970 2016 sed

170 2032 352 2067 temporalem
378 2036 405 2059 et
433 2031 653 2067 quatriduanam.
679 2032 749 2059 Nam
774 2032 836 2066 quia
852 2032 972 2059 surrexit

170 2076 380 2112 quatriduanus,
400 2076 434 2103 ad
447 2076 529 2103 ﬁnem
545 2080 701 2111 spectantes
715 2076 764 2109 rei,
787 2076 904 2104 dicimus
917 2085 971 2104 non

169 2129 229 2149 esse
246 2132 258 2145 α
274 2121 309 2149 ad
332 2125 454 2148 mortem
471 2132 482 2144 υ
500 2120 702 2155 inﬁrmitatem,
725 2132 737 2145 ιι
754 2120 801 2148 sed
822 2129 871 2156 pro
885 2121 970 2157 gloria

1027 1539 1041 1566 6
1057 1537 1159 1573 Ἰησοῦς
1173 1538 1221 1573 τὴν
1237 1537 1368 1577 Μάρθαν,
1393 1537 1439 1567 καὶ
1462 1537 1511 1574 τὴν
1536 1538 1650 1578 ἀδελφὴν
1666 1540 1761 1576 αὐτῆς,
1782 1541 1834 1570 καὶ

1027 1582 1071 1611 τὸν
1098 1583 1231 1623 Λάζαρον.
1261 1582 1311 1616 (Ως
1335 1578 1379 1611 οῦν
1406 1583 1536 1619 ἤκουσεν,
1565 1583 1605 1612 ὅτι
1633 1585 1749 1620 ἀσθενεῖ,
1764 1587 1833 1615 τότε

1028 1626 1075 1663 μὲν
1092 1627 1193 1665 ἔμεινεν
1210 1629 1235 1656 ἐν
1261 1623 1282 1667 ᾧ
1304 1623 1336 1664 ἦν
1360 1627 1451 1668 τόπῳ,
1468 1627 1513 1657 δύο
1529 1628 1636 1668 ἡμέρας.
1655 1642 1667 1654 ιο
1710 1628 1831 1666 Ἐπειδὴ

1027 1671 1136 1710 ἔμελλεν
1171 1672 1226 1700 ἐκεῖ
1260 1674 1348 1709 μεῖναι
1382 1672 1484 1711 ἡμέρας
1517 1672 1576 1708 δύο,
1605 1671 1697 1702 τούτου
1733 1673 1830 1704 ἕνεκέν

1026 1727 1121 1756 φησιν,
1145 1714 1186 1744 ὅτι
1206 1730 1218 1743 ιι
1236 1717 1294 1746 Οὐκ
1315 1715 1385 1746 ἔστιν
1401 1718 1417 1751 ἡ
1439 1716 1558 1745 ἀσθένεια
1575 1716 1638 1755 πρὸς
1665 1717 1777 1747 θάνατον
1789 1742 1798 1757 ,
1815 1734 1828 1746 ι

1026 1761 1112 1790 καίτοι
1128 1760 1193 1800 πρὸς
1215 1761 1325 1790 θάνατον
1348 1761 1463 1800 γέγονεν·
1485 1762 1552 1797 ἀλλ’,
1570 1761 1634 1800 ὅπερ
1659 1762 1737 1801 ἔφην,
1758 1762 1827 1798 τέως

1027 1805 1188 1845 μετεωρίσαι
1218 1806 1300 1835 θέλων
1336 1805 1397 1839 τοὺς
1422 1805 1552 1844 μηνυτὰς,
1579 1807 1625 1836 καὶ
1656 1807 1734 1836 οἱονεί
1764 1820 1826 1837 τινα

1025 1850 1196 1891 παραμυθίαν
1225 1851 1311 1884 αὐτοῖς
1339 1850 1439 1886 διδοὺς,
1467 1852 1503 1883 ὡς
1532 1849 1563 1879 ἂν
1600 1850 1638 1889 μὴ
1674 1851 1826 1890 ἐγκείμενοι

1026 1896 1157 1934 ἐνοχλοῖεν
1169 1918 1177 1934 ,
1205 1895 1298 1924 τούτου
1318 1895 1390 1924 ἕνεκέ
1414 1907 1504 1935 φησιν,
1521 1894 1560 1923 ὅτι
1574 1908 1587 1921 α
1608 1896 1667 1925 Οὐκ
1684 1895 1740 1925 ἔστι
1760 1898 1826 1936 πρὸς

1026 1940 1148 1970 θάνατον.
1172 1953 1184 1964 ι)
1225 1938 1326 1972 Ἄλλως
1345 1951 1383 1975 τε,
1410 1940 1442 1968 ΙΞί
1468 1940 1554 1972 καλῶς
1577 1939 1737 1978 σκοπῆσεις,
1763 1942 1824 1970 οὐδὲ

1025 1983 1089 2022 πρὸς
1117 1984 1227 2013 θάνατον
1254 1979 1285 2019 ἦν
1308 1985 1324 2018 ἡ
1357 1982 1494 2024 ἆῤῥωστία
1520 1987 1654 2021 τοιοῦτον,
1682 1980 1735 2014 οἷον
1761 1985 1825 2022 θνή-

1026 2039 1133 2057 σκουσιν
1147 2030 1170 2056 οἱ
1196 2027 1290 2057 πολλοὶ
1311 2027 1520 2067 μακροχρόνιον,
1549 2028 1618 2057 ἀλλὰ
1640 2028 1824 2069 πρόσκαιρον,

1027 2072 1071 2101 καὶ
1099 2072 1164 2112 πρὸς
1197 2072 1329 2112 τέσσαρας
1361 2072 1461 2112 ἡμέρας
1498 2072 1641 2102 συστάντα.
1688 2072 1767 2102 Ἰίπεὶ
1793 2075 1822 2104 δὲ

1026 2117 1122 2152 ἀνέστη
1148 2116 1343 2157 τετραήμερος,
1370 2117 1434 2157 πρὸς
1457 2116 1488 2146 τὸ
1520 2117 1601 2156 πέρας
1628 2119 1739 2156 ὁρῶντες
1772 2122 1822 2149 τοῦ

169 2165 232 2200 Dei,
258 2169 289 2192 ut
311 2165 476 2201 gloriﬁcetur
490 2165 574 2192 Filius
598 2165 658 2192 Dei.
676 2176 690 2189 η
706 2165 790 2193 Vides
804 2173 888 2193 unam
909 2174 967 2194 esse

1025 2161 1193 2199 πράγματος,
1209 2161 1319 2200 λέγομεν
1336 2161 1373 2199 μὴ
1400 2157 1467 2191 εἶναι
1491 2175 1502 2187 σι
1519 2162 1584 2201 πρὸς
1595 2162 1705 2191 θάνατον
1723 2175 1735 2188 ι
1771 2163 1822 2199 τὴν

168 2210 282 2246 gloriam
294 2209 382 2237 Patris
391 2214 417 2237 et
427 2210 504 2238 Filii?
524 2218 587 2237 cum
599 2210 671 2237 enim
682 2209 805 2243 dixisset,
818 2220 831 2235 ι(
845 2218 894 2246 pro
910 2210 968 2246 glo-

167 2255 207 2282 ria
216 2255 276 2288 Dei,
289 2266 300 2278 n
309 2254 443 2288 subdidit,
452 2266 465 2279 ι
474 2259 503 2282 ut
510 2254 676 2290 gloriﬁcctur
682 2254 766 2282 Filius
775 2255 832 2282 Dei.
844 2267 856 2278 ιι
869 2256 966 2291 Itaque

166 2299 254 2336 gloria
268 2300 330 2334 Dei,
356 2299 446 2327 Patris
468 2300 540 2333 dico,
562 2299 592 2326 in
615 2299 689 2327 nullo
708 2299 794 2335 656
811 2300 901 2335 major
925 2304 968 2327 est

166 2352 248 2380 quam
263 2344 333 2371 Filii.
351 2345 426 2371 Deus
441 2345 523 2380 igitur
534 2348 575 2372 est
588 2347 615 2372 et
637 2344 729 2376 Filius,
749 2344 819 2371 sicut
833 2348 861 2372 et
875 2346 964 2378 Pater,

167 2389 276 2424 proprie
291 2397 323 2417 ac
337 2396 409 2417 vere.
422 2390 494 2417 Nam
509 2397 572 2417 cum
587 2397 640 2416 una
657 2389 744 2424 gloria
760 2388 842 2416 ctiam
856 2397 909 2416 una
924 2393 966 2416 est

166 2433 327 2462 substantia.
351 2434 488 2468 Quocirca
508 2433 713 2462 confundantur
733 2437 761 2461 et
775 2442 807 2461 ex
829 2434 882 2461 hoc
904 2434 965 2462 loco

166 2478 271 2506 Ariani.
286 2478 408 2506 Verbum
420 2483 523 2512 autem,
540 2490 552 2503 ιι
574 2483 604 2506 ut
618 2478 794 2514 gloriﬁcetur,
810 2489 822 2502 ι
837 2486 871 2506 ne
888 2483 965 2514 putes

165 2531 255 2551 causa}
265 2523 486 2559 signiﬁcativnm,
497 2522 545 2550 sed
556 2527 669 2550 eventus
677 2527 704 2550 et
716 2522 840 2557 effectus,
851 2527 881 2550 ut
891 2531 964 2558 saepe

162 2568 294 2596 diximus.
310 2568 373 2596 Non
387 2567 464 2596 enim
488 2572 519 2595 ut
533 2567 701 2603 gloriﬁcetur
716 2569 802 2601 Deus,
819 2572 963 2603 propterea

162 2611 306 2649 mgrotavit
321 2613 450 2646 Lazarus,
466 2611 515 2640 sed
530 2612 581 2639 alia
596 2611 715 2647 quadam
729 2612 764 2639 de
785 2620 865 2639 causa
886 2612 964 2640 inﬁr-

162 2658 243 2686 mitas
258 2657 382 2692 accessit,
399 2664 452 2692 qua
467 2661 559 2684 tamen
575 2656 710 2684 Dominus
725 2657 753 2684 in
773 2656 890 2692 gloriam
912 2657 962 2685 Dei

161 2709 228 2730 usus
247 2706 297 2730 est.
317 2713 330 2726 α
357 2702 458 2730 Mansit
472 2705 564 2731 autem
586 2701 681 2729 diebus
708 2700 827 2736 duobus,
845 2713 858 2725 ν
874 2701 962 2730 donec

195 2793 217 2810 ⁷³
233 2795 298 2822 Luc.
315 2802 371 2829 vn,
390 2797 434 2822 37.
472 2793 494 2811 ⁷⁵
508 2793 606 2822 Matth.
623 2801 694 2826 νηί,
710 2796 736 2820 5.

1023 2206 1175 2242 ἀσθένειαν,
1200 2221 1212 2232 ‹‹
1238 2206 1298 2235 ἀλλ’
1312 2206 1377 2246 ὑπὲρ
1393 2208 1439 2241 τῆς
1455 2206 1529 2241 δόξης
1540 2228 1548 2242 ,
1565 2206 1647 2245 φησὶ,
1670 2209 1715 2235 τοῦ
1732 2208 1818 2244 Θεοῦ,

1020 2254 1064 2279 ἱνα
1087 2250 1200 2290 δοξασθῇ
1228 2252 1241 2279 6
1267 2252 1328 2284 Υἱὸς
1358 2253 1403 2280 τοῦ
1420 2252 1501 2281 Θεοῦ.
1533 2264 1543 2276 ι
1570 2251 1652 2291 Ὁρᾷς
1679 2251 1741 2290 μίαν
1768 2252 1818 2288 τὴν

1021 2295 1097 2329 δόξαν
1112 2299 1157 2325 τοῦ
1176 2295 1281 2335 [ἰατρὸς
1298 2295 1343 2324 καὶ
1363 2297 1408 2324 τοῦ
1433 2296 1518 2332 Ἠοῦς
1536 2295 1627 2325 Εἰπὼν
1643 2295 1705 2334 γὰρ,
1722 2310 1734 2321 ‹ι
1750 2296 1817 2335 ὑπὲρ

1020 2341 1068 2375 τῆς
1095 2340 1168 2376 δόξης
1193 2343 1238 2369 τοῦ
1266 2341 1348 2376 Θεοῦ,
1366 2354 1377 2366 ιι
1400 2339 1534 2379 ἐπήγαγε*
1551 2353 1563 2366 α
1581 2338 1641 2370 Ἵνα
1667 2339 1779 2380 δοξασθῇ
1805 2343 1819 2370 6

1021 2385 1083 2418 Υἱὸς
1107 2388 1150 2414 τοῦ
1169 2386 1248 2415 Θεοῦ.
1267 2398 1278 2411 ι
1322 2385 1539 2424 ’Λπαράλλακτος
1561 2385 1612 2423 γὰρ
1636 2387 1653 2420 ἡ
1679 2388 1726 2413 τοῦ
1745 2387 1818 2415 Θεοῦ

1020 2429 1093 2466 δόξα,
1124 2432 1169 2459 τοῦ
1198 2429 1304 2468 Πατρὸς
1331 2429 1361 2465 δὴ
1385 2429 1472 2468 λέγω,
1501 2428 1566 2468 πρὸς
1591 2428 1639 2464 τὴν
1669 2431 1714 2458 τοῦ
1738 2431 1814 2460 Υἱοῖῖ.

1020 2474 1087 2507 Θεὸς
1103 2476 1154 2514 ἄρα
1169 2475 1214 2503 καὶ
1231 2476 1244 2502 6
1260 2474 1330 2509 Υἱὸς,
1347 2475 1382 2506 ὡς
1407 2475 1420 2502 6
1436 2472 1544 2512 Πατὴρ,
1566 2473 1662 2513 κυρίως
1684 2474 1729 2503 καὶ
1745 2475 1816 2509 ἄλη-

1020 2520 1079 2551 θῶς.
1094 2513 1146 2548 ἲΩν
1169 2518 1220 2558 γὰρ
1236 2521 1252 2554 ἡ
1277 2518 1336 2552 δόξα
1357 2518 1420 2556 μία,
1437 2518 1482 2547 καὶ
1497 2521 1513 2554 ἡ
1537 2518 1612 2547 οὐσία
1629 2519 1687 2556 μία.
1708 2520 1815 2558 Αἰσχυ-

1019 2565 1153 2592 νὲσθωσαν
1170 2563 1256 2592 τοίνυν
1282 2564 1421 2592 κάντεῦθεν
1438 2562 1576 2601 Ἀρειανοί.
1595 2564 1635 2593 Τὸ
1651 2562 1695 2598 δὲ,
1724 2577 1735 2589 ιι
1752 2561 1813 2593 Ἵνα

1019 2606 1149 2646 δοξασθῇ,
1169 2621 1180 2634 υ
1202 2607 1238 2646 μὴ
1255 2608 1431 2646 αἰτιολογικὸν
1447 2608 1562 2646 νοήσῃς,
1580 2607 1648 2636 ἀλλὰ
1667 2609 1713 2642 τῆς
1733 2607 1813 2636 ἐκϐά-

1019 2664 1084 2686 σεως
1104 2652 1149 2681 καὶ
1175 2655 1219 2681 τοῦ
1241 2652 1467 2690 ἀποτελέσματος,
1490 2654 1525 2685 ὡς
1547 2652 1676 2685 πολλάκις
1696 2651 1812 2690 εἴπομεν.

1016 2698 1058 2728 Οὐ
1073 2696 1122 2738 γὰρ
1136 2696 1180 2726 ἵνα
1205 2696 1317 2736 δοξασθῇ
1333 2699 1347 2726 6
1367 2697 1453 2734 Θεὸς,
1475 2697 1517 2726 διὰ
1539 2699 1615 2726 τοῦτο
1639 2696 1783 2733 ἠσθένησεν
1799 2698 1811 2724 6

774 2793 796 2810 ⁷⁵
810 2793 881 2822 Psal.
896 2801 982 2828 XLIV,
998 2797 1045 2828 78;
1061 2793 1169 2828 Iudith,
1185 2800 1254 2827 λιιι,
1271 2797 1315 2821 25.
