1922 3077
77 165 115 192 89
477 161 673 189 ENARRATIO
693 161 725 189 IN
745 159 960 188 EVANGELIUM
977 160 1127 189 JOANNIS.
1143 177 1177 182 —
1197 162 1272 190 CAP.
1293 163 1336 190 Xl.
1693 166 1727 192 90

76 227 215 266 Λάζαροςο
241 224 311 255 ἀλλὰ
331 223 427 261 συνέϐη
453 223 501 263 μὲν
526 224 652 263 ἑτέρωθεν
674 226 691 260 ἡ
714 223 867 264 ἀρρωστία,

931 224 1080 260 exspiraret
1111 227 1138 252 et
1165 224 1340 260 sepeliretur;
1375 232 1409 252 ne
1442 226 1501 260 quis
1523 225 1614 254 dicere
1639 227 1727 262 possit

76 271 212 312 ἐχρήσατο
224 270 252 300 δὲ
268 272 281 299 6
296 269 393 309 Κύριος
408 271 474 309 αὐτῇ
491 270 526 302 εἷς
541 269 618 302 δόξαν
635 271 716 299 Θεοῦ.
735 283 746 295 ι
763 267 875 305 ’Ἔμεινε

77 316 107 346 δὲ
126 316 230 356 ἡμέρας
257 314 319 352 δύο,
333 329 344 341 ι
370 314 414 343 ἵνα
434 314 570 354 ἀποψύξῃ·
588 314 630 343 ἵνα
656 313 747 352 μηδεὶς
762 314 812 352 ἔχῃ
835 313 876 342 λέ-

77 372 133 400 γειν
143 383 152 397 ,
167 360 206 390 ὅτι
227 361 308 400 κάρος
328 355 373 395 ἧν,
389 359 430 389 ὅτι
443 359 548 392 ἔκλυσις
563 355 595 396 ἦν
605 381 613 396 ,
630 359 671 388 ὅτι
685 359 797 398 κάτοχος
814 357 875 396 ἐγέ-

75 417 151 442 νετο,
165 405 212 435 καὶ
229 406 276 434 οὐκ
292 404 415 434 ἀπέθανε.
428 404 480 434 Διὰ
496 406 574 434 τοῦτο
588 404 633 434 καὶ
645 403 739 443 χρόνον
750 406 876 433 τοσοῦτον

76 451 170 489 μένει,
196 450 266 480 ὥστε
292 449 338 478 καὶ
363 449 461 489 φθορὰν
486 449 622 489 γενέσθαι,
645 448 691 478 καὶ
716 448 800 478 εἰπεῖν
827 448 875 484 τὴν

75 495 206 535 ἀδελφὴν,
219 494 259 524 ὅτι
274 508 287 521 ι
302 494 367 528 ὄζει.
382 508 393 520 ι

114 554 127 567 ι
151 540 269 569 Ἔπειτα
287 539 355 575 μετὰ
379 542 456 568 τοῦτο
472 538 542 578 λέγει
559 542 612 572 τοῖς
627 541 774 576 μαθηταῖς·
789 537 876 578 Ἀγω-

75 597 125 622 μεν
146 587 182 618 εἷς
203 585 251 620 τὴν
272 583 404 613 Ἰουδαίαν
428 583 520 614 πάλιν.
537 583 666 622 Λέγουσιν
688 584 760 622 αὐτῷ
775 584 799 612 οἱ
819 595 874 621 μα-

74 630 171 664 θηταίθ
185 628 314 665 Ἱάϐϐεὶ,
339 631 384 657 νῦν
401 629 509 663 ἐζήτουν
528 640 557 657 σε
577 629 601 657 οἱ
613 628 735 658 Ἰουδαῖοι
748 627 874 666 λιθάσαι,

74 674 121 704 καὶ
145 675 228 704 πάλιν
245 673 352 712 ὑπάγεις
377 674 445 709 ἐκεῖ,
465 672 604 713 Ἀπεκρίθη
627 674 640 702 δ
664 672 780 708 Ἰησοῦς.
803 673 874 711 οὐχὶ

73 719 180 748 δώδεκα
197 714 266 757 ὧραί
289 720 339 748 εἰσι
359 720 407 751 τῆς
420 718 538 757 ἡμέραςς
555 717 622 747 Ἐάν
641 729 680 750 τις
695 719 830 757 περιπατῇ
847 719 874 746 ἐν

73 766 107 803 τῇ
123 764 231 804 ἡμέρᾳ,
257 764 287 793 οὗ
311 762 492 801 προσκόπτει,
514 761 555 791 ὅτι
579 761 610 791 τὸ
633 764 686 802 φῶς
711 765 757 791 103
772 762 873 799 κόσμου

72 808 169 838 τούτου
191 808 295 847 βλέπει.
313 807 376 836 Ἰῧιν
400 807 428 837 δέ
451 819 491 840 τις
512 809 646 847 περιπατῇ
670 808 696 836 ἐν
721 809 754 846 τῇ
775 807 850 836 νυκτὶ
864 829 872 843 ,

72 853 257 893 προσκόπτει,
278 852 318 881 ὅτι
332 851 363 881 τὸ
376 854 430 892 φῶς
445 853 492 882 οὐκ
516 852 587 882 ἔστιν
602 853 628 880 ἐν
646 852 727 891 αὐτῷ.
746 866 757 878 ν
780 853 872 880 Οὐδα-

72 900 124 936 μοῖῖ
141 897 190 935 μὲν
207 898 326 937 ἀλλαχοῦ
348 899 488 936 προεῖπεν,
504 898 570 926 ὅπου
591 896 681 934 μέλλει
698 897 872 935 πορεύεσθαι,

74 943 189 971 ἐνταῦθα
217 941 243 972 δὲ
260 942 338 979 μόνον
363 941 484 981 φαίνεται
510 941 665 981 προλέγων,
691 940 784 976 ἐπειδὴ
813 942 870 970 ἐδε-

72 987 210 1017 δοίκεισαν
235 986 337 1026 σφόδρα
362 987 386 1016 οἱ
411 987 530 1023 μαθηταὶ
553 986 583 1015 τὸ
606 987 642 1019 εἷς
667 986 716 1021 τὴν
740 986 872 1015 Ἰουδαίαν

73 1033 213 1062 ἀπελθεῖν.
228 1031 280 1061 Διὰ
302 1033 380 1060 τοῦτο
395 1027 440 1060 οὖν
453 1031 593 1070 προλέγει,
609 1030 653 1059 ἵνα
676 1031 713 1068 μὴ
727 1032 765 1070 τῷ
787 1031 874 1070 ἀθρόῳ

73 1077 307 1116 διαταραχθῶσιν,
326 1076 449 1116 ἐξαίφνης
471 1076 634 1114 ἀπαγόμενοι
659 1077 694 1108 εἷς
709 1076 814 1115 χώραν,
840 1076 873 1111 ἣν

71 1122 264 1152 ἐδεδοίκεισαν.
288 1121 370 1151 Ἐπεὶ
394 1116 438 1150 οὖν
460 1120 605 1160 ἐῃοϐοῧντο
627 1120 673 1149 καὶ
697 1120 764 1159 ὑπὲρ
791 1121 872 1149 αὐτοῦ

72 1165 120 1204 μὲν
153 1166 246 1205 (οὔπω
280 1166 332 1205 γὰρ
365 1165 469 1194 τελείαν
499 1166 546 1200 τὴν
572 1165 633 1203 περὶ
660 1166 740 1194 αὐτοῦ
775 1167 872 1204 γνῶσιν

72 1205 145 1250 εἶχον
156 1213 178 1248 ),
203 1210 233 1240 τὸ
249 1210 276 1239 δὲ
292 1210 371 1239 πλέον
388 1209 453 1249 ὑπὲρ
477 1211 594 1247 ἑαυτῶν,
611 1209 702 1250 φασὶν,
723 1208 763 1238 ὅτι
788 1223 799 1236 ιι
818 1211 872 1239 N3v

72 1255 182 1290 ἐζήτουν
211 1266 241 1284 σε
257 1256 282 1284 οἱ
304 1255 426 1284 Ἰουδαῖοι
449 1254 574 1290 λιϐάσαι,
597 1254 642 1283 καὶ
657 1254 739 1284 πάλιν
762 1255 873 1294 ὑπάγεις

71 1301 146 1335 insi;
165 1314 176 1325 -
199 1299 234 1330 Ὀ
257 1298 284 1329 δὲ
307 1299 506 1340 παραοαῤῥύνιι
523 1298 633 1336 αὐτοὺς,
654 1299 701 1328 καί
722 1311 813 1339 φησιν,
831 1300 871 1329 ὅτι

69 1343 182 1384 Ὥσπερ
194 1346 208 1374 ὃ
220 1344 249 1374 τὸ
264 1346 318 1384 φῶς
335 1345 438 1383 βλέπων
457 1346 485 1374 οὗ
497 1343 668 1383 προσπταίει,
686 1346 700 1374 6
712 1344 739 1373 δὲ
755 1346 782 1374 ἐν
797 1345 873 1374 νυκτὶ

71 1391 249 1430 περιπατῶν,
275 1390 371 1422 ἐκεῖνος
399 1389 581 1428 προσκόπτειν
611 1388 694 1422 οὕτως
721 1390 736 1418 6
761 1389 809 1427 μὲν
841 1390 873 1420 τὸ

71 1434 173 1473 ἀγαθὸν
198 1435 279 1462 ποιῶν
291 1456 299 1472 ,
323 1433 367 1462 καὶ
392 1434 418 1462 ἐν
439 1437 574 1468 φωτεινοῖς
591 1433 678 1473 ἔργοις
693 1435 848 1473 περιπατῶν
862 1456 871 1471 ,

71 1479 148 1508 οὐδὲν
177 1478 298 1508 πείσεται
323 1478 421 1507 δεινόν·
453 1479 466 1507 6
499 1478 527 1507 δὲ
558 1479 592 1506 τὰ
617 1480 706 1519 φαῦλα
743 1478 872 1517 πράσσων

70 1524 196 1554 πείσεται
207 1523 300 1554 δεινόν.
318 1521 405 1553 ’Ὠστε
419 1525 490 1560 ὑμᾶς
508 1523 536 1552 οὖ
552 1522 604 1562 χρὴ
618 1522 772 1552 δεδοικέναι·
797 1524 871 1552 οὐδὲν

71 1568 123 1607 γὰρ
139 1569 213 1602 ἄξιον
235 1567 347 1596 Θανάτου
365 1567 525 1607 ἐπράξαμεν.
544 1567 580 1597 ἸΙ
604 1568 650 1596 καὶ
672 1567 771 1600 ἄλλως·
801 1569 834 1598 Ιξί
857 1570 871 1598 6

71 1614 101 1642 τὸ
125 1614 194 1652 φῶς,
215 1612 294 1652 φησὶ,
312 1612 418 1651 βλέπων
433 1615 530 1650 τοῖτο,
546 1612 575 1641 οὗ
591 1612 762 1651 προσκόπτει,
778 1614 870 1653 πολλῷ

74 1659 181 1697 μᾶλλον
205 1659 219 1686 6
243 1658 302 1695 μετ’
326 1658 392 1695 ἐμοῦ
414 1655 460 1692 ὢν,
487 1656 532 1685 ἐὰν
555 1656 592 1695 μὴ
617 1657 756 1697 ἀποστήσῃ
779 1658 871 1687 ἑαυτὸν

71 1703 155 1741 ἐμοῦ,
171 1703 220 1732 οὐκ
242 1701 274 1730 ἆν
295 1700 444 1742 προσκόψῃ.
463 1699 551 1730 Ὥστε
575 1701 619 1730 καὶ
635 1703 710 1739 ὑμεῖς
732 1703 790 1739 μετ’
805 1703 870 1740 ἐμοῦ

71 1750 116 1777 τοῦ
138 1747 224 1787 φωτὸς
240 1747 313 1780 ὄντες
324 1769 332 1784 ,
349 1747 438 1784 μάτην
455 1746 600 1775 δεδοίκατε.
619 1744 710 1776 Ἄλλοι
725 1747 752 1775 δὲ
767 1747 870 1787 ἡμέραν

71 1792 119 1830 μὲν
135 1795 226 1821 νοοῦσι
248 1792 291 1821 τὸν
306 1792 358 1832 πρὸ
372 1794 418 1820 τοῦ
433 1792 530 1824 πάοους
551 1791 655 1830 καιρὸν,
681 1790 763 1820 νύκτα
781 1792 808 1821 δὲ
825 1792 869 1821 τὸν

69 1840 115 1867 103
140 1837 249 1870 πάθους.
277 1835 370 1873 Ὑμεῖς
390 1832 452 1873 οὖν,
477 1835 572 1876 φησὶν,
591 1835 640 1868 ἕως
667 1835 756 1875 ἡμέρα
781 1838 867 1873 ἐστὶν,

71 1881 225 1920 τουτέστιν,
241 1881 289 1913 ἕως
310 1880 384 1910 οὔπω
399 1883 412 1910 6
432 1883 478 1910 τοῦ
491 1881 589 1914 πάθους
605 1880 696 1920 καιρὸς
712 1880 817 1916 ἐνέστη,
839 1883 869 1911 οὐ

72 1927 110 1965 μὴ
123 1926 297 1966 προσκόψητε
306 1937 314 1944 ·
332 1927 361 1956 οὖ
374 1925 426 1966 γὰρ
442 1925 622 1965 διωχῡήσεσοε
633 1924 697 1964 παρ’
715 1925 868 1962 Ἰουδαίων,

72 1971 134 2000 οὔτε
154 1971 220 1999 ἄλλο
243 1970 360 2004 ἀντίξουν
381 1973 442 2008 ὑμῖν
466 1969 647 2005 ἀπαντήσεται
745 1971 867 2007 ἀπαντή-

70 2028 131 2045 σετε
183 2015 271 2044 Ὅταν
296 2015 323 2045 Si
345 2018 361 2050 ἡ
383 2015 426 2049 νὺξ
450 2014 528 2054 ἔλθῃ,
550 2015 580 2044 τὸ
594 2016 676 2048 πάθος
699 2014 731 2051 δή
754 2027 822 2055 φημι
839 2016 870 2045 τὸ

71 2061 155 2099 ἐμὸν,
172 2059 232 2089 τότε
256 2059 288 2095 δὴ
310 2060 508 2095 συσταλήσεσθε
532 2059 579 2098 μὲν
599 2061 625 2089 ἐν
641 2060 750 2099 οἰκίσκῳ
765 2060 802 2089 ἑνὶ
826 2061 868 2090 διὰ

69 2105 114 2134 τὸν
137 2103 220 2144 φόϐον
235 2106 288 2133 τῶν
303 2104 453 2136 Ἰουδαίων,
477 2117 488 2131 ι
512 2103 627 2134 Ἷίκτοτε
643 2104 670 2133 δὲ
693 2105 804 2144 Ολίψεις,
824 2105 869 2135 καὶ

70 2149 176 2185 ὀδύνας,
199 2149 246 2177 καὶ
276 2148 362 2178 πολλὰ
387 2148 584 2190 προσκόμματα
610 2148 656 2178 καὶ
681 2150 866 2187 ἐναντιώματα

929 268 1003 304 quod
1017 269 1139 304 gravatio
1162 269 1290 304 quaedam
1314 268 1403 303 fuerit,
1425 269 1585 305 deliquium,
1613 272 1654 299 vel
1675 279 1724 299 ex—

930 313 1004 347 tasis,
1028 317 1056 341 et
1076 322 1131 341 non
1159 313 1243 342 fuerit
1264 318 1397 342 mortuus.
1427 316 1462 342 Et
1481 320 1623 351 propterea
1648 320 1726 344 tanto

929 362 1054 394 tempore
1077 363 1178 392 manet,
1204 363 1235 386 ut
1262 363 1291 387 et
1316 364 1550 395 corrumperetur,
1571 360 1726 397 diceretque

928 411 1007 432 soror
1025 403 1113 432 illlum
1125 415 1137 428 ιι
1155 403 1250 432 fetere.
1268 415 1281 428 ι

963 544 1053 572 Vsns.
1075 546 1152 571 7-10.
1169 553 1183 570 ιι
1200 543 1307 571 Deinde
1321 547 1383 579 post
1403 543 1457 572 hoc
1479 543 1547 571 dicit
1561 543 1702 580 discipulis
1719 554 1726 573 :

928 589 1032 616 Eamus
1051 589 1079 616 in
1099 588 1226 616 Judazam
1250 589 1359 616 iterum.
1392 589 1492 616 Dicunt
1515 589 1539 616 ei
1563 588 1688 624 discipuli
1719 599 1725 617 :

928 633 1028 666 Rabbi,
1041 633 1123 661 modo
1134 633 1294 669 quaerebant
1307 638 1332 661 te
1346 633 1437 661 Judaei
1447 633 1576 668 lapidare,
1589 637 1616 661 et
1629 634 1727 662 iterum

929 678 1005 705 vadis
1019 678 1098 705 illuc?
1112 677 1261 713 Respondit
1273 679 1370 706 Jesus:
1386 679 1482 706 Nonne
1506 677 1651 706 duodecim
1663 683 1728 706 sunt

929 721 1005 750 hom
1016 723 1086 750 diei?
1101 723 1124 750 si
1139 724 1201 758 quis
1215 722 1395 750 ambulaverit
1409 723 1436 750 in
1451 723 1505 755 die.
1526 730 1581 750 non
1596 722 1726 758 offendit,

929 768 990 804 quia
1005 768 1092 795 lucem
1106 767 1188 804 hujus
1207 767 1303 795 mundi
1316 767 1395 795 videt.
1408 768 1436 795 Si
1450 767 1512 803 quis
1525 771 1616 795 autem
1631 768 1728 796 ambu.

928 812 1026 840 laverit
1045 812 1071 839 in
1086 818 1178 846 nocte,
1199 811 1327 844 offendit,
1341 812 1405 848 quia
1425 812 1467 840 lux
1482 820 1537 839 non
1552 816 1594 840 est
1608 813 1635 840 in
1650 820 1693 840 eo.
1710 822 1724 839 ν

929 859 1073 893 Nusquam
1093 857 1147 885 alio
1171 857 1232 884 loco
1253 857 1376 892 praedicit
1400 865 1456 892 quo
1479 857 1516 884 sit
1538 855 1725 893 profecturus;

928 901 973 930 hic
992 905 1082 929 autem
1101 902 1190 929 solum
1214 901 1362 937 praedicere
1384 901 1502 935 videtur,
1522 902 1585 937 quia
1605 901 1682 929 valde
1698 902 1728 930 ti-

928 947 1042 974 mebant
1062 946 1186 981 discipuli
1207 946 1235 973 in
1249 945 1374 974 Iudaeam
1390 946 1438 974 ire.
1464 947 1497 973 Et
1509 946 1610 974 idcirco
1626 946 1726 981 prandi-

927 991 974 1024 cit,
989 995 1020 1018 ut
1044 998 1078 1018 ne
1090 991 1235 1026 repentina
1250 991 1369 1018 abilione
1388 990 1545 1024 turbentur,
1559 991 1581 1018 si
1603 990 1724 1018 abduce-

929 1039 1023 1064 rentur
1052 1035 1081 1063 in
1110 1035 1250 1069 regionem
1279 1043 1362 1070 quam
1384 1035 1527 1062 timebant.
1554 1035 1641 1070 igitur
1663 1035 1725 1071 quia

928 1080 1065 1108 timebant
1079 1083 1107 1107 et
1132 1079 1242 1108 Christo
1257 1079 1369 1116 quidem
1386 1079 1518 1112 (nondum
1542 1080 1615 1107 enim
1636 1080 1725 1115 perie-

926 1129 1001 1153 ctam
1017 1125 1052 1153 de
1067 1125 1126 1161 ipso
1147 1125 1333 1160 cognitionem
1354 1125 1514 1158 habebant),
1535 1125 1624 1152 multo
1639 1125 1727 1160 magis

927 1174 1019 1197 autem
1034 1169 1166 1204 sibiipsis,
1178 1169 1282 1203 dicunt,
1299 1181 1312 1193 ι
1332 1169 1415 1196 Modo
1429 1169 1589 1205 quam-bant
1602 1174 1628 1198 te
1637 1169 1725 1198 Judaei

927 1214 1057 1250 lapidare,
1085 1218 1112 1241 et
1137 1214 1236 1241 iterum
1257 1213 1334 1241 vadis
1352 1214 1433 1242 illuc?
1459 1225 1471 1238 ι
1492 1216 1528 1241 At
1551 1214 1607 1249 ipse
1622 1214 1727 1242 animat

927 1259 990 1286 illos
1007 1263 1034 1286 et
1048 1258 1114 1286 dicit
1137 1267 1144 1286 :
1157 1258 1233 1286 Sicut
1246 1259 1292 1294 qui
1309 1258 1383 1286 videt
1404 1258 1504 1292 lucem,
1519 1266 1574 1285 non
1589 1258 1724 1293 offendit;

927 1304 973 1339 qui
995 1307 1091 1331 autem
1109 1303 1137 1330 in
1157 1307 1237 1331 nocte
1257 1303 1391 1337 ambulat,
1417 1303 1462 1331 ille
1486 1302 1603 1331 offendit
1624 1313 1630 1331 :
1648 1304 1685 1330 ita
1699 1307 1726 1331 et

926 1348 974 1384 qui
994 1348 1099 1376 bonum
1123 1347 1199 1380 facit.
1219 1352 1247 1376 et
1267 1348 1296 1375 in
1317 1347 1414 1375 lucidis
1434 1347 1563 1382 operibus
1590 1348 1724 1382 ambulat,

927 1393 991 1420 nihil
1003 1401 1082 1428 grave
1091 1393 1260 1428 experietur;
1272 1392 1319 1428 qui
1331 1396 1422 1419 autem
1431 1393 1502 1419 mala
1513 1391 1587 1425 facit,
1600 1392 1725 1428 patietur.

927 1439 962 1465 Et
975 1438 1013 1464 ita
1028 1445 1084 1464 non
1099 1441 1208 1472 oportet
1222 1445 1270 1464 vos
1282 1437 1458 1464 meticulosos
1472 1445 1539 1464 esse.
1558 1437 1628 1464 Nihil
1644 1437 1719 1464 enim

927 1486 1016 1510 morte
1028 1481 1139 1516 dignum
1153 1481 1277 1509 fecimus.
1296 1481 1344 1508 Vel
1359 1481 1440 1509 etiam
1456 1481 1534 1509 aliter
1554 1491 1561 1509 :
1582 1482 1610 1509 Si
1630 1481 1653 1509 is
1674 1482 1723 1516 qui

927 1527 1000 1554 videt
1024 1527 1116 1554 lumen
1134 1526 1198 1560 hoc,
1214 1535 1269 1554 non
1290 1525 1407 1554 offendit
1432 1535 1439 1554 :
1462 1526 1550 1554 multo
1570 1526 1658 1562 magis
1677 1526 1724 1562 qui

927 1579 1036 1598 mecum
1047 1575 1098 1604 est,
1111 1571 1161 1598 nisi
1171 1579 1187 1598 a
1200 1578 1244 1598 me
1256 1569 1397 1604 deiecerit,
1422 1578 1478 1598 non
1490 1570 1617 1598 offendit.
1634 1574 1724 1606 Atque

925 1615 961 1643 ita
978 1615 1061 1643 etiam
1075 1623 1123 1642 vos
1137 1623 1200 1643 cum
1220 1615 1280 1642 sitis
1300 1623 1422 1648 mecum,
1436 1615 1482 1651 qui
1501 1615 1594 1642 lumen
1610 1623 1673 1642 sum
1691 1614 1724 1648 τε,

926 1659 1026 1688 frustra
1040 1659 1153 1688 timetis.
1169 1659 1223 1687 Alii
1241 1664 1335 1687 autem
1348 1659 1422 1687 dicm
1445 1659 1557 1695 quidem
1572 1659 1725 1695 intelligunt

925 1709 1034 1740 tempus
1045 1709 1108 1731 ante
1122 1706 1286 1740 passionem,
1296 1708 1406 1731 noctem
1419 1712 1482 1732 vero
1495 1708 1606 1739 tempus
1621 1704 1724 1739 passio-

924 1749 976 1777 nis.
1002 1751 1057 1777 Vos
1072 1749 1166 1784 igitur,
1182 1749 1282 1784 inquit,
1307 1748 1428 1785 quandiu
1447 1748 1506 1776 dies
1525 1752 1576 1783 est,
1603 1748 1655 1776 hoc
1670 1751 1721 1782 est,

924 1793 1044 1829 quandiu
1054 1793 1177 1820 nondum
1190 1794 1274 1821 instat
1287 1798 1394 1828 tempus
1406 1793 1552 1828 passionis,
1566 1801 1620 1820 non
1632 1792 1724 1820 offen-

924 1838 1004 1866 detis.
1026 1839 1088 1865 Non
1104 1838 1178 1865 enim
1194 1838 1410 1874 persecutionem
1425 1837 1566 1872 patiemini
1580 1846 1596 1864 a
1610 1838 1722 1870 Judznis,

924 1890 1012 1918 neque
1031 1881 1106 1909 aliud
1131 1882 1196 1917 quid
1208 1889 1289 1917 grave
1308 1881 1415 1909 eveniet
1431 1881 1519 1908 vobis.
1535 1883 1607 1909 Cum
1630 1886 1723 1909 autem

924 1935 979 1954 nox
993 1926 1107 1959 venerit,
1122 1926 1212 1962 passio
1229 1926 1342 1961 inquam
1359 1933 1431 1958 mea,
1448 1930 1513 1953 tunc
1535 1930 1608 1953 certe
1624 1934 1724 1961 pavore

923 1971 1126 1999 contrahemini
1149 1970 1273 2006 quidem,
1301 1970 1329 1997 in
1349 1977 1432 1998 unam
1455 1969 1653 1998 domunculam
1675 1978 1724 1998 vos

923 2017 1086 2052 recipientes
1097 2020 1207 2051 propter
1216 2020 1320 2043 metum
1331 2014 1501 2042 Iudaeorum.
1512 2026 1525 2039 α
1535 2016 1573 2042 Ex
1583 2022 1616 2042 eo
1628 2019 1722 2042 autem

922 2065 1047 2097 tempore
1059 2060 1219 2088 afllictiones
1231 2064 1259 2087 et
1269 2060 1469 2094 tribulationes,
1489 2064 1516 2088 et
1525 2060 1611 2087 multa
1630 2058 1722 2087 offen-

922 2106 1013 2134 dicula
1035 2110 1063 2133 et
1077 2106 1252 2133 adversitates
1276 2105 1409 2133 habebitis
1429 2104 1450 2121 ⁷⁷
1471 2113 1479 2132 :
1506 2116 1519 2129 ιο
1534 2113 1597 2132 cum
1613 2113 1663 2140 ego
1675 2104 1723 2140 qui

923 2151 968 2179 lux
982 2159 1056 2184 sum,
1067 2159 1123 2178 non
1136 2150 1206 2177 ultra
1222 2150 1365 2177 vobiscum
1381 2149 1560 2185 corporaliter
1573 2157 1723 2178 conversa-

71 2194 162 2231 ἕξετε,
175 2205 190 2222 n
207 2193 251 2222 ὅτε
263 2194 310 2222 οὐκ
325 2193 363 2222 ἔτι
377 2193 430 2233 ἐγὼ
445 2194 474 2223 τὸ
487 2196 540 2233 φῶς
555 2195 612 2231 μεθ’
623 2195 698 2231 ὑμῶν
713 2196 867 2232 σωματικῶς

931 2196 988 2229 bor,
1004 2199 1116 2224 noctem
1126 2195 1309 2222 afﬂictiouum
1326 2194 1471 2222 habebitis.

71 2237 222 2273 συνδιάξω,
237 2238 306 2278 ἀλλὰ
321 2237 402 2267 νύκτα
417 2238 465 2274 τὴν
480 2241 534 2267 τῶν
549 2238 664 2278 Θλίψεων
679 2239 761 2272 ἕξετε.

114 2294 130 2312 α
154 2285 250 2313 Ταῦτα
266 2277 337 2318 εἶπε,
353 2283 399 2312 καὶ
421 2282 489 2320 μετὰ
511 2286 586 2312 τοῦτο
601 2277 672 2321 λέγει
694 2284 796 2317 αὐτοῖς·
813 2283 868 2313 Λά-

71 2330 151 2368 ζαρος
172 2329 187 2356 6
207 2328 280 2366 φίλος
298 2329 376 2364 ἡμῶν
400 2327 576 2365 κεκοίμηται,
603 2328 672 2356 ἀλλὰ
701 2328 867 2367 πορεύομαι,

70 2372 114 2401 ἴνα
140 2371 270 2406 ἐξυπνίσω
295 2371 380 2401 αὐτόν.
403 2367 486 2401 Εἶπον
510 2367 554 2402 οὖν
579 2373 603 2401 οἱ
637 2372 754 2410 μαθηταὶ
779 2374 868 2413 αὐτῷ’

72 2417 169 2456 Κύριε,
183 2417 206 2445 εἴ
221 2416 395 2454 κεκοίμηται,
418 2417 577 2452 σωθήσεται.
604 2418 716 2455 Εἲρήκει
732 2417 760 2446 δὲ
774 2419 788 2447 6
808 2418 866 2453 Ἰη-

70 2464 129 2494 σοῦς
147 2462 206 2500 περὶ
232 2463 279 2490 103
297 2461 408 2490 θανάτου
423 2462 522 2497 αὐτοῦ,
537 2462 631 2491 ἐκεῖνοι
647 2462 674 2490 δὲ
699 2461 800 2500 ἔδοξαν,
827 2463 866 2492 ὅτι

70 2506 132 2545 περὶ
152 2508 199 2541 τ’ἧς
214 2504 364 2543 κοιμήσεως
379 2508 423 2535 103
440 2505 521 2536 ὕπνου
543 2505 625 2544 λέγει.
641 2506 710 2536 Τότε
727 2502 772 2535 οὖν
794 2501 866 2537 εἶπεν

71 2552 160 2584 αὐτοῖς
181 2551 196 2579 6
219 2550 322 2585 Ἰησοῦς
345 2550 497 2591 παῤῥησία·
526 2552 650 2590 Λάζαρος
674 2550 801 2589 ἀπέθανε,
822 2552 866 2582 χπὶ

70 2595 158 2636 χαίρω
174 2596 208 2624 δι’
224 2597 304 2632 ὑμᾶς,
328 2593 372 2623 ἵνα
387 2595 557 2636 πιστεύσητε,
581 2595 620 2636 ὅτι
635 2596 682 2625 οὐκ
706 2595 778 2633 ἤμην
799 2597 863 2626 ἐκεῖ.

70 2639 140 2670 Ἀλλ’
164 2640 273 2679 ἄγωμεν
289 2639 353 2679 πρὸς
367 2639 457 2669 αὐτόν.
478 2635 560 2670 Εἶπεν
575 2635 620 2670 οὖν
640 2642 742 2678 θωμᾶς
757 2643 770 2670 6
785 2641 864 2681 λεγό-

70 2696 146 2723 μενος
183 2685 300 2722 Δίδυμος
336 2686 390 2718 τοῖς
429 2687 631 2723 συμμαθηταῖς·
660 2683 781 2724 Ἄγωμεν
820 2686 865 2716 καὶ

68 2731 158 2768 ἡμεῖς,
173 2729 218 2758 ἵνα
234 2729 410 2768 ἀποθάνωμεν
425 2731 483 2767 μετ’
499 2730 591 2760 αὐτοῦ.
605 2741 620 2758 n
641 2730 756 2766 Ἐπειδὴ
771 2731 864 2761 ὶκιῖνοι

104 2823 126 2840 ⁷⁸
137 2824 220 2852 Joan.
236 2830 260 2858 ῐ,
276 2826 302 2851 9.
341 2822 368 2858 ,⁷⁷
381 2823 462 2851 Joan.
479 2830 545 2857 xvr,
561 2827 604 2851 33.

960 2287 1052 2314 Vnus.
1078 2287 1172 2313 11-16.
1201 2296 1214 2309 ι
1246 2286 1314 2313 Haec
1336 2285 1385 2318 ait,
1414 2288 1442 2312 et
1469 2289 1531 2320 post
1557 2284 1642 2320 657
1664 2284 1722 2312 haec

923 2330 990 2358 dicit
1006 2331 1047 2358 eis
1071 2338 1078 2358 :
1094 2330 1213 2357 Lazarus
1228 2330 1335 2357 amicus
1347 2333 1440 2356 noster
1455 2329 1570 2363 dormit,
1590 2329 1637 2356 sed
1653 2329 1723 2357 vado

925 2379 954 2402 ut
973 2383 989 2402 a
1004 2382 1103 2402 somno
1119 2374 1233 2402 excitem
1249 2374 1338 2401 illum.
1362 2375 1497 2401 Dixerunt
1511 2382 1575 2410 ergo
1596 2373 1722 2409 discipuli

923 2419 999 2455 ejus:
1013 2419 1145 2450 Domine.
1160 2418 1184 2446 si
1199 2418 1311 2452 dormit,
1326 2418 1416 2446 salvus
1431 2419 1490 2445 erit.
1506 2419 1618 2446 Dixerat
1628 2423 1721 2446 autem

921 2465 1001 2492 Jesus
1027 2464 1062 2492 de
1087 2468 1176 2491 morte
1200 2463 1283 2499 ejus:
1307 2467 1335 2490 et
1361 2462 1400 2490 illi
1417 2467 1579 2498 putaverunt
1598 2463 1672 2499 quod
1688 2463 1722 2491 de

922 2508 1091 2537 dormitione
1114 2508 1204 2536 somni
1227 2508 1337 2536 diceret.
1354 2508 1435 2535 Tunc
1458 2516 1524 2543 ergo
1547 2509 1628 2535 Jesus
1653 2507 1722 2535 dixit

922 2554 961 2582 eis
973 2552 1117 2582 manifeste
1133 2562 1140 2580 :
1154 2553 1269 2580 Lazarus
1283 2557 1410 2580 mortuus
1423 2557 1473 2585 est,
1489 2557 1516 2580 et
1527 2553 1632 2588 gaudeo
1655 2559 1721 2588 pro-

921 2603 982 2634 pter
1004 2606 1062 2632 vos,
1085 2602 1115 2625 ut
1136 2597 1263 2630 credatis,
1286 2597 1361 2633 quod
1386 2605 1442 2624 non
1466 2597 1568 2624 fuerim
1596 2597 1647 2629 ibi;
1672 2596 1721 2623 sed

921 2650 1017 2671 eamus
1042 2642 1076 2671 ad
1105 2650 1178 2670 eum.
1208 2642 1286 2670 Dixit
1309 2650 1373 2678 ergo
1400 2641 1522 2669 Thomas
1547 2641 1595 2677 qui
1620 2640 1722 2668 dicitur

920 2688 1057 2724 Didymus
1069 2687 1104 2715 ad
1118 2687 1319 2723 condiscipulos
1331 2697 1337 2714 :
1353 2688 1455 2714 Eamus
1464 2691 1491 2714 et
1503 2693 1562 2719 nos,
1578 2689 1608 2713 ut
1619 2685 1720 2712 moria-

920 2741 983 2762 mur
996 2740 1061 2761 cum
1080 2740 1121 2760 eo.
1136 2742 1150 2758 ν
1180 2731 1319 2766 Quoniam
1341 2731 1378 2759 illi
1394 2730 1610 2759 formidaverant
1636 2728 1675 2756 ire
1693 2729 1720 2756 in
