1922 3077
201 169 231 196 91
712 170 968 199 ΤΗΕΟΡΠΥΙΑΟΤΙ
986 170 1166 199 ΒυιῦΑΒῘᾹΞ
1183 171 1340 200 ARCHIEP.
1813 174 1849 202 92

199 235 338 271 Iudaeam,
359 236 428 265 dixit
451 237 491 265 eis
513 237 674 266 Dominus:
690 238 822 273 Quamvis
836 237 986 275 qumreban“

1051 234 1218 264 ἐδεδοίκεσαν
1240 234 1289 270 τὴν
1312 235 1455 273 Ἰουδαίαν,
1482 235 1563 276 φησὶν
1587 236 1675 269 αὐτοῖς
1701 236 1716 265 ὃ
1734 235 1851 276 Κύριος·

199 289 245 309 me
268 281 359 310 Judaei
373 281 501 318 lapidare,
525 286 552 310 et
573 282 625 310 hoc
647 283 782 311 faciebant
796 284 857 320 quia
880 283 995 319 loguens

197 325 252 354 illis
273 327 420 363 arguebam
434 335 481 355 eos
499 335 507 354 :
527 335 603 356 nunc
625 333 717 356 autem
732 337 786 356 non
806 328 875 357 vado
898 331 928 356 ut
941 328 995 356 illis

198 370 306 407 loquar,
335 371 384 399 sed
410 375 440 400 ut
467 373 587 400 amicum
611 373 738 408 invisam,
767 377 848 409 atque
876 373 914 401 ita
939 381 995 401 non

197 419 306 452 oportet
327 416 471 452 trepidare.
486 418 550 445 Non
570 418 645 445 enim
670 418 704 446 ad
728 426 758 446 ea
780 418 848 446 abeo
871 418 906 447 ad
934 426 995 454 qua:

198 460 283 496 prius,
309 464 340 488 ut
365 462 517 496 periculum
544 470 577 490 ex
602 462 704 491 ludatis
730 471 918 499 expavescam,
945 463 994 491 sed

197 505 318 533 amicum
333 513 364 533 ex
380 514 477 534 somno
491 507 624 535 excitabo.
640 509 679 536 At
692 508 730 535 illi
744 508 866 536 volentes
881 516 945 536 eum
959 508 993 536 ab

197 549 295 578 itinere
309 549 452 586 impedire,
475 552 557 586 Satis,
573 552 710 588 inquiunt,
733 557 773 581 est
788 563 794 581 :
813 563 827 579 ι(
841 553 863 581 si
877 553 992 588 dormit,

195 594 286 623 salvus
301 595 361 623 erit.
383 606 397 620 ι
414 596 502 631 Igitur
515 604 571 624 non
592 605 661 633 opus
675 600 717 625 est
734 601 764 625 ut
777 606 828 625 nos
846 597 990 632 abeamus;

195 647 254 668 non
265 640 340 668 enim
352 641 539 669 necessarium
552 646 601 669 est.
611 642 691 670 Unde
702 643 758 678 ipse
768 642 878 679 adjecit,
891 654 904 667 ιι
915 643 993 671 Ami-

194 692 243 713 cus
267 689 374 720 noster,
396 698 409 710 ι»
425 690 457 714 ut
469 687 598 715 ostendat
619 688 805 715 necessarium
832 688 884 716 iter
903 688 967 716 illuc
983 696 990 715 :

194 737 290 758 verum
315 730 354 758 illi
373 730 467 759 dicunt
484 739 540 759 non
565 740 624 760 esse
649 733 850 767 necessarium,
865 733 992 768 quando-

195 774 309 810 quidem
333 775 425 804 salvus
446 775 536 804 factus
555 777 599 809 sit.
616 785 648 805 eo
672 777 746 813 quod
766 778 899 806 dormiat.
929 779 990 806 lmo

194 827 250 847 non
265 819 354 848 solum
368 829 425 849 non
447 822 619 850 necessarius
631 827 672 850 est
696 822 829 851 adventus
852 827 926 856 tuus,
941 822 990 851 sed

193 868 221 892 et
244 865 334 893 amico
366 865 528 894 damnosus.
555 869 627 895 Nam
650 867 674 894 si
697 875 811 895 somnus
835 872 877 896 est
903 872 930 895 et
955 868 988 895 ad

193 909 319 944 salutem,
336 913 366 937 ut
380 919 433 938 nos
445 911 601 946 opinamur,
617 915 647 940 tu
661 916 755 940 autem
775 912 948 949 profecturus
961 917 990 940 ut

192 954 304 989 excites,
328 955 408 983 saluti
434 956 491 992 ejus
506 955 652 984 obfuturus
673 965 718 991 es;
737 965 792 985 non
819 957 899 994 igitur
921 966 990 994 opus

191 1003 234 1027 est
247 1003 279 1027 ut
292 1007 338 1027 eas
349 1004 375 1028 et
386 1000 489 1028 excites
501 1001 580 1028 illum
596 1010 604 1029 :
619 1001 786 1030 damnosum
801 1002 877 1030 enim
892 1001 945 1030 hoc
953 1002 988 1030 ei.

191 1045 286 1080 Itaque
301 1044 346 1072 ubi
365 1045 433 1073 vidit
456 1053 504 1074 eos
517 1046 606 1074 adhuc
630 1047 735 1081 tardos,
760 1051 827 1075 tunc
845 1046 990 1076 manifeste

190 1088 292 1125 inquit,
318 1100 331 1113 κ
348 1091 476 1118 Mortuus
491 1094 540 1118 est.
559 1102 572 1115 ιο
588 1090 672 1126 Cujus
683 1095 778 1120 autem
800 1092 886 1128 gratia
906 1092 989 1120 etiam

190 1133 267 1169 prius
297 1142 355 1162 non
383 1135 531 1163 manifeste
553 1136 629 1170 dixit,
656 1136 704 1164 sed
727 1137 841 1171 occulte,
868 1142 989 1165 mortem

190 1185 321 1207 somnum
333 1179 501 1208 nominans?
514 1182 630 1216 Propter
644 1181 740 1209 multa.
755 1183 850 1210 Unum
865 1181 986 1217 quidem,

190 1223 252 1259 quia
266 1231 281 1251 a
304 1223 375 1252 fastu
393 1229 452 1253 erat
467 1225 587 1260 alienus;
613 1226 724 1254 nolebat
746 1227 822 1254 enim
840 1226 875 1254 ad
897 1230 988 1255 osten-

189 1268 324 1297 tationem
340 1268 437 1304 facere,
451 1270 500 1298 sed
521 1270 628 1298 occulte
647 1271 875 1299 resurrectionem
889 1272 989 1300 excita-

189 1312 293 1342 tionem
317 1322 333 1342 a
347 1321 445 1342 somno
463 1315 624 1343 nominavit.
649 1316 798 1352 Quomodo
820 1320 915 1344 autem
938 1317 989 1346 hac

190 1357 311 1386 dictione
334 1367 401 1387 usus
423 1359 530 1393 fuisset,
545 1360 595 1388 nisi
612 1367 734 1389 mortem
753 1369 882 1389 somnum
897 1362 988 1397 appel-

187 1402 289 1432 lasset?
303 1404 384 1438 Quod
398 1408 491 1432 autem
503 1404 556 1432 hoc
566 1413 671 1439 verum,
685 1410 796 1441 propter
810 1406 987 1440 modestiam,

189 1447 314 1484 inquam,
338 1449 444 1477 occulte
466 1449 601 1484 locutum,
625 1450 804 1478 manifestum
827 1454 869 1478 est
897 1458 931 1478 ex
954 1458 987 1478 eo

190 1493 265 1529 quod
280 1493 413 1529 sequitur.
429 1495 503 1522 Nam
521 1494 623 1529 dicens,
648 1505 663 1522 α
682 1497 809 1523 Mortuus
827 1497 878 1529 est,
893 1505 908 1521 »
931 1503 988 1523 non

189 1537 306 1570 addidit,
326 1538 403 1566 Vado
419 1543 449 1566 ut
468 1540 627 1568 resuscitem
642 1539 730 1568 illum.
746 1539 832 1568 Vides
846 1539 986 1576 quomodo

188 1582 364 1611 abhorruerit
377 1591 392 1611 a
408 1583 489 1618 fastu,
509 1584 651 1620 quomodo
669 1584 791 1612 noluerit
805 1584 937 1612 celebrari
954 1592 986 1612 ea

188 1635 251 1664 quae
268 1627 389 1656 facturus
403 1630 480 1657 erat?
495 1630 609 1657 Interim
623 1629 704 1658 etiam
722 1629 805 1657 docet
818 1637 869 1657 nos
881 1637 915 1657 ne
928 1633 986 1657 tam

188 1671 281 1701 faciles
293 1673 380 1701 simus
394 1673 427 1702 ad
447 1674 674 1710 promittendum.
691 1674 763 1702 Nam
788 1674 913 1710 quamvis
926 1682 987 1701 cen-

191 1718 296 1746 turioni
325 1719 378 1746 hoc
402 1718 511 1753 fecerit,
526 1718 596 1746 dixit
616 1719 690 1746 enim
705 1718 740 1753 ⁷⁸,
762 1730 775 1743 α
792 1721 849 1754 Ego
875 1718 987 1747 veniens

188 1763 290 1791 sanabo
308 1771 371 1791 eum
393 1773 399 1791 :
413 1773 428 1790 ν
444 1764 498 1791 illic
511 1767 606 1791 tamen
620 1764 672 1791 hoc
686 1763 764 1798 dixit,
776 1768 806 1791 ut
818 1763 888 1791 illius
903 1763 986 1791 ﬁdem

188 1807 356 1836 ostenderet.
374 1808 460 1844 lgitur
470 1808 529 1836 haec
542 1816 596 1836 una
607 1808 720 1844 quidem
731 1816 810 1836 causa
825 1812 866 1836 est
875 1812 987 1844 propter

188 1859 271 1888 quam
288 1857 407 1880 mortem
422 1853 567 1889 appellavit
586 1861 726 1881 somnum.
741 1853 803 1881 Alia
818 1857 910 1881 autem
933 1857 984 1886 est,

187 1901 218 1925 ut
237 1897 362 1925 ostendat
377 1897 455 1926 nobis
473 1897 547 1934 quod
570 1898 662 1926 omnis
683 1905 760 1926 mors
781 1905 896 1925 somnus
910 1897 945 1925 sit
959 1902 986 1926 et

186 1942 303 1978 requies.
318 1942 408 1970 Tertia
422 1951 496 1977 vero,
517 1943 641 1978 quamvis
655 1942 712 1970 aliis
736 1950 811 1970 mors
837 1941 920 1970 fuerit
931 1943 984 1970 La-

186 1987 243 2014 zari
258 1986 361 2021 obitus,
375 1987 426 2022 ipsi
440 1991 532 2014 tamen
547 1988 612 2014 Jesu
635 1995 749 2014 somnus
764 1986 984 2020 existimabatur,

186 2039 220 2059 eo
243 2031 317 2066 quod
337 2039 402 2059 eum
424 2031 515 2059 statim
536 2031 745 2059 resuscitaturus
768 2036 834 2059 erat.
862 2032 896 2058 Et
915 2031 987 2058 sicut

187 2075 269 2103 nobis
292 2075 369 2103 facile
388 2079 429 2103 est
451 2075 568 2103 excitare
589 2075 785 2110 dormientem,
810 2075 848 2103 ita
863 2075 913 2110 illi,
929 2075 986 2103 imo

187 2119 343 2147 innumeris
375 2119 461 2155 658
492 2119 581 2147 modis
609 2119 714 2148 facilius
743 2123 785 2148 est
822 2119 986 2148 resuscitare

187 2168 342 2192 mortuum.
358 2175 372 2188 ι
388 2164 502 2192 Gaudeo
517 2168 621 2199 autem,
641 2164 739 2200 inquit,
756 2168 869 2201 propter
880 2172 941 2200 vos,
954 2168 987 2192 ut

187 2208 308 2236 credatis
319 2219 333 2235 ρ
346 2208 413 2236 mihi
427 2208 516 2245 magis
528 2217 601 2237 nunc
613 2213 644 2237 ut
655 2211 727 2243 Deo,
739 2221 752 2234 (ι
766 2210 829 2245 quia
841 2217 897 2237 non
909 2217 986 2237 eram

1051 280 1085 309 Εἰ
1098 279 1144 308 καὶ
1167 279 1275 315 ἐζήτουν
1291 291 1324 318 με
1339 282 1362 309 οἱ
1379 279 1499 310 Ἰουδαῖοι
1521 279 1646 317 λιθάσαι,
1663 281 1723 309 ἀλλ’
1738 282 1774 314 ὣς
1787 282 1848 310 δια-

1049 325 1190 363 λεγόμενον
1213 326 1301 358 αὐτοῖς
1315 325 1360 354 καὶ
1376 325 1534 365 ἕλέγιοντα·
1555 328 1600 354 ν’ὖν
1624 325 1652 354 δὲ
1667 325 1716 365 οὐχ
1735 327 1771 359 ὥς
1786 325 1847 355 δια-

1049 369 1185 407 λεξόμενος
1202 370 1307 408 ἄπειμι,
1331 371 1390 399 ἀλλ’
1411 372 1447 404 ὡς
1467 370 1511 399 τὸν
1533 370 1606 411 φίλον
1624 370 1846 411 ἐπισκεψόμενος.

1047 413 1133 444 ⁰Ωστε
1157 415 1186 444 οὖ
1209 414 1262 454 χρὴ
1288 415 1443 444 δεδοικέναι.
1467 416 1509 445 Οὖ
1536 415 1588 454 γὰρ
1611 415 1654 445 ἐπὶ
1676 419 1729 448 τοῖς
1755 417 1850 450 αὐτοῖς

1049 458 1143 497 ἄπειμι
1159 459 1198 499 ἐφ’
1213 456 1250 493 οἷς
1271 458 1317 488 καὶ
1341 459 1445 500 πρώην,
1462 459 1506 489 ἵνα
1530 459 1576 489 καὶ
1601 460 1645 489 τὸν
1658 461 1689 489 ἐκ
1708 461 1760 489 τῶν
1777 461 1849 490 Ἰου-

1048 504 1128 533 δαίων
1144 503 1253 545 φοϐηθῶ
1276 504 1404 541 κίνδυνον,
1432 505 1491 534 ἀλλ’
1508 504 1552 534 ἐπὶ
1577 504 1654 544 φίλου
1675 504 1843 546 ἐξυπνισμῷ.

1048 549 1083 580 Οἱ
1097 549 1124 578 δὲ
1145 550 1257 590 ἐκκόψαι
1282 548 1330 585 τὴν
1355 550 1410 579 ἐκεῖ
1430 549 1539 589 πορείαν
1559 550 1726 588 βουλόμενοι,
1750 549 1845 590 Ἀρκε-

1046 593 1110 630 τὸν,
1133 595 1222 634 φασὶν,
1244 594 1329 624 ἔστιν·
1357 605 1371 623 ι(
1393 595 1427 625 Εἰ
1449 594 1622 632 κεκοίμηται,
1639 594 1801 630 σωθήσεται.
1825 606 1842 624 ι)

1047 641 1149 669 Οὐκοῦν
1171 640 1200 668 οὗ
1224 639 1262 669 δεῖ
1286 641 1358 678 ἡμᾶς
1384 640 1520 669 ἀπελθεῖν·
1546 641 1576 670 οὐ
1600 639 1652 680 γάρ
1670 640 1740 669 ἔστιν
1761 641 1844 679 ἄναγ-

1046 684 1132 714 χαῖον.
1166 684 1261 714 Καίτοι
1284 684 1362 718 αὐτὸς
1392 685 1438 714 καὶ
1460 684 1504 714 διὰ
1520 687 1597 714 τοῦτο
1622 684 1770 724 προσέθηκε
1789 685 1820 714 τὸ
1834 707 1843 722 ,

1050 740 1065 759 α
1085 731 1099 758 ὁ
1124 728 1198 770 φίλος
1222 731 1319 767 ἡμῶν,
1343 741 1358 758 n
1386 729 1430 759 ἵνα
1456 729 1526 770 δείξῃ
1546 729 1694 768 ἀναγκαίαν
1718 729 1766 765 τὴν
1788 730 1846 759 ἐκεῖ

1044 774 1208 813 παρουσίαν·
1226 775 1284 804 ἀλλ’
1307 774 1382 804 αὐτοὶ
1399 775 1446 804 οὔκ
1466 773 1613 812 ἀναγκαίαν
1632 774 1731 810 ταύτην
1744 775 1844 814 φασὶν,

1045 819 1096 855 ἤδη
1121 819 1220 849 ἐκείνου
1239 819 1411 858 σεσωσμένου
1435 819 1478 848 διὰ
1503 823 1549 849 τοῦ
1573 820 1704 849 ὕπνῶσαι.
1729 819 1843 848 Μᾶλλον

1044 863 1071 892 δὲ
1081 866 1128 894 οὐκ
1142 865 1273 903 ἀναγκαία
1286 866 1315 894 οὗ
1328 864 1406 902 μόνον
1418 864 1490 894 ἐστὶν
1501 866 1518 899 ἠ
1531 863 1664 902 παρουσία
1675 875 1734 900 σου,
1746 864 1841 905 φασὶν,

1046 908 1115 938 ἀλλὰ
1130 909 1175 938 καὶ
1200 909 1351 945 ἐπιϐλαϐἡς
1366 911 1404 950 τῷ
1425 909 1503 949 φίλῳ,
1522 909 1556 939 Εἰ
1570 909 1620 948 γὰρ
1637 908 1742 942 δῦπνος
1768 911 1843 949 αὐτῷ

1045 954 1080 987 εἷς
1096 954 1246 994 σωτηρίαν,
1270 956 1305 988 ὡς
1328 955 1404 992 ἡμεῖς
1420 955 1560 992 δοκοῦμεν,
1584 953 1617 983 σὺ
1635 954 1662 982 δὲ
1679 955 1842 993 πορευθῆναι

1046 999 1162 1037 μέλλεις,
1183 997 1226 1028 ἵνα
1248 999 1395 1039 ἐξυπνήσῃς
1406 1022 1415 1038 ,
1432 999 1584 1039 περικόψεις
1601 998 1670 1038 αὐτῷ
1683 1000 1731 1033 τὴν
1751 1010 1843 1035 σωτη-

1046 1043 1115 1083 ρίαν.
1133 1043 1238 1074 Οὔκουν
1261 1045 1300 1073 δεῖ
1319 1045 1442 1074 ἀπελθεῖν
1465 1042 1509 1073 ἐπὶ
1535 1045 1573 1083 τῷ
1599 1043 1759 1078 ἔξυπνῆσαιι
1781 1045 1842 1072 ἐπι-

1044 1088 1143 1122 ϐλαϐὲς
1165 1088 1218 1128 γὰρ
1249 1091 1336 1119 τοῦτο.
1368 1089 1446 1119 Ἐπεὶ
1474 1083 1518 1118 οὖν
1544 1088 1655 1118 ἔϐλεπεν
1679 1087 1775 1121 αὐτοὺς
1801 1087 1842 1118 ἔτι

1044 1133 1197 1170 ὄκνοῢντας,
1214 1134 1273 1163 τότε
1289 1133 1316 1163 δὲ
1330 1134 1468 1175 παρρησίᾳ
1482 1133 1573 1174 φησὶν,
1589 1132 1629 1162 ὅτι
1645 1146 1657 1158 «
1674 1132 1809 1163 Ἀπέθανε.
1829 1146 1842 1160 υ

1043 1178 1121 1212 Τίνος
1144 1179 1171 1208 δὲ
1197 1178 1284 1208 ἕνεκεν
1313 1179 1373 1218 οὖχὶ
1397 1179 1442 1208 καὶ
1465 1178 1592 1218 πρότερον
1621 1177 1691 1207 οὕτω
1719 1179 1842 1218 φανερῶς

1044 1217 1126 1261 εἶπεν,
1148 1223 1217 1253 ἀλλὰ
1241 1223 1441 1263 κεκρυμμένως,
1464 1223 1547 1253 ὕπνον
1569 1222 1703 1261 ὀνομάσας
1726 1222 1771 1252 τὸν
1787 1222 1840 1252 θά-

1043 1279 1136 1305 νατον;
1159 1268 1210 1299 Διὰ
1231 1269 1336 1298 πολλά·
1358 1268 1385 1298 ἓν
1411 1268 1459 1308 μὲν
1484 1268 1529 1298 διὰ
1552 1267 1582 1298 τὸ
1599 1267 1785 1305 ἆκόμπαστον·
1811 1268 1842 1296 οὗ

1042 1312 1094 1353 γὰρ
1113 1313 1243 1349 ἠϐούλετο
1267 1313 1406 1354 φαίνεσθαι
1426 1313 1602 1352 κομπαστὴς,
1628 1312 1697 1342 ἀλλὰ
1720 1323 1842 1352 κεκρυμ-

1044 1357 1129 1396 μένως
1150 1358 1198 1394 τὴν
1219 1357 1364 1388 ἀνάστασιν
1387 1358 1545 1395 ἐξυπνισμὸν
1571 1357 1708 1395 ὠνόμασε·
1734 1359 1792 1390 πῶς
1817 1357 1840 1386 δ’

1045 1401 1078 1431 ἂν
1095 1402 1176 1442 ταύτῃ
1191 1404 1224 1441 τῇ
1239 1402 1306 1436 λέξει
1321 1401 1464 1442 ἐχρήσατο,
1477 1403 1499 1430 εἷ
1516 1401 1554 1439 μὴ
1569 1401 1614 1430 τὸν
1629 1401 1741 1430 Θάνατον
1755 1400 1839 1432 ὕπνον

1043 1447 1181 1484 ἐκα¹λεσεν;
1195 1446 1262 1477 Ὅτι
1286 1446 1314 1476 δὲ
1334 1449 1411 1476 τοῦτο
1433 1446 1545 1481 ἀληθὲς,
1563 1445 1594 1475 τὸ
1613 1444 1656 1474 διὰ
1677 1457 1837 1487 μετριοφρο-

1042 1491 1123 1527 σύνην
1147 1491 1381 1532 ἐπικεκρυμμένως
1406 1492 1509 1529 εἰπεῖν,
1537 1491 1615 1526 δῆλον
1640 1491 1671 1520 ἑκ
1696 1493 1740 1520 τοῦ
1768 1491 1839 1528 μετὰ

1074 1539 1091 1546 ~
1206 1536 1212 1548 ἱ
1251 1537 1258 1548 \
1309 1538 1316 1548 3
1345 1535 1353 1547 \
1496 1535 1504 1546 ’
1552 1535 1559 1545 I
1724 1535 1732 1546 9

1041 1547 1137 1565 ταυτα.
1160 1538 1216 1566 Και
1229 1549 1282 1576 γαρ
1295 1548 1393 1573 ειπων,
1409 1536 1449 1565 ὅτι
1467 1547 1481 1565 (ι
1502 1537 1648 1572 Απεθανεν,
1669 1548 1682 1562 υ
1705 1546 1735 1564 ου
1749 1547 1838 1574 προσ-

1041 1580 1144 1617 έθηκεν,
1168 1581 1209 1611 δτι
1234 1581 1397 1621 Πορεύομαι,
1419 1580 1462 1610 ἵνα
1479 1580 1621 1616 ἀναστήσω
1643 1579 1729 1609 αὐτόν.
1752 1579 1839 1622 Ὁρᾷς

1039 1627 1096 1658 πῶς
1113 1626 1160 1655 οὖκ
1176 1625 1305 1662 ἠϐούλετο
1317 1625 1463 1664 κομπάζειν
1477 1625 1492 1655 ὃ
1506 1625 1549 1654 διὰ
1564 1627 1615 1654 τῶν
1632 1625 1715 1664 ἔργων
1740 1625 1839 1663 ἔμελλε

1041 1670 1179 1709 βεϐαιοῧν;
1197 1670 1255 1709 ἅμα
1275 1669 1303 1699 δὲ
1323 1670 1368 1700 καὶ
1386 1671 1518 1699 διδάσκων
1532 1672 1614 1708 ἡμᾶς,
1635 1669 1672 1708 μὴ
1688 1669 1771 1703 οὕτως
1787 1671 1836 1699 εὗ-

1039 1714 1123 1749 κόλως
1147 1716 1345 1755 ὑπισχνεῖσθαι.
1364 1715 1424 1745 Κᾶν
1439 1714 1491 1754 γὰρ
1507 1714 1550 1744 ἐπὶ
1574 1716 1620 1743 τοῦ
1636 1713 1835 1754 ἑκατοντάρχου

1039 1761 1117 1789 τοῦτο
1133 1759 1255 1796 ἐποίησεν
1281 1755 1356 1799 (εἶπε
1381 1760 1444 1800 γὰρ,
1469 1758 1510 1788 ὅτι
1535 1757 1645 1800 σιμἘγὼ
1662 1758 1742 1787 ἐλθὼν
1759 1762 1838 1799 θερα-

1039 1804 1130 1834 πεύσω
1147 1805 1225 1834 αὐτὸν
1239 1816 1254 1834 ι)
1313 1805 1372 1834 ἀλλ’
1385 1798 1439 1834 ἐκεῖ
1453 1806 1531 1845 τοῦτο
1541 1798 1626 1840 εἶπεν,
1641 1802 1686 1832 ἵνα
1700 1802 1748 1840 τὴν
1765 1803 1838 1833 ἐκεί-

1039 1860 1084 1878 νου
1096 1850 1185 1879 πίστιν
1200 1844 1282 1890 δείξη.
1302 1849 1360 1879 Μία
1385 1849 1434 1887 μὲν
1456 1844 1500 1878 οὖν
1518 1847 1587 1884 αὕτη
1599 1850 1616 1884 ἡ
1634 1847 1723 1884 αἰτία,
1750 1849 1784 1877 δι’
1801 1849 1836 1885 ἢν

1038 1894 1083 1924 τὸν
1108 1894 1219 1924 θάνατον
1243 1894 1323 1924 ὕπνον
1345 1894 1481 1924 ἐκάλεσεν.
1507 1893 1606 1934 ἹΞτέρα
1629 1892 1678 1929 δὲ,
1695 1891 1740 1921 ἵνα
1764 1893 1837 1934 δείξῃ

1038 1941 1113 1977 ἡμῖν,
1128 1938 1168 1968 δτι
1182 1939 1228 1968 καὶ
1249 1943 1301 1972 πᾶς
1315 1938 1426 1972 Θάνατος
1447 1937 1526 1970 ὕπνος
1540 1938 1586 1966 καὶ
1601 1936 1749 1971 ἀνάπαυσις
1759 1948 1766 1956 ·
1789 1938 1840 1967 καὶ

1039 1985 1126 2023 τρίτη,
1142 1983 1183 2012 ὅτι
1198 1984 1221 2013 εἰ
1235 1982 1282 2012 καὶ
1304 1987 1358 2016 τοῖς
1378 1983 1468 2016 ἄλλοις
1490 1982 1599 2014 θάνατος
1620 1977 1652 2017 ἦν
1667 1983 1684 2018 ἡ
1700 1984 1747 2011 τοῦ
1772 1984 1835 2012 Λα-

1040 2027 1120 2067 ζάρου
1145 2028 1270 2063 τελευτὴ,
1293 2027 1356 2056 ἀλλ’
1377 2027 1449 2067 αὐτῷ
1468 2038 1498 2065 γε
1524 2027 1562 2067 τῷ
1579 2025 1681 2065 Ἰησοῦ,
1708 2028 1746 2067 τῷ
1775 2026 1837 2056 ὅσον

1039 2072 1114 2102 οὔπω
1146 2073 1270 2111 μέλλοντι
1297 2072 1374 2102 αὐτὸν
1401 2072 1564 2108 ἀναστῆσαι,
1587 2070 1666 2104 ὕπνος
1690 2070 1834 2110 ἐλογίζετο.

1041 2116 1096 2147 Καὶ
1117 2116 1207 2157 ὥσπερ
1222 2118 1286 2156 ἡμῖν
1305 2116 1352 2146 τὸν
1376 2118 1540 2155 κοιμώμενον
1563 2117 1698 2145 διυπνῖσαι
1725 2116 1837 2156 ῥᾴδιον,

1040 2161 1121 2195 οὕτως
1136 2161 1227 2202 ἐκείνῳ
1237 2186 1245 2198 ,
1262 2162 1363 2200 μᾶλλον
1378 2160 1405 2190 δὲ
1428 2159 1630 2201 μυριοπλασίως
1650 2160 1835 2200 εὐχερέστερον

1039 2205 1069 2235 τὸ
1087 2209 1235 2242 ἀναστῆσαι
1251 2207 1295 2236 τὸν
1324 2205 1449 2235 θανόντα·
1478 2216 1491 2233 (ι
1516 2205 1613 2245 Χαίρω
1632 2203 1670 2240 δὲ,
1697 2204 1777 2243 φησὶ,
1800 2205 1836 2234 δι’

186 2253 244 2281 illic
260 2262 266 2280 :
282 2264 296 2278 ι
313 2257 341 2281 et
354 2261 418 2281 cum
433 2254 512 2289 longe
525 2254 626 2288 absim,
639 2254 757 2290 praedico
774 2254 851 2282 vobis
863 2258 983 2282 mortem

1042 2253 1122 2290 ὑμᾶς,
1148 2250 1191 2280 ἵνα
1209 2251 1369 2287 πιστεύσητε
1389 2262 1404 2279 ι)
1432 2262 1477 2288 μοι
1502 2250 1602 2287 μᾶλλον
1627 2251 1672 2278 νῦν
1693 2250 1728 2282 ὡς
1748 2251 1833 2289 Θεῷ,

187 2297 216 2325 in
237 2297 380 2332 Bethania,
405 2298 439 2327 de
463 2307 517 2335 qua
535 2307 592 2326 non
614 2299 717 2333 audivi,
742 2299 790 2327 sed
812 2299 882 2326 sicut
908 2300 983 2327 Deus

186 2342 267 2370 video
299 2351 362 2379 quae
389 2343 470 2379 longe
495 2344 634 2372 eveniunt.
664 2344 862 2372 lutellexerunt
889 2348 982 2372 autem

186 2387 298 2423 quidam
313 2387 365 2417 hoc
383 2388 466 2416 etiam
485 2389 545 2416 sic:
565 2398 579 2415 (ί
593 2389 718 2423 Gaudeo,
742 2400 754 2413 υ
777 2389 874 2424 inquit,
899 2388 982 2416 vestri

186 2439 276 2460 causa.
303 2434 373 2460 Nam
395 2433 469 2469 quod
491 2441 543 2470 ego
568 2434 625 2462 illic
643 2442 699 2462 nou
723 2432 833 2467 fuerim,
856 2433 984 2461 conducit

186 2476 251 2504 ﬁdei
276 2482 390 2512 vestrae;
412 2478 541 2514 quoniam
568 2479 592 2507 si
617 2478 779 2513 adfuissem,
801 2482 982 2514 aegrotantem

187 2529 325 2550 sanassem
342 2531 349 2550 :
366 2531 463 2558 parum
475 2528 566 2551 autem
579 2523 631 2551 hoc
646 2523 739 2551 fuisset
751 2523 786 2552 ad
797 2523 979 2551 ostensionem

185 2567 316 2603 potentia:
331 2575 410 2596 meae.
429 2570 566 2597 Caeterum
590 2577 653 2597 cum
669 2568 781 2596 absente
794 2576 838 2596 me
855 2573 981 2596 mortuus

185 2617 237 2646 est,
262 2613 358 2641 abiens
372 2618 465 2642 autem
487 2613 577 2650 ipsum
597 2613 778 2642 suscitaturus
791 2621 866 2648 sum,
878 2613 905 2641 id
920 2621 980 2641 ma-

185 2659 228 2695 gis
242 2663 359 2686 vestram
375 2659 497 2687 ﬁrmabit
512 2659 606 2693 fidem,
624 2667 690 2687 cum
705 2659 826 2687 videritis
837 2667 880 2686 me
892 2663 919 2686 et
930 2658 982 2686 hoc

186 2711 275 2740 posse,
300 2704 373 2740 quod
391 2709 471 2732 antea
487 2704 612 2732 nondum
632 2704 752 2739 ostendi,
768 2704 842 2740 quod
857 2709 983 2732 mortuus

180 2749 240 2784 jam
253 2748 391 2782 difﬂuens,
411 2754 439 2777 et
453 2749 499 2786 qui
512 2749 614 2778 fcetens
629 2748 692 2783 fuit,
712 2753 775 2786 apta
788 2757 838 2778 sua
857 2748 982 2777 membra

220 2838 243 2855 τ’
255 2838 352 2867 Matth.
374 2847 439 2873 Vlll,
455 2843 481 2867 7.

1042 2307 1056 2324 (ι
1070 2296 1109 2324 δτι
1124 2297 1171 2325 οὐκ
1182 2295 1254 2335 ἤμην
1266 2297 1331 2332 ἐκεῖ,
1347 2306 1361 2324 ι)
1378 2295 1469 2335 πόρῤω
1481 2295 1506 2323 δὲ
1518 2293 1565 2330 ὢν,
1575 2294 1697 2333 προλέγω
1709 2295 1770 2332 ὑμῖν
1787 2294 1832 2324 τὸν

1036 2341 1062 2370 ἐν
1079 2341 1198 2381 Βηθανίᾳ
1221 2340 1349 2377 θάνατον,
1376 2340 1425 2368 οὐκ
1448 2338 1586 2375 ἀκηκοὼς,
1612 2337 1670 2367 ἀλλ’
1685 2339 1720 2370 ὡς
1745 2338 1832 2376 Θεὸς,

1036 2387 1155 2425 προορῶν
1177 2386 1207 2414 τὸ
1226 2386 1317 2426 πόρρω
1335 2384 1453 2421 συμϐάν.
1475 2383 1605 2419 Ἐνόησαν
1623 2382 1651 2412 δέ
1666 2394 1734 2416 τινες
1753 2386 1834 2414 τοῦτο

1036 2429 1118 2459 οὕτω·
1148 2441 1163 2459 ιι
1177 2430 1288 2470 Χαίρω,
1312 2441 1327 2457 ››
1349 2429 1444 2468 φησὶν,
1467 2429 1542 2465 ὑμῶν
1559 2427 1662 2457 ἕνεκεν·
1679 2427 1709 2456 τὸ
1723 2427 1776 2467 γὰρ
1793 2428 1832 2467 μὴ

1037 2469 1106 2504 εἶναί
1129 2486 1162 2513 με
1186 2476 1252 2510 ἐκεῖ,
1271 2473 1420 2503 συντελέσει
1446 2472 1510 2513 πρὸς
1532 2472 1615 2501 πλείω
1640 2471 1730 2501 πίστιν
1757 2474 1833 2511 ὖμῖν.

1036 2519 1164 2560 Ἐπείπερ
1183 2520 1206 2549 εἰ
1228 2518 1277 2557 μὲν
1298 2518 1446 2560 παρήμην,
1473 2519 1661 2558 ἀῤῥωστοῧντα
1688 2516 1720 2545 ἂν
1739 2517 1832 2557 ἐθερά-

1035 2576 1128 2602 πευον²
1156 2563 1250 2603 μικρὸν
1280 2563 1308 2593 δὲ
1338 2559 1371 2599 ἧν
1399 2565 1476 2592 τοῦτο
1504 2565 1594 2600 Θαῦμα
1629 2563 1666 2595 εἷς
1696 2561 1835 2599 δυνάμεως

1036 2609 1177 2644 ἀπόδειξιν.
1190 2608 1268 2638 Ἐπεὶ
1281 2607 1308 2637 δὲ
1321 2606 1372 2646 ἐγὼ
1388 2606 1434 2645 μὲν
1448 2607 1649 2644 ἀπολελείμμην
1659 2630 1666 2640 ,
1679 2607 1694 2635 ὁ
1708 2606 1736 2635 δὲ
1751 2608 1835 2636 θοίνα-

1035 2666 1079 2687 τος
1098 2652 1244 2693 ἐπεγένετο,
1267 2653 1356 2691 μέλλω
1372 2651 1399 2681 δὲ
1419 2650 1505 2681 ἀπιὼν
1523 2651 1602 2680 αὐτὸν
1622 2652 1742 2690 άνιστᾷν,
1767 2663 1830 2687 μει-

1036 2699 1115 2733 ζόνως
1134 2700 1171 2732 εἷς
1188 2697 1235 2733 τὴν
1251 2698 1341 2727 πίστιν
1357 2696 1571 2736 βεϐαιωθήσεσθε
1593 2695 1642 2730 τὴν
1660 2695 1744 2734 ἐμὴν,
1766 2695 1831 2725 ὅταν

1035 2743 1124 2784 ᾖδειτέ
1207 2742 1300 2782 ἴδητέ]
1321 2753 1354 2780 με
1371 2741 1418 2771 καὶ
1438 2745 1515 2771 τοῦτο
1539 2740 1683 2778 δυνάμενον
1710 2739 1725 2768 ὃ
1749 2739 1836 2778 μήπω
