1922 3077
87 173 125 199 93
488 171 683 200 ENARRATIO
702 172 736 201 IN
756 172 973 201 EVANGELIUM
990 173 1139 201 JOANNIS.
1158 188 1193 195 —
1212 173 1288 202 CAP.
1309 175 1352 202 XI.
1711 178 1746 205 94

86 234 221 275 πρότερον
259 233 433 272 ἐπεδειξάμην
444 257 454 272 ,

87 279 138 309 καὶ
158 280 252 314 ὄζοντα
269 280 475 320 συναρμολογεῖν
501 281 546 309 καὶ
568 279 718 321 ἐξανιστᾷν.
736 282 829 311 Ταῦτα
843 283 890 310 τοῦ

87 324 194 365 Κυρίου
218 325 350 362 εἰπόντος,
374 324 421 353 καὶ
438 325 586 364 ἀναγκαίαν
610 326 698 360 αὐτοῖς
723 324 770 361 τὴν
784 337 888 365 παρου-

88 369 153 398 σίαν
177 368 226 405 τὴν
253 370 339 399 ἐκεῖσε
358 369 500 405 δείξαντος,
528 372 542 399 ὁ
560 369 703 409 δειλότερος
724 372 776 399 τῶν
802 370 890 400 ἄλλων

87 414 211 452 Θωμᾶς,
237 425 253 444 α
276 413 412 454 Ἄγωμεν,
434 415 532 455 φησὶν,
558 414 604 444 ἵνα
634 415 806 454 ἀποθάνοιμεν
833 415 890 454 μετ’

88 459 187 489 αὖτοῢ.
206 470 221 488 ι)
247 460 288 489 Οὔ
307 459 358 499 γὰρ
383 458 508 498 θάρσους,
527 459 595 489 ἀλλὰ
619 459 717 493 δειλίας
731 460 777 489 καὶ
802 462 888 500 βαρυ-

87 504 190 541 Θυμίας
211 503 241 533 τὸ
258 506 345 545 ῥῆμα.
365 502 426 534 Ἵνα
451 503 502 543 γὰρ
524 504 570 534 καί
589 503 650 538 τυὺς
674 504 769 538 ἄλλους
790 505 888 546 ἐκκόψῃ

87 549 289 587 συμμαθητὰς,
322 549 518 587 ὖπομιμνήσκει
551 549 646 583 αὖτοὺς
680 552 726 579 τοῦ
762 550 889 587 θανάτου,

87 592 137 623 καὶ
172 593 295 630 ἐπίτηδες
322 593 508 633 παρεμϐάλλει
531 593 578 630 τὸ,
611 604 627 622 α
658 593 720 624 Ἵνα
753 595 889 624 ἀποθάνω-

89 649 158 677 μεν·
193 650 209 667 ι
247 638 343 668 ὡσανεὶ
375 641 485 667 τοιαῦτα
513 638 612 678 λέγων’
640 650 654 668 ι
684 638 806 678 Ἄγωμεν
844 640 890 670 καὶ

87 683 183 720 ἡμεῖξ,
207 694 222 712 ιι
243 684 266 713 οἱ
283 682 369 722 μωροὶ
390 683 436 712 καὶ
455 682 678 721 ἀπονενοημένοι,
690 683 737 713 καὶ
753 684 790 721 μὴ
807 696 887 725 φρον-

87 727 205 762 τίζοντες
229 730 277 763 τῆς
292 727 391 763 οἰκείας
405 728 538 767 σωτηρίας
560 728 605 758 καὶ
621 730 699 765 ζωῆς,
722 742 733 755 ι
753 728 797 758 ἵνα
822 730 890 759 ἀπο-

89 772 214 810 θάνωμεν
237 774 296 811 μετ⁹
323 773 412 803 αὐτοῦ.
433 786 444 799 ιι
460 772 574 812 Ἔστω,
599 773 696 813 φησὶν,
723 773 800 807 αὐτὸς
827 774 888 814 περὶ

87 818 190 847 πολλοῦ
214 817 262 853 τὴν
283 818 375 846 ἑαυτοῦ
396 816 466 853 ζωὴν
485 818 514 846 οὗ
537 817 652 847 τίθεται·
676 821 753 856 ἡμεῖς
775 818 827 858 γὰρ
844 818 890 848 οὕ-

87 874 141 894 τως
168 861 374 900 ἆνοηταίνομεν;
395 863 489 892 Ταῦτα
514 865 560 892 τοῦ
592 863 677 893 δειλοῦ
702 863 735 892 τὰ
769 864 888 904 ῥήματα,

497 235 671 277 διεῤῥυηκότα
707 235 758 272 ἤδη
797 235 877 276 νεκρὺη

959 236 1053 272 ecipit,
1066 240 1094 264 et
1106 236 1295 265 resuscitatur.
1308 238 1376 265 Haec
1395 244 1459 266 cum
1473 238 1584 268 dixisset
1597 240 1745 275 Dominus,

946 285 973 309 et
998 281 1164 310 ostendisset
1185 289 1268 309 suum
1294 281 1357 310 illuc
1381 290 1522 311 accessum
1548 286 1742 320 necessarium,

943 326 1065 354 Thomas
1077 327 1136 354 aliis
1152 326 1351 360 meticulosior,
1369 338 1381 350 ιι
1398 328 1509 361 Eamus,
1525 328 1622 364 inquit,
1636 334 1666 357 ut
1680 337 1744 358 mo-

943 371 1048 398 riamur
1068 379 1133 399 cum
1154 379 1196 399 eo.
1211 382 1224 394 -
1249 372 1313 399 Non
1327 370 1444 404 ﬁduciae.
1471 372 1518 400 sed
1541 371 1695 401 formidinis
1716 378 1746 402 et

944 415 1031 444 tristis
1042 415 1125 444 animi
1138 415 1253 443 verbum
1265 419 1318 444 est.
1331 417 1402 444 Nam
1417 420 1449 444 ut
1463 417 1531 445 alios
1544 417 1745 453 condiscipulos
1790 431 1794 434 -

944 464 1109 494 moraretur,
1120 468 1257 488 memores
1266 469 1314 489 eos
1327 461 1391 489 facit
1401 461 1509 497 mortis,
1519 466 1546 489 et
1558 461 1650 489 dedita
1662 469 1745 498 opera

944 505 997 533 hoc
1016 506 1138 541 apponit,
1158 516 1170 529 α
1192 507 1232 534 Ut
1247 506 1414 539 moriamur,
1438 517 1451 530 υ
1467 507 1543 542 quasi
1556 506 1617 534 talia
1629 506 1744 535 dicens:

945 562 959 576 ιι
973 551 1076 578 Eamus
1088 554 1117 578 et
1128 558 1178 578 nos
1193 562 1205 574 ι»
1222 551 1297 579 stulti
1310 555 1338 578 et
1351 551 1520 587 insipientes,
1538 555 1567 579 et
1578 559 1633 579 non
1645 560 1744 580 curan-

944 599 985 623 tes
1005 595 1121 623 salutem
1137 596 1275 631 propriam
1290 599 1317 623 et
1332 596 1426 630 vitam,
1445 606 1458 620 ι
1476 600 1506 624 ut
1519 596 1670 624 moriamur
1682 605 1745 625 cum

943 647 984 668 eo.
1006 652 1018 665 ι
1042 642 1119 674 Esto,
1142 640 1239 676 inquit,
1257 641 1315 677 ipse
1336 641 1419 668 vitam
1433 649 1511 668 suam
1526 649 1582 669 non
1596 641 1686 677 magni
1704 641 1743 669 fa-

943 685 1012 718 ciat;
1028 693 1079 713 nos
1090 689 1183 713 autem
1198 693 1248 713 cur
1267 685 1303 712 ita
1317 685 1392 713 stulti
1407 686 1550 713 essemus?
1574 687 1642 714 Hanc
1654 686 1744 714 timidi

943 730 1025 758 verba
1041 734 1117 764 sunt,
1131 730 1181 758 sed
1191 729 1253 758 vide
1266 738 1329 758 eum
1342 734 1436 766 postea
1455 730 1597 766 quomodo
1611 739 1660 766 pro
1673 731 1744 759 veri-

944 779 999 803 tate
1018 778 1049 803 ut
1068 775 1208 811 apostolus
1229 775 1336 803 occisus
1357 775 1402 808 sit,
1419 775 1455 803 ita
1479 775 1555 803 illum
1575 775 1670 803 divina
1685 784 1744 812 gra-

944 820 982 847 tia
996 819 1145 853 roboravit,
1162 823 1194 847 ut
1204 819 1256 848 hoc
1274 820 1348 848 Pauli
1362 820 1396 848 de
1407 828 1441 848 eo
1454 819 1487 848 sit
1498 820 1602 848 dictum
1615 830 1622 847 :
1637 832 1650 844 -
1664 821 1744 848 Sul'ti~

944 864 1041 892 cientia
1053 869 1146 892 nostra
1157 872 1190 892 ex
1204 866 1261 892 Deo
1273 864 1305 898 7‘,
1322 876 1334 888 ω
1352 868 1379 892 et
1392 876 1404 889 ι
1414 865 1475 893 Νοιι
1488 865 1604 900 ego,sed
1617 866 1716 901 gratia.
1731 877 1743 890 ι

87 906 162 937 Ἀλλ’
189 906 238 947 ὅρα
267 906 345 936 αὐτὸν
369 907 491 947 ὕστερον,
521 910 577 942 πῶς
601 907 668 948 ὑπὲρ
692 910 739 944 τῆς
762 908 877 944 ἀληθεία

959 909 1072 945 trigenes
1084 913 1176 937 autem
1189 909 1257 937 dixit
1273 908 1307 937 de
1317 910 1425 937 Thoma
1439 910 1578 937 somnium
1592 909 1742 946 quoddam.

88 953 124 984 ὣς
149 951 298 985 ἀπόστολος
325 951 445 992 ἐσφάγη*
463 951 546 986 οὕτως
575 952 654 982 αὐτὸν
682 955 699 989 ἡ
726 952 783 982 θεία
810 953 887 993 χάρις

86 995 241 1034 ἐστόμωσεν
251 1019 259 1035 ,
279 995 324 1026 ἵνα
338 997 369 1026 τὸ
383 999 427 1025 τοῦ
442 997 551 1026 Παύλου
566 997 612 1026 καὶ
626 996 670 1026 ἐπὶ
685 997 768 1038 τούτῳ
783 998 868 1037 λεχθῇ
877 1022 886 1036 ,

85 1041 128 1070 ὅτι
147 1055 158 1068 ιι
172 1040 208 1071 Ἥ
230 1041 353 1077 ἱκανότης
373 1043 451 1076 ἡμῶν
471 1042 501 1070 ἐκ
517 1043 563 1072 τοῦ
578 1043 668 1078 Θεοῦ,
687 1042 733 1071 καὶ
750 1044 797 1071 οὐκ
821 1042 884 1081 ἐγὼ,

86 1087 148 1114 ἀλλ’
169 1088 187 1121 ἡ
202 1085 288 1125 χάρις.
304 1096 319 1114 ι)
339 1085 476 1126 Ὠριγένης
492 1086 520 1116 δέ
545 1098 610 1125 φησι
627 1086 673 1115 καί
696 1099 722 1116 τι
743 1087 887 1128 ὀνειροκρι-

85 1130 161 1160 τικὸν
176 1130 238 1170 περὶ
253 1133 298 1160 τοῦ
311 1131 413 1168 Θωμᾶ.
428 1130 554 1164 Ἀκούσας
566 1131 629 1171 γὰρ,
643 1131 733 1171 φησὶν,
747 1133 761 1160 ὃ
783 1132 886 1170 Θωμᾶς

83 1177 140 1204 τῶν
158 1175 220 1215 περὶ
241 1177 287 1204 τοῦ
309 1176 426 1215 Χριστοῦ
447 1178 629 1215 προφητειίῖιν,
651 1176 698 1205 καὶ
726 1175 819 1213 μαθὼν
845 1176 886 1206 ὅτι

87 1220 158 1259 μετὰ
173 1221 260 1260 ψυχῆς
284 1221 318 1252 εἰς
343 1220 408 1260 ᾅδην
422 1220 623 1256 καταϐήσεσθαι
646 1221 749 1259 μέλλει,
778 1221 884 1251 ἐλευθε-

87 1265 183 1304 ρώσων
197 1265 245 1298 τὰς
259 1266 346 1305 ψυχὰς
358 1287 366 1300 ,
384 1263 474 1301 ἐπειδὴ
493 1265 605 1301 ἤκουσεν
618 1288 626 1302 ,
643 1265 683 1294 ὅτι
699 1279 710 1291 σε
727 1266 885 1305 Πορεύομαι

86 1309 133 1338 ἵνα
149 1309 288 1345 ἐξυπνήσω
305 1309 444 1350 Λάζαρον,
461 1320 476 1338 ι)
495 1310 615 1348 ἐνόμισεν
631 1312 677 1339 οὐκ
693 1310 724 1339 ἂν
740 1311 827 1345 ἄλλως
839 1311 884 1340 δυ-

85 1357 200 1391 νηθῆναι
218 1355 364 1390 ἐξυπνῆσαι
380 1355 474 1390 αὐτὸν,
499 1355 634 1391 τουτέστι,
648 1356 699 1391 τήν
724 1355 814 1395 ψυχὴν
833 1357 884 1385 αὖ-

84 1402 134 1429 τοΰ
160 1400 356 1440 ἐλευθερῶσαι,
382 1400 405 1429 εἴ
428 1400 465 1437 μὴ
489 1400 535 1429 καὶ
561 1399 639 1433 αὐτὸς
664 1399 826 1438 ἀποθέμενος
855 1401 884 1430 τὸ

85 1445 184 1482 σῶμα,
209 1445 245 1477 εἷς
264 1444 331 1484 ᾅδην
349 1443 480 1474 κατέλθοι.
496 1443 545 1474 Διὸ
566 1445 601 1477 ὡς
623 1445 730 1483 γνήσιος
754 1448 800 1474 τοῦ
817 1446 883 1485 Χρι-

941 954 1062 981 Thomas
1085 954 1161 981 enim
1183 962 1248 982 cum
1269 954 1391 982 audisset
1406 953 1563 990 prophetias
1577 954 1611 982 de
1625 955 1744 990 Christo,

942 1002 969 1026 et
995 998 1135 1026 didicisset
1153 998 1227 1033 quod
1250 1002 1277 1026 et
1296 1006 1361 1026 cum
1383 999 1476 1026 anima
1491 998 1516 1026 in
1538 999 1678 1026 infernum
1692 999 1745 1027 de-

942 1050 1089 1070 scensurus
1119 1046 1191 1070 esset
1214 1042 1248 1070 ad
1272 1042 1428 1071 liberandas
1451 1043 1568 1077 animas,
1599 1047 1745 1080 postquam

941 1088 1043 1116 audivit
1069 1087 1209 1116 Christum
1229 1087 1378 1122 dicentem,
1401 1099 1414 1112 ιι
1436 1087 1514 1116 Vado
1535 1092 1566 1116 ut
1579 1089 1743 1117 exsuscitem

941 1133 1090 1165 Lazarum,
1105 1144 1117 1157 ιο
1130 1132 1236 1168 putavit
1248 1140 1302 1160 non
1314 1132 1393 1160 aliter
1407 1133 1534 1161 suscitari
1547 1133 1677 1166 eum,hoc
1689 1138 1743 1167 est,

941 1177 1050 1205 liberari
1065 1177 1187 1204 animam
1207 1177 1277 1213 ejus,
1299 1177 1352 1204 nisi
1373 1181 1400 1205 et
1412 1177 1470 1214 ipse
1483 1185 1599 1214 corpore
1616 1177 1743 1213 deposito

941 1222 969 1250 in
995 1221 1135 1250 infernum
1168 1221 1363 1250 descendisset.
1389 1222 1455 1250 Ideo
1481 1225 1512 1250 ut
1536 1230 1616 1250 verus
1641 1223 1742 1251 Christi

940 1266 1098 1303 discipulus,
1121 1274 1211 1303 neque
1226 1266 1253 1294 in
1277 1266 1328 1294 hoc
1352 1266 1445 1294 volens
1459 1268 1484 1301 fa
1499 1267 1630 1303 magistro
1651 1267 1742 1301 avelli,

940 1311 999 1339 vult
1013 1315 1040 1339 et
1051 1319 1080 1338 se
1089 1315 1117 1338 et
1126 1311 1193 1339 alios
1207 1311 1409 1347 condiscipulos
1419 1311 1555 1347 deponere
1566 1319 1616 1339 sua
1626 1319 1742 1347 corpora

939 1360 971 1384 ut
985 1355 1153 1383 descendant
1167 1363 1231 1383 cum
1243 1356 1318 1388 Iesu.
1331 1355 1377 1391 qui
1400 1355 1537 1391 positurus
1551 1360 1610 1384 erat
1621 1356 1740 1384 animam

939 1408 1028 1433 suam,
1053 1400 1123 1428 sicut
1146 1400 1348 1436 suspicabatur,
1373 1404 1404 1428 ut
1425 1408 1458 1428 ex
1477 1399 1584 1428 inferno
1597 1400 1741 1428 reduceret

939 1445 1021 1473 amici
1036 1445 1166 1473 animam.
1189 1446 1266 1472 Hanc
1283 1445 1429 1473 ridiculam
1443 1445 1645 1473 enarrationem
1658 1453 1743 1481 appo-

938 1490 990 1524 sui,
1010 1494 1041 1518 ut
1052 1489 1158 1526 pudore
1175 1489 1367 1518 suffunderem
1380 1497 1429 1518 eos
1440 1490 1488 1526 qui
1502 1490 1649 1526 Origenica
1662 1498 1741 1518 com-

938 1534 1073 1562 mendant
1082 1537 1127 1567 (α).
1138 1535 1233 1562 Nonne
1243 1534 1456 1562 deliramentum
1469 1538 1497 1562 et
1505 1535 1643 1562 somnium
1652 1535 1740 1570 plane,

84 1491 149 1518 στοῧ
166 1488 302 1526 μαθητὴς,
331 1488 398 1527 μηδὲ
421 1490 447 1518 ἐν
471 1488 555 1528 τούτῳ
583 1489 664 1518 θέλων
691 1490 883 1530 ἀπολειφθῆναι

85 1536 131 1563 τοῦ
147 1533 309 1563 διδασκάλου
320 1555 328 1571 ,
346 1532 501 1572 βουλεύεται
523 1533 569 1562 καὶ
587 1533 646 1566 τοὺς
667 1533 763 1567 ἄλλους
778 1546 884 1573 συμμαα

86 1578 183 1615 θητὰς,
211 1578 258 1608 καὶ
287 1577 467 1618 προτρέπεται
493 1578 639 1607 ἀποθέσθαι
673 1578 718 1607 καὶ
748 1579 826 1612 αὐτὸς
854 1579 877 1610 τί

959 1587 998 1608 acc
1011 1579 1141 1615 sapientis
1164 1579 1323 1607 enarratio?
1343 1580 1383 1608 Tu
1402 1583 1494 1607 autem
1517 1579 1579 1608 vide
1602 1579 1742 1616 quomodo

86 1624 180 1662 σῶμα,
194 1622 237 1651 ἵνα
258 1623 425 1662 συγκατέλθῃ
447 1624 485 1662 τῷ
500 1622 605 1659 Ἰησοῦ,
627 1624 662 1656 ὥς
676 1624 798 1660 ὑπονόει,
822 1624 877 1662 μέλη

959 1625 1082 1658 Dominus,
1094 1624 1222 1660 quamvis
1235 1626 1337 1652 Lazaro
1348 1629 1471 1658 mortuo,
1483 1624 1580 1653 dixerit
1592 1634 1598 1652 :
1611 1636 1623 1648 α
1639 1626 1742 1653 Eamus

85 1668 159 1697 λοντι
178 1667 226 1703 τὴν
241 1667 329 1709 ψυχὴν
344 1669 423 1698 αὐτοῦ
443 1669 536 1706 θεῖναι,
551 1667 596 1696 ἵνα
612 1668 642 1697 ἐκ
655 1670 699 1697 τοῦ
716 1668 780 1709 ᾅδου
795 1669 877 1708 ἆγάγγ

959 1669 972 1697 d
987 1677 1060 1703 eum,
1079 1681 1091 1694 ιι
1107 1669 1186 1706 quasi
1201 1669 1237 1697 ad
1252 1669 1400 1698 viventem.
1412 1669 1520 1698 Etenim
1535 1671 1656 1698 Lazarus
1669 1670 1742 1698 vive-

85 1712 135 1748 τὴν
157 1714 203 1742 τοῦ
227 1713 303 1752 φίλου
327 1712 426 1753 ψυχήν.
453 1711 563 1748 Ταύτην
585 1713 740 1751 παρεθέμην
763 1713 811 1749 τὴν
839 1725 877 1753 γει

959 1718 986 1742 at
997 1714 1110 1742 Christo
1123 1718 1154 1742 ut
1167 1716 1236 1742 Deo.

86 1757 186 1792 λοιώδη
212 1756 335 1796 ἐξήγησιν
363 1756 428 1797 πρὸς
457 1756 585 1796 ἐντροπὴν
608 1759 661 1786 τῶν
687 1757 722 1786 τὰ
745 1757 897 1797 Ὠριγένους
923 1759 1169 1797 ἄποσεμνυνόντων.
1196 1754 1265 1799 ’Ἆρα
1294 1758 1346 1799 γὰρ
1371 1759 1401 1788 οὗ
1429 1758 1565 1799 προφανὴς
1589 1761 1668 1799 λῆρος
1695 1759 1740 1789 καὶ

85 1801 184 1842 ὄνειρος
209 1802 328 1848 ἐτεχνῶς
351 1804 370 1848 ᾗ
395 1803 440 1831 τοῦ
467 1804 548 1842 σοφοῦ
576 1801 716 1841 ἐξήγησις
739 1802 779 1832 Σὺ
806 1802 834 1832 δέ
860 1814 905 1841 μοι
933 1803 1043 1840 σκόπει,
1068 1805 1151 1837 πῶςδ
1176 1804 1290 1844 Κύριος,
1317 1803 1404 1833 καίτοι
1426 1805 1474 1848 τοῦ
1496 1804 1620 1843 Λαζάρου
1644 1806 1739 1840 τεθνη-

85 1847 175 1885 κότος,
201 1845 284 1880 εἶπεν,
312 1857 327 1876 ιι
350 1845 472 1885 Ἄγωμεν
495 1846 560 1886 πρὸς
589 1846 682 1884 αὐτὸν,
705 1857 720 1876 ι)
753 1849 788 1881 ὥς
812 1848 876 1888 πρὸς
893 1849 993 1883 ζῶντα·
1019 1848 1066 1877 καὶ
1088 1849 1141 1888 γὰρ
1159 1848 1237 1881 αὐτὸς
1261 1850 1275 1878 ὁ
1299 1848 1422 1887 Λάζαρος
1445 1847 1491 1884 ἔζη
1519 1849 1557 1888 τῷ
1576 1849 1685 1888 Χριστῷ
1705 1850 1740 1882 ὥς

85 1892 158 1922 Θεὶὗ.

125 1922 141 1965 ἆ
164 1935 268 1966 Ἐλθὼν
295 1930 340 1965 οὖν
367 1936 381 1964 ὁ
412 1935 530 1972 Ἰησοῦς,
553 1931 626 1976 εἷρεν
647 1935 728 1965 αὐτὸν
753 1935 883 1976 τέσσαρας

83 1980 185 2019 ἡμρας
199 1980 249 2016 ἤδη
265 1979 360 2019 ἔχοντα
374 1980 399 2009 ἰν
416 1981 454 2020 τῷ
470 1975 602 2021 μνημείῳ.
618 1975 672 2011 1ilv
691 1979 718 2009 δὲ
732 1981 748 2016 ἡ
760 1975 881 2017 Βηθανία

84 2024 160 2065 ἔγγὺς
174 2026 226 2054 τῶν
250 2024 442 2065 Ἱεροσολύμων
457 2026 493 2058 ὡς
516 2024 569 2054 ἀπὸ
586 2025 702 2055 σταδίων
721 2025 879 2057 δεκαπέντε.

83 2070 137 2100 Καὶ
157 2068 252 2098 πολλοὶ
274 2071 326 2098 τῶν
346 2069 482 2100 Ἰουδαίων
503 2070 725 2106 συνεληλύθεισαν
747 2070 812 2111 πρὸς
834 2071 881 2105 τὰς

81 2113 142 2153 περὶ
158 2113 206 2149 τὴν
229 2114 344 2153 Μάρθαν
360 2114 406 2143 καὶ
427 2114 548 2154 Μαρίαν,
573 2114 616 2143 ἵνα
632 2115 879 2171 πατραμυθήσωνται

106 2158 144 2170 ,κ
225 2158 240 2171 γι
290 2159 536 2171 ,~as\~s~
589 2159 623 2171 η.
716 2160 798 2171 ..ιλ
852 2162 860 2171 ρ

85 2158 165 2192 αὐτὰς
181 2158 243 2199 περὶ
268 2161 314 2188 τοῦ
331 2159 443 2199 ἀδελφοῦ
467 2160 565 2190 αὐτῶν.
589 2159 623 2189 Ἦ
645 2158 690 2189 οὖν
716 2160 830 2200 Μάρθα,
846 2162 881 2194 ὡς

84 2203 195 2240 ἤκουσεν
211 2203 252 2233 ὅτι
263 2203 363 2240 Ἰησοῦς
376 2203 500 2242 ἔρχεται,
516 2203 666 2240 ὑπήντησεν
683 2205 769 2245 αὐτῷ·
785 2205 879 2245 Μαρία

84 2248 109 2277 δὲ
134 2249 162 2277 ἓν
181 2249 220 2288 τῷ
247 2247 313 2288 οἴκῳ
335 2247 482 2283 ἐκαθέζετο.
504 2259 519 2278 ι)
540 2248 683 2284 Ἔπίτηδες
709 2249 843 2287 ἀνέμεινεν
865 2252 879 2280 ὃ

82 2292 178 2332 Κύριος
201 2291 246 2322 τὸν
276 2292 399 2332 Λάζαρον
434 2292 612 2333 τετραήμερον
638 2293 786 2332 γεγονέναι·
821 2290 877 2323 εἶτα

81 2332 155 2373 ἦλθεν
169 2338 205 2371 ὡς
219 2337 250 2366 ἂν
271 2337 302 2366 τὸ
319 2340 408 2376 θαῦμα
425 2339 638 2378 ἀσυκοφάντητον
658 2338 786 2368 πάντοθεν
809 2338 878 2378 ἐξερ-

82 2381 209 2421 γάσηται.
232 2381 311 2415 Τίνος
335 2381 363 2411 δὲ
393 2381 480 2411 ἕνεκεν
502 2382 674 2422 προστίθησιν
699 2384 713 2412 ὁ
737 2384 877 2422 εὐαγγελι-

82 2429 161 2463 στής,
177 2426 219 2456 ὅτι
241 2426 385 2456 δεκαπέντε
399 2427 521 2460 σταδίους
536 2427 632 2466 διεῖχεν
648 2429 665 2464 ἡ
688 2427 808 2463 Βηθανία
824 2430 876 2457 τῶν

81 2469 284 2510 Ἶεροσολύμων;
302 2468 365 2501 Ἵνα
387 2470 457 2511 δείξῃ
471 2495 477 2507 ,
508 2471 548 2501 ὅτι
573 2472 680 2506 εἰκότως
702 2472 797 2502 πολλοὶ
822 2474 875 2502 τῶν

79 2515 299 2555 Ἱεροσολυμιτῶν
320 2517 461 2556 παρῆσαν·
480 2517 510 2546 οὖ
532 2516 583 2557 γὰρ
601 2516 707 2557 μακρὰν
730 2512 762 2553 ἦν
783 2519 800 2553 ἡ
819 2519 875 2554 Βη-

81 2559 168 2591 θανία.
194 2562 403 2601 Παρεμυθοῢντο
420 2560 447 2590 δὲ
463 2560 510 2595 τὰς
521 2565 648 2600 γυναῖκας
659 2585 667 2599 ,
684 2562 734 2602 οὖχ
749 2563 784 2595 ὡς
805 2563 875 2601 ἀγα-

80 2605 202 2643 πωμένας
217 2605 268 2635 ὑπὸ
282 2607 401 2645 Χριστοῦ
420 2604 479 2644 (καὶ
499 2605 551 2647 γὰρ
569 2618 584 2634 α
600 2607 753 2646 συνέθεντο,
769 2606 814 2636 ἵνα
829 2607 874 2637 ἐάν

80 2661 116 2682 τις
135 2650 215 2679 αὐτὸν
230 2649 384 2689 ὁμολογήσῃ
408 2650 541 2690 Χριστὸν,
568 2651 775 2691 ἀποσυνάγωγος
794 2651 875 2692 γένη-

80 2705 121 2724 ται
135 2695 169 2734 ιι)
180 2717 188 2731 ,
213 2694 283 2724 ἀλλὰ
299 2695 343 2725 διὰ
358 2693 406 2731 τὴν
422 2694 542 2735 ἀνάγκην
557 2697 605 2732 τῆς
619 2701 756 2737 συμφορᾶς
766 2719 775 2736 ,
798 2695 816 2732 ἢ
838 2698 874 2731 ὡς

110 2774 132 2792 ⁷⁹
144 2776 169 2802 ll
184 2775 248 2803 Cor.
266 2782 315 2809 tu,
331 2777 358 2802 5.

972 1941 1061 1969 Vens.
1078 1944 1169 1969 17-20.
1186 1952 1199 1965 α
1212 1941 1293 1970 Venit
1304 1941 1395 1977 itaque
1407 1941 1498 1974 Jesus,
1514 1944 1543 1968 et
1558 1939 1663 1968 invenit
1676 1949 1739 1969 eum

936 1990 1054 2022 quatuor
1073 1985 1132 2014 dies
1151 1986 1210 2022 jam
1242 1985 1270 2014 in
1292 1989 1471 2014 monumento
1496 1985 1647 2021 jacentem.
1672 1987 1739 2014 Erat

936 2035 1029 2059 autem
1055 2030 1187 2059 Bethania
1209 2031 1287 2067 juxta
1313 2030 1537 2066 Hierosolymam
1560 2029 1618 2058 fere
1642 2030 1739 2059 stadiis

935 2075 1096 2112 quindecim
1113 2084 1121 2104 :
1139 2076 1273 2112 multique
1293 2083 1326 2103 ex
1348 2074 1451 2103 Judaeis
1469 2078 1599 2103 venerant
1611 2074 1647 2103 ad
1661 2076 1738 2103 Mar-

934 2120 1010 2148 tham
1034 2120 1120 2156 659
1145 2128 1178 2148 ac
1201 2121 1329 2155 Mariam,
1354 2124 1384 2148 ut
1398 2120 1608 2148 consolarentur
1634 2128 1679 2148 eas
1703 2120 1738 2149 de

895 2154 920 2186 Ῑ)
935 2164 1018 2193 fratre
1041 2154 1111 2192 suo:
1126 2165 1234 2193 Martha
1259 2173 1324 2201 ergo
1359 2169 1391 2193 ut
1417 2164 1519 2193 audivit
1548 2164 1622 2201 quod
1655 2165 1738 2194 Jesus

933 2209 1050 2244 veniret,
1074 2210 1193 2237 occurrit
1215 2209 1253 2237 illi
1277 2219 1283 2238 :
1306 2209 1391 2237 Maria
1415 2217 1479 2237 vero
1498 2209 1576 2237 domi
1590 2209 1735 2238 residebat.

931 2254 1029 2282 Dedita
1045 2262 1128 2289 opera
1150 2254 1316 2289 exspectavit
1330 2254 1466 2282 Dominus
1479 2258 1511 2281 ut
1523 2255 1645 2282 Lazarus
1660 2254 1738 2283 ﬁeret

931 2298 1130 2335 quatriduanus
1141 2298 1253 2327 :deinde
1262 2299 1336 2326 venit
1344 2303 1374 2326 ut
1380 2299 1545 2326 miraculum
1555 2298 1653 2326 faceret
1661 2299 1736 2335 quod

931 2343 1006 2371 nulla
1028 2351 1061 2371 ex
1083 2347 1158 2379 parte
1178 2343 1340 2371 calumniari
1362 2347 1454 2379 posset
1473 2343 1621 2379 quispiam.
1645 2344 1736 2378 Quare

931 2393 1024 2416 autem
1045 2388 1159 2424 apponit
1181 2388 1345 2424 evangelista
1367 2388 1441 2424 quod
1461 2388 1618 2424 quindecim
1640 2389 1736 2417 stadiis

928 2432 1046 2460 abfuerit
1058 2433 1193 2460 Bethania
1219 2441 1235 2460 a
1259 2432 1476 2469 HierosolymisiI
1503 2433 1537 2460 Ut
1561 2433 1732 2468 ostenderet,

930 2477 1005 2514 quod
1026 2477 1103 2505 multi
1123 2477 1442 2514 Hierosolymitanorum
1462 2478 1562 2505 merito
1584 2477 1733 2506 adfuerint.

929 2523 993 2550 Non
1015 2522 1090 2550 enim
1115 2523 1195 2559 longe
1227 2523 1323 2550 aberat
1344 2522 1487 2550 Bethania.
1515 2523 1735 2551 Consolabantur

930 2571 1022 2595 autem
1054 2567 1192 2602 mulieres,
1207 2575 1262 2594 non
1284 2566 1358 2604 quod
1387 2567 1568 2603 diligebantur
1592 2575 1607 2594 a
1627 2567 1734 2595 Christo

930 2611 1048 2645 (etenim
1077 2612 1310 2647 conspiraverant,
1342 2614 1373 2639 ut
1409 2611 1431 2639 si
1461 2611 1522 2647 quis
1553 2611 1733 2638 conﬁteretur

929 2655 1080 2690 Christum,
1112 2661 1187 2685 extra
1209 2657 1383 2694 Synagogam
1416 2656 1518 2690 ﬁeret),
1547 2655 1595 2682 sed
1619 2657 1732 2690 propter

929 2701 1090 2730 calamitatis
1127 2701 1330 2736 necessitatem,
1367 2701 1409 2729 vel
1439 2700 1511 2737 quod
1536 2699 1732 2728 reverebantur

110 2836 147 2868 (α)
163 2835 195 2862 ιιι
209 2833 276 2863 edit.
294 2834 357 2862 Lut.
374 2833 473 2862 desunt
487 2841 552 2871 quae
565 2837 698 2870 sequntur
713 2844 720 2864 :
735 2835 828 2865 Nonne
841 2835 1057 2869 deliramentum,
1071 2839 1124 2863 etc.
