1922 3077
174 171 208 197 95
682 168 939 196 THEOPHYLACTI
958 167 1136 196 BULGARl/E
1154 169 1312 197 ARCHIEP.
1790 173 1827 199 96

176 239 222 260 eas
250 235 282 259 ut
301 231 457 265 nobiliores,
477 231 519 259 vel
541 230 616 267 quod
631 238 686 258 non
702 234 780 259 erant
801 230 911 267 pessimi
927 231 969 266 qui

1031 231 1215 270 εὐγενεστέρας
1242 232 1409 271 αἰδούμενοι,
1434 232 1452 268 ἢ
1479 234 1503 263 οἷ
1530 233 1567 271 μὴ
1596 233 1668 267 ὄντες
1696 235 1824 275 πονηροὶ,

173 276 341 305 advenerunt
357 284 364 303 :
381 275 454 304 unde
473 280 500 303 et
515 276 592 304 multi
607 275 783 303 crediderunt
797 283 831 303 ex
846 277 893 303 eis.
914 276 972 303 Cas-

173 325 275 353 terum,
292 321 400 348 Martha
414 320 472 348 sola
493 321 612 348 occurrit
627 320 757 356 primum,
777 324 803 348 et
821 329 875 348 non
891 321 972 348 simul

172 365 287 394 assumit
300 373 395 393 secum
413 373 549 400 sororem,
570 365 631 401 quia
644 365 760 393 seorsim
774 365 812 392 illi
829 373 972 393 occurrere

172 414 201 438 et
223 409 326 438 factum
345 410 509 438 annuntiare
534 410 650 438 volebat.
673 410 754 438 Unde
777 410 824 438 ubi
847 410 923 438 illam
944 409 972 437 in

172 463 249 490 spem
272 454 374 482 bonam
393 454 516 489 adduxit,
540 459 608 482 tunc
627 455 683 483 abit
695 459 722 483 et
741 459 821 483 vocat
834 463 970 483 sororem.

172 499 253 528 Prius
266 503 360 527 autem
383 507 439 527 non
458 499 523 527 dixit
541 500 630 527 sorori
650 499 754 534 Marias,
769 500 857 528 celare
877 499 971 527 volens

171 551 218 572 eos
247 543 293 580 qui
316 544 438 572 aderant.
463 545 534 572 Nam
563 544 585 571 si
609 545 696 572 Maria
722 544 873 572 audivisset
896 543 972 581 quod

175 600 188 614 α
201 589 280 617 Jesus
296 589 411 622 veniret,
429 601 442 613 ι»
457 589 652 617 resurrexisset
665 590 692 617 in
711 597 868 623 occursum,
883 594 910 617 et
924 597 971 617 co-

172 634 253 662 mites
276 633 392 662 fuissent
420 634 444 662 ei
471 638 618 669 praesentes
639 634 739 669 Judaei,
763 642 833 670 quos
860 634 972 662 nolebat

173 679 279 707 Martha
294 679 362 707 scire
376 678 523 707 adventum
539 679 648 707 Christi.

209 774 299 801 Vnns.
320 775 409 800 21-28.
437 784 450 797 κ
474 772 550 800 Dixit
573 780 639 809 ergo
653 773 762 801 Martha
783 772 819 800 ad
841 774 939 801 Jesum
962 781 969 800 :

173 818 302 852 Domine,
333 817 356 846 si
378 817 478 846 fuisses
498 818 551 851 hic,
576 817 661 845 frater
679 826 760 846 meus
787 825 845 845 non
876 817 972 846 fuisset

172 866 300 890 mortuus
321 871 327 889 :
344 861 393 890 sed
410 866 437 889 et
449 869 524 889 nunc
541 863 598 890 scio
615 862 689 897 quod
704 870 874 898 quaecunque
887 870 970 898 popo-

172 907 260 934 sceris
272 915 286 934 a
303 908 373 939 Deo,
393 905 508 934 daturus
520 907 556 933 sit
567 906 613 934 tibi
628 908 714 934 Deus.
729 906 802 934 Dicit
817 907 854 934 illi
868 908 948 934 Jesus
965 915 972 934 :

172 953 310 986 ltesurget
325 950 409 978 frater
423 954 496 978 tuus.
513 950 587 978 Dicit
601 950 708 978 Martha
731 961 737 978 :
762 951 824 978 Scio
837 950 911 986 quod
930 959 974 978 re-

170 999 264 1030 surget
289 994 318 1022 in
339 995 543 1022 resurrectione
566 995 593 1022 in
608 994 760 1023 novissimo
784 995 838 1022 die.
856 995 931 1022 Dicit
950 994 973 1022 ei

170 1041 251 1068 Jesus
277 1041 354 1075 :Ego
375 1047 437 1067 sum
458 1039 622 1067 resurrectio
634 1043 661 1067 et
682 1039 735 1067 vita
757 1049 764 1068 :
783 1039 830 1075 qui
843 1040 930 1068 credit
946 1039 974 1067 in

170 1091 225 1118 me,
251 1084 361 1111 etiamsi
381 1088 509 1112 mortuus
522 1083 616 1119 fuerit,
643 1084 722 1111 vivet.
746 1085 781 1112 Et
804 1084 896 1112 omnis
924 1085 973 1120 qui

170 1129 235 1156 vivit
255 1133 282 1156 et
305 1128 393 1156 credit
408 1128 435 1156 in
457 1136 514 1162 me,
537 1137 596 1156 non
617 1128 750 1156 morietur
773 1129 801 1156 in
828 1133 972 1157 internum.

169 1173 265 1202 Credis
289 1173 360 1201 hcc?
383 1173 432 1201 Ait
457 1173 497 1201 illi
513 1182 521 1200 :
537 1173 640 1208 Etiam,
656 1174 786 1201 Domine.
808 1175 866 1210 Ego
888 1173 972 1202 credo

169 1217 243 1254 quod
259 1222 286 1245 tu
302 1217 338 1245 sis
353 1217 480 1246 Christus
494 1218 538 1246 ille
553 1218 637 1246 Filius
660 1218 712 1246 Dei
727 1218 774 1254 qui
792 1218 821 1246 in
835 1217 972 1247 mundum

169 1267 301 1290 venturus
314 1263 373 1290 erit.
398 1264 433 1290 Et
446 1271 509 1290 cum
524 1262 582 1291 hac
603 1263 725 1297 dixisset,
741 1262 808 1291 abiit
822 1267 850 1291 et
866 1264 973 1291 vocavit

169 1308 287 1335 Mariam
301 1315 425 1335 sororem
441 1315 520 1335 suam
535 1307 701 1341 clanculum,
713 1307 807 1336 dicens
819 1316 825 1334 :
839 1308 973 1343 Magister

169 1351 258 1385 adest,
274 1356 301 1380 et
320 1356 398 1380 vocat
413 1356 446 1380 te.
463 1363 476 1376 ν
491 1352 587 1380 Fidem
602 1352 714 1388 quidem
730 1352 850 1380 habebat
864 1351 971 1381 Martha

169 1397 197 1424 in
220 1396 371 1430 Christum,
387 1396 434 1424 sed
457 1405 515 1424 non
537 1401 671 1432 quantam
694 1396 846 1432 oportebat.
863 1396 929 1424 Ideo
944 1401 972 1425 et

170 1440 258 1468 dicit:
285 1452 298 1465 α
315 1441 442 1476 Domine,
468 1441 491 1469 si
507 1440 605 1469 fuisses
626 1441 678 1474 hic,
712 1440 796 1469 frater
811 1449 888 1468 meus
912 1449 969 1469 non

169 1484 266 1513 fuisset
285 1490 422 1513 mortuus.
444 1496 458 1511 »
476 1485 558 1520 Quod
572 1493 638 1514 sane
657 1485 725 1513 dixit
739 1489 771 1513 ut
782 1493 838 1514 non
853 1485 969 1514 credens

1027 277 1121 305 ἐκεῖνοι
1149 279 1288 316 παρῆσαν·
1315 278 1377 306 ὅθεν
1408 277 1453 307 καὶ
1480 278 1573 307 πολλοὶ
1605 277 1765 308 ἐπίστευσαν
1797 279 1824 314 ἐξ

1027 322 1125 351 αὐτῶν.
1141 320 1176 351 ἹΙ
1197 322 1223 350 δὲ
1241 322 1338 361 Μάρθα
1362 322 1429 360 μόνη
1448 326 1606 363 προϋπαντᾷ
1621 323 1667 352 καὶ
1685 325 1714 352 οὐ
1730 335 1826 363 παρα-

1027 365 1160 402 λαμϐάνει
1185 366 1232 402 τὴν
1250 367 1374 407 ἀδελφὴν,
1390 367 1481 403 ἐπειδὴ
1506 367 1566 397 κατ’
1585 368 1656 397 ἰδίαν
1671 369 1743 407 αὐτῷ
1763 380 1827 398 συν-

1027 414 1118 450 τυχεῖν
1142 410 1284 448 ἡϐούλετο,
1310 411 1355 441 καὶ
1375 412 1405 441 τὸ
1420 412 1523 452 γεγονὸς
1543 413 1715 451 ἀπαγγεῖλαι.
1737 412 1825 443 Ὅθεν

1026 456 1116 490 ἐπειδὴ
1153 455 1236 491 αὐτὴν
1265 457 1301 490 εἷς
1327 457 1448 497 χρηστὰς
1482 457 1591 491 ἐλπίδας
1624 458 1725 496 ἤγαγε,
1763 458 1826 488 τότε

1027 500 1127 536 ἄπεισι,
1145 501 1189 530 καὶ
1202 502 1278 530 καλεῖ
1296 502 1343 536 τὴν
1361 502 1489 542 ἀδελφήν.
1509 501 1644 542 Πρότερον
1663 502 1691 532 δὲ
1707 503 1736 531 οὐ
1749 502 1825 541 λέγει

1027 545 1094 585 πρὸς
1112 545 1160 581 τὴν
1182 546 1297 586 ἀδελφὴν
1322 546 1440 586 Μαρίαν,
1473 547 1621 586 βουλομένη
1648 548 1739 577 λαθεῖν
1763 546 1825 580 τοὺς

1025 590 1168 629 παρόντας.
1198 592 1230 620 Εἰ
1252 591 1303 630 γὰρ
1324 594 1341 627 ἡ
1361 591 1453 631 Μαρία
1467 591 1591 628 ἤκουσεν,
1614 591 1655 621 ὅτι
1681 606 1693 618 κ
1720 592 1827 628 Ἰησοῦς

1026 634 1148 674 ἔρχεται,
1164 649 1176 661 ν
1201 635 1328 672 ἐξανέστη
1355 635 1385 665 ἂν
1409 636 1474 676 πρὸς
1490 637 1659 673 συνάντησιν,
1685 637 1731 666 καὶ
1754 649 1822 666 συν-

1025 679 1208 716 ηκολούθησαν
1225 681 1292 720 αὐτῇ
1310 680 1355 710 καὶ
1372 682 1395 711 οἱ
1413 683 1542 720 παρόντες
1561 682 1700 720 Ἰουδαῖοι,
1716 676 1753 715 οἶς
1766 683 1826 711 δια-

1025 727 1175 766 γνωσθῆᾼναι
1191 724 1353 766 τὸνμἸησοῦν
1375 726 1483 755 ἐλθόντα
1498 727 1545 755 οὐκ
1562 726 1692 762 ἠϐούλετο
1710 727 1823 766 Μάρθα.

1069 779 1084 810 α
1108 764 1189 798 Εἶπεν
1219 764 1264 798 οὖν
1291 770 1391 810 Μάρθα
1416 771 1482 810 πρὸς
1508 770 1551 800 τὸν
1568 770 1690 806 Ἰησοῦν
1722 764 1822 809 Κύριε,

1026 815 1048 843 εἰ
1063 809 1094 850 ἧς
1117 810 1185 850 ὧδε,
1211 816 1224 844 6
1248 809 1360 854 ἀδελφός
1384 809 1498 854 μουνοῦκ
1523 815 1554 844 ἂν
1579 815 1727 851 ἐτεθνήκει·
1750 815 1821 845 ἀλλὰ

1027 858 1072 888 καὶ
1093 863 1137 888 νῦν
1163 854 1222 888 οῖδα
1248 860 1288 889 δτι
1313 860 1363 889 ὅσα
1386 862 1416 889 ἂν
1440 860 1537 900 αἰτήσῃ
1561 860 1606 890 τὸν
1622 860 1712 899 Θεὸν,
1739 860 1822 890 δώσει

1028 915 1069 933 σοι
1093 905 1106 933 6
1132 903 1211 937 Θεός.
1234 904 1312 943 Λέγει
1336 905 1403 945 αὐτῇ
1419 907 1433 934 6
1451 905 1570 942 Ἰησοῦς·
1589 905 1789 941 Ἀναστήσεται
1811 907 1826 934 ὁ

1028 947 1141 988 ἀδελφός
1157 959 1214 979 σου.
1233 950 1312 988 Λέγει
1336 950 1409 990 αὐτῷ
1427 949 1541 989 Μάρθα·
1557 945 1627 980 Οἶδα
1647 949 1688 978 ὅτι
1704 949 1825 986 ἀναστή-

1026 1004 1101 1022 σεται
1123 994 1149 1022 ἐν
1166 995 1199 1033 τῇ
1217 993 1361 1024 ἀναστάσει
1377 995 1403 1023 ἐν
1426 996 1459 1034 τῇ
1483 994 1587 1034 ἐσχάτῃ
1612 994 1714 1035 ἡμέρα,
1736 990 1822 1024 Εἶπεν

1027 1033 1070 1066 οὖν
1096 1038 1164 1078 αὐτῇ
1180 1039 1194 1066 6
1221 1037 1339 1073 Ἰησοῦς·
1359 1038 1432 1077 Ἐγώ
1447 1039 1502 1077 εἶμι
1525 1040 1543 1074 ἡ
1568 1033 1712 1072 ἀνάστασίς
1737 1039 1784 1068 καὶ
1806 1041 1823 1074 ἡ

1026 1081 1096 1118 ζωή’
1109 1083 1123 1111 6
1139 1081 1270 1112 πιστεύων
1291 1083 1327 1115 εἷς
1344 1082 1404 1121 ἐμὲ,
1420 1082 1469 1112 κᾶν
1487 1083 1616 1122 ἀποθάνῃ,
1636 1083 1761 1119 ζήσεται·
1776 1083 1825 1113 καὶ

1026 1131 1078 1160 πᾶς
1094 1128 1108 1156 6
1133 1128 1198 1162 ζῶν,
1224 1126 1270 1156 καὶ
1286 1126 1417 1156 πιστεύων
1441 1128 1477 1161 εἷς
1500 1127 1564 1166 ἐμὲ,
1585 1129 1614 1157 οὗ
1636 1126 1674 1166 μὴ
1700 1128 1823 1168 ἀποθάνῃ

1026 1171 1061 1204 εἷς
1079 1170 1123 1200 τὸν
1147 1172 1242 1202 αἰῶνα.
1269 1170 1408 1206 Πιστεύεις
1426 1174 1518 1209 τοῦτο,
1541 1172 1620 1210 Λέγει
1644 1173 1730 1212 αὐτῷ·
1749 1172 1824 1209 Ναὶ,

1027 1215 1119 1256 Κύριε.
1145 1215 1219 1254 Ἐγὼ
1247 1216 1430 1253 πεπίστευκα,
1460 1215 1500 1246 ὅτι
1525 1215 1556 1246 σὺ
1582 1212 1607 1246 εἶ
1628 1218 1642 1246 6
1665 1217 1781 1256 Χριστὸς
1809 1219 1824 1247 6

1027 1260 1089 1294 Υἱὸς
1109 1264 1154 1289 τοῦ
1177 1261 1266 1297 Θεοῦ,
1288 1262 1302 1290 6
1328 1262 1364 1294 εἷς
1385 1261 1428 1290 τὸν
1453 1261 1553 1300 κόσμον
1575 1261 1728 1302 ἐρχόμενος.
1765 1262 1823 1292 Καὶ

1025 1308 1110 1335 ταῦτα
1135 1306 1247 1335 εἰποῦσα
1281 1307 1401 1343 ἀπῆλθε,
1422 1305 1470 1336 καὶ
1492 1307 1610 1347 ἐφώνησε
1640 1306 1748 1347 Μαρίαν
1773 1306 1824 1343 τὴν

1025 1349 1140 1390 ἀδελφὴν
1156 1351 1236 1386 αὐτῆς
1256 1350 1498 1390 λάθραῇεἷποῦσα·
1520 1351 1555 1381 Ὁ
1573 1351 1731 1385 διδάσκαλος
1753 1351 1824 1391 ποίρ-

1024 1406 1093 1434 εστι,
1120 1394 1164 1423 καὶ
1180 1396 1261 1434 φωνεῖ
1279 1407 1320 1425 σε.
1346 1406 1361 1423 n
1382 1395 1479 1424 Πίστιν
1504 1391 1575 1435 εἶχεν
1595 1398 1612 1431 ἦ
1634 1395 1732 1436 Μάρθα
1754 1396 1821 1435 πρὸς

1024 1439 1153 1481 Χριστὸν,
1173 1440 1233 1481 αλλ’
1249 1440 1298 1478 οὐχ
1318 1439 1382 1474 ὅσην
1400 1439 1461 1470 ἔδει.
1491 1440 1539 1470 Διὸ
1558 1440 1604 1470 καί
1627 1452 1705 1481 φησι·
1725 1451 1740 1470 (ι
1764 1441 1822 1470 Κύ-

1023 1495 1072 1525 ριε²
1090 1485 1112 1512 εἷ
1128 1479 1159 1519 ἧς
1172 1479 1235 1520 ὧδε,
1250 1485 1297 1514 οὐκ
1315 1483 1346 1525 ειν
1363 1483 1438 1513 ἔθανέ
1456 1496 1506 1522 μου
1526 1487 1540 1514 6
1556 1479 1678 1525 ἀδελφός,
1700 1495 1715 1514 ιι
1734 1485 1821 1515 Τοῦτο

168 1529 310 1558 absentem
333 1530 463 1566 potuisse,
486 1530 508 1558 si
529 1530 641 1565 quidem
665 1530 805 1564 voluisset,
832 1529 968 1565 depellere

1028 1528 1072 1568 γὰρ
1089 1528 1196 1562 πάντως
1219 1527 1268 1569 ἔφη
1279 1551 1286 1564 ,
1313 1523 1355 1558 οἶα
1372 1528 1409 1567 μὴ
1424 1529 1586 1559 πιστεύουσα
1598 1552 1606 1566 ,
1628 1523 1670 1558 ότι
1684 1529 1729 1559 καὶ
1746 1529 1824 1559 ἀπὼν

170 1579 288 1602 mortem
310 1575 402 1602 fratris
427 1575 468 1603 sui
490 1584 496 1602 :
512 1583 577 1602 nam
592 1575 662 1602 etin
687 1574 865 1610 sequentibus
881 1575 967 1611 majo-

169 1627 229 1647 rem
242 1619 433 1647 inﬁrmitatem
446 1619 567 1648 declarat
578 1619 640 1647 fidei
657 1630 663 1647 :
681 1629 693 1642 ‹‹
706 1620 883 1654 Quaecunque
895 1620 968 1646 enim

168 1665 290 1700 petieris,
308 1664 410 1700 inquit,
426 1666 526 1698 Deum,
543 1664 621 1691 dabit
645 1663 693 1691 tibi
709 1663 744 1690 ³ο.
764 1675 776 1687 υ
790 1663 874 1691 Vides
893 1663 968 1699 quod

168 1709 247 1737 illum
269 1710 340 1737 sicut
362 1709 450 1736 virum
467 1708 620 1745 quemdam
650 1708 752 1736 virtute
775 1708 921 1744 prmditun‘.
942 1713 970 1736 et

167 1755 227 1782 Deo
240 1754 389 1790 probatum
410 1753 553 1781 habuerit?
567 1755 629 1781 Non
645 1753 720 1780 enim
734 1752 816 1787 dixit,
831 1754 967 1787 Quaecun-

167 1806 220 1835 que
243 1798 374 1832 volueris,
397 1798 491 1832 facies,
520 1798 580 1832 sed,
605 1809 617 1822 α
636 1798 814 1834 Quzecunque
830 1798 966 1833 petiveris,

168 1843 243 1871 dabit
268 1843 329 1871 tibi.
365 1855 377 1868 υ
405 1845 467 1879 lpse
489 1846 580 1870 autem
606 1842 680 1871 hanc
700 1843 759 1879 ejus
783 1843 970 1879 suspicionem

169 1888 301 1916 subvertit
320 1897 326 1916 :
348 1899 361 1913 «ί
385 1890 520 1924 Resurget
540 1888 624 1921 enim,
644 1887 746 1924 inquit,
765 1887 847 1916 frater
865 1892 938 1916 tuus.
956 1899 968 1912 ιι

168 1934 232 1961 Non
251 1934 325 1961 enim
349 1933 418 1960 dixit
442 1933 466 1961 ei
481 1945 488 1959 ;
503 1933 604 1965 Etiam,
620 1937 710 1969 petam
733 1934 834 1966 Deum,
856 1937 884 1960 et
898 1933 972 1961 dabit

167 1978 252 2012 mihi;
269 1986 323 2005 non
338 1978 475 2005 consensit
497 1977 617 2005 sermoni
643 1977 712 2013 ejus,
728 1977 778 2004 sed
795 1977 885 2004 medio
900 1985 969 2013 quo-

168 2022 230 2050 dam
257 2022 340 2049 verbo
360 2030 426 2049 usus
449 2026 490 2049 est
512 2031 518 2049 :
543 2025 731 2048 verumtamen
745 2021 831 2056 660
857 2029 905 2056 per
927 2029 972 2048 se-

168 2066 280 2102 quentia
293 2066 484 2093 auctoritatem
506 2069 533 2093 et
554 2069 719 2100 potestatem
731 2073 810 2092 suam
825 2065 971 2093 clariorem

169 2111 235 2139 facit
263 2119 269 2137 :
299 2121 311 2135 α
328 2111 384 2145 Ego
405 2117 478 2143 sum,
504 2110 609 2143 dicens,
633 2109 798 2137 resurrectio
823 2113 850 2137 et
871 2109 933 2137 vita.
958 2121 970 2134 ι,

169 2154 308 2190 Quoniam
337 2155 412 2182 enim
433 2154 532 2182 mulier
563 2154 653 2182 adhuc
683 2154 823 2182 incredula
850 2158 917 2188 erat,
944 2159 972 2182 et

169 2200 284 2235 dictum,
312 2211 324 2224 ιι
343 2201 479 2235 Resurget
495 2198 580 2227 frater
597 2203 673 2233 tuus,
690 2211 703 2224 ν
719 2207 775 2226 non
797 2198 970 2236 agnoscebat,

168 2245 215 2273 sed
231 2245 258 2273 in
273 2244 421 2273 novissima
434 2244 632 2272 resurrectione
646 2244 813 2279 intelligebat
832 2244 912 2272 illum
926 2252 972 2272 re—

168 2294 355 2318 surrecturum
388 2298 395 2316 :
417 2289 519 2317 sciebat
531 2293 622 2317 autem
646 2293 675 2317 et
694 2289 819 2317 ultimam
847 2297 971 2317 resurre-

168 2334 288 2362 ctionem
303 2334 435 2368 futuram,
451 2338 478 2362 et
492 2333 544 2362 hoc
563 2334 673 2370 quidem
688 2343 721 2362 ex
737 2334 834 2362 divinis
847 2334 969 2370 Scriptu-

169 2379 217 2415 ris,
240 2383 266 2407 et
293 2379 320 2407 in
343 2379 437 2415 primis
458 2387 490 2407 ex
513 2379 651 2407 continuis
675 2379 773 2407 Christi
795 2379 971 2407 sermonibus

168 2425 202 2452 de
227 2424 424 2452 resurrectione
450 2433 457 2451 :
482 2424 563 2460 igitur
585 2423 648 2459 quia
681 2423 769 2451 adhuc
791 2423 890 2451 mulier
913 2427 971 2452 erat

169 2469 279 2503 mulier,
295 2473 420 2496 mentem
442 2468 501 2504 ejus
516 2469 614 2496 excitat
629 2468 773 2504 Dominus,
789 2472 816 2496 et
835 2468 969 2504 quodam-

171 2513 254 2541 modo
283 2517 421 2540 mortuam
444 2513 528 2541 ﬁdem
552 2520 609 2548 ejus
626 2513 749 2546 suscitat,
764 2512 856 2540 dicens
879 2513 969 2541 maui-

169 2557 264 2586 festius
288 2568 294 2586 :
318 2559 359 2585 Tu
378 2557 488 2593 quidem
511 2557 576 2585 dicis
597 2557 670 2593 quod
685 2565 854 2594 quaecunque
868 2558 970 2593 petiero

171 2604 272 2637 Deum,
287 2602 364 2630 dabit
387 2602 454 2630 mihi
478 2611 484 2630 :
508 2610 559 2638 ego
572 2606 667 2630 autem
688 2601 832 2630 manifeste
848 2602 900 2630 hoc
921 2603 971 2630 tibi

169 2647 243 2681 dico,
263 2647 338 2683 quod
355 2659 367 2671 α
385 2648 443 2682 Ego
462 2655 525 2674 sum
540 2647 702 2674 resurrectio
722 2649 749 2674 et
764 2647 817 2674 vita
833 2656 839 2674 :
864 2659 876 2671 υ
892 2651 920 2675 et
933 2647 970 2676 ita

171 2692 260 2720 virtus
290 2700 350 2720 mea
390 2692 451 2719 loco
484 2700 540 2720 non
567 2691 809 2725 circumscribitur,
840 2691 889 2720 sed
912 2696 970 2720 tam

170 2736 268 2764 absens
287 2744 370 2773 quam
394 2744 516 2773 prasens
538 2744 636 2765 sanare
658 2743 778 2772 possum.
811 2736 869 2772 Ego
894 2737 970 2765 enim

206 2825 229 2843 ⁸ο
243 2826 328 2853 Marc.
347 2833 382 2861 ιι,
398 2827 442 2854 23.

1030 1575 1037 1584 7
1046 1573 1057 1582 κ
1065 1572 1072 1581 Ι
1185 1573 1195 1584 i
1265 1575 1273 1585 7
1319 1573 1324 1582 Ι
1428 1574 1436 1583 ﬁ
1514 1573 1521 1583 Ι
1604 1575 1610 1583 \
1673 1573 1680 1584 Ι
1806 1578 1823 1585 Ν

1023 1584 1155 1611 ηουνατο,
1171 1585 1244 1613 ειπερ
1259 1573 1399 1610 ηϐουλετο,
1422 1576 1571 1614 αποτρεψαι
1587 1586 1630 1603 τον
1648 1577 1762 1604 θανατον
1775 1587 1823 1604 του

1023 1618 1137 1657 ἀδελφοῦ
1164 1619 1259 1652 αὖτ’ἧς·
1292 1618 1338 1646 καὶ
1363 1618 1401 1646 ἔτι
1428 1618 1469 1647 διὰ
1499 1620 1552 1647 τῶν
1587 1618 1679 1658 ἐφεξῆς
1712 1619 1821 1657 μείζονα

1023 1661 1071 1697 τὴν
1089 1662 1225 1692 ἀσθένειαν
1247 1661 1370 1703 ἐμφαίνει
1392 1665 1439 1698 τῆς
1465 1662 1592 1696 πίστεως·
1620 1673 1635 1691 (ι
1665 1661 1740 1693 Ὅσα
1757 1663 1825 1704 γᾶιρ¹

1024 1707 1122 1748 φησὶν,
1146 1706 1244 1746 αἰτήσῃ
1263 1707 1307 1735 τὸν
1320 1706 1405 1744 Θεὸν,
1423 1707 1502 1736 δώσει
1519 1719 1571 1737 σοι.
1593 1717 1608 1736 ι)
1629 1706 1713 1747 τΟρᾷς
1727 1707 1767 1736 ὅτι
1789 1709 1826 1742 ὡς

1024 1751 1144 1790 ἐνάρετόν
1174 1763 1232 1780 τινα
1260 1752 1397 1791 ἄνθρωπον
1423 1751 1468 1781 καὶ
1495 1752 1567 1792 παρὰ
1597 1753 1659 1792 Θεῷ
1684 1752 1824 1791 εὐδόκιμον

1024 1799 1113 1826 τοῦτον
1139 1796 1274 1836 ἐνόμιζεν,
1297 1797 1337 1826 Οὐ
1365 1797 1417 1836 γὰρ
1445 1791 1534 1833 εἶπεν,
1564 1796 1639 1827 Ὅσα
1667 1795 1699 1826 ἂν
1729 1797 1823 1836 θέλῃς,

1024 1841 1161 1878 ποιήσεις,
1190 1841 1250 1870 ἀλλ’
1278 1855 1288 1868 ιι
1317 1839 1392 1871 ’Ὀσα
1422 1840 1454 1870 ἂν
1483 1840 1600 1881 αἰτήσῃ,
1625 1841 1703 1870 δώσει
1728 1853 1779 1872 σοι.
1810 1856 1824 1868 ι

1021 1885 1105 1919 Αὐτὸς
1127 1885 1154 1915 δὲ
1180 1885 1334 1925 ἀνατρέπων
1354 1885 1401 1921 τὴν
1431 1886 1555 1922 τοιαύτην
1580 1887 1659 1922 αὐτῆς
1683 1886 1824 1923 ὑπόνοιαν,

1030 1941 1050 1971 (ι.
1065 1929 1277 1966 Ἀναστήσεται,
1305 1929 1401 1969 φησὶν,
1426 1931 1440 1958 6
1465 1930 1575 1970 ἀδελφός
1596 1942 1652 1960 σου.
1674 1944 1684 1956 n
1705 1932 1746 1960 Οὖ
1769 1931 1822 1971 γὰρ

1026 1969 1097 2003 εἶπεν
1111 1976 1180 2014 αὐτῇ
1191 1997 1199 2011 ,
1212 1975 1264 2004 Ναὶ
1285 1974 1431 2011 αἰτήσομαι
1447 1974 1491 2003 τὸν
1507 1969 1591 2011 Θεὸν,
1608 1974 1653 2004 καὶ
1671 1975 1748 2004 δώσει
1762 1969 1824 2013 μοι,

1025 2017 1084 2047 οὖδὲ
1107 2019 1254 2058 συνέδραμε
1276 2020 1314 2058 τῷ
1345 2019 1415 2058 λόγῳ
1447 2019 1539 2055 αὐτῆς,
1573 2019 1642 2048 ἀλλὰ
1672 2019 1741 2059 μέσῃ
1772 2020 1822 2058 μὲν

1027 2062 1160 2102 ἐχρήσατο
1193 2062 1276 2096 λέξει·
1307 2062 1377 2098 πλὴν
1406 2062 1450 2092 διὰ
1479 2065 1529 2093 τῶν
1558 2063 1616 2099 ἑξῆς
1648 2064 1823 2103 ἐκδηλοτέραν

1027 2107 1075 2143 τὴν
1100 2105 1199 2136 οἰκείαν
1218 2107 1354 2136 αὖθεντίαν
1381 2107 1425 2136 καὶ
1451 2107 1569 2142 ἐξουσίαν
1596 2108 1681 2145 ποιεῖ,
1702 2123 1714 2134 ι
1747 2108 1824 2148 Ἐγώ

1028 2152 1103 2190 εἶμι,
1126 2151 1228 2190 λέγων,
1255 2153 1271 2186 ἡ
1292 2152 1435 2186 ἀνάστασις
1457 2153 1503 2182 καὶ
1525 2154 1541 2187 ἡ
1557 2152 1623 2187 ζωή.
1647 2166 1657 2179 ιι
1676 2152 1754 2183 Ἐπεὶ
1770 2153 1823 2194 γὰρ

1026 2198 1043 2232 ἠ
1057 2195 1122 2234 γυνὴ
1141 2195 1180 2226 ἔτι
1202 2197 1324 2235 ἀπιστεῖ,
1346 2196 1392 2226 καὶ
1406 2197 1436 2226 τὸ
1447 2219 1455 2233 ,
1477 2208 1492 2226 tt
1507 2196 1699 2232 Ἀναστήσεται
1715 2199 1729 2227 6
1745 2199 1823 2228 ἀδελ-

1027 2241 1072 2282 φός
1092 2253 1149 2276 σου,
1166 2251 1181 2269 ν
1200 2241 1253 2270 οὐδ’
1267 2241 1379 2280 ἐπέγνω,
1397 2241 1454 2271 ἀλλ’
1478 2243 1521 2271 ἐντ
1583 2243 1685 2282 ἐσχάτῃ
1708 2244 1823 2273 ἀναστά-

1027 2297 1067 2315 σει
1090 2289 1143 2315 νοεῖ
1167 2286 1244 2315 αὐτὸν
1268 2286 1481 2322 ἀναστήσεσθαι·
1505 2287 1563 2327 ᾔδει
1585 2286 1613 2315 δὲ
1631 2286 1679 2322 τὴν
1702 2288 1821 2327 ἐσχάτην

1027 2330 1171 2360 ἀνάστασιν
1196 2331 1334 2369 ἐσομένην,
1360 2335 1436 2360 τοῦτο
1458 2330 1505 2370 μὲν
1531 2331 1576 2360 καὶ
1593 2331 1646 2360 ἀπὸ
1663 2333 1716 2361 τῶν
1743 2332 1821 2361 θείων

1026 2377 1157 2416 Γρανρῶν,
1182 2374 1297 2414 μάλιστα
1315 2376 1342 2404 δὲ
1364 2375 1416 2404 ἀπὸ
1431 2378 1482 2405 τῶν
1500 2379 1544 2405 τοῦ
1563 2378 1682 2415 Χριστοῦ
1702 2379 1820 2416 συνεχῶν

1026 2420 1087 2461 περὶ
1116 2423 1164 2456 τῆς
1188 2421 1358 2454 ἀναστάσεως
1387 2422 1514 2458 ὁμιλιῶν·
1542 2421 1599 2450 ἐπεὶ
1623 2417 1668 2450 οὖν
1691 2421 1730 2450 ἔτι
1753 2421 1820 2461 γυνὴ

1026 2463 1057 2502 ἦν
1083 2467 1100 2501 ἡ
1127 2464 1205 2504 γυνὴ,
1234 2465 1354 2505 διανιστᾷ
1379 2465 1461 2501 αὐτὴν
1490 2467 1503 2494 ὁ
1524 2466 1630 2505 Κύριος,
1660 2466 1706 2495 καὶ
1729 2465 1821 2506 ὥσπερ

1026 2510 1221 2550 νενεκρωμένην
1244 2509 1291 2545 τὴν
1315 2510 1403 2539 πίστιν
1431 2511 1513 2545 αὖτῆς
1545 2510 1684 2550 διεγείρει,
1710 2511 1822 2552 φάσκων

1027 2555 1212 2595 ἐκδηλότερον·
1236 2554 1274 2584 Σύ
1292 2566 1325 2592 με
1339 2553 1347 2595 [
1413 2553 1444 2583 σὺ
1461 2554 1526 2594 μὲν]
1541 2555 1643 2594 λέγεις,
1664 2555 1704 2584 ὅτι
1725 2555 1774 2584 ὅσα
1791 2555 1822 2584 ἂν

1028 2600 1180 2637 αἰτήσωμαι
1205 2598 1250 2628 τὸν
1277 2599 1362 2636 Θεὸν,
1391 2599 1470 2628 δώσει
1495 2611 1553 2637 μοι’
1577 2599 1629 2638 ἐγὼ
1650 2598 1678 2629 δὲ
1702 2601 1822 2640 φανερῶς

1026 2644 1096 2673 οὕτω
1113 2644 1153 2673 σοί
1174 2656 1259 2684 φημι,
1273 2643 1313 2673 ὅτι
1338 2655 1352 2673 ((
1373 2643 1446 2683 Ἐγώ
1462 2646 1548 2681 εἷμιὴ
1573 2645 1717 2677 ἀνάστασις
1741 2644 1787 2673 καὶ
1803 2647 1820 2680 ἡ

1026 2689 1090 2724 ζωή,
1106 2700 1121 2718 λ)
1147 2687 1237 2718 ⁹¹Ωστε
1254 2690 1283 2718 οὗ
1301 2688 1375 2729 τόπῳ
1397 2688 1575 2728 περικλείεταί
1591 2701 1641 2728 μου
1655 2691 1672 2724 ἡ
1691 2688 1820 2728 δύναμις,

1026 2732 1104 2771 ἀλλὰ,
1119 2733 1166 2763 καὶ
1189 2733 1266 2763 ἀπὼν
1279 2755 1288 2770 ,
1303 2734 1349 2763 καὶ
1368 2732 1473 2774 παρὼν,
1497 2733 1612 2774 δύναμαι
1629 2735 1728 2765 ἰᾶσθαι.
1744 2733 1820 2773 Ἐγὼ
