1922 3077
94 161 130 188 97
497 157 691 186 ENARRATIO
711 158 744 185 IN
762 155 977 185 EVANGELIUM
994 157 1143 188 JOANNIS.
1162 175 1198 181 —
1216 161 1292 189 CAP.
1311 162 1353 190 XI.
1712 165 1747 192 98

93 222 148 261 γάρ
163 222 220 260 εἶμι
244 222 259 250 6
274 220 387 261 χορηγὸς
406 222 459 250 τῶν
477 221 582 259 ἀγαθῶν
593 244 601 259 ,
618 221 663 250 καὶ
682 221 733 261 οὐχ
749 221 785 254 ὡς
803 220 892 260 ἑτέρου

952 220 1087 249 bonorum
1101 223 1285 259 suppeditator
1303 232 1376 258 sum,
1398 228 1426 252 et
1439 232 1495 252 non
1514 225 1592 261 quasi
1606 225 1676 254 alius
1688 225 1746 261 det,

94 267 230 304 διδόντος,
259 266 319 295 ἀλλ’
342 265 418 299 αὐτὸς
441 264 477 294 ὢν
501 267 518 301 ἡ
546 266 688 299 ἀνάστασις
711 265 756 294 καὶ
783 267 800 300 ἡ
824 264 894 300 ζωὴ,

94 311 184 350 ἰσχύω
201 311 247 341 καὶ
264 312 372 351 ἇνιστᾷν
385 311 431 340 καὶ
447 312 592 345 ζωοποιεῖν·
607 311 667 347 καὶ,
683 323 696 336 ε
711 309 746 340 ¢0
762 310 893 339 πιστεύων

94 357 133 388 εἷς
154 356 219 394 ἐμὲ,
243 355 293 385 κᾶν
321 357 464 396 ἀποθάνῃ,
492 368 504 381 ι
529 355 573 384 τὸν
597 355 708 384 θάνατον
735 357 827 384 τοῦτον
849 355 893 384 τὸν

94 400 226 440 φυσικὸν,
251 415 264 427 ιι
286 401 412 437 ζήσεται,
436 400 482 430 καὶ
506 404 558 434 πᾶς
583 402 596 430 6
619 402 669 434 ζῶν
693 399 739 430 καὶ
763 399 894 429 πιστεύων

93 446 131 478 εἷς
159 446 221 483 ἐμὲ,
237 446 267 475 οὗ
285 446 322 483 μὴ
349 445 482 484 ἀποθάνῃ,
500 459 513 471 ν
538 445 583 474 τὸν
601 444 725 485 ψυχικόν.
743 443 830 474 Ὥστε
856 444 894 483 μὴ

93 490 261 530 θορυϐηθῇς·
277 490 325 520 κᾶν
348 489 400 529 γὰρ
423 489 531 525 τέθνηκέ
555 501 602 519 σου
627 491 640 518 6
664 490 794 528 ἀδελφὸς,
817 488 895 524 ζήσε-

212 535 218 545 \
251 535 257 544 I
295 535 302 545 I
407 534 412 543 ι
457 538 473 544 ~
491 535 518 545 η
582 537 598 543 ..-
671 544 678 551 .
723 535 730 542 ι
740 535 750 543 .
776 535 784 545 ρ
825 534 837 540 -ι
885 534 896 544 ,,

91 546 150 566 ται.
166 537 222 565 Και
232 548 257 564 τι
271 535 340 574 λεγω
355 546 417 573 περι
427 547 473 564 του
485 535 598 574 αοελφου
613 546 658 563 σου
671 557 680 571 ,
693 534 763 564 Ουοὲ
775 545 860 572 υμεις,
872 546 894 564 ει

92 591 123 619 γε
151 580 291 610 πιστεύετε
317 580 352 613 εἷς
379 579 438 616 ἐμὲ,
464 579 631 615 τεθνήξεσθε,
657 579 725 608 ἀλλὰ
745 581 791 608 τοῦ
809 579 894 608 δεινο-

91 623 172 664 τέρου
195 625 307 655 θανᾶτου
331 624 463 664 κρείττους
486 625 576 654 ἔσεσθε
598 626 643 653 τοῦ
666 626 791 664 ψυχικοῦ.
808 623 843 654 ⁸0
867 623 894 653 δὲ

92 673 140 699 τοῦ
156 670 303 709 δεινοτέρου
317 668 494 710 λυτρούμενος
506 692 513 705 ,
528 670 619 709 πολλῷ
636 670 737 707 μᾶλλον
753 672 797 698 τοῦ
813 669 894 698 ἔλατ-

93 725 169 748 τονος
189 717 235 744 τοῦ
260 717 415 752 σωματικοῦ
440 713 603 753 λυτρώσεται
629 713 671 742 τὸν
686 714 831 750 τεθνηκότα
846 726 893 744 σου

92 759 217 799 ἀδελφόν.
262 759 370 800 Ἐρωτᾷ
385 758 412 788 δὲ
429 758 477 794 τὴν
492 762 622 797 γυναῖκα,
638 759 660 787 εἰ
683 759 816 788 πιστεύει·
866 758 894 788 δὲ

92 803 183 833 καίτοι
198 807 315 833 τοσαῦτα
337 799 492 840 ἀκούσασα,
507 803 580 841 ὅμως
595 804 624 832 οὖ
646 805 741 838 συνῆκε
751 825 759 840 ,
780 803 806 832 τί
822 799 893 833 εἶπεν

93 849 162 888 αὐτῇ
178 851 192 878 6
215 848 330 888 Κύριος,
355 848 404 877 ὑπὸ
431 852 476 877 τοῦ
501 848 613 884 πάθους,
640 843 726 887 οἶμαι,
754 848 800 878 καὶ
820 851 898 885 ἀνοη-

94 892 157 922 σίαν
173 896 295 923 νοσοῦσα.
313 892 401 924 Ἀλλο
422 893 473 933 γὰρ
493 893 675 932 ἕρωτήσαντος
700 893 815 930 ἐκείνου,
833 893 898 922 ἄλλο

95 938 166 974 αὐτὴ
184 938 370 977 ἀποκρίνεται.
415 937 450 968 “Ο
476 937 524 976 μὲν
539 938 590 977 γὰρ
613 937 706 976 ἤρετο,
732 938 754 967 εἰ
778 938 896 968 πιστεύει

94 983 135 1012 ὅτι
156 983 234 1016 αὐτός
249 985 319 1013 ἐστιν
337 996 347 1008 ιι
364 986 380 1019 ἠ
397 982 542 1015 ἀνάστασις
555 983 602 1011 καὶ
626 985 642 1017 ἡ
659 981 732 1020 ζωὴ,
759 996 770 1008 ι
792 982 837 1012 καὶ
856 983 896 1013 ὅτι

96 1041 107 1052 ι
130 1029 146 1056 6
162 1026 295 1057 πιστεύων
320 1041 332 1054 ν
349 1028 384 1060 εἷς
408 1026 487 1056 αὐτὸν
503 1041 514 1053 ι
539 1028 568 1056 οὖ
594 1026 631 1064 μὴ
650 1027 769 1066 ἀποθάνῃ
796 1028 832 1060 εἷς
852 1027 895 1056 τὸν

95 1073 199 1108 αἰῶνα,
227 1086 240 1098 ι
265 1072 317 1102 εἴτε
343 1072 386 1101 τὸν
411 1072 522 1112 ψυχικὸν
546 1071 652 1111 βούλοιο
672 1076 739 1101 νοεῖν
764 1071 896 1107 θάνατον,

95 1116 149 1146 εἴτε
173 1116 218 1146 τὸν
242 1118 406 1153 σωματικόν.
430 1116 484 1146 Καὶ
507 1116 559 1156 γὰρ
585 1116 666 1149 ὄντως
693 1117 716 1146 οἱ
736 1117 824 1145 πιστοὶ
853 1116 895 1145 διὰ

95 1161 145 1198 τὴν
161 1161 257 1190 ἐλπίδα
272 1163 318 1197 τῆς
333 1161 502 1194 ἀναστάσεως
527 1161 586 1190 οὐδὲ
610 1161 730 1196 θνήσκειν
760 1160 894 1199 λέγονται.

96 1206 130 1236 Ἣ
153 1205 180 1235 δὲ
201 1206 227 1236 τί
248 1207 438 1247 ἆποκρίνιταις
463 1220 474 1232 σι
498 1205 572 1244 Ἰίγὼ
592 1206 772 1242 πεπίστευκα,
800 1206 840 1234 ὅτι
863 1205 895 1235 σὺ

95 1247 122 1280 εἶ
137 1253 150 1280 6
165 1251 278 1292 Χριστος
293 1253 306 1279 6
320 1251 382 1284 Υἱὸς
400 1253 445 1279 τοῦ
460 1252 531 1280 Θεοῦ
545 1273 553 1287 ,
569 1252 582 1279 6
599 1252 633 1284 εἰς
645 1251 689 1279 τὸν
703 1251 803 1288 κόσμον
819 1250 896 1290 ἐρχό-

97 1307 188 1334 μενος·
205 1308 218 1322 ι
242 1297 330 1329 καλῶς
356 1296 404 1334 μὲν
427 1295 621 1335 μαρτυρήσασα
648 1295 693 1323 καὶ
717 1296 840 1332 ἀληθῶς,
866 1297 895 1325 οὗ

95 1339 150 1378 μὴν
225 1339 351 1379 ἐρωτήσει
375 1339 546 1375 κατάλληλον
569 1339 738 1377 ποιησαμένη
759 1339 807 1374 τὴν
829 1339 895 1369 aimi-

95 1396 194 1424 κρισιν.
238 1383 314 1418 Τέως
339 1384 428 1422 μέντοι
452 1383 583 1424 κερδαίνει
607 1385 637 1413 τὸ
660 1384 709 1420 τὴν
727 1383 895 1424 σφοδρότητα

93 1431 141 1464 τῆς
156 1428 243 1464 λύπης
269 1429 464 1465 καταστεῖλαι,
494 1429 538 1458 καὶ
562 1430 681 1457 κωλῦσαι
696 1428 727 1457 τὸ
749 1427 815 1457 πολὺ
833 1429 896 1458 πέν-

95 1476 151 1506 θος·
175 1474 261 1514 λάθρα
287 1474 314 1504 δὲ
330 1475 406 1503 καλεῖ
430 1473 477 1509 τὴν
503 1474 632 1514 ἀδελφὴν,
658 1473 758 1514 σφόδρα
783 1475 897 1507 συνετῶς

948 266 997 294 sed
1011 266 1069 301 ipse
1083 274 1146 295 sum
1168 277 1181 294 ‹‹
1195 269 1358 296 resurrectio
1371 272 1398 296 et
1417 269 1481 303 vita,
1498 281 1510 293 -
1525 270 1654 306 valeoque
1667 278 1745 298 resu-

948 311 1048 339 scitare
1063 315 1091 339 et
1111 312 1256 341 vivificare.
1272 324 1285 337 ι
1305 314 1337 340 Et
1351 313 1395 348 qui
1420 313 1505 342 credit
1526 314 1554 341 in
1568 322 1623 348 me,
1637 315 1744 344 etiamsi

950 360 1076 384 mortuus
1091 355 1174 385 fuerit
1189 369 1203 382 ν
1219 357 1338 385 naturali
1357 357 1408 385 hac
1429 362 1530 391 morte,
1549 368 1563 384 ιι
1583 359 1663 387 vivet.
1679 369 1694 385 »
1711 375 1745 381 —

951 411 963 424 ι
985 401 1020 428 Et
1037 402 1129 429 omnis
1147 402 1193 437 qui
1212 403 1288 435 vivit,
1302 406 1330 430 et
1347 402 1434 430 credit
1452 403 1477 430 in
1499 411 1554 437 me,
1570 411 1625 430 non
1646 405 1746 432 morie-

949 449 995 472 tur
1006 457 1018 469 ι·
1032 451 1123 474 mortc
1133 447 1234 475 anima:
1249 456 1255 474 :
1270 452 1297 475 et
1310 447 1345 475 ita
1359 455 1394 475 ne
1412 447 1540 475 turberis.
1558 449 1628 475 Nam
1648 456 1746 484 quam-

949 490 988 517 vis
1003 495 1127 519 mortuus
1148 491 1183 520 sit
1206 491 1290 520 frater
1303 496 1375 525 tuus,
1399 493 1477 520 vivet.
1494 493 1528 520 Et
1550 492 1615 528 quid
1630 492 1692 520 dico
1713 493 1747 521 de

949 534 1035 562 fratre
1055 535 1122 563 tuo?
1136 537 1230 572 Neque
1253 544 1312 570 vos,
1331 537 1354 564 si
1377 536 1488 572 quidem
1508 536 1620 564 creditis
1633 536 1661 564 in
1689 545 1746 571 me,

949 580 1113 614 moriemini,
1150 580 1200 608 sed
1231 581 1414 616 pmvalebitis
1447 581 1565 616 graviori
1591 581 1746 609 animarum

949 625 1042 652 morti.
1056 626 1091 652 Et
1105 625 1152 660 qui
1175 633 1189 653 a
1203 626 1326 661 graviore
1347 626 1454 659 liberat,
1471 626 1559 654 multo
1574 626 1662 661 magis
1679 626 1745 654 libe-

948 669 1020 697 rabit
1041 669 1154 697 fratrem
1178 674 1257 698 tuum
1276 670 1322 706 qui
1346 674 1472 698 mortuus
1489 675 1539 704 est,
1559 679 1574 698 a
1596 671 1697 698 minori
1721 675 1747 699 et

949 714 1094 750 corporali.
1126 715 1308 751 Interrogavit
1337 719 1430 743 autem
1460 719 1487 743 et
1512 715 1654 743 mulierem
1678 723 1746 743 num

948 759 1051 786 credat.
1077 762 1114 788 At
1138 759 1182 787 illa
1210 759 1336 796 quamvis
1358 760 1418 788 haec
1439 760 1598 793 audivisset,
1624 764 1746 788 attamen

949 811 1005 831 non
1019 804 1152 832 intellexit
1163 804 1229 840 quid
1242 805 1265 832 ei
1279 804 1386 832 dixerat
1408 805 1555 837 Dominus.
1572 813 1629 840 prin
1639 805 1745 839 dolore,

953 848 1060 884 opinor,
1084 853 1163 877 extra
1187 853 1308 877 mentem
1329 849 1487 877 constituta.
1515 851 1585 877 Nam
1609 858 1672 877 cum
1704 850 1749 877 ille

954 893 1149 929 interrogasset
1170 894 1254 928 aliud,
1275 894 1350 922 aliud
1371 894 1421 922 ista
1437 894 1590 930 respondit.
1613 896 1685 922 Nam
1709 894 1753 922 ille

948 938 1061 974 quidem
1087 939 1286 974 interrogabat,
1312 947 1380 966 num
1404 939 1499 967 credat
1523 938 1599 975 quod
1628 939 1684 974 ipse
1711 939 1748 966 sit

949 993 962 1006 ι
980 983 1144 1010 resurrectio
1169 987 1195 1011 et
1214 983 1277 1017 vita,
1304 995 1316 1007 ιι
1339 987 1368 1011 et
1392 983 1467 1019 quod
1491 995 1504 1007 οι
1532 983 1577 1018 qui
1603 983 1692 1011 credit
1720 983 1748 1010 in

950 1027 1051 1063 ipsum,
1066 1036 1123 1055 non
1143 1027 1277 1055 moriatur
1295 1028 1322 1055 in
1345 1032 1493 1061 aeternum,
1510 1039 1522 1051 ι
1537 1028 1594 1056 sive
1607 1027 1641 1055 de
1655 1036 1750 1064 corpo-

949 1072 987 1100 ris
1000 1072 1055 1100 sive
1079 1072 1113 1100 de
1132 1073 1232 1101 animae
1258 1077 1346 1100 morte
1378 1072 1525 1108 intelligas.
1557 1073 1627 1100 Nam
1648 1072 1751 1106 ﬁdeles,

950 1121 1062 1152 propter
1081 1125 1158 1153 spem
1178 1117 1396 1151 resurrectionis,
1413 1125 1502 1153 neque
1524 1117 1593 1145 mori
1611 1117 1749 1145 dicuntur.

949 1162 986 1188 At
1004 1161 1049 1189 illa
1069 1161 1135 1197 quid
1160 1161 1328 1198 respondet?
1350 1172 1363 1187 ιι
1386 1163 1444 1198 Ego
1468 1162 1550 1190 credo
1575 1161 1650 1197 quod
1670 1166 1699 1189 tu
1720 1170 1750 1189 es

949 1205 1074 1234 Christus
1086 1207 1173 1234 Filius
1188 1207 1250 1238 Dei,
1268 1206 1315 1242 qui
1334 1206 1361 1234 in
1379 1206 1516 1234 mundum
1534 1207 1638 1234 venisti.
1649 1218 1662 1231 ι
1678 1207 1752 1234 Bene

949 1250 1061 1286 quidem
1087 1254 1185 1278 testata
1218 1250 1267 1278 fuit
1286 1255 1314 1278 et
1334 1259 1407 1284 vere,
1439 1251 1487 1279 sed
1514 1259 1569 1278 non
1598 1250 1751 1286 interroga-

949 1294 1019 1322 tioni
1033 1302 1187 1331 congruum
1206 1295 1324 1323 reddidit
1336 1303 1499 1330 responsum
1511 1304 1518 1323 :
1530 1299 1557 1322 et
1569 1299 1635 1323 tunc
1648 1295 1751 1322 lucrata

949 1343 991 1367 est
1016 1343 1046 1366 ut
1073 1339 1271 1367 vehementiam
1302 1339 1406 1368 doloris
1433 1340 1587 1375 mitigaret,
1609 1347 1641 1367 ac
1662 1340 1752 1368 luctus

948 1384 1118 1412 nimietatem
1133 1384 1302 1420 prohiberet.
1315 1385 1393 1412 Clam
1410 1389 1504 1412 autem
1520 1389 1599 1412 vocat
1612 1392 1737 1413 sororem

949 1428 1028 1456 valde
1047 1429 1196 1464 prudenter
1221 1429 1274 1457 hoc
1295 1428 1408 1463 faciens,
1432 1433 1545 1465 propter
1565 1437 1613 1457 eos
1632 1429 1678 1465 qui
1694 1429 1748 1457 illic

951 1473 1066 1501 aderant
1089 1473 1210 1501 Iudaeos.
1238 1473 1267 1502 Si
1292 1473 1366 1501 enim
1391 1474 1584 1509 cognovissent
1610 1474 1649 1501 illi
1675 1473 1751 1510 quod

94 1521 173 1548 τοῦτο
193 1518 406 1558 ὅιαπραξαμένη,
433 1518 477 1548 διὰ
492 1517 551 1551 τοὺς
579 1519 663 1547 ἐκεῖσε
691 1518 895 1558 παρατυχόντας

952 1526 1097 1546 occursura
1117 1523 1190 1546 esset
1211 1518 1333 1552 Christo,
1348 1518 1493 1552 abiissent,
1508 1523 1535 1546 et
1560 1518 1693 1546 caruisset
1709 1523 1750 1546 te-

96 1560 255 1596 Ἰουδαίους.
279 1563 310 1593 ΙΞί
329 1562 380 1603 γὰρ
406 1562 524 1602 ἔγνωσαν
540 1564 635 1592 ἐκεῖνοι
647 1585 654 1598 ,
679 1562 718 1592 ὅτι
734 1564 771 1602 τῷ
787 1564 896 1603 Χριστῷ

99 1608 299 1644 συναντήσουσα
321 1607 442 1644 ἄπεισιν,
470 1606 645 1647 ἀνεχώρησαν
670 1606 717 1644 ἂν,
744 1608 788 1636 καὶ
816 1607 898 1641 οὕτως

100 1652 204 1690 ἔμεινεν
220 1651 372 1691 ἀμάρτυρον
387 1651 417 1681 τὸ
437 1654 537 1689 θαῦμα.
553 1653 609 1682 Νῦν
626 1651 653 1681 δὲ
673 1651 828 1689 νομίσαντες
849 1652 897 1688 τὴν

100 1698 209 1737 Μαρίαν
235 1697 271 1730 εἷς
309 1697 354 1726 τὸν
379 1696 462 1736 τάφον
489 1698 523 1728 ὡς
547 1697 729 1735 δακρύσουσαν
754 1696 896 1736 ἔρχεσθαι,

99 1742 144 1770 καὶ
169 1741 212 1770 διὰ
234 1743 312 1770 τοῦτο
335 1742 543 1774 συναπελθόντες
569 1743 653 1778 αὐτῆ,
680 1742 831 1781 ἀναγκαίοις
851 1744 897 1771 τοῦ

99 1785 233 1823 θαύματος
251 1785 383 1815 αὐτόπται
406 1785 452 1815 καὶ
477 1786 607 1825 μάρτυρες
628 1786 763 1825 γεγόνασι.
791 1787 852 1819 Πῶς
870 1786 898 1816 δὲ

99 1833 116 1866 ἡ
134 1831 232 1869 Μάρθα
248 1830 310 1870 φησὶ
326 1830 391 1869 πρὸς
411 1831 458 1865 τὴν
483 1831 607 1869 Μαρίαν,
629 1830 670 1859 ὅτι
683 1844 695 1857 ι
713 1829 748 1860 c0
771 1831 899 1859 διδάσκα-

97 1876 141 1910 λος
157 1880 238 1916 φωνεῖ
264 1887 304 1912 σε,
327 1889 339 1901 ι
360 1874 445 1904 καίτοι
468 1877 513 1904 τοῦ
535 1875 722 1914 εὐαγγελιστοῦ
748 1874 785 1913 μὴ
801 1877 896 1911 ἐπιση-

99 1919 270 1960 μηναμένου,
299 1919 339 1949 ὅτι
365 1919 498 1960 ἐφώνησεν
525 1919 609 1955 αὐτὴν
635 1921 649 1948 6
686 1919 801 1959 Κύριος;
834 1919 899 1949 Εἴτε

98 1959 142 1994 οὖν
166 1964 236 1994 κατὰ
272 1965 302 1994 τὸ
328 1964 499 2002 σιωπώμενον
524 1964 672 1993 ἐνετείλατο
698 1966 730 2004 τῇ
759 1964 858 2004 Μάρθα
883 1967 897 1994 6

99 2009 197 2048 Κύριος
214 2009 327 2038 καλέσαι
343 2010 392 2044 τὴν
407 2008 524 2050 ἀδελφὴν
534 2031 542 2044 ,
556 2009 572 2045 ἢ
589 2009 636 2044 τὴν
648 2009 801 2050 Ᾱπαρουσίαν
816 2010 897 2040 αὐτοῦ

98 2056 143 2083 τοῦ
168 2055 286 2094 Χριστοῦ
301 2054 359 2083 ἀντὶ
384 2055 470 2094 φωνῆς
480 2048 617 2091 νομίσασα
638 2048 723 2092 εἶναι,
739 2055 817 2093 φησὶν
829 2076 837 2091 ,
855 2053 896 2084 ὅτι

99 2113 110 2125 ιι
133 2100 227 2129 Φωνεί
241 2110 270 2127 σε
283 2099 297 2127 6
311 2098 477 2132 διδάσκαλος.
495 2111 507 2124 ι
525 2100 588 2132 Πῶς
602 2098 654 2137 γὰρ
667 2099 714 2127 οὐκ
729 2099 895 2138 ὀφειλόμενον

98 2139 150 2181 ἦν,
177 2146 224 2173 τοῦ
249 2143 364 2183 Χριστοῦ
389 2143 534 2183 παρόντος,
559 2143 604 2172 καὶ
624 2142 706 2179 αὐτὴν
732 2144 796 2182 πρὸς
818 2144 896 2174 αὐτὸν

99 2188 200 2224 έλθεῖνς
215 2189 272 2224 Τὴν
292 2190 353 2226 γοῦν
370 2187 518 2228 παρουσίαν
535 2191 581 2217 τοῦ
598 2187 715 2227 Κυρίου,
730 2189 895 2218 ἀπαιτοῦσαν

98 2232 253 2270 ἀναγκαίως
276 2233 430 2268 ἀπαντῆσαι
451 2233 537 2272 αὐτῷ,
563 2233 676 2273 φώνημα
693 2232 764 2271 λέγει
785 2234 800 2262 6
821 2235 895 2273 εὐαγ-

97 2277 231 2316 γελιστής.
249 2291 262 2304 ιι
280 2276 315 2307 ⁸0
331 2277 489 2310 διδάσκαλος
501 2291 512 2303 ι
525 2276 587 2317 γὰρ,
603 2277 666 2317 φησί
677 2299 685 2314 ,
705 2277 833 2317 πάρεστι,
849 2279 894 2308 καὶ

951 1563 1039 1591 stibus
1062 1563 1165 1599 insigne
1195 1563 1366 1591 miraculum.
1393 1563 1464 1598 Quia
1489 1567 1583 1591 autem
1611 1563 1750 1591 existima-

951 1607 1019 1636 bant
1042 1608 1158 1636 Mariam
1181 1607 1216 1636 ad
1237 1608 1393 1643 sepulcrum
1407 1608 1586 1644 lacrymatum
1602 1607 1748 1643 proﬁcisci,

951 1657 1094 1688 propterea
1120 1652 1202 1680 simul
1215 1652 1342 1680 abierunt
1356 1661 1419 1680 cum
1439 1661 1482 1686 ea,
1498 1653 1676 1689 miraculique
1687 1660 1749 1688 spe-

951 1701 1070 1725 ctatores
1083 1696 1197 1724 fuerunt
1211 1706 1244 1725 ac
1263 1701 1356 1725 testes.
1373 1697 1520 1733 Quomodo
1535 1701 1628 1725 autem
1644 1697 1750 1725 Martha

951 1741 1040 1778 inquit
1053 1741 1087 1769 ad
1101 1742 1228 1774 Mariam,
1247 1752 1261 1767 ι(
1281 1742 1415 1778 Magister
1433 1746 1513 1770 vocat
1528 1745 1576 1769 te:
1605 1753 1618 1766 ιο
1641 1742 1750 1770 tametsi

951 1787 1116 1821 evangelista
1135 1794 1191 1814 non
1204 1787 1350 1822 assignarit
1363 1786 1438 1822 quod
1459 1786 1561 1814 vocarit
1574 1794 1637 1814 eam
1651 1786 1749 1814 Domi-

952 1832 1023 1858 nus?
1039 1832 1100 1858 Iloc
1112 1831 1215 1858 scilicet
1230 1832 1345 1858 latenter
1359 1830 1482 1858 insinuat
1496 1831 1661 1858 mandatum
1676 1832 1750 1858 Mar-

951 1875 1006 1903 tha:
1029 1883 1044 1902 a
1068 1875 1186 1902 Domino
1210 1879 1243 1902 ut
1270 1879 1348 1903 vocet
1372 1883 1508 1909 sororem,
1533 1875 1575 1903 vel
1600 1875 1750 1904 adventum

952 1919 1053 1948 Christi
1078 1919 1161 1955 661
1192 1919 1266 1947 vocis
1290 1919 1350 1948 loco
1377 1919 1504 1947 habebat.
1534 1920 1608 1947 Dicit
1630 1919 1713 1955 igitur
1741 1928 1748 1947 :

954 1976 967 1990 ιι
988 1966 1074 1992 Vocat
1082 1968 1110 1991 te
1124 1964 1265 1999 magister.
1283 1975 1296 1988 ι-
1313 1963 1461 1998 Quomodo
1475 1962 1549 1991 enim
1559 1964 1668 1991 Christo
1680 1971 1749 2000 prai-

950 2013 1027 2037 sente
1040 2016 1097 2037 non
1110 2008 1227 2036 debebat
1240 2008 1275 2036 ad
1298 2009 1376 2036 illum
1390 2008 1474 2037 etiam
1490 2008 1534 2036 illa
1556 2008 1668 2037 venire?
1693 2010 1748 2036 Ita-

950 2061 1005 2090 que
1017 2053 1168 2082 adventum
1184 2053 1302 2087 Domini,
1319 2053 1365 2090 qui
1381 2053 1534 2081 necessario
1549 2053 1622 2081 illam
1639 2053 1751 2089 petebat

950 2102 981 2127 ut
1007 2103 1165 2127 occurreret
1192 2098 1228 2132 ei,
1253 2099 1424 2126 vocationem
1451 2098 1518 2126 dicit
1545 2098 1711 2134 evangelista
1741 2107 1749 2127 :

953 2155 965 2168 ι
987 2143 1116 2180 Magister
1139 2143 1224 2177 enim,
1240 2143 1340 2179 inquit,
1356 2143 1433 2170 adest
1447 2147 1475 2170 et
1497 2146 1525 2170 te
1544 2147 1660 2170 vocat.»
1678 2145 1750 2171 istuc

951 2189 1041 2224 ipsum
1065 2187 1160 2216 adesse
1184 2196 1234 2224 pro
1257 2195 1324 2216 voce
1352 2187 1455 2215 factum
1477 2191 1518 2215 est
1540 2188 1574 2215 ad
1598 2191 1633 2215 te.
1651 2189 1748 2215 Detre-

949 2237 1024 2261 ctare
1040 2233 1114 2260 enim
1123 2240 1182 2260 non
1194 2237 1272 2268 potes
1281 2232 1349 2270 quin
1361 2232 1437 2260 illum
1452 2237 1614 2268 praesentem
1631 2236 1659 2260 et
1667 2237 1697 2260 tu
1707 2241 1750 2260 ac-

949 2277 1038 2306 cedas.

98 2336 110 2349 ι
132 2326 214 2362 φωνεῖ
238 2333 285 2352 σε·
311 2335 322 2348 ι
344 2322 390 2351 καὶ
414 2321 506 2358 ἐπειδὴ
534 2335 546 2348 α
568 2322 717 2362 πάρεστιν,
740 2335 755 2350 ιι
779 2323 842 2352 αὐτὸ
865 2327 940 2354 τοῦτο
961 2325 992 2352 τὸ
1005 2322 1128 2361 παρεῖναι
1152 2322 1209 2351 ἀντὶ
1232 2323 1318 2363 φωνῆς
1341 2326 1455 2352 ποιεῖται
1480 2322 1544 2363 πρὸς
1566 2322 1615 2352 σί·
1635 2322 1751 2363 ἀπαραί-

97 2378 175 2403 τητον
199 2367 250 2407 γὰρ
285 2366 331 2404 τὸ,
357 2366 456 2396 ἐκείνου
480 2366 622 2407 παρόντος,
649 2367 684 2400 εἰς
710 2367 869 2403 συνάντησιν
886 2369 965 2398 αὐτοῦ
988 2368 1123 2407 προελθεῖν
1144 2367 1188 2397 καὶ
1213 2367 1254 2398 σέ,

141 2425 153 2438 ⁸⁸
180 2411 289 2448 Ἐκείνη
304 2413 340 2445 ὡς
352 2412 463 2448 ἤκουσεν
473 2433 482 2447 ,
498 2411 627 2452 ἐγείρεται
641 2411 710 2451 ταχὺ
722 2434 731 2448 ,
745 2412 790 2441 καὶ
813 2412 896 2453 ἔρχε-

99 2468 141 2486 ται
156 2457 221 2496 πρὸς
237 2456 324 2486 αὐτόν.
340 2455 427 2486 Οὔπω
446 2456 474 2485 δὲ
496 2457 615 2492 ἐληλύθει
636 2459 650 2486 6
671 2456 774 2492 Ἰησοῦς
796 2457 832 2490 εἰς
847 2457 895 2494 τὴν

99 2501 191 2540 κώμην
204 2524 213 2538 ,
231 2500 291 2530 ἀλλ’
304 2497 336 2542 ἦν
352 2501 380 2530 ἐν
396 2503 434 2540 τῷ
449 2501 523 2541 τόπῳ
538 2501 604 2530 ὅπου
626 2501 776 2538 ὑπήντησεν
791 2503 862 2542 αύτῷ
878 2504 894 2538 ἡ

100 2547 207 2586 Μάρθα.
234 2547 269 2576 Οἱ
293 2541 339 2574 οὖν
355 2545 478 2576 Ἰουδαῖοι
493 2548 517 2575 οἱ
541 2546 612 2580 ὄντες
636 2545 695 2584 μετ’
718 2547 800 2582 αὐτῆς
814 2541 895 2588 ἐνντῇ

99 2590 185 2630 οἰκίᾳ,
211 2590 258 2620 καὶ
278 2590 512 2629 παραμυθούμενοι
537 2591 634 2627 αὐτὴν,
659 2591 756 2624 ἰδόντες
771 2590 818 2627 τὴν
835 2593 896 2622 Μα-

101 2636 175 2676 ρίαν,
190 2634 231 2664 ὅτι
255 2635 359 2675 ταχέως
382 2635 480 2671 ἀνέστη
502 2636 548 2665 καὶ
572 2635 697 2671 ἐξῆλθεν,
713 2635 896 2672 ἠκολούθησαν

100 2681 186 2719 αὐτῇ,
213 2679 349 2718 λέγοντες,
374 2678 415 2709 δτι
430 2679 547 2719 Ὑπάγει
568 2681 604 2713 εἰς
627 2681 657 2709 τὸ
680 2684 827 2719 μνημεῖον,
851 2680 895 2710 ἵνα

99 2725 203 2764 κλαύσῃ
233 2725 297 2755 ἐκεῖ.
342 2724 376 2754 Ἦ
402 2719 448 2754 οὖν
472 2725 565 2764 Μαρία
589 2726 624 2758 ὡς
646 2721 724 2761 ἦλθεν
747 2724 814 2754 ὅπου
829 2721 861 2762 ἦν
882 2727 896 2755 6

99 2768 218 2806 Ἰησοῦς,
236 2769 329 2799 ἰδοῦσα
347 2769 425 2798 αὐτὸν
435 2791 444 2805 ,
459 2769 554 2799 ἔπεσεν
570 2770 608 2802 εἷς
629 2769 688 2802 τοὺς
700 2769 783 2803 πόδας
798 2770 876 2800 αὐτοῦ
886 2792 895 2806 ,

99 2813 212 2854 λέγουσα
229 2814 311 2854 αὐτῷ·
335 2814 437 2855 Κύριε,
453 2815 476 2844 εἰ
503 2809 534 2850 ἧς
560 2809 631 2854 ὧδε,
660 2815 707 2844 οὐκ
731 2813 763 2844 ἂν
780 2814 896 2845 ἀπέθανέ

985 2418 1073 2444 Vens.
1099 2418 1195 2444 29-32.
1217 2428 1230 2441 ι
1253 2416 1301 2444 Illa
1325 2421 1356 2444 ut
1376 2416 1493 2450 audivit,
1517 2416 1605 2452 surgit
1629 2416 1696 2450 cito,
1722 2420 1751 2444 et

950 2461 1023 2489 venit
1037 2460 1071 2489 ad
1089 2469 1164 2489 eum.
1182 2460 1311 2489 Nondum
1327 2465 1419 2489 autem
1435 2465 1547 2489 venerat
1558 2462 1640 2489 Jesus
1662 2461 1692 2488 in
1702 2468 1748 2488 ca-

949 2506 1070 2539 stellum,
1084 2505 1131 2534 sed
1153 2510 1213 2533 erat
1226 2505 1253 2533 in
1273 2513 1306 2533 eo
1328 2505 1388 2534 loco
1403 2506 1449 2534 ubi
1464 2510 1621 2534 occurrerat
1635 2505 1658 2534 ei
1675 2507 1750 2533 Mar-

949 2550 1007 2578 tha.
1023 2550 1111 2578 Judaai
1126 2558 1191 2586 ergo
1204 2550 1249 2586 qui
1263 2554 1341 2578 erant
1353 2559 1418 2578 cum
1440 2559 1471 2579 ea
1487 2551 1515 2578 in
1530 2551 1628 2584 domo,
1643 2554 1670 2578 et
1682 2557 1748 2577 con-

949 2596 1110 2624 solabantur
1123 2603 1197 2630 eam,
1221 2603 1285 2623 cum
1309 2595 1439 2623 vidissent
1464 2596 1578 2624 Mariam
1600 2594 1674 2630 quod
1695 2594 1749 2621 cito

949 2640 1121 2673 surrexisset,
1144 2639 1231 2668 secuti
1253 2644 1317 2668 sunt
1337 2648 1410 2673 eam,
1429 2640 1551 2668 dicentes
1575 2650 1582 2668 :
1608 2638 1689 2667 Vadit
1714 2637 1749 2665 ad

950 2689 1173 2719 monumentum,
1188 2688 1219 2712 ut
1233 2685 1322 2720 ploret
1336 2685 1383 2712 ibi.
1402 2685 1486 2712 Maria
1499 2692 1564 2720 ergo
1578 2691 1642 2711 cum
1657 2682 1747 2710 venis-

950 2734 991 2757 set
1004 2738 1037 2757 co
1053 2729 1100 2757 ubi
1115 2734 1173 2758 erat
1187 2731 1279 2764 Jesus,
1295 2729 1389 2758 videns
1401 2737 1476 2763 eum,
1492 2728 1593 2756 accidit
1606 2727 1640 2755 ad
1664 2726 1749 2762 pedes

949 2774 1020 2810 ejus,
1035 2778 1062 2802 et
1082 2774 1148 2802 dicit
1161 2774 1186 2802 ei
1204 2774 1353 2808 :Domine,
1370 2774 1392 2802 si
1413 2773 1508 2801 fuisses
1531 2773 1585 2807 hic,
1608 2779 1664 2800 non
1677 2775 1750 2799 esset

950 2823 1074 2848 mortuus
1086 2818 1170 2848 frater
1182 2827 1272 2848 meus.
1291 2830 1304 2843 -
1319 2820 1388 2848 Cum
1404 2818 1523 2854 primum
1538 2817 1642 2846 audivit
1654 2815 1750 2844 adesse
