  <div class='ocr_page' id='page_1' title='image "/cluster/home/n/w/nwhite01/storage/ocr_20150623/124/njp.32101010942728/107.png"; bbox 0 0 1922 3077; ppageno 0'>
   <div class='ocr_carea' id='block_1_1' title="bbox 148 120 1288 150">
    <p class='ocr_par' dir='ltr' id='par_1_1' title="bbox 148 120 1288 150">
     <span class='ocr_line' id='line_1_1' title="bbox 148 120 1288 150; baseline -0.001 0"><span class='ocrx_word' id='word_1_1' title='bbox 148 123 183 150; x_wconf 86' lang='lat'>99</span> <span class='ocrx_word' id='word_1_2' title='bbox 660 121 917 150; x_wconf 80' lang='lat' dir='ltr'>THEOPHYLACTI</span> <span class='ocrx_word' id='word_1_3' title='bbox 934 120 1114 149; x_wconf 73' lang='lat' dir='ltr'>BULGARLE</span> <span class='ocrx_word' id='word_1_4' title='bbox 1132 121 1288 150; x_wconf 81' lang='lat' dir='ltr'>ARCHIEP.</span> 
     </span>
    </p>
   </div>
   <div class='ocr_carea' id='block_1_2' title="bbox 1748 123 1801 150">
    <p class='ocr_par' dir='ltr' id='par_1_2' title="bbox 1748 123 1801 150">
     <span class='ocr_line' id='line_1_2' title="bbox 1748 123 1801 150; baseline -0.019 0"><span class='ocrx_word' id='word_1_5' title='bbox 1748 123 1801 150; x_wconf 84' lang='lat' dir='ltr'>lOO</span> 
     </span>
    </p>
   </div>
   <div class='ocr_carea' id='block_1_3' title="bbox 146 182 941 225">
    <p class='ocr_par' dir='ltr' id='par_1_3' title="bbox 146 182 941 220">
     <span class='ocr_line' id='line_1_3' title="bbox 146 182 941 220; baseline 0.001 -9"><span class='ocrx_word' id='word_1_6' title='bbox 146 184 252 217; x_wconf 87' lang='lat' dir='ltr'><strong>Jesum,</strong></span> <span class='ocrx_word' id='word_1_7' title='bbox 267 190 327 211; x_wconf 89' lang='lat' dir='ltr'>non</span> <span class='ocrx_word' id='word_1_8' title='bbox 349 183 440 219; x_wconf 83' lang='lat' dir='ltr'>segnis</span> <span class='ocrx_word' id='word_1_9' title='bbox 454 182 509 211; x_wconf 81' lang='lat' dir='ltr'><strong>fuit</strong></span> <span class='ocrx_word' id='word_1_10' title='bbox 531 182 628 217; x_wconf 86' lang='lat' dir='ltr'><strong>Maria,</strong></span> <span class='ocrx_word' id='word_1_11' title='bbox 651 183 699 211; x_wconf 90' lang='lat' dir='ltr'>sed</span> <span class='ocrx_word' id='word_1_12' title='bbox 724 195 737 207; x_wconf 75' lang='grc' dir='ltr'>α</span> <span class='ocrx_word' id='word_1_13' title='bbox 762 184 858 220; x_wconf 79' lang='lat' dir='ltr'>surgit,</span> <span class='ocrx_word' id='word_1_14' title='bbox 875 188 902 212; x_wconf 88' lang='lat' dir='ltr'>et</span> <span class='ocrx_word' id='word_1_15' title='bbox 912 183 941 212; x_wconf 89' lang='lat' dir='ltr'>ad</span> 
     </span>
    </p>
   </div>
   <div class='ocr_carea' id='block_1_4' title="bbox 1010 182 1802 225">
    <p class='ocr_par' dir='ltr' id='par_1_4' title="bbox 1010 183 1802 225">
     <span class='ocr_line' id='line_1_4' title="bbox 1010 183 1802 225; baseline -0.001 -11"><span class='ocrx_word' id='word_1_16' title='bbox 1010 195 1052 214; x_wconf 81' lang='grc' dir='ltr'>ιου</span> <span class='ocrx_word' id='word_1_17' title='bbox 1074 187 1089 214; x_wconf 99' lang='lat'>6</span> <span class='ocrx_word' id='word_1_18' title='bbox 1114 184 1235 225; x_wconf 71' lang='grc' dir='ltr'>ἀδελφός.</span> <span class='ocrx_word' id='word_1_19' title='bbox 1254 198 1266 210; x_wconf 79' lang='grc' dir='ltr'><strong><em>ιι</em></strong></span> <span class='ocrx_word' id='word_1_20' title='bbox 1282 183 1356 223; x_wconf 75' lang='grc' dir='ltr'>Ἅμα</span> <span class='ocrx_word' id='word_1_21' title='bbox 1381 185 1420 224; x_wconf 82' lang='grc' dir='ltr'>τῷ</span> <span class='ocrx_word' id='word_1_22' title='bbox 1445 185 1559 214; x_wconf 79' lang='grc' dir='ltr'>ἀκοῦσαι</span> <span class='ocrx_word' id='word_1_23' title='bbox 1576 184 1615 214; x_wconf 69' lang='grc' dir='ltr'>ὅτι</span> <span class='ocrx_word' id='word_1_24' title='bbox 1633 184 1762 224; x_wconf 76' lang='grc' dir='ltr'>πάρεστιν</span> <span class='ocrx_word' id='word_1_25' title='bbox 1786 186 1802 214; x_wconf 82' lang='grc' dir='ltr'><strong>ὃ</strong></span> 
     </span>
    </p>
   </div>
   <div class='ocr_carea' id='block_1_5' title="bbox 145 228 947 265">
    <p class='ocr_par' dir='ltr' id='par_1_5' title="bbox 145 228 947 265">
     <span class='ocr_line' id='line_1_5' title="bbox 145 228 947 265; baseline 0.001 -9"><span class='ocrx_word' id='word_1_26' title='bbox 145 235 211 256; x_wconf 89' lang='lat' dir='ltr'>eum</span> <span class='ocrx_word' id='word_1_27' title='bbox 225 228 308 256; x_wconf 85' lang='lat' dir='ltr'>venit.</span> <span class='ocrx_word' id='word_1_28' title='bbox 324 240 336 253; x_wconf 87' lang='grc' dir='ltr'><strong><em>ιι</em></strong></span> <span class='ocrx_word' id='word_1_29' title='bbox 352 228 436 257; x_wconf 87' lang='lat' dir='ltr'>Unde</span> <span class='ocrx_word' id='word_1_30' title='bbox 450 228 632 256; x_wconf 84' lang='lat' dir='ltr'><strong>manifestum</strong></span> <span class='ocrx_word' id='word_1_31' title='bbox 645 228 718 264; x_wconf 92' lang='lat' dir='ltr'><strong>quod</strong></span> <span class='ocrx_word' id='word_1_32' title='bbox 731 236 787 256; x_wconf 91' lang='lat' dir='ltr'>non</span> <span class='ocrx_word' id='word_1_33' title='bbox 802 229 947 265; x_wconf 61' lang='lat' dir='ltr'><strong>praevenis-</strong></span> 
     </span>
    </p>
   </div>
   <div class='ocr_carea' id='block_1_6' title="bbox 145 273 946 309">
    <p class='ocr_par' dir='ltr' id='par_1_6' title="bbox 145 273 946 309">
     <span class='ocr_line' id='line_1_6' title="bbox 145 273 946 309; baseline 0.001 -8"><span class='ocrx_word' id='word_1_34' title='bbox 145 277 186 301; x_wconf 87' lang='lat' dir='ltr'>set</span> <span class='ocrx_word' id='word_1_35' title='bbox 209 273 285 301; x_wconf 91' lang='lat' dir='ltr'><strong>illam</strong></span> <span class='ocrx_word' id='word_1_36' title='bbox 308 273 427 306; x_wconf 80' lang='lat' dir='ltr'>Martha,</span> <span class='ocrx_word' id='word_1_37' title='bbox 453 280 542 308; x_wconf 90' lang='lat' dir='ltr'><strong>neque</strong></span> <span class='ocrx_word' id='word_1_38' title='bbox 557 273 642 309; x_wconf 88' lang='lat' dir='ltr'><strong>prius,</strong></span> <span class='ocrx_word' id='word_1_39' title='bbox 667 273 690 301; x_wconf 88' lang='lat' dir='ltr'>si</span> <span class='ocrx_word' id='word_1_40' title='bbox 715 273 826 309; x_wconf 86' lang='lat' dir='ltr'><strong>quidem</strong></span> <span class='ocrx_word' id='word_1_41' title='bbox 851 278 946 302; x_wconf 86' lang='lat' dir='ltr'><strong>nosset</strong></span> 
     </span>
    </p>
   </div>
   <div class='ocr_carea' id='block_1_7' title="bbox 144 318 946 347">
    <p class='ocr_par' dir='ltr' id='par_1_7' title="bbox 144 318 946 347">
     <span class='ocr_line' id='line_1_7' title="bbox 144 318 946 347; baseline 0.001 -2"><span class='ocrx_word' id='word_1_42' title='bbox 144 318 196 346; x_wconf 86' lang='lat' dir='ltr'><strong>ista</strong></span> <span class='ocrx_word' id='word_1_43' title='bbox 210 318 306 346; x_wconf 90' lang='lat' dir='ltr'><strong>Jesum</strong></span> <span class='ocrx_word' id='word_1_44' title='bbox 320 321 478 345; x_wconf 86' lang='lat' dir='ltr'><strong>venturum.</strong></span> <span class='ocrx_word' id='word_1_45' title='bbox 495 329 507 343; x_wconf 72' lang='grc' dir='ltr'><strong>ε</strong></span> <span class='ocrx_word' id='word_1_46' title='bbox 523 318 654 346; x_wconf 88' lang='lat' dir='ltr'>Nondum</span> <span class='ocrx_word' id='word_1_47' title='bbox 668 323 761 346; x_wconf 88' lang='lat' dir='ltr'><strong>autem</strong></span> <span class='ocrx_word' id='word_1_48' title='bbox 775 319 854 347; x_wconf 76' lang='lat' dir='ltr'><strong>Iesus</strong></span> <span class='ocrx_word' id='word_1_49' title='bbox 864 327 946 347; x_wconf 85' lang='lat' dir='ltr'><strong>vene-</strong></span> 
     </span>
    </p>
   </div>
   <div class='ocr_carea' id='block_1_8' title="bbox 144 362 946 397">
    <p class='ocr_par' dir='ltr' id='par_1_8' title="bbox 144 362 946 397">
     <span class='ocr_line' id='line_1_8' title="bbox 144 362 946 397; baseline 0.002 -7"><span class='ocrx_word' id='word_1_50' title='bbox 144 366 188 390; x_wconf 85' lang='lat' dir='ltr'>rat</span> <span class='ocrx_word' id='word_1_51' title='bbox 209 362 238 390; x_wconf 91' lang='lat' dir='ltr'>in</span> <span class='ocrx_word' id='word_1_52' title='bbox 259 363 409 390; x_wconf 84' lang='lat' dir='ltr'>castellum.</span> <span class='ocrx_word' id='word_1_53' title='bbox 433 362 550 390; x_wconf 85' lang='lat' dir='ltr'>Tardius</span> <span class='ocrx_word' id='word_1_54' title='bbox 573 363 648 391; x_wconf 90' lang='lat' dir='ltr'><strong>enim</strong></span> <span class='ocrx_word' id='word_1_55' title='bbox 668 363 734 397; x_wconf 84' lang='lat' dir='ltr'><strong>ibat,</strong></span> <span class='ocrx_word' id='word_1_56' title='bbox 750 371 784 391; x_wconf 87' lang='lat' dir='ltr'>ne</span> <span class='ocrx_word' id='word_1_57' title='bbox 807 363 946 392; x_wconf 83' lang='lat' dir='ltr'>videretur</span> 
     </span>
    </p>
   </div>
   <div class='ocr_carea' id='block_1_9' title="bbox 104 407 946 444">
    <p class='ocr_par' dir='ltr' id='par_1_9' title="bbox 104 407 946 444">
     <span class='ocr_line' id='line_1_9' title="bbox 104 407 946 444; baseline 0.002 -10"><span class='ocrx_word' id='word_1_58' title='bbox 104 436 108 438; x_wconf 87' lang='lat'>_</span> <span class='ocrx_word' id='word_1_59' title='bbox 146 407 181 435; x_wconf 86' lang='lat' dir='ltr'>ad</span> <span class='ocrx_word' id='word_1_60' title='bbox 194 407 359 435; x_wconf 82' lang='lat' dir='ltr'>miraculum</span> <span class='ocrx_word' id='word_1_61' title='bbox 376 415 534 443; x_wconf 88' lang='lat' dir='ltr'><strong>properare,</strong></span> <span class='ocrx_word' id='word_1_62' title='bbox 551 407 599 436; x_wconf 91' lang='lat' dir='ltr'>sed</span> <span class='ocrx_word' id='word_1_63' title='bbox 614 408 740 444; x_wconf 85' lang='lat' dir='ltr'>precibus</span> <span class='ocrx_word' id='word_1_64' title='bbox 752 408 861 436; x_wconf 90' lang='lat' dir='ltr'><strong>illarum</strong></span> <span class='ocrx_word' id='word_1_65' title='bbox 883 416 946 436; x_wconf 88' lang='lat' dir='ltr'><strong>exo-</strong></span> 
     </span>
    </p>
   </div>
   <div class='ocr_carea' id='block_1_10' title="bbox 144 451 946 489">
    <p class='ocr_par' dir='ltr' id='par_1_10' title="bbox 144 451 946 489">
     <span class='ocr_line' id='line_1_10' title="bbox 144 451 946 489; baseline 0.001 -10"><span class='ocrx_word' id='word_1_66' title='bbox 144 455 221 480; x_wconf 81' lang='lat' dir='ltr'><strong>ratus</strong></span> <span class='ocrx_word' id='word_1_67' title='bbox 245 451 298 480; x_wconf 89' lang='lat' dir='ltr'>hoc</span> <span class='ocrx_word' id='word_1_68' title='bbox 320 451 419 480; x_wconf 85' lang='lat' dir='ltr'><strong>facere.</strong></span> <span class='ocrx_word' id='word_1_69' title='bbox 442 454 476 480; x_wconf 88' lang='lat' dir='ltr'><strong>Et</strong></span> <span class='ocrx_word' id='word_1_70' title='bbox 497 452 717 488; x_wconf 80' lang='lat' dir='ltr'>quandoquidem</span> <span class='ocrx_word' id='word_1_71' title='bbox 740 461 873 489; x_wconf 83' lang='lat' dir='ltr'><strong>magnum</strong></span> <span class='ocrx_word' id='word_1_72' title='bbox 887 457 946 481; x_wconf 90' lang='lat' dir='ltr'><strong>erat</strong></span> 
     </span>
    </p>
   </div>
   <div class='ocr_carea' id='block_1_11' title="bbox 143 495 945 534">
    <p class='ocr_par' dir='ltr' id='par_1_11' title="bbox 143 495 945 534">
     <span class='ocr_line' id='line_1_11' title="bbox 143 495 945 534; baseline 0.002 -10"><span class='ocrx_word' id='word_1_73' title='bbox 143 495 268 524; x_wconf 88' lang='lat' dir='ltr'><strong>futurum</strong></span> <span class='ocrx_word' id='word_1_74' title='bbox 282 497 458 532; x_wconf 83' lang='lat' dir='ltr'><strong>miraculum,</strong></span> <span class='ocrx_word' id='word_1_75' title='bbox 473 500 501 525; x_wconf 90' lang='lat' dir='ltr'>et</span> <span class='ocrx_word' id='word_1_76' title='bbox 514 497 592 533; x_wconf 86' lang='lat' dir='ltr'>quale</span> <span class='ocrx_word' id='word_1_77' title='bbox 608 498 695 525; x_wconf 89' lang='lat' dir='ltr'><strong>rarius</strong></span> <span class='ocrx_word' id='word_1_78' title='bbox 713 497 791 532; x_wconf 84' lang='lat' dir='ltr'><strong>fecit,</strong></span> <span class='ocrx_word' id='word_1_79' title='bbox 814 503 945 534; x_wconf 79' lang='lat' dir='ltr'>erantque</span> 
     </span>
    </p>
   </div>
   <div class='ocr_carea' id='block_1_12' title="bbox 145 541 945 579">
    <p class='ocr_par' dir='ltr' id='par_1_12' title="bbox 145 541 945 579">
     <span class='ocr_line' id='line_1_12' title="bbox 145 541 945 579; baseline 0.001 -10"><span class='ocrx_word' id='word_1_80' title='bbox 145 541 228 569; x_wconf 90' lang='lat' dir='ltr'><strong>multi</strong></span> <span class='ocrx_word' id='word_1_81' title='bbox 248 542 407 577; x_wconf 85' lang='lat' dir='ltr'><strong>acquirendi</strong></span> <span class='ocrx_word' id='word_1_82' title='bbox 430 550 479 578; x_wconf 89' lang='lat' dir='ltr'>per</span> <span class='ocrx_word' id='word_1_83' title='bbox 493 542 570 575; x_wconf 89' lang='lat' dir='ltr'><strong>illud,</strong></span> <span class='ocrx_word' id='word_1_84' title='bbox 592 547 705 579; x_wconf 84' lang='lat' dir='ltr'><strong>propter</strong></span> <span class='ocrx_word' id='word_1_85' title='bbox 725 542 778 570; x_wconf 92' lang='lat' dir='ltr'>hoc</span> <span class='ocrx_word' id='word_1_86' title='bbox 802 542 945 578; x_wconf 86' lang='lat' dir='ltr'><strong>dispensat</strong></span> 
     </span>
    </p>
   </div>
   <div class='ocr_carea' id='block_1_13' title="bbox 145 586 942 623">
    <p class='ocr_par' dir='ltr' id='par_1_13' title="bbox 145 586 942 623">
     <span class='ocr_line' id='line_1_13' title="bbox 145 586 942 623; baseline 0.003 -10"><span class='ocrx_word' id='word_1_87' title='bbox 145 590 176 614; x_wconf 85' lang='lat' dir='ltr'><strong>ut</strong></span> <span class='ocrx_word' id='word_1_88' title='bbox 197 586 279 614; x_wconf 89' lang='lat' dir='ltr'><strong>multi</strong></span> <span class='ocrx_word' id='word_1_89' title='bbox 294 587 363 614; x_wconf 86' lang='lat' dir='ltr'><strong>ﬁant</strong></span> <span class='ocrx_word' id='word_1_90' title='bbox 378 587 505 615; x_wconf 86' lang='lat' dir='ltr'><strong>miraculi</strong></span> <span class='ocrx_word' id='word_1_91' title='bbox 524 591 617 615; x_wconf 86' lang='lat' dir='ltr'><strong>testes.</strong></span> <span class='ocrx_word' id='word_1_92' title='bbox 632 587 708 615; x_wconf 89' lang='lat' dir='ltr'><strong>Dicit</strong></span> <span class='ocrx_word' id='word_1_93' title='bbox 728 587 803 615; x_wconf 92' lang='lat' dir='ltr'><strong>enim</strong></span> <span class='ocrx_word' id='word_1_94' title='bbox 826 595 942 623; x_wconf 86' lang='lat' dir='ltr'><strong>evange-</strong></span> 
     </span>
    </p>
   </div>
   <div class='ocr_carea' id='block_1_14' title="bbox 144 631 941 668">
    <p class='ocr_par' dir='ltr' id='par_1_14' title="bbox 144 631 941 668">
     <span class='ocr_line' id='line_1_14' title="bbox 144 631 941 668; baseline 0.003 -10"><span class='ocrx_word' id='word_1_95' title='bbox 144 631 205 659; x_wconf 86' lang='lat' dir='ltr'><strong>lista</strong></span> <span class='ocrx_word' id='word_1_96' title='bbox 220 631 295 668; x_wconf 91' lang='lat' dir='ltr'><strong>quod</strong></span> <span class='ocrx_word' id='word_1_97' title='bbox 318 643 331 656; x_wconf 75' lang='grc' dir='ltr'>σι</span> <span class='ocrx_word' id='word_1_98' title='bbox 356 632 447 660; x_wconf 74' lang='grc' dir='ltr'>,ἰυᾱωὶ</span> <span class='ocrx_word' id='word_1_99' title='bbox 468 632 516 668; x_wconf 90' lang='lat' dir='ltr'>qui</span> <span class='ocrx_word' id='word_1_100' title='bbox 543 636 623 660; x_wconf 90' lang='lat' dir='ltr'><strong>erant</strong></span> <span class='ocrx_word' id='word_1_101' title='bbox 644 641 708 660; x_wconf 93' lang='lat' dir='ltr'>cum</span> <span class='ocrx_word' id='word_1_102' title='bbox 726 632 772 660; x_wconf 89' lang='lat' dir='ltr'><strong>illa</strong></span> <span class='ocrx_word' id='word_1_103' title='bbox 795 633 823 660; x_wconf 87' lang='lat' dir='ltr'>in</span> <span class='ocrx_word' id='word_1_104' title='bbox 847 633 941 667; x_wconf 90' lang='lat' dir='ltr'><strong>domo,</strong></span> 
     </span>
    </p>
   </div>
   <div class='ocr_carea' id='block_1_15' title="bbox 143 676 943 713">
    <p class='ocr_par' dir='ltr' id='par_1_15' title="bbox 143 676 943 713">
     <span class='ocr_line' id='line_1_15' title="bbox 143 676 943 713; baseline 0.001 -9"><span class='ocrx_word' id='word_1_105' title='bbox 143 676 231 704; x_wconf 87' lang='lat' dir='ltr'><strong>secuti</strong></span> <span class='ocrx_word' id='word_1_106' title='bbox 244 676 299 704; x_wconf 84' lang='lat' dir='ltr'><strong>sint</strong></span> <span class='ocrx_word' id='word_1_107' title='bbox 313 677 396 704; x_wconf 85' lang='lat' dir='ltr'><strong>illam.</strong></span> <span class='ocrx_word' id='word_1_108' title='bbox 410 688 423 701; x_wconf 71' lang='grc' dir='ltr'><strong><em>ιι</em></strong></span> <span class='ocrx_word' id='word_1_109' title='bbox 435 677 520 704; x_wconf 88' lang='lat' dir='ltr'><strong>Maria</strong></span> <span class='ocrx_word' id='word_1_110' title='bbox 532 682 624 705; x_wconf 87' lang='lat' dir='ltr'><strong>autem</strong></span> <span class='ocrx_word' id='word_1_111' title='bbox 637 677 734 713; x_wconf 86' lang='lat' dir='ltr'><strong>majori</strong></span> <span class='ocrx_word' id='word_1_112' title='bbox 746 676 850 705; x_wconf 81' lang='lat' dir='ltr'>fervore</span> <span class='ocrx_word' id='word_1_113' title='bbox 861 685 943 713; x_wconf 89' lang='lat' dir='ltr'><strong>quam</strong></span> 
     </span>
    </p>
   </div>
   <div class='ocr_carea' id='block_1_16' title="bbox 143 721 944 751">
    <p class='ocr_par' dir='ltr' id='par_1_16' title="bbox 143 721 944 751">
     <span class='ocr_line' id='line_1_16' title="bbox 143 721 944 751; baseline 0.001 -2"><span class='ocrx_word' id='word_1_114' title='bbox 143 728 222 749; x_wconf 87' lang='lat' dir='ltr'><strong>soror</strong></span> <span class='ocrx_word' id='word_1_115' title='bbox 237 729 286 749; x_wconf 93' lang='lat' dir='ltr'>sua</span> <span class='ocrx_word' id='word_1_116' title='bbox 302 721 409 749; x_wconf 88' lang='lat' dir='ltr'><strong>Martha</strong></span> <span class='ocrx_word' id='word_1_117' title='bbox 424 722 540 750; x_wconf 87' lang='lat' dir='ltr'><strong>accessit</strong></span> <span class='ocrx_word' id='word_1_118' title='bbox 550 722 585 750; x_wconf 92' lang='lat' dir='ltr'><strong>ad</strong></span> <span class='ocrx_word' id='word_1_119' title='bbox 599 722 747 750; x_wconf 89' lang='lat' dir='ltr'>Christum.</span> <span class='ocrx_word' id='word_1_120' title='bbox 765 734 778 746; x_wconf 71' lang='grc' dir='ltr'>ι</span> <span class='ocrx_word' id='word_1_121' title='bbox 790 722 855 750; x_wconf 87' lang='lat' dir='ltr'><strong>Viso</strong></span> <span class='ocrx_word' id='word_1_122' title='bbox 870 723 944 751; x_wconf 91' lang='lat' dir='ltr'><strong>enim</strong></span> 
     </span>
    </p>
   </div>
   <div class='ocr_carea' id='block_1_17' title="bbox 143 766 943 803">
    <p class='ocr_par' dir='ltr' id='par_1_17' title="bbox 143 766 943 803">
     <span class='ocr_line' id='line_1_17' title="bbox 143 766 943 803; baseline 0.003 -10"><span class='ocrx_word' id='word_1_123' title='bbox 143 766 199 800; x_wconf 89' lang='lat' dir='ltr'><strong>illo,</strong></span> <span class='ocrx_word' id='word_1_124' title='bbox 223 766 324 802; x_wconf 82' lang='lat' dir='ltr'><strong>inquit,</strong></span> <span class='ocrx_word' id='word_1_125' title='bbox 340 767 457 802; x_wconf 88' lang='lat' dir='ltr'><strong>procidit</strong></span> <span class='ocrx_word' id='word_1_126' title='bbox 480 767 514 802; x_wconf 89' lang='lat' dir='ltr'>ad</span> <span class='ocrx_word' id='word_1_127' title='bbox 530 766 613 802; x_wconf 88' lang='lat' dir='ltr'><strong>pedes</strong></span> <span class='ocrx_word' id='word_1_128' title='bbox 628 767 698 803; x_wconf 84' lang='lat' dir='ltr'><strong>ejus,</strong></span> <span class='ocrx_word' id='word_1_129' title='bbox 715 778 728 792; x_wconf 79' lang='grc' dir='ltr'><strong><em>ιι</em></strong></span> <span class='ocrx_word' id='word_1_130' title='bbox 752 775 809 795; x_wconf 90' lang='lat' dir='ltr'>non</span> <span class='ocrx_word' id='word_1_131' title='bbox 827 768 943 795; x_wconf 83' lang='lat' dir='ltr'><strong>reverita</strong></span> 
     </span>
    </p>
   </div>
   <div class='ocr_carea' id='block_1_18' title="bbox 143 811 944 848">
    <p class='ocr_par' dir='ltr' id='par_1_18' title="bbox 143 811 944 848">
     <span class='ocr_line' id='line_1_18' title="bbox 143 811 944 848; baseline 0.001 -10"><span class='ocrx_word' id='word_1_132' title='bbox 143 811 265 845; x_wconf 86' lang='lat' dir='ltr'><strong>turbam,</strong></span> <span class='ocrx_word' id='word_1_133' title='bbox 281 818 370 847; x_wconf 88' lang='lat' dir='ltr'><strong>neque</strong></span> <span class='ocrx_word' id='word_1_134' title='bbox 389 812 525 848; x_wconf 82' lang='lat' dir='ltr'><strong>suspicata</strong></span> <span class='ocrx_word' id='word_1_135' title='bbox 546 811 642 840; x_wconf 87' lang='lat' dir='ltr'><strong>adesse</strong></span> <span class='ocrx_word' id='word_1_136' title='bbox 662 812 811 840; x_wconf 89' lang='lat' dir='ltr'><strong>nonnullos</strong></span> <span class='ocrx_word' id='word_1_137' title='bbox 836 811 880 848; x_wconf 90' lang='lat' dir='ltr'>qui</span> <span class='ocrx_word' id='word_1_138' title='bbox 896 812 944 840; x_wconf 90' lang='lat' dir='ltr'><strong>ini-</strong></span> 
     </span>
    </p>
   </div>
   <div class='ocr_carea' id='block_1_19' title="bbox 144 855 945 892">
    <p class='ocr_par' dir='ltr' id='par_1_19' title="bbox 144 855 945 892">
     <span class='ocr_line' id='line_1_19' title="bbox 144 855 945 892; baseline 0.001 -9"><span class='ocrx_word' id='word_1_139' title='bbox 144 855 216 883; x_wconf 88' lang='lat' dir='ltr'><strong>mico</strong></span> <span class='ocrx_word' id='word_1_140' title='bbox 245 864 309 892; x_wconf 84' lang='lat' dir='ltr'><strong>erga</strong></span> <span class='ocrx_word' id='word_1_141' title='bbox 335 856 477 885; x_wconf 84' lang='lat' dir='ltr'><strong>Christum</strong></span> <span class='ocrx_word' id='word_1_142' title='bbox 514 861 606 884; x_wconf 81' lang='lat' dir='ltr'><strong>essent</strong></span> <span class='ocrx_word' id='word_1_143' title='bbox 638 857 738 884; x_wconf 87' lang='lat' dir='ltr'><strong>animo.</strong></span> <span class='ocrx_word' id='word_1_144' title='bbox 765 856 811 884; x_wconf 79' lang='lat' dir='ltr'>Ad</span> <span class='ocrx_word' id='word_1_145' title='bbox 838 857 945 884; x_wconf 89' lang='lat' dir='ltr'><strong>nullum</strong></span> 
     </span>
    </p>
   </div>
   <div class='ocr_carea' id='block_1_20' title="bbox 143 900 943 938">
    <p class='ocr_par' dir='ltr' id='par_1_20' title="bbox 143 900 943 938">
     <span class='ocr_line' id='line_1_20' title="bbox 143 900 943 938; baseline 0.001 -10"><span class='ocrx_word' id='word_1_146' title='bbox 143 904 234 928; x_wconf 88' lang='lat' dir='ltr'><strong>autem</strong></span> <span class='ocrx_word' id='word_1_147' title='bbox 257 900 404 929; x_wconf 89' lang='lat' dir='ltr'><strong>hominum</strong></span> <span class='ocrx_word' id='word_1_148' title='bbox 441 901 606 937; x_wconf 87' lang='lat' dir='ltr'><strong>respiciebat</strong></span> <span class='ocrx_word' id='word_1_149' title='bbox 633 905 767 937; x_wconf 65' lang='lat' dir='ltr'><strong>praisente</strong></span> <span class='ocrx_word' id='word_1_150' title='bbox 800 902 943 938; x_wconf 83' lang='lat' dir='ltr'><strong>magistro,</strong></span> 
     </span>
    </p>
   </div>
   <div class='ocr_carea' id='block_1_21' title="bbox 143 944 945 982">
    <p class='ocr_par' dir='ltr' id='par_1_21' title="bbox 143 944 945 982">
     <span class='ocr_line' id='line_1_21' title="bbox 143 944 945 982; baseline 0.002 -10"><span class='ocrx_word' id='word_1_151' title='bbox 143 944 228 981; x_wconf 85' lang='lat' dir='ltr'><strong>idque</strong></span> <span class='ocrx_word' id='word_1_152' title='bbox 248 953 334 973; x_wconf 87' lang='lat' dir='ltr'><strong>unum</strong></span> <span class='ocrx_word' id='word_1_153' title='bbox 359 946 484 981; x_wconf 88' lang='lat' dir='ltr'><strong>curabat,</strong></span> <span class='ocrx_word' id='word_1_154' title='bbox 506 950 538 974; x_wconf 93' lang='lat' dir='ltr'>ut</span> <span class='ocrx_word' id='word_1_155' title='bbox 551 946 591 973; x_wconf 91' lang='lat' dir='ltr'><strong>illi</strong></span> <span class='ocrx_word' id='word_1_156' title='bbox 612 954 754 974; x_wconf 90' lang='lat' dir='ltr'><strong>summum</strong></span> <span class='ocrx_word' id='word_1_157' title='bbox 775 947 945 982; x_wconf 84' lang='lat' dir='ltr'><strong>impenderet</strong></span> 
     </span>
    </p>
   </div>
   <div class='ocr_carea' id='block_1_22' title="bbox 143 989 945 1024">
    <p class='ocr_par' dir='ltr' id='par_1_22' title="bbox 143 989 945 1024">
     <span class='ocr_line' id='line_1_22' title="bbox 143 989 945 1024; baseline 0.001 -6"><span class='ocrx_word' id='word_1_158' title='bbox 143 989 289 1018; x_wconf 89' lang='lat' dir='ltr'><strong>honorem.</strong></span> <span class='ocrx_word' id='word_1_159' title='bbox 305 990 378 1018; x_wconf 89' lang='lat' dir='ltr'><strong>Dicit</strong></span> <span class='ocrx_word' id='word_1_160' title='bbox 388 991 462 1018; x_wconf 88' lang='lat' dir='ltr'><strong>enim</strong></span> <span class='ocrx_word' id='word_1_161' title='bbox 476 1000 483 1019; x_wconf 87' lang='lat'>:</span> <span class='ocrx_word' id='word_1_162' title='bbox 500 1003 511 1015; x_wconf 84' lang='grc' dir='ltr'>ι</span> <span class='ocrx_word' id='word_1_163' title='bbox 526 991 657 1024; x_wconf 90' lang='lat' dir='ltr'><strong>Domine,</strong></span> <span class='ocrx_word' id='word_1_164' title='bbox 671 991 693 1019; x_wconf 89' lang='lat' dir='ltr'><strong>si</strong></span> <span class='ocrx_word' id='word_1_165' title='bbox 709 990 807 1019; x_wconf 85' lang='lat' dir='ltr'><strong>fuisses</strong></span> <span class='ocrx_word' id='word_1_166' title='bbox 822 991 874 1024; x_wconf 87' lang='lat' dir='ltr'><strong>hic,</strong></span> <span class='ocrx_word' id='word_1_167' title='bbox 889 999 945 1019; x_wconf 90' lang='lat' dir='ltr'>non</span> 
     </span>
    </p>
   </div>
   <div class='ocr_carea' id='block_1_23' title="bbox 143 1033 944 1064">
    <p class='ocr_par' dir='ltr' id='par_1_23' title="bbox 143 1033 944 1064">
     <span class='ocr_line' id='line_1_23' title="bbox 143 1033 944 1064; baseline 0.002 -2"><span class='ocrx_word' id='word_1_168' title='bbox 143 1033 237 1063; x_wconf 82' lang='lat' dir='ltr'><strong>fuisset</strong></span> <span class='ocrx_word' id='word_1_169' title='bbox 251 1039 381 1063; x_wconf 91' lang='lat' dir='ltr'><strong>mortuus</strong></span> <span class='ocrx_word' id='word_1_170' title='bbox 405 1035 490 1063; x_wconf 83' lang='lat' dir='ltr'><strong>frater</strong></span> <span class='ocrx_word' id='word_1_171' title='bbox 504 1043 593 1064; x_wconf 90' lang='lat' dir='ltr'><strong>meus.</strong></span> <span class='ocrx_word' id='word_1_172' title='bbox 611 1047 624 1061; x_wconf 75' lang='grc' dir='ltr'><strong><em>ιι</em></strong></span> <span class='ocrx_word' id='word_1_173' title='bbox 649 1036 758 1064; x_wconf 85' lang='lat' dir='ltr'><strong>Martha</strong></span> <span class='ocrx_word' id='word_1_174' title='bbox 773 1040 865 1064; x_wconf 86' lang='lat' dir='ltr'><strong>autem</strong></span> <span class='ocrx_word' id='word_1_175' title='bbox 879 1036 944 1064; x_wconf 88' lang='lat' dir='ltr'><strong>nihil</strong></span> 
     </span>
    </p>
   </div>
   <div class='ocr_carea' id='block_1_24' title="bbox 144 1079 944 1117">
    <p class='ocr_par' dir='ltr' id='par_1_24' title="bbox 144 1079 944 1117">
     <span class='ocr_line' id='line_1_24' title="bbox 144 1079 944 1117; baseline 0.001 -10"><span class='ocrx_word' id='word_1_176' title='bbox 144 1080 197 1108; x_wconf 89' lang='lat' dir='ltr'><strong>tale</strong></span> <span class='ocrx_word' id='word_1_177' title='bbox 215 1079 290 1113; x_wconf 87' lang='lat' dir='ltr'><strong>fecit,</strong></span> <span class='ocrx_word' id='word_1_178' title='bbox 304 1088 396 1116; x_wconf 88' lang='lat' dir='ltr'><strong>neque</strong></span> <span class='ocrx_word' id='word_1_179' title='bbox 419 1080 494 1108; x_wconf 91' lang='lat' dir='ltr'><strong>enim</strong></span> <span class='ocrx_word' id='word_1_180' title='bbox 518 1080 648 1117; x_wconf 85' lang='lat' dir='ltr'><strong>procidit,</strong></span> <span class='ocrx_word' id='word_1_181' title='bbox 669 1080 716 1109; x_wconf 84' lang='lat' dir='ltr'>sed</span> <span class='ocrx_word' id='word_1_182' title='bbox 734 1081 822 1117; x_wconf 85' lang='lat' dir='ltr'><strong>magis</strong></span> <span class='ocrx_word' id='word_1_183' title='bbox 834 1080 944 1109; x_wconf 85' lang='lat' dir='ltr'><strong>Christo</strong></span> 
     </span>
    </p>
   </div>
   <div class='ocr_carea' id='block_1_25' title="bbox 144 1125 943 1162">
    <p class='ocr_par' dir='ltr' id='par_1_25' title="bbox 144 1125 943 1162">
     <span class='ocr_line' id='line_1_25' title="bbox 144 1125 943 1162; baseline 0.003 -10"><span class='ocrx_word' id='word_1_184' title='bbox 144 1125 320 1160; x_wconf 88' lang='lat' dir='ltr'><strong>promittente</strong></span> <span class='ocrx_word' id='word_1_185' title='bbox 333 1125 356 1153; x_wconf 90' lang='lat' dir='ltr'><strong>ei</strong></span> <span class='ocrx_word' id='word_1_186' title='bbox 367 1125 401 1153; x_wconf 89' lang='lat' dir='ltr'>de</span> <span class='ocrx_word' id='word_1_187' title='bbox 417 1125 502 1154; x_wconf 81' lang='lat' dir='ltr'><strong>fratre</strong></span> <span class='ocrx_word' id='word_1_188' title='bbox 515 1125 640 1160; x_wconf 86' lang='lat' dir='ltr'><strong>meliora,</strong></span> <span class='ocrx_word' id='word_1_189' title='bbox 655 1126 782 1162; x_wconf 87' lang='lat' dir='ltr'><strong>apparuit</strong></span> <span class='ocrx_word' id='word_1_190' title='bbox 794 1125 943 1154; x_wconf 86' lang='lat' dir='ltr'><strong>incredula.</strong></span> 
     </span>
    </p>
   </div>
   <div class='ocr_carea' id='block_1_26' title="bbox 142 1170 943 1206">
    <p class='ocr_par' dir='ltr' id='par_1_26' title="bbox 142 1170 943 1206">
     <span class='ocr_line' id='line_1_26' title="bbox 142 1170 943 1206; baseline 0.001 -9"><span class='ocrx_word' id='word_1_191' title='bbox 142 1170 265 1197; x_wconf 89' lang='lat' dir='ltr'><strong>Tametsi</strong></span> <span class='ocrx_word' id='word_1_192' title='bbox 283 1174 311 1198; x_wconf 89' lang='lat' dir='ltr'>et</span> <span class='ocrx_word' id='word_1_193' title='bbox 325 1170 383 1206; x_wconf 87' lang='lat' dir='ltr'><strong>ipsa</strong></span> <span class='ocrx_word' id='word_1_194' title='bbox 397 1171 480 1198; x_wconf 85' lang='lat' dir='ltr'><strong>Maria</strong></span> <span class='ocrx_word' id='word_1_195' title='bbox 504 1170 593 1198; x_wconf 88' lang='lat' dir='ltr'><strong>adhuc</strong></span> <span class='ocrx_word' id='word_1_196' title='bbox 618 1170 780 1206; x_wconf 86' lang='lat' dir='ltr'><strong>imperfecta</strong></span> <span class='ocrx_word' id='word_1_197' title='bbox 806 1170 943 1205; x_wconf 87' lang='lat' dir='ltr'><strong>videatur,</strong></span> 
     </span>
    </p>
   </div>
   <div class='ocr_carea' id='block_1_27' title="bbox 141 1213 945 1249">
    <p class='ocr_par' dir='ltr' id='par_1_27' title="bbox 141 1213 945 1249">
     <span class='ocr_line' id='line_1_27' title="bbox 141 1213 945 1249; baseline 0.001 -7"><span class='ocrx_word' id='word_1_198' title='bbox 141 1213 210 1243; x_wconf 88' lang='lat' dir='ltr'>dum</span> <span class='ocrx_word' id='word_1_199' title='bbox 229 1214 304 1248; x_wconf 83' lang='lat' dir='ltr'><strong>dicit,</strong></span> <span class='ocrx_word' id='word_1_200' title='bbox 331 1226 344 1239; x_wconf 75' lang='grc' dir='ltr'>σι</span> <span class='ocrx_word' id='word_1_201' title='bbox 364 1215 393 1243; x_wconf 92' lang='lat' dir='ltr'>Si</span> <span class='ocrx_word' id='word_1_202' title='bbox 413 1214 511 1243; x_wconf 78' lang='lat' dir='ltr'><strong>fuisses</strong></span> <span class='ocrx_word' id='word_1_203' title='bbox 535 1215 590 1249; x_wconf 90' lang='lat' dir='ltr'><strong>hic,</strong></span> <span class='ocrx_word' id='word_1_204' title='bbox 614 1223 671 1243; x_wconf 91' lang='lat' dir='ltr'>non</span> <span class='ocrx_word' id='word_1_205' title='bbox 696 1215 794 1244; x_wconf 87' lang='lat' dir='ltr'><strong>fuisset</strong></span> <span class='ocrx_word' id='word_1_206' title='bbox 817 1220 945 1244; x_wconf 90' lang='lat' dir='ltr'><strong>mortuus</strong></span> 
     </span>
    </p>
   </div>
   <div class='ocr_carea' id='block_1_28' title="bbox 142 1258 944 1294">
    <p class='ocr_par' dir='ltr' id='par_1_28' title="bbox 142 1258 944 1294">
     <span class='ocr_line' id='line_1_28' title="bbox 142 1258 944 1294; baseline 0.002 -7"><span class='ocrx_word' id='word_1_207' title='bbox 142 1258 227 1287; x_wconf 85' lang='lat' dir='ltr'><strong>frater</strong></span> <span class='ocrx_word' id='word_1_208' title='bbox 245 1267 335 1294; x_wconf 88' lang='lat' dir='ltr'><strong>meus,</strong></span> <span class='ocrx_word' id='word_1_209' title='bbox 350 1271 363 1284; x_wconf 79' lang='grc' dir='ltr'><strong><em>ιι</em></strong></span> <span class='ocrx_word' id='word_1_210' title='bbox 379 1264 500 1288; x_wconf 85' lang='lat' dir='ltr'><strong>attamen</strong></span> <span class='ocrx_word' id='word_1_211' title='bbox 515 1261 639 1288; x_wconf 87' lang='lat' dir='ltr'><strong>Christus</strong></span> <span class='ocrx_word' id='word_1_212' title='bbox 657 1260 692 1289; x_wconf 89' lang='lat' dir='ltr'>ad</span> <span class='ocrx_word' id='word_1_213' title='bbox 716 1260 787 1288; x_wconf 90' lang='lat' dir='ltr'><strong>hanc</strong></span> <span class='ocrx_word' id='word_1_214' title='bbox 808 1269 864 1289; x_wconf 92' lang='lat' dir='ltr'>non</span> <span class='ocrx_word' id='word_1_215' title='bbox 878 1260 944 1289; x_wconf 88' lang='lat' dir='ltr'><strong>dicit</strong></span> 
     </span>
    </p>
   </div>
   <div class='ocr_carea' id='block_1_29' title="bbox 143 1305 942 1341">
    <p class='ocr_par' dir='ltr' id='par_1_29' title="bbox 143 1305 942 1341">
     <span class='ocr_line' id='line_1_29' title="bbox 143 1305 942 1341; baseline 0.003 -9"><span class='ocrx_word' id='word_1_216' title='bbox 143 1305 217 1340; x_wconf 93' lang='lat' dir='ltr'><strong>quod</strong></span> <span class='ocrx_word' id='word_1_217' title='bbox 231 1305 267 1333; x_wconf 91' lang='lat' dir='ltr'>ad</span> <span class='ocrx_word' id='word_1_218' title='bbox 280 1313 405 1333; x_wconf 91' lang='lat' dir='ltr'><strong>sororem</strong></span> <span class='ocrx_word' id='word_1_219' title='bbox 418 1305 487 1341; x_wconf 84' lang='lat' dir='ltr'><strong>ejus,</strong></span> <span class='ocrx_word' id='word_1_220' title='bbox 499 1314 532 1333; x_wconf 90' lang='lat' dir='ltr'>eo</span> <span class='ocrx_word' id='word_1_221' title='bbox 547 1305 622 1341; x_wconf 91' lang='lat' dir='ltr'><strong>quod</strong></span> <span class='ocrx_word' id='word_1_222' title='bbox 637 1306 723 1334; x_wconf 87' lang='lat' dir='ltr'><strong>multa</strong></span> <span class='ocrx_word' id='word_1_223' title='bbox 743 1305 823 1334; x_wconf 89' lang='lat' dir='ltr'><strong>turba</strong></span> <span class='ocrx_word' id='word_1_224' title='bbox 837 1305 942 1340; x_wconf 84' lang='lat' dir='ltr'><strong>aderat,</strong></span> 
     </span>
    </p>
   </div>
   <div class='ocr_carea' id='block_1_30' title="bbox 142 1350 943 1387">
    <p class='ocr_par' dir='ltr' id='par_1_30' title="bbox 142 1350 943 1387">
     <span class='ocr_line' id='line_1_30' title="bbox 142 1350 943 1387; baseline 0.002 -10"><span class='ocrx_word' id='word_1_225' title='bbox 142 1353 170 1377; x_wconf 91' lang='lat' dir='ltr'>et</span> <span class='ocrx_word' id='word_1_226' title='bbox 184 1358 239 1378; x_wconf 89' lang='lat' dir='ltr'>non</span> <span class='ocrx_word' id='word_1_227' title='bbox 261 1355 320 1379; x_wconf 89' lang='lat' dir='ltr'><strong>erat</strong></span> <span class='ocrx_word' id='word_1_228' title='bbox 342 1355 449 1386; x_wconf 83' lang='lat' dir='ltr'><strong>tempus</strong></span> <span class='ocrx_word' id='word_1_229' title='bbox 463 1350 603 1387; x_wconf 82' lang='lat' dir='ltr'><strong>ejusmodi</strong></span> <span class='ocrx_word' id='word_1_230' title='bbox 623 1351 784 1385; x_wconf 88' lang='lat' dir='ltr'><strong>verborum,</strong></span> <span class='ocrx_word' id='word_1_231' title='bbox 799 1351 848 1379; x_wconf 90' lang='lat' dir='ltr'>sed</span> <span class='ocrx_word' id='word_1_232' title='bbox 861 1359 891 1379; x_wconf 89' lang='lat' dir='ltr'>se</span> <span class='ocrx_word' id='word_1_233' title='bbox 904 1351 943 1379; x_wconf 90' lang='lat' dir='ltr'><strong>illi</strong></span> 
     </span>
    </p>
   </div>
   <div class='ocr_carea' id='block_1_31' title="bbox 142 1395 944 1431">
    <p class='ocr_par' dir='ltr' id='par_1_31' title="bbox 142 1395 944 1431">
     <span class='ocr_line' id='line_1_31' title="bbox 142 1395 944 1431; baseline 0.001 -9"><span class='ocrx_word' id='word_1_234' title='bbox 142 1399 308 1431; x_wconf 87' lang='lat' dir='ltr'><strong>attemperat</strong></span> <span class='ocrx_word' id='word_1_235' title='bbox 324 1399 353 1423; x_wconf 90' lang='lat' dir='ltr'>et</span> <span class='ocrx_word' id='word_1_236' title='bbox 365 1395 488 1423; x_wconf 91' lang='lat' dir='ltr'><strong>denudat</strong></span> <span class='ocrx_word' id='word_1_237' title='bbox 503 1395 652 1424; x_wconf 90' lang='lat' dir='ltr'><strong>humanam</strong></span> <span class='ocrx_word' id='word_1_238' title='bbox 664 1403 743 1423; x_wconf 86' lang='lat' dir='ltr'><strong>suam</strong></span> <span class='ocrx_word' id='word_1_239' title='bbox 758 1399 896 1428; x_wconf 82' lang='lat' dir='ltr'><strong>naturam,</strong></span> <span class='ocrx_word' id='word_1_240' title='bbox 915 1399 944 1423; x_wconf 90' lang='lat' dir='ltr'>et</span> 
     </span>
    </p>
   </div>
   <div class='ocr_carea' id='block_1_32' title="bbox 141 1439 943 1477">
    <p class='ocr_par' dir='ltr' id='par_1_32' title="bbox 141 1439 943 1477">
     <span class='ocr_line' id='line_1_32' title="bbox 141 1439 943 1477; baseline 0.002 -10"><span class='ocrx_word' id='word_1_241' title='bbox 141 1439 272 1468; x_wconf 57' lang='lat' dir='ltr'><strong>humanae,</strong></span> <span class='ocrx_word' id='word_1_242' title='bbox 291 1444 396 1469; x_wconf 61' lang='lat' dir='ltr'><strong>natura</strong></span> <span class='ocrx_word' id='word_1_243' title='bbox 422 1440 616 1477; x_wconf 86' lang='lat' dir='ltr'><strong>proprietatem</strong></span> <span class='ocrx_word' id='word_1_244' title='bbox 638 1440 749 1469; x_wconf 91' lang='lat' dir='ltr'><strong>indicat.</strong></span> <span class='ocrx_word' id='word_1_245' title='bbox 774 1440 847 1468; x_wconf 77' lang='lat' dir='ltr'><strong>Audi</strong></span> <span class='ocrx_word' id='word_1_246' title='bbox 867 1439 943 1469; x_wconf 90' lang='lat' dir='ltr'><strong>enim</strong></span> 
     </span>
    </p>
   </div>
   <div class='ocr_carea' id='block_1_33' title="bbox 141 1485 481 1522">
    <p class='ocr_par' dir='ltr' id='par_1_33' title="bbox 141 1485 481 1522">
     <span class='ocr_line' id='line_1_33' title="bbox 141 1485 481 1522; baseline 0 -9"><span class='ocrx_word' id='word_1_247' title='bbox 141 1485 206 1522; x_wconf 92' lang='lat' dir='ltr'><strong>quid</strong></span> <span class='ocrx_word' id='word_1_248' title='bbox 219 1485 294 1514; x_wconf 89' lang='lat' dir='ltr'><strong>dicat</strong></span> <span class='ocrx_word' id='word_1_249' title='bbox 305 1486 481 1522; x_wconf 84' lang='lat' dir='ltr'><strong>evangelista.</strong></span> 
     </span>
    </p>
   </div>
   <div class='ocr_carea' id='block_1_34' title="bbox 999 228 1802 270">
    <p class='ocr_par' dir='ltr' id='par_1_34' title="bbox 999 228 1802 270">
     <span class='ocr_line' id='line_1_34' title="bbox 999 228 1802 270; baseline 0 -12"><span class='ocrx_word' id='word_1_250' title='bbox 999 228 1118 265; x_wconf 83' lang='grc' dir='ltr'>Ἰησοῦς,</span> <span class='ocrx_word' id='word_1_251' title='bbox 1134 231 1163 258; x_wconf 87' lang='grc' dir='ltr'>οὖ</span> <span class='ocrx_word' id='word_1_252' title='bbox 1183 228 1305 269; x_wconf 76' lang='grc' dir='ltr'>βραδύνει</span> <span class='ocrx_word' id='word_1_253' title='bbox 1321 231 1336 265; x_wconf 84' lang='grc' dir='ltr'>ἡ</span> <span class='ocrx_word' id='word_1_254' title='bbox 1354 229 1466 268; x_wconf 84' lang='grc' dir='ltr'>Μαρία,</span> <span class='ocrx_word' id='word_1_255' title='bbox 1487 228 1549 258; x_wconf 77' lang='grc' dir='ltr'>ἀλλ’</span> <span class='ocrx_word' id='word_1_256' title='bbox 1565 241 1579 259; x_wconf 72' lang='grc' dir='ltr'>α</span> <span class='ocrx_word' id='word_1_257' title='bbox 1597 229 1737 270; x_wconf 84' lang='grc' dir='ltr'>ἐγείρεται,</span> <span class='ocrx_word' id='word_1_258' title='bbox 1754 228 1802 258; x_wconf 70' lang='grc' dir='ltr'>καὶ</span> 
     </span>
    </p>
   </div>
   <div class='ocr_carea' id='block_1_35' title="bbox 1000 273 1802 314">
    <p class='ocr_par' dir='ltr' id='par_1_35' title="bbox 1000 273 1802 314">
     <span class='ocr_line' id='line_1_35' title="bbox 1000 273 1802 314; baseline 0 -11"><span class='ocrx_word' id='word_1_259' title='bbox 1000 273 1064 314; x_wconf 77' lang='grc' dir='ltr'>πρὸς</span> <span class='ocrx_word' id='word_1_260' title='bbox 1084 274 1163 303; x_wconf 79' lang='grc' dir='ltr'>αὐτὸν</span> <span class='ocrx_word' id='word_1_261' title='bbox 1178 273 1296 314; x_wconf 82' lang='grc' dir='ltr'>ἔρχεται.</span> <span class='ocrx_word' id='word_1_262' title='bbox 1318 287 1331 300; x_wconf 72' lang='grc' dir='ltr'>ι</span> <span class='ocrx_word' id='word_1_263' title='bbox 1356 273 1437 304; x_wconf 71' lang='grc' dir='ltr'>⁷Οθεν</span> <span class='ocrx_word' id='word_1_264' title='bbox 1454 275 1551 311; x_wconf 80' lang='grc' dir='ltr'>δῆλον,</span> <span class='ocrx_word' id='word_1_265' title='bbox 1573 276 1608 308; x_wconf 83' lang='grc' dir='ltr'>ὡς</span> <span class='ocrx_word' id='word_1_266' title='bbox 1623 275 1672 304; x_wconf 77' lang='grc' dir='ltr'>οὐκ</span> <span class='ocrx_word' id='word_1_267' title='bbox 1687 273 1720 304; x_wconf 86' lang='grc' dir='ltr'>ἂν</span> <span class='ocrx_word' id='word_1_268' title='bbox 1733 286 1802 314; x_wconf 80' lang='grc' dir='ltr'>προ-</span> 
     </span>
    </p>
   </div>
   <div class='ocr_carea' id='block_1_36' title="bbox 1000 318 1801 360">
    <p class='ocr_par' dir='ltr' id='par_1_36' title="bbox 1000 318 1801 360">
     <span class='ocr_line' id='line_1_36' title="bbox 1000 318 1801 360; baseline 0.001 -13"><span class='ocrx_word' id='word_1_269' title='bbox 1000 318 1093 348; x_wconf 78' lang='grc' dir='ltr'>έλαϐεν</span> <span class='ocrx_word' id='word_1_270' title='bbox 1110 318 1192 354; x_wconf 81' lang='grc' dir='ltr'>αὐτὴν</span> <span class='ocrx_word' id='word_1_271' title='bbox 1216 321 1233 354; x_wconf 88' lang='grc' dir='ltr'><strong>ἡ</strong></span> <span class='ocrx_word' id='word_1_272' title='bbox 1260 320 1356 359; x_wconf 77' lang='grc' dir='ltr'>Μάρθα</span> <span class='ocrx_word' id='word_1_273' title='bbox 1377 318 1435 348; x_wconf 76' lang='grc' dir='ltr'>οὐδὲ</span> <span class='ocrx_word' id='word_1_274' title='bbox 1454 319 1596 360; x_wconf 79' lang='grc' dir='ltr'>πρότερον,</span> <span class='ocrx_word' id='word_1_275' title='bbox 1624 319 1699 359; x_wconf 86' lang='grc' dir='ltr'>εἴπερ</span> <span class='ocrx_word' id='word_1_276' title='bbox 1730 318 1801 357; x_wconf 84' lang='grc' dir='ltr'>ἔγνω</span> 
     </span>
    </p>
   </div>
   <div class='ocr_carea' id='block_1_37' title="bbox 1001 362 1802 404">
    <p class='ocr_par' dir='ltr' id='par_1_37' title="bbox 1001 362 1802 404">
     <span class='ocr_line' id='line_1_37' title="bbox 1001 362 1802 404; baseline 0.001 -12"><span class='ocrx_word' id='word_1_277' title='bbox 1001 362 1068 400; x_wconf 80' lang='grc' dir='ltr'>αὕτη</span> <span class='ocrx_word' id='word_1_278' title='bbox 1090 362 1135 392; x_wconf 80' lang='grc' dir='ltr'>τὸν</span> <span class='ocrx_word' id='word_1_279' title='bbox 1166 364 1272 400; x_wconf 79' lang='grc' dir='ltr'>Ἰησοῦν</span> <span class='ocrx_word' id='word_1_280' title='bbox 1298 363 1454 404; x_wconf 68' lang='grc' dir='ltr'>ἐρχόμενον.</span> <span class='ocrx_word' id='word_1_281' title='bbox 1486 377 1500 390; x_wconf 82' lang='lat' dir='ltr'>u</span> <span class='ocrx_word' id='word_1_282' title='bbox 1528 363 1615 394; x_wconf 82' lang='grc' dir='ltr'>Οὔπω</span> <span class='ocrx_word' id='word_1_283' title='bbox 1641 364 1668 393; x_wconf 80' lang='grc' dir='ltr'>δὲ</span> <span class='ocrx_word' id='word_1_284' title='bbox 1694 364 1802 399; x_wconf 84' lang='grc' dir='ltr'>Ἰησοῦς</span> 
     </span>
    </p>
   </div>
   <div class='ocr_carea' id='block_1_38' title="bbox 1000 407 1799 449">
    <p class='ocr_par' dir='ltr' id='par_1_38' title="bbox 1000 407 1799 449">
     <span class='ocr_line' id='line_1_38' title="bbox 1000 407 1799 449; baseline 0.003 -13"><span class='ocrx_word' id='word_1_285' title='bbox 1000 407 1119 442; x_wconf 79' lang='grc' dir='ltr'>ἐληλύθει</span> <span class='ocrx_word' id='word_1_286' title='bbox 1143 409 1180 442; x_wconf 86' lang='grc' dir='ltr'>εἷς</span> <span class='ocrx_word' id='word_1_287' title='bbox 1203 409 1250 444; x_wconf 77' lang='grc' dir='ltr'>τὴν</span> <span class='ocrx_word' id='word_1_288' title='bbox 1273 409 1378 447; x_wconf 85' lang='grc' dir='ltr'>κώμην,</span> <span class='ocrx_word' id='word_1_289' title='bbox 1400 421 1415 436; x_wconf 77' lang='grc' dir='ltr'>ι)</span> <span class='ocrx_word' id='word_1_290' title='bbox 1440 408 1637 449; x_wconf 71' lang='grc' dir='ltr'>Σχολαιότερον</span> <span class='ocrx_word' id='word_1_291' title='bbox 1654 408 1706 448; x_wconf 81' lang='grc' dir='ltr'>γὰρ</span> <span class='ocrx_word' id='word_1_292' title='bbox 1732 408 1799 438; x_wconf 62' lang='lat' dir='ltr'>36d-</span> 
     </span>
    </p>
   </div>
   <div class='ocr_carea' id='block_1_39' title="bbox 1000 452 1800 494">
    <p class='ocr_par' dir='ltr' id='par_1_39' title="bbox 1000 452 1800 494">
     <span class='ocr_line' id='line_1_39' title="bbox 1000 452 1800 494; baseline 0.003 -13"><span class='ocrx_word' id='word_1_293' title='bbox 1000 452 1084 490; x_wconf 86' lang='grc' dir='ltr'>διζεν,</span> <span class='ocrx_word' id='word_1_294' title='bbox 1105 453 1148 482; x_wconf 75' lang='grc' dir='ltr'>ἵνα</span> <span class='ocrx_word' id='word_1_295' title='bbox 1165 452 1202 491; x_wconf 81' lang='grc' dir='ltr'>μὴ</span> <span class='ocrx_word' id='word_1_296' title='bbox 1219 453 1280 494; x_wconf 82' lang='grc' dir='ltr'>δόξῃ</span> <span class='ocrx_word' id='word_1_297' title='bbox 1305 454 1396 484; x_wconf 76' lang='grc' dir='ltr'>ἑαυτὸν</span> <span class='ocrx_word' id='word_1_298' title='bbox 1421 454 1585 494; x_wconf 78' lang='grc' dir='ltr'>ἐπιῤῥίπτειν</span> <span class='ocrx_word' id='word_1_299' title='bbox 1599 455 1638 494; x_wconf 85' lang='grc' dir='ltr'>τῷ</span> <span class='ocrx_word' id='word_1_300' title='bbox 1660 453 1800 493; x_wconf 80' lang='grc' dir='ltr'>θαύματι,</span> 
     </span>
    </p>
   </div>
   <div class='ocr_carea' id='block_1_40' title="bbox 1000 497 1802 538">
    <p class='ocr_par' dir='ltr' id='par_1_40' title="bbox 1000 497 1802 538">
     <span class='ocr_line' id='line_1_40' title="bbox 1000 497 1802 538; baseline 0.001 -12"><span class='ocrx_word' id='word_1_301' title='bbox 1000 498 1059 526; x_wconf 83' lang='grc' dir='ltr'>ἀλλ’</span> <span class='ocrx_word' id='word_1_302' title='bbox 1087 499 1122 531; x_wconf 82' lang='grc' dir='ltr'>ὥς</span> <span class='ocrx_word' id='word_1_303' title='bbox 1151 497 1304 536; x_wconf 76' lang='grc' dir='ltr'>ἀξιούμενος</span> <span class='ocrx_word' id='word_1_304' title='bbox 1327 498 1391 538; x_wconf 87' lang='grc' dir='ltr'>παρ’</span> <span class='ocrx_word' id='word_1_305' title='bbox 1410 499 1528 534; x_wconf 81' lang='grc' dir='ltr'>ἐκείνων,</span> <span class='ocrx_word' id='word_1_306' title='bbox 1554 501 1632 528; x_wconf 85' lang='grc' dir='ltr'>τοῦτο</span> <span class='ocrx_word' id='word_1_307' title='bbox 1654 497 1802 534; x_wconf 86' lang='grc' dir='ltr'>πεποιηκέ-</span> 
     </span>
    </p>
   </div>
   <div class='ocr_carea' id='block_1_41' title="bbox 999 542 1800 584">
    <p class='ocr_par' dir='ltr' id='par_1_41' title="bbox 999 542 1800 584">
     <span class='ocr_line' id='line_1_41' title="bbox 999 542 1800 584; baseline 0.002 -14"><span class='ocrx_word' id='word_1_308' title='bbox 999 553 1053 584; x_wconf 73' lang='grc' dir='ltr'>ναι.</span> <span class='ocrx_word' id='word_1_309' title='bbox 1069 542 1125 572; x_wconf 82' lang='grc' dir='ltr'>Καὶ</span> <span class='ocrx_word' id='word_1_310' title='bbox 1140 543 1284 584; x_wconf 56' lang='grc' dir='ltr'>ἐπειδήπερ</span> <span class='ocrx_word' id='word_1_311' title='bbox 1307 543 1337 572; x_wconf 78' lang='grc' dir='ltr'>τὸ</span> <span class='ocrx_word' id='word_1_312' title='bbox 1360 543 1458 582; x_wconf 84' lang='grc' dir='ltr'>μέλλον</span> <span class='ocrx_word' id='word_1_313' title='bbox 1470 543 1592 583; x_wconf 83' lang='grc' dir='ltr'>γενέσθαι</span> <span class='ocrx_word' id='word_1_314' title='bbox 1615 546 1705 581; x_wconf 85' lang='grc' dir='ltr'>θαῦμα</span> <span class='ocrx_word' id='word_1_315' title='bbox 1729 543 1800 582; x_wconf 85' lang='grc' dir='ltr'><strong>μέγα</strong></span> 
     </span>
    </p>
   </div>
   <div class='ocr_carea' id='block_1_42' title="bbox 999 582 1801 627">
    <p class='ocr_par' dir='ltr' id='par_1_42' title="bbox 999 582 1801 627">
     <span class='ocr_line' id='line_1_42' title="bbox 999 582 1801 627; baseline 0.001 -12"><span class='ocrx_word' id='word_1_316' title='bbox 999 582 1030 623; x_wconf 70' lang='grc' dir='ltr'>ἦν</span> <span class='ocrx_word' id='word_1_317' title='bbox 1043 611 1050 624; x_wconf 84' lang='grc'>,</span> <span class='ocrx_word' id='word_1_318' title='bbox 1068 586 1114 616; x_wconf 82' lang='grc' dir='ltr'>καὶ</span> <span class='ocrx_word' id='word_1_319' title='bbox 1129 582 1182 616; x_wconf 73' lang='grc' dir='ltr'>οἶον</span> <span class='ocrx_word' id='word_1_320' title='bbox 1197 582 1316 627; x_wconf 70' lang='grc' dir='ltr'>ὀλιγάκις</span> <span class='ocrx_word' id='word_1_321' title='bbox 1340 582 1488 627; x_wconf 68' lang='grc' dir='ltr'>πεποίηκε,</span> <span class='ocrx_word' id='word_1_322' title='bbox 1505 587 1550 617; x_wconf 76' lang='grc' dir='ltr'>καὶ</span> <span class='ocrx_word' id='word_1_323' title='bbox 1574 588 1684 627; x_wconf 82' lang='grc' dir='ltr'>ἔμελλον</span> <span class='ocrx_word' id='word_1_324' title='bbox 1705 587 1801 617; x_wconf 79' lang='grc' dir='ltr'>πολλοὶ</span> 
     </span>
    </p>
   </div>
   <div class='ocr_carea' id='block_1_43' title="bbox 999 632 1799 673">
    <p class='ocr_par' dir='ltr' id='par_1_43' title="bbox 999 632 1799 673">
     <span class='ocr_line' id='line_1_43' title="bbox 999 632 1799 673; baseline 0.001 -12"><span class='ocrx_word' id='word_1_325' title='bbox 999 632 1144 673; x_wconf 76' lang='grc' dir='ltr'>κερδαίνειν</span> <span class='ocrx_word' id='word_1_326' title='bbox 1169 633 1202 661; x_wconf 85' lang='grc' dir='ltr'>δι’</span> <span class='ocrx_word' id='word_1_327' title='bbox 1229 634 1328 672; x_wconf 78' lang='grc' dir='ltr'>αὐτοῦ,</span> <span class='ocrx_word' id='word_1_328' title='bbox 1355 633 1399 662; x_wconf 85' lang='grc' dir='ltr'>διὰ</span> <span class='ocrx_word' id='word_1_329' title='bbox 1424 637 1500 663; x_wconf 85' lang='grc' dir='ltr'>τοῦτο</span> <span class='ocrx_word' id='word_1_330' title='bbox 1529 634 1662 671; x_wconf 76' lang='grc' dir='ltr'>οἰκονομεῖ</span> <span class='ocrx_word' id='word_1_331' title='bbox 1685 632 1799 666; x_wconf 77' lang='grc' dir='ltr'>πολλοὺς</span> 
     </span>
    </p>
   </div>
   <div class='ocr_carea' id='block_1_44' title="bbox 998 677 1801 718">
    <p class='ocr_par' dir='ltr' id='par_1_44' title="bbox 998 677 1801 718">
     <span class='ocr_line' id='line_1_44' title="bbox 998 677 1801 718; baseline 0 -12"><span class='ocrx_word' id='word_1_332' title='bbox 998 677 1121 716; x_wconf 83' lang='grc' dir='ltr'>γενέσθαι</span> <span class='ocrx_word' id='word_1_333' title='bbox 1136 680 1182 707; x_wconf 86' lang='grc' dir='ltr'>τοῦ</span> <span class='ocrx_word' id='word_1_334' title='bbox 1195 677 1330 715; x_wconf 83' lang='grc' dir='ltr'>θαύματος</span> <span class='ocrx_word' id='word_1_335' title='bbox 1348 678 1493 718; x_wconf 78' lang='grc' dir='ltr'>μάρτυρας.</span> <span class='ocrx_word' id='word_1_336' title='bbox 1511 678 1587 713; x_wconf 80' lang='grc' dir='ltr'>Φησὶ</span> <span class='ocrx_word' id='word_1_337' title='bbox 1610 677 1662 717; x_wconf 78' lang='grc' dir='ltr'>γὰρ</span> <span class='ocrx_word' id='word_1_338' title='bbox 1686 679 1699 706; x_wconf 92' lang='lat'>6</span> <span class='ocrx_word' id='word_1_339' title='bbox 1716 678 1801 716; x_wconf 84' lang='grc' dir='ltr'>εὐαγ-</span> 
     </span>
    </p>
   </div>
   <div class='ocr_carea' id='block_1_45' title="bbox 997 721 1800 763">
    <p class='ocr_par' dir='ltr' id='par_1_45' title="bbox 997 721 1800 763">
     <span class='ocr_line' id='line_1_45' title="bbox 997 721 1800 763; baseline 0.001 -13"><span class='ocrx_word' id='word_1_340' title='bbox 997 721 1136 760; x_wconf 81' lang='grc' dir='ltr'>γελιστὴς,</span> <span class='ocrx_word' id='word_1_341' title='bbox 1150 723 1189 752; x_wconf 78' lang='grc' dir='ltr'>δτι</span> <span class='ocrx_word' id='word_1_342' title='bbox 1206 733 1219 750; x_wconf 71' lang='grc' dir='ltr'>η(</span> <span class='ocrx_word' id='word_1_343' title='bbox 1235 723 1270 752; x_wconf 79' lang='grc' dir='ltr'>Οἱ</span> <span class='ocrx_word' id='word_1_344' title='bbox 1285 723 1407 752; x_wconf 85' lang='grc' dir='ltr'>Ἰουδαῖοι</span> <span class='ocrx_word' id='word_1_345' title='bbox 1428 724 1452 752; x_wconf 80' lang='grc' dir='ltr'>οἱ</span> <span class='ocrx_word' id='word_1_346' title='bbox 1467 723 1540 756; x_wconf 84' lang='grc' dir='ltr'>ὄντες</span> <span class='ocrx_word' id='word_1_347' title='bbox 1557 723 1583 752; x_wconf 80' lang='grc' dir='ltr'>ἓν</span> <span class='ocrx_word' id='word_1_348' title='bbox 1604 725 1643 763; x_wconf 84' lang='grc' dir='ltr'>τῷ</span> <span class='ocrx_word' id='word_1_349' title='bbox 1658 722 1722 762; x_wconf 75' lang='grc' dir='ltr'>οἴκῳ</span> <span class='ocrx_word' id='word_1_350' title='bbox 1738 722 1800 760; x_wconf 84' lang='grc' dir='ltr'>μετ’</span> 
     </span>
    </p>
   </div>
   <div class='ocr_carea' id='block_1_46' title="bbox 999 767 1801 807">
    <p class='ocr_par' dir='ltr' id='par_1_46' title="bbox 999 767 1801 807">
     <span class='ocr_line' id='line_1_46' title="bbox 999 767 1801 807; baseline -0.001 -11"><span class='ocrx_word' id='word_1_351' title='bbox 999 768 1079 802; x_wconf 79' lang='grc' dir='ltr'>αὐτῆς</span> <span class='ocrx_word' id='word_1_352' title='bbox 1091 790 1100 804; x_wconf 85' lang='grc'>,</span> <span class='ocrx_word' id='word_1_353' title='bbox 1117 767 1308 802; x_wconf 79' lang='grc' dir='ltr'>ἠκολούθησαν</span> <span class='ocrx_word' id='word_1_354' title='bbox 1329 768 1406 806; x_wconf 75' lang='grc' dir='ltr'>αὐτῇ.</span> <span class='ocrx_word' id='word_1_355' title='bbox 1434 778 1448 796; x_wconf 65' lang='grc' dir='ltr'>ι)</span> <span class='ocrx_word' id='word_1_356' title='bbox 1467 767 1634 807; x_wconf 81' lang='grc' dir='ltr'>Θερμότερον</span> <span class='ocrx_word' id='word_1_357' title='bbox 1659 767 1687 796; x_wconf 83' lang='grc' dir='ltr'>δὲ</span> <span class='ocrx_word' id='word_1_358' title='bbox 1702 770 1719 803; x_wconf 86' lang='grc' dir='ltr'>ἡ</span> <span class='ocrx_word' id='word_1_359' title='bbox 1733 769 1801 797; x_wconf 87' lang='grc' dir='ltr'>Μα-</span> 
     </span>
    </p>
   </div>
   <div class='ocr_carea' id='block_1_47' title="bbox 1000 811 1798 853">
    <p class='ocr_par' dir='ltr' id='par_1_47' title="bbox 1000 811 1798 853">
     <span class='ocr_line' id='line_1_47' title="bbox 1000 811 1798 853; baseline 0.003 -13"><span class='ocrx_word' id='word_1_360' title='bbox 1000 811 1043 852; x_wconf 91' lang='grc' dir='ltr'>ρία</span> <span class='ocrx_word' id='word_1_361' title='bbox 1057 812 1130 851; x_wconf 78' lang='grc' dir='ltr'>παρὰ</span> <span class='ocrx_word' id='word_1_362' title='bbox 1145 811 1193 848; x_wconf 78' lang='grc' dir='ltr'>τὴν</span> <span class='ocrx_word' id='word_1_363' title='bbox 1210 812 1324 853; x_wconf 75' lang='grc' dir='ltr'>ἀδελφὴν</span> <span class='ocrx_word' id='word_1_364' title='bbox 1343 813 1457 852; x_wconf 82' lang='grc' dir='ltr'>Μάρθαν</span> <span class='ocrx_word' id='word_1_365' title='bbox 1467 813 1607 850; x_wconf 79' lang='grc' dir='ltr'>προσῆλθε</span> <span class='ocrx_word' id='word_1_366' title='bbox 1623 813 1660 852; x_wconf 81' lang='grc' dir='ltr'>τῷ</span> <span class='ocrx_word' id='word_1_367' title='bbox 1675 812 1798 852; x_wconf 80' lang='grc' dir='ltr'>Χριστῷ.</span> 
     </span>
    </p>
   </div>
   <div class='ocr_carea' id='block_1_48' title="bbox 1002 855 1801 897">
    <p class='ocr_par' dir='ltr' id='par_1_48' title="bbox 1002 855 1801 897">
     <span class='ocr_line' id='line_1_48' title="bbox 1002 855 1801 897; baseline 0.003 -13"><span class='ocrx_word' id='word_1_368' title='bbox 1002 867 1016 884; x_wconf 77' lang='grc' dir='ltr'>α</span> <span class='ocrx_word' id='word_1_369' title='bbox 1041 856 1149 887; x_wconf 81' lang='grc' dir='ltr'>Ἰδοῦσοι</span> <span class='ocrx_word' id='word_1_370' title='bbox 1164 856 1215 897; x_wconf 81' lang='grc' dir='ltr'>γὰρ</span> <span class='ocrx_word' id='word_1_371' title='bbox 1233 857 1313 886; x_wconf 75' lang='grc' dir='ltr'>αὐτὸν</span> <span class='ocrx_word' id='word_1_372' title='bbox 1323 880 1330 893; x_wconf 92' lang='grc'>,</span> <span class='ocrx_word' id='word_1_373' title='bbox 1346 855 1426 897; x_wconf 76' lang='grc' dir='ltr'>φησὶν</span> <span class='ocrx_word' id='word_1_374' title='bbox 1436 881 1443 895; x_wconf 87' lang='grc'>,</span> <span class='ocrx_word' id='word_1_375' title='bbox 1460 858 1552 887; x_wconf 86' lang='grc' dir='ltr'>ἔπεσεν</span> <span class='ocrx_word' id='word_1_376' title='bbox 1566 858 1647 886; x_wconf 75' lang='grc' dir='ltr'>αὐτοῦ</span> <span class='ocrx_word' id='word_1_377' title='bbox 1664 857 1727 896; x_wconf 87' lang='grc' dir='ltr'>πρὸς</span> <span class='ocrx_word' id='word_1_378' title='bbox 1740 857 1801 890; x_wconf 82' lang='grc' dir='ltr'>τοὺς</span> 
     </span>
    </p>
   </div>
   <div class='ocr_carea' id='block_1_49' title="bbox 997 901 1800 942">
    <p class='ocr_par' dir='ltr' id='par_1_49' title="bbox 997 901 1800 942">
     <span class='ocr_line' id='line_1_49' title="bbox 997 901 1800 942; baseline -0.001 -11"><span class='ocrx_word' id='word_1_379' title='bbox 997 902 1095 935; x_wconf 84' lang='grc' dir='ltr'>πόδας·</span> <span class='ocrx_word' id='word_1_380' title='bbox 1129 913 1142 930; x_wconf 89' lang='grc'>))</span> <span class='ocrx_word' id='word_1_381' title='bbox 1168 903 1215 931; x_wconf 81' lang='grc' dir='ltr'>οὔκ</span> <span class='ocrx_word' id='word_1_382' title='bbox 1233 903 1384 931; x_wconf 83' lang='grc' dir='ltr'>αἰδεσθεῖσα</span> <span class='ocrx_word' id='word_1_383' title='bbox 1402 902 1446 931; x_wconf 81' lang='grc' dir='ltr'>τὸν</span> <span class='ocrx_word' id='word_1_384' title='bbox 1472 902 1565 942; x_wconf 75' lang='grc' dir='ltr'>ὄχλον,</span> <span class='ocrx_word' id='word_1_385' title='bbox 1588 902 1638 942; x_wconf 76' lang='grc' dir='ltr'>οὐχ</span> <span class='ocrx_word' id='word_1_386' title='bbox 1665 901 1800 931; x_wconf 74' lang='grc' dir='ltr'>ὑποπτεύ-</span> 
     </span>
    </p>
   </div>
   <div class='ocr_carea' id='block_1_50' title="bbox 997 943 1800 986">
    <p class='ocr_par' dir='ltr' id='par_1_50' title="bbox 997 943 1800 986">
     <span class='ocr_line' id='line_1_50' title="bbox 997 943 1800 986; baseline 0 -10"><span class='ocrx_word' id='word_1_387' title='bbox 997 958 1079 984; x_wconf 29' lang='grc' dir='ltr'>σασαγ</span> <span class='ocrx_word' id='word_1_388' title='bbox 1094 947 1177 983; x_wconf 75' lang='grc' dir='ltr'>ὅλως,</span> <span class='ocrx_word' id='word_1_389' title='bbox 1193 946 1250 983; x_wconf 77' lang='grc' dir='ltr'>ὅτι,</span> <span class='ocrx_word' id='word_1_390' title='bbox 1266 948 1334 981; x_wconf 81' lang='grc' dir='ltr'>εἰκὸς</span> <span class='ocrx_word' id='word_1_391' title='bbox 1355 943 1423 976; x_wconf 70' lang='grc' dir='ltr'>εἷναί</span> <span class='ocrx_word' id='word_1_392' title='bbox 1445 959 1518 980; x_wconf 87' lang='grc' dir='ltr'>τινας</span> <span class='ocrx_word' id='word_1_393' title='bbox 1542 947 1596 976; x_wconf 79' lang='grc' dir='ltr'>ἐκεῖ</span> <span class='ocrx_word' id='word_1_394' title='bbox 1617 948 1739 986; x_wconf 70' lang='grc' dir='ltr'>ἀπεχθῶς</span> <span class='ocrx_word' id='word_1_395' title='bbox 1759 948 1800 986; x_wconf 82' lang='grc' dir='ltr'>τῷ</span> 
     </span>
    </p>
   </div>
   <div class='ocr_carea' id='block_1_51' title="bbox 997 991 1799 1032">
    <p class='ocr_par' dir='ltr' id='par_1_51' title="bbox 997 991 1799 1032">
     <span class='ocr_line' id='line_1_51' title="bbox 997 991 1799 1032; baseline -0.001 -11"><span class='ocrx_word' id='word_1_396' title='bbox 997 992 1108 1031; x_wconf 83' lang='grc' dir='ltr'>Χριστῷ</span> <span class='ocrx_word' id='word_1_397' title='bbox 1146 991 1269 1031; x_wconf 83' lang='grc' dir='ltr'>ἔχοντας·</span> <span class='ocrx_word' id='word_1_398' title='bbox 1305 991 1394 1021; x_wconf 82' lang='grc' dir='ltr'>πάντα</span> <span class='ocrx_word' id='word_1_399' title='bbox 1430 991 1458 1021; x_wconf 78' lang='grc' dir='ltr'>δὲ</span> <span class='ocrx_word' id='word_1_400' title='bbox 1498 991 1662 1032; x_wconf 73' lang='grc' dir='ltr'>ἀνθρώπινον</span> <span class='ocrx_word' id='word_1_401' title='bbox 1699 992 1799 1021; x_wconf 74' lang='grc' dir='ltr'>σκοπὸν</span> 
     </span>
    </p>
   </div>
   <div class='ocr_carea' id='block_1_52' title="bbox 996 1036 1800 1076">
    <p class='ocr_par' dir='ltr' id='par_1_52' title="bbox 996 1036 1800 1076">
     <span class='ocr_line' id='line_1_52' title="bbox 996 1036 1800 1076; baseline 0 -10"><span class='ocrx_word' id='word_1_402' title='bbox 996 1036 1163 1074; x_wconf 81' lang='grc' dir='ltr'>ἐκϐαλοῦσα,</span> <span class='ocrx_word' id='word_1_403' title='bbox 1187 1036 1315 1076; x_wconf 80' lang='grc' dir='ltr'>παρόντος</span> <span class='ocrx_word' id='word_1_404' title='bbox 1341 1039 1386 1066; x_wconf 86' lang='grc' dir='ltr'>τοῦ</span> <span class='ocrx_word' id='word_1_405' title='bbox 1411 1037 1587 1073; x_wconf 79' lang='grc' dir='ltr'>διδασκάλου,</span> <span class='ocrx_word' id='word_1_406' title='bbox 1613 1036 1660 1066; x_wconf 79' lang='grc' dir='ltr'>καὶ</span> <span class='ocrx_word' id='word_1_407' title='bbox 1685 1036 1800 1075; x_wconf 80' lang='grc' dir='ltr'>ἔμμονος</span> 
     </span>
    </p>
   </div>
   <div class='ocr_carea' id='block_1_53' title="bbox 995 1076 1801 1122">
    <p class='ocr_par' dir='ltr' id='par_1_53' title="bbox 995 1076 1801 1122">
     <span class='ocr_line' id='line_1_53' title="bbox 995 1076 1801 1122; baseline -0.001 -12"><span class='ocrx_word' id='word_1_408' title='bbox 995 1080 1123 1120; x_wconf 86' lang='grc' dir='ltr'>γενομένη</span> <span class='ocrx_word' id='word_1_409' title='bbox 1139 1083 1186 1117; x_wconf 78' lang='grc' dir='ltr'>τῆς</span> <span class='ocrx_word' id='word_1_410' title='bbox 1208 1082 1244 1114; x_wconf 82' lang='grc' dir='ltr'>εἷς</span> <span class='ocrx_word' id='word_1_411' title='bbox 1260 1080 1339 1110; x_wconf 74' lang='grc' dir='ltr'>αὐτὸν</span> <span class='ocrx_word' id='word_1_412' title='bbox 1356 1084 1452 1119; x_wconf 75' lang='grc' dir='ltr'>τιμῆς,</span> <span class='ocrx_word' id='word_1_413' title='bbox 1476 1081 1557 1122; x_wconf 83' lang='grc' dir='ltr'>φησί·</span> <span class='ocrx_word' id='word_1_414' title='bbox 1576 1092 1589 1109; x_wconf 73' lang='grc' dir='ltr'>α</span> <span class='ocrx_word' id='word_1_415' title='bbox 1610 1081 1710 1120; x_wconf 83' lang='grc' dir='ltr'>Κύριε,</span> <span class='ocrx_word' id='word_1_416' title='bbox 1728 1082 1751 1110; x_wconf 87' lang='grc' dir='ltr'>εἰ</span> <span class='ocrx_word' id='word_1_417' title='bbox 1765 1076 1801 1117; x_wconf 81' lang='grc' dir='ltr'>ἧς</span> 
     </span>
    </p>
   </div>
   <div class='ocr_carea' id='block_1_54' title="bbox 996 1122 1799 1166">
    <p class='ocr_par' dir='ltr' id='par_1_54' title="bbox 996 1122 1799 1166">
     <span class='ocr_line' id='line_1_54' title="bbox 996 1122 1799 1166; baseline 0 -11"><span class='ocrx_word' id='word_1_418' title='bbox 996 1122 1065 1164; x_wconf 71' lang='grc' dir='ltr'>ὧδε,</span> <span class='ocrx_word' id='word_1_419' title='bbox 1082 1127 1130 1155; x_wconf 86' lang='grc' dir='ltr'>οὐκ</span> <span class='ocrx_word' id='word_1_420' title='bbox 1147 1125 1178 1155; x_wconf 82' lang='grc' dir='ltr'>ἂν</span> <span class='ocrx_word' id='word_1_421' title='bbox 1195 1126 1312 1156; x_wconf 80' lang='grc' dir='ltr'>ἀπέθανέ</span> <span class='ocrx_word' id='word_1_422' title='bbox 1328 1138 1378 1165; x_wconf 86' lang='grc' dir='ltr'>μου</span> <span class='ocrx_word' id='word_1_423' title='bbox 1394 1129 1407 1156; x_wconf 85' lang='grc' dir='ltr'>ὃ</span> <span class='ocrx_word' id='word_1_424' title='bbox 1427 1126 1547 1166; x_wconf 70' lang='grc' dir='ltr'>ἀδελφός.</span> <span class='ocrx_word' id='word_1_425' title='bbox 1563 1137 1578 1155; x_wconf 75' lang='grc' dir='ltr'>ι)</span> <span class='ocrx_word' id='word_1_426' title='bbox 1602 1126 1637 1155; x_wconf 51' lang='grc' dir='ltr'>(Η</span> <span class='ocrx_word' id='word_1_427' title='bbox 1653 1126 1680 1155; x_wconf 79' lang='grc' dir='ltr'>δὲ</span> <span class='ocrx_word' id='word_1_428' title='bbox 1697 1126 1799 1166; x_wconf 80' lang='grc' dir='ltr'>Μάρθα</span> 
     </span>
    </p>
   </div>
   <div class='ocr_carea' id='block_1_55' title="bbox 997 1170 1799 1210">
    <p class='ocr_par' dir='ltr' id='par_1_55' title="bbox 997 1170 1799 1210">
     <span class='ocr_line' id='line_1_55' title="bbox 997 1170 1799 1210; baseline 0 -10"><span class='ocrx_word' id='word_1_429' title='bbox 997 1170 1070 1200; x_wconf 85' lang='grc' dir='ltr'>οὐδὲν</span> <span class='ocrx_word' id='word_1_430' title='bbox 1094 1173 1211 1200; x_wconf 83' lang='grc' dir='ltr'>τοιοῦτον</span> <span class='ocrx_word' id='word_1_431' title='bbox 1236 1175 1321 1200; x_wconf 71' lang='grc' dir='ltr'>ποιεῖ’</span> <span class='ocrx_word' id='word_1_432' title='bbox 1348 1170 1409 1200; x_wconf 82' lang='grc' dir='ltr'>οὔτε</span> <span class='ocrx_word' id='word_1_433' title='bbox 1436 1170 1486 1210; x_wconf 80' lang='grc' dir='ltr'>γὰρ</span> <span class='ocrx_word' id='word_1_434' title='bbox 1519 1170 1700 1210; x_wconf 83' lang='grc' dir='ltr'>προσπίπτει,</span> <span class='ocrx_word' id='word_1_435' title='bbox 1727 1170 1799 1200; x_wconf 81' lang='grc' dir='ltr'>ἀλλὰ</span> 
     </span>
    </p>
   </div>
   <div class='ocr_carea' id='block_1_56' title="bbox 997 1215 1798 1257">
    <p class='ocr_par' dir='ltr' id='par_1_56' title="bbox 997 1215 1798 1257">
     <span class='ocr_line' id='line_1_56' title="bbox 997 1215 1798 1257; baseline -0.001 -12"><span class='ocrx_word' id='word_1_436' title='bbox 997 1217 1098 1254; x_wconf 83' lang='grc' dir='ltr'>μᾶλλον</span> <span class='ocrx_word' id='word_1_437' title='bbox 1123 1217 1161 1257; x_wconf 81' lang='grc' dir='ltr'>τῷ</span> <span class='ocrx_word' id='word_1_438' title='bbox 1187 1217 1296 1255; x_wconf 81' lang='grc' dir='ltr'>Χριστῷ</span> <span class='ocrx_word' id='word_1_439' title='bbox 1327 1216 1529 1256; x_wconf 64' lang='grc' dir='ltr'>ὑπισχνουμένῳ</span> <span class='ocrx_word' id='word_1_440' title='bbox 1556 1216 1623 1255; x_wconf 78' lang='grc' dir='ltr'>αὐτῇ</span> <span class='ocrx_word' id='word_1_441' title='bbox 1655 1215 1717 1256; x_wconf 80' lang='grc' dir='ltr'>περὶ</span> <span class='ocrx_word' id='word_1_442' title='bbox 1750 1218 1798 1245; x_wconf 89' lang='grc' dir='ltr'>τοῦ</span> 
     </span>
    </p>
   </div>
   <div class='ocr_carea' id='block_1_57' title="bbox 997 1259 1799 1301">
    <p class='ocr_par' dir='ltr' id='par_1_57' title="bbox 997 1259 1799 1301">
     <span class='ocr_line' id='line_1_57' title="bbox 997 1259 1799 1301; baseline -0.001 -11"><span class='ocrx_word' id='word_1_443' title='bbox 997 1262 1110 1301; x_wconf 79' lang='grc' dir='ltr'>ἀδελφοῦ</span> <span class='ocrx_word' id='word_1_444' title='bbox 1136 1260 1169 1290; x_wconf 83' lang='grc' dir='ltr'>τὰ</span> <span class='ocrx_word' id='word_1_445' title='bbox 1191 1261 1359 1301; x_wconf 79' lang='grc' dir='ltr'>χρηστότερα</span> <span class='ocrx_word' id='word_1_446' title='bbox 1374 1260 1495 1301; x_wconf 79' lang='grc' dir='ltr'>φαίνεται</span> <span class='ocrx_word' id='word_1_447' title='bbox 1517 1263 1679 1292; x_wconf 84' lang='grc' dir='ltr'>ἀπιστοῦσα.</span> <span class='ocrx_word' id='word_1_448' title='bbox 1697 1259 1756 1290; x_wconf 80' lang='grc' dir='ltr'>Κᾶν</span> <span class='ocrx_word' id='word_1_449' title='bbox 1780 1262 1799 1296; x_wconf 89' lang='grc' dir='ltr'>ἡ</span> 
     </span>
    </p>
   </div>
   <div class='ocr_carea' id='block_1_58' title="bbox 995 1305 1797 1346">
    <p class='ocr_par' dir='ltr' id='par_1_58' title="bbox 995 1305 1797 1346">
     <span class='ocr_line' id='line_1_58' title="bbox 995 1305 1797 1346; baseline 0 -12"><span class='ocrx_word' id='word_1_450' title='bbox 995 1306 1087 1346; x_wconf 86' lang='grc' dir='ltr'>Μαρία</span> <span class='ocrx_word' id='word_1_451' title='bbox 1103 1305 1131 1335; x_wconf 88' lang='grc' dir='ltr'>δὲ</span> <span class='ocrx_word' id='word_1_452' title='bbox 1147 1306 1246 1338; x_wconf 78' lang='grc' dir='ltr'>ἀτελῶς</span> <span class='ocrx_word' id='word_1_453' title='bbox 1261 1306 1306 1334; x_wconf 85' lang='grc' dir='ltr'>καὶ</span> <span class='ocrx_word' id='word_1_454' title='bbox 1334 1306 1401 1342; x_wconf 80' lang='grc' dir='ltr'>αὕτη</span> <span class='ocrx_word' id='word_1_455' title='bbox 1419 1305 1541 1346; x_wconf 84' lang='grc' dir='ltr'>φαίνεται</span> <span class='ocrx_word' id='word_1_456' title='bbox 1562 1305 1662 1345; x_wconf 81' lang='grc' dir='ltr'>ἔχουσα</span> <span class='ocrx_word' id='word_1_457' title='bbox 1681 1305 1725 1335; x_wconf 83' lang='grc' dir='ltr'>διὰ</span> <span class='ocrx_word' id='word_1_458' title='bbox 1748 1307 1797 1334; x_wconf 87' lang='grc' dir='ltr'>τοῦ</span> 
     </span>
    </p>
   </div>
   <div class='ocr_carea' id='block_1_59' title="bbox 995 1345 1796 1390">
    <p class='ocr_par' dir='ltr' id='par_1_59' title="bbox 995 1345 1796 1390">
     <span class='ocr_line' id='line_1_59' title="bbox 995 1345 1796 1390; baseline -0.002 -10"><span class='ocrx_word' id='word_1_459' title='bbox 995 1351 1092 1387; x_wconf 80' lang='grc' dir='ltr'>εἰπεῖν,</span> <span class='ocrx_word' id='word_1_460' title='bbox 1106 1362 1121 1378; x_wconf 81' lang='grc' dir='ltr'>α</span> <span class='ocrx_word' id='word_1_461' title='bbox 1138 1351 1173 1380; x_wconf 86' lang='grc' dir='ltr'>Εἰ</span> <span class='ocrx_word' id='word_1_462' title='bbox 1184 1345 1215 1385; x_wconf 72' lang='grc' dir='ltr'>ἧς</span> <span class='ocrx_word' id='word_1_463' title='bbox 1229 1345 1296 1386; x_wconf 65' lang='grc' dir='ltr'>ὧδε,</span> <span class='ocrx_word' id='word_1_464' title='bbox 1311 1351 1359 1380; x_wconf 84' lang='grc' dir='ltr'>οὖκ</span> <span class='ocrx_word' id='word_1_465' title='bbox 1373 1351 1403 1380; x_wconf 82' lang='grc' dir='ltr'>ἂν</span> <span class='ocrx_word' id='word_1_466' title='bbox 1415 1351 1529 1380; x_wconf 80' lang='grc' dir='ltr'>ἀπέθανέ</span> <span class='ocrx_word' id='word_1_467' title='bbox 1547 1362 1598 1389; x_wconf 84' lang='grc' dir='ltr'>μου</span> <span class='ocrx_word' id='word_1_468' title='bbox 1613 1352 1626 1379; x_wconf 93' lang='lat'>6</span> <span class='ocrx_word' id='word_1_469' title='bbox 1640 1350 1760 1390; x_wconf 77' lang='grc' dir='ltr'>ἀδελφὸς,</span> <span class='ocrx_word' id='word_1_470' title='bbox 1781 1361 1796 1378; x_wconf 73' lang='grc' dir='ltr'>ι)</span> 
     </span>
    </p>
   </div>
   <div class='ocr_carea' id='block_1_60' title="bbox 994 1390 1801 1435">
    <p class='ocr_par' dir='ltr' id='par_1_60' title="bbox 994 1390 1801 1435">
     <span class='ocr_line' id='line_1_60' title="bbox 994 1390 1801 1435; baseline -0.002 -10"><span class='ocrx_word' id='word_1_471' title='bbox 994 1395 1065 1434; x_wconf 79' lang='grc' dir='ltr'>ὅμως</span> <span class='ocrx_word' id='word_1_472' title='bbox 1080 1395 1154 1425; x_wconf 77' lang='grc' dir='ltr'>οὐδὲν</span> <span class='ocrx_word' id='word_1_473' title='bbox 1173 1395 1238 1435; x_wconf 78' lang='grc' dir='ltr'>πρὸς</span> <span class='ocrx_word' id='word_1_474' title='bbox 1251 1395 1352 1431; x_wconf 85' lang='grc' dir='ltr'>ταύτην</span> <span class='ocrx_word' id='word_1_475' title='bbox 1368 1397 1382 1424; x_wconf 91' lang='lat'>6</span> <span class='ocrx_word' id='word_1_476' title='bbox 1405 1395 1521 1434; x_wconf 78' lang='grc' dir='ltr'>Χριστὸς</span> <span class='ocrx_word' id='word_1_477' title='bbox 1547 1395 1636 1434; x_wconf 83' lang='grc' dir='ltr'>λέγει,</span> <span class='ocrx_word' id='word_1_478' title='bbox 1659 1390 1712 1424; x_wconf 71' lang='grc' dir='ltr'>οἷον</span> <span class='ocrx_word' id='word_1_479' title='bbox 1733 1395 1801 1435; x_wconf 83' lang='grc' dir='ltr'>πρὸς</span> 
     </span>
    </p>
   </div>
   <div class='ocr_carea' id='block_1_61' title="bbox 993 1439 1800 1480">
    <p class='ocr_par' dir='ltr' id='par_1_61' title="bbox 993 1439 1800 1480">
     <span class='ocr_line' id='line_1_61' title="bbox 993 1439 1800 1480; baseline -0.002 -10"><span class='ocrx_word' id='word_1_480' title='bbox 993 1440 1041 1477; x_wconf 79' lang='grc' dir='ltr'>τὴν</span> <span class='ocrx_word' id='word_1_481' title='bbox 1057 1439 1172 1480; x_wconf 74' lang='grc' dir='ltr'>ἀδελφὴν</span> <span class='ocrx_word' id='word_1_482' title='bbox 1185 1441 1265 1476; x_wconf 79' lang='grc' dir='ltr'>αὐτῆς</span> <span class='ocrx_word' id='word_1_483' title='bbox 1275 1461 1283 1476; x_wconf 88' lang='grc'>,</span> <span class='ocrx_word' id='word_1_484' title='bbox 1300 1440 1344 1469; x_wconf 84' lang='grc' dir='ltr'>διὰ</span> <span class='ocrx_word' id='word_1_485' title='bbox 1360 1440 1390 1469; x_wconf 80' lang='grc' dir='ltr'>τὸ</span> <span class='ocrx_word' id='word_1_486' title='bbox 1404 1439 1486 1470; x_wconf 76' lang='grc' dir='ltr'>πολὺν</span> <span class='ocrx_word' id='word_1_487' title='bbox 1503 1442 1631 1479; x_wconf 87' lang='grc' dir='ltr'>παρεῖναι</span> <span class='ocrx_word' id='word_1_488' title='bbox 1647 1439 1735 1479; x_wconf 81' lang='grc' dir='ltr'>ὄχλον,</span> <span class='ocrx_word' id='word_1_489' title='bbox 1750 1439 1800 1468; x_wconf 77' lang='grc' dir='ltr'>καὶ</span> 
     </span>
    </p>
   </div>
   <div class='ocr_carea' id='block_1_62' title="bbox 994 1479 1798 1525">
    <p class='ocr_par' dir='ltr' id='par_1_62' title="bbox 994 1479 1798 1525">
     <span class='ocr_line' id='line_1_62' title="bbox 994 1479 1798 1525; baseline -0.001 -11"><span class='ocrx_word' id='word_1_490' title='bbox 994 1486 1033 1525; x_wconf 81' lang='grc' dir='ltr'>μὴ</span> <span class='ocrx_word' id='word_1_491' title='bbox 1056 1479 1123 1514; x_wconf 71' lang='grc' dir='ltr'>εἶναι</span> <span class='ocrx_word' id='word_1_492' title='bbox 1145 1484 1236 1524; x_wconf 84' lang='grc' dir='ltr'>καιρὸν</span> <span class='ocrx_word' id='word_1_493' title='bbox 1257 1486 1310 1514; x_wconf 74' lang='grc' dir='ltr'>τῶν</span> <span class='ocrx_word' id='word_1_494' title='bbox 1332 1484 1458 1515; x_wconf 79' lang='grc' dir='ltr'>τοιούτων</span> <span class='ocrx_word' id='word_1_495' title='bbox 1487 1486 1627 1525; x_wconf 75' lang='grc' dir='ltr'>ῥημάτων.</span> <span class='ocrx_word' id='word_1_496' title='bbox 1654 1486 1798 1523; x_wconf 87' lang='grc' dir='ltr'>Συγκατοι-</span> 
     </span>
    </p>
   </div>
   <div class='ocr_carea' id='block_1_63' title="bbox 143 1529 1799 1574">
    <p class='ocr_par' dir='ltr' id='par_1_63' title="bbox 143 1529 1799 1574">
     <span class='ocr_line' id='line_1_63' title="bbox 143 1529 1799 1574; baseline -0.001 -14"><span class='ocrx_word' id='word_1_497' title='bbox 143 1530 227 1560; x_wconf 79' lang='grc' dir='ltr'>ϐαίνει</span> <span class='ocrx_word' id='word_1_498' title='bbox 255 1530 282 1560; x_wconf 83' lang='grc' dir='ltr'>δὲ</span> <span class='ocrx_word' id='word_1_499' title='bbox 312 1532 429 1570; x_wconf 81' lang='grc' dir='ltr'>μᾶλλον,</span> <span class='ocrx_word' id='word_1_500' title='bbox 455 1531 501 1560; x_wconf 81' lang='grc' dir='ltr'>καὶ</span> <span class='ocrx_word' id='word_1_501' title='bbox 520 1532 668 1571; x_wconf 86' lang='grc' dir='ltr'>ἆπογυμνοῖ</span> <span class='ocrx_word' id='word_1_502' title='bbox 699 1529 747 1566; x_wconf 81' lang='grc' dir='ltr'>τὴν</span> <span class='ocrx_word' id='word_1_503' title='bbox 772 1529 938 1570; x_wconf 81' lang='grc' dir='ltr'>ἀνθρωπίνην</span> <span class='ocrx_word' id='word_1_504' title='bbox 952 1532 1046 1574; x_wconf 87' lang='grc' dir='ltr'>φύσιν,</span> <span class='ocrx_word' id='word_1_505' title='bbox 1063 1530 1109 1560; x_wconf 85' lang='grc' dir='ltr'>καὶ</span> <span class='ocrx_word' id='word_1_506' title='bbox 1129 1529 1164 1560; x_wconf 81' lang='grc' dir='ltr'>τὰ</span> <span class='ocrx_word' id='word_1_507' title='bbox 1189 1529 1288 1566; x_wconf 81' lang='grc' dir='ltr'>ταύτης</span> <span class='ocrx_word' id='word_1_508' title='bbox 1310 1531 1396 1560; x_wconf 78' lang='grc' dir='ltr'>οἰκεῖα</span> <span class='ocrx_word' id='word_1_509' title='bbox 1421 1529 1588 1559; x_wconf 81' lang='grc' dir='ltr'>ἐνδείκνυται.</span> <span class='ocrx_word' id='word_1_510' title='bbox 1630 1529 1723 1560; x_wconf 81' lang='grc' dir='ltr'>Ἄκουε</span> <span class='ocrx_word' id='word_1_511' title='bbox 1744 1529 1799 1569; x_wconf 85' lang='grc' dir='ltr'>γὰρ</span> 
     </span>
    </p>
   </div>
   <div class='ocr_carea' id='block_1_64' title="bbox 142 1575 526 1617">
    <p class='ocr_par' dir='ltr' id='par_1_64' title="bbox 142 1575 526 1617">
     <span class='ocr_line' id='line_1_64' title="bbox 142 1575 526 1617; baseline -0.003 -12"><span class='ocrx_word' id='word_1_512' title='bbox 142 1576 168 1605; x_wconf 85' lang='grc' dir='ltr'>τί</span> <span class='ocrx_word' id='word_1_513' title='bbox 189 1587 267 1617; x_wconf 83' lang='grc' dir='ltr'>φησιν</span> <span class='ocrx_word' id='word_1_514' title='bbox 292 1578 306 1606; x_wconf 85' lang='lat'>6</span> <span class='ocrx_word' id='word_1_515' title='bbox 328 1575 526 1616; x_wconf 72' lang='grc' dir='ltr'>εὖαγγελιστής.</span> 
     </span>
    </p>
   </div>
   <div class='ocr_carea' id='block_1_65' title="bbox 176 1623 982 1661">
    <p class='ocr_par' dir='ltr' id='par_1_65' title="bbox 176 1623 982 1661">
     <span class='ocr_line' id='line_1_65' title="bbox 176 1623 982 1661; baseline 0 -6"><span class='ocrx_word' id='word_1_516' title='bbox 176 1627 267 1656; x_wconf 75' lang='lat' dir='ltr'><strong>Vnus.</strong></span> <span class='ocrx_word' id='word_1_517' title='bbox 291 1629 386 1655; x_wconf 84' lang='lat'><strong>33-37.</strong></span> <span class='ocrx_word' id='word_1_518' title='bbox 414 1637 428 1650; x_wconf 68' lang='grc' dir='ltr'>«ι</span> <span class='ocrx_word' id='word_1_519' title='bbox 448 1626 528 1653; x_wconf 89' lang='lat' dir='ltr'><strong>Jesus</strong></span> <span class='ocrx_word' id='word_1_520' title='bbox 541 1633 605 1661; x_wconf 82' lang='lat' dir='ltr'><strong>ergo</strong></span> <span class='ocrx_word' id='word_1_521' title='bbox 625 1629 655 1653; x_wconf 91' lang='lat' dir='ltr'><strong>ut</strong></span> <span class='ocrx_word' id='word_1_522' title='bbox 669 1624 737 1652; x_wconf 84' lang='lat' dir='ltr'><strong>vidit</strong></span> <span class='ocrx_word' id='word_1_523' title='bbox 755 1632 816 1652; x_wconf 87' lang='lat' dir='ltr'>eam</span> <span class='ocrx_word' id='word_1_524' title='bbox 830 1625 939 1661; x_wconf 73' lang='lat' dir='ltr'><strong>ploran~</strong></span> <span class='ocrx_word' id='word_1_525' title='bbox 959 1623 982 1656; x_wconf 91' lang='lat' dir='ltr'>C</span> 
     </span>
    </p>
   </div>
   <div class='ocr_carea' id='block_1_66' title="bbox 141 1670 944 1707">
    <p class='ocr_par' dir='ltr' id='par_1_66' title="bbox 141 1670 944 1707">
     <span class='ocr_line' id='line_1_66' title="bbox 141 1670 944 1707; baseline -0.001 -8"><span class='ocrx_word' id='word_1_526' title='bbox 141 1675 210 1706; x_wconf 88' lang='lat' dir='ltr'><strong>tem,</strong></span> <span class='ocrx_word' id='word_1_527' title='bbox 225 1676 251 1700; x_wconf 86' lang='lat' dir='ltr'>et</span> <span class='ocrx_word' id='word_1_528' title='bbox 264 1671 374 1699; x_wconf 70' lang='lat' dir='ltr'><strong>Judmos</strong></span> <span class='ocrx_word' id='word_1_529' title='bbox 387 1670 435 1707; x_wconf 86' lang='lat' dir='ltr'>qui</span> <span class='ocrx_word' id='word_1_530' title='bbox 454 1674 587 1698; x_wconf 88' lang='lat' dir='ltr'><strong>venerant</strong></span> <span class='ocrx_word' id='word_1_531' title='bbox 608 1677 671 1697; x_wconf 90' lang='lat' dir='ltr'>cum</span> <span class='ocrx_word' id='word_1_532' title='bbox 686 1677 717 1697; x_wconf 88' lang='lat' dir='ltr'>ea</span> <span class='ocrx_word' id='word_1_533' title='bbox 732 1670 882 1705; x_wconf 83' lang='lat' dir='ltr'><strong>plorantes,</strong></span> <span class='ocrx_word' id='word_1_534' title='bbox 903 1670 944 1698; x_wconf 89' lang='lat' dir='ltr'><strong>in-</strong></span> 
     </span>
    </p>
   </div>
   <div class='ocr_carea' id='block_1_67' title="bbox 140 1714 943 1752">
    <p class='ocr_par' dir='ltr' id='par_1_67' title="bbox 140 1714 943 1752">
     <span class='ocr_line' id='line_1_67' title="bbox 140 1714 943 1752; baseline -0.001 -7"><span class='ocrx_word' id='word_1_535' title='bbox 140 1715 254 1745; x_wconf 84' lang='lat' dir='ltr'><strong>fremuit</strong></span> <span class='ocrx_word' id='word_1_536' title='bbox 277 1716 385 1752; x_wconf 90' lang='lat' dir='ltr'><strong>spiritu,</strong></span> <span class='ocrx_word' id='word_1_537' title='bbox 409 1719 437 1742; x_wconf 78' lang='lat' dir='ltr'>et</span> <span class='ocrx_word' id='word_1_538' title='bbox 458 1714 580 1742; x_wconf 87' lang='lat' dir='ltr'><strong>turbavit</strong></span> <span class='ocrx_word' id='word_1_539' title='bbox 592 1715 722 1750; x_wconf 88' lang='lat' dir='ltr'><strong>seipsum,</strong></span> <span class='ocrx_word' id='word_1_540' title='bbox 741 1719 769 1742; x_wconf 93' lang='lat' dir='ltr'>et</span> <span class='ocrx_word' id='word_1_541' title='bbox 781 1714 852 1743; x_wconf 75' lang='lat' dir='ltr'><strong>dixit</strong></span> <span class='ocrx_word' id='word_1_542' title='bbox 868 1715 943 1744; x_wconf 90' lang='lat' dir='ltr'><strong>:Ubi</strong></span> 
     </span>
    </p>
   </div>
   <div class='ocr_carea' id='block_1_68' title="bbox 141 1759 942 1798">
    <p class='ocr_par' dir='ltr' id='par_1_68' title="bbox 141 1759 942 1798">
     <span class='ocr_line' id='line_1_68' title="bbox 141 1759 942 1798; baseline -0.002 -8"><span class='ocrx_word' id='word_1_543' title='bbox 141 1761 271 1798; x_wconf 88' lang='lat' dir='ltr'><strong>posuistis</strong></span> <span class='ocrx_word' id='word_1_544' title='bbox 294 1762 376 1788; x_wconf 82' lang='lat' dir='ltr'><strong>eum?</strong></span> <span class='ocrx_word' id='word_1_545' title='bbox 400 1759 503 1787; x_wconf 88' lang='lat' dir='ltr'><strong>Dicunt</strong></span> <span class='ocrx_word' id='word_1_546' title='bbox 521 1759 545 1788; x_wconf 90' lang='lat' dir='ltr'>ei</span> <span class='ocrx_word' id='word_1_547' title='bbox 569 1770 575 1787; x_wconf 93' lang='lat'>:</span> <span class='ocrx_word' id='word_1_548' title='bbox 597 1760 730 1794; x_wconf 88' lang='lat' dir='ltr'><strong>Domine,</strong></span> <span class='ocrx_word' id='word_1_549' title='bbox 752 1760 814 1787; x_wconf 88' lang='lat' dir='ltr'><strong>veni</strong></span> <span class='ocrx_word' id='word_1_550' title='bbox 828 1764 856 1788; x_wconf 92' lang='lat' dir='ltr'>et</span> <span class='ocrx_word' id='word_1_551' title='bbox 871 1761 942 1789; x_wconf 84' lang='lat' dir='ltr'><strong>vide.</strong></span> 
     </span>
    </p>
   </div>
   <div class='ocr_carea' id='block_1_69' title="bbox 141 1804 943 1842">
    <p class='ocr_par' dir='ltr' id='par_1_69' title="bbox 141 1804 943 1842">
     <span class='ocr_line' id='line_1_69' title="bbox 141 1804 943 1842; baseline -0.001 -8"><span class='ocrx_word' id='word_1_552' title='bbox 141 1807 321 1842; x_wconf 86' lang='lat' dir='ltr'><strong>Lacrymatus</strong></span> <span class='ocrx_word' id='word_1_553' title='bbox 340 1808 384 1832; x_wconf 89' lang='lat' dir='ltr'>est</span> <span class='ocrx_word' id='word_1_554' title='bbox 396 1805 484 1832; x_wconf 87' lang='lat' dir='ltr'><strong>Jesus.</strong></span> <span class='ocrx_word' id='word_1_555' title='bbox 505 1804 640 1832; x_wconf 89' lang='lat' dir='ltr'><strong>Dixerunt</strong></span> <span class='ocrx_word' id='word_1_556' title='bbox 661 1812 725 1841; x_wconf 85' lang='lat' dir='ltr'><strong>ergo</strong></span> <span class='ocrx_word' id='word_1_557' title='bbox 739 1804 826 1833; x_wconf 80' lang='lat' dir='ltr'><strong>Judaei</strong></span> <span class='ocrx_word' id='word_1_558' title='bbox 849 1815 855 1833; x_wconf 91' lang='lat'><strong>:</strong></span> <span class='ocrx_word' id='word_1_559' title='bbox 873 1807 943 1833; x_wconf 85' lang='lat' dir='ltr'><strong>Ecce</strong></span> 
     </span>
    </p>
   </div>
   <div class='ocr_carea' id='block_1_70' title="bbox 140 1849 941 1887">
    <p class='ocr_par' dir='ltr' id='par_1_70' title="bbox 140 1849 941 1887">
     <span class='ocr_line' id='line_1_70' title="bbox 140 1849 941 1887; baseline 0 -9"><span class='ocrx_word' id='word_1_560' title='bbox 140 1850 281 1887; x_wconf 91' lang='lat' dir='ltr'><strong>quomodo</strong></span> <span class='ocrx_word' id='word_1_561' title='bbox 309 1850 393 1886; x_wconf 74' lang='lat'>662</span> <span class='ocrx_word' id='word_1_562' title='bbox 413 1850 523 1878; x_wconf 91' lang='lat' dir='ltr'><strong>amabat</strong></span> <span class='ocrx_word' id='word_1_563' title='bbox 544 1858 617 1878; x_wconf 91' lang='lat' dir='ltr'><strong>eum.</strong></span> <span class='ocrx_word' id='word_1_564' title='bbox 645 1849 762 1885; x_wconf 87' lang='lat' dir='ltr'><strong>Quidam</strong></span> <span class='ocrx_word' id='word_1_565' title='bbox 792 1854 883 1878; x_wconf 88' lang='lat' dir='ltr'><strong>autem</strong></span> <span class='ocrx_word' id='word_1_566' title='bbox 909 1859 941 1878; x_wconf 82' lang='lat' dir='ltr'><strong>ex</strong></span> 
     </span>
    </p>
   </div>
   <div class='ocr_carea' id='block_1_71' title="bbox 140 1894 942 1932">
    <p class='ocr_par' dir='ltr' id='par_1_71' title="bbox 140 1894 942 1932">
     <span class='ocr_line' id='line_1_71' title="bbox 140 1894 942 1932; baseline 0.001 -9"><span class='ocrx_word' id='word_1_567' title='bbox 140 1895 208 1932; x_wconf 91' lang='lat' dir='ltr'><strong>ipsis</strong></span> <span class='ocrx_word' id='word_1_568' title='bbox 222 1895 350 1923; x_wconf 85' lang='lat' dir='ltr'><strong>dixerunt</strong></span> <span class='ocrx_word' id='word_1_569' title='bbox 367 1905 374 1923; x_wconf 70' lang='grc' dir='ltr'>ε</span> <span class='ocrx_word' id='word_1_570' title='bbox 391 1896 454 1923; x_wconf 87' lang='lat' dir='ltr'><strong>Non</strong></span> <span class='ocrx_word' id='word_1_571' title='bbox 476 1899 585 1931; x_wconf 88' lang='lat' dir='ltr'><strong>poterat</strong></span> <span class='ocrx_word' id='word_1_572' title='bbox 599 1895 644 1923; x_wconf 91' lang='lat' dir='ltr'>hic</span> <span class='ocrx_word' id='word_1_573' title='bbox 658 1894 703 1931; x_wconf 89' lang='lat' dir='ltr'><strong>qui</strong></span> <span class='ocrx_word' id='word_1_574' title='bbox 719 1895 826 1931; x_wconf 86' lang='lat' dir='ltr'><strong>aperuit</strong></span> <span class='ocrx_word' id='word_1_575' title='bbox 845 1895 942 1924; x_wconf 91' lang='lat' dir='ltr'><strong>oculos</strong></span> 
     </span>
    </p>
   </div>
   <div class='ocr_carea' id='block_1_72' title="bbox 140 1939 943 1976">
    <p class='ocr_par' dir='ltr' id='par_1_72' title="bbox 140 1939 943 1976">
     <span class='ocr_line' id='line_1_72' title="bbox 140 1939 943 1976; baseline 0 -8"><span class='ocrx_word' id='word_1_576' title='bbox 140 1941 217 1974; x_wconf 58' lang='grc' dir='ltr'>(τεεί,</span> <span class='ocrx_word' id='word_1_577' title='bbox 234 1939 325 1968; x_wconf 87' lang='lat' dir='ltr'><strong>facere</strong></span> <span class='ocrx_word' id='word_1_578' title='bbox 344 1944 376 1967; x_wconf 93' lang='lat' dir='ltr'>ut</span> <span class='ocrx_word' id='word_1_579' title='bbox 396 1940 439 1968; x_wconf 85' lang='lat' dir='ltr'>hic</span> <span class='ocrx_word' id='word_1_580' title='bbox 451 1949 506 1968; x_wconf 94' lang='lat' dir='ltr'>non</span> <span class='ocrx_word' id='word_1_581' title='bbox 525 1942 699 1968; x_wconf 79' lang='lat' dir='ltr'><strong>moreretur?</strong></span> <span class='ocrx_word' id='word_1_582' title='bbox 723 1952 736 1964; x_wconf 83' lang='lat'>«</span> <span class='ocrx_word' id='word_1_583' title='bbox 750 1940 794 1968; x_wconf 87' lang='lat' dir='ltr'><strong>Ad</strong></span> <span class='ocrx_word' id='word_1_584' title='bbox 809 1941 943 1976; x_wconf 88' lang='lat' dir='ltr'><strong>lacrymas</strong></span> 
     </span>
    </p>
   </div>
   <div class='ocr_carea' id='block_1_73' title="bbox 140 1985 943 2022">
    <p class='ocr_par' dir='ltr' id='par_1_73' title="bbox 140 1985 943 2022">
     <span class='ocr_line' id='line_1_73' title="bbox 140 1985 943 2022; baseline 0 -10"><span class='ocrx_word' id='word_1_585' title='bbox 140 1985 253 2022; x_wconf 90' lang='lat' dir='ltr'><strong>quidem</strong></span> <span class='ocrx_word' id='word_1_586' title='bbox 268 1989 367 2013; x_wconf 89' lang='lat' dir='ltr'><strong>natura</strong></span> <span class='ocrx_word' id='word_1_587' title='bbox 382 1989 459 2012; x_wconf 88' lang='lat' dir='ltr'><strong>mota</strong></span> <span class='ocrx_word' id='word_1_588' title='bbox 475 1989 525 2018; x_wconf 85' lang='lat' dir='ltr'><strong>est,</strong></span> <span class='ocrx_word' id='word_1_589' title='bbox 537 1989 564 2012; x_wconf 91' lang='lat' dir='ltr'>et</span> <span class='ocrx_word' id='word_1_590' title='bbox 578 1985 739 2012; x_wconf 87' lang='lat' dir='ltr'><strong>turbabatur</strong></span> <span class='ocrx_word' id='word_1_591' title='bbox 756 1989 866 2019; x_wconf 85' lang='lat' dir='ltr'><strong>propter</strong></span> <span class='ocrx_word' id='word_1_592' title='bbox 881 1986 943 2012; x_wconf 87' lang='lat' dir='ltr'>Ma-</span> 
     </span>
    </p>
   </div>
   <div class='ocr_carea' id='block_1_74' title="bbox 139 2029 943 2064">
    <p class='ocr_par' dir='ltr' id='par_1_74' title="bbox 139 2029 943 2064">
     <span class='ocr_line' id='line_1_74' title="bbox 139 2029 943 2064; baseline -0.001 -6"><span class='ocrx_word' id='word_1_593' title='bbox 139 2030 210 2058; x_wconf 87' lang='lat' dir='ltr'><strong>riam</strong></span> <span class='ocrx_word' id='word_1_594' title='bbox 220 2030 334 2057; x_wconf 86' lang='lat' dir='ltr'><strong>ﬂentem</strong></span> <span class='ocrx_word' id='word_1_595' title='bbox 348 2033 376 2057; x_wconf 90' lang='lat' dir='ltr'>et</span> <span class='ocrx_word' id='word_1_596' title='bbox 393 2029 480 2064; x_wconf 90' lang='lat' dir='ltr'><strong>ipsam</strong></span> <span class='ocrx_word' id='word_1_597' title='bbox 500 2033 528 2056; x_wconf 91' lang='lat' dir='ltr'>et</span> <span class='ocrx_word' id='word_1_598' title='bbox 540 2037 588 2057; x_wconf 89' lang='lat' dir='ltr'>eos</span> <span class='ocrx_word' id='word_1_599' title='bbox 603 2029 650 2064; x_wconf 90' lang='lat' dir='ltr'>qui</span> <span class='ocrx_word' id='word_1_600' title='bbox 664 2029 789 2056; x_wconf 88' lang='lat' dir='ltr'><strong>aderant.</strong></span> <span class='ocrx_word' id='word_1_601' title='bbox 808 2029 943 2057; x_wconf 87' lang='lat' dir='ltr'><strong>Dominus</strong></span> 
     </span>
    </p>
   </div>
   <div class='ocr_carea' id='block_1_75' title="bbox 140 2073 944 2109">
    <p class='ocr_par' dir='ltr' id='par_1_75' title="bbox 140 2073 944 2109">
     <span class='ocr_line' id='line_1_75' title="bbox 140 2073 944 2109; baseline 0 -7"><span class='ocrx_word' id='word_1_602' title='bbox 140 2074 264 2102; x_wconf 86' lang='lat' dir='ltr'><strong>infremit</strong></span> <span class='ocrx_word' id='word_1_603' title='bbox 283 2075 312 2102; x_wconf 91' lang='lat' dir='ltr'>in</span> <span class='ocrx_word' id='word_1_604' title='bbox 336 2074 515 2102; x_wconf 78' lang='lat' dir='ltr'><strong>affectionem</strong></span> <span class='ocrx_word' id='word_1_605' title='bbox 541 2073 650 2109; x_wconf 79' lang='lat' dir='ltr'><strong>spiritu,</strong></span> <span class='ocrx_word' id='word_1_606' title='bbox 675 2073 728 2101; x_wconf 90' lang='lat' dir='ltr'>hoc</span> <span class='ocrx_word' id='word_1_607' title='bbox 753 2077 804 2107; x_wconf 84' lang='lat' dir='ltr'><strong>est,</strong></span> <span class='ocrx_word' id='word_1_608' title='bbox 821 2073 944 2109; x_wconf 88' lang='lat' dir='ltr'><strong>increpat</strong></span> 
     </span>
    </p>
   </div>
   <div class='ocr_carea' id='block_1_76' title="bbox 141 2117 944 2156">
    <p class='ocr_par' dir='ltr' id='par_1_76' title="bbox 141 2117 944 2156">
     <span class='ocr_line' id='line_1_76' title="bbox 141 2117 944 2156; baseline 0 -9"><span class='ocrx_word' id='word_1_609' title='bbox 141 2127 189 2156; x_wconf 91' lang='lat' dir='ltr'>per</span> <span class='ocrx_word' id='word_1_610' title='bbox 203 2120 334 2155; x_wconf 85' lang='lat' dir='ltr'><strong>spiritum</strong></span> <span class='ocrx_word' id='word_1_611' title='bbox 356 2118 561 2153; x_wconf 86' lang='lat' dir='ltr'><strong>confusionem,</strong></span> <span class='ocrx_word' id='word_1_612' title='bbox 581 2122 609 2146; x_wconf 88' lang='lat' dir='ltr'>et</span> <span class='ocrx_word' id='word_1_613' title='bbox 631 2117 742 2146; x_wconf 88' lang='lat' dir='ltr'><strong>cohibet</strong></span> <span class='ocrx_word' id='word_1_614' title='bbox 756 2118 842 2152; x_wconf 87' lang='lat' dir='ltr'><strong>illam,</strong></span> <span class='ocrx_word' id='word_1_615' title='bbox 863 2122 891 2146; x_wconf 90' lang='lat' dir='ltr'>et</span> <span class='ocrx_word' id='word_1_616' title='bbox 905 2119 944 2147; x_wconf 89' lang='lat' dir='ltr'>sic</span> 
     </span>
    </p>
   </div>
   <div class='ocr_carea' id='block_1_77' title="bbox 140 2163 942 2200">
    <p class='ocr_par' dir='ltr' id='par_1_77' title="bbox 140 2163 942 2200">
     <span class='ocr_line' id='line_1_77' title="bbox 140 2163 942 2200; baseline 0 -8"><span class='ocrx_word' id='word_1_617' title='bbox 140 2168 232 2200; x_wconf 79' lang='lat' dir='ltr'><strong>rogat,</strong></span> <span class='ocrx_word' id='word_1_618' title='bbox 247 2168 278 2192; x_wconf 90' lang='lat' dir='ltr'>ut</span> <span class='ocrx_word' id='word_1_619' title='bbox 297 2172 353 2192; x_wconf 88' lang='lat' dir='ltr'>non</span> <span class='ocrx_word' id='word_1_620' title='bbox 368 2172 434 2192; x_wconf 90' lang='lat' dir='ltr'>cum</span> <span class='ocrx_word' id='word_1_621' title='bbox 453 2163 559 2191; x_wconf 87' lang='lat' dir='ltr'><strong>ululatu</strong></span> <span class='ocrx_word' id='word_1_622' title='bbox 581 2167 653 2191; x_wconf 89' lang='lat' dir='ltr'><strong>esset</strong></span> <span class='ocrx_word' id='word_1_623' title='bbox 666 2163 853 2199; x_wconf 81' lang='lat' dir='ltr'><strong>interrogatio.</strong></span> <span class='ocrx_word' id='word_1_624' title='bbox 870 2164 942 2200; x_wconf 89' lang='lat' dir='ltr'><strong>Quia</strong></span> 
     </span>
    </p>
   </div>
   <div class='ocr_carea' id='block_1_78' title="bbox 140 2207 942 2244">
    <p class='ocr_par' dir='ltr' id='par_1_78' title="bbox 140 2207 942 2244">
     <span class='ocr_line' id='line_1_78' title="bbox 140 2207 942 2244; baseline 0 -7"><span class='ocrx_word' id='word_1_625' title='bbox 140 2209 214 2238; x_wconf 88' lang='lat' dir='ltr'><strong>enim</strong></span> <span class='ocrx_word' id='word_1_626' title='bbox 230 2209 408 2237; x_wconf 89' lang='lat' dir='ltr'><strong>contristatus</strong></span> <span class='ocrx_word' id='word_1_627' title='bbox 420 2207 472 2236; x_wconf 88' lang='lat' dir='ltr'><strong>fuit</strong></span> <span class='ocrx_word' id='word_1_628' title='bbox 486 2208 580 2244; x_wconf 90' lang='lat' dir='ltr'><strong>[homo</strong></span> <span class='ocrx_word' id='word_1_629' title='bbox 594 2209 667 2236; x_wconf 90' lang='lat' dir='ltr'><strong>enim</strong></span> <span class='ocrx_word' id='word_1_630' title='bbox 680 2212 739 2236; x_wconf 84' lang='lat' dir='ltr'><strong>erat</strong></span> <span class='ocrx_word' id='word_1_631' title='bbox 752 2209 826 2244; x_wconf 87' lang='lat' dir='ltr'><strong>vere]</strong></span> <span class='ocrx_word' id='word_1_632' title='bbox 840 2213 871 2237; x_wconf 94' lang='lat' dir='ltr'>ut</span> <span class='ocrx_word' id='word_1_633' title='bbox 885 2217 942 2237; x_wconf 87' lang='lat' dir='ltr'><strong>cre-</strong></span> 
     </span>
    </p>
   </div>
   <div class='ocr_carea' id='block_1_79' title="bbox 143 2254 940 2290">
    <p class='ocr_par' dir='ltr' id='par_1_79' title="bbox 143 2254 940 2290">
     <span class='ocr_line' id='line_1_79' title="bbox 143 2254 940 2290; baseline -0.001 -8"><span class='ocrx_word' id='word_1_634' title='bbox 143 2254 234 2283; x_wconf 89' lang='lat' dir='ltr'><strong>dibilis</strong></span> <span class='ocrx_word' id='word_1_635' title='bbox 247 2259 318 2282; x_wconf 88' lang='lat' dir='ltr'><strong>esset</strong></span> <span class='ocrx_word' id='word_1_636' title='bbox 340 2254 461 2282; x_wconf 89' lang='lat' dir='ltr'><strong>humana</strong></span> <span class='ocrx_word' id='word_1_637' title='bbox 476 2257 584 2288; x_wconf 88' lang='lat' dir='ltr'><strong>natura,</strong></span> <span class='ocrx_word' id='word_1_638' title='bbox 608 2254 731 2290; x_wconf 89' lang='lat' dir='ltr'><strong>permisit</strong></span> <span class='ocrx_word' id='word_1_639' title='bbox 746 2254 785 2281; x_wconf 92' lang='lat' dir='ltr'><strong>illi</strong></span> <span class='ocrx_word' id='word_1_640' title='bbox 799 2254 940 2290; x_wconf 89' lang='lat' dir='ltr'><strong>proprium</strong></span> 
     </span>
    </p>
   </div>
   <div class='ocr_carea' id='block_1_80' title="bbox 1039 1613 1800 1656">
    <p class='ocr_par' dir='ltr' id='par_1_80' title="bbox 1039 1613 1800 1656">
     <span class='ocr_line' id='line_1_80' title="bbox 1039 1613 1800 1656; baseline 0 -8"><span class='ocrx_word' id='word_1_641' title='bbox 1039 1634 1053 1648; x_wconf 80' lang='grc' dir='ltr'>ιι</span> <span class='ocrx_word' id='word_1_642' title='bbox 1077 1619 1179 1656; x_wconf 86' lang='grc' dir='ltr'>Ἰησοῦς</span> <span class='ocrx_word' id='word_1_643' title='bbox 1199 1614 1244 1649; x_wconf 66' lang='grc' dir='ltr'>οῦν</span> <span class='ocrx_word' id='word_1_644' title='bbox 1261 1620 1296 1654; x_wconf 79' lang='grc' dir='ltr'>ὣς</span> <span class='ocrx_word' id='word_1_645' title='bbox 1311 1613 1378 1649; x_wconf 74' lang='grc' dir='ltr'>εἶδεν</span> <span class='ocrx_word' id='word_1_646' title='bbox 1401 1618 1484 1655; x_wconf 78' lang='grc' dir='ltr'>αὖτὴν</span> <span class='ocrx_word' id='word_1_647' title='bbox 1500 1619 1659 1656; x_wconf 82' lang='grc' dir='ltr'>κλαίουσαν,</span> <span class='ocrx_word' id='word_1_648' title='bbox 1676 1618 1800 1654; x_wconf 74' lang='grc' dir='ltr'>καὶτοὺς</span> 
     </span>
    </p>
   </div>
   <div class='ocr_carea' id='block_1_81' title="bbox 998 1664 1800 1704">
    <p class='ocr_par' dir='ltr' id='par_1_81' title="bbox 998 1664 1800 1704">
     <span class='ocr_line' id='line_1_81' title="bbox 998 1664 1800 1704; baseline -0.004 -8"><span class='ocrx_word' id='word_1_649' title='bbox 998 1665 1171 1698; x_wconf 83' lang='grc' dir='ltr'>συνελθόντας</span> <span class='ocrx_word' id='word_1_650' title='bbox 1203 1665 1272 1704; x_wconf 77' lang='grc' dir='ltr'>αὐτῇ</span> <span class='ocrx_word' id='word_1_651' title='bbox 1299 1664 1442 1698; x_wconf 84' lang='grc' dir='ltr'>Ἰουδαίους</span> <span class='ocrx_word' id='word_1_652' title='bbox 1476 1664 1630 1701; x_wconf 82' lang='grc' dir='ltr'>κλαίοντας,</span> <span class='ocrx_word' id='word_1_653' title='bbox 1655 1664 1800 1704; x_wconf 78' lang='grc' dir='ltr'>ἐνεϐριμή-</span> 
     </span>
    </p>
   </div>
   <div class='ocr_carea' id='block_1_82' title="bbox 998 1705 1798 1750">
    <p class='ocr_par' dir='ltr' id='par_1_82' title="bbox 998 1705 1798 1750">
     <span class='ocr_line' id='line_1_82' title="bbox 998 1705 1798 1750; baseline -0.003 -9"><span class='ocrx_word' id='word_1_654' title='bbox 998 1723 1063 1741; x_wconf 89' lang='grc' dir='ltr'>σατο</span> <span class='ocrx_word' id='word_1_655' title='bbox 1082 1711 1120 1750; x_wconf 83' lang='grc' dir='ltr'>τῷ</span> <span class='ocrx_word' id='word_1_656' title='bbox 1141 1709 1290 1748; x_wconf 82' lang='grc' dir='ltr'>πνεύματι,</span> <span class='ocrx_word' id='word_1_657' title='bbox 1315 1708 1361 1739; x_wconf 83' lang='grc' dir='ltr'>καὶ</span> <span class='ocrx_word' id='word_1_658' title='bbox 1383 1708 1506 1748; x_wconf 79' lang='grc' dir='ltr'>ἐτάραξεν</span> <span class='ocrx_word' id='word_1_659' title='bbox 1529 1709 1637 1745; x_wconf 79' lang='grc' dir='ltr'>ἑαυτὸν,</span> <span class='ocrx_word' id='word_1_660' title='bbox 1655 1709 1703 1738; x_wconf 73' lang='grc' dir='ltr'>καὶ</span> <span class='ocrx_word' id='word_1_661' title='bbox 1730 1705 1798 1739; x_wconf 68' lang='grc' dir='ltr'>εἷπε·</span> 
     </span>
    </p>
   </div>
   <div class='ocr_carea' id='block_1_83' title="bbox 997 1753 1798 1800">
    <p class='ocr_par' dir='ltr' id='par_1_83' title="bbox 997 1753 1798 1800">
     <span class='ocr_line' id='line_1_83' title="bbox 997 1753 1798 1800; baseline -0.002 -14"><span class='ocrx_word' id='word_1_662' title='bbox 997 1758 1056 1787; x_wconf 87' lang='grc' dir='ltr'>Ποῦ</span> <span class='ocrx_word' id='word_1_663' title='bbox 1072 1755 1204 1785; x_wconf 83' lang='grc' dir='ltr'>τεθείκατε</span> <span class='ocrx_word' id='word_1_664' title='bbox 1219 1755 1315 1792; x_wconf 79' lang='grc' dir='ltr'>αὖτὸν;</span> <span class='ocrx_word' id='word_1_665' title='bbox 1340 1754 1468 1793; x_wconf 84' lang='grc' dir='ltr'>Λέγουσιν</span> <span class='ocrx_word' id='word_1_666' title='bbox 1484 1755 1571 1793; x_wconf 77' lang='grc' dir='ltr'>αὐτῷ·</span> <span class='ocrx_word' id='word_1_667' title='bbox 1596 1753 1693 1800; x_wconf 68' lang='grc' dir='ltr'>Κύριε,</span> <span class='ocrx_word' id='word_1_668' title='bbox 1717 1754 1798 1793; x_wconf 83' lang='grc' dir='ltr'>ἔρχου</span> 
     </span>
    </p>
   </div>
   <div class='ocr_carea' id='block_1_84' title="bbox 998 1799 1800 1840">
    <p class='ocr_par' dir='ltr' id='par_1_84' title="bbox 998 1799 1800 1840">
     <span class='ocr_line' id='line_1_84' title="bbox 998 1799 1800 1840; baseline -0.004 -9"><span class='ocrx_word' id='word_1_669' title='bbox 998 1801 1044 1832; x_wconf 81' lang='grc' dir='ltr'>καὶ</span> <span class='ocrx_word' id='word_1_670' title='bbox 1060 1801 1110 1830; x_wconf 82' lang='grc' dir='ltr'>ἴδε.</span> <span class='ocrx_word' id='word_1_671' title='bbox 1126 1799 1291 1840; x_wconf 81' lang='grc' dir='ltr'>Ἐδάκρυσεν</span> <span class='ocrx_word' id='word_1_672' title='bbox 1318 1801 1331 1829; x_wconf 88' lang='lat'>6</span> <span class='ocrx_word' id='word_1_673' title='bbox 1347 1799 1462 1835; x_wconf 83' lang='grc' dir='ltr'>Ἰησοῦς.</span> <span class='ocrx_word' id='word_1_674' title='bbox 1485 1799 1596 1837; x_wconf 83' lang='grc' dir='ltr'>Ἔλεγον</span> <span class='ocrx_word' id='word_1_675' title='bbox 1612 1799 1657 1828; x_wconf 81' lang='grc' dir='ltr'>οὖν</span> <span class='ocrx_word' id='word_1_676' title='bbox 1680 1799 1704 1827; x_wconf 80' lang='grc' dir='ltr'>οἱ</span> <span class='ocrx_word' id='word_1_677' title='bbox 1727 1799 1800 1829; x_wconf 82' lang='grc' dir='ltr'>Ἰου-</span> 
     </span>
    </p>
   </div>
   <div class='ocr_carea' id='block_1_85' title="bbox 997 1843 1799 1886">
    <p class='ocr_par' dir='ltr' id='par_1_85' title="bbox 997 1843 1799 1886">
     <span class='ocr_line' id='line_1_85' title="bbox 997 1843 1799 1886; baseline -0.004 -10"><span class='ocrx_word' id='word_1_678' title='bbox 997 1847 1077 1876; x_wconf 89' lang='grc' dir='ltr'>δαῖοι·</span> <span class='ocrx_word' id='word_1_679' title='bbox 1100 1845 1154 1876; x_wconf 75' lang='grc' dir='ltr'>Ἴδε</span> <span class='ocrx_word' id='word_1_680' title='bbox 1181 1847 1238 1880; x_wconf 76' lang='grc' dir='ltr'>πῶς</span> <span class='ocrx_word' id='word_1_681' title='bbox 1266 1845 1349 1886; x_wconf 71' lang='grc' dir='ltr'>ἐφίλει</span> <span class='ocrx_word' id='word_1_682' title='bbox 1376 1844 1464 1874; x_wconf 73' lang='grc' dir='ltr'>αὐτόν.</span> <span class='ocrx_word' id='word_1_683' title='bbox 1494 1844 1572 1878; x_wconf 81' lang='grc' dir='ltr'>Τινὲς</span> <span class='ocrx_word' id='word_1_684' title='bbox 1602 1844 1629 1873; x_wconf 82' lang='grc' dir='ltr'>δὲ</span> <span class='ocrx_word' id='word_1_685' title='bbox 1654 1843 1692 1881; x_wconf 56' lang='lat' dir='ltr'>EE;</span> <span class='ocrx_word' id='word_1_686' title='bbox 1709 1845 1799 1873; x_wconf 74' lang='grc' dir='ltr'>αὐτῶν</span> 
     </span>
    </p>
   </div>
   <div class='ocr_carea' id='block_1_86' title="bbox 997 1886 1800 1929">
    <p class='ocr_par' dir='ltr' id='par_1_86' title="bbox 997 1886 1800 1929">
     <span class='ocr_line' id='line_1_86' title="bbox 997 1886 1800 1929; baseline -0.005 -8"><span class='ocrx_word' id='word_1_687' title='bbox 997 1887 1082 1922; x_wconf 68' lang='grc' dir='ltr'>εἶπον·</span> <span class='ocrx_word' id='word_1_688' title='bbox 1112 1893 1171 1921; x_wconf 83' lang='grc' dir='ltr'>Οὐκ</span> <span class='ocrx_word' id='word_1_689' title='bbox 1189 1890 1306 1926; x_wconf 82' lang='grc' dir='ltr'>ἠδύνατο</span> <span class='ocrx_word' id='word_1_690' title='bbox 1328 1886 1420 1926; x_wconf 72' lang='grc' dir='ltr'>οὗτος,</span> <span class='ocrx_word' id='word_1_691' title='bbox 1446 1891 1460 1919; x_wconf 84' lang='grc' dir='ltr'><strong>ὃ</strong></span> <span class='ocrx_word' id='word_1_692' title='bbox 1475 1889 1592 1929; x_wconf 72' lang='grc' dir='ltr'>[ἀνοίξας</span> <span class='ocrx_word' id='word_1_693' title='bbox 1615 1888 1674 1922; x_wconf 76' lang='grc' dir='ltr'>τοὺς</span> <span class='ocrx_word' id='word_1_694' title='bbox 1697 1890 1800 1929; x_wconf 80' lang='grc' dir='ltr'>ὀφθαλ-</span> 
     </span>
    </p>
   </div>
   <div class='ocr_carea' id='block_1_87' title="bbox 998 1928 1800 1976">
    <p class='ocr_par' dir='ltr' id='par_1_87' title="bbox 998 1928 1800 1976">
     <span class='ocr_line' id='line_1_87' title="bbox 998 1928 1800 1976; baseline -0.002 -10"><span class='ocrx_word' id='word_1_695' title='bbox 998 1936 1061 1976; x_wconf 79' lang='grc' dir='ltr'>μοὺς</span> <span class='ocrx_word' id='word_1_696' title='bbox 1081 1939 1126 1966; x_wconf 88' lang='grc' dir='ltr'>τοῦ</span> <span class='ocrx_word' id='word_1_697' title='bbox 1150 1936 1267 1975; x_wconf 78' lang='grc' dir='ltr'>τυφλοῦ,</span> <span class='ocrx_word' id='word_1_698' title='bbox 1290 1937 1417 1971; x_wconf 78' lang='grc' dir='ltr'>ποιῆσαι,</span> <span class='ocrx_word' id='word_1_699' title='bbox 1434 1933 1478 1962; x_wconf 77' lang='grc' dir='ltr'>ἵνα</span> <span class='ocrx_word' id='word_1_700' title='bbox 1503 1935 1549 1964; x_wconf 80' lang='grc' dir='ltr'>καὶ</span> <span class='ocrx_word' id='word_1_701' title='bbox 1573 1928 1645 1967; x_wconf 62' lang='grc' dir='ltr'>οὗτος</span> <span class='ocrx_word' id='word_1_702' title='bbox 1672 1933 1710 1972; x_wconf 84' lang='grc' dir='ltr'>μὴ</span> <span class='ocrx_word' id='word_1_703' title='bbox 1731 1935 1800 1964; x_wconf 83' lang='grc' dir='ltr'>ἀπο-</span> 
     </span>
    </p>
   </div>
   <div class='ocr_carea' id='block_1_88' title="bbox 997 1978 1800 2021">
    <p class='ocr_par' dir='ltr' id='par_1_88' title="bbox 997 1978 1800 2021">
     <span class='ocr_line' id='line_1_88' title="bbox 997 1978 1800 2021; baseline -0.004 -11"><span class='ocrx_word' id='word_1_704' title='bbox 997 1981 1080 2021; x_wconf 67' lang='grc' dir='ltr'>θάνῃς</span> <span class='ocrx_word' id='word_1_705' title='bbox 1100 1993 1116 2010; x_wconf 66' lang='grc' dir='ltr'><strong><em>γι</em></strong></span> <span class='ocrx_word' id='word_1_706' title='bbox 1133 1981 1179 2013; x_wconf 82' lang='grc' dir='ltr'>Εἷς</span> <span class='ocrx_word' id='word_1_707' title='bbox 1201 1980 1304 2019; x_wconf 79' lang='grc' dir='ltr'>δάκρυα</span> <span class='ocrx_word' id='word_1_708' title='bbox 1327 1979 1375 2018; x_wconf 86' lang='grc' dir='ltr'>μὲν</span> <span class='ocrx_word' id='word_1_709' title='bbox 1391 1982 1407 2015; x_wconf 81' lang='grc' dir='ltr'>ἡ</span> <span class='ocrx_word' id='word_1_710' title='bbox 1424 1979 1500 2020; x_wconf 77' lang='grc' dir='ltr'>φύσις</span> <span class='ocrx_word' id='word_1_711' title='bbox 1521 1980 1632 2008; x_wconf 81' lang='grc' dir='ltr'>ἐκινεῖτο</span> <span class='ocrx_word' id='word_1_712' title='bbox 1643 2002 1651 2018; x_wconf 88' lang='grc'>,</span> <span class='ocrx_word' id='word_1_713' title='bbox 1667 1978 1712 2008; x_wconf 78' lang='grc' dir='ltr'>καὶ</span> <span class='ocrx_word' id='word_1_714' title='bbox 1736 1990 1800 2008; x_wconf 88' lang='grc' dir='ltr'>συν-</span> 
     </span>
    </p>
   </div>
   <div class='ocr_carea' id='block_1_89' title="bbox 997 2023 1800 2066">
    <p class='ocr_par' dir='ltr' id='par_1_89' title="bbox 997 2023 1800 2066">
     <span class='ocr_line' id='line_1_89' title="bbox 997 2023 1800 2066; baseline -0.004 -11"><span class='ocrx_word' id='word_1_715' title='bbox 997 2030 1084 2066; x_wconf 80' lang='grc' dir='ltr'>εχεῖτο</span> <span class='ocrx_word' id='word_1_716' title='bbox 1099 2025 1142 2054; x_wconf 85' lang='grc' dir='ltr'>διὰ</span> <span class='ocrx_word' id='word_1_717' title='bbox 1155 2024 1204 2061; x_wconf 83' lang='grc' dir='ltr'>τὴν</span> <span class='ocrx_word' id='word_1_718' title='bbox 1219 2024 1329 2064; x_wconf 85' lang='grc' dir='ltr'>Μαρίαν</span> <span class='ocrx_word' id='word_1_719' title='bbox 1342 2023 1488 2053; x_wconf 85' lang='grc' dir='ltr'>κλαίουσαν</span> <span class='ocrx_word' id='word_1_720' title='bbox 1503 2024 1550 2053; x_wconf 85' lang='grc' dir='ltr'>καὶ</span> <span class='ocrx_word' id='word_1_721' title='bbox 1567 2023 1661 2061; x_wconf 69' lang='grc' dir='ltr'>αὐτὴν,</span> <span class='ocrx_word' id='word_1_722' title='bbox 1677 2023 1723 2052; x_wconf 82' lang='grc' dir='ltr'>καὶ</span> <span class='ocrx_word' id='word_1_723' title='bbox 1737 2023 1800 2058; x_wconf 78' lang='grc' dir='ltr'>τοὺς</span> 
     </span>
    </p>
   </div>
   <div class='ocr_carea' id='block_1_90' title="bbox 997 2068 1798 2109">
    <p class='ocr_par' dir='ltr' id='par_1_90' title="bbox 997 2068 1798 2109">
     <span class='ocr_line' id='line_1_90' title="bbox 997 2068 1798 2109; baseline -0.002 -9"><span class='ocrx_word' id='word_1_724' title='bbox 997 2070 1178 2103; x_wconf 79' lang='grc' dir='ltr'>συνελθόντας.</span> <span class='ocrx_word' id='word_1_725' title='bbox 1223 2070 1258 2100; x_wconf 65' lang='lat' dir='ltr'>c0</span> <span class='ocrx_word' id='word_1_726' title='bbox 1278 2070 1305 2099; x_wconf 82' lang='grc' dir='ltr'>δὲ</span> <span class='ocrx_word' id='word_1_727' title='bbox 1322 2068 1418 2109; x_wconf 84' lang='grc' dir='ltr'>Κύριος</span> <span class='ocrx_word' id='word_1_728' title='bbox 1431 2069 1648 2109; x_wconf 77' lang='grc' dir='ltr'>ἔμϐριμᾶταιτῷ</span> <span class='ocrx_word' id='word_1_729' title='bbox 1671 2071 1750 2097; x_wconf 75' lang='grc' dir='ltr'>πάθει</span> <span class='ocrx_word' id='word_1_730' title='bbox 1770 2069 1798 2098; x_wconf 80' lang='grc' dir='ltr'>ἐν</span> 
     </span>
    </p>
   </div>
   <div class='ocr_carea' id='block_1_91' title="bbox 996 2113 1798 2156">
    <p class='ocr_par' dir='ltr' id='par_1_91' title="bbox 996 2113 1798 2156">
     <span class='ocr_line' id='line_1_91' title="bbox 996 2113 1798 2156; baseline -0.005 -11"><span class='ocrx_word' id='word_1_731' title='bbox 996 2117 1035 2156; x_wconf 83' lang='grc' dir='ltr'>τῷ</span> <span class='ocrx_word' id='word_1_732' title='bbox 1065 2115 1215 2153; x_wconf 83' lang='grc' dir='ltr'>πνεύματι,</span> <span class='ocrx_word' id='word_1_733' title='bbox 1241 2113 1393 2151; x_wconf 84' lang='grc' dir='ltr'>τουτέστιν,</span> <span class='ocrx_word' id='word_1_734' title='bbox 1417 2116 1528 2154; x_wconf 69' lang='grc' dir='ltr'>ἐπιτιμᾷ</span> <span class='ocrx_word' id='word_1_735' title='bbox 1545 2113 1588 2142; x_wconf 81' lang='grc' dir='ltr'>διὰ</span> <span class='ocrx_word' id='word_1_736' title='bbox 1611 2115 1659 2142; x_wconf 82' lang='grc' dir='ltr'>τοῦ</span> <span class='ocrx_word' id='word_1_737' title='bbox 1677 2113 1798 2151; x_wconf 87' lang='grc' dir='ltr'>πνεύμα-</span> 
     </span>
    </p>
   </div>
   <div class='ocr_carea' id='block_1_92' title="bbox 997 2157 1799 2200">
    <p class='ocr_par' dir='ltr' id='par_1_92' title="bbox 997 2157 1799 2200">
     <span class='ocr_line' id='line_1_92' title="bbox 997 2157 1799 2200; baseline -0.004 -11"><span class='ocrx_word' id='word_1_738' title='bbox 997 2172 1039 2194; x_wconf 89' lang='grc' dir='ltr'>τος</span> <span class='ocrx_word' id='word_1_739' title='bbox 1126 2158 1269 2199; x_wconf 70' lang='grc' dir='ltr'>συγχύσει,</span> <span class='ocrx_word' id='word_1_740' title='bbox 1304 2159 1350 2188; x_wconf 73' lang='grc' dir='ltr'>καὶ</span> <span class='ocrx_word' id='word_1_741' title='bbox 1382 2159 1473 2199; x_wconf 80' lang='grc' dir='ltr'>ἐπέχει</span> <span class='ocrx_word' id='word_1_742' title='bbox 1498 2158 1614 2195; x_wconf 84' lang='grc' dir='ltr'>ταύτην,</span> <span class='ocrx_word' id='word_1_743' title='bbox 1639 2158 1684 2187; x_wconf 82' lang='grc' dir='ltr'>καὶ</span> <span class='ocrx_word' id='word_1_744' title='bbox 1715 2157 1799 2192; x_wconf 84' lang='grc' dir='ltr'>οὕτως</span> 
     </span>
    </p>
   </div>
   <div class='ocr_carea' id='block_1_93' title="bbox 997 2202 1796 2245">
    <p class='ocr_par' dir='ltr' id='par_1_93' title="bbox 997 2202 1796 2245">
     <span class='ocr_line' id='line_1_93' title="bbox 997 2202 1796 2245; baseline -0.004 -11"><span class='ocrx_word' id='word_1_745' title='bbox 997 2206 1100 2245; x_wconf 81' lang='grc' dir='ltr'>ἐρωτᾷ,</span> <span class='ocrx_word' id='word_1_746' title='bbox 1117 2205 1186 2234; x_wconf 84' lang='grc' dir='ltr'>ὥστε</span> <span class='ocrx_word' id='word_1_747' title='bbox 1203 2204 1240 2243; x_wconf 84' lang='grc' dir='ltr'>μὴ</span> <span class='ocrx_word' id='word_1_748' title='bbox 1264 2204 1332 2243; x_wconf 84' lang='grc' dir='ltr'>μετὰ</span> <span class='ocrx_word' id='word_1_749' title='bbox 1354 2205 1505 2245; x_wconf 76' lang='grc' dir='ltr'>ὀλοφυρμοῦ</span> <span class='ocrx_word' id='word_1_750' title='bbox 1530 2203 1652 2242; x_wconf 87' lang='grc' dir='ltr'>γενέσθαι</span> <span class='ocrx_word' id='word_1_751' title='bbox 1666 2202 1714 2245; x_wconf 72' lang='grc' dir='ltr'>τὴν</span> <span class='ocrx_word' id='word_1_752' title='bbox 1732 2204 1796 2243; x_wconf 79' lang='grc' dir='ltr'>ἐρώ-</span> 
     </span>
    </p>
   </div>
   <div class='ocr_carea' id='block_1_94' title="bbox 996 2243 1795 2290">
    <p class='ocr_par' dir='ltr' id='par_1_94' title="bbox 996 2243 1795 2290">
     <span class='ocr_line' id='line_1_94' title="bbox 996 2243 1795 2290; baseline -0.005 -11"><span class='ocrx_word' id='word_1_753' title='bbox 996 2243 1085 2286; x_wconf 43' lang='grc' dir='ltr'>τησιν,</span> <span class='ocrx_word' id='word_1_754' title='bbox 1101 2250 1182 2280; x_wconf 71' lang='grc' dir='ltr'>Ἐπεὶ</span> <span class='ocrx_word' id='word_1_755' title='bbox 1203 2250 1253 2290; x_wconf 84' lang='grc' dir='ltr'>γὰρ</span> <span class='ocrx_word' id='word_1_756' title='bbox 1270 2249 1388 2285; x_wconf 78' lang='grc' dir='ltr'>ἐλυπήθη</span> <span class='ocrx_word' id='word_1_757' title='bbox 1434 2250 1570 2288; x_wconf 81' lang='grc' dir='ltr'>ἅνθρωπος</span> <span class='ocrx_word' id='word_1_758' title='bbox 1589 2247 1641 2288; x_wconf 79' lang='grc' dir='ltr'>γὰρ</span> <span class='ocrx_word' id='word_1_759' title='bbox 1667 2243 1699 2284; x_wconf 69' lang='grc' dir='ltr'>ἦν</span> <span class='ocrx_word' id='word_1_760' title='bbox 1724 2249 1795 2284; x_wconf 82' lang='grc' dir='ltr'>ἀλη-</span> 
     </span>
    </p>
   </div>
   <div class='ocr_carea' id='block_1_95' title="bbox 141 2287 941 2335">
    <p class='ocr_par' dir='ltr' id='par_1_95' title="bbox 141 2298 941 2335">
     <span class='ocr_line' id='line_1_95' title="bbox 141 2298 941 2335; baseline 0 -8"><span class='ocrx_word' id='word_1_761' title='bbox 141 2300 258 2335; x_wconf 88' lang='lat' dir='ltr'><strong>operari,</strong></span> <span class='ocrx_word' id='word_1_762' title='bbox 282 2303 309 2327; x_wconf 87' lang='lat' dir='ltr'>et</span> <span class='ocrx_word' id='word_1_763' title='bbox 322 2306 417 2335; x_wconf 86' lang='lat' dir='ltr'><strong>aspere</strong></span> <span class='ocrx_word' id='word_1_764' title='bbox 434 2302 535 2327; x_wconf 89' lang='lat' dir='ltr'><strong>tractat</strong></span> <span class='ocrx_word' id='word_1_765' title='bbox 547 2307 673 2332; x_wconf 87' lang='lat' dir='ltr'><strong>carnem,</strong></span> <span class='ocrx_word' id='word_1_766' title='bbox 688 2298 866 2335; x_wconf 87' lang='lat' dir='ltr'><strong>increpatque</strong></span> <span class='ocrx_word' id='word_1_767' title='bbox 878 2307 941 2327; x_wconf 89' lang='lat' dir='ltr'><strong>eam</strong></span> 
     </span>
    </p>
   </div>
   <div class='ocr_carea' id='block_1_96' title="bbox 1010 2287 1794 2335">
    <p class='ocr_par' dir='ltr' id='par_1_96' title="bbox 1012 2292 1794 2332">
     <span class='ocr_line' id='line_1_96' title="bbox 1012 2292 1794 2332; baseline -0.004 -8"><span class='ocrx_word' id='word_1_768' title='bbox 1012 2297 1062 2332; x_wconf 75' lang='grc' dir='ltr'>ὥς,</span> <span class='ocrx_word' id='word_1_769' title='bbox 1078 2295 1124 2325; x_wconf 82' lang='grc' dir='ltr'>καὶ</span> <span class='ocrx_word' id='word_1_770' title='bbox 1140 2294 1182 2324; x_wconf 86' lang='grc' dir='ltr'>διὰ</span> <span class='ocrx_word' id='word_1_771' title='bbox 1197 2294 1228 2324; x_wconf 85' lang='grc' dir='ltr'>τὸ</span> <span class='ocrx_word' id='word_1_772' title='bbox 1242 2294 1429 2324; x_wconf 86' lang='grc' dir='ltr'>πιστώσασθαι</span> <span class='ocrx_word' id='word_1_773' title='bbox 1445 2293 1492 2328; x_wconf 83' lang='grc' dir='ltr'>τὴν</span> <span class='ocrx_word' id='word_1_774' title='bbox 1509 2292 1675 2332; x_wconf 78' lang='grc' dir='ltr'>ἀνθρωπίνην</span> <span class='ocrx_word' id='word_1_775' title='bbox 1693 2292 1773 2332; x_wconf 82' lang='grc' dir='ltr'>φύσιν</span> <span class='ocrx_word' id='word_1_776' title='bbox 1786 2315 1794 2329; x_wconf 94' lang='grc'>,</span> 
     </span>
    </p>
   </div>
   <div class='ocr_carea' id='block_1_97' title="bbox 139 2343 938 2383">
    <p class='ocr_par' dir='ltr' id='par_1_97' title="bbox 139 2343 938 2383">
     <span class='ocr_line' id='line_1_97' title="bbox 139 2343 938 2383; baseline 0 -12"><span class='ocrx_word' id='word_1_777' title='bbox 139 2344 256 2380; x_wconf 89' lang='lat' dir='ltr'><strong>Spiritus</strong></span> <span class='ocrx_word' id='word_1_778' title='bbox 276 2344 364 2372; x_wconf 88' lang='lat' dir='ltr'><strong>sancti</strong></span> <span class='ocrx_word' id='word_1_779' title='bbox 387 2344 498 2372; x_wconf 83' lang='lat' dir='ltr'><strong>virtute.</strong></span> <span class='ocrx_word' id='word_1_780' title='bbox 514 2345 611 2383; x_wconf 88' lang='lat' dir='ltr'><strong>Itaque</strong></span> <span class='ocrx_word' id='word_1_781' title='bbox 634 2352 697 2372; x_wconf 89' lang='lat' dir='ltr'><strong>caro</strong></span> <span class='ocrx_word' id='word_1_782' title='bbox 715 2352 772 2372; x_wconf 92' lang='lat' dir='ltr'>non</span> <span class='ocrx_word' id='word_1_783' title='bbox 793 2343 882 2372; x_wconf 84' lang='lat' dir='ltr'><strong>ferens</strong></span> <span class='ocrx_word' id='word_1_784' title='bbox 897 2344 938 2372; x_wconf 93' lang='lat' dir='ltr'>in-</span> 
     </span>
    </p>
   </div>
   <div class='ocr_carea' id='block_1_98' title="bbox 140 2388 940 2425">
    <p class='ocr_par' dir='ltr' id='par_1_98' title="bbox 140 2388 940 2425">
     <span class='ocr_line' id='line_1_98' title="bbox 140 2388 940 2425; baseline 0.001 -9"><span class='ocrx_word' id='word_1_785' title='bbox 140 2389 342 2425; x_wconf 89' lang='lat' dir='ltr'><strong>crepationem,</strong></span> <span class='ocrx_word' id='word_1_786' title='bbox 367 2389 493 2417; x_wconf 86' lang='lat' dir='ltr'><strong>turbatur</strong></span> <span class='ocrx_word' id='word_1_787' title='bbox 516 2393 544 2417; x_wconf 86' lang='lat' dir='ltr'>et</span> <span class='ocrx_word' id='word_1_788' title='bbox 562 2388 665 2424; x_wconf 84' lang='lat' dir='ltr'><strong>fremit,</strong></span> <span class='ocrx_word' id='word_1_789' title='bbox 691 2393 719 2416; x_wconf 89' lang='lat' dir='ltr'>et</span> <span class='ocrx_word' id='word_1_790' title='bbox 737 2397 801 2417; x_wconf 91' lang='lat' dir='ltr'><strong>cum</strong></span> <span class='ocrx_word' id='word_1_791' title='bbox 820 2396 940 2417; x_wconf 67' lang='lat' dir='ltr'><strong>maerore</strong></span> 
     </span>
    </p>
   </div>
   <div class='ocr_carea' id='block_1_99' title="bbox 141 2433 940 2471">
    <p class='ocr_par' dir='ltr' id='par_1_99' title="bbox 141 2433 940 2471">
     <span class='ocr_line' id='line_1_99' title="bbox 141 2433 940 2471; baseline -0.001 -9"><span class='ocrx_word' id='word_1_792' title='bbox 141 2438 254 2471; x_wconf 82' lang='lat' dir='ltr'><strong>pugnat.</strong></span> <span class='ocrx_word' id='word_1_793' title='bbox 268 2435 335 2462; x_wconf 56' lang='lat' dir='ltr'><strong>Haec</strong></span> <span class='ocrx_word' id='word_1_794' title='bbox 349 2438 443 2462; x_wconf 86' lang='lat' dir='ltr'><strong>autem</strong></span> <span class='ocrx_word' id='word_1_795' title='bbox 457 2434 549 2462; x_wconf 87' lang='lat' dir='ltr'><strong>omnia</strong></span> <span class='ocrx_word' id='word_1_796' title='bbox 575 2434 714 2462; x_wconf 89' lang='lat' dir='ltr'><strong>Dominus</strong></span> <span class='ocrx_word' id='word_1_797' title='bbox 735 2438 861 2461; x_wconf 89' lang='lat' dir='ltr'><strong>naturam</strong></span> <span class='ocrx_word' id='word_1_798' title='bbox 882 2433 940 2470; x_wconf 85' lang='lat' dir='ltr'><strong>pati</strong></span> 
     </span>
    </p>
   </div>
   <div class='ocr_carea' id='block_1_100' title="bbox 141 2479 941 2515">
    <p class='ocr_par' dir='ltr' id='par_1_100' title="bbox 141 2479 941 2515">
     <span class='ocr_line' id='line_1_100' title="bbox 141 2479 941 2515; baseline 0.001 -9"><span class='ocrx_word' id='word_1_799' title='bbox 141 2479 288 2515; x_wconf 87' lang='lat' dir='ltr'><strong>permittit,</strong></span> <span class='ocrx_word' id='word_1_800' title='bbox 301 2483 333 2507; x_wconf 90' lang='lat' dir='ltr'><strong>ut</strong></span> <span class='ocrx_word' id='word_1_801' title='bbox 343 2479 489 2507; x_wconf 85' lang='lat' dir='ltr'><strong>conﬁrmet</strong></span> <span class='ocrx_word' id='word_1_802' title='bbox 503 2479 577 2515; x_wconf 89' lang='lat' dir='ltr'><strong>quod</strong></span> <span class='ocrx_word' id='word_1_803' title='bbox 590 2487 652 2507; x_wconf 89' lang='lat' dir='ltr'><strong>vere</strong></span> <span class='ocrx_word' id='word_1_804' title='bbox 666 2483 694 2507; x_wconf 90' lang='lat' dir='ltr'>et</span> <span class='ocrx_word' id='word_1_805' title='bbox 706 2486 762 2506; x_wconf 91' lang='lat' dir='ltr'>non</span> <span class='ocrx_word' id='word_1_806' title='bbox 775 2483 941 2515; x_wconf 87' lang='lat' dir='ltr'><strong>apparenter</strong></span> 
     </span>
    </p>
   </div>
   <div class='ocr_carea' id='block_1_101' title="bbox 140 2523 940 2559">
    <p class='ocr_par' dir='ltr' id='par_1_101' title="bbox 140 2523 940 2559">
     <span class='ocr_line' id='line_1_101' title="bbox 140 2523 940 2559; baseline 0 -7"><span class='ocrx_word' id='word_1_807' title='bbox 140 2527 250 2552; x_wconf 88' lang='lat' dir='ltr'><strong>tantum</strong></span> <span class='ocrx_word' id='word_1_808' title='bbox 274 2523 310 2552; x_wconf 86' lang='lat' dir='ltr'>sit</span> <span class='ocrx_word' id='word_1_809' title='bbox 323 2524 418 2559; x_wconf 87' lang='lat' dir='ltr'><strong>homo,</strong></span> <span class='ocrx_word' id='word_1_810' title='bbox 442 2528 470 2552; x_wconf 91' lang='lat' dir='ltr'>et</span> <span class='ocrx_word' id='word_1_811' title='bbox 484 2528 515 2552; x_wconf 93' lang='lat' dir='ltr'>ut</span> <span class='ocrx_word' id='word_1_812' title='bbox 533 2524 632 2552; x_wconf 86' lang='lat' dir='ltr'><strong>doceat</strong></span> <span class='ocrx_word' id='word_1_813' title='bbox 652 2531 702 2552; x_wconf 89' lang='lat' dir='ltr'>nos</span> <span class='ocrx_word' id='word_1_814' title='bbox 720 2528 748 2552; x_wconf 89' lang='lat' dir='ltr'>et</span> <span class='ocrx_word' id='word_1_815' title='bbox 760 2523 894 2552; x_wconf 88' lang='lat' dir='ltr'><strong>terminos</strong></span> <span class='ocrx_word' id='word_1_816' title='bbox 911 2528 940 2552; x_wconf 91' lang='lat' dir='ltr'>et</span> 
     </span>
    </p>
   </div>
   <div class='ocr_carea' id='block_1_102' title="bbox 141 2569 941 2605">
    <p class='ocr_par' dir='ltr' id='par_1_102' title="bbox 141 2569 941 2605">
     <span class='ocr_line' id='line_1_102' title="bbox 141 2569 941 2605; baseline 0 -8"><span class='ocrx_word' id='word_1_817' title='bbox 141 2569 258 2597; x_wconf 88' lang='lat' dir='ltr'><strong>modum</strong></span> <span class='ocrx_word' id='word_1_818' title='bbox 283 2569 405 2598; x_wconf 70' lang='lat' dir='ltr'><strong>tristitia:</strong></span> <span class='ocrx_word' id='word_1_819' title='bbox 430 2577 533 2605; x_wconf 88' lang='lat' dir='ltr'><strong>ponere</strong></span> <span class='ocrx_word' id='word_1_820' title='bbox 557 2569 669 2605; x_wconf 82' lang='lat' dir='ltr'><strong>eiusque</strong></span> <span class='ocrx_word' id='word_1_821' title='bbox 695 2569 844 2597; x_wconf 87' lang='lat' dir='ltr'><strong>contrario.</strong></span> <span class='ocrx_word' id='word_1_822' title='bbox 868 2570 941 2597; x_wconf 87' lang='lat' dir='ltr'>Nam</span> 
     </span>
    </p>
   </div>
   <div class='ocr_carea' id='block_1_103' title="bbox 140 2613 940 2651">
    <p class='ocr_par' dir='ltr' id='par_1_103' title="bbox 140 2613 940 2651">
     <span class='ocr_line' id='line_1_103' title="bbox 140 2613 940 2651; baseline 0.001 -9"><span class='ocrx_word' id='word_1_823' title='bbox 140 2614 244 2650; x_wconf 87' lang='lat' dir='ltr'><strong>absque</strong></span> <span class='ocrx_word' id='word_1_824' title='bbox 266 2614 457 2650; x_wconf 87' lang='lat' dir='ltr'><strong>compassione</strong></span> <span class='ocrx_word' id='word_1_825' title='bbox 487 2618 514 2642; x_wconf 85' lang='lat' dir='ltr'>et</span> <span class='ocrx_word' id='word_1_826' title='bbox 534 2614 662 2651; x_wconf 83' lang='lat' dir='ltr'><strong>lacrymis</strong></span> <span class='ocrx_word' id='word_1_827' title='bbox 688 2622 758 2648; x_wconf 89' lang='lat' dir='ltr'><strong>esse,</strong></span> <span class='ocrx_word' id='word_1_828' title='bbox 789 2613 940 2643; x_wconf 88' lang='lat' dir='ltr'><strong>bestiarum</strong></span> 
     </span>
    </p>
   </div>
   <div class='ocr_carea' id='block_1_104' title="bbox 139 2659 940 2695">
    <p class='ocr_par' dir='ltr' id='par_1_104' title="bbox 139 2659 940 2695">
     <span class='ocr_line' id='line_1_104' title="bbox 139 2659 940 2695; baseline -0.001 -7"><span class='ocrx_word' id='word_1_829' title='bbox 139 2664 182 2688; x_wconf 86' lang='lat' dir='ltr'>est</span> <span class='ocrx_word' id='word_1_830' title='bbox 201 2669 208 2687; x_wconf 89' lang='lat'><strong>:</strong></span> <span class='ocrx_word' id='word_1_831' title='bbox 231 2659 354 2688; x_wconf 89' lang='lat' dir='ltr'><strong>multum</strong></span> <span class='ocrx_word' id='word_1_832' title='bbox 377 2664 471 2688; x_wconf 84' lang='lat' dir='ltr'><strong>autem</strong></span> <span class='ocrx_word' id='word_1_833' title='bbox 491 2659 645 2695; x_wconf 90' lang='lat' dir='ltr'><strong>lacrymari,</strong></span> <span class='ocrx_word' id='word_1_834' title='bbox 666 2659 773 2695; x_wconf 89' lang='lat' dir='ltr'><strong>plorare</strong></span> <span class='ocrx_word' id='word_1_835' title='bbox 785 2664 814 2687; x_wconf 88' lang='lat' dir='ltr'>et</span> <span class='ocrx_word' id='word_1_836' title='bbox 837 2659 940 2688; x_wconf 91' lang='lat' dir='ltr'><strong>contri-</strong></span> 
     </span>
    </p>
   </div>
   <div class='ocr_carea' id='block_1_105' title="bbox 139 2704 942 2741">
    <p class='ocr_par' dir='ltr' id='par_1_105' title="bbox 139 2704 942 2741">
     <span class='ocr_line' id='line_1_105' title="bbox 139 2704 942 2741; baseline 0.001 -9"><span class='ocrx_word' id='word_1_837' title='bbox 139 2705 219 2739; x_wconf 85' lang='lat' dir='ltr'><strong>stari,</strong></span> <span class='ocrx_word' id='word_1_838' title='bbox 242 2705 401 2733; x_wconf 88' lang='lat' dir='ltr'><strong>mulierum.</strong></span> <span class='ocrx_word' id='word_1_839' title='bbox 427 2705 516 2741; x_wconf 84' lang='lat' dir='ltr'><strong>Igitur</strong></span> <span class='ocrx_word' id='word_1_840' title='bbox 533 2712 598 2732; x_wconf 90' lang='lat' dir='ltr'>cum</span> <span class='ocrx_word' id='word_1_841' title='bbox 613 2708 714 2733; x_wconf 75' lang='lat' dir='ltr'><strong>nostra:</strong></span> <span class='ocrx_word' id='word_1_842' title='bbox 728 2704 819 2733; x_wconf 88' lang='lat' dir='ltr'><strong>carnis</strong></span> <span class='ocrx_word' id='word_1_843' title='bbox 835 2709 862 2733; x_wconf 90' lang='lat' dir='ltr'>et</span> <span class='ocrx_word' id='word_1_844' title='bbox 881 2713 942 2733; x_wconf 87' lang='lat' dir='ltr'><strong>san-</strong></span> 
     </span>
    </p>
   </div>
   <div class='ocr_carea' id='block_1_106' title="bbox 140 2749 941 2787">
    <p class='ocr_par' dir='ltr' id='par_1_106' title="bbox 140 2749 941 2787">
     <span class='ocr_line' id='line_1_106' title="bbox 140 2749 941 2787; baseline 0.001 -10"><span class='ocrx_word' id='word_1_845' title='bbox 140 2749 232 2785; x_wconf 83' lang='lat' dir='ltr'><strong>guinis</strong></span> <span class='ocrx_word' id='word_1_846' title='bbox 248 2750 384 2787; x_wconf 86' lang='lat' dir='ltr'><strong>particeps</strong></span> <span class='ocrx_word' id='word_1_847' title='bbox 400 2754 483 2785; x_wconf 87' lang='lat' dir='ltr'><strong>esset,</strong></span> <span class='ocrx_word' id='word_1_848' title='bbox 497 2750 633 2786; x_wconf 88' lang='lat' dir='ltr'><strong>particeps</strong></span> <span class='ocrx_word' id='word_1_849' title='bbox 651 2757 763 2786; x_wconf 88' lang='lat' dir='ltr'><strong>quoque</strong></span> <span class='ocrx_word' id='word_1_850' title='bbox 777 2749 830 2778; x_wconf 89' lang='lat' dir='ltr'><strong>fuit</strong></span> <span class='ocrx_word' id='word_1_851' title='bbox 842 2749 941 2778; x_wconf 90' lang='lat' dir='ltr'><strong>buma-</strong></span> 
     </span>
    </p>
   </div>
   <div class='ocr_carea' id='block_1_107' title="bbox 138 2794 943 2830">
    <p class='ocr_par' dir='ltr' id='par_1_107' title="bbox 138 2794 943 2830">
     <span class='ocr_line' id='line_1_107' title="bbox 138 2794 943 2830; baseline 0.001 -7"><span class='ocrx_word' id='word_1_852' title='bbox 138 2801 238 2824; x_wconf 83' lang='lat' dir='ltr'><strong>narum</strong></span> <span class='ocrx_word' id='word_1_853' title='bbox 257 2799 286 2824; x_wconf 87' lang='lat' dir='ltr'>et</span> <span class='ocrx_word' id='word_1_854' title='bbox 304 2795 472 2824; x_wconf 86' lang='lat' dir='ltr'><strong>naturalium</strong></span> <span class='ocrx_word' id='word_1_855' title='bbox 494 2794 688 2830; x_wconf 80' lang='lat' dir='ltr'><strong>affectionum,</strong></span> <span class='ocrx_word' id='word_1_856' title='bbox 708 2799 737 2825; x_wconf 89' lang='lat' dir='ltr'>et</span> <span class='ocrx_word' id='word_1_857' title='bbox 750 2795 868 2825; x_wconf 86' lang='lat' dir='ltr'><strong>istarum</strong></span> <span class='ocrx_word' id='word_1_858' title='bbox 882 2802 943 2824; x_wconf 87' lang='lat' dir='ltr'><strong>mo-</strong></span> 
     </span>
    </p>
   </div>
   <div class='ocr_carea' id='block_1_108' title="bbox 997 2337 1796 2379">
    <p class='ocr_par' dir='ltr' id='par_1_108' title="bbox 997 2337 1796 2379">
     <span class='ocr_line' id='line_1_108' title="bbox 997 2337 1796 2379; baseline -0.003 -10"><span class='ocrx_word' id='word_1_859' title='bbox 997 2340 1108 2369; x_wconf 83' lang='grc' dir='ltr'>ἐνέδωκε</span> <span class='ocrx_word' id='word_1_860' title='bbox 1124 2339 1208 2379; x_wconf 88' lang='grc' dir='ltr'>ταύτῃ</span> <span class='ocrx_word' id='word_1_861' title='bbox 1232 2339 1263 2369; x_wconf 79' lang='grc' dir='ltr'>τὸ</span> <span class='ocrx_word' id='word_1_862' title='bbox 1289 2338 1352 2368; x_wconf 85' lang='grc' dir='ltr'>ἴδιον</span> <span class='ocrx_word' id='word_1_863' title='bbox 1377 2338 1574 2379; x_wconf 79' lang='grc' dir='ltr'>ἐργάσασθαι),</span> <span class='ocrx_word' id='word_1_864' title='bbox 1600 2337 1645 2366; x_wconf 76' lang='grc' dir='ltr'>καὶ</span> <span class='ocrx_word' id='word_1_865' title='bbox 1663 2337 1796 2373; x_wconf 74' lang='grc' dir='ltr'>ἐπιπλήτ-</span> 
     </span>
    </p>
   </div>
   <div class='ocr_carea' id='block_1_109' title="bbox 995 2382 1794 2425">
    <p class='ocr_par' dir='ltr' id='par_1_109' title="bbox 995 2382 1794 2425">
     <span class='ocr_line' id='line_1_109' title="bbox 995 2382 1794 2425; baseline -0.004 -11"><span class='ocrx_word' id='word_1_866' title='bbox 995 2396 1035 2415; x_wconf 88' lang='grc' dir='ltr'>τει</span> <span class='ocrx_word' id='word_1_867' title='bbox 1101 2385 1190 2425; x_wconf 80' lang='grc' dir='ltr'>σαρκὶ,</span> <span class='ocrx_word' id='word_1_868' title='bbox 1210 2383 1255 2413; x_wconf 77' lang='grc' dir='ltr'>καὶ</span> <span class='ocrx_word' id='word_1_869' title='bbox 1270 2385 1382 2424; x_wconf 80' lang='grc' dir='ltr'>ἐπιτιμᾷ</span> <span class='ocrx_word' id='word_1_870' title='bbox 1401 2384 1466 2424; x_wconf 83' lang='grc' dir='ltr'>αὐτῇ</span> <span class='ocrx_word' id='word_1_871' title='bbox 1488 2386 1522 2422; x_wconf 83' lang='grc' dir='ltr'>τῇ</span> <span class='ocrx_word' id='word_1_872' title='bbox 1543 2385 1592 2412; x_wconf 85' lang='grc' dir='ltr'>τοῦ</span> <span class='ocrx_word' id='word_1_873' title='bbox 1608 2382 1682 2422; x_wconf 82' lang='grc' dir='ltr'>ἁγίου</span> <span class='ocrx_word' id='word_1_874' title='bbox 1706 2383 1794 2412; x_wconf 87' lang='grc' dir='ltr'>Πνεύ-</span> 
     </span>
    </p>
   </div>
   <div class='ocr_carea' id='block_1_110' title="bbox 996 2424 1796 2469">
    <p class='ocr_par' dir='ltr' id='par_1_110' title="bbox 996 2424 1796 2469">
     <span class='ocr_line' id='line_1_110' title="bbox 996 2424 1796 2469; baseline -0.006 -9"><span class='ocrx_word' id='word_1_875' title='bbox 996 2441 1078 2469; x_wconf 84' lang='grc' dir='ltr'>ματος</span> <span class='ocrx_word' id='word_1_876' title='bbox 1094 2430 1215 2467; x_wconf 79' lang='grc' dir='ltr'>δυνάμει.</span> <span class='ocrx_word' id='word_1_877' title='bbox 1235 2428 1269 2459; x_wconf 87' lang='grc' dir='ltr'><strong>Ἦ</strong></span> <span class='ocrx_word' id='word_1_878' title='bbox 1284 2424 1328 2458; x_wconf 62' lang='grc' dir='ltr'>οὖν</span> <span class='ocrx_word' id='word_1_879' title='bbox 1354 2428 1419 2468; x_wconf 76' lang='grc' dir='ltr'>σὰρξ</span> <span class='ocrx_word' id='word_1_880' title='bbox 1437 2428 1474 2466; x_wconf 85' lang='grc' dir='ltr'>μὴ</span> <span class='ocrx_word' id='word_1_881' title='bbox 1496 2429 1640 2466; x_wconf 72' lang='grc' dir='ltr'>ἐνεγκοῦσα</span> <span class='ocrx_word' id='word_1_882' title='bbox 1664 2426 1712 2463; x_wconf 77' lang='grc' dir='ltr'>τὴν</span> <span class='ocrx_word' id='word_1_883' title='bbox 1733 2427 1796 2456; x_wconf 79' lang='grc' dir='ltr'>ἐπι-</span> 
     </span>
    </p>
   </div>
   <div class='ocr_carea' id='block_1_111' title="bbox 995 2471 1797 2514">
    <p class='ocr_par' dir='ltr' id='par_1_111' title="bbox 995 2471 1797 2514">
     <span class='ocr_line' id='line_1_111' title="bbox 995 2471 1797 2514; baseline -0.005 -10"><span class='ocrx_word' id='word_1_884' title='bbox 995 2475 1120 2514; x_wconf 89' lang='grc' dir='ltr'>τίμησιν,</span> <span class='ocrx_word' id='word_1_885' title='bbox 1149 2473 1325 2514; x_wconf 83' lang='grc' dir='ltr'>ταράσσεται,</span> <span class='ocrx_word' id='word_1_886' title='bbox 1350 2474 1395 2503; x_wconf 80' lang='grc' dir='ltr'>καὶ</span> <span class='ocrx_word' id='word_1_887' title='bbox 1420 2472 1527 2513; x_wconf 84' lang='grc' dir='ltr'>τρέμει,</span> <span class='ocrx_word' id='word_1_888' title='bbox 1552 2472 1597 2501; x_wconf 78' lang='grc' dir='ltr'>καὶ</span> <span class='ocrx_word' id='word_1_889' title='bbox 1626 2474 1672 2508; x_wconf 82' lang='grc' dir='ltr'>τῆς</span> <span class='ocrx_word' id='word_1_890' title='bbox 1707 2471 1797 2508; x_wconf 83' lang='grc' dir='ltr'>λύπης</span> 
     </span>
    </p>
   </div>
   <div class='ocr_carea' id='block_1_112' title="bbox 996 2516 1795 2560">
    <p class='ocr_par' dir='ltr' id='par_1_112' title="bbox 996 2516 1795 2560">
     <span class='ocr_line' id='line_1_112' title="bbox 996 2516 1795 2560; baseline -0.005 -10"><span class='ocrx_word' id='word_1_891' title='bbox 996 2524 1160 2560; x_wconf 84' lang='grc' dir='ltr'>περικρατεῖ,</span> <span class='ocrx_word' id='word_1_892' title='bbox 1187 2519 1284 2549; x_wconf 85' lang='grc' dir='ltr'>Ταῦτα</span> <span class='ocrx_word' id='word_1_893' title='bbox 1311 2518 1338 2548; x_wconf 81' lang='grc' dir='ltr'>δὲ</span> <span class='ocrx_word' id='word_1_894' title='bbox 1368 2518 1455 2548; x_wconf 84' lang='grc' dir='ltr'>πάντα</span> <span class='ocrx_word' id='word_1_895' title='bbox 1482 2521 1615 2557; x_wconf 78' lang='grc' dir='ltr'>συγχωρεῖ</span> <span class='ocrx_word' id='word_1_896' title='bbox 1641 2516 1688 2553; x_wconf 83' lang='grc' dir='ltr'>τὴν</span> <span class='ocrx_word' id='word_1_897' title='bbox 1716 2517 1795 2557; x_wconf 75' lang='grc' dir='ltr'>φύσιν</span> 
     </span>
    </p>
   </div>
   <div class='ocr_carea' id='block_1_113' title="bbox 996 2561 1795 2604">
    <p class='ocr_par' dir='ltr' id='par_1_113' title="bbox 996 2561 1795 2604">
     <span class='ocr_line' id='line_1_113' title="bbox 996 2561 1795 2604; baseline -0.005 -10"><span class='ocrx_word' id='word_1_898' title='bbox 996 2565 1110 2604; x_wconf 67' lang='grc' dir='ltr'>πάσχειν</span> <span class='ocrx_word' id='word_1_899' title='bbox 1127 2567 1141 2594; x_wconf 90' lang='lat'>6</span> <span class='ocrx_word' id='word_1_900' title='bbox 1158 2564 1272 2604; x_wconf 85' lang='grc' dir='ltr'>Κύριος,</span> <span class='ocrx_word' id='word_1_901' title='bbox 1289 2563 1345 2601; x_wconf 79' lang='grc' dir='ltr'>ἅμα</span> <span class='ocrx_word' id='word_1_902' title='bbox 1366 2561 1414 2600; x_wconf 74' lang='grc' dir='ltr'>μὲν</span> <span class='ocrx_word' id='word_1_903' title='bbox 1425 2562 1470 2592; x_wconf 78' lang='grc' dir='ltr'>καὶ</span> <span class='ocrx_word' id='word_1_904' title='bbox 1488 2561 1619 2604; x_wconf 60' lang='grc' dir='ltr'>βεᾷαιῶν,</span> <span class='ocrx_word' id='word_1_905' title='bbox 1635 2562 1675 2591; x_wconf 76' lang='grc' dir='ltr'>ὃτι</span> <span class='ocrx_word' id='word_1_906' title='bbox 1690 2562 1795 2598; x_wconf 80' lang='grc' dir='ltr'>ἀληθῶς</span> 
     </span>
    </p>
   </div>
   <div class='ocr_carea' id='block_1_114' title="bbox 996 2603 1793 2649">
    <p class='ocr_par' dir='ltr' id='par_1_114' title="bbox 996 2603 1793 2649">
     <span class='ocr_line' id='line_1_114' title="bbox 996 2603 1793 2649; baseline -0.006 -9"><span class='ocrx_word' id='word_1_907' title='bbox 996 2603 1094 2640; x_wconf 60' lang='grc' dir='ltr'>καὶ.γοῦ</span> <span class='ocrx_word' id='word_1_908' title='bbox 1111 2609 1180 2639; x_wconf 82' lang='grc' dir='ltr'>κατὰ</span> <span class='ocrx_word' id='word_1_909' title='bbox 1201 2607 1347 2649; x_wconf 79' lang='grc' dir='ltr'>φαντασίαν</span> <span class='ocrx_word' id='word_1_910' title='bbox 1373 2608 1508 2647; x_wconf 81' lang='grc' dir='ltr'>ἄνθρωπος</span> <span class='ocrx_word' id='word_1_911' title='bbox 1529 2603 1579 2644; x_wconf 77' lang='grc' dir='ltr'>ἦν,</span> <span class='ocrx_word' id='word_1_912' title='bbox 1604 2606 1660 2646; x_wconf 79' lang='grc' dir='ltr'>ἅμα</span> <span class='ocrx_word' id='word_1_913' title='bbox 1692 2606 1719 2635; x_wconf 83' lang='grc' dir='ltr'>δὲ</span> <span class='ocrx_word' id='word_1_914' title='bbox 1743 2606 1793 2636; x_wconf 82' lang='grc' dir='ltr'>καὶ</span> 
     </span>
    </p>
   </div>
   <div class='ocr_carea' id='block_1_115' title="bbox 996 2651 1794 2693">
    <p class='ocr_par' dir='ltr' id='par_1_115' title="bbox 996 2651 1794 2693">
     <span class='ocr_line' id='line_1_115' title="bbox 996 2651 1794 2693; baseline -0.006 -8"><span class='ocrx_word' id='word_1_915' title='bbox 996 2654 1129 2685; x_wconf 85' lang='grc' dir='ltr'>παιδεύων</span> <span class='ocrx_word' id='word_1_916' title='bbox 1145 2656 1218 2693; x_wconf 77' lang='grc' dir='ltr'>ἡμᾶς</span> <span class='ocrx_word' id='word_1_917' title='bbox 1235 2654 1281 2683; x_wconf 82' lang='grc' dir='ltr'>καὶ</span> <span class='ocrx_word' id='word_1_918' title='bbox 1305 2652 1380 2693; x_wconf 71' lang='grc' dir='ltr'>ὅρους</span> <span class='ocrx_word' id='word_1_919' title='bbox 1395 2652 1442 2682; x_wconf 81' lang='grc' dir='ltr'>καὶ</span> <span class='ocrx_word' id='word_1_920' title='bbox 1469 2652 1554 2691; x_wconf 86' lang='grc' dir='ltr'>μέτρα</span> <span class='ocrx_word' id='word_1_921' title='bbox 1577 2654 1624 2687; x_wconf 81' lang='grc' dir='ltr'>τῆς</span> <span class='ocrx_word' id='word_1_922' title='bbox 1643 2651 1729 2687; x_wconf 81' lang='grc' dir='ltr'>λύπης</span> <span class='ocrx_word' id='word_1_923' title='bbox 1746 2651 1794 2681; x_wconf 82' lang='grc' dir='ltr'>καὶ</span> 
     </span>
    </p>
   </div>
   <div class='ocr_carea' id='block_1_116' title="bbox 996 2695 1793 2740">
    <p class='ocr_par' dir='ltr' id='par_1_116' title="bbox 996 2695 1793 2740">
     <span class='ocr_line' id='line_1_116' title="bbox 996 2695 1793 2740; baseline -0.005 -11"><span class='ocrx_word' id='word_1_924' title='bbox 996 2703 1044 2736; x_wconf 76' lang='grc' dir='ltr'>τῆς</span> <span class='ocrx_word' id='word_1_925' title='bbox 1060 2699 1175 2740; x_wconf 78' lang='grc' dir='ltr'>ᾀλυπίας</span> <span class='ocrx_word' id='word_1_926' title='bbox 1200 2699 1288 2732; x_wconf 81' lang='grc' dir='ltr'>τιθείς.</span> <span class='ocrx_word' id='word_1_927' title='bbox 1330 2698 1371 2729; x_wconf 89' lang='grc' dir='ltr'>Τό</span> <span class='ocrx_word' id='word_1_928' title='bbox 1387 2709 1416 2727; x_wconf 81' lang='grc' dir='ltr'>τε</span> <span class='ocrx_word' id='word_1_929' title='bbox 1431 2697 1482 2737; x_wconf 79' lang='grc' dir='ltr'>γὰρ</span> <span class='ocrx_word' id='word_1_930' title='bbox 1498 2696 1652 2736; x_wconf 79' lang='grc' dir='ltr'>ἀσυμπαθὲς</span> <span class='ocrx_word' id='word_1_931' title='bbox 1666 2697 1712 2726; x_wconf 83' lang='grc' dir='ltr'>καὶ</span> <span class='ocrx_word' id='word_1_932' title='bbox 1725 2695 1793 2726; x_wconf 83' lang='grc' dir='ltr'>ἄδα-</span> 
     </span>
    </p>
   </div>
   <div class='ocr_carea' id='block_1_117' title="bbox 996 2741 1794 2784">
    <p class='ocr_par' dir='ltr' id='par_1_117' title="bbox 996 2741 1794 2784">
     <span class='ocr_line' id='line_1_117' title="bbox 996 2741 1794 2784; baseline -0.005 -10"><span class='ocrx_word' id='word_1_933' title='bbox 996 2756 1061 2784; x_wconf 84' lang='grc' dir='ltr'>κρυ,</span> <span class='ocrx_word' id='word_1_934' title='bbox 1077 2744 1218 2784; x_wconf 83' lang='grc' dir='ltr'>θηριῶδες,</span> <span class='ocrx_word' id='word_1_935' title='bbox 1232 2743 1263 2773; x_wconf 86' lang='grc' dir='ltr'>τό</span> <span class='ocrx_word' id='word_1_936' title='bbox 1283 2755 1311 2772; x_wconf 83' lang='grc' dir='ltr'>τε</span> <span class='ocrx_word' id='word_1_937' title='bbox 1334 2743 1487 2783; x_wconf 82' lang='grc' dir='ltr'>πολύδακρυ</span> <span class='ocrx_word' id='word_1_938' title='bbox 1504 2742 1551 2772; x_wconf 81' lang='grc' dir='ltr'>καὶ</span> <span class='ocrx_word' id='word_1_939' title='bbox 1575 2741 1730 2782; x_wconf 82' lang='grc' dir='ltr'>φιλόθρηνον</span> <span class='ocrx_word' id='word_1_940' title='bbox 1746 2741 1794 2770; x_wconf 79' lang='grc' dir='ltr'>καὶ</span> 
     </span>
    </p>
   </div>
   <div class='ocr_carea' id='block_1_118' title="bbox 995 2786 1794 2829">
    <p class='ocr_par' dir='ltr' id='par_1_118' title="bbox 995 2786 1794 2829">
     <span class='ocr_line' id='line_1_118' title="bbox 995 2786 1794 2829; baseline -0.004 -10"><span class='ocrx_word' id='word_1_941' title='bbox 995 2789 1169 2829; x_wconf 86' lang='grc' dir='ltr'>πολύλυπον,</span> <span class='ocrx_word' id='word_1_942' title='bbox 1197 2788 1366 2829; x_wconf 82' lang='grc' dir='ltr'>γυναικῶδες.</span> <span class='ocrx_word' id='word_1_943' title='bbox 1389 2786 1468 2819; x_wconf 80' lang='grc' dir='ltr'>Ἐπεὶ</span> <span class='ocrx_word' id='word_1_944' title='bbox 1492 2787 1578 2817; x_wconf 81' lang='grc' dir='ltr'>τοίνυν</span> <span class='ocrx_word' id='word_1_945' title='bbox 1602 2786 1794 2824; x_wconf 82' lang='grc' dir='ltr'>κεκοινώνηκεν</span> 
     </span>
    </p>
   </div>
  </div>
