1922 3077
61 143 110 169 101

463 138 658 168 ENARRATIO
678 139 709 166 ΙΝ
731 135 945 164 EVANGELIUM
963 134 1111 163 JOANNIS.
1132 149 1166 154 --
1185 135 1259 162 CAP.
1279 135 1321 162 XI.

1670 137 1721 164 102

61 207 128 242 ἡμῖν
147 203 247 243 σαρκὸς
260 203 309 233 καὶ
331 201 444 241 αἵματος
459 224 468 241 ,
491 204 544 232 τῶν
561 200 731 241 ἀνθρωπίνων
746 199 792 229 καὶ
816 211 870 240 φυ-

927 197 993 225 dum
1011 205 1044 225 ac
1064 204 1225 224 mensuram
1249 196 1332 224 nobis
1345 196 1550 226 demonstravit.
1566 198 1720 234 lnterrogat

60 251 149 278 σικῶν
177 248 303 288 μετέχει,
327 247 373 277 καὶ
393 247 478 287 μέτρα
497 247 596 277 τούτοιν
612 244 773 275 ὁποδεικνύει
787 246 862 281 ἡμῖν.

60 293 178 334 Ἐρωτᾷ
193 293 235 323 δέ·
265 305 278 322 ε
309 294 366 323 Ποῦ
393 292 546 328 τεθείκατε;
576 304 591 319 π
618 293 667 330 οὐχ
690 292 724 323 ὡς
752 291 868 328 ἀγνοῶν,

62 339 139 376 (πῶς
156 333 221 378 γὰρ,
238 337 320 374 ὅπου,
331 337 378 367 καὶ
392 336 528 377 πόῤῥωθεν
547 335 583 365 ὢν
596 357 605 372 ,
620 335 679 374 ᾔδει
693 335 733 364 ὅτι
746 333 868 364 τετελεύ-

60 383 184 423 τηκενς)
213 382 274 412 ἀλλ’
289 381 357 412 ὥστε
380 381 418 420 μὴ
434 382 508 416 δόξας
591 380 697 419 δόξαι],
716 381 751 413 ὡς
776 379 868 408 ἕαυτὸν

61 427 221 468 ἐπιρῤίπτει
258 429 297 467 τῷ
325 427 460 465 θαύματι,
491 426 579 455 πάντα
609 437 639 454 τε
665 423 731 465 παρ’
762 423 868 453 ἐκείνων

62 473 214 510 μανθάνειν
239 471 413 512 βουλόμενος,
435 470 481 500 καὶ
502 468 739 510 παρακαλούμενος
765 473 867 506 ποιεῖν,

60 517 106 546 ἵνα
124 517 174 546 καὶ
191 517 279 552 πάσης
294 516 409 556 ὑποψίας
422 515 562 554 ἀπαλλάξῃ
578 515 608 545 τὸ
624 515 743 552 σημεῖον.
757 512 870 549 Ἐπειδὴ

62 563 90 591 δὲ
119 562 233 591 οὐδέπω
260 561 334 590 οὐδὲν
355 561 499 600 τεκμήριον
526 562 572 596 τῆς
589 562 634 588 τοῦ
660 559 783 598 Λαζάρου
800 559 870 587 ἆνα-

62 607 189 640 στάσεως
217 606 362 641 ἅδείκνυτο,
390 605 448 635 οὐδὲ
465 605 548 638 οὕτως
570 604 704 641 ἐνομίζετο
728 603 870 643 ἔρχεσθαι,

62 653 98 685 ὡς
125 651 290 686 ἀναστήσων
315 650 411 689 αὐτὸν,
430 651 490 680 ἀλλ’
515 651 550 683 ὡς
574 649 726 690 θρηνήσων,
751 648 870 687 λέγουσιν

62 699 157 736 αὐτῷ·
185 707 200 725 (ι
225 695 324 735 Κύριε,
347 695 427 735 ἔρχου
451 694 497 725 καὶ
518 694 566 724 ἴδε.
583 706 599 722 s
643 695 680 724 Οἱ
706 693 733 722 δὲ
761 693 871 732 πονηροὶ

63 743 70 753 7
123 742 136 751 κ
159 746 169 751 υ
260 741 266 752 Ι
350 743 366 750 ~
494 739 500 750 Ι
578 740 586 750 5
607 740 614 752 ν
774 738 780 748 Ι

74 743 196 771 Ιουοαιοι
228 742 310 771 παλιν
333 752 381 776 της
404 752 532 779 πονηριας
561 739 606 769 ουδ
639 738 707 772 ὅλως
733 738 870 778 ἄφιενται,

63 785 156 815 καίτοι
186 789 325 825 συμφορᾶς
347 785 508 820 τηλικαύτης
532 784 584 823 πρὸ
617 784 762 824 ὀφθαλμῶν
787 783 870 825 αὐτῶν

67 823 308 869 itemhinc-duit
337 830 362 859 τί
389 841 483 870 φασιν;
511 843 524 855 ιι
553 830 614 859 Οὐκ
638 828 754 864 ἠδύνατο
778 823 868 863 οὗτος,

63 877 77 904 ὁ
93 875 203 909 ἀνοίξας
227 875 286 907 τοὺς
305 874 455 915 ὀφθαλμοὺς
478 876 525 903 τοῦ
552 874 668 914 τυφλοῦ,
694 875 804 908 ποιῆσαι
825 871 868 901 ἵνα

65 920 103 959 μὴ
119 920 170 950 καὶ
185 916 261 954 οὗτος
280 920 416 958 ἀποθάνῃ
436 933 449 945 ι
467 918 662 951 Διαϐάλλοντις
681 918 708 947 δὲ
725 917 755 946 τὸ
771 917 815 946 ἐπὶ
830 918 868 957 τῷ

65 967 159 1005 τυφλῷ
175 968 284 1003 θαῦμα,
309 965 394 994 ταῦτά
415 976 505 1005 φασιν.
548 963 715 1004 Ὀφείλοντις
731 962 783 1001 γὰρ
802 964 870 992 θαυ-

66 1011 163 1049 μάζειν
188 1010 220 1040 τὸ
243 1013 353 1048 σημεῖον
378 1010 476 1046 ἐκεῖνο,
502 1009 526 1038 οἱ
551 1009 579 1038 δὲ
605 1007 658 1037 ἀπὸ
682 1011 728 1038 τοῦ
756 1007 870 1037 θανάτου

65 1055 163 1085 τούτου
187 1055 296 1084 κάκεῖνο
320 1055 356 1088 ὡς
380 1053 418 1092 μὴ
448 1054 554 1093 γεγονὸς
581 1052 797 1088 ἐνδιαϐάλλουσι,
824 1051 870 1081 καὶ

921 246 1014 270 autem
1029 251 1036 270 :
1054 254 1066 266 α
1091 241 1144 270 Ubi
1163 241 1309 277 posuistis?
1331 253 1344 265 ιι
1360 249 1414 269 non
1440 246 1470 269 ut
1491 242 1638 277 ignorans;
1654 251 1721 279 quo-

922 287 1006 315 modo
1017 287 1090 315 enim
1106 286 1251 322 ignoraret,
1266 286 1313 322 qui
1328 286 1431 314 sciebat
1446 290 1473 314 et
1485 291 1639 321 mortuum,
1654 296 1719 316 cum

922 332 1015 369 procul
1029 333 1116 360 esset?
1139 339 1236 360 verum
1251 331 1309 358 vult
1323 331 1418 358 omnia
1439 331 1474 359 ab
1494 331 1532 359 eis
1547 331 1663 368 discere,
1684 341 1719 362 ne

922 378 1046 412 seipsum
1069 377 1203 405 miraculo
1235 380 1339 404 temere
1366 375 1489 411 ingerere
1510 376 1647 411 videatur,
1670 377 1720 406 sed

921 427 1053 450 exoratus
1074 421 1175 455 facere,
1202 425 1233 449 ιιι
1260 425 1288 449 et
1308 421 1342 449 ab
1357 421 1434 449 omni
1461 421 1617 457 suspicione
1632 422 1722 458 ipsum

923 468 1033 503 signum
1049 467 1185 494 liberaret.
1203 466 1274 501 Quia
1301 470 1396 494 autem
1419 466 1493 494 nulla
1519 466 1610 494 adhuc
1631 467 1720 503 conje-

923 517 1001 540 ctura
1015 511 1218 540 resurrectionis
1231 511 1327 539 Lazari
1345 515 1455 539 ostensa
1471 516 1540 544 erat,
1555 519 1646 547 neque
1660 512 1722 540 illuc

924 557 1072 593 putabatur
1091 557 1196 584 venisse
1221 560 1251 584 ut
1274 557 1486 585 resuscitaturus
1513 556 1602 590 illum,
1624 556 1672 585 sed
1691 561 1722 585 ut

923 602 1125 638 deploraturus,
1141 601 1238 629 dicunt
1252 602 1277 629 ei
1293 611 1300 629 :
1319 613 1332 625 ι
1351 601 1482 635 Domine,
1497 601 1558 629 veni
1580 606 1607 630 et
1621 602 1692 630 vide.
1706 613 1719 627 ι

924 647 1034 683 Maligni
1057 651 1151 674 autem
1174 646 1264 674 Judzci
1300 647 1401 674 iterum
1428 646 1627 682 malignitatem
1655 655 1721 675 con-

925 696 1031 726 texunt,
1051 691 1163 720 tametsi
1183 695 1260 719 tanta
1285 692 1428 719 calamitas
1443 695 1506 719 ante
1529 692 1625 720 oculos
1645 691 1721 728 ipso-

924 745 988 765 rum
1010 737 1062 765 sita
1085 741 1152 765 erat.
1176 737 1228 764 Sed
1243 736 1308 773 quid
1331 736 1445 764 dicunt?
1462 745 1477 762 «
1499 738 1560 765 Non
1575 738 1665 772 potuit
1680 737 1724 765 hic

926 782 973 818 qui
984 782 1090 818 aperuit
1112 782 1207 810 oculos
1229 782 1294 810 (εωοὶ
1310 781 1398 810 facere
1419 785 1449 809 ut
1472 781 1517 809 hic
1535 790 1589 810 non
1603 789 1725 810 morere-

926 828 990 855 tur?
1003 840 1015 851 ι
1028 827 1198 854 Vellicabant
1206 831 1299 854 autem
1313 827 1477 854 miraculum
1490 827 1553 854 caeci
1564 827 1722 861 illuminati,

924 879 988 900 cum
1001 871 1134 900 deberent
1145 872 1253 908 signum
1277 872 1343 900 illud
1359 871 1498 900 admirari.
1515 873 1549 899 Et
1563 871 1590 899 hi
1605 880 1621 900 a
1637 876 1726 901 morte

924 917 997 945 illius
1020 917 1104 945 etiam
1120 917 1187 945 illud
1207 916 1284 952 quasi
1307 925 1362 944 non
1383 921 1454 945 esset
1479 916 1595 951 factum,
1617 917 1723 945 calum-

923 962 1043 995 niantur.
1068 962 1254 998 elevandoque
1277 970 1309 990 ac
1330 962 1449 990 taxanda
1473 966 1678 998 pratoccupant,
1697 967 1725 991 et

923 1014 979 1034 non
1003 1010 1196 1043 exspectarunt
1224 1006 1309 1035 ﬁnem
1328 1006 1378 1035 rei.
1405 1008 1446 1035 Ita
1461 1007 1592 1043 ipsorum
1618 1011 1725 1036 mentes

923 1055 1086 1087 corruperat
1100 1051 1214 1079 invidia.

65 1099 364 1140 προκαταλαμϐάνουσι
390 1100 448 1133 ταῖς
475 1098 661 1139 κατηγορίαις,
689 1098 737 1127 οὐκ
764 1098 936 1135 ἀναμένοντες
961 1096 992 1126 10
1018 1097 1092 1131 τέλος
1117 1099 1163 1126 τοῦ
1187 1096 1358 1137 πράγματος·
1380 1095 1448 1126 οὕτω
1472 1096 1655 1137 διεφθαρμένοι
1678 1096 1726 1132 τὰς

66 1145 178 1184 γνώμας
192 1140 262 1180 ἦσαν
275 1148 313 1184 τῷ
328 1143 424 1184 φθόνῳ.

110 1201 126 1219 α
153 1190 188 1219 Ὀ
205 1189 308 1225 Ἰησοῦς
316 1186 360 1218 οὖν
374 1189 454 1218 πάλιν
462 1187 662 1227 ἐμϐριμώμενος
677 1187 703 1216 ἕν
715 1187 815 1226 ἕαυτῷ,
827 1186 869 1227 ἔρ-

67 1246 147 1275 χεται
167 1235 206 1268 εἰς
231 1233 262 1263 τὸ
285 1237 424 1272 μνημεῖον.
440 1228 495 1262 ’Ἦν
519 1233 546 1262 δὲ
568 1232 717 1269 σπήλαιον,
740 1231 786 1261 καὶ
802 1231 870 1265 λίθος

68 1279 193 1309 ἐπέκειτο
219 1278 263 1308 ἐπ’
285 1279 367 1318 αὐτῷ.
386 1278 465 1315 Λέγει
482 1280 496 1308 ὁ
512 1277 628 1313 Ἰησοῦς’
645 1275 742 1315 Ἄρατε
763 1276 807 1305 τὸν
827 1275 868 1305 λί-

69 1328 126 1354 θον.
144 1323 227 1363 Λέγει
247 1324 354 1363 αὖτῷὴ
379 1323 478 1362 ἀδελφὴ
508 1325 553 1352 τοῦ
578 1322 732 1358 τεθνηκότος
757 1321 869 1360 Μάρθα·

71 1369 174 1409 Κύριε,
190 1369 243 1404 ἤδη
266 1368 336 1409 ὄζει·
351 1372 505 1408 τεταρταῖος
518 1367 570 1407 γάρ
594 1368 662 1397 ἔστι.
680 1365 758 1405 Λέγει
775 1367 841 1406 αὐτῇ
856 1367 870 1395 ὁ

69 1408 190 1450 Ἰησοῦς·
206 1414 266 1444 Οὐκ
281 1408 354 1461 sine:
370 1424 427 1448 σοι,
444 1412 485 1461 8:1
507 1413 552 1442 ἐὰν
567 1412 713 1461 πιστεύσῃξ
721 1411 806 1461 ,τόψει
820 1411 869 1447 τὴν
887 1429 910 1461 C

69 1458 147 1493 δόξαν
163 1461 210 1488 τοῦ
235 1459 320 1494 Θεοῧ;
334 1453 425 1497 ’Ἦραν
450 1452 494 1486 οὖν
517 1456 661 1497 τὸννλίθον,
683 1451 713 1486 οὗ
729 1451 762 1492 ἦν
783 1458 798 1486 ὁ
825 1467 870 1485 τε-

70 1503 174 1539 θνηκὼς
190 1502 322 1540 κείμενος.
339 1501 374 1533 ¢0
396 1502 423 1531 δὲ
447 1501 551 1537 Ἰησοῦς
567 1496 615 1541 ἦρε
635 1500 694 1534 τοὺς
720 1500 870 1541 ὀφθαλμοὺς

71 1549 139 1586 ἄνω,
157 1547 205 1578 καὶ
228 1543 303 1577 εἷπε·
317 1547 422 1586 Πάτερ,
447 1547 598 1587 εὐχαριστῶ
612 1557 654 1575 σοι
665 1567 673 1582 ,
697 1545 737 1574 ὃτι
754 1545 870 1582 ἤκουσάς

71 1605 136 1632 μου·
159 1592 213 1632 ἐγὼ
237 1592 264 1622 δὲ
289 1591 377 1632 ᾔδειν,
393 1592 433 1621 ὅτι
452 1591 644 1632 πάντοτίγμου
664 1590 780 1626 ἀκούεις,
802 1591 871 1620 ἀλλὰ

71 1638 114 1668 διὰ
139 1631 187 1668 τὸν
215 1637 294 1677 ὄχλον
311 1637 354 1666 τὸν
376 1638 541 1676 περιεστῶτα
565 1631 656 1673 εἶπον,
685 1634 729 1664 ἵνα
756 1635 870 1665 πιστεύ-

72 1694 154 1712 σωσιν
164 1706 172 1719 ,
189 1681 230 1711 ὅτι
246 1681 278 1710 σύ
292 1693 324 1720 με
340 1681 510 1714 ἀπέστειλας.
529 1692 542 1709 »
588 1681 613 1710 Τ
616 1680 624 1709 ί
643 1681 742 1716 δήποτε
757 1681 813 1710 ἄνω
826 1680 871 1709 καὶ

71 1729 146 1758 κάτω
167 1730 181 1756 ὁ
209 1726 396 1765 εὐαγγέλια-τὴς
422 1726 529 1766 στρέφει
558 1727 599 1754 ὅτι
628 1736 643 1752 ι
666 1725 830 1764 Ἐὂάκρυσεν
858 1726 872 1753 ὁ

71 1772 192 1808 Ἰησοῦς,
210 1783 224 1800 ιι
247 1772 292 1801 καὶ
312 1770 354 1800 ὅτι
373 1782 387 1800 «
407 1771 564 1811 ἐνιϐριμᾶτο
579 1771 617 1810 τῷ
631 1770 725 1805 mitia;
743 1782 759 1797 ι
776 1769 828 1799 Διὰ
842 1770 872 1799 τὸ

72 1819 166 1855 μαθεῖν
184 1819 284 1855 ἡμᾶς,
308 1816 348 1846 ὅτι
373 1817 476 1851 ἀληθῶς
499 1815 547 1851 τὴν
572 1814 704 1854 ἡμετέραν
726 1814 802 1854 φύσιν
823 1825 872 1843 πε·

73 1861 226 1901 ριεϐάλετο.
269 1859 384 1896 Ἐπειδὴ
408 1859 549 1901 γὰρπαρὰ
565 1860 666 1892 πάντας
687 1859 744 1893 τοὺς
764 1861 873 1898 εὐαγγε-

72 1906 166 1940 λιστὰς
192 1906 344 1946 ὕψηλότερα
369 1905 432 1945 περὶ
458 1907 504 1934 τοῦ
531 1905 631 1944 Κυρίου
646 1905 803 1945 φθέγγεται,
827 1904 873 1933 καὶ

72 1953 190 1990 θεολογεῖ
205 1951 312 1990 μεγάλα
326 1950 401 1987 τινὰ,
421 1950 464 1979 διὰ
483 1952 561 1980 τοῦτο
578 1950 624 1979 καὶ
642 1952 667 1979 ἐν
680 1950 734 1983 τοῖς
751 1960 871 1987 σωματι-

72 2001 127 2030 κοῖς
152 1995 222 2024 πολὺ
245 1995 419 2034 ταπεινότερα
437 1997 587 2035 φθέγγεται.
630 1993 714 2024 σΟθεν
730 1995 776 2024 καὶ
791 1995 818 2024 ἐν
833 1995 872 2034 τῷ

73 2041 162 2071 πένθει
178 2041 248 2070 πολὺ
269 2040 299 2070 τὸ
315 2039 478 2080 ἀνθρώπινον
493 2039 564 2080 ἔχειν
584 2039 662 2080 φησὶν
675 2063 683 2079 ,
703 2039 756 2069 ἀπὸ
778 2038 872 2069 τούτου

74 2087 200 2115 δεικνύων
225 2087 274 2121 τῆς
299 2085 397 2125 σαρκὸς
424 2085 472 2120 τὴν
497 2084 641 2122 ἀλήθειαν,
662 2083 705 2113 ἵνα
729 2083 761 2114 σὺ
787 2084 871 2124 μάθῃς

929 2092 1086 2116 monstrans
1108 2087 1196 2115 carnis
1215 2087 1357 2115 veritatem
1382 2096 1388 2114 :

73 2131 112 2160 ὅτι
132 2131 156 2160 εἷ
172 2130 219 2159 καὶ
234 2130 302 2163 Θεὸς
319 2126 364 2167 ἦν,
386 2129 456 2159 ἀλλὰ
471 2129 516 2158 καὶ
532 2129 666 2169 ἄνθρωπος
681 2125 723 2165 ἦν.
765 2128 873 2168 Ὥσπερ

73 2175 123 2215 γὰρ
145 2177 160 2205 ὁ
181 2178 287 2208 Λουκᾶς
311 2174 365 2204 ἀπὸ
385 2177 434 2210 τῆς
449 2173 577 2215 ἀγωνίας,
602 2174 648 2204 καὶ
671 2176 716 2203 τοῦ
740 2173 872 2214 θρόμϐον,

73 2220 182 2250 καὶτοῦ
210 2220 334 2259 ἱδρῶτος,
359 2218 428 2249 οὕτω
452 2218 498 2249 καὶ
524 2213 600 2252 οὗτος
621 2218 675 2248 ἀπὸ
698 2221 743 2248 τοῦ
764 2218 872 2251 πένθους

74 2267 232 2300 πιστοῦται,
262 2264 305 2294 ὅτι
331 2264 418 2304 σάρκα
451 2265 556 2299 ἀληθῶς
582 2263 701 2303 ἐφόρεσε.
735 2263 815 2297 Τίνος
845 2263 872 2292 δὲ

74 2310 160 2340 ἕνεκεν
177 2309 238 2348 οὐχὶ
248 2330 256 2344 ,
270 2311 318 2338 τοῦ
331 2309 403 2338 λίθου
419 2307 598 2348 ἐπικειμένου,
615 2309 738 2344 ἐποίησεν
755 2309 872 2343 ἀναστῆ-

74 2367 116 2384 ναι
128 2355 172 2384 τὸν
191 2354 333 2393 Λάζαρον,
349 2353 420 2384 ἀλλὰ
436 2353 523 2392 λέγει,
545 2363 560 2382 (ι
571 2351 669 2393 Ἄρατε
683 2353 727 2382 τὸν
750 2352 838 2389 λίθον;
857 2367 869 2379 υ

75 2400 129 2430 Καὶ
143 2399 196 2439 γὰρ
213 2400 227 2428 ὁ
248 2401 327 2436 σῶμα
346 2398 455 2434 κινήσας
474 2398 565 2438 νεκρὸν
646 2400 737 2438 φωνῇ,
755 2397 801 2427 καὶ
824 2399 873 2438 ψυ-

74 2445 165 2484 χώσας
191 2443 236 2473 τὸν
258 2443 312 2480 ἤδη
337 2443 528 2484 διεῤῥυηκότα,
551 2444 642 2483 πολλῷ
669 2444 772 2481 μᾶλλον
800 2442 872 2473 λίθον

74 2491 180 2525 κινῆσαι
195 2488 304 2529 ἴσχυσεν
323 2487 354 2517 ἂν
413 2490 498 2528 φωνῇ.
520 2499 534 2517 ε
548 2487 656 2528 Ἄρατε,
670 2488 758 2526 λέγει,
774 2487 819 2517 τὸν
833 2487 873 2517 λί-

75 2536 127 2571 θον,
143 2546 159 2562 )
187 2533 232 2562 ἵνα
256 2532 352 2567 αὖτοὺς
369 2533 506 2573 μάρτυρας
533 2533 633 2572 ποιήσῃ
651 2535 698 2562 τοῦ
723 2532 872 2571 θαύματος,

74 2577 115 2608 ἵνα
132 2578 171 2618 μὴ
189 2578 270 2607 πάλιν
287 2577 401 2618 λέγωσιν
417 2579 453 2613 ὡς
466 2577 511 2607 ἐπὶ
525 2579 571 2607 τοῦ
587 2579 696 2618 τυφλοῦ,
708 2577 748 2606 ὅτι
761 2589 775 2605 ιι
788 2573 873 2612 Οὗτός

76 2624 152 2661 ἔστιν,
168 2625 231 2653 Οὐκ
250 2623 323 2652 ἔστιν
348 2618 432 2656 οὗτος.
452 2636 465 2650 ι
485 2622 526 2653 Τὸ
548 2623 601 2663 γὰρ
617 2622 814 2662 παραγενέσθαι
837 2624 873 2656 εἷς

76 2668 116 2698 τὸν
138 2668 235 2705 τόπον,
257 2667 364 2698 καὶτὸν
390 2668 463 2698 λίθον
491 2663 555 2708 ἆραι
572 2672 630 2702 ταῖς
652 2669 739 2697 αὐτῶν
764 2667 872 2708 χερσὶν,

75 2713 151 2743 ἱκανὰ
179 2708 213 2750 ἧν
235 2713 407 2753 ἐπιστομίσαι
433 2712 492 2747 τοὺς
518 2715 754 2752 ἀγνωμονοῦντας,
770 2712 871 2752 μάρτυ-

109 2808 129 2827 ¹¹
144 2809 214 2837 Luc.
231 2815 317 2843 χχιι,
331 2811 365 2835 44
379 2815 453 2843 seqq.

957 1191 1050 1219 Vsus.
1078 1193 1176 1219 38-42.
1195 1201 1209 1215 α
1228 1191 1309 1218 Iesus
1333 1198 1399 1227 ergo
1421 1198 1531 1219 rursum
1552 1190 1674 1220 fremens
1695 1191 1724 1220 in

923 1235 1080 1271 semetipso,
1097 1236 1171 1263 venit
1188 1235 1223 1264 ad
1240 1239 1463 1263 monumentum.
1480 1237 1546 1264 Erat
1560 1240 1652 1264 autem
1665 1244 1725 1273 spe—

924 1280 1015 1314 lunca,
1031 1284 1059 1308 et
1081 1281 1149 1317 lapis
1167 1280 1313 1316 impositus
1327 1284 1384 1308 erat
1398 1281 1432 1309 ei.
1460 1281 1507 1308 Ait
1529 1282 1610 1309 Jesus
1627 1291 1634 1310 :
1656 1282 1722 1310 Tol-

924 1325 972 1353 lite
987 1325 1116 1361 lapidem.
1140 1326 1215 1353 Dicit
1236 1326 1260 1353 ei
1284 1325 1393 1354 Martha
1409 1334 1488 1354 soror
1503 1326 1561 1362 ejus
1578 1326 1626 1362 qui
1647 1334 1722 1355 mor-

924 1374 990 1398 tuus
1003 1371 1072 1399 ferat
1092 1379 1099 1398 :
1117 1371 1246 1404 Domine.
1256 1371 1315 1407 jam
1335 1371 1401 1404 olet,
1423 1371 1624 1407 quatriduanus
1647 1372 1723 1400 enim

924 1419 975 1444 est.
998 1416 1069 1444 Dicit
1083 1416 1109 1443 ei
1123 1417 1203 1444 Jesus
1224 1425 1230 1443 :
1244 1417 1344 1444 Nonne
1368 1415 1425 1443 dixi
1445 1416 1493 1444 tibi
1509 1415 1583 1452 quod
1597 1416 1618 1444 si
1634 1416 1724 1444 credi-

923 1460 1006 1494 deris,
1017 1461 1107 1488 visura
1121 1469 1150 1488 es
1163 1461 1281 1497 gloriam
1296 1460 1362 1488 Dei?
1380 1461 1555 1489 Sustnlerunt
1566 1469 1631 1497 ergo
1654 1462 1724 1497 lapi-

924 1504 989 1533 dem
1001 1513 1016 1533 a
1031 1505 1092 1533 loco
1105 1505 1152 1533 ubi
1167 1505 1190 1533 is
1208 1510 1334 1534 mortuus
1349 1504 1438 1534 fuerat
1452 1506 1563 1541 positus.
1576 1507 1658 1534 .lcsus
1671 1515 1723 1534 au-

925 1553 982 1579 tem
1004 1550 1105 1578 tollens
1128 1558 1240 1579 sursum
1263 1550 1370 1582 oculos.
1390 1550 1459 1578 dixit
1485 1559 1492 1577 :
1513 1552 1605 1584 Pater,
1620 1551 1724 1587 gratias

925 1603 976 1631 ago
990 1595 1051 1630 tibi,
1065 1596 1197 1631 quoniam
1215 1595 1316 1624 audisti
1338 1603 1393 1623 me.
1415 1597 1472 1632 Ego
1492 1600 1586 1624 autem
1601 1597 1723 1625 sciebam

926 1640 1003 1677 quod
1025 1649 1135 1676 semper
1155 1640 1232 1668 audis
1253 1648 1309 1674 me,
1331 1641 1378 1668 sed
1397 1645 1509 1676 propter
1531 1641 1643 1669 turbam
1661 1649 1724 1678 quae

925 1685 1092 1719 circumstat,
1109 1685 1175 1719 dixi,
1192 1689 1222 1713 ut
1234 1685 1347 1714 credant
1361 1685 1446 1722 663
1461 1686 1535 1721 quod
1558 1690 1588 1714 tu
1610 1694 1656 1714 me
1671 1686 1724 1714 mi-

926 1730 1003 1758 seris.
1022 1742 1034 1754 -
1051 1731 1142 1764 Quare
1163 1731 1326 1766 evangelista
1339 1738 1450 1758 sursum
1463 1731 1650 1767 deorsumque
1662 1739 1724 1760 ver-

926 1775 960 1802 tit
973 1774 1048 1810 quod
1072 1787 1084 1799 υ
1100 1775 1266 1811 lacrymalus
1281 1776 1317 1803 sit
1336 1776 1426 1809 Iesus,
1445 1786 1459 1802 (ι
1474 1781 1502 1804 et
1519 1788 1532 1800 α
1550 1776 1725 1804 infremuerit

926 1819 1064 1855 passioni?
1081 1830 1093 1843 ι
1108 1820 1148 1847 Ut
1162 1827 1212 1847 nos
1226 1819 1366 1847 discamus
1380 1819 1454 1855 quod
1477 1828 1539 1848 vere
1553 1825 1652 1848 natura
1670 1828 1725 1848 no-

927 1867 982 1892 stra
1002 1863 1119 1891 amictus
1134 1863 1226 1891 fuerit.
1253 1865 1323 1891 Nam
1336 1872 1400 1891 cum
1415 1872 1497 1898 super
1520 1873 1618 1892 omnes
1641 1872 1723 1892 evan-

927 1909 1036 1945 gelistas
1048 1908 1210 1935 sublimiora
1223 1907 1256 1935 dc
1273 1909 1395 1936 Domino
1411 1908 1552 1944 loquatur,
1576 1913 1604 1936 et
1624 1917 1723 1945 magna

927 1953 1078 1982 divinitatis
1092 1952 1152 1989 ejus
1179 1953 1306 1988 mysteria
1321 1952 1424 1986 tradat,
1458 1957 1604 1988 eapropter
1636 1957 1663 1981 et
1695 1953 1725 1981 in

927 1998 1116 2034 corporalibus
1140 1996 1288 2025 humiliora
1304 1997 1442 2033 loquitur:
1466 1998 1538 2026 unde
1556 1998 1624 2026 etin
1648 1998 1723 2026 luctu

927 2042 994 2071 dicit
1015 2042 1091 2078 quod
1113 2041 1191 2069 valde
1214 2050 1243 2069 se
1262 2041 1405 2070 hominem
1430 2041 1592 2076 ostenderit,
1617 2050 1649 2070 ex
1672 2042 1724 2070 hoc

1418 2091 1448 2115 ut
1467 2091 1496 2115 tu
1518 2087 1609 2116 discas
1637 2088 1724 2124 quod,

928 2133 1053 2169 quamvis
1073 2133 1147 2160 Deus
1165 2130 1258 2166 fuerit,
1284 2131 1366 2160 fuerit
1388 2135 1417 2160 et
1438 2131 1529 2160 homo.
1554 2134 1626 2160 Nam
1651 2133 1724 2160 sicut

926 2178 1014 2205 Lucas
1028 2177 1062 2205 ab
1076 2177 1176 2213 agonia
1197 2180 1226 2204 et
1250 2177 1336 2212 guttis
1350 2177 1507 2212 sanguineis
1520 2181 1548 2205 et
1566 2177 1669 2206 sudore
1686 2178 1721 2210 εί,

926 2223 964 2250 ita
978 2226 1005 2250 et
1019 2221 1063 2249 hic
1076 2230 1092 2250 a
1118 2222 1191 2249 luctu
1204 2221 1331 2249 credibile
1347 2221 1412 2249 facit
1431 2221 1505 2258 quod
1527 2229 1638 2250 carnem
1663 2231 1725 2251 vere

927 2267 1080 2303 gestaverit.
1104 2268 1142 2294 At
1161 2266 1240 2302 cujus
1252 2266 1336 2302 gratia
1359 2274 1416 2294 non
1441 2267 1615 2302 superposito
1631 2267 1721 2303 lapide

928 2311 1101 2339 resuscitavit
1110 2312 1258 2344 Lazarum,
1269 2310 1317 2339 sed
1328 2310 1405 2344 dicit,
1421 2321 1436 2337 «
1446 2311 1546 2339 Tollite
1560 2311 1698 2347 lapidem?
1709 2324 1721 2337 ιι

927 2357 1037 2385 Etenim
1051 2364 1116 2384 cum
1128 2356 1246 2384 moverit
1259 2360 1401 2384 mortuum
1411 2364 1510 2392 corpus
1523 2365 1600 2392 voce,
1619 2361 1646 2385 et
1660 2365 1725 2386 eum

927 2402 975 2438 qui
997 2401 1156 2429 difﬂuxerat
1183 2401 1357 2434 animaverit,
1381 2401 1470 2429 multo
1494 2402 1581 2438 magis
1607 2402 1724 2438 lapidem

927 2454 1039 2474 movere
1058 2446 1190 2482 potuisset
1214 2454 1291 2474 voce.
1307 2457 1320 2471 ι
1337 2445 1446 2482 Tollite,
1461 2446 1538 2481 dicit,
1561 2447 1692 2483 lapidem,
1710 2460 1724 2472 1

927 2496 959 2520 ιιι
977 2491 1015 2519 illi
1034 2495 1119 2519 testes
1133 2490 1202 2519 liant
1215 2490 1349 2524 miraculi,
1362 2494 1390 2518 et
1403 2499 1438 2519 ne
1449 2491 1549 2519 iterum
1567 2492 1659 2520 dicant
1670 2492 1725 2519 sic-

926 2540 957 2565 ut
981 2536 1015 2565 de
1036 2544 1111 2565 caeco
1133 2546 1170 2564 ιιι
1195 2535 1247 2564 Hic
1272 2539 1323 2570 est,
1348 2537 1410 2564 Non
1435 2540 1476 2564 est
1495 2536 1549 2565 hic.
1573 2548 1586 2561 ι
1604 2538 1675 2565 Nam
1697 2541 1726 2565 et

927 2582 1020 2610 adesse
1035 2582 1062 2610 in
1076 2581 1137 2610 loco
1162 2585 1189 2609 et
1203 2582 1298 2610 tollere
1313 2581 1431 2617 lapidem
1445 2581 1502 2610 suis
1517 2582 1656 2616 manibus,
1670 2581 1726 2610 suf—

927 2627 1043 2655 ﬁcientia
1064 2631 1145 2655 erant
1165 2626 1200 2655 ad
1224 2626 1376 2655 obturanda
1405 2627 1577 2663 ingratorum
1591 2635 1652 2660 ora,
1677 2626 1725 2662 qui

926 2675 1010 2700 testes
1033 2672 1104 2709 signi
1123 2670 1190 2700 facti
1218 2675 1303 2699 erant.
1330 2672 1418 2699 Porro
1443 2671 1549 2699 Martha
1575 2671 1645 2698 male
1663 2678 1724 2698 cre-

926 2717 988 2746 dula
1001 2717 1069 2745 dixit
1085 2725 1092 2744 :
1112 2726 1126 2743 ‹‹
1138 2718 1203 2744 Jam
1218 2716 1307 2750 latet,
1323 2715 1526 2752 quatriduanus
1549 2715 1625 2743 enim
1639 2718 1689 2749 est,
1710 2725 1722 2738 ι
