1922 3077
189 159 238 186 103

186 220 265 256 quasi
286 219 456 256 impossibile
477 220 637 250 existimans
651 226 764 257 propter
777 221 885 249 dierum
909 220 966 248 mul

1040 230 1085 258 ρας
1099 218 1252 257 γενομένους
1276 221 1321 249 τοῦ
1342 218 1463 257 σημείου,

185 265 332 293 titudinem
347 265 461 293 fratrem
473 266 600 294 suscitari
616 276 624 294 :
639 266 676 294 ita
698 266 788 294 adhuc
799 266 876 294 humi
892 270 984 302 repta-

185 310 242 338 bat.
256 313 294 338 At
308 310 434 338 Christus
454 318 515 339 eam
530 311 667 339 recordari
692 311 797 339 faciens
811 319 907 339 eorum
923 318 984 347 qua:

186 359 252 382 ante
263 355 379 387 dixerat,
394 359 422 382 et
436 354 521 383 ferme
536 360 567 383 ut
577 357 649 384 male
663 364 816 384 memorem
830 357 982 392 increpans,

185 398 274 427 dicit;
300 411 312 424 α
331 401 427 428 Nonne
445 400 503 427 dixi
523 401 572 428 tibi
587 400 661 436 quod
682 401 704 429 si
721 401 877 435 credideris,
893 400 982 428 visura

185 443 223 472 sis
237 444 352 479 gloriam
365 445 433 472 Dei?
448 457 460 469 ιι
477 445 628 481 Discipulis
642 446 724 481 igitur
735 446 844 473 dicebat
860 456 866 473 ι
887 457 898 469 ε
916 446 981 473 Pro-

185 492 245 524 pter
260 489 312 516 hoc
329 493 456 517 mortuus
478 494 519 517 est
529 491 659 523 Lazarus,
677 494 707 518 ut
721 490 888 526 glorificetur
898 490 982 518 Filius

184 533 245 561 Dei.
262 545 275 557 ιι
293 534 408 562 Marthae
416 534 591 570 veroinquit:
608 547 619 560 ι
636 535 761 562 Gloriam
777 535 880 562 videbis
892 535 954 569 Dei,
967 547 978 560 ιι

183 577 218 606 de
228 580 307 606 Patre
315 579 417 606 dicens.
426 579 574 607 lnlirmitas
585 580 659 608 enim
671 579 845 607 audientium
861 580 887 607 in
898 588 980 608 causa

184 627 228 651 est
242 627 272 651 ut
286 623 344 652 haec
363 625 437 652 varie
451 624 587 652 dicantur.
609 627 679 653 Nam
693 633 756 652 cum
766 625 845 652 Judei
860 629 981 652 astarent

185 668 233 702 ibi,
249 677 302 696 non
326 669 442 705 dignum
457 674 513 697 erat
534 670 625 698 dicere
639 670 793 698 Dominum
810 680 818 697 :
842 681 854 694 α
870 670 980 698 Videbis

186 713 300 749 gloriam
314 714 375 741 Filii
399 715 460 742 Dei.
479 726 492 739 ιι
506 715 617 751 Alioqui
632 715 704 742 visus
728 715 824 742 fuisset
843 715 876 742 de
890 715 980 751 seipso

183 763 344 794 arroganter
357 759 441 795 loqui.
461 761 539 787 Nunc
560 764 653 788 autem
669 760 702 788 de
723 761 803 788 Patre
817 760 921 787 caelesti
936 760 980 788 di-

183 811 257 836 cens,
270 811 427 831 sermonem
439 804 504 832 facit
518 805 726 839 modestiorem,
738 805 883 840 minusque
896 813 980 840 repu-

182 847 326 876 diandum.
343 849 432 884 Quare
454 854 546 877 autem
567 854 690 885 precatus
711 854 762 884 est,
791 850 846 878 imo
866 858 980 885 precan-

696 153 954 187 THEOPHYLACTI
974 153 1152 183 BULGARM‘I
1170 156 1326 184 ARCHIEP.

1787 158 1839 185 lO-i-

1509 219 1550 249 Τὸ
1565 219 1608 254 δὲ,
1637 232 1649 246 α
1668 218 1742 254 ’Πδη
1766 219 1839 254 ὄζει·

1038 268 1191 303 τεταρταῖος
1212 264 1263 303 γάρ
1280 265 1349 293 ἐστιν
1361 286 1369 300 ,
1385 275 1399 293 ε)
1426 265 1577 293 ἀπιστοῦσα
1593 258 1665 292 εἶπεν
1679 267 1696 300 ἡ
1721 264 1838 303 Μάρθα,

1037 309 1072 342 ὡς
1099 309 1226 338 ἀδύνατον
1255 303 1322 337 εἶναι
1345 307 1478 346 νομίσασα
1513 308 1543 338 τὸ
1578 309 1726 344 ἀναστῆναι
1757 310 1839 344 αὐτῆς

1036 353 1081 382 τὸν
1105 353 1218 394 ἀδελφὸν
1236 353 1280 382 διὰ
1296 353 1326 382 τὸ
1351 355 1434 391 μῆκος
1457 354 1509 382 τῶν
1535 354 1660 392 ἡμερῶνι
1676 352 1768 387 ὀὕτως
1797 352 1838 382 ἔτι

1036 398 1109 427 κάτω
1126 398 1274 438 στρέφεται.
1299 397 1332 428 ε0
1353 398 1380 426 δὲ
1408 397 1523 437 Χριστὸς
1549 397 1759 436 ἀναμιμνήσκων
1786 398 1837 427 αὖ-

1035 442 1084 479 τὴν
1098 467 1106 480 ,
1132 437 1168 471 ὧν
1186 437 1251 482 πρὸς
1266 442 1347 478 αὐτὴν
1363 443 1499 482 διελέχθη,
1523 442 1569 471 καὶ
1591 443 1686 482 σχεδὸν
1703 444 1837 480 ἐπιτιμῶν

1035 489 1071 520 ὡς
1091 486 1298 527 ἆμνημονούσῃ,
1316 487 1412 528 φησίν·
1431 501 1444 514 α
1471 488 1530 516 Οὒχ
1554 482 1627 517 εἶπόν
1653 499 1704 525 σοι,
1725 487 1765 516 ὅτι
1789 487 1838 516 ἐὰν

1034 533 1193 572 πιστεύσῃς,
1209 532 1268 572 ὄψει
1283 532 1330 568 τὴν
1343 531 1420 566 δόξαν
1437 534 1482 562 τοῦ
1499 533 1584 568 Θεοῦ,
1603 544 1618 559 in
1634 533 1699 565 Τοῖς
1721 531 1768 569 μὲν
1785 527 1833 561 οὖν

1035 579 1166 614 μαθηταῖς
1204 577 1309 615 ἔλεγεν·
1349 588 1362 605 α
1401 576 1462 606 Ἵνα
1501 576 1612 615 δοξασθῇ
1644 579 1658 607 ὁ
1688 576 1751 609 Υἱὸς
1787 578 1836 606 τοῦ

1034 623 1122 658 Θεοῦ,
1141 634 1156 650 ιι
1183 621 1226 650 διὰ
1247 624 1325 651 τοῦτο
1339 622 1455 651 ἀπέθανε
1472 621 1602 660 Λάζαρος·
1672 621 1700 650 δὲ
1716 620 1816 661 Μάρθα
1827 643 1837 659 ,

1036 678 1051 694 (ι
1074 665 1130 701 Τὴν
1147 666 1236 703 δόξαν,
1255 667 1346 706 φησὶν,
1365 666 1423 706 ὄψει
1436 669 1481 695 τοῦ
1495 667 1582 703 Θεοῦ,
1599 679 1613 694 η
1631 665 1693 706 περὶ
1713 668 1758 695 τοῦ
1772 667 1837 696 Πα-

1033 710 1092 750 τρὸς
1113 711 1208 750 λέγων.
1252 710 1287 740 Ἦ
1313 711 1364 751 γὰρ
1396 712 1516 741 ἀσθένεια
1535 713 1587 740 τῶν
1613 711 1760 740 ἀκουόντων
1785 713 1835 739 τοῦ

1034 755 1162 796 διαφόρως
1186 756 1220 786 τὰ
1241 755 1371 795 λεγόμενα
1397 755 1519 793 λέγεσθαι
1542 755 1614 785 αἰτία
1638 755 1721 786 ἐστίν.
1753 754 1836 784 Ἐπεὶ

1032 800 1084 840 γὰρ
1100 800 1223 830 Ἰουδαῖοι
1238 801 1401 842 παρίσταντο
1417 801 1485 836 ἐκεῖ,
1503 801 1551 830 οὐχ
1573 796 1606 836 ῆν
1627 801 1697 833 εἰκὸς
1711 800 1756 829 τὸν
1774 799 1836 829 Κύ-

1035 857 1089 885 ριον
1113 847 1212 881 εἰπεῖν,
1237 846 1276 874 ὅτι
1300 859 1313 872 ι
1334 844 1416 884 Ὀψει
1441 845 1488 880 τὴν
1522 844 1598 879 δόξαν
1625 847 1671 874 τοῦ
1695 846 1761 875 Υἱοῧ
1783 847 1836 874 τοῦ

181 893 218 921 tis
238 893 354 928 ﬁguram
378 894 513 930 suscepit?
540 895 628 930 ipsum
659 895 812 922 Dominum
840 894 971 922 dicenterr

1034 892 1123 920 Θεοῧο
1149 904 1160 916 ιι
1185 886 1203 926 ἦ
1225 890 1275 930 γὰρ
1301 890 1332 919 ἂν
1363 889 1434 924 ἔδοξε
1459 889 1520 930 περὶ
1545 891 1638 919 ἑαυτοῦ
1670 891 1833 928 κομπάζειν.

181 937 255 965 audi.
295 938 385 974 Inquit
413 939 486 966 enim
515 948 522 967 :
560 951 573 963 ‹‹
609 940 724 975 Propter
754 939 979 967 circumstantem

181 983 292 1010 turbam
320 982 387 1018 dixi,
410 987 441 1011 ut
464 983 579 1012 credant
604 984 678 1020 quod
705 988 735 1012 tu
763 992 808 1012 me
831 985 946 1012 miseris.
964 996 976 1009 ιι

180 1027 260 1062 Quod
271 1032 364 1055 autem
378 1027 458 1064 dicit,
483 1029 519 1056 ita
536 1037 565 1056 se
580 1029 662 1057 habet
674 1039 679 1057 ε
697 1031 736 1057 Ut
749 1038 783 1057 ne
795 1029 979 1058 adversarium

178 1072 229 1099 Dei
243 1081 286 1100 me
299 1077 403 1108 putent,
420 1078 451 1101 ut
464 1081 499 1101 ne
513 1073 618 1106 dicant,
634 1076 697 1102 Non
711 1079 753 1102 est
763 1082 795 1102 ex
808 1076 878 1109 Deo,
894 1079 925 1103 ut
936 1083 980 1103 os-

179 1117 291 1146 tendam
304 1126 373 1154 opus
391 1118 443 1146 hoc
458 1118 519 1146 ﬁeri
535 1119 687 1147 secundum
712 1124 789 1147 tuam
801 1120 978 1148 voluntatem.

179 1162 260 1197 Quod
284 1168 375 1191 autem
397 1163 448 1191 hoc
463 1164 509 1199 sit,
530 1168 558 1192 et
574 1172 630 1192 non
655 1169 766 1200 propter
786 1164 869 1193 alium
885 1173 976 1200 usum,

179 1207 226 1235 sed
240 1212 350 1243 propter
362 1209 570 1236 circumstantes
584 1209 721 1244 videatur
735 1217 824 1244 orare,
841 1209 901 1238 vide
913 1218 977 1238 ora-

175 1251 280 1280 tionem
295 1262 301 1280 :
319 1264 332 1277 ‹ι
346 1254 451 1281 Gratias
462 1262 513 1289 ago
525 1253 585 1286 tibi,
607 1254 673 1290 quia
688 1254 789 1282 audisti
805 1262 857 1282 me.
872 1264 885 1279 ιι
909 1254 977 1289 Quis

176 1301 268 1325 autem
286 1298 374 1326 oravit
390 1299 429 1326 sic
451 1300 593 1334 unquam?
608 1299 686 1326 Prius
699 1299 775 1327 enim
793 1307 875 1334 quam
890 1299 976 1327 dixis-

176 1345 218 1369 set
232 1342 345 1378 aliquid,
366 1343 465 1379 inquit,
486 1355 499 1367 ‹ι
513 1343 622 1372 Audisti
639 1352 694 1372 me.
712 1355 724 1367 ιι
742 1345 777 1371 Et
791 1343 827 1372 ita
842 1352 898 1372 non
919 1352 976 1371 ora-

175 1387 226 1420 tio,
251 1388 298 1414 sed
324 1387 410 1422 ﬁgura
433 1388 563 1415 orationis
588 1392 640 1420 est,
662 1392 691 1415 et
715 1387 848 1415 indicium
873 1389 973 1415 solum.

177 1431 259 1467 Quod
276 1436 369 1459 autem
383 1440 439 1459 non
453 1440 522 1468 opus
538 1432 636 1459 habeat
651 1432 784 1465 oratione,
795 1432 974 1460 manifestum

176 1481 218 1504 est
232 1484 265 1503 ex
285 1476 378 1504 multis
403 1476 472 1509 aliis,
496 1484 557 1512 qua:
580 1477 681 1512 absque
706 1477 829 1504 oratione
847 1476 971 1505 faciebat.

175 1520 261 1556 664
273 1532 286 1544 ιι
295 1520 357 1548 Tibi
365 1521 438 1554 dico,
446 1521 628 1554 daemonium,
639 1521 767 1556 egredere
778 1522 811 1549 ab
819 1521 863 1549 illo
874 1521 947 1556 "-93,
961 1533 972 1546 ιι

175 1564 224 1588 et:
243 1572 256 1585 α
273 1561 352 1595 Volo,
378 1561 498 1589 mundus
520 1566 579 1589 esto
593 1561 626 1593 ⁸⁵,
643 1573 656 1586 ι
676 1566 703 1589 et
719 1570 726 1590 :
747 1574 759 1586 ιι
784 1562 974 1594 Remittantur

176 1605 225 1633 tibi
238 1610 345 1640 peccata
367 1610 413 1633 tua
428 1605 460 1638 ⁸⁵,
485 1617 498 1630 ι
515 1606 591 1641 quod
611 1607 762 1634 maximum
778 1607 916 1635 omnium.
938 1608 974 1636 Et

175 1650 244 1678 mari
262 1661 268 1678 :
287 1650 340 1678 Sile
359 1655 386 1678 et
406 1651 515 1686 quiesce
530 1651 559 1678 ⁸³.
584 1663 597 1676 ιι
615 1652 747 1679 Precatur
764 1652 855 1688 itaque
878 1656 909 1679 ut
922 1652 973 1680 cir-

173 1699 347 1722 cumstantes
361 1695 474 1723 credant
488 1695 563 1731 quod
574 1704 588 1723 e
598 1696 725 1731 supernis
736 1696 781 1729 sit,
797 1701 827 1724 et
836 1705 892 1724 non
907 1705 973 1725 con-

173 1739 277 1766 trarius
288 1740 356 1767 Deo.
366 1741 438 1768 Nam
453 1741 475 1768 si
489 1741 547 1769 hinc
564 1740 676 1774 faciens,
693 1745 723 1768 et
736 1741 867 1769 omnibus
883 1742 972 1770 modis

173 1784 321 1812 ostendens
341 1793 418 1813 suam
440 1793 503 1822 erga
520 1787 631 1813 Patrem
654 1786 851 1821 gratitudinem
874 1795 880 1814 :
896 1786 970 1814 nihi-

173 1828 293 1857 lominus
312 1829 446 1863 dixerant,
464 1842 476 1854 ι
500 1831 563 1858 Non
584 1835 626 1859 est
641 1838 674 1858 ex
692 1832 753 1859 Deo
770 1841 777 1859 :
798 1843 811 1856 ιι
831 1831 896 1867 quid
915 1839 969 1859 non

172 1873 314 1908 dixissent,
330 1875 353 1902 si
363 1875 428 1903 nihil
444 1875 499 1903 tale
512 1875 639 1904 fecisset?

206 2012 298 2040 Vens.
325 2013 420 2040 43-46.
445 2022 459 2036 α
478 2013 569 2047 Atque
588 2018 652 2039 cum
677 2010 736 2038 haec
753 2010 878 2045 dixisset,
902 2019 968 2039 voce

170 2064 269 2092 magna
293 2056 420 2084 clamavit
440 2066 447 2084 :
476 2057 590 2089 Lazare,
615 2055 676 2083 veni
701 2055 780 2082 foras.
806 2057 843 2083 Et
868 2055 969 2091 prodiit

169 2101 218 2136 qui
234 2100 320 2128 fuerat
341 2105 480 2133 mortuus,
499 2108 598 2127 manus
612 2104 639 2127 et
658 2099 741 2135 pedes
762 2100 866 2128 habens
880 2100 967 2135 rejun—

169 2148 230 2172 ctos
244 2144 333 2172 fasciis
343 2144 548 2180 scpulcralibus.
560 2146 595 2172 Et
608 2144 693 2171 facies
704 2144 775 2172 illius
785 2145 897 2172 sudario
909 2148 967 2172 erat

170 2189 306 2216 obviucta.
325 2189 402 2216 Dicit
420 2189 459 2216 eis
480 2189 561 2216 Jesus
588 2198 594 2215 :

169 2234 252 2262 abire.
269 2233 350 2261 Multi
365 2241 428 2270 ergo
437 2241 473 2262 ex
487 2233 589 2262 Iudaeis
597 2233 643 2269 qui
653 2238 782 2261 venerant
793 2234 827 2262 ad
835 2234 964 2268 Mariam,

168 2283 197 2306 et
212 2278 333 2306 viderant
350 2286 411 2314 qua:
424 2278 531 2306 fecisset
544 2280 636 2311 Jesus,
657 2278 836 2306 crediderunt
852 2279 879 2306 in
889 2287 963 2306 eum.

169 2323 288 2358 Quidam
305 2327 397 2350 autem
417 2331 449 2351 ex
470 2323 537 2358 ipsis
555 2323 686 2351 abierunt
710 2323 743 2351 ad
760 2323 922 2358 Pharismos,
939 2327 966 2352 et

168 2368 298 2396 dixerunt
311 2368 350 2395 eis
363 2375 423 2403 quae
443 2367 551 2395 fecisset
565 2368 654 2396 Jesus.
670 2379 684 2392 ιι
698 2368 767 2396 Cum
781 2368 882 2404 gratias
894 2368 964 2405 egis—

168 2417 210 2440 set
222 2413 292 2440 Patri
312 2413 450 2440 Dominus
473 2413 564 2448 potius
582 2421 665 2449 quam
677 2417 792 2447 orasset,
817 2417 846 2441 ut
860 2413 963 2442 dictum

167 2462 209 2486 est
222 2459 291 2490 (non
302 2458 377 2485 enim
389 2458 484 2494 egebat
500 2458 626 2486 oratione
639 2463 666 2486 et
689 2458 820 2486 orationis
829 2458 962 2493 subsidio,

167 2507 263 2538 utpote
271 2503 383 2538 aequalis
395 2503 468 2531 Patri
478 2503 611 2538 potentia)
624 2504 724 2531 clamat
736 2511 803 2531 voce
814 2511 922 2540 magna,
933 2508 965 2532 ut

166 2548 359 2576 auctoritatem
375 2551 402 2576 et
415 2551 578 2584 potestatem
589 2548 702 2576 habens.
715 2549 778 2576 Non
792 2549 868 2576 enim
876 2549 960 2577 dixit:

166 2594 198 2621 In
216 2593 330 2621 nomine
348 2594 434 2621 Patris
455 2593 522 2627 mei,
546 2594 648 2620 Lazare
662 2593 721 2621 veni
740 2592 831 2628 foras;
846 2601 936 2630 neque
953 2603 961 2622 :

165 2638 309 2666 Resuscita
329 2646 404 2669 eum.
426 2639 514 2671 Pater,
532 2638 580 2666 sed
597 2646 660 2666 cum
679 2638 852 2672 auctoritate,
875 2643 906 2667 ut
920 2639 961 2668 di-

165 2687 240 2712 ctum
262 2688 315 2718 est,
337 2683 456 2712 omnino
481 2691 529 2711 ora
550 2691 647 2711 eorum
666 2683 797 2711 obturans
823 2684 868 2719 qui
886 2684 962 2713 illum

165 2729 246 2757 Patre
269 2729 408 2757 minorem
429 2728 532 2757 dicunt.
559 2728 631 2763 Quid
656 2728 729 2756 enim
761 2737 810 2765 par
835 2730 961 2765 potestati

200 2818 222 2835 ⁸¹
241 2818 263 2836 ³³
276 2819 356 2847 Joan.
375 2826 420 2854 ιχ,
435 2822 461 2853 8,
480 2822 522 2846 16.
561 2817 584 2837 ⁸⁵
600 2819 670 2847 Luc.
687 2826 730 2852 iv,
745 2821 787 2846 35.

829 2819 851 2836 ⁵⁵
867 2819 970 2847 Matth.

1034 937 1088 965 Νῦν
1114 934 1141 964 δὲ
1167 935 1229 975 περὶ
1251 937 1298 964 τοῦ
1325 935 1429 975 Πατρὸς
1456 934 1547 971 εἰπὼν,
1571 934 1833 974 εὖπαραδεχτότερον

1033 980 1078 1009 καὶ
1105 979 1280 1020 μετριώτερον
1296 979 1406 1016 ἐποίησε
1422 978 1465 1008 τὸν
1489 979 1577 1017 λόγον.
1603 978 1682 1008 Διατί
1707 978 1734 1008 δὲ
1750 978 1831 1018 εὔχε-

1032 1036 1075 1053 ται
1086 1047 1094 1062 ,
1115 1026 1216 1063 μᾶλλον
1233 1025 1260 1053 δὲ
1277 1025 1356 1064 εὐχῆς
1382 1026 1475 1064 σχῆμα
1493 1023 1622 1059 ἀνέλαϐε,
1639 1024 1720 1052 αὐτοῦ
1735 1024 1834 1062 λέγον-

1033 1081 1075 1102 τος
1085 1069 1206 1099 ἄκουσον.
1251 1069 1326 1105 Φησὶ
1341 1068 1393 1108 γάρ
1403 1080 1409 1086 ⁸
1427 1081 1442 1096 ιι
1454 1067 1505 1098 Διὰ
1516 1068 1560 1097 τὸν
1573 1070 1738 1108 περιεστῶτα
1749 1068 1833 1107 ὄχλον

1033 1109 1125 1150 εἶπον,
1141 1113 1185 1143 ἵνα
1204 1114 1382 1143 πιστεύσωσιν
1400 1112 1441 1142 ὅτι
1467 1113 1499 1142 σύ
1516 1125 1548 1149 με
1567 1112 1737 1146 ἀπέστειλας.
1756 1125 1772 1141 ι
1790 1112 1833 1143 ⁸0

1031 1158 1059 1187 δὲ
1086 1158 1170 1198 λέγει,
1199 1161 1316 1188 τοιοῦτον
1343 1159 1430 1188 ἐστιν·
1455 1157 1515 1188 Ἵνα
1540 1158 1577 1196 μὴ
1595 1157 1711 1187 ἀντίθεόν
1729 1169 1762 1196 με
1786 1169 1833 1188 νο-

1032 1203 1162 1241 μίσωσιν,
1180 1204 1224 1232 ἵνα
1240 1202 1277 1242 μὴ
1297 1203 1426 1242 λέγωσιν,
1443 1203 1483 1231 ὅτι
1505 1213 1518 1230 ιι
1545 1203 1604 1231 Οὖκ
1630 1201 1701 1231 ἔστιν
1727 1203 1756 1230 ἐκ
1780 1204 1830 1231 τοῦ

1031 1249 1118 1277 Θεοῦ·
1136 1260 1151 1276 ιι
1173 1247 1217 1276 ἵνα
1241 1247 1316 1281 δείξω
1340 1247 1410 1276 κατὰ
1431 1247 1540 1285 γνώμην
1566 1246 1615 1284 σὴν
1630 1247 1660 1276 τὸ
1683 1247 1758 1286 ἔργον
1783 1258 1830 1284 γε·

1029 1292 1146 1330 νόμενον.
1165 1292 1232 1323 Ὀτι
1248 1292 1275 1322 δὲ
1292 1292 1369 1322 τοῦτό
1383 1293 1440 1322 ἐστι
1460 1292 1505 1321 καὶ
1521 1293 1550 1320 οὖ
1567 1292 1600 1320 δι’
1615 1292 1699 1327 ἄλλην
1713 1291 1808 1330 χρείαν
1820 1316 1830 1328 ⁷

1030 1337 1100 1366 ἀλλὰ
1117 1338 1159 1367 διὰ
1175 1337 1235 1370 τοὺς
1258 1340 1438 1378 περιεστῶτας
1454 1337 1525 1366 δοκεῖ
1549 1337 1691 1376 εὔχεσθαι,
1713 1337 1752 1365 ἴδε
1776 1335 1828 1372 τὴν

1029 1381 1128 1422 εὐχήν·
1159 1396 1171 1408 (ι
1203 1383 1365 1421 Εὖχαριστῶ
1387 1393 1443 1417 σοι,
1467 1382 1508 1411 ὅτι
1530 1381 1647 1417 ἤκουσάς
1669 1393 1728 1419 μου.
1747 1394 1758 1407 ιι
1779 1381 1829 1414 Τίς

1028 1426 1056 1455 δὲ
1071 1427 1152 1460 οὕτως
1169 1426 1266 1462 ηὔξατό
1292 1437 1375 1465 ποτε;
1392 1425 1463 1465 Πρὶν
1485 1427 1536 1466 γάρ
1561 1438 1586 1455 τι
1613 1428 1707 1461 εἰπεῖν,
1732 1426 1826 1465 φησὶν,

1029 1484 1041 1497 α
1058 1470 1192 1505 Ἥκουσάς
1206 1483 1266 1509 μου.
1280 1484 1291 1497 ιι
1304 1469 1390 1500 ⁹Ώστε
1404 1472 1452 1500 οὐχ
1465 1471 1543 1510 εὐχὴ,
1557 1470 1625 1500 ἀλλὰ
1638 1473 1732 1510 σχῆμα
1744 1471 1829 1510 εὖχῆς

1030 1518 1125 1553 τοῦτο,
1145 1515 1190 1545 καὶ
1205 1515 1331 1554 ἔνδειγμα
1354 1517 1443 1554 μόνον.
1455 1514 1523 1546 Ὀτι
1542 1515 1570 1544 δὲ
1585 1517 1614 1545 οὖ
1634 1516 1718 1544 δεῖται
1735 1516 1828 1554 εὐχῆς,

992 1542 1015 1574 C
1029 1561 1108 1596 δῆλον
1117 1542 1165 1600 ἔφ’
1181 1556 1217 1589 ὧν
1234 1542 1302 1590 ἄλλα
1321 1542 1408 1590 πολλὰ
1423 1559 1505 1600 χωρὶς
1518 1561 1597 1600 εὐχῆς
1609 1561 1702 1590 ἐποίει.
1747 1542 1826 1590 “AS-0‘!

1028 1605 1108 1644 λέγω,
1123 1605 1272 1645 δαιμόνιον,
1284 1604 1369 1639 ἔξελθε
1386 1605 1411 1637 ἐξ
1427 1607 1507 1634 αὐτοῦ
1518 1616 1525 1623 ·
1544 1618 1556 1630 ι»
1570 1605 1631 1641 χαὶ,
1647 1618 1658 1630 κ
1676 1604 1766 1640 Θέλω,
1779 1616 1828 1634 κα-

1027 1650 1181 1690 θαρίσθητι·
1208 1663 1220 1676 ι
1236 1649 1293 1688 καὶ,
1323 1661 1338 1678 (ι
1357 1650 1502 1690 Ἀφέωνται
1518 1651 1545 1678 αἱ
1567 1649 1698 1689 ἁμαρτίαι
1723 1661 1788 1686 σου,
1809 1662 1824 1677 ιι

1026 1693 1144 1732 ὃμεῐζον
1168 1695 1276 1724 πάντων
1303 1693 1368 1723 ἐστί’
1392 1694 1436 1723 καὶ
1459 1696 1493 1734 τῇ
1509 1695 1648 1732 θαλάσσῃ,
1671 1704 1684 1721 ‹‹
1709 1694 1825 1730 Σιώπα,

1025 1740 1177 1780 πεφίμωσο.
1206 1752 1220 1767 ιι
1256 1738 1317 1769 Ἵνα
1338 1739 1424 1768 τοίνυν
1447 1740 1470 1768 οἱ
1505 1740 1678 1778 περιεστῶτες
1713 1739 1824 1768 πιστεύ-

1026 1796 1127 1822 σωσιν,
1144 1785 1185 1814 ὅτι
1211 1783 1309 1813 ἄνωθέν
1333 1785 1407 1821 ἐστι,
1430 1783 1476 1813 καὶ
1500 1785 1548 1813 οὐχ
1574 1783 1706 1819 ἀντίθεος,
1729 1783 1824 1813 τούτου

1025 1828 1111 1859 ἕνεκεν
1133 1829 1253 1869 εὔχεται.
1281 1830 1316 1859 Εἰ
1335 1831 1421 1858 ταῦτα
1442 1828 1493 1868 γὰρ
1519 1831 1666 1865 ποιοῦντος,
1684 1828 1730 1856 καὶ
1755 1828 1825 1857 πάν-

1023 1877 1096 1904 τοθεν
1111 1874 1258 1908 δεικνύντος
1272 1873 1318 1910 τὴν
1332 1873 1397 1913 πρὸς
1416 1873 1460 1903 τὸν
1481 1872 1590 1912 Πατέρα
1606 1871 1822 1912 εὐγνωμοσύνην,

1022 1919 1094 1957 ὅμως
1109 1919 1214 1958 ἔλεγον,
1231 1919 1273 1948 ὅτι
1290 1930 1304 1946 α
1320 1920 1380 1948 Οὖκ
1397 1918 1468 1947 ἔστιν
1485 1919 1514 1946 ἐκ
1532 1920 1577 1947 τοῦ
1593 1918 1676 1956 Θεοῦ,
1692 1928 1708 1946 n
1726 1917 1752 1946 τί
1776 1914 1823 1946 οὖν

1024 1964 1070 1992 οὐχ
1083 1964 1115 1993 ἂν
1139 1959 1211 1993 εἶπον
1222 1986 1230 2000 ,
1245 1965 1268 1992 εἷ
1286 1962 1368 2002 μηδὲν
1394 1965 1510 1991 τοιοῦτον
1526 1962 1626 2001 Emi“;

1068 2018 1082 2036 (ι
1107 2008 1161 2037 Καὶ
1186 2010 1271 2037 ταῦτα
1298 2007 1394 2045 εἰπὼν,
1421 2009 1496 2047 φωνῇ
1521 2007 1627 2046 μεγάλῃ
1651 2006 1822 2047 ἐκραύγασε-

1022 2051 1146 2092 Λάζαρε,
1162 2052 1237 2091 δεῦρο
1261 2051 1320 2086 ἔξω.
1345 2052 1398 2082 Καὶ
1423 2052 1527 2088 ἐξῆλθεν
1550 2053 1564 2080 ὃ
1588 2051 1728 2090 τεθνηκὼς,
1750 2052 1824 2081 δεδε-

1023 2096 1100 2135 μένος
1128 2098 1176 2130 τὰς
1200 2097 1293 2137 χεῖρας
1319 2096 1364 2125 καὶ
1394 2096 1454 2130 τοὺς
1475 2097 1558 2130 πόδας
1584 2096 1704 2136 κειρίαις,
1731 2097 1776 2125 καὶ
1803 2099 1820 2133 ἡ

1020 2142 1080 2182 ὄψις
1104 2143 1185 2171 αὐτοῦ
1218 2141 1350 2182 σουδαρίῳ
1384 2142 1558 2182 περιεδέδετο.
1586 2143 1667 2180 Λέγει
1693 2143 1779 2174 αὐτοῖς
1807 2143 1822 2171 ὃ

622 2188 724 2216 Solvite
748 2197 823 2222 eum,
839 2194 867 2217 et
888 2189 965 2217 sinite

1032 2186 1144 2222 Ιησοῧςο
1162 2185 1269 2217 Λύσατε
1284 2186 1379 2222 αὐτὸν,
1402 2186 1447 2216 καὶ
1470 2187 1549 2226 ἄφετε
1570 2186 1690 2226 ὑπάγειν.
1718 2186 1820 2216 Πολλοὶ

1020 2226 1064 2261 οὖν
1090 2232 1121 2260 ἐκ
1140 2233 1192 2260 τῶν
1213 2230 1346 2261 Ἰουδαίων
1362 2232 1386 2260 οἱ
1406 2231 1522 2264 ἐλθόντες
1535 2231 1599 2270 πρὸς
1621 2231 1671 2266 τὴν
1695 2231 1820 2270 Μαρίανἳ

1020 2276 1066 2306 καὶ
1092 2277 1251 2315 θεασάμενοι
1278 2277 1293 2305 ἃ
1314 2276 1436 2311 ἐποίησεν
1466 2278 1480 2304 ὃ
1510 2276 1633 2314 Ἰησοῦς,
1660 2275 1820 2306 ἐπίστευσαν

1020 2322 1056 2355 εἷς
1081 2321 1170 2351 αὐτόν.
1196 2321 1274 2354 Τινὲς
1305 2322 1332 2350 δὲ
1359 2321 1385 2355 ἐξ
1410 2321 1495 2350 αὖτῶν
1524 2321 1642 2356 ἀπῆλθον
1672 2320 1737 2360 πρὸς
1759 2320 1821 2354 τοὺς

1020 2367 1198 2406 Φαρισαίους,
1215 2366 1260 2395 καὶ
1279 2361 1352 2395 εἶπον
1365 2366 1452 2399 αὐτοῖς
1464 2365 1481 2394 ἃ
1495 2365 1616 2401 ἐποίησεν
1633 2367 1647 2395 ὁ
1669 2364 1784 2401 Ἰησοῦς.
1798 2377 1813 2394 ι)

1022 2411 1224 2451 Εόχαριστήσας
1245 2413 1283 2450 τῷ
1310 2410 1400 2450 Πατρὶ
1422 2413 1435 2440 ὃ
1459 2410 1557 2450 Κύριος
1580 2411 1680 2449 μᾶλλον
1699 2410 1716 2445 ἢ
1740 2410 1819 2444 εὖξάα

1020 2467 1097 2494 μενος
1129 2458 1175 2494 (ὡς
1202 2455 1305 2494 εἴρηται
1328 2455 1390 2495 γὰρ,
1409 2457 1456 2484 οὐκ
1480 2455 1563 2484 ἐδεῖτο
1585 2456 1664 2494 εὐχῆς
1693 2453 1740 2484 καὶ
1770 2457 1819 2490 τῆς

1019 2501 1048 2529 ἐκ
1062 2501 1160 2536 ταύτης
1181 2502 1275 2540 ῥοπῆς,
1293 2501 1328 2533 ὡς
1350 2499 1507 2538 ἷσοδύναμος
1531 2501 1570 2540 τῷ
1595 2499 1710 2539 Πατρὶ),
1727 2500 1819 2539 κράζει

1018 2548 1092 2585 φωνῇ
1117 2545 1233 2585 μεγάλῃ,
1258 2546 1399 2584 αὖθεντιχῇ
1428 2544 1476 2574 χαὶ
1509 2545 1666 2583 δεσποτικῇ.
1692 2545 1734 2574 Οὖ
1763 2543 1817 2584 γὰρ

1018 2585 1106 2628 εἶπεν,
1130 2591 1176 2620 Ἑν
1192 2589 1305 2626 ὀνόματι
1326 2592 1373 2619 τοῦ
1390 2589 1496 2628 Πατρός
1519 2601 1582 2627 μου,
1607 2589 1724 2628 Λάζαρε,
1739 2589 1818 2628 δεῦρο

1018 2635 1077 2673 ἔξω,
1094 2635 1170 2671 οὐδὲ,
1186 2634 1348 2670 Ἀνάστησον
1368 2634 1463 2672 αὐτὸν,
1482 2634 1586 2673 Πάτερ,
1605 2633 1674 2670 ἀλλ’,
1691 2635 1726 2667 ὡς
1747 2633 1818 2674 εἴρη-

1017 2692 1078 2717 ται,
1107 2681 1284 2717 αὖθεντιχῶς,
1321 2679 1478 2720 ἐμφράττων
1513 2679 1602 2708 πάντα
1629 2679 1662 2708 τὰ
1692 2678 1817 2716 στόματα

1017 2727 1069 2754 τῶν
1091 2724 1216 2754 ἐλάττονα
1237 2727 1329 2754 τοῦτον
1353 2725 1482 2764 λεγόντων
1505 2725 1551 2754 τοῦ
1574 2722 1690 2763 Πατρός.
1706 2723 1743 2754 Τί
1763 2724 1816 2764 γὰρ

985 2827 1054 2853 vin,
1068 2822 1094 2846 3.
1134 2819 1157 2838 ⁸³
1170 2818 1268 2847 Matth.
1287 2827 1330 2852 1x,
1345 2822 1368 2845 2.
