1922 3077
61 179 114 206 105

466 177 660 206 ENARRATIO
679 178 712 206 ΙΝ
733 177 947 206 EVANGELIUM
965 178 1113 207 JOANNIS.
1133 194 1168 200 -—
1187 180 1262 207 CAP.
1283 180 1324 207 ΧΙ.

1665 181 1716 208 106

57 236 120 270 ἶσον
147 241 196 276 τῆς
211 240 330 274 ἔξουσίας
355 239 455 276 ταύτης
475 239 571 279 γένοιτ’
586 240 644 280 av,
666 239 707 269 ὅτι
731 241 766 274 ὡς
790 241 861 274 ζῶντι

921 240 984 269 huic
1011 240 1061 270 fuit
1079 249 1205 278 unquam
1229 241 1296 269 dum
1315 241 1438 277 loquitur
1459 245 1569 270 mortuo
1584 246 1716 278 tanquam

58 286 247 324 διαλεγόμενος
270 286 308 326 τῷ
323 285 493 321 τελευτηκότι
512 285 577 325 φησί
590 297 596 304 ·
617 296 632 314 (ι
656 285 770 323 Λάζαρε,
787 286 863 325 δεῦρο

59 330 130 365 {Et-3;
153 342 166 358 ι)
187 331 234 364 Εἷς
249 330 324 370 ἔργον
346 329 436 359 δὲκαὶ
461 333 504 359 νῦν
527 329 604 366 ἐξέϐη
619 330 666 366 τὸ,
693 341 708 359 α
730 328 863 370 Ἔρχεται

62 375 122 414 ὦρα
133 397 142 412 ,
160 374 204 404 ὅτε
228 377 253 405 οἱ
268 374 357 414 νεκροὶ
373 375 533 404 ἀκούσονται
556 377 603 410 τῆς
625 377 711 415 φωνῆς
726 377 771 403 τοῦ
797 375 864 404 Υἱοῢ

60 423 108 449 τοῦ
125 423 218 454 Θεοῦ,
240 419 285 449 καὶ
309 421 334 448 οἱ
354 420 514 454 ἀκούσαντες
537 420 674 454 ζήσονται.
698 431 712 447 ι)
734 419 796 448 Ἶνα
812 420 863 460 γὰρ

60 465 100 504 μή
113 477 154 497 τις
176 464 282 504 νομίσῃ,
298 465 338 494 ὅτι
352 466 415 504 παρ’
431 465 519 503 ἑτέρου
541 464 621 494 ἔλαϐε
644 463 692 500 τὴν
706 465 862 504 ίμέργειαν,

59 509 190 549 προλέγει
214 512 304 546 τοῦτο,
320 509 334 539 ὃ
350 509 394 538 διὰ
408 511 460 538 τῶν
474 509 558 549 ἔργων
572 509 663 543 δείξειν
689 508 809 543 ἔμελλεν.
827 510 862 540 ἹΙ

59 554 150 584 τοίνυν
167 555 272 594 μεγάλη
286 553 358 594 φωνὴ
371 557 416 583 τοῦ
431 555 555 594 Σωτῆρος
565 577 573 590 ,
594 554 639 583 τὸν
654 554 776 594 Λάζαρον
798 556 862 584 ἀνα-

59 598 201 634 στήσασα,
217 599 349 638 σύμϐολόν
370 600 427 628 ἐστι
445 601 492 635 τῆς
509 598 628 638 μεγάλης
649 598 795 637 σάλπιγγος
816 601 862 635 τῆς

59 642 215 681 μελλούσης
234 646 337 683 ἠχῆσαι
357 645 384 673 ἐν
406 645 440 684 τῇ
461 646 535 683 κοινῇ
557 643 710 674 ἀναστάσει.
737 643 818 682 Μέγα
835 644 862 674 δὲ

59 687 172 727 ἔκραξεν
196 690 210 717 ὁ
233 688 340 728 Κύριος,
363 688 407 717 διὰ
426 691 522 726 τοῦτο,
538 687 582 717 ἵνα
598 688 632 718 τὰ
647 689 699 717 τῶν
723 687 862 724 Ἑλλήνων

57 733 187 773 ἐμαράξῃ
212 733 350 771 στόματα,
377 735 428 762 τῶν
456 732 655 771 μυθευομένων,
674 734 699 762 ἐν
724 735 761 773 τῷ
791 733 862 772 μνή-

58 789 126 816 ματι
144 773 213 807 εἶναι
235 778 282 813 τὴν
303 779 401 818 ψυχήν.
427 777 477 810 Ὧς
491 779 542 818 γὰρ
557 778 690 818 πόρρωθεν
707 773 787 806 οὖσαν
811 779 861 807 αὖ-

58 822 107 857 τὴν
143 822 188 851 διὰ
214 824 261 857 τῆς
289 825 405 862 κραυγῆς
429 823 631 861 προσκαλεῖται.
658 822 771 861 Ὠς-περ
793 823 820 852 δὲ
844 826 861 860 ἡ

57 867 208 900 ἀνάστασις
232 867 299 903 αὕτη
322 869 339 902 ἡ
365 869 472 908 μεριχὴ,
502 868 572 897 οὕτω
590 868 635 897 καὶ
658 870 674 902 ἡ
701 867 812 897 καθόλου
836 869 862 898 ιν

59 913 156 952 ἀτόμῳ
177 912 225 942 καὶ
323 913 466 952 ὀφθαλμοῧξ
479 912 564 942 ἔσται.
587 924 602 941 (ι
620 912 731 948 Ἐξῆλθε
746 913 788 949 δὲ,
810 925 859 952 φη-

57 957 112 996 σὶν,
128 959 144 986 ὃ
168 957 301 992 τεθνηκὼς
327 957 463 994 δεδεμένος
483 957 528 990 τὰς
552 962 644 997 χεῖρας
660 957 705 986 καὶ
732 957 788 991 τοὺς
805 958 860 987 πό-

59 992 115 1035 auc.
135 1016 149 1028 ι
173 1002 235 1032 Οὐκ
257 1002 366 1032 ἔλαττον
387 992 440 1042 γὰρ
457 1002 540 1031 ἐδόκει
553 992 622 1031 εῖναι
646 1003 792 1041 παράδοξον
816 1005 860 1032 τοῦ

58 1047 233 1083 ἀναστῆναι,
260 1046 290 1076 τὸ
314 1046 426 1080 ἐξελθεῖν
449 1047 606 1086 δεδεμένον·
638 1046 683 1076 καὶ
715 1049 804 1085 θαῦμα
831 1043 861 1084 ἦν

56 1091 127 1125 ὅλως
151 1092 182 1120 τὸ
210 1091 345 1129 δεδεμένον
377 1093 520 1127 κινεῖσθαι,
550 1091 717 1130 συνημμένον
747 1092 862 1130 θαύματι

57 1139 96 1177 τῷ
121 1138 283 1172 ἀναστῆναι.
308 1136 418 1166 Κελεύει
442 1137 469 1166 δὲ
491 1136 568 1166 αὐτὸν
592 1137 682 1173 λ’ῦσαι,
700 1136 771 1170 ὅπως
792 1138 862 1174 πλη-

59 1181 117 1211 σίον
144 1180 303 1220 γενόμενοι,
335 1181 382 1210 καὶ
411 1181 560 1221 ἁψάμενοι,
593 1181 685 1211 ἴδωσιν
720 1181 759 1210 ὅτι
789 1177 861 1216 οὗτος

60 1225 161 1259 ἐκεῖνός
176 1226 260 1256 ἐστιν.
278 1225 408 1264 ’Υπάγειν
422 1226 449 1256 δὲ
473 1226 550 1256 αὐτόν
569 1238 648 1266 φησι,
668 1227 711 1255 8ιᾶ
726 1226 756 1256 τὸ
771 1227 860 1266 ἀκόμ-

60 1282 180 1300 παστον·
203 1271 231 1300 οὗ
250 1270 302 1310 γὰρ
324 1270 451 1310 ἐπάγεται
471 1271 565 1306 αὐτὸν,
592 1271 650 1300 οὐδὲ
676 1271 776 1300 κελεύει
803 1273 861 1310 μετ’

61 1317 143 1346 αὐτοῦ
177 1315 352 1354 περιπατεῖν,
383 1314 451 1344 ὥστε
475 1315 684 1345 ἐπιδείκνυσθαι.
713 1316 860 1354 Γενομένου

59 1360 88 1390 δὲ
111 1362 161 1389 τοῦ
181 1360 326 1398 θαύματος,
351 1361 375 1389 οἱ
397 1359 444 1398 μὲν
469 1360 627 1389 ἐπίστευσαν
651 1361 704 1390 τῶν
725 1361 861 1398 θεασαμέ-

60 1417 112 1434 νων
124 1428 134 1445 ,
150 1406 174 1434 οἱ
198 1405 225 1433 δὲ
243 1404 411 1443 ἀπήγγειλαν
433 1409 488 1438 τοῖς
504 1405 665 1444 Φαρισαίοις
676 1428 683 1440 ,
702 1405 861 1435 διαϐάλλον-

60 1462 102 1483 τες
117 1449 227 1483 πάντως
251 1450 345 1485 αὐτὸν,
367 1451 403 1483 ὡς
426 1449 531 1479 ἀνόσιόν
552 1462 577 1479 τι
601 1450 802 1490 τετολμηκότα,
818 1446 860 1480 οἶα

60 1494 104 1524 τὸν
120 1493 287 1532 τεθαμμένον
305 1494 458 1534 ἀνασκάψαι
473 1494 668 1534 προστάξαντα.

921 286 1030 320 viventi,
1043 291 1072 314 et
1087 286 1153 314 dicit
1169 297 1175 314 :
1194 298 1206 311 -
1218 287 1328 319 Lazare,
1342 286 1403 313 veni
1419 285 1510 314 foras?
1527 298 1540 310 ιι
1556 288 1624 314 Ecce
1642 295 1716 316 nunc

919 339 1001 366 opere
1017 331 1161 367 impletum
1180 331 1287 359 esthoc
1306 330 1381 366 quod
1401 330 1468 358 dixit
1489 340 1495 357 :
1518 341 1530 354 ι
1553 331 1633 358 Venit
1649 331 1715 360 hora

919 384 983 404 cum
998 377 1099 404 mortui
1115 375 1230 403 audient
1249 383 1345 403 vocem
1367 375 1424 403 Filii
1438 375 1484 402 Dei
1500 383 1507 401 :
1525 379 1552 402 et
1562 375 1608 411 qui
1619 376 1715 404 audie-

921 420 976 448 rint
991 421 1082 448 vivent
1097 420 1143 448 ⁸⁶.¹
1157 434 1168 445 1
1184 423 1254 449 Nam
1277 428 1311 448 ne
1324 420 1385 455 quis
1399 420 1534 447 existimet
1550 420 1622 455 quod
1637 421 1717 448 Jesus

919 465 953 493 ab
972 466 1027 493 alio
1048 466 1182 502 acceperit
1200 465 1402 501 operationem,
1427 464 1549 500 praedicit
1570 464 1623 492 hoc
1641 465 1716 500 quod

920 518 968 546 per
1000 519 1082 546 opera
1107 514 1314 538 monstraturus
1343 513 1413 537 erat.
1440 511 1589 542 Caeterum,
1615 517 1715 544 magna

919 562 971 582 vox
983 555 1130 583 Salvatoris
1141 562 1203 591 qua:
1219 556 1353 582 Lazarum
1368 554 1492 588 suseitat,
1503 553 1661 590 symbolum
1674 557 1716 582 est

920 607 1026 635 magna:
1040 600 1114 628 tuba
1127 607 1188 636 qua:
1208 604 1340 627 sonatura
1358 604 1401 627 est
1422 599 1451 626 in
1463 598 1606 626 communi
1626 599 1716 628 resut—

919 645 1048 672 rectione.
1066 646 1163 679 Magna
1184 648 1277 672 autem
1292 652 1357 672 voee
1378 644 1506 671 clamavit
1526 643 1674 678 Dominus,
1687 647 1716 672 et

920 689 947 717 id
960 693 1071 725 propter
1089 689 1151 723 hoc,
1175 693 1206 717 ut
1221 689 1376 717 osbtrueret
1391 697 1438 716 ora
1454 688 1608 724 gentilium,
1625 689 1716 717 dicen-

919 734 986 762 tium
1011 734 1039 762 in
1063 734 1196 770 sepulcris
1221 742 1279 762 esse
1299 733 1416 762 animas.
1442 735 1529 761 Vocat
1550 734 1625 761 enim
1641 733 1716 761 illam

917 787 981 807 cum
995 779 1115 808 clamore
1137 783 1167 807 ut
1182 779 1276 815 procul
1294 779 1449 807 absentem.
1473 778 1715 813 Quemadmodum

917 829 1011 852 autem
1027 825 1193 852 resurrectio
1215 825 1265 852 ista
1291 824 1476 860 particularis,
1499 824 1534 851 ita
1554 824 1638 851 etiam
1654 823 1716 851 uni-

917 869 1030 896 versalis
1045 869 1072 897 in
1090 873 1233 897 momento
1248 873 1275 897 et
1297 869 1324 896 in
1339 869 1395 896 ictu
1415 869 1487 896 oculi
1503 869 1564 896 erit.
1590 879 1603 893 (ι
1620 870 1717 903 Egres-

918 922 966 942 sus
979 918 1072 942 autem
1089 918 1142 948 est,
1156 914 1254 950 inquit,
1275 914 1322 950 qui
1336 918 1462 941 mortuus
1479 918 1550 947 erat,
1570 913 1717 941 obviuctus

918 966 1018 987 manus
1040 963 1068 986 et
1083 959 1175 995 pedes.
1193 971 1205 982 ι-
1224 960 1287 986 Non
1302 959 1394 986 minus
1409 958 1483 986 enim
1499 958 1643 986 videbatur
1657 965 1716 986 esse

918 1004 1043 1031 mirabile
1057 1004 1178 1032 vinctum
1195 1003 1297 1039 egredi,
1320 1011 1404 1039 quam
1419 1003 1556 1030 suscitari.
1583 1004 1615 1030 Et
1629 1003 1714 1030 mira-

915 1048 1009 1076 culum
1026 1053 1085 1076 erat
1103 1057 1164 1076 vere
1177 1049 1300 1076 vinctum
1325 1048 1442 1080 moveri,
1458 1047 1639 1084 conjunctum
1661 1047 1714 1075 mi-

915 1094 1010 1121 raculo
1036 1094 1254 1122 resurrectionis.
1276 1093 1359 1121 Jubet
1384 1101 1448 1121 vero
1481 1093 1557 1120 illum
1581 1092 1662 1127 solvi,
1686 1096 1716 1120 ut

915 1147 1000 1175 prope
1015 1138 1080 1166 facti
1099 1143 1127 1166 et
1144 1139 1312 1174 attingentes
1322 1138 1434 1166 videant
1448 1137 1522 1173 quod
1539 1137 1582 1165 ille
1598 1137 1654 1173 ipse
1668 1137 1714 1165 sit.

916 1183 1000 1212 Abire
1014 1188 1107 1211 autem
1124 1183 1200 1211 illum
1222 1183 1304 1216 dicit,
1323 1183 1358 1211 ad
1380 1182 1538 1218 fugiendam
1552 1183 1715 1210 ostentatio—

914 1236 989 1257 nem.
1006 1230 1068 1256 Non
1090 1229 1165 1256 enim
1180 1228 1257 1256 ducit
1273 1228 1350 1255 illum
1365 1236 1468 1260 secum,
1486 1236 1574 1263 neque
1586 1227 1665 1263 jubet
1683 1231 1715 1255 ut

915 1281 1008 1301 secum
1032 1273 1158 1301 ambulet
1181 1273 1266 1301 utsic
1287 1281 1346 1300 sese
1371 1277 1497 1300 ostentet.
1521 1273 1604 1300 Facto
1623 1276 1715 1299 autem

916 1317 1060 1350 miraculo,
1073 1318 1254 1353 spectantium
1269 1317 1313 1345 alii
1329 1318 1442 1353 quidem
1462 1317 1652 1350 crediderunt,
1671 1317 1715 1345 alii

915 1367 1007 1391 autem
1023 1363 1254 1390 annuntiaverunt
1278 1362 1432 1395 Pliariszeis,
1451 1363 1652 1390 calumniantes
1672 1362 1713 1390 ni-

915 1408 1016 1435 mirum
1032 1412 1062 1435 ut
1077 1408 1225 1444 profanam
1242 1416 1302 1435 rem
1318 1415 1402 1436 ausus
1416 1407 1510 1441 fuerit,
1532 1407 1667 1443 imperare
1684 1411 1715 1435 ut

914 1451 1064 1481 effodiatur
1078 1453 1210 1488 sepultus.

104 1551 119 1568 ιι
137 1539 295 1578 Συνήγαγον
319 1535 362 1568 οὖν
385 1541 409 1569 οἱ
424 1541 570 1579 ἀρχιερεῖς,
591 1539 637 1568 καὶ
663 1540 687 1569 οἱ
713 1541 861 1579 Φαρισαῖοι

950 1546 1038 1573 Vsns.
1064 1548 1110 1579 47,
1126 1547 1172 1573 48.
1190 1556 1203 1569 ι
1225 1545 1464 1581 Congregaverunt
1484 1552 1550 1581 ergo
1571 1544 1716 1581 pontiﬁces

63 1584 212 1624 συνέδριον·
238 1583 284 1612 καὶ
310 1583 399 1623 ἔλεγον
413 1595 420 1602 ’
446 1583 482 1613 Τί
509 1586 652 1622 ποιοῦμεν,
677 1583 717 1613 ὅτι
743 1581 816 1618 οὗτος
847 1586 861 1614 ὁ

63 1629 199 1668 ἄνθρωπος
220 1627 306 1657 πολλὰ
332 1632 430 1666 σημεῖα
445 1632 530 1665 ποιεῖ;
558 1629 623 1658 Ἐὰν
649 1631 758 1670 ἀφῶμεν
783 1630 859 1659 αὐτὸν

63 1673 149 1710 οὕτω,
176 1672 273 1706 πάντες
291 1673 475 1702 πιστεύσουσιν
492 1675 528 1706 εἷς
554 1673 647 1702 αὐτόν·
672 1674 717 1703 καὶ
737 1674 860 1704 ἐλεύσον-

64 1730 106 1748 ται
127 1720 154 1748 oi
180 1717 325 1755 Ῥωμαῖοι,
349 1717 395 1747 καὶ
421 1719 529 1758 ἀροῦσιν
552 1719 629 1756 ἡμῶν
646 1718 691 1748 καὶ
710 1719 754 1748 τὸν
780 1719 860 1748 τόπον

65 1762 109 1792 καὶ
130 1762 162 1791 τὸ
187 1762 268 1795 ἔθνος.
295 1774 310 1791 »
344 1762 408 1792 Δέον
433 1762 627 1798 ἐκπλήττεσθαι
643 1762 688 1792 καὶ
718 1764 860 1801 θαυμάζειν

64 1807 106 1837 τὸν
121 1809 274 1842 τηλικαῦτα
288 1809 412 1837 ποιοῦντα
434 1807 559 1845 θαύματα
569 1831 578 1845 ,
605 1809 706 1846 μᾶλλον
724 1808 862 1848 βουλεύον-

64 1864 108 1881 ται
133 1853 158 1881 oi
182 1853 330 1892 Φαρισαῖοι
353 1851 431 1881 αὐτὸν
461 1853 571 1890 ἀνελεῖν,
596 1853 661 1891 ὅπερ
688 1849 719 1888 ἦν
747 1853 861 1893 ἐσχάτης

66 1896 165 1932 ἀνοίας,
183 1896 224 1926 ὅτι
244 1896 288 1926 τὸν
304 1898 330 1926 ἐν
345 1899 400 1930 τοῖς
417 1898 468 1926 τῶν
491 1898 578 1927 ἄλλων
594 1898 703 1935 σώμασι
718 1900 763 1927 τοῦ
779 1897 861 1926 θανά-

64 1954 110 1972 του
137 1941 356 1981 περιγενόμενον,
383 1941 488 1982 Θανάτῳ
522 1942 692 1982 παραδώσειν
724 1942 862 1979 ἐνόμιζον,

65 1986 132 2016 ὥστε
147 1986 197 2022 τὴν
212 1986 288 2020 δόξαν
309 1987 389 2016 αὐτοῦ
406 1986 587 2027 συγκαλύψαι,
602 1988 648 2017 καὶ
664 1987 732 2026 μετὰ
745 1990 862 2017 τοσαῦτα

65 2031 190 2069 θαύματα
218 2031 353 2070 ἄνθρωπον
382 2031 457 2072 ψιλὸν
497 2032 575 2061 αὐτὸν
602 2033 756 2070 νομίζουσι,
785 2046 796 2059 ιι
827 2032 863 2062 Τί

66 2078 214 2114 ποιοῦμεν,
242 2076 381 2114 λέγοντες,
407 2075 447 2105 ὅτι
470 2079 484 2106 ὃ
511 2076 646 2116 ἄνθρωπος
673 2073 748 2111 οὗτος
772 2077 860 2106 πολλὰ

66 2121 165 2157 σημεῖα
184 2124 272 2156 ποιεῖ;
289 2132 303 2148 1)
326 2121 379 2150 Καὶ
394 2121 419 2150 τί
435 2123 512 2151 τοῦτο
531 2121 654 2160 ἔγκλημα
665 2144 673 2158 ,
691 2123 713 2151 εἶ
733 2133 748 2150 (ι
762 2123 860 2158 σημεῖα

66 2170 151 2202 noui;
173 2167 222 2195 Δεῖ
245 2167 400 2204 πιστεῦσαι,
424 2165 470 2195 καὶ
493 2169 702 2206 προσκυνῆσαι,
728 2166 774 2196 καὶ
804 2179 860 2205 μη-

66 2210 120 2239 κέτι
146 2210 260 2248 νομίζειν
287 2210 424 2250 ἄνθρωπον
445 2210 532 2251 ψιλόν.
559 2210 633 2250 Ὀρα
646 2211 674 2240 δὲ
702 2211 749 2248 τὴν
773 2211 861 2240 σκαιός

67 2266 132 2290 τητα
160 2257 212 2284 τῶν
240 2255 415 2293 Φαρισαίων·
442 2255 487 2285 τὸν
517 2255 581 2285 λαὸν
614 2257 754 2286 ἀνασεῖσαι
781 2268 862 2286 σπου-

67 2299 198 2335 δάζοντες,
217 2299 383 2338 ἐμϐάλλουσι
409 2300 499 2339 λόγον,
523 2301 559 2334 ὡς
586 2301 728 2339 μέλλοντος
743 2303 788 2330 τοῦ
811 2302 862 2329 τῶν

66 2344 200 2374 Ἰουδαίων
226 2344 343 2380 πλήθους
368 2343 543 2382 κινδυνεύειν,
573 2346 618 2374 καὶ
638 2346 689 2376 ὑπὸ
715 2345 862 2384 Ῥωμαίων

66 2388 212 2418 ἀπολέσθαι
235 2389 280 2418 ἐπὶ
305 2390 405 2430 ὑποψίᾳ
428 2390 593 2430 τυραννίδος.
615 2401 629 2418 α
660 2392 691 2420 Εἰ
706 2391 760 2430 γὰρ
777 2390 862 2431 ἀφίω-

67 2445 130 2472 μεν,
149 2434 233 2474 φησὶ,
255 2437 368 2473 τοῦτον,
396 2445 410 2463 ι)
431 2434 510 2474 ὄχλον
536 2434 619 2464 πολὺν
644 2435 696 2469 ἕξει
718 2434 804 2465 ὀπίσω
820 2436 864 2464 αὖ·

66 2480 120 2514 τοῦ,
136 2478 303 2517 ἀπαγόμενον
332 2479 385 2508 ὑπὸ
407 2481 454 2516 ἧς
480 2481 532 2508 τῶν
550 2478 668 2517 σημείων
695 2479 858 2516 ἐπιδείξεως,

66 2523 111 2553 καὶ
132 2523 224 2552 λοιπὸν
239 2526 310 2562 ἡμᾶς
330 2524 431 2557 πάντας
447 2523 658 2554 ὑποπτεύσουσιν
685 2525 708 2554 οἳ
730 2523 863 2563 Ῥωμαῖοι

67 2568 109 2597 ἐπὶ
131 2568 285 2607 τυραννίδι,
315 2579 330 2597 ιι
356 2570 401 2598 χαὶ
418 2571 527 2609 ἀροῦσιν
556 2571 633 2607 ἡμῶν
658 2581 673 2598 n
704 2569 751 2602 τὰς
775 2569 863 2603 πόλεις

101 2613 107 2624 \
139 2615 166 2631 ‘~
207 2613 214 2623 ’
365 2615 380 2622 '-
511 2615 519 2625 τ
565 2614 575 2624 Ι
773 2616 780 2627 9

67 2624 110 2642 και
134 2624 303 2653 ατανισουσι.
323 2614 417 2643 Ταυτα
442 2614 469 2643 δὲ
481 2637 488 2649 ,
505 2626 540 2647 ως
562 2626 644 2654 εφην,
663 2614 752 2653 ἔλεγον
770 2627 799 2644 εκ
814 2626 861 2643 πο-

67 2658 165 2697 νηρίας.
183 2657 242 2688 Ἵνα
255 2658 308 2698 γὰρ
323 2659 360 2697 μὴ
375 2659 418 2687 διὰ
440 2659 533 2699 φθόνον
549 2659 658 2693 δόξωσιν
681 2659 862 2689 ἐπιϐουλεύειν

67 2704 104 2742 τῷ
119 2704 246 2743 Χριστῷ,
266 2703 310 2732 τὸν
335 2704 420 2733 κοινὸν
437 2704 556 2734 κίνδυνον
573 2705 609 2737 εἷς
628 2703 709 2743 μέσον
722 2703 844 2744 φέρουσιν
855 2725 863 2739 ,

66 2751 271 2788 παρακινοῦντες
294 2747 340 2777 τὸν
366 2748 429 2777 λαὸν
455 2748 526 2778 κατὰ
554 2749 671 2789 Χριστοῦ
685 2771 693 2786 ,
717 2751 752 2783 ὡς
776 2748 862 2779 αἰτίου

101 2840 138 2859 ⁸⁶¹
152 2842 236 2870 Joan.
252 2848 283 2874 ν,
299 2843 340 2868 25.
378 2881 382 2884 .

208 2889 330 2916 PATROL.
350 2889 397 2916 Gu.
419 2888 525 2916 CXXIV.

915 1593 942 1618 et
954 1589 1083 1618 Pharisaei
1096 1590 1180 1625 665
1196 1590 1354 1623 concilium,
1369 1598 1401 1617 ac
1413 1589 1540 1617 dicebant
1560 1599 1567 1617 :
1583 1589 1654 1624 Quid
1673 1589 1713 1617 fa-

914 1634 1014 1668 cimus,
1033 1634 1095 1670 quia
1111 1634 1196 1662 homo
1211 1635 1253 1662 hic
1280 1634 1366 1662 multa
1387 1634 1463 1670 signa
1480 1634 1563 1662 facit?
1578 1634 1605 1663 Si
1630 1634 1715 1662 dimi-

915 1679 1033 1707 serimus
1045 1687 1107 1707 eum
1123 1680 1173 1713 sic,
1188 1687 1284 1707 omnes
1302 1679 1414 1707 credent
1431 1679 1458 1706 in
1473 1687 1549 1714 eum,
1565 1683 1591 1707 et
1606 1679 1715 1707 venient

915 1724 1046 1758 Romani,
1065 1728 1093 1751 et
1113 1725 1208 1752 tollent
1226 1728 1352 1752 nostrum
1371 1728 1430 1751 tum
1455 1724 1555 1758 locum,
1573 1727 1632 1751 tum
1648 1732 1714 1759 gen-

915 1772 983 1796 tem.
1007 1781 1019 1793 »
1039 1768 1277 1804 Obstupescendus
1288 1774 1314 1796 et
1330 1768 1499 1796 admirabilis
1511 1773 1568 1796 erat
1579 1769 1623 1805 qui
1639 1773 1714 1797 tanta

916 1813 1035 1841 faciebat
1045 1814 1184 1841 miracula.
1198 1813 1325 1841 Pharisaei
1337 1817 1429 1840 autem
1439 1821 1501 1840 eum
1511 1814 1599 1847 magis
1608 1821 1715 1849 φλέω-ε-

917 1858 984 1886 bant
1006 1858 1138 1891 occidere,
1157 1857 1182 1884 id
1199 1857 1273 1893 quod
1292 1862 1423 1885 extremae
1438 1857 1601 1893 insipientia:
1620 1857 1714 1892 fuerit,

917 1902 991 1939 quod
1004 1902 1087 1929 morti
1098 1910 1126 1929 se
1136 1902 1286 1929 tradituros
1298 1902 1489 1929 existimabant
1504 1910 1568 1929 eum
1582 1901 1627 1937 qui
1641 1910 1715 1929 rnor-

917 1947 1008 1975 temin
1024 1947 1140 1974 aliorum
1156 1946 1279 1974 vincebat
1292 1946 1453 1982 corporibus
1469 1955 1476 1973 :
1491 1945 1714 1982 conabanturque

918 1992 955 2020 ita
976 1992 1090 2028 gloriam
1105 1991 1163 2027 ejus
1178 1992 1333 2025 obscurare,
1356 1995 1438 2026 atque
1456 1995 1517 2026 post
1535 1995 1612 2018 tanta
1631 1991 1714 2019 mira-

917 2037 977 2065 cula
1002 2045 1102 2073 purum
1118 2037 1262 2064 hominem
1284 2043 1345 2064 esse
1370 2035 1587 2069 arbitrabantur,
1612 2048 1625 2059 «
1643 2035 1714 2070 Quid

917 2081 1045 2115 facimus,
1061 2092 1074 2107 η
1098 2081 1233 2115 dicentes,
1252 2092 1265 2106 ιι
1290 2081 1353 2116 quia
1369 2081 1414 2108 hic
1429 2080 1514 2108 homo
1531 2081 1617 2108 multa
1637 2080 1714 2116 signa

917 2125 998 2154 facit?
1021 2138 1033 2151 ι
1050 2127 1084 2154 Et
1107 2126 1186 2162 quale
1206 2126 1258 2154 hoc
1282 2126 1398 2159 crimen,
1422 2125 1498 2161 quod
1522 2125 1600 2160 signa
1626 2124 1714 2152 facit?

916 2171 1069 2207 Oportebat
1093 2179 1158 2207 ergo
1177 2171 1288 2199 credere
1311 2175 1337 2198 et
1351 2170 1478 2204 adorare,
1501 2174 1528 2197 et
1546 2178 1601 2197 non
1623 2169 1714 2197 adhuc

918 2215 1018 2244 habere
1033 2224 1082 2252 pro
1101 2216 1213 2243 homine
1228 2224 1308 2251 puro.
1324 2215 1391 2243 Vide
1407 2219 1498 2243 autem
1518 2214 1715 2249 malignitatem

915 2261 1088 2294 Judaaorum,
1114 2261 1246 2296 populum
1262 2267 1438 2288 commovere
1453 2259 1634 2292 studentium,
1649 2259 1715 2295 quia

917 2306 1050 2334 rationem
1075 2305 1194 2333 afferunt
1219 2305 1298 2341 quasi
1320 2304 1411 2340 populi
1437 2303 1585 2332 multitudo
1606 2304 1716 2339 pericli-

917 2354 1005 2378 tatura
1020 2354 1101 2384 esset,
1116 2354 1143 2378 et
1163 2358 1177 2377 a
1198 2350 1333 2378 Romanis
1352 2349 1487 2385 perdenda
1509 2349 1544 2377 ob
1566 2348 1717 2386 tyrannidis

916 2395 1110 2431 suspicionem.
1133 2396 1205 2423 Nam
1231 2404 1244 2420 α
1262 2395 1289 2422 Si
1309 2394 1516 2430 permiserimus
1537 2402 1601 2422 eum
1626 2393 1676 2427 sic,
1698 2403 1713 2420 ιδ

916 2440 1027 2468 turbam
1037 2440 1153 2467 multam
1166 2439 1276 2467 habebit
1289 2443 1351 2476 post
1361 2447 1400 2473 se,
1414 2446 1475 2474 quas
1485 2438 1627 2474 signorum
1638 2437 1717 2466 exhi-

917 2484 1021 2512 bitione
1045 2489 1186 2520 sequetur,
1203 2488 1229 2512 et
1242 2492 1292 2512 nos
1305 2491 1405 2512 omnes
1415 2483 1450 2511 dc
1471 2483 1615 2520 tyrannide
1625 2490 1718 2519 suspe-

916 2533 975 2557 ctos
985 2529 1124 2557 habebunt
1136 2529 1260 2564 Romani,
1275 2533 1303 2556 et
1317 2529 1414 2556 tollent
1425 2533 1534 2556 nostras
1547 2527 1680 2562 civitates,
1691 2531 1719 2556 et

916 2578 1048 2602 evertent.
1062 2575 1128 2602 Hinc
1142 2578 1246 2608 autem,
1262 2578 1291 2601 ut
1301 2573 1368 2607 dixi,
1384 2581 1441 2610 pra:
1458 2573 1561 2601 malitia
1578 2572 1716 2600 dicebant.

917 2619 957 2646 Ut
975 2619 1050 2646 enim
1070 2627 1125 2646 non
1141 2619 1266 2646 videatur
1284 2619 1404 2646 insidiari
1420 2618 1531 2646 Christo
1547 2621 1659 2653 propter
1674 2617 1717 2643 in-

917 2663 1020 2691 vidiam
1044 2672 1192 2691 commune
1210 2663 1362 2699 periculum
1381 2663 1407 2690 in
1434 2663 1558 2691 medium
1584 2661 1716 2694 afferunt,

917 2709 1085 2736 concitantes
1110 2709 1241 2744 populum
1266 2712 1362 2736 contra
1385 2708 1536 2739 Christum,
1559 2705 1636 2742 quasi
1659 2712 1718 2741 per-

917 2752 1028 2782 ditionis
1053 2757 1149 2782 auctor
1162 2753 1206 2781 ille
1225 2757 1297 2782 esset
1315 2752 1439 2781 futurus.
1466 2751 1566 2787 Accipe
1583 2754 1676 2778 autem
1691 2753 1722 2778 et
