1922 3077
229 176 278 203 107

735 173 992 204 THEOPIIYLACT!
1012 175 1191 205 BULGARIE
1209 177 1368 205 ARCHIEP.

1826 174 1872 201 108

225 238 304 266 aliter
319 237 484 265 miraculum
498 236 561 264 hoc.
579 237 629 264 Est
647 235 720 264 enim
735 244 812 265 mens
829 242 924 265 nostra
936 238 1022 266 amica

1081 241 1168 274 αὐτοῖς
1200 239 1335 273 ἀπωλείας
1360 238 1495 278 ἐσομένου.
1524 236 1657 276 Λάμϐανε
1694 235 1723 265 δέ
1751 247 1796 274 μοι
1827 236 1869 265 καὶ

225 283 358 311 Christo:
377 289 450 317 saepe
470 285 563 309 autem
586 281 619 309 ab
636 281 760 310 humana
781 282 900 310 vincitur
915 287 1022 317 natura,

225 331 253 355 et
271 327 365 355 incidit
389 327 418 354 in
440 330 593 362 peccatum,
620 330 649 354 et
672 326 791 354 moritur
813 331 903 355 morte
923 328 1024 356 anima:

226 371 388 405 miserabili,
411 371 491 407 digna
513 371 556 399 cui
580 371 739 399 misereatur
760 371 894 400 Christus.
913 372 1024 401 Amicus

227 417 302 445 enim
316 421 358 445 est
373 416 398 444 ei
413 423 475 452 qua:
494 420 535 444 est
560 420 678 444 mortua.
695 417 809 444 Sorores
832 416 914 453 igitur
935 421 962 445 et
978 425 1024 446 co-

227 466 318 498 gnatae
340 461 440 489 mentis
465 465 593 495 mortuae,
622 469 685 489 caro
710 465 742 488 ut
764 461 871 489 Martha
898 462 1025 496 [crassior

228 507 300 535 enim
327 509 354 534 et
379 505 567 541 corpulentior
592 510 633 533 est
661 505 786 540 Martha],
812 506 904 534 anima
932 511 1025 535 autem

229 556 259 580 ut
272 551 360 579 Maria
385 551 455 586 [quae
469 550 555 586 magis
575 549 619 586 pia
640 554 667 578 et
688 550 823 584 honesta],
847 551 978 579 accedant
991 551 1026 580 ad

228 596 381 629 Christum,
408 598 438 623 et
463 595 613 631 procidant,
641 595 770 623 habentes
793 599 822 624 et
845 595 1025 624 confessionis

227 640 407 676 cogitationes
419 644 576 676 sequentes,
596 644 627 668 ut
640 640 693 668 illas
707 639 828 668 Judmos.
847 641 934 669 Judas
951 642 1025 670 enim

227 686 358 719 confessio
390 684 500 713 dicitur.
535 685 656 713 Omnino
686 686 823 714 Dominus
857 686 956 714 astabit
991 686 1026 714 ad

227 731 394 766 sepulcrum,
417 734 445 758 et
469 730 620 758 caacitatem
642 738 725 765 supra
746 731 912 758 memoriam
930 731 1024 766 jacen—

229 779 296 809 tem,
311 774 391 811 quasi
407 774 527 810 lapidem
547 774 603 802 tolli
615 775 734 810 jubebit,
753 775 782 802 in
800 776 968 803 memoriam
984 784 1025 804 re-

228 819 354 848 ducendo
369 819 462 847 futura
482 823 510 847 et
534 819 609 847 bona
633 823 660 847 et
680 820 825 856 supplicia,
844 820 1025 856 clamabitque

229 872 326 900 magna
340 864 490 892 vocetuba:
499 864 670 900 evangelicae,
688 874 702 890 ι(
714 865 828 898 Lazare,
846 865 905 892 veni
920 865 995 893 foras
1009 878 1021 890 ν

229 917 245 937 e
259 909 364 937 mundo
378 918 385 938 :
397 917 432 936 ne
441 909 477 937 sis
488 908 610 945 sepultus
624 909 653 936 in
665 909 862 945 temporalibus
873 909 1024 938 distractio-

228 954 311 982 nibus
326 958 353 982 et
369 953 577 989 affectionibus;
595 954 666 981 sicut
688 958 714 982 et
728 954 868 990 discipulis
891 954 1000 983 dicebat
1018 965 1023 983 :

230 1010 243 1023 σι
264 1000 325 1027 Non
340 999 406 1027 estis
433 1006 466 1026 ex
487 998 591 1027 mundo
614 998 636 1015 ⁸⁷
656 1010 664 1032 ;
685 1010 697 1022 ι»
717 1003 744 1027 et
763 999 864 1027 iterum
889 1000 990 1028 Paulus
1017 1010 1023 1028 :

230 1052 245 1070 α
265 1045 299 1071 Et
317 1051 370 1072 nos
392 1051 522 1072 exeamus
539 1044 573 1072 ad
585 1048 739 1074 eumextra
756 1048 845 1072 castra
865 1043 913 1079 57',
938 1056 950 1068 υ
973 1044 1026 1073 hoc

227 1093 270 1116 est
290 1088 438 1122 mundum;
461 1093 542 1125 atque
565 1089 604 1116 ita
630 1088 760 1116 excitabit
777 1097 794 1117 a
815 1093 927 1125 peccato
947 1097 1024 1118 mor-

229 1137 310 1161 tuum
336 1137 478 1169 corruptas
505 1133 651 1161 habentem
675 1133 779 1161 malitia
802 1134 953 1168 cicatrices,
978 1134 1024 1170 qui

230 1182 339 1214 propter
358 1178 412 1206 hoc
435 1177 551 1206 faetebat
573 1178 635 1214 quia
665 1178 868 1214 quatriduanus
897 1183 1024 1207 mortuus

227 1227 296 1258 erat,
320 1227 439 1260 quatuor
459 1222 558 1251 divinis
573 1227 601 1251 et
615 1222 714 1251 lucidis
733 1223 879 1251 virtutibus
891 1223 1022 1260 privatus,

227 1272 254 1296 et
274 1268 308 1296 ad
322 1268 381 1296 illas
405 1267 553 1296 immobilis
568 1271 594 1295 et
614 1267 720 1296 otiosus
742 1268 886 1296 exsistcns.
907 1269 1024 1296 Verum-

226 1317 320 1341 tamen
338 1313 465 1349 quamvis
479 1317 507 1340 et
531 1312 682 1340 immobilis
702 1312 796 1347 fuerit,
813 1321 966 1349 manusque
991 1321 1024 1341 ac

227 1357 313 1393 pedes
332 1357 457 1391 vinctus,
482 1365 514 1385 ac
541 1357 718 1393 propriorum
741 1357 827 1392 666
847 1361 1024 1393 peccatorum

226 1402 331 1430 catenis
350 1402 527 1435 constrictus,
543 1405 570 1428 et
581 1401 616 1429 ad
636 1409 721 1429 omne
739 1409 809 1436 opus
821 1402 926 1429 bonum
939 1401 1023 1430 inuti-

227 1446 263 1474 lis
285 1446 448 1480 declaratus,
474 1445 599 1481 quamvis
612 1445 694 1472 etiam
718 1445 819 1473 faciem
838 1445 951 1474 sudario
976 1446 1024 1474 ob-

227 1493 326 1523 tectus,
345 1490 381 1517 ita
402 1494 433 1518 ut
456 1489 524 1516 nihil
541 1489 665 1517 divinum
685 1489 776 1517 videre
790 1496 870 1526 queat
892 1498 908 1517 a
922 1490 1023 1518 carnali

227 1534 382 1562 velamento
394 1534 552 1569 impeditus,
569 1534 635 1561 etin
645 1541 753 1562 summa
764 1534 881 1570 pessime
897 1534 1021 1566 affectus,
1039 1537 1060 1569 C

226 1582 255 1607 et
266 1578 419 1606 secundum
433 1578 562 1606 virtutem
571 1578 731 1614 practicam,
747 1586 808 1614 quae
819 1587 869 1614 per
884 1587 983 1607 manus
996 1584 1024 1608 et

227 1623 324 1660 pedes,
338 1623 525 1651 etsecundum
535 1623 786 1659 contemplativam,
799 1631 860 1659 qua:
873 1632 920 1660 per
929 1629 1022 1653 conte-

226 1672 300 1696 ctam
312 1667 411 1695 faciem
424 1667 592 1703 signiﬁcatur
606 1675 613 1694 :
628 1667 760 1704 quamvis,
780 1668 903 1704 inquam,
917 1669 955 1697 sic
970 1669 1021 1697 mi-

226 1720 286 1741 sere
302 1712 412 1744 habeat,
426 1712 518 1740 audiet
533 1716 626 1739 tamen
647 1722 654 1740 :
676 1712 805 1741 «Solvite
821 1713 911 1748 illum,
929 1725 940 1738 ι
958 1713 1022 1742 boni

225 1761 254 1785 et
274 1756 425 1793 cooperarii
447 1756 543 1785 salutis
566 1757 655 1793 angeli
678 1757 719 1785 vel
743 1757 913 1793 sacerdotes,
934 1763 963 1786 et
982 1767 1023 1787 re-

226 1802 388 1830 missionem
401 1801 425 1830 ei
438 1801 500 1830 date
516 1806 700 1838 peccatorum,
719 1802 756 1830 ita
770 1807 801 1830 ut
815 1803 856 1830 ire
872 1811 904 1831 ac
919 1803 1021 1832 moveri

224 1847 312 1883 possit
337 1846 372 1875 ad
393 1846 563 1883 operandum
584 1847 699 1875 bonum.
721 1847 840 1883 Quidam
860 1853 953 1876 autem
975 1857 1023 1884 per

223 1892 365 1920 Martham
380 1891 493 1928 quidem
506 1891 707 1920 intellexerunt
721 1892 892 1929 Synagogam
910 1893 1021 1921 Judzeo-

222 1944 286 1965 rum
307 1947 314 1965 :
331 1945 380 1973 per
393 1937 508 1965 Mariam
524 1945 599 1970 vero,
619 1937 771 1965 Ecclesium
786 1945 818 1965 ex
832 1938 956 1973 gentibus
972 1947 979 1966 :
996 1941 1024 1965 et

222 1982 365 2018 Synagoga
388 1981 501 2017 quidem
525 1981 689 2009 Judaeorum
716 1982 844 2010 turbatur
871 1982 942 2010 circa
966 1983 1022 2017 plu-

222 2026 293 2054 rima
321 2026 414 2059 (multa
438 2025 512 2053 enim
538 2030 602 2053 sunt
621 2025 752 2053 mandata
776 2025 841 2061 legis
866 2029 894 2053 et
907 2030 1023 2061 operatu

222 2070 363 2103 difﬁcilia),
383 2074 412 2097 at
425 2069 545 2097 Ecclesia
568 2077 600 2097 ex
623 2070 750 2105 gentibus
768 2078 823 2097 non
838 2070 936 2098 multis
955 2078 1023 2106 opus

223 2113 307 2142 habet
331 2113 480 2147 mandatis,
507 2113 555 2142 sed
579 2114 682 2149 paucis,
706 2114 734 2141 in
754 2113 856 2150 quibus
877 2125 890 2138 «
907 2118 965 2142 tota
980 2115 1022 2143 lex

223 2162 252 2186 et
267 2158 406 2194 propheta:
429 2157 549 2193 pendent
569 2157 603 2193 ⁸⁸,
622 2170 635 2182 ››
663 2166 724 2194 quae
748 2159 781 2187 de
807 2158 941 2187 charitate
970 2168 1020 2196 po-

223 2203 274 2231 sita
289 2207 355 2231 sunt
369 2211 376 2230 :
391 2211 437 2238 per
451 2203 563 2230 fratrem
576 2208 669 2231 autem
687 2203 808 2237 illarum,
825 2204 871 2239 qui
887 2213 919 2232 ex
941 2212 1018 2233 mor-

219 2248 279 2276 tuis
293 2249 420 2280 surrexit,
438 2248 544 2276 animas
557 2256 620 2284 quae
640 2252 752 2285 prepter
771 2250 965 2284 peccatumjn
980 2249 1021 2278 in-

221 2292 333 2321 fernum
353 2293 532 2324 descendunt,
559 2293 636 2329 juxta
663 2293 729 2322 illud
754 2303 761 2322 :
788 2305 799 2318 «ι
822 2295 1023 2323 Convertantur

221 2342 380 2374 peccatores
394 2337 422 2365 in
434 2337 574 2366 infernum
587 2337 635 2365 38'.
654 2348 668 2366 »
685 2338 749 2366 Illas
763 2338 839 2366 enim
862 2339 970 2368 animas
983 2348 1023 2368 re-

221 2383 339 2411 suscitat
360 2383 504 2411 Dominus.

220 2427 477 2467 νενομοθετημένων.
507 2427 631 2468 Ἀδελφὸν
664 2428 692 2458 δὲ
717 2428 817 2458 τούτων
850 2429 880 2459 ἐκ
912 2431 1012 2470 νεκρῶν

219 2473 457 2513 καταϐαινόντων,
481 2473 550 2503 κατὰ
578 2473 626 2511 τὸ,
659 2484 674 2503 (ι
706 2473 966 2515 Ἀποστραφήτωσαν
993 2477 1017 2505 οἱ

220 2518 314 2558 ἄνιστᾷ
331 2520 344 2547 6
360 2518 467 2558 Κύριος.

255 2568 344 2596 Vens.
368 2570 460 2595 49-53.
486 2579 499 2592 ιι
527 2566 608 2596 Unus
631 2572 724 2597 autem
747 2575 781 2598 ex
803 2567 869 2605 ipsis
892 2568 1017 2606 Caiphas,

218 2619 283 2640 cum
296 2616 368 2640 esset
390 2612 512 2648 pontifex
531 2613 593 2641 anni
617 2613 700 2648 illius,
715 2614 784 2642 dixit
803 2615 840 2642 eis
865 2624 871 2642 :
893 2616 949 2643 Vos
970 2623 1019 2643 ne-

217 2656 295 2685 scitis
307 2657 467 2693 quidquam,
480 2666 532 2686 nec
548 2658 712 2693 perpenditis
723 2659 799 2694 quod
812 2659 918 2695 expedit
937 2660 1017 2689 nobis

216 2706 248 2730 ut
261 2711 332 2731 unus
353 2702 438 2730 homo
465 2703 600 2731 moriatur
622 2711 671 2739 pro
696 2704 808 2740 populo,
829 2712 861 2732 ac
885 2713 942 2732 non
957 2709 1014 2733 tota

217 2755 282 2782 gens
300 2752 402 2783 pereat.
416 2748 477 2776 Hoc
489 2753 582 2777 autem
597 2756 613 2775 a
635 2749 784 2785 semetipso
800 2758 857 2778 non
872 2749 950 2784 dixit,
965 2749 1015 2778 sed

253 2835 275 2854 ⁸⁷
287 2837 366 2866 Joan.
378 2846 430 2874 xv,
446 2841 486 2867 19.
527 2837 549 2858 ⁸⁷
560 2839 646 2867 Hebr.
655 2845 723 2875 xlii,
740 2844 782 2869 13.

1041 891 1064 922 Β

821 2841 860 2861 εδ*
872 2840 970 2870 Matth.
981 2847 1072 2874 xxiii,
1084 2842 1130 2868 40.

1078 285 1122 314 ἐπὶ
1137 285 1171 314 τὰ
1192 285 1245 315 ἔσω
1271 285 1302 315 τὸ
1324 286 1415 323 θαῦμα
1439 286 1524 313 τοῦτο.
1541 280 1622 312 Ἐστι
1650 281 1697 319 μὲν
1714 280 1766 320 γὰρ
1789 282 1803 310 6
1819 284 1871 315 νοῦς

1078 331 1154 367 ἡμῶν
1179 330 1252 370 φίλος
1266 329 1395 370 Χριστῷ,
1421 328 1550 361 πολλάκις
1572 326 1600 356 δὲ
1623 328 1658 366 τῇ
1686 325 1808 366 ἀσθενείᾳ
1834 337 1870 354 νι-

1078 373 1196 412 κώμενος
1221 377 1267 410 τῆς
1284 372 1449 414 ἀνθρωπίνης
1475 373 1595 412 φύσεως,
1622 370 1801 411 ἁμαρτήματι
1824 382 1872 399 πεο

1079 419 1215 459 ριπίπτει,
1245 419 1291 449 καὶ
1321 418 1428 453 θνήσκει
1451 417 1563 447 θάνατον
1589 415 1702 456 ψυχικὸν
1719 415 1766 444 καὶ
1795 414 1872 444 οἴκτι-

1079 475 1159 501 στον,
1185 464 1236 493 ὑπὸ
1261 463 1293 493 δὲ
1319 464 1437 503 Χριστοῦ
1463 463 1594 491 ἐλεεῖσθαι
1614 460 1685 495 ἄξιον
1725 459 1798 500 φίλος
1824 459 1872 500 γάρ

1079 509 1149 538 ἐστιν
1174 511 1188 538 6
1216 507 1358 544 τεθνηκώς.
1386 509 1421 537 Αἱ
1452 506 1565 546 ἀδελφαὶ
1590 505 1678 535 τοίνυν
1703 504 1750 534 καὶ
1778 515 1871 543 συγγε-

1078 557 1130 587 νεῖς
1153 556 1198 583 τοῦ
1223 555 1362 586 τεθνεῶτος
1385 554 1442 588 νοῦ,
1468 550 1534 590 σὰρξ
1555 552 1591 584 ὡς
1616 549 1716 590 Μάρθα
1741 549 1872 589 (σωματισ

1079 599 1182 639 κωτέρα
1198 597 1250 639 γὰρ
1265 598 1310 627 καὶ
1329 596 1476 636 ὓλικωτέρα
1492 597 1509 631 ἡ
1526 595 1667 635 Μάρθα),
1684 593 1731 639 καὶ
1838 595 1870 627 ὡς

1079 642 1175 683 Μαρία
1214 638 1373 683 (σεμνοτέρα
1401 641 1452 681 γὰρ
1487 640 1533 670 καὶ
1559 638 1740 679 εὖλαϐεστέρα
1763 638 1869 683 αὕτη),

1079 688 1298 728 προσελθέτωσαν
1397 687 1528 726 Χριστῷ,
1559 685 1604 714 καὶ
1630 682 1869 724 προσπεσέτωσαν,

1080 732 1188 773 ἔχουσαι
1207 732 1253 762 καὶ
1269 732 1330 766 τοὺς
1353 733 1400 767 τῆς
1419 729 1631 769 ἔξομολογήσεως
1645 727 1791 766 λογισμοὺς
1812 740 1869 757 συν-

1079 778 1236 816 επομένους,
1257 779 1292 811 ὡς
1316 778 1413 807 ἐκεῖναι
1432 776 1492 809 τοὺς
1512 774 1664 808 Ἰουδαίους.
1686 773 1790 806 Ἰούδας
1804 772 1869 813 γὰρ,

1080 821 1109 856 ἐξ
1118 823 1158 860 ο’μ
1165 834 1178 851 o
1185 824 1200 851 λ
1207 823 1219 851 ό
1227 834 1266 861 γη
1275 833 1306 851 σι
1315 834 1326 855 ς
1343 822 1456 860 λέγεται.
1482 820 1536 850 Καὶ
1560 819 1666 853 πάντως
1685 819 1700 848 6
1726 817 1821 858 Κύριος
1834 820 1869 858 τῷ

1080 867 1200 906 μνήματι
1225 868 1347 902 ἐπιστὰς,
1376 865 1421 896 καὶ
1447 865 1494 901 τὴν
1523 863 1691 902 ἐπικειμένην
1781 861 1867 902 μνήμῃ

1079 911 1223 952 πώρωσιν,
1253 911 1344 951 ὥσπερ
1375 911 1434 940 τινὰ
1468 909 1539 939 λίθον
1578 910 1690 948 ἀρθῆναι
1731 906 1866 942 κελεύσας,

1079 951 1245 996 εἰςνμνήμην
1268 956 1356 995 ἀγάγῃ
1382 957 1434 984 τῶν
1459 954 1608 993 μελλόντων
1633 953 1740 992 ἀγαθῶν
1764 951 1808 981 καὶ
1827 963 1867 981 x0-

1079 1002 1192 1031 λᾶσεωνι
1217 1002 1263 1030 καὶ
1283 1001 1398 1041 φωνήσει
1417 999 1520 1039 μεγάλῃ
1544 1001 1592 1035 τῆς
1617 998 1791 1041 εὖαγγελικῆς
1808 996 1869 1026 σάλ-

1080 1058 1172 1086 πιγγος
1193 1048 1266 1087 φωνῇ
1278 1040 1293 1064 ’ν
1314 1056 1328 1073 (ι
1349 1045 1468 1084 Λάζαρε,
1485 1044 1560 1083 δεῦρο
1585 1042 1634 1076 ἔξω
1649 1052 1665 1071 D
1690 1044 1738 1071 τοῦ
1762 1040 1869 1087 κόσμου,

1081 1085 1121 1128 μὴν
1145 1085 1274 1120 ἐνθαίτττου
1298 1093 1350 1123 τοῖς
1383 1091 1515 1129 βιωτικοῖς
1534 1090 1733 1127 περισπασμοῖς
1756 1086 1801 1115 καὶ
1821 1085 1871 1115 πά-

1080 1138 1164 1165 θεσιν·
1184 1135 1274 1176 ὥσπερ
1291 1135 1336 1164 καὶ
1350 1139 1403 1167 τοῖς
1420 1134 1552 1172 μαθηταῖς
1567 1131 1672 1171 ἔλεγενυ
1702 1141 1717 1160 ιι
1742 1130 1800 1176 Οιῦκ
1815 1130 1868 1176 ἐστὲ

1079 1181 1109 1209 ἐκ
1122 1183 1170 1210 τοῦ
1192 1173 1308 1219 κόσμου’
1326 1191 1339 1207 ι)
1357 1178 1402 1208 καὶ
1423 1177 1504 1208 πάλιν
1518 1178 1532 1206 6
1554 1177 1672 1213 Παῦλος,
1693 1186 1707 1205 ιι
1725 1173 1780 1205 Καὶ
1799 1175 1870 1213 ἡμεῖς

1079 1224 1237 1265 ἐξερχόμεθα
1253 1224 1318 1264 πρὸς
1333 1222 1410 1253 αὐτὸν
1428 1222 1477 1257 ἔξω
1498 1224 1545 1257 τῆς
1557 1219 1744 1261 παρεμϐολῆς,
1757 1230 1869 1265 »γτουτ-

1079 1264 1153 1307 ἐστι,
1181 1272 1226 1299 τοῦ
1263 1268 1380 1307 κόσμου,
1415 1267 1461 1297 καὶ
1482 1266 1574 1307 ,οὕτως
1599 1266 1714 1305 ἐξεγερεῖ
1740 1264 1795 1294 ἀπὸ
1824 1266 1868 1300 τῆς

1078 1314 1210 1354 ἁμαρτίας
1233 1313 1277 1343 τὸν
1300 1315 1449 1349 τεθνεῶτα,
1475 1306 1498 1351 ᾧ
1516 1310 1688 1357 προσώζεσαν
1705 1311 1753 1346 τῆς
1778 1309 1868 1342 κακίας

1079 1360 1101 1388 οἱ
1119 1359 1259 1398 μώλωπες.
1274 1357 1325 1391 ⁸ος
1341 1357 1384 1387 διὰ
1407 1359 1484 1386 τοῦτο
1499 1355 1603 1389 ὀδωδὼς
1624 1354 1667 1391 ἦν,
1689 1354 1757 1384 διότι
1778 1365 1867 1394 τετρα-

1078 1403 1175 1444 ήμερος
1203 1403 1290 1443 νεκρὸς
1317 1399 1370 1441 ἦν,
1398 1405 1456 1435 ταῖς
1484 1400 1626 1441 τέσσαρσιν
1657 1402 1798 1439 ἧμεριναῖς
1823 1398 1865 1427 καὶ

1078 1442 1215 1488 φωτειναῖς
1231 1449 1337 1488 ἀρεταῖς
1360 1445 1572 1485 ἀπονεκρωθὶες,
1589 1444 1635 1474 καὶ
1659 1444 1739 1483 ἀργὸς
1766 1442 1801 1472 ὢν
1824 1442 1868 1473 καὶ

1078 1487 1199 1529 ἀκίνητος
1222 1487 1288 1532 πρὸς
1307 1491 1398 1525 αὐτάς.
1430 1489 1508 1526 Πλὴν
1534 1491 1593 1519 ἀλλ’
1629 1491 1651 1519 εἶ
1672 1489 1721 1517 καὶ
1751 1487 1868 1532 ἀκίνητος

1076 1533 1126 1574 ἦν,
1151 1537 1196 1566 καὶ
1218 1531 1264 1570 τᾶς
1282 1540 1374 1576 χεῖρας
1398 1535 1444 1566 καὶ
1460 1534 1517 1568 τοὺς
1540 1534 1622 1568 πόδας
1648 1532 1798 1573 δεδεμένος,
1824 1531 1867 1562 καὶ

1077 1586 1136 1616 ταῖς
1165 1582 1263 1622 σειραῖς
1292 1583 1344 1610 τῶν
1378 1581 1481 1610 οἰκείων
1511 1579 1650 1619 ἁμαρτιῶν
1679 1578 1865 1619 σφιγγόμενος,

1077 1627 1123 1656 καὶ
1148 1621 1284 1667 ἄπρακτος
1310 1625 1398 1662 πάντη
1429 1622 1612 1662 δεικνύμενος,
1633 1623 1676 1652 ναὶ
1704 1622 1774 1661 μὴν,
1801 1621 1866 1651 ἀλλὰ

1076 1671 1122 1701 καὶ
1220 1671 1279 1711 ὄψιν
1305 1669 1437 1710 σουδαρίῳ
1456 1667 1674 1706 κεκαλυμμένος,
1699 1667 1770 1697 ὥστε
1788 1666 1865 1706 μηδὲν

1076 1715 1146 1756 ἔχειν
1165 1718 1226 1755 ὁρᾷν
1250 1719 1317 1745 θεῖον
1334 1714 1384 1744 ὑπὸ
1399 1717 1445 1744 τοῦ
1461 1716 1588 1753 σαρκικοῧ
1612 1711 1789 1750 καλύμματος
1810 1711 1865 1740 ἔπι-

1076 1754 1266 1801 προσθοῧντος·
1292 1760 1409 1792 συνόλως
1435 1759 1463 1788 δὲ
1489 1759 1572 1787 εἰπεῖν
1595 1756 1742 1796 παγκάκως
1772 1754 1865 1786 διακεί-

1077 1798 1153 1844 μενος
1166 1805 1211 1836 καὶ
1232 1805 1302 1835 κατὰ
1317 1804 1347 1834 τὸ
1371 1803 1516 1844 πρακτικὸν
1526 1824 1534 1839 ,
1550 1801 1564 1832 ὃ
1588 1801 1631 1831 διὰ
1646 1802 1699 1831 τῶν
1714 1802 1811 1842 χειρῶν
1824 1798 1865 1844 καὶ

1075 1842 1127 1880 τῶν
1143 1851 1230 1880 ποδῶν
1247 1851 1373 1886 δηλοῦται
1384 1842 1399 1886 ,η
1414 1848 1459 1878 καὶ
1473 1846 1543 1877 κατὰ
1559 1846 1589 1876 τὸ
1613 1845 1785 1886 θεωρητικὸν,
1799 1844 1813 1874 ὃ
1827 1842 1866 1873 διὰ

1075 1898 1121 1932 τῆς
1154 1893 1422 1936 περικεκαλυμμένης
1461 1893 1547 1933 ὅψεως
1582 1891 1817 1936 ὗποσῃμαίνεται·
1845 1889 1866 1917 εἰ

1075 1931 1120 1970 καὶ
1144 1931 1225 1973 οὕτως
1250 1934 1295 1968 οὖν
1321 1931 1420 1971 ἀθλίως
1449 1931 1523 1977 ἔχει,
1554 1935 1613 1965 ἀλλ’
1639 1931 1684 1965 οὖν
1713 1933 1865 1965 ἀκούσεται·

1075 1995 1090 2014 ))
1116 1984 1224 2015 Λύσατε
1255 1983 1353 2019 αὐτὸν,
1381 1992 1395 2010 ι)
1431 1983 1454 2011 οἱ
1481 1980 1576 2019 ἀγαθοὶ
1599 1979 1646 2009 καὶ
1675 1978 1798 2018 συνεργοὶ
1822 1978 1866 2012 τ’ἧς

1077 2029 1208 2068 σωτηρίας
1223 2027 1342 2067 ἄγγελοι,
1359 2026 1376 2062 ἢ
1400 2027 1424 2055 οἱ
1438 2027 1525 2066 ἱερεῖς,
1541 2025 1587 2054 καὶ
1610 2024 1704 2065 ἄφεσιν
1725 2025 1797 2064 αὖτῷ
1813 2022 1867 2068 δότε

1076 2076 1128 2103 τῶν
1153 2066 1303 2112 αμαρτιῶν,
1329 2070 1398 2100 ὥστε
1421 2071 1554 2109 ὑπάγειν,
1578 2068 1623 2098 καὶ
1649 2071 1780 2099 κινεῖσθαι
1806 2066 1868 2106 πρὸς

1076 2111 1275 2158 ἔργασίανντοῦ
1291 2117 1403 2156 ἀγαθοῦ.
1429 2114 1504 2148 Τινὲς
1524 2114 1551 2144 δὲ
1576 2113 1691 2154 Μάρθαν
1708 2114 1757 2152 μὲν
1781 2111 1866 2158 ἐνόμι-

1035 2178 1060 2209 D
1076 2154 1124 2192 σαν
1221 2154 1384 2209 Συναγωγῇν
1407 2161 1458 2209 τῶν
1473 2158 1623 2209 Ἰουδαίων,
1640 2158 1750 2209 Μαρίαν
1765 2156 1810 2209 46’s-
1821 2154 1866 2190 τὴν

1075 2209 1128 2236 τῶν
1151 2207 1242 2236 ἐθνῶν.
1263 2205 1299 2236 cﬂ
1327 2205 1374 2244 μὲν
1398 2204 1450 2244 γὰρ
1473 2205 1524 2233 τῶν
1550 2203 1685 2233 Ἰουδαίων
1711 2201 1866 2240 τυρϐάζεται

1076 2251 1136 2292 περὶ
1152 2250 1239 2280 πολλὰ
1263 2249 1381 2291 (πολλαὶ
1404 2243 1455 2288 γὰρ
1477 2249 1505 2278 αἱ
1530 2250 1575 2277 τοῦ
1590 2247 1670 2285 νόμου
1696 2243 1867 2292 ἐντολαιμὶιαὶ

1077 2290 1342 2336 δυσκατέργαστοι),
1371 2296 1386 2330 ἡ
1412 2293 1440 2323 δὲ
1455 2295 1507 2322 τῶν
1531 2294 1610 2322 ἐθνῶν
1634 2292 1739 2336 οὐῌτῶν
1765 2290 1866 2336 πολλῦξν

1076 2341 1171 2382 χρῄζει
1194 2332 1319 2378 ιῖντολῶν,
1333 2339 1402 2368 ἀλλὰ
1418 2339 1469 2368 τῶν
1492 2337 1597 2377 ὀλίγων,
1619 2338 1644 2366 ἐν
1658 2332 1696 2370 οἷς
1711 2337 1769 2382 ὅλος
1790 2333 1865 2382 δινά-

1147 2385 1193 2414 καὶ
1217 2386 1240 2414 οἱ
1266 2385 1400 2424 προφῆται
1421 2382 1585 2423 κρέμανται,
1609 2382 1661 2410 τῶν
1679 2381 1740 2422 περὶ
1763 2378 1866 2424 ἀγάπης

1045 2423 1231 2468 ἀνιστάμενον,
1258 2428 1304 2462 τὰς
1325 2423 1416 2469 νψυχὰς
1447 2429 1499 2457 τῶν
1531 2427 1564 2456 δι’
1582 2425 1715 2469 ἁμαρτίας
1739 2425 1776 2458 εἷς
1804 2423 1866 2469 ᾅδην

1046 2465 1200 2516 ἁμαρτωλοὶ
1223 2475 1258 2508 εἷς
1286 2465 1434 2513 τὸν-ᾅδην.
1457 2483 1472 2502 ι)
1503 2470 1613 2505 Ταύτας
1638 2465 1683 2501 οὖν
1709 2469 1758 2504 τὰς
1784 2466 1865 2510 ψυχὰς

1117 2577 1131 2594 ιι
1155 2559 1202 2599 Εἷς
1219 2562 1248 2594 δέ
1259 2574 1298 2598 τις
1313 2562 1338 2598 ἐξ
1354 2563 1451 2599 αὐτῶν,
1469 2561 1605 2602 Καϊάφας,
1621 2559 1759 2602 ἀρχιερεὺς
1771 2556 1808 2588 ὢν
1818 2557 1861 2586 τοῧ

1074 2609 1193 2640 ἐνιαυτοῦ
1217 2609 1333 2644 ἐκείνου,
1360 2603 1431 2637 εἷπεν
1455 2608 1559 2641 αὖτοῖς·
1585 2605 1679 2643 Ὑμεῖς
1703 2606 1751 2635 οὐκ
1779 2602 1862 2647 οἴδατε

1072 2655 1144 2685 οὐδὲν
1158 2678 1166 2694 ,
1182 2653 1240 2684 οὐδὲ
1257 2653 1435 2692 διαλογίζεσθε
1446 2674 1454 2689 ,
1479 2652 1519 2681 ὅτι
1536 2650 1664 2692 συμφέρει
1679 2650 1755 2690 ἡμῖν,
1769 2647 1814 2694 ἵνα
1827 2647 1860 2694 εἷς

1072 2700 1208 2740 ἄνθρωπος
1233 2699 1352 2738 ἀποθάνῃ
1373 2696 1438 2736 ὑπὲρ
1462 2699 1507 2726 τοῦ
1529 2697 1605 2733 λαοῦ,
1626 2695 1672 2725 καὶ
1696 2695 1733 2740 μλὴ
1755 2693 1813 2723 ὅλον

1070 2733 1140 2779 ἔθνος
1155 2743 1300 2780 ἀπόληται.
1319 2733 1405 2774 Τοῦτο
1424 2742 1451 2772 δὲ
1468 2742 1513 2782 ἀφ’
1535 2743 1629 2772 ἑαυτοῦ
1641 2741 1689 2771 οὐκ
1701 2735 1773 2770 εἶπεν
1784 2760 1793 2775 ,
1809 2733 1863 2766 ἀλλ’

1171 2838 1290 2868 ³⁸Ῥείι1.
1305 2846 1348 2873 ix,
1363 2839 1394 2867 18
