1922 3077
42 209 93 236 109

444 205 640 234 ENARRATIO
660 206 691 233 IN
712 204 927 233 EVANGELIUM
945 204 1092 232 JOANNIS.
1112 219 1147 224 —
1165 205 1240 232 CAP.
1260 206 1303 233 ΧΙ.

1643 210 1694 237 H0

41 269 184 311 ἀρχιερεὺς
211 268 248 298 ὢν
281 270 327 298 τοῦ
353 268 471 298 ἐνιαυτοῦ
499 267 598 297 ἐκείνου
630 267 863 308 προεφήτευσενμ

907 280 961 300 sum
980 275 1051 299 esset
1072 271 1197 307 pontifex
1211 271 1275 299 anni
1290 271 1371 303 illius,
1388 271 1550 301 vaticinatus
1561 278 1603 302 est
1621 275 1696 311 quod

41 315 83 345 ὅτι
104 315 219 353 ἔμελλεν
244 314 346 350 Ἰησοῦς
374 313 551 349 ἀποθνήσκειν
568 313 634 353 ὑπὲρ
660 315 707 342 τοῦ
734 313 840 350 ἔθνους,

41 361 89 390 καὶ
108 361 162 400 οὐχ
187 359 254 398 ὑπὲρ
283 361 330 388 τοῦ
362 357 449 392 ἔθνους
476 358 564 396 μόνον,
591 357 652 387 ἀλλ’
673 357 717 386 ἵνα
740 358 785 386 καὶ
809 358 843 386 τὰ

42 405 125 435 τέκνα
147 406 196 434 τοῦ
213 406 284 434 Θεοῦ
299 403 332 432 τὰ
347 402 570 442 διεσκορπισμένα
586 402 723 442 συναγάγῃ
747 405 783 436 εἰς
804 402 842 432 ἕν.

43 450 105 480 Ἀπ’
133 449 235 484 ἐκείνης
259 443 304 478 οὖν
329 450 376 483 τῆς
399 447 502 487 ἡμέρας
524 447 775 486 συνεϐουλεύσαντο,
801 445 843 475 ἵνα

43 494 239 525 ἀποκτείνωσιν
264 493 354 523 αὐτόν.
371 504 386 520 ››
414 492 489 522 Μετὰ
508 494 559 521 τῶν
584 492 672 521 ἄλλων
686 492 776 521 καὶτὸ
797 494 845 527 τῆς

43 539 251 581 ἀρχιερωσύνης
270 537 397 581 Δ’ἀξίωμα
429 536 504 577 παρὰ
539 542 593 571 τοῖς
624 536 761 570 Ἰουδαίοις
791 536 845 565 διέ-

42 575 160 625 φθαρτο.
179 583 234 624 Ἀφ’
257 578 286 612 οὗ
305 582 356 621 γὰρ
376 575 477 617 ὠνηταί
491 581 629 621 γεγόνασιν
647 583 674 610 αἱ
687 581 782 620 ἀρχαὶ,
798 582 846 609 οὐκ

43 630 84 660 ἔτι
100 629 148 659 τὸν
165 629 272 658 ἅπαντα
287 627 381 667 χρόνον
403 629 451 663 τῆς
466 629 544 663 ζωῆς,
569 626 628 655 ἀλλ’
644 626 762 655 ἐνιαυτὸν
784 626 845 655 κατ’

43 674 168 704 ἐνιαυτὸν
192 672 338 712 ἱεράτευον.
355 671 433 707 Πλὴν
465 671 534 700 ἀλλὰ
558 671 604 700 καὶ
629 670 698 700 οὕτω
725 671 846 710 διεφθαρ-

45 721 130 758 μένου
142 721 190 748 τοῦ
205 717 353 756 ἀξιώματος
365 739 373 753 ,
388 717 460 754 ὅμως
475 716 521 746 καὶ
535 716 573 745 ἔτι
587 718 675 756 παρῆν
688 715 719 745 τὸ
736 716 846 751 Πνεῦμα

44 764 75 794 τὸ
102 764 181 803 ἅγιον
207 763 233 792 ιν
259 766 312 796 τοῖς
332 763 478 803 χρισθεῖσιν
503 763 634 801 ἐνεργοῦν.
657 759 772 795 Ἐπειδὴ
795 760 805 800 [

47 809 108 839 ἐπεὶ
130 802 178 848 δὲ]
202 807 248 837 καὶ
273 806 320 840 τὰς
343 808 434 846 χεῖρας
452 802 521 846 ἦραν
547 805 617 835 κατὰ
638 807 685 835 τοῦ
710 806 846 845 Χριστοῦ,

46 856 200 890 τηνικαῦτα
227 853 362 884 παντελῶς
389 853 406 887 ἡ
438 851 517 892 χάρις
547 850 642 883 αὐτοὺς
671 849 846 892 ἐγκατέλιπε,

48 899 94 929 καὶ
111 899 243 938 μετῆλθεν
269 897 313 926 ἐπὶ
329 896 388 930 τοὺς
411 890 585 930 ἀποστόλους.
607 896 642 926 Οἱ
659 895 706 933 μὲν
730 890 775 924 οὖν
801 894 848 923 ἅλ-

49 946 107 981 λοι,
138 944 165 972 ἐν
198 941 272 976 τάξει
305 942 402 981 βουλῆς
430 940 474 970 τὸν
505 942 550 970 τοῦ
584 941 702 981 Χριστοῦ
735 939 848 969 θάνατον

51 988 227 1019 ἐσκέπτοντο·
256 988 270 1016 ὃ
303 980 330 1016 δὲ
357 985 494 1026 ἀρχιερεὺς
523 985 606 1018 οὕτως
631 980 663 1021 ἧν
694 984 849 1025 μιαιφόνος,

52 1034 122 1065 ὥστε
146 1033 283 1072 γυμνῇ
306 1031 408 1072 κεφαλῇ
431 1029 499 1069 μετὰ
524 1030 686 1072 ἷταμᾷτητος
709 1029 851 1069 ἀποφήνα-

53 1082 114 1108 σθαι
139 1071 210 1108 κατὰ
225 1077 357 1117 Χριστοῦ’
378 1077 479 1114 μᾶλλον
502 1074 549 1114 μὲν
570 1071 614 1106 οὖν
629 1075 674 1104 καὶ
694 1078 747 1108 τοῖς
763 1074 852 1108 ἄλλοις

53 1123 252 1162 ἐπιμέμφεται,
277 1122 313 1155 ὡς
331 1120 369 1160 μὴ
386 1124 496 1151 συνιεῖσι
517 1120 548 1149 τὸ
571 1119 646 1159 δέον,
670 1119 717 1149 καὶ
743 1120 852 1159 ἀργοῦσι

54 1169 116 1208 περὶ
139 1168 188 1203 τὴν
216 1169 262 1196 τῶ
289 1167 467 1206 συμφέροντος
493 1165 597 1205 σκέψιν.
625 1178 638 1191 ι
669 1163 763 1203 Ὑμεῖς
785 1163 852 1204 γὰρ,

56 1213 137 1254 φησὶν
147 1235 156 1249 ,
174 1212 223 1242 οὖκ
244 1211 332 1241 οἴδατε
344 1210 427 1241 οὐδέν.
444 1223 456 1236 ι
472 1210 559 1249 Ἀργοί
575 1211 651 1247 ἐστι,
673 1209 756 1250 φησὶ,
774 1209 810 1242 εἷς
823 1208 854 1238 τὸ

56 1253 165 1295 νοῆσαι,
190 1256 237 1286 καὶ
261 1257 290 1286 οὖ
310 1256 444 1296 λογίζεσθε
466 1253 506 1284 ὅτι
525 1254 654 1294 συμφέρει
679 1254 725 1283 ἕνα
751 1256 855 1283 ἀποθα-

58 1307 124 1340 νεῖν,
134 1302 180 1332 καὶ
193 1303 308 1336 σωθῆναι
323 1301 366 1330 τὸν
378 1300 441 1330 λαὸν
456 1299 556 1330 πάντα.
570 1300 659 1329 Τοῦτο
669 1298 696 1328 δὲ
716 1298 761 1328 καὶ
777 1298 854 1332 αὐτὸς

60 1347 108 1387 μὲν
126 1347 213 1386 σκαιῷ
227 1347 348 1386 λογισμῷ
363 1340 437 1381 εἷπε,
453 1344 524 1380 πλὴν
544 1346 562 1380 ἡ
576 1344 654 1384 χάρις
668 1348 713 1374 τοῦ
731 1342 856 1381 Πνεύμα-

59 1404 103 1426 τος
121 1393 160 1432 τῷ
184 1391 298 1430 στόματι
318 1390 417 1420 ἐκείνου
434 1389 566 1429 ἐχρήσατο
581 1389 646 1428 πρὸς
665 1389 713 1424 τὴν
730 1391 776 1417 τοῦ
793 1388 856 1426 μέλ-

60 1439 151 1470 λοντος
164 1435 341 1476 προφητείαν,
357 1437 379 1476 εί
398 1435 442 1464 καὶ
458 1436 505 1470 τῆς
525 1439 623 1473 μιαρᾶς
646 1434 725 1462 αὐτοῦ
746 1432 857 1473 καρδίας

61 1483 111 1522 οὐχ
123 1475 227 1521 ἥψατοξ
240 1480 343 1510 Σκόπει
356 1475 400 1509 οὖν
414 1479 484 1514 πόση
506 1481 552 1508 τοῦ
569 1478 725 1516 Πνεύματος
743 1480 760 1513 ἡ
776 1477 857 1506 δύνα-

62 1539 118 1566 μις·
136 1525 190 1556 ἀπὸ
210 1525 262 1566 γὰρ
286 1524 401 1558 διανοίας
416 1528 533 1562 πονηρᾶς
550 1523 659 1564 ῥήματα
672 1522 857 1563 παρεσκεύασε

62 1572 218 1611 προελθεῖν,
245 1569 408 1610 προφητείαν
430 1569 526 1609 ἔχοντα
549 1568 715 1606 θαυμαστήν.
737 1567 858 1598 Ἀποθα-

63 1617 152 1649 νόντος
175 1615 227 1656 γὰρ
250 1615 367 1654 Χριστοῦ
391 1613 486 1647 πάντες
507 1614 531 1642 οἳ
553 1613 742 1646 πιστεύσαντες
760 1613 789 1641 ἐκ
813 1614 859 1641 τοῦ

64 1664 152 1694 ἔθνους
174 1662 222 1695 τῆς
243 1659 360 1698 μεγάλης
383 1659 429 1688 καὶ
458 1658 564 1688 αἰωνίου
584 1658 717 1691 κολάσεως
738 1656 859 1692 ἀπηλλά-

65 1717 166 1745 γησαν
187 1704 234 1734 καὶ
248 1705 299 1743 οὔχ
313 1703 379 1743 ὑπὲρ
400 1706 446 1733 τοῦ
468 1704 532 1732 λαοῦ
553 1702 631 1742 μόνον
647 1705 692 1731 τοῦ
713 1701 860 1732 Ἰουδαϊκοῦ

66 1750 214 1788 ἀπέθανεν,
234 1750 294 1778 ἀλλ’
307 1748 350 1778 ἵνα
373 1748 418 1778 καὶ
440 1747 474 1777 τὰ
495 1748 578 1777 λοιπὰ
603 1746 684 1777 τέκνα
697 1749 744 1777 τοῦ
769 1748 860 1782 Θεοῦ,

66 1795 205 1830 τουτέστι,
235 1794 269 1822 τὰ
297 1793 378 1831 ἔθνη,
411 1794 448 1827 εἷς
476 1792 503 1822 ἓν
532 1793 683 1832 συναγάγῃ.
713 1791 803 1822 Τέκνα
834 1791 861 1820 δὲ

65 1843 136 1872 Θεοῦ
150 1838 273 1877 ὀνομάζει
287 1838 321 1867 τὰ
341 1839 418 1874 ἔθνη,
437 1837 454 1872 ἢ
471 1837 523 1866 ἀπὸ
538 1839 585 1866 τοῦ
602 1836 742 1874 μέλλοντος
756 1835 862 1865 ἔσεσθαι

65 1884 142 1925 (ἐπεὶ
157 1884 211 1924 γὰρ
226 1883 337 1922 ἔμελλον
360 1882 480 1922 γενέσθαι
495 1882 575 1912 τέκνα
594 1882 665 1912 Θεοῦ
676 1904 684 1917 ,
704 1881 786 1914 οὕτως
811 1881 862 1909 αὖ-

65 1923 125 1964 τυδς
145 1928 284 1967 ὀνομάζει·
299 1927 392 1968 ὥσπερ
407 1927 453 1957 καὶ
473 1928 592 1967 ἀλλαχοῦ
610 1938 706 1967 φησιν,
721 1927 762 1955 ὅτι
777 1939 790 1952 ι
808 1923 863 1956 Καὶ

67 1975 137 2005 ἄλλα
151 1973 275 2014 πρόϐατα
293 1972 362 2013 ἔχω,
385 1987 396 1998 ιι
413 1972 467 2002 ἀπὸ
485 1975 531 2002 τοῦ
553 1971 693 2010 μέλλοντος
708 1971 754 2000 καὶ
779 1972 863 1999 ταῦτα

67 2019 193 2059 καλῶν),
208 2018 225 2053 ἢ
241 2018 305 2047 καθὸ
317 2017 422 2047 πάντων
441 2017 535 2057 Πατήρ
550 2017 619 2054 ἐστι,
633 2016 724 2057 τρόπῳ
738 2017 865 2055 δημιουρ-

67 2066 135 2105 γικῷ
163 2062 292 2103 γεννήσας
320 2064 406 2100 ἡμᾶς,
435 2062 480 2091 καὶ
512 2061 577 2091 καθὸ
605 2061 747 2100 τετίμηκεν
774 2063 862 2105 ἡμᾶς,

68 2110 126 2140 κατ’
157 2107 245 2137 ιῖκόνα
274 2107 366 2141 κτίσας
396 2106 495 2136 οἰκείαν
522 2107 568 2136 καὶ
600 2105 742 2144 ὁμοίωσιν·
772 2104 863 2143 ὥσπερ

69 2150 111 2184 οὖν
124 2153 172 2183 καὶ
188 2153 215 2181 ἐν
230 2156 287 2186 ταῖς
309 2151 440 2192 Πράξεσιν
463 2153 477 2180 6
498 2152 606 2192 Παῦλος
629 2151 694 2190 πρὸς
709 2150 863 2187 Ἀθηναίους

70 2198 246 2238 δημηγορῶν,
274 2191 354 2237 φησί·
385 2210 398 2223 ι
430 2196 508 2230 Γὲνος
545 2191 590 2225 οὖν
623 2196 788 2235 ὑπάρχοντες
817 2196 864 2224 τοῦ

898 317 978 345 Jesns
1005 316 1158 344 moriturus
1189 320 1260 344 esset
1278 324 1326 352 pro
1339 320 1430 352 gente,
1455 321 1482 344 et
1506 325 1562 345 non
1590 322 1697 348 tantum

899 369 949 398 pro
958 365 1048 398 gente,
1062 361 1108 389 sed
1122 366 1152 389 ut
1170 361 1240 389 tllios
1261 361 1311 389 Dei
1327 361 1375 397 qui
1398 366 1477 389 erant
1488 361 1616 398 dispersi,
1629 372 1698 392 eon-

900 410 1026 442 gregaret
1042 407 1069 433 in
1079 414 1174 433 unum.
1189 406 1232 434 Ab
1248 406 1293 433 illo
1304 413 1371 441 ergo
1390 406 1436 434 die
1450 407 1644 436 consultabant
1658 409 1699 436 in-

902 451 989 478 vicem
1010 455 1039 478 ut
1055 451 1241 478 interﬁcerent
1255 459 1328 478 eum.
1354 463 1366 474 ι»
1386 451 1456 478 Cum
1481 451 1540 479 aliis
1555 452 1626 488 apud
1648 453 1699 481 Ju-

901 495 976 524 dzeos
994 500 1020 523 et
1042 495 1215 531 pontiﬁcatus
1231 495 1348 531 dignitas
1371 500 1431 523 erat
1450 501 1588 532 corrupta.
1614 497 1696 525 simul

902 549 934 568 ac
949 540 1065 568 venalitii
1089 540 1152 568 fat-ti
1173 539 1286 568 fuerunt
1306 540 1485 576 principatus,
1504 550 1538 569 ne
1561 541 1630 570 ultra
1653 550 1700 578 per

903 593 986 613 omne
1011 589 1120 620 tempus
1136 585 1198 613 vitae
1219 593 1301 617 unus,
1325 585 1371 612 sed
1397 585 1531 613 duntaxat
1549 587 1575 614 iu
1595 595 1700 616 annum

903 638 990 657 unum
1010 629 1164 657 sacerdotio
1191 629 1362 665 fungeretur.
1389 631 1423 658 Et
1449 631 1574 666 quamvis
1588 632 1626 659 ita
1641 640 1701 660 cor-

904 678 983 711 rupta
998 674 1068 702 foret
1086 675 1217 710 dignitas,
1239 675 1329 702 adhuc
1351 679 1445 702 tamen
1464 675 1561 704 aderat
1581 677 1702 712 Spiritus

904 723 1014 748 sanctus
1037 727 1153 755 operans
1173 720 1200 747 in
1220 719 1263 747 his
1277 720 1325 755 qui
1348 720 1423 748 uncti
1447 725 1536 749 erant.
1551 722 1701 758 Postquam

906 769 998 792 autem
1018 772 1118 792 manus
1141 764 1294 800 injeceruut
1318 764 1346 792 in
1368 766 1474 798 Jesum,
1498 770 1565 794 ttmc
1584 768 1702 796 omnino

905 809 990 844 gratia
1005 809 1152 845 dereliquit
1173 809 1245 843 illos,
1258 813 1286 837 et
1304 809 1410 837 transiit
1428 810 1461 838 ad
1485 811 1633 846 apostolos.
1650 812 1702 848 lgi-

907 858 953 882 tur
976 855 1020 881 alii
1043 854 1155 890 quidem
1177 854 1204 881 in
1228 854 1316 890 specie
1336 855 1444 882 concilii
1466 860 1585 884 mortem
1600 857 1703 885 Christi

904 899 1121 931 meditabantur,
1143 898 1265 934 pontifex
1291 904 1386 927 autem
1411 901 1447 927 ita
1471 905 1530 928 erat
1554 902 1703 938 sanguina-

905 943 973 977 rius,
986 947 1016 971 ut
1040 948 1067 971 et
1088 943 1164 971 nudo
1180 943 1265 980 (quod
1278 944 1368 977 aiunt)
1390 944 1489 980 capite,
1512 950 1609 974 contra
1623 946 1704 975 Chri-

904 993 977 1016 stum
994 987 1235 1024 impudentissime
1249 988 1413 1016 sententiam
1429 989 1520 1017 ferret.
1531 991 1592 1018 lmo
1601 995 1629 1019 et
1638 991 1705 1020 alios

905 1033 1015 1070 quidem
1041 1032 1225 1069 reprehendit,
1248 1033 1324 1069 quod
1351 1041 1408 1061 non
1424 1034 1607 1070 intelligerent
1629 1035 1704 1072 quod

907 1078 1062 1114 oportebat,
1080 1082 1109 1106 et
1131 1077 1220 1113 ignavi
1236 1082 1329 1106 essent
1352 1078 1381 1106 in
1396 1078 1568 1114 dispicienda
1590 1080 1657 1116 quid
1671 1081 1705 1110 ad

906 1131 965 1151 rem
989 1123 1134 1151 conducat.
1160 1133 1174 1148 (ι
1193 1124 1264 1150 Nam
1281 1131 1340 1157 vos,
1362 1123 1463 1160 inquit,
1489 1125 1602 1153 nescitis
1626 1125 1706 1162 quid-

908 1176 1001 1204 quam.
1023 1180 1035 1192 ιι
1059 1167 1189 1202 Desides,
1218 1167 1316 1204 inquit,
1340 1168 1406 1196 estis
1432 1168 1467 1196 ad
1486 1169 1706 1205 intelligendum,

908 1218 934 1242 et
945 1221 1001 1241 non
1015 1213 1142 1249 cogitatis
1152 1212 1228 1248 quod
1241 1212 1366 1248 expediat
1379 1221 1467 1241 unum
1481 1215 1563 1248 mori,
1572 1219 1599 1242 et
1608 1215 1706 1244 salvari

908 1266 1020 1286 onmem
1040 1258 1181 1294 populum.
1207 1260 1267 1286 Hoc
1287 1262 1380 1286 autem
1396 1259 1453 1294 ipse
1466 1259 1578 1295 quidem
1595 1260 1707 1289 sinistro

908 1303 1002 1331 animo
1017 1302 1094 1330 dixit.
1111 1304 1309 1330 Verumtamen
1331 1303 1417 1338 gratia
1431 1303 1550 1339 Spiritus
1573 1312 1621 1333 ore
1636 1305 1708 1334 illius

910 1356 958 1376 usa
979 1352 1021 1377 est
1043 1347 1078 1376 ad
1103 1347 1305 1384 praedicendum
1329 1347 1430 1382 futura,
1446 1349 1556 1376 tametsi
1574 1350 1708 1385 pollutum

910 1401 957 1421 cor
968 1393 1028 1429 ejus
1047 1400 1101 1420 non
1115 1392 1246 1428 attigerit.
1258 1392 1325 1420 Vide
1343 1393 1424 1428 igitur
1438 1393 1522 1429 667
1544 1401 1648 1430 quanta
1662 1403 1708 1430 po-

911 1438 994 1465 tentia
1008 1437 1132 1473 Spiritus.
1150 1437 1224 1464 Fecit
1238 1437 1312 1465 enim
1327 1441 1357 1465 ut
1378 1445 1393 1464 a
1410 1438 1480 1465 mala
1504 1443 1598 1467 mente
1612 1448 1710 1475 proce-

911 1482 1009 1510 derent
1022 1483 1103 1510 verba
1116 1482 1273 1510 mirabilem
1289 1481 1414 1510 habentia
1430 1483 1612 1519 prophetiam.
1626 1486 1709 1519 Nam,

912 1531 1023 1555 mortuo
1047 1526 1167 1558 Christo,
1195 1534 1293 1554 omnes
1313 1527 1358 1563 qui
1380 1527 1557 1556 crediderunt
1578 1536 1610 1556 ex
1631 1534 1712 1566 gente

913 1581 928 1600 a
943 1580 1046 1607 magno
1065 1576 1092 1599 et
1112 1576 1216 1600 artemo
1239 1571 1372 1608 supplicio
1392 1572 1496 1600 liberati
1530 1572 1652 1602 fuerunt.
1678 1576 1713 1603 Et

914 1626 969 1646 non
981 1626 1030 1653 pro
1043 1621 1123 1653 gente
1136 1617 1227 1645 solum
1237 1617 1349 1644 Judaica
1365 1622 1490 1646 mortuus
1505 1623 1556 1651 est,
1573 1619 1619 1647 sed
1635 1624 1664 1647 et
1682 1624 1714 1648 ut

915 1662 960 1690 alii
971 1662 1018 1690 lilii
1042 1662 1102 1694 Dei,
1119 1662 1172 1690 hoc
1186 1665 1227 1690 est
1241 1666 1338 1697 gentes
1358 1662 1385 1690 in
1399 1671 1487 1690 unum
1514 1671 1714 1700 congregaren-

914 1711 969 1735 tur.
993 1707 1075 1735 Filios
1099 1711 1190 1735 autem
1206 1707 1257 1734 Dei
1276 1707 1404 1735 nominat
1422 1712 1530 1743 gentes,
1553 1708 1594 1736 vel
1623 1710 1657 1737 ab
1680 1718 1714 1738 eo

915 1751 989 1788 quod
1013 1755 1071 1780 erat
1095 1751 1234 1785 futurum;
1259 1751 1486 1788 quandoquidem
1512 1753 1586 1781 enim
1615 1754 1715 1783 futurae

915 1801 992 1824 erant
1006 1796 1052 1824 ﬁlii
1070 1796 1132 1829 Dei,
1156 1796 1196 1824 sic
1217 1804 1264 1824 eas
1278 1797 1405 1824 nominat
1420 1806 1425 1824 :
1442 1798 1669 1833 quemadmodun
1688 1803 1716 1826 et

916 1842 970 1870 alio
983 1842 1043 1869 loco
1057 1841 1156 1876 inquit,
1183 1853 1195 1865 ‹ι
1211 1843 1245 1869 Et
1257 1841 1326 1869 alias
1344 1849 1409 1869 oves
1424 1841 1512 1870 habeo
1534 1842 1557 1860 ε’
1581 1855 1593 1867 1
1612 1853 1618 1871 :
1635 1843 1669 1871 ab
1683 1851 1716 1871 eo

917 1885 991 1922 quod
1006 1885 1131 1913 futurum
1150 1889 1216 1919 erat,
1234 1885 1317 1913 etiatn
1343 1886 1409 1914 istas
1424 1894 1541 1920 vocans;
1558 1887 1598 1914 vel
1622 1895 1718 1915 secun-

917 1930 985 1958 dum
995 1929 1070 1966 quod
1085 1930 1212 1957 omnium
1226 1931 1304 1958 Pater
1316 1935 1368 1964 est,
1381 1931 1499 1959 creando
1510 1939 1562 1959 nos
1575 1939 1716 1968 generans,

918 1976 958 2003 vel
981 1974 1134 2003 secundum
1149 1975 1223 2010 quod
1242 1974 1383 2003 decoravit
1397 1983 1447 2003 nos
1468 1975 1505 2004 ad
1520 1976 1670 2012 imaginem
1690 1981 1719 2005 et

918 2019 1125 2048 similitudinem
1151 2019 1292 2055 propriam
1311 2020 1444 2054 condens,
1466 2021 1538 2048 sicut
1557 2025 1585 2048 et
1609 2021 1637 2048 in
1661 2023 1718 2049 Ao-

917 2065 953 2093 tis
975 2065 1074 2092 Paulus
1095 2064 1128 2092 ad
1150 2064 1332 2093 Athenienses
1352 2065 1529 2099 concionans,
1546 2065 1634 2101 inquit
1657 2065 1716 2093 ενι

920 2120 933 2134 u
954 2111 1046 2138 Genus
1073 2109 1154 2146 igitur
1182 2117 1246 2137 eum
1268 2110 1356 2138 simus
1386 2110 1444 2138 Dei.
1480 2122 1493 2135 ι
1531 2111 1627 2146 Itaque
1655 2110 1719 2148 quia

919 2153 1004 2182 homo
1020 2153 1119 2181 animal
1133 2157 1173 2182 est
1193 2154 1350 2190 principale,
1372 2158 1399 2182 et
1420 2154 1563 2182 secundun
1577 2155 1630 2182 hoc
1649 2155 1718 2183 assi—

919 2198 1045 2226 milatum
1056 2200 1126 2232 Deo,
1143 2198 1216 2226 ﬁlius
1235 2199 1285 2226 Dei
1298 2198 1398 2226 dicitur
1411 2199 1509 2227 omnis.
1525 2199 1643 2228 Proinde
1655 2207 1719 2227 eum

71 2245 152 2274 θεοῦ.
168 2255 180 2269 ι
197 2242 276 2272 Ἐπεὶ
292 2240 378 2271 τοίνυν
402 2241 513 2282 ἀρχικὸν
532 2242 596 2275 ζῶον
613 2241 627 2269 ὁ
649 2241 802 2280 ἄνθρωπος,
819 2238 863 2268 καὶ

921 2244 1059 2278 dispersos
1078 2251 1130 2270 nos
1143 2242 1226 2271 variis
1238 2243 1328 2272 modis
1347 2243 1459 2271 Satanas
1473 2252 1489 2271 ει
1508 2246 1568 2272 Deo
1583 2248 1610 2271 et
1628 2243 1662 2272 ab
1675 2244 1719 2271 in-

72 2287 139 2318 κατὰ
168 2289 246 2317 τοῦτο
268 2286 332 2326 Θεῷ
351 2286 535 2325 δμοιωμένον,
559 2285 650 2315 τέκνον
666 2286 736 2315 Θεοῦ
759 2285 866 2323 λέγεται

72 2338 134 2366 πᾶς.
158 2325 416 2372 Διεσκορπισμένους
437 2325 481 2360 οὖν
497 2330 579 2364 οὕτως
599 2332 671 2369 ἡμᾶς
696 2329 774 2363 ὄντας
801 2329 868 2369 (πο-

72 2376 208 2417 λυτρόπως
223 2375 274 2416 γὰρ
288 2378 302 2405 6
316 2376 441 2409 Σατανᾶς
455 2375 578 2410 ἀλλήλων
596 2374 642 2404 καὶ
657 2377 703 2404 τοῦ
719 2376 789 2404 Θεοῦ
809 2372 869 2406 τοὺς

73 2421 226 2462 ἀνθρώπους
250 2421 417 2459 ἀποδιεῖλεν⁷
443 2419 554 2450 ἕκαστον
581 2421 620 2460 τῷ
638 2419 750 2456 πλησίον
773 2420 870 2457 ἐπιμα-

74 2469 150 2503 νῆναι
177 2467 221 2496 διὰ
247 2465 435 2506 φιλοπλουτίας
459 2465 504 2494 καὶ
529 2464 677 2505 φιλοδοξίας
697 2463 870 2504 παρασκευάα

75 2512 156 2551 σας),
172 2512 208 2544 εἷς
225 2510 252 2540 ἓν
269 2512 282 2539 δ
300 2510 416 2550 Χριστὸς
434 2512 507 2548 ἡμᾶς
530 2509 632 2549 ἤγαγεν
644 2531 653 2547 ,
670 2510 707 2543 εἷς
722 2508 786 2548 μίαν
802 2508 866 2538 Ἐκ-

74 2555 186 2594 κλησίαν
209 2555 254 2584 καὶ
280 2556 357 2594 ζυγὸν
385 2555 430 2584 ἕνα
453 2554 624 2593 συναγαγὼν,
642 2553 689 2583 καὶ
713 2553 772 2587 τοὺς
798 2553 873 2592 ἔγγὺς

76 2601 119 2631 καὶ
147 2600 208 2634 τοὺς
231 2600 337 2640 μακρὰν
364 2599 392 2629 ἓν
420 2601 499 2638 σῶμα
522 2599 654 2634 ποιήσας·
676 2597 722 2627 ἵνα
745 2600 760 2627 ὃ
786 2599 812 2627 ἐν
839 2599 873 2638 τῇ

79 2646 172 2685 Ῥώμῃ
196 2644 356 2683 καθήμενος,
373 2644 417 2674 τὸν
437 2646 464 2674 ἐν
480 2643 563 2684 Ἰνδίᾳ
578 2643 642 2673 ὄντα
653 2668 661 2680 ,
683 2642 763 2682 μέλος
778 2643 872 2673 οἰκεῖον

77 2691 231 2730 λογίζηται,
255 2689 301 2719 καὶ
322 2691 430 2719 πάντων
453 2688 516 2728 μίαν
540 2688 658 2728 κεφαλὴν
685 2690 803 2728 ὁμολογῇ
828 2687 873 2717 τὸν

79 2736 205 2776 Χριστόν.
226 2735 265 2765 Τὸ
280 2735 323 2771 δὲ,
340 2748 350 2761 ι
367 2734 425 2764 Ἀπ’
441 2733 541 2770 ἐκείνης
561 2736 608 2769 τῆς
623 2733 726 2774 ἡμέρας
749 2733 874 2763 συνεϐου-

79 2782 220 2819 λεύσαντο,
239 2779 284 2810 ἵνα
304 2779 482 2809 ἀποκτείνωσι
497 2778 541 2808 τὸν
556 2779 661 2815 Ἰησοῦν
672 2801 681 2818 ,
708 2792 720 2805 ν
741 2779 817 2816 δηλοῖ
835 2777 875 2808 ὅτι

114 2875 135 2894 ⁸⁸
147 2876 328 2911 Joan.x,16,
369 2873 405 2894 ει·
416 2875 477 2904 Act.
489 2877 620 2911 xvn,29.
659 2872 693 2891 π·
709 2872 810 2911 Ephes.
827 2880 864 2909 ii,
881 2875 921 2902 ιο.

921 2288 1007 2316 vicem
1033 2287 1153 2321 divulsit,
1195 2291 1226 2315 ut
1260 2288 1444 2324 unusquisque
1473 2289 1583 2316 saeviret
1623 2293 1719 2316 contra

921 2332 1076 2369 proximum
1102 2336 1213 2368 propter
1241 2332 1397 2360 divitiarum
1421 2341 1543 2361 amorem
1569 2337 1598 2361 et
1619 2341 1719 2361 vanam

921 2378 1056 2414 gloriam;
1069 2377 1196 2406 Christus
1216 2377 1253 2404 ita
1274 2377 1302 2404 in
1326 2386 1410 2406 unam
1436 2386 1487 2406 nos
1500 2378 1612 2414 collegit
1629 2378 1723 2406 Eccle-

921 2423 1002 2457 siam,
1031 2426 1059 2450 et
1080 2422 1133 2450 sub
1158 2430 1245 2450 unum
1272 2423 1362 2458 coegit
1393 2422 1489 2458 iugum
1514 2427 1571 2451 tam
1596 2431 1645 2452 eos
1675 2423 1722 2459 qui

923 2475 1019 2503 prope,
1037 2475 1120 2503 quam
1135 2474 1183 2494 eos
1197 2467 1242 2502 qui
1263 2467 1343 2503 longe
1359 2472 1450 2502 erant,
1467 2476 1554 2496 unum
1570 2476 1670 2504 corpus
1683 2467 1725 2496 fa«

923 2512 1006 2546 ciens,
1023 2515 1053 2540 ut
1067 2511 1089 2539 is
1099 2512 1146 2547 qui
1160 2513 1258 2540 Romae
1273 2511 1388 2545 habitet,
1402 2520 1466 2540 eum
1482 2513 1527 2549 qui
1541 2513 1569 2540 in
1582 2513 1657 2541 India
1672 2517 1724 2547 est,

925 2565 1007 2586 suum
1022 2556 1183 2585 membrum
1218 2564 1277 2585 esse
1308 2557 1412 2590 credat,
1438 2562 1465 2586 et
1489 2558 1614 2586 omnium
1638 2566 1724 2586 unum

925 2606 1009 2638 caput
1024 2601 1144 2630 fateatur
1159 2609 1218 2629 esse
1232 2601 1372 2630 Christum
1394 2602 1440 2630 κ’.
1461 2602 1542 2637 Quod
1563 2607 1657 2630 autem
1678 2602 1726 2634 ait,

930 2658 943 2671 ει
964 2647 1007 2675 Ab
1023 2646 1068 2674 illo
1078 2646 1121 2674 die
1135 2647 1329 2674 consultarunt
1343 2651 1374 2675 ut
1394 2647 1577 2675 interlicerent
1591 2648 1698 2679 Jesum,
1712 2657 1724 2669 ι

929 2691 1086 2719 manifestat
1095 2692 1167 2727 quod
1181 2692 1215 2719 ab
1229 2692 1274 2720 illo
1284 2691 1328 2720 die
1338 2692 1503 2720 sententiam
1513 2692 1709 2719 conﬁrmarunt
1721 2700 1728 2718 ι

929 2742 956 2765 et
967 2741 1044 2765 antea
1060 2737 1173 2772 quidem
1186 2737 1290 2765 caedem
1305 2737 1365 2772 ejus
1387 2737 1599 2768 meditabantur,
1626 2736 1674 2764 sed
1690 2744 1730 2764 re-

930 2782 1052 2816 missius,
1067 2786 1095 2810 et
1105 2782 1220 2818 quiestio
1229 2782 1318 2818 magis
1327 2786 1387 2810 erat
1399 2790 1482 2818 quam
1494 2781 1646 2815 sententia;
1660 2789 1733 2810 nunc
