1922 3077
210 189 218 214 l
227 189 236 214 ι
245 188 255 214 l
714 184 973 212 THEOPHYLACTI
991 184 1170 212 BULGARIAL‘
1188 185 1346 213 ARCHIEP.

1808 188 1859 215 H2

205 252 299 277 autem
331 247 487 283 perfectum
523 246 671 283 judicium,
698 251 726 274 et
749 247 828 275 ﬁrma
857 247 1000 275 sententia.

1069 247 1106 276 ἱπ²
1129 247 1229 283 ἐκείνης
1248 249 1296 283 τῆς
1321 247 1423 286 ἡμέρας
1443 246 1538 287 κυρίως
1557 246 1604 276 καὶ
1627 246 1734 281 τελείως
1753 247 1856 288 ἐκύρω-

207 304 220 318 α
239 293 318 320 Prius
330 291 694 328 enim,inquit,quaerebant
706 291 829 319 Occidere
840 292 925 319 illum.
943 303 956 316 ι›
972 293 1003 319 Et

204 338 265 374 ipse
279 345 388 374 quoque
401 344 448 365 eos
463 344 583 372 arguens
597 336 697 372 inquit,
715 348 727 359 «ι
743 337 787 363 Me
799 336 919 372 quaeritis
935 337 1003 364 occi-

205 383 280 411 dere.
297 394 308 406 ››
323 381 471 410 Considera
495 381 580 417 igitur
596 380 757 416 pontiﬁcalis
780 381 930 408 sacerdotis
950 381 1001 408 vir-

205 428 304 460 tutem,
321 425 461 462 quomodo
485 426 562 460 plena
579 426 615 453 sit
638 425 722 461 gratia
742 425 868 459 Spiritus,
894 426 1001 452 tametsi

205 471 308 507 indigni
328 471 384 498 sint
403 470 450 506 qui
471 470 544 498 illam
566 474 670 505 gerant.
698 471 733 497 Et
749 469 854 497 honora
875 469 1002 497 sacerdo-

204 520 245 544 tes
259 515 339 551 digne
353 519 461 551 propter
475 515 589 551 gratiam
605 515 631 542 in
647 514 695 548 eis,
712 522 768 541 non
783 518 895 550 propter
907 522 1003 542 eorum

204 560 384 589 voluntatem.
401 559 487 596 igitur
499 567 554 587 non
570 559 643 586 solus
656 559 770 594 Caiphas
784 558 1001 595 prophetat“.9’,

203 606 252 634 sed
267 609 294 633 et
311 604 354 632 alii
373 604 453 632 multi
479 603 584 639 indigni
608 604 699 631 futura
728 603 864 637 viderunt,
895 603 1003 631 Pharao

204 650 239 679 de
251 649 389 678 fertilitate
407 656 438 677 ac
466 648 608 677 sterilitate
640 648 672 682 ⁸³,
689 648 944 676 Nabuchodonosor
969 649 1002 676 de

204 695 295 731 regnis
308 699 337 722 et
350 693 498 726 Christo“,
509 697 536 721 et
547 693 662 721 Balaam
675 693 708 721 de
721 693 829 721 Christo
839 692 869 720 ³⁵.
882 694 945 721 Non
958 701 1004 721 au-

204 744 262 768 tem
276 739 409 767 continuo
428 738 450 767 si
466 738 527 774 quis
552 738 705 774 prophetat,
727 737 858 773 propheta
879 738 979 766 dicitur
995 748 1001 766 :

203 785 252 814 sed
270 784 293 813 si
313 784 375 820 quis
390 783 533 819 propheta,
547 783 592 811 ille
605 787 633 811 et
649 782 794 818 prophetat
809 792 816 811 :
831 782 900 810 sicut
915 791 1004 819 neque

205 829 296 858 omnis
308 829 368 864 quis
377 828 542 857 medicinam
554 832 641 864 parat,
654 827 775 855 medicus
792 836 798 854 :
815 827 862 855 sed
875 827 920 863 qui
926 827 1004 863 juxta

204 873 333 902 medendi
361 873 499 901 rationem
523 872 660 906 medetur,
686 872 708 900 is
732 872 857 900 medicus
884 872 1002 906 dicatur;

203 926 291 954 neque
297 918 400 954 justus,
413 917 520 954 justum
535 916 667 953 quiddam
685 916 799 951 faciens,
811 916 859 944 sed
874 916 919 952 qui
934 916 1004 953 iuste

203 963 281 996 facit,
298 962 377 999 juxta
401 962 505 990 dictum
528 961 618 990 illud:
637 962 716 990 Juste
741 961 816 998 quod
834 962 943 998 justum
964 966 1006 990 est

203 1015 376 1044 persequere.
393 1006 544 1042 Prophetat
557 1011 586 1035 et
606 1006 733 1042 Caiphas,
748 1006 797 1034 sed
814 1014 869 1034 non
884 1006 1005 1042 prophe—

201 1052 255 1080 tica
267 1055 371 1085 mente,
387 1055 414 1080 et
430 1056 573 1088 propterea
589 1059 647 1079 non
659 1051 800 1087 propheta.

1057 303 1106 321 σαν
1131 291 1179 327 τὴν
1201 292 1320 331 γνώμην.
1351 292 1405 322 Καὶ
1426 292 1478 332 πρὸ
1510 291 1603 321 τούτου
1628 291 1675 330 μὲν
1702 292 1754 332 γὰρ
1777 293 1856 323 ἐσκέ-

1056 348 1154 366 πτοντο
1168 336 1228 377 περὶ
1240 340 1286 366 τοί)⁵
1301 337 1390 377 φόνου,
1408 336 1477 366 ἀλλὰ
1490 336 1690 376 μαλακώτερον,
1707 337 1753 366 καὶ
1769 337 1855 373 ζήτη-

1057 393 1097 414 σις
1119 382 1220 419 μᾶλλον
1239 377 1271 417 ἦν
1291 382 1322 411 τὸ
1343 386 1474 422 πρᾶγμα,
1492 380 1537 409 καὶ
1560 382 1606 410 οὐκ
1632 381 1780 421 ἀπόφασις
1811 384 1856 410 νῦν

1057 426 1084 455 δὲ
1109 426 1196 455 τελεία
1226 425 1324 465 κρίσις,
1350 426 1396 455 καὶ
1420 427 1508 465 ψῆφος
1537 426 1720 465 κεκυρωμένη.
1752 426 1856 466 [Ιρώην

1056 470 1108 510 γὰρ
1130 484 1142 497 τι
1164 470 1286 509 ἐζήτουν,
1304 470 1397 510 φησὶν,
1420 471 1576 499 ἀποκτεῖναι
1593 470 1685 500 αὐτόν’
1706 484 1717 496 υ
1740 471 1786 500 καὶ
1804 472 1857 500 αὖ-

1056 516 1099 549 τὸς
1127 514 1154 544 δὲ
1185 514 1277 549 αὐτοὺς
1301 515 1430 555 ἐλέγχων,
1453 515 1552 561 Ξησὶν,
1578 515 1618 544 ὅτι
1645 528 1657 541 ι
1685 515 1798 550 Ζητεῖτέ
1821 527 1856 553 με

1057 561 1221 589 ἀποκτεῖναι.
1246 573 1258 586 ι
1282 559 1424 596 Σκόπησον
1439 559 1484 588 οὖν
1505 561 1551 594 τ’ἧς
1569 559 1757 600 ἀρχιερατικῆς
1778 559 1857 594 ἀξίας

1056 603 1104 640 τὴν
1125 604 1246 643 δύναμιν,
1266 606 1322 638 πῶς
1337 605 1413 644 γέμει
1425 606 1538 644 τῆςητοῧ
1556 603 1712 643 Πνεύματος
1726 605 1856 644 χάριτος,

1057 650 1106 679 κᾶν
1130 650 1154 678 οἱ
1178 648 1276 685 ταύτην
1308 652 1446 690 φοροῦντες
1469 643 1533 678 ὦσιν
1560 649 1671 683 ἀνάξιοι.
1704 650 1757 679 Καὶ
1785 649 1855 689 τίμα

1057 705 1101 732 μοι
1119 693 1178 727 τοὺς
1199 696 1330 734 ἀρχιερεῖς
1358 693 1435 728 ἀξίως
1455 695 1504 730 τ’ἤς
1529 695 1554 723 ἐν
1577 694 1664 727 αὐτοῖς
1683 693 1808 734 χάριτος,
1825 696 1857 724 οὖ

1056 740 1103 774 τῆς
1119 740 1204 768 αὐτῶν
1223 738 1412 778 προαιρέσεως.
1433 738 1474 768 Οὖ
1495 738 1573 776 μόνον
1597 738 1624 767 δὲ
1646 738 1699 778 ἄρα
1726 739 1855 780 Καῑάφας

1056 783 1228 824 προφητεύει,
1250 784 1319 813 ἀλλὰ
1333 783 1378 812 καὶ
1400 783 1476 813 ἄλλοι
1499 783 1592 812 πολλοὶ
1612 782 1713 818 ἀνάξιοι
1736 782 1770 812 τὰ
1786 785 1857 822 μέλ-

1057 823 1134 857 λοντα
1151 823 1232 857 εἶδον·
1249 827 1356 868 Φαραὼ
1377 828 1409 857 τὰ
1426 827 1487 868 περὶ
1507 830 1555 863 τῆς
1574 827 1699 868 εὐφορίας
1714 828 1761 857 καὶ
1784 830 1857 869 ἀφο-

1060 872 1128 913 ρίας·
1152 872 1395 913 Ναϐουχοδονόσωρ
1424 872 1457 902 τὰ
1479 873 1539 913 περὶ
1561 873 1614 901 τῶν
1641 873 1782 912 βασιλειῶν
1809 874 1858 903 καὶ

1059 920 1104 946 τοῦ
1124 918 1258 957 Χριστοῦ,
1276 918 1321 947 καὶ
1342 917 1460 956 Βαλαὰμ
1475 917 1537 958 περὶ
1558 918 1691 957 Χριστοῦ.
1709 918 1768 947 Οὖκ
1792 918 1858 952 εἴτις

1060 961 1087 991 δὲ
1112 962 1289 1002 προφητεύει,
1315 961 1454 1002 προφήτης
1481 962 1512 991 ἂν
1536 962 1660 1001 λεχθείη·
1688 962 1750 991 ἀλλ’
1767 963 1792 992 εἴ
1814 975 1857 997 τις

1059 1006 1207 1047 προφήτης,
1226 1008 1321 1040 ἐκεῖνος
1344 1007 1390 1036 καὶ
1415 1006 1590 1047 προφητεύει·
1614 1005 1705 1047 ὥσπερ
1726 1002 1771 1037 οὖν
1793 1008 1856 1037 οὖδὲ

1059 1055 1111 1085 πᾶς
1133 1053 1147 1081 ὁ
1170 1051 1288 1092 ἰατρικόν
1309 1064 1335 1081 τι
1357 1053 1455 1089 ποιῶν,
1483 1051 1535 1088 ἤδη
1562 1051 1608 1081 καὶ
1634 1051 1739 1092 ἰατρός·
1762 1054 1821 1083 ἀλλ’
1842 1055 1858 1082 ὁ

204 1097 249 1126 καὶ
277 1096 346 1126 κατὰ
369 1097 413 1126 τὸν
438 1096 553 1136 ἰατρικὸν
577 1095 653 1135 λόγον
674 1098 756 1126 ποιῶν
775 1095 805 1125 τὸ
828 1096 944 1136 ἰατρικὸν
952 1118 961 1132 ,
991 1097 1087 1128 ἐκεῖνος
1119 1096 1149 1126 ἂν
1171 1096 1278 1136 λεχθείη
1307 1096 1409 1136 ἷατρός·
1442 1095 1532 1137 ὥσπερ
1557 1097 1602 1126 καὶ
1634 1096 1734 1130 δίκαιος
1764 1099 1814 1137 οὐχ
1844 1099 1859 1128 ὁ

202 1143 284 1172 ποιῶν
307 1141 405 1172 δίκαιόν
427 1153 468 1178 τι,
497 1141 557 1171 ἀλλ’
585 1143 600 1170 ὁ
618 1141 726 1175 δικαίως
749 1143 848 1177 ποιῶν,
875 1141 945 1170 κατᾶ
975 1140 1003 1169 τὸ
1033 1141 1184 1181 εἰρημένον·
1211 1142 1326 1175 Δικαίως
1357 1141 1387 1170 τὸ
1416 1141 1518 1171 δίκαιον
1550 1141 1660 1176 διώξεις.
1686 1143 1858 1182 Προφητεύει

202 1187 248 1216 καὶ
264 1187 409 1226 Καϊάφας,
427 1187 487 1215 ἀλλ’
507 1187 535 1215 οὗ
553 1187 708 1226 προφητικῷ
731 1187 865 1225 λογισμῷ·
883 1186 930 1214 οὖκ
950 1185 1001 1224 ἄρα
1023 1186 1171 1226 προφήτης.

239 1237 327 1264 Vnus.
351 1237 442 1263 54-56.
470 1246 483 1259 ει
509 1236 588 1263 Jesus
615 1243 680 1271 ergo
693 1235 751 1271 jam
778 1243 834 1262 non
859 1235 1002 1270 propalam

204 1281 362 1309 ambulabat
389 1281 461 1308 inter
485 1280 608 1314 Judaeos,
632 1279 682 1307 sed
708 1279 775 1307 abiit
802 1280 832 1307 in
862 1280 1001 1315 regionem

200 1325 277 1362 juxta
292 1325 443 1358 desertum,
459 1323 485 1352 in
500 1324 641 1352 civitatem
657 1331 719 1359 quae
734 1324 834 1351 dicitur
855 1323 1001 1359 Ephraim,

201 1374 230 1398 et
243 1369 280 1396 ibi
295 1369 455 1397 versabatur
466 1369 552 1403 668
565 1375 629 1396 cum
645 1367 784 1403 discipulis
799 1367 864 1395 suis.
882 1368 1003 1395 Instabat

201 1418 294 1442 autem
306 1413 409 1441 Pascha
420 1411 593 1445 Judaaorum,
609 1416 638 1439 et
651 1412 833 1440 ascenderunt
847 1412 928 1439 multi
940 1412 1001 1439 Hie-

200 1458 320 1486 rusalem
335 1465 349 1485 e
372 1458 486 1493 regione
506 1461 571 1484 ante
586 1456 702 1490 Pascha,
724 1460 754 1483 ut
769 1456 942 1492 puriﬁcarent
961 1464 1000 1484 se.

200 1503 369 1537 Quarebant
381 1509 445 1537 ergo
458 1503 564 1534 Jesum,
579 1505 607 1528 et
621 1500 849 1536 colloquebantur
861 1500 932 1528 inter
943 1508 1002 1529 sese

1101 1245 1114 1257 ι
1140 1232 1243 1267 Ἰησοῦς
1269 1226 1314 1260 οἷν
1345 1232 1393 1261 οὐκ
1419 1231 1459 1261 ἔτι
1485 1231 1624 1271 παρῤησίᾳ
1650 1231 1804 1272 περιεπάτει
1827 1234 1858 1263 ἐν

1056 1279 1111 1309 τοῖς
1122 1275 1276 1314 Ἰουδαίοις,
1295 1276 1365 1306 ἀλλὰ
1380 1277 1513 1316 πόῤῥωϐεν
1535 1277 1572 1309 εἰς
1594 1275 1642 1311 τὴν
1665 1276 1758 1316 χώραν
1774 1276 1855 1316 ἐγγὺς

1056 1322 1102 1355 τῆς
1129 1320 1229 1359 ἐρήμου
1256 1321 1291 1353 εἷς
1321 1320 1443 1361 Ἐφραῒμ
1474 1321 1619 1361 λεγομένην
1649 1321 1744 1356 πόλιν,
1774 1322 1861 1351 κάκεῖ

1058 1364 1169 1403 διέτριϐε
1188 1364 1256 1403 μετὰ
1278 1367 1328 1394 τῶν
1346 1359 1471 1402 μαθητῶν
1495 1366 1586 1394 αὑτοῦ.
1603 1359 1656 1394 ’Ἦν
1675 1365 1703 1394 δὲ
1723 1364 1802 1404 ἐγγὺς
1822 1366 1857 1395 τὸ

1059 1409 1160 1448 Πάσχα
1180 1410 1232 1438 τῶν
1248 1409 1398 1445 Ἰουδαίων,
1422 1409 1467 1438 καὶ
1488 1408 1622 1445 ἀνέϐησαν
1637 1409 1731 1438 πολλοὶ
1747 1410 1782 1442 εἷς
1794 1408 1854 1439 Ἱε-

1058 1454 1191 1493 ροσόλυμα
1214 1454 1245 1482 ἐκ
1267 1455 1314 1489 τῆς
1337 1454 1428 1493 χώρας
1447 1453 1500 1492 πρὸ
1516 1455 1562 1482 τοῦ
1580 1453 1696 1493 Πάσχα,
1720 1453 1762 1483 ἵνα
1778 1454 1858 1493 ἁγνί-

1057 1508 1137 1526 σωσιν
1159 1497 1277 1531 ἑαυτούς.
1296 1497 1424 1534 Ἐζήτουν
1445 1493 1488 1528 οὖν
1508 1498 1552 1527 τὸν
1574 1498 1698 1535 Ἰησοῦν,
1723 1498 1769 1528 καὶ
1792 1499 1856 1528 ἔλε-

200 1547 229 1575 in
248 1547 353 1582 templo
377 1550 502 1574 stantes:
529 1545 600 1580 Quid
622 1545 728 1572 videtur
750 1545 827 1572 vobis
853 1545 928 1580 quod
946 1553 1001 1573 non

1069 1553 1100 1571 νον
1120 1541 1178 1580 μετ’
1194 1543 1316 1577 ἀλλήλων
1337 1543 1364 1571 ἐν
1392 1545 1430 1582 τῷ
1452 1543 1515 1583 ἱερῷ
1540 1542 1693 1578 ἑστηκότες·
1719 1542 1755 1573 Τί
1779 1543 1856 1573 δοκεῖ

201 1591 278 1619 venit
292 1590 327 1619 ad
337 1590 412 1618 diem
426 1589 548 1618 festum?
559 1589 702 1617 Dederunt
711 1594 805 1617 autem
821 1589 963 1625 pontilices
974 1595 1000 1617 et

199 1634 327 1664 Pharisaei
355 1638 533 1670 praeceptum,
564 1637 595 1660 ut
620 1633 642 1661 si
669 1634 729 1669 quis
763 1633 934 1669 cognovisset
952 1633 999 1661 ubi

199 1683 281 1714 esset,
308 1678 451 1713 indicaret,
473 1682 504 1706 ut
532 1677 798 1713 comprehenderent
820 1686 896 1706 eum.
926 1690 938 1702 ι
969 1680 999 1706 In

197 1723 457 1753 condemnationem
472 1723 633 1751 Judaaorum
649 1723 750 1751 secedit
771 1723 919 1757 Dominus,
943 1731 1000 1751 non

200 1768 312 1805 refugit,
323 1772 351 1796 et
364 1768 448 1796 simul
462 1775 514 1796 nos
528 1767 609 1796 docet
621 1768 670 1802 (α),
687 1775 722 1795 ne
735 1775 787 1795 nos
799 1771 904 1795 temere
925 1768 999 1803 peri-

197 1813 265 1842 culis
280 1814 438 1849 ingeramus
453 1812 538 1840 etiam
553 1819 602 1848 pro
618 1812 736 1847 pietate;
753 1811 801 1840 sed
816 1815 919 1840 stemus
936 1812 998 1848 qui-

195 1858 259 1887 dem
271 1858 390 1891 fortiter,
406 1856 566 1893 deprehensi
582 1867 588 1884 :
603 1865 660 1884 non
674 1856 834 1892 deprehensi
846 1861 950 1891 autem,
965 1865 999 1885 ne

195 1900 226 1931 in
240 1903 424 1932 voluntarium
438 1902 587 1938 periculum
600 1906 711 1938 propter
725 1902 860 1929 incertum
871 1906 998 1929 eventum

194 1948 341 1976 irruamus.
357 1946 426 1975 Vide
447 1952 540 1974 autent
565 1947 677 1974 stultam
707 1946 866 1974 Judzeorum
890 1950 997 1974 senten-

192 1993 277 2026 tiam;
293 1999 382 2028 neque
406 1995 532 2027 tempore
547 1990 704 2018 festivitatis
724 1998 738 2017 a
758 1991 833 2018 caede
847 1990 997 2024 abstinent,

193 2037 241 2065 sed
261 2037 367 2065 caedem
390 2036 568 2063 committere
588 2035 754 2067 consultant,
770 2039 799 2062 et
816 2034 999 2062 ascenderunt

195 2085 225 2110 ut
247 2081 466 2116 puriﬁcarentur.
483 2079 535 2113 Qui
559 2083 705 2114 peccarant
720 2079 760 2105 vel
771 2083 879 2113 sponte,
902 2079 943 2106 vel
957 2079 999 2106 in-

194 2125 254 2159 viti,
269 2133 325 2152 non
333 2124 448 2160 agebant
459 2123 574 2156 Pascha,
591 2123 644 2150 nisi
660 2122 736 2158 prius
750 2123 884 2158 puriﬁcati
896 2127 997 2157 essent,

1055 1587 1133 1624 ὑμῖν,
1147 1586 1187 1614 ὅτι
1204 1587 1232 1615 οὖ
1249 1586 1286 1624 μὴ
1303 1586 1365 1626 ἔλθῃ
1384 1588 1419 1620 εἷς
1433 1587 1482 1622 τὴν
1507 1586 1614 1626 ἑορτήν,
1637 1586 1806 1616 Δεδώκεισαν
1825 1588 1855 1617 δὲ

1054 1631 1078 1659 οἱ
1094 1631 1226 1670 ἀρχιερεῖς
1249 1631 1294 1660 καὶ
1314 1632 1337 1660 οἳ
1363 1632 1511 1670 Φαρισαῖοι
1528 1630 1648 1667 ἐντολὴν,
1678 1630 1722 1661 ἵνα
1745 1631 1791 1661 ἐάν
1813 1645 1856 1667 τις

1054 1676 1107 1715 γνῷ
1122 1678 1174 1705 ποῦ
1191 1676 1266 1713 ἐστι,
1284 1675 1403 1716 μηνύσῃ,
1418 1674 1488 1708 ὅπως
1502 1675 1635 1705 πιάσωσιν
1653 1676 1747 1708 αὐτόν,
1770 1689 1782 1702 ι
1806 1678 1858 1712 Εἷς

1054 1719 1208 1760 κατάκριμα
1225 1721 1277 1748 τῶν
1294 1720 1426 1750 Ἰουδαίων
1446 1721 1579 1759 ἀναχωρεῖ
1594 1722 1608 1748 ὃ
1629 1719 1735 1760 Κύριος,
1753 1721 1781 1750 οὖ
1796 1722 1856 1750 δει-

1054 1765 1134 1802 λιῶν,
1159 1764 1217 1802 ἅμα
1243 1764 1270 1793 δὲ
1297 1764 1343 1794 καὶ
1364 1767 1435 1802 ἡμᾶς
1461 1764 1592 1794 διδάσκων
1618 1765 1656 1802 μὴ
1681 1766 1853 1806 ἐᾲπιρῤίπτειν

1055 1809 1162 1843 ἑαυτοὺς
1178 1810 1214 1842 εἷς
1228 1809 1372 1846 κινδύνους,
1390 1809 1440 1838 κᾶν
1453 1809 1519 1849 ὑπὲρ
1535 1808 1671 1842 εὐσεϐείας
1685 1804 1749 1839 ὦσιν
1760 1832 1768 1846 ,
1781 1811 1856 1840 ἀλλὰ

1054 1853 1343 1892 καταλαμϐανομένους
1367 1853 1413 1892 μὲν
1436 1853 1561 1882 ἵστασθαι
1585 1853 1727 1892 γενναίως,
1746 1854 1783 1892 μὴ
1800 1867 1855 1884 κα-

1053 1898 1232 1938 ταληφθέντας
1248 1897 1291 1935 δὲ,
1318 1900 1354 1932 εἰς
1381 1898 1529 1928 ἐθελούσιον
1553 1898 1670 1928 κίνδυνον
1698 1898 1736 1936 μὴ
1762 1911 1855 1939 παρα-

1055 1944 1209 1978 ϐάλλεσθαι,
1228 1942 1271 1972 διὰ
1287 1942 1317 1971 τὸ
1330 1939 1380 1977 ¹τῆς
1395 1942 1530 1976 ἐκϐάσεως
1545 1942 1653 1979 ἄδηλον.
1668 1941 1743 1982 νΟρα
1759 1942 1787 1972 δὲ
1803 1944 1855 1980 τὴν

1055 1986 1164 2023 ἀνόητον
1186 1986 1295 2026 γνώμην
1313 1988 1365 2016 τῶν
1382 1986 1528 2023 Ἰουδαίων,
1543 1987 1613 2020 ὅπως
1638 1987 1693 2016 οὔδ’
1710 1988 1736 2016 ἐν
1752 1989 1790 2027 τῷ
1805 1990 1856 2024 τῆς

1054 2032 1145 2069 ἑορτῆς
1170 2033 1255 2071 καιρῷ
1283 2032 1329 2067 τῆς
1352 2031 1503 2071 μιαιφονίας
1533 2031 1685 2071 ἀπείχοντο,
1712 2032 1782 2061 ἀλλὰ
1805 2034 1855 2062 καὶ

1054 2075 1130 2115 φόνον
1154 2074 1345 2104 ἐϐουλεύσαντο
1363 2076 1474 2115 δρᾶσαι,
1491 2075 1537 2105 καὶ
1558 2075 1697 2105 ἀνέϐαινον
1722 2076 1855 2115 ἆγνισθη-

1053 2119 1170 2157 σόμενοι.
1187 2121 1222 2149 Οἱ
1237 2118 1289 2159 γὰρ
1305 2121 1488 2160 ἡμαρτηκότες
1504 2120 1521 2156 ἢ
1544 2120 1668 2157 ἑκούσια,
1716 2121 1831 2151 ἀκούσια
1842 2145 1853 2162 ,

189 2170 268 2207 juxta
285 2168 524 2202 consuetudinem,
548 2168 596 2195 loti
613 2172 639 2195 et
657 2167 825 2203 jejuuanles,
841 2172 868 2195 et
883 2168 947 2201 rasi,
968 2172 994 2196 et

1069 2164 1099 2193 ὖκ
1125 2163 1227 2193 ἐτέλουν
1246 2164 1277 2193 τὸ
1295 2164 1407 2203 Πάσχα,
1424 2166 1447 2193 εἰ
1471 2163 1508 2203 μὴ
1533 2165 1660 2204 πρότερον
1684 2165 1853 2204 ἡγνίσθησαν

192 2214 325 2250 deputata
346 2213 476 2249 quaedam
498 2212 633 2241 sacriﬁcia
661 2211 820 2240 offerentes.
847 2212 889 2240 llli
915 2213 997 2248 igitur

192 2259 291 2294 optimi
305 2257 506 2286 insidiabantur
526 2257 660 2289 Domino,
683 2261 712 2284 et
723 2256 851 2284 dicebant
868 2266 874 2284 :
894 2266 909 2283 ιι
924 2257 996 2293 Quid

192 2303 301 2331 videtur
310 2302 387 2330 vobis
399 2302 473 2338 quod
483 2309 540 2329 non
552 2302 641 2329 veniat
653 2301 687 2329 ad
701 2300 802 2330 festum
814 2303 825 2329 Ξ⁸
842 2313 854 2326 ν
868 2303 929 2329 Hoc
943 2306 994 2336 est,

193 2347 352 2376 Necessario
367 2346 454 2375 aderit
479 2357 485 2375 :
501 2351 528 2374 et
553 2346 575 2374 si
598 2346 665 2374 nihil
681 2346 765 2380 aliud,
781 2350 890 2382 tempus
912 2346 996 2383 deget

192 2392 271 2420 illum
287 2392 438 2428 illaqueari.
457 2393 480 2420 Ο
492 2391 625 2419 malitiam
641 2393 647 2418 !
665 2391 735 2419 Cum
751 2391 841 2427 magis
851 2392 996 2427 oportebat

192 2436 393 2465 condemnatos
419 2440 529 2472 propter
549 2435 726 2464 festivitatem
748 2436 898 2470 absolvere,
929 2440 995 2464 tunc

193 2481 298 2509 insonti
318 2481 490 2509 insidiantur.
521 2483 557 2509 Et
582 2481 604 2508 si
619 2481 732 2516 quidem
759 2481 856 2517 privati
870 2481 930 2509 haec
943 2481 993 2509 soli

195 2524 336 2559 fecissent,
356 2525 448 2554 visum
461 2525 559 2554 fuisset
581 2525 729 2561 imperitia:
755 2526 898 2554 dandum:
922 2534 995 2554 nunc

191 2574 284 2598 autem
299 2570 429 2598 Pharisaei
445 2570 604 2606 praecipiunt
626 2574 656 2597 ut
672 2570 806 2606 prodatur
823 2574 852 2598 et
871 2578 995 2605 compre-

191 2615 336 2644 hendatur.
359 2616 446 2642 Recte
470 2614 556 2650 igitur
575 2614 698 2642 abscedit
711 2614 745 2642 ab
767 2614 831 2642 illis.
849 2615 919 2642 Nam
934 2623 994 2642 ver—

191 2660 258 2688 bum
276 2659 325 2688 Dei
341 2659 417 2695 prius
431 2659 543 2695 quidem
559 2659 645 2686 libere
661 2659 822 2686 ambulabat
836 2659 863 2686 in
875 2658 991 2693 Judmis,

191 2712 255 2734 cum
271 2713 318 2741 per
330 2704 478 2741 prophetas
490 2703 700 2732 annuntiaretur
714 2714 721 2732 ;
740 2712 814 2732 nunc
828 2708 922 2732 autem
937 2712 993 2731 non

227 2786 246 2803 νι
261 2786 282 2803 θ’
296 2785 395 2814 Matth.
412 2793 500 2819 xxvt,
517 2788 561 2814 63.

225 2842 262 2873 (tl)
278 2841 311 2868 In
325 2840 392 2869 edit.
407 2841 470 2869 Lut.
487 2840 598 2868 interim
613 2842 638 2868 et
653 2848 700 2868 nos
717 2841 825 2868 docens.

1050 2207 1119 2238 κατὰ
1138 2207 1168 2238 τὸ
1185 2207 1256 2243 ἔθος,
1287 2208 1426 2246 λουόμενοί
1451 2221 1479 2238 τε
1507 2209 1552 2238 καὶ
1580 2209 1770 2246 νηστεύοντες,
1798 2212 1851 2240 καὶ

1052 2252 1218 2299 ξυρόμενοιζ.
1233 2253 1277 2283 καὶ
1304 2254 1395 2287 θυσίας
1420 2253 1493 2287 τινὰς
1520 2254 1710 2293 νενομισμένας
1734 2256 1855 2296 προσφέ-

1053 2310 1147 2338 ροντες.
1178 2298 1260 2328 Οὗτοι
1281 2298 1366 2328 τοίνυν
1390 2299 1414 2328 οἱ
1439 2298 1573 2338 βέλτιστοι
1597 2300 1620 2328 οἱ
1646 2298 1690 2328 τὸν
1716 2299 1851 2338 ἁγνισμὸν

1051 2343 1214 2381 ποιούμενοι,
1240 2343 1376 2384 ἐνήδρευον
1404 2342 1448 2372 τὸν
1472 2342 1588 2383 Κύριον,
1611 2343 1656 2372 καί
1680 2355 1758 2384 φασι¹
1777 2357 1789 2371 α
1814 2346 1853 2375 Τί

1051 2387 1168 2426 δοκεῖτε,
1183 2387 1223 2417 ὅτι
1237 2389 1266 2417 οὐ
1286 2387 1323 2427 μὴ
1345 2387 1408 2426 ἔλθῃ
1427 2388 1462 2421 εἷς
1477 2387 1524 2424 τὴν
1542 2388 1634 2428 ἑορτήν
1647 2399 1655 2425 ;
1675 2401 1688 2414 υ
1700 2388 1851 2426 τουτέστιν,

1051 2431 1097 2466 Ἐξ
1113 2431 1230 2471 ἀνάγκης
1250 2433 1376 2471 ἐμπεσεῖν
1396 2433 1502 2471 μέλλει·
1525 2434 1539 2462 ὁ
1563 2431 1614 2472 γὰρ
1630 2432 1737 2473 καιρὸς,
1760 2434 1783 2462 εἷ
1803 2434 1853 2463 καὶ

1051 2476 1133 2516 μηδὲν
1149 2477 1229 2513 ἄλλο,
1251 2477 1397 2516 ἀναγκάσει
1419 2477 1497 2506 αὐτὸν
1523 2478 1724 2517 παγιδευθῆναι.
1749 2476 1787 2507 Ὢ
1803 2480 1853 2514 τῆς

1050 2521 1188 2561 πονηρίαςῐ
1220 2521 1288 2551 Ὅτε
1323 2522 1424 2560 μᾶλλον
1449 2521 1495 2551 καὶ
1528 2520 1588 2554 τοὺς
1624 2522 1850 2562 ὁμολογουμένως

1050 2566 1224 2606 κατακρίτους
1240 2566 1293 2595 ἔδει
1311 2566 1434 2595 ἀπολύειν
1457 2566 1501 2595 διὰ
1523 2566 1570 2601 τὴν
1593 2566 1704 2605 ἑορτὴν,
1728 2566 1788 2596 τότε
1803 2567 1851 2597 τὸν

1051 2611 1167 2640 ἀναίτιον
1190 2610 1362 2650 ἐνεδρεύουσι.
1388 2611 1456 2641 Ἀλλ’
1479 2612 1501 2640 εἷ
1529 2611 1576 2650 μὲν
1597 2612 1621 2641 οἱ
1646 2612 1750 2640 ἰδιῶται
1771 2611 1852 2650 μόνοι

1050 2659 1134 2685 ταῦτα
1156 2656 1277 2694 ἐποίουν,
1304 2656 1389 2686 ἐδόκει
1415 2655 1446 2685 ἂν
1468 2655 1584 2694 ἀμαθίας
1605 2651 1672 2685 εἶναι
1696 2655 1727 2685 τὸ
1749 2656 1852 2691 πάοος·

1050 2702 1094 2730 νῦν
1113 2700 1139 2730 δὲ
1155 2702 1304 2740 Φαρισαῖοι
1319 2701 1503 2737 ἐντέλλονται,
1524 2699 1567 2730 ἵνα
1589 2703 1784 2741 καταμηνυοῇ,
1801 2703 1850 2732 καὶ

600 2784 622 2802 9³
636 2786 706 2813 Gen.
723 2793 786 2819 xu,
804 2787 815 2813 1
833 2793 912 2822 seqq.
950 2784 971 2802 ει
984 2787 1001 2814 [

1072 2793 1109 2820 u,
1126 2788 1136 2814 l
1154 2792 1230 2821 seqq.
1268 2784 1290 2802 ³⁸
1303 2787 1387 2814 Num.
1405 2793 1490 2820 xxtv,
1505 2789 1520 2814 3
1535 2792 1612 2822 seqq.
