1922 3077
75 172 126 199 H3

473 171 668 200 ENARRATIO
688 172 720 199 IN
739 171 954 200 EVANGELIUM
971 171 1119 199 JOANNIS.
1137 187 1170 191 —
1189 172 1263 200 CAP.
1284 172 1336 199 Xll.

1680 172 1731 200 H4

74 234 232 274 συλληφθῇ.
254 235 350 267 Καλῶς
376 229 421 263 οὖν
453 234 588 274 ἀναχωρεῖ
602 233 655 263 ἀπὸ
670 235 769 263 τούτων
785 236 800 264 ὁ
821 234 869 264 Κύ·

934 234 1018 268 ultra,
1040 234 1087 262 sed
1105 234 1212 262 secedit
1235 234 1264 262 in
1282 233 1471 267 solitudinem,
1488 235 1612 270 gentium
1635 235 1729 263 Eccle-

71 290 138 318 ριος.
182 277 218 308 Ὁ
235 278 287 318 γὰρ
305 278 388 318 Λόγος
399 281 444 308 τοῦ
469 279 540 308 Θεοῦ
559 279 686 319 πρότερον
704 279 753 317 μὲν
770 281 878 319 παρρη-

72 323 120 363 σία
137 323 294 362 περιεπάτει
312 325 339 352 ἐν
354 324 407 356 τοῖς
428 323 581 360 Ἰουδαίοις,
603 324 645 352 διὰ
662 325 714 353 τῶν
736 325 879 364 προφητῶν

73 368 339 407 χατοιγγελλόμενος’
368 371 412 396 ν’ὗν
428 367 455 396 δὲ
482 369 529 398 οὐχ
551 368 611 405 ἔτι,
638 368 696 398 ἀλλ’
712 369 878 408 ἀνεχώρησεν

71 415 111 445 εἰς
127 412 178 448 τὴν
195 413 293 453 ἔρημον
312 414 364 442 τῶν
391 414 470 442 ἐθνῶν
487 413 643 452 συναγωγὴν
669 414 728 453 περὶ
743 410 774 449 ἧς
799 414 877 453 εἴρη-

71 469 136 493 ται,
169 456 210 486 ὅτι
233 472 243 483 ιι
262 457 357 488 Πολλὰ
374 457 407 486 τὰ
423 457 503 487 τέκνα
530 460 576 493 τῆς
603 458 702 497 ἐρήμου
727 460 840 497 μᾶλλον,
860 459 876 495 ἢ

71 503 120 538 τῆς
147 502 260 542 ἐχούσης
274 502 318 532 τὸν
342 502 436 542 ἄνδρα.
456 516 468 528 ιι
485 502 581 541 Ἐγγῖις
598 503 625 532 δὲ
649 503 768 543 Ἐφραίμ
788 505 874 540 ἐστιν,

69 549 86 582 ἡ
104 547 206 587 ἔρημος
219 547 299 582 αὕτη.
341 546 461 586 Ἐφραὶμ
476 547 503 577 δὲ
520 547 625 586 λέγεται
641 561 652 573 υ
674 548 850 588 χαρποφορία.
864 563 876 575 ι

72 591 202 631 Ἀδελφὸς
219 591 247 620 δὲ
263 591 369 630 ὕστερος
395 588 484 628 οὗτος,
499 595 544 622 τοῦ
570 593 703 628 Μανασσῆ
725 592 875 632 πρεσϐυτέ-

73 647 121 674 ρου
137 636 228 669 ὄντος·
245 637 397 671 Μανασσῆς
419 637 446 666 δὲ
470 637 642 677 ἑρμηνεύεται
657 652 668 663 σι
685 637 737 666 ἀπὸ
757 638 846 673 λήθης.
863 652 874 664 ι

72 679 108 710 Ὁ
139 680 229 710 τοίνυν
249 679 385 709 Ἰουδαίων
408 680 470 714 λαὸς
489 681 666 720 πρεσϐύτερος
691 681 744 714 υίὸς
768 678 798 717 ἦν
828 685 874 711 τοῦ

70 727 145 754 Θεοῦ
163 725 187 763 (ζ
206 724 270 758 Υἱὸς
284 724 335 764 γάρ
352 736 417 763 μου,
430 726 511 766 φησὶ,
524 725 690 764 πρωτότοκος
704 725 814 765 Ἰσραὴλ
831 726 871 767 ιι),

70 769 157 805 λήθην
174 769 203 799 δὲ
220 771 299 799 αὐτοῦ
317 769 380 809 ἔσχε
396 770 478 802 Θεός·
489 770 534 798 τὸν
550 770 577 799 δὲ
593 769 725 810 Ἐφραὶμ,
741 771 872 810 τουτέστι,

71 813 120 849 τὴν
146 813 175 848 ἐξ
202 815 283 843 ἐθνῶν
307 814 502 854 χαρποφορίαν,
529 814 647 854 δεύτερον
678 821 791 846 ποιεῖται
813 817 868 846 υἱὸν
894 818 908 845 ὁ
934 817 1038 855 Κύριος.

935 279 1016 313 siam,
1039 279 1074 308 de
1094 287 1147 315 qua
1167 278 1273 307 dictum
1288 282 1331 306 est
1347 288 1354 305 :
1377 289 1391 303 α
1412 279 1472 306 Filii
1495 279 1609 307 desertae
1628 279 1729 315 plures,

934 332 1019 360 quam
1047 324 1105 360 ejus
1128 331 1191 359 quae
1215 323 1298 351 habet
1319 323 1409 351 virum
1433 322 1464 350 κ.
1492 334 1504 347 ιι
1532 324 1618 351 Porro
1642 331 1727 360 prope

934 369 1064 405 Epitraam
1090 372 1148 396 erat
1163 367 1284 396 solitudo
1297 367 1350 395 illa.
1373 368 1500 403 Ephrtem
1523 371 1614 395 autem
1629 367 1730 397 dicitur

935 423 947 439 α
965 413 1100 441 fertilitas.
1119 422 1132 439 io
1149 414 1244 441 Frater
1258 413 1301 440 hic
1312 412 1447 448 posterior
1458 416 1516 440 erat
1528 413 1668 447 Manasse,
1681 413 1729 448 qui

932 462 999 486 natu
1014 458 1103 494 major
1117 462 1182 486 erat.
1198 458 1324 485 Manasse
1338 465 1403 485 vero
1420 457 1617 492 interpretatur
1630 466 1643 481 (ι
1656 456 1730 484 obli—

932 503 986 530 vio.
1007 514 1021 527 ιο
1033 504 1126 538 itaque
1138 502 1300 530 Iudaeorum
1313 502 1430 538 populus
1443 505 1502 529 erat
1515 500 1586 529 ﬁlius
1603 501 1654 529 Dci
1669 509 1728 528 ma-

927 548 973 584 jor
991 552 1067 575 natu.
1086 557 1099 574 ((
1116 547 1199 576 Filius
1209 548 1283 575 enim
1298 555 1386 581 meus,
1406 546 1506 582 inquit,
1528 546 1730 582 primogenitus

930 592 1016 621 Israel
1030 599 1069 620 97.
1086 604 1099 616 ι
1125 592 1178 620 Sed
1201 592 1275 620 venit
1298 592 1325 619 in
1348 591 1513 619 oblivionem
1536 598 1631 618 coram
1657 592 1726 618 Deo.

930 637 1060 673 Ephraam
1083 641 1186 670 autem,
1211 636 1263 664 hoc
1283 640 1324 664 est
1346 635 1512 663 fertilitatem
1539 643 1571 662 ex
1600 635 1729 671 gentibus

927 681 1082 710 secundum
1097 681 1184 708 ﬁlium
1194 681 1259 708 facit
1271 681 1405 708 Dominus
1412 680 1445 708 ’⁸.
1456 681 1487 708 ιιι
1498 680 1637 708 desertum
1648 680 1728 715 igitur

929 727 1070 762 Ephrarm,
1093 726 1218 762 gentium
1233 725 1337 753 scilicet
1355 725 1505 752 Ecelesiam
1527 731 1576 760 per
1600 725 1729 759 Evange-

926 771 995 799 lium
1010 769 1184 807 frugiferam,
1198 770 1321 798 Verbum
1338 769 1414 803 exiit,
1428 768 1526 797 Judaza
1541 769 1682 797 derelicta.

1085 817 1130 849 Εἰς
1144 815 1192 851 τὴν
1208 816 1307 855 ἔρημον
1321 810 1365 844 οὖν
1382 814 1516 854 Ἐφραῒμ,
1537 813 1584 850 τὴν
1600 813 1626 848 ἐξ
1647 814 1727 843 ἐθνῶν

72 858 243 894 Ἐκκλησίαν
257 857 305 894 τὴν
321 860 567 899 καρποφορηθεῖσαν
583 859 625 889 διὰ
641 863 688 890 τοῦ
706 861 876 900 Εὗαγγελίου,
896 863 910 891 ὁ
929 861 1014 901 Λόγος
1029 860 1153 897 ἐξῆλθεν,
1169 860 1217 896 τὴν
1233 859 1362 890 Ἰουδαίαν
1378 858 1545 890 καταλιπών.

360 945 504 975 ΚΕΦΑΛ.
532 945 588 975 ΙΒ’.

73 1005 133 1036 Περὶ
163 1008 205 1035 τῆς
227 1005 360 1037 ἁλειψάσης
391 1006 433 1031 τὸν
456 1007 543 1038 Κύριον
566 1007 642 1039 μύρῳ.
665 1008 724 1039 Περί
749 1007 783 1032 ὧν
810 1008 876 1032 εἶπεν

106 1041 215 1069 Ἰούδας.
227 1042 287 1073 Περί
298 1044 341 1066 τοῦ
354 1042 457 1073 ὀναρίου.
469 1044 527 1074 Περὶ
539 1046 587 1067 τῶν
599 1043 720 1072 Ἑλλήνων
732 1044 875 1075 προσελθόν-

105 1086 172 1108 των,
190 1080 230 1102 καὶ
249 1079 392 1110 ἐρωτώντων
410 1080 451 1104 τὸν
471 1079 602 1104 Φίλιππον.
620 1081 677 1111 Περὶ
690 1082 733 1109 τῆς
751 1083 828 1111 φωνῆς
847 1081 874 1105 ἐκ

106 1116 151 1138 τοῦ
164 1114 267 1146 οὐρανοῦ
281 1115 450 1144 ἀκουσθείσης.

112 1185 125 1198 α
142 1171 179 1201 ⁸0
189 1169 233 1200 οὖν
244 1171 348 1207 Ἰησοῦς
359 1172 409 1213 πρὸ
420 1172 447 1207 ἒξ
459 1175 566 1213 ἡμερῶν
577 1177 622 1203 τοῦ
636 1173 736 1212 Πάσχα
747 1169 824 1209 ἦλθεν
836 1174 872 1206 εἷς

74 1215 226 1253 Βηθανίαν,
242 1215 308 1246 ὅπου
330 1213 362 1253 ἦν
376 1218 498 1257 Λάζαρος
513 1220 528 1247 ὁ
550 1217 695 1254 τεθνηκὼς,
715 1217 742 1247 ὃν
768 1218 871 1257 ἤγειρεν

72 1262 102 1290 ἐκ
117 1263 229 1300 νεκρῶν.
246 1261 395 1298 Ἐποίησαν
423 1258 467 1292 οὖν
492 1263 564 1303 αὐτῷ
589 1263 692 1292 δεῖπνον
707 1262 775 1292 ἐκεῖ·
792 1262 838 1292 καὶ
853 1264 870 1298 ἡ

72 1306 175 1346 Μάρθα
192 1306 322 1342 διηκόνει,
343 1309 357 1335 ὁ
376 1307 402 1335 δὲ
418 1308 539 1346 Λάζαρος
555 1303 590 1341 εἶς
604 1303 636 1343 ἦν
647 1309 698 1336 τῶν
714 1319 871 1336 συνανακει-

72 1350 162 1388 μένων
180 1351 260 1391 αὐτῷ.
304 1350 337 1381 Ἡ
354 1347 398 1381 οὖν
422 1351 516 1391 Μαρία
537 1351 657 1381 λαϐοῦσα
672 1352 764 1391 λίτραν
786 1352 871 1391 μύρου

69 1394 169 1435 νάρδου
193 1397 320 1431 πιστικῆς
342 1397 497 1434 πολιτίμου,
526 1397 619 1436 ἤλειψε
640 1396 700 1430 τοὺς
719 1396 802 1429 πόδας
826 1399 871 1426 τοῦ

71 1439 178 1475 Ἰησοῦ,
201 1441 248 1469 καὶ
277 1439 384 1479 ἐξέμαξε
408 1441 466 1474 ταῖς
491 1441 571 1480 θριξὶν
598 1443 678 1476 αὐτῆς
701 1440 760 1474 τοὺς
788 1440 871 1475 πόδας

69 1484 163 1514 αὐτοῦ.
208 1483 242 1512 Ἣ
266 1483 293 1513 δὲ
318 1486 388 1514 οίχία
417 1486 559 1524 ἐπληρώθη
591 1487 620 1515 ἐκ
641 1487 688 1521 τῆς
716 1486 801 1524 ὀσμῆς
824 1488 871 1515 τοῦ

69 1529 167 1569 μύρου.
184 1543 197 1555 n
275 1529 373 1569 δεκάτῃ
388 1533 433 1560 τοῦ
450 1530 532 1569 μηνὸς
550 1530 720 1570 λαμϐάνουσι
741 1531 770 1559 τὸ
785 1531 812 1559 lv

889 947 913 979 Β

1208 945 1336 975 CAPUT
1358 945 1448 974 XVII.

930 1012 964 1034 De
979 1012 1079 1033 muliere
1093 1013 1163 1038 pedes
1177 1011 1266 1034 Christi
1280 1014 1389 1037 ungenle.
1403 1011 1437 1033 De
1452 1011 1480 1032 iis
1494 1016 1546 1038 qum
1560 1010 1640 1032 ludas
1655 1010 1727 1031 dixit.

957 1049 990 1069 De
1006 1048 1072 1073 pullo
1085 1049 1167 1070 astute.
1185 1048 1217 1068 De
1235 1048 1323 1069 Gratis
1335 1047 1475 1068 ruleunlibua
1489 1049 1510 1068 et
1525 1045 1727 1072 interrogantibus

956 1083 1102 1110 Philippum.
1116 1084 1151 1105 De
1166 1088 1219 1105 vace
1232 1089 1245 1104 ε
1257 1083 1315 1104 calo
1328 1083 1419 1104 audita.

962 1178 1055 1206 Vsus.
1080 1180 1134 1206 1-3.
1150 1189 1162 1201 «ι
1185 1178 1267 1205 Jesus
1289 1185 1355 1213 ergo
1380 1182 1443 1205 ante
1462 1184 1508 1204 sex
1528 1176 1587 1205 dies
1609 1176 1725 1206 Pascha;

927 1222 1001 1250 venit
1011 1223 1187 1256 Bethaniam,
1196 1222 1244 1251 ubi
1256 1223 1376 1250 Lazarus
1388 1222 1475 1250 fuerat
1485 1226 1623 1256 mortuus,
1638 1221 1725 1257 669

926 1274 1010 1303 quem
1025 1267 1167 1295 suscitavit
1183 1275 1198 1295 a
1219 1267 1348 1295 mortuis.
1365 1267 1500 1294 Fecerunt
1514 1270 1606 1294 autem
1625 1266 1648 1293 ei
1665 1274 1724 1294 coe-

926 1319 992 1340 nam
1005 1311 1052 1346 ibi,
1066 1316 1093 1340 et
1110 1312 1218 1340 Martha
1238 1312 1419 1347 ministrabat,
1434 1312 1556 1339 Lazarus
1571 1319 1634 1339 vero
1652 1319 1726 1339 unus

926 1361 985 1384 erat
1000 1356 1034 1384 de
1049 1365 1166 1385 numero
1176 1356 1412 1384 discumbentium
1423 1364 1486 1384 cum
1502 1363 1542 1384 eo.
1558 1356 1645 1383 Maria
1657 1363 1724 1392 ergo

926 1401 1032 1437 accepit
1048 1401 1146 1429 libram
1161 1402 1293 1438 unguenti
1319 1401 1397 1429 nardi
1412 1401 1516 1436 pistica:
1535 1400 1674 1436 pretiosae,
1697 1404 1725 1428 ct

926 1446 1005 1474 unxit
1019 1445 1101 1482 pedes
1117 1447 1193 1479 Jesu,
1210 1451 1237 1474 et
1250 1446 1361 1474 extersit
1373 1445 1454 1481 pedes
1469 1445 1526 1480 ejus
1537 1445 1640 1480 capillis
1654 1444 1722 1473 suis.

927 1492 1033 1518 Domus
1058 1494 1150 1519 autem
1175 1491 1287 1527 impleta
1310 1494 1352 1518 est
1372 1498 1404 1518 ex
1426 1489 1511 1517 odore
1538 1489 1679 1525 unguenti.
1709 1500 1721 1514 ι

927 1535 1039 1563 Decima
1070 1535 1183 1572 quidem
1222 1534 1322 1562 mensis
1350 1535 1490 1570 accipiunt
1518 1542 1598 1562 ovem
1621 1534 1723 1562 immo-

67 1576 114 1603 τοῦ
141 1573 246 1614 Πάσχα
263 1575 341 1614 ἑορτῇ
361 1574 539 1613 τυθησόμενον
564 1575 713 1615 πρόϐατον,
731 1574 820 1604 ἔκτοτε
843 1575 869 1604 δὲ

929 1579 1035 1607 landam
1061 1580 1090 1607 in
1107 1580 1208 1607 Pascha
1233 1579 1266 1614 θ’,
1281 1583 1309 1607 et
1329 1587 1361 1607 ex
1378 1587 1412 1607 eo
1435 1583 1559 1614 tempore
1582 1578 1724 1614 requirere

68 1619 120 1648 τῶν
137 1618 206 1658 πρὸς
229 1618 276 1653 τὴν
302 1618 395 1658 ἑορτὴν
416 1619 572 1656 ἐπιτηδείων
599 1621 738 1660 ἄρχονται.
759 1619 871 1658 ’Λμέλει

68 1662 114 1692 καὶ
196 1662 247 1702 πρὸ
265 1662 293 1698 ἓξ
317 1665 441 1704 ἡμερῶν,
466 1664 483 1700 ἥ
509 1665 566 1694 ἐστι
593 1665 686 1701 ἒννάτη
710 1667 755 1693 τοῦ
771 1664 868 1702 μηνὸς,

70 1707 216 1747 ἁϐρότερον
241 1709 396 1744 ἑστιῶνται,
423 1709 469 1738 καὶ
485 1709 612 1748 προοίμια
639 1711 685 1745 τῆς
713 1710 806 1748 ἑορτῆς
822 1708 869 1744 τὴν

68 1752 173 1792 ἡμέραν
209 1752 309 1788 ταύτην
336 1756 482 1784 ποιοῦνται.
516 1754 564 1784 Διὸ
593 1753 639 1783 χαὶ
674 1753 777 1789 Ἰησοῦς
806 1765 870 1782 συν-

68 1802 208 1834 εστιᾶται,
220 1798 256 1830 εἰς
270 1797 404 1833 Βηθανίαν
419 1798 510 1827 ἐλθών.
527 1798 617 1833 Δεῖξαι
631 1797 658 1827 δὲ
671 1798 753 1828 θέλων
766 1799 781 1827 ὁ
792 1799 870 1837 εὐαγ-

68 1841 194 1880 γελιστὴς
213 1843 259 1877 τῆς
275 1844 388 1878 ἀληθοῦς
413 1843 584 1876 ἀναστάσεως
606 1845 653 1872 τοῦ
677 1843 801 1881 Λαζάρου
817 1854 868 1879 ση-

69 1888 158 1925 μεῖον,
174 1886 267 1926 φησίν·
294 1901 305 1913 ι
328 1885 364 1917 c0
389 1887 416 1916 δὲ
445 1887 567 1927 Λάζαρος
588 1883 623 1921 εἷς
640 1883 672 1923 ἦν
689 1888 740 1915 τῶν
758 1898 870 1916 συνανα-

69 1931 212 1970 κειμένων.
233 1945 246 1958 ι
287 1932 329 1961 Οὐ
356 1931 408 1972 γὰρ
424 1933 512 1970 φανεὶς
538 1932 612 1966 εὐθὺς
636 1932 781 1968 ἀπέθανεν,
809 1933 868 1961 ἀλλ’

69 1975 172 2013 ἔμεινεν
192 1976 236 2005 ἐπὶ
256 1976 338 2005 πολὺν
357 1978 447 2016 καιρὸν
472 1977 562 2006 ἐσθίων
586 1977 632 2006 καὶ
653 1977 749 2013 πίνων,
771 1976 816 2006 καὶ
835 1976 869 2005 τὰ

70 2021 138 2049 ἄλλα
154 2020 190 2049 τὰ
200 2021 300 2057 συνήθη
317 2021 453 2050 διατελῶν.
469 2021 520 2051 Διὰ
537 2021 562 2050 δὲ
576 2024 622 2051 τοῦ
639 2022 738 2057 εἰπεῖν,
754 2020 794 2050 ὅτι
810 2035 821 2047 ιι
834 2020 868 2051 ἹΙ

70 2065 171 2104 Μάρθα
190 2065 320 2106 διηκόνει,
346 2080 357 2091 υ
376 2066 509 2104 ἐσήμανεν
524 2066 565 2095 ὅτι
581 2068 606 2096 ἐν
623 2066 745 2106 τῇξοὺιίᾳ
759 2067 839 2101 αὐτῆς
851 2068 868 2102 ἡ

70 2110 188 2142 ἑστίασις
203 2105 244 2145 ἧν.
265 2109 339 2150 ⁶ορα
364 2110 391 2139 δέ
411 2122 455 2149 μοι
479 2110 528 2146 τὴν
550 2110 639 2140 πίστιν
657 2113 704 2146 τῆς
729 2111 867 2149 γυναικὸς,

70 2155 124 2187 πῶς
150 2155 180 2184 οὗ
204 2155 386 2194 θεραπαινίσιν
414 2155 548 2195 ἐπιτρέπει
572 2154 619 2191 τὴν
636 2155 786 2190 διακονίαν,
811 2154 868 2184 ἀλλ’

72 2198 136 2234 αὕτη
149 2198 183 2228 δι’
198 2200 293 2234 ἑαυτῆς
305 2198 406 2235 ταύτην
418 2202 543 2229 ποιεῖται.
587 2200 641 2229 Καὶ
656 2202 670 2229 ὁ
683 2200 787 2233 Παῦλος
798 2198 869 2238 λέγει

71 2243 130 2283 περὶ
145 2243 270 2283 γυναικὸς
284 2244 387 2284 χήρας,
402 2244 420 2280 ἣ
436 2244 519 2284 ἁγίων
533 2244 616 2277 πόδας
643 2244 738 2284 ἔνιψεν·
756 2258 767 2270 α
794 2245 868 2280 Λῧτη

71 2288 117 2325 μὲν
141 2285 187 2317 οὖν
204 2290 279 2328 κοινῇ
300 2293 367 2317 πᾶσι
391 2289 516 2318 διακονεῖ·
534 2300 548 2317 ι
578 2291 595 2324 ἡ
611 2288 638 2318 δὲ
663 2289 756 2328 Μαρία
773 2289 808 2321 εἰς
826 2288 870 2317 τὸν

73 2332 188 2371 Χριστὸν
214 2333 293 2370 μόνον
311 2333 462 2374 περιίστησι
477 2333 525 2369 τὴν
539 2333 637 2372 τιμὴν,
663 2332 754 2369 ἐπειδὴ
772 2335 822 2373 οὐχ
836 2335 871 2366 ὡς

72 2376 204 2417 ἀνθρώπῳ
230 2377 357 2417 προσέχει
379 2377 478 2418 τούτῳ,
505 2379 566 2407 ἀλλ’
593 2379 628 2412 ὡς
656 2380 728 2418 Θεῷ.
757 2378 798 2407 Τὸ
818 2378 869 2416 γὰρ

72 2421 152 2460 μύρον
178 2422 223 2451 διὰ
245 2425 322 2451 τοῦτο
346 2421 449 2461 ἐξέχεε,
467 2422 511 2450 χαὶ
525 2427 586 2456 ταῖς
606 2423 673 2463 θριξὶ
689 2425 737 2458 τῆς
753 2424 869 2461 κεφαλῆς

71 2466 211 2503 ἐξέμαξεν,
237 2467 285 2496 οὖκ
308 2466 407 2506 ἔχουσα
431 2466 556 2503 τοιαύτην
575 2469 637 2506 περὶ
663 2468 743 2496 αὐτοῦ
765 2467 868 2502 ὑπόλη-

73 2512 128 2550 ψιν,
146 2510 206 2540 οἵαν
234 2512 258 2540 οἱ
275 2511 370 2541 πολλοὶ
393 2513 427 2544 ὥς
453 2511 515 2551 περὶ
529 2513 619 2550 ςψιλοῦ
646 2511 792 2551 ἀνθρώπου,
810 2511 869 2540 ἀλλ’

73 2557 106 2588 ὡς
130 2555 271 2585 Δεσπότου
291 2555 337 2585 χαὶ
363 2555 473 2595 Κυρίου.
497 2556 617 2597 Ληφθείη
640 2557 663 2585 δ’
685 2557 748 2591 ἆνή
775 2555 869 2595 Μαρία

71 2600 175 2639 τρόποις
199 2601 340 2638 ἀναγωγῆς
365 2601 401 2633 εἰς
417 2600 464 2635 τὴν
487 2601 598 2636 Θεότητα
624 2603 668 2630 τοῦ
696 2601 802 2640 Πατρὸς
824 2599 869 2630 χαὶ

74 2645 172 2684 Κυρίου
191 2645 312 2674 πάντων
335 2645 427 2684 Μαρία
444 2645 496 2684 γὰρ
519 2659 531 2671 ιι
552 2645 628 2684 κυρία
645 2659 656 2671 υ
682 2644 867 2684 ἑρμηνεύεται.

74 2688 108 2720 Ἦ
134 2689 221 2719 τοίνυν
247 2690 328 2729 κυρία
349 2689 456 2719 πάντων
474 2690 565 2726 θεότης
588 2692 632 2719 τοῦ
651 2691 756 2730 Πατρὸς
779 2690 870 2730 ἔχρισε

73 2734 130 2768 τοὺς
155 2734 240 2768 πόδας
262 2737 310 2764 τοῦ
332 2734 439 2773 Ἰησοῦ,
455 2734 503 2771 τὴν
518 2734 560 2764 ἐπ’
577 2735 698 2775 ἐσχάτων
714 2734 799 2775 σάρχα
823 2736 869 2764 τοῦ

883 2231 908 2262 D

924 1623 1057 1660 incipiunt
1085 1632 1147 1660 qua:
1167 1624 1322 1652 necessaria
1343 1623 1378 1652 ad
1405 1623 1516 1652 festum.
1545 1624 1670 1658 Denique
1697 1626 1724 1650 et

924 1676 1001 1696 cmna
1018 1677 1080 1705 qua:
1094 1674 1158 1696 ante
1173 1677 1217 1696 sex
1232 1669 1300 1703 dies,
1315 1676 1377 1704 quae
1395 1672 1437 1696 est
1449 1675 1520 1695 nona
1534 1668 1648 1700 mensis,
1664 1667 1724 1695 lau-

922 1713 976 1741 tius
990 1714 1144 1748 epulantur,
1162 1718 1190 1741 et
1213 1713 1287 1741 initia
1302 1712 1454 1741 festivitatis
1477 1713 1524 1740 illo
1546 1712 1589 1740 die
1607 1712 1721 1740 faciunt.

926 1757 990 1785 Ideo
1004 1763 1032 1785 et
1045 1759 1125 1786 Jesus
1141 1758 1224 1786 simul
1239 1757 1357 1786 cmnavit
1371 1758 1399 1784 in
1417 1757 1579 1785 Bethaniam
1600 1757 1721 1784 veniens.

924 1802 1075 1830 Ostendere
1098 1806 1191 1830 autem
1216 1803 1310 1830 volens
1334 1801 1498 1838 evangelista
1529 1809 1600 1828 verae
1627 1809 1721 1829 resur-

924 1846 1054 1874 rectionis
1076 1847 1172 1874 Lazari
1197 1847 1315 1881 signum,
1339 1846 1406 1874 dicit
1429 1855 1435 1872 :
1462 1855 1477 1872 ιι
1491 1847 1614 1873 Lazarus
1629 1849 1721 1873 autem

924 1898 996 1918 unus
1017 1895 1076 1918 erat
1095 1890 1326 1918 recumbentium.
1342 1901 1355 1914 π
1371 1892 1433 1918 Non
1446 1889 1520 1916 enim
1541 1893 1571 1916 ut
1585 1890 1721 1924 apparuit,

924 1935 1019 1963 statim
1028 1940 1154 1963 mortuus
1165 1939 1217 1970 est,
1229 1934 1276 1962 sed
1290 1935 1391 1962 mansit
1399 1934 1486 1961 multo
1495 1938 1630 1969 tempore,
1641 1933 1721 1961 solita

924 1979 1035 2014 faciens,
1050 1979 1201 2008 comedens
1220 1987 1251 2007 ac
1268 1979 1374 2012 bibens,
1388 1983 1470 2014 atque
1490 1978 1540 2006 alia
1560 1985 1654 2013 agens.
1671 1977 1722 2005 Di-

923 2024 1011 2052 cendo
1032 2029 1124 2052 autem
1139 2024 1211 2060 quod
1229 2034 1242 2050 «
1265 2024 1370 2051 Martha
1393 2023 1569 2055 ministravit,
1587 2034 1599 2046 ι
1616 2021 1721 2058 signiﬁ-

923 2069 993 2097 cavit
1005 2069 1079 2105 quod
1095 2069 1122 2096 in
1133 2069 1217 2097 domo
1228 2069 1287 2105 ejus
1296 2077 1374 2096 coena
1389 2067 1483 2096 fuerit.
1495 2068 1618 2096 Observa
1628 2071 1721 2094 autem

924 2113 1006 2142 ﬁdem
1032 2114 1165 2147 mulieris,
1196 2113 1337 2149 quomodo
1363 2121 1419 2140 non
1442 2112 1597 2148 permiserit
1618 2111 1723 2140 ancillis

924 2159 1120 2192 ministerium,
1135 2158 1183 2186 sed
1199 2167 1246 2194 per
1262 2159 1380 2194 seipsam
1401 2157 1550 2185 ministret.
1567 2158 1603 2184 Et
1622 2157 1722 2184 Paulus

922 2202 957 2231 de
972 2203 1086 2231 muliere
1104 2203 1184 2231 vidua
1199 2203 1275 2236 dicit,
1296 2210 1357 2239 quae
1370 2206 1529 2230 sanctorum
1547 2201 1630 2237 pedes
1645 2201 1720 2229 lava-

924 2251 988 2276 ret:
1013 2260 1024 2272 ι
1042 2248 1128 2284 Igitur
1156 2248 1213 2283 ipsa
1237 2247 1365 2275 omnibus
1388 2246 1523 2274 ministrat
1544 2246 1551 2263 ¹
1568 2256 1575 2274 :
1593 2257 1606 2270 ιι
1632 2245 1721 2273 Maria

924 2297 1018 2320 autem
1029 2293 1081 2320 soli
1093 2292 1202 2321 Christo
1212 2292 1347 2319 honorem
1363 2291 1505 2327 impendit,
1517 2290 1646 2327 quoniam
1657 2298 1721 2318 eum

924 2345 979 2365 non
994 2337 1141 2367 accedebat
1153 2341 1182 2364 ut
1199 2337 1350 2369 hominem,
1367 2337 1415 2364 sed
1430 2341 1460 2364 ut
1475 2339 1572 2364 Deum.
1589 2337 1657 2364 Nam
1670 2343 1720 2363 un.

924 2387 1056 2418 guentum
1068 2387 1211 2418 propterea
1230 2381 1338 2415 effudit,
1353 2385 1381 2409 et
1399 2381 1501 2417 capillis
1517 2381 1614 2416 capitis
1632 2381 1720 2415 tersit,

923 2427 998 2463 quod
1012 2435 1068 2455 non
1081 2427 1195 2455 haberet
1209 2426 1365 2462 opinionem
1380 2426 1414 2454 de
1434 2426 1489 2458 illo,
1504 2426 1613 2461 qualem
1629 2426 1720 2460 multi,

923 2476 1054 2507 tanquam
1075 2472 1109 2499 de
1129 2479 1198 2507 puro
1220 2471 1342 2504 homine,
1362 2470 1410 2498 sed
1424 2474 1455 2497 ut
1475 2470 1595 2498 Domino
1609 2474 1636 2497 et
1652 2472 1720 2497 Deo.

923 2516 1079 2544 Assumitur
1105 2520 1196 2543 autem
1221 2516 1307 2542 Maria
1333 2516 1360 2542 in
1387 2515 1534 2550 anagngica
1555 2514 1723 2550 expositione

923 2560 956 2588 ad
971 2561 1100 2588 deitatem
1117 2561 1206 2588 Patris
1221 2564 1247 2587 et
1263 2560 1374 2587 Domini
1395 2559 1531 2592 omnium,
1546 2560 1631 2586 Maria
1646 2559 1722 2586 enim

925 2616 938 2629 «ι
958 2605 1073 2632 domina
1089 2615 1102 2630 »
1124 2605 1330 2640 interpretatur.
1347 2604 1432 2640 .lgitur
1457 2604 1577 2631 Domina
1594 2602 1720 2630 omnium

924 2649 1012 2678 deitas
1028 2649 1114 2677 Patris
1132 2649 1213 2676 unxit
1229 2649 1310 2685 pedes
1330 2649 1407 2682 Jesu,
1430 2656 1541 2676 caruem
1561 2647 1622 2675 dico
1640 2645 1721 2674 Verbi

924 2702 985 2730 qua:
1001 2694 1027 2721 in
1038 2693 1203 2727 novissimis,
1217 2697 1357 2729 unguento
1370 2693 1498 2728 Spiritus,
1509 2693 1580 2719 sicut
1592 2694 1620 2718 et
1636 2688 1722 2717 David

923 2739 988 2767 dicit
1006 2749 1013 2768 :
1041 2750 1054 2762 ι
1076 2740 1223 2774 Propterea
1240 2737 1322 2766 unxit
1336 2741 1362 2765 te
1386 2739 1470 2770 Deus,
1487 2738 1560 2764 Deus
1582 2738 1648 2762 tuus
1662 2735 1723 2762 oleo

107 2828 192 2858 9“15a.
209 2836 274 2862 LIV,
286 2831 310 2856 1.
348 2828 370 2845 ’⁷
382 2828 468 2858 Exod.
480 2836 524 2864 tv,
539 2831 583 2858 22.
620 2828 644 2848 ⁸⁸
657 2830 860 2864 Jerem.xxxl,

932 2837 1009 2865 seqq.
1046 2828 1069 2845 ’ν
1082 2827 1166 2856 Exod.
1182 2835 1238 2862 xu,
1251 2830 1276 2855 3.
1315 2827 1324 2844 ¹
1341 2828 1351 2854 l
1367 2825 1439 2854 Tim.
1455 2833 1481 2860 ν,
1499 2827 1541 2853 16.
